  <div class='ocr_page' id='page_1' title='image "/cluster/home/n/w/nwhite01/storage/ocr_20150623/107/coo.31924054870112/509.png"; bbox 0 0 4090 6444; ppageno 0'>
   <div class='ocr_carea' id='block_1_1' title="bbox 426 373 528 436">
    <p class='ocr_par' dir='ltr' id='par_1_1' title="bbox 426 373 528 436">
     <span class='ocr_line' id='line_1_1' title="bbox 426 373 528 436; baseline -0.029 0"><span class='ocrx_word' id='word_1_1' title='bbox 426 373 528 436; x_wconf 67' lang='lat'><strong>927</strong></span> 
     </span>
    </p>
   </div>
   <div class='ocr_carea' id='block_1_2' title="bbox 1698 318 2459 419">
    <p class='ocr_par' dir='ltr' id='par_1_2' title="bbox 1698 318 2459 419">
     <span class='ocr_line' id='line_1_2' title="bbox 1698 318 2459 419; baseline -0.003 -3"><span class='ocrx_word' id='word_1_2' title='bbox 1698 356 1972 419; x_wconf 78' lang='lat' dir='ltr'><strong>LEONIS</strong></span> <span class='ocrx_word' id='word_1_3' title='bbox 2002 318 2459 417; x_wconf 40' lang='lat' dir='ltr'><strong>PHILoso&#39;rnI</strong></span> 
     </span>
    </p>
   </div>
   <div class='ocr_carea' id='block_1_3' title="bbox 3584 356 3686 420">
    <p class='ocr_par' dir='ltr' id='par_1_3' title="bbox 3584 356 3686 420">
     <span class='ocr_line' id='line_1_3' title="bbox 3584 356 3686 420; baseline 0.01 -1"><span class='ocrx_word' id='word_1_4' title='bbox 3584 356 3686 420; x_wconf 72' lang='lat'><strong>923</strong></span> 
     </span>
    </p>
   </div>
   <div class='ocr_carea' id='block_1_4' title="bbox 499 463 2014 556">
    <p class='ocr_par' dir='ltr' id='par_1_4' title="bbox 499 477 2004 556">
     <span class='ocr_line' id='line_1_4' title="bbox 499 477 2004 556; baseline -0.013 -10"><span class='ocrx_word' id='word_1_5' title='bbox 499 491 592 546; x_wconf 82' lang='grc'><strong>55.</strong></span> <span class='ocrx_word' id='word_1_6' title='bbox 638 487 762 543; x_wconf 76' lang='lat' dir='ltr'><strong>llznc</strong></span> <span class='ocrx_word' id='word_1_7' title='bbox 792 502 821 541; x_wconf 92' lang='lat' dir='ltr'><strong>a</strong></span> <span class='ocrx_word' id='word_1_8' title='bbox 855 483 1129 556; x_wconf 77' lang='lat' dir='ltr'><strong>principio</strong></span> <span class='ocrx_word' id='word_1_9' title='bbox 1159 480 1204 535; x_wconf 88' lang='lat' dir='ltr'><strong>si</strong></span> <span class='ocrx_word' id='word_1_10' title='bbox 1232 479 1383 543; x_wconf 87' lang='lat' dir='ltr'><strong>fiant,</strong></span> <span class='ocrx_word' id='word_1_11' title='bbox 1430 487 1514 539; x_wconf 89' lang='lat' dir='ltr'><strong>tu,</strong></span> <span class='ocrx_word' id='word_1_12' title='bbox 1553 477 1877 545; x_wconf 72' lang='lat' dir='ltr'><strong>imperator,</strong></span> <span class='ocrx_word' id='word_1_13' title='bbox 1910 482 2004 528; x_wconf 89' lang='lat' dir='ltr'><strong>aut</strong></span> 
     </span>
    </p>
   </div>
   <div class='ocr_carea' id='block_1_5' title="bbox 2118 463 3688 556">
    <p class='ocr_par' dir='ltr' id='par_1_5' title="bbox 2179 463 3688 541">
     <span class='ocr_line' id='line_1_5' title="bbox 2179 463 3688 541; baseline -0.001 -18"><span class='ocrx_word' id='word_1_14' title='bbox 2179 469 2271 524; x_wconf 81' lang='grc' dir='ltr'>νε⁹.</span> <span class='ocrx_word' id='word_1_15' title='bbox 2305 470 2523 523; x_wconf 82' lang='grc' dir='ltr'>Τούτων</span> <span class='ocrx_word' id='word_1_16' title='bbox 2556 463 2647 522; x_wconf 83' lang='grc' dir='ltr'>οὖν</span> <span class='ocrx_word' id='word_1_17' title='bbox 2676 469 2739 523; x_wconf 80' lang='grc' dir='ltr'>ἐκ</span> <span class='ocrx_word' id='word_1_18' title='bbox 2778 468 2871 522; x_wconf 83' lang='grc' dir='ltr'>τοῦ</span> <span class='ocrx_word' id='word_1_19' title='bbox 2905 470 3325 541; x_wconf 86' lang='grc' dir='ltr'>ύποστρατήγου</span> <span class='ocrx_word' id='word_1_20' title='bbox 3366 470 3688 539; x_wconf 78' lang='grc' dir='ltr'><strong>γινομένων,</strong></span> 
     </span>
    </p>
   </div>
   <div class='ocr_carea' id='block_1_6' title="bbox 422 567 2003 653">
    <p class='ocr_par' dir='ltr' id='par_1_6' title="bbox 422 567 2003 653">
     <span class='ocr_line' id='line_1_6' title="bbox 422 567 2003 653; baseline -0.013 -14"><span class='ocrx_word' id='word_1_21' title='bbox 422 586 479 639; x_wconf 67' lang='grc' dir='ltr'><strong>«εἰ</strong></span> <span class='ocrx_word' id='word_1_22' title='bbox 518 583 642 653; x_wconf 83' lang='lat' dir='ltr'><strong>quis</strong></span> <span class='ocrx_word' id='word_1_23' title='bbox 666 580 807 635; x_wconf 89' lang='lat' dir='ltr'><strong>alius</strong></span> <span class='ocrx_word' id='word_1_24' title='bbox 831 574 1171 632; x_wconf 89' lang='lat' dir='ltr'><strong>incursionis</strong></span> <span class='ocrx_word' id='word_1_25' title='bbox 1233 573 1397 641; x_wconf 87' lang='lat' dir='ltr'><strong>hujus</strong></span> <span class='ocrx_word' id='word_1_26' title='bbox 1460 567 2003 623; x_wconf 73' lang='lat' dir='ltr'><strong>administrationem</strong></span> 
     </span>
    </p>
   </div>
   <div class='ocr_carea' id='block_1_7' title="bbox 426 659 2007 739">
    <p class='ocr_par' dir='ltr' id='par_1_7' title="bbox 426 659 2007 739">
     <span class='ocr_line' id='line_1_7' title="bbox 426 659 2007 739; baseline -0.009 -10"><span class='ocrx_word' id='word_1_27' title='bbox 426 676 652 736; x_wconf 84' lang='lat' dir='ltr'><strong>habeat,</strong></span> <span class='ocrx_word' id='word_1_28' title='bbox 682 670 930 739; x_wconf 83' lang='lat' dir='ltr'><strong>sequeris</strong></span> <span class='ocrx_word' id='word_1_29' title='bbox 956 682 1053 722; x_wconf 91' lang='lat' dir='ltr'><strong>eos</strong></span> <span class='ocrx_word' id='word_1_30' title='bbox 1102 666 1197 735; x_wconf 91' lang='lat' dir='ltr'><strong>qui</strong></span> <span class='ocrx_word' id='word_1_31' title='bbox 1228 663 1568 733; x_wconf 73' lang='lat' dir='ltr'><strong>prmdantur,</strong></span> <span class='ocrx_word' id='word_1_32' title='bbox 1617 667 1672 715; x_wconf 90' lang='lat' dir='ltr'><strong>et</strong></span> <span class='ocrx_word' id='word_1_33' title='bbox 1722 659 2007 727; x_wconf 85' lang='lat' dir='ltr'><strong>dispersos</strong></span> 
     </span>
    </p>
   </div>
   <div class='ocr_carea' id='block_1_8' title="bbox 427 753 2007 835">
    <p class='ocr_par' dir='ltr' id='par_1_8' title="bbox 427 753 2007 835">
     <span class='ocr_line' id='line_1_8' title="bbox 427 753 2007 835; baseline -0.012 -14"><span class='ocrx_word' id='word_1_34' title='bbox 427 763 821 835; x_wconf 77' lang='lat' dir='ltr'><strong>congregabis,</strong></span> <span class='ocrx_word' id='word_1_35' title='bbox 841 771 895 815; x_wconf 87' lang='lat' dir='ltr'><strong>et</strong></span> <span class='ocrx_word' id='word_1_36' title='bbox 915 759 1150 814; x_wconf 83' lang='lat' dir='ltr'><strong>ulterius</strong></span> <span class='ocrx_word' id='word_1_37' title='bbox 1190 756 1256 810; x_wconf 89' lang='lat' dir='ltr'><strong>ad</strong></span> <span class='ocrx_word' id='word_1_38' title='bbox 1292 756 1600 826; x_wconf 83' lang='lat' dir='ltr'><strong>principem</strong></span> <span class='ocrx_word' id='word_1_39' title='bbox 1626 753 1745 806; x_wconf 84' lang='lat' dir='ltr'><strong>sive</strong></span> <span class='ocrx_word' id='word_1_40' title='bbox 1769 760 2007 804; x_wconf 85' lang='lat' dir='ltr'><strong>turmar-</strong></span> 
     </span>
    </p>
   </div>
   <div class='ocr_carea' id='block_1_9' title="bbox 431 840 2004 923">
    <p class='ocr_par' dir='ltr' id='par_1_9' title="bbox 431 840 2004 923">
     <span class='ocr_line' id='line_1_9' title="bbox 431 840 2004 923; baseline -0.013 -12"><span class='ocrx_word' id='word_1_41' title='bbox 431 858 591 912; x_wconf 87' lang='lat' dir='ltr'><strong>cham</strong></span> <span class='ocrx_word' id='word_1_42' title='bbox 627 851 1019 923; x_wconf 78' lang='lat' dir='ltr'><strong>progredieris.</strong></span> <span class='ocrx_word' id='word_1_43' title='bbox 1063 848 1329 902; x_wconf 83' lang='lat' dir='ltr'><strong>Similiter</strong></span> <span class='ocrx_word' id='word_1_44' title='bbox 1357 845 1448 899; x_wconf 92' lang='lat' dir='ltr'><strong>ille</strong></span> <span class='ocrx_word' id='word_1_45' title='bbox 1499 844 1604 898; x_wconf 90' lang='lat' dir='ltr'><strong>hoc</strong></span> <span class='ocrx_word' id='word_1_46' title='bbox 1634 842 1778 897; x_wconf 85' lang='lat' dir='ltr'><strong>idem</strong></span> <span class='ocrx_word' id='word_1_47' title='bbox 1813 840 2004 904; x_wconf 80' lang='lat' dir='ltr'><strong>faciat,</strong></span> 
     </span>
    </p>
   </div>
   <div class='ocr_carea' id='block_1_10' title="bbox 431 933 2008 1013">
    <p class='ocr_par' dir='ltr' id='par_1_10' title="bbox 431 933 2008 1013">
     <span class='ocr_line' id='line_1_10' title="bbox 431 933 2008 1013; baseline -0.012 -11"><span class='ocrx_word' id='word_1_48' title='bbox 431 944 881 1013; x_wconf 85' lang='lat' dir='ltr'><strong>transeundoque</strong></span> <span class='ocrx_word' id='word_1_49' title='bbox 916 941 1144 1010; x_wconf 77' lang='lat' dir='ltr'><strong>colligat</strong></span> <span class='ocrx_word' id='word_1_50' title='bbox 1193 938 1479 1008; x_wconf 81' lang='lat' dir='ltr'><strong>dispersos</strong></span> <span class='ocrx_word' id='word_1_51' title='bbox 1527 933 1886 1005; x_wconf 56' lang='lat' dir='ltr'><strong>praedatores,</strong></span> <span class='ocrx_word' id='word_1_52' title='bbox 1922 942 2008 984; x_wconf 89' lang='lat' dir='ltr'><strong>at-</strong></span> 
     </span>
    </p>
   </div>
   <div class='ocr_carea' id='block_1_11' title="bbox 424 1028 2009 1112">
    <p class='ocr_par' dir='ltr' id='par_1_11' title="bbox 424 1028 2009 1112">
     <span class='ocr_line' id='line_1_11' title="bbox 424 1028 2009 1112; baseline -0.012 -18"><span class='ocrx_word' id='word_1_53' title='bbox 424 1056 538 1112; x_wconf 86' lang='lat' dir='ltr'><strong>que</strong></span> <span class='ocrx_word' id='word_1_54' title='bbox 591 1041 784 1094; x_wconf 90' lang='lat' dir='ltr'><strong>eodem</strong></span> <span class='ocrx_word' id='word_1_55' title='bbox 827 1038 880 1091; x_wconf 90' lang='lat' dir='ltr'><strong>in</strong></span> <span class='ocrx_word' id='word_1_56' title='bbox 943 1036 1062 1090; x_wconf 91' lang='lat' dir='ltr'><strong>loco</strong></span> <span class='ocrx_word' id='word_1_57' title='bbox 1099 1040 1267 1087; x_wconf 91' lang='lat' dir='ltr'><strong>noctu</strong></span> <span class='ocrx_word' id='word_1_58' title='bbox 1342 1028 1682 1084; x_wconf 82' lang='lat' dir='ltr'><strong>conveniant</strong></span> <span class='ocrx_word' id='word_1_59' title='bbox 1740 1032 1795 1079; x_wconf 89' lang='lat' dir='ltr'><strong>et</strong></span> <span class='ocrx_word' id='word_1_60' title='bbox 1824 1032 2009 1079; x_wconf 87' lang='lat' dir='ltr'><strong>castra</strong></span> 
     </span>
    </p>
   </div>
   <div class='ocr_carea' id='block_1_12' title="bbox 428 1116 2008 1205">
    <p class='ocr_par' dir='ltr' id='par_1_12' title="bbox 428 1116 2008 1205">
     <span class='ocr_line' id='line_1_12' title="bbox 428 1116 2008 1205; baseline -0.013 -17"><span class='ocrx_word' id='word_1_61' title='bbox 428 1140 661 1205; x_wconf 72' lang='lat' dir='ltr'><strong>ponant.</strong></span> <span class='ocrx_word' id='word_1_62' title='bbox 691 1131 881 1200; x_wconf 80' lang='lat' dir='ltr'><strong>Itaque</strong></span> <span class='ocrx_word' id='word_1_63' title='bbox 905 1129 1030 1199; x_wconf 84' lang='lat' dir='ltr'><strong>plus</strong></span> <span class='ocrx_word' id='word_1_64' title='bbox 1067 1124 1385 1197; x_wconf 82' lang='lat' dir='ltr'><strong>quindecim</strong></span> <span class='ocrx_word' id='word_1_65' title='bbox 1428 1129 1523 1176; x_wconf 89' lang='lat' dir='ltr'><strong>aut</strong></span> <span class='ocrx_word' id='word_1_66' title='bbox 1547 1118 1746 1190; x_wconf 80' lang='lat' dir='ltr'><strong>viginti</strong></span> <span class='ocrx_word' id='word_1_67' title='bbox 1802 1116 2008 1171; x_wconf 87' lang='lat' dir='ltr'><strong>millia-</strong></span> 
     </span>
    </p>
   </div>
   <div class='ocr_carea' id='block_1_13' title="bbox 428 1207 2010 1292">
    <p class='ocr_par' dir='ltr' id='par_1_13' title="bbox 428 1207 2010 1292">
     <span class='ocr_line' id='line_1_13' title="bbox 428 1207 2010 1292; baseline -0.013 -12"><span class='ocrx_word' id='word_1_68' title='bbox 428 1227 585 1280; x_wconf 82' lang='lat' dir='ltr'><strong>ribus</strong></span> <span class='ocrx_word' id='word_1_69' title='bbox 616 1239 646 1277; x_wconf 88' lang='lat' dir='ltr'><strong>a</strong></span> <span class='ocrx_word' id='word_1_70' title='bbox 681 1239 741 1278; x_wconf 90' lang='lat' dir='ltr'><strong>se</strong></span> <span class='ocrx_word' id='word_1_71' title='bbox 772 1220 1037 1292; x_wconf 83' lang='lat' dir='ltr'><strong>separati,</strong></span> <span class='ocrx_word' id='word_1_72' title='bbox 1079 1215 1396 1288; x_wconf 73' lang='lat' dir='ltr'><strong>huiusmodi</strong></span> <span class='ocrx_word' id='word_1_73' title='bbox 1429 1212 1641 1268; x_wconf 91' lang='lat' dir='ltr'><strong>subitas</strong></span> <span class='ocrx_word' id='word_1_74' title='bbox 1664 1207 2010 1265; x_wconf 91' lang='lat' dir='ltr'><strong>incursiones</strong></span> 
     </span>
    </p>
   </div>
   <div class='ocr_carea' id='block_1_14' title="bbox 431 1298 2011 1379">
    <p class='ocr_par' dir='ltr' id='par_1_14' title="bbox 431 1298 2011 1379">
     <span class='ocr_line' id='line_1_14' title="bbox 431 1298 2011 1379; baseline -0.013 -8"><span class='ocrx_word' id='word_1_75' title='bbox 431 1334 501 1372; x_wconf 93' lang='lat' dir='ltr'><strong>ne</strong></span> <span class='ocrx_word' id='word_1_76' title='bbox 538 1316 769 1379; x_wconf 89' lang='lat' dir='ltr'><strong>faciant,</strong></span> <span class='ocrx_word' id='word_1_77' title='bbox 802 1322 865 1367; x_wconf 90' lang='lat' dir='ltr'><strong>ut</strong></span> <span class='ocrx_word' id='word_1_78' title='bbox 892 1310 1085 1365; x_wconf 90' lang='lat' dir='ltr'><strong>eodem</strong></span> <span class='ocrx_word' id='word_1_79' title='bbox 1125 1308 1217 1363; x_wconf 89' lang='lat' dir='ltr'><strong>die</strong></span> <span class='ocrx_word' id='word_1_80' title='bbox 1246 1315 1309 1363; x_wconf 70' lang='lat' dir='ltr'><strong>et</strong></span> <span class='ocrx_word' id='word_1_81' title='bbox 1351 1304 1590 1375; x_wconf 58' lang='lat' dir='ltr'><strong>praedam</strong></span> <span class='ocrx_word' id='word_1_82' title='bbox 1633 1298 1922 1370; x_wconf 88' lang='lat' dir='ltr'><strong>diripiant,</strong></span> <span class='ocrx_word' id='word_1_83' title='bbox 1956 1306 2011 1353; x_wconf 88' lang='lat' dir='ltr'><strong>et</strong></span> 
     </span>
    </p>
   </div>
   <div class='ocr_carea' id='block_1_15' title="bbox 430 1404 1475 1470">
    <p class='ocr_par' dir='ltr' id='par_1_15' title="bbox 430 1404 1475 1470">
     <span class='ocr_line' id='line_1_15' title="bbox 430 1404 1475 1470; baseline -0.015 -3"><span class='ocrx_word' id='word_1_84' title='bbox 430 1412 623 1467; x_wconf 84' lang='lat' dir='ltr'><strong>eadem</strong></span> <span class='ocrx_word' id='word_1_85' title='bbox 652 1415 810 1463; x_wconf 87' lang='lat' dir='ltr'><strong>nocte</strong></span> <span class='ocrx_word' id='word_1_86' title='bbox 829 1404 995 1460; x_wconf 84' lang='lat' dir='ltr'><strong>simul</strong></span> <span class='ocrx_word' id='word_1_87' title='bbox 1023 1410 1208 1457; x_wconf 86' lang='lat' dir='ltr'><strong>castra</strong></span> <span class='ocrx_word' id='word_1_88' title='bbox 1245 1405 1475 1470; x_wconf 91' lang='lat' dir='ltr'><strong>ponant.</strong></span> 
     </span>
    </p>
   </div>
   <div class='ocr_carea' id='block_1_16' title="bbox 505 1659 2012 1744">
    <p class='ocr_par' dir='ltr' id='par_1_16' title="bbox 505 1659 2012 1744">
     <span class='ocr_line' id='line_1_16' title="bbox 505 1659 2012 1744; baseline -0.013 -12"><span class='ocrx_word' id='word_1_89' title='bbox 505 1678 596 1732; x_wconf 78' lang='lat'><strong>56.</strong></span> <span class='ocrx_word' id='word_1_90' title='bbox 640 1675 694 1730; x_wconf 93' lang='lat' dir='ltr'><strong>ln</strong></span> <span class='ocrx_word' id='word_1_91' title='bbox 732 1671 1048 1744; x_wconf 80' lang='lat' dir='ltr'><strong>huiusmodi</strong></span> <span class='ocrx_word' id='word_1_92' title='bbox 1095 1667 1513 1725; x_wconf 85' lang='lat' dir='ltr'><strong>incursionibus</strong></span> <span class='ocrx_word' id='word_1_93' title='bbox 1545 1663 1738 1719; x_wconf 86' lang='lat' dir='ltr'><strong>hostes</strong></span> <span class='ocrx_word' id='word_1_94' title='bbox 1761 1659 2012 1729; x_wconf 72' lang='lat' dir='ltr'><strong>obiectos</strong></span> 
     </span>
    </p>
   </div>
   <div class='ocr_carea' id='block_1_17' title="bbox 433 1750 2009 1829">
    <p class='ocr_par' dir='ltr' id='par_1_17' title="bbox 433 1750 2009 1829">
     <span class='ocr_line' id='line_1_17' title="bbox 433 1750 2009 1829; baseline -0.013 -6"><span class='ocrx_word' id='word_1_95' title='bbox 433 1785 545 1823; x_wconf 90' lang='lat' dir='ltr'><strong>non</strong></span> <span class='ocrx_word' id='word_1_96' title='bbox 583 1767 715 1821; x_wconf 82' lang='lat' dir='ltr'><strong>utile</strong></span> <span class='ocrx_word' id='word_1_97' title='bbox 746 1763 913 1819; x_wconf 86' lang='lat' dir='ltr'><strong>fuerit</strong></span> <span class='ocrx_word' id='word_1_98' title='bbox 956 1763 1108 1816; x_wconf 86' lang='lat' dir='ltr'><strong>vivos</strong></span> <span class='ocrx_word' id='word_1_99' title='bbox 1154 1773 1353 1829; x_wconf 82' lang='lat' dir='ltr'><strong>capere</strong></span> <span class='ocrx_word' id='word_1_100' title='bbox 1401 1765 1456 1811; x_wconf 91' lang='lat' dir='ltr'><strong>et</strong></span> <span class='ocrx_word' id='word_1_101' title='bbox 1517 1750 2009 1823; x_wconf 86' lang='lat' dir='ltr'><strong>comprehendere,</strong></span> 
     </span>
    </p>
   </div>
   <div class='ocr_carea' id='block_1_18' title="bbox 2113 555 3691 630">
    <p class='ocr_par' dir='ltr' id='par_1_18' title="bbox 2113 555 3691 630">
     <span class='ocr_line' id='line_1_18' title="bbox 2113 555 3691 630; baseline -0.003 -14"><span class='ocrx_word' id='word_1_102' title='bbox 2113 563 2230 616; x_wconf 82' lang='grc' dir='ltr'>δέον</span> <span class='ocrx_word' id='word_1_103' title='bbox 2255 578 2336 625; x_wconf 88' lang='grc' dir='ltr'><strong>σε,</strong></span> <span class='ocrx_word' id='word_1_104' title='bbox 2361 555 2405 612; x_wconf 82' lang='grc' dir='ltr'>ὧ</span> <span class='ocrx_word' id='word_1_105' title='bbox 2436 567 2732 630; x_wconf 83' lang='grc' dir='ltr'>στρατηγέ,</span> <span class='ocrx_word' id='word_1_106' title='bbox 2764 560 2795 630; x_wconf 80' lang='grc' dir='ltr'>ἢ</span> <span class='ocrx_word' id='word_1_107' title='bbox 2819 561 2871 613; x_wconf 77' lang='grc' dir='ltr'>εἴ</span> <span class='ocrx_word' id='word_1_108' title='bbox 2897 576 2980 623; x_wconf 90' lang='grc' dir='ltr'><strong>τις</strong></span> <span class='ocrx_word' id='word_1_109' title='bbox 3010 560 3199 630; x_wconf 72' lang='grc' dir='ltr'>ἕτερος</span> <span class='ocrx_word' id='word_1_110' title='bbox 3225 562 3253 612; x_wconf 85' lang='grc' dir='ltr'>ὁ</span> <span class='ocrx_word' id='word_1_111' title='bbox 3291 559 3393 629; x_wconf 85' lang='grc' dir='ltr'>τῆς</span> <span class='ocrx_word' id='word_1_112' title='bbox 3436 562 3691 630; x_wconf 81' lang='grc' dir='ltr'><strong>τοιαύτης</strong></span> 
     </span>
    </p>
   </div>
   <div class='ocr_carea' id='block_1_19' title="bbox 2118 652 3692 722">
    <p class='ocr_par' dir='ltr' id='par_1_19' title="bbox 2118 652 3692 722">
     <span class='ocr_line' id='line_1_19' title="bbox 2118 652 3692 722; baseline -0.002 -16"><span class='ocrx_word' id='word_1_113' title='bbox 2118 652 2469 715; x_wconf 81' lang='grc' dir='ltr'>ὲπελεύσεως</span> <span class='ocrx_word' id='word_1_114' title='bbox 2498 654 2596 722; x_wconf 84' lang='grc' dir='ltr'><strong>τὴν</strong></span> <span class='ocrx_word' id='word_1_115' title='bbox 2644 652 2914 722; x_wconf 87' lang='grc' dir='ltr'>διοίκησιν</span> <span class='ocrx_word' id='word_1_116' title='bbox 2967 652 3420 720; x_wconf 78' lang='grc' dir='ltr'>πεπιστευμένος,</span> <span class='ocrx_word' id='word_1_117' title='bbox 3455 652 3543 706; x_wconf 82' lang='grc' dir='ltr'><strong>ἵνα</strong></span> <span class='ocrx_word' id='word_1_118' title='bbox 3590 654 3692 704; x_wconf 60' lang='lat' dir='ltr'><strong>E1:-</strong></span> 
     </span>
    </p>
   </div>
   <div class='ocr_carea' id='block_1_20' title="bbox 2121 742 3694 815">
    <p class='ocr_par' dir='ltr' id='par_1_20' title="bbox 2121 742 3694 815">
     <span class='ocr_line' id='line_1_20' title="bbox 2121 742 3694 815; baseline -0.001 -18"><span class='ocrx_word' id='word_1_119' title='bbox 2121 745 2424 814; x_wconf 76' lang='grc' dir='ltr'>ἀκολουθῇς</span> <span class='ocrx_word' id='word_1_120' title='bbox 2453 746 2563 807; x_wconf 88' lang='grc' dir='ltr'>τοῖς</span> <span class='ocrx_word' id='word_1_121' title='bbox 2593 742 2736 797; x_wconf 87' lang='grc' dir='ltr'><strong>κατὰ</strong></span> <span class='ocrx_word' id='word_1_122' title='bbox 2764 745 2927 815; x_wconf 85' lang='grc' dir='ltr'><strong>μέρος</strong></span> <span class='ocrx_word' id='word_1_123' title='bbox 2950 744 3324 815; x_wconf 84' lang='grc' dir='ltr'>πραιδεύουσι,</span> <span class='ocrx_word' id='word_1_124' title='bbox 3357 746 3451 796; x_wconf 76' lang='grc' dir='ltr'><strong>καὶ</strong></span> <span class='ocrx_word' id='word_1_125' title='bbox 3475 745 3694 796; x_wconf 78' lang='grc' dir='ltr'>ἐπισυν-</span> 
     </span>
    </p>
   </div>
   <div class='ocr_carea' id='block_1_21' title="bbox 2116 834 3696 908">
    <p class='ocr_par' dir='ltr' id='par_1_21' title="bbox 2116 834 3696 908">
     <span class='ocr_line' id='line_1_21' title="bbox 2116 834 3696 908; baseline -0.003 -17"><span class='ocrx_word' id='word_1_126' title='bbox 2116 838 2279 908; x_wconf 76' lang='grc' dir='ltr'>άγῃς,</span> <span class='ocrx_word' id='word_1_127' title='bbox 2311 837 2404 889; x_wconf 80' lang='grc' dir='ltr'><strong>καὶ</strong></span> <span class='ocrx_word' id='word_1_128' title='bbox 2440 836 2532 888; x_wconf 73' lang='grc' dir='ltr'>ἐπὶ</span> <span class='ocrx_word' id='word_1_129' title='bbox 2562 835 2629 889; x_wconf 86' lang='grc' dir='ltr'>τὰ</span> <span class='ocrx_word' id='word_1_130' title='bbox 2661 835 2968 906; x_wconf 81' lang='grc' dir='ltr'>ἔμπροσθεν</span> <span class='ocrx_word' id='word_1_131' title='bbox 3009 834 3321 906; x_wconf 72' lang='grc' dir='ltr'>προκόπτῃς</span> <span class='ocrx_word' id='word_1_132' title='bbox 3351 836 3427 897; x_wconf 74' lang='lat' dir='ltr'><strong>di;</strong></span> <span class='ocrx_word' id='word_1_133' title='bbox 3472 835 3566 887; x_wconf 76' lang='grc' dir='ltr'>ἐπὶ</span> <span class='ocrx_word' id='word_1_134' title='bbox 3605 836 3696 887; x_wconf 80' lang='grc' dir='ltr'><strong>τὸν</strong></span> 
     </span>
    </p>
   </div>
   <div class='ocr_carea' id='block_1_22' title="bbox 2115 925 3697 999">
    <p class='ocr_par' dir='ltr' id='par_1_22' title="bbox 2115 925 3697 999">
     <span class='ocr_line' id='line_1_22' title="bbox 2115 925 3697 999; baseline -0.001 -19"><span class='ocrx_word' id='word_1_135' title='bbox 2115 927 2529 999; x_wconf 81' lang='grc' dir='ltr'>ὑποστράτηγον</span> <span class='ocrx_word' id='word_1_136' title='bbox 2544 927 2575 997; x_wconf 84' lang='grc' dir='ltr'>ἦ</span> <span class='ocrx_word' id='word_1_137' title='bbox 2598 926 2687 980; x_wconf 78' lang='grc' dir='ltr'><strong>τὸν</strong></span> <span class='ocrx_word' id='word_1_138' title='bbox 2704 944 2794 979; x_wconf 86' lang='grc' dir='ltr'><strong>του</strong></span> <span class='ocrx_word' id='word_1_139' title='bbox 2805 927 3078 996; x_wconf 86' lang='grc' dir='ltr'>ρμάρχην.</span> <span class='ocrx_word' id='word_1_140' title='bbox 3114 926 3348 995; x_wconf 83' lang='grc' dir='ltr'>Ὁμοίως</span> <span class='ocrx_word' id='word_1_141' title='bbox 3363 925 3421 978; x_wconf 80' lang='grc' dir='ltr'>δὲ</span> <span class='ocrx_word' id='word_1_142' title='bbox 3438 928 3531 978; x_wconf 77' lang='grc' dir='ltr'>καὶ</span> <span class='ocrx_word' id='word_1_143' title='bbox 3554 928 3697 979; x_wconf 76' lang='grc' dir='ltr'>ἐκεῖ·</span> 
     </span>
    </p>
   </div>
   <div class='ocr_carea' id='block_1_23' title="bbox 2117 1018 3696 1090">
    <p class='ocr_par' dir='ltr' id='par_1_23' title="bbox 2117 1018 3696 1090">
     <span class='ocr_line' id='line_1_23' title="bbox 2117 1018 3696 1090; baseline -0.001 -16"><span class='ocrx_word' id='word_1_144' title='bbox 2117 1038 2206 1074; x_wconf 93' lang='grc' dir='ltr'><strong>νον</strong></span> <span class='ocrx_word' id='word_1_145' title='bbox 2238 1022 2300 1074; x_wconf 74' lang='grc' dir='ltr'><strong>τὸ</strong></span> <span class='ocrx_word' id='word_1_146' title='bbox 2331 1020 2467 1074; x_wconf 81' lang='grc' dir='ltr'>αὐτὸ</span> <span class='ocrx_word' id='word_1_147' title='bbox 2505 1022 2704 1083; x_wconf 84' lang='grc' dir='ltr'><strong>ποιεῖν,</strong></span> <span class='ocrx_word' id='word_1_148' title='bbox 2747 1018 2843 1071; x_wconf 55' lang='grc' dir='ltr'><strong>καὶ⁵</strong></span> <span class='ocrx_word' id='word_1_149' title='bbox 2882 1018 3237 1086; x_wconf 77' lang='grc' dir='ltr'>έπισυνάγειν</span> <span class='ocrx_word' id='word_1_150' title='bbox 3281 1020 3696 1090; x_wconf 81' lang='grc' dir='ltr'><strong>παρερχόμενον</strong></span> 
     </span>
    </p>
   </div>
   <div class='ocr_carea' id='block_1_24' title="bbox 2115 1106 3699 1185">
    <p class='ocr_par' dir='ltr' id='par_1_24' title="bbox 2115 1106 3699 1185">
     <span class='ocr_line' id='line_1_24' title="bbox 2115 1106 3699 1185; baseline 0.001 -19"><span class='ocrx_word' id='word_1_151' title='bbox 2115 1114 2241 1175; x_wconf 80' lang='grc' dir='ltr'>τοὺς</span> <span class='ocrx_word' id='word_1_152' title='bbox 2273 1112 2691 1185; x_wconf 85' lang='grc' dir='ltr'>πραιδεύοντας,</span> <span class='ocrx_word' id='word_1_153' title='bbox 2736 1112 2832 1164; x_wconf 73' lang='grc' dir='ltr'>καὶ</span> <span class='ocrx_word' id='word_1_154' title='bbox 2864 1113 2921 1165; x_wconf 78' lang='grc' dir='ltr'><strong>έν</strong></span> <span class='ocrx_word' id='word_1_155' title='bbox 2965 1106 3010 1181; x_wconf 80' lang='grc' dir='ltr'><strong>ᾧ</strong></span> <span class='ocrx_word' id='word_1_156' title='bbox 3041 1113 3108 1165; x_wconf 80' lang='grc' dir='ltr'>ἂν</span> <span class='ocrx_word' id='word_1_157' title='bbox 3140 1114 3289 1183; x_wconf 86' lang='grc' dir='ltr'>τόπῳ</span> <span class='ocrx_word' id='word_1_158' title='bbox 3342 1114 3699 1184; x_wconf 83' lang='grc' dir='ltr'>ἀπαντήσητε</span> 
     </span>
    </p>
   </div>
   <div class='ocr_carea' id='block_1_25' title="bbox 2117 1190 3696 1276">
    <p class='ocr_par' dir='ltr' id='par_1_25' title="bbox 2117 1190 3696 1276">
     <span class='ocr_line' id='line_1_25' title="bbox 2117 1190 3696 1276; baseline 0.001 -18"><span class='ocrx_word' id='word_1_159' title='bbox 2117 1205 2369 1276; x_wconf 80' lang='grc' dir='ltr'>ἀλλήλοις</span> <span class='ocrx_word' id='word_1_160' title='bbox 2422 1203 2757 1257; x_wconf 81' lang='grc' dir='ltr'>ἀπλικεύετε</span> <span class='ocrx_word' id='word_1_161' title='bbox 2818 1203 2933 1273; x_wconf 74' lang='grc' dir='ltr'>ἅμα</span> <span class='ocrx_word' id='word_1_162' title='bbox 2972 1204 3069 1258; x_wconf 81' lang='grc' dir='ltr'>καὶ</span> <span class='ocrx_word' id='word_1_163' title='bbox 3105 1203 3204 1275; x_wconf 86' lang='grc' dir='ltr'>τὴν</span> <span class='ocrx_word' id='word_1_164' title='bbox 3254 1203 3427 1275; x_wconf 76' lang='grc' dir='ltr'>αὐτὴν</span> <span class='ocrx_word' id='word_1_165' title='bbox 3458 1190 3696 1274; x_wconf 82' lang='grc' dir='ltr'>ἡμέραν.</span> 
     </span>
    </p>
   </div>
   <div class='ocr_carea' id='block_1_26' title="bbox 2116 1295 3700 1367">
    <p class='ocr_par' dir='ltr' id='par_1_26' title="bbox 2116 1295 3700 1367">
     <span class='ocr_line' id='line_1_26' title="bbox 2116 1295 3700 1367; baseline 0.001 -18"><span class='ocrx_word' id='word_1_166' title='bbox 2116 1297 2208 1349; x_wconf 72' lang='grc' dir='ltr'>Διῗο</span> <span class='ocrx_word' id='word_1_167' title='bbox 2236 1296 2357 1349; x_wconf 83' lang='grc' dir='ltr'>οὐδὲ</span> <span class='ocrx_word' id='word_1_168' title='bbox 2389 1296 2496 1367; x_wconf 85' lang='grc' dir='ltr'>χρὴ</span> <span class='ocrx_word' id='word_1_169' title='bbox 2538 1295 2703 1349; x_wconf 88' lang='grc' dir='ltr'>πλέον</span> <span class='ocrx_word' id='word_1_170' title='bbox 2727 1295 2833 1349; x_wconf 86' lang='grc' dir='ltr'><strong>τῶν</strong></span> <span class='ocrx_word' id='word_1_171' title='bbox 2864 1302 2924 1349; x_wconf 85' lang='grc' dir='ltr'>ιε’</span> <span class='ocrx_word' id='word_1_172' title='bbox 2959 1297 2992 1366; x_wconf 76' lang='grc' dir='ltr'>ἢ</span> <span class='ocrx_word' id='word_1_173' title='bbox 3025 1303 3071 1350; x_wconf 81' lang='grc' dir='ltr'>κ’</span> <span class='ocrx_word' id='word_1_174' title='bbox 3108 1296 3301 1365; x_wconf 82' lang='grc' dir='ltr'>μιλίων</span> <span class='ocrx_word' id='word_1_175' title='bbox 3350 1298 3700 1367; x_wconf 85' lang='grc' dir='ltr'>χωρισμένας</span> 
     </span>
    </p>
   </div>
   <div class='ocr_carea' id='block_1_27' title="bbox 1998 1386 3698 1457">
    <p class='ocr_par' dir='ltr' id='par_1_27' title="bbox 1998 1386 3698 1457">
     <span class='ocr_line' id='line_1_27' title="bbox 1998 1386 3698 1457; baseline 0 -16"><span class='ocrx_word' id='word_1_176' title='bbox 1998 1456 2005 1457; x_wconf 15' lang='grc' dir='ltr'>ί</span> <span class='ocrx_word' id='word_1_177' title='bbox 2117 1388 2393 1441; x_wconf 87' lang='grc' dir='ltr'>ποιεῖσθαι</span> <span class='ocrx_word' id='word_1_178' title='bbox 2435 1390 2537 1450; x_wconf 86' lang='grc' dir='ltr'>τὰς</span> <span class='ocrx_word' id='word_1_179' title='bbox 2576 1386 2836 1450; x_wconf 82' lang='grc' dir='ltr'><strong>τοιαύτας</strong></span> <span class='ocrx_word' id='word_1_180' title='bbox 2878 1386 3181 1456; x_wconf 73' lang='grc' dir='ltr'><strong>αἰφνιδίους</strong></span> <span class='ocrx_word' id='word_1_181' title='bbox 3223 1387 3563 1454; x_wconf 86' lang='grc' dir='ltr'>έπελεύσεις,</span> <span class='ocrx_word' id='word_1_182' title='bbox 3609 1388 3698 1441; x_wconf 86' lang='grc' dir='ltr'>ἵνα</span> 
     </span>
    </p>
   </div>
   <div class='ocr_carea' id='block_1_28' title="bbox 2118 1480 3701 1551">
    <p class='ocr_par' dir='ltr' id='par_1_28' title="bbox 2118 1480 3701 1551">
     <span class='ocr_line' id='line_1_28' title="bbox 2118 1480 3701 1551; baseline 0.003 -18"><span class='ocrx_word' id='word_1_183' title='bbox 2118 1482 2363 1551; x_wconf 79' lang='grc' dir='ltr'>φθὰζητε</span> <span class='ocrx_word' id='word_1_184' title='bbox 2391 1481 2691 1551; x_wconf 80' lang='grc' dir='ltr'>ἀμφότεροι</span> <span class='ocrx_word' id='word_1_185' title='bbox 2716 1480 2810 1533; x_wconf 73' lang='grc' dir='ltr'>καὶ</span> <span class='ocrx_word' id='word_1_186' title='bbox 2831 1480 2929 1551; x_wconf 83' lang='grc' dir='ltr'><strong>τὴν</strong></span> <span class='ocrx_word' id='word_1_187' title='bbox 2955 1482 3190 1551; x_wconf 87' lang='grc' dir='ltr'>πραῖδαν</span> <span class='ocrx_word' id='word_1_188' title='bbox 3222 1484 3420 1546; x_wconf 85' lang='grc' dir='ltr'><strong>ποιεῖν,</strong></span> <span class='ocrx_word' id='word_1_189' title='bbox 3448 1484 3541 1534; x_wconf 77' lang='grc' dir='ltr'><strong>καὶ</strong></span> <span class='ocrx_word' id='word_1_190' title='bbox 3560 1483 3701 1537; x_wconf 88' lang='grc' dir='ltr'><strong>κατά</strong></span> 
     </span>
    </p>
   </div>
   <div class='ocr_carea' id='block_1_29' title="bbox 2116 1560 3403 1646">
    <p class='ocr_par' dir='ltr' id='par_1_29' title="bbox 2116 1560 3403 1646">
     <span class='ocr_line' id='line_1_29' title="bbox 2116 1560 3403 1646; baseline 0.001 -19"><span class='ocrx_word' id='word_1_191' title='bbox 2116 1574 2215 1645; x_wconf 80' lang='grc' dir='ltr'><strong>τὴν</strong></span> <span class='ocrx_word' id='word_1_192' title='bbox 2252 1574 2422 1644; x_wconf 82' lang='grc' dir='ltr'>αὐτὴν</span> <span class='ocrx_word' id='word_1_193' title='bbox 2452 1575 2664 1646; x_wconf 81' lang='grc' dir='ltr'><strong>ἡμέραν</strong></span> <span class='ocrx_word' id='word_1_194' title='bbox 2705 1573 2823 1643; x_wconf 73' lang='grc' dir='ltr'>ἅμα</span> <span class='ocrx_word' id='word_1_195' title='bbox 2846 1574 3190 1629; x_wconf 88' lang='grc' dir='ltr'>ἀπλικεύειν.</span> <span class='ocrx_word' id='word_1_196' title='bbox 3382 1560 3403 1573; x_wconf 67' lang='grc'><strong>’</strong></span> 
     </span>
    </p>
   </div>
   <div class='ocr_carea' id='block_1_30' title="bbox 2189 1666 3701 1739">
    <p class='ocr_par' dir='ltr' id='par_1_30' title="bbox 2189 1666 3701 1739">
     <span class='ocr_line' id='line_1_30' title="bbox 2189 1666 3701 1739; baseline 0.002 -19"><span class='ocrx_word' id='word_1_197' title='bbox 2189 1672 2299 1730; x_wconf 84' lang='grc' dir='ltr'>νς¹.</span> <span class='ocrx_word' id='word_1_198' title='bbox 2355 1666 2444 1719; x_wconf 88' lang='grc' dir='ltr'>Ἐν</span> <span class='ocrx_word' id='word_1_199' title='bbox 2489 1666 2545 1719; x_wconf 85' lang='grc' dir='ltr'><strong>δὲ</strong></span> <span class='ocrx_word' id='word_1_200' title='bbox 2589 1668 2710 1723; x_wconf 82' lang='grc' dir='ltr'>ταῖς</span> <span class='ocrx_word' id='word_1_201' title='bbox 2760 1666 3039 1730; x_wconf 77' lang='grc' dir='ltr'>τοιαύταις</span> <span class='ocrx_word' id='word_1_202' title='bbox 3100 1667 3423 1738; x_wconf 76' lang='grc' dir='ltr'>ἐπιδρομαῖς</span> <span class='ocrx_word' id='word_1_203' title='bbox 3470 1667 3530 1721; x_wconf 84' lang='grc' dir='ltr'><strong>ού</strong></span> <span class='ocrx_word' id='word_1_204' title='bbox 3594 1667 3701 1739; x_wconf 77' lang='grc' dir='ltr'>χρὴ</span> 
     </span>
    </p>
   </div>
   <div class='ocr_carea' id='block_1_31' title="bbox 2117 1756 3701 1830">
    <p class='ocr_par' dir='ltr' id='par_1_31' title="bbox 2117 1756 3701 1830">
     <span class='ocr_line' id='line_1_31' title="bbox 2117 1756 3701 1830; baseline 0.001 -19"><span class='ocrx_word' id='word_1_205' title='bbox 2117 1759 2244 1819; x_wconf 86' lang='grc' dir='ltr'>τοὺς</span> <span class='ocrx_word' id='word_1_206' title='bbox 2276 1756 2609 1827; x_wconf 78' lang='grc' dir='ltr'>δυναμένους</span> <span class='ocrx_word' id='word_1_207' title='bbox 2650 1756 3141 1810; x_wconf 82' lang='grc' dir='ltr'>ἀντικαθίστασθαι</span> <span class='ocrx_word' id='word_1_208' title='bbox 3199 1758 3428 1828; x_wconf 77' lang='grc' dir='ltr'>ἐχθροὺς</span> <span class='ocrx_word' id='word_1_209' title='bbox 3466 1759 3701 1830; x_wconf 79' lang='grc' dir='ltr'><strong>ζωγρεῖν</strong></span> 
     </span>
    </p>
   </div>
   <div class='ocr_carea' id='block_1_32' title="bbox 437 1832 2014 1921">
    <p class='ocr_par' dir='ltr' id='par_1_32' title="bbox 437 1839 2011 1917">
     <span class='ocr_line' id='line_1_32' title="bbox 437 1839 2011 1917; baseline -0.015 0"><span class='ocrx_word' id='word_1_210' title='bbox 437 1861 535 1917; x_wconf 89' lang='lat' dir='ltr'><strong>sed</strong></span> <span class='ocrx_word' id='word_1_211' title='bbox 569 1872 760 1915; x_wconf 77' lang='lat' dir='ltr'><strong>Otllltes</strong></span> <span class='ocrx_word' id='word_1_212' title='bbox 792 1857 928 1909; x_wconf 88' lang='lat' dir='ltr'><strong>tales</strong></span> <span class='ocrx_word' id='word_1_213' title='bbox 951 1854 1040 1907; x_wconf 87' lang='lat' dir='ltr'><strong>vel</strong></span> <span class='ocrx_word' id='word_1_214' title='bbox 1086 1847 1477 1911; x_wconf 85' lang='lat' dir='ltr'><strong>interficiendi,</strong></span> <span class='ocrx_word' id='word_1_215' title='bbox 1525 1845 1609 1901; x_wconf 85' lang='lat' dir='ltr'><strong>vel</strong></span> <span class='ocrx_word' id='word_1_216' title='bbox 1643 1839 2011 1914; x_wconf 71' lang='lat' dir='ltr'><strong>praetereundi</strong></span> 
     </span>
    </p>
   </div>
   <div class='ocr_carea' id='block_1_33' title="bbox 2118 1832 3702 1921">
    <p class='ocr_par' dir='ltr' id='par_1_33' title="bbox 2118 1832 3702 1921">
     <span class='ocr_line' id='line_1_33' title="bbox 2118 1832 3702 1921; baseline 0 -18"><span class='ocrx_word' id='word_1_217' title='bbox 2118 1832 2239 1921; x_wconf 75' lang='grc' dir='ltr'>ἦτοι</span> <span class='ocrx_word' id='word_1_218' title='bbox 2272 1849 2695 1921; x_wconf 85' lang='grc' dir='ltr'>συλλαμϐάνειν,</span> <span class='ocrx_word' id='word_1_219' title='bbox 2730 1849 2867 1903; x_wconf 88' lang='grc' dir='ltr'><strong>ἀλλά</strong></span> <span class='ocrx_word' id='word_1_220' title='bbox 2912 1850 3120 1913; x_wconf 83' lang='grc' dir='ltr'>πάντας</span> <span class='ocrx_word' id='word_1_221' title='bbox 3165 1850 3292 1912; x_wconf 79' lang='grc' dir='ltr'>τοὺς</span> <span class='ocrx_word' id='word_1_222' title='bbox 3342 1851 3702 1921; x_wconf 86' lang='grc' dir='ltr'>παρατυγχά-</span> 
     </span>
    </p>
   </div>
   <div class='ocr_carea' id='block_1_34' title="bbox 430 1932 2012 2014">
    <p class='ocr_par' dir='ltr' id='par_1_34' title="bbox 430 1932 2012 2014">
     <span class='ocr_line' id='line_1_34' title="bbox 430 1932 2012 2014; baseline -0.015 -8"><span class='ocrx_word' id='word_1_223' title='bbox 430 1960 583 2014; x_wconf 89' lang='lat' dir='ltr'><strong>sunt,</strong></span> <span class='ocrx_word' id='word_1_224' title='bbox 617 1956 675 2003; x_wconf 91' lang='lat' dir='ltr'><strong>ut</strong></span> <span class='ocrx_word' id='word_1_225' title='bbox 722 1964 796 2003; x_wconf 88' lang='lat' dir='ltr'><strong>ne</strong></span> <span class='ocrx_word' id='word_1_226' title='bbox 826 1960 979 2000; x_wconf 88' lang='lat' dir='ltr'><strong>mora</strong></span> <span class='ocrx_word' id='word_1_227' title='bbox 1002 1943 1186 2012; x_wconf 87' lang='lat' dir='ltr'><strong>aliqua</strong></span> <span class='ocrx_word' id='word_1_228' title='bbox 1227 1941 1331 1994; x_wconf 84' lang='lat' dir='ltr'><strong>iter</strong></span> <span class='ocrx_word' id='word_1_229' title='bbox 1363 1936 1699 1993; x_wconf 79' lang='lat' dir='ltr'><strong>facientibus</strong></span> <span class='ocrx_word' id='word_1_230' title='bbox 1720 1932 2012 1997; x_wconf 78' lang='lat' dir='ltr'><strong>aﬂeratur,</strong></span> 
     </span>
    </p>
   </div>
   <div class='ocr_carea' id='block_1_35' title="bbox 432 2044 1357 2114">
    <p class='ocr_par' dir='ltr' id='par_1_35' title="bbox 432 2044 1357 2114">
     <span class='ocr_line' id='line_1_35' title="bbox 432 2044 1357 2114; baseline -0.016 -14"><span class='ocrx_word' id='word_1_231' title='bbox 432 2052 491 2100; x_wconf 85' lang='lat' dir='ltr'><strong>et</strong></span> <span class='ocrx_word' id='word_1_232' title='bbox 520 2056 737 2114; x_wconf 82' lang='lat' dir='ltr'><strong>tempus</strong></span> <span class='ocrx_word' id='word_1_233' title='bbox 770 2049 979 2096; x_wconf 83' lang='lat' dir='ltr'><strong>temere</strong></span> <span class='ocrx_word' id='word_1_234' title='bbox 1018 2044 1357 2092; x_wconf 85' lang='lat' dir='ltr'><strong>assumatur.</strong></span> 
     </span>
    </p>
   </div>
   <div class='ocr_carea' id='block_1_36' title="bbox 512 2205 2014 2279">
    <p class='ocr_par' dir='ltr' id='par_1_36' title="bbox 512 2205 2014 2279">
     <span class='ocr_line' id='line_1_36' title="bbox 512 2205 2014 2279; baseline -0.013 0"><span class='ocrx_word' id='word_1_235' title='bbox 512 2224 602 2279; x_wconf 81' lang='lat'><strong>57.</strong></span> <span class='ocrx_word' id='word_1_236' title='bbox 637 2221 695 2277; x_wconf 92' lang='lat' dir='ltr'><strong>Si</strong></span> <span class='ocrx_word' id='word_1_237' title='bbox 714 2217 1004 2276; x_wconf 85' lang='lat' dir='ltr'><strong>castellum</strong></span> <span class='ocrx_word' id='word_1_238' title='bbox 1042 2222 1137 2270; x_wconf 90' lang='lat' dir='ltr'><strong>aut</strong></span> <span class='ocrx_word' id='word_1_239' title='bbox 1158 2227 1340 2269; x_wconf 86' lang='lat' dir='ltr'><strong>arcem</strong></span> <span class='ocrx_word' id='word_1_240' title='bbox 1362 2220 1459 2266; x_wconf 88' lang='lat' dir='ltr'><strong>aut</strong></span> <span class='ocrx_word' id='word_1_241' title='bbox 1505 2207 1871 2264; x_wconf 89' lang='lat' dir='ltr'><strong>munitionem</strong></span> <span class='ocrx_word' id='word_1_242' title='bbox 1909 2205 2014 2260; x_wconf 88' lang='lat' dir='ltr'><strong>ali-</strong></span> 
     </span>
    </p>
   </div>
   <div class='ocr_carea' id='block_1_37' title="bbox 431 2298 2012 2389">
    <p class='ocr_par' dir='ltr' id='par_1_37' title="bbox 431 2298 2012 2389">
     <span class='ocr_line' id='line_1_37' title="bbox 431 2298 2012 2389; baseline -0.013 -17"><span class='ocrx_word' id='word_1_243' title='bbox 431 2333 597 2389; x_wconf 84' lang='lat' dir='ltr'><strong>quam</strong></span> <span class='ocrx_word' id='word_1_244' title='bbox 633 2328 836 2385; x_wconf 83' lang='lat' dir='ltr'><strong>capere</strong></span> <span class='ocrx_word' id='word_1_245' title='bbox 895 2310 1133 2381; x_wconf 76' lang='lat' dir='ltr'><strong>cogitas,</strong></span> <span class='ocrx_word' id='word_1_246' title='bbox 1176 2322 1243 2361; x_wconf 92' lang='lat' dir='ltr'><strong>ne</strong></span> <span class='ocrx_word' id='word_1_247' title='bbox 1299 2304 1433 2359; x_wconf 91' lang='lat' dir='ltr'><strong>illud</strong></span> <span class='ocrx_word' id='word_1_248' title='bbox 1485 2303 1539 2356; x_wconf 92' lang='lat' dir='ltr'><strong>in</strong></span> <span class='ocrx_word' id='word_1_249' title='bbox 1572 2302 1768 2372; x_wconf 78' lang='lat' dir='ltr'><strong>vulgus</strong></span> <span class='ocrx_word' id='word_1_250' title='bbox 1795 2298 2012 2364; x_wconf 70' lang='lat' dir='ltr'><strong>efferas,</strong></span> 
     </span>
    </p>
   </div>
   <div class='ocr_carea' id='block_1_38' title="bbox 430 2389 2013 2473">
    <p class='ocr_par' dir='ltr' id='par_1_38' title="bbox 430 2389 2013 2473">
     <span class='ocr_line' id='line_1_38' title="bbox 430 2389 2013 2473; baseline -0.013 -11"><span class='ocrx_word' id='word_1_251' title='bbox 430 2408 611 2463; x_wconf 83' lang='lat' dir='ltr'><strong>donec</strong></span> <span class='ocrx_word' id='word_1_252' title='bbox 642 2407 701 2458; x_wconf 88' lang='lat' dir='ltr'><strong>in</strong></span> <span class='ocrx_word' id='word_1_253' title='bbox 743 2403 864 2473; x_wconf 87' lang='lat' dir='ltr'><strong>ipso</strong></span> <span class='ocrx_word' id='word_1_254' title='bbox 892 2401 1014 2455; x_wconf 90' lang='lat' dir='ltr'><strong>loco</strong></span> <span class='ocrx_word' id='word_1_255' title='bbox 1065 2396 1260 2461; x_wconf 90' lang='lat' dir='ltr'><strong>fueris,</strong></span> <span class='ocrx_word' id='word_1_256' title='bbox 1304 2402 1361 2450; x_wconf 90' lang='lat' dir='ltr'><strong>et</strong></span> <span class='ocrx_word' id='word_1_257' title='bbox 1418 2392 1698 2462; x_wconf 75' lang='lat' dir='ltr'><strong>negotium</strong></span> <span class='ocrx_word' id='word_1_258' title='bbox 1730 2390 1913 2459; x_wconf 85' lang='lat' dir='ltr'><strong>ipsum</strong></span> <span class='ocrx_word' id='word_1_259' title='bbox 1957 2389 2013 2442; x_wconf 78' lang='lat' dir='ltr'><strong>ir.</strong></span> 
     </span>
    </p>
   </div>
   <div class='ocr_carea' id='block_1_39' title="bbox 434 2493 989 2562">
    <p class='ocr_par' dir='ltr' id='par_1_39' title="bbox 434 2493 989 2562">
     <span class='ocr_line' id='line_1_39' title="bbox 434 2493 989 2562; baseline -0.014 -11"><span class='ocrx_word' id='word_1_260' title='bbox 434 2512 633 2552; x_wconf 90' lang='lat' dir='ltr'><strong>manus</strong></span> <span class='ocrx_word' id='word_1_261' title='bbox 659 2493 989 2562; x_wconf 83' lang='lat' dir='ltr'><strong>sumpseris.</strong></span> 
     </span>
    </p>
   </div>
   <div class='ocr_carea' id='block_1_40' title="bbox 510 2570 2016 2646">
    <p class='ocr_par' dir='ltr' id='par_1_40' title="bbox 510 2570 2016 2646">
     <span class='ocr_line' id='line_1_40' title="bbox 510 2570 2016 2646; baseline -0.015 -2"><span class='ocrx_word' id='word_1_262' title='bbox 510 2590 603 2645; x_wconf 86' lang='lat'><strong>58.</strong></span> <span class='ocrx_word' id='word_1_263' title='bbox 640 2587 739 2641; x_wconf 86' lang='lat' dir='ltr'><strong>Sin</strong></span> <span class='ocrx_word' id='word_1_264' title='bbox 789 2595 1016 2638; x_wconf 89' lang='lat' dir='ltr'><strong>necesse</strong></span> <span class='ocrx_word' id='word_1_265' title='bbox 1072 2577 1241 2633; x_wconf 85' lang='lat' dir='ltr'><strong>fuerit</strong></span> <span class='ocrx_word' id='word_1_266' title='bbox 1293 2588 1463 2646; x_wconf 85' lang='lat' dir='ltr'><strong>prope</strong></span> <span class='ocrx_word' id='word_1_267' title='bbox 1515 2572 1879 2627; x_wconf 80' lang='lat' dir='ltr'><strong>munitionem</strong></span> <span class='ocrx_word' id='word_1_268' title='bbox 1914 2570 2016 2624; x_wconf 88' lang='lat' dir='ltr'><strong>ho—</strong></span> 
     </span>
    </p>
   </div>
   <div class='ocr_carea' id='block_1_41' title="bbox 437 2664 2018 2746">
    <p class='ocr_par' dir='ltr' id='par_1_41' title="bbox 437 2664 2018 2746">
     <span class='ocr_line' id='line_1_41' title="bbox 437 2664 2018 2746; baseline -0.013 -12"><span class='ocrx_word' id='word_1_269' title='bbox 437 2682 607 2736; x_wconf 85' lang='lat' dir='ltr'><strong>stium</strong></span> <span class='ocrx_word' id='word_1_270' title='bbox 638 2676 830 2746; x_wconf 90' lang='lat' dir='ltr'><strong>copias</strong></span> <span class='ocrx_word' id='word_1_271' title='bbox 871 2685 997 2727; x_wconf 89' lang='lat' dir='ltr'><strong>tuas</strong></span> <span class='ocrx_word' id='word_1_272' title='bbox 1024 2670 1282 2731; x_wconf 89' lang='lat' dir='ltr'><strong>transire,</strong></span> <span class='ocrx_word' id='word_1_273' title='bbox 1348 2666 1436 2720; x_wconf 90' lang='lat' dir='ltr'><strong>vel</strong></span> <span class='ocrx_word' id='word_1_274' title='bbox 1491 2664 1656 2719; x_wconf 87' lang='lat' dir='ltr'><strong>etiam</strong></span> <span class='ocrx_word' id='word_1_275' title='bbox 1705 2670 1886 2717; x_wconf 88' lang='lat' dir='ltr'><strong>castra</strong></span> <span class='ocrx_word' id='word_1_276' title='bbox 1920 2676 2018 2730; x_wconf 88' lang='lat' dir='ltr'><strong>po-</strong></span> 
     </span>
    </p>
   </div>
   <div class='ocr_carea' id='block_1_42' title="bbox 439 2752 2017 2834">
    <p class='ocr_par' dir='ltr' id='par_1_42' title="bbox 439 2752 2017 2834">
     <span class='ocr_line' id='line_1_42' title="bbox 439 2752 2017 2834; baseline -0.013 -8"><span class='ocrx_word' id='word_1_277' title='bbox 439 2784 594 2832; x_wconf 86' lang='lat' dir='ltr'><strong>nere,</strong></span> <span class='ocrx_word' id='word_1_278' title='bbox 630 2781 802 2822; x_wconf 89' lang='lat' dir='ltr'><strong>unum</strong></span> <span class='ocrx_word' id='word_1_279' title='bbox 822 2764 1063 2834; x_wconf 85' lang='lat' dir='ltr'><strong>aliquem</strong></span> <span class='ocrx_word' id='word_1_280' title='bbox 1094 2759 1415 2831; x_wconf 70' lang='lat' dir='ltr'><strong>praefectum</strong></span> <span class='ocrx_word' id='word_1_281' title='bbox 1447 2769 1573 2809; x_wconf 92' lang='lat' dir='ltr'><strong>cum</strong></span> <span class='ocrx_word' id='word_1_282' title='bbox 1613 2752 1884 2824; x_wconf 79' lang='lat' dir='ltr'><strong>expeditis</strong></span> <span class='ocrx_word' id='word_1_283' title='bbox 1936 2752 2017 2806; x_wconf 86' lang='lat' dir='ltr'><strong>vi-</strong></span> 
     </span>
    </p>
   </div>
   <div class='ocr_carea' id='block_1_43' title="bbox 438 2844 2015 2928">
    <p class='ocr_par' dir='ltr' id='par_1_43' title="bbox 438 2844 2015 2928">
     <span class='ocr_line' id='line_1_43' title="bbox 438 2844 2015 2928; baseline -0.013 -10"><span class='ocrx_word' id='word_1_284' title='bbox 438 2864 519 2918; x_wconf 87' lang='lat' dir='ltr'><strong>ris</strong></span> <span class='ocrx_word' id='word_1_285' title='bbox 572 2860 629 2914; x_wconf 92' lang='lat' dir='ltr'><strong>in</strong></span> <span class='ocrx_word' id='word_1_286' title='bbox 680 2858 800 2928; x_wconf 90' lang='lat' dir='ltr'><strong>ipso</strong></span> <span class='ocrx_word' id='word_1_287' title='bbox 850 2853 1092 2909; x_wconf 84' lang='lat' dir='ltr'><strong>transitu</strong></span> <span class='ocrx_word' id='word_1_288' title='bbox 1138 2847 1462 2910; x_wconf 84' lang='lat' dir='ltr'><strong>collocabis,</strong></span> <span class='ocrx_word' id='word_1_289' title='bbox 1525 2845 1622 2914; x_wconf 88' lang='lat' dir='ltr'><strong>qui</strong></span> <span class='ocrx_word' id='word_1_290' title='bbox 1664 2844 2015 2899; x_wconf 85' lang='lat' dir='ltr'><strong>incursiones</strong></span> 
     </span>
    </p>
   </div>
   <div class='ocr_carea' id='block_1_44' title="bbox 437 2936 2015 3021">
    <p class='ocr_par' dir='ltr' id='par_1_44' title="bbox 437 2936 2015 3021">
     <span class='ocr_line' id='line_1_44' title="bbox 437 2936 2015 3021; baseline -0.011 -13"><span class='ocrx_word' id='word_1_291' title='bbox 437 2952 678 3008; x_wconf 90' lang='lat' dir='ltr'><strong>hostium</strong></span> <span class='ocrx_word' id='word_1_292' title='bbox 706 2948 1015 3021; x_wconf 85' lang='lat' dir='ltr'><strong>prohibeat.</strong></span> <span class='ocrx_word' id='word_1_293' title='bbox 1046 2942 1161 2998; x_wconf 82' lang='lat' dir='ltr'><strong>Hoc</strong></span> <span class='ocrx_word' id='word_1_294' title='bbox 1185 2955 1404 3013; x_wconf 89' lang='lat' dir='ltr'><strong>quoque</strong></span> <span class='ocrx_word' id='word_1_295' title='bbox 1425 2937 1591 2995; x_wconf 88' lang='lat' dir='ltr'><strong>etiam</strong></span> <span class='ocrx_word' id='word_1_296' title='bbox 1634 2937 1691 2992; x_wconf 91' lang='lat' dir='ltr'><strong>in</strong></span> <span class='ocrx_word' id='word_1_297' title='bbox 1744 2936 2015 3007; x_wconf 76' lang='lat' dir='ltr'><strong>angustiis</strong></span> 
     </span>
    </p>
   </div>
   <div class='ocr_carea' id='block_1_45' title="bbox 437 3037 1243 3100">
    <p class='ocr_par' dir='ltr' id='par_1_45' title="bbox 437 3037 1243 3100">
     <span class='ocr_line' id='line_1_45' title="bbox 437 3037 1243 3100; baseline -0.014 0"><span class='ocrx_word' id='word_1_298' title='bbox 437 3046 686 3100; x_wconf 86' lang='lat' dir='ltr'><strong>locorum</strong></span> <span class='ocrx_word' id='word_1_299' title='bbox 718 3041 835 3096; x_wconf 88' lang='lat' dir='ltr'><strong>fieri</strong></span> <span class='ocrx_word' id='word_1_300' title='bbox 862 3038 963 3094; x_wconf 86' lang='lat' dir='ltr'><strong>abs</strong></span> <span class='ocrx_word' id='word_1_301' title='bbox 984 3046 1037 3093; x_wconf 77' lang='lat' dir='ltr'><strong>te</strong></span> <span class='ocrx_word' id='word_1_302' title='bbox 1064 3037 1243 3091; x_wconf 88' lang='lat' dir='ltr'><strong>debet.</strong></span> 
     </span>
    </p>
   </div>
   <div class='ocr_carea' id='block_1_46' title="bbox 510 3124 2083 3203">
    <p class='ocr_par' dir='ltr' id='par_1_46' title="bbox 510 3124 2083 3203">
     <span class='ocr_line' id='line_1_46' title="bbox 510 3124 2083 3203; baseline -0.01 -12"><span class='ocrx_word' id='word_1_303' title='bbox 510 3136 599 3191; x_wconf 81' lang='lat'><strong>59.</strong></span> <span class='ocrx_word' id='word_1_304' title='bbox 626 3133 801 3200; x_wconf 83' lang='lat' dir='ltr'><strong>Prope</strong></span> <span class='ocrx_word' id='word_1_305' title='bbox 857 3129 1218 3185; x_wconf 87' lang='lat' dir='ltr'><strong>munitionem</strong></span> <span class='ocrx_word' id='word_1_306' title='bbox 1254 3128 1495 3183; x_wconf 91' lang='lat' dir='ltr'><strong>hostium</strong></span> <span class='ocrx_word' id='word_1_307' title='bbox 1548 3133 1644 3181; x_wconf 92' lang='lat' dir='ltr'><strong>aut</strong></span> <span class='ocrx_word' id='word_1_308' title='bbox 1700 3124 1898 3181; x_wconf 81' lang='lat' dir='ltr'><strong>silvam</strong></span> <span class='ocrx_word' id='word_1_309' title='bbox 1942 3136 2013 3177; x_wconf 90' lang='lat' dir='ltr'><strong>ne</strong></span> <span class='ocrx_word' id='word_1_310' title='bbox 2041 3178 2083 3203; x_wconf 61' lang='grc' dir='ltr'>η</span> 
     </span>
    </p>
   </div>
   <div class='ocr_carea' id='block_1_47' title="bbox 437 3215 2011 3294">
    <p class='ocr_par' dir='ltr' id='par_1_47' title="bbox 437 3215 2011 3294">
     <span class='ocr_line' id='line_1_47' title="bbox 437 3215 2011 3294; baseline -0.01 -13"><span class='ocrx_word' id='word_1_311' title='bbox 437 3235 621 3281; x_wconf 86' lang='lat' dir='ltr'><strong>castra</strong></span> <span class='ocrx_word' id='word_1_312' title='bbox 642 3236 835 3294; x_wconf 85' lang='lat' dir='ltr'><strong>ponas.</strong></span> <span class='ocrx_word' id='word_1_313' title='bbox 868 3219 968 3274; x_wconf 86' lang='lat' dir='ltr'><strong>Sin</strong></span> <span class='ocrx_word' id='word_1_314' title='bbox 1021 3232 1253 3273; x_wconf 86' lang='lat' dir='ltr'><strong>necesse</strong></span> <span class='ocrx_word' id='word_1_315' title='bbox 1300 3220 1373 3272; x_wconf 90' lang='lat' dir='ltr'><strong>sit</strong></span> <span class='ocrx_word' id='word_1_316' title='bbox 1422 3216 1521 3271; x_wconf 91' lang='lat' dir='ltr'><strong>tibi</strong></span> <span class='ocrx_word' id='word_1_317' title='bbox 1556 3215 1765 3270; x_wconf 90' lang='lat' dir='ltr'><strong>habere</strong></span> <span class='ocrx_word' id='word_1_318' title='bbox 1805 3222 2011 3277; x_wconf 89' lang='lat' dir='ltr'><strong>castra,</strong></span> 
     </span>
    </p>
   </div>
   <div class='ocr_carea' id='block_1_48' title="bbox 440 3305 2015 3379">
    <p class='ocr_par' dir='ltr' id='par_1_48' title="bbox 440 3305 2015 3379">
     <span class='ocr_line' id='line_1_48' title="bbox 440 3305 2015 3379; baseline -0.008 -8"><span class='ocrx_word' id='word_1_319' title='bbox 440 3324 703 3371; x_wconf 88' lang='lat' dir='ltr'><strong>accurate</strong></span> <span class='ocrx_word' id='word_1_320' title='bbox 741 3312 1004 3368; x_wconf 81' lang='lat' dir='ltr'><strong>excubias</strong></span> <span class='ocrx_word' id='word_1_321' title='bbox 1048 3317 1103 3365; x_wconf 91' lang='lat' dir='ltr'><strong>et</strong></span> <span class='ocrx_word' id='word_1_322' title='bbox 1154 3308 1439 3365; x_wconf 87' lang='lat' dir='ltr'><strong>custodias</strong></span> <span class='ocrx_word' id='word_1_323' title='bbox 1500 3318 1724 3379; x_wconf 90' lang='lat' dir='ltr'><strong>propter</strong></span> <span class='ocrx_word' id='word_1_324' title='bbox 1776 3305 2015 3361; x_wconf 91' lang='lat' dir='ltr'><strong>hostium</strong></span> 
     </span>
    </p>
   </div>
   <div class='ocr_carea' id='block_1_49' title="bbox 443 3398 2015 3472">
    <p class='ocr_par' dir='ltr' id='par_1_49' title="bbox 443 3398 2015 3472">
     <span class='ocr_line' id='line_1_49' title="bbox 443 3398 2015 3472; baseline -0.006 -9"><span class='ocrx_word' id='word_1_325' title='bbox 443 3408 792 3463; x_wconf 88' lang='lat' dir='ltr'><strong>incursiones</strong></span> <span class='ocrx_word' id='word_1_326' title='bbox 816 3404 1120 3469; x_wconf 86' lang='lat' dir='ltr'><strong>adhibebis,</strong></span> <span class='ocrx_word' id='word_1_327' title='bbox 1152 3410 1207 3458; x_wconf 92' lang='lat' dir='ltr'><strong>et</strong></span> <span class='ocrx_word' id='word_1_328' title='bbox 1227 3400 1647 3472; x_wconf 80' lang='lat' dir='ltr'><strong>diligentissime</strong></span> <span class='ocrx_word' id='word_1_329' title='bbox 1681 3398 2015 3468; x_wconf 85' lang='lat' dir='ltr'><strong>providebis,</strong></span> 
     </span>
    </p>
   </div>
   <div class='ocr_carea' id='block_1_50' title="bbox 438 3495 1762 3566">
    <p class='ocr_par' dir='ltr' id='par_1_50' title="bbox 438 3495 1762 3566">
     <span class='ocr_line' id='line_1_50' title="bbox 438 3495 1762 3566; baseline -0.007 -8"><span class='ocrx_word' id='word_1_330' title='bbox 438 3512 499 3557; x_wconf 91' lang='lat' dir='ltr'><strong>ut</strong></span> <span class='ocrx_word' id='word_1_331' title='bbox 525 3501 757 3558; x_wconf 86' lang='lat' dir='ltr'><strong>editiore</strong></span> <span class='ocrx_word' id='word_1_332' title='bbox 777 3496 1185 3566; x_wconf 85' lang='lat' dir='ltr'><strong>munitioreque</strong></span> <span class='ocrx_word' id='word_1_333' title='bbox 1205 3495 1326 3551; x_wconf 87' lang='lat' dir='ltr'><strong>loco</strong></span> <span class='ocrx_word' id='word_1_334' title='bbox 1357 3502 1541 3551; x_wconf 89' lang='lat' dir='ltr'><strong>castra</strong></span> <span class='ocrx_word' id='word_1_335' title='bbox 1570 3507 1762 3565; x_wconf 90' lang='lat' dir='ltr'><strong>ponas.</strong></span> 
     </span>
    </p>
   </div>
   <div class='ocr_carea' id='block_1_51' title="bbox 512 3672 2016 3746">
    <p class='ocr_par' dir='ltr' id='par_1_51' title="bbox 512 3672 2016 3746">
     <span class='ocr_line' id='line_1_51' title="bbox 512 3672 2016 3746; baseline -0.005 -13"><span class='ocrx_word' id='word_1_336' title='bbox 512 3679 603 3734; x_wconf 88' lang='lat'><strong>60.</strong></span> <span class='ocrx_word' id='word_1_337' title='bbox 637 3677 868 3746; x_wconf 90' lang='lat' dir='ltr'><strong>Quando</strong></span> <span class='ocrx_word' id='word_1_338' title='bbox 893 3675 1146 3731; x_wconf 87' lang='lat' dir='ltr'><strong>hostilem</strong></span> <span class='ocrx_word' id='word_1_339' title='bbox 1182 3674 1236 3729; x_wconf 90' lang='lat' dir='ltr'><strong>in</strong></span> <span class='ocrx_word' id='word_1_340' title='bbox 1271 3681 1476 3730; x_wconf 88' lang='lat' dir='ltr'><strong>terram</strong></span> <span class='ocrx_word' id='word_1_341' title='bbox 1527 3672 1862 3745; x_wconf 78' lang='lat' dir='ltr'><strong>ingrederis,</strong></span> <span class='ocrx_word' id='word_1_342' title='bbox 1920 3688 2016 3743; x_wconf 80' lang='lat' dir='ltr'><strong>ap-</strong></span> 
     </span>
    </p>
   </div>
   <div class='ocr_carea' id='block_1_52' title="bbox 441 3768 2018 3843">
    <p class='ocr_par' dir='ltr' id='par_1_52' title="bbox 441 3768 2018 3843">
     <span class='ocr_line' id='line_1_52' title="bbox 441 3768 2018 3843; baseline -0.002 -17"><span class='ocrx_word' id='word_1_343' title='bbox 441 3783 691 3843; x_wconf 83' lang='lat' dir='ltr'><strong>paratum</strong></span> <span class='ocrx_word' id='word_1_344' title='bbox 748 3784 967 3824; x_wconf 90' lang='lat' dir='ltr'><strong>omnem</strong></span> <span class='ocrx_word' id='word_1_345' title='bbox 1022 3775 1187 3837; x_wconf 86' lang='lat' dir='ltr'><strong>atque</strong></span> <span class='ocrx_word' id='word_1_346' title='bbox 1233 3768 1627 3837; x_wconf 88' lang='lat' dir='ltr'><strong>impedimenta</strong></span> <span class='ocrx_word' id='word_1_347' title='bbox 1686 3782 1717 3822; x_wconf 93' lang='lat' dir='ltr'><strong>a</strong></span> <span class='ocrx_word' id='word_1_348' title='bbox 1763 3780 1914 3838; x_wconf 74' lang='lat' dir='ltr'><strong>tergo</strong></span> <span class='ocrx_word' id='word_1_349' title='bbox 1964 3777 2018 3823; x_wconf 92' lang='lat' dir='ltr'><strong>te</strong></span> 
     </span>
    </p>
   </div>
   <div class='ocr_carea' id='block_1_53' title="bbox 439 3859 2017 3934">
    <p class='ocr_par' dir='ltr' id='par_1_53' title="bbox 439 3859 2017 3934">
     <span class='ocr_line' id='line_1_53' title="bbox 439 3859 2017 3934; baseline -0.003 -14"><span class='ocrx_word' id='word_1_350' title='bbox 439 3863 708 3934; x_wconf 85' lang='lat' dir='ltr'><strong>consequi</strong></span> <span class='ocrx_word' id='word_1_351' title='bbox 749 3862 956 3917; x_wconf 89' lang='lat' dir='ltr'><strong>facies:</strong></span> <span class='ocrx_word' id='word_1_352' title='bbox 988 3859 1406 3915; x_wconf 89' lang='lat' dir='ltr'><strong>imminentibus</strong></span> <span class='ocrx_word' id='word_1_353' title='bbox 1444 3868 1629 3914; x_wconf 87' lang='lat' dir='ltr'><strong>autem</strong></span> <span class='ocrx_word' id='word_1_354' title='bbox 1670 3860 1924 3916; x_wconf 89' lang='lat' dir='ltr'><strong>hostibus</strong></span> <span class='ocrx_word' id='word_1_355' title='bbox 1962 3859 2017 3915; x_wconf 92' lang='lat' dir='ltr'><strong>in</strong></span> 
     </span>
    </p>
   </div>
   <div class='ocr_carea' id='block_1_54' title="bbox 441 3952 1697 4024">
    <p class='ocr_par' dir='ltr' id='par_1_54' title="bbox 441 3952 1697 4024">
     <span class='ocr_line' id='line_1_54' title="bbox 441 3952 1697 4024; baseline -0.004 -11"><span class='ocrx_word' id='word_1_356' title='bbox 441 3958 623 4013; x_wconf 78' lang='lat' dir='ltr'><strong>taedio</strong></span> <span class='ocrx_word' id='word_1_357' title='bbox 657 3955 934 4012; x_wconf 82' lang='lat' dir='ltr'><strong>exercitus</strong></span> <span class='ocrx_word' id='word_1_358' title='bbox 956 3953 1034 4009; x_wconf 90' lang='lat' dir='ltr'><strong>tui</strong></span> <span class='ocrx_word' id='word_1_359' title='bbox 1057 3968 1120 4010; x_wconf 90' lang='lat' dir='ltr'><strong>ea</strong></span> <span class='ocrx_word' id='word_1_360' title='bbox 1159 3953 1462 4024; x_wconf 89' lang='lat' dir='ltr'><strong>procedere</strong></span> <span class='ocrx_word' id='word_1_361' title='bbox 1504 3952 1697 4009; x_wconf 87' lang='lat' dir='ltr'><strong>facies.</strong></span> 
     </span>
    </p>
   </div>
   <div class='ocr_carea' id='block_1_55' title="bbox 514 4134 2019 4206">
    <p class='ocr_par' dir='ltr' id='par_1_55' title="bbox 514 4134 2019 4206">
     <span class='ocr_line' id='line_1_55' title="bbox 514 4134 2019 4206; baseline -0.003 -13"><span class='ocrx_word' id='word_1_362' title='bbox 514 4139 604 4193; x_wconf 82' lang='lat' dir='ltr'><strong>6i.</strong></span> <span class='ocrx_word' id='word_1_363' title='bbox 639 4137 722 4193; x_wconf 82' lang='lat' dir='ltr'><strong>Ab</strong></span> <span class='ocrx_word' id='word_1_364' title='bbox 753 4136 982 4191; x_wconf 86' lang='lat' dir='ltr'><strong>armatis</strong></span> <span class='ocrx_word' id='word_1_365' title='bbox 1039 4134 1307 4190; x_wconf 84' lang='lat' dir='ltr'><strong>militibus</strong></span> <span class='ocrx_word' id='word_1_366' title='bbox 1365 4134 1756 4204; x_wconf 89' lang='lat' dir='ltr'><strong>impedimenta</strong></span> <span class='ocrx_word' id='word_1_367' title='bbox 1792 4134 2019 4206; x_wconf 88' lang='lat' dir='ltr'><strong>reliqui—</strong></span> 
     </span>
    </p>
   </div>
   <div class='ocr_carea' id='block_1_56' title="bbox 440 4226 2016 4298">
    <p class='ocr_par' dir='ltr' id='par_1_56' title="bbox 440 4226 2016 4298">
     <span class='ocr_line' id='line_1_56' title="bbox 440 4226 2016 4298; baseline 0 -17"><span class='ocrx_word' id='word_1_368' title='bbox 440 4243 547 4298; x_wconf 91' lang='lat' dir='ltr'><strong>que</strong></span> <span class='ocrx_word' id='word_1_369' title='bbox 567 4238 883 4297; x_wconf 87' lang='lat' dir='ltr'><strong>apparatus,</strong></span> <span class='ocrx_word' id='word_1_370' title='bbox 918 4235 1084 4296; x_wconf 90' lang='lat' dir='ltr'><strong>atque</strong></span> <span class='ocrx_word' id='word_1_371' title='bbox 1117 4228 1284 4281; x_wconf 89' lang='lat' dir='ltr'><strong>etiam</strong></span> <span class='ocrx_word' id='word_1_372' title='bbox 1341 4226 1568 4296; x_wconf 85' lang='lat' dir='ltr'><strong>captivi,</strong></span> <span class='ocrx_word' id='word_1_373' title='bbox 1597 4226 1643 4281; x_wconf 90' lang='lat' dir='ltr'><strong>si</strong></span> <span class='ocrx_word' id='word_1_374' title='bbox 1664 4227 1756 4298; x_wconf 90' lang='lat' dir='ltr'><strong>qui</strong></span> <span class='ocrx_word' id='word_1_375' title='bbox 1788 4226 2016 4294; x_wconf 87' lang='lat' dir='ltr'><strong>fuerint,</strong></span> 
     </span>
    </p>
   </div>
   <div class='ocr_carea' id='block_1_57' title="bbox 442 4318 2016 4390">
    <p class='ocr_par' dir='ltr' id='par_1_57' title="bbox 442 4318 2016 4390">
     <span class='ocr_line' id='line_1_57' title="bbox 442 4318 2016 4390; baseline -0.001 -15"><span class='ocrx_word' id='word_1_376' title='bbox 442 4330 770 4390; x_wconf 85' lang='lat' dir='ltr'><strong>separentur</strong></span> <span class='ocrx_word' id='word_1_377' title='bbox 790 4337 803 4373; x_wconf 91' lang='lat'><strong>:</strong></span> <span class='ocrx_word' id='word_1_378' title='bbox 825 4334 1004 4389; x_wconf 88' lang='lat' dir='ltr'><strong>neque</strong></span> <span class='ocrx_word' id='word_1_379' title='bbox 1024 4318 1219 4373; x_wconf 90' lang='lat' dir='ltr'><strong>itinere</strong></span> <span class='ocrx_word' id='word_1_380' title='bbox 1246 4318 1350 4373; x_wconf 88' lang='lat' dir='ltr'><strong>hoc</strong></span> <span class='ocrx_word' id='word_1_381' title='bbox 1365 4319 1544 4375; x_wconf 89' lang='lat' dir='ltr'><strong>solum</strong></span> <span class='ocrx_word' id='word_1_382' title='bbox 1570 4318 1689 4383; x_wconf 89' lang='lat' dir='ltr'><strong>flat,</strong></span> <span class='ocrx_word' id='word_1_383' title='bbox 1721 4320 1817 4375; x_wconf 89' lang='lat' dir='ltr'><strong>sed</strong></span> <span class='ocrx_word' id='word_1_384' title='bbox 1846 4321 2016 4375; x_wconf 91' lang='lat' dir='ltr'><strong>etiam</strong></span> 
     </span>
    </p>
   </div>
   <div class='ocr_carea' id='block_1_58' title="bbox 440 4410 2020 4483">
    <p class='ocr_par' dir='ltr' id='par_1_58' title="bbox 440 4410 2020 4483">
     <span class='ocr_line' id='line_1_58' title="bbox 440 4410 2020 4483; baseline 0.001 -19"><span class='ocrx_word' id='word_1_385' title='bbox 440 4412 663 4483; x_wconf 88' lang='lat' dir='ltr'><strong>quando</strong></span> <span class='ocrx_word' id='word_1_386' title='bbox 698 4420 881 4466; x_wconf 91' lang='lat' dir='ltr'><strong>castra</strong></span> <span class='ocrx_word' id='word_1_387' title='bbox 937 4425 1133 4479; x_wconf 88' lang='lat' dir='ltr'><strong>ponas,</strong></span> <span class='ocrx_word' id='word_1_388' title='bbox 1193 4425 1262 4464; x_wconf 91' lang='lat' dir='ltr'><strong>ne</strong></span> <span class='ocrx_word' id='word_1_389' title='bbox 1300 4410 1551 4466; x_wconf 89' lang='lat' dir='ltr'><strong>hostibus</strong></span> <span class='ocrx_word' id='word_1_390' title='bbox 1586 4412 1877 4466; x_wconf 86' lang='lat' dir='ltr'><strong>adversum</strong></span> <span class='ocrx_word' id='word_1_391' title='bbox 1932 4412 2020 4466; x_wconf 91' lang='lat' dir='ltr'><strong>iu-</strong></span> 
     </span>
    </p>
   </div>
   <div class='ocr_carea' id='block_1_59' title="bbox 2117 1941 3702 2012">
    <p class='ocr_par' dir='ltr' id='par_1_59' title="bbox 2117 1941 3702 2012">
     <span class='ocr_line' id='line_1_59' title="bbox 2117 1941 3702 2012; baseline 0.001 -18"><span class='ocrx_word' id='word_1_392' title='bbox 2117 1958 2311 2006; x_wconf 87' lang='grc' dir='ltr'>νοντας</span> <span class='ocrx_word' id='word_1_393' title='bbox 2346 1942 2626 2004; x_wconf 85' lang='grc' dir='ltr'>τοιούτους</span> <span class='ocrx_word' id='word_1_394' title='bbox 2665 1941 3019 2011; x_wconf 81' lang='grc' dir='ltr'>διαχρῆσθαι,</span> <span class='ocrx_word' id='word_1_395' title='bbox 3056 1942 3152 1995; x_wconf 77' lang='grc' dir='ltr'><strong>καὶ</strong></span> <span class='ocrx_word' id='word_1_396' title='bbox 3174 1941 3568 2012; x_wconf 79' lang='grc' dir='ltr'>παρέρχεσθαι,</span> <span class='ocrx_word' id='word_1_397' title='bbox 3606 1942 3702 1995; x_wconf 78' lang='grc' dir='ltr'><strong>καὶ</strong></span> 
     </span>
    </p>
   </div>
   <div class='ocr_carea' id='block_1_60' title="bbox 2120 2032 3700 2107">
    <p class='ocr_par' dir='ltr' id='par_1_60' title="bbox 2120 2032 3700 2107">
     <span class='ocr_line' id='line_1_60' title="bbox 2120 2032 3700 2107; baseline -0.001 -19"><span class='ocrx_word' id='word_1_398' title='bbox 2120 2036 2197 2106; x_wconf 81' lang='grc' dir='ltr'>μὴ</span> <span class='ocrx_word' id='word_1_399' title='bbox 2222 2038 2302 2098; x_wconf 83' lang='grc' dir='ltr'>εἰς</span> <span class='ocrx_word' id='word_1_400' title='bbox 2324 2035 2525 2099; x_wconf 81' lang='grc' dir='ltr'>αὐτοὺς</span> <span class='ocrx_word' id='word_1_401' title='bbox 2557 2035 2918 2107; x_wconf 80' lang='grc' dir='ltr'>ἑμϐραδύνειν</span> <span class='ocrx_word' id='word_1_402' title='bbox 2941 2037 3067 2099; x_wconf 79' lang='grc' dir='ltr'>τοὺς</span> <span class='ocrx_word' id='word_1_403' title='bbox 3089 2034 3188 2105; x_wconf 81' lang='grc' dir='ltr'><strong>τὴν</strong></span> <span class='ocrx_word' id='word_1_404' title='bbox 3206 2032 3437 2103; x_wconf 84' lang='grc' dir='ltr'>πάροδον</span> <span class='ocrx_word' id='word_1_405' title='bbox 3469 2032 3700 2104; x_wconf 79' lang='grc' dir='ltr'>μάλιστα</span> 
     </span>
    </p>
   </div>
   <div class='ocr_carea' id='block_1_61' title="bbox 2116 2126 3362 2199">
    <p class='ocr_par' dir='ltr' id='par_1_61' title="bbox 2116 2126 3362 2199">
     <span class='ocr_line' id='line_1_61' title="bbox 2116 2126 3362 2199; baseline 0 -20"><span class='ocrx_word' id='word_1_406' title='bbox 2116 2130 2501 2198; x_wconf 79' lang='grc' dir='ltr'>ποιουμένους,</span> <span class='ocrx_word' id='word_1_407' title='bbox 2546 2128 2640 2181; x_wconf 72' lang='grc' dir='ltr'>καὶ</span> <span class='ocrx_word' id='word_1_408' title='bbox 2662 2128 2755 2180; x_wconf 84' lang='grc' dir='ltr'><strong>τὸν</strong></span> <span class='ocrx_word' id='word_1_409' title='bbox 2778 2128 2968 2199; x_wconf 74' lang='grc' dir='ltr'>καιρὸν</span> <span class='ocrx_word' id='word_1_410' title='bbox 2996 2126 3362 2179; x_wconf 79' lang='grc' dir='ltr'>δαπανᾶσθαι.</span> 
     </span>
    </p>
   </div>
   <div class='ocr_carea' id='block_1_62' title="bbox 2191 2217 3701 2291">
    <p class='ocr_par' dir='ltr' id='par_1_62' title="bbox 2191 2217 3701 2291">
     <span class='ocr_line' id='line_1_62' title="bbox 2191 2217 3701 2291; baseline 0 -19"><span class='ocrx_word' id='word_1_411' title='bbox 2191 2218 2290 2283; x_wconf 77' lang='grc' dir='ltr'>νζ’.</span> <span class='ocrx_word' id='word_1_412' title='bbox 2337 2219 2464 2273; x_wconf 83' lang='grc' dir='ltr'><strong>Ἐὰν</strong></span> <span class='ocrx_word' id='word_1_413' title='bbox 2485 2220 2544 2273; x_wconf 89' lang='grc' dir='ltr'><strong>δέ</strong></span> <span class='ocrx_word' id='word_1_414' title='bbox 2573 2237 2705 2273; x_wconf 86' lang='grc' dir='ltr'>ποτε</span> <span class='ocrx_word' id='word_1_415' title='bbox 2740 2220 3009 2291; x_wconf 77' lang='grc' dir='ltr'>βουληθῇς</span> <span class='ocrx_word' id='word_1_416' title='bbox 3036 2217 3299 2290; x_wconf 87' lang='grc' dir='ltr'>φρούριον</span> <span class='ocrx_word' id='word_1_417' title='bbox 3322 2218 3440 2288; x_wconf 65' lang='grc' dir='ltr'>ἢτοι</span> <span class='ocrx_word' id='word_1_418' title='bbox 3464 2219 3701 2290; x_wconf 81' lang='grc' dir='ltr'>κάστρον</span> 
     </span>
    </p>
   </div>
   <div class='ocr_carea' id='block_1_63' title="bbox 2117 2309 3700 2384">
    <p class='ocr_par' dir='ltr' id='par_1_63' title="bbox 2117 2309 3700 2384">
     <span class='ocr_line' id='line_1_63' title="bbox 2117 2309 3700 2384; baseline -0.002 -19"><span class='ocrx_word' id='word_1_419' title='bbox 2117 2311 2151 2383; x_wconf 72' lang='grc' dir='ltr'>ἢ</span> <span class='ocrx_word' id='word_1_420' title='bbox 2184 2312 2360 2382; x_wconf 76' lang='grc' dir='ltr'>ἄκραν</span> <span class='ocrx_word' id='word_1_421' title='bbox 2385 2313 2504 2365; x_wconf 72' lang='grc' dir='ltr'>τινὰ</span> <span class='ocrx_word' id='word_1_422' title='bbox 2540 2313 2898 2384; x_wconf 82' lang='grc' dir='ltr'>παραλαϐεῖν,</span> <span class='ocrx_word' id='word_1_423' title='bbox 2933 2311 2967 2381; x_wconf 81' lang='grc' dir='ltr'><strong>ἢ</strong></span> <span class='ocrx_word' id='word_1_424' title='bbox 3010 2310 3197 2380; x_wconf 72' lang='grc' dir='ltr'>ἕτερον</span> <span class='ocrx_word' id='word_1_425' title='bbox 3229 2309 3413 2374; x_wconf 83' lang='grc' dir='ltr'>τόπον,</span> <span class='ocrx_word' id='word_1_426' title='bbox 3448 2309 3522 2380; x_wconf 83' lang='grc' dir='ltr'>μὴ</span> <span class='ocrx_word' id='word_1_427' title='bbox 3563 2310 3700 2380; x_wconf 84' lang='grc' dir='ltr'>πρό-</span> 
     </span>
    </p>
   </div>
   <div class='ocr_carea' id='block_1_64' title="bbox 2117 2398 3701 2473">
    <p class='ocr_par' dir='ltr' id='par_1_64' title="bbox 2117 2398 3701 2473">
     <span class='ocr_line' id='line_1_64' title="bbox 2117 2398 3701 2473; baseline 0.001 -20"><span class='ocrx_word' id='word_1_428' title='bbox 2117 2401 2247 2469; x_wconf 89' lang='grc' dir='ltr'>λεγε</span> <span class='ocrx_word' id='word_1_429' title='bbox 2286 2402 2364 2471; x_wconf 83' lang='grc' dir='ltr'>τῷ</span> <span class='ocrx_word' id='word_1_430' title='bbox 2403 2402 2621 2472; x_wconf 83' lang='grc' dir='ltr'>πλήθει,</span> <span class='ocrx_word' id='word_1_431' title='bbox 2655 2404 2816 2473; x_wconf 82' lang='grc' dir='ltr'>ἄχρις</span> <span class='ocrx_word' id='word_1_432' title='bbox 2852 2402 2918 2456; x_wconf 84' lang='grc' dir='ltr'>ἂν</span> <span class='ocrx_word' id='word_1_433' title='bbox 2952 2402 3045 2454; x_wconf 73' lang='grc' dir='ltr'>έπὶ</span> <span class='ocrx_word' id='word_1_434' title='bbox 3078 2398 3239 2453; x_wconf 84' lang='grc' dir='ltr'>τοῦτό</span> <span class='ocrx_word' id='word_1_435' title='bbox 3276 2416 3378 2452; x_wconf 90' lang='grc' dir='ltr'><strong>που</strong></span> <span class='ocrx_word' id='word_1_436' title='bbox 3411 2401 3701 2472; x_wconf 79' lang='grc' dir='ltr'>γενόμενος</span> 
     </span>
    </p>
   </div>
   <div class='ocr_carea' id='block_1_65' title="bbox 2119 2493 2744 2564">
    <p class='ocr_par' dir='ltr' id='par_1_65' title="bbox 2119 2493 2744 2564">
     <span class='ocr_line' id='line_1_65' title="bbox 2119 2493 2744 2564; baseline -0.002 -17"><span class='ocrx_word' id='word_1_437' title='bbox 2119 2494 2447 2564; x_wconf 75' lang='grc' dir='ltr'>ὲγχειρήσῃς</span> <span class='ocrx_word' id='word_1_438' title='bbox 2477 2494 2537 2546; x_wconf 76' lang='grc' dir='ltr'>τὸ</span> <span class='ocrx_word' id='word_1_439' title='bbox 2565 2493 2744 2563; x_wconf 78' lang='grc' dir='ltr'>ἔργον.</span> 
     </span>
    </p>
   </div>
   <div class='ocr_carea' id='block_1_66' title="bbox 2190 2582 3699 2655">
    <p class='ocr_par' dir='ltr' id='par_1_66' title="bbox 2190 2582 3699 2655">
     <span class='ocr_line' id='line_1_66' title="bbox 2190 2582 3699 2655; baseline -0.001 -20"><span class='ocrx_word' id='word_1_440' title='bbox 2190 2582 2293 2652; x_wconf 89' lang='grc' dir='ltr'>νη’.</span> <span class='ocrx_word' id='word_1_441' title='bbox 2349 2583 2476 2637; x_wconf 75' lang='grc' dir='ltr'>Ἐὰν</span> <span class='ocrx_word' id='word_1_442' title='bbox 2505 2584 2562 2636; x_wconf 82' lang='grc' dir='ltr'>δὲ</span> <span class='ocrx_word' id='word_1_443' title='bbox 2605 2584 2701 2637; x_wconf 75' lang='grc' dir='ltr'><strong>καὶ</strong></span> <span class='ocrx_word' id='word_1_444' title='bbox 2750 2584 2964 2655; x_wconf 85' lang='grc' dir='ltr'><strong>ἀνάγκη</strong></span> <span class='ocrx_word' id='word_1_445' title='bbox 3010 2584 3143 2638; x_wconf 82' lang='grc' dir='ltr'>ποτὲ</span> <span class='ocrx_word' id='word_1_446' title='bbox 3196 2586 3423 2655; x_wconf 85' lang='grc' dir='ltr'>γένηται</span> <span class='ocrx_word' id='word_1_447' title='bbox 3465 2583 3603 2636; x_wconf 83' lang='grc' dir='ltr'>ὥστε</span> <span class='ocrx_word' id='word_1_448' title='bbox 3636 2583 3699 2635; x_wconf 78' lang='grc' dir='ltr'><strong>ἐκ</strong></span> 
     </span>
    </p>
   </div>
   <div class='ocr_carea' id='block_1_67' title="bbox 2119 2672 3699 2745">
    <p class='ocr_par' dir='ltr' id='par_1_67' title="bbox 2119 2672 3699 2745">
     <span class='ocr_line' id='line_1_67' title="bbox 2119 2672 3699 2745; baseline 0 -20"><span class='ocrx_word' id='word_1_449' title='bbox 2119 2672 2321 2735; x_wconf 82' lang='grc' dir='ltr'>παντὸς</span> <span class='ocrx_word' id='word_1_450' title='bbox 2359 2672 2564 2743; x_wconf 82' lang='grc' dir='ltr'>τρόπου</span> <span class='ocrx_word' id='word_1_451' title='bbox 2608 2674 2707 2742; x_wconf 81' lang='grc' dir='ltr'>τὴν</span> <span class='ocrx_word' id='word_1_452' title='bbox 2743 2674 3032 2743; x_wconf 70' lang='grc' dir='ltr'>στρατείαν</span> <span class='ocrx_word' id='word_1_453' title='bbox 3064 2674 3295 2745; x_wconf 83' lang='grc' dir='ltr'>πλησίον</span> <span class='ocrx_word' id='word_1_454' title='bbox 3343 2673 3699 2745; x_wconf 82' lang='grc' dir='ltr'>ὀχυρώματος</span> 
     </span>
    </p>
   </div>
   <div class='ocr_carea' id='block_1_68' title="bbox 2116 2762 3700 2834">
    <p class='ocr_par' dir='ltr' id='par_1_68' title="bbox 2116 2762 3700 2834">
     <span class='ocr_line' id='line_1_68' title="bbox 2116 2762 3700 2834; baseline 0.001 -20"><span class='ocrx_word' id='word_1_455' title='bbox 2116 2764 2467 2833; x_wconf 82' lang='grc' dir='ltr'>πολεμίωνῆ</span> <span class='ocrx_word' id='word_1_456' title='bbox 2509 2762 2835 2816; x_wconf 77' lang='grc' dir='ltr'>ἀπλικεῦσαι</span> <span class='ocrx_word' id='word_1_457' title='bbox 2869 2767 2950 2827; x_wconf 86' lang='grc' dir='ltr'><strong>είς</strong></span> <span class='ocrx_word' id='word_1_458' title='bbox 2980 2764 3079 2828; x_wconf 88' lang='grc' dir='ltr'><strong>τάς</strong></span> <span class='ocrx_word' id='word_1_459' title='bbox 3114 2766 3331 2830; x_wconf 78' lang='grc' dir='ltr'>ἐξόδους</span> <span class='ocrx_word' id='word_1_460' title='bbox 3368 2766 3463 2818; x_wconf 82' lang='grc' dir='ltr'>τοῦ</span> <span class='ocrx_word' id='word_1_461' title='bbox 3492 2764 3700 2834; x_wconf 81' lang='grc' dir='ltr'>ὀχυρώ-</span> 
     </span>
    </p>
   </div>
   <div class='ocr_carea' id='block_1_69' title="bbox 2123 2855 3698 2927">
    <p class='ocr_par' dir='ltr' id='par_1_69' title="bbox 2123 2855 3698 2927">
     <span class='ocr_line' id='line_1_69' title="bbox 2123 2855 3698 2927; baseline 0.001 -21"><span class='ocrx_word' id='word_1_462' title='bbox 2123 2870 2311 2924; x_wconf 85' lang='grc' dir='ltr'>ματος,</span> <span class='ocrx_word' id='word_1_463' title='bbox 2345 2855 2432 2907; x_wconf 83' lang='grc' dir='ltr'><strong>ἵνα</strong></span> <span class='ocrx_word' id='word_1_464' title='bbox 2456 2855 2575 2919; x_wconf 81' lang='grc' dir='ltr'>τὰς,</span> <span class='ocrx_word' id='word_1_465' title='bbox 2612 2856 2685 2917; x_wconf 89' lang='grc' dir='ltr'>ὠς</span> <span class='ocrx_word' id='word_1_466' title='bbox 2718 2855 2884 2922; x_wconf 75' lang='grc' dir='ltr'>εἰκὸς,</span> <span class='ocrx_word' id='word_1_467' title='bbox 2917 2856 3191 2925; x_wconf 80' lang='grc' dir='ltr'>αίφνιδίας</span> <span class='ocrx_word' id='word_1_468' title='bbox 3217 2856 3519 2927; x_wconf 77' lang='grc' dir='ltr'>ὲπιδρομάς</span> <span class='ocrx_word' id='word_1_469' title='bbox 3542 2858 3698 2908; x_wconf 79' lang='grc' dir='ltr'>έναν·</span> 
     </span>
    </p>
   </div>
   <div class='ocr_carea' id='block_1_70' title="bbox 2117 2947 3699 3020">
    <p class='ocr_par' dir='ltr' id='par_1_70' title="bbox 2117 2947 3699 3020">
     <span class='ocr_line' id='line_1_70' title="bbox 2117 2947 3699 3020; baseline 0.001 -21"><span class='ocrx_word' id='word_1_470' title='bbox 2117 2947 2248 3000; x_wconf 86' lang='grc' dir='ltr'>τίων</span> <span class='ocrx_word' id='word_1_471' title='bbox 2297 2947 2538 3020; x_wconf 82' lang='grc' dir='ltr'>κωλύσῃ.</span> <span class='ocrx_word' id='word_1_472' title='bbox 2588 2947 2762 3002; x_wconf 79' lang='grc' dir='ltr'>Τοῦτο</span> <span class='ocrx_word' id='word_1_473' title='bbox 2794 2948 2851 3001; x_wconf 80' lang='grc' dir='ltr'>δὲ</span> <span class='ocrx_word' id='word_1_474' title='bbox 2888 2949 2983 3001; x_wconf 72' lang='grc' dir='ltr'><strong>καὶ</strong></span> <span class='ocrx_word' id='word_1_475' title='bbox 3014 2950 3073 3003; x_wconf 85' lang='grc' dir='ltr'><strong>έν</strong></span> <span class='ocrx_word' id='word_1_476' title='bbox 3119 2952 3232 3013; x_wconf 86' lang='grc' dir='ltr'>τοῖς</span> <span class='ocrx_word' id='word_1_477' title='bbox 3279 2951 3486 3011; x_wconf 88' lang='grc' dir='ltr'>στενοῖς</span> <span class='ocrx_word' id='word_1_478' title='bbox 3515 2949 3699 3012; x_wconf 85' lang='grc' dir='ltr'>τόποις</span> 
     </span>
    </p>
   </div>
   <div class='ocr_carea' id='block_1_71' title="bbox 2118 3036 2705 3107">
    <p class='ocr_par' dir='ltr' id='par_1_71' title="bbox 2118 3036 2705 3107">
     <span class='ocr_line' id='line_1_71' title="bbox 2118 3036 2705 3107; baseline 0.009 -19"><span class='ocrx_word' id='word_1_479' title='bbox 2118 3036 2363 3105; x_wconf 87' lang='grc' dir='ltr'>γίνεσθαι</span> <span class='ocrx_word' id='word_1_480' title='bbox 2388 3041 2705 3107; x_wconf 81' lang='grc' dir='ltr'>ἀναγκαῖον.</span> 
     </span>
    </p>
   </div>
   <div class='ocr_carea' id='block_1_72' title="bbox 2190 3127 3699 3202">
    <p class='ocr_par' dir='ltr' id='par_1_72' title="bbox 2190 3127 3699 3202">
     <span class='ocr_line' id='line_1_72' title="bbox 2190 3127 3699 3202; baseline -0.001 -21"><span class='ocrx_word' id='word_1_481' title='bbox 2190 3127 2289 3182; x_wconf 83' lang='grc' dir='ltr'>νθ’.</span> <span class='ocrx_word' id='word_1_482' title='bbox 2328 3129 2565 3199; x_wconf 85' lang='grc' dir='ltr'>Πλησίον</span> <span class='ocrx_word' id='word_1_483' title='bbox 2599 3130 2655 3183; x_wconf 87' lang='grc' dir='ltr'>δὲ</span> <span class='ocrx_word' id='word_1_484' title='bbox 2690 3128 3050 3202; x_wconf 80' lang='grc' dir='ltr'>ὀχυρώματος</span> <span class='ocrx_word' id='word_1_485' title='bbox 3084 3129 3318 3201; x_wconf 73' lang='grc' dir='ltr'>ἐχθρῶν,</span> <span class='ocrx_word' id='word_1_486' title='bbox 3364 3129 3397 3200; x_wconf 76' lang='grc' dir='ltr'>ἢ</span> <span class='ocrx_word' id='word_1_487' title='bbox 3435 3128 3591 3199; x_wconf 78' lang='grc' dir='ltr'>ὕλης,</span> <span class='ocrx_word' id='word_1_488' title='bbox 3624 3128 3699 3200; x_wconf 78' lang='grc' dir='ltr'>μὴ</span> 
     </span>
    </p>
   </div>
   <div class='ocr_carea' id='block_1_73' title="bbox 2119 3220 3696 3292">
    <p class='ocr_par' dir='ltr' id='par_1_73' title="bbox 2119 3220 3696 3292">
     <span class='ocr_line' id='line_1_73' title="bbox 2119 3220 3696 3292; baseline -0.001 -18"><span class='ocrx_word' id='word_1_489' title='bbox 2119 3220 2447 3292; x_wconf 71' lang='grc' dir='ltr'>ἐπιτηδεύῃς</span> <span class='ocrx_word' id='word_1_490' title='bbox 2477 3221 2796 3275; x_wconf 84' lang='grc' dir='ltr'>ἀπλικεύειν</span> <span class='ocrx_word' id='word_1_491' title='bbox 2843 3222 2935 3274; x_wconf 78' lang='grc' dir='ltr'>τὸν</span> <span class='ocrx_word' id='word_1_492' title='bbox 2988 3223 3240 3292; x_wconf 86' lang='grc' dir='ltr'>στρατόν.</span> <span class='ocrx_word' id='word_1_493' title='bbox 3279 3222 3339 3275; x_wconf 83' lang='lat' dir='ltr'><strong>El</strong></span> <span class='ocrx_word' id='word_1_494' title='bbox 3391 3221 3449 3274; x_wconf 85' lang='grc' dir='ltr'>δὲ</span> <span class='ocrx_word' id='word_1_495' title='bbox 3484 3223 3696 3292; x_wconf 77' lang='grc' dir='ltr'>ἀνάγκη</span> 
     </span>
    </p>
   </div>
   <div class='ocr_carea' id='block_1_74' title="bbox 2121 3312 3701 3383">
    <p class='ocr_par' dir='ltr' id='par_1_74' title="bbox 2121 3312 3701 3383">
     <span class='ocr_line' id='line_1_74' title="bbox 2121 3312 3701 3383; baseline 0 -19"><span class='ocrx_word' id='word_1_496' title='bbox 2121 3314 2272 3365; x_wconf 83' lang='grc' dir='ltr'>πᾶσα</span> <span class='ocrx_word' id='word_1_497' title='bbox 2312 3314 2492 3365; x_wconf 77' lang='grc' dir='ltr'>ἐκεῖσε</span> <span class='ocrx_word' id='word_1_498' title='bbox 2522 3312 2866 3377; x_wconf 88' lang='grc' dir='ltr'>ἀπλικεύειν,</span> <span class='ocrx_word' id='word_1_499' title='bbox 2898 3312 3142 3383; x_wconf 76' lang='grc' dir='ltr'>ἀκριϐῶς</span> <span class='ocrx_word' id='word_1_500' title='bbox 3173 3313 3272 3376; x_wconf 77' lang='grc' dir='ltr'>τὰς</span> <span class='ocrx_word' id='word_1_501' title='bbox 3294 3312 3701 3381; x_wconf 71' lang='grc' dir='ltr'>παραφυλακάς</span> 
     </span>
    </p>
   </div>
   <div class='ocr_carea' id='block_1_75' title="bbox 2120 3400 3699 3472">
    <p class='ocr_par' dir='ltr' id='par_1_75' title="bbox 2120 3400 3699 3472">
     <span class='ocr_line' id='line_1_75' title="bbox 2120 3400 3699 3472; baseline -0.001 -18"><span class='ocrx_word' id='word_1_502' title='bbox 2120 3401 2278 3455; x_wconf 82' lang='grc' dir='ltr'>ποιοῦ</span> <span class='ocrx_word' id='word_1_503' title='bbox 2324 3400 2414 3454; x_wconf 86' lang='grc' dir='ltr'><strong>διά</strong></span> <span class='ocrx_word' id='word_1_504' title='bbox 2457 3401 2556 3466; x_wconf 83' lang='grc' dir='ltr'>τὰς</span> <span class='ocrx_word' id='word_1_505' title='bbox 2583 3401 2691 3454; x_wconf 87' lang='grc' dir='ltr'><strong>τῶν</strong></span> <span class='ocrx_word' id='word_1_506' title='bbox 2737 3400 2950 3472; x_wconf 79' lang='grc' dir='ltr'>ἐχθρῶν</span> <span class='ocrx_word' id='word_1_507' title='bbox 3007 3400 3299 3464; x_wconf 80' lang='grc' dir='ltr'>ἐπιθέσεις.</span> <span class='ocrx_word' id='word_1_508' title='bbox 3334 3401 3443 3454; x_wconf 71' lang='grc' dir='ltr'><strong>Καὶ</strong></span> <span class='ocrx_word' id='word_1_509' title='bbox 3497 3400 3699 3471; x_wconf 79' lang='grc' dir='ltr'>μᾶλλον</span> 
     </span>
    </p>
   </div>
   <div class='ocr_carea' id='block_1_76' title="bbox 2122 3490 3702 3565">
    <p class='ocr_par' dir='ltr' id='par_1_76' title="bbox 2122 3490 3702 3565">
     <span class='ocr_line' id='line_1_76' title="bbox 2122 3490 3702 3565; baseline -0.001 -19"><span class='ocrx_word' id='word_1_510' title='bbox 2122 3491 2420 3560; x_wconf 73' lang='grc' dir='ltr'>σπούδαζε,</span> <span class='ocrx_word' id='word_1_511' title='bbox 2483 3493 2569 3546; x_wconf 83' lang='grc' dir='ltr'><strong>ἵνα</strong></span> <span class='ocrx_word' id='word_1_512' title='bbox 2620 3495 2953 3565; x_wconf 76' lang='grc' dir='ltr'>ἡπλωμένῳ,</span> <span class='ocrx_word' id='word_1_513' title='bbox 2987 3494 3021 3565; x_wconf 79' lang='grc' dir='ltr'><strong>ἡ</strong></span> <span class='ocrx_word' id='word_1_514' title='bbox 3060 3493 3380 3565; x_wconf 69' lang='grc' dir='ltr'>ὑψηλοτέρῳ</span> <span class='ocrx_word' id='word_1_515' title='bbox 3427 3492 3577 3563; x_wconf 81' lang='grc' dir='ltr'>τόπῳ</span> <span class='ocrx_word' id='word_1_516' title='bbox 3605 3490 3702 3545; x_wconf 76' lang='grc' dir='ltr'>καὶ</span> 
     </span>
    </p>
   </div>
   <div class='ocr_carea' id='block_1_77' title="bbox 2121 3584 2835 3656">
    <p class='ocr_par' dir='ltr' id='par_1_77' title="bbox 2121 3584 2835 3656">
     <span class='ocr_line' id='line_1_77' title="bbox 2121 3584 2835 3656; baseline 0.001 -19"><span class='ocrx_word' id='word_1_517' title='bbox 2121 3585 2447 3656; x_wconf 87' lang='grc' dir='ltr'>όχυρωτέρῳ</span> <span class='ocrx_word' id='word_1_518' title='bbox 2476 3584 2835 3656; x_wconf 74' lang='grc' dir='ltr'>ἀπλικεύσῃς.</span> 
     </span>
    </p>
   </div>
   <div class='ocr_carea' id='block_1_78' title="bbox 2198 3675 3701 3755">
    <p class='ocr_par' dir='ltr' id='par_1_78' title="bbox 2198 3675 3701 3755">
     <span class='ocr_line' id='line_1_78' title="bbox 2198 3675 3701 3755; baseline 0.005 -26"><span class='ocrx_word' id='word_1_519' title='bbox 2198 3676 2260 3742; x_wconf 84' lang='grc' dir='ltr'><strong>ξ’.</strong></span> <span class='ocrx_word' id='word_1_520' title='bbox 2297 3675 2465 3730; x_wconf 85' lang='grc' dir='ltr'>Ὅταν</span> <span class='ocrx_word' id='word_1_521' title='bbox 2503 3678 2561 3730; x_wconf 82' lang='grc' dir='ltr'><strong>δὲ</strong></span> <span class='ocrx_word' id='word_1_522' title='bbox 2594 3678 2673 3741; x_wconf 83' lang='grc' dir='ltr'><strong>είς</strong></span> <span class='ocrx_word' id='word_1_523' title='bbox 2704 3679 2803 3749; x_wconf 82' lang='grc' dir='ltr'>τὴν</span> <span class='ocrx_word' id='word_1_524' title='bbox 2839 3678 3105 3749; x_wconf 81' lang='grc' dir='ltr'>πολεμίαν</span> <span class='ocrx_word' id='word_1_525' title='bbox 3149 3679 3256 3749; x_wconf 84' lang='grc' dir='ltr'><strong>γῆν</strong></span> <span class='ocrx_word' id='word_1_526' title='bbox 3297 3681 3543 3753; x_wconf 86' lang='grc' dir='ltr'>είσέρχῃ,</span> <span class='ocrx_word' id='word_1_527' title='bbox 3599 3682 3701 3755; x_wconf 83' lang='grc' dir='ltr'>τὴν</span> 
     </span>
    </p>
   </div>
   <div class='ocr_carea' id='block_1_79' title="bbox 2119 3770 3702 3845">
    <p class='ocr_par' dir='ltr' id='par_1_79' title="bbox 2119 3770 3702 3845">
     <span class='ocr_line' id='line_1_79' title="bbox 2119 3770 3702 3845; baseline 0.003 -22"><span class='ocrx_word' id='word_1_528' title='bbox 2119 3770 2435 3839; x_wconf 81' lang='grc' dir='ltr'>ἀποσκευὴν</span> <span class='ocrx_word' id='word_1_529' title='bbox 2484 3772 2664 3823; x_wconf 78' lang='grc' dir='ltr'>πᾶσαν</span> <span class='ocrx_word' id='word_1_530' title='bbox 2699 3770 2819 3841; x_wconf 79' lang='grc' dir='ltr'>ἦτοι</span> <span class='ocrx_word' id='word_1_531' title='bbox 2874 3772 2969 3825; x_wconf 83' lang='grc' dir='ltr'>τοῦ</span> <span class='ocrx_word' id='word_1_532' title='bbox 3021 3772 3243 3825; x_wconf 84' lang='grc' dir='ltr'>τούλδου</span> <span class='ocrx_word' id='word_1_533' title='bbox 3303 3770 3416 3845; x_wconf 77' lang='grc'><strong>(59)</strong></span> <span class='ocrx_word' id='word_1_534' title='bbox 3477 3775 3702 3828; x_wconf 72' lang='grc' dir='ltr'>ὄπισθεν</span> 
     </span>
    </p>
   </div>
   <div class='ocr_carea' id='block_1_80' title="bbox 2121 3861 3703 3939">
    <p class='ocr_par' dir='ltr' id='par_1_80' title="bbox 2121 3861 3703 3939">
     <span class='ocr_line' id='line_1_80' title="bbox 2121 3861 3703 3939; baseline 0.004 -24"><span class='ocrx_word' id='word_1_535' title='bbox 2121 3861 2440 3915; x_wconf 81' lang='grc' dir='ltr'>ἀκολουθεῖν</span> <span class='ocrx_word' id='word_1_536' title='bbox 2479 3864 2730 3933; x_wconf 84' lang='grc' dir='ltr'>ποιήσεις</span> <span class='ocrx_word' id='word_1_537' title='bbox 2751 3878 2766 3891; x_wconf 91' lang='grc'><strong>·</strong></span> <span class='ocrx_word' id='word_1_538' title='bbox 2816 3864 3229 3935; x_wconf 81' lang='grc' dir='ltr'>πλησιαζόντων</span> <span class='ocrx_word' id='word_1_539' title='bbox 3260 3866 3318 3918; x_wconf 80' lang='grc' dir='ltr'>δὲ</span> <span class='ocrx_word' id='word_1_540' title='bbox 3347 3866 3456 3920; x_wconf 86' lang='grc' dir='ltr'><strong>τῶν</strong></span> <span class='ocrx_word' id='word_1_541' title='bbox 3490 3867 3703 3939; x_wconf 75' lang='grc' dir='ltr'>ἐχθρῶν</span> 
     </span>
    </p>
   </div>
   <div class='ocr_carea' id='block_1_81' title="bbox 2121 3952 3703 4031">
    <p class='ocr_par' dir='ltr' id='par_1_81' title="bbox 2121 3952 3703 4031">
     <span class='ocr_line' id='line_1_81' title="bbox 2121 3952 3703 4031; baseline 0.004 -24"><span class='ocrx_word' id='word_1_542' title='bbox 2121 3956 2181 4007; x_wconf 82' lang='grc' dir='ltr'><strong>έν</strong></span> <span class='ocrx_word' id='word_1_543' title='bbox 2213 3953 2361 4025; x_wconf 84' lang='grc' dir='ltr'>μέσῳ</span> <span class='ocrx_word' id='word_1_544' title='bbox 2390 3952 2483 4006; x_wconf 82' lang='grc' dir='ltr'>τοῦ</span> <span class='ocrx_word' id='word_1_545' title='bbox 2534 3953 2766 4024; x_wconf 82' lang='grc' dir='ltr'>στρατοῦ</span> <span class='ocrx_word' id='word_1_546' title='bbox 2816 3955 2877 4008; x_wconf 86' lang='grc' dir='ltr'><strong>τὸ</strong></span> <span class='ocrx_word' id='word_1_547' title='bbox 2926 3955 3115 4010; x_wconf 82' lang='grc' dir='ltr'>τοῦδον</span> <span class='ocrx_word' id='word_1_548' title='bbox 3157 3956 3271 4028; x_wconf 76' lang='grc'><strong>(40)</strong></span> <span class='ocrx_word' id='word_1_549' title='bbox 3322 3954 3461 4012; x_wconf 80' lang='grc' dir='ltr'>εἶναι</span> <span class='ocrx_word' id='word_1_550' title='bbox 3520 3976 3703 4031; x_wconf 87' lang='grc' dir='ltr'>παρα-</span> 
     </span>
    </p>
   </div>
   <div class='ocr_carea' id='block_1_82' title="bbox 2123 4044 2596 4114">
    <p class='ocr_par' dir='ltr' id='par_1_82' title="bbox 2123 4044 2596 4114">
     <span class='ocr_line' id='line_1_82' title="bbox 2123 4044 2596 4114; baseline 0.002 -18"><span class='ocrx_word' id='word_1_551' title='bbox 2123 4044 2423 4097; x_wconf 86' lang='grc' dir='ltr'>σκεύαστον</span> <span class='ocrx_word' id='word_1_552' title='bbox 2460 4044 2596 4114; x_wconf 72' lang='grc'><strong>(41).</strong></span> 
     </span>
    </p>
   </div>
   <div class='ocr_carea' id='block_1_83' title="bbox 2196 4136 3703 4215">
    <p class='ocr_par' dir='ltr' id='par_1_83' title="bbox 2196 4136 3703 4215">
     <span class='ocr_line' id='line_1_83' title="bbox 2196 4136 3703 4215; baseline 0.005 -23"><span class='ocrx_word' id='word_1_553' title='bbox 2196 4141 2296 4204; x_wconf 81' lang='grc' dir='ltr'>ξα’.</span> <span class='ocrx_word' id='word_1_554' title='bbox 2332 4140 2765 4211; x_wconf 82' lang='grc' dir='ltr'>Κεχωρισμένην</span> <span class='ocrx_word' id='word_1_555' title='bbox 2811 4140 2868 4194; x_wconf 81' lang='grc' dir='ltr'>δὲ</span> <span class='ocrx_word' id='word_1_556' title='bbox 2898 4136 3038 4195; x_wconf 77' lang='grc' dir='ltr'>εἶναι</span> <span class='ocrx_word' id='word_1_557' title='bbox 3090 4141 3201 4195; x_wconf 76' lang='grc' dir='ltr'>ἀπὸ</span> <span class='ocrx_word' id='word_1_558' title='bbox 3245 4142 3355 4196; x_wconf 86' lang='grc' dir='ltr'><strong>τῶν</strong></span> <span class='ocrx_word' id='word_1_559' title='bbox 3385 4144 3703 4215; x_wconf 78' lang='grc' dir='ltr'>ὁπλοφόρων</span> 
     </span>
    </p>
   </div>
   <div class='ocr_carea' id='block_1_84' title="bbox 2124 4231 3703 4307">
    <p class='ocr_par' dir='ltr' id='par_1_84' title="bbox 2124 4231 3703 4307">
     <span class='ocr_line' id='line_1_84' title="bbox 2124 4231 3703 4307; baseline 0.004 -24"><span class='ocrx_word' id='word_1_560' title='bbox 2124 4231 2468 4301; x_wconf 84' lang='grc' dir='ltr'>στρατιωτῶν</span> <span class='ocrx_word' id='word_1_561' title='bbox 2496 4231 2594 4302; x_wconf 80' lang='grc' dir='ltr'>τὴν</span> <span class='ocrx_word' id='word_1_562' title='bbox 2644 4232 2958 4303; x_wconf 83' lang='grc' dir='ltr'>ἀποσκευὴν</span> <span class='ocrx_word' id='word_1_563' title='bbox 3002 4234 3097 4287; x_wconf 77' lang='grc' dir='ltr'>καὶ</span> <span class='ocrx_word' id='word_1_564' title='bbox 3149 4234 3277 4298; x_wconf 81' lang='grc' dir='ltr'>τοὺς</span> <span class='ocrx_word' id='word_1_565' title='bbox 3325 4236 3703 4307; x_wconf 78' lang='grc' dir='ltr'>αἰχμαλώτους</span> 
     </span>
    </p>
   </div>
   <div class='ocr_carea' id='block_1_85' title="bbox 2122 4323 3703 4399">
    <p class='ocr_par' dir='ltr' id='par_1_85' title="bbox 2122 4323 3703 4399">
     <span class='ocr_line' id='line_1_85' title="bbox 2122 4323 3703 4399; baseline 0.004 -23"><span class='ocrx_word' id='word_1_566' title='bbox 2122 4324 2216 4376; x_wconf 83' lang='grc' dir='ltr'><strong>έάν</strong></span> <span class='ocrx_word' id='word_1_567' title='bbox 2250 4323 2387 4377; x_wconf 76' lang='grc' dir='ltr'>εἰσίο</span> <span class='ocrx_word' id='word_1_568' title='bbox 2459 4325 2670 4395; x_wconf 85' lang='grc' dir='ltr'>μήποτε</span> <span class='ocrx_word' id='word_1_569' title='bbox 2734 4325 3011 4397; x_wconf 87' lang='grc' dir='ltr'>πολεμίων</span> <span class='ocrx_word' id='word_1_570' title='bbox 3068 4325 3281 4397; x_wconf 89' lang='grc' dir='ltr'>ἀθρόως</span> <span class='ocrx_word' id='word_1_571' title='bbox 3318 4327 3703 4399; x_wconf 71' lang='grc' dir='ltr'>ἐπερχομένων</span> 
     </span>
    </p>
   </div>
   <div class='ocr_carea' id='block_1_86' title="bbox 2121 4416 3704 4493">
    <p class='ocr_par' dir='ltr' id='par_1_86' title="bbox 2121 4416 3704 4493">
     <span class='ocr_line' id='line_1_86' title="bbox 2121 4416 3704 4493; baseline 0.004 -24"><span class='ocrx_word' id='word_1_572' title='bbox 2121 4419 2236 4481; x_wconf 91' lang='grc' dir='ltr'>τοῖς</span> <span class='ocrx_word' id='word_1_573' title='bbox 2279 4416 2706 4487; x_wconf 79' lang='grc' dir='ltr'>ἀγωνιζομένοις</span> <span class='ocrx_word' id='word_1_574' title='bbox 2737 4419 3049 4489; x_wconf 84' lang='grc' dir='ltr'>ἐμπόδισμα</span> <span class='ocrx_word' id='word_1_575' title='bbox 3093 4419 3356 4489; x_wconf 75' lang='grc' dir='ltr'>γένηταιο</span> <span class='ocrx_word' id='word_1_576' title='bbox 3413 4422 3488 4493; x_wconf 85' lang='grc' dir='ltr'>μὴ</span> <span class='ocrx_word' id='word_1_577' title='bbox 3543 4423 3704 4491; x_wconf 77' lang='grc' dir='ltr'>μόνον</span> 
     </span>
    </p>
   </div>
   <div class='ocr_carea' id='block_1_87' title="bbox 441 4501 2014 4581">
    <p class='ocr_par' dir='ltr' id='par_1_87' title="bbox 441 4501 2014 4573">
     <span class='ocr_line' id='line_1_87' title="bbox 441 4501 2014 4573; baseline -0.002 -13"><span class='ocrx_word' id='word_1_578' title='bbox 441 4516 686 4561; x_wconf 88' lang='lat' dir='ltr'><strong>structos</strong></span> <span class='ocrx_word' id='word_1_579' title='bbox 734 4502 937 4557; x_wconf 89' lang='lat' dir='ltr'><strong>milites</strong></span> <span class='ocrx_word' id='word_1_580' title='bbox 989 4501 1340 4556; x_wconf 85' lang='lat' dir='ltr'><strong>venientibus</strong></span> <span class='ocrx_word' id='word_1_581' title='bbox 1379 4517 1579 4572; x_wconf 70' lang='lat' dir='ltr'><strong>magno</strong></span> <span class='ocrx_word' id='word_1_582' title='bbox 1625 4502 2014 4573; x_wconf 87' lang='lat' dir='ltr'><strong>impedimento</strong></span> 
     </span>
    </p>
   </div>
   <div class='ocr_carea' id='block_1_88' title="bbox 2118 4501 3704 4581">
    <p class='ocr_par' dir='ltr' id='par_1_88' title="bbox 2122 4507 3704 4580">
     <span class='ocr_line' id='line_1_88' title="bbox 2122 4507 3704 4580; baseline 0.004 -19"><span class='ocrx_word' id='word_1_583' title='bbox 2122 4507 2179 4561; x_wconf 83' lang='grc' dir='ltr'><strong>δὲ</strong></span> <span class='ocrx_word' id='word_1_584' title='bbox 2211 4510 2268 4561; x_wconf 81' lang='grc' dir='ltr'>ἐν</span> <span class='ocrx_word' id='word_1_585' title='bbox 2301 4510 2366 4579; x_wconf 82' lang='grc' dir='ltr'>τῇ</span> <span class='ocrx_word' id='word_1_586' title='bbox 2419 4508 2699 4579; x_wconf 79' lang='grc' dir='ltr'>ὁδοιπορίᾳ</span> <span class='ocrx_word' id='word_1_587' title='bbox 2745 4509 2902 4563; x_wconf 83' lang='grc' dir='ltr'>τοῦτο</span> <span class='ocrx_word' id='word_1_588' title='bbox 2938 4509 3209 4580; x_wconf 62' lang='grc' dir='ltr'>φύλαττέ,</span> <span class='ocrx_word' id='word_1_589' title='bbox 3253 4511 3389 4567; x_wconf 89' lang='grc' dir='ltr'><strong>ἀλλά</strong></span> <span class='ocrx_word' id='word_1_590' title='bbox 3436 4514 3530 4567; x_wconf 73' lang='grc' dir='ltr'><strong>καὶ</strong></span> <span class='ocrx_word' id='word_1_591' title='bbox 3572 4514 3704 4568; x_wconf 84' lang='grc' dir='ltr'>ὅταν</span> 
     </span>
    </p>
   </div>
   <div class='ocr_carea' id='block_1_89' title="bbox 443 4600 597 4653">
    <p class='ocr_par' dir='ltr' id='par_1_89' title="bbox 443 4600 597 4653">
     <span class='ocr_line' id='line_1_89' title="bbox 443 4600 597 4653; baseline -0.013 0"><span class='ocrx_word' id='word_1_592' title='bbox 443 4600 597 4653; x_wconf 82' lang='lat' dir='ltr'><strong>ﬁant.</strong></span> 
     </span>
    </p>
   </div>
   <div class='ocr_carea' id='block_1_90' title="bbox 514 4682 2022 4754">
    <p class='ocr_par' dir='ltr' id='par_1_90' title="bbox 514 4682 2022 4754">
     <span class='ocr_line' id='line_1_90' title="bbox 514 4682 2022 4754; baseline -0.001 -14"><span class='ocrx_word' id='word_1_593' title='bbox 514 4687 604 4741; x_wconf 73' lang='grc'>62.</span> <span class='ocrx_word' id='word_1_594' title='bbox 633 4684 827 4740; x_wconf 86' lang='lat' dir='ltr'><strong>llostili</strong></span> <span class='ocrx_word' id='word_1_595' title='bbox 862 4683 917 4738; x_wconf 94' lang='lat' dir='ltr'><strong>in</strong></span> <span class='ocrx_word' id='word_1_596' title='bbox 942 4690 1087 4738; x_wconf 87' lang='lat' dir='ltr'><strong>terra</strong></span> <span class='ocrx_word' id='word_1_597' title='bbox 1120 4689 1532 4738; x_wconf 86' lang='lat' dir='ltr'><strong>mensuratores</strong></span> <span class='ocrx_word' id='word_1_598' title='bbox 1563 4682 2022 4754; x_wconf 88' lang='lat' dir='ltr'><strong>incircumspecte</strong></span> 
     </span>
    </p>
   </div>
   <div class='ocr_carea' id='block_1_91' title="bbox 444 4775 2018 4847">
    <p class='ocr_par' dir='ltr' id='par_1_91' title="bbox 444 4775 2018 4847">
     <span class='ocr_line' id='line_1_91' title="bbox 444 4775 2018 4847; baseline -0.004 -11"><span class='ocrx_word' id='word_1_599' title='bbox 444 4782 513 4836; x_wconf 86' lang='lat' dir='ltr'><strong>ad</strong></span> <span class='ocrx_word' id='word_1_600' title='bbox 544 4781 660 4835; x_wconf 90' lang='lat' dir='ltr'><strong>loca</strong></span> <span class='ocrx_word' id='word_1_601' title='bbox 686 4778 1035 4847; x_wconf 86' lang='lat' dir='ltr'><strong>anticipanda</strong></span> <span class='ocrx_word' id='word_1_602' title='bbox 1062 4776 1182 4832; x_wconf 90' lang='lat' dir='ltr'><strong>sine</strong></span> <span class='ocrx_word' id='word_1_603' title='bbox 1213 4776 1411 4830; x_wconf 86' lang='lat' dir='ltr'><strong>idoneo</strong></span> <span class='ocrx_word' id='word_1_604' title='bbox 1435 4775 1692 4845; x_wconf 59' lang='lat' dir='ltr'><strong>praesidio</strong></span> <span class='ocrx_word' id='word_1_605' title='bbox 1713 4792 1782 4833; x_wconf 90' lang='lat' dir='ltr'><strong>ne</strong></span> <span class='ocrx_word' id='word_1_606' title='bbox 1811 4779 2018 4842; x_wconf 88' lang='lat' dir='ltr'><strong>mittas,</strong></span> 
     </span>
    </p>
   </div>
   <div class='ocr_carea' id='block_1_92' title="bbox 440 4868 2017 4941">
    <p class='ocr_par' dir='ltr' id='par_1_92' title="bbox 440 4868 2017 4941">
     <span class='ocr_line' id='line_1_92' title="bbox 440 4868 2017 4941; baseline -0.002 -12"><span class='ocrx_word' id='word_1_607' title='bbox 440 4873 536 4929; x_wconf 81' lang='lat' dir='ltr'><strong>sed</strong></span> <span class='ocrx_word' id='word_1_608' title='bbox 570 4887 664 4941; x_wconf 87' lang='lat' dir='ltr'><strong>per</strong></span> <span class='ocrx_word' id='word_1_609' title='bbox 700 4870 1038 4939; x_wconf 75' lang='lat' dir='ltr'><strong>transfugas,</strong></span> <span class='ocrx_word' id='word_1_610' title='bbox 1070 4868 1165 4938; x_wconf 91' lang='lat' dir='ltr'><strong>qui</strong></span> <span class='ocrx_word' id='word_1_611' title='bbox 1225 4876 1432 4938; x_wconf 91' lang='lat' dir='ltr'><strong>sponte</strong></span> <span class='ocrx_word' id='word_1_612' title='bbox 1471 4884 1568 4923; x_wconf 87' lang='lat' dir='ltr'><strong>sua</strong></span> <span class='ocrx_word' id='word_1_613' title='bbox 1598 4870 1664 4922; x_wconf 88' lang='lat' dir='ltr'><strong>ad</strong></span> <span class='ocrx_word' id='word_1_614' title='bbox 1690 4880 1743 4924; x_wconf 92' lang='lat' dir='ltr'><strong>te</strong></span> <span class='ocrx_word' id='word_1_615' title='bbox 1797 4868 2017 4926; x_wconf 90' lang='lat' dir='ltr'><strong>defece-</strong></span> 
     </span>
    </p>
   </div>
   <div class='ocr_carea' id='block_1_93' title="bbox 440 4960 1812 5029">
    <p class='ocr_par' dir='ltr' id='par_1_93' title="bbox 440 4960 1812 5029">
     <span class='ocr_line' id='line_1_93' title="bbox 440 4960 1812 5029; baseline -0.001 -12"><span class='ocrx_word' id='word_1_616' title='bbox 440 4970 593 5028; x_wconf 88' lang='lat' dir='ltr'><strong>runt,</strong></span> <span class='ocrx_word' id='word_1_617' title='bbox 624 4963 868 5016; x_wconf 89' lang='lat' dir='ltr'><strong>locorum</strong></span> <span class='ocrx_word' id='word_1_618' title='bbox 899 4971 1157 5015; x_wconf 82' lang='lat' dir='ltr'><strong>naturam</strong></span> <span class='ocrx_word' id='word_1_619' title='bbox 1194 4968 1316 5014; x_wconf 88' lang='lat' dir='ltr'><strong>tuto</strong></span> <span class='ocrx_word' id='word_1_620' title='bbox 1348 4960 1812 5029; x_wconf 82' lang='lat' dir='ltr'><strong>perscrutaberis.</strong></span> 
     </span>
    </p>
   </div>
   <div class='ocr_carea' id='block_1_94' title="bbox 513 5142 2017 5213">
    <p class='ocr_par' dir='ltr' id='par_1_94' title="bbox 513 5142 2017 5213">
     <span class='ocr_line' id='line_1_94' title="bbox 513 5142 2017 5213; baseline 0.001 -16"><span class='ocrx_word' id='word_1_621' title='bbox 513 5142 602 5197; x_wconf 79' lang='lat'><strong>63.</strong></span> <span class='ocrx_word' id='word_1_622' title='bbox 628 5142 860 5208; x_wconf 87' lang='lat' dir='ltr'><strong>Quando</strong></span> <span class='ocrx_word' id='word_1_623' title='bbox 917 5144 1195 5198; x_wconf 81' lang='lat' dir='ltr'><strong>exercitus</strong></span> <span class='ocrx_word' id='word_1_624' title='bbox 1256 5148 1438 5197; x_wconf 89' lang='lat' dir='ltr'><strong>castra</strong></span> <span class='ocrx_word' id='word_1_625' title='bbox 1480 5143 1767 5213; x_wconf 81' lang='lat' dir='ltr'><strong>positurus</strong></span> <span class='ocrx_word' id='word_1_626' title='bbox 1799 5152 1903 5209; x_wconf 86' lang='lat' dir='ltr'><strong>est,</strong></span> <span class='ocrx_word' id='word_1_627' title='bbox 1949 5160 2017 5200; x_wconf 92' lang='lat' dir='ltr'><strong>ne</strong></span> 
     </span>
    </p>
   </div>
   <div class='ocr_carea' id='block_1_95' title="bbox 440 5233 2015 5307">
    <p class='ocr_par' dir='ltr' id='par_1_95' title="bbox 440 5233 2015 5307">
     <span class='ocr_line' id='line_1_95' title="bbox 440 5233 2015 5307; baseline 0.001 -17"><span class='ocrx_word' id='word_1_628' title='bbox 440 5237 760 5307; x_wconf 86' lang='lat' dir='ltr'><strong>perturbate</strong></span> <span class='ocrx_word' id='word_1_629' title='bbox 788 5242 883 5288; x_wconf 88' lang='lat' dir='ltr'><strong>aut</strong></span> <span class='ocrx_word' id='word_1_630' title='bbox 914 5234 1139 5290; x_wconf 86' lang='lat' dir='ltr'><strong>confuse</strong></span> <span class='ocrx_word' id='word_1_631' title='bbox 1160 5234 1229 5288; x_wconf 86' lang='lat' dir='ltr'><strong>ad</strong></span> <span class='ocrx_word' id='word_1_632' title='bbox 1259 5245 1443 5289; x_wconf 89' lang='lat' dir='ltr'><strong>castra</strong></span> <span class='ocrx_word' id='word_1_633' title='bbox 1480 5233 1671 5291; x_wconf 88' lang='lat' dir='ltr'><strong>fossati</strong></span> <span class='ocrx_word' id='word_1_634' title='bbox 1706 5245 2015 5301; x_wconf 84' lang='lat' dir='ltr'><strong>transeant,</strong></span> 
     </span>
    </p>
   </div>
   <div class='ocr_carea' id='block_1_96' title="bbox 2120 4600 2459 4664">
    <p class='ocr_par' dir='ltr' id='par_1_96' title="bbox 2120 4600 2459 4664">
     <span class='ocr_line' id='line_1_96' title="bbox 2120 4600 2459 4664; baseline -0.006 -9"><span class='ocrx_word' id='word_1_635' title='bbox 2120 4600 2459 4664; x_wconf 82' lang='grc' dir='ltr'>ἁπλικεύεις.</span> 
     </span>
    </p>
   </div>
   <div class='ocr_carea' id='block_1_97' title="bbox 2190 4691 3705 4771">
    <p class='ocr_par' dir='ltr' id='par_1_97' title="bbox 2190 4691 3705 4771">
     <span class='ocr_line' id='line_1_97' title="bbox 2190 4691 3705 4771; baseline -0.007 -11"><span class='ocrx_word' id='word_1_636' title='bbox 2190 4691 2285 4764; x_wconf 69' lang='grc' dir='ltr'><strong>ξβ’·</strong></span> <span class='ocrx_word' id='word_1_637' title='bbox 2340 4694 2463 4746; x_wconf 72' lang='grc' dir='ltr'>Ἐπῖ</span> <span class='ocrx_word' id='word_1_638' title='bbox 2489 4693 2547 4746; x_wconf 70' lang='grc' dir='ltr'><strong>δὲ</strong></span> <span class='ocrx_word' id='word_1_639' title='bbox 2574 4695 2673 4764; x_wconf 73' lang='grc' dir='ltr'><strong>τῆς</strong></span> <span class='ocrx_word' id='word_1_640' title='bbox 2709 4694 2978 4765; x_wconf 81' lang='grc' dir='ltr'>πολεμίας</span> <span class='ocrx_word' id='word_1_641' title='bbox 3008 4696 3113 4769; x_wconf 79' lang='grc' dir='ltr'>γῆς</span> <span class='ocrx_word' id='word_1_642' title='bbox 3161 4701 3286 4764; x_wconf 79' lang='grc' dir='ltr'>τοὺς</span> <span class='ocrx_word' id='word_1_643' title='bbox 3336 4699 3705 4771; x_wconf 84' lang='grc' dir='ltr'>μινσουράτω-</span> 
     </span>
    </p>
   </div>
   <div class='ocr_carea' id='block_1_98' title="bbox 2122 4786 3701 4861">
    <p class='ocr_par' dir='ltr' id='par_1_98' title="bbox 2122 4786 3701 4861">
     <span class='ocr_line' id='line_1_98' title="bbox 2122 4786 3701 4861; baseline 0.004 -25"><span class='ocrx_word' id='word_1_644' title='bbox 2122 4803 2218 4855; x_wconf 89' lang='grc' dir='ltr'><strong>ρας</strong></span> <span class='ocrx_word' id='word_1_645' title='bbox 2260 4786 2587 4856; x_wconf 87' lang='grc' dir='ltr'>ἀπροόπτως</span> <span class='ocrx_word' id='word_1_646' title='bbox 2620 4786 2696 4855; x_wconf 84' lang='grc' dir='ltr'>μὴ</span> <span class='ocrx_word' id='word_1_647' title='bbox 2740 4787 3080 4860; x_wconf 78' lang='grc' dir='ltr'>ἀποστέλλῃς</span> <span class='ocrx_word' id='word_1_648' title='bbox 3124 4791 3528 4861; x_wconf 84' lang='grc' dir='ltr'>προλαμϐάνειν</span> <span class='ocrx_word' id='word_1_649' title='bbox 3573 4792 3701 4844; x_wconf 86' lang='grc' dir='ltr'>ἄνευ</span> 
     </span>
    </p>
   </div>
   <div class='ocr_carea' id='block_1_99' title="bbox 2120 4877 3704 4953">
    <p class='ocr_par' dir='ltr' id='par_1_99' title="bbox 2120 4877 3704 4953">
     <span class='ocr_line' id='line_1_99' title="bbox 2120 4877 3704 4953; baseline 0.004 -25"><span class='ocrx_word' id='word_1_650' title='bbox 2120 4877 2375 4948; x_wconf 82' lang='grc' dir='ltr'>βοηθείας</span> <span class='ocrx_word' id='word_1_651' title='bbox 2417 4877 2696 4949; x_wconf 88' lang='grc' dir='ltr'>ἀρκούσης</span> <span class='ocrx_word' id='word_1_652' title='bbox 2751 4879 2967 4946; x_wconf 82' lang='grc' dir='ltr'>αὐτοῖς,</span> <span class='ocrx_word' id='word_1_653' title='bbox 3027 4881 3165 4935; x_wconf 89' lang='grc' dir='ltr'><strong>ἀλλά</strong></span> <span class='ocrx_word' id='word_1_654' title='bbox 3222 4884 3382 4953; x_wconf 87' lang='grc' dir='ltr'>μόνον</span> <span class='ocrx_word' id='word_1_655' title='bbox 3440 4883 3529 4936; x_wconf 81' lang='grc' dir='ltr'><strong>διὰ</strong></span> <span class='ocrx_word' id='word_1_656' title='bbox 3592 4882 3704 4935; x_wconf 80' lang='grc' dir='ltr'><strong>τῶν</strong></span> 
     </span>
    </p>
   </div>
   <div class='ocr_carea' id='block_1_100' title="bbox 2121 4968 3705 5048">
    <p class='ocr_par' dir='ltr' id='par_1_100' title="bbox 2121 4968 3705 5048">
     <span class='ocr_line' id='line_1_100' title="bbox 2121 4968 3705 5048; baseline 0.004 -25"><span class='ocrx_word' id='word_1_657' title='bbox 2121 4968 2486 5039; x_wconf 78' lang='grc' dir='ltr'>αἰχμαλώτων</span> <span class='ocrx_word' id='word_1_658' title='bbox 2513 4972 2608 5024; x_wconf 70' lang='grc' dir='ltr'><strong>καὶ</strong></span> <span class='ocrx_word' id='word_1_659' title='bbox 2639 4973 2956 5042; x_wconf 81' lang='grc' dir='ltr'>αὐτομόλων</span> <span class='ocrx_word' id='word_1_660' title='bbox 3005 4974 3263 5044; x_wconf 86' lang='grc' dir='ltr'>ἀσφαλῶς</span> <span class='ocrx_word' id='word_1_661' title='bbox 3305 4976 3569 5047; x_wconf 85' lang='grc' dir='ltr'>ἀνερεύνα</span> <span class='ocrx_word' id='word_1_662' title='bbox 3605 4975 3705 5048; x_wconf 82' lang='grc' dir='ltr'>τὴν</span> 
     </span>
    </p>
   </div>
   <div class='ocr_carea' id='block_1_101' title="bbox 2121 5060 2748 5135">
    <p class='ocr_par' dir='ltr' id='par_1_101' title="bbox 2121 5060 2748 5135">
     <span class='ocr_line' id='line_1_101' title="bbox 2121 5060 2748 5135; baseline 0.008 -23"><span class='ocrx_word' id='word_1_663' title='bbox 2121 5060 2230 5113; x_wconf 89' lang='grc' dir='ltr'><strong>τῶν</strong></span> <span class='ocrx_word' id='word_1_664' title='bbox 2254 5062 2435 5114; x_wconf 89' lang='grc' dir='ltr'>τόπων</span> <span class='ocrx_word' id='word_1_665' title='bbox 2464 5064 2748 5135; x_wconf 87' lang='grc' dir='ltr'>ποιότητα.</span> 
     </span>
    </p>
   </div>
   <div class='ocr_carea' id='block_1_102' title="bbox 2193 5152 3704 5232">
    <p class='ocr_par' dir='ltr' id='par_1_102' title="bbox 2193 5152 3704 5232">
     <span class='ocr_line' id='line_1_102' title="bbox 2193 5152 3704 5232; baseline 0.003 -25"><span class='ocrx_word' id='word_1_666' title='bbox 2193 5152 2294 5222; x_wconf 82' lang='grc' dir='ltr'>ξγ¹.</span> <span class='ocrx_word' id='word_1_667' title='bbox 2333 5155 2500 5209; x_wconf 86' lang='grc' dir='ltr'>Ὅταν</span> <span class='ocrx_word' id='word_1_668' title='bbox 2551 5154 2605 5208; x_wconf 86' lang='grc' dir='ltr'>δὲ</span> <span class='ocrx_word' id='word_1_669' title='bbox 2636 5158 2664 5209; x_wconf 85' lang='grc' dir='ltr'><strong>ό</strong></span> <span class='ocrx_word' id='word_1_670' title='bbox 2721 5156 2951 5228; x_wconf 78' lang='grc' dir='ltr'>στρατὸς</span> <span class='ocrx_word' id='word_1_671' title='bbox 3005 5160 3325 5213; x_wconf 86' lang='grc' dir='ltr'>ἀπλικεύειν</span> <span class='ocrx_word' id='word_1_672' title='bbox 3378 5160 3566 5231; x_wconf 81' lang='grc' dir='ltr'>μέλλῃ,</span> <span class='ocrx_word' id='word_1_673' title='bbox 3626 5161 3704 5232; x_wconf 82' lang='grc' dir='ltr'>μὴ</span> 
     </span>
    </p>
   </div>
   <div class='ocr_carea' id='block_1_103' title="bbox 2121 5245 3706 5323">
    <p class='ocr_par' dir='ltr' id='par_1_103' title="bbox 2121 5245 3706 5323">
     <span class='ocr_line' id='line_1_103' title="bbox 2121 5245 3706 5323; baseline 0.004 -25"><span class='ocrx_word' id='word_1_674' title='bbox 2121 5245 2591 5316; x_wconf 85' lang='grc' dir='ltr'>ἀναμεμιγμένως</span> <span class='ocrx_word' id='word_1_675' title='bbox 2621 5250 2717 5301; x_wconf 74' lang='grc' dir='ltr'>καὶ</span> <span class='ocrx_word' id='word_1_676' title='bbox 2754 5250 3009 5313; x_wconf 78' lang='grc' dir='ltr'>ἀτάκτως</span> <span class='ocrx_word' id='word_1_677' title='bbox 3052 5251 3499 5322; x_wconf 80' lang='grc' dir='ltr'>ὲπερχέσθωσαν,</span> <span class='ocrx_word' id='word_1_678' title='bbox 3541 5255 3598 5304; x_wconf 86' lang='grc' dir='ltr'><strong>έν</strong></span> <span class='ocrx_word' id='word_1_679' title='bbox 3624 5252 3706 5323; x_wconf 83' lang='grc' dir='ltr'>τῷ</span> 
     </span>
    </p>
   </div>
   <div class='ocr_carea' id='block_1_104' title="bbox 441 5326 2014 5415">
    <p class='ocr_par' dir='ltr' id='par_1_104' title="bbox 441 5326 2014 5396">
     <span class='ocr_line' id='line_1_104' title="bbox 441 5326 2014 5396; baseline 0.001 -15"><span class='ocrx_word' id='word_1_680' title='bbox 441 5327 537 5381; x_wconf 82' lang='lat' dir='ltr'><strong>sed</strong></span> <span class='ocrx_word' id='word_1_681' title='bbox 561 5328 604 5382; x_wconf 92' lang='lat' dir='ltr'><strong>si</strong></span> <span class='ocrx_word' id='word_1_682' title='bbox 628 5327 815 5383; x_wconf 89' lang='lat' dir='ltr'><strong>hostes</strong></span> <span class='ocrx_word' id='word_1_683' title='bbox 844 5326 1190 5391; x_wconf 84' lang='lat' dir='ltr'><strong>immineant,</strong></span> <span class='ocrx_word' id='word_1_684' title='bbox 1221 5335 1275 5381; x_wconf 90' lang='lat' dir='ltr'><strong>et</strong></span> <span class='ocrx_word' id='word_1_685' title='bbox 1300 5326 1510 5396; x_wconf 86' lang='lat' dir='ltr'><strong>pedites</strong></span> <span class='ocrx_word' id='word_1_686' title='bbox 1534 5326 1799 5382; x_wconf 81' lang='lat' dir='ltr'><strong>exercitui</strong></span> <span class='ocrx_word' id='word_1_687' title='bbox 1824 5338 2014 5383; x_wconf 87' lang='lat' dir='ltr'><strong>nostro</strong></span> 
     </span>
    </p>
   </div>
   <div class='ocr_carea' id='block_1_105' title="bbox 2118 5326 3702 5415">
    <p class='ocr_par' dir='ltr' id='par_1_105' title="bbox 2118 5336 3702 5415">
     <span class='ocr_line' id='line_1_105' title="bbox 2118 5336 3702 5415; baseline 0.006 -27"><span class='ocrx_word' id='word_1_688' title='bbox 2118 5336 2215 5389; x_wconf 81' lang='grc' dir='ltr'>τοῦ</span> <span class='ocrx_word' id='word_1_689' title='bbox 2248 5338 2521 5406; x_wconf 77' lang='grc' dir='ltr'>φοσσάτου</span> <span class='ocrx_word' id='word_1_690' title='bbox 2565 5340 2846 5411; x_wconf 84' lang='grc' dir='ltr'>ἀπλίκτῳ·</span> <span class='ocrx_word' id='word_1_691' title='bbox 2877 5342 3015 5395; x_wconf 90' lang='grc' dir='ltr'><strong>ἀλλά</strong></span> <span class='ocrx_word' id='word_1_692' title='bbox 3052 5343 3149 5396; x_wconf 65' lang='lat' dir='ltr'><strong>saw</strong></span> <span class='ocrx_word' id='word_1_693' title='bbox 3186 5343 3373 5415; x_wconf 78' lang='grc' dir='ltr'>ἐχθροὶ</span> <span class='ocrx_word' id='word_1_694' title='bbox 3413 5344 3702 5414; x_wconf 74' lang='grc' dir='ltr'>ἐγγίζωσι,</span> 
     </span>
    </p>
   </div>
   <div class='ocr_carea' id='block_1_106' title="bbox 443 5414 2013 5485">
    <p class='ocr_par' dir='ltr' id='par_1_106' title="bbox 443 5414 2013 5485">
     <span class='ocr_line' id='line_1_106' title="bbox 443 5414 2013 5485; baseline 0.002 -13"><span class='ocrx_word' id='word_1_695' title='bbox 443 5417 740 5484; x_wconf 85' lang='lat' dir='ltr'><strong>adfuerint,</strong></span> <span class='ocrx_word' id='word_1_696' title='bbox 773 5432 972 5473; x_wconf 89' lang='lat' dir='ltr'><strong>currus</strong></span> <span class='ocrx_word' id='word_1_697' title='bbox 1003 5431 1196 5471; x_wconf 91' lang='lat' dir='ltr'><strong>omnes</strong></span> <span class='ocrx_word' id='word_1_698' title='bbox 1229 5431 1297 5470; x_wconf 82' lang='lat' dir='ltr'><strong>ex</strong></span> <span class='ocrx_word' id='word_1_699' title='bbox 1319 5414 1516 5470; x_wconf 89' lang='lat' dir='ltr'><strong>ordine</strong></span> <span class='ocrx_word' id='word_1_700' title='bbox 1546 5425 1775 5485; x_wconf 88' lang='lat' dir='ltr'><strong>ponant,</strong></span> <span class='ocrx_word' id='word_1_701' title='bbox 1813 5426 1867 5473; x_wconf 92' lang='lat' dir='ltr'><strong>et</strong></span> <span class='ocrx_word' id='word_1_702' title='bbox 1895 5416 2013 5475; x_wconf 90' lang='lat' dir='ltr'><strong>fos-</strong></span> 
     </span>
    </p>
   </div>
   <div class='ocr_carea' id='block_1_107' title="bbox 441 5504 2011 5579">
    <p class='ocr_par' dir='ltr' id='par_1_107' title="bbox 441 5504 2011 5579">
     <span class='ocr_line' id='line_1_107' title="bbox 441 5504 2011 5579; baseline 0.001 -14"><span class='ocrx_word' id='word_1_703' title='bbox 441 5523 534 5565; x_wconf 87' lang='lat' dir='ltr'><strong>sas</strong></span> <span class='ocrx_word' id='word_1_704' title='bbox 580 5508 820 5579; x_wconf 90' lang='lat' dir='ltr'><strong>undique</strong></span> <span class='ocrx_word' id='word_1_705' title='bbox 886 5507 953 5562; x_wconf 86' lang='lat' dir='ltr'><strong>ad</strong></span> <span class='ocrx_word' id='word_1_706' title='bbox 1017 5506 1240 5561; x_wconf 89' lang='lat' dir='ltr'><strong>modum</strong></span> <span class='ocrx_word' id='word_1_707' title='bbox 1296 5505 1420 5559; x_wconf 78' lang='lat' dir='ltr'><strong>valli</strong></span> <span class='ocrx_word' id='word_1_708' title='bbox 1469 5504 1694 5560; x_wconf 89' lang='lat' dir='ltr'><strong>ducant.</strong></span> <span class='ocrx_word' id='word_1_709' title='bbox 1763 5506 2011 5579; x_wconf 81' lang='lat' dir='ltr'><strong>Expediti</strong></span> 
     </span>
    </p>
   </div>
   <div class='ocr_carea' id='block_1_108' title="bbox 2121 5429 3703 5507">
    <p class='ocr_par' dir='ltr' id='par_1_108' title="bbox 2121 5429 3703 5507">
     <span class='ocr_line' id='line_1_108' title="bbox 2121 5429 3703 5507; baseline 0.006 -28"><span class='ocrx_word' id='word_1_710' title='bbox 2121 5429 2216 5480; x_wconf 65' lang='grc' dir='ltr'><strong>καὶ</strong></span> <span class='ocrx_word' id='word_1_711' title='bbox 2258 5430 2602 5500; x_wconf 80' lang='grc' dir='ltr'>συμπάρεισι</span> <span class='ocrx_word' id='word_1_712' title='bbox 2632 5431 2788 5495; x_wconf 75' lang='grc' dir='ltr'>πεζοὶ</span> <span class='ocrx_word' id='word_1_713' title='bbox 2819 5431 2897 5503; x_wconf 83' lang='grc' dir='ltr'>τῷ</span> <span class='ocrx_word' id='word_1_714' title='bbox 2933 5436 3148 5506; x_wconf 84' lang='grc' dir='ltr'>στρατῷ</span> <span class='ocrx_word' id='word_1_715' title='bbox 3178 5435 3452 5507; x_wconf 87' lang='grc' dir='ltr'>προτέρας</span> <span class='ocrx_word' id='word_1_716' title='bbox 3485 5434 3703 5507; x_wconf 82' lang='grc' dir='ltr'>ἀμάξας</span> 
     </span>
    </p>
   </div>
   <div class='ocr_carea' id='block_1_109' title="bbox 2120 5519 3702 5598">
    <p class='ocr_par' dir='ltr' id='par_1_109' title="bbox 2120 5519 3702 5598">
     <span class='ocr_line' id='line_1_109' title="bbox 2120 5519 3702 5598; baseline 0.008 -25"><span class='ocrx_word' id='word_1_717' title='bbox 2120 5519 2438 5587; x_wconf 83' lang='grc' dir='ltr'>τιθέτωσαν,</span> <span class='ocrx_word' id='word_1_718' title='bbox 2484 5524 2577 5577; x_wconf 72' lang='grc' dir='ltr'><strong>καὶ</strong></span> <span class='ocrx_word' id='word_1_719' title='bbox 2622 5524 2681 5577; x_wconf 79' lang='grc' dir='ltr'>ὲν</span> <span class='ocrx_word' id='word_1_720' title='bbox 2722 5523 2874 5589; x_wconf 83' lang='grc' dir='ltr'>τάξει</span> <span class='ocrx_word' id='word_1_721' title='bbox 2917 5525 2985 5578; x_wconf 90' lang='grc' dir='ltr'><strong>τά</strong></span> <span class='ocrx_word' id='word_1_722' title='bbox 3037 5526 3326 5598; x_wconf 79' lang='grc' dir='ltr'>ὀρύγματα</span> <span class='ocrx_word' id='word_1_723' title='bbox 3376 5529 3702 5585; x_wconf 86' lang='grc' dir='ltr'>ποιείτωσαν</span> 
     </span>
    </p>
   </div>
   <div class='ocr_carea' id='block_1_110' title="bbox 1948 5651 2183 5713">
    <p class='ocr_par' dir='ltr' id='par_1_110' title="bbox 1948 5651 2183 5713">
     <span class='ocr_line' id='line_1_110' title="bbox 1948 5651 2183 5713; baseline 0.03 -7"><span class='ocrx_word' id='word_1_724' title='bbox 1948 5651 2183 5713; x_wconf 67' lang='lat' dir='ltr'><strong>NOTAE.</strong></span> 
     </span>
    </p>
   </div>
   <div class='ocr_carea' id='block_1_111' title="bbox 510 5737 1705 5804">
    <p class='ocr_par' dir='ltr' id='par_1_111' title="bbox 510 5737 1705 5804">
     <span class='ocr_line' id='line_1_111' title="bbox 510 5737 1705 5804; baseline 0.007 -13"><span class='ocrx_word' id='word_1_725' title='bbox 510 5739 623 5804; x_wconf 74' lang='lat'><strong>(39)</strong></span> <span class='ocrx_word' id='word_1_726' title='bbox 661 5738 772 5791; x_wconf 87' lang='grc' dir='ltr'><strong>Τοῦ</strong></span> <span class='ocrx_word' id='word_1_727' title='bbox 802 5738 1081 5792; x_wconf 72' lang='grc' dir='ltr'>τούλδου.</span> <span class='ocrx_word' id='word_1_728' title='bbox 1108 5737 1319 5802; x_wconf 87' lang='lat' dir='ltr'><strong>Scribe,</strong></span> <span class='ocrx_word' id='word_1_729' title='bbox 1344 5737 1437 5792; x_wconf 84' lang='grc' dir='ltr'>τοῦ</span> <span class='ocrx_word' id='word_1_730' title='bbox 1471 5740 1705 5799; x_wconf 84' lang='grc' dir='ltr'>τοῦλδον.</span> 
     </span>
    </p>
   </div>
   <div class='ocr_carea' id='block_1_112' title="bbox 434 5805 1415 5875">
    <p class='ocr_par' dir='ltr' id='par_1_112' title="bbox 434 5805 1415 5875">
     <span class='ocr_line' id='line_1_112' title="bbox 434 5805 1415 5875; baseline 0.003 -16"><span class='ocrx_word' id='word_1_731' title='bbox 434 5838 439 5841; x_wconf 98' lang='grc'><strong>-</strong></span> <span class='ocrx_word' id='word_1_732' title='bbox 508 5805 623 5874; x_wconf 76' lang='grc'><strong>(40)</strong></span> <span class='ocrx_word' id='word_1_733' title='bbox 667 5808 907 5863; x_wconf 77' lang='grc' dir='ltr'>Τοῦδον.</span> <span class='ocrx_word' id='word_1_734' title='bbox 943 5806 1154 5875; x_wconf 86' lang='lat' dir='ltr'><strong>Scribe,</strong></span> <span class='ocrx_word' id='word_1_735' title='bbox 1180 5808 1415 5862; x_wconf 81' lang='grc' dir='ltr'>τοῦλδον.</span> 
     </span>
    </p>
   </div>
   <div class='ocr_carea' id='block_1_113' title="bbox 2187 5754 3590 5833">
    <p class='ocr_par' dir='ltr' id='par_1_113' title="bbox 2187 5754 3590 5833">
     <span class='ocr_line' id='line_1_113' title="bbox 2187 5754 3590 5833; baseline 0.006 -25"><span class='ocrx_word' id='word_1_736' title='bbox 2187 5754 2300 5827; x_wconf 73' lang='grc' dir='ltr'>(ιι)</span> <span class='ocrx_word' id='word_1_737' title='bbox 2334 5758 2873 5825; x_wconf 77' lang='grc' dir='ltr'>Παρασκεύαστον.</span> <span class='ocrx_word' id='word_1_738' title='bbox 2908 5759 3121 5831; x_wconf 83' lang='lat' dir='ltr'><strong>Scribe,</strong></span> <span class='ocrx_word' id='word_1_739' title='bbox 3149 5760 3590 5833; x_wconf 83' lang='grc' dir='ltr'>παρασκεύασον.</span> 
     </span>
    </p>
   </div>
  </div>
