4090 6432
325 319 429 384 929

1403 317 1735 381 TACTICA.
1765 339 1833 351 —
1865 312 2371 375 CONSTITUTIO
2401 309 2588 375 XVII.

3491 305 3597 370 930

329 432 649 505 πρεπόντως
701 431 797 487 τοῦ
848 433 1082 504 τάφρου.
1112 432 1175 489 Οἱ
1199 433 1256 487 δὲ
1289 434 1639 503 ὲζάπληκτοι,
1672 433 1839 503 ἤγουν
1865 428 1914 482 οἱ

2043 437 2205 484 lutcm
2261 428 2487 492 milites,
2530 426 2583 481 id
2639 434 2743 491 est,
2793 426 2887 496 qui
2946 425 3099 495 gravi
3153 432 3429 480 armatura
3486 441 3598 481 non

328 523 654 594 εὐπλήκτως
700 522 832 576 ἄνευ
883 523 1085 593 βάρους
1119 525 1551 596 περιπατοῦντες
1581 524 1781 586 πάντες
1809 522 1916 577 ἀπὸ

329 615 514 682 ὀλίγου
545 614 920 686 διαστήματος
974 615 1183 681 ἕτοιμοι
1228 616 1602 689 στηκέτωσαν,
1639 617 1737 669 καὶ
1791 614 1915 668 τότε

329 707 428 776 τὴν
459 705 772 775 ἀποσκευὴν
823 706 965 759 κατά
1015 706 1168 771 τάξιν
1213 707 1563 779 είσέρχεσθαι
1610 707 1705 761 καὶ
1753 706 1915 760 ἀπλι-

331 797 538 852 κεύειν.
594 799 705 852 Καὶ
733 798 862 855 ὅταν
910 798 1193 872 ἀπολύσῃς
1224 801 1319 854 καὶ
1362 800 1464 864 τὰς
1518 799 1740 871 βουλὰς,
1795 799 1919 851 τότε

332 888 773 959 εἰσερχέσθωσαν
797 890 892 943 καὶ
925 890 1085 943 αὐτοὶ
1106 892 1154 944 οἱ
1181 891 1418 958 ὁπλῖται,
1450 891 1593 946 κατά
1626 891 1800 957 τάξιν,
1826 891 1923 944 καὶ

334 979 799 1048 ἁπλικευέτωσαν,
823 980 1004 1046 καθώς
1026 998 1108 1036 σοι
1137 982 1230 1037 καὶ
1255 984 1313 1038 ὲν
1333 982 1411 1054 τῷ
1434 983 1569 1053 Περὶ
1596 982 1922 1049 ἀπλήκτων

336 1072 482 1141 λόγῳ
512 1071 896 1142 διεταξάμεθα.

412 1165 504 1229 ξδ’.
561 1165 692 1219 Ἐὰν
727 1165 784 1218 δὲ
819 1166 1047 1237 πλησίον
1085 1168 1160 1239 μή
1191 1168 1327 1223 εἰσιν
1373 1167 1583 1239 ἐχθροὶ,
1620 1167 1781 1238 ἀρκεῖ
1828 1168 1925 1219 καὶ

336 1258 403 1311 δι’
433 1256 550 1320 ὲνὺς
580 1256 850 1329 δρούγγου
890 1258 1051 1314 τοῦτο
1075 1260 1321 1328 γίνεσθαι
1345 1260 1406 1314 τὸ
1436 1261 1623 1330 σχῆμα
1646 1276 1659 1290 ·
1705 1260 1801 1312 καὶ
1831 1256 1927 1311 οὖ-

339 1366 446 1414 τως
476 1348 703 1403 ἐκείνων
739 1350 1047 1422 ἱσταμένων
1075 1354 1200 1418 τοὺς
1229 1351 1448 1416 λοιποὺς
1477 1350 1817 1406 ἁπλικεύειν.

414 1525 506 1592 ξεν.
552 1527 796 1598 Ἐχθρῶν
819 1527 875 1581 δὲ
910 1529 1264 1597 ἐγγιζόντων,
1298 1531 1393 1586 καὶ
1418 1530 1679 1585 σύστασιν
1712 1526 1929 1585 ποιοῦν·

339 1635 470 1683 των,
505 1619 537 1691 ἢ
569 1620 947 1690 ὀχυρωμάτων
971 1623 1222 1691 πλησίον,
1251 1624 1284 1696 ἢ
1312 1623 1463 1696 ὕλης,
1488 1624 1522 1695 ἢ
1546 1626 1710 1678 τόπου
1741 1625 1931 1694 δυσχε-

348 1708 493 1780 ροῦς,
532 1712 606 1780 μὴ
629 1711 799 1782 ἀφίῃς
820 1712 895 1776 ὡς
932 1712 1089 1784 ἔτυχε
1123 1715 1275 1779 τινὰς
1305 1715 1522 1787 βόσκειν
1550 1716 1677 1780 τοὺς
1702 1716 1929 1779 ἵππους,

344 1802 480 1855 ἀλλὰ
514 1803 605 1855 καὶ
637 1803 735 1866 τὰς
784 1803 975 1874 βίγλας
1016 1807 1271 1876 ἀσφαλῶς
1321 1806 1529 1877 πέμπε,
1564 1807 1660 1859 καὶ
1685 1806 1776 1878 ἔχε
1829 1806 1931 1874 μὲν

343 1895 470 1956 τοὺς
494 1894 693 1960 ἵππους
730 1898 787 1949 έν
822 1898 902 1969 τῷ
935 1899 1161 1969 χάρακι.
1196 1900 1532 1963 Σπουδάζειν
1560 1898 1617 1952 δὲ
1651 1896 1792 1952 ὥστε
1820 1900 1932 1953 ἀπὸ

343 1988 544 2058 χειρῶν
592 1990 846 2058 συνάγειν
895 1993 959 2044 ὲκ
1002 1993 1109 2046 τῶν
1158 1992 1565 2063 εὑρισκομένων
1612 1991 1840 2062 καρπῶν
1872 1994 1930 2047 ἐν

342 2084 455 2145 τοῖς
492 2081 723 2152 πλησίον
749 2083 993 2155 χωρίοις,
1025 2083 1119 2137 τοῦ
1148 2101 1208 2148 τε
1242 2086 1438 2156 χόρτου
1469 2086 1563 2139 καὶ
1589 2084 1700 2138 τῶν
1725 2084 1932 2156 κριθῶν

343 2172 442 2243 τὴν
478 2173 747 2246 συλλογὴν
779 2176 1056 2231 ποιεῖσθαι
1086 2174 1281 2242 οὕτως,
1308 2176 1451 2231 ὥστε
1484 2177 1624 2247 μετὰ
1654 2176 1763 2229 τῶν
1792 2176 1932 2230 παλ-

344 2265 615 2336 λικαρίων
660 2266 754 2319 τοῦ
786 2266 1006 2321 τούλδου
1044 2268 1372 2339 εὐπλήκτως
1400 2268 1517 2339 (42)
1545 2269 1654 2323 ἀπὸ
1700 2268 1932 2323 ἑκάστου

350 2358 552 2428 μέρους
584 2357 953 2429 συνέρχωνται
979 2359 1318 2430 ὡπλισμένοι
1344 2361 1681 2431 στρατιῶται
1710 2361 1768 2413 ἐν
1784 2359 1935 2423 τάξει

348 2448 781 2520 περιπατοῦντες
811 2450 901 2504 διὰ
937 2450 1034 2515 τὰς
1069 2451 1372 2520 αἰφνιδίους
1430 2451 1540 2506 τῶν
1575 2450 1789 2521 ἐχθρῶν
1842 2452 1937 2503 ἐπ-

350 2544 616 2608 ελεύσεις.

422 2635 531 2702 ξς¹.
581 2636 708 2691 Ἐὰν
758 2637 815 2691 δὲ
874 2638 1133 2711 χρονίσῃς
1165 2640 1243 2711 τῷ
1294 2639 1484 2711 τόπῳ,
1516 2639 1611 2693 καὶ
1658 2640 1688 2693 ὁ
1748 2638 1938 2710 καιρὸς

352 2729 663 2798 ἐπιτήδειός
688 2732 828 2795 ἐστι,
862 2732 957 2784 καὶ
973 2733 1002 2784 ὀ
1031 2732 1194 2794 τόπος
1216 2730 1418 2802 ὁμοίως
1436 2731 1573 2801 πρὸς
1599 2730 1939 2802 ἀποτροφᾶκ,

355 2819 473 2872 ἔστι
505 2818 564 2871 δὲ
600 2820 696 2874 καὶ
722 2822 755 2890 ἡ
791 2820 1022 2892 δύναμις
1070 2822 1181 2874 τῶν
1230 2821 1444 2893 ἐχθρῶν
1489 2821 1599 2876 ἀπὸ
1640 2822 1938 2892 μακρόθεν,

353 2911 476 2963 τότε
535 2910 760 2964 δυνατόν
813 2913 963 2965 ἐστιν
1018 2912 1312 2981 βόσκεσθαι
1344 2914 1471 2977 τοὺς
1505 2914 1706 2977 ἵππους
1751 2912 1941 2983 βίγλας

352 3003 549 3074 διπλῆς
578 3005 673 3057 καὶ
702 3005 939 3074 τριπλῆς
970 3005 1234 3069 πολλάκις
1275 3006 1641 3075 πεμπομένης
1690 3006 1803 3074 (43)
1835 3004 1944 3059 ἀπὸ

358 3093 573 3148 πολλῶν
613 3094 1004 3165 διαστημάτων
1041 3097 1136 3150 καὶ
1166 3095 1373 3166 ταύτης
1429 3095 1641 3165 συχνῶς
1673 3096 1942 3151 ἀλλάσσο-

360 3204 553 3257 μενης.

432 3277 528 3342 EC.
575 3276 699 3332 Ἐὰν
729 3277 786 3332 δέ
820 3294 974 3342 τινας
1004 3279 1099 3333 ἐπὶ
1134 3280 1371 3351 πραῖδαν
1393 3280 1586 3353 τάξῃς,
1617 3272 1764 3333 οὗτοι
1786 3277 1940 3349 μόνοι

358 3368 792 3440 ὲξερχέσθωσαν.
836 3371 900 3423 Εἰ
938 3370 996 3423 δέ
1065 3388 1212 3435 τινες
1265 3371 1376 3424 τῶν
1423 3370 1771 3442 στρατιωτῶν
1820 3371 1943 3422 sm-

364 3460 633 3531 μιχθῶσιν
687 3462 875 3527 αὐτοῖς
935 3461 1041 3534 ἰδίᾳ
1085 3463 1340 3535 εὐθεντία
1394 3464 1644 3535 ποιήσεις
1691 3461 1945 3531 γενέσθαι

359 3551 663 3617 διαλαλιὰν,
696 3551 838 3606 ὥστε
869 3552 1078 3624 μηδένα
1104 3554 1294 3626 ἕτερον
1323 3554 1464 3625 πλὴν
1489 3555 1598 3608 τῶν
1624 3553 1946 3624 ὡρισμένων

361 3642 600 3707 ἐξελθεῖν
629 3646 710 3709 εἰς
749 3645 848 3717 τὴν
882 3644 1141 3714 πραῖδαν.
1178 3646 1290 3699 Καὶ
1322 3646 1442 3699 τότε
1473 3645 1614 3716 μετὰ
1650 3630 1719 3697 τό
1743 3644 1947 3714 μανδά-

360 3752 453 3787 τον
480 3735 605 3797 τοὺς
635 3735 1055 3807 παρακούοντας
1100 3736 1423 3807 συνέχεσθαι
1451 3739 1546 3790 καὶ⁵
1577 3735 1947 3807 παραπέμπε-

364 3821 492 3875 σθαι
545 3824 658 3886 τοῖς
708 3824 859 3887 ἰδίοις
899 3824 1079 3877 αὐτῶν
1114 3824 1376 3898 ἄρχουσιν
1410 3827 1490 3889 εἰς
1518 3825 1580 3877 τὸ
1616 3823 1951 3895 σωφρονίζε-

366 3916 514 3981 σθαι,
547 3916 636 3971 ἵνα
669 3917 744 3988 μὴ
782 3920 829 3972 οἱ
874 3918 1052 3973 λοιποὶ
1096 3919 1465 3991 λαμϐάνοντες
1494 3919 1700 3985 ἄδειαν,
1746 3918 1839 3972 καὶ
1873 3920 1952 3983 εἰς

366 4007 628 4077 ἁρπαγὴν
675 4008 1049 4079 ἐκτρέχοντες,
1092 4009 1422 4081 γυμνώσωσί
1458 4027 1517 4063 σε
1547 4010 1656 4063 ἀπὸ
1688 4010 1947 4081 στρατοῦ,

365 4100 462 4152 καὶ
498 4101 822 4174 κινδυνεύσῃ
851 4102 971 4166 ὅλος
1002 4104 1030 4156 ὁ
1054 4102 1203 4167 λαός.

441 4189 541 4261 ξη’.
590 4191 902 4262 ’Δκρίϐειαν
944 4193 1001 4247 δὲ
1049 4193 1144 4248 καὶ
1187 4195 1487 4265 ἀσφάλειαν
1537 4194 1626 4267 ἔχε
1654 4235 1670 4260 ,
1718 4194 1809 4248 ἶνα
1855 4192 1951 4247 ἐὰν

366 4281 507 4354 τύχῃ
543 4285 637 4337 καὶ
668 4285 936 4356 εὑρεθῇ-ἢ
966 4279 1131 4351 οἶνος,
1157 4287 1190 4358 ἢ
1223 4287 1411 4357 ἄρτος,
1447 4286 1521 4359 μὴ
1540 4286 1774 4359 τρώγειν
1796 4286 1956 4340 αὐτὸν

367 4375 465 4428 καὶ
504 4377 683 4429 πίνειν
735 4377 843 4447 πρὸ
873 4377 1095 4446 πείρας,
1128 4378 1222 4432 ἐὰν
1270 4378 1347 4449 μὴ
1399 4379 1665 4450 πρότερον
1711 4378 1799 4431 διὰ
1848 4376 1957 4429 τῶν

2021 532 2270 583 utuntur,
2301 535 2495 576 omnes
2517 534 2684 589 parvo
2731 519 3020 573 intervallo
3053 518 3311 572 instructi
3364 521 3432 572 ab
3490 517 3599 573 illis

2022 616 2244 680 distent,
2288 622 2516 684 tumque
2554 620 2851 682 apparatus
2892 619 2948 666 et
3006 611 3398 683 impedimenta
3420 627 3484 666 ex
3510 627 3603 666 or-

2023 707 2151 763 dine
2187 706 2570 775 ingrediantur
2610 707 2663 761 in
2690 714 2913 761 castra:
2955 704 3049 760 ubi
3106 712 3289 759 autem
3339 704 3603 759 excubias

2024 798 2357 867 vigiliasque
2409 795 2685 863 emiseris,
2719 804 2851 850 tunc
2911 795 3113 849 armati
3145 794 3250 865 ipsi
3280 810 3345 849 ex
3407 793 3604 849 ordine

2027 890 2405 961 ingrediantur
2431 896 2485 943 et
2511 900 2694 944 castra
2733 896 2960 959 ponant,
3019 887 3482 957 quemadmodum
3505 886 3603 941 tibi

2028 984 2083 1037 in
2113 997 2237 1053 cap.
2280 981 2351 1035 De
2380 982 2573 1036 castris
2600 980 2853 1050 ponendis
2880 979 3271 1050 explicuimus.

2100 1160 2192 1216 64.
2220 1159 2316 1215 Sin
2362 1158 2552 1215 hostes
2607 1174 2779 1230 prope
2822 1173 2931 1213 non
2974 1156 3275 1222 adfuerint,
3328 1156 3466 1213 satis
3502 1155 3610 1211 erit

2033 1270 2143 1310 uno
2166 1253 2406 1323 drungo,
2446 1253 2497 1307 id
2535 1262 2645 1318 est,
2696 1252 2925 1308 cohorte
2967 1251 3252 1314 milliaria,
3304 1249 3610 1306 instructos

2033 1343 2175 1397 hanc
2202 1344 2433 1397 formam
2463 1342 2771 1408 observari,
2807 1351 2866 1396 ut
2895 1355 2959 1396 ea
2984 1341 3450 1410 quemadmodum
3476 1358 3615 1413 prae-

2033 1432 2277 1487 diximus
2307 1432 2670 1496 consistente,
2703 1430 2903 1500 reliqui
2948 1439 3132 1486 castra
3163 1440 3392 1502 ponant.

2106 1524 2196 1580 65.
2221 1523 2485 1580 Hostibus
2535 1524 2648 1594 jam
2680 1523 3123 1587 imminentibus,
3158 1534 3323 1594 atque
3356 1542 3526 1581 unum
3562 1526 3619 1581 in

2035 1618 2214 1673 locum
2252 1631 2423 1687 prope
2454 1616 2823 1688 congregatis,
2852 1616 2899 1671 si
2937 1616 3173 1671 munitio
3220 1619 3403 1688 aliqua
3439 1634 3610 1689 prope

2041 1710 2228 1774 fuerit,
2293 1717 2389 1763 aut
2425 1709 2611 1779 aliqua
2674 1710 2921 1763 locorum
2988 1708 3304 1776 difﬁcultas,
3335 1726 3403 1766 ne
3445 1726 3621 1781 equos

1966 1781 2005 1835 Β
2038 1812 2244 1857 temere
2270 1800 2336 1855 ad
2362 1810 2579 1872 pastum
2607 1800 2782 1855 emitti
2816 1800 2991 1866 sinas,
3022 1802 3117 1858 sed
3141 1809 3196 1857 et
3221 1803 3481 1860 excubias
3504 1812 3625 1859 tuto

2041 1896 2218 1959 mitte,
2241 1910 2414 1965 equos
2446 1903 2629 1949 autem
2662 1893 2807 1948 intra
2833 1894 2957 1949 valli
2996 1895 3265 1950 ambitum
3300 1895 3499 1951 retine.
3534 1894 3629 1949 Ef-

2042 1990 2142 2044 fice
2193 1997 2373 2043 autem
2403 1995 2463 2041 ut
2486 1987 2741 2042 manibus
2767 1988 2885 2044 suis
2914 1988 3062 2057 quod
3108 1988 3373 2044 frumenti
3404 1989 3623 2059 pabuli-

2042 2097 2147 2151 que
2178 2090 2287 2145 est,
2332 2080 2581 2136 Iinitimis
2611 2081 2664 2136 in
2691 2081 2830 2136 locis
2862 2089 3217 2152 congregem,
3269 2082 3362 2137 sed
3413 2083 3510 2147 ita,
3569 2090 3628 2135 ut

2041 2189 2167 2229 cum
2234 2156 2756 2244 impedimentorum
2823 2172 3167 2229 administris
3236 2174 3497 2229 omnibus
3558 2188 3627 2227 ex

2044 2266 2299 2338 partibus
2349 2266 2544 2321 armati
2575 2266 2777 2323 milites
2825 2266 3037 2321 circum
3072 2267 3198 2323 illos
3246 2266 3626 2331 obambulent,

2046 2360 2110 2413 ad
2138 2360 2351 2416 subitas
2375 2359 2617 2415 hostium
2662 2361 3011 2416 incursiones
3062 2360 3427 2431 repellendas.

2120 2614 2209 2668 66.
2248 2614 2346 2670 Sin
2380 2631 2491 2669 uno
2520 2615 2575 2670 in
2614 2616 2738 2672 loco
2782 2614 2991 2672 diutius
3026 2624 3405 2672 commoratus
3438 2614 3631 2679 fueris,

2049 2716 2102 2763 et
2132 2719 2351 2778 tempus
2381 2708 2642 2763 idoneum
2682 2710 2949 2780 locusque
2980 2709 3240 2765 similiter
3264 2709 3331 2764 ad
3373 2710 3634 2765 alimenta

2051 2810 2399 2870 Opportunus
2424 2809 2533 2865 est,
2563 2801 2917 2871 hostiumque
2950 2803 3124 2872 capia:
3175 2802 3395 2860 eminus
3433 2803 3630 2858 abfue-

2060 2892 2193 2956 riut,
2233 2893 2358 2961 equi
2423 2900 2537 2945 tum
2594 2891 2662 2946 ad
2723 2899 2944 2961 pastum
2974 2894 3323 2957 emittantur,
3381 2894 3633 2950 excubiis

2052 2982 2267 3037 duabus
2302 2989 2396 3036 aut
2424 2983 2603 3037 tribus
2628 2983 2792 3054 longo
2816 2984 3110 3038 intervallo
3139 2984 3363 3041 emissis
3388 2985 3636 3056 frequen-

2053 3083 2244 3145 terque
2281 3077 2657 3131 commutatis.

2117 3257 2207 3312 67.
2243 3257 2461 3329 Siquos
2493 3259 2559 3313 ad
2594 3260 2829 3329 praedam
2869 3259 3121 3315 emiseris
3146 3298 3160 3324 ,
3186 3258 3239 3313 hi
3290 3258 3393 3313 soli
3421 3271 3637 3315 exeant.

2047 3348 2142 3403 Sin
2164 3350 2384 3419 quidam
2412 3364 2479 3405 ex
2509 3350 2779 3407 militibus
2807 3351 2916 3405 illis
2941 3350 3159 3406 admisti
3179 3350 3407 3418 fuerint,
3422 3353 3641 3423 propria

2047 3450 2137 3495 tua
2175 3441 2504 3497 auctoritate
2528 3443 2845 3498 mandatum
2895 3442 3165 3515 divulgari
3214 3443 3420 3513 facies,
3452 3453 3505 3501 ut
3539 3461 3639 3503 nec

2050 3547 2139 3585 mo
2164 3534 2307 3588 alius
2337 3542 2533 3603 praeter
2568 3549 2663 3588 eos
2708 3534 2802 3605 qui
2856 3534 3142 3591 constituti
3189 3546 3323 3593 sunt
3390 3540 3457 3593 ad
3500 3554 3640 3609 prai-

2049 3627 2290 3681 dandum
2332 3638 2511 3682 exeat.
2544 3627 2675 3683 Post
2699 3629 2801 3682 hoc
2832 3630 3151 3684 mandatum
3215 3631 3260 3686 si
3305 3631 3400 3702 qui
3454 3640 3644 3687 trans-

2052 3734 2339 3790 gressores
2367 3719 2595 3785 fuerint,
2636 3722 2951 3791 capiantur,
2998 3731 3053 3778 et
3096 3724 3163 3777 ad
3224 3739 3359 3779 suos
3392 3725 3640 3795 ipsorum

2053 3812 2340 3882 praefectos
2377 3813 2690 3878 mittantur,
2726 3821 2785 3868 ut
2807 3813 2878 3868 ab
2910 3814 3018 3869 illis
3066 3816 3432 3886 castigentur,
3466 3830 3556 3882 ne,
3595 3816 3639 3869 si

2055 3905 2312 3976 impuniti
2353 3905 2485 3971 sint,
2517 3906 2722 3976 reliqui
2774 3922 2900 3961 cum
2937 3908 3241 3963 securitate
3286 3908 3526 3978 quadam
3572 3910 3641 3962 ad

2054 3996 2415 4065 prmdandum
2457 4006 2842 4064 excurrentes,
2874 3998 3139 4054 deserant
3190 3999 3519 4061 exercitum,
3559 4008 3641 4052 at-

2056 4102 2163 4156 que
2202 4087 2339 4142 adeo
2374 4087 2427 4142 in
2462 4088 2709 4157 periculo
2738 4090 3023 4145 exercitus
3066 4092 3147 4146 sic
3178 4092 3410 4148 relictus
3437 4093 3530 4149 sit.

2129 4178 2219 4235 68.
2252 4180 2536 4250 Exquisite
2562 4181 2962 4252 diligenterque
2996 4184 3333 4253 providebis,
3390 4194 3451 4241 ut
3486 4188 3532 4243 si
3563 4190 3643 4241 vi-

2059 4290 2189 4328 num
2226 4282 2319 4329 aut
2351 4274 2508 4344 panis
2536 4274 2871 4341 inveniatur,
2893 4291 3001 4330 non
3027 4276 3323 4332 confestim
3356 4278 3522 4333 edant
3551 4293 3645 4337 aut

2059 4366 2271 4433 bibant,
2309 4367 2414 4422 nisi
2432 4382 2528 4437 per
2557 4368 2806 4439 captivos
2826 4369 2980 4439 prius
3006 4372 3399 4440 exploraveris,
3430 4384 3643 4429 utrum-

366 4468 732 4537 αἰχμαλώτων
771 4467 1084 4541 δοκιμάσῃς
1110 4469 1297 4524 αὐτόν.
1338 4471 1450 4523 Καὶ
1475 4469 1653 4533 οὕτως
1682 4469 1939 4540 εὑρίσκωι

2060 4475 2129 4514 ne
2162 4459 2408 4514 salubria
2464 4467 2628 4531 atque
2678 4460 2890 4533 integra
2924 4462 3068 4517 sint:
3101 4462 3249 4534 quod
3303 4465 3348 4519 si
3383 4466 3458 4520 ita
3509 4480 3639 4521 esse

367 4558 553 4630 ἀπαθῆ
616 4559 709 4613 καὶ
740 4559 891 4630 ὑγιῆ,
943 4560 1066 4614 τότε
1129 4561 1379 4630 ποιήσεις
1439 4560 1752 4632 χρήσασθαι
1818 4560 1939 4613 αὖτέ

2062 4552 2360 4618 inveneris,
2414 4561 2529 4608 tum
2587 4552 2847 4608 fruantur
2872 4554 2980 4611 illis
3014 4556 3245 4612 milites.
3298 4554 3404 4611 Sed
3463 4572 3645 4626 neque

366 4651 497 4712 τοὺς
541 4648 902 4719 στρατιώτας.
952 4650 1118 4704 Ἀλλὰ
1174 4650 1311 4722 μηδὲ
1350 4648 1413 4703 τὸ
1468 4652 1528 4702 ὲν
1558 4652 1671 4714 τοῖς
1726 4650 1939 4721 φρέασιι

2060 4659 2201 4712 aqua
2227 4643 2280 4698 in
2306 4646 2487 4715 puteis
2514 4652 2610 4699 aut
2646 4646 2915 4703 cisternis
2968 4657 3065 4701 aut
3088 4648 3215 4703 aliis
3250 4647 3305 4700 in
3351 4647 3500 4701 vasis
3533 4648 3642 4701 nisi
3724 4670 3731 4681 ν

369 4739 536 4811 ὕδωρ,
557 4741 589 4812 ἢ
614 4742 982 4813 κινστέρναις,
1011 4742 1043 4814 ἢ
1069 4743 1315 4810 λάκκοις,
1340 4743 1372 4814 ἢ
1400 4745 1455 4796 ἐν
1481 4743 1656 4808 ἄλλοις
1684 4742 1957 4812 ἀγγείοις⁶

367 4831 635 4896 πολλάκις
677 4833 786 4904 γὰρ
814 4833 903 4887 διὰ
933 4834 1242 4906 φαρμάκων
1267 4832 1644 4904 ἀφανίζονται,
1669 4835 1762 4887 καὶ
1796 4833 1960 4887 θαναο

366 4924 585 4994 τηφόρα
617 4927 850 4992 γίνεται.

443 5015 540 5080 ξθν.
574 5015 896 5087 Εὐρέθησαν
925 5015 1033 5086 γάρ
1066 5033 1197 5069 ποτε
1236 5016 1332 5071 καὶ
1361 5016 1552 5088 κριθαὶ
1590 5015 1764 5079 οὕτως
1813 5034 1956 5088 φαρ-

371 5108 758 5177 μακευθεῖσαι,
792 5111 887 5163 καὶ
924 5111 1002 5180 μὴ
1034 5110 1268 5179 ἐχόντων
1297 5109 1521 5164 ἄλλοθεν
1544 5110 1653 5163 τῶν
1686 5128 1954 5181 στρατιω-

369 5201 479 5253 τῶν
505 5204 619 5265 τοῖς
651 5202 871 5269 ἀλόγοις
918 5203 1261 5273 ἀποτροφὴν,
1286 5203 1714 5273 ἠναγκάσθησαν
1740 5204 1952 5256 ἐκεῖθεν

368 5294 555 5356 αὐτοῖς
591 5293 931 5364 παραλαϐεῖν
964 5295 1191 5365 τροφὴν,
1231 5294 1324 5346 καὶ
1350 5294 1451 5346 οὑκ
1480 5294 1648 5361 ὀλίγοι
1680 5292 1767 5346 διὰ
1796 5290 1953 5343 τοῦτο

370 5386 526 5440 ἵπποι
559 5386 861 5441 ἀπώλοντο.

2056 4739 2339 4807 explorato
2369 4748 2810 4810 utanturzsmpe
2858 4741 3005 4795 enim
3057 4755 3268 4796 veneno
3321 4740 3641 4809 hujusmodi

2060 4831 2411 4897 iuficiuntur,
2442 4840 2496 4887 et
2518 4832 2739 4887 lethalia
2776 4840 2926 4888 sunt.

2127 5013 2219 5068 69.
2291 5013 2563 5069 llordeum
2600 5013 2744 5068 cnim
2788 5028 2933 5084 saepe
2975 5014 3057 5069 sic
3105 5027 3317 5069 veneno
3370 5012 3642 5068 imbutum

2057 5107 2462 5171 inveniebatur,
2495 5117 2548 5161 et
2584 5120 2708 5159 cum
2733 5106 2950 5175 reliquo
2986 5106 3189 5176 pabulo
3241 5105 3638 5169 deﬁcerentur,

2059 5202 2259 5256 milites
2311 5200 2378 5255 ad
2428 5215 2600 5269 equos
2659 5199 3058 5268 asiiortandos,
3096 5200 3224 5255 inde
3270 5200 3593 5269 pabulantes
3623 5238 3639 5263 ,

2055 5293 2326 5363 equisque
2358 5290 2673 5358 aﬂereutes,
2703 5291 3018 5362 complures
3052 5307 3226 5363 equos
3260 5290 3639 5362 perdiderunt.

1886 5495 2119 5553 ΝΟΤᾸΞ.

445 5596 557 5666 (ιε)
606 5596 1009 5663 Εὑπλήκτωςν
1050 5595 1265 5658 Scribe,
1301 5592 1679 5666 ὲξαπλὴκτως.
1732 5591 1955 5666 Quade

368 5684 507 5720 voce
540 5662 715 5736 supra
757 5682 785 5720 a
835 5683 919 5719 me
952 5662 1156 5721 dictum
1195 5676 1298 5721 est.
1341 5668 1403 5719 Et
1427 5680 1551 5736 mox
1576 5664 1819 5736 iterum§
1862 5662 1953 5728 7i,

367 5734 708 5810 εὐπλήκτὸυς
744 5739 839 5790 καὶ
872 5738 1132 5800 εὐόπλους
1192 5738 1406 5802 Scribe,
1432 5734 1832 5805 ἐξαπλήκτους,
1859 5736 1953 5788 καὶ

650 5833 919 5895 Ριιιιῑοι.
959 5833 1071 5895 GR.
1111 5834 1288 5921 CH].

2065 5592 2358 5734 ευῖῗὲῖυῦὶ
2389 5660 2645 5729 superius
2666 5661 2950 5717 innuimus
2975 5662 3203 5717 mutilus
3235 5668 3319 5716 est
3341 5660 3646 5734 superiori-

2065 5731 2167 5790 bus
2202 5731 2561 5806 paragraphis
2602 5734 2793 5803 codex,
2822 5750 2997 5805 usque
3023 5733 3087 5790 ad
3118 5732 3520 5805 paragraphum
3550 5731 3642 5785 67.

3214 5826 3289 5887 30
