4090 6442
457 341 554 404 931

1724 335 1918 394 LEON
1927 335 1997 394 IS
2030 335 2157 394 ΡΙΙῘ
2171 335 2492 398 LOSOPHI

3607 336 3714 400 932

531 455 618 508 70.
658 450 951 519 Prmcipies
987 447 1152 505 etiam
1205 450 1495 514 exercitui,
1564 448 2028 517 quemadmodum

2211 459 2273 504 θ’.
2311 449 2699 522 Παραγγείλῃς
2727 448 2781 501 δὲ
2814 445 2890 517 τῷ
2928 447 3142 519 στρατῷ
3169 447 3348 510 καθὼς
3383 447 3440 500 ἐν
3470 446 3547 517 τῷ
3575 452 3716 516 Πειί

467 550 521 602 in
578 545 757 614 capite
796 542 874 596 De
924 543 1113 595 itinere
1173 541 1415 608 faciendo
1461 541 1848 610 explicuimus,
1885 549 1939 593 ut
1983 539 2028 591 si

460 654 602 708 saepe
632 635 898 690 tumultus
927 633 1126 701 aliquis
1162 641 1256 687 aut
1289 633 1633 702 perturbatio
1681 632 1732 685 in
1773 631 2028 686 exercitu

461 729 643 794 fuerit,
671 741 738 781 ne
761 726 868 779 huc
929 724 1174 794 illucque
1209 724 1485 779 exercitus
1526 722 1927 777 circumcurset
1975 729 2029 775 et

457 814 902 880 circumferatur,
935 813 1031 869 sed
1092 813 1224 867 illuc
1255 819 1420 867 ruant
1452 827 1646 867 omnes
1692 811 1786 865 ubi
1827 809 2029 865 tumut-

456 921 544 965 tus
571 919 687 964 est:
719 923 782 963 ex
807 922 872 962 eo
895 906 1040 961 enim
1059 905 1163 960 'ﬁet
1199 915 1258 960 ut
1309 907 1581 961 adversus
1607 905 1798 959 hostes
1847 903 2026 975 parati

455 1003 586 1069 sint,
624 1000 826 1070 siquid
877 1000 984 1053 tale
1013 999 1314 1069 contingat,
1363 1012 1542 1069 neque
1597 996 1831 1052 confuse
1885 995 2030 1050 inter

454 1107 513 1148 se
542 1100 635 1146 aut
671 1094 984 1160 perturbate
1003 1091 1360 1144 misceantur.

524 1185 553 1236 7
569 1186 585 1236 ι
602 1225 613 1236 .
633 1182 908 1236 Excubias
927 1181 1146 1251 quando
1173 1181 1227 1235 in
1255 1181 1514 1237 hostilem
1533 1191 1733 1236 terram
1752 1179 2024 1246 immittis,

453 1289 563 1328 non
599 1275 777 1329 solum
810 1273 884 1327 in-
905 1275 1236 1328 anteriorem
1263 1280 1471 1342 partem
1498 1271 1743 1335 emittas,
1791 1284 2026 1339 eamque

455 1374 628 1420 tutam
681 1366 1060 1431 conservabis,
1096 1365 1191 1420 sed
1235 1365 1402 1419 etiam
1465 1379 1494 1416 a
1546 1373 1700 1433 tergo
1741 1362 2028 1434 expeditos

453 1465 806 1526 armatosque
835 1455 1066 1520 milites,
1096 1453 1150 1508 id
1183 1461 1291 1519 est,
1317 1453 1542 1509 idoneas
1593 1452 1781 1522 copias
1847 1452 2028 1522 aliquo

452 1565 577 1603 cum
612 1551 844 1604 honesto
901 1547 1158 1618 praefecto
1199 1547 1502 1602 instructas
1542 1547 1677 1617 -(qui
1729 1545 2029 1614 tergistites

452 1640 903 1709 nominabantur)
925 1639 1006 1694 ad
1033 1638 1220 1694 decem
1244 1639 1328 1692 vel
1358 1637 1671 1708 quindecim
1705 1635 2027 1690 milliarium

452 1731 802 1786 intervallum
853 1745 978 1784 cum
1027 1730 1276 1786 excubiis
1338 1729 1622 1784 accuratis
1659 1725 2028 1789 collocabis,

2139 543 2484 611 ὁδοιπορίας
2509 545 2640 612 ἡμῖν
2681 542 2894 613 εἴρηται
2922 543 3084 610 λόγῳ,
3110 541 3196 594 ἵνα
3233 540 3328 594 ἐὰν
3353 541 3427 603 ὡς
3455 541 3716 603 πολλάκις

2138 635 2362 706 γένηται
2403 635 2618 706 ταραχὴ
2648 637 2727 697 εἰς
2765 634 2854 687 τὸν
2877 634 3028 700 λαὸν,
3061 632 3135 705 μὴ
3162 631 3396 701 ἀλλαχοῦ
3417 671 3430 695 ,
3464 625 3566 686 ὧδε
3619 634 3717 686 καὶ

2137 729 2318 781 ἐκεῖσε
2349 727 2566 799 τρέχειν
2611 727 2808 790 αὐτοὺς
2847 726 2940 780 καὶ
2976 723 3408 795 περιφέρεσθαιο
3436 723 3551 776 ἀλλ’
3595 723 3717 776 ἐκεῖ

2136 820 2314 890 δρμᾷν
2358 819 2590 883 πάντας,
2640 819 2774 872 ὅπου
2810 819 2843 887 ἠ
2879 815 3091 886 ταραχὴ
3121 815 3346 882 γέγονεν
3371 830 3384 844 ο
3427 815 3492 866 ἐκ
3523 812 3716 866 τούτου

2137 911 2245 982 γὰρ
2284 910 2379 965 καὶ
2410 910 2546 982 πρὸς
2588 911 2716 973 τοὺς
2747 907 3038 979 πολεμίους
3074 907 3282 972 ἕτοιμοι
3309 905 3576 973 γίνονται,
3617 905 3715 958 ἐάν

2135 1021 2188 1058 τι
2218 1003 2459 1057 τοιοῦτον
2519 1001 2725 1073 συμϐῇ,
2769 1001 2864 1054 καὶ
2915 999 2976 1052 οὐ
3021 998 3401 1068 συμφύρονται
3427 999 3508 1060 εἰς
3549 996 3718 1068 ἀλλή-

2137 1094 2264 1156 λους
2295 1095 2390 1146 καὶ
2415 1092 2761 1162 συγχέονται.

2208 1183 2307 1238 οα’.
2347 1185 2457 1247 Τὰς
2505 1183 2561 1236 δὲ
2609 1182 2803 1253 βίγλας
2833 1181 2997 1252 ἡνίκα
3035 1179 3344 1242 εἰσϐάλλεις
3378 1179 3458 1242 εἰς
3488 1179 3589 1250 τὴν
3621 1195 3718 1231 πο-

2135 1276 2332 1347 λεμίαν
2359 1277 2486 1346 γῆν,
2546 1277 2622 1346 μὴ
2676 1276 2835 1345 μόνον
2880 1272 3027 1326 κατὰ
3075 1272 3136 1325 τὸ
3179 1269 3491 1342 ἔμπροσθεν
3551 1271 3719 1340 μέρος

2135 1370 2470 1443 ἀποστέλλῃς
2518 1369 2774 1434 πάντοτε,
2822 1368 2918 1420 καὶ
2976 1364 3136 1419 τοῦτο
3191 1363 3352 1435 μόνον
3388 1361 3716 1436 ἀσφαλίςῃε,

2135 1461 2274 1516 ἀλλά
2311 1462 2408 1515 καὶ
2461 1461 2601 1514 κατά
2630 1458 2725 1512 τοῦ
2761 1457 2935 1512 νώτου
2981 1456 3205 1511 ὄπισθεν
3250 1455 3593 1525 εὐπληκτους
3621 1454 3718 1506 καί⁵

2136 1553 2397 1618 εὑόπλους
2452 1550 2788 1622 στρατιώτας
2827 1551 2994 1621 ἢγουν
3045 1547 3238 1619 ἱκανὴν
3289 1547 3519 1618 δύναμιν
3579 1546 3720 1616 μετὰ

2135 1644 2412 1717 χρησίμου
2473 1645 2730 1715 ἄρχοντος
2787 1643 3147 1715 παρατασσε,
3198 1641 3325 1704 τοὺς
3387 1639 3717 1710 λεγομένους

2137 1736 2550 1806 νωτοφύλακας,
2609 1735 2686 1799 ῶς
2720 1735 2828 1788 ἀπὸ
2877 1733 3009 1788 δέκα
3048 1731 3240 1804 μιλίων
3279 1731 3315 1803 ἢ
3363 1736 3445 1796 ιε’,
3504 1730 3538 1801 ἦ
3592 1731 3720 1783 ὅσον

451 1832 675 1896 prepter
707 1838 802 1878 eos
832 1822 925 1893 qui
974 1822 1058 1878 vel
1092 1836 1189 1892 per
1228 1820 1631 1885 inlirmitatem,
1664 1820 1745 1876 vel
1805 1818 1913 1874 alia
1957 1817 2026 1874 de

2134 1821 2278 1889 οἶδας
2307 1825 2603 1895 διάστημα,
2645 1823 2786 1894 μετὰ
2817 1822 3007 1892 βίγλας
3031 1820 3317 1890 ἀκριϐοῦς,
3349 1820 3439 1873 διά
3469 1821 3614 1885 τοὺς,
3639 1819 3719 1882 ὡς

449 1930 616 1971 causa
646 1915 954 1977 tardantur,
983 1921 1038 1968 et
1068 1912 1406 1969 deseruntur
1435 1912 1504 1968 ab
1543 1911 1816 1978 exercitu,
1850 1919 1911 1965 ut
1957 1924 2026 1966 ne

452 2010 609 2064 hoste
636 2006 820 2064 subito
850 2005 1217 2077 irrumpentes
1251 2004 1375 2061 illos
1432 2003 1812 2074 intercipiant.

522 2181 610 2238 72.
634 2179 982 2238 lncursioues
1015 2179 1160 2236 enim
1185 2178 1256 2234 ab
1295 2153 1848 2234 hosﬁbusttim-tieri
1890 2191 2032 2232 con-

449 2283 783 2339 sueverunt,
816 2271 1038 2344 quando
1096 2286 1288 2328 secure
1331 2279 1384 2328 et
1427 2271 1547 2326 sine
1610 2269 1803 2323 timore
1850 2276 2030 2323 trans-

448 2375 581 2422 eunt
611 2367 822 2431 hostes,
863 2376 917 2420 et
964 2366 1058 2436 qui
1105 2364 1380 2419 anteriore
1406 2364 1466 2418 in
1503 2371 1657 2433 parte
1721 2369 1874 2426 sunt,
1936 2375 2033 2432 po-

450 2457 736 2512 steriorem
804 2463 1013 2526 partem
1071 2455 1257 2510 minus
1294 2453 1490 2524 juvare
1547 2461 1802 2524 possunt.

522 2547 610 2601 75.
655 2545 769 2601 Iloc
834 2547 879 2602 si
953 2552 1146 2600 nostra
1215 2545 1272 2599 in
1329 2547 1552 2616 regione
1615 2544 1834 2609 feceris,
1888 2542 2032 2598 haud

452 2640 645 2694 inutile
700 2637 886 2700 fuerit,
919 2637 1104 2692 multis
1139 2637 1440 2705 praesertim
1474 2637 1584 2692 huc
1639 2637 1877 2707 illucque
1927 2650 2023 2706 pa-

452 2733 713 2794 lantibus.
779 2737 834 2785 et
896 2737 1097 2800 przeter
1148 2729 1532 2801 praefectorum
1592 2745 1823 2785 suorum
1874 2745 2032 2784 men-

456 2835 565 2880 tem
601 2840 630 2878 a
678 2823 916 2880 statione
959 2837 1057 2877 sua
1107 2822 1527 2877 recedentibus:
1561 2838 1624 2877 ex
1663 2837 1729 2877 eo
1756 2821 1903 2877 enim
1935 2837 2033 2878 co-

451 2930 706 2987 gnosces,
759 2915 853 2985 qni
907 2913 1111 2968 milites
1160 2914 1216 2967 in
1269 2913 1463 2968 ordine
1519 2912 1746 2977 fuerint,
1780 2919 1835 2968 et
1873 2913 2030 2984 quia

452 3010 692 3065 statione
741 3023 841 3063 sua
874 3007 1152 3062 recedant.

520 3100 609 3154 74.
630 3098 703 3154 De
727 3100 970 3152 locorum
1011 3097 1301 3167 angustiis,
1327 3106 1379 3151 et
1419 3096 1730 3154 difficilibus
1773 3100 1840 3153 ad
1863 3108 2035 3154 trans-

451 3191 691 3248 cundmu
713 3190 870 3256 locis,
896 3190 1224 3245 mentionem
1259 3189 1487 3245 fecimus
1515 3190 1567 3243 in
1596 3207 1717 3261 Cap.
1745 3193 1809 3246 de
1840 3192 2032 3247 itinere
2057 3164 2101 3227 C

453 3285 724 3350 faciendo,
765 3299 936 3354 quare
963 3283 1030 3337 de
1067 3283 1172 3338 illis
1214 3282 1409 3336 iterum
1437 3284 1599 3336 verba
1633 3283 1812 3338 facere
1838 3300 2031 3355 super-

453 3392 748 3432 vacaneum
779 3383 884 3440 est,
924 3391 1047 3429 cum
1085 3374 1210 3429 inde
1241 3375 1433 3430 barum
1461 3391 1643 3430 rerum
1673 3391 1867 3446 capere
1899 3391 2028 3446 pos-

453 3471 532 3526 sis
562 3470 954 3540 cognitionem,
989 3475 1048 3523 ut
1090 3483 1158 3523 ne
1195 3476 1397 3524 temere
1425 3477 1478 3523 et
1511 3469 1856 3525 considerate
1901 3485 2030 3524 con—

451 3564 624 3619 densa
664 3561 1015 3632 dilﬁciliaque
1049 3561 1170 3615 loca
1191 3562 1437 3618 transire
1469 3564 1705 3619 coneris.

519 3911 612 3967 75.
651 3910 744 3965 Sin
788 3909 968 3982 aliqua
1003 3909 1306 3966 necessitas
1353 3908 1618 3980 impellat,
1663 3908 2025 3979 quemadmo-

448 4001 579 4058 dum
640 4002 698 4057 in
751 4015 871 4072 cap.
912 4002 978 4056 de
1018 4001 1209 4056 itinere
1259 3999 1511 4056 faciendo
1569 4003 2027 4070 przescripsimus,

449 4109 513 4150 ea
554 4095 738 4150 cautio
800 4095 1107 4150 adhibenda
1158 4101 1244 4149 est
1303 4095 1371 4148 ad
1430 4109 1492 4148 ea
1535 4094 1655 4147 loca
1705 4105 2030 4164 praetergre-

450 4173 673 4251 dicnda,
723 4188 959 4242 maxime
981 4187 1028 4243 si
1064 4187 1119 4240 in
1167 4186 1351 4242 hostili
1405 4196 1550 4240 terra
1585 4185 1776 4251 fueris,
1805 4186 2028 4242 hostes-

451 4289 556 4346 que
608 4277 951 4332 immineant.

524 4365 615 4420 76.
645 4365 703 4420 Si
729 4367 911 4422 hostes
940 4368 993 4421 in
1021 4375 1220 4422 terram
1244 4375 1478 4424 vestram
1503 4369 1820 4440 irruperint,
1853 4386 1921 4426 ne
1945 4385 2030 4424 co-

453 4471 568 4510 ram
615 4466 672 4511 et
697 4464 883 4524 aperte
911 4472 1035 4512 cum
1077 4458 1185 4514 illis
1209 4459 1458 4524 dimices,
1485 4460 1531 4516 si
1557 4463 1641 4516 vel
1672 4463 1910 4531 majores
1942 4463 2022 4517 vel
2055 4498 2108 4557 Β
2137 4491 2215 4543 εἰς

451 4547 690 4617 aequales
722 4547 962 4603 hostium
1023 4549 1195 4619 capiaa
1224 4551 1332 4605 tuis
1368 4551 1592 4616 fuerint,
1623 4555 1716 4608 sed
1750 4554 2026 4610 insidicris

453 4641 658 4710 potius,
701 4641 928 4695 structis
964 4641 1199 4707 insidiis,
1237 4651 1291 4697 et
1327 4644 1448 4699 aliis
1483 4645 1879 4711 molitionibus,
1913 4647 2028 4701 sive

453 4739 614 4786 noctu
641 4731 757 4786 sive
787 4731 1045 4794 interdiu,
1077 4733 1305 4804 viasque
1348 4733 1563 4788 illorum
1593 4736 1869 4797 obstruas.
1906 4754 2028 4791 mu-

455 4823 807 4895 nitionesque
837 4825 1126 4896 anticipes,
1159 4826 1243 4881 vel
1267 4841 1364 4897 per
1399 4822 1639 4896 pedites,
1675 4829 1755 4882 vel
1789 4831 2026 4898 equites,

455 4916 536 4969 vel
585 4931 681 4986 per
739 4927 1020 4987 utrosque,
1055 4927 1109 4976 et
1159 4920 1419 4990 pabulum
1461 4920 1517 4974 in
1549 4921 1730 4976 medio
1773 4921 2024 4978 hostibus

455 5011 692 5078 positum
761 5014 1048 5083 populare.

532 5298 618 5354 77.
648 5299 704 5356 Si
731 5317 856 5358 cum
895 5311 1051 5360 hoste
1105 5307 1396 5377 confligere
1423 5308 1604 5379 cupis,
1656 5315 1772 5362 tum
1843 5311 2027 5378 potius

455 5388 626 5444 facito
681 5394 901 5457 quando
932 5411 960 5447 τι
998 5395 1332 5464 praedatione
1372 5397 1534 5460 redit,
1591 5415 1754 5468 quam
1795 5417 1919 5453 cum
1965 5402 2030 5456 ad

455 5482 805 5548 pra-dandum
867 5485 1137 5542 discedit:
1196 5496 1308 5540 tum
1356 5490 1499 5542 enim
1545 5491 1597 5543 in
1649 5491 1826 5559 praeda
1865 5508 2030 5547 occu-

455 5582 614 5637 patus
637 5585 740 5639 est,
771 5585 823 5630 et
853 5588 1113 5646 praeterea
1139 5579 1323 5634 labore
1345 5582 1612 5637 lassatus:
1652 5583 1815 5652 idque
1845 5587 2020 5653 potis-

2135 1916 2307 1983 εἰκὸς,
2345 1914 2808 1986 ὑποστηρίξαντας
2860 1912 2972 1983 (44)
3007 1913 3071 1966 ἐκ
3121 1909 3218 1964 τοῦ
3268 1909 3525 1982 στρατοῦ,
3577 1909 3722 1980 ἢδι’

2134 2007 2470 2079 ἀρρωστίαν,
2503 2007 2536 2077 ἢ
2566 2005 2709 2059 κατὰ
2736 2005 2928 2075 ἑτέραν
2963 2005 3085 2058 τινὰ
3102 2003 3292 2074 χρείαν
3314 2021 3328 2035 ·
3350 2004 3499 2062 ὅπως
3528 2003 3716 2070 αἰφνι-

2133 2101 2267 2162 δίως
2284 2099 2342 2152 οἰ
2389 2097 2578 2169 ἐχθροὶ
2605 2095 2963 2158 ἐπιπεσόντες
2987 2093 3360 2149 συλλάϐωνται
3390 2091 3610 2156 αὐτούς.

2203 2187 2301 2258 οβ’.
2365 2187 2604 2242 Εἰώθασι
2661 2186 2770 2257 γὰρ
2818 2184 2940 2238 τότε
2992 2184 3231 2256 μάλιστα
3276 2182 3551 2236 ποιεῖσθαι
3617 2180 3720 2244 τάς

2134 2280 2478 2350 ἐγχειρήσεις
2513 2281 2561 2331 οἰ
2587 2277 2812 2348 ἐχθροὶ,
2853 2276 2941 2330 ὅτε
2977 2275 3072 2329 καί
3095 2275 3418 2346 ἀμερίμνως
3441 2273 3722 2328 ὁδεύουσιν

2133 2371 2184 2423 οἰ
2212 2368 2579 2438 στρατιῶται,
2609 2369 2701 2421 καὶ
2729 2369 2776 2420 οἰ
2809 2366 3125 2438 ἔμπροσθεν
3150 2367 3266 2429 τοῖς
3306 2363 3534 2418 ὄπισθεν
3564 2363 3721 2416 εὐκό·

2135 2463 2242 2524 λῳς
2271 2460 2485 2531 βοηθεῖν
2515 2461 2578 2513 οὐ
2603 2461 2884 2516 δύνανται.

2204 2557 2304 2618 ογ’.
2341 2551 2512 2603 Τοῦτο
2537 2551 2594 2604 δέ
2637 2549 2732 2602 καὶ
2761 2552 2819 2603 ἐν
2857 2551 2924 2620 τῇ
2954 2548 3201 2620 ἡμετέρᾳ
3223 2551 3293 2620 γῇ
3327 2548 3422 2602 ἐὰν
3451 2548 3716 2621 ποιήσῃς,

2134 2644 2234 2697 οὑκ
2253 2644 2498 2714 ἀπρεπές
2525 2645 2641 2696 ἐστι
2657 2643 2745 2697 διὰ
2757 2643 2912 2705 τοὺς,
2934 2643 3008 2705 ὼς
3032 2642 3203 2708 εἰκὸς,
3219 2641 3592 2713 ῥεμϐομένους
3614 2636 3718 2695 ὧδε

2136 2738 2360 2791 κάκεῖσε
2410 2735 2769 2807 στρατιώτας,
2817 2735 2910 2788 καὶ
2955 2733 3029 2805 μὴ
3077 2733 3257 2798 καλῶς
3304 2733 3718 2804 διαγινομένους

2135 2830 2287 2901 παρά
2321 2827 2546 2899 γνώμην
2575 2827 2670 2882 τοῦ
2717 2828 2981 2898 ἄρχοντος
3023 2826 3226 2880 αὐτῶν·
3275 2827 3339 2879 ἐκ
3386 2825 3579 2878 τούτου
3606 2825 3717 2896 γὰρ

2135 2919 2425 2989 γινώσκεις
2459 2917 2542 2983 τίς
2575 2917 2770 2990 ἁμελεί
2799 2918 2897 2989 τῆς
2921 2917 3029 2972 τῶν
3056 2916 3405 2988 στρατιωτῶν
3448 2917 3720 2972 καταστά-

2137 3029 2294 3075 σεως.

2203 3105 2297 3159 of}.
2331 3103 2464 3174 Περὶ
2485 3102 2542 3156 δὲ
2565 3102 2764 3156 στενῶν
2787 3102 2966 3156 τόπων
2991 3101 3084 3156 καὶ
3111 3101 3172 3155 δυ
3183 3101 3393 3157 ςϐἀτων
3412 3102 3719 3157 διαϐάσεων

2133 3198 2192 3250 ὲν
2218 3198 2286 3267 γῇ
2317 3192 2588 3266 πολεμίων
2617 3193 2944 3265 μεμνήμεθα
2976 3193 3526 3266 παρακελευσάμενοι
3551 3198 3616 3266 τῇ
3646 3197 3714 3267 σῇ

2133 3288 2434 3356 ἐνδοξότητι
2456 3327 2470 3350 ,
2501 3280 2545 3340 ὢ
2574 3285 2868 3356 στρατηγέ,
2905 3287 2992 3340 ὅτε
3038 3287 3138 3356 τὴν
3178 3289 3308 3357 περὶ
3367 3287 3469 3357 τῆς
3503 3287 3718 3340 ὁδοιπο-

2141 3379 2262 3450 ρίας
2285 3377 2527 3442 διάταξιν
2555 3377 2911 3447 ἐποιούμεθα.
2943 3378 3034 3430 Διὸ
3062 3378 3190 3450 περὶ
3219 3378 3327 3432 τῶν
3352 3378 3534 3432 αὐτῶν
3555 3378 3717 3433 πάλιν

2133 3469 2420 3534 διεξελθεῖν
2452 3470 2816 3538 ἀπειρόκαλον
2857 3469 3174 3540 ἡγούμεθα,
3208 3471 3283 3534 ώς
3322 3471 3532 3524 ἐκεῖθεν
3569 3471 3718 3542 ἕχον-

2133 3564 2222 3626 τός
2265 3580 2357 3616 σου
2409 3563 2510 3633 ἢδη
2558 3563 2658 3633 τὴν
2683 3564 2811 3634 περὶ
2861 3561 3066 3616 τούτων
3114 3563 3430 3632 διάγνωσιν,
3461 3563 3602 3618 ὥστε
3638 3566 3714 3635 μὴ

2135 3656 2559 3726 ἀπερισκέπτως
2585 3655 2679 3707 καὶ
2714 3655 2788 3718 ὡς
2820 3655 3010 3723 ἔτυχεν
3039 3656 3287 3725 ἀνάγκης
3319 3657 3488 3727 χωρὶς
3527 3657 3717 3724 ἐπιτη-

2133 3746 2308 3800 δεύειν
2341 3749 2419 3809 εἰς
2463 3747 2646 3810 δασεῖς
2694 3747 2789 3800 καὶ
2829 3745 3132 3810 δυσϐάτους
3167 3747 3262 3800 καί
3309 3747 3594 3818 δυσχερεῖς
3625 3747 3716 3800 τό·

2137 3859 2271 3904 πους
2303 3840 2622 3897 διαϐαίνειν.

2201 3934 2297 3987 σε’.
2342 3934 2484 3986 Εἱδέ
2523 3951 2605 3996 τις
2647 3933 2804 3987 τοῦτο
2848 3934 3062 4005 ἀνάγκη
3096 3932 3352 4001 γενέσθαι
3375 3933 3717 4001 κατεπείγει,

2137 4025 2274 4095 μετὰ
2305 4025 2402 4095 τῆς
2441 4026 2775 4096 εἰρημένης,
2813 4027 2890 4089 Co;
2920 4027 3148 4096 εἴπομεν
3178 4027 3238 4080 ἐν
3275 4028 3342 4096 τῇ
3394 4025 3524 4098 περὶ
3577 4027 3716 4079 ὁδοιο

2135 4116 2601 4186 πορίαςδιατάξει,
2626 4113 2811 4188 [μετὰ]
2844 4115 3283 4186 παρατηρήσεως
3318 4115 3590 4168 ποιεῖσθαι
3620 4115 3720 4183 τὴν

2132 4210 2240 4262 τῶν
2292 4210 2549 4264 τοιούτων
2596 4211 2778 4263 τόπων
2813 4210 3067 4281 πάροδον,
3107 4210 3339 4282 μάλιστα
3375 4212 3431 4263 ἐν
3457 4213 3527 4281 γῇ
3561 4210 3719 4262 πολε-

2137 4303 2268 4373 μίᾳ,
2307 4304 2399 4357 καὶ
2435 4304 2712 4372 πολεμίων
2747 4303 3134 4371 ἐπικειμένων.

2204 4400 2314 4456 ος’.
2371 4393 2497 4445 Ἐὰν
2543 4392 2600 4445 δὲ
2650 4392 2900 4461 πολέμιοι
2941 4393 3020 4454 εἰς
3059 4393 3158 4462 τὴν
3205 4392 3485 4464 ἡμετέραν
3530 4394 3718 4463 χώραν

2223 4489 2509 4552 ϐάλλωσιν,
2541 4489 2742 4549 σκοπός
2767 4502 2849 4538 σοι
2879 4484 3051 4550 ἔστω,
3082 4479 3127 4539 ὧ
3159 4487 3432 4557 στρατηγὲ
3453 4527 3467 4551 ,
3503 4488 3576 4559 μὴ
3611 4505 3718 4557 φα-

2128 4581 2334 4651 νερῶς,
2385 4580 2478 4633 καὶ
2531 4581 2594 4631 ἐκ
2643 4578 3006 4647 παρατάξεως
3052 4579 3238 4641 αὐτοῖς
3277 4579 3571 4649 πολεμεῖν,
3623 4581 3720 4632 καὶ

2133 4676 2368 4745 μάλιστα
2434 4674 2494 4725 ἐν
2524 4674 2591 4743 τῇ
2637 4672 2829 4742 εἰσόδῳ
2875 4671 3080 4738 αὐτῶν,
3127 4670 3223 4724 ἐάν
3259 4671 3503 4742 ὑπερέχῃ
3553 4672 3589 4739 ἧ
3625 4672 3721 4724 καὶ

2131 4768 2406 4838 ἰσόμοιρός
2452 4770 2601 4818 ἐστιν
2649 4765 2682 4834 ἡ
2730 4763 2959 4833 δύναμις
3001 4762 3094 4815 τοῦ
3159 4763 3390 4832 ἐχθροῦ,
3443 4763 3578 4816 ἀλλὰ
3631 4766 3718 4815 ὲν-

2129 4856 2370 4928 εδρεύειν
2408 4855 2610 4924 μᾶλλον
2646 4855 2714 4906 δι’
2735 4855 3150 4924 ἐγκρυμμάτων
3181 4855 3274 4906 καί
3310 4854 3487 4907 ἄλλων
3519 4857 3715 4922 ἐπιτη-

2137 4949 2392 5012 δεύσεων,
2426 4948 2458 5018 ἢ
2493 4949 2549 5000 ἐν
2579 4947 2792 5017 ἡμέρᾳ,
2833 4945 2866 5016 ἢ
2913 4947 2970 4999 ἐν
2999 4947 3157 4999 νυκτί¹
3201 4945 3461 5015 ἀσφαλῶς
3496 4949 3588 5000 καὶ
3619 4947 3719 5011 τὰς

2137 5043 2289 5104 ὀδοὺς
2311 5040 2670 5110 ὲμφράσσειν,
2699 5040 2791 5092 καὶ
2815 5039 3366 5110 προκαταλαμϐάνειν
3387 5039 3719 5110 ὀχυρώματα

2138 5133 2168 5201 ἦ
2203 5132 2290 5186 διὰ
2325 5131 2526 5195 πεζῶν,
2563 5129 2710 5200 ἢδιὰ
2740 5129 3145 5200 καϐαλλαρίων,
3181 5130 3212 5200 ἢ
3247 5131 3317 5182 δι’
3365 5131 3716 5200 ἀμφοτέρων,

2139 5226 2229 5277 καὶ
2254 5224 2536 5292 ἀφανίζειν
2566 5221 2808 5284 δαπάνας
2838 5221 3210 5292 προκειμένας
3243 5221 3350 5274 τῶν
3377 5222 3610 5292 ἐχθρῶν.

2207 5316 2304 5381 οξ.
2349 5317 2498 5369 Εἰδέ
2546 5315 2812 5386 βουληθῇς
2845 5313 3142 5384 συμϐαλεῖν
3185 5314 3262 5384 τῷ
3313 5314 3559 5384 πολεμίῳ
3591 5316 3721 5368 ὅταν

2137 5408 2338 5477 μᾶλλον
2389 5407 2760 5476 ἐπανέρχηται
2796 5403 2904 5457 ἀπὸ
2930 5404 3032 5473 τῆς
3067 5406 3324 5476 πραίδας,
3355 5405 3389 5474 ἢ
3422 5407 3718 5476 ὲξέρχηται

2128 5499 2230 5567 τῆς
2261 5497 2462 5568 χώρας·
2498 5497 2616 5549 τότε
2640 5497 2747 5564 γὰρ
2775 5495 2868 5547 καὶ
2892 5495 2971 5557 εἰς
2994 5495 3092 5566 τὴν
3119 5497 3354 5567 πραίδαν
3380 5499 3718 5566 περισπᾶτςι

2131 5592 2224 5644 καὶ
2272 5590 2590 5661 κοπωμένος
2636 5589 2805 5656 ἐστὶν,
2849 5587 3086 5658 μάλιστα
3136 5590 3232 5644 ἐὰν
3280 5590 3525 5654 καὶτοῖς
3570 5589 3720 5651 ἰδίοις

2016 5709 2252 5768 NOTAE.

533 5766 641 5832 (Η)
673 5767 1215 5838 Ὑποσττυηίζοντας.
1252 5774 1461 5840 Scribe,
1503 5776 1905 5847 ὕστερίζςντας.
