4090 6432
298 368 405 431 933
1318 359 1652 423 TACTICA.
1675 383 1745 393 —
1775 354 2284 417 CONSTITUTIO
2323 357 2512 418 XVIII.
3465 346 3571 410 934

297 481 516 552 ὲγγίζῃ·
537 480 658 535 τότε
688 472 780 533 οὖν
810 475 1085 548 σύμϐαλλε
1115 474 1283 545 αὐτῷ,
1318 476 1366 528 εἰ
1395 475 1506 544 ἄρα
1540 470 1708 543 βούλῃ
1738 487 1879 540 συμ-

2000 467 2203 536 timum,
2240 467 2289 524 si
2319 484 2485 538 prope
2550 475 2674 520 tuos
2702 463 2892 530 fueris;
2951 474 3063 518 tum
3094 462 3239 517 enim
3293 476 3418 517 cum
3459 461 3572 516 illis

298 574 538 627 ϐάλλειν.
1989 560 2273 631 conﬂiges,
2323 560 2369 616 si
2416 562 2635 630 quando
2663 557 2761 612 tibi
2795 556 3068 612 videbitur
3111 554 3540 626 confligendum.

371 661 474 731 οη’.
527 662 588 714 '0
631 659 738 730 γὰρ
784 660 842 712 ἐν
877 657 984 729 ἰδίᾳ
1031 654 1190 728 χώρα
1234 655 1458 725 διάγων,
1515 653 1886 724 ἀμελέστερον

300 756 572 810 διάκειται
601 751 728 821 περὶ
751 751 850 820 τὴν
879 749 1079 820 μάχην,
1106 746 1307 818 πολλὰς
1340 744 1596 816 ἀφορμὰς
1626 743 1764 814 ἔχων
1789 743 1884 797 τοῦ

303 844 596 910 σώζεσθαι,
627 843 723 896 καὶ
748 839 1083 894 κινδυνεύειν
1123 839 1183 891 οὐ
1213 836 1557 908 βουλόμενος.
1604 835 1662 889 '0
1691 835 1748 888 δέ
1786 833 1886 904 τῆς

300 937 586 1006 ἀλλοτρίας
632 935 738 1005 γῆς
786 931 1084 986 ἐπιϐαίνων
1126 931 1221 984 καὶ
1263 928 1636 998 κατατρέχων,
1667 928 1796 980 ὃταν
1827 927 1885 980 ἐν

300 1028 527 1098 τοιαύτῃ
576 1027 802 1094 γένηται
843 1023 1095 1092 ἀνάγκῃ,
1145 1023 1224 1084 είς
1273 1019 1532 1074 ἀπόνοιαν
1588 1017 1883 1088 τρέπεται,

302 1121 520 1184 πάντως
554 1116 905 1188 λογιζόμενος
951 1116 1032 1169 ὅτι
1065 1115 1099 1186 ή
1143 1113 1290 1184 φυγὴ
1331 1110 1480 1183 αὐτῷ
1525 1111 1605 1174 είς
1645 1109 1886 1164 κίνδυνον

305 1212 402 1266 καὶ
431 1209 710 1264 ἀπώλειαν
736 1207 969 1276 γίνεται.

373 1391 470 1446 σθ’.
508 1389 701 1462 Χρεὼν
724 1389 782 1444 δέ
809 1407 891 1455 σε,
917 1383 962 1442 ὦ
997 1390 1298 1461 πρατηγέ,
1327 1386 1562 1442 πάντοθε
1593 1385 1888 1456 φυλάττειν

306 1483 498 1536 ἑαυτὸν
524 1481 712 1551 ἀπαθῆ
757 1482 847 1536 καὶ
886 1481 1233 1552 ἀπλήγωτον,
1273 1482 1330 1533 ἐν
1364 1479 1527 1532 παντὶ
1573 1476 1752 1548 καιρῷ
1775 1477 1888 1548 (45)

306 1575 400 1627 καὶ
424 1573 600 1644 τόπῳ,
641 1573 876 1644 μάλιστα
903 1572 1112 1643 ἐχθρῶν
1143 1571 1588 1643 παρακειμένων.
1638 1568 1742 1622 Σοῦ
1782 1568 1890 1638 γὰρ

306 1665 706 1736 φυλαττομένου
733 1663 856 1718 οὕτε
891 1665 1249 1718 πλατύνονται
1279 1665 1330 1717 οἱ
1369 1663 1554 1734 ἐχθροὶ
1575 1664 1654 1726 είς
1685 1661 1890 1733 βλάϐην

303 1759 404 1828 τῆς
430 1758 632 1828 χώρας,
655 1756 783 1811 οὔτε
805 1758 1117 1828 πολιορκίας
1138 1756 1384 1828 εὐχερῶς
1401 1759 1511 1819 τοῖς
1533 1754 1890 1826 ὀχυρώμασιν

305 1850 532 1915 ἐπάγειν
559 1848 835 1904 δύνανται.
885 1849 1227 1920 ’Υφορῶνται
1259 1849 1367 1920 γὰρ
1393 1848 1487 1902 καὶ
1519 1846 1886 1901 ὑποπτεύουσι
1924 1826 1962 1880 Β

302 1941 396 1997 τὸν
424 1943 653 2015 στρατὸν
684 1944 1020 1997 συνιστάιαι.

376 2120 452 2174 π’.
497 2122 606 2175 Καὶ
629 2121 739 2192 γάρ
770 2121 884 2190 εἷγε
919 2122 994 2194 μὴ
1042 2123 1188 2175 δοκεῖ
1220 2139 1302 2175 σοι
1356 2124 1684 2192 συμϐάλλειν
1713 2125 1884 2196 δημο-

306 2221 401 2284 σὲᾳ
443 2216 556 2276 τοῖς
585 2212 822 2285 ἐχθροῖς,
849 2215 1000 2284 ὅμως
1030 2213 1204 2278 οὕτως
1235 2214 1651 2284 εύτρεπίζεσθαί
1681 2233 1740 2268 σε
1765 2217 1883 2279 δεῖ,

305 2305 402 2359 καὶ
431 2305 737 2372 φαίνεσθαι,
782 2306 877 2360 καὶ
905 2306 1162 2359 ὑπόνοιαν
1207 2306 1342 2359 πᾶσι
1379 2309 1492 2368 τοῖς
1523 2305 1616 2360 τοῦ
1653 2308 1886 2378 στρατοῦ

306 2397 590 2467 παρέχειν,
640 2397 715 2460 ώς
763 2397 984 2460 πάντως
1039 2397 1373 2468 συμϐάλλειν
1423 2400 1536 2461 τοῖς
1587 2398 1882 2470 πολεμίοις.

304 2487 476 2542 Τοῦτο
521 2491 631 2560 γὰρ
673 2490 723 2541 oi
768 2489 1002 2543 ἐναντίοι
1038 2489 1404 2560 μανθάνοντες
1448 2491 1544 2544 καὶ
1593 2489 1886 2545 λυποῦνται

305 2579 400 2630 καὶ
430 2579 825 2634 συστέλλονται.

377 2675 491 2722 πα’.
539 2669 666 2722 Ἐὰν
708 2670 765 2724 δὲ
800 2671 908 2724 τῶν
937 2672 1195 2727 ἐναντίων
1225 2675 1303 2737 εἰς
1341 2675 1440 2744 τὴν
1474 2675 1750 2748 ἡμετέραν
1780 2677 1891 2728 εἱσ-

307 2758 635 2828 6αλλόντων,
665 2764 692 2816 ὁ
717 2763 880 2827 τόπος
920 2764 1014 2818 καὶ
1051 2765 1083 2835 ἡ
1119 2765 1269 2829 θέσις
1303 2765 1403 2834 τῆς
1447 2766 1675 2820 ἐκείνων
1705 2766 1889 2838 χώρας

311 2852 590 2922 ἐπιτηδεία
634 2853 752 2906 ἐστὶ
799 2855 936 2925 πρὸς
979 2853 1076 2926 τὴν
1123 2855 1329 2925 ἔφοδον,
1383 2856 1452 2909 δι’
1484 2858 1673 2928 ἐτέρου
1721 2860 1888 2911 τόπου

310 2941 508 3011 μᾶλλον
539 2944 824 3016 ἐπιτήδευε
857 2947 1094 3017 πέμπειν
1132 2947 1360 3019 στρατὸν
1411 2949 1469 3001 ἐν
1497 2949 1635 3020 αὐτῇ
1656 2990 1670 3013 ,
1707 2949 1794 3005 ἵνα
1827 2951 1889 3003 ἐκ

305 3034 497 3088 τούτου
527 3037 874 3109 περισπάσῃς
906 3039 1033 3102 τοὺς
1064 3037 1316 3110 ἐχθρούς.

378 3124 490 3198 πβ’.
535 3128 759 3192 Πάντως
791 3128 848 3182 δὲ
876 3129 971 3183 καί¹
999 3129 1100 3201 τὴν
1131 3129 1305 3193 θέσιν,
1333 3129 1408 3193 ὡς
1443 3131 1680 3202 εἴρηται,
1716 3148 1888 3185 κατα-

307 3218 523 3289 νοήσεις
547 3258 563 3283 ,
599 3219 696 3272 καὶ
721 3219 790 3272 τὰ
815 3219 1180 3291 διαστήματα,
1208 3220 1296 3274 ἵνα
1334 3221 1494 3291 εἴπερ
1525 3221 1744 3292 γνωσθῇ
1779 3223 1894 3285 τοῖς

308 3306 524 3378 ἐχθροῖς
561 3305 739 3372 τοῦτο,
770 3309 865 3362 καὶ
887 3307 1172 3381 ὁρμήσωσι
1203 3309 1348 3362 κατὰ
1367 3309 1479 3363 τῶν
1516 3311 1892 3382 πεμπομένων

308 3401 390 3462 είς
420 3399 518 3471 τὴν
541 3399 723 3470 χώραν
753 3399 964 3466 αὐτῶν,
996 3404 1024 3454 ὁ
1051 3401 1320 3474 ἡμέτερος
1350 3402 1577 3474 στρατὸς
1609 3403 1678 3456 δι’
1705 3403 1893 3474 ἐτέρου

308 3491 475 3545 τόπου
498 3491 688 3563 ἐξέλθῃ
706 3490 941 3564 ἀπαθής·
963 3494 1111 3557 ὅπως
1136 3493 1211 3566 μὴ
1237 3493 1534 3566 ὁρμώντων
1553 3494 1662 3548 τῶν
1683 3495 1895 3566 ἐχθρῶν

311 3583 522 3638 ἐκεῖθεν
551 3587 630 3648 εἰς
653 3585 774 3655 ὄψιν
799 3586 978 3640 αὐτῶν
1006 3586 1398 3656 περιπέσωσιν.

386 3674 500 3745 πγ’.
559 3677 816 3732 Τοιοῦτον
862 3677 1130 3748 πεποίηκε
1178 3679 1492 3750 Νικηφόρος
1542 3679 1570 3732 ὁ
1626 3677 1897 3750 ἡμέτερος

287 3769 639 3839 ,στρατηγός.
705 3769 1072 3841 Ἀπουλφέρου
1099 3771 1208 3841 γὰρ
1264 3769 1360 3823 τοῦ
1405 3769 1514 3823 τῶν
1564 3769 1898 3842 Σαρακηνῶν

311 3861 506 3930 ἀμηρᾶ
536 3861 632 3931 τὴν
665 3861 1059 3916 Καππαδοκίαν
1087 3863 1532 3934 καταδραμόντος
1559 3903 1574 3928 ,
1601 3864 1767 3927 αὐτὸς
1799 3863 1898 3934 τὴν

314 3951 530 4021 Ταρσὸν
577 3954 674 4006 καὶ
722 3955 903 4008 πᾶσαν
953 3953 1207 4008 Κιλικίαν
1246 3955 1644 4025 κατεληῖσατο,
1694 3956 1898 4027 πολλὴν

316 4041 652 4112 Σαρακηνοῖς
679 4043 1056 4114 ἐργασάμενος
1085 4042 1184 4115 τὴν
1217 4043 1442 4115 βλάϐην.

388 4131 494 4189 τπδ’.
562 4133 803 4205 Ἐχθρῶν
831 4133 1013 4188 τοίνυν
1038 4133 1134 4205 τὴν
1166 4135 1270 4187 ὑπὸ
1318 4135 1377 4187 σὲ
1423 4135 1631 4206 χώραν,
1668 4137 1717 4188 εἰ
1757 4135 1900 4190 οὕτω

320 4241 385 4278 συ
394 4225 529 4296 μϐῇ,
559 4228 1026 4297 κατατρεχόντων,
1041 4227 1158 4282 δέον
1175 4229 1290 4281 ἐστὶ
1313 4227 1489 4280 πάντα
1519 4229 1586 4280 τά
1613 4228 1904 4297 ἀναγκαιό-

320 4335 456 4388 τερα
529 4319 832 4390 πράγματα
890 4323 948 4373 ἐν
999 4323 1110 4384 τοῖς
1154 4320 1516 4392 ὀχυρωτέροις
1561 4321 1822 4392 κάστροις
1864 4321 1897 4392 ἢ

316 4412 504 4474 τόποις
551 4411 846 4478 ἀναλώτοις
896 4412 1196 4482 συλλέγειν,
1246 4411 1572 4481 φυγαδεύειν
1602 4414 1659 4465 δὲ
1705 4413 1798 4465 καὶ
1832 4413 1901 4466 τὰ

2058 649 2148 703 78.
2202 647 2306 716 Qui
2348 652 2493 706 enim
2539 665 2663 703 cum
2720 648 2894 718 ipsius
2947 646 3001 699 in
3034 653 3180 700 terra
3226 655 3332 710 est,
3391 645 3572 715 negli-

1989 743 2202 813 gentior
2262 742 2329 797 ad
2371 742 2725 813 pugnandum
2787 747 2892 802 est,
2949 747 3002 792 et
3063 738 3265 792 multas
3316 736 3567 792 occasio-

1989 849 2088 888 nes
2141 832 2304 888 habet
2351 834 2436 888 vel
2489 843 2546 887 ut
2588 840 2856 895 servetur,
2912 829 2996 883 vel
3046 828 3407 898 periclitetur.
3463 825 3571 892 Qui

1987 939 2118 980 vero
2181 925 2415 978 alienam
2483 932 2688 979 terram
2745 922 2953 978 invadit
2987 931 3043 976 et
3083 922 3467 991 depopulatur,
3525 921 3571 976 si

1989 1018 2044 1072 in
2107 1017 2200 1071 tali
2261 1016 2671 1087 perturbatione
2740 1013 2928 1079 fuerit,
2985 1012 3038 1066 in
3106 1012 3320 1082 magnis
3367 1025 3573 1066 terum-

1991 1110 2076 1164 nis
2119 1117 2227 1172 est,
2289 1115 2391 1164 hoc
2443 1124 2631 1164 secum
2697 1115 2982 1178 reputans,
3040 1104 3223 1176 fugam
3285 1114 3342 1160 et
3396 1105 3574 1174 tergi-

1989 1205 2360 1256 versationem
2418 1216 2526 1255 non
2572 1201 2734 1255 modo
2781 1200 3109 1271 periculum,
3167 1213 3354 1254 verum
3407 1197 3572 1253 etiam

1993 1294 2437 1350 internecionem
2486 1293 2704 1348 afferre.

2062 1387 2152 1443 79.
2211 1386 2471 1457 Teipsum
2531 1386 2600 1440 ab
2667 1386 2818 1441 omni
2881 1387 3109 1441 vulnere
3161 1383 3576 1452 olfensioneque

1994 1477 2274 1548 integrum
2352 1492 2722 1546 securumque
2787 1478 3039 1532 servabis
3113 1475 3265 1532 omni
3330 1475 3453 1530 loco
3511 1483 3568 1528 et

1996 1582 2262 1639 tempore,
2301 1569 2554 1625 hostibus
2597 1569 2947 1640 potissimum
2987 1567 3426 1623 imminentibus.
3465 1565 3578 1621 lloc

1993 1663 2136 1718 enim
2196 1662 2487 1732 diligenter
2547 1663 2868 1726 observato,
2931 1676 3110 1731 neque
3170 1676 3232 1717 se
3291 1660 3482 1715 hostes
3511 1659 3576 1712 ad

1994 1754 2433 1826 depopulandam
2495 1754 2784 1824 regionem,
2853 1761 3100 1809 nostram
3165 1752 3330 1808 facile
3400 1751 3566 1806 dissi-

1996 1857 2148 1918 pant,
2203 1862 2383 1917 neque
2452 1845 2618 1902 facile
2697 1846 3064 1901 munitionem
3133 1844 3372 1914 aliquam
3434 1842 3582 1898 obsi-

1995 1939 2175 1994 dendo
2208 1947 2549 2010 oppugnant.
2621 1938 2937 2016 Exercitum
2977 1937 3125 1994 enim
3161 1945 3414 1993 nostrum
3459 1935 3580 1996 col-

1995 2031 2085 2100 ligi
2152 2031 2582 2101 congregarique
2636 2045 2807 2085 unum
2867 2031 2922 2085 in
2979 2032 3164 2086 locum
3225 2029 3573 2092 existimant.

2065 2121 2156 2176 80.
2199 2120 2524 2192 Quanquam
2577 2130 2762 2177 autem
2793 2122 3157 2179 constitutum
3191 2122 3289 2178 tibi
3319 2122 3390 2179 sit
3421 2123 3582 2178 mini-

1995 2231 2081 2269 me
2105 2221 2158 2269 te
2183 2214 2321 2270 velle
2361 2228 2489 2269 cum
2529 2213 2779 2270 hostibus
2804 2213 3121 2285 confligere,
3150 2213 3474 2284 assimulato
3503 2220 3586 2267 ta-

1995 2323 2122 2363 men
2175 2306 2228 2360 id
2275 2317 2327 2361 te
2365 2306 2506 2362 velle
2562 2306 2766 2369 facere,
2797 2313 2852 2361 et
2887 2305 3206 2376 apparanda
3239 2305 3344 2361 tibi
3397 2304 3582 2361 omnia

1995 2402 2144 2460 sunt,
2207 2394 2508 2465 Opinioque
2555 2394 2842 2451 alferenda
2893 2401 3003 2449 tute
3075 2409 3201 2448 cum
3251 2392 3361 2448 illis
3413 2392 3585 2447 dimi-

1995 2487 2252 2542 cationis.
2308 2486 2424 2542 l-loc
2469 2496 2654 2542 autem
2706 2486 2783 2540 illi
2827 2486 3115 2542 audientes
3155 2485 3331 2556 magis
3381 2498 3587 2540 excru-

1996 2580 2290 2636 ciabuntur
2357 2580 2834 2650 vexahnnturque.

2073 2672 2164 2727 8|.
2229 2672 2286 2727 Si
2345 2672 2600 2728 hostibus
2669 2680 2909 2727 vestram
2947 2672 3003 2726 in
3041 2671 3320 2741 regionem
3382 2670 3589 2726 irrum-

1997 2765 2274 2836 pentibus,
2339 2765 2494 2820 locus
2537 2775 2590 2819 ct
2636 2765 2778 2819 situs
2825 2764 3070 2835 regionis
3128 2763 3352 2819 illorum
3405 2763 3474 2817 ad
3505 2763 3587 2817 in-

1997 2859 2307 2912 cursionem
2359 2855 2589 2911 idoneus
2610 2863 2716 2922 est,
2771 2871 2866 2924 per
2912 2855 3082 2908 alium
3133 2854 3315 2910 locum
3357 2864 3590 2910 conten-

1997 2949 2064 3003 de
2114 2947 2289 3017 magis
2313 2949 2616 3002 exercitum
2651 2946 2877 3014 ducere,
2930 2953 2991 3001 ut
3048 2946 3154 3002 hoc
3187 2946 3353 3002 modo
3413 2949 3590 3018 magis

2000 3041 2185 3096 hostes
2216 3050 2392 3109 pertut
2407 3040 2523 3096 bes.

2070 3131 2158 3186 82.
2201 3131 2438 3189 Omnino
2483 3143 2689 3200 autem,
2725 3132 3197 3202 quemadmodum
3231 3134 3370 3200 dixi,
3427 3143 3483 3189 et
3505 3134 3586 3188 si-

1997 3232 2112 3278 tnm
2155 3223 2426 3290 advertes,
2453 3235 2508 3281 et
2538 3225 2847 3291 intervalla,
2879 3233 2937 3280 ut
2994 3226 3042 3281 si
3101 3225 3352 3282 incursio
3397 3235 3589 3282 nostra

1999 3316 2218 3386 cognita
2269 3316 2522 3373 hostibus
2576 3315 2764 3380 fuerit.
2805 3327 2862 3372 et
2915 3317 3181 3388 impetum
3234 3317 3290 3372 in
3345 3333 3444 3374 eos
3493 3333 3592 3374 co-

2002 3417 2207 3462 nantur
2258 3408 2445 3464 hostes
2503 3407 2707 3474 facere,
2738 3409 3017 3465 exercitus
3067 3416 3256 3465 noster
3305 3424 3402 3479 per
3446 3409 3587 3464 alias

2002 3499 2121 3555 vias
2154 3513 2384 3555 securus
2416 3498 2688 3564 discedat,
2738 3506 2801 3554 ut
2850 3514 2921 3556 ne
2968 3499 3158 3556 hostes
3203 3499 3481 3556 irruentes
3533 3499 3591 3555 in

2004 3596 2363 3658 conspectum
2417 3587 2638 3643 illorum
2685 3588 2934 3644 veniant.

2076 3677 2164 3734 85.
2193 3679 2326 3734 Tale
2354 3677 2639 3749 quidpiam
2661 3677 3008 3750 Nicephorus
3037 3679 3150 3735 dux
3177 3689 3366 3737 noster
3388 3679 3592 3737 fecisse

2004 3779 2366 3826 memoratur.
2399 3769 2536 3825 Nam
2565 3785 2692 3827 cum
2724 3772 3007 3844 Apulpher
3039 3772 3443 3829 Saracenorum
3468 3771 3585 3827 dux

2009 3862 2412 3933 Cappadociam
2453 3863 2900 3935 depopularetur,
2930 3866 3047 3937 ipse
3077 3865 3314 3919 Tarsum
3372 3865 3593 3920 univer-

2012 3965 2240 4021 samque
2267 3950 2516 4005 Ciliciam
2553 3952 2824 4018 vastabat,
2879 3961 2936 4008 et
2969 3953 3140 4008 multa
3169 3953 3372 4008 damna
3422 3950 3594 4007 Sara-

2010 4041 2166 4098 cenis
2215 4041 2508 4097 inferebat.

2076 4132 2168 4188 84.
2201 4134 2462 4188 Hostibus
2506 4133 2787 4203 regionem
2827 4141 2998 4200 tuam,
3033 4133 3078 4189 si
3129 4134 3181 4189 id
3213 4135 3284 4189 ita
3312 4133 3596 4206 contingat

2008 4225 2441 4290 incursantibus,
2478 4228 2661 4279 omnia
2689 4241 2812 4295 qua:
2855 4227 3169 4282 necessaria
3195 4236 3345 4291 sunt,
3378 4227 3446 4282 ad
3475 4242 3597 4281 mu-

2007 4314 2269 4382 nitiones,
2313 4302 2569 4381 castella,
2596 4323 2651 4369 et
2697 4316 2814 4369 loca
2870 4314 2938 4370 ad
2977 4316 3303 4386 capiendum
3354 4313 3592 4372 difﬁcilia

2008 4405 2412 4463 conferantur:
2460 4408 2712 4479 jumenta
2776 4416 2956 4464 autem
3015 4409 3200 4464 omnia
3249 4425 3314 4465 ex
3349 4425 3412 4464 ea
3444 4418 3598 4480 parte

318 4501 490 4566 ἄλογα
532 4503 632 4573 τῆς
662 4504 846 4575 χώρας
871 4543 886 4568 ,
919 4505 1005 4557 ἵνα
1051 4505 1125 4575 μὴ
1162 4504 1363 4574 μᾶλλον
1413 4503 1895 4576 συλλαμϐανόμενα

2011 4499 2252 4570 regionis
2285 4499 2670 4564 amandentur,
2701 4508 2761 4554 ut
2790 4516 2857 4556 ne
2892 4502 2937 4555 si
2970 4501 3039 4555 ab
3073 4500 3328 4556 hostibus
3375 4500 3600 4570 capian-

325 4596 701 4665 ἰσχυροτέρους
731 4597 856 4660 τοὺς
883 4596 1113 4667 ἐχθροὺς
1140 4598 1457 4668 ποιήσωσιν.

393 4687 499 4744 πε’.
559 4691 684 4744 Ἐὰν
711 4690 768 4743 δὲ
797 4690 828 4759 ἢ
858 4689 983 4752 λαὸς
1011 4690 1044 4761 ἢ
1071 4690 1374 4760 πράγματα
1394 4689 1474 4751 είς
1503 4687 1762 4742 δοκοῦντα
1794 4689 1897 4759 μὲν

319 4783 516 4854 ὀχυρὸν
539 4787 722 4848 τόπον,
750 4782 823 4854 μὴ
852 4783 980 4835 ὄντα
1021 4782 1076 4835 δὲ
1107 4781 1345 4846 ἀληθῶς,
1379 4780 1728 4846 συνέλθωσιν,
1761 4783 1900 4836 πάν-

319 4894 431 4938 τως
464 4875 543 4927 δεῖ
590 4876 785 4934 αὐτοὺς
827 4873 914 4926 διὰ
947 4873 1045 4941 τῆς
1076 4872 1173 4941 σῆς
1215 4872 1470 4941 προνοίας
1509 4870 1903 4941 μεθίστασθαι,

324 4967 419 5019 καὶ
448 4969 524 5029 εἰς
556 4965 926 5037 ὀχυρωτέρους
954 4963 1212 5018 ἀπελθεῖν
1239 4963 1458 5027 τόπους,
1491 4962 1620 5016 ἔνθα
1655 4961 1752 5016 καὶ
1776 4963 1906 5032 ἄφο-

324 5057 418 5118 ϐος
448 5059 629 5120 αὐτοῖς
663 5059 695 5126 ἡ
728 5057 943 5126 φυλακὴ
971 5056 1280 5124 γενήσεται.

398 5155 517 5211 πς¹.
562 5148 700 5200 Ὅσα
720 5147 776 5198 δὲ
806 5145 880 5216 μὴ
911 5144 1053 5198 κατά
1073 5143 1233 5211 φύσιν
1254 5143 1428 5212 ὀχυρά
1455 5144 1591 5196 εἰσιν
1613 5145 1645 5212 ἢ
1669 5146 1904 5217 κάστρα,

323 5240 357 5310 ἣ
406 5239 559 5290 τόποι
587 5238 786 5307 ἕτεροι,
822 5233 1232 5306 προασφαλίζου
1263 5233 1422 5286 αὑτά.
1462 5233 1650 5303 Καὶεεῖ
1683 5252 1813 5287 ποτε
1857 5237 1907 5289 οἱ

325 5331 513 5399 ἐχθροὶ
568 5328 875 5398 βουληθῶσι
924 5324 1299 5396 παρακαθίσαι
1353 5324 1563 5390 αὐτοῖς,
1605 5325 1770 5394 μέρος
1804 5325 1906 5396 τῆς

327 5422 593 5492 στρατιᾶς
629 5419 848 5488 ἀφανῶς
897 5420 974 5481 είς
1013 5416 1264 5487 βοήθειαν
1293 5415 1386 5467 καὶ
1422 5416 1702 5486 ἐκδίκησιν
1728 5417 1908 5472 αὐτῶν

327 5512 604 5582 ἐκπεμπε,
638 5511 732 5564 καὶ
765 5510 842 5581 μὴ
867 5511 960 5581 ἐᾷς
991 5511 1114 5572 τοὺς
1161 5504 1388 5577 ἐχθροὺς
1434 5505 1602 5569 ἀδεῶς
1642 5507 1740 5570 τὰς
1779 5507 1910 5572 ἕξω-

2015 4601 2120 4654 tur,
2154 4591 2412 4646 fortiores
2439 4591 2625 4648 hostes
2654 4591 2880 4647 faciant.

2085 4680 2174 4735 85.
2205 4680 2262 4734 Si
2294 4680 2450 4750 plebs
2498 4696 2586 4738 res
2619 4683 2874 4754 bonaque
2909 4700 3007 4741 sua
3037 4683 3105 4739 ad
3155 4685 3271 4738 lora
3314 4697 3436 4753 qua:
3475 4697 3597 4736 mu-

2013 4771 2126 4826 nita
2174 4770 2450 4843 fortiaque
2497 4773 2750 4829 videntur
2779 4791 2924 4839 esse,
2958 4791 3064 4828 non
3088 4783 3270 4828 tamen
3298 4781 3449 4839 sunt,
3496 4773 3596 4827 ab-

2013 4863 2293 4932 duxerint,
2347 4865 2695 4935 providentia
2738 4875 2832 4921 tua
2880 4867 3224 4948 elliciendum
3268 4874 3375 4931 est,
3419 4874 3480 4920 ut
3522 4867 3591 4920 ad

2014 4957 2243 5012 fortiora
2318 4958 2728 5029 munitioraque
2782 4961 2900 5014 loca
2949 4959 3347 5026 traducantur,
3391 4959 3484 5014 ubi
3511 4975 3599 5017 se-

2014 5065 2146 5105 cura
2183 5049 2289 5105 illis
2321 5065 2500 5104 rerum
2534 5065 2759 5104 suarum
2791 5049 3044 5105 custodia
3076 5049 3201 5104 erit.

2084 5140 2171 5194 86.
2204 5139 2556 5209 Qua‘cunquc
2603 5149 2798 5194 natura
2859 5139 3043 5195 minus
3100 5141 3309 5196 munita
3339 5149 3468 5197 sunt
3513 5142 3598 5196 vel

2016 5233 2238 5287 castella
2276 5233 2359 5286 vel
2401 5233 2506 5285 alia
2559 5231 2698 5293 loca,
2737 5231 3004 5286 firmanda
3051 5233 3163 5302 jam
3221 5241 3351 5287 sunt
3394 5253 3406 5288 :
3449 5239 3505 5287 et
3549 5232 3600 5286 si

2017 5332 2225 5391 partem
2259 5321 2497 5392 aliquam
2559 5322 2836 5379 exercitus
2882 5324 2966 5378 sui
3010 5325 3077 5378 ad
3133 5339 3197 5378 ea
3229 5322 3600 5394 oppugnanda

2018 5415 2207 5470 hostes
2261 5415 2612 5485 reliquerint,
2662 5418 2887 5472 occulte
2942 5419 3010 5472 ad
3078 5418 3423 5489 repellendos
3469 5415 3602 5471 ulci-

2019 5508 2370 5579 scendusque
2417 5523 2512 5565 eos
2563 5509 2830 5579 quosdam
2881 5510 3122 5579 emittes,
3177 5523 3355 5581 neque
3412 5509 3603 5567 hostes

1881 5640 2112 5698 NOTAE}.

405 5788 516 5857 (-55)
550 5787 652 5840 ‘Er
681 5787 855 5842 παντὶ
920 5786 1120 5856 καιρῷ.
1184 5785 1562 5856 Scribebatur,
1619 5786 1713 5842 ἐὰν
1776 5787 1936 5841 παντὶ
1992 5785 2192 5857 καιρῷ.
