4090 6438
469 355 577 419 935

1744 368 2019 430 LEUNIS
2054 371 2517 431 PHILOSOPHI

3636 369 3747 430 936

467 472 753 539 permittas
780 473 947 529 libere
1013 478 1285 545 pabulari,
1325 478 1420 533 sed
1474 493 1570 534 eos
1603 483 1693 550 qui
1727 483 2043 551 pabulatum

2159 486 2243 540 θεν
2283 486 2529 549 δαπάνας
2560 483 2858 553 συλλέγεινι
2900 482 3036 537 ἀλλὰ
3072 482 3430 553 περισκόπει,
3481 481 3574 536 καὶ
3621 486 3747 547 τοὺς

465 572 598 619 eunt
653 564 943 632 adoriaris,
980 577 1033 622 et
1061 571 1267 640 capias,
1305 579 1471 642 atque
1502 572 1637 627 adeo
1682 574 1872 630 hostes
1906 577 2040 631 allii-

466 673 585 726 ges.

535 837 627 893 87.
659 839 838 910 Atque
883 842 999 897 haec
1032 844 1256 914 quidem
1281 846 1348 900 de
1375 846 1811 912 incursionibus,
1847 850 1961 905 sive
1991 860 2046 905 tu

466 928 518 981 in
551 927 805 983 hostilem
842 938 1063 986 terram
1122 934 1412 1004 irruperis,
1481 938 1598 991 sive
1654 938 1842 993 hostes
1900 950 2047 994 tuam

466 1022 751 1091 invadant,
816 1026 958 1082 satis
1001 1028 1160 1083 nobis
1193 1029 1397 1085 dictum
1444 1031 1538 1088 sit.
1575 1030 1733 1087 Nune
1784 1034 1894 1087 alia
1924 1052 2045 1105 qua:

466 1114 533 1167 ad
592 1115 845 1171 militiam
915 1121 1211 1189 pertinent,
1270 1123 1595 1191 explicanda
1661 1136 1813 1190 sunt,
1884 1138 2051 1197 atque

468 1200 572 1254 hoc
636 1201 691 1255 in
750 1204 964 1273 primis,
1019 1207 1482 1275 quemadmodum
1554 1212 1931 1278 speculatores
1992 1213 2050 1268 in

467 1296 722 1351 hostilem
755 1305 955 1354 terram
1003 1301 1317 1368 immittere,
1362 1312 1415 1357 et
1454 1306 1916 1373 quemadmodum
1954 1307 2053 1361 lio-

466 1387 632 1441 stium
686 1391 1061 1459 speculatores
1117 1393 1171 1447 in
1221 1396 1466 1450 exercitu
1531 1410 1719 1453 nostro
1758 1399 1898 1453 clam
1935 1400 2023 1454 la-

469 1488 649 1535 tentes
706 1486 995 1552 exquirere
1027 1500 1343 1555 possumus.

539 1574 627 1627 88.
660 1573 897 1630 Omnino
942 1578 1037 1633 tibi
1093 1580 1331 1634 hostium
1408 1583 1580 1653 cepias
1633 1593 1901 1652 quantum
1960 1599 2053 1654 pn-

470 1675 553 1721 tes
578 1674 980 1739 cognoscenda:
1017 1685 1164 1737 sunt,
1202 1684 1408 1745 quanta
1444 1678 1847 1746 magnitudine,
1880 1693 2058 1748 quan-

470 1760 650 1829 tisque
684 1762 897 1819 viribus
923 1767 1059 1829 sint,
1111 1776 1272 1836 atque
1325 1768 1399 1822 ita
1444 1770 1541 1823 tibi
1579 1769 1932 1838 suscipienda
1963 1768 2058 1822 ad-

2151 578 2245 630 ἐπὶ
2302 579 2538 647 συλλογῇ
2586 576 2695 629 τῶν
2768 575 3176 645 δαπανημάτων
3229 573 3616 643 πεμπομένους
3670 576 3753 626 ὲν-

2151 670 2369 740 έδρευε,
2422 671 2518 723 καὶ
2566 668 2912 738 συλλάμὸανε
2939 708 2951 720 .
3002 668 3094 720 καὶ
3136 664 3391 720 ἐντεῦθεν
3425 665 3747 736 στενοχώρει

2150 766 2275 828 τοὺς
2307 763 2557 835 ἐχθρούς.

2224 857 2332 921 τες.
2374 857 2481 911 Καὶ
2518 856 2690 910 ταῦτα
2722 855 2819 926 μὲν
2851 852 2982 925 περὶ
3014 852 3221 922 ἐφόδων
3256 851 3349 904 σοῦ
3379 869 3438 904 τε
3474 850 3608 921 πρὸς
3648 850 3748 919 τὴν

2153 951 2421 1021 πολεμίαν
2466 950 2698 1004 καὶτῶν
2751 947 3030 1019 πολεμίων
3075 945 3213 1018 πρὸς
3256 945 3355 1018 τὴν
3389 944 3488 1015 σὴν
3524 942 3750 1014 γινομέ-

2154 1064 2281 1111 νων,
2314 1048 2527 1117 εἴρηται
2572 1047 2722 1115 ἡμῖν.
2762 1043 2954 1115 Χρεὼν
3003 1043 3060 1096 δὲ
3100 1041 3348 1111 καὶπερὶ
3377 1040 3484 1093 τῶν
3532 1039 3734 1094 ἄλλων.

2153 1140 2255 1192 ὅσα
2302 1139 2548 1208 χρήσιμα
2591 1135 2726 1206 πρὸς
2784 1134 3128 1207 στρατηγίαν
3168 1133 3387 1187 δοκοῦσι
3437 1133 3532 1185 καλ⁵
3577 1132 3753 1199 ἀσφά-

2156 1232 2329 1295 λειαν,
2361 1228 2675 1295 διεξελθεῖν,
2721 1228 2818 1280 καὶ
2861 1227 3099 1297 μάλιστα
3142 1225 3272 1295 περὶ
3316 1224 3409 1277 τοῦ
3462 1223 3578 1286 πῶς
3631 1223 3752 1275 δέον

2157 1320 2525 1374 κατασκοπεῖν
2552 1317 2801 1388 ἐχθροὺς,
2829 1318 2923 1369 καὶ
2947 1318 3093 1379 ὅπως
3124 1315 3287 1368 πάλιν
3310 1316 3437 1377 τοὺς
3473 1314 3569 1366 ἀπ’
3601 1314 3750 1365 ἐκεί·-

2158 1430 2263 1465 νων
2312 1411 2703 1481 πεμπομένους
2770 1409 3153 1471 κατασκόπους
3200 1408 3421 1478 κρατεῖν
3467 1404 3752 1459 λανθάνειν

2160 1506 2414 1567 θέλοντας
2448 1506 2505 1557 ἐν
2540 1502 2616 1573 τῷ
2646 1504 2883 1575 στρατῷ.

2229 1603 2342 1667 πη’.
2376 1598 2469 1649 Δεῖ
2497 1591 2589 1649 οὖν
2613 1612 2671 1647 σε
2699 1598 2920 1649 σκοπεῖν
2953 1594 3219 1667 ἀκριϐῶς,
3256 1586 3299 1648 ὦ
3328 1591 3621 1662 στρατηγὲ,
3650 1590 3754 1661 τὴν

2161 1687 2436 1757 ποσότητα
2466 1686 2566 1755 τῆς
2595 1686 2701 1738 τῶν
2742 1685 3002 1739 ἐναντίων
3040 1685 3325 1754 δυνάμεως
3358 1684 3599 1747 πάντως,
3657 1684 3753 1736 καλ⁵

2164 1782 2298 1852 πρὸς
2330 1779 2488 1833 τοῦτο
2522 1778 2824 1843 κανονίζειν
2856 1780 2949 1832 καὶ
2973 1779 3193 1832 διοικεῖν
3218 1795 3274 1831 σε
3304 1777 3373 1830 τὰ
3402 1777 3524 1830 κατ’
3556 1777 3751 1845 αὐτῆς.

470 1852 946 1924 ministrandaque
977 1867 1167 1913 contra
1192 1859 1312 1914 illos
1338 1863 1520 1915 omnia
1546 1870 1692 1914 sunt.
1726 1859 1862 1913 Nam
1887 1875 2056 1929 eque-

2164 1876 2243 1927 Τά
2278 1874 2387 1945 γὰρ
2421 1874 2679 1943 σχήματα
2711 1872 2822 1925 τῶν
2847 1872 3265 1940 καὸαλλαρικῶν
3295 1889 3353 1923 τε
3386 1872 3478 1924 καὶ
3510 1868 3753 1932 πεζικῶν

471 1942 665 1997 strium
722 1947 1165 2018 pedestriumque
1212 1949 1495 2019 copiarum
1542 1949 1748 2011 femur,
1793 1950 2063 2003 locorum-

466 2052 578 2106 que
613 2040 772 2105 situs,
802 2058 1054 2112 magnam
1096 2043 1461 2098 differentiam
1489 2044 1688 2097 virium
1752 2058 1815 2097 ac
1842 2042 2060 2096 roboris

469 2128 524 2181 in
549 2131 793 2185 exercitu
833 2133 1058 2200 habent,
1088 2144 1141 2189 et
1175 2134 1449 2190 inﬁnitum
1479 2134 1772 2204 quemdam
1807 2148 2056 2188 errorem

470 2219 705 2276 aderunt
756 2223 825 2281 iis
870 2226 961 2294 qui
1032 2227 1356 2295 simpliciter
1432 2235 1595 2296 atque
1648 2223 1904 2296 imperite
1953 2224 2057 2277 ista

466 2311 764 2368 aestimant.
825 2313 936 2369 Hoc
988 2326 1196 2380 autem,
1270 2316 1419 2387 quod
1478 2317 1625 2383 dico,
1676 2330 1871 2371 verum
1932 2326 2058 2369 esse

468 2413 591 2468 quae
643 2412 947 2470 sequuntur
993 2404 1157 2460 facile
1199 2404 1685 2459 demonstrabant.

542 2493 629 2548 89.
662 2492 813 2549 Pone
841 2506 1025 2551 autem
1086 2506 1385 2553 sexcentos
1421 2498 1639 2567 equites
1692 2497 1747 2551 in
1810 2494 2055 2564 longitu-

470 2579 676 2647 dinem,
712 2591 765 2635 ct
794 2584 1127 2655 quingentos
1172 2586 1226 2639 in
1260 2586 1610 2641 latitudinem
1667 2584 1891 2648 instrui,
1961 2581 2055 2652 qni

469 2687 732 2727 numerus
768 2676 1017 2730 continet
1076 2685 1317 2732 trecenta
1354 2677 1525 2731 millia
1555 2678 1839 2748 equitum:
1867 2689 2059 2730 unum.

468 2778 742 2833 quemque
759 2780 961 2835 equum
995 2768 1116 2822 loco
1146 2784 1247 2824 suo
1270 2770 1630 2826 constitutum
1661 2769 1881 2833 habere,
1911 2765 2055 2836 quod

469 2853 537 2907 ad
592 2855 938 2911 latitudinem
997 2867 1230 2929 spectat,
1264 2862 1433 2930 pedes
1473 2870 1703 2926 tres,ex
1755 2875 1866 2931 quo
1921 2858 2059 2912 ﬁunt

468 2944 634 3012 pedes
669 2946 820 3001 mille
843 2948 1145 3017 octingenti
1176 2968 1187 3003 :
1222 2965 1676 3021 unumquemque
1704 2949 1850 3020 quod
1887 2948 1953 3001 ad
1979 2948 2059 3000 al-

470 3036 758 3093 titudinem
791 3048 1004 3109 spectat
1043 3042 1245 3097 habere
1279 3043 1445 3112 pedes
1475 3053 1622 3105 octo,
1651 3059 1716 3097 ex
1754 3058 1865 3112 quo
1919 3040 2057 3094 ﬁunt

470 3126 666 3195 pedum
707 3136 946 3196 quatuor
974 3130 1185 3186 millia:
1242 3132 1425 3201 itaque
1466 3132 1734 3201 quadrata
1790 3132 1844 3184 in
1883 3128 2056 3183 forma

469 3221 697 3284 propter
740 3216 1134 3286 longitudinem
1160 3221 1308 3274 mille
1337 3220 1782 3291 octingentorum
1834 3220 2057 3289 pedum,

468 3313 524 3358 et
545 3312 769 3374 prOptcr
799 3307 1142 3363 latitudinem
1166 3319 1404 3380 quatuor
1434 3311 1584 3365 mille
1609 3309 1829 3379 pedum,
1856 3313 2064 3380 septin-

469 3402 644 3462 gentae
672 3394 865 3465 viginti
895 3398 1173 3467 myriades
1212 3398 1412 3469 pedum
1474 3399 1847 3470 integrorum:
1886 3401 2061 3453 ambi—

469 3490 560 3537 tus
593 3490 774 3538 autem
814 3492 1171 3541 externorum
1205 3487 1403 3558 pedum
1436 3489 1646 3544 circum
1709 3505 1804 3559 per
1859 3489 2057 3552 latera,

470 3574 728 3629 undecim
774 3578 942 3632 millia
983 3582 1231 3636 sexcenti
1265 3581 1451 3651 pedes.
1487 3582 1552 3635 Et
1578 3582 1807 3652 quando
1830 3595 1924 3635 sex
1960 3596 2055 3650 pe—

469 3667 568 3723 des
609 3668 816 3726 faciunt
847 3672 1054 3737 ulnam,
1104 3681 1325 3728 centum
1352 3675 1498 3729 ulnae
1546 3675 1761 3729 faciunt
1797 3674 2060 3737 stadium,

469 3767 678 3826 septem
717 3761 890 3816 stadia
927 3772 981 3818 et
1025 3764 1311 3820 dimidium
1348 3764 1559 3821 faciunt
1594 3768 1851 3831 milliare,
1886 3767 2062 3822 conti-

469 3851 613 3905 ritur
676 3853 917 3910 ambitus
956 3858 1251 3913 universus
1305 3859 1564 3915 undecim
1600 3861 1771 3915 millia
1815 3861 2059 3916 sexcenti

469 3942 657 4010 pedes,
684 3943 792 3999 duo
824 3947 1081 4001 milliaria
1111 3956 1167 4003 et
1190 3951 1431 4004 sexcenti
1459 3966 1673 4019 passus.
1710 3950 1823 4006 Hac
1896 3951 2063 4021 igitur

468 4035 645 4088 forma
687 4039 981 4108 capiuntur
1014 4050 1261 4096 trecenta
1295 4044 1465 4098 millia
1505 4044 1819 4108 hominum,
1856 4046 1901 4099 si
1941 4059 2061 4114 per-

469 4126 613 4184 fecte
640 4130 1032 4187 addenseutur.
1067 4134 1163 4189 Sin
1209 4138 1454 4193 rariores
1501 4138 1730 4204 fuerint,
1762 4155 1829 4193 ex
1874 4138 2063 4193 densi-

468 4218 600 4273 tatis
645 4222 857 4278 ratione
888 4226 1132 4282 raritatis
1156 4228 1503 4283 intervallum
1552 4229 1919 4301 reputantium
1954 4236 2060 4294 est,

472 4318 637 4377 atque
696 4310 833 4364 adeo
893 4328 959 4367 ex
1013 4313 1119 4368 loci
1171 4316 1351 4385 spatio
1399 4317 1810 4374 multitudinem
1873 4318 2059 4389 ρονυιί

470 4401 927 4459 animadvertere.

541 4717 630 4773 90.
674 4719 939 4774 Trecenta
992 4720 1107 4775 haec
1158 4721 1329 4775 millia
1389 4722 1672 4777 hominum
1708 4723 1761 4777 in
1818 4724 2058 4794 simplici

470 4818 806 4881 extentoque
871 4813 1240 4867 contubernio
1298 4815 1660 4869 instrue-mus.
1713 4814 2061 4887 Unoquoquc

471 4918 615 4971 equo
650 4905 703 4958 in
732 4904 1133 4975 longitudinem
1175 4908 1313 4961 aciei
1370 4908 1660 4974 instructo,
1696 4908 1830 4963 ﬁunt
1857 4910 2055 4980 pedum

471 5007 748 5067 nongenta
772 5000 961 5066 millia,
996 5017 1117 5070 quze
1178 5001 1232 5054 in
1286 5000 1556 5056 directum
1600 5002 1893 5072 producta,
1950 5002 2060 5056 duo

474 5092 642 5146 millia
679 5107 939 5163 passuum
963 5094 1114 5163 juxta
1148 5094 1402 5166 perfectae
1427 5094 1768 5151 densationis
1789 5096 2057 5150 rationein

473 5187 704 5242 faciunt.
732 5186 885 5253 Quod
948 5188 992 5241 si
1048 5188 1282 5258 dispersi
1336 5188 1702 5259 dissipatique
1755 5188 2057 5254 ambulent,

473 5281 830 5351 multiplicem
880 5281 1039 5351 longe
1092 5282 1266 5351 magis
1320 5280 1423 5335 hoc
1471 5283 1591 5337 loco
1648 5282 1825 5337 locum
1876 5282 2061 5351 possi-

472 5372 603 5428 dent
633 5391 645 5424 :
688 5373 955 5443 longeque
988 5373 1170 5440 plures
1202 5373 1460 5427 videntur
1490 5389 1635 5438 esse,
1669 5388 1793 5427 cum
1820 5373 2057 5445 dispersi

472 5474 620 5531 sunt,
652 5481 815 5536 quam
861 5465 905 5519 si
940 5464 1187 5541 ordinem
1224 5464 1635 5534 stationemque
1681 5479 1837 5520 suam
1869 5481 2059 5522 serva-

2161 1967 2391 2033 τάξεων,
2425 1966 2519 2019 καὶ
2550 1968 2605 2018 αἱ
2639 1966 2748 2017 τῶν
2783 1966 2963 2018 τόπων
2996 1964 3204 2027 θέσεις,
3239 1963 3440 2033 πολλὴν
3494 1962 3597 2031 τῆς
3657 1977 3756 2013 πο-

2165 2060 2390 2129 σότητος
2422 2058 2516 2113 τοῦ
2552 2056 2683 2111 λαοῦ
2733 2056 2998 2127 διαφορὰν
3040 2056 3342 2120 ποιοῦνται,
3388 2054 3484 2109 καὶ
3511 2052 3756 2123 ἀνυπέρ-

2164 2153 2359 2224 ϐλητον
2392 2150 2704 2219 εἰσάγουσιν
2753 2149 2961 2219 πλάνην
2995 2150 3109 2212 τοῖς
3138 2148 3325 2211 ἁπλῶς
3367 2148 3463 2200 καὶ
3508 2146 3755 2215 ἀπείρως

2162 2242 2517 2299 κατανοοῦσιν
2548 2242 2703 2295 αὑτά.
2736 2243 2846 2295 Καὶ
2869 2243 2948 2295 ὅτι
2981 2241 3009 2294 ὃ
3032 2241 3176 2310 λέγω
3198 2240 3308 2312 (46)
3334 2240 3533 2311 ἀληθές
3581 2242 3752 2302 ἐστιν,

2165 2338 2511 2409 μαρτυρήσει
2537 2335 2674 2405 τάχα
2714 2333 2825 2405 (47)
2855 2337 2919 2405 τῇ
2954 2333 3157 2404 θεωρίᾳ
3186 2335 3213 2387 ὁ
3244 2332 3456 2404 μέλλων
3484 2331 3753 2402 λεχθῆναι

2160 2429 2383 2501 τρόπος.
2415 2482 2425 2491 ,

2234 2522 2342 2575 πθ¹.
2406 2520 2638 2574 ’Υπόθου
2687 2520 2796 2590 γάρ
2850 2519 3162 2583 ἑξακοσίους,
3217 2516 3616 2587 καόαλλαρίους
3670 2515 3753 2577 είς

2165 2614 2342 2686 μῆκος
2374 2614 2467 2666 ἐπὶ
2499 2613 2877 2677 πεντακοσίοις
2927 2614 3004 2676 εἰς
3042 2612 3243 2674 πλάτος
3269 2609 3564 2664 τάσσεσθαι
3600 2609 3712 2677 (48)
3736 2648 3750 2668 ,

2160 2710 2187 2763 ὃ
2218 2696 2429 2777 γίνεται
2462 2708 2759 2777 τριάκοντα
2791 2705 3075 2776 μυριάδες,
3122 2706 3290 2775 ἤγουν
3321 2702 3635 2772 τριακόσιαι
3668 2718 3753 2769 χι-

2159 2802 2340 2866 λιάδες
2385 2799 2789 2870 καϐαλλαρίων.
2847 2798 3111 2852 Ἐκάστου
3164 2796 3221 2849 δὲ
3257 2798 3428 2849 ἵππου
3461 2795 3541 2856 εἰς
3590 2788 3753 2845 τόπον

2160 2894 2501 2965 τασσομένου
2547 2891 2879 2963 κρατοῦντος
2931 2892 3097 2953 πόδας
3138 2891 3287 2961 τρεῖς
3336 2886 3481 2942 κατᾶ
3513 2885 3752 2946 πλάτος.

2160 2990 2399 3058 γίνονται
2428 2987 2586 3049 πόδες
2615 2986 2773 3056 χίλιοι
2804 2984 3135 3038 ὀκτακόσιοι·
3171 2983 3266 3037 καὶ
3302 2981 3535 3035 ἑκάστου
3573 2980 3747 3031 ἵππου

2161 3083 2217 3134 ἐν
2264 3080 2341 3150 τῷ
2387 3079 2539 3149 βάθει
2586 3077 2923 3147 τασσομένου
2974 3075 3305 3147 κρατοῦντος
3354 3072 3521 3135 πόδας
3573 3068 3753 3129 ὀκτὼ,

2089 3188 2128 3244 ί]
2162 3172 2404 3241 γίνονται
2430 3170 2589 3233 πόδες
2615 3169 3066 3241 τετρακισχίλιοι,
3118 3167 3256 3221 ὥστε
3293 3163 3539 3234 γίνεσθαι
3580 3166 3636 3216 ὲν
3668 3180 3758 3214 τε-

2165 3260 2496 3331 τραπλεύρῳ
2553 3262 2796 3330 σχήματι
2851 3259 2957 3311 ὑπὸ
3007 3256 3099 3311 τοῦ
3157 3257 3366 3328 μήκους
3411 3254 3519 3308 τῶν
3568 3253 3769 3323 χιλίων

2165 3352 2522 3415 ὀκτακοσίων,
2562 3351 2771 3405 καὶτοῦ
2804 3351 3002 3421 βάθους
3033 3350 3142 3404 τῶν
3172 3346 3623 3419 τετρακισχιλίων
3656 3361 3758 3398 πο-

2163 3445 2292 3512 δῶν,
2334 3445 2668 3509 ἑπτακοσίας
2721 3445 2897 3498 εῖκοσι
2954 3442 3225 3516 μυριάδας
3262 3442 3430 3504 πόδας
3477 3438 3753 3510 στερεοὺς·

2165 3542 2197 3611 ή
2231 3540 2286 3593 δὲ
2316 3541 2648 3609 περίμετρος
2696 3539 2865 3610 μόνης
2899 3537 3224 3606 ἐπιφανείας
3272 3534 3471 3599 ἔξωθεν
3521 3531 3608 3585 διὰ
3648 3530 3758 3584 τῶν

2163 3635 2444 3704 τεσσάρων
2476 3632 2751 3703 πλευρῶν,
2791 3632 3031 3701 γίνονται
3060 3630 3219 3693 πόδες
3252 3628 3437 3700 μύριοι
3470 3626 3563 3680 καὶ
3593 3625 3756 3695 χίλιοι

2163 3726 2461 3792 ἑξακόσιοι,
2482 3725 2577 3778 καὶ
2607 3724 2794 3793 ἐπειδὴ
2817 3723 2873 3775 δὲ
2899 3725 2947 3776 οἱ
2978 3720 3037 3786 ἒξ
3064 3721 3222 3783 πόδες
3251 3717 3496 3773 ποιοῦσιν
3520 3714 3759 3787 ὀργυιὰν

2167 3819 2322 3888 μίαν,
2356 3821 2410 3871 αἱ
2439 3818 2495 3870 δὲ
2531 3816 2724 3870 ἑκατὸν
2753 3816 2972 3883 ὀργυιαὶ
3006 3812 3219 3866 ποιοῦσι
3253 3811 3468 3864 στάδιον
3500 3808 3577 3873 ἓν,
3609 3806 3674 3859 τά
3697 3805 3757 3859 δὲ

2165 3910 2306 3963 ἑπτὰ
2342 3911 2434 3963 καὶ
2459 3910 2630 3980 ήμισυ
2672 3909 2863 3962 στάδια
2896 3906 3111 3959 ποιοῦσι
3147 3906 3321 3975 μίλιον
3353 3903 3432 3963 ἓν,
3463 3902 3757 3968 συνάγεται

2164 4003 2197 4070 ἡ
2239 4001 2570 4071 περίμετρος
2613 4002 2795 4062 πᾶσα,
2833 4000 2951 4070 ἤτοι
2985 4001 3031 4051 οἱ
3071 3997 3255 4067 μύριοι
3311 3995 3406 4048 καὶ
3451 3994 3612 4064 χίλιοι
3661 3991 3759 4043 καὶ

2164 4095 2437 4159 ἑξακόσιοι
2463 4094 2622 4155 πόδες
2646 4094 2724 4156 εἰς
2756 4093 2905 4161 μίλια
2934 4091 3027 4143 δύο
3055 4092 3226 4159 ἥμισυ
3255 4088 3479 4141 δέκατον
3504 4086 3754 4152 ἔγγιστα.

2178 4187 2266 4238 Ἐν
2324 4183 2499 4254 τούτῳ
2557 4179 2650 4236 οὖν
2695 4182 2773 4252 τῷ
2820 4182 3150 4252 διαστήματι
3207 4180 3300 4234 καί
3358 4179 3598 4248 σχήματι
3648 4191 3759 4244 χω-

2169 4277 2386 4350 ροῦνται
2448 4277 2504 4330 αἱ
2554 4275 2850 4346 τριάκοντα
2898 4272 3162 4342 μυριάδες
3210 4270 3319 4322 τῶν
3373 4265 3756 4333 καὸαλλαρίων

2165 4369 2308 4425 κατὰ
2347 4369 2558 4421 τελείαν
2594 4368 2894 4420 πύκνωσιν.
2941 4366 3004 4418 Et
3035 4365 3090 4418 δὲ
3137 4360 3746 4434 ἀραιότεροιῖστανται,

2165 4467 2229 4518 ὲκ
2264 4464 2363 4533 τῆς
2412 4462 2748 4523 πυκνώσεως
2799 4456 3205 4527 ἐπιλογίζεσθαι
3261 4456 3340 4508 δεῖ
3383 4453 3483 4523 τὴν
3528 4449 3757 4504 ἐνοῦσαν

2095 4550 2137 4606 D
2167 4556 2487 4625 ἀραιότητα,
2524 4553 2617 4605 καὶ
2669 4551 2841 4613 οὕτως
2883 4549 3215 4620 συμϐάλλειν
3251 4549 3314 4601 ἐκ
3359 4546 3453 4599 τοῦ
3488 4542 3756 4616 μεγέθους

2165 4647 2260 4701 τοῦ
2296 4647 2463 4699 τόπου
2491 4647 2550 4699 τὸ
2590 4644 2753 4698 ποσὸν
2782 4643 2876 4697 τοῦ
2911 4642 3068 4696 λαοῦ.

2242 4736 2312 4803 ιζ.
2348 4735 2597 4805 Τάξομεν
2626 4735 2681 4787 δὲ
2711 4734 2810 4794 τὰς
2833 4734 3127 4802 τριάκοντα
3163 4730 3428 4801 μυριάδας
3464 4729 3629 4799 ἧγουν
3656 4725 3757 4788 τὰς

2168 4828 2486 4897 τριακοσίας
2518 4826 2762 4896 χιλιάδας
2789 4824 2881 4876 ἐπὶ
2913 4825 3091 4895 ἁπλῆς
3126 4824 3286 4885 ἁκίας
3320 4821 3414 4875 καὶ
3455 4818 3753 4885 ἐκτεταμέ-

2168 4936 2284 4989 νης.
2331 4919 2593 4971 Ἐκάστου
2634 4918 2689 4971 δὲ
2735 4920 2902 4972 ἵππου
2939 4918 3018 4981 είς
3064 4916 3239 4987 μῆκος
3278 4912 3618 4981 τασσομένου
3658 4908 3758 4977 τῆς

2166 5010 2530 5080 παρατάξεως
2561 5010 2891 5082 κρατοῦντος
2913 5052 2926 5075 ,
2953 5009 3027 5072 ὡς
3080 5006 3318 5076 εἴρηται,
3376 5005 3543 5065 πόδας
3576 5003 3754 5071 τρεῖς,

2160 5105 2399 5172 γίνονται
2437 5105 2596 5167 πόδες
2631 5104 2892 5175 μυριάδες
2942 5103 3284 5173 ἐνενήκοντα,
3315 5098 3362 5151 οἳ
3397 5096 3610 5150 ποιοῦσι
3636 5094 3755 5146 διά-

2164 5214 2349 5267 στημα
2384 5197 2473 5250 ἐπ’
2513 5197 2732 5260 εὔθείας
2782 5196 2935 5266 μίλια
2979 5194 3231 5249 διακόσια
3281 5191 3533 5259 ἔγγιστα,
3583 5185 3761 5240 ταῦτα

2172 5290 2289 5359 μὲν,
2322 5292 2395 5355 ὡς
2431 5291 2663 5361 εἴρηται,
2698 5290 2839 5343 κατὰ
2870 5289 3082 5341 τελείαν
3130 5286 3428 5339 πύκνωσιν,
3481 5283 3543 5335 Εἰ
3578 5281 3633 5332 δὲ
3675 5280 3759 5331 δι-

2171 5382 2562 5450 εσκεδασμένοι
2587 5382 2682 5435 καὶ
2709 5380 3129 5452 ἐσκορπισμένοι
3155 5372 3761 5443 κινοῦνται,όμολογούο

2177 5474 2336 5541 μενόν
2371 5475 2518 5527 ἐστιν
2542 5516 2556 5539 ,
2587 5475 2666 5527 ὅτι
2701 5471 3137 5526 πολλαπλασίονα
3176 5469 3269 5523 τοῦ
3320 5468 3520 5540 μέτρου
3564 5464 3757 5518 τούτου

1995 5633 2234 5691 NOT/E.

550 5760 659 5830 (ili)
694 5760 877 5830 Λέγω.
912 5761 1286 5829 Scrilicliatur,
1321 5765 1514 5830 λέγων.

555 5828 664 5891 (i7)
710 5829 885 5893 Τάχα.
914 5828 1287 5900 Scribclmlul‘i
1321 5828 1482 5903 τύκοι·

2241 5770 2349 5841 (i8)
2389 5772 2746 5827 Τιίσιτεσθαι.
2785 5768 3163 5833 Scribebatur,
3202 5765 3267 5817 τὰ
3300 5760 3613 5815 σέσσεσθαι.
