4090 6436
351 354 455 418 937

1383 356 1714 415 TACTICA.
1756 380 1823 389 --
1865 355 2367 417 CONSTITUTIO
2408 354 2585 416 XVII.

3501 352 3608 414 938

354 463 646 534 κατέχουσι
680 461 862 523 τόπον,
894 462 985 515 καὶ
1018 461 1260 526 πλείονες
1284 462 1389 515 τῶν
1417 464 1474 516 ὲν
1503 466 1568 533 τῇ
1590 464 1740 529 τάξει
1763 464 1931 517 ἑστώο

2055 473 2175 519 'enl.
2209 464 2305 520 Sin
2354 466 2408 519 in
2459 463 2669 519 deflexa
2700 460 2932 532 quodam
2990 459 3113 514 loco
3148 458 3611 529 eminentioreqne

352 570 463 605 των
506 551 584 622 τῷ
627 550 891 621 ὀφθαλμῷ
939 551 1357 606 ὑποπίπτουσιν.
1413 553 1475 605 Εἰ
1525 553 1581 606 δὲ
1630 555 1689 607 ὲν
1722 554 1935 627 πλαγίῳ

354 644 507 712 τόπῳ
531 643 625 696 καὶ
653 641 966 712 ὑψηλοτέρῳ
992 642 1407 713 περιπατοῦσιν,
1435 643 1517 697 ἔτι
1542 644 1723 699 πλέον.

427 739 536 801 ha}.
567 734 658 787 Διδ
686 734 843 787 καὶοὶ
873 732 1185 804 βουλόμενοι
1212 733 1439 805 στρατὸν
1463 734 1551 788 διά
1580 736 1791 807 κόμπον
1817 737 1936 791 τινά

358 827 657 891 ὑποδεῖξαι,
686 825 719 897 ἢ
742 826 835 878 ἐπὶ
860 826 1184 896 λεπτοτέρου
1212 825 1408 896 βάθους
1431 827 1721 883 τάσσουσιν
1751 829 1933 892 αὐτὸν,

356 918 391 987 ἢ
423 916 721 986 κεχυμένον
754 914 1013 986 μηκόθεν,
1040 916 1073 986 ἦ
1096 915 1543 986 διεσκεδασμένον
1571 917 1664 970 καὶ
1678 916 1938 988 διεσπαρ-

361 1006 540 1077 μένον.
571 1007 633 1059 Οί
666 1005 722 1058 δὲ
758 1005 1102 1075 παλαιότεροι
1130 1004 1239 1058 τῶν
1270 1004 1546 1059 τακτικῶν
1578 1004 1675 1076 τὴν
1706 1004 1937 1076 πεζικὴν

358 1096 533 1164 τάξιν,
572 1097 699 1149 ὅταν
737 1097 837 1166 μέν
880 1097 995 1149 ἐστι
1038 1096 1379 1166 τεταγμένη,
1424 1097 1694 1166 τέσσαρας,
1746 1098 1940 1166 πήχεις

364 1188 557 1242 ίστῶσι
582 1187 673 1240 τὸν
698 1187 795 1240 ἕνα
823 1186 992 1258 ἄνδρα
1016 1189 1286 1257 κατέχειν.
1320 1188 1490 1241 Ὅταν
1515 1187 1571 1240 δέ
1606 1188 1723 1241 ἐστι
1758 1205 1940 1240 πεπυ-

362 1278 643 1348 κνωμένη,
673 1277 751 1341 είς
778 1278 870 1331 δύο
906 1278 1122 1347 πήχεις·
1152 1278 1280 1330 ὅταν
1311 1277 1365 1330 δὲ
1399 1278 1540 1331 κατά
1566 1279 1942 1348 συνασπισμὸν

362 1367 421 1419 ὲν
457 1366 763 1437 παρατάξει
793 1366 970 1435 πῆχυν
1003 1365 1100 1418 ἕνα
1143 1365 1396 1436 κατέχειν
1434 1366 1525 1419 τὸν
1566 1365 1938 1437 στρατιώτην,

362 1456 503 1510 ὥστε
533 1458 627 1511 καὶ
657 1460 721 1511 ὲκ
744 1458 936 1511 τούτου
965 1456 1059 1510 τοῦ
1090 1457 1290 1527 μέτρου
1322 1459 1413 1511 τὸν
1445 1457 1648 1528 ἀκριϐῆ
1676 1460 1945 1513 σκουλκά-

355 1563 500 1625 ίτορα
532 1545 947 1614 ἀναλογίζεσθαι
980 1546 1087 1599 ἀπὸ
1107 1546 1271 1600 αὐτοῦ
1299 1546 1391 1601 τοῦ
1417 1550 1624 1618 μήκους
1653 1549 1745 1602 τοῦ
1776 1550 1940 1603 τόπου

362 1640 426 1691 οὺ
447 1639 607 1710 μόνον
623 1639 731 1691 τῶν
747 1638 1149 1709 καὸαλλαρίων,
1168 1639 1304 1693 ἀλλά
1327 1640 1422 1695 καὶ
1435 1639 1615 1705 πεζῶν
1635 1641 1696 1695 τὺ
1716 1642 1941 1713 πλῆθος.

2038 556 2318 621 incedant,
2369 557 2525 628 longe
2559 555 2743 626 plures
2776 568 2898 610 esse
2926 559 3209 623 putantur.

2110 736 2195 790 9|.
2230 734 2415 805 Itaque
2455 734 2550 804 qui
2593 733 2660 787 ad
2692 730 2933 801 speciem
2967 728 3206 797 aliquam
3240 740 3610 797 pompamque

2037 827 2313 883 exercitus
2343 806 2743 886 demonstrant,
2774 822 2857 876 vel
2879 820 3128 875 tenuiore
3167 833 3292 874 cum
3324 817 3614 871 altitudine

2039 915 2319 970 instruunt
2341 927 2485 979 eum,
2523 913 2610 967 vel
2661 912 2877 965 eminus
2926 910 3107 964 fusum
3171 908 3612 976 dispersumque.

2042 1004 2395 1074 Antiquiores
2439 1010 2618 1055 autem
2652 1001 2731 1055 rei
2786 999 3042 1053 militaris
3099 997 3257 1067 periti
3305 995 3614 1066 pedestrem

2042 1097 2235 1163 aciem,
2287 1094 2510 1166 quando
2546 1094 2815 1148 instructa
2862 1100 2967 1158 est,
3009 1098 3247 1161 quatuor
3300 1088 3614 1142 cubitorum

2044 1188 2336 1256 unicuique
2388 1186 2507 1240 viro
2557 1184 2794 1253 spatium
2856 1182 3082 1237 dabant.
3133 1180 3235 1236 Ubi
3281 1178 3617 1232 densabatur

2045 1275 2233 1339 acies,
2266 1273 2498 1327 duorum
2553 1272 2863 1326 cubitorum
2915 1270 3153 1339 spatium
3201 1267 3515 1322 tribuebant
3560 1268 3613 1320 in

2044 1365 2286 1438 perfecta
2315 1363 2700 1435 aggregatione
2752 1362 3008 1428 militum,
3047 1372 3105 1415 ut
3141 1362 3383 1415 cubitum
3446 1376 3616 1414 unum

2047 1461 2268 1515 haberet
2296 1459 2709 1526 unusquisque:
2752 1472 2861 1525 qua
2894 1473 2960 1512 ex
3011 1471 3273 1510 mensura
3320 1456 3621 1522 unusquis-

2044 1566 2151 1622 que
2182 1550 2361 1604 bonus
2384 1547 2718 1618 speculator,
2752 1556 2808 1601 et
2837 1562 2903 1601 ex
2947 1547 3124 1615 spatio
3182 1544 3311 1609 loci,
3348 1542 3507 1598 facile
3536 1560 3623 1599 re-

2044 1642 2262 1715 putabit
2292 1658 2403 1697 non
2448 1641 2608 1696 modo
2638 1639 2909 1711 equitum,
2950 1653 3142 1698 verum
3178 1639 3340 1695 etiam
3378 1636 3621 1708 peditum

2050 1750 2363 1790 numerum.

438 1821 547 1891 ιιβν.
582 1820 865 1890 Τοσαύτης
897 1820 1076 1873 τοίνυν
1106 1820 1368 1891 διαφορᾶς
1401 1820 1567 1892 οὔσης
1616 1822 1697 1887 εἷς
1740 1841 1799 1877 τε
1843 1825 1941 1888 τάς

2110 1827 2201 1881 92.
2231 1826 2369 1881 Cum
2404 1825 2569 1897 igitur
2612 1831 2761 1880 tanta
2801 1823 2874 1881 sit
2906 1821 3214 1878 diﬂ‘erentia
3264 1821 3318 1876 in
3374 1820 3491 1876 acie
3531 1819 3622 1873 in-

367 1911 552 1975 τάξεις
580 1911 674 1963 καὶ
699 1911 778 1972 είς
803 1910 872 1963 τὰ
905 1911 1183 1981 σχήματα,
1219 1910 1278 1963 οὐ
1312 1911 1429 1965 δέον
1462 1929 1542 1977 σε,
1574 1905 1618 1966 ὦ
1650 1913 1942 1984 στρατηγὲ,

366 2001 451 2064 εἰς
484 1999 747 2069 ἀπείρους
773 2000 881 2053 τῶν
904 2001 1161 2054 τοιούτων
1187 1999 1506 2072 ἀνθρώπους
1534 2003 1631 2068 τὰς
1657 2003 1945 2068 σκούλκας,

366 2091 488 2160 ἦτοι
521 2089 620 2153 τὰς
660 2089 747 2143 διά
782 2089 890 2144 τῶν
929 2091 1297 2145 κατασκόπων
1338 2092 1448 2145 τῶν
1491 2093 1600 2146 σῶν
1645 2094 1947 2165 διακρίσεις

367 2180 813 2246 καταπιστεύειν,
845 2182 878 2252 ἦ
906 2181 1005 2244 τὰς
1032 2183 1160 2253 περὶ
1184 2183 1388 2237 τούτων
1414 2183 1605 2253 βίγλας
1625 2224 1640 2247 ,
1671 2187 1805 2257 μηδὲ
1836 2190 1948 2251 τοῖς

369 2272 504 2343 παρ’
534 2272 731 2337 αὐτῶν,
759 2270 836 2335 ὡς
865 2271 1075 2344 ἔτυχεν,
1109 2274 1422 2345 λεγομένοις
1445 2277 1756 2345 πιστεύεινά
1773 2279 1944 2332 Ἀνεί-

369 2378 573 2415 παστον
611 2361 720 2432 γάρ
764 2363 911 2417 ἐστιν
952 2367 1067 2427 τοῖς
1111 2364 1359 2429 πολλοῖς,
1406 2366 1499 2419 καὶ
1540 2368 1949 2439 ἀκατανόητον,

369 2454 486 2539 ιῐγε
508 2454 648 2525 ὑπὲρ
670 2454 766 2519 τὰς
793 2454 967 2508 εἴκοσι
997 2456 1031 2526 ἢ
1064 2457 1359 2526 τριάκοντα
1388 2457 1630 2528 χιλιάδας
1687 2462 1824 2523 ἐστὶ,
1854 2460 1951 2513 καὶ

373 2543 608 2614 μάλιστα
638 2545 732 2597 ἐπὶ
768 2544 958 2612 ἐθνῶν,
1007 2545 1203 2610 οἵτινες
1234 2547 1461 2611 πολλοὺς
1520 2549 1721 2612 ἵππους
1757 2551 1952 2604 ἐπισύ-

375 2651 589 2705 ρονται,
625 2634 813 2707 διόπερ
852 2638 1140 2709 ἐμπείροις
1175 2638 1402 2710 ἀνδράσι
1448 2638 1518 2693 τά
1565 2639 1790 2694 τοιαῦτα
1845 2641 1971 2713 χρη

375 2722 819 2777 καταπιστεύειν.

445 2811 555 2880 ιιγῖ
581 2813 732 2885 Μηδὲ
785 2816 1091 2887 προχείρως
1114 2818 1322 2886 ἀγωνία
1344 2819 1436 2873 ἐπὶ
1464 2823 1585 2885 ταῖς
1604 2819 1827 2885 λεπταῖς
1856 2822 1951 2875 καὶ

379 2902 619 2970 μακραῖς
649 2903 993 2971 παρατάξεσι
1030 2904 1117 2957 διὰ
1160 2907 1400 2978 πλήθους
1426 2908 1711 2962 ὑπόνοιαν·
1751 2912 1799 2962 εἰ
1840 2911 1949 2982 γάρ

380 2993 454 3061 μή
491 2992 629 3044 είσιν
674 2994 949 3063 ἀναλόγως
998 2996 1217 3066 ἔχουσαι
1271 2999 1332 3051 τὸ
1372 2999 1535 3069 βάθος
1572 3000 1738 3071 μέγα,
1785 3002 1951 3055 ποσὸν

375 3082 478 3135 οὐκ
503 3082 737 3153 ἔχουσιν.
768 3085 880 3149 Τάς
899 3085 955 3137 δὲ
989 3084 1207 3155 βαθείας
1246 3088 1871 3160 πολυπραγμονείτωσαν
1900 3093 1948 3146 οἱ

2050 1919 2337 1983 struenda,
2378 1927 2543 1988 atque
2571 1917 2627 1971 in
2658 1916 2833 1971 forma
2870 1915 3169 1980 exercitus,
3200 1913 3425 1967 minime
3453 1913 3625 1981 impe-

2048 2012 2172 2068 ritis
2217 2011 2463 2067 excubiis
2493 2009 3043 2081 speculatoribusque
3083 2015 3179 2059 aut
3231 2004 3474 2059 fortuitis
3500 2003 3623 2073 qui-

2049 2099 2281 2154 busdam
2320 2098 2644 2155 bominibus
2704 2097 2839 2153 fides
2864 2095 3173 2151 adhibenda
3225 2102 3310 2150 est
3352 2093 3624 2147 :minime

2048 2193 2193 2247 enim
2225 2192 2328 2245 hoc
2361 2191 2568 2261 percipi
2596 2189 2779 2258 vulgo,
2804 2186 3313 2260 comprehendique
3344 2200 3371 2237 a
3392 2182 3622 2254 plebeiis

2048 2291 2248 2353 potest,
2279 2283 2438 2352 idque
2463 2282 2783 2351 praesertim,
2828 2281 2873 2336 si
2915 2295 3082 2351 supra
3121 2278 3357 2332 ducenta
3394 2283 3487 2329 aut
3517 2283 3625 2328 tre-

2050 2380 2209 2426 centa
2235 2371 2408 2425 millia
2436 2371 2723 2426 hominum
2752 2370 2977 2425 fuerint.
3006 2369 3252 2422 Ethnica:
3281 2367 3423 2421 enim
3449 2365 3627 2417 natio-

2051 2476 2167 2530 nes,
2192 2476 2360 2531 equos
2388 2477 2517 2519 suos
2561 2463 2868 2517 arctissime
2910 2462 2965 2515 in
3021 2462 3137 2515 acie
3170 2458 3491 2526 adiungunt.
3523 2452 3630 2507 Ita.

2050 2571 2157 2626 que
2206 2554 2396 2625 peritis
2444 2553 2578 2609 viris
2627 2553 2722 2608 tali
2760 2554 2814 2607 in
2851 2568 3013 2608 causa
3044 2549 3379 2606 credendum
3419 2554 3525 2603 est.

2124 2816 2209 2869 93.
2239 2814 2316 2869 Ne
2343 2814 2509 2870 nimis
2558 2814 2967 2885 praecipitanter
2993 2814 3222 2871 dimices
3250 2812 3512 2868 adversus
3546 2822 3630 2867 te-

2054 2921 2190 2960 nues
2229 2906 2526 2976 longasque
2568 2905 2737 2969 acies,
2769 2913 2993 2974 propter
3028 2903 3343 2972 opinionem
3376 2902 3630 2955 multitu-

2054 2997 2201 3051 dinis
2238 3014 2251 3050 :
2290 2995 2544 3066 quamvis
2572 2996 2717 3049 enim
2771 3002 2921 3050 certa
2954 2993 3189 3063 quadam
3237 3008 3360 3047 cum
3402 3007 3633 3096 propor-

2057 3088 2202 3142 tionis
2222 3103 2332 3142 non
2370 3089 2697 3154 collocatur,
2757 3102 2935 3156 neque
2983 3085 3329 3139 altitudinem
3380 3085 3635 3154 pro'nu-

380 3175 740 3240 κατάσκοποι,
771 3177 818 3229 εί
843 3176 903 3229 τὸ
925 3177 1141 3231 τοῦλδον
1173 3181 1533 3236 συντέτακται
1566 3185 1633 3252 τῇ
1655 3183 1951 3254 παρατάξει

2067 3195 2219 3235 mero
2276 3196 2376 3235 suo
2435 3180 2641 3250 justam
2708 3178 2944 3243 habent,
3006 3178 3380 3247 speculatores
3451 3183 3635 3230 tamen

379 3265 624 3334 δπισθεν,
654 3268 688 3337 ἢ
730 3267 882 3338 μόνοι
911 3268 1129 3323 ὀπλῖταί
1160 3272 1320 3324 εἰσιν.

456 3533 557 3603 ιιδι.
608 3534 694 3590 Τὰ
746 3535 849 3608 μὲν
892 3536 986 3591 οὖν
1036 3539 1290 3610 περὶτοῦ
1337 3540 1506 3595 ποσοῦ
1549 3542 1774 3597 δυνατόν
1821 3542 1970 3598 ἐστιν

383 3626 774 3698 ἀκριϐέστερον
790 3628 1155 3697 γινώσκεσθαι
1181 3631 1273 3685 διά
1299 3649 1358 3685 τε
1383 3631 1493 3686 τῶν
1514 3635 1971 3705 προσφευγόντων

385 3718 525 3789 πρὸς
553 3719 702 3789 ἡμᾶς
724 3759 740 3784 ,
772 3720 869 3773 καὶ
906 3720 995 3774 διά
1031 3720 1142 3776 τῶν
1180 3723 1569 3793 κρατουμένων
1622 3725 1871 3797 ἐχθρῶν,
1922 3727 1970 3780 εί

390 3810 624 3882 βουληθῇ
649 3812 707 3865 δέ
740 3830 823 3876 τις
862 3812 957 3866 καὶ
985 3812 1074 3866 διὰ
1107 3815 1345 3885 παρόδου
1386 3816 1732 3887 στενωτέρων
1763 3819 1967 3885 τόπων,

389 3902 471 3956 ἔτι
502 3903 615 3974 (49)
651 3903 709 3956 δὲ
743 3905 836 3957 καὶ
877 3902 965 3957 διά
994 3903 1104 3958 τῶν
1137 3905 1451 3975 ἀπλήκτων,
1484 3909 1532 3959 εί
1562 3906 1748 3978 συμϐῇ
1773 3908 1973 3971 αὐτοὺς

389 3995 686 4065 ήνωμένως
723 3994 984 4048 ἀπλικεύε
994 4013 1063 4049 ιν.

461 4091 566 4155 ιβ’.
600 4085 728 4142 Ἐὰν
755 4088 811 4141 δὲ
836 4088 909 4159 μή
942 4089 1089 4141 ἐστιν
1120 4089 1393 4157 φοσσάτον
1418 4088 1628 4160 ἐχθρῶν
1656 4091 1713 4143 ὲν
1739 4091 1840 4160 μὲν
1861 4092 1976 4155 τοῖς

392 4178 747 4249 στενωτέροις
783 4180 972 4243 τόποις
1014 4180 1084 4233 δι’
1111 4180 1310 4249 ὀλίγων
1342 4181 1483 4234 κατά
1525 4182 1625 4246 τὰς
1650 4182 1759 4235 τῶν
1792 4183 1975 4237 τόπων

392 4268 574 4331 θέσεις
599 4269 755 4322 ποιοῦ
793 4269 892 4333 τὰς
923 4270 1215 4334 σκούλκας,
1254 4273 1333 4335 είς
1365 4271 1422 4325 δὲ
1454 4273 1581 4335 τοὺς
1612 4274 1849 4342 ὁμαλοὺς
1882 4274 1976 4327 καὶ

2068 3268 2362 3340 diligenter
2408 3269 2755 3323 altitudinem
2797 3268 3111 3336 exquirant,
3163 3275 3345 3320 utrum
3403 3266 3635 3334 impedi-

2069 3368 2251 3415 menta
2282 3363 2465 3414 omnia
2496 3374 2525 3413 a
2583 3369 2737 3428 tergo
2766 3358 2904 3411 aciei
2935 3358 3205 3412 collocata
3254 3356 3387 3421 sint,
3420 3371 3493 3409 an
3533 3356 3636 3409 soli

2071 3453 2264 3507 armati
2292 3454 2364 3508 ibi
2392 3451 2679 3507 constituti
2716 3449 2940 3505 fuerint.

2140 3544 2229 3598 94.
2261 3544 2368 3599 Res
2430 3542 2669 3597 hostium
2707 3542 2805 3595 abs
2850 3548 2905 3595 te
2961 3538 3157 3593 melius
3212 3545 3640 3608 cognoscantur.

2070 3636 2156 3691 vel
2196 3652 2289 3705 per
2319 3650 2414 3689 eos
2454 3635 2547 3704 qui
2587 3634 2653 3687 ad
2688 3641 2740 3687 te
2786 3632 3166 3703 profugerunt,
3212 3631 3291 3685 vel
3332 3645 3427 3699 per
3459 3629 3644 3684 hostes

2071 3728 2164 3797 qui
2191 3727 2333 3796 capti
2368 3734 2516 3787 sunt,
2549 3724 2634 3778 vel
2662 3725 2707 3778 si
2736 3725 2862 3792 quis
2894 3725 3127 3778 voluerit
3150 3739 3247 3793 per
3282 3731 3643 3793 angustarqu

2073 3817 2318 3872 locorum
2353 3815 2669 3879 transitura,
2699 3816 2784 3870 vel
2837 3816 3003 3870 etiam
3044 3830 3141 3884 per
3187 3825 3390 3878 castra,
3435 3815 3480 3868 si
3512 3828 3647 3867 con-

2073 3908 2248 3978 tingat
2276 3908 2399 3962 illos
2430 3921 2539 3961 uno
2572 3906 2628 3959 in
2660 3906 2783 3959 loco
2818 3920 2881 3957 ea
2919 3920 3146 3974 ponere.

2144 4082 2233 4139 95.
2265 4083 2322 4137 Si
2346 4082 2586 4137 hostium
2614 4081 2882 4136 fossatum
2914 4080 3123 4135 nullum
3156 4079 3343 4143 fuerit,
3390 4079 3442 4133 in
3473 4094 3648 4150 angu-

2076 4176 2340 4231 stioribus
2366 4176 2501 4231 locis
2534 4190 2631 4245 pro
2660 4176 2905 4229 locorum
2929 4174 3037 4231 situ
3060 4187 3264 4242 paucos
3298 4172 3547 4227 homines
3581 4172 3648 4226 ad

2075 4269 2336 4323 excubias
2375 4268 2672 4323 collocabis
2718 4282 2731 4317 :
2777 4268 2861 4321 sin
2907 4266 2961 4319 in
3014 4264 3377 4335 mquabilibus
3427 4263 3650 4332 exposi-

393 4361 633 4428 γυμνοὺς
674 4360 872 4424 τόπους
906 4361 964 4414 ἐν
1001 4361 1275 4431 διαφόροις
1312 4362 1500 4433 μέρεσι
1531 4363 1644 4435 (50)
1675 4363 1764 4416 διὰ
1796 4364 1951 4417 πλειὸ

2076 4360 2258 4429 tisque
2292 4359 2428 4414 locis
2457 4359 2702 4413 diversas
2728 4358 2780 4412 in
2810 4365 2993 4428 partes
3022 4355 3444 4417 distribuantur,
3466 4353 3651 4422 plures

395 4467 502 4503 νων
535 4449 691 4504 ποιοῦ
723 4452 819 4515 τὰς
862 4451 1159 4515 σκούλκας,
1201 4453 1295 4504 καὶ
1339 4455 1479 4507 κατὰ
1531 4454 1831 4523 συνέχειαν,
1880 4472 1951 4507 κα

2081 4448 2147 4502 ad
2184 4447 2447 4502 excubias
2496 4444 2735 4512 emittes,
2773 4453 2887 4499 tum
2922 4443 3212 4498 intervallo
3262 4444 3512 4497 locorum
3571 4440 3655 4494 di-

396 4539 504 4592 ἀπὸ
532 4510 922 4610 διαστήματος,
955 4541 1049 4593 καὶ
1084 4510 1322 4612 μάλιστα
1363 4544 1442 4605 είς
1472 4543 1571 4606 τὰς
1594 4510 1951 4606 νύκταςίὸταε

2081 4547 2311 4605 stantes,
2347 4547 2461 4592 tum
2508 4538 2769 4592 continue
2798 4552 2856 4591 se
2899 4544 3089 4590 mutuo
3120 4535 3502 4597 admonentes,
3558 4547 3656 4586 no-

398 4630 682 4700 εὑχέρειαν
710 4631 808 4702 ἔχῃ
844 4634 872 4685 ό
900 4632 1094 4703 ἐχθρὸς
1114 4633 1203 4686 διὰ
1232 4633 1324 4685 τοῦ
1358 4636 1523 4688 τόπου
1550 4631 1611 4690 οὗ
1638 4636 1703 4689 ἂν
1729 4636 1951 4706 βούλετα

2077 4637 2279 4700 ctnque
2301 4629 2671 4700 potissimum,
2703 4628 2921 4698 quando
2949 4626 3109 4680 facile
3133 4624 3305 4678 hostis
3333 4620 3531 4692 poterit
3560 4635 3656 4689 per

398 4720 581 4775 λαθεῖν
633 4724 728 4777 καὶ
774 4724 1560 4796 αίφνιδιάσαι,προκανονίςων
1606 4728 1704 4791 τὰς
1754 4727 1946 4798 βίγλας

2078 4739 2201 4777 enm
2257 4722 2438 4776 locum
2471 4736 2628 4791 quem
2674 4720 2909 4775 voluerit
2949 4719 3089 4771 clam
3132 4714 3413 4786 progredi,
3448 4722 3501 4767 et
3550 4728 3653 4766 nec

401 4813 496 4867 ἐὰν
523 4813 701 4882 ὀλίγαι
732 4814 860 4879 είσὶ,
905 4814 998 4870 καὶ
1029 4817 1115 4870 διά
1142 4819 1300 4872 τοῦτο
1342 4818 1450 4871 ἀπὸ
1480 4818 1847 4889 διαστήματος
1881 4821 1946 4874 τὰ

2081 4816 2361 4885 opinatam
2416 4812 2789 4869 incursionem
2843 4811 3045 4864 facere.
3088 4805 3428 4877 Prmparabis
3474 4812 3653 4858 autem

404 4904 594 4974 βίγλας
621 4906 701 4958 δεῖ
731 4906 995 4974 γίνεσθαι,
1027 4908 1123 4960 καὶ
1144 4908 1583 4980 ἀλλεπαλλήλους
1615 4912 1672 4961 ὲν
1703 4910 1950 4981 διαφόροι

2080 4905 2365 4969 excubias,
2402 4913 2461 4958 ut
2488 4903 2740 4974 quamvis
2778 4916 2965 4972 paucae
2997 4898 3219 4958 fuerint,
3252 4912 3346 4966 per
3372 4896 3653 4950 intervalla

402 4997 588 5060 τόποις
617 4999 730 5061 τοῖς
762 4998 1085 5069 ἐπιτηδείοις
1119 5000 1211 5053 καὶ
1246 5001 1455 5070 συχνῶς
1483 5000 1874 5056 ἀλλάσσεσθαι.

475 5172 589 5240 ις’.
626 5174 800 5228 Γνῶθι
825 5175 881 5228 δὲ
909 5176 990 5228 ὅτι
1013 5176 1142 5228 ίδιον
1165 5176 1436 5245 άρμοδῐων
1457 5178 1821 5231 κατασκόπων
1846 5178 1984 5241 ἐστὶ,

408 5266 469 5320 τὸ
498 5269 760 5339 φρονήσει
813 5268 910 5321 καὶ
958 5269 1236 5339 ἀγρυπνίᾳ
1281 5268 1480 5333 τόπους
1511 5287 1571 5322 τε
1608 5270 1700 5323 καὶ
1743 5271 1988 5342 κινήσεις

412 5357 687 5428 πολεμίων
720 5364 1107 5414 κατασκοπεῖν.

480 5449 589 5518 L3,".
625 5451 765 5516 Τοὺς
810 5452 866 5506 δὲ
915 5452 1190 5516 τοιούτους
1236 5452 1446 5524 ἐλαφρᾷ
1491 5453 1703 5508 ὁπλίσει
1749 5452 1985 5524 χρῆσθαι

2090 5004 2270 5050 tamen
2304 4996 2575 5059 locentur,
2609 5000 2665 5046 et
2693 4990 2928 5045 diversis
2962 4987 3284 5058 idoneisque
3335 4987 3389 5041 in
3435 4986 3572 5041 le'cis
3600 5001 3659 5040 se

2086 5097 2282 5142 mutuo
2316 5086 2630 5156 frequenter
2660 5087 3020 5135 commutent.

2157 5179 2247 5234 96.
2318 5178 2593 5231 Bonorum
2642 5171 3050 5242 speculatorum
3108 5172 3211 5224 hoc
3262 5168 3497 5223 ollieium
3550 5174 3657 5228 est,

2088 5271 2374 5342 prudentia
2409 5277 2462 5323 et
2487 5265 2789 5337 vigilantia,
2811 5264 2927 5319 loca
2956 5271 3247 5334 metusque
3271 5262 3507 5319 hosﬁum
3533 5275 3661 5331 per-

2094 5377 2343 5417 noscere.

2164 5450 2346 5506 97.lli
2403 5448 2507 5505 levi
2562 5454 2727 5518 atque
2786 5445 3037 5515 expedita
3072 5454 3350 5501 armatura
3417 5450 3663 5507 utantur,

1922 5564 2155 5621 NOTAE.

490 5654 602 5725 (59)
633 5656 782 5711 Ἔτι.
815 5655 1027 5721 Scribe,
1052 5656 1180 5713 εἴτε.

495 5725 605 5795 (50)
640 5728 949 5796 Διαφόροις
991 5727 1220 5797 μέρεσι.
1275 5726 1653 5798 Scribebalur,
1709 5730 1981 5801 διαφόρων
2020 5730 2260 5801 μέτρεσι.
