4090 6494
465 428 569 490 939

1725 423 2001 485 LEONIS
2036 423 2500 485 PHILOSOPHI

3605 419 3716 486 940

467 554 747 611 equosque
786 537 1022 593 habeant
1059 536 1283 604 celeres,
1312 544 1371 590 ut
1421 536 1537 591 sine
1574 536 1874 593 ollensione
1930 537 2029 591 ali~

2132 540 2271 603 δέον,
2303 539 2396 593 καὶ
2427 539 2627 599 ἵππους
2658 535 2800 606 ἔχειν
2840 536 3042 605 ταχεῖς,
3080 533 3160 597 εἰς
3198 533 3257 587 τδ
3303 531 3711 604 ἀνεμποδίστως

467 645 573 698 qua
608 630 710 682 iter
741 628 964 681 faciant.
1004 625 1389 695 Exploratores
1422 634 1602 680 autem
1634 627 1749 681 sive
1780 627 2034 697 specula-

470 727 617 773 tores
648 719 897 773 securius
930 717 982 770 in
1010 716 1249 771 hostium
1280 716 1452 785 c0piis
1474 717 1782 787 castrisque
1813 733 2034 773 versen-

469 818 575 872 tur,
613 816 672 861 ut
704 810 996 878 populares
1026 808 1245 861 illorum
1270 823 1392 863 esse
1419 807 1728 862 vidcantur.
1774 807 2035 863 Excubiae

467 908 646 954 autem
678 900 861 955 fideles
887 902 1017 965 sint,
1057 909 1112 956 et
1138 902 1362 954 robusta
1398 900 1651 969 corporis
1675 901 1879 969 specie,
1912 900 2032 953 ani—

465 1007 555 1043 mo
621 991 789 1044 alacri
855 998 1019 1059 atque
1077 990 1343 1054 incitato,
1417 999 1691 1044 armatura
1752 990 2035 1059 splendida

465 1082 630 1134 etiam
672 1082 899 1151 reliquis
957 1082 1223 1137 militibus
1264 1091 1554 1146 anteeant,
1611 1094 1669 1135 ut
1720 1082 1802 1136 vel
1855 1082 2033 1151 aliqua

467 1174 726 1243 prarclara
759 1188 1093 1243 strenuaque
1125 1190 1182 1227 re
1218 1183 1368 1243 gesta
1416 1175 1636 1226 domum
1675 1172 1922 1239 redeant,
1949 1173 2034 1227 vel

464 1267 509 1322 si
544 1267 611 1321 ab
638 1267 890 1321 hostibus
912 1268 1221 1336 capiantur,
1252 1266 1318 1320 ab
1350 1265 1459 1319 illis
1492 1271 1673 1317 tamen
1703 1263 1755 1316 in
1792 1264 2033 1318 admira-

465 1357 611 1409 tione
637 1357 767 1412 sint.

532 1449 622 1504 93.
658 1448 978 1503 Praefectum
1011 1450 1368 1503 excubiarum
1406 1450 1743 1520 vigilantem,
1788 1447 2033 1518 pruden-

466 1544 1097 1614 tem,experientem,et
1135 1560 1242 1597 non
1300 1543 1585 1598 fortuitum
1638 1543 1889 1613 quemvis
1935 1542 2035 1597 eli-

464 1648 560 1703 gas
607 1650 621 1686 :
672 1650 849 1703 neque
905 1636 1052 1690 enim
1116 1642 1330 1688 tantum
1364 1632 1706 1696 fortitudine,
1769 1642 2032 1702 quantum

464 1726 754 1795 prudentia
799 1741 862 1781 ac
900 1727 1183 1796 vigilantia
1217 1726 1272 1780 in
1328 1726 1576 1781 excubiis
1629 1725 1850 1796 agendis
1897 1738 2034 1793 opus

462 1824 571 1872 est.

2135 633 2360 697 ὁδεύειν,
2393 632 2489 685 καὶ
2520 630 2647 693 τοὺς
2681 630 2779 699 μὲν
2818 627 3238 698 ὲξπλοράτωρας
3273 629 3391 698 ἦτοι
3436 626 3711 680 κατασκό-

2136 742 2269 784 πους
2302 724 2461 793 δῆθεν
2500 721 2846 791 ἀφοὸώτερον
2890 720 3194 788 συνδιάγειν
3239 722 3349 781 τοῖς
3388 717 3665 784 πολεμίοις
3692 756 3708 774 ,

2135 816 2274 869 ὥστε
2320 815 2602 885 ὁμογενεῖς
2649 814 2844 876 αὐτοὺς
2898 807 3037 865 εἶναι
3077 810 3434 881 νομίζεσθαι,
3486 810 3614 873 τοὺς
3653 810 3711 861 δὲ

2137 904 2461 973 βιγλὰτορας
2508 902 2731 965 πιστοὺς
2765 898 2932 965 εἶναι,
2985 900 3081 955 καὶ
3132 902 3262 953 εῖδει
3309 898 3561 968 σώματος
3609 900 3709 952 ἀν-

2134 993 2315 1063 δρείῳ,
2351 992 2445 1045 καὶ
2477 991 2625 1061 ψυχῇ
2666 990 2912 1061 εὐτόλμῳ
2936 1029 2951 1054 ,
2991 990 3080 1041 καὶ
3121 988 3332 1042 ὁπλίσει
3379 982 3709 1057 λαμπροὺς,

2135 1085 2229 1138 καί
2280 1084 2388 1137 τῶν
2443 1082 2647 1136 λοιπῶν
2706 1080 3054 1149 στρατιωτῶν
3114 1079 3393 1147 διαφέρειν
3425 1119 3439 1142 ,
3476 1077 3617 1130 ὣστε
3674 1077 3707 1144 ἢ

2135 1176 2465 1248 ποιήσαντάς
2503 1192 2555 1228 τι
2595 1177 2842 1242 γενναῖον
2869 1172 3028 1243 ἔργον
3059 1172 3151 1225 καὶ
3190 1170 3434 1241 ἀνδρεῖον
3474 1169 3707 1222 ἐπανελ-

2136 1269 2281 1332 θεῖν,
2317 1268 2350 1338 ἢ
2392 1266 2771 1337 ζωγρηθέντας
2818 1263 2968 1335 παρὰ
3014 1266 3126 1326 τοῖς
3171 1261 3450 1331 πολεμίοις
3494 1260 3706 1329 θαυμά-

2136 1359 2346 1422 ζεσθαι.

2205 1456 2313 1519 ῐιηκ
2347 1450 2449 1502 Τδν
2474 1432 2532 1502 δὲ
2562 1448 2796 1517 ἄρχοντα
2824 1446 2922 1516 τῆς
2970 1444 3238 1507 σκούλκας
3278 1444 3389 1514 (Si)
3427 1444 3706 1513 ἄγρυπνον

2135 1546 2229 1598 καὶ
2279 1544 2541 1614 φρόνιμον
2585 1544 2679 1595 καὶ
2710 1541 2975 1610 ἔμπειρον
3014 1538 3295 1605 ὲπιλέγου,
3344 1536 3439 1589 καὶ
3484 1536 3560 1605 μὴ
3613 1537 3706 1614 τὸν

2133 1599 2381 1707 τυχόντα.
2401 1599 2533 1689 Οὕδὲ
2554 1636 2659 1705 γὰρ
2679 1599 2930 1687 τοσοῦτὸν
2954 1599 3224 1701 ἀνδρείας,
3248 1599 3370 1683 ὅσον
3396 1599 3707 1698 φρονήσεωξ

2135 1729 2230 1783 καὶ
2253 1726 2559 1798 ἀγρυπνίας
2579 1726 2750 1780 δεῖται
2778 1726 2812 1794 ἡ
2845 1723 2953 1776 τῶν
2984 1723 3393 1792 σκουλκατόρων
3419 1721 3597 1790 χρεία.

540 1910 631 1967 99.
688 1910 1072 1980 Speculatores
1136 1912 1283 1966 solos
1326 1911 1545 1964 emittes
1605 1907 1856 1963 hostibus
1916 1904 2028 1974 jam

2203 1907 2307 1975 ὶ.,θ’⁸
2350 1908 2558 1968 Μόνους
2596 1904 2652 1958 δὲ
2692 1921 2815 1966 τους
2848 1902 3227 1963 κατασκόπους
3267 1899 3561 1953 ἀπόστελλε
3607 1915 3711 1967 μα-

463 2002 680 2057 eminus
733 1999 1147 2063 exsistentibus,
1179 1999 1223 2054 si
1271 1997 1512 2052 volueris
1554 1996 1636 2051 vel
1688 2002 1871 2050 motus
1925 1993 2027 2046 lto-

464 2094 654 2156 stium,
690 2091 774 2145 vel
814 2089 955 2146 situs
980 2089 1215 2154 viarum,
1253 2088 1335 2143 vel
1385 2085 2028 2142 locorum-munitionem

461 2198 813 2255 cognoscere.

533 2273 659 2329 100.
682 2271 914 2339 Quando
948 2271 1016 2326 ad
1062 2270 1361 2341 capiendos
1396 2268 1610 2340 aliquos
1665 2267 1907 2322 incursio
1949 2264 2025 2329 fit,

460 2369 579 2416 tum
607 2362 906 2433 permissos
932 2359 1033 2415 hos
1062 2360 1437 2430 exploratores
1465 2373 1589 2413 cum
1618 2356 1867 2413 excubiis
1900 2356 2027 2409 mit-

461 2461 569 2515 tes,
623 2457 788 2521 atque
831 2450 889 2505 hi
931 2449 1151 2520 quidem
1186 2456 1565 2514 anteeurrant,
1597 2445 2028 2518 expeditioribus

460 2535 601 2592 locis
634 2536 1008 2606 speculantur,
1038 2535 1283 2591 excubiae
1313 2542 1634 2606 sequantur,
1670 2541 1725 2589 et
1754 2533 2030 2588 ducantur

466 2627 535 2682 ab
557 2624 691 2682 illis.

532 2808 659 2863 lOl.
685 2806 961 2864 Excubias
982 2805 1324 2878 temporibus
1352 2804 1693 2862 necessarias
1746 2817 1855 2858 non
1889 2816 2029 2858 unas

459 2898 741 2970 simplices
771 2898 942 2955 facies
985 2913 1095 2954 una
1125 2899 1307 2968 aliqua
1335 2912 1400 2952 ex
1433 2904 1613 2966 parte,
1638 2895 1732 2951 sed
1780 2893 2029 2949 diversas

460 2995 515 3042 et
551 3003 651 3058 pro
682 2988 784 3043 loci
814 2987 948 3051 situ,
988 2987 1299 3058 idoneoque
1341 2986 1632 3041 intervallo
1667 2985 1812 3039 inter
1843 2998 1902 3039 se
1934 2997 2030 3053 po-

460 3077 616 3142 sitas,
642 3087 703 3133 ut
748 3079 795 3134 si
837 3079 1023 3134 hostes
1067 3078 1283 3148 aliquos
1325 3078 1543 3131 illorum
1575 3076 1796 3139 lateant,
1843 3081 2025 3127 tamen

458 3171 514 3223 in
547 3170 686 3225 alios
713 3169 1016 3224 incidentes
1054 3174 1478 3237 cognoscantur.
1530 3167 1708 3235 Atque
1738 3166 1792 3219 in
1833 3163 2026 3234 primis

459 3258 709 3313 excubiis
739 3272 942 3327 paucos
969 3255 1287 3322 collocabis,
1322 3255 1375 3308 in
1418 3254 1677 3310 secundis
1728 3254 1936 3323 plures,
1969 3251 2023 3304 in
2054 3237 2096 3294 (ἶ

457 3349 637 3406 tertiis
660 3349 747 3405 his
772 3350 933 3403 etiam
968 3349 1174 3419 plures.

528 3523 653 3578 402.
679 3522 936 3579 Excubiis
963 3522 1246 3594 praecipies
1278 3530 1339 3580 ut
1363 3538 1544 3595 neque
1572 3521 1818 3588 sedeant,
1852 3536 2029 3592 neque

458 3615 744 3680 recubent,
777 3614 1238 3683 quemadmodum
1275 3623 1433 3669 antea
1468 3613 1594 3667 alibi
1642 3612 2023 3681 praecepimus,

460 3710 521 3754 ut
573 3717 641 3755 ne
688 3702 1038 3756 socordiores
1089 3702 1141 3756 in
1186 3718 1244 3757 re
1289 3702 1522 3771 gerenda
1557 3708 1807 3771 peccent.
1841 3698 2026 3755 Sessio

456 3791 603 3844 enim
639 3799 694 3845 et
722 3791 1027 3857 recubatio,
1058 3806 1310 3846 somnum
1357 3791 1593 3845 maxime
1619 3792 1851 3844 all'erunt
1884 3809 1896 3842 ;
1930 3791 2024 3859 qui

455 3889 634 3935 autem
665 3880 768 3935 hoc
797 3879 1025 3944 faciunt,
1061 3881 1290 3951 vigilare
1320 3895 1426 3935 non
1478 3889 1729 3950 possunt.
1781 3879 1886 3933 Sed
1928 3895 2025 3933 ne-

454 3985 561 4038 que
583 3971 627 4024 si
661 3985 757 4039 per
790 3977 959 4025 totam
993 3979 1210 4025 noctem
1266 3986 1324 4025 se
1357 3971 1680 4039 vigilaturos
1734 3969 2022 4037 recipiant,

455 4062 563 4117 illis
615 4059 811 4116 credas
851 4069 1093 4115 :natura
1157 4064 1303 4116 enim
1329 4061 1476 4130 quod
1538 4060 1603 4113 ad
1659 4076 1719 4115 se
1788 4060 2026 4128 pertinet

453 4164 672 4220 semper
725 4150 975 4221 requirit,
1009 4159 1061 4205 ct
1086 4162 1141 4203 tu
1169 4151 1317 4218 quod
1361 4151 1695 4204 tutissimum
1753 4148 1898 4202 facto
1941 4155 2026 4201 est

455 4240 651 4305 facies,
686 4242 731 4296 si
776 4242 1201 4306 exeubimzalias
1231 4241 1491 4296 excubias
1534 4239 1874 4308 excipientes
1927 4255 2024 4294 uo-

451 4340 597 4387 ctem
629 4334 1022 4387 transmittant.

2132 2001 2324 2069 κρόθεν
2368 1998 2448 2051 ἔτι
2477 1997 2586 2049 τῶν
2636 1995 2910 2063 πολεμίων
2972 1991 3494 2060 ἀπαγγελλομένων,
3541 1989 3708 2058 ἡνίκα

2133 2091 2365 2161 μάλιστα
2415 2086 2576 2157 βούλῃ
2633 2085 2824 2155 μαθεῖν
2867 2084 2899 2154 ἢ
2937 2083 3150 2152 κίνησιν
3187 2078 3399 2151 ἐχθρῶν
3424 2119 3440 2145 ,
3486 2079 3519 2149 ἢ
3554 2079 3711 2132 θέσιν

2129 2182 2284 2243 ὁδῶν,
2313 2179 2345 2249 ἦ
2374 2179 2554 2230 τόπων
2583 2176 2853 2247 ὀχύρωσιν
2892 2175 3028 2245 (52).

2200 2277 2268 2340 ρ’.
2304 2270 2474 2322 Ὅταν
2514 2266 2570 2318 δὲ
2598 2266 2690 2318 ἐπὶ
2724 2266 2803 2334 τῷ
2835 2266 3125 2336 κατασχεῖν
3160 2281 3312 2327 τινας
3359 2264 3393 2334 ἡ
3432 2262 3699 2331 ἐπιδρομή

2129 2362 2265 2425 ἐστι,
2294 2360 2413 2412 τότε
2437 2359 2919 2427 ἀναμεμιγμένους
2947 2357 3174 2419 τούτους
3206 2354 3345 2425 μετὰ
3367 2354 3476 2407 τῶν
3510 2356 3703 2405 σκουλ-

2129 2451 2375 2521 κατόρων
2403 2450 2710 2520 πρόστασσε
2741 2443 2909 2511 εἶναι,
2932 2448 3026 2501 καὶ
3051 2447 3251 2508 αὐτοὺς
3275 2446 3373 2515 μὲν
3399 2444 3705 2514 προεκτρέ-

2129 2561 2269 2615 χειν,
2311 2542 2407 2596 καὶ
2449 2541 2509 2608 ἐξ
2557 2538 2818 2593 ἀπόπτων
2851 2537 2961 2607 (55)
3002 2538 3171 2607 ἧγουν
3218 2535 3440 2605 ὑψηλῶν
3489 2534 3717 2605 χωρίων

2128 2631 2515 2692 κατασκοπεῖν,
2552 2629 2677 2690 τοὺς
2706 2627 2762 2681 δὲ
2792 2626 3195 2697 σκουλκάτορας
3222 2624 3536 2679 ἀκολουθεῖν
3563 2622 3707 2676 ὲκεί-

2129 2739 2261 2786 νοις,
2296 2721 2390 2774 καὶ
2425 2717 2743 2788 ὁδηγεῖσθαι
2782 2718 2911 2788 παρ’
2940 2716 3141 2771 αὐτῶν.

2204 2818 2306 2881 ρα¹.
2336 2810 2448 2874 Τάς
2471 2808 2528 2863 δὲ
2563 2808 2831 2871 σκούλκας
2871 2808 2905 2878 ἢ
2943 2807 3131 2877 βίγλας
3160 2808 3219 2861 ἐν
3245 2808 3358 2871 τοῖς
3383 2805 3706 2874 ἀναγκαίοις

2129 2905 2341 2974 καιροῖς
2374 2903 2449 2972 μὴ
2475 2899 2625 2954 ποιοῦ
2662 2900 2839 2963 ἁπλᾶς
2881 2899 2989 2953 ἀπὸ
3018 2899 3135 2962 ὲνδς
3164 2898 3385 2969 μέρους,
3417 2897 3553 2950 ἀλλά
3583 2896 3701 2950 δια-

2129 2994 2325 3064 φόρους
2358 2995 2450 3046 καὶ
2486 2990 2942 3060 ἀλλεπαλλήλους,
2982 2990 3121 3043 κατά
3160 2990 3259 3058 τὴν
3286 2987 3379 3042 τοῦ
3414 2989 3580 3041 τόπου
3611 2986 3703 3039 θέο

2130 3103 2232 3149 σιν,
2260 3085 2353 3138 καὶ
2383 3084 2489 3137 ἀπὸ
2521 3083 2893 3151 διαστήματος
2924 3080 3109 3135 ἱκανοῦ
3138 3097 3153 3111 ’
3182 3081 3269 3133 ἵνα
3294 3082 3342 3132 εί
3369 3080 3551 3149 ωμόῇ
3576 3079 3704 3141 τοὺς

2129 3174 2354 3244 ἐχθροὺς
2379 3172 2650 3226 διαλαθεῖν
2685 3174 2763 3235 είς
2794 3172 2918 3235 τοὺς
2947 3170 3592 3241 ἅλλουςῗπεριπίπτοντες
3627 3168 3702 3238 μὴ

2128 3263 2439 3318 διαλόιθωσι⁹
2475 3265 2570 3316 καὶ
2615 3264 2741 3325 τοὺς
2790 3264 2888 3331 μὲν
2921 3263 2978 3315 ἐν
3024 3264 3090 3332 τῇ
3126 3261 3320 3334 πρώτῃ
3353 3261 3513 3330 βίγλᾳ
3545 3259 3703 3320 ὄντας

2130 3355 2481 3425 ὀλιγωτέρους
2514 3352 2692 3415 ποιοῦ,
2722 3353 2847 3413 τοὺς
2875 3351 2932 3403 δὲ
2976 3351 3114 3420 μετά
3146 3350 3385 3412 ἐκείνους
3413 3351 3469 3403 ὲν
3494 3352 3559 3419 τῇ
3584 3349 3702 3400 δευο

2129 3446 2264 3517 τέρᾳ
2295 3444 2513 3507 πλείους
2538 3485 2550 3507 ,
2586 3443 2677 3495 καὶ
2708 3442 2834 3504 τοὺς
2863 3443 2922 3493 ὲν
2955 3444 3022 3512 τῇ
3048 3441 3206 3511 τρίτῃ
3237 3440 3316 3494 ἔτι
3352 3440 3593 3513 πλείους.

2201 3535 2302 3606 ρξ’.
2338 3534 2489 3605 Μηδὲ
2541 3532 2805 3597 καθίζειν,
2859 3532 2998 3602 μήτε
3043 3530 3428 3585 ἀνακλίνεσθαι
3460 3531 3586 3594 τοὺς
3618 3529 3704 3600 βιο

2130 3626 2420 3696 γλεύοντας
2446 3625 2817 3697 παράγγελλε,
2851 3625 3103 3693 καθάπερ
3130 3626 3225 3680 καῖ⁸
3254 3625 3311 3677 ὲν
3341 3625 3551 3696 ἑτέροις
3576 3626 3705 3697 περὶ

2130 3721 2317 3773 τούτου
2348 3736 2433 3772 σοι
2465 3717 2938 3789 παρηγγείλαμεν,
2970 3716 3056 3770 ἵνα
3086 3717 3161 3786 μὴ
3192 3716 3564 3789 ῥᾳθυμότερον
3608 3717 3703 3770 τοῦ

2130 3810 2291 3881 ἔργου
2321 3809 2499 3863 αὐτῶν
2525 3811 2811 3880 γινομένου
2846 3809 3175 3863 ἀπόλωνται·
3212 3809 3309 3863 καὶ
3360 3808 3528 3880 γάρὴ
3567 3809 3702 3862 καθ-

2137 3903 2269 3972 έδρα
2312 3902 2404 3955 καὶ
2427 3903 2462 3972 ἡ
2487 3901 2767 3963 ἁνάκλισις
2800 3900 2968 3953 ὕπνον
3016 3899 3249 3968 μάλιστα
3293 3898 3477 3969 φέρει.
3516 3898 3623 3951 Καὶ
3653 3900 3702 3950 οἱ

2128 3992 2285 4046 τοῦτο
2316 3993 2615 4056 ποιοῦντες,
2652 3992 2951 4062 ἀγρυπνεῖν
2978 3990 3038 4043 οὐ
3077 3990 3348 4045 δύνανται·
3383 3989 3520 4043 ἀλλὰ
3569 3990 3704 4059 μηδὲ

2129 4084 2223 4138 ὲάν
2251 4082 2691 4152 ὲπαγγέλλωνταί
2714 4100 2857 4145 τινες
2876 4082 2942 4135 δι’
2964 4082 3091 4151 ὅλης
3113 4082 3213 4151 τῆς
3237 4079 3429 4143 νυκτὸς
3454 4080 3700 4151 κρατεῖν,

2129 4176 2389 4247 πιστεύῃς
2413 4177 2624 4236 αὐτοῖς’
2662 4177 2695 4246 ἡ
2721 4174 2829 4245 γὰρ
2858 4174 3017 4243 φύσις
3056 4172 3116 4226 τὺ
3147 4172 3275 4225 ἴδιον
3308 4174 3577 4241 ἐπιζητεῖ,
3609 4173 3702 4225 καὶ

2130 4268 2193 4321 ab
2227 4267 2322 4337 τὴν
2350 4267 2649 4335 ἀσφάλειαν
2693 4266 2783 4319 διὰ
2810 4265 2906 4333 τῆς
2934 4265 3043 4318 τῶν
3076 4264 3278 4333 βιγ).ῶν
3308 4263 3554 4332 διαδοχῆς
3585 4280 3703 4314 ποι-

2129 4359 2306 4411 εῖσθαι
2364 4359 2437 4429 μὴ
2488 4358 2718 4428 ἀμελῇς,
2751 4356 3004 4410 ἵστασθαι
3062 4356 3119 4410 δὲ
3169 4357 3295 4419 τοὺς
3356 4354 3702 4425 βιγλεύοντας

2129 4468 2364 4514 παντως.

522 4538 646 4592 105.
678 4536 915 4591 Pedibus
944 4536 1169 4591 omnino
1217 4537 1467 4591 excubia:
1513 4539 1825 4593 consistant
1856 4510 1871 4590 ἐ
1911 4537 2025 4592 haec

2204 4572 2305 4635 ργ’.
2350 4565 2412 4616 Ἢ
2463 4563 2569 4632 γὰρ
2623 4562 2715 4614 ἐπὶ
2777 4562 2873 4631 τῆς
2924 4560 3029 4630 γῆς
3076 4559 3265 4622 στάσις
3294 4559 3550 4629 μαραίνει
3604 4557 3698 4610 τὸν

447 4631 593 4685 enim
620 4629 816 4700 pedum
842 4630 1005 4684 statio
1029 4642 1280 4682 somnum
1311 4629 1552 4699 depellit,
1582 4630 1756 4700 magis
1779 4629 2019 4698 vigilan-

450 4732 532 4780 tes
562 4741 656 4781 eos
689 4728 781 4795 qui
824 4731 975 4778 stant
1004 4723 1134 4777 facit
1167 4742 1179 4777 :
1214 4723 1301 4778 ubi
1328 4740 1455 4778 vero
1486 4725 1676 4779 lassati
1701 4723 2022 4793 fatigatiquc

450 4826 601 4882 sunt,
637 4826 1065 4878 commutentur,
1088 4818 1412 4888 opportunis
1444 4818 1846 4888 descriptisque
1868 4818 2021 4873 lteris

450 4911 649 4965 noctis.
686 4908 799 4965 Nisi
826 4909 971 4963 enim
1012 4909 1300 4980 diligenter
1336 4909 1404 4962 ad
1432 4909 1769 4979 vigilandum
1797 4909 2019 4963 labora-

449 5001 647 5064 verint,
686 5009 1047 5071 naturamque
1077 5016 1105 5054 a
1157 5017 1354 5056 somno
1405 5000 1822 5066 refrenaverint,
1858 5000 2021 5056 facile

450 5094 519 5147 ab
548 5092 800 5148 hostibus
833 5093 1199 5148 trucidentur.

520 5186 642 5249 ιοι.
680 5185 867 5255 Itaque
900 5186 1251 5257 exquirenda:
1276 5186 1470 5255 vigilite
1501 5192 1648 5250 sunt,
1673 5184 1855 5241 fideles
1888 5200 2021 5255 prm-

450 5277 577 5333 fecti
634 5277 908 5341 mittendi,
959 5279 1050 5348 qui
1096 5278 1278 5332 subito
1330 5277 1592 5332 excubias
1650 5277 1930 5340 invadant,
1967 5288 2022 5331 et

450 5368 770 5438 pervideanl
802 5368 1261 5438 quemadmodum
1314 5375 1625 5431 serventur,
1658 5376 1711 5420 et
1742 5366 2021 5437 negligen-

2132 4649 2299 4702 ὕπνον
2330 4649 2421 4701 καὶ
2454 4648 2655 4717 μᾶλλον
2673 4647 3011 4717 ἐγρηγόρους
3029 4647 3155 4709 τοὺς
3184 4648 3505 4715 ἱσταμένους
3532 4647 3696 4699 ποιεῖ.

2132 4741 2301 4793 Ὅταν
2326 4740 2381 4792 δὲ
2411 4740 2590 4810 χρεία,
2622 4740 2742 4792 τότε
2768 4739 3116 4801 κοπωθέντας
3162 4738 3525 4793 ἀλλάσσεσθαι
3560 4737 3704 4790 κατὰ

2130 4835 2228 4895 τὰς
2257 4832 2480 4895 δεούσας
2506 4832 2606 4900 τῆς
2636 4829 2823 4894 νυκτὸς
2846 4830 3289 4901 διαμερισθείσας
3318 4831 3504 4892 αὐτοῖς
3529 4830 3699 4900 ὥρας.

2130 4926 2190 4978 Εἰ
2239 4924 2345 4994 γὰρ
2383 4921 2458 4993 μὴ
2507 4921 2867 4993 φροντίσωσιν
2920 4921 3196 4991 ἐπιμελῶς
3219 4924 3366 4984 ὅπως
3417 4923 3702 4992 ἀγρυπνή-

2130 5032 2263 5067 σωσι
2293 5015 2390 5083 τὴν
2427 5013 2589 5082 φύσιν
2635 5013 2771 5077 τέως
2804 5012 2898 5065 τοῦ
2942 5012 3110 5065 ὕπνου
3143 5012 3566 5081 χαλινώσαντες,
3603 5015 3701 5081 ῥα-

2119 5106 2245 5166 δίως
2276 5105 2341 5156 ἂν
2380 5104 2531 5170 παρὰ
2559 5104 2669 5156 τῶν
2701 5102 2910 5173 ἐχθρῶν
2942 5103 3298 5157 ἀπολοῦνται.

2192 5194 2288 5266 ρδ’.
2325 5197 2415 5248 Διὸ
2440 5196 2545 5264 χρὴ
2583 5212 2642 5246 σε
2694 5196 3021 5262 καταζητεῖν
3066 5194 3163 5258 τὰς
3204 5195 3394 5264 βίγλας
3428 5196 3523 5248 καὶ
3554 5196 3701 5257 ὅπως

2118 5289 2392 5354 γίνονται,
2446 5288 2540 5340 καὶ
2590 5288 2829 5357 πέμπειν
2872 5288 2997 5348 τοὺς
3053 5287 3407 5356 πιστοτέρους
3430 5286 3539 5356 (54)
3592 5286 3702 5337 τῶν

2117 5380 2391 5449 ἀρχόντων
2426 5380 2551 5442 τοὺς
2598 5378 2911 5448 ἐφείλοντας
2960 5377 3325 5445 αἱφνιδιάσαι,
3376 5378 3471 5430 καὶ
3497 5376 3700 5430 ἐπιδεῖν

1948 5552 2178 5607 NOTAE.

520 5667 634 5731 (5|)
669 5668 999 5732 Σκούλκης.
1027 5668 1405 5732 Scribi-batur,
1446 5671 1696 5735 σκόλκας.

523 5735 636 5809 (ᾗὲ.)
674 5739 1018 5809 ἶοχιπρωσιν.
1050 5739 1423 5799 Scribebatur,
1457 5741 1826 5809 ὀχυρώμασιν.

545 5801 633 5857 53)
673 5801 988 5858 Ἀπόὲττωικ
1023 5810 1396 5873 ὃυιὶιιριιίιιιιι·,
1430 5801 1727 5866 dial/nl“.

2203 5675 2314 5743 (Si)
2354 5676 2495 5742 Τοὺς
2518 5677 2931 5743 πιστοτέρους.
2968 5674 3341 5738 Scribebatur,
3363 5673 3486 5735 τοὺς
3522 5670 3703 5723 crossi-

2133 5762 2277 5814 pytag.
