4090 6490
419 395 529 462 941.

1438 405 1767 467 TACTICA.
1810 435 1878 443 —
1910 410 2620 477 CONSTITUTIOXVII.

3555 414 3588 475 9
3603 413 3661 471 i2

420 505 536 567 πῶς
575 495 738 558 αὗται
777 521 1035 570 γινονται,
1074 505 1167 557 καί
1198 507 1315 570 τοὺς
1370 509 1707 578 ἀμελοῦντας
1734 518 1984 585 τιμωρεῖ-

2097 526 2180 575 tes
2212 521 2512 591 puniantur
2546 540 2560 576 :
2590 522 2719 593 quia
2771 534 3024 592 magnum
3068 521 3385 589 imperatori
3438 539 3537 579 sua
3575 541 3668 582 nc-

422 596 586 659 σθαι,
619 596 694 660 ὡς
751 597 961 661 αἰτίους
1010 598 1244 669 μεγάλου
1279 600 1524 655 κινδύνου
1577 604 1653 673 τῷ
1707 608 1984 677 στρατηγῷ

2092 609 2353 682 gligentia
2385 612 2630 670 inferunt
2655 616 2985 686 periculum.

418 686 763 755 γινομένους.

491 786 589 849 με’.
660 778 1062 849 ’Υπολαμῦάνω
1106 781 1162 834 δὲ
1208 782 1289 835 ὅτι
1338 785 1364 836 ὁ
1408 782 1671 855 ἔμπειρος
1736 786 1995 841 σκουλκάο

2167 786 2289 842 105.
2320 788 2624 848 Prudentes
2656 794 2905 850 excubia:
2937 794 3265 864 quibusdam
3294 794 3470 864 signis
3501 794 3678 863 prius-

423 888 538 938 τωρ
568 869 790 924 δύναται
827 871 935 924 ἀπό
967 890 1124 925 τινων
1157 873 1421 943 σημείων,
1456 876 1551 928 καὶ
1581 875 1687 946 πρὸ
1719 875 1813 929 τοῦ
1868 877 1984 930 ἰδεῖκ.

2093 890 2259 945 quam
2296 879 2517 938 videant
2565 884 2753 943 hostes
2791 886 3231 942 animadvertere
3262 885 3673 941 multitudinem

418 963 578 1017 αὑτὸν
620 964 749 1025 τοὺς
790 962 1083 1033 πολεμίους
1148 966 1483 1035 κατανοῆσαι
1528 967 1588 1019 τὸ
1661 968 1859 1038 μέτρον
1898 966 1984 1021 τοῐ

2093 967 2331 1026 hostium
2372 990 2437 1029 ex
2461 991 2729 1047 equorum
2766 979 3133 1035 collocatione
3174 988 3229 1035 et
3293 978 3495 1034 castris
3547 978 3671 1032 illo-

419 1056 657 1125 πλήθους
682 1056 861 1108 αὐτῶν
885 1056 948 1107 ὲκ
964 1055 1063 1123 τῆς
1111 1056 1218 1109 τῶν
1242 1057 1422 1110 ῖππων
1452 1057 1631 1113 αὐτῶν
1658 1059 1991 1124 συστάσεως,

2093 1076 2213 1116 rum
2248 1076 2495 1134 possunt.

417 1148 512 1239 καὶ
528 1149 593 1239 ἐκ
618 1147 726 1201 τῶν
750 1147 1029 1239 ἀπλίκτων
1048 1148 1258 1239 αύτῶνο
1287 1150 1508 1204 δύναται
1530 1152 1584 1205 δὲ
1604 1151 1697 1206 καὶ
1717 1153 1810 1206 τὸν
1828 1153 2018 1223 χρόνον
2050 1159 2414 1227 στοχάσασθαι
2446 1181 2576 1217 ποτε
2605 1164 2693 1220 διὰ
2728 1165 2822 1220 τοῦ
2873 1166 3039 1221 τόπου
3072 1166 3358 1239 παρελθὼν
3431 1166 3498 1220 ὲκ
3570 1165 3676 1235 τῆς

418 1237 529 1290 τῶν
558 1237 741 1289 ἵππων
772 1237 866 1289 καί
890 1237 997 1289 τῶν
1032 1236 1337 1309 ἀνθρώπων
1366 1240 1594 1311 κόπρου.

490 1328 605 1399 ρς’.
652 1330 777 1384 Ἐάν
808 1330 864 1383 δὲ
913 1331 1179 1400 φοσσάτον
1228 1334 1462 1406 ποιήσῃς
1490 1378 1503 1400 ,
1539 1337 1708 1406 ἤγουν
1753 1337 1993 1409 χάρακα,

420 1422 515 1475 καὶ
543 1422 576 1491 ἢ
609 1423 802 1492 τάφρῳ
829 1421 861 1493 ἦ
889 1422 1285 1492 οἰκοδομήματι
1314 1424 1599 1497 ὀχυρώσῃς
1628 1425 1781 1490 αὐτὸ,
1826 1428 1858 1498 ἦ
1890 1444 1994 1481 τινι

423 1515 587 1586 ἑτέρᾳ
615 1513 715 1586 ὕλῃ
736 1553 749 1577 ,
782 1514 905 1585 δόξῃ
945 1531 1026 1567 σοι
1052 1516 1109 1567 δὲ
1154 1515 1355 1571 ἔσωθεν
1378 1518 1694 1586 εἰσαγαγεῖν
1739 1521 1865 1583 τοὺς
1890 1537 1993 1574 καφ

404 1600 763 1679 ³6αλλαρίους,
798 1606 872 1678 μὴ
894 1608 1030 1661 πολὺ
1061 1609 1166 1661 ἀπὸ
1193 1609 1578 1679 διαστημάτων
1630 1614 1863 1683 ποιήσῃς
1894 1615 1992 1675 τὰς

416 1699 629 1768 βίγλας,
667 1699 753 1752 ἵνα
784 1700 858 1770 μὴ
900 1699 1290 1770 συντρίϐωνται
1317 1701 1564 1773 ἀκαίρως
1599 1704 1647 1757 οἰ
1685 1704 1861 1758 ἵπποι.

488 1790 587 1861 ρξ’.
642 1792 867 1854 Πάντως
892 1791 946 1844 δὲ
986 1792 1110 1856 τοὺς
1144 1794 1533 1863 πεμπομένους
1572 1797 1665 1849 ἐπὶ
1714 1797 1988 1851 σκούλκαν

418 1882 812 1954 παραγγέλλῃς
838 1881 977 1937 ὥστε
996 1884 1276 1955 ζωγρῆσαί
1293 1902 1433 1952 τινα,
1454 1888 1547 1939 καὶ
1565 1886 1712 1941 ῶσπε
1722 1906 1749 1956 ρ
1771 1890 1862 1942 ἐπὶ
1882 1889 1991 1942 τῶν

414 1975 689 2043 κυνηγίων
712 1973 887 2037 οὕτως
912 1975 1193 2044 σχολάζειν
1230 1976 1324 2030 καὶ
1343 1978 1664 2042 σπουδάζειν
1686 1980 1825 2034 ὥστε
1853 1998 1987 2051 προ-

413 2066 787 2133 σκουλκεύειν,
821 2067 914 2120 καὶ
939 2067 1277 2136 ἀσυμφανῶς
1294 2070 1388 2123 καὶ
1416 2070 1711 2138 ἀγνώστως
1740 2073 1866 2134 τοὺς
1891 2072 1989 2141 μὲν

412 2159 482 2212 δι’
512 2159 689 2228 ὅψεως
738 2159 1025 2228 φαίνεσθαι
1059 2160 1273 2229 ὀλίγους
1333 2162 1493 2226 ὄντας
1521 2164 1615 2218 καὶ
1658 2166 1985 2236 ὑποχωρεῖν,

411 2251 603 2315 ἄλλους
630 2252 687 2306 δὲ
721 2254 1135 2323 κεκρυμμένους
1188 2255 1281 2307 καὶ
1334 2256 1561 2325 ἀφανῶς
1604 2258 1984 2312 κατακυκλοῦν

414 2344 551 2412 πρὸς
588 2344 687 2412 τὴν
735 2344 845 2397 τῶν
896 2345 1078 2401 τόπων
1116 2348 1533 2419 ἐπιτηδειότητα
1559 2368 1571 2380 ·
1619 2352 1713 2404 καὶ
1746 2351 1985 2422 ἀλλαχοῦ

414 2434 514 2503 μὲν
540 2433 804 2487 δεικνύειν
837 2434 959 2504 δψιν
1005 2436 1101 2489 καὶ
1147 2436 1345 2505 μόνως,
1383 2439 1649 2509 ἑτέρωθεν
1677 2440 1731 2493 δὲ
1760 2442 1989 2512 ἐπέρχε-

413 2525 537 2579 σθαι
570 2526 706 2595 μετὰ
758 2525 1021 2580 πλειόνων
1065 2527 1370 2598 λεληθότως
1406 2530 1499 2583 καὶ
1528 2532 1984 2601 διανυκτερεύειν,

414 2618 650 2688 μάλιστα
699 2620 827 2673 ὅταν
864 2620 1140 2690 μακρόθεν
1167 2620 1416 2673 δοκοῦσιν
1441 2617 1579 2673 εἶναι
1627 2622 1676 2673 οἰ
1714 2622 1987 2692 πολέμιοι,

410 2711 541 2765 ὃταν
570 2711 689 2763 οὐδὲ
720 2712 978 2766 ὑπόνοιαν
1001 2711 1165 2783 ἔχωσι
1185 2711 1377 2765 τούτου
1414 2710 1508 2765 τοῦ
1545 2712 1847 2784 δράματος.

485 2900 591 2965 ρη’,
666 2894 778 2957 Τάς
832 2893 889 2948 δὲ
946 2893 1242 2965 γινομένας
1294 2892 1486 2963 βίγλας
1525 2892 1599 2963 μὴ
1654 2893 1815 2963 μόνον
1864 2895 1989 2957 τοὺς

410 2987 687 3051 ἐναντίους
718 2986 793 3057 μή
842 2986 1040 3040 εἰδέναι
1072 2986 1257 3051 καλὸν,
1294 2985 1432 3039 ἀλλὰ
1472 2986 1609 3057 μηδὲ
1642 2987 1769 3049 τοὺς
1801 2986 1986 3051 ἰδίους,

2169 1341 2290 1396 106.
2330 1342 2385 1397 Si
2415 1343 2677 1399 fossatum
2709 1346 2927 1410 feceris,
2967 1356 3061 1402 aut
3090 1347 3311 1408 vallum,
3334 1354 3388 1401 et
3413 1346 3494 1401 vel
3523 1345 3668 1401 fossa

2096 1433 2615 1493 circummuniveris
2670 1439 2853 1503 illud,
2891 1440 2974 1494 vel
3016 1440 3198 1508 aliqua
3253 1439 3356 1491 alia
3418 1437 3670 1499 materia,

2095 1525 2494 1597 decretumque
2526 1538 2610 1584 est
2642 1531 2856 1598 equites
2902 1531 3044 1584 intra
3076 1529 3339 1583 fossatum
3372 1527 3671 1587 deducere,

2095 1632 2165 1671 ne
2199 1617 2361 1686 longo
2391 1619 2679 1674 intervallo
2711 1619 2909 1674 abillis
2937 1618 3199 1673 excubias
3225 1615 3581 1687 disjuuxeris,
3615 1623 3674 1669 ut

2015 1731 2064 1791 Β
2093 1724 2162 1765 ne
2201 1711 2513 1780 importune
2542 1712 3028 1782 equizamigantur.
3052 1758 3059 1763 .

2168 1803 2291 1857 107.
2321 1802 2412 1859 Eis
2442 1803 2656 1873 qui‘ad
2709 1803 2974 1859 excubias
3021 1801 3352 1856 emittuntur
3386 1798 3674 1871 praaeipien

2096 1903 2157 1949 ut
2186 1896 2407 1966 capiant
2443 1896 2659 1966 aliquos
2690 1911 2755 1950 ex
2793 1894 3045 1949 hostibus
3074 1892 3247 1956 vivos,
3286 1892 3332 1946 si
3386 1900 3620 1961 possunt
3655 1902 3669 1939 :

2093 1997 2147 2042 et
2195 1989 2661 2058 quemadmodum
2720 1990 2775 2041 in
2825 1989 3099 2051 venando,
3160 1986 3241 2041 sic
3300 1995 3571 2039 conentur
3613 1990 3670 2037 et

2093 2081 2355 2136 studeant
2404 2080 2670 2136 excubias
2719 2086 2847 2133 ante
2882 2094 3044 2149 agere
3095 2077 3313 2133 occulte
3357 2085 3412 2130 et
3444 2076 3671 2129 clancu-

2094 2176 2308 2239 lum,ut
2337 2174 2395 2229 bi
2425 2174 2646 2245 quidem
2684 2173 2777 2243 qui
2824 2171 2985 2242 pauci
3018 2178 3150 2227 sunt
3194 2169 3251 2223 in
3312 2175 3668 2238 conspectum

2093 2265 2272 2320 solum
2301 2263 2549 2329 veniant,
2573 2270 2629 2317 et
2657 2259 2949 2316 discedant
2980 2260 3202 2323 iterum,
3238 2256 3327 2311 alii
3351 2264 3535 2312 autem
3572 2256 3669 2308 ab-

2092 2357 2194 2411 diti
2246 2371 2346 2427 pro
2400 2357 2646 2411 locormu
2713 2352 3105 2409 commoditate
3149 2349 3430 2406 includere
3476 2363 3573 2404 eos
3620 2348 3669 2403 si

2092 2454 2344 2517 possunt,
2376 2454 2669 2511 conentur,
2696 2453 2857 2514 atque
2886 2458 2995 2498 uno
3026 2443 3080 2497 in
3117 2442 3237 2496 loco
3272 2455 3331 2495 se
3356 2447 3568 2493 tantum
3606 2452 3670 2492 ac

2093 2538 2138 2595 si
2180 2537 2337 2605 pauci
2368 2545 2551 2592 essent
2576 2536 2976 2597 demonstrare,
3014 2535 3123 2587 alio
3149 2548 3216 2588 ex
3244 2534 3365 2587 loco
3389 2547 3514 2584 cum
3546 2530 3671 2599 plu-

2094 2627 2246 2682 ribus
2291 2625 2601 2681 clanculum
2640 2624 2923 2690 invadere,
2954 2631 3009 2677 et
3057 2628 3403 2692 pernoctent,
3436 2619 3671 2672 maxime

2092 2716 2311 2788 QUando
2359 2717 2545 2772 hostes
2597 2716 2815 2772 eminus
2874 2714 3100 2780 fuerint,
3137 2722 3191 2769 et
3217 2712 3535 2783 opinionem
3572 2711 3673 2763 ali-

2092 2809 2251 2878 cujus
2282 2809 2407 2863 talis
2435 2806 2563 2863 facti
2598 2806 2917 2862 habuerint.
2944 2856 2949 2859 Α

2168 2898 2294 2954 108.
2327 2897 2602 2953 Excubias
2637 2906 2761 2954 tuas
2794 2913 2902 2952 non
2936 2896 3100 2953 modo
3127 2895 3317 2951 hostes
3345 2893 3445 2959 tui,
3472 2891 3563 2947 sed
3602 2907 3671 2947 ne

2096 2990 2307 3045 milites
2326 2989 2429 3056 tui,
2460 2990 2507 3043 si
2540 2990 2654 3044 ﬁeri
2689 2990 2886 3059 possit,
2914 2997 3245 3059 agnoscant,
3270 2996 3329 3041 ut
3366 2985 3413 3041 si
3446 2984 3667 3054 quidam

408 3077 695 3131 λανθάνειν
721 3077 777 3129 δὲ
811 3079 905 3130 καὶ
933 3076 1024 3130 τὸν
1063 3077 1152 3130 σὸν
1176 3078 1426 3148 στρατὸν.
1464 3078 1677 3131 ἵναοὲάν
1708 3094 1877 3140 τινες,
1910 3076 1984 3136 ὼς

2093 3079 2381 3153 profugere
2416 3081 2483 3136 ad
2534 3080 2723 3136 hostes
2774 3090 2899 3134 tuos
2955 3078 3248 3144 voluerint,
3292 3077 3669 3146 imprudentes

406 3170 577 3236 εἰκὸς,
620 3172 956 3241 προσφυγεῖν
1003 3172 1118 3233 τοῖς
1160 3169 1376 3240 ἐχθροῖς
1416 3169 1750 3239 βουληθῶσιν
1780 3171 1844 3224 ὲκ
1890 3169 1985 3223 τοῦ

410 3262 669 3333 στρατοῦ,
709 3262 986 3332 ἀδοκήτως
1019 3262 1247 3324 ταύταις
1272 3263 1672 3332 περιπέσωσιν.

482 3353 586 3425 ρθ’.
659 3356 785 3410 Ἐὰν
822 3356 878 3411 δὲ
935 3357 1203 3428 βουληθῇς
1276 3358 1659 3422 κατασκόπους
1712 3358 1985 3429 κρατῆσαι

406 3444 516 3500 τῶν
549 3446 779 3517 ἐχθρῶν,
810 3446 927 3501 δέον
958 3464 1019 3500 σε
1040 3446 1314 3517 θαρρῆσαι
1347 3449 1459 3510 τοῖς
1490 3448 1723 3518 ἄρχουσι
1761 3448 1822 3501 τὸ
1848 3450 1987 3520 πρᾶ-

406 3554 546 3608 γμα,
582 3537 667 3591 ἵνα
690 3539 925 3603 ἕκαστος
986 3539 1100 3603 τοῖς
1154 3539 1246 3592 ὑπ’
1279 3540 1444 3594 αὐτὸν
1496 3539 1857 3609 στρατιώταις
1894 3541 1987 3593 καὶ

406 3632 520 3694 τοῖς
577 3632 785 3694 λοιποῖς
813 3631 1191 3703 παραγγέλλῃ,
1242 3632 1321 3684 ὅτι
1349 3630 1527 3701 Τυχδν
1564 3633 1629 3702 τῇ
1666 3631 1795 3701 ἑξῆς
1855 3634 1985 3703 περὶ

406 3720 667 3793 δευτέραν
709 3723 741 3795 ἢ
773 3722 962 3793 τρίτην
990 3722 1141 3793 ὤραν
1166 3723 1262 3793 τῆς
1293 3722 1504 3793 ἡμέρας
1539 3723 1679 3777 κατά
1720 3724 1818 3793 τήν
1838 3723 1985 3793 πρώ-

408 3829 511 3883 την
540 3811 722 3883 φωνὴν
767 3812 862 3867 τοῦ
894 3812 1165 3882 βουκίνου,
1194 3813 1304 3865 εἴτε
1332 3812 1695 3883 στρατιώτης,
1720 3813 1831 3867 εἴτε
1858 3817 1983 3879 παῖς

406 3905 581 3967 ἐστιν,
602 3903 836 3967 ἕκαστος
871 3906 953 3967 εἰς
982 3904 1081 3975 τὴν
1114 3904 1248 3958 ἰδίαν
1282 3904 1475 3958 τένταν
1498 3906 1585 3960 ἴνα
1617 3906 1858 3979 εἰσέλθῃ.
1896 3909 1987 3961 καὶ

409 3995 601 4067 μηδεὶς
629 3996 881 4068 τολμήσῃ
913 3994 1114 4075 ἔξωθεν
1150 3996 1253 4065 τῆς
1295 3998 1488 4061 τέντας
1512 3998 1830 4068 εὑρεθῆναι,
1863 3999 1988 4053 ἐπεὶ

406 4087 822 4158 σωφρονίζεται.
851 4088 961 4141 Καὶ
990 4088 1129 4159 μετά
1154 4088 1214 4143 τὸ
1243 4093 1451 4152 πάντας
1481 4091 1765 4156 εἰσελθεῖν,
1787 4094 1987 4156 αὐτοὺς

404 4179 532 4242 τοὺς
588 4178 852 4250 ἄρχοντας
881 4178 1068 4250 μένειν
1108 4179 1309 4248 ἔξωθεν
1338 4180 1447 4235 τῶν
1491 4182 1691 4235 τεντῶν
1721 4182 1816 4235 καὶ
1846 4182 1987 4236 θεω-

407 4271 523 4341 ρεῖν
543 4309 559 4334 ,
588 4271 677 4325 ἵνα
715 4271 875 4336 ὅσους
926 4271 1129 4338 ἔξωθεν
1166 4270 1275 4325 τῶν
1304 4272 1508 4325 τεντῶν
1539 4272 1775 4344 εὕρωσιν
1809 4273 1983 4339 αὐτοὶ,

2091 3177 2146 3230 in
2176 3175 2440 3231 excubias
2480 3183 2605 3231 tuas
2648 3172 2915 3229 incidant.

2161 3363 2284 3419 109.
2345 3362 2401 3418 Si
2468 3362 2705 3419 hostium
2768 3361 3146 3432 speculatores
3194 3372 3391 3428 capere
3452 3355 3668 3419 studes,

2090 3455 2610 3510 communicandum
2652 3468 2777 3508 cum
2822 3453 3051 3523 reliquis
3101 3451 3374 3522 praefectis
3418 3450 3529 3503 tuis
3565 3449 3669 3502 hoc

2091 3545 2367 3615 negotium
2400 3552 2504 3607 est,
2540 3553 2599 3597 ut
2630 3542 3014 3612 unusquisque
3064 3541 3332 3595 militibus
3377 3540 3493 3594 suis
3538 3538 3670 3591 reli-

2089 3637 2325 3708 quisque
2351 3636 2633 3707 praecipiat
2664 3636 2730 3689 ad
2758 3635 2949 3689 horam
2979 3633 3085 3689 diei
3111 3633 3411 3689 secundam
3437 3638 3533 3684 aut
3555 3641 3666 3685 ter-

2090 3728 2243 3790 tiam,
2282 3734 2335 3779 et
2369 3724 2437 3778 ad
2487 3724 2733 3779 buccina:
2784 3723 3020 3793 primum
3053 3723 3316 3788 sonitum,
3350 3721 3465 3776 sive
3514 3720 3671 3774 miles

2089 3818 2204 3872 sive
2236 3816 2556 3871 administer
2576 3816 2673 3878 sit,
2693 3815 2896 3886 singuli
2932 3814 2999 3869 ad
3029 3829 3126 3869 sua
3156 3813 3391 3869 tentoria
3424 3814 3669 3876 veniant,

2088 3921 2362 3975 nemoque
2392 3905 2587 3959 audeat
2627 3913 2779 3960 extra
2826 3905 3064 3959 tentoria
3102 3918 3248 3966 esse,
3283 3918 3357 3957 ne
3396 3900 3670 3970 supplicio

2089 3997 2524 4067 constringatur.
2568 3996 2670 4052 llbi
2701 4010 2896 4050 omnes
2925 3994 3162 4065 ingressi
3196 3994 3252 4047 in
3299 3992 3535 4047 tentoria
3568 4005 3677 4045 sua

2090 4087 2319 4149 fuerint,
2347 4086 2587 4156 praefecti
2630 4084 2763 4139 foris
2823 4092 3103 4150 maneant,
3137 4090 3192 4136 et
3247 4082 3291 4136 si
3341 4096 3482 4152 quos
3516 4079 3671 4134 vide-

2091 4181 2203 4235 rint
2251 4180 2407 4244 forls,
2440 4193 2538 4233 eos
2581 4176 3072 4246 comprehendant.
3130 4176 3239 4230 Eos
3294 4189 3424 4229 vero
3463 4173 3557 4244 qui
3615 4172 3674 4225 in

2090 4271 2325 4326 tentoria
2380 4267 2785 4337 ingrediuntur,
2858 4266 3294 4337 unumquodque
3370 4262 3671 4317 contuber-

403 4365 751 4436 κρατήσωσιν
786 4363 1003 4428 αὐτούς.
1041 4365 1178 4427 Τοὺς
1200 4365 1277 4428 δὲ,
1313 4364 1389 4428 ὡς
1443 4366 1617 4430 εἰκὸς,
1656 4368 1978 4437 εἰσερχομέ-

2089 4364 2241 4418 nium
2273 4360 2472 4431 capiet,
2503 4367 2557 4413 et
2618 4372 2719 4413 suo
2750 4356 3027 4427 praefecto
3060 4356 3260 4411 tradet.
3310 4354 3492 4411 Unum
3526 4354 3673 4409 enim

402 4473 527 4520 νους
558 4457 640 4521 εἰς
685 4457 783 4521 τάς
814 4456 1025 4521 τέντας,
1058 4457 1107 4509 oi
1131 4456 1238 4511 τῶν
1268 4457 1693 4527 κοντουδερνίων
1725 4458 1969 4530 συλλαμ-

400 4549 677 4615 ϐάνονται,
730 4548 826 4602 καὶ
894 4548 1229 4620 κρατήσουσι
1285 4549 1379 4603 καὶ
1437 4549 1836 4620 παραδώσουσι“
1897 4551 1975 4623 τῷ

404 4639 520 4710 ἰδίῳ
554 4639 797 4711 ἄρχοντι.
838 4638 935 4690 Ἓν
976 4638 1085 4708 γάρ
1127 4638 1336 4707 γίνεται
1359 4637 1466 4692 τῶν
1510 4636 1604 4692 δύο
1634 4640 1713 4700 εἰς
1746 4639 1840 4692 τὸν
1880 4658 1979 4694 κα-

398 4730 691 4785 τάσκοπον·
730 4729 903 4800 ἢγάρ
952 4727 1152 4795 ἔξωθεν
1207 4730 1497 4800 ἱστάμενος
1563 4728 1850 4799 συνέχεται
1902 4730 1979 4794 ώς

402 4823 478 4894 μὴ
508 4822 662 4886 εἰδὼς
680 4820 782 4875 ποῦ
819 4821 1072 4875 ἀπελθεῖν
1098 4838 1111 4852 ·
1144 4821 1175 4891 ἢ
1204 4822 1317 4887 καὶ,
1350 4822 1425 4884 ώς
1446 4821 1615 4888 εἰκὸς,
1650 4822 1741 4875 ἐὰν
1775 4821 1981 4895 θαρρή-

2083 4472 2113 4511 e
2145 4453 2361 4510 duobus
2392 4466 2618 4506 necesse
2648 4459 2733 4505 est
2760 4449 2875 4505 fieri
2908 4466 2925 4501 ς
2966 4450 3050 4504 vel
3090 4458 3149 4504 ut
3178 4448 3316 4504 foris
3357 4447 3676 4518 speculator

2088 4557 2325 4610 maneat,
2365 4553 2421 4601 et
2459 4544 2669 4600 nesciat
2698 4558 2808 4615 quo
2848 4558 2908 4598 se
2951 4541 3205 4597 conferre
3253 4541 3469 4605 debeat,
3503 4540 3583 4594 vel
3625 4537 3683 4594 εἰ

2088 4637 2297 4709 ingredi
2349 4638 2551 4691 audeat
2617 4649 2742 4690 cum
2808 4635 2995 4704 aliquo
3057 4631 3445 4695 contubernio,
3513 4629 3675 4699 quasi

2090 4733 2289 4801 hospes
2337 4737 2730 4802 cognoscatur,
2775 4737 2829 4783 et
2876 4724 3228 4782 contubernii
3252 4722 3524 4793 praefecto
3557 4730 3674 4775 tra-

2089 4823 2272 4878 datur.

3162 4907 3189 4921 ⁸

399 4932 468 4986 σῃ
499 4913 760 4968 εἰσελθεῖν
805 4912 861 4966 ἔν
906 4928 1012 4966 τινι
1057 4915 1166 4967 τῶν
1218 4915 1661 4986 κοντουὸερνίων,
1699 4916 1773 4979 ὡς
1818 4916 1966 4981 ξένος
2029 4915 2485 4985 ἐπιγινώσκεται,
2542 4917 2635 4968 καὶ
2693 4910 3045 4983 παραδίδοται
3120 4907 3199 4978 τῷ
3276 4907 3498 4978 ἄρχοντι
3578 4905 3679 4959 τοῦ

397 5006 829 5079 κοντουόερνίου.

470 5098 557 5172 ρι’.
589 5101 807 5164 Πάντας
852 5096 946 5155 οῦν
992 5102 1121 5161 τοὺς
1173 5102 1424 5155 ὁπωσοῦν
1475 5102 1616 5155 κατᾶ
1653 5103 1974 5156 τοῦτονντδν

394 5193 593 5261 τρόπον
625 5193 1044 5264 εὑρισκομένους
1079 5194 1159 5246 δεῖ
1190 5193 1506 5263 κρατεῖσθαι
1526 5235 1542 5259 ,
1567 5194 1677 5247 εἴτε
1715 5194 1973 5264 Ῥωμαῖοι

394 5284 643 5337 δοκοῦσιν
690 5279 853 5348 εἶναι,
907 5283 1017 5336 εἴτε
1065 5284 1393 5352 ἀλλογενεῖς,
1443 5286 1539 5338 καὶ
1597 5286 1971 5351 ἐξετάξεσθαι,

396 5375 537 5429 ὥστε
564 5376 773 5429 ἐκεῖθεν
806 5375 1161 5445 εὑρίσκεσθαι
1196 5376 1292 5445 τὴν
1323 5376 1606 5445 ἀλήθειαν.

472 5466 596 5537 pta’.
633 5468 807 5521 Τοῦτο
844 5470 903 5523 δὲ
935 5469 1145 5536 γίνεται
1178 5469 1271 5522 καί
1306 5470 1361 5523 ἐν
1407 5470 1660 5539 φοσσάτῳ
1692 5472 1969 5540 συνηγμέ-

395 5577 487 5612 νου
515 5558 746 5630 στρατοῦ
776 5562 807 5633 ἢ
844 5560 1072 5625 πεζικοῦ
1104 5563 1137 5634 ἢ
1193 5561 1596 5632 καϐαλλαρικοῦ
1632 5563 1977 5632 ἐπιτηδείως,

396 5652 595 5720 ὁμοίως
625 5654 680 5706 δὲ
714 5655 809 5707 καλ⁵
840 5655 980 5707 κατά
1025 5655 1085 5707 τὸ
1123 5655 1287 5726 μέρος
1322 5657 1766 5727 μεμερισμένως,
1803 5657 1833 5726 ἢ
1875 5659 1973 5711 πά-

398 5744 480 5796 λιν
508 5744 651 5798 κατα
689 5745 873 5815 τάγμα
898 5747 1321 5803 ἀπλικευόντων.

473 5836 593 5907 ριβ⁹.
627 5838 838 5893 Γίνεται
869 5839 923 5893 δὲ
945 5838 1118 5894 κα“ιὸι’
1142 5840 1341 5909 ἐτέρων
1360 5841 1616 5896 τοιούτων
1642 5843 1730 5896 καί
1771 5840 1971 5911 ὁμοίων

2148 5102 2268 5155 ΗΟ.
2300 5100 2504 5155 Omnes
2540 5108 2721 5152 autem
2752 5097 2842 5165 qui
2900 5094 3002 5147 hoc
3058 5090 3222 5145 modo
3280 5090 3667 5152 inveniuntur,

2071 5197 2286 5268 exquiri
2320 5208 2483 5265 atque
2501 5191 2801 5255 examinari
2844 5197 3078 5259 oportet,
3107 5188 3224 5241 sive
3257 5185 3514 5249 Romani,
3552 5185 3671 5239 sive

2072 5284 2405 5357 alienigena}
2428 5285 2659 5347 fuerint,
2714 5290 2879 5351 atque
2926 5279 3063 5334 adeo
3116 5277 3399 5333 veritatem
3448 5276 3516 5329 ab
3560 5274 3673 5328 illis

2070 5380 2265 5449 quaeri.

2152 5472 2273 5526 111.
2327 5468 2449 5523 "me
2503 5483 2592 5523 res
2652 5465 2991 5537 fieripossit
3039 5465 3093 5519 in
3158 5462 3424 5517 fossatum
3479 5468 3675 5515 coacto

2081 5564 2326 5619 exercitu
2358 5564 2440 5618 vel
2474 5561 2716 5632 pedestri
2756 5562 2841 5615 vel
2876 5558 3141 5629 equestri,
3173 5556 3255 5609 vel
3291 5553 3557 5623 dispersis
3584 5552 3670 5607 di-

2082 5657 2326 5725 visisque
2380 5654 2675 5725 scparatim
2714 5662 2893 5708 castra
2939 5648 3295 5718 ponentibus,
3335 5646 3420 5699 vel
3472 5658 3668 5698 rursus

2082 5765 2176 5818 per
2211 5748 2468 5802 cohortes
2498 5752 2681 5801 castra
2706 5740 3061 5797 habentibus.

2156 5841 2275 5897 112.
2335 5841 2469 5897 Aliis
2515 5837 2845 5909 quibusdam
2904 5830 3220 5904 hujusmodi
3277 5840 3330 5887 ct
3395 5826 3668 5888 similibus
