4090 6462
463 431 570 499 915

940 540 1252 605 suum
1295 549 1381 605 ur
1412 551 1549 623 (56).

1450 437 1785 499 TACTlCA.
1811 458 1883 475 -'-
1913 440 2420 503 CONSTITUTIO
2442 442 2662 505 XVIII.

2079 561 2125 615 Α

3625 441 3730 508 946

2576 554 3061 615 CONSTITUTIO.
3115 557 3305 613 XVI".

459 659 595 728 Περὶ
619 661 875 729 μελέτης
903 660 1199 733 διαφόρων
1230 665 1481 743 ἐᾷῖικῶν
1504 684 1568 722 τε
1584 667 1683 723 καὶ
1704 668 2039 739 Ῥωμαϊκῶν

2152 672 2230 727 De
2278 671 2606 728 diversarum
2656 675 2890 743 gentium
2943 684 2994 729 et
3039 674 3394 729 Romanorum
3451 674 3627 728 studio
3675 674 3728 729 in

1048 736 1461 803 παρατάξεων.

530 826 598 874 α’.
650 820 811 891 Ἑξῆς
839 822 897 876 δέ
954 825 1051 878 καὶ
1077 825 1351 897 διαφόρων
1412 830 1772 899 παρατάξεων
1809 830 2041 901 μελέτας

459 925 541 961 σοι
586 908 947 980 ὑπαγορεύσω
1003 913 1113 968 τῶν
1140 930 1201 969 τε
1248 916 1424 971 ἄλλων
1477 919 1710 974 ἐθνικῶν
1756 924 1852 976 καὶ
1884 924 2038 987 ὅσαις

460 1002 765 1072 ἐχρήσαντο
798 1006 938 1059 κατὰ
964 1007 1236 1079 διαφόρων
1279 1010 1451 1065 ἐθνῶν
1478 1013 1528 1065 οἱ
1562 1012 1670 1068 τῶν
1712 1015 2039 1085 Ῥωμαϊκῶν

456 1096 885 1165 στρατευμάτων
933 1100 1305 1169 κατάρξαντες
1360 1103 1531 1158 πάλαι
1578 1106 1898 1176 στρατηγοὶ,
1949 1106 2037 1159 ἴνα

451 1186 658 1248 ταύτας
690 1190 1052 1260 κατανοήσας,
1085 1193 1144 1245 οὐ
1170 1193 1330 1263 μόνον
1357 1196 1518 1261 αὐτὸς
1550 1199 1662 1261 τοῖς
1686 1199 1869 1261 αὐτοῖς
1896 1200 2038 1270 χρή-

448 1288 526 1346 σῃ
589 1280 1042 1351 στρατηγήμασιν
1095 1286 1154 1337 ἐν
1209 1285 1287 1355 τῷ
1317 1287 1487 1342 δέοντι
1530 1289 1729 1362 καιρῷ,
1781 1291 1916 1345 ἀλλὰ
1947 1293 2040 1346 καὶ

452 1366 616 1435 ἔτερα
660 1369 830 1423 πλείω
857 1372 1061 1426 τούτων
1106 1381 1563 1451 προσεπινοήσῃς.
1616 1383 1895 1452 Ἀγχίνοια
1931 1384 2041 1455 γὰρ

456 1462 764 1533 στρατηγοῦ
787 1464 917 1519 ὅταν
938 1468 1028 1519 καὶ
1046 1468 1299 1541 ἀφορμῆς
1324 1489 1467 1536 τινος
1487 1473 1751 1543 δράξηται
1779 1477 2041 1546 πραγμά-

450 1565 561 1602 των
594 1555 975 1623 στρατηγικῶν
1013 1558 1073 1610 ού
1099 1559 1294 1632 μέχρις
1330 1562 1557 1617 ἐκείνων
1613 1565 1828 1620 ἵσταται
1895 1568 2100 1638 μόνων,

449 1658 560 1697 ται.

525 1734 591 1805 β’.
639 1735 703 1788 Ἦ
748 1735 849 1807 μὲν
892 1731 987 1791 οὖν
1019 1740 1253 1813 συνεχὴς
1299 1744 1578 1815 γυμνασία
1613 1746 1723 1800 τῶν
1760 1748 2036 1801 τακτικῶν

453 1828 721 1897 κινήσεων
752 1829 1022 1899 ὠφέλειαν
1054 1834 1153 1904 μὲν
1194 1835 1394 1907 πολλὴν
1422 1837 1500 1906 τῷ
1532 1838 1838 1910 στρατιώτῃ
1870 1842 2033 1906 ποιεῖ,

453 1920 754 1989 κατάδηλος
779 1921 836 1974 δὲ
872 1923 1012 1994 αὐτὴ
1046 1926 1287 1996 εὐχερῶς
1314 1931 1425 1992 τοῖς
1462 1930 1677 2001 ἐχθροῖς
1707 1932 1915 2000 γίνεται
1949 1934 2038 1986 διά
2073 1914 2113 1973 Β

450 2026 511 2063 τι
539 2012 903 2067 κατασκόπων
926 2014 1032 2069 ἀπὸ
1059 2016 1166 2071 τῶν
1200 2019 1427 2090 ἐχθρῶν,
1464 2023 1557 2075 καὶ
1588 2022 1716 2087 τῶν,
1750 2023 1826 2087 ώς
1861 2027 2033 2091 εἰκὸς,

452 2104 908 2172 προσφευγόντων
949 2107 1028 2171 είς
1086 2109 1304 2173 αὐτούς.
1373 2112 1484 2165 Καὶ
1508 2114 1595 2166 διὰ
1634 2114 1794 2168 τοῦτο
1843 2118 2039 2171 πολλά-

452 2211 541 2257 κις
572 2196 966 2270 μεθοδευομένη
1008 2200 1102 2255 καὶ
1135 2206 1544 2277 κατανοουμένη
1574 2207 1856 2278 ἄπρακτος
1886 2210 2039 2281 εὑρί-

452 2303 660 2343 σκεται.

524 2397 593 2449 γ.
645 2380 833 2453 Ἀρκεῖ
862 2381 959 2438 οὖν
1002 2384 1035 2457 ή
1093 2387 1225 2457 παρ’
1274 2387 1429 2460 ὑμῶν
1480 2389 1595 2464 (57)
1621 2392 1901 2464 δρισθεῖσα
1946 2411 2044 2463 γυ-

454 2473 655 2556 μνασία
709 2474 768 2528 ἐν
798 2478 863 2547 τῇ
902 2477 1032 2548 περὶ
1087 2480 1258 2550 αὐτῆς
1304 2483 1435 2552 ¹ἡμῖν
1474 2484 1739 2559 εἰρημένῃ
1767 2487 2029 2555 διατάξει,

452 2564 599 2636 ἁπλῆ
655 2563 813 2633 οὖσα,
842 2569 937 2622 καὶ
971 2568 1039 2623 δι’
1088 2572 1258 2642 αὐτῆς
1289 2574 1439 2646 πάσῃ
1491 2574 1642 2640 τάξει
1689 2579 2038 2651 ἁρμοζομένη

448 2655 547 2710 καὶ
601 2657 734 2726 μηδὲ
803 2659 1252 2725 πουϐλικίζεσθαι
1293 2665 1406 2736 (58)
1454 2666 1687 2722 ποιοῦσα
1721 2668 2039 2740 τὴνιπᾶσαν

450 2747 777 2816 παράταξιν.

516 2837 579 2893 δ’.
624 2840 750 2895 Ἐάν
780 2840 837 2896 δὲ
864 2842 1006 2916 τύχῃ
1052 2844 1144 2898 καὶ
1177 2842 1431 2919 εὐκαιρία
1461 2848 1628 2921 πολλὴ
1676 2854 1813 2923 πρὸς
1848 2855 2037 2923 μείζο-

446 2949 516 2985 να
550 2934 860 3003 γυμνασίαν
905 2934 1002 2989 καὶ
1051 2939 1451 3009 μετεωρισμὸν,
1486 2939 1568 2994 δεῖ
1594 2942 1714 2995 τότε
1742 2944 2035 3018 διαφόρους

452 3024 552 3096 μὲν
577 3024 760 3091 τάξεις
817 3028 911 3083 καὶ
945 3028 1251 3101 γυμνασίας
1298 3028 1369 3085 τὰ
1401 3031 1563 3104 μέρη,
1595 3033 1713 3104 ἤτοι
1738 3037 1837 3101 τὰς
1869 3038 2033 3109 τούρ-

451 3136 581 3187 μας,
638 3119 672 3191 ἢ
732 3119 1097 3194 δρούγγουςῆ
1141 3123 1209 3177 τὰ
1244 3123 1411 3193 βάνδα
1459 3126 1567 3178 τῶν
1607 3130 1863 3198 κομήτων
1910 3130 2032 3183 καθ’

447 3213 613 3267 ἑαυτὰ
662 3216 1025 3287 ἐπιτηδεύειν,
1085 3216 1233 3271 τοῦτ’
1292 3218 1408 3273 ἔστι
1464 3221 1560 3274 καὶ
1607 3222 1707 3289 τὴν
1751 3222 2035 3294 λεχθεῖσαν

450 3308 588 3379 πρὸς
636 3307 696 3361 τὸ
728 3309 984 3378 χρειῶδες
1026 3311 1121 3363 καὶ
1150 3310 1313 3375 άλλας
1376 3313 1440 3366 ἐκ
1495 3314 1782 3386 περισσοῦ,
1831 3318 1880 3369 εἰ
1944 3319 2038 3372 καὶ

448 3401 548 3454 οὐκ
572 3400 875 3470 ἀναγκαίας
902 3403 1011 3471 ἀεὶ,
1048 3403 1163 3458 ἀλλ’
1192 3400 1284 3459 οὖν
1318 3406 1374 3461 εν
1399 3424 1505 3460 τινι
1532 3407 1709 3481 καιρῷ
1738 3426 1867 3463 ποτε
1901 3428 2039 3482 χρη-

450 3493 663 3564 σίμους.

519 3583 581 3641 ε’.
616 3584 730 3640 Ἵνα
767 3590 832 3658 τῇ
872 3586 1076 3660 ἑκάστῃ
1112 3590 1265 3656 τάξει
1314 3590 1409 3643 καὶ
1442 3590 1720 3663 γυμνασίᾳ
1749 3592 2038 3665 γνώρισμα

450 3676 582 3731 ἴδιον
625 3679 879 3750 ἐπιτεθῇ,
924 3682 1020 3733 καὶ
1050 3682 1099 3733 οἱ
1134 3681 1233 3751 μὲν
1282 3682 1611 3752 στρατιῶται
1639 3683 1737 3754 τὴν
1774 3683 2037 3755 διαφορὰν

448 3770 684 3839 ἑκάστης
729 3771 1088 3841 παρατάξεως
1129 3772 1491 3843 γνωρίζουσιν
1540 3775 1598 3827 ἐν
1647 3776 1907 3848 συνηθείᾳ
1930 3777 2038 3831 τῶν

448 3862 717 3932 κινήσεων
774 3864 1069 3932 γινόμενοι,
1123 3865 1218 3917 καὶ
1265 3864 1339 3934 μὴ
1390 3864 1784 3934 ξενοφωνοῦσιν
1821 3868 1897 3931 ὡς
1938 3869 2038 3923 οὐκ

447 3950 645 4017 εἰδότες
683 3952 812 4006 ὅταν
844 3952 1056 4025 ἁθρόως
1111 3955 1292 4019 αὐτοῖς
1358 3956 1601 4029 ἀγγελθῇ
1646 3975 1728 4021 τις
1783 3960 2037 4029 παράτα-

448 4040 554 4108 ξις,
604 4042 681 4114 μὴ
736 4044 911 4097 οἴδασι
974 4045 1031 4097 δέ
1089 4046 1190 4117 τὴν
1245 4047 1545 4117 μέλλουσαν
1592 4049 1744 4115 τάξιν
1790 4052 1893 4104 ὑπὸ
1940 4052 2034 4106 τοῦ

450 4133 755 4203 στρατηγοῦ
787 4133 1031 4203 γίνεσθαι
1066 4137 1187 4189 κατ’
1217 4136 1379 4190 αὑτὸν
1410 4137 1500 4191 τὸν
1524 4135 1619 4191 τοῦ
1650 4138 1887 4210 πολέμου
1916 4157 2037 4194 και-

450 4225 569 4296 ρόν.

520 4312 594 4378 ς’.
642 4315 780 4370 λίσὶν
809 4311 901 4370 οὖν
935 4317 1190 4388 διαφοραὶ
1216 4316 1324 4372 τῶν
1356 4318 1568 4384 τάξεων
1600 4319 1709 4374 τῶν
1743 4320 1885 4374 κατὰ
1910 4320 2037 4391 σχῆ-

452 4422 527 4475 μα
552 4406 852 4476 γινομένων
877 4411 1046 4477 τρεῖς.
1077 4402 1179 4462 Ὧν
1224 4411 1322 4479 μία
1344 4410 1377 4480 ἡ
1401 4409 1688 4481 χρειώδης,
1751 4404 1900 4485 ᾗτινι
1940 4411 2037 4464 καὶ

459 4495 751 4567 Ῥωμαίοις
797 4498 1033 4568 χρῆσθαι
1077 4499 1328 4570 σύνηθες,
1362 4502 1457 4554 καὶ
1495 4502 1529 4572 ἡ
1572 4501 1670 4572 μέν
1713 4502 1862 4554 ἐστιν
1913 4501 2036 4573 ἥτις

449 4590 779 4660 ἁδιακρίτως
827 4591 1025 4662 ἔχουσα
1064 4594 1132 4645 τά
1157 4593 1434 4662 τάγματα,
1457 4594 1604 4647 τοῦτ’
1642 4594 1789 4648 ἐστιν
1827 4594 1927 4648 οὐκ
1953 4596 2033 4658 εἰς

449 4683 772 4754 κούρσωρας
823 4685 942 4755 ἥτοί
998 4685 1349 4758 προκλάστας
1397 4686 1492 4739 καὶ
1534 4687 1873 4756 διςρένσωρας
1914 4686 2034 4757 ἦτοι

446 4775 695 4838 ἐκδίκους
739 4774 1067 4847 διῃρημένη,
1114 4776 1273 4831 ἅτινα
1325 4778 1429 4849 χρὴ
1464 4779 1557 4832 ἐπὶ⁹
1609 4779 1736 4848 μιᾶς
1782 4778 2032 4848 παρατά-

447 4864 581 4932 ξεως
610 4867 843 4932 τάττειν,
880 4868 973 4921 καὶ
1014 4869 1198 4923 οὐκέτι
1226 4870 1305 4933 εἰς
1330 4871 1479 4940 τρεῖς
1512 4870 1647 4924 ἀλλά
1671 4871 1752 4933 είς
1785 4869 1878 4922 δύο
1911 4870 2033 4940 μοί-

447 4972 548 5026 ρας
594 4956 850 5026 διαιρεῖν,
903 4958 989 5026 ἐφ’
1016 4953 1061 5028 ᾧ
1091 4960 1386 5016 κινούντων
1423 4962 1532 5016 τῶν
1567 4962 1660 5016 δύο
1684 4963 1931 5034 κεράτων
1957 4961 2033 5025 ὡς

2063 3286 2106 3344 C

2067 4644 2111 4699 Ι)

2644 745 2854 799 aciebus
2890 746 3233 798 instruendis.

2217 833 2269 888 Ι.
2306 832 2571 905 Deinceps
2604 833 2717 904 jam
2769 835 2837 890 de
2873 835 3093 891 diverso
3127 836 3309 890 studio
3354 836 3597 889 acierum
3642 837 3727 887 in-

2145 925 2556 992 struendarum,
2596 926 2798 997 quibus
2828 928 2949 982 alite
2981 928 3252 991 nationes,
3290 935 3345 981 et
3379 928 3581 996 quibus
3616 927 3725 980 Ro-

2146 1018 2292 1072 mani
2322 1018 2679 1088 imperatores
2700 1020 2858 1073 initio
2886 1020 3207 1085 utebantur,
3236 1020 3400 1074 verba
3432 1020 3721 1083 faciemus,

2141 1120 2202 1164 ut
2234 1112 2300 1165 iis
2326 1112 2585 1181 cognitis,
2620 1126 2725 1165 non
2757 1111 2921 1166 modo
2952 1112 2997 1167 si
3024 1126 3160 1179 opus
3188 1113 3259 1167 sit
3285 1114 3359 1164 uti
3394 1112 3596 1179 possis,
3628 1111 3724 1164 sed

2141 1204 2245 1257 alia
2276 1201 2520 1273 quaedam
2557 1211 2814 1273 praeterea
2843 1206 3138 1274 excogites.
3168 1204 3401 1259 Solertia
3435 1206 3579 1259 enim
3616 1204 3722 1256 im-

2143 1299 2415 1368 peratoria
2449 1299 2535 1353 ubi
2572 1300 2918 1354 occasionem
2950 1314 3131 1353 rerum
3168 1296 3526 1368 gerendarum
3559 1309 3722 1361 cepe-

2146 1391 2235 1457 rit,
2267 1406 2373 1446 non
2401 1392 2455 1445 in
2477 1393 2546 1448 iis
2572 1394 2743 1448 solum
2769 1408 2893 1462 quae
2920 1393 3137 1447 inventa
3172 1399 3301 1446 sunt
3328 1389 3603 1454 consistit,
3625 1387 3723 1443 sed

2144 1482 2310 1536 etiam
2355 1484 2527 1537 multo
2558 1485 2712 1554 plura
2749 1500 2811 1539 ac
2852 1499 2995 1554 saepe
3022 1483 3252 1537 meliora
3286 1482 3578 1550 excogitat.

2157 1572 2295 1627 ἀλλὰ
2352 1574 2447 1628 καὶ
2513 1575 2685 1629 πλείω
2742 1575 2947 1629 τούτων
3014 1572 3505 1646 προσεφευρίσκειν
3569 1570 3726 1626 δύνασ

2211 1751 2268 1806 2.
2300 1750 2536 1807 Assidua
2556 1751 2701 1805 enim
2726 1750 2907 1821 aliqua
2933 1749 3251 1805 bellicorum
3279 1756 3525 1803 motuum
3560 1762 3718 1803 exer-

2142 1844 2354 1907 citatio,
2379 1844 2669 1898 utilitatem
2716 1857 3068 1912 permagnam
3114 1841 3270 1895 militi
3302 1848 3551 1909 apportat
3581 1860 3594 1893 :
3623 1841 3721 1895 sed

2140 1953 2202 1991 ea
2238 1934 2489 1991 hostibus
2534 1934 2695 1990 facile
2738 1933 3037 2000 indicatur,
3071 1934 3154 1988 vel
3186 1948 3280 2002 per
3315 1932 3554 1986 hostium
3595 1947 3723 2001 spe-

2143 2033 2438 2096 culatores,
2466 2030 2550 2085 vel
2584 2045 2677 2101 per
2706 2027 3022 2096 transfugas
3055 2028 3148 2099 qui
3193 2029 3257 2082 ad
3291 2027 3477 2082 hostes
3505 2026 3721 2081 defece-

2142 2133 2291 2182 runt.
2329 2123 2517 2194 itaque
2542 2138 2687 2193 saepe
2718 2122 2822 2176 alia
2855 2122 3167 2192 excogitata
3198 2121 3334 2175 bene
3361 2130 3525 2188 atque
3564 2133 3723 2175 exer-

2141 2218 2308 2272 citata
2345 2216 2570 2281 astutia,
2608 2215 2761 2269 irrita
2794 2214 3112 2285 uulliusque
3141 2212 3397 2266 momenti
3435 2219 3542 2267 est.

2212 2396 2264 2451 3.
2296 2396 2428 2463 Qum
2453 2410 2483 2449 a
2521 2394 2679 2451 nobis
2707 2395 2761 2449 iu
2793 2394 2970 2464 capite
3001 2393 3068 2449 de
3098 2391 3421 2447 exercendis
3454 2390 3722 2446 militibus

2140 2495 2569 2548 commemorata
2603 2496 2687 2542 est
2719 2485 3063 2548 exercitatio,
3092 2499 3154 2539 ea
3190 2484 3452 2553 quoniam
3490 2482 3721 2551 simplex

2140 2590 2243 2643 est,
2298 2586 2353 2634 et
2390 2578 2456 2633 ad
2500 2576 2811 2632 universam
2855 2576 3026 2630 aciem
3067 2572 3471 2628 accommodari
3519 2579 3721 2642 potest,

2144 2687 2324 2741 neque
2362 2669 2520 2725 facile
2560 2667 2743 2724 efferri
2793 2665 3042 2721 hostibus
3081 2675 3174 2719 aut
3208 2664 3471 2735 divulgari
3519 2672 3720 2735 potest,

2139 2764 2279 2822 satis
2312 2777 2438 2817 esse
2476 2760 2745 2815 militibus
2771 2758 2969 2814 idonea
2999 2766 3051 2812 et
3080 2756 3490 2813 accommodata
3516 2762 3720 2827 potest.

2210 2855 2260 2908 4.
2301 2852 2397 2907 Sin
2424 2851 2606 2921 aliqua
2632 2848 3018 2921 opportunitas
3053 2847 3383 2902 interveniat
3419 2847 3483 2899 ad
3508 2845 3723 2899 exerci-

2139 2946 2400 3005 tationem
2455 2943 2919 3016 agitationemque
2969 2940 3202 2994 militum
3247 2937 3507 3008 majorem
3541 2937 3720 2991 susci-

2139 3039 2415 3112 piendam,
2465 3036 2698 3093 diversis
2730 3034 2922 3088 formis
2958 3030 3559 3099 exercitationibusque
3599 3036 3720 3081 tur-

2138 3147 2294 3197 mas,
2355 3130 2611 3186 cohortes
2672 3126 2998 3191 milliarias,
3055 3124 3403 3193 reliquasque
3464 3122 3721 3176 cohortes

2140 3222 2393 3293 agitabis,
2434 3228 2550 3274 tum
2603 3218 2672 3273 iis
2719 3231 2841 3288 quae
2885 3217 2952 3271 ad
2990 3231 3150 3270 usum
3192 3213 3518 3269 necessariae.
3566 3224 3718 3273 sunt,

2141 3320 2253 3364 tum
2287 3308 2355 3362 iis
2385 3322 2505 3376 qua:
2548 3320 2969 3375 supervacanea:
3019 3312 3191 3359 sunt:
3245 3316 3365 3372 quae
3405 3317 3720 3373 quanquam

2140 3399 2290 3453 omni
2319 3404 2562 3468 tempore
2588 3398 2916 3451 necessariae
2938 3410 3046 3451 non
3078 3396 3210 3455 sint,
3228 3395 3505 3450 interdum
3536 3403 3727 3449 tamen

2140 3494 2301 3547 usiles
2319 3505 2440 3546 esse
2470 3490 2667 3546 solent.

2210 3584 2263 3640 5.
2294 3583 2599 3655 Unicuique
2625 3583 2760 3639 aciei
2786 3580 3202 3652 exercitationiq
3215 3596 3279 3636 ue
3300 3588 3447 3637 certa
3468 3583 3720 3651 quaedam

2140 3687 2266 3732 nota
2323 3678 2669 3743 adhibeatur,
2712 3686 2770 3732 ut
2803 3677 2896 3747 qui
2946 3676 2998 3730 in
3032 3676 3352 3746 quotidiano
3397 3675 3715 3729 bellicorum

2140 3775 2386 3822 motuum
2424 3782 2526 3822 usu
2561 3766 2763 3821 milites
2795 3773 2946 3829 sunt,
2977 3765 3411 3835 uniuscujusque
3444 3764 3581 3819 aciei
3611 3763 3721 3817 dif-

2142 3858 2425 3915 ferentiam
2469 3865 2826 3928 cognoscant,
2878 3872 3054 3927 neque
3092 3856 3249 3925 quasi
3300 3855 3575 3927 peregrini
3622 3869 3719 3909 aut

2138 3952 2381 4021 ltosltites
2432 3950 2717 4020 ignorent,
2771 3950 2990 4019 quando
3035 3949 3241 4020 aliquid
3291 3948 3398 4002 illis
3447 3947 3716 4016 agendum

2138 4045 2472 4116 praecipitur,
2506 4058 2755 4114 quamam
2800 4041 3149 4111 potissimum
3185 4040 3319 4094 aciei
3370 4039 3543 4092 forma
3598 4039 3718 4106 ipso

2137 4138 2262 4194 belli
2296 4147 2538 4207 tempore
2570 4136 2638 4190 ab
2664 4135 2994 4205 imperatore
3023 4134 3430 4204 praescribatur.

2209 4315 2265 4369 6.
2324 4311 2521 4369 Forma
2572 4312 2892 4367 differentia:
2934 4312 3175 4367 acierum
3218 4311 3416 4382 triplex
3465 4320 3569 4377 est,
3608 4329 3717 4368 una

2137 4408 2310 4473 utilis,
2347 4422 2452 4477 qua
2483 4407 2646 4461 etiam
2680 4405 2909 4459 Romani
2944 4406 3021 4459 uti
3058 4413 3482 4461 consueverunt.
3508 4405 3577 4458 Ea
3608 4414 3715 4469 est,

2135 4516 2257 4571 qum
2304 4500 2562 4554 cohortes
2608 4513 2736 4553 suas
2786 4497 3017 4553 confuse
3062 4499 3383 4566 instructas,
3423 4508 3478 4553 ct
3507 4516 3615 4554 non
3662 4503 3719 4554 in

2139 4593 2461 4665 proclastas,
2516 4591 2569 4645 id
2610 4600 2712 4652 est,
2768 4606 3049 4653 cursores,
3095 4600 3189 4644 aut
3229 4592 3491 4655 vindices,
3526 4591 3576 4644 id
3609 4599 3716 4654 est,

2136 4684 2455 4741 defensores
2500 4685 2674 4740 divisa
2725 4691 2827 4747 est,
2875 4684 2969 4740 sed
3021 4699 3213 4739 omnes
3258 4685 3511 4739 cohortes
3552 4686 3719 4740 simul

2137 4777 2463 4839 instructas,
2495 4791 2670 4844 neque
2703 4778 2756 4829 in
2794 4785 2906 4829 tres
2936 4781 3029 4827 aut
3057 4776 3108 4827 in
3133 4774 3270 4827 duas
3314 4784 3495 4843 partes
3526 4776 3716 4830 distri-

2136 4870 2298 4924 butas
2338 4868 2519 4924 habet.
2549 4870 2664 4933 Qua
2704 4868 2758 4920 in
2792 4875 2947 4935 parte
2994 4864 3209 4919 duobus
3245 4867 3529 4929 cornibus,
3557 4867 3714 4935 quasi

2137 4960 2204 5015 ad
2254 4960 2771 5015 circumcludendos
2828 4958 2986 5022 alios,
3042 4960 3175 5013 satis
3218 4956 3427 5025 justum
3475 4960 3715 5028 spatium

446 5047 580 5117 πρὸς
610 5047 902 5115 κύκλωσιν,
934 5053 1029 5106 καὶ
1068 5053 1206 5124 πρὸς
1239 5053 1445 5125 ἄλληλα
1477 5055 1907 5125 ἐπικλινομένων
1939 5053 2032 5107 καὶ

2139 5055 2504 5125 capientibus,
2535 5062 2589 5108 ct
2619 5053 2686 5106 ad
2723 5067 2782 5106 se
2824 5059 3014 5105 mutuo
3047 5051 3244 5105 iterum
3294 5053 3714 5116 reclinantibus,

444 5140 1037 5212 ἐμπεριλαμϐανόντων
1100 5142 1357 5216 εὔκαιρον
1385 5146 1581 5217 χωρίον
1599 5187 1612 5211 ,
1648 5146 1710 5199 τὸ
1735 5146 1833 5216 μὲν
1854 5145 2028 5212 δεξιὸν

2139 5142 2385 5198 dextrum
2416 5158 2585 5197 cornu
2633 5141 2897 5204 exterius,
2942 5141 3229 5195 sinistrum
3266 5153 3444 5197 autem
3486 5144 3717 5199 interius

445 5233 609 5303 κέρας
634 5234 916 5307 ἐξώτερον,
948 5236 1010 5290 τὸ
1033 5237 1088 5291 δὲ
1117 5239 1405 5309 ἀριστερὸν
1431 5238 1719 5310 ἐσώτερον,
1757 5237 2028 5310 παρερχόο

448 5344 607 5394 μενον
637 5330 984 5411 κυκλοειδῶς,
1012 5331 1111 5403 τὴν
1159 5332 1409 5386 ἐναντίαν
1437 5332 1683 5402 ἀλλήλων
1706 5333 2022 5395 ἐλαύνωσιν,

2130 5236 2475 5290 orbiculatim
2506 5234 2839 5288 contrariam
2866 5234 3007 5288 inter
3029 5250 3087 5290 se
3115 5235 3505 5304 profectionem
3524 5236 3715 5289 obam-

2131 5332 2340 5386 bulent.
2372 5330 2488 5395 Qua
2534 5330 2710 5384 forma
2743 5345 2933 5386 mense
2979 5328 3173 5385 Martio
3203 5330 3416 5399 equites
3456 5330 3599 5384 inter
3626 5329 3714 5385 lu-

442 5417 501 5472 δν
527 5420 727 5491 τρόπον
770 5423 828 5476 ἐν
856 5422 934 5493 τῷ
960 5424 1190 5495 Μαρτίῳ
1233 5426 1362 5496 μηνί
1399 5441 1530 5478 ποτε
1570 5425 1621 5476 οἱ
1661 5423 2023 5495 καϐαλλάριοι

2139 5422 2363 5477 dcudum
2405 5422 2714 5477 utebantur.

442 5510 687 5578 ἔπαιζον.

1953 5627 2189 5686 NOTAE.

514 5741 625 5879 fit?)
658 5744 712 5799 ln
743 5746 867 5801 cod.
898 5744 1065 5801 Laur.
1095 5756 1173 5802 est
1196 5764 1318 5817 cap.
1353 5765 1505 5803 xvui.

540 5815 629 5879 '57)
662 5816 803 5879 Hap'
844 5815 1030 5879 ὑμῶν.
1066 5818 1278 5879 Scribe.
1314 5821 1441 5879 παρ’
1474 5821 1504 5879 ἡ

540 5815 629 5905 ἓΖέ
662 5816 818 5905 {laet
844 5815 1044 5905 ὺιιεῖιζο.
1066 5815 1278 5905 δςείιιεὲ
1314 5821 1441 5905 περ’
1474 5818 1625 5905 te?"

2122 5744 2477 5821 βιγλίςεσθαι.
2504 5743 2565 5801 Et
2590 5764 2711 5821 mox
2733 5749 2836 5821 §All
2869 5751 3051 5819 μήπου
3072 5750 3359 5819 βικίξεται.
3390 5748 3601 5810 Scribe,
3634 5749 3710 5821 μὴ

2121 5814 2555 5881 πουὸλικίζεται.
2590 5814 3082 5877 νιύρδίυδὶιίνίιιηί
3112 5830 3365 5877 nostrum
3393 5822 3448 5876 in
3485 5814 3708 5875 πουὸλιέ

518 5886 627 5954 (58)
659 5882 823 5953 Μηδὲ
851 5882 1349 5950 πουὸιῑικίζὲσθαι.
1370 5882 1739 5959 Scribebatur,
1771 5892 2012 5964 μηδέπου
2122 5882 2321 5950 κίξειν.
