4090 6446
396 394 505 457 947

1668 388 1938 451 LEONIS
1976 387 2439 450 PHILOSOPIII

3576 388 3676 454 θέα

471 514 524 565 7.
558 509 678 563 Alia
711 509 885 578 forma
910 516 1011 573 est,
1044 505 1265 577 quando
1295 505 1350 559 in
1386 506 1501 560 acie
1529 520 1786 560 cursores
1809 515 1863 559 et
1889 505 1985 559 de-

2165 504 2231 568 C'.
2278 505 2342 557 ἸΙ
2389 504 2445 557 δὲ
2498 503 2631 575 άλλη
2679 502 2797 557 ἐστὶ
2850 503 3180 574 παράταξιςν
3241 507 3369 559 ὅταν
3412 507 3506 558 ἐπὶ
3550 509 3677 576 μιᾶς

398 604 647 659 fensorcs
678 604 1026 658 instruuntur
1080 618 1093 653 :
1142 615 1379 669 cumque
1427 599 1507 653 ha:
1562 608 1745 669 partes
1800 598 1991 653 divisa:

396 696 659 749 ducentos
701 699 795 745 aut
848 693 1280 760 quadringentos
1308 691 1648 755 contineant,
1707 690 1869 759 longo
1902 688 1990 742 in-

396 784 627 839 tervallo
660 798 689 835 a
715 797 775 837 se
802 782 1027 843 distent,
1059 789 1113 834 ct
1140 781 1284 836 inter
1312 780 1640 835 movendum
1672 781 1816 836 velut
1848 780 1990 835 facto

395 872 609 943 agmine
642 888 897 927 cursores
925 873 990 925 ad
1026 872 1397 941 insequendos
1418 872 1557 925 alios
1588 882 1805 935 exeant,
1829 872 1989 927 dein-

395 969 462 1022 de
495 966 740 1032 redeant,
797 968 1069 1021 interdum
1119 966 1338 1036 quidem
1371 982 1466 1035 per
1512 974 1820 1035 opportuna
1872 968 1988 1020 loca

393 1077 460 1114 eo
492 1061 823 1124 dilabantur,
850 1069 904 1115 et
934 1060 1095 1115 simul
1129 1075 1251 1113 cum
1283 1056 1669 1113 defensoribus
1694 1058 1987 1111 adversum

398 1153 586 1208 hostes
638 1153 958 1221 procedant,
1008 1152 1281 1211 interdum
1328 1167 1422 1219 per
1460 1154 1647 1205 eadem
1682 1151 1859 1217 Spatia
1895 1168 1984 1204 re-

394 1246 578 1307 deant,
620 1254 673 1297 et.
722 1246 775 1298 in
811 1244 1071 1299 extremis
1119 1243 1234 1297 oris
1276 1243 1506 1296 duarum
1552 1241 1785 1309 partium
1823 1240 1986 1293 iidem

394 1346 694 1406 appareant
716 1340 806 1408 qui
840 1346 966 1393 ante
997 1337 1050 1391 in
1088 1337 1194 1391 illis
1228 1337 1662 1392 collocabantur.

465 1511 519 1564 8.
568 1510 686 1563 Alia
729 1510 905 1564 forma
961 1520 1067 1574 est,
1110 1511 1331 1581 quando
1376 1526 1483 1563 una
1535 1509 1782 1578 quatdam
1838 1509 1986 1562 acies

396 1603 711 1669 instruitur,
759 1612 812 1658 et
852 1604 1028 1658 media
1089 1620 1217 1674 pars
1260 1604 1312 1657 in
1369 1603 1710 1667 defensores,
1764 1602 1987 1671 reliquae

397 1705 579 1763 partes
623 1696 677 1749 in
723 1711 981 1750 cursores
1026 1695 1438 1749 conferuntur:
1478 1695 1678 1751 deinde
1726 1695 1985 1750 excursio

393 1784 643 1853 qua-dam
680 1787 836 1851 quasi
879 1786 944 1839 ad
981 1785 1352 1855 insequendos
1383 1786 1520 1840 alios
1555 1787 1667 1849 fiat,
1704 1794 1757 1839 et
1806 1785 1982 1838 media

393 1893 520 1944 pars
551 1878 707 1947 quasi
743 1878 1063 1933 defensores
1097 1890 1491 1948 consequatur,
1541 1878 1767 1948 reliqua:
1800 1885 1983 1945 partes

395 1970 652 2038 utrinque
695 1970 854 2039 quasi
903 1986 1163 2025 cursores
1207 1977 1427 2031 exeant,
1465 1977 1579 2022 tum
1614 1970 1666 2023 iu
1705 1968 1985 2023 redeundo

395 2076 501 2115 una
552 2077 678 2132 pars
717 2072 1011 2117 cunctatur
1037 2106 1051 2128 ,
1086 2072 1139 2118 et
1176 2063 1357 2117 tardat
1404 2062 1567 2127 foris,
1609 2064 1783 2115 altera
1827 2062 1984 2132 quasi

396 2157 540 2209 facto
564 2157 777 2225 agmine
808 2158 954 2211 cedit
996 2158 1062 2210 ad
1091 2156 1433 2220 defensores,
1478 2165 1532 2210 et
1566 2171 1766 2211 cursus
1805 2169 1989 2224 procc-

394 2248 557 2302 dcnte
583 2247 694 2316 jam
725 2263 785 2301 ea
813 2264 933 2318 qum
960 2248 1213 2304 constitit
1247 2248 1568 2304 defensores
1598 2264 1812 2310 versus,
1853 2247 1988 2301 alte-

394 2354 454 2392 ra
511 2339 563 2392 in
611 2354 903 2393 occursum
956 2340 1104 2393 illius
1151 2355 1385 2394 currens
1428 2354 1524 2408 per
1564 2353 1725 2391 unam
1776 2346 1987 2407 partem

396 2430 615 2497 transit,
649 2439 812 2499 atque
842 2432 943 2484 hoc
973 2434 1136 2485 modo
1172 2446 1279 2484 una
1313 2446 1439 2499 pars
1475 2429 1631 2483 alteri
1663 2445 1727 2483 ex
1755 2430 1989 2482 adverso

395 2536 522 2575 esse
554 2520 855 2586 invenitur,
890 2536 1014 2575 eum
1055 2520 1269 2591 seipsas
1310 2536 1419 2574 non
1448 2520 1675 2589 pellant.

464 2788 519 2841 9.
550 2788 668 2840 Alia
694 2789 943 2858 qtttedam
972 2787 1143 2843 forma
1162 2795 1246 2842 est
1279 2787 1407 2841 huic
1434 2786 1660 2841 omnino
1685 2784 1989 2847 contraria,

396 2896 517 2949 quae
575 2880 808 2935 mediam
881 2891 1091 2951 partem
1155 2895 1414 2935 cursores
1479 2878 1689 2945 habet,
1754 2878 1993 2947 reliquas

400 2974 659 3044 utrinque
687 2984 870 3043 partes
904 2974 971 3028 ad
1017 2972 1341 3029 defensores
1376 2971 1610 3028 confert.

468 3152 555 3208 ll).
581 3151 856 3207 Consucta
880 3152 998 3207 inec
1031 3151 1294 3206 Romanis
1335 3150 1482 3205 acies
1514 3149 1779 3203 adversus
1805 3162 1994 3201 omnes

399 3247 655 3301 nationes
708 3246 856 3300 utilis
906 3255 957 3300 et
1020 3244 1310 3300 eummoda
1359 3258 1483 3297 esse
1517 3240 1730 3295 videtur
1774 3239 1995 3308 quando

400 3339 551 3394 acies
610 3340 664 3393 in
727 3348 1166 3409 propugnatores
1215 3350 1268 3393 et
1320 3336 1722 3398 subsidiarios,
1771 3333 1822 3387 id
1884 3341 1992 3397 cst,

402 3448 657 3487 cursores
702 3441 757 3487 et
784 3432 1125 3495 defensores,
1160 3432 1459 3493 lateranos,
1492 3428 1834 3489 cornistites,
1878 3430 1995 3478 ter-

404 3524 642 3592 gistites,
674 3533 728 3579 et
760 3523 992 3579 insidias
1019 3523 1303 3588 dividitur,
1337 3518 1798 3593 quemadmodum
1828 3530 1997 3586 supra

405 3630 437 3671 8
467 3631 553 3671 me
575 3628 1068 3673 commemoratum
1102 3625 1207 3673 est.

479 3798 567 3852 ll.
603 3796 694 3853 liae
744 3798 1172 3854 exercitationes
1215 3798 1295 3854 sic
1346 3798 1719 3869 suscipiendae
1757 3805 1908 3863 sunt,
1944 3808 2001 3853 ut

407 3874 477 3946 ne
506 3891 755 3947 hostibus
784 3900 926 3947 nota:
966 3903 1380 3963 pervagataaque
1411 3892 1566 3947 liant.
1616 3891 1797 3946 Prima
1838 3891 2006 3961 igitur

404 3983 558 4038 acies
596 3982 890 4047 instructa.
927 3984 1223 4040 secundam
1262 3985 1424 4039 simul
1470 4000 1655 4039 secum
1685 3984 1859 4038 aciem
1893 3998 2002 4037 non

410 4075 630 4141 habeat,
668 4076 762 4132 sed
794 4081 1034 4147 seipsam
1068 4078 1266 4142 solam,
1299 4077 1421 4132 siue
1455 4076 1720 4131 laterariis
1741 4086 1793 4129 et
1815 4074 2002 4129 corni-

410 4167 655 4233 stitibus,
685 4170 803 4223 sine
830 4170 1197 4238 tergistitibus
1230 4178 1283 4221 ct
1335 4168 1573 4233 insidiis,
1623 4183 1746 4237 quae
1785 4166 2000 4222 exerci—

412 4261 546 4313 tatio
598 4261 836 4315 maxime
875 4262 1103 4331 simplex
1152 4274 1207 4317 et
1258 4264 1568 4317 necessaria
1627 4262 1893 4315 ridetur:
1948 4266 2002 4314 ct

412 4353 533 4407 vice
580 4357 832 4409 secundae
873 4357 1033 4421 aciei,
1088 4358 1437 4413 mediocriter
1487 4357 1781 4411 intervallo
1833 4355 2002 4409 inter-

408 4446 578 4515 jccto,
617 4462 821 4516 paucos
851 4451 1118 4518 quosdam
1151 4452 1366 4519 equites
1399 4466 1427 4503 a
1466 4458 1620 4520 tergo
1665 4449 2001 4503 constitutos

416 4539 672 4605 habeant,
733 4539 800 4593 ad
830 4556 971 4612 quos
1022 4558 1081 4595 se
1133 4542 1374 4611 recipere
1430 4543 1670 4597 discant.
1731 4540 1998 4594 Similiter

412 4632 707 4702 separatim
738 4633 1035 4690 secundam
1066 4635 1236 4689 aciem
1265 4636 1521 4700 insrrues,
1547 4644 1601 4688 et
1637 4650 1845 4704 paucos
1874 4641 1999 4687 ante

416 4728 624 4796 equites
652 4728 975 4791 eullocabis,
1028 4738 1085 4783 ut
1124 4730 1300 4784 discat
1332 4730 1570 4785 secunda
1609 4729 1757 4783 acies
1792 4742 1887 4781 eos
1918 4725 2002 4777 fu-

414 4819 627 4887 gientes
658 4820 850 4876 idonee
878 4823 1141 4891 recipere.
1376 4824 1377 4827 “

2022 1848 2060 1902 Β

2094 597 2301 663 τάξεως
2340 598 2645 651 τάσσωνται
2688 596 2792 649 ὑπὸ
2838 597 3153 669 κούρσωρας
3188 598 3281 650 καὶ
3322 598 3676 667 διφένσωρας,

2093 689 2432 761 διῃρημένας
2487 690 2543 743 δὲ
2587 689 2686 752 τὰς
2729 689 2924 761 μοίρας
2961 688 3069 742 άπὸ
3104 687 3169 754 σ’,
3212 689 3244 760 ἢ
3282 688 3347 753 υ’,
3392 689 3527 743 πολὺ
3585 692 3678 744 ἀλ·

2093 780 2271 849 λήλων
2307 780 2731 846 ἁποδιεστώσας,
2786 782 2879 834 καί¹
2927 783 2984 834 ἐν
3031 784 3095 852 τῇ
3128 782 3337 852 κινήσει
3388 782 3680 853 συνελασίᾳ.

2092 873 2199 926 τῶν
2223 872 2550 943 κουρσώρων
2604 873 2977 943 ἐξερχομένων
3017 875 3096 936 είς
3148 872 3473 938 καταδίωξιν
3499 917 3513 939 ,
3560 870 3681 929 εἶτα

2092 965 2573 1033 ὑποστρεψάντων,
2624 966 2713 1019 ὁτὲ
2758 966 2855 1035 μὲν
2906 968 2985 1028 είς
3035 966 3102 1018 τὰ
3143 966 3507 1035 διαλείμματα
3560 969 3677 1036 ἦτοι

2092 1052 2172 1113 εἰς
2204 1052 2270 1104 τὰ
2295 1051 2535 1122 εὔκαιρα
2577 1053 2751 1123 χωρία
2788 1053 2970 1116 αὐτοῖς
3006 1053 3402 1118 ἐξελίσσεσθαι,
3441 1056 3537 1108 καὶ
3563 1057 3681 1125 ἅμα

2090 1143 2197 1195 τῶν
2226 1143 2576 1215 διφενσὼρων
2624 1147 2821 1216 χωρεῖς
2852 1147 2995 1199 κατὰ
3033 1147 3142 1207 τῶν
3195 1148 3423 1217 ἐχθρῶν,
3461 1148 3591 1201 ποτέ
3622 1148 3680 1200 δὲ

2099 1235 2540 1306 ὑποστρέφοντας
2569 1237 2638 1289 δι’
2671 1237 2849 1289 αὐτῶν
2886 1236 2994 1290 τῶν
3016 1237 3402 1307 διαστημάτων
3428 1238 3669 1309 ἀπέρχε-

2092 1328 2236 1392 σθαι,
2279 1329 2375 1381 καὶ⁵
2429 1330 2523 1381 ἐπὶ
2547 1328 2616 1381 τὰ
2662 1329 2809 1398 ἄκρα
2839 1328 2931 1382 τοῦ
2964 1330 3166 1399 μέρους
3216 1330 3523 1399 φαίνεσθαι,
3554 1331 3681 1393 τοὺς

2090 1422 2154 1473 ἐκ
2188 1421 2295 1473 τῶν
2319 1420 2410 1473 δύο
2443 1422 2624 1489 μερῶν
2654 1421 2972 1491 κούρσωρας
3002 1421 3234 1474 ἕκαστον
3266 1423 3337 1484 ὡς
3366 1422 3589 1491 ἐτάχθη.

2158 1511 2227 1581 η’.
2278 1513 2427 1565 Ἡδὲ
2464 1514 2626 1583 ἑτέρα
2662 1512 2979 1584 έπαράταξίς
3024 1514 3195 1576 ἐστιν,
3250 1516 3384 1566 ὅταν
3411 1516 3502 1566 ἐπὶ
3551 1517 3682 1584 μιᾶς

2091 1603 2447 1673 παρατάξεως
2481 1604 2813 1667 τάσσωνται,
2847 1604 2944 1656 καὶ
2978 1604 3009 1672 ἡ
3045 1604 3145 1671 μὲν
3202 1605 3343 1673 μέση
3387 1606 3550 1673 μοῖρα
3602 1608 3682 1667 εἰς

2088 1696 2427 1765 διφένσωρας
2457 1697 2689 1765 γίνεται,
2724 1698 2779 1751 al
2808 1697 2864 1749 δὲ
2904 1696 3251 1766 ἑκατέρωθεν
3288 1696 3458 1765 αὐτῆς
3494 1699 3683 1766 μοῖραι

2089 1785 2167 1848 είς
2219 1783 2559 1855 κούρσωρας,
2594 1781 2711 1837 εἶτα
2768 1785 2869 1854 τῆς
2927 1786 3145 1848 ἐλασίας
3178 1785 3251 1848 ὡς
3286 1789 3364 1849 εἰς
3407 1787 3684 1852 ἐπιδίωξιν

2090 1876 2403 1946 γινομένης,
2452 1878 2484 1946 ἡ
2529 1876 2626 1942 μὲν
2663 1877 2802 1947 μέση
2838 1880 3001 1948 μοῖρα
3035 1880 3090 1931 ἐν
3130 1878 3280 1944 τάξει
3322 1880 3687 1931 ἐπακολουθεῖ

2088 1969 2161 2031 ὡς
2182 1969 2534 2039 διφὲνσωρες,
2554 1969 2608 2021 αἱ
2628 1970 2682 2022 δὲ
2702 1970 3042 2041 ἑκατέρωθεν
3064 1973 3246 2041 μοῖραι
3272 1972 3347 2034 ὡς
3370 1972 3685 2043 κούρσωρες

2090 2061 2419 2131 εξέρχονται.
2451 2056 2578 2113 Εἶτα
2609 2062 2667 2113 ὲν
2691 2061 2767 2131 τῷ
2800 2061 3166 2131 ὑποστρέφειν
3202 2065 3234 2132 ἡ
3270 2064 3367 2132 μὲν
3391 2063 3491 2133 μία
3520 2066 3687 2135 μοῖρα

2093 2157 2265 2226 μένει,
2326 2158 2442 2227 ἦτοι
2493 2156 2822 2227 ἐμϐραδύνει
2881 2156 3006 2222 ἔξω,
3040 2158 3073 2226 ή
3119 2158 3176 2211 δὲ
3216 2157 3350 2229 άλλη
3392 2160 3684 2231 συνελασία

2090 2248 2426 2318 ὑποστρέφει
2462 2248 2538 2312 ὡς
2577 2248 2671 2301 ἐπὶ
2714 2248 2841 2311 τοὺς
2884 2248 3245 2318 διφένσωρας,
3280 2251 3375 2303 καὶ
3414 2251 3576 2304 πάλιν
3602 2270 3687 2305 κι-

2090 2338 2239 2393 νοῦσι
2264 2340 2360 2409 τῆς
2392 2340 2772 2410 άπομεινάσης
2804 2340 2880 2403 ώς
2916 2340 3051 2410 πρὸς
3080 2341 3210 2405 τοὺς
3231 2341 3569 2414 διφένσωρας
3597 2358 3613 2373 ·
3651 2345 3687 2413 ἡ

2091 2430 2224 2499 άλλη
2278 2429 2351 2491 Lb;
2403 2430 2481 2492 είς
2535 2429 2842 2499 ἀπάντησιν
2895 2430 3166 2501 τρέχουσα
3215 2430 3282 2483 δι’
3322 2430 3442 2495 ἐνὸς
3486 2432 3685 2503 μέρους

2095 2522 2411 2593 ἐπέρχεται,
2440 2521 2535 2573 καὶ
2560 2521 2639 2591 τῷ
2672 2521 2860 2593 τρόπῳ
2886 2520 3062 2593 τούτῳ
3097 2522 3197 2592 μία
3224 2524 3481 2596 παραμίά
3519 2529 3685 2598 μοῖρα

2091 2612 2496 2681 ἀντιπρόσωποι
2520 2611 2765 2684 ἀλλήλων
2790 2612 3163 2684 εὑρίσκονται,
3204 2617 3280 2686 μὴ
3312 2617 3677 2686 ὲγκρούουσαι

2094 2704 2339 2766 ἑαυταῖς.

2166 2792 2232 2849 θ’.
2267 2794 2455 2846 Ἔστιν
2502 2793 2559 2846 δὲ
2611 2794 2708 2848 καὶ
2758 2794 2894 2867 άλλη
2930 2797 3295 2870 ὁμοιότροπος
3326 2798 3497 2871 αὐτῆς
3518 2800 3598 2864 είς
3628 2800 3689 2854 τὸ

2094 2887 2338 2942 ἐναντίον
2364 2888 2700 2960 τασσομένη,
2764 2889 3011 2943 τουτέσιν
3036 2891 3133 2962 τὴν
3164 2891 3262 2960 μὲν
3295 2893 3467 2962 μέσην
3495 2896 3690 2964 μοῖραν

2094 2978 2419 3052 κούρσωρας
2469 2978 2691 3050 ἔχουσα,
2745 2980 2845 3044 τὰς
2875 2982 2931 3035 δὲ
2975 2982 3320 3052 ἑκατέρωθεν
3370 2983 3465 3037 δύο
3494 2986 3691 3056 μοίρας

2095 3071 2459 3142 διφένσωρας,
2492 3073 2548 3125 ἐν
2578 3073 2699 3135 ταῖς
2734 3070 3056 3143 εἰρημέναις
3086 3074 3387 3143 κινήσεσιν.

2161 3154 2225 3213 ἰ’.
2262 3158 2329 3212 Ἠ
2360 3158 2546 3229 μέντοι
2581 3160 2818 3230 συνήθης
2854 3160 3149 3231 Ῥωμαίοις
3175 3162 3327 3227 τάξις
3362 3164 3457 3218 καὶ
3481 3182 3692 3234 γυμνα-

2104 3251 2194 3305 σία
2222 3251 2363 3323 αῢτη
2412 3252 2551 3323 πρὸς
2585 3254 2693 3305 πᾶν
2717 3250 2870 3315 ἔθνος
2912 3253 3194 3324 ἐπιτηδεία
3224 3256 3356 3326 ἡμῖν
3388 3258 3641 3327 φαίνεται
3674 3274 3689 3289 ’

2102 3344 2380 3399 τουτέστιν
2432 3345 2561 3397 ὅταν
2602 3344 2681 3407 εἰς
2723 3342 2816 3395 δύο
2869 3344 3053 3410 τάξεις
3109 3348 3189 3409 εἰς
3226 3348 3545 3418 προμάχους
3597 3352 3699 3404 καὶ

2107 3434 2333 3505 βοηθοὺς
2377 3435 2633 3489 τάσσεται
2664 3435 2768 3488 ὑπὸ
2792 3435 3136 3507 κούρσωρας,
3185 3440 3281 3491 καὶ
3315 3440 3688 3514 διφένσωρας,

2106 3530 2199 3582 καὶ
2228 3528 2677 3599 πλαγιοφύλακάς
2721 3545 2780 3581 τε
2821 3529 2915 3582 καὶ
2960 3530 3414 3602 ύπερκεράστας,
3456 3536 3552 3588 καὶ
3605 3538 3693 3589 ἐν-

2104 3620 2313 3691 έδρους,
2347 3620 2441 3674 καὶ
2468 3618 2880 3689 νωτοφύλακας,
2914 3622 3057 3676 κατά
3094 3623 3185 3677 τὸν
3213 3625 3403 3696 πρώην
3432 3625 3695 3697 λεχθέντα

2107 3713 2140 3781 ὴ
2149 3714 2238 3782 μῖν
2266 3730 2291 3765 τ
2304 3713 2490 3784 ρόπον.

2180 3802 2270 3857 ια’.
2300 3804 2419 3875 Χρὴ
2457 3800 2550 3859 οὖν
2576 3807 2608 3876 ἢ
2635 3808 2731 3873 τὰς
2763 3807 3061 3879 εἰρημένας
3086 3808 3351 3879 διαφορὰς
3375 3809 3483 3862 τῶν
3514 3828 3694 3882 παρα-

2106 3893 2312 3959 τάξεων
2350 3895 2551 3960 ἐθίζειν
2576 3898 2667 3952 τὸν
2695 3900 2946 3970 στρατὸν,
2983 3901 3066 3954 ἵνα
3111 3902 3187 3973 μὴ
3225 3902 3635 3968 πουδλικίζεται
3662 3906 3697 3975 ἠ

2105 3986 2533 4061 ἀναγκαιοτέρα,
2561 3989 2593 4059 ἢ
2630 3990 2733 4060 τῆς
2766 3991 2993 4063 πρώτης
3022 3992 3226 4058 τάξεως
3255 3994 3695 4067 γυμναζομένης,

2106 4077 2204 4147 τὴν
2249 4077 2506 4150 δευτέραν
2550 4080 2702 4145 τάξιν
2753 4083 2829 4154 μὴ
2884 4084 3071 4155 φέρειν
3125 4086 3267 4155 μετὰ
3313 4085 3505 4154 αὐτῆς,
3558 4087 3695 4141 ἀλλὰ

2109 4171 2277 4242 μόνην
2311 4174 2410 4244 τὴν
2439 4173 2665 4245 πρώτην
2689 4174 2819 4227 ἄνευ
2847 4175 3305 4244 πλαγιοφυλάκων
3334 4178 3428 4231 καὶ
3458 4179 3696 4250 ὑπερκε-

2110 4264 2322 4334 ραστῶν
2367 4266 2615 4335 δηλονότι
2672 4268 2765 4320 καὶ
2826 4268 3059 4339 ἐνέδρων
3119 4269 3216 4321 καὶ
3276 4270 3696 4339 νωτοφυλάκων.

2104 4356 2240 4427 ὅπερ
2293 4355 2454 4409 πλέον
2503 4359 2634 4427 ἡμῖν
2692 4358 3063 4429 ἁπλούστερον
3127 4360 3220 4412 καί⁵
3270 4360 3699 4431 ἀναγκαιότερον

2108 4447 2380 4514 φαίνεται,
2430 4447 2567 4499 ἀλλὰ
2611 4448 2734 4501 τότε
2780 4450 2900 4502 ἀντὶ
2936 4451 3036 4518 τῆς
3068 4450 3324 4517 δευτέρας
3351 4452 3556 4517 τάξεως
3590 4452 3703 4505 ὀλί-

2108 4555 2237 4605 γους
2290 4539 2690 4610 καδαλλαρίους
2738 4542 3093 4611 σχηματικῶς
3130 4542 3355 4595 ὄπισθεν
3388 4544 3559 4612 ίστᾷν,
3614 4544 3702 4596 ῐνα

2110 4635 2247 4704 πρὸς
2284 4634 2345 4686 τὸ
2385 4634 2660 4703 διάστημα
2691 4635 2867 4687 ἐκεῖνο
2905 4633 3195 4697 ἐθίζωνται
3242 4634 3609 4705 προσφεύγειν
3652 4638 3702 4688 οί

2109 4729 2209 4795 τῆς
2242 4724 2466 4795 πρώτης
2502 4724 2721 4787 τάξεως.
2768 4723 3001 4793 Ὁμοίως
3028 4724 3082 4775 δὲ
3110 4724 3237 4794 ,ἰδίᾳ
3268 4724 3363 4775 καὶ
3392 4724 3490 4794 τὴν
3518 4724 3703 4778 δευτέ-

2114 4835 2213 4887 ραν
2248 4815 2400 4879 τάξιν
2428 4813 2729 4883 γυμνάζεις
2768 4814 2863 4866 καὶ
2902 4812 3116 4879 ὀλίγους
3151 4815 3207 4865 ἐν
3245 4812 3395 4877 τάξει
3425 4815 3525 4881 τῆς
3550 4813 3704 4883 πρώ-

416 4928 516 4980 της
550 4912 757 4978 τάξεως
807 4918 981 4977 ποιεῖς
1036 4915 1153 4985 ἤτοι
1194 4914 1546 4985 προτάσσεις,
1579 4912 1664 4966 ἵνα
1711 4914 1956 4983 ἐθίζηται
1998 4910 2287 4983 ήδευτὲρα
2318 4906 2578 4969 ὡσαύτως
2608 4906 2735 4969 τοὺς
2776 4906 2872 4974 τῆς
2902 4904 3126 4974 πρώτης
3157 4903 3362 4968 τάξεως
3425 4905 3707 4974 καταφεύς

418 5018 612 5070 γοντας
647 5007 724 5068 εἰς
755 5007 950 5070 αὐτοὺς
988 5008 1259 5077 δέχεσθαι.

492 5096 577 5149 1‘2.
630 5096 869 5153 Possunt
913 5101 1079 5155 etiam
1125 5102 1356 5155 Iaterani
1399 5108 1452 5155 ct
1492 5102 1810 5157 cornistites
1845 5116 1998 5157 suam

421 5190 716 5260 quamdam
764 5202 890 5247 ante
943 5193 1393 5273 bellumhabcre
1437 5194 1908 5258 exercitationem,
1946 5202 2005 5248 ut

425 5284 527 5338 hoc
577 5285 738 5339 modo
791 5287 1085 5341 universus
1141 5287 1414 5343 exercitus
1464 5302 1654 5342 omnes
1714 5287 1779 5341 ad
1827 5295 2008 5341 motus

428 5378 689 5432 assucliat
728 5395 741 5430 :
784 5378 836 5431 hi
888 5386 1068 5431 tamen
1118 5378 1342 5433 minimc
1385 5380 1636 5433 hostibus
1675 5389 1768 5432 aut
1794 5380 2011 5434 crete‘ris

430 5472 606 5536 palam
639 5469 790 5521 liaut.
820 5468 931 5523 lloc
964 5471 1074 5535 lict,
1101 5469 1145 5522 si
1176 5470 1519 5531 cornistites,
1544 5469 1599 5522 id
1625 5478 1730 5531 est,
1764 5469 1855 5539 qui
1889 5469 2013 5523 dex-

430 5570 569 5613 tram
622 5560 674 5613 in
724 5569 929 5629 partem
980 5560 1045 5614 ad
1077 5560 1587 5615 circumcludendos
1634 5562 1819 5617 hostes
1852 5560 2024 5614 collo-

435 5660 654 5714 cantur,
686 5653 802 5706 sive
835 5653 1028 5705 dextro
1062 5666 1235 5705 cornu
1287 5653 1427 5705 clam
1476 5660 1878 5723 supponantur,
1910 5653 2023 5705 sive

444 5753 471 5787 a
504 5738 673 5792 latere
701 5741 981 5809 :equaliter
1011 5757 1133 5794 cum
1170 5740 1344 5797 fronte
1369 5743 1503 5796 aciei
1536 5744 1901 5805 instruantur,
1929 5740 2020 5793 ubi

444 5824 663 5876 occasio
700 5843 868 5879 cornu
918 5831 1237 5885 transeundi
1298 5832 1362 5886 ad
1421 5834 1781 5887 inrlndctidos
1837 5833 2022 5887 hostes

2186 5091 2271 5164 ιβ’.
2308 5090 2544 5144 Δυνατὺν
2577 5089 2633 5143 δὲ
2669 5088 2815 5151 ἰδίως
2856 5089 2953 5142 καὶ
2988 5089 3112 5150 τοὺς
3141 5086 3588 5155 πλαγιοφύλακας
3613 5093 3709 5144 καὶ

2110 5187 2236 5248 τοὺς
2278 5182 2695 5253 ὑπερκεράστας
2745 5179 2842 5251 τὴν
2897 5180 3031 5233 ἰδίαν
3073 5180 3225 5243 τάξιν
3264 5180 3357 5231 καὶ
3398 5180 3709 5249 γυμνασίαν

2114 5278 2224 5347 πρὸ
2250 5276 2342 5328 τοῦ
2382 5275 2618 5343 πολέμου
2650 5276 2822 5326 ποιεῖν
2854 5290 2867 5302 ο
2902 5274 2987 5325 ἵνα
3016 5272 3111 5324 καὶ
3134 5271 3377 5341 ἐθίζηται
3407 5274 3435 5324 ὁ
3478 5270 3707 5341 στρατὸς

2120 5369 2257 5440 πρὸς
2281 5368 2378 5429 τὰς
2419 5366 2685 5433 κινήσεις,
2717 5364 2812 5417 καὶ
2850 5364 2924 5434 μὴ
2956 5362 3413 5427 πουδλικίζωνται
3453 5364 3532 5425 εἰς
3582 5363 3711 5421 τοὺς

2120 5460 2348 5531 ἐχθροὺς
2392 5460 2446 5509 αἱ
2486 5456 2768 5526 χρειώδεις
2817 5454 3176 5526 παρατάξεις,
3219 5453 3499 5505 τουτέστιν
3543 5452 3626 5503 ἵνα
3660 5454 3709 5503 οἱ

2128 5550 2536 5619 ὑπερκεράσται
2583 5549 2749 5618 ἤγουν
2786 5550 2833 5601 οἱ
2867 5549 2957 5600 ἐπὶ
2986 5547 3078 5599 τοῦ
3123 5544 3296 5609 δεξιοῦ
3331 5545 3532 5616 μέρους
3573 5542 3711 5613 πρὸς

2125 5646 2224 5713 τὴν
2258 5640 2531 5693 κύκλωσιν
2578 5639 2685 5692 τῶν
2730 5639 3005 5710 πολεμίων
3043 5637 3301 5703 ἑστῶτες,
3341 5637 3447 5688 εἴτε
3475 5634 3717 5687 ὑποτάσ-

2128 5750 2309 5788 σονται
2352 5731 2723 5795 λανθανόντως
2762 5732 2837 5802 τῷ
2866 5730 3023 5801 δεξιῷ
3066 5730 3283 5798 κέρατι,
3323 5727 3434 5781 εἴτε
3477 5728 3541 5778 ἐκ
3573 5724 3713 5775 πλα-

2124 5828 2243 5899 γίου
2293 5823 2735 5893 παρατάσσονται
2785 5822 3160 5896 ἰσομετώπως,
3191 5823 3319 5875 ὅταν
3364 5814 3573 5885 καιρὸς,
3618 5812 3714 5881 γὲο
