4090 6458
450 428 559 498 9ίῦ

1481 427 1814 488 TACTICA.
1847 450 1916 460 —
1948 425 2458 487 CONSTITUTIO
2495 428 2720 490 XVIII.

3609 431 3718 494 950

447 564 608 618 νηται
629 545 725 616 τῆς
757 542 1200 616 ὑπερκεράσεως,
1226 542 1319 596 ἐπὶ
1344 542 1470 613 δόρυ
1498 543 1784 605 κλίναντας
1806 541 2023 604 αὐτοὺς,

2131 550 2235 604 est,
2271 543 2336 595 ad
2385 543 2598 596 hastam
2627 539 2985 608 declinantes,
3025 541 3223 596 deinde
3249 542 3567 598 universum
3595 561 3720 614 spa-

449 636 570 695 εἶτα
602 640 725 693 ὅσον
747 639 974 692 ἀπαιτεῖ
1009 638 1043 706 ἡ
1075 635 1234 708 χρεία
1271 635 1551 707 διάστημα
1591 633 2032 706 περιπατοῦντας

449 728 622 792 οὓτως
650 729 731 790 είς
757 726 916 797 ὀρθὸν
960 726 1531 796 ἁποκαθισταμένους,
1573 729 1743 780 κινεῖν
1775 727 1832 778 ἐν
1859 723 2031 790 τάξει,

451 821 544 873 καὶ
575 818 903 882 σπουδάζειν
945 817 1150 870 ὡσανεὶ
1187 819 1284 887 τὴν
1322 817 1430 871 τῶν
1473 816 1730 872 ἐναντίων
1758 815 1910 880 τάξιν
1939 831 2034 868 πε-

449 909 822 980 ριλαμὸάνειν.

521 999 609 1069 ιγ’.
649 1000 820 1054 Πάλιν
859 1000 916 1053 δὲ
950 1001 1076 1063 τοὺς
1121 1000 1572 1070 πλαγιοφύλακας
1599 1003 1725 1068 τοὺς
1753 1006 1895 1059 κατὰ
1927 1007 2021 1061 τοῦ

446 1091 742 1162 ἀριστεροῦ
777 1093 981 1160 μέρους
1014 1093 1380 1162 τασσομένους
1427 1095 1649 1163 ὁμοίως,
1685 1096 1776 1149 ἐπὶ
1809 1115 2036 1150 σκουτα-

448 1187 577 1257 ρίων
605 1185 905 1249 κλίνοντας,
942 1179 1060 1238 εἶτα
1089 1184 1211 1237 ὅσον
1252 1187 1526 1255 άπαιτεῖὴ
1563 1188 1722 1257 χρεία
1760 1189 2033 1259 διάστημα

449 1275 891 1347 περιπατοῦντας
916 1273 1088 1336 οὕτως
1117 1277 1195 1337 είς
1236 1275 1394 1346 ὀρθὸν
1426 1277 1912 1342 ἀποκαθίστασθαι,
1943 1281 2036 1331 καὶ

448 1368 698 1421 σπεύδειν
730 1365 930 1418 ὡσανεὶ
960 1366 1039 1436 τῷ
1085 1368 1314 1436 ἐναντίῳ
1355 1368 1543 1438 κέρατι
1575 1368 1681 1420 τῶν
1723 1370 2034 1440 ὑπερκερα-

448 1459 588 1510 στῶν
620 1456 951 1520 ἐξισοῦσθαι.

515 1547 596 1602 ιδ’.
634 1548 849 1611 Ταύτας
877 1547 933 1600 δέ
981 1566 1064 1602 σοι
1108 1547 1207 1611 τὰς
1231 1549 1496 1620 διαφοράς
1523 1549 1630 1601 τῶν
1674 1549 2035 1620 παρατάξεων

445 1639 898 1709 ὑπεσημάναμεν,
934 1657 979 1692 ω
1010 1639 1304 1711 στρατηγέ,
1335 1639 1423 1692 ἵνα
1453 1641 1510 1691 ἐν
1547 1637 1725 1710 καιρῷ
1751 1638 2034 1707 εὐκαιρίας

443 1729 629 1800 ἐθίζῃς
651 1731 743 1781 καὶ
773 1731 830 1780 ἐν
857 1730 1050 1792 αὐταῖς
1088 1728 1460 1797 γυμνάζεσθαι
1484 1729 1544 1780 τὸ
1572 1729 1904 1800 στράτευμα,
1941 1730 2034 1781 καὶ

444 1821 588 1890 ἔχειν
619 1820 844 1874 πλείονα
872 1821 1167 1890 ἐμπειρίαν
1189 1821 1286 1891 τῆς
1312 1820 1420 1872 τῶν
1453 1820 1706 1890 πολέμων
1745 1821 2029 1890 τακτικῆς,

2136 635 2272 687 tium
2329 642 2593 701 quantum
2646 634 2949 689 necessitas
2991 635 3236 703 postulat
3283 637 3718 702 inambulantes,

2135 725 2342 778 directe
2391 725 2587 777 iterum
2643 724 2695 777 in
2730 724 2846 778 acie
2881 733 3158 790 moveant,
3189 732 3244 779 et
3275 725 3514 780 hostium
3545 727 3720 780 aciem

2138 814 2510 869 intercludere
2546 823 2836 869 conentur.

2214 996 2295 1050 l5.
2333 994 2545 1049 Rursus
2576 995 2801 1049 laterani
2839 995 2904 1049 ad
2943 995 3224 1050 sinistram
3268 1003 3478 1064 partem
3515 996 3720 1048 instrn-

2135 1091 2230 1155 cti,
2257 1099 2311 1145 et
2352 1090 2416 1142 ad
2444 1099 2597 1143 senta
2632 1089 2992 1149 declinantes,
3022 1097 3074 1142 et
3118 1089 3250 1141 illud
3291 1089 3435 1158 quod
3464 1102 3601 1156 opus
3637 1096 3720 1140 est

2138 1181 2374 1251 spatium
2411 1183 2775 1245 ambulantes,
2826 1197 3019 1235 rursus
3055 1181 3263 1235 directe
3312 1181 3629 1250 procedant,
3664 1187 3718 1233 ct

2137 1283 2410 1328 conentur
2442 1274 2792 1328 cornistitum
2826 1272 3054 1328 adverso
3095 1289 3267 1328 cornu
3315 1274 3610 1343 exaequari.

2207 1545 2292 1598 Μ.
2329 1544 2438 1599 Has
2487 1544 2605 1608 tibi,
2636 1543 2955 1613 imperator,
2983 1542 3222 1596 aciernm
3258 1542 3596 1597 dill'erentias
3639 1543 3717 1596 id-

2134 1638 2283 1692 circo
2309 1636 2698 1707 explicuimus,
2735 1644 2791 1688 ut
2820 1646 3131 1705 opportuno
3171 1644 3418 1704 tempore
3450 1636 3713 1689 assneliat

2135 1731 2258 1784 istis
2297 1730 2580 1784 exercitus
2622 1737 2772 1792 tuus,
2811 1736 2863 1782 et
2920 1728 3183 1796 majorem
3236 1728 3555 1782 bellicorum
3599 1744 3716 1780 mo-

2138 1831 2287 1875 tuum
2326 1822 2576 1892 peritiam
2611 1821 2834 1882 habeas,
2875 1829 2932 1873 ttt
2963 1821 3147 1874 multis
3193 1822 3520 1874 necessariis
3553 1821 3716 1875 rebus

441 1912 584 1965 ὥστε
610 1914 701 1966 καὶ⁵
733 1912 790 1965 ἐν
814 1929 923 1964 τισι
949 1912 1218 1976 πολλάκις
1249 1912 1609 1981 περιστάσεσι
1637 1911 1917 1983 χρειώδεις
1949 1929 2023 1965 σοι

2137 1928 2279 1979 saepe
2310 1910 2800 1966 circumstantibus
2853 1911 3002 1965 utilis
3033 1911 3228 1964 horum
3264 1926 3397 1966 usus
3439 1910 3713 1965 interdum

442 2003 815 2074 εὑρίσκεσθαι,
852 2005 981 2058 ὃταν
1002 2003 1176 2064 οὕτως
1207 2005 1240 2072 ἡ
1269 2004 1430 2074 χρεία
1461 2003 1640 2057 καλεῖ.

515 2093 594 2148 ιε’.
621 2094 732 2149 Καὶ
763 2095 954 2165 ἐτέρας
998 2095 1056 2148 δὲ
1095 2095 1390 2164 διαφόρους
1426 2097 1782 2164 παρατάξεις,
1816 2098 1908 2150 καὶ
1931 2097 2030 2150 ὅσα

441 2185 560 2240 δέον
593 2186 861 2258 πράσσειν
913 2203 972 2238 σε
1013 2188 1153 2257 ὑπέρ
1189 2205 1251 2240 τε
1291 2186 1384 2240 τοῦ
1423 2187 1626 2240 οἰκείου
1666 2188 1896 2258 στρατοῦ
1935 2189 2032 2242 καὶ

441 2276 584 2330 κατὰ
610 2277 719 2330 τῶν
750 2277 1046 2348 πολεμίων,
1067 2277 1143 2341 ὡς
1172 2279 1230 2331 ἐν
1256 2278 1470 2331 ἐκθέσει
1515 2278 1866 2349 διατάξομεν,
1897 2281 2030 2343 ὅσας

438 2367 547 2420 ἀπὸ
598 2369 870 2440 διαφόρων
921 2369 1088 2422 ἐθνῶν
1136 2370 1201 2422 ἐκ
1252 2369 1350 2439 τῆς
1405 2369 1604 2438 πείρας
1665 2370 1924 2441 Ῥωμαῖοι
1973 2373 2031 2424 ἐν

437 2461 636 2526 γνώσει
703 2462 1050 2532 παρέλαϐον,
1099 2463 1185 2514 ἴνα
1237 2460 1513 2532 γινώσκῃς
1587 2461 1790 2525 ταύτας
1839 2465 1898 2514 ἐν
1954 2463 2032 2532 τῷ

436 2550 608 2604 δέοντι
639 2551 738 2621 μὲν
764 2551 944 2622 καιρῷ
988 2552 1226 2623 χρῆσθαι
1271 2553 1414 2621 ὑπὲρ
1461 2552 1713 2617 σεαυτοῦ,
1763 2553 1933 2608 ἐνίοτε
1973 2554 2031 2606 δὲ

435 2640 545 2694 τῶν
595 2643 870 2712 πολεμίων
897 2644 1088 2706 αὐταῖς
1117 2642 1417 2716 χρωμένων
1453 2642 1594 2714 ὑπὲρ
1629 2643 1840 2698 ἐαυτῶν
1879 2645 2032 2698 ἀντι-

437 2733 786 2803 μηχανᾶσθαι
820 2735 942 2788 κατ’
966 2734 1169 2788 αὐτῶν.

508 2830 608 2886 ις’.
644 2825 780 2879 Ἵσθι
825 2825 940 2891 οῦν,
977 2820 1022 2880 ὦ
1053 2826 1346 2897 πρατηγέ,
1372 2827 1454 2880 ὅτι
1485 2827 1542 2880 οὐ
1577 2826 1736 2897 μόνον
1771 2827 1837 2880 σὺ
1873 2827 2034 2892 αὐτὸς

436 2912 677 2980 ὀφείλεις
698 2909 837 2968 εἶναι
862 2916 1151 2979 σπουδαῖος
1178 2916 1289 2986 (59)
1323 2918 1416 2969 καὶ
1446 2916 1616 2986 φιλῶν
1647 2918 1746 2988 τὴν
1772 2920 2029 2990 πατρίδα,

432 3003 531 3058 καὶ
569 3005 710 3075 ὑπὲρ
739 3006 835 3076 τῆς
869 3006 1034 3077 ὀρθῆς
1090 3007 1198 3060 τῶν
1235 3007 1577 3076 Χριστιανῶν
1617 3009 1852 3072 πίστεως
1889 3010 2031 3063 ἐτοι-

439 3112 561 3165 μος,
600 3098 649 3148 εί
677 3095 852 3160 οὕτως
902 3098 1080 3168 τύχοι,
1127 3099 1222 3152 καὶ
1249 3099 1419 3170 αὐτὴν
1459 3099 1556 3169 τὴν
1584 3097 1764 3168 ψυχὴν
1793 3099 2026 3167 τιθέναι,

2132 2004 2464 2058 ἰιινυιιῑιιιιιτ.

2204 2093 2292 2148 15.
2353 2092 2504 2148 Alias
2540 2101 2722 2145 autem
2757 2092 3004 2146 diversas
3061 2093 3300 2147 aciernm
3351 2095 3553 2148 formas
3593 2110 3715 2162 qua:

2133 2186 2228 2236 abs
2253 2191 2304 2238 te
2330 2183 2396 2237 ad
2422 2183 2498 2237 tui
2518 2183 2794 2238 exercitus
2817 2183 3238 2252 apparitionem,
3265 2185 3347 2238 vel
3375 2184 3439 2237 ad
3475 2185 3712 2238 hostium

2132 2276 2597 2346 expugnationem
2627 2277 2991 2345 suscipienda:
3015 2285 3164 2342 sunt,
3199 2277 3294 2329 tibi
3325 2277 3706 2347 exp!icuimus,

2133 2381 2270 2439 quas
2309 2381 2338 2421 a
2361 2367 2596 2422 diversis
2633 2367 2947 2423 nationibus
2978 2367 3209 2422 Romani
3258 2370 3323 2423 ad
3357 2386 3513 2424 nsum
3551 2389 3712 2427 suum

2133 2467 2485 2529 acceperunt,
2538 2468 2595 2513 ut
2627 2475 2719 2514 cas
2767 2459 2980 2514 idoneis
3035 2462 3376 2530 temporibus
3422 2464 3598 2531 possis
3646 2465 3712 2517 ad

2135 2553 2423 2607 utilitatem
2458 2562 2605 2605 tuam
2641 2567 2930 2621 usurpare,
2957 2552 3231 2606 interdum
3264 2554 3428 2606 etiam
3464 2555 3716 2610 hostibus

2133 2646 2256 2699 istis
2288 2643 2588 2708 ntentibtts,
2613 2644 2883 2698 adversus
2926 2643 3143 2698 illorum
3179 2645 3488 2702 molitiones
3507 2647 3714 2717 aliquid

2133 2737 2472 2792 contrarium
2507 2735 2841 2806 excogitare.

2205 2829 2292 2882 l6.
2347 2827 2535 2894 Neque
2597 2842 2726 2880 vero
2767 2835 2846 2891 tu,
2899 2827 3212 2896 imperator,
3251 2830 3426 2885 solum
3461 2830 3633 2884 bonus
3663 2841 3714 2886 et

2134 2935 2327 2975 amans
2359 2920 2571 2989 patriar,
2603 2928 2656 2972 et
2687 2918 2754 2972 ad
2788 2920 3238 2989 prOpugnauilam
3274 2920 3712 2976 Christianorum

2134 3010 2293 3065 ﬁdem
2328 3011 2493 3062 vitam
2523 3008 2882 3079 profundere,
2915 3009 2961 3063 si
3021 3008 3094 3061 ita
3133 3025 3268 3064 usus
3299 3009 3456 3071 ferat,
3490 3020 3715 3080 paratus

2133 3105 2229 3168 sis,
2257 3101 2352 3159 sed
2387 3110 2441 3155 et
2472 3117 2664 3157 omnes
2698 3102 2983 3173 pra-lectos
3023 3111 3148 3156 tuos
3184 3111 3238 3157 et
3291 3104 3537 3172 singulos
3574 3105 3699 3158 mili-

431 3185 568 3240 ἀλλὰ
597 3188 838 3253 καὶτοὺς
862 3188 966 3242 ὑπὸ
989 3189 1050 3242 σὲ
1075 3190 1282 3255 πάντας
1313 3191 1579 3262 ἄρχοντας
1608 3189 1701 3242 καὶ
1724 3190 1834 3244 τῶν
1859 3208 2023 3264 στρα-

2132 3204 2215 3252 tes
2276 3197 2356 3252 sic
2423 3195 2706 3262 tractabis,
2760 3203 2818 3250 ut
2870 3195 2963 3265 qui
2993 3196 3128 3252 tales
3180 3197 3310 3258 sint,
3346 3197 3447 3250 hoc
3483 3197 3535 3250 in
3567 3206 3713 3251 statu

430 3277 642 3332 τιωτῶν
690 3279 839 3334 ἅπαν
884 3281 946 3334 τδ
989 3281 1196 3351 πλῆθος
1246 3281 1523 3346 τοιούτους
1567 3285 2009 3354 παρασκευάζειν

427 3367 698 3437 γίνεσθαι,
727 3371 811 3424 ἵνα
839 3372 890 3425 oi
935 3373 1186 3444 μένοντες
1211 3373 1317 3445 (60)
1345 3375 1437 3427 ἐπὶ
1465 3375 1559 3428 τοῦ
1585 3377 1750 3430 αὐτοῦ
1778 3375 2009 3430 τοιοῦτοι

433 3461 687 3531 μένωσιν.
727 3464 866 3527 Τοὺς
894 3464 949 3517 δὲ
977 3465 1054 3537 μὴ
1079 3466 1239 3529 ὄντας
1265 3467 1389 3520 ὅσον
1419 3466 1560 3537 ἔχεις
1590 3469 1871 3539 δυνάμεως
1918 3467 2010 3522 διὰ

431 3552 529 3622 τῆς
573 3553 671 3624 σῆς
706 3555 1026 3624 ἐπιμελείας
1066 3558 1160 3611 καὶ
1192 3558 1427 3628 σπουδῆς
1451 3559 1896 3630 γυμναζομένους
1931 3560 2008 3630 μὴ

2117 3296 2476 3362 permaneant
2509 3304 2524 3343 :
2555 3289 2647 3358 qui
2674 3303 2780 3342 non
2814 3289 2947 3351 sint,
2985 3288 3255 3341 industria
3304 3288 3595 3358 studiaque
3621 3297 3714 3344 tua

2117 3383 2358 3446 adducti,
2394 3380 2708 3451 huiusmodi
2737 3381 2967 3434 virtutes
2998 3395 3104 3433 non
3138 3380 3440 3450 negligant,
3481 3381 3576 3435 sed
3600 3382 3713 3435 sive

2116 3489 2302 3530 amore
2331 3475 2447 3529 sive
2479 3475 2676 3528 timore
2707 3472 2949 3542 impulsi,
2981 3474 3169 3541 patriae
3192 3482 3441 3530 amantes
3476 3481 3530 3528 et
3572 3489 3704 3543 pra:-

2126 3565 2291 3621 fectis
2325 3564 2646 3621 obedientes
2678 3565 2812 3620 sint.

429 3648 678 3718 Ἑμοιρεῖν
703 3651 800 3723 τῆς
827 3652 1082 3722 τοιαύτης
1115 3653 1336 3725 ἀρετῆς,
1378 3653 1493 3707 ἀλλ’
1525 3650 1663 3707 εἶναι
1690 3655 1887 3719 αὐτοὺς
1909 3655 2299 3730 φιλοπάτριδας
2345 3659 2438 3714 καὶ
2494 3659 2766 3722 εὐπειθεῖς
2819 3661 2930 3721 τοῖς
2990 3658 3248 3731 ἄρχουσιν
3299 3659 3330 3731 ἦ
3380 3660 3448 3713 δι’
3494 3659 3712 3734 ἀγάπην

429 3745 464 3814 ἢ
500 3744 586 3798 διὰ
619 3744 806 3812 φόϐον.

501 3833 586 3900 ιζ’.
623 3833 775 3889 Εἶναι
830 3836 886 3890 δέ
928 3837 1126 3902 αὐτοὺς
1175 3839 1270 3890 καὶ
1313 3839 1676 3911 καρτερικοὺς
1720 3841 1857 3910 πρὸς
1885 3845 2014 3906 τοὺς

429 3929 647 3991 πόνους,
698 3930 792 3983 καὶ
841 3929 1136 4000 ὑπομένειν
1191 3932 1318 3991 τοὺς
1367 3931 1507 4002 ὑπὲρ
1559 3931 1817 4002 πατρίδος
1858 3933 2018 3986 πολέ-

433 4037 587 4088 μους.

502 4112 592 4180 ιη’.
627 4115 738 4166 Και
788 4114 951 4178 αὐτὸς
998 4116 1158 4186 βουλῇ
1203 4116 1296 4168 καὶ
1353 4115 1657 4188 στρατηγίᾳ
1703 4116 1904 4186 μᾶλλον
1948 4118 2017 4171 τά

427 4203 598 4256 πολλὰ
617 4204 724 4256 τῶν
756 4205 1206 4275 σπουδαζομένων
1239 4224 1321 4259 σοι
1362 4207 1651 4277 κατόρθου,
1692 4207 1785 4260 καὶ
1810 4208 2013 4272 τάξεως

427 4293 689 4364 ἐπιμελοῦ
720 4297 835 4367 ἅμα
863 4297 940 4366 τῷ
971 4297 1076 4349 ὑπὸ
1105 4298 1162 4349 σὲ
1195 4296 1411 4367 στρατῷ
1441 4298 1533 4350 καὶ
1567 4298 1641 4369 μὴ
1664 4297 1895 4368 θράσους
1921 4302 2015 4354 καὶ

429 4387 780 4457 προπετείας.

501 4477 588 4534 ιθ’.
619 4481 731 4533 Καὶ
765 4480 1007 4546 ἐθίζεσθε
1038 4483 1238 4544 πάντες
1271 4482 1407 4552 ὁμοῦ
1445 4483 1494 4534 οἱ
1523 4483 1610 4536 διά
1643 4484 1878 4552 Χριστὸν
1924 4485 2015 4538 τὸν
2050 4493 2091 4547 ι)

427 4569 560 4622 Θεὸν
588 4570 744 4640 ἡμῶν
774 4571 869 4623 καὶ
897 4571 1038 4642 ὑπὲρ
1072 4571 1350 4640 συγγενῶν
1373 4572 1465 4624 καὶ
1495 4571 1664 4639 φίλων
1693 4572 1787 4625 καὶ
1819 4573 2017 4643 πατρί-

425 4661 515 4726 δος
548 4662 640 4716 καὶ
667 4663 760 4716 τοῦ
789 4664 912 4717 ὅλου
942 4664 1050 4718 τῶν
1072 4664 1414 4736 Χριστιανῶν
1455 4665 1644 4728 ἔθνους
1677 4666 2017 4736 ἀγωνιζόμε-

427 4771 507 4806 νοι
546 4755 784 4818 εὐκόλως
819 4757 1112 4826 ὑποφέρειν
1150 4759 1243 4811 καὶ
1273 4757 1432 4827 δίψης
1476 4757 1701 4827 ὄχλησιν
1727 4799 1740 4821 ,
1783 4760 1876 4812 καὶ
1922 4759 2016 4811 δα-

425 4845 604 4916 πάνης
656 4846 892 4911 ἔνδειαν,
953 4848 1048 4900 καὶ
1102 4847 1307 4919 ψύχους
1356 4847 1450 4900 καὶ
1493 4848 1774 4917 καύματος
1816 4851 2010 4917 ἐπιφο-

427 4937 550 5006 ρὰν,
589 4938 685 4991 καὶ
721 4939 855 5008 πρὸς
881 4939 949 4992 τὰ
979 4941 1344 5008 ἐμπίπτοντα,
1382 4939 1456 5002 ὡς
1495 4940 1666 5002 εἰκὸς,
1703 4939 1849 4992 δεινὰ
1883 4957 2008 5009 γεν-

423 5029 588 5094 ναίως
642 5031 1021 5101 ὲγκαρτερεῖν.
1078 5033 1236 5084 Ἔστι
1297 5031 1406 5102 γὰρ
1459 5031 1568 5085 τῶν
1625 5033 2008 5103 ἀποκειμένων

426 5122 634 5189 μισθῶν
668 5122 732 5175 ἐκ
772 5141 830 5176 τε
870 5124 1003 5177 Θεοῦ
1050 5123 1215 5176 αὐτοῦ
1264 5125 1356 5177 καὶ
1394 5125 1491 5193 τῆς
1543 5122 1603 5188 ἐξ
1633 5125 1798 5177 αὑτοῦ
1857 5125 2013 5195 βασι-

422 5213 571 5277 λείας
620 5213 715 5267 καὶ⁵
763 5216 920 5284 ἡμῶν
970 5216 1098 5285 παρ’
1151 5215 1305 5282 ὑμῶν
1345 5215 1610 5284 ἐργασίαο
1644 5215 1740 5268 καὶ
1771 5217 1877 5288 γάρ
1918 5219 2010 5271 καὶ

421 5307 584 5375 ἡμεῖς
621 5305 710 5359 διὰ
756 5307 853 5376 τῆς
886 5307 1026 5376 ὑπὲρ
1064 5306 1218 5376 ὑμῶν
1264 5307 1525 5375 ἐπιμόνου
1570 5307 1843 5378 μερίμνης
1880 5326 2008 5377 συγ-

423 5396 846 5466 κακοπαθοῦμεν
877 5399 1027 5469 ὑμῖν.

493 5486 560 5542 κ’.
595 5491 760 5544 Γενοῦ
806 5491 864 5544 δὲ
927 5493 1130 5558 ἱκανὸς,
1174 5494 1288 5560 εἴγε
1327 5493 1449 5546 τινὰ
1511 5493 1692 5563 συμϐῇ
1740 5495 1797 5545 ἐν
1829 5493 2008 5564 καιρῴ

418 5580 561 5652 λυπη
572 5583 660 5650 ρὰ,
681 5582 774 5636 ἐπὶ
804 5585 938 5638 πολὺ
960 5583 1134 5639 ταῦτα
1156 5585 1424 5656 κρύπτειν
1442 5585 1550 5638 ἀπὸ
1572 5585 1680 5637 τῶν
1702 5586 1998 5656 πολεμίων,

2187 3842 2275 3901 l7.
2328 3840 2452 3895 Sint
2506 3839 2754 3895 laborum
2808 3840 3099 3910 patientes,
3140 3849 3194 3896 et
3245 3842 3310 3895 ad
3345 3841 3546 3895 bellum
3599 3859 3699 3911 pro

2116 3936 2296 4007 patria
2331 3934 2746 4004 suscipiendum
2780 3934 2976 4003 parati.

2190 4112 2273 4166 l8.
2311 4111 2390 4164 Tn
2431 4126 2560 4165 vero
2602 4111 2718 4165 hoc
2755 4110 2942 4163 eodem
2975 4124 3096 4163 cum
3143 4110 3249 4165 illis
3293 4112 3478 4166 animo
3515 4112 3612 4176 sis,
3649 4123 3705 4167 et.

2121 4204 2406 4272 prudentia
2441 4201 2674 4272 quadarn
2715 4201 3088 4270 imperatoria,
3129 4219 3236 4258 non
3272 4205 3584 4259 temeritate
3615 4217 3708 4259 aut

2122 4296 2354 4350 audacia
2395 4311 2482 4350 res
2517 4303 2638 4349 tuas
2670 4294 3043 4360 administres,
3071 4304 3233 4365 atque
3265 4297 3437 4352 aciem
3472 4299 3706 4352 militum

2121 4389 2389 4443 instruas.

2193 4466 2281 4536 -l9.
2304 4481 2615 4534 Assueliant
2641 4495 2834 4535 omnes
2859 4479 2950 4550 qui
2977 4488 3197 4550 propter
3211 4479 3488 4536 Christum
3513 4480 3699 4534 .lesum

2117 4567 2409 4621 Dominum
2441 4576 2713 4629 nostrum,
2747 4575 2800 4620 cl.
2835 4577 3222 4636 cognatorum,
3257 4569 3584 4632 amicorum,
3618 4585 3709 4635 μμ-

2118 4663 2253 4723 ιιὶιυ,
2288 4667 2342 4715 et
2380 4661 2652 4714 universa:
2685 4659 3018 4715 Christiana:
3069 4661 3240 4729 plebis
3290 4661 3462 4730 gratia
3502 4662 3700 4713 bellum

2114 4754 2446 4822 suscipiunt,
2468 4751 2628 4806 facile
2675 4751 2797 4806 sitis
2821 4752 3230 4811 turbulentiatu,
3262 4749 3418 4805 famis
3446 4750 3704 4814 inediam,

2114 4846 2374 4915 frigorum
2423 4845 2775 4915 calonumque
2824 4845 3089 4914 appulsus
3139 4843 3394 4906 tolerare,
3426 4851 3478 4895 et
3512 4858 3705 4897 omne;

2112 4941 2557 5010 ingravescentes
2611 4954 2791 4992 rerum
2826 4936 3266 5006 perturbationes
3311 4951 3468 5006 inquo
3518 4937 3704 4988 animo

2112 5033 2385 5085 sustinere
2419 5047 2433 5095 ;
2472 5044 2710 5094 namque
2734 5036 2818 5082 est
2850 5027 3046 5080 horum
3091 5025 3338 5080 laborum
3372 5025 3703 5081 «(liciorum-

2109 5140 2215 5192 que
2243 5133 2549 5177 vestrorum
2583 5121 2820 5191 reposita
2844 5119 2986 5188 apud
3015 5118 3181 5173 Deum
3225 5135 3456 5182 merces,
3478 5127 3532 5172 et
3558 5118 3697 5186 apud

2108 5234 2210 5272 nos
2269 5232 2488 5287 quoque
2549 5213 2945 5270 remuneratio.
3005 5214 3331 5282 Quanquam
3386 5213 3547 5267 etiam
3601 5228 3700 5266 nos

2106 5311 2272 5365 vestri
2293 5325 2455 5363 causa
2480 5308 2700 5363 solliciti
2729 5323 2871 5376 sche
2899 5324 3108 5366 sumus,
3134 5319 3180 5361 et
3204 5308 3256 5360 in
3283 5306 3480 5360 vestris
3500 5319 3704 5357 rerum-

2109 5403 2192 5456 nis
2229 5401 2390 5456 simul
2425 5399 2741 5454 earumdem
2777 5399 3122 5452 miseriarum
3155 5397 3452 5467 participes
3485 5411 3697 5450 sumus.

2180 5494 2269 5546 ΞΟ.
2307 5493 2363 5546 Si
2416 5491 2622 5561 aliquid
2655 5491 2947 5545 adversum
2995 5491 3098 5544 hoc
3125 5501 3367 5559 tempore
3397 5489 3698 5557 contingat,

2116 5587 2187 5640 ita
2221 5594 2272 5640 te
2321 5601 2476 5655 para,
2515 5593 2574 5638 nt
2605 5583 2674 5639 ab
2725 5583 2972 5639 hostibus
3001 5585 3329 5647 occultetur,
3373 5591 3427 5636 ct
3452 5581 3503 5635 iu
3536 5581 3702 5635 rebus

1942 5747 2173 5806 ΝΟΤΔίί.

493 5863 606 5933 (59)
640 5864 994 5930 Σπουὸαἷος.
1031 5868 1404 5936 Scribebatttr,
1439 5869 1706 5936 πουδχίος.

2187 5869 2299 5939 (60)
2335 5871 2398 5921 Οἱ
2422 5865 2731 5936 μένοντες.
2766 5860 2979 5928 Scribe,
3013 5861 3060 5913 οἱ
3105 5859 3201 5931 μὲν
3231 5857 3406 5922 ὄντες.
