4090 6448
402 383 504 451 951

1680 380 1954 442 LEONIS
1985 376 2447 439 PHILOSOPHI
2550 418 2554 422 ι

3569 370 3672 431 952

404 501 619 556 alllictis
688 498 1181 555 circumstantibus
1233 495 1511 551 constanti
1551 494 1772 565 altoque
1800 496 1985 549 animo

2107 495 2179 548 tui
2212 491 2477 562 γενναίως
2527 486 2789 559 ἐμμένειν
2817 484 2911 537 xui
2942 484 3229 552 καρτερεῖν
3264 484 3321 533 ἐν
3356 482 3473 542 ταῖς
3516 496 3668 548 περμ

402 606 528 647 esse
558 589 813 653 videaris,
842 599 896 644 et
936 587 1271 643 contrarium
1322 588 1505 657 potius
1538 587 1909 653 demonstres,
1942 600 1995 643 te

407 681 633 734 hilarem
656 694 998 749 vacuumque
1033 694 1063 732 a
1086 693 1218 733 cura
1244 692 1389 733 esse.

476 771 563 824 21.
597 770 853 835 Qua-dam
885 770 1031 823 enim
1063 770 1335 833 nationes,
1362 768 1415 823 itt
1451 769 1652 837 quibus
1686 768 1863 823 Persa:
1888 768 1998 823 fne-

406 872 549 925 rant,
597 879 719 917 cum
756 863 1020 917 adversus
1065 864 1342 919 Romanos
1384 872 1717 934 pugnarent,
1742 871 1906 932 atque
1943 864 1995 915 itt

314 954 333 1019 ς’
405 953 624 1022 aliquod
654 954 954 1021 periculum
1010 954 1335 1017 inciderent,
1385 970 1451 1008 ne
1502 954 1735 1008 salutem
1778 952 1997 1022 quidem

317 1044 326 1097 ε
405 1057 567 1111 quam
593 1042 933 1111 exoptabant
964 1042 1068 1096 sibi
1094 1042 1226 1111 ipsis
1257 1058 1566 1111 proponere
1601 1043 1875 1105 volebant,
1905 1040 1997 1097 sed

403 1149 523 1187 eam
579 1134 646 1186 ah
704 1132 957 1187 hostibus
1018 1132 1356 1202 pmpositam
1410 1132 1798 1202 accipiebant:
1851 1140 2000 1185 tanta

407 1233 523 1278 erat
570 1223 626 1277 in
661 1223 769 1277 illis
801 1223 1069 1276 malorum
1102 1239 1165 1276 ac
1192 1225 1439 1293 gravium
1488 1240 1667 1278 rerum
1694 1224 2001 1294 perpessio.

473 1394 568 1448 92.
620 1391 694 1448 Ut
726 1409 855 1447 vero
903 1408 1025 1461 qure
1059 1399 1184 1446 ante
1229 1393 1607 1446 demonstrata
1659 1397 1786 1446 sunt
1815 1386 2003 1458 paucis

408 1492 748 1553 repetamus,
772 1484 1074 1537 exercitum
1109 1491 1261 1536 tuutu
1291 1483 1461 1534 armis
1486 1490 1635 1550 teges
1660 1480 1726 1533 ad
1770 1480 2005 1532 fortnam

411 1594 438 1629 ιι
481 1592 567 1629 me
604 1584 730 1628 ante
774 1575 1133 1643 descriptam.
1184 1573 1240 1627 In
1291 1572 1482 1642 primis
1531 1579 1711 1624 autem
1767 1568 2005 1621 arcubus

409 1666 737 1737 sagittisque
766 1667 1016 1735 plurimis
1054 1684 1067 1719 :
1101 1680 1297 1734 magna
1332 1666 1477 1719 enim
1506 1677 1659 1716 arma
1693 1671 1859 1731 atque
1891 1659 2005 1714 eili-

409 1760 563 1813 cacia
608 1768 738 1813 sunt
768 1760 1001 1825 sagittae,
1033 1766 1085 1811 et
1133 1758 1404 1827 praecipue
1439 1764 1633 1811 contra
1695 1753 2004 1808 Saracenos

410 1866 475 1906 ac
522 1849 764 1914 Turcas,
799 1850 1059 1920 qubMam
1120 1864 1246 1919 spes
1280 1848 1461 1904 omnis
1498 1844 1739 1901 victoriae
1778 1845 1999 1900 illorum

413 1945 466 1998 in
496 1944 710 2014 sagittis
736 1944 980 2013 ponitur.

482 2138 574 2192 25.
625 2135 840 2191 Etenim
876 2135 944 2189 ad
978 2133 1294 2205 sagittarios
1329 2132 1549 2188 illorum
1593 2130 1871 2188 feriendos
1901 2145 1997 2184 va-

414 2228 547 2295 lent,
586 2230 678 2299 qui
711 2227 990 2282 nudantur
1018 2241 1139 2281 cum
1180 2226 1409 2297 sagittas
1429 2224 1662 2295 jacittut.
1694 2223 1801 2278 Sed
1833 2221 1999 2278 etiam

414 2319 484 2373 ad
535 2334 707 2390 equos
745 2318 994 2387 equitum
1028 2316 1400 2372 vulnerandos
1444 2329 1775 2386 magnopere
1820 2312 2003 2368 valent

415 2413 631 2482 sagitta:
664 2425 694 2464 a
748 2409 954 2465 nostris
1000 2408 1315 2463 hominibus
1364 2407 1603 2471 emissae,
1660 2406 2005 2475 multumque

414 2503 603 2557 damni
660 2501 902 2556 inimicis
951 2500 1228 2564 inferunt,
1294 2499 1518 2567 optimis
1558 2497 1716 2567 equis
1743 2498 2004 2551 continua

418 2594 744 2664 sagittarum
774 2590 1118 2660 conjectione
1147 2590 1437 2643 trucidatis
1464 2606 1480 2653 ;
1504 2604 1611 2658 qua
1640 2605 1702 2642 ex
1738 2604 1795 2643 re
1824 2589 2004 2642 omnis

417 2687 821 2741 Saracenorum
881 2693 1237 2738 streuttorttm
1294 2680 1558 2735 alacritas
1600 2681 1655 2735 in
1702 2670 1847 2734 bello
1874 2694 2008 2734 con-

416 2775 580 2831 cidit.

486 2954 577 3008 34.
610 2951 729 3007 Non
773 2951 920 3007 enim
962 2950 1227 3005 servitute
1261 2958 1315 3003 et
1346 2946 1539 3001 militia
1572 2946 1706 3009 ulla,
1735 2945 1828 3001 sed
1866 2943 2002 2999 lucri

419 3055 472 3098 et
504 3041 776 3098 libertatis
801 3040 1121 3112 cupiditate,
1153 3038 1236 3093 vel
1277 3037 1457 3107 potius
1494 3036 1770 3107 predandi
1819 3035 2005 3090 studio

2097 587 2342 647 στάσεσι,
2397 583 2492 636 καὶ
2553 578 2759 641 ταύτας
2786 576 2865 639 είς
2903 574 2963 628 τὸ
3008 573 3250 627 ἐναντίον
3287 573 3676 626 ἀποδεικνύειν

2100 674 2299 745 μᾶλλον
2321 674 2487 743 ἤγουν
2510 673 2586 731 εἰς
2615 666 2880 736 εὐθυμίαν
2912 664 3004 716 xui
3036 662 3326 717 ἀπάθειαν.

2169 762 2275 818 κα’.
2307 758 2486 813 Ἦσαν
2528 758 2636 825 γάρ
2667 771 2787 806 τινα
2832 751 2939 804 τῶν
2973 750 3161 814 ἐθνῶν,
3198 745 3287 802 οἷα
3325 748 3392 802 τά
3430 748 3677 818 Περσικά

2100 856 2249 928 φῦλά
2278 870 2408 907 ποτε
2440 850 2573 920 πρὸς
2619 843 2924 915 Ῥωμαίους
2958 842 3263 912 μαχόμενα,
3302 839 3443 908 άπερ
3465 839 3592 891 ὅταν
3619 840 3679 891 ἐν

2100 952 2214 1012 τοῖς
2247 946 2437 1005 δεινοῖς
2470 941 2749 1000 ἐνέπιπτε,
2772 935 2907 1007 μηδὲ
2932 933 3030 1003 τὴν
3054 931 3328 1000 σωτηρίαν
3362 932 3427 999 ἣν
3448 928 3699 1000 ηῠχοντα

2102 1039 2312 1101 ἑαυτοῖς
2343 1031 2599 1103 γενέσθαι
2625 1026 2929 1097 προτείνειν
2957 1023 3178 1076 θέλοντα
3203 1060 3216 1083 ,
3254 1020 3386 1072 ἀλλὰ
3420 1021 3513 1073 xui.
3550 1020 3680 1071 ταύ-

2100 1150 2200 1202 την
2252 1126 2406 1198 παρὰ
2464 1123 2571 1177 τῶν
2624 1118 2835 1189 ἐχθρῶν
2901 1114 3080 1169 αὐτῶν
3148 1112 3526 1183 προτείνεσθαι
3585 1111 3679 1163 ἐκ-

2101 1227 2386 1297 δεχόμενα.
2438 1217 2705 1273 Τοσοῦτον
2756 1214 2815 1265 ἐν
2869 1211 3052 1273 αὐτοῖς
3095 1207 3267 1279 ἡτῶν
3301 1207 3490 1260 δεινῶν
3548 1222 3682 1272 καρο

2103 1334 2277 1371 τεοια.

2329 1403 2447 1454 ’Ὶνα
2488 1398 2546 1452 δὲ
2596 1396 2691 1451 xui
2724 1394 2886 1447 πάλιν
2923 1391 2991 1444 τά
3028 1388 3217 1461 πρώην
3269 1388 3381 1458 (61)
3416 1385 3684 1456 εἰρημένα

2110 1505 2352 1577 μετρίως
2372 1492 2941 1567 άνακεφαλαιώσωμέν
2971 1506 3075 1554 σοι,
3090 1481 3380 1545 καθόπλιζε
3404 1479 3494 1531 τὸν
3516 1493 3680 1577 στρα-

2106 1570 2197 1653 τὸν
2223 1570 2345 1659 ’ταῖς
2378 1595 2562 1653 ὅπλοις
2595 1587 2736 1643 κατὰ
2771 1588 2861 1638 τον
2886 1584 2986 1654 ἤδη
3021 1598 3103 1634 σοι
3131 1575 3468 1647 διορισθέντα
3491 1570 3677 1630 τύπον,

2108 1689 2202 1741 καὶ
2247 1686 2484 1757 μάλιστα
2525 1678 2795 1748 τοξαρίοις
2838 1674 2949 1744 (62)
2984 1672 3079 1724 καὶ
3130 1665 3412 1735 σαγίτταις
3452 1660 3681 1712 πλείοσι.

2109 1746 2267 1846 Μέγα
2307 1774 2415 1845 γὰρ
2471 1770 2633 1825 ὅπλον
2664 1746 2769 1819 xui.
2797 1762 3127 1835 δραστήριον
3154 1758 3187 1824 ἡ
3217 1752 3438 1846 τοξείιι,Δ
3462 1748 3556 1846 xui
3581 1746 3679 1846 μά-

2102 1838 2257 1923 λιστα
2318 1838 2461 1921 κατὰ
2519 1863 2627 1915 τῶν
2697 1852 3090 1928 Σαρακηνικῶν
3140 1846 3309 1900 ἐθνῶν
3359 1842 3452 1896 xui.
3511 1838 3690 1908 Τουρ-

2103 1982 2215 2017 κων
2243 1961 2380 2031 (65),
2420 1952 2501 2018 οἷς
2556 1954 2618 2007 τὸ
2646 1953 2752 2005 πάν
2790 1949 2893 2018 τῆς
2927 1946 3085 2014 νίκης
3116 1944 3174 1995 ἐν
3211 1938 3387 1992 ἐλπίδι
3424 1934 3521 2003 τῆς
3556 1931 3691 2002 παρ’

2101 2053 2282 2108 αὐτῶν
2315 2048 2529 2113 τοξείας
2562 2046 2760 2098 κεῖται.

2172 2140 2276 2211 κγ’.
2309 2139 2421 2193 Καὶ
2444 2138 2553 2206 γάρ
2582 2132 2723 2186 κατά
2746 2147 2806 2184 τε
2845 2126 3022 2181 αὐτῶν
3051 2122 3161 2175 τῶν
3198 2116 3431 2185 τοξοτῶν
3451 2131 3517 2182 γυ
3528 2128 3687 2211 μνου-

2106 2203 2279 2304 μένων
2311 2232 2367 2283 ἐν
2412 2203 2489 2297 τῷ
2524 2203 2746 2295 ’βάλλειν
2774 2220 2873 2290 τὴν
2927 2217 3211 2283 σαγῖτταν,
3247 2208 3382 2262 ἀλλά
3415 2207 3505 2261 καί
3542 2203 3681 2304 κατά

2101 2296 2210 2377 τῶν
2250 2321 2432 2374 ἵππων
2466 2296 2577 2371 τῶν
2632 2310 3035 2380 καϐαλλαρίων,
3084 2305 3227 2376 μέγα
3275 2300 3584 2371 ίσχὺσουσιν
3630 2296 3689 2350 ul

2102 2414 2253 2484 παρά
2287 2411 2381 2465 τοῦ
2437 2409 2706 2480 ἡμετέρου
2762 2399 2991 2474 στρατοῦ
3037 2392 3688 2484 βαλλόμεναιῌσαγῖτται,

2104 2477 2198 2558 xui.
2233 2502 2436 2570 πολλὴν
2459 2477 2580 2569 -τὴν
2612 2477 2817 2567 βλάϐην
2846 2494 2957 2553 τοῖς
2987 2488 3199 2558 ἐχθροῖς
3234 2479 3548 2550 παρέξουσι,
3580 2477 3694 2570 τῶν

2109 2594 2497 2664 πολυτιμήτων
2553 2590 2683 2659 παρ’
2720 2587 2900 2647 αὐτοῖς
2951 2584 3133 2634 ἵππων
3185 2576 3272 2630 διά
3300 2575 3400 2643 τῆς
3436 2569 3693 2641 συνεχοῦς

2105 2659 2321 2753 τοξείας
2369 2659 2803 2753 άφανιξομένων,
2870 2674 2964 2729 xui
3010 2669 3259 2725 ἐντεῦθεν
3310 2665 3404 2719 τοῦ
3454 2659 3692 2732 εὐψύχου

2104 2780 2213 2832 τῶν
2268 2778 2348 2841 είς
2400 2774 2664 2843 πολέμους
2695 2770 2899 2837 ἐξιέναι
2934 2759 3402 2837 προθυμουμένων
3441 2757 3696 2826 Σαρακη-

2105 2870 2211 2924 νῶν
2245 2871 2520 2923 άνακοπτο
2528 2863 2715 2935 μένου.

2178 2959 2281 3016 κδ’.
2333 2961 2408 3013 Οὐ
2438 2958 2546 3026 γὰρ
2587 2952 2798 3022 δουλεία
2838 2949 2932 3004 xui
2973 2944 3234 3016 στρατείᾳ
3273 2938 3698 3010 ἐκστρατεύουσι

2105 3052 2431 3126 Σαρακηνοὶ,
2478 3047 2615 3103 ἀλλὰ
2654 3042 2970 3115 φιλοκερδία
3015 3039 3215 3110 μᾶλλον
3254 3034 3349 3087 xui
3387 3028 3695 3099 ἐλευθερίᾳ,

419 3144 474 3191 et
521 3152 636 3191 suae
682 3136 924 3204 ipsorum
954 3132 1100 3195 ﬁdei,
1140 3139 1237 3184 aut
1269 3130 1607 3185 inﬁdelitatis
1660 3132 1845 3200 potius
1874 3130 2003 3184 reli-

2112 3150 2146 3220 ἢ
2178 3122 2238 3201 τὸ
2263 3144 2425 3198 πλέον
2456 3142 2629 3194 εἰπεῖν
2665 3136 2890 3209 λῃστείᾳ
2932 3132 3027 3186 xui.
3056 3130 3155 3200 τῆς
3203 3125 3412 3180 ἑαυτῶν
3441 3122 3703 3220 πίστεως,

422 3229 583 3297 ginne
611 3227 871 3297 quadam,
901 3240 1007 3295 qua
1041 3224 1109 3278 tle
1154 3238 1322 3278 causa
1364 3222 1507 3277 mala
1536 3223 1817 3292 patiuntur
1850 3238 1879 3274 a
1905 3237 2007 3276 no-

424 3318 537 3383 bis,
564 3329 619 3372 et
656 3316 824 3371 Deum
855 3322 1120 3386 putantur
1156 3314 1365 3369 hostem
1396 3314 1621 3382 habere,
1667 3322 1723 3369 et
1752 3312 2011 3369 oﬁ‘ensio-

427 3423 553 3464 nem
588 3406 846 3477 injectam
878 3419 987 3459 non
1024 3419 1188 3474 posse
1219 3403 1516 3459 sustinere.

495 3582 586 3636 25.
623 3580 856 3647 Quando
887 3578 955 3634 ad
989 3579 1194 3634 bellum
1223 3579 1503 3650 procedis,
1548 3586 1706 3634 extra
1740 3579 2012 3636 fossatum

426 3672 673 3737 ﬁrmum,
728 3685 797 3725 ne
850 3678 1032 3724 castra
1082 3684 1278 3740 ponas,
1326 3669 1371 3725 si
1400 3670 1484 3724 vel
1528 3670 1695 3738 intra,
1733 3671 1818 3726 vel
1848 3686 2015 3742 prope

427 3764 683 3820 hostilem
722 3771 926 3817 terram
980 3761 1175 3817 tueris.
1204 3761 1441 3828 Quando
1474 3777 1607 3816 vero
1655 3763 1860 3817 bellum
1900 3763 2013 3833 jam

429 3858 625 3919 instat,
653 3855 856 3910 fossam
892 3854 1137 3924 undique
1157 3854 1344 3909 ducito
1375 3853 1441 3908 ad
1478 3854 1603 3908 valli
1638 3855 1895 3919 formam,
1930 3871 2017 3909 re-

427 3950 691 4020 liquaque
728 3947 985 4018 praesidia
1017 3946 1202 4001 omnia
1230 3946 1513 4011 adhibeto,
1541 3957 1599 4001 ut
1628 3961 1695 4001 eo
1721 3947 2018 4017 confugere

429 4039 636 4111 possis,
662 4039 707 4094 si
745 4038 951 4105 aliquid
987 4035 1281 4093 adversum
1318 4038 1371 4092 in
1408 4039 1549 4093 bello
1587 4039 1768 4093 cadat.

499 4130 589 4186 26.
636 4129 1032 4184 Demonstrabo
1064 4131 1229 4184 etiam
1264 4130 1727 4200 quemadmodum
1769 4129 2019 4185 oratione

433 4230 649 4293 potero,
700 4220 945 4290 reliquas
1002 4222 1054 4274 in
1097 4220 1240 4276 bello
1280 4221 1523 4276 acierum
1568 4220 2017 4277 instruendarum

434 4314 666 4368 formas.

498 4404 591 4457 27.
628 4403 724 4458 Est
749 4402 997 4473 quasdam
1021 4403 1184 4456 etiam
1226 4402 1573 4477 acieilorma
1604 4403 1659 4458 in
1694 4413 1804 4460 tres
1832 4421 2019 4476 aequa-

2121 3214 2320 3312 μᾶλλον
2377 3234 2435 3288 δέ
2483 3234 2658 3286 εἰπεῖν
2716 3228 2972 3291 ἀπιστίας
3032 3227 3098 3296 τῇ
3147 3214 3702 3312 δεισιδαιμονίᾳζιξς

2119 3306 2356 3385 ἐνταῦθα
2413 3326 2555 3394 τάχα
2613 3322 2913 3391 πάσχοντες
2972 3318 3103 3386 παρ’
3162 3312 3341 3383 ἡμῶν,
3406 3308 3499 3363 xui.
3568 3306 3709 3359 Θεὸν

2114 3418 2378 3488 ἡγοῦνται
2425 3412 2681 3481 πολέμιον
2718 3408 2885 3479 ἐχειν,
2931 3404 3028 3459 xui.
3066 3403 3167 3474 τὴν
3216 3399 3420 3471 ζημίαν
3462 3396 3538 3467 μὴ
3569 3396 3703 3449 ὑπο-

2118 3513 2330 3583 φέρειν.

2186 3580 2282 3656 κε’.
2340 3598 2452 3652 Kui.
2489 3596 2616 3650 ὅταν
2664 3594 2764 3666 μὲν
2815 3590 2951 3663 πρὸς
3002 3589 3240 3659 πόλεμον
3277 3587 3529 3656 κινήσῃς,
3572 3580 3706 3635 ἄνευ

2118 3694 2385 3764 φοσσάτου
2420 3687 2496 3760 μὴ
2522 3685 2825 3757 άπλικεύῃς
2848 3681 3068 3754 ὀχυροῦ,
3106 3680 3341 3751 μάλιστα
3363 3679 3412 3729 εί
3437 3676 3529 3729 xui
3566 3672 3707 3741 πλη-

2119 3790 2232 3842 σίον
2262 3784 2466 3856 ἢέντὺς
2514 3782 2768 3850 ὑπάρχῃς
2818 3780 2917 3847 τῆς
2973 3773 3262 3843 πολεμίας,
3292 3772 3419 3824 ὅταν
3447 3767 3505 3820 δὲ
3568 3764 3708 3833 πρὸς

2116 3880 2208 3932 τὸν
2266 3876 2500 3945 πόλεμον
2550 3870 2800 3942 ἐγγίσῃς,
2865 3867 3080 3936 τάφρον
3132 3864 3316 3926 ποίει,
3377 3861 3471 3913 καὶ
3539 3856 3708 3925 ἄλλην

2119 3944 2416 4039 ἀσφάλειαν
2442 3964 2528 4017 διά
2565 3962 2808 4032 χάρακος
2838 3957 2913 4020 ὡς
2948 3956 3175 4010 δύνασαι
3212 3950 3461 4023 άκριῦῶς
3498 3947 3585 4001 διὰ
3608 3944 3710 4016 τὴν

2120 4066 2183 4117 ἐκ
2211 4057 2587 4130 περιστάσεως
2627 4055 2684 4106 ἐν
2712 4051 2890 4121 καιρῷ
2918 4049 3097 4120 μάχης
3123 4042 3472 4114 καταφυγήν.

2190 4150 2301 4216 κς’.
2367 4147 2665 4212 ’Υποδείξω
2720 4144 2777 4197 δέ
2817 4159 2900 4195 σοι
2939 4141 3133 4210 ἐτέρας
3170 4138 3266 4192 xui
3304 4138 3413 4190 τῶν
3459 4135 3518 4188 ἐν
3559 4130 3715 4204 μάχῃ

2121 4242 2481 4317 παρατάξεων
2510 4236 2771 4309 διαφορὰς
2805 4236 2880 4300 ὡς
2920 4236 2977 4288 ἐν
3002 4233 3230 4301 ὀλίγοις.

2192 4418 2297 4485 κζ’.
2333 4419 2489 4473 Ἔστι
2518 4419 2615 4489 μὲν
2645 4412 2754 4484 γάρ
2783 4428 2866 4474 τις
2903 4406 3207 4478 παράταξις
3237 4405 3413 4475 μάχης
3447 4402 3505 4455 ἐν
3532 4399 3711 4469 τρισὶν

428 4497 514 4576 les
556 4504 742 4567 partes
776 4495 831 4547 in
864 4493 1006 4547 bello
1038 4494 1238 4559 divisa,
1287 4494 1449 4562 cujus
1481 4510 1648 4564 supra
1688 4496 2005 4550 mentionen:

2123 4514 2257 4575 ίσοις
2309 4513 2499 4581 μέρεσι
2538 4506 2873 4579 τασσομένη,
2909 4496 2977 4574 ἧς
3010 4500 3104 4555 xui
3144 4500 3256 4553 άνω
3308 4513 3411 4549 που
3435 4491 3709 4563 ἐμνήσθη-

436 4586 565 4651 feci,
621 4587 882 4649 mediam,
940 4583 1190 4639 dextram
1255 4593 1310 4639 et
1366 4586 1675 4640 sinistram.
1728 4586 1785 4640 ltt
1842 4587 2019 4643 media

2122 4623 2245 4677 μεν,
2280 4605 2527 4658 τουτέστι
2592 4602 2767 4672 μέσῳ,
2799 4597 2898 4651 xui.
2934 4592 3119 4663 δεξιῷ,
3148 4591 3243 4645 xui
3273 4587 3570 4661 ἀριστερῷ.
3622 4584 3712 4637 Ἐν

439 4690 592 4750 parte
632 4680 795 4733 habet
847 4677 1405 4747 quadringentorum,
1454 4688 1549 4731 aut.
1591 4680 2005 4750 quingentorun

2119 4698 2177 4751 δὲ
2202 4696 2281 4768 τῷ
2323 4697 2475 4767 μέσῳ
2518 4694 2677 4765 μέρει
2708 4692 2821 4761 ἔχει
2850 4688 2980 4759 άχρι
3022 4682 3392 4755 τετρακοσίων
3439 4681 3472 4750 ἢ
3520 4694 3713 4731 πεντα-

436 4774 678 4826 virorum
710 4770 1139 4826 multitudinem.
1173 4770 1422 4829 Altitudo
1451 4770 1616 4839 hujus
1647 4773 1783 4825 aciei
1820 4773 2005 4827 nullan

2122 4788 2320 4843 κοσίων
2369 4785 2575 4857 ἀνδρῶν
2620 4782 2919 4835 ἐπιλέκτων
2958 4776 3099 4832 κατὰ
3162 4774 3510 4844 περίσσειαν,
3540 4770 3610 4822 τά
3654 4768 3711 4821 δὲ

438 4872 645 4918 certam
686 4878 1002 4918 mensuram
1050 4861 1239 4927 habet,
1294 4862 1388 4917 sed
1421 4862 1660 4931 equites,
1694 4878 2005 4935 unaquaqut

2128 4877 2263 4949 βάθη
2291 4879 2391 4947 τῆς
2417 4874 2673 4943 τοιαύτης
2715 4871 2920 4935 τάξεως
2947 4869 3045 4937 οὐχ
3077 4864 3370 4937 ὡρισμένῳ
3412 4866 3596 4932 μέτρῳ
3623 4860 3681 4925 γί
3700 4888 3713 4897 -

440 4956 495 5009 in
524 4955 751 5009 cohorte
792 4965 908 5010 tum
947 4956 1144 5026 prima,
1192 4964 1305 5010 tum
1343 4955 1584 5011 secunda
1619 4957 1673 5010 in
1706 4958 1823 5012 acie
1853 4959 1994 5013 collo

2126 4986 2298 5032 νεται,
2323 4968 2457 5021 άλλά
2489 4966 2686 5036 μᾶλλον
2712 4964 2760 5016 oi
2794 4960 3149 5028 καϐαλλάριοι
3178 4959 3233 5010 ἐν
3265 4955 3480 5022 ἑκάστῳ
3502 4952 3716 5019 τάγμα-

441 5054 661 5111 cantur,
690 5056 743 5101 ct
781 5048 919 5101 aciei
946 5048 1097 5102 frons
1140 5047 1369 5117 aequalis
1395 5048 1731 5117 densataque
1763 5056 1866 5102 est.
1917 5051 2000 5118 Ap

2124 5072 2177 5107 τι
2203 5055 2260 5106 ἐν
2291 5056 2354 5124 τῇ
2394 5052 2585 5125 πρώτῃ
2611 5050 2707 5104 xui
2733 5050 2963 5120 δευτέρᾳ
2989 5048 3141 5111 τάξει
3179 5045 3494 5107 τάσσονται,
3534 5040 3628 5093 καὶ
3656 5039 3716 5090 τὸ

442 5147 695 5205 paratum
727 5146 782 5193 et
839 5138 1051 5193 tuldum
1091 5153 1119 5192 a
1156 5147 1310 5210 tergo
1345 5140 1480 5194 aciei
1532 5140 1817 5194 instructae
1844 5140 2005 5194 habet

2131 5146 2383 5217 μέτωπον
2430 5145 2530 5213 τῆς
2564 5144 2768 5209 τάξεως
2810 5140 2924 5194 ἴσον
2972 5141 3068 5193 xui.
3117 5135 3547 5202 πεπυκνωμένον
3578 5130 3715 5185 ἐστί.

441 5228 595 5293 Quod
631 5229 676 5284 si
709 5237 952 5299 tempore
984 5230 1183 5299 praslii,
1230 5231 1324 5300 qui
1370 5231 1443 5284 ita
1491 5230 1664 5285 aciem
1698 5230 2005 5285 instructatt

2128 5238 2241 5310 Τὴν
2294 5237 2351 5291 δὲ
2394 5234 2741 5303 ἀποσκευὴν,
2787 5234 2882 5286 καὶ
2928 5232 2988 5285 τὸ
3033 5228 3276 5291 τοῦλδυν,
3316 5225 3538 5279 δπισθεν
3576 5222 3720 5275 κατὰ

442 5321 625 5388 habet,
677 5322 877 5376 habeat
922 5322 1191 5385 hastatos,
1227 5323 1282 5376 in
1320 5321 1636 5377 diﬁicilihus
1700 5322 2005 5392 aspet‘isqut

2133 5330 2304 5384 νώτου
2343 5332 2441 5397 τῆς
2480 5325 2839 5398 παρατάξεως
2879 5322 3011 5394 ἔχει,
3055 5322 3149 5375 xui
3180 5322 3274 5374 ἐάν
3304 5319 3362 5371 ἐν
3394 5315 3571 5387 καιρῷ
3613 5316 3721 5384 μάρ-

444 5415 580 5471 locis
602 5416 774 5469 aciem
806 5431 960 5471 suam
1005 5416 1265 5479 instruat,
1304 5430 1364 5468 ac
1396 5415 1698 5485 sagittariis
1733 5416 2005 5484 quampr

2135 5439 2236 5493 χης
2267 5424 2294 5473 ὁ
2326 5421 2496 5484 οὕτως
2528 5417 3013 5489 παρατασσόμενος
3051 5413 3149 5484 ἔχῃ
3191 5410 3488 5481 πολεμίους
3523 5422 3721 5459 κοντα-

444 5506 602 5565 rimis
634 5515 838 5573 utatur,
864 5516 921 5562 ut
943 5508 1187 5563 locorum
1222 5504 1540 5562 diﬁicultatc
1568 5506 1825 5578 dispersi,
1855 5506 1993 5564 dissi

2138 5515 2355 5585 ράτους,
2389 5516 2467 5577 είς
2495 5513 2775 5583 δυσχερεῖς
2811 5510 2906 5563 καὶ
2936 5509 3160 5579 τραχεῖς
3192 5505 3392 5567 τόπους
3417 5502 3515 5574 τὴν
3540 5500 3723 5573 παρά-

2019 5621 2255 5680 ΝΟΤᾹΞ.

673 5711 899 5794 gigante.
935 5711 1309 5794 Scribebatttr,
1342 5715 1558 5794 πρώκυ.
1612 5788 1619 5794 ι

2218 5723 2329 5794 (US)
2362 5722 2437 5778 Co
2462 5722 2541 5777 Ecx
2576 5720 2739 5775 Laur.
2770 5718 2929 5774 habet
2962 5716 3227 5787 κούρτων.

525 5775 637 5841 (673i
676 5775 996 5847 Τὲξαρίοις.
1029 5775 1404 5853 Scribt‘hatut',
1436 5788 1681 5859 τοξαρία.
