4090 6440
461 373 567 437 95‘3
1510 362 1850 425 TACTICA.
1886 386 1953 396 —
1989 360 2493 424 CONSTITUTIO
2530 364 2756 424 XVIII.
3633 367 3739 431 954

460 491 613 556 ταξιν
652 487 857 560 ὀφείλει
908 486 1152 549 τάσσειν,
1206 483 1298 538 καὶ
1355 482 1527 549 τόξοις
1580 480 1909 551 κεχρῆσθαι,
1966 480 2029 531 ἴνε

2161 479 2402 549 patique,
2446 494 2555 533 non
2598 478 2782 542 facile,
2831 485 2922 531 aut
2967 477 3137 532 libere
3183 476 3421 549 impetus
3458 478 3738 536 hastarum

460 585 528 653 τῇ
578 580 836 649 δυσκολίᾳ
885 576 996 630 τῶν
1050 576 1228 630 τόπων
1273 572 1684 643 διεσπασμένων
1723 571 1902 625 αὐτῶν
1953 572 2029 623 οὓς

2162 570 2345 624 valere
2384 570 2623 639 possint.

461 672 698 734 εὐλύτως
737 672 829 724 καὶ
854 668 1092 733 εὐκόλως
1122 670 1177 721 αἱ
1210 666 1381 738 ὁρμαὶ
1408 666 1531 734 ,τῶν
1568 664 1872 735 κονταρίων
1910 663 2053 716 κατὰ

461 763 642 818 αὐτῶν
670 763 951 831 γίνωνται.

529 852 637 924 κη’.
703 852 815 906 Καὶ
878 852 971 905 ἐὰν
1015 851 1117 922 ὁρᾷ
1156 852 1184 905 ὁ
1225 849 1551 921 στρατηγὸς,
1597 850 1680 903 ὅτι
1727 847 1863 919 πρδς
1897 848 2029 902 ἔθνος

2221 855 2315 911 28.
2342 854 2497 922 Quod
2527 855 2571 911 si
2620 854 2889 926 intelligat
2920 852 3211 909 adversum
3253 854 3529 909 nationem
3576 853 3738 909 belli-

459 947 573 1017 εχει
607 945 953 1016 θερμόψυχον
978 985 992 1009 ,
1033 943 1237 1012 ὀφείλει
1276 943 1335 995 ού
1371 943 1531 1011 μόνον
1576 939 1683 1010 πρὸ
1711 939 1808 1008 τῆς
1836 939 2029 1009 ἡμέρας

2150 962 2337 1002 cosam
2373 949 2900 1018 pugnandumesse,
2930 962 3038 1000 non
3068 947 3230 1000 tnodo
3264 956 3389 1001 ante
3432 947 3575 1001 diem
3607 947 3736 1001 belli

456 1037 556 1090 τοῦ
586 1036 826 1105 πολέμου
852 1035 950 1097 τὰς
993 1034 1314 1104 ὑπερθέσεις
1351 1034 1445 1087 καὶ
1485 1032 1751 1094 ἀναϐολάς
1776 1032 2022 1085 ποιεῖσθα

2148 1039 2382 1100 differat.
2408 1050 2462 1094 et
2493 1040 2705 1108 rejiciat
2731 1040 2978 1110 praelium
3007 1046 3272 1109 quantum
3303 1046 3502 1108 potest,
3540 1040 3583 1093 si
3612 1038 3736 1091 illos

457 1130 556 1196 τῆς
604 1128 803 1200 μάχης,
856 1126 951 1179 ἐὰν
999 1127 1233 1196 μάλιστα
1264 1125 1377 1195 γνῷ
1414 1127 1495 1179 ὅτι
1546 1124 1754 1195 ἕτοιμοί
1804 1129 1910 1180 είσι
1949 1129 2029 1181 κα¹

2149 1131 2201 1183 in
2239 1130 2383 1184 bello
2416 1130 2672 1185 fortiores
2720 1131 3165 1199 valentioresque
3195 1144 3255 1184 se
3286 1144 3409 1184 esse
3436 1137 3609 1199 putet,
3637 1130 3735 1185 sed

456 1210 742 1289 ἀξιόμαχοι
789 1221 836 1272 οἱ
871 1218 1104 1271 ἐναντίοι
1137 1218 1381 1289 δηλονότι
1422 1219 1479 1271 ἐν
1523 1218 1814 1286 δυσϐάτοις
1854 1222 2029 1285 τόποις

2144 1223 2308 1277 etiam
2341 1224 2397 1277 in
2455 1231 2573 1278 tuto
2607 1223 2875 1279 tlrmoaue
2907 1224 3027 1276 loco
3060 1236 3257 1277 secure
3285 1234 3465 1277 castra
3510 1231 3699 1292 ponat.

456 1311 673 1379 ἀφόϐως
714 1310 1048 1364 ἀπλικεύων.

525 1404 627 1456 κθ’.
680 1400 839 1453 Ἀλλὰ
880 1402 973 1453 καὶ
1006 1402 1125 1454 κατ’
1154 1400 1325 1472 αὐτὴν
1349 1400 1448 1471 τὴν
1475 1401 1689 1472 ἡμέραν
1727 1403 1827 1473 τῆς
1859 1403 2029 1475 μάχης

2212 1398 2304 1451 ‘29.
2364 1397 2489 1467 lpso
2535 1412 2754 1467 quoque
2791 1396 2881 1452 die
2924 1398 3070 1462 belli,
3101 1397 3145 1451 si
3193 1404 3357 1451 testas
3387 1397 3733 1466 potissimum

456 1492 513 1541 ἐν
540 1490 718 1561 καιρῷ
775 1490 1008 1561 μάλιστα
1069 1490 1260 1560 θέρους
1295 1493 1387 1542 καὶ
1411 1492 1538 1560 περὶ
1568 1492 1666 1562 τὴν
1696 1492 2029 1565 θερμοτέραν

2144 1490 2334 1552 fuerit,
2369 1491 2490 1560 ipso
2516 1491 2623 1544 diei
2676 1490 2889 1544 fervore
2922 1490 3127 1543 bellum
3171 1488 3415 1553 dill‘eras,
3444 1499 3499 1543 et
3531 1491 3582 1541 in
3614 1489 3734 1558 ipso

452 1581 602 1653 ὥραν
643 1582 742 1651 τῆς
800 1581 977 1652 δείλης
1024 1583 1147 1634 τότε
1186 1582 1285 1644 τὰς
1329 1584 1604 1652 συμϐολάς
1654 1584 1897 1649 ποιείτω,
1950 1586 2029 1638 ἵνα

2139 1597 2379 1650 vesperae
2412 1582 2591 1636 calore
2620 1596 2745 1633 cum
2779 1581 2874 1634 illo
2920 1579 3209 1650 confligas,
3260 1588 3319 1633 ut
3359 1580 3494 1634 solis
3535 1580 3735 1636 ardore

450 1676 515 1743 τῇ
556 1672 650 1725 τοῦ
698 1672 847 1743 ἡλίου
886 1673 1034 1738 ζέσει
1070 1674 1163 1726 καί
1213 1672 1292 1744 τῷ
1337 1673 1429 1726 τοῦ
1457 1674 1648 1744 καιροῦ
1690 1677 2029 1746 παρασυρμῷ

2136 1681 2189 1725 et
2217 1673 2483 1741 temporis
2517 1672 2693 1742 ipsius
2723 1678 2862 1725 aestu
2891 1669 3123 1724 audacia
3156 1668 3474 1740 ferociaque
3510 1671 3731 1725 illorum

450 1765 512 1817 τὸ
570 1763 741 1834 θρασὺ
783 1765 874 1817 καὶ
918 1762 1166 1834 θυμῶδες
1207 1764 1314 1817 τῶν
1368 1765 1834 1836 ἀντιταττομένων
1882 1766 2033 1837 αὐτῷ

452 1855 748 1925 παύσηται.

520 1946 582 2002 λ’.
625 1948 841 2017 Ταύτην
872 1946 927 1999 δὲ
962 1948 1060 2019 τὴν
1089 1945 1241 2011 τάξιν
1264 1947 1332 2019 ἣν
1371 1947 1854 2019 προδιεγράψαμεν
1880 1951 2030 2005 ἀντι-

448 2040 703 2093 τάττεται
733 2040 1004 2111 άρμοδίως
1028 2037 1228 2111 πεζικὴ
1253 2038 1402 2103 τάξις
1426 2040 1702 2109 ἐπιμελῶς
1738 2059 2030 2111 συντεταγ-

453 2130 610 2198 μένη,
662 2129 755 2181 καὶ
802 2128 968 2191 τόπος
1014 2127 1218 2198 ὁμαλὸς
1269 2128 1364 2180 καὶ
1421 2129 1627 2199 γυμνὸς
1659 2129 1746 2183 διὰ
1784 2133 1882 2196 τὰς
1924 2132 2032 2186 τῶν

450 2219 750 2291 κονταρίων
800 2218 998 2289 ὁρμάς,
1048 2219 1143 2271 καὶ
1201 2218 1234 2289 ἢ
1282 2218 1425 2271 κατὰ
1469 2222 1627 2290 χεῖρα
1678 2225 1772 2273 κοιλ¹
1820 2223 2032 2292 ταχέως

452 2311 739 2381 συμπλοκὴ
789 2313 959 2381 χωρὶς
997 2310 1285 2383 ἀναϐολῆς,
1334 2311 1423 2365 διὰ
1458 2313 1517 2364 τὸ
1550 2314 1806 2384 ἀχρείους
1863 2316 2032 2383 ἐγγὺς

446 2402 545 2463 τὰς
578 2400 733 2470 βολὰς
767 2400 875 2456 τῶν
917 2401 1185 2468 σαγιττῶν
1205 2400 1471 2470 γίνεσθαι,
1504 2404 1600 2457 καὶ
1634 2406 1707 2474 μὴ
1733 2405 1878 2475 ἔχειν
1905 2409 2032 2471 τοὺς

447 2493 668 2559 τοξότας
708 2492 969 2561 κοντάρια
1009 2493 1357 2564 ήσκυτάρια.

519 2583 622 2641 λα’.
666 2584 791 2638 Ἐὰν
828 2585 885 2638 δὲ
923 2586 981 2638 ἐν
1004 2589 1069 2655 τῇ
1104 2586 1391 2659 συμπλοκῇ
1424 2589 1520 2658 τῆς
1550 2587 1730 2659 μάχης
1762 2590 1856 2641 καὶ
1886 2588 2033 2659 ὣθη-

449 2694 537 2741 σις
574 2678 707 2747 πρὸς
745 2678 941 2741 αὐτοὺς
986 2678 1231 2749 γένηται,
1266 2680 1359 2732 καὶ
1383 2680 1515 2751 πρὸς
1556 2680 1820 2750 σύντομον
1855 2683 2034 2750 φυγὴν

447 2770 771 2839 ὁρμήσουσι,
808 2768 1169 2840 βλαϐήσονται
1208 2770 1442 2839 μεγάλα,
1478 2772 1571 2825 ἐὰν
1608 2773 1683 2841 μὴ
1719 2772 2032 2839 γινώσκωσι

446 2862 550 2923 τὰς
578 2860 874 2930 αἰφνιδίους
923 2861 1270 2933 ὑποστροφὰς
1298 2864 1439 2915 κατὰ
1497 2863 1606 2915 τῶν
1646 2865 2031 2935 ἐπερχομένων

448 2956 651 3018 αὐτοῖς.

528 3068 627 3138 λβ’.
675 3067 838 3122 Ἀλλά
866 3070 957 3121 καὶ
988 3066 1305 3130 ὲπελεύσεις
1333 3065 1429 3119 καλ⁵
1460 3065 1764 3129 κυκλώσεις
1793 3066 1882 3121 διὰ
1920 3068 2029 3119 τῶν

446 3160 875 3233 ὕπερκεραστῶν
904 3160 1045 3213 κατὰ
1078 3160 1186 3212 τῶν
1215 3159 1461 3227 πλαγίων
1488 3159 1582 3211 καὶ
1614 3158 1706 3211 τοῦ
1729 3158 1901 3213 νώτου
1931 3162 2029 3230 τῆς

2136 1764 2489 1834 reprimatur.

2207 1944 2297 1999 50.
2332 1942 2471 1997 Huic
2506 1941 2715 2005 lorum,
2747 1957 2910 2013 quam
2951 1958 3119 2013 supra
3155 1941 3575 2013 descripsimus,
3629 1956 3732 2013 op-

2140 2037 2365 2106 ponitur
2395 2033 2667 2105 pedestris
2704 2035 2854 2089 acies
2880 2034 3172 2105 diligenter
3196 2033 3486 2099 instructa,
3508 2042 3560 2088 et
3580 2035 3733 2088 locus

2133 2128 2442 2199 aequabilis,
2480 2136 2645 2196 atque
2680 2128 2988 2197 expositus,
3022 2134 3249 2197 propter
3288 2127 3566 2181 hastarum
3635 2127 3734 2180 im-

2135 2232 2345 2292 petum,
2398 2228 2452 2275 et
2500 2219 2971 2275 conflictationem
3023 2220 3307 2283 cominus,
3366 2230 3420 2273 et
3461 2220 3733 2275 consertis

2135 2313 2389 2367 manibus
2428 2312 2695 2375 habitam,
2719 2320 2774 2367 et
2812 2311 2935 2367 sine
2967 2312 3075 2365 ulla
3136 2311 3570 2376 intermissione,
3601 2311 3731 2381 quia

2135 2404 2362 2459 inutiles
2394 2404 2644 2458 cominus
2683 2403 3066 2471 coniectiones
3108 2401 3378 2474 sagittarii
3428 2418 3607 2472 neque
3636 2403 3733 2455 ha-

2136 2504 2271 2555 stas,
2308 2510 2486 2562 neque
2521 2501 2679 2548 scuta
2713 2493 2938 2547 habent.

2207 2586 2295 2639 51.
2328 2584 2383 2638 Si
2404 2584 2458 2637 in
2494 2584 2687 2656 praalio
2717 2584 3024 2639 commisso
3051 2582 3302 2651 depulsio
3337 2583 3732 2656 depressioque

2139 2672 2251 2737 flat,
2288 2682 2345 2727 et
2380 2673 2434 2726 in
2473 2674 2656 2743 fugam
2689 2682 3120 2738 convertantur,
3181 2688 3517 2745 magnopere
3556 2690 3623 2729 ex
3664 2691 3731 2729 eo

2138 2766 2427 2831 ladentur,
2481 2767 2585 2821 nisi
2630 2766 2828 2821 subita:
2858 2766 3282 2821 conversionem
3332 2774 3387 2821 ct
3422 2766 3732 2823 invasionis

2138 2858 2334 2913 iterum
2393 2858 2445 2910 in
2499 2857 2689 2912 hostes
2746 2857 3080 2914 repellentes
3124 2857 3419 2912 artiﬁcium
3470 2858 3520 2911 h.
3544 2858 3730 2913 beant.

2210 3062 2300 3118 52.
2344 3061 2697 3118 Incursiones
2739 3070 2945 3127 autem,
2992 3072 3044 3118 et
3092 3063 3595 3118 circumventiones
3635 3080 3732 3133 per

2138 3154 2458 3210 cornislites
2504 3169 2534 3208 a
2570 3156 2856 3220 lateribus,
2898 3164 3064 3226 atque
3095 3170 3125 3210 a
3174 3164 3329 3227 tergo
3380 3156 3537 3211 facta:
3572 3158 3732 3212 valde

449 3254 808 3324 παρατάξεως
865 3254 1043 3307 αὐτῶν
1073 3253 1353 3323 γινόμεναι
1384 3252 1645 3323 βλάψουσι
1686 3253 1753 3305 τά
1808 3253 2029 3321 μέγιστα

2140 3263 2234 3302 eos
2268 3248 2485 3313 Izedent,
2514 3248 2622 3304 nisi
2656 3248 2710 3302 in
2748 3248 2867 3302 acie
2885 3248 3164 3303 lateranos
3191 3248 3443 3317 egregios
3466 3248 3729 3317 habeant,

450 3344 669 3405 αὐτοὺς,
754 3344 801 3394 εἰ
882 3342 957 3412 μὴ
1030 3343 1140 3413 ἄρα
1206 3343 1404 3413 ἔχωσιν
1468 3343 1526 3395 ὲν
1592 3345 1658 3412 τῇ
1730 3341 2035 3412 παρατάξει

449 3435 894 3504 πλαγιοφύλακας
923 3432 1104 3499 ἀξίους
1146 3434 1359 3506 μεγάλῃ
1400 3434 1683 3487 ὲπελεύσει
1733 3434 2033 3489 ἀντικατα-

451 3528 660 3597 στῆναι.

518 3635 619 3705 λγ’.
651 3635 750 3689 Διὰ
772 3637 928 3690 τοῦτο
961 3633 1073 3701 οὖν,
1110 3637 1185 3699 ὼς
1218 3636 1457 3706 εἴρηται,
1484 3634 1591 3708 χρὴ
1617 3636 1674 3688 ὲν
1704 3638 1823 3698 ταῖς
1847 3634 2032 3688 τοιαύ-

449 3746 571 3793 ταις
612 3730 811 3799 μάχαις
857 3729 951 3781 καὶ
993 3728 1337 3799 παρατάξεσι
1395 3728 1593 3789 τόπους
1646 3727 1883 3796 ὁμαλοὺς
1938 3727 2033 3778 καὶ

448 3822 842 3891 ἀνακειμένους
873 3821 966 3874 καὶ
997 3820 1146 3882 ἴσους
1172 3818 1524 3887 ἐπιλέγεσθαι
1556 3819 1631 3891 μὴ
1656 3820 1880 3889 ἔχοντας
1906 3818 2030 3869 τέλ-

452 3932 599 3984 ματα
631 3915 664 3986 ἣ
692 3914 981 3985 ὀρύγματα
1017 3912 1049 3983 ἦ
1091 3911 1352 3982 θάμνους,
1403 3913 1488 3965 ἵνα
1520 3912 1597 3983 μὴ
1641 3912 1936 3965 διασπᾶται
1996 3913 2030 3983 ή

448 4006 566 4070 τάξι
580 4023 620 4068 ς.

518 4118 612 4174 λδ’.
658 4119 1119 4189 Ἐμπαρασκεύου
1159 4117 1216 4170 δὲ
1251 4117 1344 4171 καὶ
1367 4115 1587 4187 ἑτοίμου
1609 4118 1761 4181 ὄντος
1800 4118 1893 4171 καὶ
1926 4134 2032 4170 παο

450 4208 855 4279 ρατεταγμένου
908 4207 1001 4261 τοῦ
1046 4207 1312 4279 στρατοῦ,
1353 4208 1429 4279 μὴ
1495 4208 1883 4279 ὑπερτίθεσθαι
1932 4209 2031 4280 τὴν

452 4318 515 4355 συ
524 4298 751 4371 μϐολήν.

517 4502 611 4557 λε’.
657 4502 783 4556 Ἐὰν
812 4503 922 4572 ἄρα
948 4502 1041 4555 καὶ
1072 4501 1220 4574 δόξῃ“
1251 4504 1434 4573 μάχην
1485 4502 1831 4575 συγκροῦσαι
1859 4504 2029 4575 δημο-

450 4593 581 4657 σίως
608 4594 749 4648 κατά
787 4593 886 4665 τὴν
941 4593 1159 4665 ἡμέραν
1207 4594 1304 4648 τοῦ
1340 4595 1584 4665 πολέμου
1610 4612 1623 4625 ·
1670 4597 1767 4659 τὰς
1796 4596 1852 4649 δὲ
1886 4615 2026 4667 συμ-

448 4683 610 4746 ϐολὰς
638 4684 755 4755 ἦτοι
786 4683 1184 4754 προσκρούσεις
1209 4686 1266 4737 ἐν
1300 4685 1422 4747 ταῖς
1450 4685 1652 4754 μάχαις
1683 4686 1817 4756 πρὸς
1839 4685 1897 4738 τὸ
1931 4687 2028 4755 μέ·

447 4789 578 4842 τρον
604 4772 704 4841 τῆς
743 4774 1031 4838 σαγὶττας,
1074 4774 1195 4838 ίσας
1229 4774 1325 4827 καὶ
1346 4775 1554 4838 πυκνὰς
1578 4778 1719 4830 κατὰ
1746 4775 1903 4843 λόγον
1934 4776 2029 4830 καὶ

450 4860 746 4930 συντόμους
776 4860 856 4912 δεῖ
911 4862 1205 4925 ποιεῖσθαι,
1243 4861 1331 4914 ἵνα
1367 4863 1443 4933 μὴ
1482 4866 1548 4935 τῇ
1601 4862 1897 4934 βραδύτητι
1930 4867 2029 4934 τῆς

2137 3341 2231 3411 qui
2263 3356 2515 3412 magnam
2554 3340 2926 3396 incursionem
2964 3340 3230 3411 repellere
3262 3350 3517 3410 possunt.

2204 3626 2293 3681 55.
2337 3625 2515 3696 Atque
2548 3624 2691 3691 ideo,
2722 3622 3186 3695 quemadmodum
3217 3622 3481 3689 diximus,
3519 3624 3573 3678 in
3604 3624 3731 3678 tali-

2134 3719 2235 3773 bus
2269 3719 2474 3788 prmliis
2521 3728 2573 3772 et
2605 3718 2836 3772 aciebus
2868 3716 3233 3781 instruendis,
3260 3717 3380 3771 loca
3411 3717 3726 3788 mquabilia,

2131 3816 2382 3883 exposita
2436 3823 2489 3869 et
2526 3815 2683 3883 plana
2720 3813 2969 3883 eligenda
3005 3822 3156 3877 sunt,
3193 3828 3315 3883 qua:
3349 3827 3528 3883 neque
3562 3812 3729 3866 arbua

2132 3916 2217 3963 sta
2248 3908 2508 3973 habeant,
2544 3916 2601 3961 ut
2633 3922 2700 3961 ne
2734 3906 2882 3961 acies
2916 3906 3241 3975 dissipetur.

2203 4110 2293 4164 54.
2338 4108 2533 4164 Parato
2557 4109 2668 4179 jam
2702 4107 3085 4178 instructoque
3114 4107 3379 4170 exercitu,
3408 4115 3461 4161 et
3491 4107 3557 4160 ad
3587 4121 3727 4176 prte-

2133 4202 2374 4257 liandum
2420 4202 2476 4255 in
2510 4200 2598 4254 die
2638 4200 2763 4255 belli
2809 4214 3103 4263 converso,
3147 4213 3215 4253 ne
3258 4196 3723 4253 conﬂictationem

2134 4296 2306 4365 ipsam
2341 4293 2585 4357 differas,
2619 4292 2665 4347 si
2704 4292 2802 4347 tibi
2834 4292 3120 4347 decretum
3150 4299 3234 4346 est
3262 4306 3328 4345 eo
3359 4291 3448 4345 die
3479 4291 3725 4361 praelium

2133 4385 2493 4441 Committere.

2208 4502 2300 4556 55.
2341 4498 2793 4555 Cortﬂictationes
2825 4500 3004 4570 ipsas,
3036 4502 3122 4557 vel
3163 4516 3459 4573 processus
3490 4498 3556 4554 ad
3590 4513 3725 4552 con-

2135 4593 2452 4664 ﬂigendum,
2482 4607 2577 4662 pro
2606 4593 2820 4647 ratione
2850 4595 3175 4665 sagittarum
3206 4593 3467 4663 aequales,
3522 4590 3726 4643 densas

2134 4695 2187 4741 et
2218 4685 2427 4740 celeres
2477 4684 2657 4737 facere
2705 4691 2946 4753 Oportet,
2990 4692 3052 4737 ut
3100 4697 3168 4737 ne
3219 4682 3479 4735 tarditate
3530 4694 3723 4749 procc-

2135 4776 2325 4841 dendi,
2357 4775 2634 4829 continua:
2679 4782 2733 4829 et
2768 4776 2953 4845 plures
2985 4774 3311 4844 sagittarum
3345 4770 3726 4841 conjectiones

2137 4875 2251 4922 tum
2282 4866 2485 4921 milites
2515 4874 2629 4920 tum
2660 4880 2833 4934 equos
2866 4864 3043 4933 magis
3074 4863 3389 4918 vulnerent.

448 4954 771 5023 συμπλοκῆς
804 4955 894 5008 διὰ
922 4956 1018 5025 τῆς
1068 4955 1323 5025 συνεχοῦς
1364 4957 1573 5023 τοξείας
1621 4956 1730 5011 τῶν
1764 4958 2021 5012 ἐναντίων
2048 4958 2271 5014 πλείονα
2301 4960 2370 5013 τὰ
2402 4959 2530 5029 βέλη
2562 4960 2657 5012 καὶ
2682 4961 2793 5020 τοῖς
2828 4956 3215 5026 στρατιώταις,
3276 4957 3371 5009 καὶ
3451 4958 3565 5020 τοῖς
3634 4956 3726 5008 ἴπο

450 5061 573 5107 ποις
602 5045 939 5115 ἐμπέσωσιν.

519 5135 627 5201 λς’.
671 5137 795 5190 Ἐάν
825 5138 882 5191 δέ
917 5155 1000 5201 τις
1023 5138 1239 5208 ἀνάγκη
1275 5138 1524 5208 γένηται,
1557 5138 1643 5191 ἵνα
1678 5142 1735 5193 ὲν
1763 5140 2024 5212 δυσχερε-

452 5230 629 5301 στὲρῳ
649 5228 800 5298 τόπῳ
827 5230 861 5297 ἠ
893 5228 1039 5298 μάχη
1068 5229 1313 5296 γένηται,
1338 5228 1501 5281 καλόν
1539 5230 1655 5281 ἐστι
1680 5229 1805 5292 τοὺς
1839 5231 1937 5300 μὲν
1966 5233 2024 5284 ὲν

454 5320 650 5392 πεζικῇ
678 5322 831 5388 τάξει
884 5320 1247 5390 καταστῆσαι,
1303 5322 1427 5383 τοὺς
1449 5322 1506 5374 δὲ
1536 5322 1629 5374 ἐπὶ
1666 5322 1776 5374 τῶν
1818 5324 2020 5389 ἵππων,

448 5414 543 5467 καὶ
577 5414 653 5485 μὴ
676 5414 773 5485 τὴν
804 5415 984 5467 πᾶσαν
1009 5412 1314 5483 παράταξιν
1338 5414 1396 5466 ἐν
1422 5412 1685 5476 τοιούτοις
1711 5415 2022 5482 ἀνωμάλοις

445 5507 629 5569 τόποις
663 5504 1061 5576 καϐαλλαρίους
1094 5506 1255 5575 μόνον
1309 5505 1566 5559 ποιοῦντα
1619 5507 2018 5575 παρατάσσειν.

516 5596 616 5661 λζ’.
646 5598 710 5653 At
745 5599 853 5668 γὰρ
879 5597 986 5651 τῶν
1012 5598 1356 5667 κονταράτων
1379 5598 1722 5668 ὲγχειρήσεις
1746 5598 1887 5651 κατὰ
1912 5600 2022 5653 τών

446 5692 701 5755 τοξοτῶν,
729 5690 803 5752 ὡς
836 5690 1085 5759 εἴπομεν,
1128 5689 1222 5743 ἐὰν
1270 5693 1343 5760 μὴ
1372 5691 1475 5742 ἶσοι
1516 5692 1608 5743 καὶ
1655 5690 2018 5745 ἁδιάσπαστοι

446 5776 598 5841 ὦσιν,
639 5780 841 5837 βλάϐην
874 5780 1074 5851 πολλὴν
1119 5782 1183 5835 ὲκ
1228 5779 1335 5836 τῶν
1366 5780 1636 5849 σαγιττῶν
1672 5781 2017 5852 ὑφίστανται,

2206 5139 2295 5195 56.
2340 5138 2437 5194 Sin
2482 5138 2663 5208 aliqua
2711 5138 3013 5192 necessitas
3061 5144 3269 5206 urgeat,
3311 5144 3371 5189 ut
3416 5134 3727 5192 difﬁciliore

2130 5233 2186 5288 in
2224 5234 2345 5287 loco
2390 5232 2635 5301 praelium
2678 5230 3082 5294 committatur,
3127 5229 3276 5284 haud
3319 5232 3419 5284 abs
3462 5236 3514 5283 te
3557 5227 3723 5282 fuerit

2129 5325 2397 5395 quosdam
2444 5324 2683 5393 pedestri
2732 5323 2787 5377 in
2838 5324 2957 5378 acie
3000 5323 3297 5387 collocare,
3340 5320 3609 5391 quosdam
3656 5337 3721 5376 ex

2128 5416 2316 5485 equis,
2346 5427 2405 5468 ut
2435 5430 2503 5469 ne
2534 5430 2728 5470 omnes
2758 5429 2882 5468 cum
2914 5414 3226 5484 equitibus,
3257 5414 3311 5468 in
3344 5412 3446 5467 hac
3476 5413 3723 5467 locorum

2134 5509 2505 5578 inaequalitate
2537 5509 2961 5564 admisceamus.

2201 5600 2290 5654 5⁵1.
2333 5599 2622 5654 [laetarum
2676 5613 2856 5655 autem
2900 5600 3167 5655 adversus
3218 5598 3449 5669 sagittas
3498 5596 3726 5651 dimica-

2134 5691 2310 5747 tiones
2331 5732 2345 5755 ,
2373 5692 2417 5747 si
2451 5691 2741 5762 inaequalia
2768 5700 3151 5763 praeruptaque
3180 5694 3301 5747 loca
3336 5690 3577 5755 fuerint,
3603 5704 3724 5742 ma—

2132 5799 2267 5855 gnas
2303 5784 2637 5844 ollensiones
2673 5786 2726 5842 iu
2763 5786 2906 5844 bello
2937 5786 3252 5858 accipiunt,
3285 5795 3451 5857 atque
3484 5782 3552 5839 ad
3584 5798 3722 5840 con-
