4090 6444
399 381 505 444 (‘35

405 417 488 444 διε,

405 417 428 441 ᾖ)
441 418 488 445 th;

1627 369 1821 429 LEON
1835 368 1902 427 IS
1957 367 2054 425 PH
2064 366 2086 423 Ι
2097 361 2413 423 LOSOPHI

3550 350 3652 414 95.6

396 470 689 539 lligendum
745 469 1077 539 impediunt;
1151 467 1331 534 itaque
1381 463 1559 534 planis
1599 458 1975 530 expositisque

2082 454 2174 507 καὶ
2212 452 2347 522 πρὸς
2379 451 2480 520 τὴν
2512 448 2785 519 συμϐολὴν
2809 446 3231 508 ἀνακόπτονται,
3263 443 3344 496 διδ
3377 443 3471 496 καὶ
3519 443 3654 508 ὁμα-

397 565 536 620 locis
569 563 768 619 hastati
801 563 866 616 ad
903 558 1274 615 dimicandum
1302 566 1482 630 egent.

468 746 558 799 58.
601 743 696 796 Sin
723 757 780 795 se
807 743 872 793 ad
901 740 1209 793 bellandum
1238 751 1361 792 cum
1389 734 1640 789 hostibus
1667 732 1846 787 minus
1876 731 1971 785 ha-

372 839 555 896 ,bilem
585 852 705 891 esse
739 834 1034 903 imperator
1063 830 1408 892 intellexerit,
1434 842 1540 881 non
1574 825 1808 896 publicis
1839 838 1972 894 pra:-

395 929 484 981 liis
525 941 646 980 cum
691 940 755 978 eo
798 921 1123 983 conﬂictari,
1164 922 1260 976 sed
1302 917 1734 981 incursionibus,
1770 923 1823 968 et
1869 915 1972 966 im-

397 1017 774 1087 pressionibus
820 1030 919 1068 nec
952 1013 1226 1082 Opinatis,
1267 1021 1320 1067 et
1362 1011 1606 1064 locorum
1652 1004 1973 1077 opportuni-

398 1117 510 1162 tate
542 1106 607 1160 ad
644 1106 877 1160 furtivas
917 1103 1183 1166 insidias,
1217 1109 1271 1156 et
1318 1102 1698 1170 aggressiones
1734 1095 1972 1150 hostium

400 1208 618 1264 utatur;
650 1213 826 1266 neque
855 1211 1022 1250 causa
1053 1210 1151 1249 cur
1181 1193 1379 1248 bellum
1411 1189 1693 1245 differatur
1722 1188 1805 1243 vel
1836 1187 1973 1246 suis,

395 1293 479 1344 vel
513 1291 764 1344 hostibus
797 1287 1041 1358 pateﬁat,
1073 1293 1130 1339 ut
1160 1301 1228 1340 ne
1257 1300 1322 1339 ex
1353 1299 1418 1339 eo
1449 1284 1634 1337 hostes
1664 1281 1978 1335 animentur

395 1383 462 1436 ad
495 1383 766 1453 prmlium,
793 1380 870 1432 tui
903 1393 932 1431 a
963 1379 1152 1447 praelio
1179 1377 1593 1431 abstrahantur.

467 1561 557 1615 59.
602 1558 1010 1622 Revolutiones,
1043 1556 1095 1611 id
1128 1563 1234 1619 est,
1288 1553 1676 1609 conversiones
1705 1559 1759 1606 et
1795 1563 1977 1604 rever-

398 1655 583 1706 siones
628 1653 680 1704 in
725 1649 1178 1711 discessionibus,
1219 1661 1326 1700 non
1371 1643 1658 1699 manifeste
1703 1651 1865 1707 atque
1907 1655 1975 1693 ex

397 1744 628 1797 adverso
667 1742 905 1794 hostium
944 1739 1106 1802 ﬁant,
1139 1738 1232 1792 sed
1270 1737 1335 1791 ad
1371 1737 1515 1788 latus
1550 1750 1609 1789 se
1644 1730 1979 1801 obliquando

2071 545 2308 613 λωτέρου
2339 543 2552 596 δέονται
2586 541 2750 594 τόπου
2778 541 2835 592 ἐν
2856 541 2977 602 ταῖς
3021 539 3224 608 μάχαις
3259 537 3308 588 οἱ
3345 535 3652 605 κονταρίοις

2072 639 2364 709 χρώμενοι.

2140 733 2240 802 λη’.
2288 731 2413 786 Ἐὰν
2442 730 2497 783 δὲ
2527 729 2842 800 κατανοήσῃ
2873 730 2901 781 ὁ
2929 724 3252 795 στρατηγὸς,
3274 725 3356 776 ὅτι
3382 725 3482 775 οὐκ
3506 721 3656 775 ἔστιν

2072 821 2370 890 ἀξιόμαχος
2401 821 2428 872 ὁ
2465 818 2694 888 στρατὸς
2721 817 2888 870 αὐτοῦ
2924 815 3062 887 πρὸς
3091 815 3216 878 τοὺς
3262 815 3561 875 ἐναντίους,
3593 813 3656 865 οὐ

2072 916 2152 966 δεῖ
2184 913 2348 966 αὐτὸν
2381 912 2649 981 μάχεσθαι
2678 909 2939 978 πολέμοις
2969 907 3272 978 δημοσίοις,
3304 905 3418 958 ἀλλ’
3446 904 3658 973 ἐφόδοις

2075 1007 2241 1076 ἥγουν
2295 1004 2614 1057 ἐπελεύσεσι
2657 1003 2752 1056 καὶ
2790 1001 3022 1062 κλοπαῖς
3083 998 3225 1053 κατὰ
3280 996 3390 1049 τῶν
3447 995 3658 1066 ἐχθρῶν

2077 1097 2379 1167 κεχρῆσθαι
2411 1096 2668 1166 ἀσφαλῶς
2698 1096 2790 1148 καὶ
2836 1092 3190 1163 εὐσχημόνως
3216 1091 3304 1144 διά
3332 1089 3511 1142 τόπων
3542 1091 3660 1140 ἐπι-

2077 1190 2303 1259 τηδείων
2337 1190 2417 1251 είς
2446 1189 2505 1242 τὸ
2539 1189 2613 1258 μὴ
2640 1185 2991 1258 δηλοῦσθαιῆ
3022 1187 3131 1247 τοῖς
3165 1182 3504 1253 ἐναντίοις,ῆ
3547 1185 3662 1244 τοῖς

2081 1284 2233 1346 ἰδίοις
2276 1283 2366 1335 τὸν
2415 1281 2615 1335 σκοπὸν
2651 1280 2717 1333 δι’
2753 1280 2811 1333 δν
2862 1279 3133 1347 γίνεταιὴ
3215 1276 3505 1347 ὑπέρθεσις
3558 1275 3660 1342 τῆς

2077 1375 2366 1445 δημοσίας,
2393 1375 2480 1427 ἵνα
2515 1373 2589 1444 μὴ
2613 1375 2678 1426 ἐκ
2707 1373 2898 1426 τούτου
2926 1374 3037 1434 τοῖς
3071 1372 3170 1440 μὲν
3193 1369 3474 1438 πολεμίοις
3496 1367 3662 1420 αὐτοῦ

2082 1467 2304 1538 θράσος,
2344 1466 2421 1536 τῷ
2453 1465 2644 1534 δὲλαῷ
2677 1464 2841 1518 αὐτοῦ
2861 1464 3030 1516 δειλία
3061 1462 3306 1532 γένηται.

2146 1556 2250 1614 λθ’.
2289 1557 2400 1620 Τάς
2430 1556 2487 1608 δὲ
2521 1555 2800 1621 ἐξελίξεις,
2832 1555 3022 1625 ἤγουν,
3060 1555 3156 1615 τὰς
3193 1550 3527 1620 ἐπιστροφὰς
3570 1551 3664 1602 καὶ

2084 1651 2432 1720 ἀναστροφὰς
2478 1652 2538 1703 ὲν
2594 1653 2712 1711 ταῖς
2769 1647 3173 1717 ὑποχωρήσεσι,
3233 1643 3307 1714 μὴ
3349 1644 3417 1696 δι’
3490 1642 3666 1706 ὅψεως

2082 1743 2350 1795 ποιεῖσθαι
2383 1741 2493 1792 τῶν
2528 1739 2806 1802 ἐναντίων,
2850 1738 2986 1795 ἀλλὰ
3013 1737 3102 1790 διὰ
3139 1736 3248 1788 τῶν
3287 1735 3531 1802 πλαγίων
3561 1735 3664 1786 αὑ-

397 1841 722 1888 convertant
779 1840 940 1900 atque
974 1829 1168 1883 iterum
1199 1843 1229 1880 a
1261 1837 1411 1896 tergo
1442 1827 1566 1880 illos
1595 1824 1975 1892 intercipiant;

2085 1835 2190 1886 τῶν
2211 1831 2570 1902 ἀναστρέφειν
2604 1830 2698 1884 καὶ
2736 1831 2863 1892 τοὺς
2893 1828 3092 1891 νῶτους
3133 1827 3312 1880 αὐτῶν
3337 1826 3666 1895 ἀπολαμὸά-

396 1926 618 1997 quidam
665 1925 808 1980 enim
855 1939 922 1978 ex
969 1922 1242 1986 hostibus,
1286 1927 1345 1974 ut
1389 1918 1590 1979 Persae,
1635 1933 1760 1972 cum
1805 1915 1978 1969 aciem

399 2017 701 2072 dissolvere
735 2014 947 2080 nolint,
982 2012 1141 2066 facile
1173 2022 1322 2080 terga
1354 2025 1451 2064 sua
1483 2008 1748 2076 objiciunt
1783 2006 1850 2060 iis
1885 2004 1980 2074 qui

398 2116 589 2161 contra
631 2121 726 2160 eos
767 2105 1018 2159 conversi
1061 2111 1225 2167 sunt,
1268 2109 1323 2155 et
1367 2100 1525 2171 quasi
1575 2097 1830 2167 fugiendo
1876 2111 1981 2164 pu-

399 2209 586 2270 gnant.
609 2199 743 2252 Nam
769 2199 860 2267 qui
889 2196 1205 2260 discedunt,
1233 2203 1285 2250 et
1311 2193 1744 2262 subterfugiunt,
1773 2189 1820 2243 si
1847 2204 1979 2242 con-

401 2296 542 2348 versi
568 2292 842 2346 voluerint
868 2306 934 2345 ex
961 2289 1199 2343 adverso
1227 2287 1466 2342 hostium
1499 2302 1555 2341 se
1584 2283 1824 2352 obiicere
1851 2282 1980 2345 illis,

401 2399 730 2456 magnopere
778 2383 1073 2449 laeduntur,
1118 2382 1165 2436 si
1217 2380 1274 2435 in
1322 2380 1446 2434 illos
1495 2378 1795 2434 instructos
1839 2371 1982 2428 inci-

399 2480 551 2533 dant.

470 2659 560 2712 40.
601 2655 796 2710 Turcas
823 2652 1097 2726 fugientes
1122 2650 1310 2707 hostes
1337 2648 1566 2705 confuse
1595 2647 1984 2716 insequuntur,

402 2750 548 2806 unde
585 2749 844 2803 facillime
879 2745 1174 2810 laeduntur,
1209 2745 1256 2800 si
1287 2743 1382 2814 qui
1419 2741 1558 2812 fugae
1592 2757 1652 2796 se
1688 2743 1982 2803 mandant,

400 2847 519 2899 sine
550 2842 686 2898 aciei
719 2854 832 2896 sua:
861 2839 1272 2909 perturbatione
1303 2835 1528 2894 faciant.
1557 2841 1611 2888 et
1643 2845 1864 2886 rursum
1892 2845 1984 2884 ea-

399 2935 522 2990 dem
555 2948 681 2988 cum
717 2929 929 2986 ordinis
961 2928 1382 2986 conservatione
1418 2927 1472 2981 in
1505 2923 1630 2980 illos
1663 2924 1863 2978 iterum
1900 2921 1984 2976 in-

398 3028 620 3084 vadant.

2083 1943 2212 1978 νειν.
2244 1924 2377 1977 Τινά
2406 1924 2514 1993 γὰρ
2569 1921 2678 1974 τῶν
2723 1921 2892 1974 ἐθνῶν
2933 1915 3019 1973 οῗσ
3061 1920 3155 1973 καὶ
3195 1920 3263 1972 τὰ
3297 1919 3406 1971 τῶν
3439 1917 3667 1989 Περσῶν

2083 2017 2213 2069 ποτὲ
2255 2015 2328 2086 μὴ
2372 2014 2673 2086 βουλόμενα
2704 2012 2939 2065 διαλύειν
2982 2010 3135 2075 τάξιν
3191 2009 3394 2074 αὐτῶν,
3430 2009 3667 2070 εὐκόλως

2081 2109 2210 2170 τοὺς
2267 2107 2471 2168 νώτους
2536 2105 2712 2158 αὐτῶν
2770 2102 3076 2174 προδιδοῦσι
3150 2103 3262 2164 τοῖς
3313 2101 3433 2154 κατ’
3487 2099 3668 2152 αὑτῶν

2084 2198 2513 2268 ὑποστρέφουσιν
2557 2196 2724 2248 οἱονεὶ
2753 2192 3239 2264 ’φυγομαχοῦντες.
3278 2191 3439 2243 Ἀλλὰ
3482 2179 3575 2243 καὶ
3616 2191 3667 2242 οἱ

2085 2289 2502 2360 ὑποχωροῦντες
2533 2289 2629 2341 καὶ
2683 2286 3088 2354 ὑποφεύγοντες
3141 2284 3340 2347 αὑτοὺς
3382 2285 3430 2336 εἰ
3471 2281 3665 2353 βουλη-

2085 2386 2252 2439 θῶσιν
2281 2382 2764 2453 ἀντιστρεφόμενοι
2813 2381 2893 2444 είς
2924 2381 3045 2451 ὄψιν
3086 2379 3196 2432 τῶν
3226 2378 3532 2432 διωκόντων
3566 2377 3668 2430 αὑ-

2088 2477 2209 2539 τοὺς
2235 2476 2408 2529 ἐλθεῖν
2441 2474 2772 2545 βλάπτονται
2807 2473 3262 2542 συντεταγμένοις
3299 2473 3484 2534 αὐτοῖς
3513 2488 3668 2541 περι-

2089 2569 2401 2631 πίπτοντες.

2161 2658 2233 2726 μ’.
2264 2661 2344 2713 Τά
2371 2659 2470 2730 μὲν
2497 2660 2607 2731 γάρ
2639 2659 2748 2712 τῶν
2773 2658 2943 2712 ἐθνῶν
2973 2652 3084 2712 οἷον
3117 2659 3168 2711 οἱ
3191 2656 3427 2728 Τοῦρκοι
3470 2657 3530 2710 ἐν
3551 2658 3669 2719 ταῖς

2086 2751 2336 2816 διώξεσιν
2361 2751 2616 2816 ἀτάκτως
2642 2751 2977 2804 ἐπιτίθενται
3008 2751 3123 2813 τοῖς
3144 2748 3518 2818 διωκομένοις,
3549 2747 3670 2800 ὅθεν

2086 2845 2183 2898 καὶ
2212 2844 2598 2915 εὐχερέστερον
2626 2843 2958 2914 βλάπτονται
2989 2825 3143 2914 παρά
3174 2841 3282 2895 τῶν
3316 2839 3666 2910 διωκομένων

2086 2937 2364 3002 εὐτάκτως
2395 2937 2828 3011 ὑποχωρούντων
2861 2938 2956 2991 καὶ
2983 2936 3456 3007 ὑποστρεφόντων.

468 3143 559 3197 41.
602 3140 736 3194 Alia:
774 3139 1026 3194 nationes
1060 3136 1344 3207 permulta:
1376 3135 1664 3202 ordinatae,
1699 3143 1865 3206 atque
1897 3133 1979 3189 in-

2159 3150 2268 3214 μα’.
2303 3142 2386 3197 Τὰ
2414 3141 2471 3196 δὲ
2517 3141 2707 3212 πράως
2753 3139 2848 3195 καὶ
2898 3140 3347 3211 συντεταγμένως
3386 3138 3668 3194 διώκουσι.

401 3240 626 3289 structa:
649 3230 919 3301 fugientes
946 3228 1338 3297 insequuntur;
1371 3227 1554 3297 itaque
1578 3227 1803 3282 minime
1824 3240 1983 3296 Opor-

401 3333 477 3379 tet
510 3338 728 3388 coram,
760 3331 924 3391 atque
956 3336 1020 3376 ex
1057 3320 1288 3375 adverso
1323 3319 1376 3373 iu
1418 3319 1540 3374 illos
1572 3319 1853 3382 conversi,
1888 3318 1983 3375 sed

400 3415 471 3470 ad
501 3416 666 3476 latus,
699 3423 862 3483 atque
893 3426 923 3466 a
955 3421 1128 3483 tergo,
1159 3411 1623 3483 quemadmodum
1658 3413 1980 3479 memoravi,

400 3508 771 3562 incursionem
804 3504 1004 3559 facere.

469 3598 557 3652 42.
590 3597 858 3662 Quoniam
878 3594 1181 3650 Turcarum
1205 3594 1538 3650 mentionem
1562 3593 1814 3657 fecimus,
1837 3593 1978 3649 haud

400 3692 498 3746 abs
528 3704 586 3745 re
619 3689 783 3744 fuerit
816 3688 1128 3742 universam
1162 3687 1376 3742 illorum
1411 3690 1604 3752 aciem,
1633 3697 1687 3743 et
1718 3686 1981 3757 quemad-

402 3781 623 3836 modum
654 3778 944 3832 adversum
983 3778 1106 3832 illos
1135 3785 1323 3832 nostra
1357 3779 1503 3832 acies
1532 3778 1850 3833 instruenda
1878 3780 1947 3832 sit
1967 3819 1979 3838 ,

400 3872 696 3942 explicare.
739 3869 852 3925 lloc
898 3869 1044 3924 enim
1091 3869 1422 3940 experientia
1471 3870 1813 3932 tenebamus,
1856 3884 1978 3922 cum

403 3963 614 4033 Bulgari
651 3961 893 4017 induciis
927 3960 1145 4015 violatis
1179 3960 1454 4015 Thracum
1497 3961 1772 4031 regionem
1812 3977 1980 4030 βορη-

401 4058 672 4109 labantur.
712 4055 974 4122 Bnlgaros
1012 4053 1158 4108 enim
1206 4053 1341 4107 ultio
1379 4053 1585 4120 divina,
1622 4064 1843 4123 propter
1878 4053 1979 4107 hoc

402 4149 725 4217 periurium,
754 4148 806 4200 in
837 4145 1043 4199 Christi
1073 4145 1167 4199 Dei
1200 4145 1397 4211 nostri,
1423 4153 1476 4199 et
1502 4147 1672 4200 totius
1707 4145 1980 4199 universi-

401 4240 530 4294 tatis
555 4239 696 4307 regis
724 4237 946 4291 nomine
975 4224 1276 4291 admissum
1295 4275 1310 4300 ,
1334 4236 1488 4306 justo
1521 4236 1794 4306 supplicio
1825 4250 1978 4290 coer-

399 4332 534 4383 cuit.
571 4329 705 4382 Nam
753 4345 876 4383 cum
921 4339 1124 4384 nostrae
1156 4328 1330 4396 c0pia:
1361 4329 1628 4382 adversus
1671 4328 1978 4382 Saracenos

401 4430 681 4491 occupatae
709 4429 894 4475 essent
912 4461 926 4484 ,
953 4419 1164 4474 Turcas
1192 4419 1376 4473 divina
1404 4419 1753 4474 Providentia
1782 4419 1979 4473 adver-

2087 3235 2178 3288 Διὺ
2205 3235 2324 3288 οὑδὲ
2353 3233 2460 3305 χρὴ
2525 3235 2652 3297 τούς
2709 3232 3156 3304 ἀναστρέφοντας
3202 3234 3326 3285 κατ’
3375 3230 3559 3284 αὐτῶν
3595 3231 3669 3282 δι’

2084 3329 2256 3398 ὅψεως
2296 3324 2638 3392 ἐπιτηδεύειν
2661 3324 2938 3396 ἔρχεσθαι,
2966 3324 3102 3378 ἀλλά
3144 3324 3241 3377 καὶ
3274 3323 3362 3377 διὰ
3396 3324 3505 3377 τῶν
3537 3323 3670 3376 πλα-

2083 3421 2216 3488 γίων
2251 3420 2340 3472 καὶ
2377 3416 2515 3470 κατά
2556 3417 2652 3470 τοῦ
2687 3417 2860 3470 νώτου
2907 3415 3086 3470 αὐτῶν
3124 3415 3396 3469 ποιεῖσθαι
3443 3415 3542 3487 τὴν
3574 3417 3670 3469 ἐπι

2085 3512 2317 3575 έλευσιν,
2345 3509 2420 3572 ῶς
2451 3527 2540 3578 μοι
2568 3509 2808 3579 εἴρηται.

2161 3603 2271 3673 μβ’.
2321 3602 2475 3655 Ἐπεὶ
2529 3601 2584 3655 δὲ
2616 3601 2877 3675 Τούρκων
2923 3599 3224 3672 ἐμνήσθην,
3280 3599 3382 3655 οὑκ
3413 3600 3672 3672 ἀδόκιμον

2084 3697 2366 3764 κρίνομεν,
2396 3695 2491 3747 καὶ
2525 3695 2675 3757 ὅπως
2709 3694 2864 3747 αὑτοὶ
2896 3693 3360 3765 παρατάττονται,
3399 3694 3494 3747 καὶ
3521 3692 3670 3756 ὅπως

2085 3787 2272 3850 αὐτοῖς
2298 3784 2846 3856 ἀντιπαρατάξασθαι
2879 3785 3017 3850 δέον,
3058 3783 3419 3853 διασαφῆσαι,
3450 3783 3539 3837 διά
3573 3801 3672 3852 με-

2083 3879 2239 3950 τρίας
2284 3878 2482 3946 πείρας
2523 3877 2916 3946 ἀναμαθόντες,
2968 3877 3058 3930 ὅτε
3109 3877 3420 3948 συμμάχοις
3485 3877 3671 3940 αὑτοῖς

2084 3967 2466 4038 ἐχρησάμεθα,
2495 3967 2821 4038 Βουλγάρων
2846 3968 3252 4038 τάς”εἱρηνικάς
3279 3966 3668 4040 παραϐεϐηκό-

2082 4077 2190 4112 των
2219 4059 2470 4123 σπονδάς,
2519 4060 2614 4112 καὶ
2642 4060 2711 4113 τά
2746 4061 2846 4129 τῆς
2895 4061 3127 4131 Θρᾴκης
3177 4043 3354 4131 χωρία
3398 4061 3670 4129 καταδραιέ

2087 4152 2318 4221 μόντων.
2359 4146 2454 4214 Οἷς
2484 4155 2515 4222 ἡ
2544 4152 2668 4221 δίκη
2705 4151 3070 4217 ἐπεξελθοῦσα
3095 4153 3192 4222 τῆς
3217 4153 3297 4216 είς
3326 4155 3370 4206 Χ
3381 4153 3558 4223 ριστέν
3577 4153 3670 4205 τδν

2083 4245 2216 4297 Θεὸν
2247 4244 2539 4314 παροινίας
2573 4246 2681 4296 τῶν
2729 4243 2867 4298 ὅλων
2912 4245 3004 4297 τὸν
3038 4244 3259 4314 βασιλέα
3289 4247 3454 4316 τάχος
3498 4245 3670 4313 ἐφθα-

2084 4353 2177 4387 σεν
2202 4334 2472 4387 ἐπιθεῖναι
2499 4335 2600 4405 τὴν
2627 4335 2922 4404 τιμωρίαν.
2955 4336 3064 4388 Καὶ
3095 4339 3205 4407 γὰρ
3231 4336 3341 4389 τῶν
3381 4338 3669 4407 ἡμετέρων

2083 4428 2368 4497 δυνάμεων
2403 4429 2543 4481 κατά
2572 4427 2906 4498 Σαρακηνῶν
2945 4427 3362 4499 ἀσχολουμένων
3390 4429 3670 4499 Τούρκους

400 4531 520 4570 sum
560 4529 656 4570 eos
697 4513 1071 4568 Romanorum
1115 4513 1234 4567 vice
1276 4515 1528 4576 armavit,
1571 4513 1749 4567 classe
1793 4525 1978 4568 nostra

2086 4525 2118 4590 ἠ
2175 4522 2294 4574 θεία
2349 4522 2584 4590 Πρόνοια
2645 4523 2766 4574 ἀντὶ
2803 4521 3094 4590 Ῥωμαίων
3146 4522 3290 4576 κατά
3341 4521 3667 4592 Βουλγάρων

399 4609 598 4662 Istrum
631 4607 1057 4672 transmittente,
1089 4614 1252 4675 atque
1278 4607 1400 4662 illos
1428 4606 1718 4676 adjuvante
1737 4646 1752 4670 ,
1779 4617 1832 4660 et
1858 4606 1983 4659 Bul-

401 4715 654 4767 garorum
711 4710 903 4753 contra
952 4697 1299 4752 Christianos
1352 4705 1622 4751 armatum
1680 4698 1982 4752 exercitum

399 4793 576 4847 tribus
612 4792 816 4860 praeliis
856 4790 1141 4854 fuderunt,
1174 4789 1434 4844 divinitus
1470 4789 1536 4843 ad
1574 4789 1707 4854 hoc,
1739 4797 1798 4843 nt
1829 4787 1982 4843 vide-

400 4892 510 4946 tnr,
542 4883 717 4947 missi,
746 4898 813 4938 ne
846 4883 1074 4936 Romani
1107 4880 1784 4952 ChristianiBulgarorum
1819 4882 1981 4936 Chri-

401 4976 704 5031 stianorum
740 4977 1008 5046 sanguine
1039 4975 1484 5046 inquinarentur.

465 5245 552 5299 45.
593 5244 864 5316 Scythicae
897 5242 1148 5296 nationes
1179 5255 1342 5294 unam
1395 5239 1600 5294 habent
1631 5239 1768 5293 aciei
1809 5254 1979 5308 appa-

397 5343 658 5408 ratusque
702 5337 957 5400 formam,
997 5335 1252 5404 quamvis
1295 5332 1643 5388 diversorum
1693 5329 1978 5386 hominum

396 5427 642 5498 imperiis
679 5426 1068 5495 subiiciantur,
1100 5433 1154 5480 et
1183 5425 1251 5478 ad
1283 5425 1502 5493 negotia
1536 5422 1859 5478 facesscnda
1895 5425 1982 5477 in-

393 5521 580 5583 citati,
607 5519 950 5588 pastionibus
977 5516 1192 5588 pecoris
1217 5516 1379 5571 vitam
1411 5517 1810 5570 transmittunt.
1839 5517 1978 5570 Sola:

395 5619 575 5665 autem
611 5611 968 5682 Bulgarorum
1010 5617 1065 5666 et
1096 5609 1402 5664 Turcarum
1439 5607 1691 5663 nationes
1724 5608 1976 5678 similiter

2087 4615 2441 4683 ἐστράτευσε,
2476 4613 2724 4684 πλωΐμου
2785 4614 2974 4667 στόλου
3033 4614 3135 4681 τῆς
3181 4615 3338 4685 ἡμῶν
3390 4615 3668 4685 βασιλείας

2083 4705 2176 4757 τὸν
2206 4707 2418 4774 Ἴστρον
2459 4705 2654 4767 αὐτοὺς
2687 4706 3118 4774 διαπεράσαντός
3145 4723 3203 4758 τε
3249 4707 3339 4760 καὶ
3372 4709 3668 4778 συμμαχή-

2086 4812 2297 4859 σαντος,
2331 4797 2425 4848 καὶ
2451 4795 2540 4848 τὸν
2573 4797 2756 4858 κακῶς
2787 4797 2928 4849 κατά
2957 4798 3305 4868 Χριστιανῶν
3335 4800 3668 4852 ὀπλισθέντα

2081 4884 2409 4954 Βουλγάρων
2451 4885 2677 4951 στρατὸν
2704 4887 2850 4954 τρισὶ
2897 4886 3099 4956 μάχαις
3129 4890 3270 4942 κατὰ
3296 4889 3497 4959 κράτος
3525 4906 3667 4942 νενι-

2081 4975 2324 5045 κηκότας
2362 4975 2497 5045 (64),
2522 4975 2597 5039 ὡς
2623 4976 2689 5028 ἂν
2720 4978 2768 5028 εἰ
2801 4978 3029 5047 δημίους
3056 4979 3485 5043 ἐξαποστείλασα
3526 4983 3667 5034 κατά

2081 5065 2282 5128 αὐτῶν,
2313 5065 2402 5117 ἵνα.
2433 5066 2505 5136 μὴ
2531 5067 2750 5129 ἑκόντες
2780 5069 3040 5136 Ῥωμαῖοι
3062 5071 3379 5138 Χριστιανοὶ
3405 5071 3668 5141 Χριστια-

2076 5154 2184 5209 νῶν
2219 5155 2544 5225 Βουλγάρων
2571 5157 2766 5224 αἵμασι
2798 5158 3127 5226 χραίνοιντο.

2161 5251 2272 5312 μγ’.
2310 5245 2391 5297 Τά
2428 5246 2672 5298 Σκυθικά
2702 5248 2884 5300 τοίνυν
2921 5248 3047 5318 ἕονη
3079 5250 3209 5318 μιᾶς
3264 5251 3424 5315 εἰσιν,
3462 5250 3538 5312 ῶς
3583 5251 3664 5302 εί·-

2081 5339 2223 5402 πεῖν,
2258 5339 2608 5408 ἀναστροφῆς
2639 5355 2697 5390 τε
2749 5339 2844 5392 καὶ
2877 5341 3104 5406 τάξεως,
3136 5343 3421 5413 πολύαρχά
3465 5361 3526 5397 τε
3573 5347 3669 5398 καὶ

2081 5429 2413 5499 ἀπράγμονα
2452 5430 2762 5499 νομαδικῶς
2796 5433 2872 5494 ὡς
2917 5433 3121 5486 ἐπίπαν
3154 5434 3395 5504 βιοῦντα.
3429 5437 3580 5490 Μόνα
3610 5437 3667 5490 δέ

2087 5522 2155 5574 τά
2180 5522 2289 5574 τῶν
2321 5522 2648 5592 Βουλγάρων
2689 5525 2915 5593 προσέτι
2952 5526 3008 5579 δέ
3040 5528 3223 5579 καὶτὰ
3256 5528 3364 5580 τῶν
3404 5528 3666 5598 Τούρκων

2085 5612 2182 5677 τῆς
2211 5614 2404 5684 ὁμοίας
2435 5617 2779 5686 φροντίζουσι
2823 5617 3030 5684 τάξεως
3087 5621 3392 5693 πολεμικῆς
3444 5623 3665 5693 ἰσχυρο-

1900 5700 2134 5760 NOT/E.

470 5787 581 5854 (61;)
610 5791 1032 5859 Νενικηκότας.
1067 5792 1279 5858 Scribe,
1315 5795 1684 5864 νενικηκότος.
