4090 6500
376 386 491 451 937

1405 380 1742 440 TACTI’CA.
1778 404 1845 412 -
1872 378 2386 439 ‘CONSTITUTIU
2413 380 2637 440 XVIII.

3561 377 3667 441 958

388 504 555 572 τέρας
587 498 696 553 τῶν
728 496 902 551 ἄλλων
936 492 1216 547 Σκυθικῶν
1246 492 1413 546 ἐθνῶν
1457 493 1555 555 τὰς
1603 489 1746 544 κατὰ
1777 489 1975 542 σύστα-

2098 489 2234 543 1cics
2263 505 2396 544 suas
2424 492 2478 544 in
2509 490 2652 544 bello
2681 489 2983 553 instruunt,
3010 487 3237 557 reliquis
3269 486 3487 559 Scythis
3514 488 3674 560 longe

400 611 486 648 σιν
522 592 702 663 μάχας
731 586 1035 658 ποιούμενα
1065 603 1122 639 τε
1164 586 1258 639 καὶ
1291 582 1724 655 μοναρχούμενα.

470 767 574 841 μδ’.
637 766 799 820 Ἀλλὰ
850 764 1178 835 Βουλγάρων
1237 762 1336 833 τὴν
1383 763 1442 816 ἐν
1496 756 1718 831 Χριστῷ
1755 757 1978 828 εἰρήνην

392 860 816 929 ἀσπαζομένων,
860 857 958 910 καὶ
1004 852 1406 908 κοινωνούντων
1437 853 1537 921 τῆς
1573 851 1653 912 είς
1676 846 1840 902 αὐτὸν
1884 846 1977 898 πί-

393 970 565 1015 στεως
593 948 910 1019 Ῥωμαίοις,
948 946 1087 1017 μετὰ
1105 945 1203 1014 τὴν
1227 946 1290 997 ἐκ
1312 944 1413 1013 τῆς
1439 940 1752 1013 παρορκίας
1782 941 1979 1008 πεῖραν

389 1047 489 1115 ούχ
513 1042 802 1114 ἡγούμεθα
853 1040 997 1094 κατὰ
1036 1037 1215 1092 αὐτῶν
1267 1038 1457 1108 χεῖρας
1494 1032 1759 1098 ὁπλίζειν,
1793 1031 1888 1083 ἐπὶ
1920 1029 1979 1081 τὸ

391 1138 545 1189 Θείον
576 1133 674 1205 ἤδη
700 1132 770 1186 τά
826 1128 970 1184 κατὰ
1002 1127 1226 1182 ἐκείνων
1274 1124 1618 1197 ἀναρτῶντες
1664 1120 1979 1192 στρατηγή-

396 1243 562 1298 ματαο
595 1225 785 1293 διόπερ
819 1220 943 1275 οὕτε
970 1220 1070 1290 τὴν
1098 1218 1277 1272 αὐτῶν
1304 1216 1423 1270 καθ’
1456 1216 1617 1287 ἡμῶν
1648 1213 1976 1285 παράταξιν,

392 1318 519 1372 ούτε
552 1318 650 1386 τὴν
704 1314 983 1385 ἡμετέραν
1031 1312 1152 1365 κατ’
1194 1310 1440 1375 ἐκείνων,
1465 1308 1560 1361 διτε
1589 1307 1677 1359 διὰ
1706 1306 1806 1375 τῆς
1848 1307 1979 1375 μιᾶς

396 1413 632 1473 πίστεως
658 1408 905 1476 ἀδελφῶν
955 1406 1333 1475 ὑπαρχόντων,
1373 1403 1468 1455 καὶ
1518 1403 1639 1464 ταῖς
1676 1400 1980 1471 ἡμετέραις

388 1506 562 1556 εἴκειν
597 1499 1082 1571 ἐκοιγγελλομένων
1112 1498 1455 1568 είσηγήσεσι,
1493 1492 1816 1564 διαγράφειν
1841 1493 1980 1555 τέως

395 1593 848 1667 προθυμούμεθα.

468 1782 570 1847 με’.
606 1774 743 1844 Περὶ
797 1772 853 1826 δέ
888 1771 989 1842 τῆς
1010 1769 1120 1824 τῶν
1154 1768 1412 1838 Τούρκων
1450 1764 1745 1827 διαθέσεώς
1791 1779 1852 1816 τε
1883 1761 1980 1815 καὶ

2086 579 2279 633 melius
2315 594 2379 635 ac
2429 580 2635 635 fortius
2675 579 2946 645 ordinati,
2991 587 3045 633 et
3084 578 3246 635 unius
3282 578 3512 649 imperio
3543 580 3674 636 obe—

2082 668 2298 724 dientcs
2334 669 2476 723 bella
2511 680 2729 741 gerunt.

2154 758 2244 811 44.
2294 757 2402 813 Sed
2436 760 2698 828 quoniam
2732 757 2951 829 Bttlgari
2987 773 3174 828 pacem
3211 758 3267 812 in
3298 759 3524 814 Christo
3555 774 3673 812 am-

2084 849 2422 918 plectuntur,
2453 862 2507 906 et
2540 850 2699 905 [idem
2733 852 2785 905 itt
2816 851 3040 907 Christo
3068 866 3193 906 cum
3228 851 3491 907 Romanis
3523 866 3677 906 com-

2084 944 2389 1010 municant,
2426 947 2685 1015 quoniam
2728 946 2871 1001 Deus
2909 945 3035 1001 illos
3072 955 3297 1015 propter
3330 944 3672 999 induciarum

2087 1035 2410 1091 violatarum
2458 1037 2759 1108 perjttrium
2814 1037 3207 1101 ulciscebatur,
3257 1037 3515 1092 nolumus
3565 1039 3673 1092 ulla

2084 1129 2313 1183 consilia
2341 1130 2696 1199 imperatoria
2722 1129 3001 1193 adhibere,
3024 1136 3076 1183 et
3103 1129 3367 1183 adversus
3399 1130 3520 1183 illos
3548 1146 3677 1183 nos-

2085 1228 2197 1276 ntet
2218 1236 2458 1278 armare.
2485 1222 2678 1292 Itaque
2696 1238 2875 1293 neque
2899 1224 3117 1276 illorum
3140 1231 3332 1276 contra
3357 1238 3456 1276 nos
3480 1223 3673 1286 aciem,

2085 1328 2266 1381 neque
2312 1322 2558 1367 nostram
2607 1314 2898 1368 adversum
2950 1315 3097 1377 illos,
3142 1329 3267 1368 cum
3312 1329 3419 1367 una
3468 1316 3520 1367 itt
3572 1312 3680 1366 ﬁde

2084 1407 2243 1474 quasi
2272 1405 2805 1475 fratt'esjungamur,
2832 1407 3242 1475 apparationem
3274 1406 3676 1469 demonstrare,

2086 1511 2344 1566 nuncque
2414 1499 2761 1566 potissimum
2802 1512 2925 1550 cum
2969 1497 3081 1564 jam
3123 1513 3182 1552 se
3224 1509 3415 1551 nostro
3454 1500 3681 1568 imperio

2086 1586 2691 1656 adtninisttationique,
2710 1586 3174 1657 quemadmodum
3195 1590 3532 1657 optavimus,
3553 1589 3685 1643 sub-

2090 1676 2340 1730 tnittunt.

2161 1766 2249 1822 45.
2299 1767 2372 1821 De
2404 1768 2709 1822 Tttrcarum
2762 1767 2936 1822 forma
2974 1783 3164 1839 parum
3198 1776 3293 1822 ant
3317 1769 3455 1823 nihil
3488 1785 3518 1823 a
3551 1770 3682 1824 Bul-

395 1867 777 1938 παρατάξεως,
822 1861 1004 1934 μικρῷ
1035 1862 1137 1931 τῆς
1166 1858 1493 1931 Βουλγάρων
1533 1855 1565 1925 ἢ
1600 1854 1755 1907 οὐδὲν
1790 1852 1977 1920 διαφε-

2098 1864 2225 1930 {aris
2272 1859 2555 1917 diﬂ‘erente
2596 1862 2708 1930 jam
2773 1861 3047 1917 dicamus.
3092 1860 3365 1933 Populosa
3404 1878 3470 1917 ac
3513 1863 3685 1920 libera

384 1965 617 2034 -ρούσης,
640 1959 742 2029 ήδη
767 1956 1020 2028 ἐροῦμεν.
1052 1954 1175 2006 ’Ότι
1206 1951 1539 2021 πολύανδρόν
1570 1951 1687 2001 ἐστι
1710 1946 1806 1999 καὶ
1828 1945 1981 1997 ἐλεύ-

396 2058 554 2127 θερον
591 2052 751 2106 τοῦτο
804 2051 864 2105 τὸ
895 2048 1072 2111 ἔθνος,
1133 2045 1369 2115 μελέτην
1423 2044 1587 2113 μόνον
1632 2039 1978 2110 ποιούμενον,

395 2146 551 2214 παρὰ
593 2145 689 2208 τὰς
714 2143 883 2206 ἄλλας
926 2137 1274 2200 πολυτελείας
1319 2134 1415 2189 καὶ
1458 2133 1561 2205 τὴν
1605 2131 1891 2202 εὐπορίαν,
1923 2128 1982 2182 τὸ

394 2240 655 2311 ἀνδρείως
678 2234 982 2291 διακεῖσθαι
1018 2230 1156 2301 πρὸς
1177 2230 1306 2292 τοὺς
1334 2228 1498 2290 ἰδίους
1530 2224 1782 2296 ἐχθρούς.

476 2340 595 2405 μς-τ.
628 2330 799 2385 Τοῦτο
848 2328 1031 2382 τοίνυν
1070 2325 1156 2390 νὼς
1201 2320 1665 2396 μονα-ρχούμενον,
1697 2318 1790 2372 καὶ
1833 2317 1982 2385 ἀπη-

399 2432 511 2491 νεῖς
550 2428 644 2480 καὶ
680 2424 908 2497 βαρείας
952 2421 1051 2484 τὰς
1092 2420 1285 2482 ποινάς
1316 2418 1411 2471 ἐπὶ⁵
1442 2420 1556 2478 τοῖς
1596 2411 1987 2486 ἁμαρτανομέ-

399 2538 511 2583 νοις
544 2518 676 2589 παρ’
705 2516 884 2571 αὐτῶν
924 2516 988 2567 ἐκ
1018 2511 1127 2566 τῶν
1156 2511 1436 2582 ἀρχόντων
1467 2507 1649 2561 αὐτῶν
1687 2504 1987 2574 ὑφιστάμε-

401 2628 513 2673 νον,
546 2611 645 2663 ούκ
680 2609 892 2678 ἀγάπῃ,
926 2604 1063 2660 ἀλλά
1088 2602 1237 2672 φόϐῳ
1267 2599 1702 2671 κεκρατημένον,
1732 2597 1859 2659 τοὺς
1885 2594 1987 2647 πό-

402 2719 529 2765 νους
559 2701 654 2756 καὶ
686 2698 920 2771 μόχθους
957 2696 1223 2765 γενναίως
1256 2693 1538 2763 φέρουσιν.
1570 2690 1714 2760 Πρὸς
1758 2688 1817 2742 δὲ
1846 2686 1987 2741 καύι

394 2810 557 2867 ματα
584 2794 678 2845 καὶ
712 2792 850 2862 πρὸς
903 2787 1075 2858 ψύχος
1118 2784 1461 2855 ἀντέχονται,
1520 2782 1614 2835 καὶ
1661 2779 1761 2849 τῆς
1794 2778 1990 2851 λοιπῆς

400 2887 516 2942 »τῶν
542 2882 853 2957 ἀναγκαίων
881 2879 1088 2944 ἐνδείας
1117 2877 1412 2950 νομαδικὸν
1448 2874 1716 2945 ὑπάρχον.

478 3153 587 3227 μζη
610 3154 898 3225 ιΠερίεργα
930 3147 988 3203 δέ
1015 3147 1123 3200 εἰσι
1154 3144 1225 3198 τά
1263 3142 1373 3197 τῶν
1410 3138 1671 3210 Τούρκων
1695 3134 1861 3227 φῦλα,
1891 3137 1991 3187 καί

404 3207 724 3318 κρύπτοντά
872 3237 1068 3310 βουλὴν
1098 3233 1299 3297 αὐτῶν,
1336 3230 1506 3301 ἄφιλα
1529 3207 1596 3282 δὲ
1650 3226 1745 3281 καὶ
1792 3224 1998 3279 ἄπιστα
2024 3207 2068 3265 (ἶ

408 3340 563 3402 ὄντα,
605 3338 698 3390 καὶ
731 3334 821 3387 διὰ
870 3332 969 3401 τῆς
1020 3325 1332 3398 ἀπληστίας
1369 3322 1478 3377 τῶν
1508 3320 1809 3392 χρημάτων
1858 3333 1999 3386 κρα-

406 3430 672 3500 τούμενα,
707 3429 871 3498 ὅρκου
921 3416 1339 3493 περιφρονοῦσι,
1391 3414 1531 3485 μήτε
1577 3409 1858 3500 συνθήκας
1900 3423 2000 3500 cpe-

410 3496 699 3587 λάττοντα,
746 3496 897 3589 μήτε
933 3515 1129 3585 δώροις
1183 3506 1537 3580 ἀρκούμενα,
1587 3501 1727 3555 ἀλλά
1773 3498 1904 3570 πρὶν
1942 3496 2002 3549 τὸ

412 3616 564 3669 δοθὲν
597 3612 867 3677 δέξονται,
906 3603 1201 3675 ἐπιϐουλὴν
1237 3599 1534 3673 μελετῶσιν
1565 3595 1662 3650 καὶ
1692 3591 2002 3663 ἀνατροπὴν

413 3705 523 3757 τῶν
553 3700 854 3768 συνθηκῶν.

494 3794 609 3866 μη’.
644 3794 755 3847 Καὶ
783 3793 910 3854 τοὺς
955 3785 1297 3856 ἐπιτηδείους
1321 3782 1546 3854 καιροὺς
1586 3776 1775 3840 δεινῶς
1807 3774 2005 3844 στοχά-

416 3889 626 3953 ζονται,
660 3887 758 3939 καλ.
792 3880 1192 3947 σπουδάζουσιν
1220 3877 1281 3930 ού
1313 3874 1580 3929 τοσοῦτον
1610 3872 1758 3942 χειρὶ
1784 3868 1877 3923 καὶ
1913 3868 2004 3919 δυ·-

418 3985 582 4053 νάμει
616 3981 742 4043 τοὺς
782 3975 1012 4048 ἐχθροὺς
1061 3970 1544 4039 καταπολεμῆσαι,
1586 3967 1709 4018 ὅσον
1759 3961 1825 4016 δι’
1865 3960 2007 4012 άπά-

417 4052 541 4144 της,
573 4074 668 4127 καὶ
717 4065 1127 4139 αίφνιδιασμοῦ,
1159 4063 1255 4118 καὶ
1275 4061 1364 4116 διὰ
1394 4060 1493 4129 τῆς
1537 4057 1645 4110 τῶν
1694 4052 2007 4122 ἀναγκαίων

420 4164 756 4225 στενώσεως.

497 4256 604 4328 μθ’.
658 4254 1009 4318 Ὀπλίζονται
1060 4250 1118 4304 δέ
1159 4246 1432 4308 σπαθίοις,
1461 4241 1557 4296 καὶ
1585 4237 1883 4309 λωρικίοις,
1916 4236 2009 4328 καὶ

422 4327 738 4418 satiatam).
797 4341 1324 4416 κονταρίοις.”Οθεν
1385 4340 1443 4390 ἐν
1502 4337 1622 4397 ταῖς
1685 4332 1885 4403 μάχαις
1933 4327 2007 4379 δι-

426 4444 593 4499 πλοῦν
616 4444 769 4515 ἆρμα
804 4442 853 4495 οἱ
895 4438 1136 4498 πλείονες
1172 4432 1353 4487 αὐτῶν
1395 4428 1771 4499 ἐπιφέρονται,
1800 4425 1857 4476 ἐν
1898 4422 2010 4482 τοῖς

2091 1956 2207 2009 haec
2233 1955 2385 2008 natio
2412 1963 2517 2018 cst,
2546 1955 2881 2024 reliquarum
2911 1970 3095 2009 rerum
3124 1970 3247 2026 quae
3274 1963 3401 2010 sunt
3430 1958 3484 2010 itt
3509 1957 3687 2012 homi-

2092 2048 2255 2103 nibus
2296 2048 2586 2117 splendida
2632 2048 2899 2102 minorem
2944 2062 3136 2102 curam
3182 2049 3479 2116 habentes;
3524 2051 3580 2104 in
3621 2066 3688 2106 eo

2090 2139 2269 2194 solum
2311 2139 2664 2204 laborantes,
2703 2149 2761 2194 ut
2795 2140 2850 2194 itt
2886 2137 3237 2211 conﬂigendo
3268 2155 3394 2195 cum
3432 2141 3686 2199 hostibus

2092 2230 2265 2287 fortes
2296 2232 2407 2285 sint
2435 2239 2599 2301 atque
2630 2231 2962 2288 habeantur.

2164 2323 2256 2378 46.
2299 2323 2428 2379 Ηαιο
2472 2324 2641 2395 igitur
2683 2326 2837 2380 natio
2882 2325 2987 2380 sub
3029 2326 3197 2382 unius
3239 2327 3522 2383 dominatu
3562 2343 3687 2383 cum

2094 2420 2187 2483 sit,
2215 2431 2410 2487 graves
2440 2418 2781 2487 acerbasque
2813 2432 3009 2488 poenas
3040 2419 3133 2473 dat
3168 2420 3441 2491 praefectis
3471 2423 3610 2490 suis,
3642 2423 3689 2477 si

2098 2508 2265 2562 ullius
2309 2507 2497 2564 delicti
2534 2516 2859 2578 teneantur;
2895 2526 3073 2580 neque
3104 2526 3325 2577 amore,
3359 2514 3453 2569 sed
3494 2514 3692 2569 timore

2098 2602 2167 2656 ah
2203 2602 2557 2673 improbitate
2586 2612 2896 2669 coercetur,
2929 2612 2982 2657 et
3014 2604 3231 2661 labores
3287 2614 3453 2676 atque
3484 2622 3693 2662 ternm-

2098 2710 2199 2750 nas
2241 2710 2436 2751 omnes
2478 2702 2705 2752 strenue
2747 2695 2989 2767 perfert;
3036 2696 3102 2751 ad
3140 2698 3357 2753 calores
3390 2706 3445 2753 et
3486 2698 3694 2770 frigora

2098 2788 2384 2843 toleranda
2422 2788 2557 2844 satis
2587 2796 2842 2858 paratur;
2880 2788 3217 2858 reliquarum
3253 2805 3435 2845 rerum
3477 2802 3694 2863 egesta-

2099 2888 2231 2946 tem,
2264 2881 2729 2951 quemadmodum
2765 2881 2983 2952 reliqui,
3019 2882 3112 2952 qui
3150 2883 3411 2938 nomadcs
3442 2893 3595 2951 sunt,
3637 2884 3692 2940 id

2098 2978 2203 3037 est,
2228 2972 2573 3040 pastionibus
2598 2972 2869 3041 pecudum
2894 2987 2954 3029 se
2975 2979 3122 3028 totos
3148 2972 3512 3042 tradiderunt,
3534 2990 3695 3047 aequo

2101 3066 2285 3120 animo
2315 3064 2718 3136 perpetiuntur.

2172 3155 2263 3210 47.
2293 3154 2657 3211 Laboriosum
2681 3153 2978 3210 admodum
3026 3170 3201 3227 genus
3245 3154 3553 3213 Turcarum
3577 3168 3686 3226 est,

2102 3257 2154 3304 et
2191 3258 2395 3305 tectum
2432 3250 2485 3304 in
2520 3249 2773 3304 consiliis
2836 3259 3003 3321 atque
3038 3250 3351 3315 occultum,
3389 3267 3570 3323 neque
3604 3268 3695 3309 so-

2103 3341 2260 3410 ciale,
2292 3358 2469 3412 neqne
2500 3341 2690 3407 ﬁdum,
2724 3344 3085 3412 pecuniarum
3116 3341 3419 3411 cupiditate
3449 3343 3699 3415 inexple-

2104 3434 2241 3500 bile,
2274 3431 2641 3503 jnrisjurandi
2676 3441 3068 3497 contemnens,
3108 3430 3498 3502 fmdifragum;
3534 3434 3699 3491 donis

2106 3526 2250 3581 haud
2293 3524 2563 3581 contineri
2600 3533 2813 3595 potest;
2852 3539 2979 3577 nam
3017 3538 3156 3593 pene
3191 3525 3515 3595 priusquam
3551 3526 3697 3581 dona

2106 3617 2441 3687 acceperint,
2479 3616 2709 3671 insidias
2770 3616 3076 3671 moliuntur
3107 3626 3161 3672 et
3196 3616 3546 3672 induciarum
3583 3619 3701 3675 vio-

2108 3710 2388 3764 lationem.

2178 3802 2269 3856 48.
2295 3799 2627 3871 Temporum
2649 3802 3121 3872 opportunitatem
3142 3801 3561 3873 diligentissime
3578 3818 3701 3874 per-

2110 3906 2437 3964 sequuntur,
2470 3908 2646 3963 neque
2678 3910 2843 3947 manu
2874 3904 2928 3949 et
2960 3894 3171 3948 viribus
3222 3904 3442 3950 tantum
3474 3906 3704 3950 conten-

2111 3985 2275 4050 dttttt,
2327 3994 2592 4055 quantum
2645 3984 2820 4049 dolis,
2864 3992 2917 4039 et
2974 3986 3173 4040 subitis
3258 3986 3700 4052 incursionibus,

2111 4086 2164 4133 et
2197 4093 2382 4132 rerum
2436 4077 2874 4133 necessariarum
2907 4076 3325 4144 interclusione,
3354 4077 3541 4134 hostes
3572 4080 3704 4133 ado-

2113 4171 2349 4223 riuntur.

2187 4263 2272 4317 ιο.
2326 4264 2625 4315 Armantur
2667 4262 2886 4332 gladiis,
2941 4262 3145 4328 hastis,
3199 4262 3459 4331 sagittis,
3510 4262 3701 4330 galeis.

2115 4353 2272 4410 Unde
2303 4355 2357 4409 in
2412 4355 2607 4425 pI'CeIIO
2642 4355 2882 4423 duplicia
2929 4370 3082 4409 arma
3131 4358 3439 4423 complures
3485 4370 3547 4408 ex
3597 4355 3705 4411 illis

2115 4451 2371 4514 gestant;
2403 4442 2645 4498 humeris
2698 4442 2886 4497 hastas
2947 4443 3153 4507 ferunt,
3209 4452 3265 4496 et
3314 4443 3567 4497 manibus
3614 4459 3707 4496 ar-

426 4539 597 4610 ῶμοις
627 4536 696 4589 τά
743 4533 1003 4600 κοντάρια
1051 4527 1538 4589 ἀναϐαστάζοντες,
1570 4523 1666 4575 καὶ
1697 4520 1766 4572 τά
1794 4516 1921 4581 τόξα
1952 4517 1996 4610 ἐκ

2119 4550 2243 4588 cum
2297 4544 2505 4601 tenent,
2554 4544 2629 4601 et,
2675 4536 2720 4589 si
2768 4534 2992 4605 quando
3044 4552 3178 4591 usus
3228 4539 3425 4605 poscit,
3457 4537 3708 4605 utrisque

426 4608 547 4695 ταῖς
590 4628 748 4701 χερσὶ
804 4627 1145 4695 κατέχοντες,
1179 4621 1272 4674 καὶ
1321 4617 1654 4687 ἀμφοτέροις
1718 4610 1861 4664 κατὰ
1911 4608 2011 4701 τὴν

430 4700 757 4778 ἀπαντῶσαν
798 4717 988 4790 χρείαν
1032 4711 1382 4786 κεχρημένοι.
1413 4706 1745 4776 Διωκόμενοι
1777 4702 1834 4755 δέ
1877 4700 2013 4771 μᾶλ-

426 4817 519 4869 λον
561 4812 828 4883 προτεροῦ
842 4829 888 4864 τι
920 4811 1033 4871 τοῖς
1064 4806 1262 4870 τόξοις.

505 4905 571 4961 ν’.
601 4907 715 4958 Ούκ
756 4903 911 4956 αὐτοὶ
951 4901 1008 4953 δὲ
1057 4899 1216 4969 μόνον
1290 4890 1708 4962 ὁπλοφοροῦσιν,
1744 4886 1881 4941 ἀλλά
1919 4883 2013 4937 καὶ

430 5005 481 5055 oi.
510 5002 665 5054 ἵπποι
696 4998 806 5051 τῶν
837 4994 1095 5067 ἐμφανῶν
1128 4991 1332 5062 σιδήρῳ
1378 4988 1410 5059 ἢ
1465 4983 1768 5052 κενδούκλῳ
1805 4981 1873 5035 τὰ
1912 4980 2013 5048 ἐμ-

435 5095 674 5168 προσθεν
717 5093 857 5163 μέρη
888 5088 1206 5141 σκέπονται.

509 5188 610 5244 να’.
636 5188 845 5258 Πολλὴν
880 5185 938 5237 δὲ
986 5181 1218 5253 μελέτην
1282 5178 1378 5231 καὶ
1446 5176 1679 5247 ἄσκησιν
1735 5172 2020 5228 ποιοῦνται

438 5284 567 5357 περὶ
588 5283 685 5354 τὴν
726 5281 820 5333 ἐπὶ
845 5277 955 5331 τῶν
988 5278 1173 5329 ἵππων
1196 5272 1429 5335 τοξείαν.

513 5374 612 5445 νβ’.
658 5371 969 5427 Ἀκολουθεῖ
995 5368 1052 5421 δέ
1092 5367 1276 5427 αὐτοῖς
1308 5363 1404 5417 καὶ
1448 5361 1652 5431 πλῆθος
1681 5359 1892 5428 ἀλόγων
1937 5360 2016 5411 ἱπ-

440 5470 656 5541 παρίων
710 5466 807 5521 καὶ
858 5461 1132 5533 φοραδίων
1156 5457 1291 5529 (65),
1330 5456 1448 5525 ἅμα
1492 5454 1592 5523 μὲν
1618 5454 1753 5523 πρῦς
1792 5455 2026 5521 ἀποτροα

443 5564 549 5632 φὴν
575 5561 669 5614 καὶ
699 5553 1160 5627 γαλακτοποσίαν,
1186 5550 1301 5621 ἅμα
1320 5548 1375 5601 δὲ
1406 5544 1499 5600 καὶ
1514 5543 1607 5598 διὰ
1637 5544 1870 5616 πλήθους
1893 5562 2025 5614 φαν-

441 5655 657 5709 τισίαν.

2118 4635 2391 4694 utuntur;
2426 4628 2519 4683 ubi
2552 4642 2681 4684 vero
2712 4628 2805 4682 alii
2834 4643 2931 4684 eos
2956 4628 3344 4698 insequuntur,
3368 4643 3498 4682 arcu
3532 4629 3706 4698 magis

2115 4720 2321 4773 valent.

2186 4899 2275 4954 50.
2319 4897 2432 4954 Nec
2479 4912 2610 4953 vero
2654 4896 2755 4951 soli
2811 4895 2887 4949 illi
2936 4910 3087 4948 arma
3133 4900 3370 4963 gesmnt,
3428 4892 3521 4948 sed
3577 4895 3702 4964 equi

2119 4992 2285 5047 etiam
2326 4997 2707 5061 spectatorum
2755 4988 2998 5041 virorum
3052 4984 3352 5051 cenduclo,
3420 4993 3513 5040 aut
3560 4985 3707 5041 ferro

2096 5083 2398 5161 anteriora
2424 5089 2637 5151 tegunt.

2193 5177 2284 5230 5|.
2316 5175 2543 5228 Multum
2567 5187 2745 5242 Operae
2777 5170 3051 5226 collocant
3086 5170 3138 5224 in
3172 5171 3353 5227 studio
3380 5172 3704 5241 sagittarum

2123 5286 2186 5325 ex
2227 5270 2384 5339 equis
2412 5268 2811 5337 jaciendarum.

2202 5363 2292 5420 52.
2327 5360 2629 5415 Bestiarum
2654 5357 3057 5412 multitudinem
3090 5372 3275 5413 secum
3299 5357 3709 5426 habent,eqna-

2134 5470 2276 5519 runt,
2302 5455 2790 5525 jumentorumque
2839 5450 3093 5515 aliorum,
3129 5460 3241 5502 tum
3293 5450 3358 5503 ad
3403 5451 3485 5503 lac
3517 5452 3710 5506 htben-

2132 5547 2287 5613 dum,
2331 5555 2442 5600 tum
2472 5551 2692 5614 propter
2722 5541 3035 5613 opinionem
3074 5539 3465 5597 multitudinis.

1956 5733 2189 5789 NOTE.

1956 5734 2001 5787 N
2174 5775 2189 5789 .

521 5840 633 5915 (Οὔ)
661 5836 719 5892 In
758 5833 1087 5908 quibusdam
1122 5830 1211 5888 hic
1241 5827 1528 5901 suppletur
1560 5824 1911 5894 vocabulum,
1942 5734 2168 5896 ἀγὲλΐαῗ
2189 5826 2342 5884 deest
2369 5824 2425 5881 itt
2447 5820 2572 5879 cod.
2600 5818 2862 5875 Laurent.
