4090 6448
455 349 561 414 959

532 464 617 518 53.
651 460 849 517 Castra
894 467 1105 531 ponunt
1156 473 1266 513 non
1320 458 1373 512 in
1411 456 1641 521 fossato,
1684 456 2047 527 quemadmo-
2076 458 2124 519 Α

459 552 591 607 dum
626 548 882 614 Romani,
910 550 1004 607 sed
1042 564 1218 618 usque
1250 550 1315 604 ad
1366 549 1494 604 belli
1542 548 1687 603 diem
1717 564 1814 618 per
1842 562 2048 616 cogna-

460 648 638 699 tiones
694 653 747 699 et
787 643 966 698 tribus
997 642 1413 713 disperguntur.
1446 641 1631 712 Equos
1680 641 1905 697 assidue
1934 648 2050 695 tum

462 740 641 792 hieme
668 746 781 791 tum
807 744 996 791 aestate
1036 737 1219 790 alunt.
1259 734 1392 791 Belli
1441 744 1624 789 autem
1669 742 1916 805 tempore
1958 749 2055 789 ne-

461 830 737 885 cessarios
771 828 835 883 ad
868 842 1026 882 usum
1057 843 1230 897 equos
1260 828 1521 892 retinent,
1546 832 1601 879 et
1623 840 1791 896 prope
1818 824 2054 880 Turcica

420 922 703 975 .tentoria
752 919 957 990 pedit-is
1016 919 1237 989 injectis
1292 927 1502 984 tenent,
1549 926 1720 990 atque
1769 934 1946 989 usque
1985 916 2054 972 ad

461 1013 637 1082 ipsius
673 1012 851 1084 praelii
886 1019 1102 1081 tempus
1134 1021 1489 1068 conservant.

535 1200 623 1256 54.
654 1199 929 1255 Excubias
959 1197 1177 1254 eminus
1222 1197 1527 1253 collocatas
1572 1196 1799 1262 habent,
1832 1194 1928 1252 sed
1979 1196 2055 1249 ita

466 1295 709 1357 crebras,
745 1301 805 1345 ut
852 1306 961 1346 non
1006 1290 1168 1346 facile
1211 1290 1412 1348 subitis
1462 1290 1920 1361 impressionibus
1955 1302 2058 1359 op-

468 1387 631 1459 primi
663 1386 895 1454 possint.

539 1481 627 1535 55.
668 1480 726 1533 ln
762 1478 979 1547 proelio,
1025 1482 1085 1530 ut
1121 1472 1353 1529 Romani
1407 1474 1641 1538 faciunt,
1687 1474 1861 1529 aciem
1898 1488 2055 1529 suam

469 1575 525 1629 in
561 1581 672 1627 tres
708 1580 891 1641 partes
941 1583 1048 1623 non
1088 1568 1362 1633 dividunt,
1395 1565 1490 1620 sed
1519 1566 1755 1621 diversis
1792 1566 1845 1619 in
1885 1566 2058 1635 parti-

470 1666 573 1717 bus
602 1660 875 1730 drungisti
904 1658 1067 1713 simul
1119 1667 1173 1712 et
1203 1656 1493 1711 confertim
1528 1656 1672 1711 inter
1699 1672 1758 1712 se
1786 1657 2055 1726 adjuncti,

471 1765 657 1826 partes
689 1754 763 1807 ita
798 1766 988 1821 parum
1019 1752 1163 1804 inter
1189 1764 1250 1805 se
1291 1750 1558 1804 distantes
1597 1749 1821 1815 habent,
1862 1757 1921 1803 ut
1952 1764 2057 1804 una

467 1849 721 1902 videatur
749 1859 872 1899 esse
905 1843 1076 1898 acies.

540 1940 632 1996 56.
680 1939 883 1992 Prseter
940 1937 1114 1991 aciem
1161 1935 1489 1990 instructam
1543 1934 1733 2005 copias
1784 1932 2053 2003 quasdam

469 2041 734 2103 praeterea
773 2028 999 2091 habent,
1025 2040 1164 2096 quas
1192 2025 1275 2080 vel
1321 2026 1389 2080 ad
1424 2024 1659 2080 insidias
1704 2025 1932 2079 mittunt
1959 2024 2056 2079 ad-

470 2137 689 2179 versum
720 2135 817 2177 eos
850 2119 945 2188 qui
990 2117 1332 2188 negligenter
1359 2118 1413 2171 in
1450 2116 1634 2170 hostili
1666 2116 1787 2172 acie
1816 2115 1926 2170 illis
1955 2130 2055 2185 op-

468 2223 769 2288 ponuntur,
803 2213 886 2268 vel
921 2211 987 2265 ad
1038 2210 1346 2266 subsidium
1398 2208 1611 2264 afﬂictae
1670 2223 2057 2279 oppressaque

468 2307 641 2379 partis
692 2305 976 2361 emittunt.
1023 2301 1261 2357 Tuldum
1336 2310 1545 2366 autem,
1598 2300 1648 2355 id
1699 2307 1785 2355 est
1825 2299 2056 2369 impedi-

469 2408 677 2460 menta,
729 2410 757 2448 a
789 2404 941 2463 tergo
986 2393 1125 2447 aciei
1158 2406 1327 2461 prope
1356 2391 1439 2446 vel
1471 2389 1539 2443 ad
1574 2390 1846 2455 dextram,
1880 2388 1961 2443 vel
1987 2386 2054 2440 ad

469 2489 780 2549 sinistram,
814 2484 977 2537 unius
1011 2492 1106 2536 aut
1132 2482 1369 2536 duorum
1416 2480 1737 2534 milliarium
1769 2477 2058 2534 intervallo

474 2580 697 2641 habent,
740 2585 793 2629 et
841 2588 1064 2645 parvam
1121 2572 1419 2642 quamdam
1465 2570 1774 2626 custodiam
1819 2567 2056 2622 militum

472 2672 550 2727 illi
578 2670 889 2740 assignant.

544 2766 635 2821 57.
678 2764 833 2833 Saepe
879 2769 1062 2815 autem
1105 2757 1411 2829 superfluos
1449 2769 1625 2825 equos
1674 2767 1704 2806 a
1744 2760 1897 2823 tergo
1935 2758 2059 2822 post

470 2860 645 2914 aciem
701 2857 1028 2911 instructam
1084 2852 1287 2916 locant,
1335 2856 1392 2904 et
1460 2845 1772 2915 manipulos
1826 2844 2059 2899 confuse

474 2958 643 3019 atque
673 2945 984 3001 inordinate
1028 2948 1339 3013 apparant;
1388 2947 1449 2994 ut
1477 2938 1709 2994 densata
1736 2936 1955 3005 altaque
1986 2935 2059 2989 sit

470 3041 806 3112 permultum
835 3037 1122 3104 laborant,
1142 3034 1379 3088 frontem
1405 3035 1552 3103 vero:
1573 3029 1899 3102 aequabilem
1927 3028 2059 3084 den-

470 3146 698 3202 samque
730 3130 959 3185 faciunt.

542 3400 631 3456 58.
668 3400 911 3456 Utuntur
941 3397 1141 3469 pugnis
1166 3396 1386 3454 eminus
1415 3395 1643 3463 habitis,
1678 3391 1916 3458 insidiis,
1946 3391 2061 3445 cir-

470 3491 1001 3563 cumscriptionibus
1051 3489 1319 3555 hostium,
1370 3488 1644 3546 simulatis
1700 3482 2061 3543 discessioni-

472 3584 601 3647 bus.
632 3581 1116 3648 conversionibus,
1145 3590 1200 3637 et
1232 3580 1496 3651 dispersis
1528 3578 1773 3635 aciebus.

544 3853 633 3907 59.
678 3850 779 3906 Ubi
819 3850 1004 3907 hostes
1034 3850 1089 3905 in
1119 3850 1297 3918 fugam
1325 3849 1611 3916 verterint,
1642 3848 1774 3903 illud
1820 3848 2054 3918 primum

472 3948 751 4010 laborant,
786 3954 847 3999 ut
901 3946 1052 3998 omni
1096 3944 1457 4000 contentione
1505 3946 1889 4014 insequantur,
1919 3945 2055 3998 nihil

473 4040 627 4108 prius
683 4037 988 4100 habentes,
1040 4050 1206 4107 quam
1269 4036 1523 4105 persequi
1578 4036 1782 4091 hostes.
1845 4036 2053 4106 Neque,

472 4129 933 4197 quemadmodum
967 4128 1196 4182 Romani
1254 4128 1588 4197 reliquaeque
1619 4127 1893 4193 nationes,
1920 4142 2055 4181 cnn-

473 4221 610 4272 teuti
671 4227 800 4271 sunt
849 4217 1198 4271 mediocriter
1248 4216 1372 4271 illos
1422 4216 1660 4286 insequi,
1690 4229 1746 4272 et
1793 4219 2054 4287 pecunias

472 4309 689 4362 illorum
739 4307 996 4375 diripere,
1058 4305 1154 4361 sed
1215 4321 1281 4361 eo
1324 4321 1499 4376 usque
1564 4307 1864 4374 invadunt,
1921 4308 2052 4363 dum

472 4397 731 4451 omnibus
761 4397 964 4465 quibus
1000 4406 1237 4466 possunt
1279 4397 1382 4452 viis
1430 4397 1615 4454 hostes
1664 4401 1917 4468 protinus
1957 4401 2054 4457 de-

469 4492 635 4546 leant.

540 4584 629 4639 60.
667 4582 725 4637 Si
777 4581 869 4652 qui
902 4595 967 4635 ex
1014 4580 1262 4639 hostibus
1305 4581 1610 4639 Turcorum
1662 4586 1730 4642 ad
1785 4588 2048 4644 munitio-

468 4691 594 4731 nem
650 4676 888 4743 aliquam
960 4672 1355 4743 confugerint,
1413 4677 1705 4733 confestim
1775 4691 2048 4735 conantur

466 4775 806 4821 commeatus
854 4766 1117 4835 inopiam,
1145 4768 1189 4821 si
1225 4783 1361 4837 qua:
1389 4770 1482 4837 sit,
1525 4782 1619 4824 aut
1653 4773 1917 4839 virorum,
1953 4782 2048 4828 aut

462 4858 836 4928 jumentorutn
873 4874 1229 4930 cognoscere,
1263 4872 1318 4915 et
1366 4861 1441 4916 ibi
1484 4863 1539 4916 in
1586 4864 1846 4920 continua
1896 4867 2048 4921 obsi-

466 4948 631 5003 dione
665 4956 815 5013 sunt,
874 4949 1051 5005 donec
1092 4951 1213 5021 ejus
1252 4952 1435 5023 inopia
1481 4952 1669 5009 hostes
1712 4957 2046 5026 opprimant,

467 5039 551 5093 vel
590 5039 656 5092 ad
687 5041 925 5110 aliquam
960 5042 1403 5108 consensionem,
1438 5044 1891 5101 autdeditionem
1924 5048 2047 5106 illos

465 5134 874 5203 compulerint;
916 5150 980 5189 ac
1012 5136 1187 5206 primo
1212 5137 1415 5192 leviora
1452 5138 1561 5193 illis
1586 5152 1919 5209 proponunt,
1952 5155 2046 5196 as-

467 5228 834 5282 sentientibus
868 5227 1066 5283 deinde
1099 5231 1354 5298 graviora
1395 5231 1701 5301 imponunt.

534 5405 623 5459 6L
658 5403 724 5460 ili
756 5407 1060 5461 Turcorum
1106 5422 1286 5463 mores
1320 5408 1422 5465 hoc
1470 5411 1589 5466 solo
1625 5426 1655 5463 a
1688 5410 2043 5483 Bulgarorum

463 5494 691 5560 distant,
751 5498 897 5566 quod
956 5499 1006 5551 hi
1054 5498 1496 5554 Christianorum
1549 5504 1817 5571 complexi
1860 5505 2038 5571 ﬁdem,

462 5585 836 5641 Romanorum
885 5591 1132 5646 moribus
1178 5593 1497 5659 assuefacti,
1528 5608 1739 5649 morum
1774 5600 2041 5667 asperita-

463 5685 569 5726 tem
594 5687 649 5731 et
681 5692 951 5748 agrestem
982 5684 1147 5739 vitam
1185 5685 1349 5739 simul
1382 5700 1506 5739 cum
1541 5686 1861 5746 infidelitate
1891 5693 2042 5763 ab;e-

463 5770 681 5815 θοι-ωλι.

1717 342 1995 403 LEONIS
2025 339 2487 402 PHILOSOPHI

3636 347 3745 415 960

2222 450 2324 521 νγ’.
2366 449 2749 504 ’Δπλικεύουσι
2810 449 2866 503 δὲ
2898 448 2999 504 ούκ
3055 452 3115 505 ἐν
3168 454 3450 525 φοσσάτῳ,
3475 457 3667 529 ῶσπερ
3694 462 3743 513 οἱ

2173 546 2456 616 Ῥωμαῖοι,
2490 544 2627 600 ἀλλά
2650 544 2814 616 μέχρι
2856 546 2957 616 μὲν
2995 547 3096 617 τῆς
3125 547 3220 601 τοῦ
3251 550 3488 621 πολέμου
3535 553 3749 626 ἡμέρας

2162 641 2552 712 διεσπαρμένοι
2608 640 2752 693 κατά
2815 640 2949 709 γένη
2998 642 3092 694 καὶ
3142 640 3338 709 φυλάς,
3368 645 3497 706 τοὺς
3544 643 3747 707 ἵππους

2161 734 2453 805 βόσκοντες
2498 733 2764 803 διηνεκῶς
2814 734 2871 785 ὲν
2917 731 3066 805 θέρει
3122 734 3218 787 καὶ
3262 734 3516 805 χειμῶνι.
3564 736 3654 789 Ἐν
3688 738 3748 791 δὲ

2158 825 2337 899 καιρῷ
2372 825 2611 897 πολέμου
2640 827 2768 889 τοὺς
2798 826 3131 893 ἀναγκαίους
3157 825 3360 890 ἵππους
3389 828 3742 898 κατέχοντες,

2159 918 2254 972 καὶ
2312 917 2693 982 πεδικλοῦντες
2739 916 2967 989 πλησίον
3020 917 3129 970 τῶν
3180 917 3498 988 Τουρκικῶν
3542 922 3748 974 τεντῶν

2159 1010 2491 1080 φυλάττουσι
2517 1011 2683 1081 μέχρι
2706 1008 2901 1080 καιροῦ
2921 1008 3023 1080 τῆς
3045 1010 3435 1081 παρατάξεως,
3454 1011 3559 1065 ὑπὸ
3577 1012 3749 1067 νύκτα

2157 1102 2261 1173 τῆς
2288 1102 2652 1174 παρατάξεως
2681 1102 3079 1173 ἀπαρχόμενοι.

2230 1195 2326 1250 νϐ’.
2357 1195 2470 1258 Τὰς
2499 1194 2556 1248 δὲ
2593 1193 2785 1265 βίγλας
2812 1193 2995 1248 αὐτῶν
3020 1193 3129 1248 ἀπὸ
3162 1193 3441 1266 μακρόθεν
3471 1196 3746 1251 ἀλλεπάλ-

2160 1285 2357 1355 λήλους
2403 1284 2673 1353 ποιοῦσιν,
2704 1285 2787 1349 είς
2813 1284 2874 1339 τὸ
2913 1284 2990 1356 μὴ
3038 1283 3277 1348 εὐκόλως
3304 1286 3505 1351 αὐτοὺς
3542 1288 3749 1358 ὑπομέ-

2159 1395 2273 1434 νειν
2298 1376 2744 1448 αἰφνιδιασμούς.

2231 1468 2325 1523 νε⁹.
2375 1469 2465 1522 Ἐν
2503 1467 2561 1521 δὲ
2585 1470 2651 1538 τῇ
2690 1467 2840 1538 μάχῃ
2869 1466 2968 1536 ούχ
2995 1465 3070 1530 ὡς
3096 1467 3145 1519 οἱ
3178 1466 3442 1538 Ῥωμαῖοι
3467 1468 3750 1535 παρατάσ-

2171 1577 2358 1614 σουσιν
2390 1561 2448 1613 ἐν
2485 1561 2635 1631 τρισὶ
2688 1560 2934 1629 μέρεσιν,
2959 1557 3074 1611 ἀλλ’
3107 1558 3167 1610 ὲν
3210 1558 3490 1628 διαφόροις
3528 1560 3749 1630 μοίραις

2159 1652 2477 1723 δρουγγιστὶ
2516 1650 2885 1712 συνάπτοντες
2908 1648 3168 1719 ἀλλήλαις
3188 1648 3283 1713 τὰς
3322 1650 3515 1721 μοίρας
3552 1651 3748 1721 μικρὸν

2161 1745 2257 1799 ἀπ’
2326 1744 2572 1815 ἀλλήλων
2631 1743 3018 1812 διισταμένας,
3063 1740 3221 1810 [time
3280 1743 3411 1813 μίαν
3462 1742 3748 1813 φαίνεσθαι

2085 1848 2128 1903 Β
2159 1836 2489 1909 παράταξιν.

2230 1937 2339 1995 νςν.
2377 1931 2600 1999 Ἔχουσι
2628 1927 2687 1981 δὲ
2716 1927 2822 1994 ἔξω
2840 1929 2941 1998 τῆς
2970 1927 3332 1999 παρατάξεως
3369 1927 3597 2000 δύναμίν
3626 1946 3749 1983 τινα

2156 2022 2221 2075 ὲκ
2254 2021 2541 2093 περισσοῦ,
2569 2025 2635 2093 ἢν
2681 2019 2820 2089 πρὸς
2864 2018 3167 2090 Εγκρυμμα
3192 2018 3572 2089 ἐκπέμπουσιν
3605 2020 3750 2074 κατά

2156 2115 2266 2169 τῶν
2295 2113 2517 2185 ἀμελῶς
2560 2111 3038 2181 ἀντιτασσομένων
3064 2112 3273 2175 αὐτοῖς,
3302 2112 3334 2183 ἢ
3367 2112 3463 2165 καὶ
3504 2115 3584 2175 είς
3615 2113 3749 2185 βοή-

2158 2206 2311 2260 θειαν
2361 2205 2457 2260 τοῦ
2526 2203 2868 2275 βαρουμένου
2921 2203 3124 2273 μέρους
3171 2202 3527 2272 φυλάττουσι.
3559 2204 3633 2258 To
3689 2206 3747 2259 δὲ

2157 2298 2376 2353 τοῦλδον
2402 2297 2587 2353 αὐτῶν
2614 2295 2839 2351 ὄπισθεν
2868 2295 2968 2363 τῆς
2995 2294 3371 2366 παρατάξεως
3399 2296 3583 2367 έχουσι
3615 2298 3755 2368 πλη-

2158 2392 2300 2456 σίον,
2325 2391 2357 2462 ἢ
2383 2390 2591 2463 δεξιᾷῆ
2636 2389 2906 2460 ἀριστερᾷ
2950 2388 3051 2458 τῆς
3109 2388 3497 2463 παρατάξεως,
3524 2392 3599 2455 ὡς
3627 2393 3738 2445 ἀπὸ

2158 2483 2277 2547 ἑνὸς
2308 2484 2342 2555 ἢ
2374 2483 2629 2554 δευτέρου
2667 2479 2871 2552 μιλίου,
2906 2478 3161 2548 ἀφιέντες
3190 2483 3251 2536 ὲν
3293 2482 3444 2554 αύτῷ
3496 2484 3590 2539 καὶ
3639 2484 3751 2538 ὀλί-

2158 2591 2262 2646 γην
2290 2575 2717 2645 παραφυλακήν.

2229 2768 2326 2835 νεῖ.
2361 2771 2631 2835 Πολλάκις
2652 2772 2710 2826 δὲ
2742 2774 2839 2827 καὶ
2870 2774 3269 2844 συζευγνύντες
3292 2774 3421 2838 τοὺς
3449 2774 3747 2845 περισσοὺς

2159 2862 2269 2917 τῶν
2299 2863 2481 2917 ἵππων
2514 2864 2660 2918 κατά
2691 2864 2887 2933 νώτου,
2919 2868 3088 2939 ηγουν
3112 2866 3338 2921 θπισθεν
3368 2867 3468 2937 τῆς
3498 2867 3747 2931 παρατά-

2161 2953 2296 3018 ξεως
2349 2956 2533 3009 αὐτῶν
2578 2956 2823 3011 ποιοῦσιν
2879 2960 2961 3022 εἰς
3014 2959 3262 3030 φυλακὴν
3308 2959 3504 3029 αὐτῆς,
3549 2959 3642 3012 καὶ
3679 2960 3748 3013 τά

2165 3046 2267 3118 μὲν
2305 3047 2446 3119 βάθη
2494 3050 2604 3104 τῶν
2651 3051 2825 3107 ἀκιῶν
2882 3051 2980 3122 τῆς
3014 3053 3379 3123 παρατάξεως
3416 3053 3587 3124 ἤγουν
3617 3055 3747 3117 τοὺς

2166 3139 2380 3208 στίχους
2425 3141 2694 3212 ἀορίστως
2716 3141 2955 3209 ποιοῦσι,
2986 3143 3073 3199 διὰ
3115 3145 3175 3198 τὸ
3201 3148 3438 3215 παχεῖαν
3469 3141 3610 3199 εἶναι
3646 3146 3747 3218 τὴν

2165 3234 2470 3304 παράταξιν
2529 3234 2730 3306 βάθους
2787 3234 2991 3306 μᾶλλον
3048 3235 3453 3307 φροντίζοντες,
3483 3238 3578 3293 καὶ
3631 3237 3747 3292 ἴσον

2163 3322 2375 3378 ποιοῦσι
2415 3329 2507 3381 καὶ
2542 3326 2746 3381 πυκνὸν
2781 3326 2842 3379 τὸ
2876 3326 3153 3396 μέτωπον.

2236 3406 2338 3479 νη’.
2369 3410 2633 3482 Χαὲρουσι
2674 3413 2732 3469 δὲ
2782 3418 2986 3485 μᾶλλον
3016 3421 3137 3483 ταῖς
3186 3418 3295 3472 ἀπὸ
3339 3420 3581 3491 μήκοθεν
3644 3421 3749 3493 μά-

2158 3518 2303 3571 χαις,
2331 3502 2424 3555 καὶ
2458 3504 2723 3575 ἐνέδραις,
2774 3509 2870 3564 καὶ
2922 3514 3044 3575 ταῖς
3084 3512 3392 3567 κυκλώσεσι
3446 3514 3589 3568 κατά
3632 3515 3745 3570 τῶν

2163 3594 2457 3661 ἐναντίων,
2498 3597 2592 3650 καὶ
2643 3601 2767 3663 ταῖς
2825 3603 3334 3675 ὲσχηματισμέναις
3387 3605 3746 3678 ὑποχωρήσε-

2159 3706 2267 3845 ἔιν,
2292 3687 2389 3742 καὶ
2419 3690 2837 3763 ἀντιστροφαῖς,
2877 3696 2969 3748 καὶ
3012 3698 3134 3759 ταῖς
3179 3696 3609 3770 διεσπαρμέναις
3639 3702 3744 3754 τά·

2193 3796 2327 3833 εσιν.

2193 3796 2327 3833 εσιν.

2227 3868 2323 3924 νθ’.
2358 3870 2529 3925 Ὅταν
2553 3871 2609 3926 δὲ
2642 3872 2883 3943 τρέψωσι
2904 3875 3031 3938 τοὺς
3059 3874 3289 3946 ἐχθροὺς
3316 3875 3522 3943 αὐτῶν,
3563 3876 3745 3931 πάντα

2157 3961 2216 4012 ὲν
2269 3962 2508 4033 δευτέρῳ
2576 3963 2838 4031 τιθέασιν,
2911 3965 3008 4019 καὶ
3075 3966 3313 4033 ἀφειδῶς
3360 3967 3691 4020 ἐπιτίθενται
3724 4009 3739 4031 ,

2157 4054 2311 4108 οὐδὲν
2340 4055 2531 4126 ἓτερον
2554 4056 2918 4127 λογιζόμενοι,
2954 4057 2988 4128 ἢ
3011 4058 3074 4111 τὸ
3106 4058 3346 4112 διώκειν.
3369 4060 3483 4113 Οὐκ
3508 4059 3745 4131 ἀρκοῦν-

2157 4164 2244 4199 ται
2285 4146 2416 4218 γάρ,
2477 4147 2663 4218 ὥσπερ
2694 4151 2741 4201 oi
2776 4148 3036 4219 Ῥωμαῖοι
3086 4152 3181 4202 καὶ
3218 4149 3283 4203 τά
3326 4150 3461 4205 ἄλλα
3490 4150 3639 4221 ἔθνη,
3671 4153 3739 4221 τῇ

2161 4238 2361 4310 μετρίᾳ
2388 4238 2740 4305 καταδιώξει,
2772 4239 2866 4292 καὶ
2894 4241 2960 4310 τῇ
2995 4239 3103 4294 τῶν
3144 4242 3447 4313 χρημάτων
3482 4241 3738 4312 ἁρπαγῇ,

2157 4329 2295 4383 ἀλλά
2351 4330 2513 4401 μέχρι
2561 4330 2819 4385 τοσούτου
2850 4332 3179 4396 ἐπίκεινται,
3238 4333 3342 4395 ἔως
3397 4332 3464 4386 ἂν
3519 4333 3741 4397 τελείως

2155 4422 2256 4491 τὴν
2282 4421 2393 4474 τῶν
2410 4421 2636 4493 κὲχῦρῶν
2667 4423 2965 4478 κατάλυσιν
3010 4424 3369 4494 ποιήσωνται,
3404 4425 3555 4496 πάσῃ
3603 4424 3741 4496 μεθ-

2081 4527 2129 4585 D
2155 4514 2257 4584 όδῳ
2279 4515 2356 4577 είς
2389 4512 2551 4569 τοῦτο
2578 4518 2929 4588 κεχρημένοι.

2227 4605 2290 4671 ξ’.
2346 4607 2469 4660 Ἐὰν
2527 4607 2586 4662 δέ
2632 4625 2779 4672 τινες
2818 4608 2929 4662 τῶν
2960 4609 3173 4680 ἐχθρῶν
3200 4609 3381 4663 αὐτῶν
3415 4610 3737 4681 διωκόμενοι

2152 4700 2232 4763 είς
2295 4700 2557 4771 ὀχύρωμα
2596 4702 3006 4770 καταφεύγωσι,
3061 4702 3429 4766 σπουδάζουσι
3483 4701 3731 4773 ἀκριϐῶς

2154 4791 2545 4854 κατανοοῦντες
2589 4792 2688 4862 τὴν
2754 4793 2864 4846 τῶν
2917 4794 3233 4862 ἀναγκαίων
3263 4794 3473 4848 ἔνδειαν
3505 4795 3597 4847 καὶ
3627 4792 3738 4846 τῶν

2155 4881 2343 4933 ἴττπων
2378 4881 2473 4934 καὶ
2500 4882 2610 4933 τῶν
2638 4882 2870 4953 ἀνδρῶν,
2895 4885 2988 4938 καὶ
3016 4885 3523 4956 προσκαρτεροῦσιν
3558 4885 3641 4936 ἵνα
3670 4888 3735 4955 τῇ

2157 4971 2433 5041 στενότητι
2498 4972 2706 5024 τούτων
2733 4974 3105 5045 χειρώσωνται
3137 4976 3264 5038 τοὺς
3294 4976 3541 5047 ἐχθροὺς,
3582 4975 3614 5045 ἦ
3656 4976 3738 5037 είς

2154 5064 2222 5115 τά
2256 5065 2558 5134 ἀρέσκοντα
2615 5067 2799 5129 αὐτοῖς
2862 5068 3129 5138 σύμφωνα
3170 5069 3393 5132 τούτους
3457 5071 3732 5137 ἀγάγωσι,

2155 5155 2388 5224 πρώτως
2437 5158 2536 5227 μὲν
2602 5159 2945 5231 ἐλαφρότερά
3008 5179 3130 5216 τινα
3179 5161 3585 5231 ἐπιζητοῦντες,
3641 5164 3737 5215 καὶ⁵

2152 5246 2273 5297 τότε
2307 5247 2707 5318 συντιθεμένων
2736 5250 2919 5314 αὐτοῖς
2948 5251 3054 5305 τῶν
3085 5252 3295 5324 ἐχθρῶν
3335 5253 3497 5323 ἕτερα
3547 5253 3729 5321 μείζο-

2156 5354 2218 5389 να
2260 5338 2669 5407 προστιθέασιν.

2225 5428 2324 5493 Ea’.
2354 5431 2540 5484 Ταῦτα
2593 5433 2693 5501 μὲν
2751 5435 2819 5488 τά
2881 5436 2988 5490 τῶν
3037 5437 3297 5507 Τούρκων
3353 5437 3454 5507 ἥδη
3495 5437 3733 5507 τοσούτῳ

2153 5523 2301 5592 μόνῳ
2330 5524 2659 5596 διαφέροντα
2690 5528 2798 5581 τῶν
2822 5529 3169 5600 Βουλγάρων,
3203 5532 3312 5601 ὅσῳ
3336 5532 3434 5600 τὴν
3466 5529 3731 5599 Χριστια-

2151 5612 2257 5665 νῶν
2280 5607 2424 5668 οὖτοι
2474 5618 2852 5688 ἀσπασάμενοι
2887 5622 3089 5686 πίστιν,
3124 5624 3216 5676 καὶ
3247 5626 3359 5687 τοῖς
3406 5622 3730 5689 Ῥωμαϊκοῖς

2150 5706 2237 5757 ἐπ’
2264 5706 2441 5775 ὀλίγον
2501 5710 2858 5778 μετεϐάλοντο
2912 5713 3089 5784 ἤθεσι,
3121 5717 3181 5768 τό
3211 5734 3269 5768 τε
3312 5716 3371 5769 τὸ
3394 5716 3586 5785 ἄγριον
3636 5716 3729 5767 καὶ

2150 5799 2440 5867 νομαδικὸν
2467 5802 2542 5869 τῷ
2566 5804 2778 5873 ἀπίστῳ
2810 5809 3296 5875 συναποϐαλίντες.
