4090 6438
365 345 476 414 961

1397 348 1735 409 TACTICA.
1766 371 1834 384 --
1870 343 2376 408 CONSTITUTIO
2407 345 2629 406 XVIII.

3527 344 3636 407 96?.

435 459 536 533 ξβ’.
593 459 958 516 Ἐναντιοῦται
1011 461 1068 516 δὲ
1117 463 1396 534 πολεμίοις
1460 466 1726 537 Τοὺρκοις
1771 466 1946 520 ἐνδεία

2124 463 2213 518 62.
2245 462 2566 518 Pastionum
2594 461 2780 531 inopia
2810 461 3049 515 maximo
3075 459 3467 530 impedimento
3496 461 3637 516 Tur-

367 554 571 625 βοσκῆς
599 553 687 607 διὰ
710 554 772 608 τὸ
805 554 1010 626 πλῆθος
1037 548 1112 610 ὧν
1143 557 1496 628 ἐπιφέρονται
1529 559 1759 628 ἀλόγων.

438 726 540 806 ξγδ.
572 741 682 792 Καὶ
731 740 790 792 ὲν
841 739 1021 812 καιρῷ
1075 739 1133 794 δὲ
1185 741 1456 812 συμϐολῆς
1510 741 1664 806 τάξις
1730 742 1933 814 πεζικὴ

377 830 787 899 συντεταγμένη
824 830 1061 900 μάλιστα
1094 832 1288 894 αὐτοὺς
1349 832 1562 902 βλάψει,
1590 834 1666 897 ὡς
1728 834 1948 887 ἐναντία

368 911 550 973 αὐτῶν
601 921 986 992 καϐαλλαρίων
1015 922 1208 988 ὅντων,
1241 925 1335 978 καὶ
1380 925 1455 995 μὴ
1509 925 1948 978 καταϐαινόντων

369 1010 478 1065 ἀπὸ
531 1011 644 1065 τῶν
701 1011 888 1066 ἵππων
918 1028 934 1042 ·
995 1013 1116 1067 οὐδὲ
1167 1014 1278 1084 γὰρ
1344 1015 1536 1085 στῆναι
1601 1016 1740 1087 πεζῇ
1807 1033 1944 1086 καρ-

371 1100 621 1171 τεροῦσιν
644 1100 717 1165 ὡς
741 1102 1138 1172 συντραφέντες
1167 1105 1488 1175 ἐποχεῖσθαι
1513 1107 1626 1168 τοῖς
1657 1105 1870 1168 ἵπποις.

433 1192 533 1257 ξδ’.
583 1193 951 1247 Ἐναντιοῦται
1011 1195 1068 1248 δὲ
1121 1195 1304 1258 αὐτοῖς
1361 1198 1454 1248 καὶ
1529 1197 1694 1259 τόπος
1743 1196 1945 1266 ὁμαλὸς

368 1285 465 1338 καὶ
494 1286 968 1355 γεγυμνασμένος,
1007 1288 1101 1341 καὶ
1136 1287 1200 1358 δὴ
1224 1289 1318 1341 καὶ
1343 1288 1495 1352 τάξις
1521 1289 1900 1359 καϐαλλαρικὴ
1928 1330 1943 1351 ,

369 1377 465 1430 καὶ
528 1378 958 1449 πεπυκνωμένη,
984 1380 1080 1431 καὶ
1133 1379 1475 1443 ἀδιαστάτως
1509 1380 1694 1444 αὐτοῖς
1724 1379 1950 1435 ἀκολου-

370 1469 558 1523 θοῦσα.

440 1556 532 1624 ξδ’.
574 1557 948 1613 Ἐναντιοῦται
977 1560 1036 1613 δὲ
1063 1560 1160 1614 καὶ
1187 1561 1252 1613 ἐκ
1277 1560 1460 1634 χειρὸς
1493 1561 1784 1634 συμπλοκὴ
1811 1562 1951 1632 μετὰ

368 1651 476 1704 τῶν
510 1650 714 1715 ὅπλων,
763 1651 858 1704 καὶ
891 1650 1073 1719 ἔφοδοι
1106 1655 1420 1724 νυκτεριναὶ
1442 1654 1701 1724 ἀσφαλῶς
1731 1657 1951 1725 γινόμε-

369 1758 481 1807 ναι,
515 1735 628 1796 οἷον
678 1741 766 1795 ἵνα
793 1742 844 1794 οἱ
893 1742 992 1813 μὲν
1014 1744 1062 1795 οἱ
1090 1743 1518 1814 προσϐάλλοντες
1547 1747 1732 1809 αὐτοῖς
1757 1746 1815 1798 ἓν
1851 1746 1950 1814 μὲν

2052 569 2244 609 eorum
2290 555 2556 610 exercitui
2588 563 2692 619 est,
2740 554 2868 623 quia
2907 554 3314 609 multitudinem
3358 554 3636 624 jumento-

2054 660 2176 701 rum
2210 661 2396 701 secum
2430 660 2646 715 semper
2673 645 2898 710 vehunt.

2123 736 2213 791 63.
2250 737 2692 792 Conﬂictationis
2741 745 2988 806 tempore
3019 737 3294 808 pedestris
3341 741 3484 796 acies
3518 758 3637 795 ma-

2053 847 2295 902 gnopere
2340 833 2467 886 illos
2513 832 2692 895 laedet,
2737 848 2860 902 quae
2904 833 3134 888 adversa
3185 836 3461 904 equitibus
3495 839 3638 891 solet
3690 897 3710 914 θ

2052 940 2173 979 esse
2209 922 2277 978 iis
2305 924 2397 993 qui
2421 940 2487 978 ex
2522 923 2680 992 equis
2703 923 3042 980 descendere
3067 940 3178 980 non
3210 927 3425 992 solent;
3459 939 3638 997 neque

2053 1014 2199 1067 enim
2255 1023 2404 1069 stare
2449 1014 2681 1084 pedibus
2723 1014 2816 1070 diu
2847 1025 3119 1086 possunt,
3150 1019 3279 1088 quia
3325 1019 3483 1089 equis
3514 1022 3634 1075 vehi

2054 1112 2184 1159 sunt
2207 1104 2380 1168 soliti,

2125 1199 2213 1253 64.
2241 1200 2520 1256 Adversus
2552 1201 2662 1256 illis
2695 1201 2848 1256 locus
2871 1202 3156 1272 :rquahilis
3199 1205 3646 1276 campestrisque

2054 1299 2158 1354 est,
2192 1299 2246 1345 et
2294 1292 2443 1347 acies
2492 1295 2769 1363 equestris
2809 1293 3166 1364 densataque,
3208 1305 3258 1350 et
3303 1299 3422 1352 sine
3466 1299 3637 1352 inter-

2056 1383 2321 1439 missione
2356 1384 2481 1439 illos
2513 1400 2774 1455 sequens.

2132 1563 2220 1617 65.
2252 1562 2508 1619 Adversa:
2556 1565 2668 1620 illis
2701 1574 2833 1620 sunt
2884 1581 3142 1620 manuum
3173 1571 3636 1635 concertationes,

2053 1662 2107 1708 et
2140 1657 2489 1711 incursiones
2532 1666 2843 1724 nocturnae,
2875 1659 2918 1713 si
2965 1659 3037 1714 ita
3087 1670 3204 1716 tuto
3243 1662 3392 1729 ﬁant,
3443 1674 3501 1718 ut
3541 1666 3637 1734 qui

2055 1744 2320 1799 invadunt
2367 1745 2490 1800 illos
2525 1761 2688 1800 unam
2745 1757 2954 1816 partem
3005 1749 3240 1804 habeant
3284 1753 3635 1822 instructam,

369 1821 536 1902 ἔχωσι
565 1831 730 1904 μέρος
759 1833 1115 1902 τεταγμένον,
1135 1836 1196 1888 τὸ
1221 1835 1278 1889 δὲ
1313 1835 1502 1906 ἕτερον
1552 1837 1717 1908 μέρος
1754 1837 1948 1906 ἐγκρυ-

2061 1835 2280 1890 alteram
2303 1847 2485 1891 autem
2513 1839 2785 1893 occultam
2819 1848 2984 1910 atque
3007 1841 3270 1898 abditam.

370 1923 667 1992 πτόμενον,

442 2013 550 2080 εἰς’.
583 2016 762 2069 Λυπεῖ
788 2016 844 2069 δὲ
897 2017 1096 2080 αὐτοὺς
1139 2017 1343 2087 σφόδρα
1383 2019 1478 2072 καὶ
1517 2019 1647 2072 ὅταν
1691 2022 1834 2083 τινὲς
1895 2021 1954 2087 ἐξ

369 2110 551 2164 αὐτῶν
575 2109 933 2180 προσφύγωσι
962 2113 1076 2174 τοῖς
1119 2111 1432 2181 Ῥωμαίοις.
1472 2113 1511 2164 Γ
1518 2111 1806 2167 ινώσκουσι
1846 2115 1955 2186 γὰρ

370 2193 452 2256 ὅτι
481 2201 714 2256 ἄστατον
737 2202 850 2272 ἔχει
887 2202 1111 2274 γνώμην
1151 2203 1211 2256 τὸ
1258 2202 1411 2268 ἔθνος
1444 2204 1645 2270 αὐτῶν,
1673 2205 1768 2259 καὶ
1807 2208 1957 2274 φιλο-

373 2295 586 2364 κερδεῖς
646 2297 806 2361 εἰσιν,
837 2295 930 2348 καὶ
963 2297 1029 2348 ὲκ
1077 2295 1289 2349 πολλῶν
1338 2297 1522 2364 φυλῶν
1567 2299 1945 2367 συγκείμενοι,

371 2387 468 2439 καὶ
495 2388 579 2440 ὅτι
611 2385 702 2440 διὰ
727 2386 885 2440 τοῦτο
933 2387 994 2439 οὐ
1036 2386 1317 2441 ποιοῦνται
1345 2386 1503 2456 λόγον
1531 2388 1810 2457 συγγενῶν
1859 2392 1956 2444 καὶ

372 2479 472 2549 τῆς
504 2480 585 2542 εἰς
615 2477 882 2548 ἀλλήλους
911 2478 1188 2549 ὁμονοίας.

445 2567 543 2636 ξξό
581 2570 806 2639 Ὀλίγων
852 2571 910 2624 δὲ
935 2571 1079 2642 τάχα
1128 2570 1222 2624 τοῦ
1256 2574 1595 2642 προσφυγεῖν
1637 2572 1958 2643 ἀπαρχομέ-

377 2681 483 2717 νων
512 2664 609 2718 καὶ
628 2663 1143 2734 φιλοφρονουμένων
1169 2663 1300 2734 παρ’
1324 2665 1357 2734 ἡ
1367 2662 1506 2734 μῶν,
1538 2663 1746 2733 πλῆθος
1773 2665 1958 2728 αὐτοῖς

373 2756 752 2812 ἐπακολουθεῖ.
784 2756 876 2810 Διὸ
908 2756 1003 2811 καὶ
1042 2755 1256 2828 βαρέως
1298 2757 1558 2828 φέρουσιν
1593 2758 1689 2810 ἐπὶ
1716 2760 1830 2822 τοῖς
1861 2758 1956 2812 ἀπ’

373 2845 552 2900 αὐτῶν
583 2845 982 2918 ἀναχωροῦσιν.

449 2956 552 3030 ξη’.
587 2959 758 3013 Ὅταν
795 2953 889 3012 οὖν
927 2957 1164 3028 βουληθῇ
1196 2974 1282 3020 τις
1316 2958 1453 3028 πρὸς
1495 2957 1691 3021 αὐτοὺς
1743 2958 1957 3026 ἐγγίσαι

375 3053 514 3120 πρὸς
563 3051 766 3120 μάχην,
802 3051 908 3121 πρό
949 3067 1013 3118 γε
1063 3050 1282 3103 πάντων
1328 3049 1474 3118 ἔχειν
1523 3049 1686 3103 αὐτὸν
1717 3049 1836 3102 δέον
1860 3051 1958 3111 τὰς

379 3140 573 3210 βίγλας
612 3140 892 3211 ἐπιμελῶς
955 3140 1052 3194 καὶ
1111 3142 1354 3212 συνεχεῖς
1410 3140 1519 3194 ἀπὸ
1574 3139 1958 3212 διαστημάτων

375 3232 598 3303 ὀλίγων,
626 3229 746 3287 εἶτα
781 3233 1122 3303 μεριμνῆσαι
1177 3233 1272 3285 καὶ
1318 3233 1748 3303 προευτρεπίσαι
1779 3230 1844 3284 τὰ
1878 3232 1959 3294 είς

376 3323 646 3395 ὃευτέραν
689 3325 860 3394 τύχην
891 3322 1229 3393 τυγχανόντα
1260 3339 1274 3352 ·
1315 3324 1484 3392 ἤγουν
1536 3324 1751 3394 μήποτε
1782 3323 1958 3392 τροπὴ

375 3416 602 3487 γένηται
637 3415 746 3469 τῶν
796 3413 1305 3484 ἀντιπολεμούντων
1349 3414 1555 3477 αὐτοῖς,
1590 3415 1676 3468 ἵνα
1703 3413 1798 3466 καὶ
1834 3415 1959 3482 ex»-

382 3507 476 3578 ρδν
529 3509 694 3560 τόπον
743 3505 1060 3578 κατανοήσῃ
1087 3506 1146 3557 ὲν
1204 3503 1384 3575 καιρῷ
1429 3504 1828 3572 περιστάσεως,
1861 3504 1955 3555 καὶ

322 3650 325 3653 ,
378 3602 633 3672 δαπάνην
664 3601 875 3673 ὲφεύρῃ
924 3600 1122 3669 ὀλίγων
1189 3599 1435 3671 ἡμερῶν,
1470 3599 1520 3652 εί
1579 3598 1679 3669 μὲν
1735 3597 1960 3651 δυνατόν

379 3697 498 3750 ἐστι
550 3695 644 3749 καὶ
673 3693 783 3747 τῶν
829 3693 1065 3761 ἀλόγων,
1093 3693 1187 3746 ἐπὶ
1218 3692 1422 3755 παντὸς
1460 3691 1568 3745 τῶν
1599 3690 1831 3760 ἀνδρῶν,
1867 3692 1960 3744 καὶ

383 3785 620 3856 μάλιστα
654 3784 754 3854 τὴν
777 3783 872 3837 τοῦ
905 3782 1100 3846 ὓδατος
1137 3782 1419 3854 εὐπορίαν,
1452 3777 1572 3836 εἶτα
1599 3782 1695 3836 καὶ
1728 3781 1790 3834 τὸ
1808 3780 1962 3834 τοῦλ-

377 3875 468 3930 δον
523 3874 794 3944 διαθήσει,
843 3872 919 3936 ὡς
961 3873 1018 3926 ἐν
1045 3871 1126 3943 τῷ
1153 3875 1282 3944 περὶ
1307 3869 1472 3926 αὑτοῦ
1503 3870 1784 3941 κεφαλαίῳ
1824 3871 1957 3940 ἡμῖν

379 3982 618 4036 ειρηται.

462 4077 563 4144 ξθ’.
595 4079 708 4133 Καὶ
742 4078 839 4133 ἐὰν
874 4078 976 4149 μὲν
1007 4079 1225 4131 σύνεστι
1265 4078 1486 4142 πεξικδς
1515 4078 1744 4149 στρατὸς
1785 4080 1843 4132 ἐν
1892 4082 1960 4152 τῇ

382 4172 582 4244 πρώτῃ
606 4171 842 4241 μάλιστα
868 4170 1046 4240 μάχῃ,
1073 4172 1133 4224 ὲν
1165 4173 1275 4241 ὅσῳ
1300 4172 1328 4223 ό
1360 4174 1588 4242 στρατὸς
1621 4174 1679 4226 ὲν
1701 4173 1960 4242 συνηθείᾳ

382 4264 480 4319 τοῦ
533 4263 720 4326 ἔθνους
771 4262 1009 4331 γίνεται,
1046 4262 1275 4328 ἐκτάξαι
1307 4262 1472 4315 αὑτὸν
1503 4261 1646 4316 κατὰ
1673 4263 1766 4316 τὸν
1791 4263 1962 4334 δηλω-

384 4358 548 4411 θέντα
604 4359 736 4426 ἡμῖν
801 4358 860 4408 ὲν
911 4355 1093 4418 ἄλλοις
1135 4355 1360 4426 τρόπον,
1410 4354 1556 4407 τοῦτ’
1615 4354 1782 4422 ἔστιν,
1823 4355 1961 4409 ὥστε

384 4445 531 4516 ἔχειν
570 4447 696 4509 τοὺς
754 4444 1156 4514 καὸαλλαρίους
1193 4444 1668 4514 ὑποτεταγμένους
1719 4445 1831 4508 τοῖς
1863 4461 1961 4498 πε-

385 4541 518 4606 ζοῖς.

455 4663 520 4709 o'.
554 4655 615 4708 Εἰ
653 4654 709 4708 δὲ
743 4653 902 4724 μόνον
929 4651 1283 4723 καϐαλλάριοί
1315 4651 1450 4704 εἰσιν
1481 4652 1530 4704 οἱ
1570 4651 1963 4721 ἀντιτασσόμε-

385 4765 467 4802 νοι
490 4749 694 4813 αὐτοῖς,
731 4747 826 4800 καὶ
851 4744 1139 4816 ἀξιόμαχοι
1168 4744 1304 4814 πρὸς
1333 4743 1432 4813 τὴν
1455 4744 1678 4796 ἐκείνων
1711 4741 1962 4812 δύναμιν,

386 4840 530 4894 κατὰ
572 4839 663 4892 τὸν
726 4837 987 4907 λεχθέντα
1045 4837 1248 4907 τρόπον
1286 4835 1380 4889 καὶ
1423 4835 1586 4888 αὑτὸν
1637 4837 1696 4888 ἐν
1725 4834 1802 4906 τῷ
1836 4836 1964 4903 περὶ

384 4931 590 4998 τάξεως
617 4930 762 5000 λόγῳ
783 4930 934 4994 τάξει
964 4928 1181 4991 αὐτούς.

460 5131 560 5189 οα’.
591 5133 854 5197 ΙΙλείονας
908 5134 965 5188 δὲ
1016 5135 1073 5187 ὲν
1133 5137 1243 5198 τοῖς
1290 5135 1541 5204 πλαγίοις
1591 5136 1843 5207 ἀφορίσει
1873 5136 1968 5189 καὶ

387 5229 715 5298 χρησίμους.
769 5229 860 5282 Ἐν
895 5227 972 5299 τῷ
1011 5227 1166 5297 νώτῳ
1219 5229 1328 5299 γὰρ
1384 5231 1563 5283 αὐτῶν
1614 5229 1877 5298 ἀρκοῦσιν
1919 5231 1966 5282 οἱ

387 5320 670 5390 λεγόμενοι
714 5319 1030 5390 διφένσορες
1070 5319 1452 5391 καϐαλλάριοι,
1485 5320 1606 5389 ἤτοι
1637 5322 1686 5373 οἱ
1732 5319 1960 5372 ἔκδικοι.

388 5413 528 5476 Τοὺς
581 5413 637 5466 δὲ
694 5412 1040 5484 κούρσωρας,
1103 5413 1220 5482 ἢτοι
1291 5413 1613 5482 προμάχους
1672 5412 1746 5484 μὴ
1801 5411 1965 5464 πλέον

386 5502 573 5572 τριῶν,
614 5502 964 5574 ἢτεσσὰρων
1013 5502 1410 5571 σαγιττοὸόλων
1453 5503 1552 5573 τῆς
1609 5501 1965 5574 παρατάξεως

386 5593 497 5648 τῶν
546 5594 878 5666 διφενσόρων
911 5597 970 5648 ὲν
1013 5599 1132 5658 ταῖς
1163 5595 1381 5662 διώξεσι
1434 5593 1767 5666 χωρίζεσθαι
1831 5595 1966 5666 μηδὲ

390 5689 749 5761 κατατρέχειν
804 5687 1006 5742 αὐτῶν.
1039 5689 1263 5752 Πάντως
1291 5688 1347 5742 δὲ
1388 5688 1485 5742 καὶ
1520 5687 1759 5759 σπουδὴν
1811 5687 1970 5756 ποιή-

392 5798 542 5835 σεται
581 5782 666 5837 ἵνα
707 5783 765 5835 έν
799 5782 993 5853 γυμνῷ
1025 5782 1118 5836 καὶ
1169 5782 1268 5853 ἴσῳ
1298 5782 1448 5853 τόπῳ
1488 5781 1630 5836 κατὰ
1657 5781 1718 5835 τὸ
1742 5779 1966 5836 δυνατὸν

757 5876 1033 5935 ΡΑτιιοι..
1073 5876 1191 5937 Gn.
1237 5877 1426 5940 CVII.

1983 4501 2039 4561 D

2125 2014 2215 2069 66.
2256 2014 2370 2070 Hoc
2402 2018 2755 2075 vehementer
2798 2021 2922 2076 illos
2970 2035 3148 2089 vexat,
3198 2027 3243 2078 si
3289 2027 3382 2096 qui
3431 2043 3494 2082 ex
3531 2030 3640 2085 illis

2058 2107 2125 2161 ad
2177 2106 2456 2164 Romanos
2502 2110 2789 2169 deﬁciant.
2836 2113 3209 2185 Cognoseunt‘
3238 2119 3383 2172 enim
3447 2136 3641 2178 omnes

2060 2212 2192 2252 suos
2217 2199 2625 2256 inconstantem
2658 2202 2862 2260 habere
2897 2206 3164 2272 animum,
3199 2217 3255 2263 et
3306 2209 3442 2265 lucri
3477 2228 3644 2282 appe-

2061 2298 2235 2344 tentes
2269 2304 2414 2356 esse,
2440 2306 2503 2346 ac
2533 2308 2599 2345 ex
2642 2295 2830 2350 multis
2875 2296 3132 2352 tribubus
3165 2299 3450 2366 conﬂatos,
3481 2312 3644 2372 atque

2059 2380 2195 2434 adeo
2228 2393 2587 2450 cognatorum
2635 2397 2946 2442 suorumet
2993 2398 3196 2446 mutua:
3252 2391 3646 2450 benevolentia:

2060 2471 2328 2525 minorem
2360 2475 2627 2530 rationem
2662 2477 2885 2534 habere.

2131 2563 2220 2617 67.
2252 2562 2389 2618 Cum
2418 2568 2701 2635 paululum
2735 2569 2801 2623 ad
2849 2569 3168 2640 fugiendum
3203 2579 3645 2644 retrocesserint,

2061 2659 2228 2724 atque
2277 2656 2602 2721 hilarentur,
2649 2659 2806 2712 multi
2851 2674 2883 2716 e
2940 2665 3146 2718 nostris
3207 2667 3392 2720 statim
3447 2683 3648 2725 conse-

2061 2755 2326 2814 quuntur.
2364 2747 2555 2817 Itaque
2597 2751 2830 2808 moleste
2863 2753 3157 2809 admodum
3190 2755 3392 2826 ferunt,
3433 2761 3478 2815 si
3518 2762 3647 2832 quis

2062 2838 2130 2894 ab
2166 2840 2275 2894 illis
2306 2839 2549 2897 deticiat.

2127 2953 2216 3008 68.
2251 2954 2482 3020 Quando
2525 2956 2651 3026 quis
2702 2958 2956 3015 cominus
2995 2961 3061 3016 ad
3107 2966 3460 3034 pugnandum
3517 2983 3645 3026 cum

2064 3046 2170 3101 illis
2207 3048 2470 3103 accedere
2502 3050 2760 3114 voluerit,
2823 3054 3086 3111 excubias
3127 3056 3323 3112 habeat
3362 3061 3562 3120 multas
3590 3075 3648 3119 et

2060 3137 2306 3204 crebras,
2330 3140 2528 3210 exiguo
2559 3140 2844 3196 intervallo
2873 3143 3180 3213 disiunctas
3208 3157 3224 3214 ς
3270 3149 3466 3206 deinde
3506 3169 3648 3224 pra:-

2061 3237 2237 3297 paret,
2279 3237 2333 3284 et
2363 3229 2632 3286 adversos
2662 3246 2878 3287 onmem
2914 3233 3150 3291 fortuna:
3176 3239 3434 3310 impetum
3465 3245 3650 3312 provi-

2063 3320 2208 3385 deat,
2242 3329 2299 3373 ut
2327 3322 2371 3377 si
2397 3322 2618 3392 quando
2667 3324 2906 3379 hosﬁum
2962 3327 3086 3396 fuga
3136 3327 3250 3398 ﬁat,
3284 3336 3646 3391 munitionem

2061 3413 2301 3482 aliquam
2331 3413 2395 3468 ad
2430 3415 2554 3471 illos
2601 3417 2939 3473 obsidendos
2975 3427 3162 3488 paret;
3195 3431 3249 3476 et
3282 3435 3645 3482 commeatum

2063 3503 2270 3572 aliquot
2295 3505 2508 3560 dierum
2561 3507 2758 3562 habeat
2799 3515 2914 3562 tum
2952 3508 3260 3576 hominum,
3301 3521 3415 3568 tum
3455 3517 3647 3584 etiam,

2063 3594 2110 3648 si
2160 3593 2276 3649 ﬁeri
2328 3602 2529 3664 potest,
2577 3595 2989 3667 jumentorum,
3036 3613 3100 3655 ac
3143 3601 3204 3654 in
3249 3604 3442 3672 primis
3494 3622 3650 3677 aqua:

2063 3685 2396 3742 allluentiam
2456 3688 2676 3756 habeat,
2732 3691 2932 3747 deinde
2987 3691 3378 3762 impedimenta
3441 3700 3520 3752 sic
3563 3699 3651 3754 in-

2064 3785 2282 3845 struat,
2347 3781 2811 3851 quemadmodum
2872 3785 2929 3839 in
2985 3784 3165 3855 capite
3219 3784 3288 3842 de
3356 3788 3510 3844 tuldo
3564 3791 3652 3846 di-

2063 3885 2266 3926 χιιιιιιε.

2133 4073 2221 4127 69.
2256 4073 2314 4128 Si
2343 4075 2611 4146 pedestris
2638 4077 2787 4132 acies
2819 4076 2986 4133 fuerit
3011 4078 3066 4134 in
3097 4078 3269 4149 prima
3304 4078 3649 4150 potissimum

2063 4181 2264 4234 pugna,
2297 4167 2388 4237 qui
2429 4169 2704 4226 exercitus
2749 4171 2985 4225 maxime
3025 4181 3281 4228 assuetus
3321 4172 3428 4226 illis
3465 4173 3651 4240 fuerit,

2063 4270 2190 4310 eum
2242 4259 2418 4327 primo
2475 4251 2739 4327 instrués,
2792 4261 3254 4332 quemadmodum
3301 4263 3430 4318 alibi
3478 4265 3654 4334 expli-

2063 4349 2310 4417 cuimus;
2346 4352 2448 4406 hoc
2487 4361 2590 4420 est,
2629 4363 2687 4407 ut
2730 4355 2944 4424 equites
2983 4365 3106 4426 post
3136 4372 3195 4413 se
3228 4357 3529 4413 instructos
3555 4357 3654 4413 ha-

2063 4441 2250 4498 beant.

2139 4644 2230 4698 70.
2278 4643 2375 4700 Sin
2421 4648 2634 4716 equites
2676 4647 2900 4716 fuerint,
2940 4666 3031 4720 qm
3090 4651 3379 4707 adversum
3439 4652 3651 4710 Turcos

2068 4739 2440 4805 instruuntur,
2483 4742 2527 4798 si
2561 4743 2628 4797 ad
2673 4745 3023 4814 pugnandum
3069 4759 3193 4798 cum
3246 4745 3354 4800 illis
3388 4747 3522 4800 satis
3556 4747 3654 4800 Ita-

2069 4834 2206 4889 hiles
2235 4833 2459 4900 fuerint,
2488 4836 2558 4890 ita
2601 4836 2842 4890 instrues
2878 4851 2994 4899 eos,
3027 4837 3490 4904 quemadmodum
3523 4851 3654 4896 ante

2071 4929 2520 4996 memoravimus,
2554 4930 2646 4984 ubi
2696 4929 2765 4985 de
2810 4928 3151 4983 instruendis
3195 4929 3306 4986 illis
3357 4933 3521 4988 verba
3573 4932 3654 4990 fc-

2072 5037 2271 5078 ClmllS.

2145 5138 2232 5191 7i.
2274 5137 2356 5192 Ad
2420 5137 2590 5190 latera
2641 5135 2842 5190 multos
2898 5145 2951 5190 et
2999 5144 3258 5191 strenuos
3303 5136 3650 5206 scgrcgahis;

2072 5233 2138 5288 ad
2170 5243 2355 5303 tergus
2383 5234 2530 5288 enim
2565 5229 2964 5286 defendendum
2991 5229 3126 5283 satis
3155 5238 3284 5282 sunt
3311 5229 3649 5292 defensores,

2062 5329 2115 5385 id
2160 5339 2264 5392 cst,
2311 5325 2576 5380 vindices.
2624 5321 2893 5378 Cursores
2936 5331 3118 5377 autem
3161 5323 3283 5391 plus
3343 5322 3516 5376 tribus
3559 5331 3654 5374 aut

2063 5429 2303 5491 quatuor
2332 5417 2552 5486 sagitta:
2590 5414 2834 5485 jactihus
2867 5413 2921 5467 in
2969 5411 3364 5482 persequendis
3400 5411 3654 5466 hostibus

2063 5528 2091 5565 a
2125 5507 2511 5565 defensoribus
2556 5522 2624 5560 ne
2665 5513 3011 5572 separentur.
3055 5500 3293 5556 Omnino
3332 5509 3512 5554 autem
3539 5501 3656 5553 ela-

2062 5601 2308 5668 borabis,
2347 5607 2405 5654 ut
2457 5599 2510 5652 in
2549 5597 2733 5667 planis
2786 5595 3164 5664 expositisque
3217 5593 3354 5648 locis
3388 5600 3656 5662 quantum

2065 5696 2221 5760 potes
2254 5687 2426 5742 aciem
2464 5693 2617 5739 tuam
2667 5685 2936 5749 instruas,
2973 5683 3065 5737 ubi
3114 5697 3292 5752 neque
3339 5681 3491 5735 silva:
3521 5693 3659 5735 con-

2075 5784 2282 5849 densae,
2332 5795 2509 5850 neque
2554 5776 2803 5850 paludes,
2850 5792 3029 5850 neque
3066 5777 3289 5832 arbusta
3333 5774 3658 5844 perturbare

3333 5869 3411 5929 31
