4090 6436
407 273 516 334 Γϐὃ

1441 274 1778 335 ΤΛΟΤΙΟΑ.
1819 301 1890 312 --
1924 277 2430 339 CONSTITUTIO
2464 281 2688 344 XVIII.

3581 293 3694 356 966

402 389 584 459 ᾠκουν
621 385 713 438 τοῦ
747 387 983 455 Ἴστρου,
1029 386 1087 438 ὃν
1118 386 1209 439 καὶ
1243 388 1532 441 Λανούϐιον
1568 390 1861 460 καλοῦμεν.
1898 387 1995 456 Οἷς

2111 401 2255 448 trans
2291 396 2519 461 Istrum,
2554 411 2717 466 quem
2775 396 3083 452 Danubium
3119 402 3485 472 appellamus,
3525 407 3688 464 habi-

406 482 499 535 καὶ
522 478 968 549 προσεπολέμουν
984 478 1242 548 Ῥωμαῖοι
1266 481 1660 551 ἐπιτιθέμενοι,
1686 483 1992 552 νομαδικῶς

405 573 498 628 καὶ
529 571 712 626 αὐτῶν
748 571 867 623 τότε
896 570 1206 634 διαζώντων
1251 571 1381 640 πρὶν
1409 572 1440 642 ἣ
1475 574 1854 646 περαιωθῆναι
1901 575 1993 628 τὸν

403 660 643 736 Ἴστρον,
682 663 777 718 καὶ
811 662 914 716 ὑπὸ
942 662 1032 716 τὸν
1072 661 1235 729 ζυγὸν
1263 664 1362 734 τῆς
1398 662 1709 736 Ῥωμαῖκῆς
1743 666 1994 731 ἐξουσίας

404 762 497 812 τὸν
529 758 712 811 αὐτῶν
759 755 963 825 αὐχένα
1020 754 1324 810 ὑποκλῖναι.
1379 758 1516 811 Οὐδὲ
1554 759 1759 814 τούτων
1813 761 1870 814 δὲ
1923 761 1993 813 τὰ

401 845 568 920 ’ἔθιμα
600 848 734 920 πρὸς
782 848 880 911 τὰς
935 848 1114 918 μάχας
1171 848 1262 902 καὶ
1315 849 1416 919 τὴν
1466 849 1633 920 ἄλλην
1693 852 1988 923 συνήθειαν

403 937 656 1010 ἄγνωστά
710 957 791 993 σοι
856 939 1190 1008 καταλείψω,
1245 939 1362 994 ἀλλ’
1419 941 1574 1012 ὥπερ
1627 960 1719 1012 μοι
1773 943 1989 1015 εἴρηται

383 1036 583 1110 ,πάντα
621 1033 876 1098 συλλέξας
906 1031 1214 1102 διαγράφω,
1250 1032 1482 1088 καθόσον
1510 1035 1642 1104 ἡμῖν
1677 1036 1709 1105 ή
1762 1035 1992 1105 δύναμις

405 1123 661 1194 ἐγχωρεῖ,
693 1123 780 1177 ἴνα
811 1121 1146 1192 πανταχόθεν
1172 1122 1427 1193 μελίττης
1455 1123 1610 1194 δίκην
1628 1124 1852 1197 ἑρανίζῃ
1895 1127 1991 1177 καὶ

406 1213 673 1288 συλλέγῃς
695 1215 764 1267 τὰ
799 1215 1068 1286 χρήσιμα.

477 1314 560 1363 πω
589 1303 830 1377 Φράγγοι
868 1306 1048 1360 τοίνυν
1072 1307 1167 1362 καὶ
1200 1305 1562 1376 Λογγίὸαρδοι
1589 1305 1745 1373 λόγον
1780 1305 1991 1358 ἐλευθε-

407 1399 530 1470 ρίας
558 1399 687 1470 περὶ
711 1398 905 1451 πολλοῦ
935 1397 1236 1467 ποιοῦνται,
1274 1397 1391 1453 ἀλλ’
1419 1399 1469 1451 οί
1502 1398 1599 1469 μὲν
1627 1398 1990 1468 Λογγίὸαρδοι

404 1493 466 1545 τὸ
506 1491 665 1545 πλέον
698 1489 796 1560 τῆς
824 1490 1080 1562 τοιαύτης
1105 1491 1305 1562 ἀρετῆς
1345 1489 1440 1544 νῦν
1492 1488 1802 1544 ἀπώλεσαν.
1843 1490 1990 1559 Πλὴν

405 1585 502 1640 καὶ
525 1579 671 1639 οὗτοι
702 1584 794 1637 καὶ
816 1585 1057 1655 Φράγγοι
1091 1585 1186 1638 καὶ
1211 1583 1446 1654 μάλιστα
1471 1583 1693 1654 θρασεῖς
1724 1578 1868 1653 ἦσαν
1898 1583 1991 1635 καὶ

405 1673 841 1744 ἀκατάπληκτοι,
909 1675 966 1727 ὲν
1016 1677 1128 1737 τοῖς
1173 1674 1431 1742 πολέμοις
1484 1672 1749 1744 τολμηροί
1795 1691 1854 1724 τε
1888 1672 1987 1726 καὶ

407 1768 724 1838 προπετεῖς,
753 1769 832 1831 είς
866 1765 1071 1831 ὄνειδος
1109 1765 1324 1838 ἔχοντες
1355 1767 1454 1835 τὴν
1483 1765 1706 1828 δειλίαν,
1761 1763 1856 1818 καὶ
1899 1763 1998 1834 τὴν
2033 1750 2074 1804 Β

406 1861 544 1930 πρὸς
581 1860 775 1931 μικρὸν
804 1859 1184 1930 ἀναχώρησιν,
1217 1861 1312 1912 καὶ
1364 1857 1571 1927 ταύτην
1613 1857 1777 1910 οἱονεὶ
1819 1856 1996 1927 φυγὴν

406 1951 722 2021 ἡγούμενοι.
770 1950 1022 2014 Εὑκόλως
1043 1950 1097 2004 δὲ
1137 1950 1226 2004 διὰ
1255 1949 1414 2004 τοῦτο
1443 1947 1676 2002 θανάτου
1718 1965 1998 2018 καταφρο-

415 2041 590 2109 νοῦσι,
615 2043 714 2114 τὴν
745 2043 888 2098 κατὰ
911 2045 1068 2114 χεῖρα
1111 2042 1292 2114 μάχην
1327 2041 1570 2116 σφοδρῶς
1597 2043 1692 2096 καὶ
1728 2039 2000 2094 καϐαλλά-

411 2151 526 2207 Ριοι
561 2136 657 2189 καὶ
683 2133 839 2198 πεζοὶ
865 2135 1185 2206 μαχόμενοι.

480 2232 591 2283 πα’.
618 2226 788 2282 Ὅταν
827 2227 957 2299 γὰρ,
992 2227 1068 2291 ὡς
1092 2227 1264 2293 είκδς,
1309 2227 1367 2280 ὲν
1408 2229 1528 2288 ταῖς
1570 2223 2000 2296 καϐαλλαρικαῖς

411 2317 617 2388 μάχαις
673 2317 1034 2384 στενωθῶσιν,
1087 2316 1145 2382 ἐξ
1175 2317 1294 2381 ένδς
1337 2313 1682 2386 συνθήματος
1710 2315 1997 2368 ἀποκαταο

408 2406 653 2462 ϐαίνουσι
675 2405 784 2462 τῶν
809 2406 994 2461 ἵππων
1021 2406 1222 2473 αὐτῶν,
1258 2407 1354 2462 καὶ
1393 2405 1530 2477 πεζῇ
1559 2407 2002 2476 παρατάσσονται

409 2498 583 2563 ὀλίγοι
624 2499 766 2569 τάχα
819 2498 914 2552 καὶ
972 2499 1109 2569 πρὸς
1163 2498 1418 2561 πλείονας
1472 2495 1876 2569 καῦαλλαρίους
1925 2499 2003 2568 μὴ

409 2591 737 2656 δειλιῶντες,
779 2591 812 2662 ἢ
846 2591 1217 2662 άπολήγονται
1240 2591 1340 2662 τῆς
1373 2589 1576 2660 μάχης.

486 2681 599 2753 πβ’.
637 2681 1050 2746 Ὀπλίζονταιδὲ
1071 2681 1414 2752 σκουταρίοις
1433 2681 1528 2734 καὶ
1550 2679 1882 2750 κονταρίοις,
1908 2682 2004 2734 καὶ

415 2775 666 2839 σπαθίοις
694 2775 1052 2844 κοντοτέροις,
1090 2774 1126 2828 ά
1159 2773 1254 2826 καὶ
1281 2773 1374 2826 ἐπὶ
1396 2772 1506 2824 τῶν
1522 2771 1689 2842 ὤμων
1712 2771 1894 2826 αὐτῶν
1917 2772 2008 2826 διὰ

413 2867 626 2938 λωρίων
647 2866 1138 2930 ἀναϐαστάζουσιν.
1189 2863 1389 2918 Ἐνίοτε
1423 2864 1481 2917 δέ
1513 2880 1659 2928 τινες
1701 2863 1884 2918 αὐτῶν
1906 2867 2004 2918 καὶ

416 2959 806 3024 διαζώννυνται
836 2959 997 3013 αὐτά.

493 3057 606 3119 πγθ.
640 3050 910 3122 Χαίρουσι
953 3049 1007 3103 δὲ
1041 3049 1244 3121 μᾶλλον
1278 3049 1344 3119 τῇ
1380 3046 1714 3120 πεζομαχίᾳ,
1751 3047 1846 3100 καὶ
1883 3050 2004 3109 ταῖς
2032 3086 2076 3148 C

419 3143 559 3216 μετὰ
587 3143 808 3207 ἑλασίας
845 3144 1240 3214 καταδρομαῖς.

492 3233 600 3290 πδ’.
633 3236 937 3291 Τάσσονται
966 3235 1022 3288 δὲ
1056 3236 1114 3287 ὲν
1140 3236 1259 3297 ταῖς
1287 3234 1508 3304 μάχαις,
1544 3233 1653 3286 εἴτε
1681 3230 1860 3296 πεζοὶ,
1898 3229 2008 3282 εἴτε

417 3327 919 3402 κασαλλάριοι,οὖκ
958 3329 1014 3381 ἐν
1058 3327 1240 3398 μέτρῳ
1286 3327 1396 3379 τινὶ
1453 3325 1749 3396 ὡρισμένῳ
1803 3323 1899 3375 καὶ
1950 3323 2010 3375 ὲν

416 3421 588 3489 τάξει,
619 3421 652 3492 ἢ
678 3423 734 3475 ὲν
764 3421 999 3492 μοίραις,
1032 3419 1066 3490 ἢ
1103 3420 1159 3472 ἐν
1195 3419 1406 3490 μέρεσι,
1437 3416 1691 3488 καθάπερ
1722 3415 2006 3486 Ῥωμαῖοι,

420 3515 558 3570 ἀλλὰ
597 3516 736 3570 κατά
770 3515 967 3585 φυλὰς,
1015 3514 1112 3568 καὶ
1138 3515 1204 3584 τῇ
1235 3512 1372 3582 πρὸς
1402 3509 1665 3580 ἀλλήλους
1720 3505 2012 3577 συγγενείᾳ

419 3621 480 3659 τε
513 3606 607 3660 καὶ
623 3605 989 3679 προσπαθείᾳ,
1013 3604 1272 3667 πολλάκις
1292 3603 1347 3656 δὲ
1371 3603 1464 3655 καὶ
1484 3598 1822 3669 συνωμοσία.
1847 3597 2012 3650 Ὅθεν

420 3696 516 3751 καὶ
555 3697 613 3750 ἐν
657 3696 840 3769 καιρῷ
891 3696 1265 3767 περιστάσεως
1307 3692 1476 3762 φίλων
1514 3688 2012 3758 ὲναπολειφθέντων

423 3791 900 3844 συνεκινδύνευσαν
928 3790 1107 3853 αὐτοῖς
1136 3786 1394 3853 πολλάκις
1417 3787 1474 3839 ἐν
1503 3786 1570 3856 τῇ
1611 3781 1760 3854 μάχη
1785 3779 2012 3842 τούτους

422 3881 611 3954 ὲκδική
621 3897 831 3944 σαντες.

496 3981 598 4029 πί.
632 3969 778 4027 Ἷσον
824 3972 882 4027 δὲ
910 3985 969 4026 το
1001 3972 1253 4041 μέτωπον
1282 3969 1382 4040 τῆς
1438 3967 1802 4040 παρατάξεως
1827 3963 2012 4018 αὐτῶν

427 4064 710 4122 ποιοῦνται
737 4066 830 4119 καὶ
852 4062 1059 4118 πυκνὸν
1089 4065 1148 4118 ὲν
1178 4065 1298 4124 ταῖς
1333 4060 1558 4132 μάχαις.

504 4166 625 4224 υπς’.
653 4160 764 4225 Τὰς
783 4160 840 4214 δὲ
863 4157 1160 4229 συμϐολὰς,
1193 4156 1302 4209 είτε
1324 4153 1680 4224 καϐαλλάριοι
1706 4149 1813 4202 εἴτε
1832 4146 2010 4214 πεζοὶ,

430 4248 676 4320 σφοδρῶς
725 4249 820 4302 καὶ
847 4247 1240 4318 ἀκατασχέτως
1293 4243 1562 4310 ποιοῦσιν,
1602 4241 1679 4304 ὡς
1738 4237 2012 4309 μυνότονοι

429 4337 526 4393 καὶ
552 4337 732 4406 πάσης
764 4337 967 4400 δειλίας
994 4335 1348 4406 ἀπεχόμενοι.

2107 486 2318 541 tabant.
2352 485 2465 542 llos
2520 489 2912 558 expugnabant
2946 488 3175 546 Romani
3224 508 3349 549 eum
3403 506 3687 565 pastorum

2106 593 2258 634 more
2307 579 2474 634 vitam
2525 587 2939 650 transegerunt,
2991 581 3084 652 qui
3136 593 3432 656 antequam
3485 589 3688 646 Istrum

2104 674 2429 738 transirent,
2457 676 2562 731 sub
2588 676 2783 747 jugum
2822 678 3081 733 Romanae
3109 679 3336 737 ditionis
3371 684 3513 738 colla
3556 687 3691 741 sub-

2105 764 2415 820 mittebant.
2471 764 2705 823 Istorum
2759 783 2940 824 mores
2992 777 3154 838 atque
3214 770 3466 827 instituta
3535 774 3689 828 nullo

2105 857 2267 912 modo
2315 858 2790 928 praetermittenda
2859 860 3123 928 iudicavi,
3187 862 3283 918 sed
3342 864 3529 918 omnia
3589 865 3688 920 tibi

2104 960 2430 1015 percensere
2477 964 2579 1018 pro
2621 949 2834 1005 viribus
2884 950 3088 1015 enitar,
3147 961 3205 1007 ut
3253 953 3371 1022 apis
3420 955 3598 1011 instar
3620 971 3690 1012 ex

2104 1053 2455 1110 unoquoque,
2483 1039 2632 1110 quod
2679 1041 2946 1111 Optimum
2991 1051 3157 1111 atque
3210 1043 3570 1101 utilissimum
3604 1055 3690 1101 est

2100 1128 2330 1185 delibes.

2175 1312 2265 1368 80.
2293 1312 2433 1368 Galli
2477 1321 2530 1368 et
2562 1313 2908 1386 Lougobardi
2946 1314 3220 1370 libertatis
3260 1315 3533 1371 rationem
3568 1315 3693 1386 plu-

2103 1403 2224 1458 rimi
2279 1405 2578 1468 aestimant,
2647 1406 2744 1461 sed
2798 1405 3148 1476 Longobardi
3214 1421 3466 1477 magnam
3523 1406 3693 1477 hujus

2099 1497 2326 1552 virtutis
2356 1505 2566 1567 partem
2602 1497 2934 1554 amiserunt.
2978 1497 3118 1553 Galli
3165 1507 3347 1553 autem
3390 1498 3688 1554 admodum

2100 1586 2298 1642 audaci
2353 1587 2702 1656 inl'raetoque
2750 1589 2936 1644 animo
2971 1600 3134 1652 sunt,
3186 1591 3238 1644 in
3277 1589 3419 1644 bello
3449 1597 3689 1646 strenui.

2103 1693 2167 1735 ac
2203 1692 2343 1748 pene
2372 1679 2677 1734 temerarii.
2717 1679 2774 1733 In
2831 1693 3030 1750 magno
3063 1680 3362 1750 opprobrio
3412 1680 3691 1753 ignaviam

2100 1779 2154 1825 et
2185 1785 2405 1840 parvam
2438 1771 2897 1826 retrocessionem
2948 1781 3182 1840 ponunt,
3231 1784 3395 1840 atque
3443 1786 3563 1826 eam
3603 1771 3690 1826 fu-

2101 1877 2222 1932 gam
2279 1876 2404 1917 esse
2461 1862 2802 1926 existimant,
2855 1869 2911 1917 et
2959 1861 3119 1917 facile
3163 1877 3228 1917 ac
3297 1871 3522 1919 strenue
3577 1880 3690 1936 pra:

2103 1953 2298 2009 mortis
2345 1960 2690 2023 contemptu,
2725 1961 2840 2008 tum
2894 1954 3132 2024 equites,
3167 1963 3281 2010 tum
3319 1955 3530 2024 pedites
3572 1970 3690 2010 ma-

2103 2060 2209 2102 nus
2233 2045 2484 2102 cominus
2517 2053 2840 2102 conserunt.

2174 2226 2262 2281 8|.
2303 2224 2536 2292 Quando
2577 2226 2745 2297 igitur
2790 2227 2841 2281 in
2879 2226 3231 2296 equestribus
3264 2227 3476 2296 proeliis
3504 2226 3557 2280 in
3591 2226 3693 2280 ali-

2103 2333 2242 2388 quas
2273 2319 2559 2389 angustias
2603 2319 2975 2383 deducuntur,
3007 2334 3113 2373 una
3165 2318 3409 2372 omnium
3455 2333 3695 2372 consen-

2106 2411 2262 2465 sione
2295 2427 2360 2465 ex
2384 2412 2543 2480 equis
2576 2412 2942 2478 descendunt,
2968 2421 3022 2466 et
3046 2411 3260 2482 pedites
3292 2427 3350 2465 se
3386 2410 3694 2474 instruunt,

2107 2510 2163 2554 et
2195 2501 2353 2569 pauci
2385 2509 2577 2558 contra
2621 2501 2807 2570 plures
2858 2516 2918 2556 se
2948 2507 3184 2566 armant,
3213 2509 3307 2554 aut
3347 2499 3393 2554 si
3426 2498 3480 2552 id
3511 2499 3696 2553 minus

2106 2603 2357 2662 possunt,
2391 2591 2886 2661 prmliodesinunt.

2183 2685 2272 2740 82.
2303 2687 2603 2739 Armantur
2633 2685 2832 2748 scutis,
2865 2683 3059 2749 hastis,
3084 2681 3295 2754 spathis
3323 2681 3694 2743 brevioribus,

2111 2792 2252 2847 quas
2275 2792 2340 2831 ex
2376 2776 2622 2831 humeris
2651 2777 2787 2831 loris
2821 2774 3149 2846 quibusdam
3186 2781 3443 2844 gestant;
3469 2772 3696 2843 quidam

2113 2878 2294 2924 autem
2322 2871 2692 2940 accinguntur
2725 2868 2854 2922 illis.

2184 3049 2273 3103 85.
2308 3047 2550 3103 Pedestri
2581 3047 2775 3116 proelio
2819 3046 3116 3102 admodum
3175 3044 3428 3100 laetantur
3456 3053 3512 3101 et
3534 3044 3702 3101 vehe-

2117 3140 2394 3195 mentibus
2427 3139 2866 3194 incursionibus.

2189 3230 2278 3286 84.
2328 3230 2686 3286 lnstruuntur
2739 3230 2794 3283 in
2859 3228 3074 3300 prceliis
3138 3227 3256 3282 sive
3311 3225 3522 3298 pedites
3587 3225 3704 3282 sive

2115 3321 2350 3390 equites,
2403 3335 2512 3374 non
2547 3305 2734 3390 aliquo
2775 3327 2927 3373 certo
2973 3327 3027 3372 et
3074 3315 3297 3371 definito
3346 3315 3530 3380 modo,
3556 3323 3612 3369 et
3646 3316 3704 3370 in

2118 3413 2286 3476 acies,
2322 3420 2418 3466 aut
2446 3422 2679 3478 turmas,
2716 3410 3090 3466 autcoliortes
3131 3408 3476 3473 dividuntur,
3509 3422 3704 3477 quem-

2117 3505 2411 3560 admodum
2451 3502 2702 3568 Romani,
2741 3503 2836 3558 sed
2889 3517 2984 3572 per
3025 3499 3224 3564 tribus,
3261 3508 3316 3555 et
3357 3497 3614 3562 familias,
3649 3506 3706 3553 et.

2115 3597 2493 3667 cognationes,
2525 3610 2668 3666 saepe
2716 3595 2882 3649 etiam
2918 3593 3208 3663 coniurata
3244 3590 3478 3661 quadam
3511 3589 3704 3643 amici-

2117 3693 2212 3747 tia.
2242 3691 2430 3762 Itaque
2455 3692 2676 3762 quidam
2723 3690 2916 3745 amicis
2956 3688 3264 3744 interfectis
3293 3701 3436 3757 saepe
3473 3685 3528 3739 in
3563 3697 3707 3752 prm-

2118 3785 2192 3841 Iio
2221 3793 2616 3856 permanentes
2660 3783 2876 3852 seipsos
2911 3781 2980 3846 in
3017 3782 3255 3835 maxima
3293 3777 3536 3849 pericula
3575 3789 3708 3828 con-

2119 3877 2390 3946 iecerunt,
2433 3884 2494 3930 ut
2531 3875 2750 3930 illorum
2785 3875 2960 3929 vicem
3003 3873 3421 3928 ulciscerentur.

2189 3968 2278 4024 85.
2311 3965 2566 4023 Frontem
2598 3966 2735 4021 aciei
2789 3964 3053 4036 :equalem
3084 3973 3138 4018 et
3169 3962 3397 4016 densam
3427 3959 3480 4013 in
3515 3958 3710 4029 prmlio

2120 4060 2347 4116 habent.

2188 4153 2280 4208 86.
2311 4150 2630 4221 Conﬂigunt
2691 4146 2910 4217 equites
2943 4156 2998 4200 et
3042 4145 3252 4216 pedites
3281 4143 3542 4198 universo
3581 4155 3709 4194 cum

2117 4246 2326 4315 impetu
2366 4250 2423 4298 et
2477 4241 2850 4302 vehementer,
2892 4253 2956 4292 ac
3009 4238 3310 4307 impeluose
3353 4240 3517 4287 ruunt
3557 4233 3709 4286 omni

2117 4339 2316 4393 timore
2342 4335 2528 4390 vacui.

504 4430 612 4496 σις’.
657 4430 929 4494 Ἀπειθείς
961 4430 1018 4484 δέ
1049 4430 1154 4483 εἱσι
1185 4427 1320 4498 πρὸς
1352 4425 1475 4490 τοὺς
1503 4425 1773 4496 ἄρχοντας
1804 4424 2007 4490 αὐτῶν,

2191 4429 2281 4483 87.
2315 4427 2496 4481 Minus
2541 4424 2863 4481 obedientes
2913 4419 3184 4491 pra‘fectis
3227 4419 3446 4472 illorum
3476 4421 3625 4480 sunt,
3659 4421 3715 4468 et

434 4523 527 4576 καὶ
551 4524 786 4594 μάλιστα
815 4521 1079 4594 Φράγγοι,
1104 4517 1419 4589 ιλευθερίας
1465 4515 1657 4587 ὥσπερ
1698 4517 2014 4571 ἀντιποιού-

436 4633 610 4686 μενοι,
654 4616 748 4669 κα¹ι
784 4613 1048 4676 ἑκουσίως
1089 4611 1174 4680 ἐφ’
1224 4611 1350 4664 ὅσον
1399 4609 1593 4679 καιρὸν
1641 4609 1943 4680 ὡρίσωσιν,
1985 4609 2018 4681 ἢ

434 4706 590 4779 παρά
611 4705 721 4760 τῶν
756 4706 1032 4778 ἀρχόντων
1063 4700 1373 4773 ὡρισθῶσιν
1411 4697 1872 4769 ὲκστρατεύουσι,
1928 4701 2022 4753 καὶ

438 4801 595 4871 μόνον
620 4799 712 4853 καὶ
727 4797 916 4852 τούτου
950 4795 1366 4867 παρερχομένου
1391 4791 1525 4862 (68),
1551 4793 1600 4844 εί
1629 4793 1786 4862 τύχοι
1808 4791 2010 4854 αὐτοὺς

436 4892 738 4960 ἐπιμένειν,
778 4890 991 4959 βαρέως
1049 4888 1312 4959 φέροντες
1359 4885 1452 4940 τὸν
1500 4885 1870 4956 παρασυρμὸν
1922 4883 2015 4937 τοῦ

437 4983 652 5054 χρόνου,
691 4982 880 5037 λύουσι
905 4981 1006 5052 τὴν
1042 4979 1297 5046 σύνταξιν
1317 4977 1412 5032 τοῦ
1437 4978 1741 5045 ὲξπεδίτου,
1771 4979 1867 5032 καὶ
1886 4978 2021 5031 ἀνα-

437 5073 705 5146 χωροῦσιν
728 5073 819 5128 έπὶ
853 5073 977 5136 τοὺς
1008 5072 1191 5134 οἴκους
1220 5069 1421 5124 αὐτῶν.

513 5173 628 5238 mf.
667 5165 1047 5236 Ἀπράγμονες
1103 5161 1160 5214 δέ
1206 5161 1314 5213 εἰσι
1367 5159 1463 5212 καὶ
1524 5160 1707 5229 πάσης
1754 5159 2026 5224 ποικιλίας

438 5259 534 5313 καὶ
556 5256 860 5326 ἀσφαλείας
888 5253 1067 5318 ἐκτὸς,
1103 5252 1198 5306 καὶ
1224 5251 1324 5320 τῆς
1351 5248 1447 5303 τοῦ
1481 5250 1853 5320 συμφέροντος
1881 5250 2025 5318 γνώ-

442 5366 568 5421 μης.
605 5349 696 5403 Διὸ
724 5347 819 5403 καὶ
840 5346 1048 5413 τάξεως
1071 5341 1487 5415 περιφρονοῦσι,
1521 5341 1618 5394 καὶ
1647 5339 1884 5411 μάλιστα
1929 5341 2027 5412 τῆς

440 5438 873 5510 κασαλλαρικῆς.
1381 5498 1384 5502 ,

515 5531 622 5585 πθ⁹.
665 5527 1116 5598 ’Υποφθείρονται
1173 5523 1229 5578 δὲ
1284 5521 1371 5577 διὰ
1432 5520 1735 5592 χρημάτων
1779 5519 2020 5584 εὐκόλως

2126 4521 2477 4592 potissimum
2503 4517 2668 4584 Galli,
2699 4531 2764 4571 ac
2796 4514 3108 4570 voluntarie
3135 4509 3200 4565 ad
3229 4519 3440 4564 certum
3475 4515 3710 4574 tempus,

2126 4614 2290 4666 etiam
2327 4618 2619 4680 antequam
2654 4625 2684 4662 ιι
2721 4605 3000 4678 praefectis
3047 4609 3424 4661 accersantur,
3459 4597 3511 4650 in
3547 4610 3717 4664 eXpe-

2130 4705 2341 4760 ditione
2369 4712 2519 4758 sunt.
2551 4700 2667 4756 lloe
2699 4710 2937 4769 tempus,
2964 4697 3009 4753 si
3045 4698 3354 4765 praetereat,
3380 4700 3430 4744 et
3459 4689 3569 4742 illis
3595 4685 3713 4740 diu-

2127 4798 2238 4852 tius
2270 4793 2600 4849 manendum
2637 4793 2728 4858 sit,
2756 4791 2901 4845 hunc
2923 4785 3192 4855 temporis
3215 4790 3450 4837 tractum
3486 4778 3714 4834 moleste

2130 4887 2332 4951 ferunt,
2365 4895 2533 4956 atque
2565 4884 2636 4937 ab
2667 4881 3014 4954 expeditione
3046 4891 3145 4931 sua
3175 4873 3485 4935 discedunt,
3525 4879 3579 4926 et
3611 4865 3714 4925 do-

2127 4996 2275 5036 mum
2308 4994 2365 5034 se
2393 4976 2685 5035 conferunt
2699 5003 2713 5014 -

2200 5157 2290 5212 88.
2319 5151 2612 5223 Improvidi
2650 5163 2830 5205 rerum
2878 5153 3028 5211 sunt,
3060 5159 3239 5215 neque
3286 5137 3592 5202 varietatis,
3625 5137 3714 5191 in-

2130 5247 2489 5312 columitatis,
2525 5252 2621 5299 aut
2647 5242 2783 5297 aciei
2815 5237 3175 5303 instruendae,
3204 5230 3587 5306 equestrisque
3619 5243 3717 5299 po-

2132 5343 2434 5407 tissimum,
2468 5337 2636 5394 ullam
2666 5335 2937 5390 rationem
2964 5331 3187 5387 habent.

2203 5516 2295 5574 89.
2333 5513 2594 5571 Pecuniis
2650 5507 2814 5569 facile
2872 5515 3325 5581 corrumpuntur,
3377 5501 3508 5576 quia
3567 5500 3716 5557 lucri

1979 5609 2212 5668 ΝΟΤᾸΕ.

516 5715 628 5788 (68)
659 5713 1130 5784 Παρερχομένου.
1164 5708 1536 5777 Scribebatur,
1570 5706 1968 5777 παρεχομένου.
