  <div class='ocr_page' id='page_1' title='image "/cluster/home/n/w/nwhite01/storage/ocr_20150623/107/coo.31924054870112/529.png"; bbox 0 0 4090 6480; ppageno 0'>
   <div class='ocr_carea' id='block_1_1' title="bbox 375 341 482 404">
    <p class='ocr_par' dir='ltr' id='par_1_1' title="bbox 375 341 482 404">
     <span class='ocr_line' id='line_1_1' title="bbox 375 341 482 404; baseline -0.019 0"><span class='ocrx_word' id='word_1_1' title='bbox 375 341 482 404; x_wconf 79' lang='lat'><strong>967</strong></span> 
     </span>
    </p>
   </div>
   <div class='ocr_carea' id='block_1_2' title="bbox 1657 317 2439 388">
    <p class='ocr_par' dir='ltr' id='par_1_2' title="bbox 1657 317 2439 388">
     <span class='ocr_line' id='line_1_2' title="bbox 1657 317 2439 388; baseline -0.01 0"><span class='ocrx_word' id='word_1_2' title='bbox 1657 325 1860 388; x_wconf 83' lang='lat' dir='ltr'><strong>LEON</strong></span> <span class='ocrx_word' id='word_1_3' title='bbox 1874 327 1938 385; x_wconf 77' lang='lat' dir='ltr'><strong>IS</strong></span> <span class='ocrx_word' id='word_1_4' title='bbox 1972 317 2439 384; x_wconf 79' lang='lat' dir='ltr'><strong>PI-IlLOSOPIH</strong></span> 
     </span>
    </p>
   </div>
   <div class='ocr_carea' id='block_1_3' title="bbox 3565 313 3677 378">
    <p class='ocr_par' dir='ltr' id='par_1_3' title="bbox 3565 313 3677 378">
     <span class='ocr_line' id='line_1_3' title="bbox 3565 313 3677 378; baseline 0 0"><span class='ocrx_word' id='word_1_5' title='bbox 3565 313 3677 378; x_wconf 83' lang='lat'><strong>968</strong></span> 
     </span>
    </p>
   </div>
   <div class='ocr_carea' id='block_1_4' title="bbox 376 421 1986 516">
    <p class='ocr_par' dir='ltr' id='par_1_4' title="bbox 376 435 1974 516">
     <span class='ocr_line' id='line_1_4' title="bbox 376 435 1974 516; baseline -0.01 -12"><span class='ocrx_word' id='word_1_6' title='bbox 376 447 672 504; x_wconf 82' lang='lat' dir='ltr'><strong>admodum</strong></span> <span class='ocrx_word' id='word_1_7' title='bbox 701 444 882 516; x_wconf 80' lang='lat' dir='ltr'><strong>cupidi</strong></span> <span class='ocrx_word' id='word_1_8' title='bbox 916 449 1064 498; x_wconf 86' lang='lat' dir='ltr'><strong>sunt.</strong></span> <span class='ocrx_word' id='word_1_9' title='bbox 1117 437 1293 510; x_wconf 85' lang='lat' dir='ltr'><strong>Ilujus</strong></span> <span class='ocrx_word' id='word_1_10' title='bbox 1328 439 1404 495; x_wconf 91' lang='lat' dir='ltr'><strong>rei</strong></span> <span class='ocrx_word' id='word_1_11' title='bbox 1432 437 1778 510; x_wconf 74' lang='lat' dir='ltr'><strong>experientia</strong></span> <span class='ocrx_word' id='word_1_12' title='bbox 1817 435 1974 491; x_wconf 89' lang='lat' dir='ltr'><strong>nobis</strong></span> 
     </span>
    </p>
   </div>
   <div class='ocr_carea' id='block_1_5' title="bbox 2097 421 3681 516">
    <p class='ocr_par' dir='ltr' id='par_1_5' title="bbox 2097 421 3681 503">
     <span class='ocr_line' id='line_1_5' title="bbox 2097 421 3681 503; baseline -0.003 -18"><span class='ocrx_word' id='word_1_13' title='bbox 2097 431 2418 503; x_wconf 78' lang='grc' dir='ltr'>ριλοκερδεῖς</span> <span class='ocrx_word' id='word_1_14' title='bbox 2452 429 2625 494; x_wconf 68' lang='grc' dir='ltr'>ὄντες,</span> <span class='ocrx_word' id='word_1_15' title='bbox 2654 426 2712 492; x_wconf 73' lang='grc' dir='ltr'>ἒξ</span> <span class='ocrx_word' id='word_1_16' title='bbox 2746 421 2826 480; x_wconf 81' lang='grc' dir='ltr'>ὧν</span> <span class='ocrx_word' id='word_1_17' title='bbox 2869 424 3037 495; x_wconf 81' lang='grc' dir='ltr'>πείρᾳ.</span> <span class='ocrx_word' id='word_1_18' title='bbox 3079 424 3344 496; x_wconf 77' lang='grc' dir='ltr'><strong>μαθόντες</strong></span> <span class='ocrx_word' id='word_1_19' title='bbox 3365 423 3547 494; x_wconf 80' lang='grc' dir='ltr'>ἴσμεν,</span> <span class='ocrx_word' id='word_1_20' title='bbox 3569 425 3681 480; x_wconf 61' lang='lat' dir='ltr'><strong>ama</strong></span> 
     </span>
    </p>
   </div>
   <div class='ocr_carea' id='block_1_6' title="bbox 379 528 1966 608">
    <p class='ocr_par' dir='ltr' id='par_1_6' title="bbox 379 528 1966 608">
     <span class='ocr_line' id='line_1_6' title="bbox 379 528 1966 608; baseline -0.008 -14"><span class='ocrx_word' id='word_1_21' title='bbox 379 549 612 603; x_wconf 59' lang='lat' dir='ltr'><strong>constat,</strong></span> <span class='ocrx_word' id='word_1_22' title='bbox 641 538 785 608; x_wconf 89' lang='lat' dir='ltr'><strong>quod</strong></span> <span class='ocrx_word' id='word_1_23' title='bbox 818 551 943 592; x_wconf 93' lang='lat' dir='ltr'><strong>cum</strong></span> <span class='ocrx_word' id='word_1_24' title='bbox 969 551 1034 589; x_wconf 81' lang='lat' dir='ltr'><strong>ex</strong></span> <span class='ocrx_word' id='word_1_25' title='bbox 1078 533 1228 587; x_wconf 88' lang='lat' dir='ltr'><strong>Italia</strong></span> <span class='ocrx_word' id='word_1_26' title='bbox 1262 532 1328 585; x_wconf 90' lang='lat' dir='ltr'><strong>ad</strong></span> <span class='ocrx_word' id='word_1_27' title='bbox 1365 548 1452 587; x_wconf 92' lang='lat' dir='ltr'><strong>res</strong></span> <span class='ocrx_word' id='word_1_28' title='bbox 1494 528 1966 585; x_wconf 76' lang='lat' dir='ltr'><strong>administrandas</strong></span> 
     </span>
    </p>
   </div>
   <div class='ocr_carea' id='block_1_7' title="bbox 379 621 1968 702">
    <p class='ocr_par' dir='ltr' id='par_1_7' title="bbox 379 621 1968 702">
     <span class='ocr_line' id='line_1_7' title="bbox 379 621 1968 702; baseline -0.01 -14"><span class='ocrx_word' id='word_1_29' title='bbox 379 630 635 702; x_wconf 57' lang='lat' dir='ltr'><strong>permulti</strong></span> <span class='ocrx_word' id='word_1_30' title='bbox 671 643 737 684; x_wconf 87' lang='lat' dir='ltr'><strong>eo</strong></span> <span class='ocrx_word' id='word_1_31' title='bbox 799 635 1172 688; x_wconf 78' lang='lat' dir='ltr'><strong>accesserunt,</strong></span> <span class='ocrx_word' id='word_1_32' title='bbox 1214 625 1432 679; x_wconf 87' lang='lat' dir='ltr'><strong>illorum</strong></span> <span class='ocrx_word' id='word_1_33' title='bbox 1475 621 1877 677; x_wconf 88' lang='lat' dir='ltr'><strong>consuetudine</strong></span> <span class='ocrx_word' id='word_1_34' title='bbox 1907 635 1968 672; x_wconf 90' lang='lat' dir='ltr'><strong>ac</strong></span> 
     </span>
    </p>
   </div>
   <div class='ocr_carea' id='block_1_8' title="bbox 378 712 1967 784">
    <p class='ocr_par' dir='ltr' id='par_1_8' title="bbox 378 712 1967 784">
     <span class='ocr_line' id='line_1_8' title="bbox 378 712 1967 784; baseline -0.009 -6"><span class='ocrx_word' id='word_1_35' title='bbox 378 724 629 780; x_wconf 75' lang='lat' dir='ltr'><strong>mozibus</strong></span> <span class='ocrx_word' id='word_1_36' title='bbox 664 720 1076 784; x_wconf 81' lang='lat' dir='ltr'><strong>imbuebantur,</strong></span> <span class='ocrx_word' id='word_1_37' title='bbox 1107 727 1161 773; x_wconf 89' lang='lat' dir='ltr'><strong>et.</strong></span> <span class='ocrx_word' id='word_1_38' title='bbox 1195 717 1263 771; x_wconf 88' lang='lat' dir='ltr'><strong>ab</strong></span> <span class='ocrx_word' id='word_1_39' title='bbox 1295 716 1637 771; x_wconf 87' lang='lat' dir='ltr'><strong>humanitate</strong></span> <span class='ocrx_word' id='word_1_40' title='bbox 1668 713 1736 768; x_wconf 87' lang='lat' dir='ltr'><strong>ad</strong></span> <span class='ocrx_word' id='word_1_41' title='bbox 1769 712 1967 768; x_wconf 87' lang='lat' dir='ltr'><strong>barba-</strong></span> 
     </span>
    </p>
   </div>
   <div class='ocr_carea' id='block_1_9' title="bbox 378 808 1669 880">
    <p class='ocr_par' dir='ltr' id='par_1_9' title="bbox 378 808 1669 880">
     <span class='ocr_line' id='line_1_9' title="bbox 378 808 1669 880; baseline -0.007 -11"><span class='ocrx_word' id='word_1_42' title='bbox 378 814 515 869; x_wconf 85' lang='lat' dir='ltr'><strong>riem</strong></span> <span class='ocrx_word' id='word_1_43' title='bbox 543 827 608 866; x_wconf 88' lang='lat' dir='ltr'><strong>ac</strong></span> <span class='ocrx_word' id='word_1_44' title='bbox 641 809 998 880; x_wconf 79' lang='lat' dir='ltr'><strong>cupiditatem</strong></span> <span class='ocrx_word' id='word_1_45' title='bbox 1029 809 1274 878; x_wconf 83' lang='lat' dir='ltr'><strong>pecuniae</strong></span> <span class='ocrx_word' id='word_1_46' title='bbox 1309 808 1669 862; x_wconf 85' lang='lat' dir='ltr'><strong>transierunt.</strong></span> 
     </span>
    </p>
   </div>
   <div class='ocr_carea' id='block_1_10' title="bbox 449 897 1965 958">
    <p class='ocr_par' dir='ltr' id='par_1_10' title="bbox 449 897 1965 958">
     <span class='ocr_line' id='line_1_10' title="bbox 449 897 1965 958; baseline -0.007 0"><span class='ocrx_word' id='word_1_47' title='bbox 449 903 541 958; x_wconf 90' lang='lat'><strong>90.</strong></span> <span class='ocrx_word' id='word_1_48' title='bbox 573 901 787 957; x_wconf 82' lang='lat' dir='ltr'><strong>Vexant</strong></span> <span class='ocrx_word' id='word_1_49' title='bbox 811 900 936 956; x_wconf 88' lang='lat' dir='ltr'><strong>illos</strong></span> <span class='ocrx_word' id='word_1_50' title='bbox 969 899 1268 955; x_wconf 83' lang='lat' dir='ltr'><strong>admodum</strong></span> <span class='ocrx_word' id='word_1_51' title='bbox 1299 913 1564 954; x_wconf 66' lang='lat' dir='ltr'><strong>azrumnaa</strong></span> <span class='ocrx_word' id='word_1_52' title='bbox 1600 912 1666 952; x_wconf 90' lang='lat' dir='ltr'><strong>ac</strong></span> <span class='ocrx_word' id='word_1_53' title='bbox 1705 897 1965 953; x_wconf 74' lang='lat' dir='ltr'><strong>miserim.</strong></span> 
     </span>
    </p>
   </div>
   <div class='ocr_carea' id='block_1_11' title="bbox 377 988 1970 1058">
    <p class='ocr_par' dir='ltr' id='par_1_11' title="bbox 377 988 1970 1058">
     <span class='ocr_line' id='line_1_11' title="bbox 377 988 1970 1058; baseline -0.004 -12"><span class='ocrx_word' id='word_1_54' title='bbox 377 991 855 1058; x_wconf 81' lang='lat' dir='ltr'><strong>Quemadmodum</strong></span> <span class='ocrx_word' id='word_1_55' title='bbox 890 991 1035 1044; x_wconf 90' lang='lat' dir='ltr'><strong>enim</strong></span> <span class='ocrx_word' id='word_1_56' title='bbox 1066 999 1278 1045; x_wconf 80' lang='lat' dir='ltr'><strong>mentes</strong></span> <span class='ocrx_word' id='word_1_57' title='bbox 1314 988 1556 1042; x_wconf 83' lang='lat' dir='ltr'><strong>audaces</strong></span> <span class='ocrx_word' id='word_1_58' title='bbox 1598 994 1970 1055; x_wconf 88' lang='lat' dir='ltr'><strong>strenuasque</strong></span> 
     </span>
    </p>
   </div>
   <div class='ocr_carea' id='block_1_12' title="bbox 381 1080 1968 1153">
    <p class='ocr_par' dir='ltr' id='par_1_12' title="bbox 381 1080 1968 1153">
     <span class='ocr_line' id='line_1_12' title="bbox 381 1080 1968 1153; baseline -0.003 -17"><span class='ocrx_word' id='word_1_59' title='bbox 381 1084 698 1152; x_wconf 81' lang='lat' dir='ltr'><strong>possident,</strong></span> <span class='ocrx_word' id='word_1_60' title='bbox 733 1083 811 1137; x_wconf 90' lang='lat' dir='ltr'><strong>ita</strong></span> <span class='ocrx_word' id='word_1_61' title='bbox 842 1097 1078 1153; x_wconf 89' lang='lat' dir='ltr'><strong>corpora</strong></span> <span class='ocrx_word' id='word_1_62' title='bbox 1119 1081 1359 1137; x_wconf 88' lang='lat' dir='ltr'><strong>delicata</strong></span> <span class='ocrx_word' id='word_1_63' title='bbox 1394 1096 1460 1136; x_wconf 84' lang='lat' dir='ltr'><strong>ac</strong></span> <span class='ocrx_word' id='word_1_64' title='bbox 1501 1088 1689 1136; x_wconf 88' lang='lat' dir='ltr'><strong>tenera</strong></span> <span class='ocrx_word' id='word_1_65' title='bbox 1740 1080 1968 1144; x_wconf 88' lang='lat' dir='ltr'><strong>habent,</strong></span> 
     </span>
    </p>
   </div>
   <div class='ocr_carea' id='block_1_13' title="bbox 378 1173 1664 1231">
    <p class='ocr_par' dir='ltr' id='par_1_13' title="bbox 378 1173 1664 1231">
     <span class='ocr_line' id='line_1_13' title="bbox 378 1173 1664 1231; baseline -0.003 0"><span class='ocrx_word' id='word_1_66' title='bbox 378 1183 433 1231; x_wconf 87' lang='lat' dir='ltr'><strong>ct</strong></span> <span class='ocrx_word' id='word_1_67' title='bbox 471 1176 539 1230; x_wconf 88' lang='lat' dir='ltr'><strong>ad</strong></span> <span class='ocrx_word' id='word_1_68' title='bbox 572 1177 793 1231; x_wconf 80' lang='lat' dir='ltr'><strong>labores</strong></span> <span class='ocrx_word' id='word_1_69' title='bbox 822 1175 1181 1231; x_wconf 84' lang='lat' dir='ltr'><strong>sustinendos</strong></span> <span class='ocrx_word' id='word_1_70' title='bbox 1214 1175 1402 1229; x_wconf 88' lang='lat' dir='ltr'><strong>minus</strong></span> <span class='ocrx_word' id='word_1_71' title='bbox 1434 1173 1664 1228; x_wconf 83' lang='lat' dir='ltr'><strong>habilia.</strong></span> 
     </span>
    </p>
   </div>
   <div class='ocr_carea' id='block_1_14' title="bbox 451 1265 1973 1337">
    <p class='ocr_par' dir='ltr' id='par_1_14' title="bbox 451 1265 1973 1337">
     <span class='ocr_line' id='line_1_14' title="bbox 451 1265 1973 1337; baseline -0.002 -16"><span class='ocrx_word' id='word_1_72' title='bbox 451 1267 541 1321; x_wconf 85' lang='lat'><strong>91.</strong></span> <span class='ocrx_word' id='word_1_73' title='bbox 595 1265 841 1332; x_wconf 84' lang='lat' dir='ltr'><strong>Calores,</strong></span> <span class='ocrx_word' id='word_1_74' title='bbox 898 1265 1125 1337; x_wconf 80' lang='lat' dir='ltr'><strong>frigora,</strong></span> <span class='ocrx_word' id='word_1_75' title='bbox 1176 1266 1410 1335; x_wconf 74' lang='lat' dir='ltr'><strong>pluviae,</strong></span> <span class='ocrx_word' id='word_1_76' title='bbox 1450 1275 1819 1330; x_wconf 88' lang='lat' dir='ltr'><strong>commeatus,</strong></span> <span class='ocrx_word' id='word_1_77' title='bbox 1857 1265 1973 1319; x_wconf 90' lang='lat' dir='ltr'><strong>sive</strong></span> 
     </span>
    </p>
   </div>
   <div class='ocr_carea' id='block_1_15' title="bbox 380 1355 1970 1427">
    <p class='ocr_par' dir='ltr' id='par_1_15' title="bbox 380 1355 1970 1427">
     <span class='ocr_line' id='line_1_15' title="bbox 380 1355 1970 1427; baseline -0.002 -15"><span class='ocrx_word' id='word_1_78' title='bbox 380 1373 568 1414; x_wconf 79' lang='lat' dir='ltr'><strong>rerum</strong></span> <span class='ocrx_word' id='word_1_79' title='bbox 601 1357 1048 1413; x_wconf 78' lang='lat' dir='ltr'><strong>necessariarum</strong></span> <span class='ocrx_word' id='word_1_80' title='bbox 1085 1358 1296 1427; x_wconf 90' lang='lat' dir='ltr'><strong>inopia,</strong></span> <span class='ocrx_word' id='word_1_81' title='bbox 1339 1368 1394 1414; x_wconf 87' lang='lat' dir='ltr'><strong>et.</strong></span> <span class='ocrx_word' id='word_1_82' title='bbox 1443 1357 1554 1410; x_wconf 88' lang='lat' dir='ltr'><strong>viui</strong></span> <span class='ocrx_word' id='word_1_83' title='bbox 1595 1355 1970 1427; x_wconf 88' lang='lat' dir='ltr'><strong>potissimum,</strong></span> 
     </span>
    </p>
   </div>
   <div class='ocr_carea' id='block_1_16' title="bbox 383 1448 1312 1512">
    <p class='ocr_par' dir='ltr' id='par_1_16' title="bbox 383 1448 1312 1512">
     <span class='ocr_line' id='line_1_16' title="bbox 383 1448 1312 1512; baseline -0.001 -9"><span class='ocrx_word' id='word_1_84' title='bbox 383 1448 574 1503; x_wconf 85' lang='lat' dir='ltr'><strong>dilatio</strong></span> <span class='ocrx_word' id='word_1_85' title='bbox 627 1448 780 1512; x_wconf 91' lang='lat' dir='ltr'><strong>belli,</strong></span> <span class='ocrx_word' id='word_1_86' title='bbox 808 1449 934 1505; x_wconf 92' lang='lat' dir='ltr'><strong>illos</strong></span> <span class='ocrx_word' id='word_1_87' title='bbox 961 1451 1312 1505; x_wconf 80' lang='lat' dir='ltr'><strong>excruciant.</strong></span> 
     </span>
    </p>
   </div>
   <div class='ocr_carea' id='block_1_17' title="bbox 455 1538 1973 1610">
    <p class='ocr_par' dir='ltr' id='par_1_17' title="bbox 455 1538 1973 1610">
     <span class='ocr_line' id='line_1_17' title="bbox 455 1538 1973 1610; baseline -0.003 -15"><span class='ocrx_word' id='word_1_88' title='bbox 455 1540 545 1595; x_wconf 73' lang='lat'><strong>92.</strong></span> <span class='ocrx_word' id='word_1_89' title='bbox 593 1539 877 1609; x_wconf 84' lang='lat' dir='ltr'><strong>Equestris</strong></span> <span class='ocrx_word' id='word_1_90' title='bbox 913 1541 1094 1610; x_wconf 74' lang='lat' dir='ltr'><strong>prrelii</strong></span> <span class='ocrx_word' id='word_1_91' title='bbox 1152 1548 1402 1610; x_wconf 87' lang='lat' dir='ltr'><strong>tempore</strong></span> <span class='ocrx_word' id='word_1_92' title='bbox 1455 1539 1823 1594; x_wconf 82' lang='lat' dir='ltr'><strong>adversantur</strong></span> <span class='ocrx_word' id='word_1_93' title='bbox 1865 1538 1973 1592; x_wconf 84' lang='lat' dir='ltr'><strong>illis</strong></span> 
     </span>
    </p>
   </div>
   <div class='ocr_carea' id='block_1_18' title="bbox 383 1632 1974 1702">
    <p class='ocr_par' dir='ltr' id='par_1_18' title="bbox 383 1632 1974 1702">
     <span class='ocr_line' id='line_1_18' title="bbox 383 1632 1974 1702; baseline -0.003 -14"><span class='ocrx_word' id='word_1_94' title='bbox 383 1636 508 1690; x_wconf 90' lang='lat' dir='ltr'><strong>loca</strong></span> <span class='ocrx_word' id='word_1_95' title='bbox 554 1633 793 1689; x_wconf 82' lang='lat' dir='ltr'><strong>difiieilia</strong></span> <span class='ocrx_word' id='word_1_96' title='bbox 832 1641 886 1687; x_wconf 93' lang='lat' dir='ltr'><strong>ct</strong></span> <span class='ocrx_word' id='word_1_97' title='bbox 919 1634 1224 1696; x_wconf 88' lang='lat' dir='ltr'><strong>condensa,</strong></span> <span class='ocrx_word' id='word_1_98' title='bbox 1267 1633 1398 1702; x_wconf 87' lang='lat' dir='ltr'><strong>quia</strong></span> <span class='ocrx_word' id='word_1_99' title='bbox 1435 1632 1746 1686; x_wconf 89' lang='lat' dir='ltr'><strong>vehementi</strong></span> <span class='ocrx_word' id='word_1_100' title='bbox 1781 1633 1974 1684; x_wconf 93' lang='lat' dir='ltr'><strong>incur-</strong></span> 
     </span>
    </p>
   </div>
   <div class='ocr_carea' id='block_1_19' title="bbox 387 1723 1866 1796">
    <p class='ocr_par' dir='ltr' id='par_1_19' title="bbox 387 1723 1866 1796">
     <span class='ocr_line' id='line_1_19' title="bbox 387 1723 1866 1796; baseline -0.003 -15"><span class='ocrx_word' id='word_1_101' title='bbox 387 1725 563 1782; x_wconf 83' lang='lat' dir='ltr'><strong>sionis</strong></span> <span class='ocrx_word' id='word_1_102' title='bbox 595 1725 803 1796; x_wconf 89' lang='lat' dir='ltr'><strong>impetu</strong></span> <span class='ocrx_word' id='word_1_103' title='bbox 831 1725 1042 1780; x_wconf 83' lang='lat' dir='ltr'><strong>directe</strong></span> <span class='ocrx_word' id='word_1_104' title='bbox 1073 1739 1197 1779; x_wconf 91' lang='lat' dir='ltr'><strong>cum</strong></span> <span class='ocrx_word' id='word_1_105' title='bbox 1240 1724 1419 1780; x_wconf 84' lang='lat' dir='ltr'><strong>hastis</strong></span> <span class='ocrx_word' id='word_1_106' title='bbox 1461 1738 1623 1778; x_wconf 91' lang='lat' dir='ltr'><strong>ruere</strong></span> <span class='ocrx_word' id='word_1_107' title='bbox 1662 1723 1866 1778; x_wconf 85' lang='lat' dir='ltr'><strong>solent.</strong></span> 
     </span>
    </p>
   </div>
   <div class='ocr_carea' id='block_1_20' title="bbox 457 1902 1984 1972">
    <p class='ocr_par' dir='ltr' id='par_1_20' title="bbox 457 1902 1984 1972">
     <span class='ocr_line' id='line_1_20' title="bbox 457 1902 1984 1972; baseline -0.002 -14"><span class='ocrx_word' id='word_1_108' title='bbox 457 1903 548 1960; x_wconf 82' lang='lat'><strong>9&#39;5.</strong></span> <span class='ocrx_word' id='word_1_109' title='bbox 616 1903 822 1958; x_wconf 88' lang='lat' dir='ltr'><strong>Damna</strong></span> <span class='ocrx_word' id='word_1_110' title='bbox 885 1915 940 1959; x_wconf 87' lang='lat' dir='ltr'><strong>et</strong></span> <span class='ocrx_word' id='word_1_111' title='bbox 1008 1902 1340 1959; x_wconf 77' lang='lat' dir='ltr'><strong>offensiones</strong></span> <span class='ocrx_word' id='word_1_112' title='bbox 1393 1902 1552 1958; x_wconf 82' lang='lat' dir='ltr'><strong>facile</strong></span> <span class='ocrx_word' id='word_1_113' title='bbox 1583 1917 1612 1957; x_wconf 89' lang='lat' dir='ltr'><strong>a</strong></span> <span class='ocrx_word' id='word_1_114' title='bbox 1656 1911 1834 1972; x_wconf 87' lang='lat' dir='ltr'><strong>tergo,</strong></span> <span class='ocrx_word' id='word_1_115' title='bbox 1885 1909 1984 1955; x_wconf 88' lang='lat' dir='ltr'><strong>aut</strong></span> 
     </span>
    </p>
   </div>
   <div class='ocr_carea' id='block_1_21' title="bbox 390 1992 1980 2063">
    <p class='ocr_par' dir='ltr' id='par_1_21' title="bbox 390 1992 1980 2063">
     <span class='ocr_line' id='line_1_21' title="bbox 390 1992 1980 2063; baseline 0.001 -17"><span class='ocrx_word' id='word_1_116' title='bbox 390 1995 459 2049; x_wconf 88' lang='lat' dir='ltr'><strong>ad</strong></span> <span class='ocrx_word' id='word_1_117' title='bbox 498 1996 642 2050; x_wconf 91' lang='lat' dir='ltr'><strong>latus</strong></span> <span class='ocrx_word' id='word_1_118' title='bbox 679 2010 745 2049; x_wconf 77' lang='lat' dir='ltr'><strong>ex</strong></span> <span class='ocrx_word' id='word_1_119' title='bbox 794 1995 1013 2050; x_wconf 84' lang='lat' dir='ltr'><strong>insidiis</strong></span> <span class='ocrx_word' id='word_1_120' title='bbox 1061 1994 1362 2060; x_wconf 89' lang='lat' dir='ltr'><strong>sustinent,</strong></span> <span class='ocrx_word' id='word_1_121' title='bbox 1399 1993 1526 2063; x_wconf 87' lang='lat' dir='ltr'><strong>quia</strong></span> <span class='ocrx_word' id='word_1_122' title='bbox 1583 1992 1855 2047; x_wconf 81' lang='lat' dir='ltr'><strong>excubias</strong></span> <span class='ocrx_word' id='word_1_123' title='bbox 1894 2006 1980 2048; x_wconf 88' lang='lat' dir='ltr'><strong>re-</strong></span> 
     </span>
    </p>
   </div>
   <div class='ocr_carea' id='block_1_22' title="bbox 390 2086 1912 2158">
    <p class='ocr_par' dir='ltr' id='par_1_22' title="bbox 390 2086 1912 2158">
     <span class='ocr_line' id='line_1_22' title="bbox 390 2086 1912 2158; baseline -0.001 -19"><span class='ocrx_word' id='word_1_124' title='bbox 390 2086 680 2158; x_wconf 81' lang='lat' dir='ltr'><strong>liquasque</strong></span> <span class='ocrx_word' id='word_1_125' title='bbox 724 2087 1044 2157; x_wconf 87' lang='lat' dir='ltr'><strong>hujusmodi</strong></span> <span class='ocrx_word' id='word_1_126' title='bbox 1088 2087 1414 2143; x_wconf 87' lang='lat' dir='ltr'><strong>molitioues</strong></span> <span class='ocrx_word' id='word_1_127' title='bbox 1469 2086 1652 2142; x_wconf 89' lang='lat' dir='ltr'><strong>minus</strong></span> <span class='ocrx_word' id='word_1_128' title='bbox 1693 2094 1912 2141; x_wconf 86' lang='lat' dir='ltr'><strong>curant.</strong></span> 
     </span>
    </p>
   </div>
   <div class='ocr_carea' id='block_1_23' title="bbox 469 2264 1982 2338">
    <p class='ocr_par' dir='ltr' id='par_1_23' title="bbox 469 2264 1982 2338">
     <span class='ocr_line' id='line_1_23' title="bbox 469 2264 1982 2338; baseline -0.004 -16"><span class='ocrx_word' id='word_1_129' title='bbox 469 2268 558 2323; x_wconf 66' lang='lat'><strong>94.</strong></span> <span class='ocrx_word' id='word_1_130' title='bbox 598 2267 752 2333; x_wconf 86' lang='lat' dir='ltr'><strong>Quod</strong></span> <span class='ocrx_word' id='word_1_131' title='bbox 811 2267 854 2323; x_wconf 89' lang='lat' dir='ltr'><strong>si</strong></span> <span class='ocrx_word' id='word_1_132' title='bbox 915 2267 1008 2338; x_wconf 90' lang='lat' dir='ltr'><strong>qui</strong></span> <span class='ocrx_word' id='word_1_133' title='bbox 1071 2267 1253 2338; x_wconf 87' lang='lat' dir='ltr'><strong>fugam</strong></span> <span class='ocrx_word' id='word_1_134' title='bbox 1315 2267 1666 2332; x_wconf 84' lang='lat' dir='ltr'><strong>simularent,</strong></span> <span class='ocrx_word' id='word_1_135' title='bbox 1710 2265 1874 2322; x_wconf 90' lang='lat' dir='ltr'><strong>facile</strong></span> <span class='ocrx_word' id='word_1_136' title='bbox 1901 2264 1982 2319; x_wconf 92' lang='lat' dir='ltr'><strong>illi</strong></span> 
     </span>
    </p>
   </div>
   <div class='ocr_carea' id='block_1_24' title="bbox 391 2356 1982 2426">
    <p class='ocr_par' dir='ltr' id='par_1_24' title="bbox 391 2356 1982 2426">
     <span class='ocr_line' id='line_1_24' title="bbox 391 2356 1982 2426; baseline -0.004 -12"><span class='ocrx_word' id='word_1_137' title='bbox 391 2359 822 2426; x_wconf 70' lang='lat' dir='ltr'><strong>dissiparentur,</strong></span> <span class='ocrx_word' id='word_1_138' title='bbox 878 2366 934 2414; x_wconf 90' lang='lat' dir='ltr'><strong>et</strong></span> <span class='ocrx_word' id='word_1_139' title='bbox 990 2357 1177 2415; x_wconf 88' lang='lat' dir='ltr'><strong>subito</strong></span> <span class='ocrx_word' id='word_1_140' title='bbox 1214 2359 1270 2413; x_wconf 89' lang='lat' dir='ltr'><strong>in</strong></span> <span class='ocrx_word' id='word_1_141' title='bbox 1308 2373 1406 2414; x_wconf 90' lang='lat' dir='ltr'><strong>eos</strong></span> <span class='ocrx_word' id='word_1_142' title='bbox 1454 2359 1654 2414; x_wconf 89' lang='lat' dir='ltr'><strong>iterum</strong></span> <span class='ocrx_word' id='word_1_143' title='bbox 1709 2356 1982 2420; x_wconf 87' lang='lat' dir='ltr'><strong>conversi,</strong></span> 
     </span>
    </p>
   </div>
   <div class='ocr_carea' id='block_1_25' title="bbox 389 2449 1216 2518">
    <p class='ocr_par' dir='ltr' id='par_1_25' title="bbox 389 2449 1216 2518">
     <span class='ocr_line' id='line_1_25' title="bbox 389 2449 1216 2518; baseline -0.001 -14"><span class='ocrx_word' id='word_1_144' title='bbox 389 2450 731 2518; x_wconf 83' lang='lat' dir='ltr'><strong>permultum</strong></span> <span class='ocrx_word' id='word_1_145' title='bbox 772 2451 896 2505; x_wconf 87' lang='lat' dir='ltr'><strong>illos</strong></span> <span class='ocrx_word' id='word_1_146' title='bbox 929 2449 1216 2504; x_wconf 66' lang='lat' dir='ltr'><strong>laederent.</strong></span> 
     </span>
    </p>
   </div>
   <div class='ocr_carea' id='block_1_26' title="bbox 469 2537 1987 2609">
    <p class='ocr_par' dir='ltr' id='par_1_26' title="bbox 469 2537 1987 2609">
     <span class='ocr_line' id='line_1_26' title="bbox 469 2537 1987 2609; baseline -0.001 -17"><span class='ocrx_word' id='word_1_147' title='bbox 469 2539 560 2593; x_wconf 73' lang='lat'><strong>95.</strong></span> <span class='ocrx_word' id='word_1_148' title='bbox 617 2538 774 2609; x_wconf 66' lang='lat' dir='ltr'><strong>Smpe</strong></span> <span class='ocrx_word' id='word_1_149' title='bbox 803 2539 970 2593; x_wconf 82' lang='lat' dir='ltr'><strong>etiam</strong></span> <span class='ocrx_word' id='word_1_150' title='bbox 1025 2547 1310 2593; x_wconf 72' lang='lat' dir='ltr'><strong>nocturna:</strong></span> <span class='ocrx_word' id='word_1_151' title='bbox 1337 2538 1756 2608; x_wconf 80' lang='lat' dir='ltr'><strong>sagittariorum</strong></span> <span class='ocrx_word' id='word_1_152' title='bbox 1787 2537 1987 2590; x_wconf 85' lang='lat' dir='ltr'><strong>incur-</strong></span> 
     </span>
    </p>
   </div>
   <div class='ocr_carea' id='block_1_27' title="bbox 394 2628 1986 2702">
    <p class='ocr_par' dir='ltr' id='par_1_27' title="bbox 394 2628 1986 2702">
     <span class='ocr_line' id='line_1_27' title="bbox 394 2628 1986 2702; baseline -0.003 -17"><span class='ocrx_word' id='word_1_153' title='bbox 394 2632 580 2687; x_wconf 87' lang='lat' dir='ltr'><strong>siones</strong></span> <span class='ocrx_word' id='word_1_154' title='bbox 607 2631 811 2686; x_wconf 65' lang='lat' dir='ltr'><strong>laedunt</strong></span> <span class='ocrx_word' id='word_1_155' title='bbox 842 2630 988 2695; x_wconf 82' lang='lat' dir='ltr'><strong>illos,</strong></span> <span class='ocrx_word' id='word_1_156' title='bbox 1014 2633 1142 2700; x_wconf 84' lang='lat' dir='ltr'><strong>quia</strong></span> <span class='ocrx_word' id='word_1_157' title='bbox 1174 2629 1424 2702; x_wconf 85' lang='lat' dir='ltr'><strong>disperse</strong></span> <span class='ocrx_word' id='word_1_158' title='bbox 1471 2638 1526 2685; x_wconf 91' lang='lat' dir='ltr'><strong>et</strong></span> <span class='ocrx_word' id='word_1_159' title='bbox 1549 2628 1782 2698; x_wconf 86' lang='lat' dir='ltr'><strong>disjectc</strong></span> <span class='ocrx_word' id='word_1_160' title='bbox 1803 2636 1986 2684; x_wconf 88' lang='lat' dir='ltr'><strong>castra</strong></span> 
     </span>
    </p>
   </div>
   <div class='ocr_carea' id='block_1_28' title="bbox 396 2729 633 2792">
    <p class='ocr_par' dir='ltr' id='par_1_28' title="bbox 396 2729 633 2792">
     <span class='ocr_line' id='line_1_28' title="bbox 396 2729 633 2792; baseline -0.004 -15"><span class='ocrx_word' id='word_1_161' title='bbox 396 2729 633 2792; x_wconf 77' lang='lat' dir='ltr'><strong>ponunt.</strong></span> 
     </span>
    </p>
   </div>
   <div class='ocr_carea' id='block_1_29' title="bbox 477 2832 1988 2903">
    <p class='ocr_par' dir='ltr' id='par_1_29' title="bbox 477 2832 1988 2903">
     <span class='ocr_line' id='line_1_29' title="bbox 477 2832 1988 2903; baseline -0.002 -15"><span class='ocrx_word' id='word_1_162' title='bbox 477 2832 566 2889; x_wconf 82' lang='lat'><strong>96.</strong></span> <span class='ocrx_word' id='word_1_163' title='bbox 607 2832 703 2887; x_wconf 88' lang='lat' dir='ltr'><strong>Sin</strong></span> <span class='ocrx_word' id='word_1_164' title='bbox 741 2832 865 2903; x_wconf 90' lang='lat' dir='ltr'><strong>quis</strong></span> <span class='ocrx_word' id='word_1_165' title='bbox 925 2847 984 2887; x_wconf 91' lang='lat' dir='ltr'><strong>se</strong></span> <span class='ocrx_word' id='word_1_166' title='bbox 1030 2833 1096 2886; x_wconf 91' lang='lat' dir='ltr'><strong>ad</strong></span> <span class='ocrx_word' id='word_1_167' title='bbox 1157 2832 1562 2902; x_wconf 90' lang='lat' dir='ltr'><strong>confligendum</strong></span> <span class='ocrx_word' id='word_1_168' title='bbox 1594 2848 1721 2887; x_wconf 87' lang='lat' dir='ltr'><strong>eum</strong></span> <span class='ocrx_word' id='word_1_169' title='bbox 1751 2832 1859 2887; x_wconf 91' lang='lat' dir='ltr'><strong>illis</strong></span> <span class='ocrx_word' id='word_1_170' title='bbox 1889 2847 1988 2903; x_wconf 87' lang='lat' dir='ltr'><strong>pa-</strong></span> 
     </span>
    </p>
   </div>
   <div class='ocr_carea' id='block_1_30' title="bbox 393 2924 1989 2995">
    <p class='ocr_par' dir='ltr' id='par_1_30' title="bbox 393 2924 1989 2995">
     <span class='ocr_line' id='line_1_30' title="bbox 393 2924 1989 2995; baseline -0.002 -13"><span class='ocrx_word' id='word_1_171' title='bbox 393 2942 550 2994; x_wconf 82' lang='lat' dir='ltr'><strong>rans,</strong></span> <span class='ocrx_word' id='word_1_172' title='bbox 615 2927 687 2981; x_wconf 88' lang='lat' dir='ltr'><strong>iis</strong></span> <span class='ocrx_word' id='word_1_173' title='bbox 751 2924 996 2980; x_wconf 88' lang='lat' dir='ltr'><strong>motibus</strong></span> <span class='ocrx_word' id='word_1_174' title='bbox 1055 2934 1222 2995; x_wconf 85' lang='lat' dir='ltr'><strong>atque</strong></span> <span class='ocrx_word' id='word_1_175' title='bbox 1270 2925 1540 2980; x_wconf 88' lang='lat' dir='ltr'><strong>institutis</strong></span> <span class='ocrx_word' id='word_1_176' title='bbox 1597 2933 1805 2992; x_wconf 87' lang='lat' dir='ltr'><strong>utatur,</strong></span> <span class='ocrx_word' id='word_1_177' title='bbox 1843 2925 1989 2979; x_wconf 91' lang='lat' dir='ltr'><strong>haud</strong></span> 
     </span>
    </p>
   </div>
   <div class='ocr_carea' id='block_1_31' title="bbox 393 3017 1988 3089">
    <p class='ocr_par' dir='ltr' id='par_1_31' title="bbox 393 3017 1988 3089">
     <span class='ocr_line' id='line_1_31' title="bbox 393 3017 1988 3089; baseline -0.002 -16"><span class='ocrx_word' id='word_1_178' title='bbox 393 3035 535 3089; x_wconf 85' lang='lat' dir='ltr'><strong>opus</strong></span> <span class='ocrx_word' id='word_1_179' title='bbox 581 3018 753 3073; x_wconf 86' lang='lat' dir='ltr'><strong>fuerit</strong></span> <span class='ocrx_word' id='word_1_180' title='bbox 794 3017 1015 3087; x_wconf 83' lang='lat' dir='ltr'><strong>publica</strong></span> <span class='ocrx_word' id='word_1_181' title='bbox 1057 3031 1184 3072; x_wconf 90' lang='lat' dir='ltr'><strong>cum</strong></span> <span class='ocrx_word' id='word_1_182' title='bbox 1215 3017 1323 3072; x_wconf 86' lang='lat' dir='ltr'><strong>illis</strong></span> <span class='ocrx_word' id='word_1_183' title='bbox 1357 3017 1719 3074; x_wconf 84' lang='lat' dir='ltr'><strong>dimicatione</strong></span> <span class='ocrx_word' id='word_1_184' title='bbox 1756 3027 1988 3074; x_wconf 82' lang='lat' dir='ltr'><strong>conten-</strong></span> 
     </span>
    </p>
   </div>
   <div class='ocr_carea' id='block_1_32' title="bbox 2083 517 3669 587">
    <p class='ocr_par' dir='ltr' id='par_1_32' title="bbox 2083 517 3669 587">
     <span class='ocr_line' id='line_1_32' title="bbox 2083 517 3669 587; baseline -0.004 -11"><span class='ocrx_word' id='word_1_185' title='bbox 2083 523 2193 577; x_wconf 87' lang='grc' dir='ltr'><strong>τῶν</strong></span> <span class='ocrx_word' id='word_1_186' title='bbox 2233 520 2292 586; x_wconf 82' lang='grc' dir='ltr'>ἐξ</span> <span class='ocrx_word' id='word_1_187' title='bbox 2331 521 2563 583; x_wconf 87' lang='grc' dir='ltr'>Ἰταλίας</span> <span class='ocrx_word' id='word_1_188' title='bbox 2594 517 2828 572; x_wconf 79' lang='grc' dir='ltr'>ἐνταῦθα</span> <span class='ocrx_word' id='word_1_189' title='bbox 2883 517 3145 580; x_wconf 78' lang='grc' dir='ltr'><strong>πολλάκις</strong></span> <span class='ocrx_word' id='word_1_190' title='bbox 3205 518 3669 587; x_wconf 84' lang='grc' dir='ltr'>παραγενομένων</span> 
     </span>
    </p>
   </div>
   <div class='ocr_carea' id='block_1_33' title="bbox 2086 609 3678 684">
    <p class='ocr_par' dir='ltr' id='par_1_33' title="bbox 2086 609 3678 684">
     <span class='ocr_line' id='line_1_33' title="bbox 2086 609 3678 684; baseline -0.007 -14"><span class='ocrx_word' id='word_1_191' title='bbox 2086 617 2178 670; x_wconf 77' lang='grc' dir='ltr'>ἐπί</span> <span class='ocrx_word' id='word_1_192' title='bbox 2199 633 2309 669; x_wconf 88' lang='grc' dir='ltr'>τισι</span> <span class='ocrx_word' id='word_1_193' title='bbox 2335 617 2456 677; x_wconf 87' lang='grc' dir='ltr'>ταῖς</span> <span class='ocrx_word' id='word_1_194' title='bbox 2509 613 2860 684; x_wconf 82' lang='grc' dir='ltr'>διοικήσεσιν,</span> <span class='ocrx_word' id='word_1_195' title='bbox 2895 609 2970 674; x_wconf 85' lang='grc' dir='ltr'><strong>ὡς</strong></span> <span class='ocrx_word' id='word_1_196' title='bbox 3017 611 3081 680; x_wconf 84' lang='grc' dir='ltr'>τῇ</span> <span class='ocrx_word' id='word_1_197' title='bbox 3126 609 3349 684; x_wconf 80' lang='grc' dir='ltr'>ἐκείνων</span> <span class='ocrx_word' id='word_1_198' title='bbox 3397 609 3678 681; x_wconf 71' lang='grc' dir='ltr'>ἐπιμιξίᾳ,</span> 
     </span>
    </p>
   </div>
   <div class='ocr_carea' id='block_1_34' title="bbox 2081 702 3683 779">
    <p class='ocr_par' dir='ltr' id='par_1_34' title="bbox 2081 702 3683 779">
     <span class='ocr_line' id='line_1_34' title="bbox 2081 702 3683 779; baseline -0.005 -16"><span class='ocrx_word' id='word_1_199' title='bbox 2081 707 2256 779; x_wconf 74' lang='grc' dir='ltr'>οἶμαι,</span> <span class='ocrx_word' id='word_1_200' title='bbox 2311 709 2405 761; x_wconf 72' lang='grc' dir='ltr'><strong>καὶ</strong></span> <span class='ocrx_word' id='word_1_201' title='bbox 2455 705 2659 759; x_wconf 86' lang='grc' dir='ltr'>τούτων</span> <span class='ocrx_word' id='word_1_202' title='bbox 2720 704 3188 776; x_wconf 80' lang='grc' dir='ltr'>βαρϐαρωθὲντων</span> <span class='ocrx_word' id='word_1_203' title='bbox 3221 719 3280 755; x_wconf 90' lang='grc' dir='ltr'><strong>τε</strong></span> <span class='ocrx_word' id='word_1_204' title='bbox 3319 702 3416 755; x_wconf 71' lang='grc' dir='ltr'>καὶ</span> <span class='ocrx_word' id='word_1_205' title='bbox 3466 703 3683 756; x_wconf 83' lang='grc' dir='ltr'>συνεθι-</span> 
     </span>
    </p>
   </div>
   <div class='ocr_carea' id='block_1_35' title="bbox 2083 803 2340 858">
    <p class='ocr_par' dir='ltr' id='par_1_35' title="bbox 2083 803 2340 858">
     <span class='ocr_line' id='line_1_35' title="bbox 2083 803 2340 858; baseline -0.019 -1"><span class='ocrx_word' id='word_1_206' title='bbox 2083 803 2340 858; x_wconf 83' lang='grc' dir='ltr'>σθέντων.</span> 
     </span>
    </p>
   </div>
   <div class='ocr_carea' id='block_1_36' title="bbox 2146 887 3674 963">
    <p class='ocr_par' dir='ltr' id='par_1_36' title="bbox 2146 887 3674 963">
     <span class='ocr_line' id='line_1_36' title="bbox 2146 887 3674 963; baseline -0.009 -12"><span class='ocrx_word' id='word_1_207' title='bbox 2146 896 2224 963; x_wconf 53' lang='grc' dir='ltr'><strong>ια.</strong></span> <span class='ocrx_word' id='word_1_208' title='bbox 2253 895 2430 950; x_wconf 83' lang='grc' dir='ltr'>Λυπεί</span> <span class='ocrx_word' id='word_1_209' title='bbox 2483 889 2540 946; x_wconf 76' lang='grc' dir='ltr'>δὲ</span> <span class='ocrx_word' id='word_1_210' title='bbox 2582 891 2778 953; x_wconf 73' lang='grc' dir='ltr'>αὐτοὺς</span> <span class='ocrx_word' id='word_1_211' title='bbox 2843 887 3208 949; x_wconf 76' lang='grc' dir='ltr'>κακοπάθεια,</span> <span class='ocrx_word' id='word_1_212' title='bbox 3255 888 3349 941; x_wconf 65' lang='grc' dir='ltr'>καὶ</span> <span class='ocrx_word' id='word_1_213' title='bbox 3386 887 3674 958; x_wconf 78' lang='grc' dir='ltr'>συντριϐή,</span> 
     </span>
    </p>
   </div>
   <div class='ocr_carea' id='block_1_37' title="bbox 2083 979 3686 1059">
    <p class='ocr_par' dir='ltr' id='par_1_37' title="bbox 2083 979 3686 1059">
     <span class='ocr_line' id='line_1_37' title="bbox 2083 979 3686 1059; baseline -0.007 -15"><span class='ocrx_word' id='word_1_214' title='bbox 2083 990 2250 1044; x_wconf 88' lang='grc' dir='ltr'>Ὅσον</span> <span class='ocrx_word' id='word_1_215' title='bbox 2303 987 2413 1059; x_wconf 69' lang='grc' dir='ltr'><strong>γὰρ</strong></span> <span class='ocrx_word' id='word_1_216' title='bbox 2461 985 2562 1049; x_wconf 83' lang='grc' dir='ltr'>τὰς</span> <span class='ocrx_word' id='word_1_217' title='bbox 2617 983 2794 1055; x_wconf 66' lang='grc' dir='ltr'>ψυχὰς</span> <span class='ocrx_word' id='word_1_218' title='bbox 2850 981 3129 1053; x_wconf 79' lang='grc' dir='ltr'><strong>τολμηρὰς</strong></span> <span class='ocrx_word' id='word_1_219' title='bbox 3180 980 3277 1034; x_wconf 68' lang='grc' dir='ltr'><strong>καὶ</strong></span> <span class='ocrx_word' id='word_1_220' title='bbox 3326 979 3548 1050; x_wconf 83' lang='grc' dir='ltr'>θρασεῖς</span> <span class='ocrx_word' id='word_1_221' title='bbox 3588 982 3686 1033; x_wconf 85' lang='grc' dir='ltr'>κέ-</span> 
     </span>
    </p>
   </div>
   <div class='ocr_carea' id='block_1_38' title="bbox 2081 1072 3688 1152">
    <p class='ocr_par' dir='ltr' id='par_1_38' title="bbox 2081 1072 3688 1152">
     <span class='ocr_line' id='line_1_38' title="bbox 2081 1072 3688 1152; baseline -0.008 -16"><span class='ocrx_word' id='word_1_222' title='bbox 2081 1098 2330 1152; x_wconf 88' lang='grc' dir='ltr'>κτηνται,</span> <span class='ocrx_word' id='word_1_223' title='bbox 2353 1077 2608 1132; x_wconf 87' lang='grc' dir='ltr'>τοσοῦτον</span> <span class='ocrx_word' id='word_1_224' title='bbox 2637 1076 2704 1129; x_wconf 74' lang='grc' dir='ltr'><strong>τὰ</strong></span> <span class='ocrx_word' id='word_1_225' title='bbox 2743 1075 2971 1144; x_wconf 87' lang='grc' dir='ltr'>σώματα</span> <span class='ocrx_word' id='word_1_226' title='bbox 3000 1072 3230 1145; x_wconf 81' lang='grc' dir='ltr'>εύπαθῆ,</span> <span class='ocrx_word' id='word_1_227' title='bbox 3252 1072 3346 1124; x_wconf 69' lang='grc' dir='ltr'><strong>καὶ</strong></span> <span class='ocrx_word' id='word_1_228' title='bbox 3369 1072 3573 1136; x_wconf 77' lang='grc' dir='ltr'>ἁπαλὰ,</span> <span class='ocrx_word' id='word_1_229' title='bbox 3590 1073 3688 1124; x_wconf 79' lang='grc' dir='ltr'><strong>καὶ</strong></span> 
     </span>
    </p>
   </div>
   <div class='ocr_carea' id='block_1_39' title="bbox 2085 1166 3146 1239">
    <p class='ocr_par' dir='ltr' id='par_1_39' title="bbox 2085 1166 3146 1239">
     <span class='ocr_line' id='line_1_39' title="bbox 2085 1166 3146 1239; baseline -0.01 -11"><span class='ocrx_word' id='word_1_230' title='bbox 2085 1175 2254 1228; x_wconf 80' lang='grc' dir='ltr'>κόπον</span> <span class='ocrx_word' id='word_1_231' title='bbox 2289 1170 2527 1232; x_wconf 79' lang='grc' dir='ltr'>εὐκόλως</span> <span class='ocrx_word' id='word_1_232' title='bbox 2554 1168 2742 1239; x_wconf 81' lang='grc' dir='ltr'>φέρειν</span> <span class='ocrx_word' id='word_1_233' title='bbox 2765 1167 2826 1220; x_wconf 88' lang='grc' dir='ltr'><strong>ού</strong></span> <span class='ocrx_word' id='word_1_234' title='bbox 2857 1166 3146 1236; x_wconf 87' lang='grc' dir='ltr'>δυνάμενα.</span> 
     </span>
    </p>
   </div>
   <div class='ocr_carea' id='block_1_40' title="bbox 2167 1256 3685 1333">
    <p class='ocr_par' dir='ltr' id='par_1_40' title="bbox 2167 1256 3685 1333">
     <span class='ocr_line' id='line_1_40' title="bbox 2167 1256 3685 1333; baseline -0.006 -15"><span class='ocrx_word' id='word_1_235' title='bbox 2167 1265 2278 1333; x_wconf 51' lang='grc' dir='ltr'>μα’.</span> <span class='ocrx_word' id='word_1_236' title='bbox 2329 1263 2564 1333; x_wconf 83' lang='grc' dir='ltr'>Προσέτι</span> <span class='ocrx_word' id='word_1_237' title='bbox 2621 1260 2677 1314; x_wconf 82' lang='grc' dir='ltr'>δὲ</span> <span class='ocrx_word' id='word_1_238' title='bbox 2724 1261 2884 1312; x_wconf 82' lang='grc' dir='ltr'>λυπεῖ</span> <span class='ocrx_word' id='word_1_239' title='bbox 2935 1259 3132 1322; x_wconf 76' lang='grc' dir='ltr'>αὐτοὺς</span> <span class='ocrx_word' id='word_1_240' title='bbox 3167 1259 3262 1312; x_wconf 72' lang='grc' dir='ltr'><strong>καὶ</strong></span> <span class='ocrx_word' id='word_1_241' title='bbox 3315 1258 3538 1324; x_wconf 82' lang='grc' dir='ltr'>καῦσος,</span> <span class='ocrx_word' id='word_1_242' title='bbox 3589 1256 3685 1310; x_wconf 83' lang='grc' dir='ltr'>καὶ</span> 
     </span>
    </p>
   </div>
   <div class='ocr_carea' id='block_1_41' title="bbox 2082 1349 3690 1430">
    <p class='ocr_par' dir='ltr' id='par_1_41' title="bbox 2082 1349 3690 1430">
     <span class='ocr_line' id='line_1_41' title="bbox 2082 1349 3690 1430; baseline -0.027 -3"><span class='ocrx_word' id='word_1_243' title='bbox 2082 1359 2278 1430; x_wconf 70' lang='grc' dir='ltr'>ψύχος.</span> <span class='ocrx_word' id='word_1_244' title='bbox 2347 1356 2441 1409; x_wconf 72' lang='grc' dir='ltr'><strong>καὶ</strong></span> <span class='ocrx_word' id='word_1_245' title='bbox 2511 1353 2703 1424; x_wconf 72' lang='grc' dir='ltr'>βροχὴ,</span> <span class='ocrx_word' id='word_1_246' title='bbox 2757 1352 2851 1406; x_wconf 73' lang='grc' dir='ltr'>καὶ</span> <span class='ocrx_word' id='word_1_247' title='bbox 2898 1351 3078 1405; x_wconf 78' lang='grc' dir='ltr'>ἔνδεια</span> <span class='ocrx_word' id='word_1_248' title='bbox 3104 1349 3537 1420; x_wconf 60' lang='grc' dir='ltr'>δαπανημάτων,</span> <span class='ocrx_word' id='word_1_249' title='bbox 3593 1350 3690 1402; x_wconf 55' lang='grc' dir='ltr'><strong>καὶ</strong></span> 
     </span>
    </p>
   </div>
   <div class='ocr_carea' id='block_1_42' title="bbox 2087 1451 3458 1526">
    <p class='ocr_par' dir='ltr' id='par_1_42' title="bbox 2087 1451 3458 1526">
     <span class='ocr_line' id='line_1_42' title="bbox 2087 1451 3458 1526; baseline -0.005 -16"><span class='ocrx_word' id='word_1_250' title='bbox 2087 1455 2318 1526; x_wconf 87' lang='grc' dir='ltr'>μάλιστα</span> <span class='ocrx_word' id='word_1_251' title='bbox 2340 1457 2507 1521; x_wconf 79' lang='grc' dir='ltr'>οἴνου,</span> <span class='ocrx_word' id='word_1_252' title='bbox 2541 1455 2621 1508; x_wconf 81' lang='grc' dir='ltr'>ἔτι</span> <span class='ocrx_word' id='word_1_253' title='bbox 2652 1455 2707 1508; x_wconf 81' lang='grc' dir='ltr'><strong>δὲ</strong></span> <span class='ocrx_word' id='word_1_254' title='bbox 2737 1454 2829 1508; x_wconf 74' lang='grc' dir='ltr'><strong>καὶ</strong></span> <span class='ocrx_word' id='word_1_255' title='bbox 2873 1452 3165 1525; x_wconf 76' lang='grc' dir='ltr'>ὑπέρθεσις</span> <span class='ocrx_word' id='word_1_256' title='bbox 3195 1451 3458 1521; x_wconf 82' lang='grc' dir='ltr'>πολέμου.</span> 
     </span>
    </p>
   </div>
   <div class='ocr_carea' id='block_1_43' title="bbox 2150 1542 3679 1621">
    <p class='ocr_par' dir='ltr' id='par_1_43' title="bbox 2150 1542 3679 1621">
     <span class='ocr_line' id='line_1_43' title="bbox 2150 1542 3679 1621; baseline -0.009 -15"><span class='ocrx_word' id='word_1_257' title='bbox 2150 1549 2257 1621; x_wconf 45' lang='grc' dir='ltr'><strong>ἥβη</strong></span> <span class='ocrx_word' id='word_1_258' title='bbox 2322 1551 2411 1604; x_wconf 83' lang='grc' dir='ltr'>Ἐν</span> <span class='ocrx_word' id='word_1_259' title='bbox 2450 1550 2506 1604; x_wconf 80' lang='grc' dir='ltr'>δὲ</span> <span class='ocrx_word' id='word_1_260' title='bbox 2551 1549 2629 1618; x_wconf 80' lang='grc' dir='ltr'>τῷ</span> <span class='ocrx_word' id='word_1_261' title='bbox 2681 1547 2860 1617; x_wconf 81' lang='grc' dir='ltr'>καιρῷ</span> <span class='ocrx_word' id='word_1_262' title='bbox 2913 1547 3010 1616; x_wconf 81' lang='grc' dir='ltr'>τῆς</span> <span class='ocrx_word' id='word_1_263' title='bbox 3042 1545 3458 1616; x_wconf 73' lang='grc' dir='ltr'>καθαλλαρικῆς</span> <span class='ocrx_word' id='word_1_264' title='bbox 3495 1542 3679 1612; x_wconf 68' lang='grc' dir='ltr'>μάχης</span> 
     </span>
    </p>
   </div>
   <div class='ocr_carea' id='block_1_44' title="bbox 2101 1631 3686 1705">
    <p class='ocr_par' dir='ltr' id='par_1_44' title="bbox 2101 1631 3686 1705">
     <span class='ocr_line' id='line_1_44' title="bbox 2101 1631 3686 1705; baseline -0.006 -10"><span class='ocrx_word' id='word_1_265' title='bbox 2101 1642 2475 1696; x_wconf 73' lang='grc' dir='ltr'>ἐναντιοῦνται</span> <span class='ocrx_word' id='word_1_266' title='bbox 2524 1641 2710 1705; x_wconf 77' lang='grc' dir='ltr'>αὐτοῖς</span> <span class='ocrx_word' id='word_1_267' title='bbox 2789 1639 2947 1692; x_wconf 86' lang='grc' dir='ltr'>τόποι</span> <span class='ocrx_word' id='word_1_268' title='bbox 3005 1637 3264 1690; x_wconf 73' lang='grc' dir='ltr'>δύσϐατοι</span> <span class='ocrx_word' id='word_1_269' title='bbox 3317 1637 3410 1689; x_wconf 70' lang='grc' dir='ltr'>καὶ</span> <span class='ocrx_word' id='word_1_270' title='bbox 3455 1631 3638 1697; x_wconf 78' lang='grc' dir='ltr'>δασεῖς</span> <span class='ocrx_word' id='word_1_271' title='bbox 3669 1676 3686 1700; x_wconf 91' lang='grc'><strong>,</strong></span> 
     </span>
    </p>
   </div>
   <div class='ocr_carea' id='block_1_45' title="bbox 2087 1726 3686 1798">
    <p class='ocr_par' dir='ltr' id='par_1_45' title="bbox 2087 1726 3686 1798">
     <span class='ocr_line' id='line_1_45' title="bbox 2087 1726 3686 1798; baseline -0.007 -11"><span class='ocrx_word' id='word_1_272' title='bbox 2087 1733 2174 1787; x_wconf 81' lang='grc' dir='ltr'>διὰ</span> <span class='ocrx_word' id='word_1_273' title='bbox 2199 1734 2260 1787; x_wconf 73' lang='grc' dir='ltr'><strong>τὸ</strong></span> <span class='ocrx_word' id='word_1_274' title='bbox 2286 1735 2363 1797; x_wconf 81' lang='grc' dir='ltr'><strong>εἰς</strong></span> <span class='ocrx_word' id='word_1_275' title='bbox 2394 1731 2534 1798; x_wconf 80' lang='grc' dir='ltr'>ὀξεῖς</span> <span class='ocrx_word' id='word_1_276' title='bbox 2563 1732 2781 1795; x_wconf 80' lang='grc' dir='ltr'>ὲλασίας</span> <span class='ocrx_word' id='word_1_277' title='bbox 2815 1731 2913 1788; x_wconf 76' lang='grc' dir='ltr'>ἐπ’,</span> <span class='ocrx_word' id='word_1_278' title='bbox 2931 1729 3152 1793; x_wconf 75' lang='grc' dir='ltr'>εὐθείας</span> <span class='ocrx_word' id='word_1_279' title='bbox 3182 1729 3322 1797; x_wconf 79' lang='grc' dir='ltr'>μετᾶ</span> <span class='ocrx_word' id='word_1_280' title='bbox 3348 1726 3457 1781; x_wconf 84' lang='grc' dir='ltr'><strong>τῶν</strong></span> <span class='ocrx_word' id='word_1_281' title='bbox 3490 1740 3686 1780; x_wconf 76' lang='grc' dir='ltr'>κοντα-</span> 
     </span>
    </p>
   </div>
   <div class='ocr_carea' id='block_1_46' title="bbox 2097 1822 2950 1897">
    <p class='ocr_par' dir='ltr' id='par_1_46' title="bbox 2097 1822 2950 1897">
     <span class='ocr_line' id='line_1_46' title="bbox 2097 1822 2950 1897; baseline 0 -21"><span class='ocrx_word' id='word_1_282' title='bbox 2097 1826 2226 1897; x_wconf 86' lang='grc' dir='ltr'>ρίων</span> <span class='ocrx_word' id='word_1_283' title='bbox 2247 1826 2445 1888; x_wconf 83' lang='grc' dir='ltr'>αὐτοὺς</span> <span class='ocrx_word' id='word_1_284' title='bbox 2475 1822 2950 1894; x_wconf 74' lang='grc' dir='ltr'>ἑγγυμνασθῆναι.</span> 
     </span>
    </p>
   </div>
   <div class='ocr_carea' id='block_1_47' title="bbox 2165 1907 3690 1987">
    <p class='ocr_par' dir='ltr' id='par_1_47' title="bbox 2165 1907 3690 1987">
     <span class='ocr_line' id='line_1_47' title="bbox 2165 1907 3690 1987; baseline -0.003 -16"><span class='ocrx_word' id='word_1_285' title='bbox 2165 1915 2273 1986; x_wconf 44' lang='grc' dir='ltr'>ἥγ’.</span> <span class='ocrx_word' id='word_1_286' title='bbox 2309 1916 2678 1987; x_wconf 83' lang='grc' dir='ltr'>’Υπομένουσι</span> <span class='ocrx_word' id='word_1_287' title='bbox 2708 1915 2763 1969; x_wconf 79' lang='grc' dir='ltr'>δὲ</span> <span class='ocrx_word' id='word_1_288' title='bbox 2797 1914 2892 1969; x_wconf 75' lang='grc' dir='ltr'><strong>καὶ</strong></span> <span class='ocrx_word' id='word_1_289' title='bbox 2913 1913 3000 1968; x_wconf 73' lang='grc' dir='ltr'>διὰ</span> <span class='ocrx_word' id='word_1_290' title='bbox 3027 1912 3440 1984; x_wconf 77' lang='grc' dir='ltr'>ἑγκρυμμάτων</span> <span class='ocrx_word' id='word_1_291' title='bbox 3481 1907 3690 1984; x_wconf 77' lang='grc' dir='ltr'>βλάϐας</span> 
     </span>
    </p>
   </div>
   <div class='ocr_carea' id='block_1_48' title="bbox 2094 2004 3691 2074">
    <p class='ocr_par' dir='ltr' id='par_1_48' title="bbox 2094 2004 3691 2074">
     <span class='ocr_line' id='line_1_48' title="bbox 2094 2004 3691 2074; baseline -0.004 -11"><span class='ocrx_word' id='word_1_292' title='bbox 2094 2008 2329 2073; x_wconf 76' lang='grc' dir='ltr'>εὐκόλως</span> <span class='ocrx_word' id='word_1_293' title='bbox 2357 2008 2499 2063; x_wconf 78' lang='grc' dir='ltr'>κατὰ</span> <span class='ocrx_word' id='word_1_294' title='bbox 2526 2007 2637 2060; x_wconf 74' lang='grc' dir='ltr'>τῶν</span> <span class='ocrx_word' id='word_1_295' title='bbox 2670 2007 2917 2074; x_wconf 77' lang='grc' dir='ltr'>πλαγίων</span> <span class='ocrx_word' id='word_1_296' title='bbox 2945 2006 3038 2059; x_wconf 76' lang='grc' dir='ltr'><strong>καὶ</strong></span> <span class='ocrx_word' id='word_1_297' title='bbox 3065 2004 3158 2058; x_wconf 80' lang='grc' dir='ltr'><strong>τοῦ</strong></span> <span class='ocrx_word' id='word_1_298' title='bbox 3202 2004 3374 2058; x_wconf 89' lang='grc' dir='ltr'>νώτου</span> <span class='ocrx_word' id='word_1_299' title='bbox 3421 2005 3517 2074; x_wconf 78' lang='grc' dir='ltr'>τῆς</span> <span class='ocrx_word' id='word_1_300' title='bbox 3562 2006 3691 2058; x_wconf 79' lang='grc' dir='ltr'>ἐαυ-</span> 
     </span>
    </p>
   </div>
   <div class='ocr_carea' id='block_1_49' title="bbox 2091 2089 3688 2171">
    <p class='ocr_par' dir='ltr' id='par_1_49' title="bbox 2091 2089 3688 2171">
     <span class='ocr_line' id='line_1_49' title="bbox 2091 2089 3688 2171; baseline -0.004 -15"><span class='ocrx_word' id='word_1_301' title='bbox 2091 2104 2201 2156; x_wconf 84' lang='grc' dir='ltr'>τῶν</span> <span class='ocrx_word' id='word_1_302' title='bbox 2234 2101 2614 2170; x_wconf 76' lang='grc' dir='ltr'>παράταξεως·</span> <span class='ocrx_word' id='word_1_303' title='bbox 2650 2101 2711 2154; x_wconf 85' lang='grc' dir='ltr'><strong>οὐ</strong></span> <span class='ocrx_word' id='word_1_304' title='bbox 2737 2101 2846 2171; x_wconf 75' lang='grc' dir='ltr'><strong>γὰρ</strong></span> <span class='ocrx_word' id='word_1_305' title='bbox 2879 2099 3019 2154; x_wconf 83' lang='grc' dir='ltr'>πάνυ</span> <span class='ocrx_word' id='word_1_306' title='bbox 3044 2093 3390 2169; x_wconf 68' lang='grc' dir='ltr'>φροντίζουσι</span> <span class='ocrx_word' id='word_1_307' title='bbox 3415 2096 3606 2168; x_wconf 78' lang='grc' dir='ltr'>βίγλας</span> <span class='ocrx_word' id='word_1_308' title='bbox 3655 2089 3688 2167; x_wconf 82' lang='grc' dir='ltr'><strong>ἣ</strong></span> 
     </span>
    </p>
   </div>
   <div class='ocr_carea' id='block_1_50' title="bbox 2092 2190 2764 2264">
    <p class='ocr_par' dir='ltr' id='par_1_50' title="bbox 2092 2190 2764 2264">
     <span class='ocr_line' id='line_1_50' title="bbox 2092 2190 2764 2264; baseline -0.004 -18"><span class='ocrx_word' id='word_1_309' title='bbox 2092 2195 2190 2264; x_wconf 82' lang='grc' dir='ltr'>τῆς</span> <span class='ocrx_word' id='word_1_310' title='bbox 2215 2192 2411 2261; x_wconf 82' lang='grc' dir='ltr'>λοιπῆς</span> <span class='ocrx_word' id='word_1_311' title='bbox 2440 2190 2764 2260; x_wconf 83' lang='grc' dir='ltr'>ἀσφαλείας.</span> 
     </span>
    </p>
   </div>
   <div class='ocr_carea' id='block_1_51' title="bbox 2161 2272 3688 2353">
    <p class='ocr_par' dir='ltr' id='par_1_51' title="bbox 2161 2272 3688 2353">
     <span class='ocr_line' id='line_1_51' title="bbox 2161 2272 3688 2353; baseline -0.003 -17"><span class='ocrx_word' id='word_1_312' title='bbox 2161 2284 2260 2352; x_wconf 54' lang='grc' dir='ltr'>ηδ’.</span> <span class='ocrx_word' id='word_1_313' title='bbox 2311 2282 2436 2338; x_wconf 73' lang='grc' dir='ltr'>Ἐὰν</span> <span class='ocrx_word' id='word_1_314' title='bbox 2460 2283 2515 2337; x_wconf 84' lang='grc' dir='ltr'><strong>δέ</strong></span> <span class='ocrx_word' id='word_1_315' title='bbox 2540 2299 2682 2346; x_wconf 89' lang='grc' dir='ltr'>τινες</span> <span class='ocrx_word' id='word_1_316' title='bbox 2709 2283 2802 2336; x_wconf 68' lang='grc' dir='ltr'><strong>καὶ</strong></span> <span class='ocrx_word' id='word_1_317' title='bbox 2851 2279 3293 2353; x_wconf 80' lang='grc' dir='ltr'>σχηματίζωνται</span> <span class='ocrx_word' id='word_1_318' title='bbox 3319 2278 3498 2350; x_wconf 78' lang='grc' dir='ltr'>φυγὴν</span> <span class='ocrx_word' id='word_1_319' title='bbox 3524 2272 3655 2332; x_wconf 85' lang='grc' dir='ltr'>εύκό</span> <span class='ocrx_word' id='word_1_320' title='bbox 3672 2309 3688 2322; x_wconf 88' lang='lat'><strong>-</strong></span> 
     </span>
    </p>
   </div>
   <div class='ocr_carea' id='block_1_52' title="bbox 2095 2367 3692 2444">
    <p class='ocr_par' dir='ltr' id='par_1_52' title="bbox 2095 2367 3692 2444">
     <span class='ocr_line' id='line_1_52' title="bbox 2095 2367 3692 2444; baseline -0.006 -12"><span class='ocrx_word' id='word_1_321' title='bbox 2095 2381 2203 2442; x_wconf 90' lang='grc' dir='ltr'><strong>λως</strong></span> <span class='ocrx_word' id='word_1_322' title='bbox 2225 2377 2560 2441; x_wconf 79' lang='grc' dir='ltr'>διαλύονται,</span> <span class='ocrx_word' id='word_1_323' title='bbox 2594 2375 2689 2429; x_wconf 66' lang='grc' dir='ltr'><strong>καὶ¹</strong></span> <span class='ocrx_word' id='word_1_324' title='bbox 2720 2376 2768 2428; x_wconf 85' lang='grc' dir='ltr'>εἰ</span> <span class='ocrx_word' id='word_1_325' title='bbox 2800 2375 2953 2444; x_wconf 77' lang='grc' dir='ltr'>ἄφνω</span> <span class='ocrx_word' id='word_1_326' title='bbox 2995 2375 3139 2428; x_wconf 81' lang='grc' dir='ltr'>κατὰ</span> <span class='ocrx_word' id='word_1_327' title='bbox 3192 2371 3374 2426; x_wconf 79' lang='grc' dir='ltr'>αὐτῶν</span> <span class='ocrx_word' id='word_1_328' title='bbox 3403 2367 3692 2442; x_wconf 75' lang='grc' dir='ltr'>ἀντιστρέ-</span> 
     </span>
    </p>
   </div>
   <div class='ocr_carea' id='block_1_53' title="bbox 2094 2464 3209 2539">
    <p class='ocr_par' dir='ltr' id='par_1_53' title="bbox 2094 2464 3209 2539">
     <span class='ocr_line' id='line_1_53' title="bbox 2094 2464 3209 2539; baseline -0.004 -17"><span class='ocrx_word' id='word_1_329' title='bbox 2094 2470 2290 2539; x_wconf 74' lang='grc' dir='ltr'>ψωσιν,</span> <span class='ocrx_word' id='word_1_330' title='bbox 2321 2466 2557 2530; x_wconf 79' lang='grc' dir='ltr'>εὐκόλως</span> <span class='ocrx_word' id='word_1_331' title='bbox 2585 2466 2782 2529; x_wconf 77' lang='grc' dir='ltr'>αὐτοὺς</span> <span class='ocrx_word' id='word_1_332' title='bbox 2813 2464 3209 2536; x_wconf 78' lang='grc' dir='ltr'>διαφθείρουσι.</span> 
     </span>
    </p>
   </div>
   <div class='ocr_carea' id='block_1_54' title="bbox 2175 2550 3692 2626">
    <p class='ocr_par' dir='ltr' id='par_1_54' title="bbox 2175 2550 3692 2626">
     <span class='ocr_line' id='line_1_54' title="bbox 2175 2550 3692 2626; baseline -0.005 -15"><span class='ocrx_word' id='word_1_333' title='bbox 2175 2557 2278 2624; x_wconf 57' lang='grc' dir='ltr'>ιβ’.</span> <span class='ocrx_word' id='word_1_334' title='bbox 2317 2555 2587 2619; x_wconf 79' lang='grc' dir='ltr'>Πολλάκις</span> <span class='ocrx_word' id='word_1_335' title='bbox 2619 2555 2677 2608; x_wconf 79' lang='grc' dir='ltr'><strong>δὲ</strong></span> <span class='ocrx_word' id='word_1_336' title='bbox 2724 2555 2821 2608; x_wconf 72' lang='grc' dir='ltr'>καὶ</span> <span class='ocrx_word' id='word_1_337' title='bbox 2856 2556 3172 2626; x_wconf 75' lang='grc' dir='ltr'>νυκτεριναὶ</span> <span class='ocrx_word' id='word_1_338' title='bbox 3221 2553 3536 2618; x_wconf 81' lang='grc' dir='ltr'>ὲπελεύσεις</span> <span class='ocrx_word' id='word_1_339' title='bbox 3584 2550 3692 2604; x_wconf 72' lang='grc' dir='ltr'><strong>ὑπὸ</strong></span> 
     </span>
    </p>
   </div>
   <div class='ocr_carea' id='block_1_55' title="bbox 2098 2644 3693 2719">
    <p class='ocr_par' dir='ltr' id='par_1_55' title="bbox 2098 2644 3693 2719">
     <span class='ocr_line' id='line_1_55' title="bbox 2098 2644 3693 2719; baseline -0.004 -16"><span class='ocrx_word' id='word_1_340' title='bbox 2098 2650 2328 2714; x_wconf 79' lang='grc' dir='ltr'>τοξοτῶν</span> <span class='ocrx_word' id='word_1_341' title='bbox 2357 2649 2686 2719; x_wconf 80' lang='grc' dir='ltr'>βλάπτουσιν</span> <span class='ocrx_word' id='word_1_342' title='bbox 2714 2646 2914 2711; x_wconf 85' lang='grc' dir='ltr'>αὐτούς</span> <span class='ocrx_word' id='word_1_343' title='bbox 2938 2665 2953 2680; x_wconf 78' lang='grc' dir='ltr'><strong><em>ο</em></strong></span> <span class='ocrx_word' id='word_1_344' title='bbox 2983 2647 3374 2718; x_wconf 83' lang='grc' dir='ltr'>διεσπασμένοι</span> <span class='ocrx_word' id='word_1_345' title='bbox 3405 2645 3514 2715; x_wconf 81' lang='grc' dir='ltr'>γὰρ</span> <span class='ocrx_word' id='word_1_346' title='bbox 3535 2644 3693 2698; x_wconf 83' lang='grc' dir='ltr'>ἁπλι-</span> 
     </span>
    </p>
   </div>
   <div class='ocr_carea' id='block_1_56' title="bbox 2100 2741 2374 2796">
    <p class='ocr_par' dir='ltr' id='par_1_56' title="bbox 2100 2741 2374 2796">
     <span class='ocr_line' id='line_1_56' title="bbox 2100 2741 2374 2796; baseline -0.004 -1"><span class='ocrx_word' id='word_1_347' title='bbox 2100 2741 2374 2796; x_wconf 86' lang='grc' dir='ltr'>κεύουσιν.</span> 
     </span>
    </p>
   </div>
   <div class='ocr_carea' id='block_1_57' title="bbox 2170 2848 3696 2921">
    <p class='ocr_par' dir='ltr' id='par_1_57' title="bbox 2170 2848 3696 2921">
     <span class='ocr_line' id='line_1_57' title="bbox 2170 2848 3696 2921; baseline -0.002 -16"><span class='ocrx_word' id='word_1_348' title='bbox 2170 2849 2285 2918; x_wconf 59' lang='grc' dir='ltr'>ις’.</span> <span class='ocrx_word' id='word_1_349' title='bbox 2322 2851 2385 2906; x_wconf 87' lang='lat' dir='ltr'><strong>Ei</strong></span> <span class='ocrx_word' id='word_1_350' title='bbox 2408 2849 2464 2903; x_wconf 84' lang='grc' dir='ltr'><strong>δέ</strong></span> <span class='ocrx_word' id='word_1_351' title='bbox 2489 2867 2574 2913; x_wconf 89' lang='grc' dir='ltr'><strong>τις</strong></span> <span class='ocrx_word' id='word_1_352' title='bbox 2606 2850 2792 2913; x_wconf 85' lang='grc' dir='ltr'>αὐτοῖς</span> <span class='ocrx_word' id='word_1_353' title='bbox 2819 2849 3123 2918; x_wconf 76' lang='grc' dir='ltr'>ἐϐουλεύθη</span> <span class='ocrx_word' id='word_1_354' title='bbox 3167 2851 3300 2904; x_wconf 81' lang='grc' dir='ltr'>ποτὲ</span> <span class='ocrx_word' id='word_1_355' title='bbox 3362 2848 3696 2921; x_wconf 77' lang='grc' dir='ltr'>προσϐαλεῖν</span> 
     </span>
    </p>
   </div>
   <div class='ocr_carea' id='block_1_58' title="bbox 2097 2939 3698 3012">
    <p class='ocr_par' dir='ltr' id='par_1_58' title="bbox 2097 2939 3698 3012">
     <span class='ocr_line' id='line_1_58' title="bbox 2097 2939 3698 3012; baseline -0.001 -16"><span class='ocrx_word' id='word_1_356' title='bbox 2097 2943 2271 3006; x_wconf 75' lang='grc' dir='ltr'>οὕτως</span> <span class='ocrx_word' id='word_1_357' title='bbox 2353 2941 2684 3012; x_wconf 78' lang='grc' dir='ltr'>εἰθισμένοις</span> <span class='ocrx_word' id='word_1_358' title='bbox 2741 2942 2837 2996; x_wconf 82' lang='grc' dir='ltr'>καὶ</span> <span class='ocrx_word' id='word_1_359' title='bbox 2898 2941 3283 3012; x_wconf 74' lang='grc' dir='ltr'>διακειμένοις,</span> <span class='ocrx_word' id='word_1_360' title='bbox 3339 2943 3438 2996; x_wconf 78' lang='grc' dir='ltr'><strong>οὐκ</strong></span> <span class='ocrx_word' id='word_1_361' title='bbox 3495 2939 3698 3012; x_wconf 76' lang='grc' dir='ltr'>ἐχρῆτο</span> 
     </span>
    </p>
   </div>
   <div class='ocr_carea' id='block_1_59' title="bbox 2099 3031 3696 3106">
    <p class='ocr_par' dir='ltr' id='par_1_59' title="bbox 2099 3031 3696 3106">
     <span class='ocr_line' id='line_1_59' title="bbox 2099 3031 3696 3106; baseline -0.002 -17"><span class='ocrx_word' id='word_1_362' title='bbox 2099 3035 2242 3090; x_wconf 84' lang='grc' dir='ltr'>κατὰ</span> <span class='ocrx_word' id='word_1_363' title='bbox 2296 3034 2478 3088; x_wconf 85' lang='grc' dir='ltr'>αὐτῶν</span> <span class='ocrx_word' id='word_1_364' title='bbox 2529 3034 2588 3088; x_wconf 80' lang='grc' dir='ltr'>ὲν</span> <span class='ocrx_word' id='word_1_365' title='bbox 2626 3034 2778 3106; x_wconf 81' lang='grc' dir='ltr'>μάχῃ</span> <span class='ocrx_word' id='word_1_366' title='bbox 2818 3034 3056 3106; x_wconf 79' lang='grc' dir='ltr'>δημοσίᾳ</span> <span class='ocrx_word' id='word_1_367' title='bbox 3096 3033 3422 3105; x_wconf 79' lang='grc' dir='ltr'>παρατάξει,</span> <span class='ocrx_word' id='word_1_368' title='bbox 3468 3033 3564 3087; x_wconf 76' lang='grc' dir='ltr'><strong>καὶ</strong></span> <span class='ocrx_word' id='word_1_369' title='bbox 3591 3031 3696 3102; x_wconf 83' lang='grc' dir='ltr'>μά-</span> 
     </span>
    </p>
   </div>
   <div class='ocr_carea' id='block_1_60' title="bbox 394 3106 1986 3218">
    <p class='ocr_par' dir='ltr' id='par_1_60' title="bbox 394 3106 1986 3218">
     <span class='ocr_line' id='line_1_60' title="bbox 394 3106 1986 3177; baseline 0.001 -16"><span class='ocrx_word' id='word_1_370' title='bbox 394 3110 545 3172; x_wconf 87' lang='lat' dir='ltr'><strong>dere,</strong></span> <span class='ocrx_word' id='word_1_371' title='bbox 580 3107 743 3177; x_wconf 88' lang='lat' dir='ltr'><strong>idque</strong></span> <span class='ocrx_word' id='word_1_372' title='bbox 777 3107 835 3162; x_wconf 92' lang='lat' dir='ltr'><strong>in</strong></span> <span class='ocrx_word' id='word_1_373' title='bbox 875 3108 1053 3163; x_wconf 89' lang='lat' dir='ltr'><strong>initiis</strong></span> <span class='ocrx_word' id='word_1_374' title='bbox 1105 3106 1237 3161; x_wconf 88' lang='lat' dir='ltr'><strong>belli</strong></span> <span class='ocrx_word' id='word_1_375' title='bbox 1295 3107 1676 3176; x_wconf 89' lang='lat' dir='ltr'><strong>potissimum,</strong></span> <span class='ocrx_word' id='word_1_376' title='bbox 1713 3108 1809 3163; x_wconf 88' lang='lat' dir='ltr'><strong>sed</strong></span> <span class='ocrx_word' id='word_1_377' title='bbox 1848 3107 1986 3163; x_wconf 81' lang='lat' dir='ltr'><strong>insi-</strong></span> 
     </span>
     <span class='ocr_line' id='line_1_61' title="bbox 417 3196 1986 3218; baseline 0 -7"><span class='ocrx_word' id='word_1_378' title='bbox 555 3207 592 3218; x_wconf 21' lang='grc'>4,</span> <span class='ocrx_word' id='word_1_379' title='bbox 661 3197 982 3218; x_wconf 28' lang='grc' dir='ltr'><strong>μέμηλε,</strong></span> <span class='ocrx_word' id='word_1_380' title='bbox 1021 3197 1436 3218; x_wconf 47' lang='grc' dir='ltr'>,η,,-,,,,,,,,,,</span> <span class='ocrx_word' id='word_1_381' title='bbox 1486 3197 1609 3218; x_wconf 73' lang='lat'><strong>,..__</strong></span> <span class='ocrx_word' id='word_1_382' title='bbox 1643 3196 1844 3218; x_wconf 48' lang='grc' dir='ltr'><strong>,λης-ε</strong></span> <span class='ocrx_word' id='word_1_383' title='bbox 1910 3197 1986 3218; x_wconf 81' lang='lat'><strong>___.</strong></span> 
     </span>
    </p>
   </div>
   <div class='ocr_carea' id='block_1_61' title="bbox 2097 3106 3697 3218">
    <p class='ocr_par' dir='ltr' id='par_1_61' title="bbox 2099 3121 3697 3196">
     <span class='ocr_line' id='line_1_62' title="bbox 2099 3121 3697 3196; baseline -0.003 -17"><span class='ocrx_word' id='word_1_384' title='bbox 2099 3126 2260 3179; x_wconf 88' lang='grc' dir='ltr'>λιστα</span> <span class='ocrx_word' id='word_1_385' title='bbox 2287 3127 2350 3178; x_wconf 85' lang='grc' dir='ltr'><strong>ἐκ</strong></span> <span class='ocrx_word' id='word_1_386' title='bbox 2378 3125 2703 3196; x_wconf 82' lang='grc' dir='ltr'>προοιμίων,</span> <span class='ocrx_word' id='word_1_387' title='bbox 2737 3123 2854 3177; x_wconf 83' lang='grc' dir='ltr'>ἀλλ’</span> <span class='ocrx_word' id='word_1_388' title='bbox 2880 3125 3160 3188; x_wconf 77' lang='grc' dir='ltr'>εὐτάκτως</span> <span class='ocrx_word' id='word_1_389' title='bbox 3186 3125 3253 3178; x_wconf 81' lang='grc' dir='ltr'>δι’</span> <span class='ocrx_word' id='word_1_390' title='bbox 3284 3121 3697 3195; x_wconf 86' lang='grc' dir='ltr'>ὲγκρυμμάτων</span> 
     </span>
    </p>
   </div>
   <div class='ocr_carea' id='block_1_62' title="bbox 395 3196 1996 3268">
    <p class='ocr_par' dir='ltr' id='par_1_62' title="bbox 395 3196 1996 3268">
     <span class='ocr_line' id='line_1_63' title="bbox 395 3196 1996 3268; baseline 0 -16"><span class='ocrx_word' id='word_1_391' title='bbox 395 3201 502 3254; x_wconf 88' lang='lat' dir='ltr'><strong>diis</strong></span> <span class='ocrx_word' id='word_1_392' title='bbox 542 3207 597 3255; x_wconf 88' lang='lat' dir='ltr'><strong>et</strong></span> <span class='ocrx_word' id='word_1_393' title='bbox 661 3197 986 3268; x_wconf 82' lang='lat' dir='ltr'><strong>improvisis</strong></span> <span class='ocrx_word' id='word_1_394' title='bbox 1021 3197 1440 3253; x_wconf 89' lang='lat' dir='ltr'><strong>incursionibus</strong></span> <span class='ocrx_word' id='word_1_395' title='bbox 1486 3197 1612 3254; x_wconf 89' lang='lat' dir='ltr'><strong>illos</strong></span> <span class='ocrx_word' id='word_1_396' title='bbox 1640 3196 1870 3262; x_wconf 83' lang='lat' dir='ltr'><strong>adoriri,</strong></span> <span class='ocrx_word' id='word_1_397' title='bbox 1910 3197 1996 3254; x_wconf 84' lang='lat' dir='ltr'><strong>vel</strong></span> 
     </span>
    </p>
   </div>
   <div class='ocr_carea' id='block_1_63' title="bbox 395 3288 1993 3360">
    <p class='ocr_par' dir='ltr' id='par_1_63' title="bbox 395 3288 1993 3360">
     <span class='ocr_line' id='line_1_64' title="bbox 395 3288 1993 3360; baseline -0.001 -17"><span class='ocrx_word' id='word_1_398' title='bbox 395 3290 661 3344; x_wconf 86' lang='lat' dir='ltr'><strong>dilatione</strong></span> <span class='ocrx_word' id='word_1_399' title='bbox 686 3289 874 3360; x_wconf 61' lang='lat' dir='ltr'><strong>praelii</strong></span> <span class='ocrx_word' id='word_1_400' title='bbox 908 3298 1124 3358; x_wconf 87' lang='lat' dir='ltr'><strong>tempus</strong></span> <span class='ocrx_word' id='word_1_401' title='bbox 1157 3288 1405 3353; x_wconf 88' lang='lat' dir='ltr'><strong>eludere,</strong></span> <span class='ocrx_word' id='word_1_402' title='bbox 1436 3289 1518 3344; x_wconf 79' lang='lat' dir='ltr'><strong>vel</strong></span> <span class='ocrx_word' id='word_1_403' title='bbox 1548 3289 1993 3360; x_wconf 80' lang='lat' dir='ltr'><strong>pacificationem</strong></span> 
     </span>
    </p>
   </div>
   <div class='ocr_carea' id='block_1_64' title="bbox 399 3381 1996 3446">
    <p class='ocr_par' dir='ltr' id='par_1_64' title="bbox 399 3381 1996 3446">
     <span class='ocr_line' id='line_1_65' title="bbox 399 3381 1996 3446; baseline 0 -10"><span class='ocrx_word' id='word_1_404' title='bbox 399 3382 712 3437; x_wconf 86' lang='lat' dir='ltr'><strong>simulando</strong></span> <span class='ocrx_word' id='word_1_405' title='bbox 744 3391 1112 3436; x_wconf 86' lang='lat' dir='ltr'><strong>commeatum</strong></span> <span class='ocrx_word' id='word_1_406' title='bbox 1165 3381 1384 3436; x_wconf 88' lang='lat' dir='ltr'><strong>illorum</strong></span> <span class='ocrx_word' id='word_1_407' title='bbox 1416 3381 1735 3446; x_wconf 84' lang='lat' dir='ltr'><strong>absumere,</strong></span> <span class='ocrx_word' id='word_1_408' title='bbox 1775 3381 1860 3437; x_wconf 90' lang='lat' dir='ltr'><strong>vel</strong></span> <span class='ocrx_word' id='word_1_409' title='bbox 1901 3396 1996 3436; x_wconf 86' lang='lat' dir='ltr'><strong>ca-</strong></span> 
     </span>
    </p>
   </div>
   <div class='ocr_carea' id='block_1_65' title="bbox 398 3472 1999 3544">
    <p class='ocr_par' dir='ltr' id='par_1_65' title="bbox 398 3472 1999 3544">
     <span class='ocr_line' id='line_1_66' title="bbox 398 3472 1999 3544; baseline 0.001 -16"><span class='ocrx_word' id='word_1_410' title='bbox 398 3474 608 3530; x_wconf 78' lang='lat' dir='ltr'><strong>loribus</strong></span> <span class='ocrx_word' id='word_1_411' title='bbox 674 3481 729 3528; x_wconf 88' lang='lat' dir='ltr'><strong>et</strong></span> <span class='ocrx_word' id='word_1_412' title='bbox 827 3473 1133 3544; x_wconf 83' lang='lat' dir='ltr'><strong>frigoribus</strong></span> <span class='ocrx_word' id='word_1_413' title='bbox 1198 3472 1489 3529; x_wconf 86' lang='lat' dir='ltr'><strong>audaciam</strong></span> <span class='ocrx_word' id='word_1_414' title='bbox 1557 3473 1778 3529; x_wconf 90' lang='lat' dir='ltr'><strong>illorum</strong></span> <span class='ocrx_word' id='word_1_415' title='bbox 1837 3484 1999 3544; x_wconf 84' lang='lat' dir='ltr'><strong>atque</strong></span> 
     </span>
    </p>
   </div>
   <div class='ocr_carea' id='block_1_66' title="bbox 399 3567 1065 3623">
    <p class='ocr_par' dir='ltr' id='par_1_66' title="bbox 399 3567 1065 3623">
     <span class='ocr_line' id='line_1_67' title="bbox 399 3567 1065 3623; baseline 0 -3"><span class='ocrx_word' id='word_1_416' title='bbox 399 3568 746 3623; x_wconf 88' lang='lat' dir='ltr'><strong>alacritatem</strong></span> <span class='ocrx_word' id='word_1_417' title='bbox 793 3567 1065 3623; x_wconf 83' lang='lat' dir='ltr'><strong>minuere.</strong></span> 
     </span>
    </p>
   </div>
   <div class='ocr_carea' id='block_1_67' title="bbox 485 3869 1996 3944">
    <p class='ocr_par' dir='ltr' id='par_1_67' title="bbox 485 3869 1996 3944">
     <span class='ocr_line' id='line_1_68' title="bbox 485 3869 1996 3944; baseline 0.001 -20"><span class='ocrx_word' id='word_1_418' title='bbox 485 3869 574 3924; x_wconf 86' lang='lat'><strong>97.</strong></span> <span class='ocrx_word' id='word_1_419' title='bbox 614 3869 668 3925; x_wconf 87' lang='lat' dir='ltr'><strong>Si</strong></span> <span class='ocrx_word' id='word_1_420' title='bbox 703 3870 895 3926; x_wconf 87' lang='lat' dir='ltr'><strong>dilatio</strong></span> <span class='ocrx_word' id='word_1_421' title='bbox 948 3878 1004 3926; x_wconf 91' lang='lat' dir='ltr'><strong>et</strong></span> <span class='ocrx_word' id='word_1_422' title='bbox 1048 3870 1255 3927; x_wconf 90' lang='lat' dir='ltr'><strong>similia</strong></span> <span class='ocrx_word' id='word_1_423' title='bbox 1292 3873 1534 3928; x_wconf 77' lang='lat' dir='ltr'><strong>maxime</strong></span> <span class='ocrx_word' id='word_1_424' title='bbox 1573 3874 1696 3929; x_wconf 85' lang='lat' dir='ltr'><strong>fieri</strong></span> <span class='ocrx_word' id='word_1_425' title='bbox 1735 3882 1996 3944; x_wconf 84' lang='lat' dir='ltr'><strong>possunt,</strong></span> 
     </span>
    </p>
   </div>
   <div class='ocr_carea' id='block_1_68' title="bbox 397 3959 1993 4034">
    <p class='ocr_par' dir='ltr' id='par_1_68' title="bbox 397 3959 1993 4034">
     <span class='ocr_line' id='line_1_69' title="bbox 397 3959 1993 4034; baseline 0.004 -21"><span class='ocrx_word' id='word_1_426' title='bbox 397 3961 621 4034; x_wconf 83' lang='lat' dir='ltr'><strong>quando</strong></span> <span class='ocrx_word' id='word_1_427' title='bbox 653 3959 722 4014; x_wconf 89' lang='lat' dir='ltr'><strong>ad</strong></span> <span class='ocrx_word' id='word_1_428' title='bbox 753 3959 1059 4016; x_wconf 87' lang='lat' dir='ltr'><strong>munitiora</strong></span> <span class='ocrx_word' id='word_1_429' title='bbox 1082 3970 1138 4017; x_wconf 90' lang='lat' dir='ltr'><strong>et</strong></span> <span class='ocrx_word' id='word_1_430' title='bbox 1183 3961 1424 4017; x_wconf 85' lang='lat' dir='ltr'><strong>difficilia</strong></span> <span class='ocrx_word' id='word_1_431' title='bbox 1461 3978 1690 4020; x_wconf 87' lang='lat' dir='ltr'><strong>accessu</strong></span> <span class='ocrx_word' id='word_1_432' title='bbox 1735 3965 1850 4018; x_wconf 86' lang='lat' dir='ltr'><strong>loca</strong></span> <span class='ocrx_word' id='word_1_433' title='bbox 1901 3964 1993 4020; x_wconf 79' lang='lat' dir='ltr'><strong>ho-</strong></span> 
     </span>
    </p>
   </div>
   <div class='ocr_carea' id='block_1_69' title="bbox 399 4049 1996 4121">
    <p class='ocr_par' dir='ltr' id='par_1_69' title="bbox 399 4049 1996 4121">
     <span class='ocr_line' id='line_1_70' title="bbox 399 4049 1996 4121; baseline 0.003 -18"><span class='ocrx_word' id='word_1_434' title='bbox 399 4049 544 4106; x_wconf 89' lang='lat' dir='ltr'><strong>stilis</strong></span> <span class='ocrx_word' id='word_1_435' title='bbox 580 4049 806 4106; x_wconf 87' lang='lat' dir='ltr'><strong>illorum</strong></span> <span class='ocrx_word' id='word_1_436' title='bbox 836 4051 1117 4107; x_wconf 83' lang='lat' dir='ltr'><strong>exercitus</strong></span> <span class='ocrx_word' id='word_1_437' title='bbox 1161 4052 1398 4121; x_wconf 87' lang='lat' dir='ltr'><strong>accedit,</strong></span> <span class='ocrx_word' id='word_1_438' title='bbox 1427 4054 1502 4108; x_wconf 92' lang='lat' dir='ltr'><strong>ibi</strong></span> <span class='ocrx_word' id='word_1_439' title='bbox 1549 4063 1665 4108; x_wconf 91' lang='lat' dir='ltr'><strong>tum</strong></span> <span class='ocrx_word' id='word_1_440' title='bbox 1701 4055 1877 4111; x_wconf 87' lang='lat' dir='ltr'><strong>hastis</strong></span> <span class='ocrx_word' id='word_1_441' title='bbox 1913 4055 1996 4110; x_wconf 83' lang='lat' dir='ltr'><strong>usi</strong></span> 
     </span>
    </p>
   </div>
   <div class='ocr_carea' id='block_1_70' title="bbox 399 4143 1490 4216">
    <p class='ocr_par' dir='ltr' id='par_1_70' title="bbox 399 4143 1490 4216">
     <span class='ocr_line' id='line_1_71' title="bbox 399 4143 1490 4216; baseline 0.005 -21"><span class='ocrx_word' id='word_1_442' title='bbox 399 4143 553 4197; x_wconf 87' lang='lat' dir='ltr'><strong>illum</strong></span> <span class='ocrx_word' id='word_1_443' title='bbox 587 4143 773 4199; x_wconf 92' lang='lat' dir='ltr'><strong>locum</strong></span> <span class='ocrx_word' id='word_1_444' title='bbox 806 4144 1066 4200; x_wconf 88' lang='lat' dir='ltr'><strong>invadere</strong></span> <span class='ocrx_word' id='word_1_445' title='bbox 1092 4159 1200 4202; x_wconf 91' lang='lat' dir='ltr'><strong>nou</strong></span> <span class='ocrx_word' id='word_1_446' title='bbox 1233 4155 1490 4216; x_wconf 87' lang='lat' dir='ltr'><strong>possunt.</strong></span> 
     </span>
    </p>
   </div>
   <div class='ocr_carea' id='block_1_71' title="bbox 473 4338 1995 4413">
    <p class='ocr_par' dir='ltr' id='par_1_71' title="bbox 473 4338 1995 4413">
     <span class='ocr_line' id='line_1_72' title="bbox 473 4338 1995 4413; baseline 0.005 -18"><span class='ocrx_word' id='word_1_447' title='bbox 473 4340 566 4395; x_wconf 82' lang='lat'><strong>98.</strong></span> <span class='ocrx_word' id='word_1_448' title='bbox 611 4338 666 4394; x_wconf 90' lang='lat' dir='ltr'><strong>Si</strong></span> <span class='ocrx_word' id='word_1_449' title='bbox 717 4342 789 4395; x_wconf 87' lang='lat' dir='ltr'><strong>ita</strong></span> <span class='ocrx_word' id='word_1_450' title='bbox 837 4343 1142 4413; x_wconf 67' lang='lat' dir='ltr'><strong>praalictis</strong></span> <span class='ocrx_word' id='word_1_451' title='bbox 1186 4347 1366 4401; x_wconf 86' lang='lat' dir='ltr'><strong>modis</strong></span> <span class='ocrx_word' id='word_1_452' title='bbox 1414 4356 1609 4403; x_wconf 88' lang='lat' dir='ltr'><strong>contra</strong></span> <span class='ocrx_word' id='word_1_453' title='bbox 1669 4350 1792 4404; x_wconf 89' lang='lat' dir='ltr'><strong>illos</strong></span> <span class='ocrx_word' id='word_1_454' title='bbox 1852 4349 1995 4404; x_wconf 89' lang='lat' dir='ltr'><strong>nihil</strong></span> 
     </span>
    </p>
   </div>
   <div class='ocr_carea' id='block_1_72' title="bbox 402 4431 1989 4510">
    <p class='ocr_par' dir='ltr' id='par_1_72' title="bbox 402 4431 1989 4510">
     <span class='ocr_line' id='line_1_73' title="bbox 402 4431 1989 4510; baseline 0.007 -26"><span class='ocrx_word' id='word_1_455' title='bbox 402 4431 752 4500; x_wconf 89' lang='lat' dir='ltr'><strong>proficiatur,</strong></span> <span class='ocrx_word' id='word_1_456' title='bbox 788 4434 883 4489; x_wconf 92' lang='lat' dir='ltr'><strong>sed</strong></span> <span class='ocrx_word' id='word_1_457' title='bbox 911 4435 979 4488; x_wconf 88' lang='lat' dir='ltr'><strong>ad</strong></span> <span class='ocrx_word' id='word_1_458' title='bbox 1014 4435 1217 4490; x_wconf 89' lang='lat' dir='ltr'><strong>bellum</strong></span> <span class='ocrx_word' id='word_1_459' title='bbox 1261 4439 1362 4492; x_wconf 88' lang='lat' dir='ltr'><strong>toti</strong></span> <span class='ocrx_word' id='word_1_460' title='bbox 1395 4449 1671 4510; x_wconf 85' lang='lat' dir='ltr'><strong>spectent,</strong></span> <span class='ocrx_word' id='word_1_461' title='bbox 1709 4441 1799 4495; x_wconf 91' lang='lat' dir='ltr'><strong>ubi</strong></span> <span class='ocrx_word' id='word_1_462' title='bbox 1833 4457 1989 4497; x_wconf 78' lang='lat' dir='ltr'><strong>excr-</strong></span> 
     </span>
    </p>
   </div>
   <div class='ocr_carea' id='block_1_73' title="bbox 2103 3211 3696 3285">
    <p class='ocr_par' dir='ltr' id='par_1_73' title="bbox 2103 3211 3696 3285">
     <span class='ocr_line' id='line_1_74' title="bbox 2103 3211 3696 3285; baseline -0.003 -16"><span class='ocrx_word' id='word_1_463' title='bbox 2103 3215 2198 3270; x_wconf 75' lang='grc' dir='ltr'>καὶ</span> <span class='ocrx_word' id='word_1_464' title='bbox 2235 3215 2443 3284; x_wconf 82' lang='grc' dir='ltr'>κλοπῆς</span> <span class='ocrx_word' id='word_1_465' title='bbox 2471 3213 2614 3267; x_wconf 78' lang='grc' dir='ltr'>κατὰ</span> <span class='ocrx_word' id='word_1_466' title='bbox 2671 3213 2853 3267; x_wconf 83' lang='grc' dir='ltr'>αὐτῶν</span> <span class='ocrx_word' id='word_1_467' title='bbox 2910 3212 3283 3285; x_wconf 81' lang='grc' dir='ltr'>προσέϐαλλεν</span> <span class='ocrx_word' id='word_1_468' title='bbox 3339 3213 3435 3267; x_wconf 71' lang='grc' dir='ltr'><strong>καὶ</strong></span> <span class='ocrx_word' id='word_1_469' title='bbox 3470 3211 3560 3266; x_wconf 70' lang='grc' dir='ltr'><strong>διὰ</strong></span> <span class='ocrx_word' id='word_1_470' title='bbox 3602 3229 3696 3264; x_wconf 87' lang='grc' dir='ltr'>σο-</span> 
     </span>
    </p>
   </div>
   <div class='ocr_carea' id='block_1_74' title="bbox 2104 3304 3698 3378">
    <p class='ocr_par' dir='ltr' id='par_1_74' title="bbox 2104 3304 3698 3378">
     <span class='ocr_line' id='line_1_75' title="bbox 2104 3304 3698 3378; baseline -0.015 -16"><span class='ocrx_word' id='word_1_471' title='bbox 2104 3307 2394 3378; x_wconf 82' lang='grc' dir='ltr'>φισμάτων</span> <span class='ocrx_word' id='word_1_472' title='bbox 2417 3305 2592 3360; x_wconf 85' lang='grc' dir='ltr'>ἄλλων</span> <span class='ocrx_word' id='word_1_473' title='bbox 2623 3306 3025 3377; x_wconf 79' lang='grc' dir='ltr'>στρατηγικῶν,</span> <span class='ocrx_word' id='word_1_474' title='bbox 3057 3306 3089 3377; x_wconf 83' lang='grc' dir='ltr'>ἢ</span> <span class='ocrx_word' id='word_1_475' title='bbox 3113 3305 3201 3359; x_wconf 67' lang='grc' dir='ltr'>διὰ</span> <span class='ocrx_word' id='word_1_476' title='bbox 3227 3304 3575 3377; x_wconf 71' lang='grc' dir='ltr'><strong>ὑπερθέσεως</strong></span> <span class='ocrx_word' id='word_1_477' title='bbox 3595 3304 3698 3370; x_wconf 58' lang='grc' dir='ltr'><strong>τῆς</strong></span> 
     </span>
    </p>
   </div>
   <div class='ocr_carea' id='block_1_75' title="bbox 2106 3392 3699 3471">
    <p class='ocr_par' dir='ltr' id='par_1_75' title="bbox 2106 3392 3699 3471">
     <span class='ocr_line' id='line_1_76' title="bbox 2106 3392 3699 3471; baseline -0.004 -16"><span class='ocrx_word' id='word_1_478' title='bbox 2106 3401 2287 3471; x_wconf 77' lang='grc' dir='ltr'>μάχης</span> <span class='ocrx_word' id='word_1_479' title='bbox 2315 3397 2586 3469; x_wconf 86' lang='grc' dir='ltr'>διασύρων</span> <span class='ocrx_word' id='word_1_480' title='bbox 2617 3392 2707 3451; x_wconf 72' lang='grc' dir='ltr'>τὸν</span> <span class='ocrx_word' id='word_1_481' title='bbox 2730 3399 2944 3469; x_wconf 82' lang='grc' dir='ltr'>καιρὸν,</span> <span class='ocrx_word' id='word_1_482' title='bbox 2987 3399 3020 3470; x_wconf 82' lang='grc' dir='ltr'>ἢ</span> <span class='ocrx_word' id='word_1_483' title='bbox 3050 3400 3144 3452; x_wconf 53' lang='grc' dir='ltr'><strong>καὶ⁵</strong></span> <span class='ocrx_word' id='word_1_484' title='bbox 3177 3399 3444 3470; x_wconf 84' lang='grc' dir='ltr'>σύμφωνα</span> <span class='ocrx_word' id='word_1_485' title='bbox 3474 3398 3699 3468; x_wconf 78' lang='grc' dir='ltr'>εἰρήνης</span> 
     </span>
    </p>
   </div>
   <div class='ocr_carea' id='block_1_76' title="bbox 2105 3486 3696 3562">
    <p class='ocr_par' dir='ltr' id='par_1_76' title="bbox 2105 3486 3696 3562">
     <span class='ocr_line' id='line_1_77' title="bbox 2105 3486 3696 3562; baseline -0.003 -18"><span class='ocrx_word' id='word_1_486' title='bbox 2105 3486 2576 3562; x_wconf 80' lang='grc' dir='ltr'>σχηματιζόμενος</span> <span class='ocrx_word' id='word_1_487' title='bbox 2614 3487 2750 3560; x_wconf 70' lang='grc' dir='ltr'>πρὸς</span> <span class='ocrx_word' id='word_1_488' title='bbox 2803 3488 3021 3556; x_wconf 79' lang='grc' dir='ltr'>αὐτοὺς,</span> <span class='ocrx_word' id='word_1_489' title='bbox 3060 3490 3149 3543; x_wconf 75' lang='grc' dir='ltr'><strong>ἵνα</strong></span> <span class='ocrx_word' id='word_1_490' title='bbox 3195 3491 3229 3561; x_wconf 83' lang='grc' dir='ltr'><strong>ἢ</strong></span> <span class='ocrx_word' id='word_1_491' title='bbox 3270 3491 3338 3560; x_wconf 82' lang='grc' dir='ltr'>τῇ</span> <span class='ocrx_word' id='word_1_492' title='bbox 3384 3487 3493 3540; x_wconf 82' lang='grc' dir='ltr'>τῶν</span> <span class='ocrx_word' id='word_1_493' title='bbox 3517 3487 3696 3541; x_wconf 78' lang='grc' dir='ltr'>δαπαο</span> 
     </span>
    </p>
   </div>
   <div class='ocr_carea' id='block_1_77' title="bbox 2103 3577 3696 3654">
    <p class='ocr_par' dir='ltr' id='par_1_77' title="bbox 2103 3577 3696 3654">
     <span class='ocr_line' id='line_1_78' title="bbox 2103 3577 3696 3654; baseline -0.004 -18"><span class='ocrx_word' id='word_1_494' title='bbox 2103 3582 2361 3654; x_wconf 85' lang='grc' dir='ltr'>νημάτων</span> <span class='ocrx_word' id='word_1_495' title='bbox 2387 3579 2676 3650; x_wconf 76' lang='grc' dir='ltr'>ἐπιλείψει,</span> <span class='ocrx_word' id='word_1_496' title='bbox 2703 3579 2735 3650; x_wconf 83' lang='grc' dir='ltr'>ἢ</span> <span class='ocrx_word' id='word_1_497' title='bbox 2759 3582 2826 3649; x_wconf 79' lang='grc' dir='ltr'>τῇ</span> <span class='ocrx_word' id='word_1_498' title='bbox 2859 3579 2950 3633; x_wconf 85' lang='grc' dir='ltr'><strong>τοῦ</strong></span> <span class='ocrx_word' id='word_1_499' title='bbox 2981 3581 3263 3644; x_wconf 86' lang='grc' dir='ltr'>καύσωνος</span> <span class='ocrx_word' id='word_1_500' title='bbox 3300 3580 3333 3650; x_wconf 85' lang='grc' dir='ltr'>ἢ</span> <span class='ocrx_word' id='word_1_501' title='bbox 3363 3579 3459 3633; x_wconf 80' lang='grc' dir='ltr'>καὶ</span> <span class='ocrx_word' id='word_1_502' title='bbox 3489 3577 3696 3649; x_wconf 82' lang='grc' dir='ltr'>ψύχους</span> 
     </span>
    </p>
   </div>
   <div class='ocr_carea' id='block_1_78' title="bbox 2103 3671 3698 3746">
    <p class='ocr_par' dir='ltr' id='par_1_78' title="bbox 2103 3671 3698 3746">
     <span class='ocr_line' id='line_1_79' title="bbox 2103 3671 3698 3746; baseline -0.003 -17"><span class='ocrx_word' id='word_1_503' title='bbox 2103 3675 2263 3746; x_wconf 82' lang='grc' dir='ltr'>τυχὸν</span> <span class='ocrx_word' id='word_1_504' title='bbox 2324 3673 2530 3745; x_wconf 81' lang='grc' dir='ltr'>ὀχλήσῃ</span> <span class='ocrx_word' id='word_1_505' title='bbox 2580 3672 2640 3726; x_wconf 83' lang='grc' dir='ltr'><strong>τδ</strong></span> <span class='ocrx_word' id='word_1_506' title='bbox 2703 3672 2903 3746; x_wconf 82' lang='grc' dir='ltr'>Θράσος</span> <span class='ocrx_word' id='word_1_507' title='bbox 2934 3673 3137 3741; x_wconf 79' lang='grc' dir='ltr'>αὐτῶν,</span> <span class='ocrx_word' id='word_1_508' title='bbox 3191 3674 3286 3728; x_wconf 68' lang='grc' dir='ltr'><strong>καὶ</strong></span> <span class='ocrx_word' id='word_1_509' title='bbox 3313 3672 3373 3727; x_wconf 76' lang='grc' dir='ltr'><strong>τὸ</strong></span> <span class='ocrx_word' id='word_1_510' title='bbox 3412 3671 3698 3743; x_wconf 76' lang='grc' dir='ltr'>πρόθυμον</span> 
     </span>
    </p>
   </div>
   <div class='ocr_carea' id='block_1_79' title="bbox 2020 3764 2408 3840">
    <p class='ocr_par' dir='ltr' id='par_1_79' title="bbox 2020 3764 2408 3840">
     <span class='ocr_line' id='line_1_80' title="bbox 2020 3764 2408 3840; baseline 0.008 -20"><span class='ocrx_word' id='word_1_511' title='bbox 2020 3764 2021 3767; x_wconf 43' lang='grc'><em>“</em></span> <span class='ocrx_word' id='word_1_512' title='bbox 2103 3769 2408 3840; x_wconf 76' lang='grc' dir='ltr'>ἐλαττώσῃ.</span> 
     </span>
    </p>
   </div>
   <div class='ocr_carea' id='block_1_80' title="bbox 2175 3876 3701 3951">
    <p class='ocr_par' dir='ltr' id='par_1_80' title="bbox 2175 3876 3701 3951">
     <span class='ocr_line' id='line_1_81' title="bbox 2175 3876 3701 3951; baseline -0.004 -14"><span class='ocrx_word' id='word_1_513' title='bbox 2175 3880 2280 3949; x_wconf 57' lang='grc' dir='ltr'>ιζ’.</span> <span class='ocrx_word' id='word_1_514' title='bbox 2330 3880 2392 3934; x_wconf 85' lang='grc' dir='ltr'>Ἣ</span> <span class='ocrx_word' id='word_1_515' title='bbox 2420 3881 2477 3935; x_wconf 79' lang='grc' dir='ltr'>δὲ</span> <span class='ocrx_word' id='word_1_516' title='bbox 2513 3881 2806 3951; x_wconf 78' lang='grc' dir='ltr'>ὑπέρθεσις</span> <span class='ocrx_word' id='word_1_517' title='bbox 2866 3881 2969 3934; x_wconf 73' lang='grc' dir='ltr'>καὶ</span> <span class='ocrx_word' id='word_1_518' title='bbox 2998 3880 3067 3934; x_wconf 76' lang='grc' dir='ltr'><strong>τὰ</strong></span> <span class='ocrx_word' id='word_1_519' title='bbox 3117 3879 3252 3935; x_wconf 83' lang='grc' dir='ltr'>ἄλλα</span> <span class='ocrx_word' id='word_1_520' title='bbox 3309 3879 3548 3950; x_wconf 83' lang='grc' dir='ltr'>μάλιστα</span> <span class='ocrx_word' id='word_1_521' title='bbox 3573 3876 3701 3932; x_wconf 66' lang='grc' dir='ltr'>ὲδύο</span> 
     </span>
    </p>
   </div>
   <div class='ocr_carea' id='block_1_81' title="bbox 2101 3969 3699 4044">
    <p class='ocr_par' dir='ltr' id='par_1_81' title="bbox 2101 3969 3699 4044">
     <span class='ocr_line' id='line_1_82' title="bbox 2101 3969 3699 4044; baseline -0.004 -16"><span class='ocrx_word' id='word_1_522' title='bbox 2101 3990 2231 4028; x_wconf 89' lang='grc' dir='ltr'>νατο</span> <span class='ocrx_word' id='word_1_523' title='bbox 2261 3973 2396 4044; x_wconf 80' lang='grc' dir='ltr'>πρὸς</span> <span class='ocrx_word' id='word_1_524' title='bbox 2424 3972 2622 4036; x_wconf 74' lang='grc' dir='ltr'>αὐτοὺς</span> <span class='ocrx_word' id='word_1_525' title='bbox 2672 3972 2927 4041; x_wconf 87' lang='grc' dir='ltr'>γενέσθαι</span> <span class='ocrx_word' id='word_1_526' title='bbox 2971 3972 3117 4035; x_wconf 86' lang='grc' dir='ltr'>τότε,</span> <span class='ocrx_word' id='word_1_527' title='bbox 3157 3973 3286 4026; x_wconf 85' lang='grc' dir='ltr'>ὅταν</span> <span class='ocrx_word' id='word_1_528' title='bbox 3320 3972 3400 4035; x_wconf 74' lang='grc' dir='ltr'>εἰς</span> <span class='ocrx_word' id='word_1_529' title='bbox 3428 3969 3699 4041; x_wconf 85' lang='grc' dir='ltr'>ὀχυρωτέ-</span> 
     </span>
    </p>
   </div>
   <div class='ocr_carea' id='block_1_82' title="bbox 2105 4065 3696 4138">
    <p class='ocr_par' dir='ltr' id='par_1_82' title="bbox 2105 4065 3696 4138">
     <span class='ocr_line' id='line_1_83' title="bbox 2105 4065 3696 4138; baseline -0.003 -18"><span class='ocrx_word' id='word_1_530' title='bbox 2105 4075 2236 4138; x_wconf 87' lang='grc' dir='ltr'>ρου’ς</span> <span class='ocrx_word' id='word_1_531' title='bbox 2289 4066 2385 4120; x_wconf 75' lang='grc' dir='ltr'>καὶ</span> <span class='ocrx_word' id='word_1_532' title='bbox 2425 4065 2723 4128; x_wconf 82' lang='grc' dir='ltr'>δυσϐάτους</span> <span class='ocrx_word' id='word_1_533' title='bbox 2755 4067 2956 4130; x_wconf 87' lang='grc' dir='ltr'>τόπους</span> <span class='ocrx_word' id='word_1_534' title='bbox 2996 4066 3294 4136; x_wconf 80' lang='grc' dir='ltr'>ὴπλίκευεν</span> <span class='ocrx_word' id='word_1_535' title='bbox 3348 4066 3377 4119; x_wconf 84' lang='grc' dir='ltr'>ὁ</span> <span class='ocrx_word' id='word_1_536' title='bbox 3437 4065 3696 4133; x_wconf 86' lang='grc' dir='ltr'>πολέμιος</span> 
     </span>
    </p>
   </div>
   <div class='ocr_carea' id='block_1_83' title="bbox 2104 4153 3696 4228">
    <p class='ocr_par' dir='ltr' id='par_1_83' title="bbox 2104 4153 3696 4228">
     <span class='ocr_line' id='line_1_84' title="bbox 2104 4153 3696 4228; baseline -0.002 -18"><span class='ocrx_word' id='word_1_537' title='bbox 2104 4159 2330 4211; x_wconf 75' lang='grc' dir='ltr'>ἐκείνων</span> <span class='ocrx_word' id='word_1_538' title='bbox 2361 4157 2616 4228; x_wconf 86' lang='grc' dir='ltr'>στρατὸς,</span> <span class='ocrx_word' id='word_1_539' title='bbox 2641 4157 2770 4210; x_wconf 79' lang='grc' dir='ltr'>ἔνθα</span> <span class='ocrx_word' id='word_1_540' title='bbox 2799 4158 2874 4221; x_wconf 89' lang='grc' dir='ltr'>ὼς</span> <span class='ocrx_word' id='word_1_541' title='bbox 2906 4157 3119 4228; x_wconf 78' lang='grc' dir='ltr'>ἔχοντες</span> <span class='ocrx_word' id='word_1_542' title='bbox 3146 4157 3410 4228; x_wconf 83' lang='grc' dir='ltr'>κοντάρια</span> <span class='ocrx_word' id='word_1_543' title='bbox 3443 4155 3584 4210; x_wconf 77' lang='grc' dir='ltr'>κατὰ</span> <span class='ocrx_word' id='word_1_544' title='bbox 3599 4153 3696 4208; x_wconf 86' lang='grc' dir='ltr'><strong>τοῦ</strong></span> 
     </span>
    </p>
   </div>
   <div class='ocr_carea' id='block_1_84' title="bbox 2103 4249 3370 4320">
    <p class='ocr_par' dir='ltr' id='par_1_84' title="bbox 2103 4249 3370 4320">
     <span class='ocr_line' id='line_1_85' title="bbox 2103 4249 3370 4320; baseline -0.001 -16"><span class='ocrx_word' id='word_1_545' title='bbox 2103 4251 2271 4304; x_wconf 78' lang='grc' dir='ltr'>τόπου</span> <span class='ocrx_word' id='word_1_546' title='bbox 2297 4251 2570 4320; x_wconf 83' lang='grc' dir='ltr'>ἐγχειρεῖν</span> <span class='ocrx_word' id='word_1_547' title='bbox 2610 4249 2934 4318; x_wconf 81' lang='grc' dir='ltr'>ἐπιτηδείως</span> <span class='ocrx_word' id='word_1_548' title='bbox 2969 4249 3070 4302; x_wconf 79' lang='grc' dir='ltr'>οὐκ</span> <span class='ocrx_word' id='word_1_549' title='bbox 3095 4249 3370 4303; x_wconf 76' lang='grc' dir='ltr'>ἐδύναντο.</span> 
     </span>
    </p>
   </div>
   <div class='ocr_carea' id='block_1_85' title="bbox 2175 4359 3702 4432">
    <p class='ocr_par' dir='ltr' id='par_1_85' title="bbox 2175 4359 3702 4432">
     <span class='ocr_line' id='line_1_86' title="bbox 2175 4359 3702 4432; baseline -0.002 -17"><span class='ocrx_word' id='word_1_550' title='bbox 2175 4360 2282 4430; x_wconf 69' lang='grc' dir='ltr'>ι,η’.</span> <span class='ocrx_word' id='word_1_551' title='bbox 2325 4361 2452 4413; x_wconf 71' lang='grc' dir='ltr'><strong>Ἐὰν</strong></span> <span class='ocrx_word' id='word_1_552' title='bbox 2506 4359 2564 4413; x_wconf 82' lang='grc' dir='ltr'>δὲ</span> <span class='ocrx_word' id='word_1_553' title='bbox 2620 4360 2711 4413; x_wconf 69' lang='grc' dir='ltr'>διὰ</span> <span class='ocrx_word' id='word_1_554' title='bbox 2761 4360 2870 4412; x_wconf 83' lang='grc' dir='ltr'><strong>τῶν</strong></span> <span class='ocrx_word' id='word_1_555' title='bbox 2925 4360 3234 4431; x_wconf 79' lang='grc' dir='ltr'>εἰρημένων</span> <span class='ocrx_word' id='word_1_556' title='bbox 3269 4362 3371 4414; x_wconf 87' lang='grc' dir='ltr'><strong>οὐκ</strong></span> <span class='ocrx_word' id='word_1_557' title='bbox 3428 4361 3702 4432; x_wconf 78' lang='grc' dir='ltr'>ἐνήργουν</span> 
     </span>
    </p>
   </div>
   <div class='ocr_carea' id='block_1_86' title="bbox 2104 4451 3697 4523">
    <p class='ocr_par' dir='ltr' id='par_1_86' title="bbox 2104 4451 3697 4523">
     <span class='ocr_line' id='line_1_87' title="bbox 2104 4451 3697 4523; baseline -0.002 -18"><span class='ocrx_word' id='word_1_558' title='bbox 2104 4452 2248 4506; x_wconf 78' lang='grc' dir='ltr'>κατὰ</span> <span class='ocrx_word' id='word_1_559' title='bbox 2270 4451 2473 4516; x_wconf 84' lang='grc' dir='ltr'>αὐτῶν,</span> <span class='ocrx_word' id='word_1_560' title='bbox 2509 4451 2646 4505; x_wconf 84' lang='grc' dir='ltr'>ἀλλὰ</span> <span class='ocrx_word' id='word_1_561' title='bbox 2672 4451 2807 4522; x_wconf 74' lang='grc' dir='ltr'>πρὸς</span> <span class='ocrx_word' id='word_1_562' title='bbox 2847 4451 3027 4522; x_wconf 86' lang='grc' dir='ltr'>μάχην</span> <span class='ocrx_word' id='word_1_563' title='bbox 3055 4453 3272 4515; x_wconf 88' lang='grc' dir='ltr'>πάντως</span> <span class='ocrx_word' id='word_1_564' title='bbox 3307 4451 3518 4523; x_wconf 80' lang='grc' dir='ltr'>ἐώρων,</span> <span class='ocrx_word' id='word_1_565' title='bbox 3571 4451 3697 4504; x_wconf 85' lang='grc' dir='ltr'>τότε</span> 
     </span>
    </p>
   </div>
   <div class='ocr_carea' id='block_1_87' title="bbox 404 4525 1986 4616">
    <p class='ocr_par' dir='ltr' id='par_1_87' title="bbox 404 4525 1986 4615">
     <span class='ocr_line' id='line_1_88' title="bbox 404 4525 1986 4615; baseline 0.006 -36"><span class='ocrx_word' id='word_1_566' title='bbox 404 4525 575 4579; x_wconf 90' lang='lat' dir='ltr'><strong>citum</strong></span> <span class='ocrx_word' id='word_1_567' title='bbox 609 4525 916 4592; x_wconf 87' lang='lat' dir='ltr'><strong>instruunt,</strong></span> <span class='ocrx_word' id='word_1_568' title='bbox 963 4527 1044 4583; x_wconf 88' lang='lat' dir='ltr'><strong>sic</strong></span> <span class='ocrx_word' id='word_1_569' title='bbox 1086 4529 1365 4584; x_wconf 85' lang='lat' dir='ltr'><strong>instruant</strong></span> <span class='ocrx_word' id='word_1_570' title='bbox 1412 4533 1878 4615; x_wconf 74' lang='lat' dir='ltr'><strong>quemadmodum</strong></span> <span class='ocrx_word' id='word_1_571' title='bbox 1942 4536 1986 4589; x_wconf 80' lang='lat' dir='ltr'><strong>in</strong></span> 
     </span>
    </p>
   </div>
   <div class='ocr_carea' id='block_1_88' title="bbox 2097 4525 3698 4616">
    <p class='ocr_par' dir='ltr' id='par_1_88' title="bbox 2107 4543 3698 4616">
     <span class='ocr_line' id='line_1_89' title="bbox 2107 4543 3698 4616; baseline -0.002 -17"><span class='ocrx_word' id='word_1_572' title='bbox 2107 4545 2516 4615; x_wconf 79' lang='grc' dir='ltr'>παρετάσσοντο</span> <span class='ocrx_word' id='word_1_573' title='bbox 2572 4543 2708 4613; x_wconf 66' lang='grc' dir='ltr'>πρὸς</span> <span class='ocrx_word' id='word_1_574' title='bbox 2775 4543 2996 4610; x_wconf 78' lang='grc' dir='ltr'>αὐτοὺς,</span> <span class='ocrx_word' id='word_1_575' title='bbox 3041 4544 3116 4607; x_wconf 81' lang='grc' dir='ltr'>ὡς</span> <span class='ocrx_word' id='word_1_576' title='bbox 3163 4544 3321 4615; x_wconf 79' lang='grc' dir='ltr'>ἐντῷ</span> <span class='ocrx_word' id='word_1_577' title='bbox 3352 4544 3482 4616; x_wconf 74' lang='grc' dir='ltr'>περὶ</span> <span class='ocrx_word' id='word_1_578' title='bbox 3515 4559 3698 4614; x_wconf 77' lang='grc' dir='ltr'>παρα-</span> 
     </span>
    </p>
   </div>
   <div class='ocr_carea' id='block_1_89' title="bbox 406 4619 1534 4690">
    <p class='ocr_par' dir='ltr' id='par_1_89' title="bbox 406 4619 1534 4690">
     <span class='ocr_line' id='line_1_90' title="bbox 406 4619 1534 4690; baseline 0.004 -16"><span class='ocrx_word' id='word_1_579' title='bbox 406 4619 583 4690; x_wconf 82' lang='lat' dir='ltr'><strong>capitc</strong></span> <span class='ocrx_word' id='word_1_580' title='bbox 614 4619 681 4676; x_wconf 91' lang='lat' dir='ltr'><strong>de</strong></span> <span class='ocrx_word' id='word_1_581' title='bbox 713 4620 831 4676; x_wconf 88' lang='lat' dir='ltr'><strong>acie</strong></span> <span class='ocrx_word' id='word_1_582' title='bbox 862 4621 1183 4678; x_wconf 89' lang='lat' dir='ltr'><strong>instruenda</strong></span> <span class='ocrx_word' id='word_1_583' title='bbox 1217 4623 1534 4680; x_wconf 85' lang='lat' dir='ltr'><strong>docuimus.</strong></span> 
     </span>
    </p>
   </div>
   <div class='ocr_carea' id='block_1_90' title="bbox 473 4734 1996 4797">
    <p class='ocr_par' dir='ltr' id='par_1_90' title="bbox 473 4734 1996 4797">
     <span class='ocr_line' id='line_1_91' title="bbox 473 4734 1996 4797; baseline 0.007 -10"><span class='ocrx_word' id='word_1_584' title='bbox 473 4734 564 4788; x_wconf 86' lang='lat'><strong>99.</strong></span> <span class='ocrx_word' id='word_1_585' title='bbox 605 4734 932 4791; x_wconf 87' lang='lat' dir='ltr'><strong>Sclavonica</strong></span> <span class='ocrx_word' id='word_1_586' title='bbox 995 4736 1147 4791; x_wconf 79' lang='lat' dir='ltr'><strong>natio</strong></span> <span class='ocrx_word' id='word_1_587' title='bbox 1204 4737 1372 4792; x_wconf 90' lang='lat' dir='ltr'><strong>simili</strong></span> <span class='ocrx_word' id='word_1_588' title='bbox 1425 4741 1551 4794; x_wconf 81' lang='lat' dir='ltr'><strong>vita:</strong></span> <span class='ocrx_word' id='word_1_589' title='bbox 1583 4739 1734 4794; x_wconf 88' lang='lat' dir='ltr'><strong>cultu</strong></span> <span class='ocrx_word' id='word_1_590' title='bbox 1769 4750 1822 4795; x_wconf 90' lang='lat' dir='ltr'><strong>et</strong></span> <span class='ocrx_word' id='word_1_591' title='bbox 1877 4757 1996 4797; x_wconf 90' lang='lat' dir='ltr'><strong>mo-</strong></span> 
     </span>
    </p>
   </div>
   <div class='ocr_carea' id='block_1_91' title="bbox 402 4826 1997 4906">
    <p class='ocr_par' dir='ltr' id='par_1_91' title="bbox 402 4826 1997 4906">
     <span class='ocr_line' id='line_1_92' title="bbox 402 4826 1997 4906; baseline 0.008 -29"><span class='ocrx_word' id='word_1_592' title='bbox 402 4826 559 4881; x_wconf 79' lang='lat' dir='ltr'><strong>ribus</strong></span> <span class='ocrx_word' id='word_1_593' title='bbox 603 4841 667 4882; x_wconf 89' lang='lat' dir='ltr'><strong>ac</strong></span> <span class='ocrx_word' id='word_1_594' title='bbox 710 4828 851 4884; x_wconf 85' lang='lat' dir='ltr'><strong>Galli</strong></span> <span class='ocrx_word' id='word_1_595' title='bbox 880 4831 1157 4886; x_wconf 87' lang='lat' dir='ltr'><strong>utebatur.</strong></span> <span class='ocrx_word' id='word_1_596' title='bbox 1195 4831 1492 4886; x_wconf 86' lang='lat' dir='ltr'><strong>Libertatis</strong></span> <span class='ocrx_word' id='word_1_597' title='bbox 1547 4847 1762 4896; x_wconf 87' lang='lat' dir='ltr'><strong>amans,</strong></span> <span class='ocrx_word' id='word_1_598' title='bbox 1799 4835 1997 4906; x_wconf 78' lang='lat' dir='ltr'><strong>subjici</strong></span> 
     </span>
    </p>
   </div>
   <div class='ocr_carea' id='block_1_92' title="bbox 407 4917 1998 4994">
    <p class='ocr_par' dir='ltr' id='par_1_92' title="bbox 407 4917 1998 4994">
     <span class='ocr_line' id='line_1_93' title="bbox 407 4917 1998 4994; baseline 0.009 -25"><span class='ocrx_word' id='word_1_599' title='bbox 407 4923 502 4969; x_wconf 89' lang='lat' dir='ltr'><strong>aut.</strong></span> <span class='ocrx_word' id='word_1_600' title='bbox 566 4917 798 4988; x_wconf 86' lang='lat' dir='ltr'><strong>imperio</strong></span> <span class='ocrx_word' id='word_1_601' title='bbox 852 4937 1048 4990; x_wconf 87' lang='lat' dir='ltr'><strong>parere</strong></span> <span class='ocrx_word' id='word_1_602' title='bbox 1106 4924 1324 4989; x_wconf 86' lang='lat' dir='ltr'><strong>noluit,</strong></span> <span class='ocrx_word' id='word_1_603' title='bbox 1363 4926 1582 4994; x_wconf 87' lang='lat' dir='ltr'><strong>quando</strong></span> <span class='ocrx_word' id='word_1_604' title='bbox 1623 4937 1774 4981; x_wconf 89' lang='lat' dir='ltr'><strong>trans</strong></span> <span class='ocrx_word' id='word_1_605' title='bbox 1817 4927 1998 4984; x_wconf 83' lang='lat' dir='ltr'><strong>Danu-</strong></span> 
     </span>
    </p>
   </div>
   <div class='ocr_carea' id='block_1_93' title="bbox 405 5007 1989 5084">
    <p class='ocr_par' dir='ltr' id='par_1_93' title="bbox 405 5007 1989 5084">
     <span class='ocr_line' id='line_1_94' title="bbox 405 5007 1989 5084; baseline 0.009 -25"><span class='ocrx_word' id='word_1_606' title='bbox 405 5007 557 5061; x_wconf 88' lang='lat' dir='ltr'><strong>bium</strong></span> <span class='ocrx_word' id='word_1_607' title='bbox 594 5025 693 5064; x_wconf 90' lang='lat' dir='ltr'><strong>sua</strong></span> <span class='ocrx_word' id='word_1_608' title='bbox 728 5013 780 5065; x_wconf 92' lang='lat' dir='ltr'><strong>in</strong></span> <span class='ocrx_word' id='word_1_609' title='bbox 824 5015 1043 5084; x_wconf 79' lang='lat' dir='ltr'><strong>regione</strong></span> <span class='ocrx_word' id='word_1_610' title='bbox 1074 5016 1342 5070; x_wconf 85' lang='lat' dir='ltr'><strong>habitavit</strong></span> <span class='ocrx_word' id='word_1_611' title='bbox 1384 5036 1396 5070; x_wconf 95' lang='lat'><strong>:</strong></span> <span class='ocrx_word' id='word_1_612' title='bbox 1434 5017 1580 5073; x_wconf 89' lang='lat' dir='ltr'><strong>unde</strong></span> <span class='ocrx_word' id='word_1_613' title='bbox 1628 5017 1774 5072; x_wconf 91' lang='lat' dir='ltr'><strong>hunc</strong></span> <span class='ocrx_word' id='word_1_614' title='bbox 1813 5021 1864 5072; x_wconf 93' lang='lat' dir='ltr'><strong>in</strong></span> <span class='ocrx_word' id='word_1_615' title='bbox 1907 5021 1989 5073; x_wconf 89' lang='lat' dir='ltr'><strong>lo-</strong></span> 
     </span>
    </p>
   </div>
   <div class='ocr_carea' id='block_1_94' title="bbox 407 5101 1998 5175">
    <p class='ocr_par' dir='ltr' id='par_1_94' title="bbox 407 5101 1998 5175">
     <span class='ocr_line' id='line_1_95' title="bbox 407 5101 1998 5175; baseline 0.009 -24"><span class='ocrx_word' id='word_1_616' title='bbox 407 5113 532 5152; x_wconf 91' lang='lat' dir='ltr'><strong>cum</strong></span> <span class='ocrx_word' id='word_1_617' title='bbox 569 5101 840 5167; x_wconf 81' lang='lat' dir='ltr'><strong>tradurta,</strong></span> <span class='ocrx_word' id='word_1_618' title='bbox 875 5113 1042 5174; x_wconf 89' lang='lat' dir='ltr'><strong>atque</strong></span> <span class='ocrx_word' id='word_1_619' title='bbox 1102 5107 1225 5163; x_wconf 88' lang='lat' dir='ltr'><strong>aliis</strong></span> <span class='ocrx_word' id='word_1_620' title='bbox 1271 5108 1318 5161; x_wconf 87' lang='lat' dir='ltr'><strong>vi</strong></span> <span class='ocrx_word' id='word_1_621' title='bbox 1369 5110 1578 5164; x_wconf 86' lang='lat' dir='ltr'><strong>servire</strong></span> <span class='ocrx_word' id='word_1_622' title='bbox 1609 5121 1822 5175; x_wconf 90' lang='lat' dir='ltr'><strong>coacta,</strong></span> <span class='ocrx_word' id='word_1_623' title='bbox 1855 5107 1998 5164; x_wconf 48' lang='lat' dir='ltr'><strong>indi;</strong></span> 
     </span>
    </p>
   </div>
   <div class='ocr_carea' id='block_1_95' title="bbox 407 5191 1998 5269">
    <p class='ocr_par' dir='ltr' id='par_1_95' title="bbox 407 5191 1998 5269">
     <span class='ocr_line' id='line_1_96' title="bbox 407 5191 1998 5269; baseline 0.008 -26"><span class='ocrx_word' id='word_1_624' title='bbox 407 5191 562 5259; x_wconf 87' lang='lat' dir='ltr'><strong>genis</strong></span> <span class='ocrx_word' id='word_1_625' title='bbox 610 5194 748 5256; x_wconf 88' lang='lat' dir='ltr'><strong>suis.</strong></span> <span class='ocrx_word' id='word_1_626' title='bbox 784 5205 838 5250; x_wconf 87' lang='lat' dir='ltr'><strong>ct.</strong></span> <span class='ocrx_word' id='word_1_627' title='bbox 880 5212 988 5251; x_wconf 92' lang='lat' dir='ltr'><strong>non</strong></span> <span class='ocrx_word' id='word_1_628' title='bbox 1025 5198 1351 5269; x_wconf 83' lang='lat' dir='ltr'><strong>alienigenis</strong></span> <span class='ocrx_word' id='word_1_629' title='bbox 1384 5199 1610 5255; x_wconf 83' lang='lat' dir='ltr'><strong>obedire</strong></span> <span class='ocrx_word' id='word_1_630' title='bbox 1641 5203 1842 5267; x_wconf 90' lang='lat' dir='ltr'><strong>voluit;</strong></span> <span class='ocrx_word' id='word_1_631' title='bbox 1885 5218 1998 5256; x_wconf 80' lang='lat' dir='ltr'><strong>inc-</strong></span> 
     </span>
    </p>
   </div>
   <div class='ocr_carea' id='block_1_96' title="bbox 407 5283 1994 5364">
    <p class='ocr_par' dir='ltr' id='par_1_96' title="bbox 407 5283 1994 5364">
     <span class='ocr_line' id='line_1_97' title="bbox 407 5283 1994 5364; baseline 0.007 -30"><span class='ocrx_word' id='word_1_632' title='bbox 407 5283 514 5339; x_wconf 82' lang='lat' dir='ltr'><strong>lius</strong></span> <span class='ocrx_word' id='word_1_633' title='bbox 541 5287 684 5342; x_wconf 87' lang='lat' dir='ltr'><strong>enim</strong></span> <span class='ocrx_word' id='word_1_634' title='bbox 718 5289 988 5358; x_wconf 85' lang='lat' dir='ltr'><strong>putabant</strong></span> <span class='ocrx_word' id='word_1_635' title='bbox 1026 5290 1094 5345; x_wconf 87' lang='lat' dir='ltr'><strong>ab</strong></span> <span class='ocrx_word' id='word_1_636' title='bbox 1120 5291 1393 5360; x_wconf 86' lang='lat' dir='ltr'><strong>indigenis</strong></span> <span class='ocrx_word' id='word_1_637' title='bbox 1431 5293 1548 5349; x_wconf 90' lang='lat' dir='ltr'><strong>suis</strong></span> <span class='ocrx_word' id='word_1_638' title='bbox 1587 5293 1803 5359; x_wconf 88' lang='lat' dir='ltr'><strong>violari,</strong></span> <span class='ocrx_word' id='word_1_639' title='bbox 1829 5307 1994 5364; x_wconf 89' lang='lat' dir='ltr'><strong>quam</strong></span> 
     </span>
    </p>
   </div>
   <div class='ocr_carea' id='block_1_97' title="bbox 408 5373 1996 5454">
    <p class='ocr_par' dir='ltr' id='par_1_97' title="bbox 408 5373 1996 5454">
     <span class='ocr_line' id='line_1_98' title="bbox 408 5373 1996 5454; baseline 0.006 -26"><span class='ocrx_word' id='word_1_640' title='bbox 408 5373 676 5434; x_wconf 80' lang='lat' dir='ltr'><strong>Romanis</strong></span> <span class='ocrx_word' id='word_1_641' title='bbox 729 5395 942 5449; x_wconf 80' lang='lat' dir='ltr'><strong>parere,</strong></span> <span class='ocrx_word' id='word_1_642' title='bbox 971 5391 1025 5436; x_wconf 88' lang='lat' dir='ltr'><strong>et</strong></span> <span class='ocrx_word' id='word_1_643' title='bbox 1085 5383 1188 5436; x_wconf 85' lang='lat' dir='ltr'><strong>sub</strong></span> <span class='ocrx_word' id='word_1_644' title='bbox 1241 5383 1462 5437; x_wconf 92' lang='lat' dir='ltr'><strong>illorum</strong></span> <span class='ocrx_word' id='word_1_645' title='bbox 1527 5384 1738 5454; x_wconf 86' lang='lat' dir='ltr'><strong>legibus</strong></span> <span class='ocrx_word' id='word_1_646' title='bbox 1791 5385 1996 5440; x_wconf 91' lang='lat' dir='ltr'><strong>vivere.</strong></span> 
     </span>
    </p>
   </div>
   <div class='ocr_carea' id='block_1_98' title="bbox 411 5461 1992 5548">
    <p class='ocr_par' dir='ltr' id='par_1_98' title="bbox 411 5461 1992 5548">
     <span class='ocr_line' id='line_1_99' title="bbox 411 5461 1992 5548; baseline 0.008 -27"><span class='ocrx_word' id='word_1_647' title='bbox 411 5461 514 5533; x_wconf 67' lang='lat' dir='ltr'><strong>om</strong></span> <span class='ocrx_word' id='word_1_648' title='bbox 544 5479 727 5526; x_wconf 87' lang='lat' dir='ltr'><strong>autem</strong></span> <span class='ocrx_word' id='word_1_649' title='bbox 763 5489 828 5528; x_wconf 83' lang='lat' dir='ltr'><strong>ex</strong></span> <span class='ocrx_word' id='word_1_650' title='bbox 873 5474 980 5530; x_wconf 84' lang='lat' dir='ltr'><strong>illis</strong></span> <span class='ocrx_word' id='word_1_651' title='bbox 1012 5475 1354 5531; x_wconf 86' lang='lat' dir='ltr'><strong>sacrosancti</strong></span> <span class='ocrx_word' id='word_1_652' title='bbox 1393 5475 1748 5548; x_wconf 88' lang='lat' dir='ltr'><strong>Baptismatis</strong></span> <span class='ocrx_word' id='word_1_653' title='bbox 1787 5478 1992 5533; x_wconf 73' lang='lat' dir='ltr'><strong>fontem</strong></span> 
     </span>
    </p>
   </div>
   <div class='ocr_carea' id='block_1_99' title="bbox 2107 4633 3042 4706">
    <p class='ocr_par' dir='ltr' id='par_1_99' title="bbox 2107 4633 3042 4706">
     <span class='ocr_line' id='line_1_100' title="bbox 2107 4633 3042 4706; baseline -0.004 -14"><span class='ocrx_word' id='word_1_654' title='bbox 2107 4636 2316 4703; x_wconf 82' lang='grc' dir='ltr'>τάξεως</span> <span class='ocrx_word' id='word_1_655' title='bbox 2347 4633 2706 4704; x_wconf 84' lang='grc' dir='ltr'>ἐδηλώσαμεν</span> <span class='ocrx_word' id='word_1_656' title='bbox 2736 4635 3042 4706; x_wconf 78' lang='grc' dir='ltr'>κεφαλαίῳ.</span> 
     </span>
    </p>
   </div>
   <div class='ocr_carea' id='block_1_100' title="bbox 2170 4737 3696 4814">
    <p class='ocr_par' dir='ltr' id='par_1_100' title="bbox 2170 4737 3696 4814">
     <span class='ocr_line' id='line_1_101' title="bbox 2170 4737 3696 4814; baseline -0.005 -13"><span class='ocrx_word' id='word_1_657' title='bbox 2170 4745 2275 4814; x_wconf 61' lang='grc' dir='ltr'>ιβ’.</span> <span class='ocrx_word' id='word_1_658' title='bbox 2307 4745 2417 4799; x_wconf 70' lang='grc' dir='ltr'>Καὶ</span> <span class='ocrx_word' id='word_1_659' title='bbox 2473 4745 2542 4798; x_wconf 81' lang='grc' dir='ltr'>τὰ</span> <span class='ocrx_word' id='word_1_660' title='bbox 2591 4744 2872 4797; x_wconf 70' lang='grc' dir='ltr'>Σκλαϐικὰ</span> <span class='ocrx_word' id='word_1_661' title='bbox 2898 4743 2954 4797; x_wconf 77' lang='grc' dir='ltr'>δὲ</span> <span class='ocrx_word' id='word_1_662' title='bbox 2983 4743 3110 4813; x_wconf 81' lang='grc' dir='ltr'>ἔθνη</span> <span class='ocrx_word' id='word_1_663' title='bbox 3155 4743 3440 4814; x_wconf 85' lang='grc' dir='ltr'>ὁμοδίαιτά</span> <span class='ocrx_word' id='word_1_664' title='bbox 3463 4760 3520 4796; x_wconf 91' lang='grc' dir='ltr'><strong>τε</strong></span> <span class='ocrx_word' id='word_1_665' title='bbox 3555 4737 3696 4810; x_wconf 71' lang='grc' dir='ltr'>ἦσαν</span> 
     </span>
    </p>
   </div>
   <div class='ocr_carea' id='block_1_101' title="bbox 2105 4821 3696 4906">
    <p class='ocr_par' dir='ltr' id='par_1_101' title="bbox 2105 4821 3696 4906">
     <span class='ocr_line' id='line_1_102' title="bbox 2105 4821 3696 4906; baseline -0.004 -15"><span class='ocrx_word' id='word_1_666' title='bbox 2105 4837 2199 4891; x_wconf 76' lang='grc' dir='ltr'><strong>καὶ</strong></span> <span class='ocrx_word' id='word_1_667' title='bbox 2248 4835 2527 4906; x_wconf 84' lang='grc' dir='ltr'>ὁμότροπα</span> <span class='ocrx_word' id='word_1_668' title='bbox 2577 4835 2830 4902; x_wconf 80' lang='grc' dir='ltr'>ἀλλήλοις</span> <span class='ocrx_word' id='word_1_669' title='bbox 2859 4835 2993 4904; x_wconf 76' lang='lat'><strong>(69),</strong></span> <span class='ocrx_word' id='word_1_670' title='bbox 3047 4835 3144 4888; x_wconf 74' lang='grc' dir='ltr'><strong>καὶ</strong></span> <span class='ocrx_word' id='word_1_671' title='bbox 3199 4835 3487 4902; x_wconf 78' lang='grc' dir='ltr'>ἐλεύθερα,</span> <span class='ocrx_word' id='word_1_672' title='bbox 3524 4821 3696 4905; x_wconf 53' lang='grc' dir='ltr'>μηδαὲ</span> 
     </span>
    </p>
   </div>
   <div class='ocr_carea' id='block_1_102' title="bbox 2108 4927 3698 5001">
    <p class='ocr_par' dir='ltr' id='par_1_102' title="bbox 2108 4927 3698 5001">
     <span class='ocr_line' id='line_1_103' title="bbox 2108 4927 3698 5001; baseline -0.002 -19"><span class='ocrx_word' id='word_1_673' title='bbox 2108 4930 2224 5001; x_wconf 87' lang='grc' dir='ltr'>μῶς</span> <span class='ocrx_word' id='word_1_674' title='bbox 2250 4927 2566 4982; x_wconf 84' lang='grc' dir='ltr'>δουλοῦσθαι</span> <span class='ocrx_word' id='word_1_675' title='bbox 2602 4927 2928 4998; x_wconf 78' lang='grc' dir='ltr'>ἢᾶρχεσθαι</span> <span class='ocrx_word' id='word_1_676' title='bbox 2972 4928 3292 4998; x_wconf 83' lang='grc' dir='ltr'>πειθόμενα,</span> <span class='ocrx_word' id='word_1_677' title='bbox 3327 4931 3422 4981; x_wconf 73' lang='grc' dir='ltr'><strong>καὶ</strong></span> <span class='ocrx_word' id='word_1_678' title='bbox 3461 4927 3698 4998; x_wconf 85' lang='grc' dir='ltr'>μάλιστα</span> 
     </span>
    </p>
   </div>
   <div class='ocr_carea' id='block_1_103' title="bbox 2101 5019 3694 5092">
    <p class='ocr_par' dir='ltr' id='par_1_103' title="bbox 2101 5019 3694 5092">
     <span class='ocr_line' id='line_1_104' title="bbox 2101 5019 3694 5092; baseline -0.003 -15"><span class='ocrx_word' id='word_1_679' title='bbox 2101 5025 2191 5077; x_wconf 79' lang='grc' dir='ltr'><strong>ὅτε</strong></span> <span class='ocrx_word' id='word_1_680' title='bbox 2228 5025 2401 5092; x_wconf 89' lang='grc' dir='ltr'>πέραν</span> <span class='ocrx_word' id='word_1_681' title='bbox 2429 5021 2521 5074; x_wconf 88' lang='grc' dir='ltr'><strong>τοῦ</strong></span> <span class='ocrx_word' id='word_1_682' title='bbox 2554 5022 2849 5074; x_wconf 70' lang='grc' dir='ltr'>Λανουϐίου</span> <span class='ocrx_word' id='word_1_683' title='bbox 2882 5022 3166 5092; x_wconf 81' lang='grc' dir='ltr'>κατῴκουν</span> <span class='ocrx_word' id='word_1_684' title='bbox 3197 5023 3254 5074; x_wconf 87' lang='grc' dir='ltr'>ὲν</span> <span class='ocrx_word' id='word_1_685' title='bbox 3281 5023 3347 5092; x_wconf 86' lang='grc' dir='ltr'>τῇ</span> <span class='ocrx_word' id='word_1_686' title='bbox 3385 5021 3492 5090; x_wconf 65' lang='grc' dir='ltr'>ἰδία</span> <span class='ocrx_word' id='word_1_687' title='bbox 3516 5019 3694 5091; x_wconf 75' lang='grc' dir='ltr'>χώρα.</span> 
     </span>
    </p>
   </div>
   <div class='ocr_carea' id='block_1_104' title="bbox 2103 5111 3701 5180">
    <p class='ocr_par' dir='ltr' id='par_1_104' title="bbox 2103 5111 3701 5180">
     <span class='ocr_line' id='line_1_105' title="bbox 2103 5111 3701 5180; baseline -0.003 -14"><span class='ocrx_word' id='word_1_688' title='bbox 2103 5114 2267 5167; x_wconf 79' lang='grc' dir='ltr'>Ὅθεν</span> <span class='ocrx_word' id='word_1_689' title='bbox 2329 5114 2423 5166; x_wconf 67' lang='grc' dir='ltr'>καὶ</span> <span class='ocrx_word' id='word_1_690' title='bbox 2479 5113 2713 5166; x_wconf 82' lang='grc' dir='ltr'>ἐνταῦθα</span> <span class='ocrx_word' id='word_1_691' title='bbox 2771 5113 3172 5180; x_wconf 82' lang='grc' dir='ltr'>περαιωθέντα,</span> <span class='ocrx_word' id='word_1_692' title='bbox 3228 5114 3320 5164; x_wconf 63' lang='grc' dir='ltr'><strong>καὶ</strong></span> <span class='ocrx_word' id='word_1_693' title='bbox 3362 5112 3528 5164; x_wconf 76' lang='grc' dir='ltr'>οἱονεὶ</span> <span class='ocrx_word' id='word_1_694' title='bbox 3581 5111 3701 5180; x_wconf 79' lang='grc' dir='ltr'>βια-</span> 
     </span>
    </p>
   </div>
   <div class='ocr_carea' id='block_1_105' title="bbox 2104 5199 3698 5274">
    <p class='ocr_par' dir='ltr' id='par_1_105' title="bbox 2104 5199 3698 5274">
     <span class='ocr_line' id='line_1_106' title="bbox 2104 5199 3698 5274; baseline -0.004 -16"><span class='ocrx_word' id='word_1_695' title='bbox 2104 5207 2298 5258; x_wconf 80' lang='grc' dir='ltr'>σθέντα</span> <span class='ocrx_word' id='word_1_696' title='bbox 2342 5204 2600 5268; x_wconf 83' lang='grc' dir='ltr'>δέξασθαι</span> <span class='ocrx_word' id='word_1_697' title='bbox 2653 5203 2754 5274; x_wconf 78' lang='grc' dir='ltr'><strong>τὴν</strong></span> <span class='ocrx_word' id='word_1_698' title='bbox 2807 5202 3077 5266; x_wconf 81' lang='grc' dir='ltr'>δουλείαν,</span> <span class='ocrx_word' id='word_1_699' title='bbox 3140 5202 3239 5271; x_wconf 84' lang='grc' dir='ltr'>οὐχ</span> <span class='ocrx_word' id='word_1_700' title='bbox 3296 5202 3470 5270; x_wconf 75' lang='grc' dir='ltr'>ἑτέρῳ</span> <span class='ocrx_word' id='word_1_701' title='bbox 3524 5199 3698 5270; x_wconf 82' lang='grc' dir='ltr'>ἡδέως</span> 
     </span>
    </p>
   </div>
   <div class='ocr_carea' id='block_1_106' title="bbox 2102 5294 3696 5366">
    <p class='ocr_par' dir='ltr' id='par_1_106' title="bbox 2102 5294 3696 5366">
     <span class='ocr_line' id='line_1_107' title="bbox 2102 5294 3696 5366; baseline -0.004 -18"><span class='ocrx_word' id='word_1_702' title='bbox 2102 5297 2385 5350; x_wconf 85' lang='grc' dir='ltr'>πείθεσθαι</span> <span class='ocrx_word' id='word_1_703' title='bbox 2427 5295 2638 5366; x_wconf 79' lang='grc' dir='ltr'>ἤθελον,</span> <span class='ocrx_word' id='word_1_704' title='bbox 2674 5295 2809 5348; x_wconf 81' lang='grc' dir='ltr'>ἀλλᾶ</span> <span class='ocrx_word' id='word_1_705' title='bbox 2835 5295 3037 5365; x_wconf 85' lang='grc' dir='ltr'>τρόπον</span> <span class='ocrx_word' id='word_1_706' title='bbox 3083 5294 3207 5348; x_wconf 67' lang='grc' dir='ltr'>τινὰ</span> <span class='ocrx_word' id='word_1_707' title='bbox 3234 5295 3474 5355; x_wconf 62' lang='grc' dir='ltr'>ἑαυτοῖς</span> <span class='ocrx_word' id='word_1_708' title='bbox 3509 5294 3696 5362; x_wconf 86' lang='grc' dir='ltr'>κρεῖτ-</span> 
     </span>
    </p>
   </div>
   <div class='ocr_carea' id='block_1_107' title="bbox 2100 5383 3696 5458">
    <p class='ocr_par' dir='ltr' id='par_1_107' title="bbox 2100 5383 3696 5458">
     <span class='ocr_line' id='line_1_108' title="bbox 2100 5383 3696 5458; baseline -0.004 -18"><span class='ocrx_word' id='word_1_709' title='bbox 2100 5405 2192 5441; x_wconf 88' lang='grc' dir='ltr'><strong>τον</strong></span> <span class='ocrx_word' id='word_1_710' title='bbox 2223 5387 2333 5458; x_wconf 79' lang='grc' dir='ltr'>γὰρ</span> <span class='ocrx_word' id='word_1_711' title='bbox 2365 5387 2596 5457; x_wconf 80' lang='grc' dir='ltr'>ἡγοῦντο</span> <span class='ocrx_word' id='word_1_712' title='bbox 2625 5385 2733 5439; x_wconf 80' lang='grc' dir='ltr'>ἀπὸ</span> <span class='ocrx_word' id='word_1_713' title='bbox 2759 5385 2855 5439; x_wconf 87' lang='grc' dir='ltr'><strong>τοῦ</strong></span> <span class='ocrx_word' id='word_1_714' title='bbox 2879 5385 3142 5458; x_wconf 81' lang='grc' dir='ltr'>ἄρχοντος</span> <span class='ocrx_word' id='word_1_715' title='bbox 3163 5385 3263 5455; x_wconf 76' lang='grc' dir='ltr'><strong>τῆς</strong></span> <span class='ocrx_word' id='word_1_716' title='bbox 3295 5384 3479 5438; x_wconf 80' lang='grc' dir='ltr'>αὐτῶν</span> <span class='ocrx_word' id='word_1_717' title='bbox 3522 5383 3696 5452; x_wconf 82' lang='grc' dir='ltr'>φυλῆς</span> 
     </span>
    </p>
   </div>
   <div class='ocr_carea' id='block_1_108' title="bbox 2106 5475 3701 5550">
    <p class='ocr_par' dir='ltr' id='par_1_108' title="bbox 2106 5475 3701 5550">
     <span class='ocr_line' id='line_1_109' title="bbox 2106 5475 3701 5550; baseline -0.003 -18"><span class='ocrx_word' id='word_1_718' title='bbox 2106 5479 2448 5550; x_wconf 71' lang='grc' dir='ltr'>φθείρεσθαι,</span> <span class='ocrx_word' id='word_1_719' title='bbox 2495 5479 2527 5549; x_wconf 87' lang='grc' dir='ltr'>ἢ</span> <span class='ocrx_word' id='word_1_720' title='bbox 2583 5480 2695 5544; x_wconf 87' lang='grc' dir='ltr'>τοῖς</span> <span class='ocrx_word' id='word_1_721' title='bbox 2742 5478 3074 5547; x_wconf 83' lang='grc' dir='ltr'>Ῥωμαϊκοῖς</span> <span class='ocrx_word' id='word_1_722' title='bbox 3117 5477 3392 5532; x_wconf 84' lang='grc' dir='ltr'>δουλεύειν</span> <span class='ocrx_word' id='word_1_723' title='bbox 3449 5477 3543 5532; x_wconf 77' lang='grc' dir='ltr'>καὶ</span> <span class='ocrx_word' id='word_1_724' title='bbox 3569 5475 3701 5528; x_wconf 80' lang='grc' dir='ltr'>ὑπο-</span> 
     </span>
    </p>
   </div>
   <div class='ocr_carea' id='block_1_109' title="bbox 1895 5659 2134 5716">
    <p class='ocr_par' dir='ltr' id='par_1_109' title="bbox 1895 5659 2134 5716">
     <span class='ocr_line' id='line_1_110' title="bbox 1895 5659 2134 5716; baseline -0.004 -3"><span class='ocrx_word' id='word_1_725' title='bbox 1895 5659 2134 5716; x_wconf 69' lang='lat' dir='ltr'><strong>NOTAE.</strong></span> 
     </span>
    </p>
   </div>
   <div class='ocr_carea' id='block_1_110' title="bbox 491 5765 2266 5845">
    <p class='ocr_par' dir='ltr' id='par_1_110' title="bbox 491 5765 2266 5845">
     <span class='ocr_line' id='line_1_111' title="bbox 491 5765 2266 5845; baseline 0.003 -23"><span class='ocrx_word' id='word_1_726' title='bbox 491 5765 603 5835; x_wconf 80' lang='grc'>(69)</span> <span class='ocrx_word' id='word_1_727' title='bbox 642 5769 963 5840; x_wconf 68' lang='grc' dir='ltr'><strong>Ἀλλήλοτς</strong></span> <span class='ocrx_word' id='word_1_728' title='bbox 1029 5773 1083 5831; x_wconf 84' lang='lat' dir='ltr'><strong>In</strong></span> <span class='ocrx_word' id='word_1_729' title='bbox 1115 5775 1276 5831; x_wconf 76' lang='lat' dir='ltr'><strong>Checi</strong></span> <span class='ocrx_word' id='word_1_730' title='bbox 1319 5775 1504 5831; x_wconf 81' lang='lat' dir='ltr'><strong>codice</strong></span> <span class='ocrx_word' id='word_1_731' title='bbox 1554 5778 1764 5833; x_wconf 82' lang='lat' dir='ltr'><strong>videtur</strong></span> <span class='ocrx_word' id='word_1_732' title='bbox 1796 5777 1985 5845; x_wconf 78' lang='lat' dir='ltr'><strong>fuisse,</strong></span> <span class='ocrx_word' id='word_1_733' title='bbox 2019 5777 2266 5838; x_wconf 76' lang='grc' dir='ltr'>Γάλλοις,</span> 
     </span>
    </p>
   </div>
  </div>
