4090 6432
381 422 566 494 σω

1417 443 1760 510 TACTICA.
1796 474 1867 485 —
1901 446 2412 515 CONSTITUTIO
2429 457 2650 519 XVIII.

3566 467 3675 537 970

384 539 668 595 κλίνεσθαι
717 542 925 610 νόμοις.
971 548 1032 601 Οἱ
1057 547 1112 601 δέ
1161 548 1256 603 τοῦ
1282 553 1557 625 σωτηρίου
1585 555 1973 628 βαπτίσματος

2081 574 2446 632 receperunt,
2501 568 2830 638 iiquantum
2876 573 2931 628 in
2991 574 3103 632 illis
3157 585 3263 647 est,
3315 581 3378 637 ad
3429 585 3672 654 antiquae

377 632 474 686 τὸν
526 634 802 705 άγιασμδν
866 640 1295 713 καταδεξάμενοι
1336 644 1465 716 ἄχρι
1517 647 1629 702 τῶν
1685 650 1974 721 ἡμετέρων

378 725 590 796 χρόνων
624 728 805 795 τοῦτο,
837 731 962 785 ὅσον
993 734 1135 788 κατὰ
1162 735 1383 804 αὐτοὺς,
1417 740 1496 803 είς
1533 740 1769 813 ἀρχαίας
1825 743 1975 798 ἐλευ-

376 819 571 892 θερίας
601 823 894 894 συνήθειαν
925 825 1334 898 διατηροῦνται.

453 934 518 1006 ρ’.
555 937 873 1012 Πολύανδρά
905 959 967 995 τε
997 936 1138 1013 ἦσαν
1167 943 1262 997 καὶ¹
1322 947 1699 1012 κακοπαθείας
1757 949 1973 1021 ὑπομέο

375 1045 558 1091 νοντα,
611 1029 852 1097 εὐκόλως
898 1033 956 1087 δὲ
1012 1034 1152 1105 πρὸς
1181 1036 1462 1104 καύσωνα,
1487 1040 1584 1094 καὶ
1626 1041 1822 1112 ψύχος,
1877 1045 1974 1097 καὶ

377 1117 600 1189 βροχὴν,
627 1118 736 1172 καὶ·
753 1119 1007 1192 σώματος
1031 1126 1374 1198 γυμνότητα,
1404 1130 1498 1183 καὶ
1516 1129 1617 1202 τὴν
1641 1132 1750 1186 τῶν
1785 1133 1972 1188 δαπα-

372 1209 636 1280 νημάτων
664 1211 879 1269 ἔνδειαν
905 1218 1300 1290 καρτεροῦντα.

449 1321 554 1394 ρα’.
582 1323 770 1379 Ταῦτα
794 1326 851 1380 δὲ
869 1330 898 1382 ὁ
925 1329 1196 1402 ἡμέτερος
1208 1321 1279 1386 ’ὲν
1293 1332 1422 1405 ,θεία
1465 1337 1530 1407 τῇ
1562 1337 1716 1406 λήξει
1749 1338 1975 1408 γενόμε-

374 1430 465 1475 νος
487 1413 670 1486 πατὴρ
697 1417 792 1470 καὶ
827 1418 1118 1490 Ῥωμαίων
1160 1424 1526 1498 αὐτοκράτωρ
1559 1429 1846 1492 Βασίλειος
1866 1430 1974 1483 τῶν

373 1505 620 1575 ἂρχαίων
667 1507 806 1564 ἐθῶν
863 1510 1049 1567 ἔπεισε
1100 1518 1454 1589 μεταστῆναι.
1488 1522 1582 1574 καὶ
1621 1519 1970 1591 Γραικώσας,

376 1598 470 1650 καὶ
525 1598 754 1669 ἄρχουσι
784 1603 925 1658 κατὰ
983 1605 1076 1660 τὸν
1114 1607 1427 1680 Ῥωμαϊκὸν
1472 1612 1645 1666 τύπον
1668 1614 1968 1680 ὑποτάξας,

377 1691 471 1742 καὶ
505 1691 850 1764 βαπτίσματι
910 1699 1169 1769 τιμήσας,
1205 1701 1307 1772 τῆς
1356 1721 1416 1758 τε
1462 1705 1709 1770 δουλείας
1742 1707 1972 1777 ἠλευθέο

377 1799 522 1852 ρωσε
557 1784 666 1838 τῶν
697 1787 911 1842 ἑαυτῶν
941 1791 1245 1861 ἀρχόντων,
1277 1795 1374 1846 καὶ
1411 1797 1809 1867 στρατεύεσθαι
1833 1797 1974 1852 κατὰ

372 1873 486 1926 τῶν
537 1872 837 1946 Ῥωμαίοις
891 1880 1281 1952 πολεμούντων
1339 1887 1510 1940 ἐθνῶν
1565 1889 1968 1958 ἐξεπαίδευσεν,
2005 1919 2046 1973 Β

373 1963 520 2017 οὕτω
544 1981 660 2031 πως
690 1969 969 2040 ἐπιμελῶς
1001 1975 1132 2045 περὶ
1155 1978 1222 2030 τά
1243 1979 1473 2034 τοιαῦτα
1502 1981 1864 2052 διακείμενος,
1890 1984 1970 2037 διδ

375 2058 474 2110 καὶ
537 2058 880 2132 ἀμερίμνους
949 2066 1256 2137 Ῥωμαίους
1301 2073 1366 2125 ἐκ
1415 2074 1516 2143 τῆς
1548 2075 1810 2140 πολλάκις
1862 2078 1973 2132 ἀπὸ

375 2150 640 2205 Σκλάϐων
672 2156 973 2229 γενομένης
1001 2160 1300 2232 ἀνταρσίας
1359 2165 1605 2235 ἐποίησε,
1633 2167 1836 2229 πολλὰς
1876 2171 1969 2224 ὑπ’

382 2242 612 2327 ἐκείνων
669 2246 922 2318 ὀχλήσεις
954 2251 1046 2304 καὶ
1082 2253 1356 2325 πολέμους
1391 2259 1503 2321 τοῖς
1533 2259 1698 2313 πάλαι
1753 2261 1970 2332 χρόνοις

374 2335 804 2406 ὑπομείναντας.

447 2451 550 2522 ρβ’.
573 2448 757 2508 Ἦσαν
782 2455 862 2517 δὲ,
889 2458 991 2511 οὐκ
1035 2453 1132 2512 οἷδ’
1157 2461 1305 2524 ὅπως
1331 2465 1528 2532 εἰπεῖν,
1564 2470 1630 2538 τῇ
1687 2468 1967 2542 φιλοξενίᾳ

375 2543 700 2614 κατακόρως
732 2545 991 2618 χρώμενα
1017 2549 1084 2604 τὰ
1114 2551 1376 2606 Σκλάὸων
1417 2555 1578 2623 φῦλα,
1627 2558 1694 2628 ἣν
1726 2560 1848 2613 οὐδὲ
1873 2560 1968 2613 νῦν

373 2635 698 2690 καταλιπεῖν
733 2638 1083 2707 ἐδικαίωσαν,
1127 2643 1242 2696 ἀλλ’
1271 2645 1486 2716 ἔχουσιν
1513 2650 1735 2717 ὁμοίως.

445 2726 548 2798 ργ’.
585 2729 710 2793 Τοῖς
739 2729 847 2802 γὰρ
873 2731 1314 2804 ἑπιξενουμένοις
1349 2738 1463 2810 (70)
1496 2741 1554 2793 ὲν
1585 2743 1772 2806 αὐτοῖς
1812 2745 1966 2816 ἤπιοι

374 2819 469 2873 καὶ
511 2823 676 2893 πρᾶοι
709 2823 979 2891 ἐγίνοντο,
1028 2826 1520 2901 φιλοφρονούμενοί
1571 2851 1630 2887 τε
1680 2836 1820 2890 αὐτὰ
1877 2842 1972 2893 καὶ

371 2911 728 2983 δεξιούμενοι,
761 2916 1145 2982 διασώζοντες,
1195 2921 1291 2974 καὶ
1338 2923 1480 2977 κατὰ
1517 2924 1767 2998 διαδοχὴν
1789 2930 1852 2982 ὲκ
1886 2930 1973 2983 τό·

373 3021 478 3058 που
533 3007 614 3071 είς
660 3007 825 3062 τόπον
854 3011 1348 3081 παραπέμποντες,
1376 3016 1470 3068 καὶ
1506 3016 1766 3083 ἀϐλαϐεῖς
1790 3020 1974 3092 διατηε

375 3097 610 3168 ρεῖσθαι,
659 3100 754 3155 καὶ
802 3101 1184 3168 ἀδιαλείπτους
1232 3105 1477 3170 δαπάνας
1534 3109 1784 3180 ἀλλήλοις
1837 3131 1975 3183 παρ-

371 3190 738 3262 εγγυώμενοι.
777 3193 868 3257 Ὠς
912 3195 1032 3262 εῖγε
1098 3196 1418 3268 διαμέλειαν
1442 3199 1556 3271 (7i)
1592 3200 1684 3254 τοῦ
1711 3203 1971 3275 ὑποδεχο-

2079 653 2358 714 Iibertatis
2391 659 2624 716 formam
2667 678 2789 720 eunt
2823 679 3178 727 conservant.

2155 950 2276 1005 IOO.
2333 951 2606 1023 Populosa
2669 959 2822 1014 natio
2858 968 2964 1025 est,
3008 963 3255 1018 onmium
3288 980 3669 1022 aerumnarum

2077 1045 2290 1112 patiens
2325 1047 2596 1112 :calores,
2626 1050 2850 1121 frigora,
2875 1054 3107 1123 pluvias,
3146 1058 3472 1122 nuditatem,
3508 1076 3667 1115 eom-

2079 1128 2292 1192 meatns
2331 1146 2386 1192 et
2463 1154 2644 1194 rertnu
2707 1145 3148 1202 necessariarum
3212 1149 3455 1218 inopiam
3514 1150 3674 1207 facile

2077 1229 2304 1298 perfert.

2151 1341 2275 1398 lOl.
2313 1343 2467 1400 Hanc
2489 1347 2768 1405 nationem
2804 1361 2997 1408 noster
3025 1353 3208 1410 divina
3249 1358 3486 1425 quadam
3519 1367 3672 1414 sorte

2078 1434 2378 1505 imperator
2436 1437 2746 1509 Romanus,
2807 1454 2860 1497 et
2923 1453 3081 1514 pater
3127 1461 3286 1502 meus
3325 1449 3584 1515 Basilius,
3641 1467 3672 1505 a

2079 1527 2417 1598 reliquarum
2448 1533 2699 1601 gentium
2759 1535 2982 1594 feritate
3035 1538 3300 1606 traduxit,
3335 1550 3390 1596 et
3425 1544 3672 1599 Romano

2077 1635 2239 1676 more.
2269 1623 2583 1703 praefectos
2639 1625 2748 1683 illis
2786 1630 3164 1698 constituens,
3221 1640 3280 1687 et
3333 1634 3675 1704 Baptismate

2077 1729 2240 1769 sacro
2271 1717 2396 1773 illos
2429 1719 2705 1786 imbuens,
2755 1737 2785 1776 a
2843 1725 3110 1780 servitute
3147 1726 3424 1791 liberavit,
3452 1738 3506 1782 et
3535 1743 3672 1784 con-

2078 1813 2158 1860 tra
2195 1806 2570 1864 Romanorum
2628 1812 2816 1869 hostes
2872 1830 3122 1887 pugnare
3175 1817 3454 1884 instituit;
3487 1820 3673 1891 itaque

2079 1896 2328 1954 studiose
2355 1899 2424 1956 iis
2455 1901 2510 1954 in
2543 1900 2707 1957 rebus
2734 1913 2991 1962 versatus
3014 1916 3122 1974 est,
3159 1916 3218 1962 ιιι
3251 1907 3531 1967 Romanos
3569 1914 3672 1966 hac

2074 2005 2134 2044 re
2162 2005 2389 2046 securos
2444 1992 2674 2061 faceret,
2711 1995 2806 2068 qui
2845 2013 2988 2068 sazpe
3025 2009 3185 2053 antea
3217 2001 3538 2057 Sclavorum
3570 2019 3670 2072 po-

2074 2082 2450 2152 pulationibus
2487 2085 2919 2158 infestabantur,
2956 2092 3186 2148 etbclla
3223 2093 3394 2149 multa
3437 2095 3508 2151 ab
3561 2096 3671 2151 illis

2074 2174 2229 2231 illata
2273 2177 2650 2236 sustinebant.

2148 2465 2269 2521 102.
2305 2464 2476 2520 Erant
2515 2476 2697 2523 autem
2731 2467 2913 2523 Sclavi
2940 2469 2998 2534 ii,
3033 2469 3219 2525 nescio
3246 2470 3540 2540 quomodo,
3565 2470 3669 2524 ho-

2076 2559 2314 2628 spitibus
2373 2559 2627 2637 humani,
2659 2575 2824 2631 quam
2859 2563 3293 2634 hospitalitatem
3329 2563 3512 2618 adhuc
3555 2570 3675 2620 stu-

2076 2652 2230 2707 diose
2263 2652 2528 2707 retinent.

2150 2741 2273 2796 105.
2312 2741 2628 2812 Peregrinis
2687 2743 2834 2799 enim
2895 2745 3118 2816 benigni
3163 2759 3227 2801 ac
3274 2745 3436 2800 mites
3492 2757 3674 2812 erant,

2085 2841 2156 2888 ct.
2189 2833 2314 2888 illos
2363 2834 2618 2890 lubenter
2659 2850 2723 2889 ac
2778 2835 3094 2892 humaniter
3154 2837 3520 2907 accipiebant,
3557 2847 3611 2894 et
3640 2854 3674 2893 a

2077 2927 2198 2981 loco
2239 2927 2296 2980 in
2347 2927 2530 2981 locum
2591 2926 2827 2981 comiter
2878 2928 3267 2993 deducebant,
3311 2938 3367 2984 ct
3409 2930 3478 2984 ab
3521 2930 3673 2985 omni

2084 3031 2224 3070 itoxa
2280 3015 2696 3084 ollensioneqne
2743 3016 2990 3087 integros
3049 3026 3104 3072 et
3173 3027 3412 3074 'sccuros
3447 3035 3674 3075 conser-

2079 3109 2298 3163 vabant.
2369 3109 2561 3180 Itaque
2618 3110 2664 3166 si
2710 3117 2936 3180 propter
2989 3111 3378 3182 negligentiam
3435 3112 3674 3182 hospitis

2079 3217 2111 3270 p
2132 3201 2406 3271 trcgrinus
2429 3203 2692 3266 .la'datnr,
2723 3202 2926 3258 bellum
2952 3203 3140 3258 statim
3175 3213 3366 3258 contra
3404 3219 3528 3258 eum
3553 3220 3674 3260 mo-

377 3283 540 3353 μένου
581 3285 822 3357 συμβαίη
857 3287 952 3340 τὸν
1003 3287 1154 3353 ξένον
1223 3289 1513 3361 βλαϐῆναι,
1552 3294 1788 3366 πόλεμον
1823 3298 1966 3350 κατὰ

2084 3302 2191 3347 vel.
2236 3291 2372 3348 Nam
2410 3295 2530 3348 tidei
2578 3310 2830 3365 magnam
2866 3294 3303 3351 declarationem
3335 3311 3458 3353 esse
3489 3305 3670 3367 putat,

372 3375 582 3429 ἐκείνου
606 3377 633 3428 ὁ
666 3375 868 3431 τοῦτον.
895 3380 1281 3450 παραθέμενος
1314 3383 1528 3454 ἐκείνῳ,
1563 3385 1684 3438 ἀντὶ
1729 3387 1964 3452 πίστεως

376 3467 682 3539 αεϐασμίας
714 3471 1025 3542 ἡγούμενος
1063 3473 1158 3527 τοῦ
1191 3475 1346 3541 ξένου
1368 3476 1468 3548 τὴν
1505 3479 1812 3548 ἐκδίκησιν.

447 3560 543 3632 ρδ’.
588 3564 797 3617 Ἐδόκει
827 3565 882 3616 δὲ
913 3566 1096 3630 αὐτοῖς
1132 3569 1224 3620 καὶ
1266 3569 1458 3640 ἕτερον
1517 3573 1974 3643 συμπαθέστερόν

376 3673 507 3708 ποτε
565 3652 725 3710 εἶναι.
774 3655 914 3720 Τοὺς
974 3658 1084 3730 γὰρ
1145 3662 1202 3712 ὲν
1236 3663 1584 3732 αἰχμαλωσίᾳ,
1628 3664 1759 3735 παρ’
1795 3665 1977 3720 αὐτῶν

375 3747 822 3818 λαμϐανομένους
871 3751 971 3802 οὐκ
1025 3752 1329 3822 ἀορίστως,
1362 3753 1466 3816 ἕως
1527 3755 1594 3808 ἂν
1650 3754 1972 3823 βούλωνται,

378 3839 516 3909 πρὸς
565 3840 810 3895 δουλείαν
859 3845 1138 3912 κατεῖχον,
1198 3845 1335 3897 ἀλλὰ
1364 3846 1567 3916 μᾶλλον
1594 3849 1653 3900 ἐν
1684 3851 1750 3918 τῇ
1780 3850 1976 3924 γνώμῃ

375 3930 487 3983 τῶν
529 3931 896 4002 αἰχμαλώτων
943 3932 1186 3998 ἐποίουν,
1241 3935 1520 4005 ὁρίζοντες
1574 3935 1762 4000 αὐτοῖς
1809 3939 1974 4008 ῥητόν

374 4041 500 4078 τινα
547 4025 646 4095 τῆς
677 4024 923 4088 δουλείας
979 4026 1194 4096 χρόνον,
1243 4027 1330 4081 ἵνα
1364 4028 1504 4098 μετὰ
1528 4028 1719 4083 τοῦτον
1743 4030 1834 4084 τὸν
1864 4034 1977 4102 ὀρι-

377 4117 579 4171 σθέντα
610 4119 823 4188 χρόνον,
861 4118 958 4172 ἐὰν
986 4119 1237 4187 θέλωσιν,
1263 4122 1321 4174 ἐν
1352 4123 1462 4184 τοῖς
1518 4121 1667 4186 ἰδίοις
1697 4124 1978 4195 ἀναχωρῆ-

377 4228 467 4264 σαι
510 4212 651 4281 μετά
697 4229 842 4275 τινος
886 4212 1197 4284 ὡρισμένου
1234 4213 1450 4284 μισθοῦ,
1480 4215 1514 4284 ἦ
1557 4214 1652 4268 ἐὰν
1679 4216 1974 4285 βούλωνται

376 4305 716 4374 παράὑτοῖς
746 4303 908 4372 εἶναι,
945 4308 1140 4377 μένειν
1165 4307 1491 4379 ἐλευθέρους
1520 4309 1617 4362 καὶ
1652 4309 1861 4378 φίλους,

449 4403 544 4468 ρεν.
579 4398 954 4470 Ἐσωφρόνουν
977 4400 1034 4453 δὲ
1056 4401 1150 4454 καὶ
1190 4401 1246 4454 αἱ
1273 4401 1487 4472 θήλειαι
1519 4401 1700 4455 αὐτῶν
1737 4402 1974 4472 μάλιστα

377 4491 674 4560 κραταιῶς,
728 4491 870 4546 ὥστε
927 4492 1027 4557 τὰς
1084 4493 1290 4557 πολλὰς
1348 4493 1530 4547 αὐτῶν
1556 4494 1655 4565 τὴν
1685 4495 1795 4548 τῶν
1827 4496 1972 4550 ἰδίων

375 4582 588 4653 ἀνδρῶν
631 4585 892 4654 τελευτὴν
963 4585 1102 4640 ἰδίαν
1155 4585 1430 4658 ἡγεῖσθαι,
1496 4589 1592 4640 καὶ
1642 4589 1973 4657 ἀποπνίγειν

375 4675 594 4741 ἑαυτὰς,
656 4678 730 4748 μὴ
789 4678 1098 4750 δυναμένας
1168 4679 1357 4751 φέρειν
1405 4680 1506 4751 τὴν
1557 4681 1804 4753 ὲγχειρίᾳ
1855 4682 1969 4754 (.72)

374 4769 543 4840 ζωήν.

450 4870 561 4932 pg’.
615 4863 821 4936 Ἐχρῶν
869 4864 986 4918 τόδε
1055 4864 1166 4936 ('75)
1200 4865 1412 4938 δαπάνῃ
1441 4867 1682 4939 κέγχρῳ,
1733 4868 1969 4938 μάλιστα

375 4950 594 5017 ἐφίλουν
615 4951 672 5004 δὲ
712 4951 806 5004 καὶ
833 4952 1211 5026 ὀλιγάρκειαν,
1253 4954 1534 5026 δυσχερῶς
1563 4956 1825 5027 φέροντες
1842 4961 1968 5024 τοὺς

374 5039 569 5104 ἄλλους
593 5041 696 5111 τῆς
723 5045 1002 5113 γεωργίας
1034 5045 1254 5109 πῦνους,
1283 5045 1372 5098 διὰ
1403 5047 1463 5099 τὸ
1503 5046 1966 5118 ἐλευθεριωτέραν

379 5132 593 5201 μᾶλλον.
633 5135 809 5204 φιλεῖν
860 5136 1001 5189 αὐτὰ
1051 5136 1150 5205 τὴν
1203 5137 1486 5207 διαγωγὴν
1543 5142 1814 5195 ποιεῖσθαι
1875 5145 1969 5196 καὶ

376 5224 597 5295 ἄπονον,
623 5227 656 5299 ἦ
693 5229 790 5282 σὺν
817 5227 996 5300 πολλῷ
1027 5228 1182 5299 κόπῳ
1218 5229 1570 5284 πολυτέλειαν
1602 5230 1909 5302 βρωμάτων
1936 5233 1969 5302 ἢ

376 5336 408 5388 χ
418 5336 482 5389 pr;
495 5320 680 5388 μάτων
717 5321 978 5392 ἐπικτήσε
988 5322 1112 5375 σθαι

451 5411 564 5482 pg’.
601 5413 913 5480 Ὠπλίζοντο
953 5415 1010 5469 δέ
1064 5432 1195 5469 ποτε
1229 5419 1445 5486 μικροῖς
1476 5418 1770 5485 ἀκοντίοις,
1799 5421 1970 5489 ἤγουν

379 5506 689 5578 ρικταρίοις
740 5509 895 5562 δυσὶν
925 5509 1156 5572 ἕκαστος
1219 5510 1381 5580 ἀνὴρ,
1418 5510 1563 5574 τινὲς
1596 5511 1651 5563 δὲ
1687 5513 1780 5565 καὶ
1805 5531 1968 5567 σκου-

374 5597 587 5669 ταρίοις
654 5601 912 5670 μεγάλοις
969 5601 1326 5672 ὲπιμήκετιν,
1378 5598 1490 5655 οἷον
1548 5600 1786 5674 θυρεοῖς,
1851 5607 1972 5660 ἐκέ-

2084 3388 2128 3441 εἰ
2173 3388 2448 3458 peregrini
2491 3388 2667 3442 vicem
2703 3388 3026 3443 ulciscatur.

2158 3563 2278 3617 101i.
2323 3564 2481 3617 Aliud
2528 3572 2790 3634 prmterea
2823 3579 2934 3618 non
2973 3564 3340 3619 inhumanum
3378 3564 3481 3618 hoc
3521 3564 3670 3634 apud

2078 3673 2174 3710 eos
2209 3657 2495 3712 videbatur
2549 3672 2694 3713 esse.
2742 3656 3002 3728 Captivos
3061 3655 3206 3710 enim
3267 3670 3398 3710 suos
3447 3670 3555 3710 non
3603 3656 3673 3708 ad

2080 3750 2350 3804 inlinitam
2379 3750 2707 3805 servitutem
2751 3749 3095 3820 obligabant,
3160 3747 3257 3806 sed
3308 3755 3367 3801 ut
3426 3748 3674 3817 captivos

2083 3846 2265 3916 potius
2298 3847 2440 3916 apud
2475 3861 2533 3900 se
2569 3843 2906 3907 retinebant,
2933 3850 2989 3899 et
3015 3853 3229 3899 certum
3263 3841 3538 3911 quoddam
3562 3855 3675 3895 ser-

2080 3937 2271 3991 vitutis
2304 3945 2521 4006 tempus
2568 3933 3024 4004 prazscribebant,
3060 3940 3118 3986 ιιι
3161 3941 3282 4000 post
3319 3931 3426 3986 hoc.
3455 3938 3672 3998 tempus

2079 4024 2375 4098 expletum,
2415 4034 2566 4082 certa
2597 4023 2835 4096 quadam
2890 4022 3142 4078 mercede
3205 4022 3355 4085 data,
3417 4021 3483 4075 ad
3539 4036 3672 4076 Suos

2081 4121 2258 4175 redire
2289 4119 2524 4191 possint,
2570 4117 2654 4173 vel
2711 4118 2757 4171 si
2795 4115 3045 4184 mallent,
3080 4113 3223 4184 apud
3259 4113 3394 4170 illos
3419 4113 3582 4170 liberi
3614 4123 3672 4169 et

2078 4213 2238 4268 amici
2265 4222 2675 4284 permanerent.

2147 4391 2267 4446 tos.
2307 4389 2559 4445 Femina).
2601 4388 2820 4443 illorum
2877 4393 3075 4456 praeter
3120 4392 3351 4440 caeteras
3406 4384 3673 4439 modestae

2081 4486 2355 4541 feruntur.
2383 4484 2565 4540 Multa:
2596 4481 2742 4538 enim
2769 4480 3019 4535 virorum
3045 4493 3272 4534 suorum
3299 4485 3528 4532 mortem
3560 4485 3671 4532 tam

2009 4619 2050 4674 υ
2081 4580 2321 4650 graviter
2365 4578 2570 4644 ferunt,
2608 4591 2672 4630 ae
2721 4577 2768 4630 si
2802 4589 2905 4630 sua
2939 4580 3110 4638 esset,
3138 4579 3194 4626 et
3232 4570 3448 4674 seipsas
3493 4569 3672 4624 suile-

2083 4678 2251 4736 eant;
2287 4671 2454 4723 vitam
2487 4670 2633 4723 enim
2696 4668 2919 4721 viduam
2949 4678 3014 4719 ac
3039 4661 3344 4719 solitariam
3385 4659 3526 4715 ferre
3559 4674 3669 4714 non

2080 4776 2334 4836 possunt.

2144 4859 2268 4915 105.
2308 4856 2456 4912 Milio
2505 4855 2573 4910 ad
2617 4860 2988 4911 commeatum
3048 4849 3398 4904 utebantur:
3455 4853 3667 4914 tempe-

2077 4952 2314 5008 rantiam
2349 4953 2404 5006 in
2438 4951 2583 5006 victu
2619 4947 2858 5002 maxime
2885 4943 3077 4999 colunt
3108 4960 3122 4996 :
3156 4941 3402 5012 reliquos
3431 4939 3674 5010 agricul-

2078 5057 2215 5101 turae
2241 5045 2460 5100 labores
2493 5043 2680 5097 minus
2714 5031 3028 5111 perferunt,
3065 5035 3196 5106 quia
3228 5034 3353 5089 vita:
3395 5033 3672 5088 liberaliu-

2079 5154 2193 5194 retn
2251 5137 2460 5191 cultum
2520 5133 2696 5201 magis
2761 5129 3018 5200 diligunt,
3072 5141 3252 5197 neque
3301 5123 3499 5180 adduci
3540 5139 3671 5192 pos-

2079 5240 2229 5296 sunt,
2265 5237 2325 5283 ut
2347 5243 2546 5298 magno
2573 5240 2699 5280 cum
2734 5225 2925 5280 labore
2952 5228 3314 5293 sumptuosas
3345 5216 3536 5286 epulas
3567 5231 3667 5284 pa-

2081 5332 2224 5384 rent.
2259 5329 2424 5390 atque
2467 5333 2573 5375 eas-
2616 5326 2810 5389 postea
2859 5322 3056 5372 vorent
3090 5322 3257 5383 atque
3308 5310 3666 5366 exsorbeant.

2155 5416 2274 5470 107.
2312 5415 2611 5466 Armantur
2664 5411 2852 5481 parvis
2895 5407 3132 5464 hastulis
3178 5405 3264 5460 vel
3292 5401 3496 5474 jaculis
3527 5399 3668 5454 duo-

2079 5511 2183 5565 bus
2207 5505 2593 5577 unnsqnisque
2621 5507 2706 5558 vir
2735 5520 2748 5556 :
2777 5501 3000 5574 quidam
3033 5499 3199 5556 etiam
3223 5495 3398 5553 scutis
3423 5491 3667 5563 magnis,

2079 5620 2221 5676 quos
2277 5603 2502 5673 thyrcos
2533 5609 2754 5655 vocant.
2786 5597 3040 5652 Areubus
3099 5594 3245 5650 enim
3279 5589 3480 5663 ligneis
3505 5595 3669 5643 utun-

1894 5739 2124 5798 ΝΟΤίΕ.

609 5823 1147 5906 ’βπιξιενουμὲψις-
1171 5828 1546 5906 Serihehalur,
1580 5833 1970 5906 ἐπιξιοῦμενοι.

453 5892 566 5964 (7i)
605 5892 973 5964 Athtéxlutut‘.
1011 5899 1224 5970 Scribe,
1259 5902 1326 5956 δι’
1363 5892 1644 5974 ἀμέλειαν.

2163 5834 2274 5912 (3:1)
2319 5831 2885 5912 Ϊίῗγζξνρίςιςἔδειέὲδῆ
2908 5829 2965 5882 ἐν
2985 5825 3174 5912 Wir-
3275 5896 3326 5912 ρ.

2157 5907 2268 5976 (75)
2322 5901 2538 5973 ‘ls'yﬁtbr
2568 5904 2721 5959 τόδε.
2749 5902 2960 5969 Scribe,
2995 5901 3233 5971 ἐχρῶντο
3272 5901 3349 5953 δέ.
