4090 6438
471 431 579 496 9'71

1744 430 2021 491 LEONIS
2046 430 2508 492 PHILOSOPIII

3648 420 3765 490 9'12

480 562 590 612 tur,
624 557 679 603 et
709 546 939 617 sagittas
975 544 1179 600 habent
1212 557 1423 599 veneno
1454 544 1719 611 imbutas,
1758 545 1905 614 quod
1942 545 2056 599 elli—

2168 560 2371 613 χρηντο
2434 544 2493 597 δέ
2545 544 2641 598 καὶ
2691 542 2868 611 τόξοις
2901 542 3155 608 ξυλίνοις,
3190 542 3282 596 καὶ
3315 542 3576 610 σαγίττας
3612 540 3765 615 εἶχον

473 654 573 692 ea:
618 636 912 691 admodum
940 642 1065 703 est;
1100 634 1208 688 nisi
1235 634 1406 700 enim,
1440 635 1532 703 qui
1570 634 1787 704 plagam
1820 636 2055 703 accepit,

470 731 555 784 vel
592 728 894 783 theriacam
955 728 1129 791 bibat,
1180 728 1265 782 vel
1321 727 1544 796 aliquod
1607 728 1755 781 aliud
1813 729 2057 784 salutare

472 818 808 887 praesidium,
843 822 926 872 vel
951 818 1135 873 statim
1190 819 1406 888 plagam
1447 834 1665 876 omnem
1699 819 1959 889 praecidat
1991 836 2058 876 ne

472 912 638 963 latius
699 915 932 978 serpat,
1023 910 1345 963 universum
1416 924 1641 965 necesse
1717 918 1803 965 est
1854 926 2056 981 corpus

472 1015 680 1071 pereat.
710 1000 789 1055 Ad
823 1002 939 1057 loca
972 1009 1245 1071 praerupta
1305 1008 1360 1055 et
1395 1016 1628 1057 accessu
1662 1002 1901 1057 difﬁcilia
1933 1018 2057 1057 con-

474 1093 664 1164 fugere
690 1102 744 1147 ct
772 1093 845 1148 ibi
879 1093 1208 1148 commorari
1240 1093 1502 1163 gaudent.

540 1190 663 1245 108.
697 1191 1169 1257 Quemadmodum
1225 1191 1279 1245 in
1329 1191 1453 1247 illos
1504 1191 1735 1247 Romani
1778 1194 2053 1248 incursio-

472 1297 572 1336 nes
630 1282 975 1351 impetusque
1021 1281 1317 1348 faciebant,
1368 1291 1494 1337 ante
1539 1297 1569 1335 a
1620 1283 1778 1338 nobis
1812 1284 2054 1354 explica-

472 1379 589 1425 tum
618 1383 721 1435 est,
747 1372 837 1425 ubi
879 1372 945 1426 de
982 1387 1080 1426 nec
1112 1373 1350 1447 opinatis
1385 1373 1795 1429 incursionibus
1823 1373 2055 1442 egimus,

475 1473 535 1516 ut
558 1470 616 1517 tu
646 1462 966 1533 imperator,
1017 1464 1270 1532 quamvis
1309 1480 1417 1517 non
1477 1465 1529 1519 in
1593 1466 1714 1519 illos
1760 1482 1926 1530 nunc,
1960 1467 2056 1522 sed

474 1555 529 1608 in
559 1554 766 1611 similes
797 1563 977 1609 tamen
1016 1555 1257 1620 illorum,
1290 1565 1383 1609 aut
1422 1559 1475 1610 in
1501 1558 1639 1612 alios
1679 1557 1945 1613 barbaros
1978 1559 2059 1611 in-

474 1647 787 1701 cursionem
845 1646 1050 1703 faciens
1090 1647 1384 1719 [siquidem
1444 1650 1495 1703 id
1543 1651 1675 1705 utile
1720 1652 1819 1705 tibi
1846 1650 2056 1705 videbi-

476 1738 586 1810 tur]
622 1738 825 1794 habeas
874 1738 940 1793 ad
973 1755 1189 1793 omnem
1246 1757 1405 1794 usum
1461 1743 1514 1795 in
1568 1752 1843 1812 promptu,
1896 1744 2055 1814 quasi

471 1830 852 1895 exercitatum,
888 1830 1032 1900 quod
1067 1830 1209 1885 facto
1240 1848 1381 1902 opus
1420 1835 1549 1889 erit.

550 2010 674 2067 109.
717 2010 987 2079 Quoniam
1022 2014 1089 2069 dc
1125 2015 1471 2072 diversarum
1515 2022 1756 2089 gentium
1804 2023 2053 2079 moribus

472 2111 637 2169 atque
666 2101 937 2157 institutis
969 2103 1135 2157 verba
1166 2104 1423 2171 fecimus,
1458 2108 1603 2163 haud
1652 2110 1751 2165 abs
1797 2125 1853 2164 re
1887 2111 2055 2166 fuerit

471 2191 540 2245 de
569 2190 883 2258 Saracenis,
935 2194 1030 2261 qui
1079 2197 1475 2264 rempublicam
1530 2208 1774 2255 nostram
1832 2210 2052 2271 pertur-

469 2282 623 2345 bant,
657 2296 805 2336 nunc
838 2282 1045 2352 aliquid
1072 2299 1529 2355 commemorare,
1557 2305 1662 2358 qua
1688 2299 1883 2346 natura
1917 2295 2050 2357 sint,

472 2375 673 2443 quibus
706 2376 878 2432 armis
928 2378 981 2431 in
1018 2378 1159 2435 bello
1195 2389 1439 2449 utantur,
1482 2384 1683 2452 quibus
1740 2387 1918 2442 modis
1955 2403 2053 2442 no-

471 2468 572 2521 stri
607 2469 895 2522 adversum
924 2484 1022 2523 eos
1049 2470 1298 2524 armandi
1330 2480 1480 2536 sunt,
1508 2482 1561 2527 et
1586 2475 2050 2544 quemadmodum

473 2560 710 2629 impetus
764 2560 816 2614 in
852 2560 976 2616 illos
1018 2562 1271 2617 faciendi.

546 2752 668 2806 HO.
704 2751 961 2807 Saraceni
988 2753 1195 2808 Arabes
1226 2764 1355 2809 sunt
1390 2771 1609 2825 genere,
1649 2761 1715 2813 ad
1742 2760 2050 2831 ingressum

474 2844 653 2899 felicis
685 2845 901 2897 Arabiae
955 2845 1085 2898 olim
1130 2845 1461 2901 habitantes.
1496 2847 1649 2903 Nune
1699 2868 1828 2907 vero
1880 2871 2052 2922 genus

446 2952 660 2991 eorum
712 2936 766 2990 in
833 2937 1042 3005 Syriam
1092 2946 1145 2992 et
1191 2937 1536 2994 Palaestinam
1594 2942 1901 3013 dispersum
1946 2954 2048 3010 est,

473 3026 710 3093 primum
765 3027 1146 3081 commorandi
1179 3042 1371 3091 causa,
1418 3029 1614 3086 deinde
1647 3034 1738 3085 ubi
1779 3037 2055 3104 supersti-r

473 3116 640 3169 tionis
672 3131 784 3169 sua:
809 3123 1001 3169 auctor
1025 3115 1302 3171 Mahumet
1349 3118 1546 3183 fuerat,
1579 3122 1771 3175 borum
1802 3124 2047 3179 locorum

2166 634 2534 703 κεχρισμένας
2560 634 2858 704 φαρμάκῳ,
2887 634 3024 701 ὅπερ
3052 633 3200 686 ἐστὶν
3252 635 3628 703 ἐνεργητικὸν,
3662 636 3760 688 ἐάν

2167 725 2242 796 μὴ
2267 728 2295 778 ό
2317 726 2495 778 λαϐὼν
2524 727 2622 796 τὴν
2657 726 2870 797 πληγὴν
2899 728 2930 796 ἢ
2956 726 3230 796 θηριακὴν
3255 730 3381 797 ποιῇ
3421 726 3560 791 (74),
3596 728 3628 797 ἢ
3666 730 3762 780 καὶ

2163 817 2353 888 ἕτερον
2408 818 2660 889 βοήθημα
2692 819 3132 889 ἀντιφάρμακον,
3164 819 3196 888 ἢ
3231 819 3324 871 καὶ
3371 818 3615 891 παρευθὺ
3665 838 3763 874 πε-

2165 909 2366 980 ρικόψῃ
2402 910 2502 981 τὴν
2530 910 2764 982 πληγὴν,
2802 911 2939 981 πρὸς
2959 910 3017 962 τὸ
3053 909 3127 980 μὴ
3167 910 3500 980 διαδραμεῖν.
3536 912 3770 976 Πάντως-

2162 998 2271 1067 γάρ
2296 999 2360 1052 ἂν
2384 1002 2479 1053 καὶ
2511 1000 2571 1053 τὸ
2597 1001 2717 1054 ὅλον
2758 1000 2916 1071 σῶμα
2960 999 3286 1062 ἀπόλλυται,
3323 1001 3417 1052 καὶ
3451 999 3642 1053 δάσεσι
3702 1001 3761 1055 δὲ

2164 1093 2257 1145 καὶ
2284 1093 2571 1158 δυσϐάτοις
2597 1096 2767 1148 οἰκεῖν
2802 1096 2893 1148 καὶ
2928 1096 3270 1163 καταφαγεῖν
3318 1095 3434 1164 (Ἱὸ)
3484 1095 3759 1164 φιλοῦσιν.

2236 1185 2344 1257 ρηὀ
2383 1187 2574 1249 Ὅπως
2602 1187 2658 1239 δὲ
2694 1188 2835 1239 κατὰ
2859 1188 3037 1241 αὐτῶν
3068 1187 3356 1242 ἐποιοῦντο
3409 1188 3511 1252 τὰς
3546 1190 3763 1263 ἐπιδρο-

2165 1277 2273 1348 μὰς
2315 1280 2407 1332 καὶ
2463 1279 2685 1349 ἐφόδους
2726 1279 2988 1349 Ῥωμαῖοι
3044 1282 3191 1346 τότε,
3252 1282 3607 1353 διηγησάμην
3658 1282 3765 1348 ἐμ..

2162 1367 2397 1439 προσθεν
2427 1369 2483 1420 ἐν
2509 1370 2573 1439 τῇ
2603 1369 2731 1438 περὶ
2760 1368 3045 1440 ἀδοκήτων
3083 1368 3288 1437 ἐφόδων
3336 1367 3609 1431 διατάξει,
3672 1369 3762 1421 ἴνα

2162 1460 2257 1513 καὶ
2286 1459 2468 1523 αὐτὸς,
2504 1453 2548 1512 ὦ
2588 1460 2884 1530 στρατηγέ,
2922 1462 2970 1512 εί
3005 1460 3098 1513 καὶ
3137 1460 3212 1531 μὴ
3241 1460 3382 1513 κατὰ
3416 1460 3599 1513 αὐτῶν
3636 1460 3773 1528 νῦνκ.

2163 1553 2277 1605 ἀλλ’
2305 1554 2337 1624 ἢ
2370 1552 2512 1606 κατὰ
2536 1552 2648 1606 τῶν
2701 1554 2903 1622 ὁμοίων
2934 1553 3135 1619 αὐτῶν,
3161 1553 3194 1624 ἢ
3229 1552 3370 1606 κατά
3400 1554 3603 1624 ἐτέρων
3630 1556 3763 1624 βαρ-

2163 1643 2346 1714 ϐάρων
2399 1644 2724 1714 ποιούμενος
2779 1644 3079 1713 ἀδοκήτους
3132 1645 3357 1712 ἐφόδους
3386 1685 3399 1708 ,
3475 1645 3591 1712 εἴγε
3651 1645 3763 1716 ἄρα

2163 1737 2433 1807 χρήσιμόν
2468 1756 2519 1789 τι
2577 1738 2638 1789 ἐκ
2688 1737 2787 1805 τῆς
2834 1736 3225 1798 διατυπώσεως
3269 1736 3486 1806 ἐκείνης
3527 1736 3754 1807 εὑρεθῇ,

2161 1828 2294 1899 ἔχῃς
2318 1830 2412 1880 καὶ
2440 1827 2598 1880 τοῦτο
2628 1828 2685 1894 ἐξ
2719 1827 2936 1897 ἑτοίμου
2988 1826 3124 1897 πρὸς
3155 1826 3255 1897 τὴν
3310 1827 3536 1881 δέουσαν
3569 1828 3771 1897 χρείαν

2160 1920 2235 1982 ὡς
2272 1917 2857 1988 προγεγυμνασμένον.

2238 2008 2339 2079 ρθν.
2387 2007 2604 2078 Ἐπειδὴ
2653 2008 2709 2060 δὲ
2759 2008 3036 2079 διαφόρων
3107 2006 3342 2061 ἐθνικῶν
3396 2009 3773 2079 παρατάξεων.

2171 2120 2231 2156 τε
2266 2102 2361 2155 καὶ
2394 2100 2687 2154 διαθέσεων
2727 2099 3233 2170 ἐμνημονεύσαμεν,
3268 2100 3401 2171 φέρε
3438 2101 3627 2154 λοιπόν
3663 2106 3761 2156 καὶ

2158 2194 2253 2249 τοῦ
2294 2194 2391 2249 νῦν
2445 2193 2788 2263 ἐκθοχλοῦντος
2827 2196 2892 2263 τῇ
2935 2194 3225 2262 Ῥωμαῖκῇ
3282 2193 3444 2263 ἡμῶν
3511 2192 3765 2265 πολιτείᾳ

2160 2287 2346 2350 ἐθνους
2378 2285 2488 2341 τῶν
2519 2284 2853 2355 Σαρακηνῶν
2879 2284 3306 2354 ἐπιμνησθῶμεν
3336 2285 3476 2338 κατὰ
3500 2285 3755 2355 δύναμιν,

2158 2378 2303 2437 ὅπως
2352 2392 2408 2429 τε
2439 2374 2621 2445 ἔχουσι
2646 2373 2882 2442 φύσεως,
2916 2373 3009 2425 καί
3034 2373 3184 2435 ὅπως
3214 2373 3328 2434 τοῖς
3366 2389 3426 2425 τε
3474 2372 3659 2437 ὅπλοις
3698 2375 3756 2425 ἐν

2157 2469 2276 2525 ταῖς
2293 2465 2670 2535 ἐκστρατείαις
2699 2464 2937 2535 χρῶνται
2966 2464 3060 2518 καὶ
3091 2464 3201 2526 τοῖς
3230 2464 3763 2535 ἐπιτηδεύμασι,καὶ

2157 2559 2233 2618 ὡς
2254 2556 2319 2609 ἂν
2342 2558 2426 2625 εἴη
2455 2556 2573 2608 δέον
2606 2555 2726 2608 κατ’
2746 2556 2926 2607 αὐτῶν
2957 2554 3373 2619 ἀνθοπλίζεσθαί
3399 2573 3458 2609 τε
3486 2557 3578 2610 καὶ
3605 2558 3754 2609 άντι-

2160 2646 2573 2715 στρατεύεσθαι,
2591 2646 2684 2699 καὶ
2695 2645 2791 2708 τὰς
2806 2647 2869 2698 ἐκ
2884 2646 3088 2699 τούτων
3104 2647 3326 2718 ἐγχειρή
3336 2664 3448 2710 σεις
3464 2648 3762 2712 ποιεῖσθαιλ

2232 2738 2318 2810 ρι’.
2352 2741 2660 2811 Σαρακηνοὶ
2726 2738 2947 2810 μὲνοῦν
2998 2739 3231 2809 ’Ἄραϐές
3294 2742 3397 2793 εἰσι
3450 2741 3511 2793 τὸ
3566 2742 3747 2809 γένος,

2165 2833 2316 2903 παρὰ
2370 2834 2467 2903 τὴν
2519 2834 2723 2886 εἴσοδον
2767 2833 2867 2902 τῆς
2910 2833 3243 2903 Εὐδαίμονος
3311 2834 3570 2903 Ἀραϐίας
3624 2834 3754 2887 ποτὲ

2158 2924 2433 2994 κείμενον·
2468 2925 2547 2995 τῷ
2593 2926 2770 2996 χρόνῳ
2830 2926 2885 2979 δὲ
2949 2927 3041 2979 καὶ
3094 2926 3231 2996 πρὸς
3263 2925 3361 2994 τὴν
3401 2926 3602 2996 Συρίαν
3654 2926 3761 2985 καὶ

2161 3018 2523 3087 Παλαιστίνην
2546 3018 2876 3089 διασπαρὲν,
2939 3017 3131 3089 πρῶτα
3163 3018 3261 3087 μὲν
3310 3014 3422 3070 οἷον
3466 3018 3754 3087 μετοικίας

2166 3112 2366 3180 χάριν,
2423 3111 2647 3183 ὕστερον
2688 3114 2745 3165 δὲ
2794 3114 2882 3165 ὅτε
2936 3112 3033 3180 τῆς
3093 3110 3274 3163 αὐτῶν
3328 3111 3763 3180 δεισιδαιμονίας

473 3206 762 3271 ditionem,
814 3214 869 3260 et
931 3206 1365 3277 Mesopotamiae,
1421 3218 1584 3281 atque
1637 3212 1857 3285 {Egypti
1922 3219 2051 3269 reli—

2160 3203 2375 3269 ὲγένετο
2428 3203 2671 3273 ἀρχηγὸς
2710 3203 3031 3272 Μουχάμετ,
3068 3202 3163 3256 καὶ
3206 3202 3391 3265 ὅπλοις
3426 3202 3754 3274 κρατοῦντες

472 3313 859 3367 quorumque,
926 3312 990 3351 ac
1042 3299 1397 3354 finitimorum
1465 3303 1711 3358 locorum
1762 3307 2049 3375 imperium

474 3390 643 3444 armis
691 3391 1057 3459 occupabant,
1092 3392 1143 3445 id
1183 3394 1329 3462 quod
1366 3392 1739 3453 Romanorum
1770 3414 1891 3453 cum
1923 3400 2053 3455 Per-

473 3482 550 3537 sis
581 3481 649 3536 de
681 3482 892 3551 imperii
942 3484 1113 3553 gloria
1156 3485 1461 3552 dimicatio,
1507 3489 1724 3545 illorum
1758 3493 2052 3561 capiendu-

474 3590 593 3627 rum
624 3575 969 3629 occasionem
1006 3576 1195 3632 dabat.

545 3663 670 3717 Hi.
700 3662 841 3734 Erga
876 3665 1043 3720 Deum
1079 3668 1230 3737 impii
1268 3678 1397 3724 sunt
1427 3689 1437 3723 :
1464 3672 1860 3745 blasphemiam
1894 3694 2049 3732 Suam

471 3772 572 3825 pro
627 3756 832 3826 pietate
894 3759 1122 3813 ducunt.
1166 3760 1446 3817 Christum
1521 3780 1709 3820 verum
1766 3767 1933 3823 Deum
1999 3778 2052 3825 et

474 3848 664 3903 mundi
719 3859 1057 3905 servatorem
1104 3852 1275 3907 Deum
1334 3871 1532 3912 vocare
1588 3876 1695 3915 non
1754 3864 2051 3918 sustinent.

470 3939 662 3997 Omnis
710 3943 837 3996 mali
878 3944 1142 4001 facinoris
1188 3947 1355 4000 Deum
1414 3964 1538 4005 esse
1584 3960 1861 4008 auctorem
1900 3955 2050 4010 arbi-

472 4039 707 4095 trantur,
742 4045 795 4088 et
823 4034 966 4090 bello
997 4036 1256 4092 delectari
1305 4041 1495 4096 dicunt
1534 4042 1724 4111 Deum,
1767 4047 1856 4116 qui
1881 4048 2047 4103 dissi-

471 4126 564 4185 pat
602 4128 813 4188 gentes,
859 4140 981 4191 quae
1021 4125 1159 4180 bella
1192 4128 1417 4183 volunt:
1457 4146 1587 4185 suas
1616 4131 1860 4201 ipsorum
1906 4135 2050 4205 leges

472 4212 818 4268 sanctissime
861 4219 1229 4273 custodiunt:
1280 4237 1501 4277 carnem
1558 4240 1711 4279 suam
1769 4228 2051 4297 pinguefa-

472 4302 644 4365 eiunt,
697 4314 748 4359 et
810 4308 1053 4364 animum
1110 4313 1496 4370 dehonestaut.
1554 4318 1833 4375 Adversus
1886 4321 2052 4391 igitur

475 4395 613 4449 hanc
655 4395 873 4451 illorum
919 4401 1251 4471 impietatem
1294 4407 1494 4477 pietate
1534 4426 1597 4464 ac
1654 4412 1919 4481 religione
1952 4430 2050 4468 no—

472 4494 591 4547 stra
615 4502 945 4557 pugnemus,
988 4501 1042 4547 et
1074 4494 1289 4551 divinas
1317 4498 1697 4572 humanasque
1729 4505 1874 4575 leges
1918 4522 2051 4561 san-

2153 3294 2262 3346 τῶν
2300 3312 2356 3347 τε
2402 3295 2708 3364 εἰρημένων
2740 3293 3040 3364 ἐπαρχιῶν,
3093 3295 3184 3347 καὶ
3239 3293 3303 3364 δὴ
3341 3296 3438 3347 καὶ
3496 3295 3721 3347 Μεσοπο

2152 3390 2358 3454 ταμίας
2400 3389 2494 3439 καὶ
2542 3386 2817 3455 Αἰγύπτου
2849 3385 3081 3439 καὶτῶν
3128 3386 3305 3440 ἄλλων
3336 3388 3556 3459 χωρῶν,
3605 3387 3761 3457 ἆπερν

2157 3474 2390 3539 αὐτοῖςό
2427 3479 2620 3549 καιρὸς
2650 3478 2750 3548 τῆς
2799 3479 3113 3549 Ῥωμαῖκῆς
3149 3478 3257 3533 ἀπὸ
3295 3480 3523 3551 Περσῶν
3559 3480 3755 3552 χώραν,

2154 3571 2321 3623 ἔδωκε
2382 3574 2697 3641 κατασχεῖν.

2228 3663 2353 3734 ρια’.
2400 3665 2459 3716 ΕΞ
2496 3664 2553 3716 δὲ
2598 3665 2854 3733 καὶπερὶ
2907 3666 3005 3734 μὲν
3034 3664 3094 3716 τὸ
3133 3664 3288 3716 Θεῖον
3346 3664 3599 3719 δοκοῦσιν
3653 3665 3749 3718 εύ-

2155 3757 2353 3821 σεϐεῖν,
2411 3756 2765 3827 βλασφημίαν
2797 3758 2853 3810 δέ
2902 3757 3002 3828 τὴν
3049 3758 3231 3810 αὐτῶν
3266 3758 3531 3813 δοκοῦσαν
3585 3760 3747 3813 εὑσέη

2153 3847 2304 3900 ϐειαν
2328 3847 2677 3900 άποδεικνοῦν
2707 3866 2765 3901 τε
2807 3845 2887 3909 οἷς
2939 3849 3051 3918 (7,6)
3087 3850 3321 3920 Χριστὸν
3354 3852 3454 3919 μὲν
3481 3850 3572 3903 τὸν
3611 3851 3748 3921 άλη-

2155 3939 2300 3991 θινὸν
2332 3938 2465 3991 Θεὸν
2512 3941 2606 3991 καὶ
2640 3939 2735 3992 τοῦ
2765 3939 2969 4008 κόσμου
2999 3941 3223 4011 σωτῆρα
3248 3942 3432 3995 καλεῖν
3463 3940 3596 3995 Θεὸν
3644 3942 3751 3996 οὐκ

2153 4030 2456 4100 ἀνέχονται,
2500 4032 2700 4093 παντὸς
2753 4032 2810 4084 δὲ
2882 4032 2976 4084 καὶ
3016 4033 3188 4085 κακοῦ
3243 4034 3405 4103 ἔργου
3464 4034 3556 4087 τὸν
3611 4034 3746 4087 Θεὸν

2155 4121 2292 4177 εἶναι
2350 4125 2520 4178 αῐτιον
2593 4124 2966 4192 ὑποτίθενται,
3046 4126 3140 4179 καὶ
3200 4127 3460 4196 πολέμοις
3530 4127 3757 4197 χαίρειν¹

2154 4217 2369 4286 λέγουσι
2419 4217 2508 4269 τὶν
2534 4216 2666 4271 Θεὸν
2697 4217 2790 4271 τὸν
2841 4218 3299 4290 διασκορπίζοντα
3336 4220 3469 4290 ἔθνη
3518 4220 3585 4273 τά
3617 4220 3746 4284 τοὺς

2153 4310 2424 4379 πολέμους
2490 4310 2731 4364 θέλοντα.
2794 4312 2905 4365 Καὶ
2954 4312 3084 4374 τοὺς
3145 4312 3381 4377 οἰκείους
3434 4314 3491 4366 δὲ
3545 4312 3753 4383 νόμους-

2154 4402 2545 4469 ἁπαραὸάτους
2592 4402 2940 4471 φυλάττουσι,
2999 4405 3099 4475 τὴν
3145 4405 3325 4476 σάρκα
3396 4405 3741 4469 λιπαίνοντες

2158 4493 2254 4545 καὶ
2281 4493 2384 4561 τὴν
2418 4493 2595 4565 ψυχὴν
2643 4496 3020 4563 ἀτιμάζοντες.
3047 4500 3125 4568 Τῇ
3156 4497 3247 4551 οὖν
3284 4498 3506 4572 τοιαύτῃ
3547 4499 3747 4551 δυσσε-

471 4578 717 4636 ctissime
766 4584 1184 4653 custodiamus,
1233 4596 1398 4659 atque
1456 4592 1598 4660 illos,
1636 4596 1678 4651 si
1730 4612 2049 4667 possumus,

2159 4582 2278 4646 θεία
2297 4582 2385 4636 διὰ
2406 4584 2503 4654 τῆς
2520 4584 2675 4654 ἡμῶν
2704 4585 2984 4650 εὐσεϐείας
3000 4605 3060 4640 τε
3083 4587 3176 4641 καὶ
3199 4586 3480 4658 ὀρθοδόξου
3506 4590 3753 4653 πίστεως

469 4686 869 4744 expugnemus.

546 4932 665 4986 ΗΞ.
700 4934 935 4991 Catuelis
992 4939 1317 4994 sarciam-iis
1375 4949 1608 4996 utuntur
1641 4960 1736 5013 pro
1765 4949 2045 5013 curribus,

2154 4675 2599 4745 άντιμαχόμενοι,
2650 4676 2903 4740 καὶτοὺς
2959 4680 3271 4742 πολιτικοὺς
3304 4681 3486 4752 πολλῷ
3531 4681 3751 4752 μᾶλλον.

2155 4765 2545 4835 ἁπαραϐάτους
2628 4766 3084 4837 διαφυλάττοντες
3153 4772 3296 4825 κατὰ
3353 4773 3536 4826 αὐτῶν
3587 4776 3741 4828 ἀντι.-

2154 4855 2597 4926 στρατευώμεοα.

2224 4948 2348 5018 μιβῆ
2385 4950 2427 5001 Χ
2440 4948 2638 5019 ρῶνται
2658 4950 2715 5004 δὲ
2761 4953 3027 5023 καμήλοις
3063 4956 3181 5018 ταῖς
3203 4954 3527 5026 ἀχθοφόροις
3558 4956 3751 5013 αὐτῶν.

470 5021 824 5091 etjumentis,
853 5029 1025 5085 asinis
1051 5038 1105 5085 et
1131 5033 1295 5086 mulis
1330 5050 1340 5085 :
1373 5045 1423 5089 et
1446 5037 1713 5106 cymbalis
1745 5038 1799 5093 in
1820 5040 2049 5097 aciebus

471 5123 719 5177 utuntur.
741 5117 942 5186 quibus
972 5137 1145 5191 equos
1178 5140 1308 5179 suos
1331 5128 1707 5183 assuefaciunt
1736 5147 1747 5180 :
1783 5139 1836 5184 et
1867 5132 2053 5201 hujus-

472 5206 619 5260 modi
657 5208 812 5262 sonis
865 5224 928 5262 ac
972 5213 1292 5282 strepitibus
1335 5216 1573 5273 hostium
1610 5236 1835 5276 suorum
1879 5239 2050 5292 equos

471 5296 793 5360 perturbant
852 5306 907 5353 et
938 5299 991 5353 in
1028 5300 1208 5368 fugam
1243 5306 1569 5371 conjiciunt.
1596 5308 1698 5363 Sed
1738 5318 1791 5366 et
1818 5314 2051 5368 camelo-

468 5403 588 5441 rum
624 5405 845 5461 quoque
887 5402 1145 5461 aspectus
1179 5412 1352 5465 equos
1389 5402 1785 5472 perterrefacit,
1817 5415 1871 5460 et
1909 5407 2049 5462 ulte-

467 5481 584 5534 tius
612 5482 869 5553 progredi
898 5476 1006 5539 non
1039 5485 1263 5553 patitur.
1858 5482 1877 5492 ⁷

2151 5039 2272 5092 ἀντὶ
2295 5040 2522 5109 ἁμαξῶν
2555 5043 2647 5095 καὶ
2666 5043 2997 5112 ὑποζυγίων,
3029 5045 3171 5110 ὄνοις
3198 5049 3295 5101 καὶ
3324 5050 3571 5118 ἡμιόνοις
3595 5067 3609 5081 ’
3640 5052 3738 5104 καὶ

2150 5130 2447 5200 κυμϐάλοις
2478 5132 2534 5187 δὲ
2562 5135 2654 5189 καὶ
2675 5138 2981 5206 τυμπάνοις
3020 5139 3078 5190 ἐν
3114 5142 3232 5203 ταῖς
3251 5142 3644 5212 παρατάξεσιν,
3678 5144 3735 5194 ἐν

2150 5218 2232 5285 οἷς
2256 5225 2380 5287 τοὺς
2406 5227 2639 5289 οἰκείους
2684 5228 2889 5292 ἵππους
2939 5229 3201 5295 ἐθίζουσι,
3254 5232 3344 5285 διὰ
3388 5234 3445 5286 δὲ
3477 5234 3735 5288 τοιούτων

2151 5314 2373 5367 κτύπων
2403 5318 2496 5369 καὶ
2526 5318 2673 5387 ἤχων
2702 5320 2829 5383 τοὺς
2860 5321 3060 5385 ἵππους
3088 5322 3201 5376 τῶν
3227 5325 3734 5396 ἀντιπολεμούντων

2149 5407 2331 5470 αὐτοῖς
2358 5408 2720 5478 ταράσσοντες
2740 5412 3031 5480 τρέπουσιν
3080 5417 3163 5479 εἰς
3199 5417 3398 5486 φυγήν.
3436 5417 3597 5470 Ἀλλὰ
3640 5416 3735 5470 καὶ

2148 5498 2254 5551 τῶν
2310 5502 2573 5571 καμήλων
2629 5504 2663 5572 ὴ
2722 5504 2819 5558 θέα
2874 5506 3076 5574 ὁμοίως
3126 5510 3251 5569 τοὺς
3306 5508 3599 5575 ἀσυνήθεις
3642 5510 3733 5562 i1:-

2148 5610 2281 5658 πους
2304 5597 2527 5663 ἐκφοϐεῖ
2548 5600 2638 5653 καὶ
2660 5601 2935 5671 ταράττει,
2961 5603 3055 5657 καὶ
3084 5604 3271 5674 πρόσω
3289 5604 3493 5674 βαίνειν
3517 5607 3617 5660 ούκ
3643 5608 3727 5677 ἐᾷ.

1962 5682 2195 5739 ΝΟΪΛΕ,

544 5756 657 5823 (Η)
694 5760 860 5827 Ποιῆ.
896 5760 1103 5826 Scribe,
1140 5766 1257 5835 πίῃ.

546 5825 654 5861 (ἺΚι
686 5829 1055 5861 Rura-anno?"
1109 5836 1295 5861 cumis...
1352 5852 1542 5861 ..η-η...
1571 5844 1681 5861 -.-εν

2184 5850 2192 5861 ς
2230 5780 2339 5851 (76)
2373 5784 2801 5843 Ἀποδεικνοῦν
2826 5807 2885 5844 τε
2913 5785 3022 5858 οἷς.
3047 5790 3255 5860 Scribe,
3288 5792 3724 5859 ἀποδείκνυνται,

546 5827 654 5893 (75)
681 5829 1073 5899 Kamyareir.
1109 5827 1315 5900 Scribe,
1352 5844 1703 5909 καταφυγεῖν.
2148 5850 2217 5904 εἰ.
