4090 6434
406 369 510 434 973

409 571 723 640 ὑποζυγίων
790 571 1104 636 ἀποσκευὰς
1173 573 1270 627 καὶ
1315 575 1393 638 είς
1447 573 1692 645 πλήθους
1740 572 2003 637 πολλάκις

411 667 716 736 φαντασίαν
755 665 995 739 χρῶνται
1022 705 1036 731 ,
1093 667 1258 736 μέσον
1301 667 1400 738 μὲν
1455 666 1548 721 τοῦ
1605 665 2006 738 στρατιωτικοῦ

412 760 654 832 πλήθους
690 762 862 824 αὑτὰς
923 759 1315 824 καθιστῶντες,
1367 759 1550 814 πυκνά
1607 759 1665 813 δέ
1721 757 2012 830 φλάμουλα

411 853 620 908 ἄνωθεν
668 852 851 906 αὐτῶν
895 851 1228 921 ἐφιστῶντες
1252 890 1268 918 ,
1308 855 1383 917 ὡς
1434 852 1614 907 δοκεῖν
1663 851 2010 921 στρατιωτῶν

412 941 554 998 εἶναι
588 943 794 1012 πλῆθος
819 943 911 997 τὸν
945 944 1170 997 ἐκείνων
1194 945 1372 1015 ὄχλον.

486 1031 605 1102 per.
635 1034 840 1104 Θερμοὶ
877 1034 936 1088 δέ
964 1035 1072 1088 eis:
1104 1034 1202 1101 τὴν
1247 1035 1447 1106 κρᾶσιν
1507 1034 1734 1106 τοιούτῳ
1773 1033 2001 1103 κλίματι

413 1125 604 1198 θερμῷ
644 1124 1390 1197 κατοικοῦντες.Χρῶνταιδὲ
1418 1126 1514 1180 καὶ⁸
1537 1128 1735 1198 πεζικῇ
1782 1124 2015 1198 στρατιᾷ

414 1219 657 1288 Αἰθίοψι,
678 1216 834 1288 φασὶ,
865 1220 1093 1288 γυμνοῖς
1126 1217 1634 1290 ὃπλωνὲμπροσθεν
1663 1219 1772 1272 τῶν
1803 1215 2014 1271 καϐαλ-

415 1311 623 1382 λαρίων
688 1311 1193 1383 παραταττομένοις
1258 1311 1423 1364 οἱονεὶ
1453 1311 1652 1382 ψιλοῖς.
1706 1311 1848 1376 Τόξα
1903 1313 2014 1384 γὰρ

417 1405 678 1474 φέροντες
739 1403 835 1456 καὶ
899 1402 1179 1474 χρώμενοι·
1235 1402 1556 1474 δυσάντητοι
1612 1400 1830 1456 δοκοῦσι
1894 1406 2010 1469 τοῖς

417 1493 833 1564 ἐπερχομένοις.

493 1583 612 1654 ριε’.
674 1585 812 1646 Τοὺς
869 1585 930 1638 δὲ
981 1584 1181 1650 πεζοὺς
1217 1584 1400 1638 αὐτῶν
1435 1584 1758 1656 φέρουσινῆ
1801 1586 1888 1655 ἐφ’
1922 1585 2014 1638 ἴπ-

421 1692 538 1728 πων
575 1673 723 1728 ίδίων
770 1673 1120 1744 ὀχουμένους,
1149 1673 1181 1744 ἢ
1234 1672 1458 1726 ὄπισθεν
1491 1673 1600 1726 τῶν
1633 1673 2019 1742 καϐαλλαρίων

421 1765 785 1838 καθημένους,
817 1766 906 1819 ὅτε
949 1764 1181 1836 πλησίον
1230 1768 1327 1836 τῆς
1360 1764 1540 1819 αὐτῶν
1579 1764 1762 1836 χώρας
1795 1766 1942 1819 ἐστὶν
1981 1767 2016 1835 ή

418 1859 748 1931 ἐκστρατεία
777 1858 976 1913 αὐτῶν.
1015 1858 1270 1928 Χρῶνται
1305 1858 1361 1912 δέ
1396 1858 1584 1921 ὅπλοις
1612 1858 1705 1912 καὶ
1734 1858 1783 1910 οί
1815 1857 2022 1912 καϐαλ-
2055 1850 2094 1904 Β

417 1951 598 2021 λάριοι
625 1948 804 2017 τόξοις
841 1949 934 2002 καὶ
971 1947 1257 2013 σπαθίοις,
1314 1949 1629 2018 κονταρίοις
1664 1949 1759 2002 καὶ¹
1795 1965 2021 2002 σκουτα-

422 2047 560 2116 ρίοις
617 2043 711 2098 καὶ
766 2041 1040 2095 πελέκεσι·
1084 2041 1178 2094 καὶ
1231 2039 1536 2094 πανοπλίαν
1588 2039 1698 2109 γὰρ
1732 2039 2013 2110 φοροῦσιν·

418 2133 550 2200 οἷον,
586 2133 818 2207 λωρίκια
854 2133 950 2188 καὶ
991 2131 1264 2196 κλιϐἀνια,
1303 2134 1398 2185 καὶ
1437 2132 1722 2196 κασσὲδας,
1767 2132 1864 2185 καὶ
1923 2149 2020 2185 που

418 2227 668 2298 δόψελλα,
702 2226 796 2281 καὶ
832 2223 1176 2297 χειρόψελλα,
1213 2224 1308 2277 καὶ
1349 2223 1405 2276 εἴ
1420 2242 1471 2277 τι
1502 2224 1689 2294 ἕτερον
1729 2223 1876 2278 κατὰ
1928 2224 2019 2277 τὸν

429 2319 744 2390 Ῥωμαϊκὸν
799 2318 1020 2390 τρόπον.
1078 2315 1189 2379 Τὰς
1239 2315 1296 2370 δέ
1330 2315 1506 2380 ζώνας
1538 2315 1718 2368 αὐτῶν
1757 2317 1852 2370 καὶ
1887 2317 2018 2379 τοὺς

420 2414 670 2482 χαλινοὺς
725 2411 820 2465 καὶ
864 2410 932 2464 τὰ
965 2407 1171 2463 σπαθία
1206 2407 1433 2478 ἀργύρῳ
1465 2408 1813 2461 ποικίλλουσι
1867 2407 2016 2477 φιλο·

421 2522 474 2558 τι
480 2503 623 2576 μὼτε
630 2520 742 2576 ρον.

499 2593 630 2665 ρις’.
687 2591 826 2646 Οὔτε
862 2592 1264 2657 δὲ’διώκοντες,
1322 2589 1445 2644 οὔτε
1478 2590 1802 2660 διωκόμενοι
1831 2588 2024 2665 λύουσι

422 2662 522 2757 της.
553 2686 705 2753 τάξιν
746 2684 967 2738 αὐτῶνθ
1017 2684 1150 2737 εἰδὲ
1185 2682 1368 2753 συμϐῇ
1429 2681 1602 2749 αὐτὴν
1649 2681 1902 2749 λυθῆναι,
1952 2662 2024 2732 δι’

426 2777 634 2833 ἑαυτῶν
661 2777 954 2832 ἀσύστατοι
988 2775 1084 2828 καὶ
1127 2773 1517 2844 ἀνεπίστροφοι
1562 2772 1838 2825 νινὸιιενοι
1872 2769 2022 2840 μόνω

426 2871 503 2942 τῷ
530 2870 767 2940 σωθῆναι
791 2868 1127 2922 ἐλαύνουσιν.

503 2965 624 3036 ριζ’.
686 2963 920 3034 Θρασεϊς
988 2961 1084 3030 μὲν
1131 2959 1241 3029 γάρ
1295 2959 1400 3010 εἱσι
1462 2956 1620 3026 νικᾷν
1686 2951 2022 3016 ἐλπίζοντες,

425 3055 590 3108 δειλοὶ
631 3053 688 3107 δὲ
731 3052 855 3106 λίαν
910 3049 1235 3111 ἀπειπόντες
1277 3047 1378 3116 τῆς
1402 3046 1580 3116 νίκηςο
1625 3044 1700 3108 ὡς
1741 3043 1848 3098 ἀπὸ
1877 3041 2016 3095 Θεοῦ

429 3146 625 3216 γὰρτὸ
679 3145 810 3209 πᾶν,
857 3145 905 3196 εί
951 3143 1045 3196 καλ⁸
1076 3140 1246 3196 κακὸν
1286 3139 1397 3208 εἴη,
1459 3139 1712 3208 λέγοντες
1761 3133 1923 3202 εἶναι,
1974 3136 2022 3188 εί

431 3237 615 3308 συμϐῇ
678 3236 874 3298 αὐτοὺς
927 3234 1167 3288 ἐναντίον
1221 3250 1271 3286 τι
1313 3231 1540 3294 παθεῖν,
1592 3230 1666 3293 ὼς
1729 3231 1838 3284 ἀπὸ
1880 3225 2018 3280 Θεοῦ
2049 3225 2076 3256 ι

428 3329 747 3401 ὁριζομένου
812 3329 913 3381 οὐκ
962 3326 1416 3390 ἀντιπίπτουσιν,
1453 3323 1588 3378 ἀλλά
1642 3325 1708 3392 τῇ
1748 3319 2024 3393 προσϐολῇ

434 3422 728 3492 σφαλέντες
765 3419 973 3491 χαλῶσι
1019 3418 1112 3472 τὸν
1131 3417 1304 3471 τόνον.
1363 3415 1626 3486 Ὑπνηλοὶ
1662 3414 1721 3467 δέ
1751 3416 1894 3476 είσι,
1930 3415 2026 3465 καὶ

432 3515 520 3568 διὰ
549 3513 706 3568 τοῦτο
733 3511 836 3574 τάς
882 3509 1252 3580 νυκτομαχίας
1309 3507 1633 3578 φοϐούμενοι
1662 3547 1677 3571 ,
1721 3506 1815 3559 καὶ
1855 3505 1925 3557 τὰ
1968 3506 2024 3557 ὲν

437 3607 630 3670 αύταῖς
691 3603 1122 3676 ἐπιτηδεύματα,
1181 3603 1420 3670 μάλιστα
1468 3601 1596 3654 ὅταν
1655 3601 1714 3652 ἐν
1766 3597 2025 3668 ἀλλοτρία

433 3697 640 3752 εαυτῶν
675 3700 745 3768 γῇ
795 3695 1208 3767 κατατρέκωσι*
1245 3693 1434 3764 διόπερ
1473 3691 1506 3763 ἢ
1537 3693 1618 3756 είς
1661 3692 1894 3762 ὀχυροὺς
1937 3689 2028 3742 τό-

437 3809 574 3854 πους
614 3788 982 3861 ἀναχωροῦσι,
1017 3788 1180 3842 κάκεῖ
1219 3789 1318 3857 τῆς
1351 3785 1545 3849 νυκτὸς
1587 3784 1869 3838 ποιοῦνται
1919 3784 2019 3852 τὴν

436 3876 704 3948 φυλακὴν,
732 3878 768 3948 ἢ
798 3876 1260 3948 περιφράττουσιν
1286 3873 1544 3944 ἀσφαλῶς
1571 3874 1632 3927 τὸ
1655 3873 2026 3946 στρατόπεδον

437 3972 637 4037 αὐτῶν,
660 3970 799 4025 ὥστε
827 3971 902 4041 μὴ
923 3968 1373 4024 ἐπιϐουλεύεσθαι
1397 3970 1516 4032 ταῖς
1547 3971 1894 4040 νυκτεριναῖς
1917 3967 2028 4023 τῶν

439 4065 696 4118 ἐναντίων
732 4063 1082 4135 προσϐολαῖς.

515 4154 642 4228 ριη⁹.
679 4155 1034 4228 Τετράγωνον
1085 4155 1142 4209 δέ
1195 4154 1290 4210 καὶ
1320 4154 1570 4224 ἐπιμήκη
1607 4151 1886 4206 ποιοῦνται
1923 4153 2026 4225 τὴν

439 4250 647 4303 οἰκείαν
703 4249 1032 4318 παράταξιν,
1063 4247 1497 4320 ἀσφαλεστέραν,
1547 4246 1641 4300 καὶ
1696 4245 1904 4317 ῥᾳδίως
1934 4245 2028 4298 λυ-

440 4344 594 4411 θῆναι
628 4343 702 4412 μὴ
730 4341 1034 4413 δυναμένην
1058 4344 1114 4395 ἐν
1138 4344 1254 4405 ταῖς
1276 4340 1385 4394 τῶν
1407 4340 2042 4410 ἀντιπαραταττομένωνι

442 4433 786 4503 προσϐολαῖς.

1442 369 1782 432 ΤΑΟΤΙΟᾹ.
1812 393 1885 406 -
1926 370 2437 431 CONSTITUTIO
2466 371 2686 431 XVIII.

482 485 611 552 ριγ’.
640 477 750 542 Τὰς
784 474 842 531 δὲ
879 479 1133 544 τοιαύτας
1185 479 1294 534 τῶν
1347 498 1406 535 τε
1458 481 1724 551 καμήλων
1756 480 1852 534 καὶ
1882 480 1991 534 τῶν
2024 489 2069 545 Α

3603 375 3710 438 974

2171 483 2293 537 115.
2374 481 2723 538 Camelorum
2808 479 3303 553 jumentorumque
3392 483 3706 555 hujusmodi

2114 574 2515 646 apparitionem
2561 587 2723 643 sirpe,
2782 580 2842 627 ut
2889 574 3079 629 multa:
3124 583 3179 630 et
3234 579 3487 646 Ingentes
3534 578 3708 648 copia:

2119 667 2434 731 videantur,
2485 667 2538 722 in
2573 667 2752 722 medio
2791 667 3040 722 exercitu
3087 668 3382 732 collocant,
3419 679 3475 724 et
3515 670 3708 726 crebra

2116 756 2334 812 damula
2373 757 2483 814 illis
2538 759 2859 829 imponunt,
2895 770 2978 831 gul
3015 760 3236 815 illoru’m
3284 761 3447 817 turba
3509 777 3706 834 magna

2120 849 2416 906 multitudo
2455 850 2738 906 hominum
2772 867 2896 908 esse
2927 852 3199 908 videatur.

2189 1028 2308 1084 IN.
2346 1029 2558 1084 Callida
2592 1031 2841 1101 corporis
2872 1031 3275 1087 constitutione
3309 1043 3459 1097 sunt,
3500 1034 3552 1088 in
3593 1042 3704 1088 tam

2117 1119 2312 1174 callida
2363 1120 2555 1175 mundi
2610 1123 2772 1191 plaga
2833 1123 3121 1194 degentes.
3182 1122 3476 1180 Pedestres
3519 1125 3710 1194 copias

2121 1215 2314 1268 dicunt
2343 1229 2402 1271 se
2446 1213 2800 1286 Ethiopibus
2862 1217 3181 1284 sagittariis,
3230 1217 3324 1286 qui
3378 1217 3547 1272 armis
3584 1232 3710 1287 gra—

2119 1309 2280 1364 vibus
2313 1308 2617 1371 nudantur,
2656 1308 2941 1372 roborare,
2971 1317 3024 1363 et
3049 1318 3176 1363 ante
3196 1309 3412 1377 equites
3440 1310 3596 1377 quasi
3628 1310 3710 1364 Ie-

2120 1416 2216 1455 ves
2247 1401 2544 1455 collocare.
2591 1398 2716 1455 Istis
2773 1400 2881 1464 usi,
2911 1401 3172 1454 videntur
3200 1400 3452 1455 hostibus
3488 1401 3711 1456 inexsu-

2121 1492 2396 1563 perabiles
2428 1508 2576 1548 esse.

2193 1585 2318 1640 115.
2356 1583 2580 1642 Pedites
2630 1587 2717 1641 sui
2774 1586 2935 1657 equis
2980 1585 3274 1646 vehuntur,
3326 1594 3450 1654 post
3495 1584 3713 1654 equites

2122 1679 2317 1734 sedent
2351 1695 2420 1734 ex
2454 1695 2627 1749 equo,
2665 1679 2892 1748 quando
2925 1694 3093 1749 prope
3131 1678 3404 1746 regionem
3432 1691 3586 1730 suam
3617 1691 3710 1729 ex-

2124 1771 2329 1842 peditio
2360 1779 2467 1826 est.
2524 1771 2766 1826 Utuntur
2814 1771 2984 1825 armis
3025 1770 3188 1824 etiam
3232 1767 3710 1837 equitesillorum,

2123 1861 2362 1931 sagittis,
2411 1869 2465 1915 et
2504 1861 2752 1931 spathis,
2803 1860 3000 1924 hastis,
3051 1859 3248 1926 scutis,
3291 1867 3350 1914 et
3398 1857 3712 1913 securibus.

2124 1953 2478 2008 Armaturam
2541 1961 2766 2023 gestant
2816 1953 3025 2024 galeas,
3088 1953 3365 2015 thoraces,
3440 1948 3711 2011 cassides.

2122 2062 2316 2102 ocreas
2355 2060 2558 2109 teneas,
2595 2045 2925 2109 brachialia,
2968 2052 3022 2100 et
3059 2044 3102 2100 si
3130 2042 3380 2113 quaealia
3417 2040 3483 2095 ad
3510 2039 3715 2094 Roma-

2123 2152 2321 2192 norum
2377 2136 2610 2192 formam
2655 2151 2807 2191 arma
2837 2144 2985 2191 sunt.
3045 2135 3266 2200 Zonas,
3323 2142 3376 2187 et
3426 2131 3608 2196 frena,
3657 2137 3715 2186 et

2124 2229 2334 2300 gladios
2365 2269 2380 2293 ,
2431 2228 2756 2300 reliquaque
2811 2225 3124 2297 huiusmodi
3171 2232 3400 2296 argento
3443 2230 3716 2279 exornant

2083 2325 2094 2342 "
2125 2321 2506 2376 ambitiosius-

2201 2601 2321 2655 ll6.
2346 2599 2534 2669 Neque
2557 2614 2681 2654 cum
2703 2604 3109 2669 persequuntur
3121 2596 3278 2660 alios,
3299 2611 3472 2668 neque
3499 2611 3622 2651 cum
3645 2597 3714 2651 ab

2126 2695 2250 2749 aliis
2278 2693 2649 2763 exagitantur,
2686 2690 2859 2747 aciem
2884 2690 3230 2756 dissolvunt;
3265 2705 3387 2759 qua:
3429 2689 3475 2744 si
3515 2688 3720 2746 dissolo

2125 2794 2286 2837 vatur
2318 2781 2635 2852 aliquando,
2663 2781 2891 2835 minime
2921 2779 2987 2834 ad
3022 2779 3251 2836 formam
3286 2795 3440 2834 suam
3467 2780 3717 2834 revocari

2126 2874 2282 2929 facile
2308 2882 2562 2943 possunt,
2589 2873 2685 2928 sed
2707 2873 2882 2927 solum
2909 2871 2977 2927 de
3005 2871 3183 2927 salute
3208 2871 3485 2926 laborant.

2197 2967 2318 3020 l'l7.
2365 2965 2616 3020 Audaces
2652 2973 2804 3028 sunt,
2866 2965 2911 3018 si
2967 2964 3252 3018 victoriam
3309 2972 3528 3032 sperent
3571 2980 3584 3017 :
3630 2964 3715 3017 siu

2124 3060 2416 3130 desperent
2473 3059 2541 3114 de
2605 3059 2858 3119 rictmia,
2913 3055 3089 3110 timidi
3128 3055 3284 3119 valde
3330 3065 3480 3111 sunt.
3521 3055 3717 3111 Omnia

2129 3151 2297 3212 enim.
2332 3151 2494 3205 etiam
2544 3163 2887 3218 qu:ecnnque
2919 3145 3061 3201 mala
3108 3152 3260 3208 sunt,
3297 3160 3329 3200 a
3365 3144 3473 3200 Deo
3508 3161 3711 3217 prove-

2132 3244 2249 3297 nire
2286 3249 2566 3296 asserunt.
2609 3239 2765 3306 Quod
2821 3241 2865 3294 si
2909 3255 3016 3308 qua
3066 3239 3300 3294 adversa
3344 3238 3565 3294 fortuna
3625 3255 3720 3295 ve-

2134 3345 2356 3398 xentur,
2395 3335 2552 3403 quasi
2599 3349 2628 3386 τι
2675 3332 2785 3389 Deo
2825 3332 3074 3386 immissa
3107 3347 3216 3385 non
3261 3338 3594 3402 repugnant,
3621 3332 3718 3386 sed

2127 3426 2554 3482 conﬂictationis
2577 3425 2936 3480 offensionem
2961 3423 3319 3493 accipientes,
3339 3437 3557 3478 omnem
3586 3437 3720 3479 eon-

2127 3521 2428 3576 tentionem
2484 3519 2664 3591 prmlii
2709 3517 3019 3574 remittunt.
3078 3516 3425 3572 Somnolenti
3473 3523 3624 3580 sunt,
3656 3531 3722 3571 ac

2128 3622 2418 3686 propterea
2467 3623 2738 3670 nocturna
2795 3613 3008 3681 τρι-ωηο
3063 3609 3501 3682 pertimescunt,
3556 3609 3722 3679 idque

2129 3705 2474 3775 potissimum
2500 3704 2726 3775 quando
2761 3703 2994 3758 alienam
3029 3711 3234 3756 terram
3267 3701 3581 3756 incursant.
3612 3702 3720 3754 Ita-.

2130 3813 2238 3867 que
2303 3797 2388 3851 vel
2452 3797 2517 3851 ad
2565 3797 2771 3851 munita
2835 3797 2954 3850 loca
3006 3793 3320 3858 discedunt,
3361 3792 3549 3861 ibique
3607 3799 3721 3846 tota

2129 3896 2292 3940 nocte
2333 3885 2644 3939 custodiam
2699 3884 2932 3948 habent,
2969 3883 3050 3936 vel
3087 3889 3268 3936 castra
3319 3897 3418 3935 sua
3448 3887 3559 3934 tam
3585 3879 3718 3952 (lilii-

2129 3983 2320 4046 genter
2352 3975 2630 4039 muniunt,
2660 3983 2717 4027 ut
2749 3956 3038 4027 nocturnis
3089 3972 3332 4025 hostium
3390 3969 3721 4039 irruptioni-

2135 4068 2238 4122 bus
2271 4083 2376 4121 non
2413 4066 2825 4136 perturbentur.

2207 4158 2327 4213 118.
2400 4157 2736 4224 Quadratam
2790 4163 2844 4210 et
2899 4155 3194 4225 oblongum
3257 4155 3432 4209 aciem
3507 4168 3725 4223 semper

2133 4251 2436 4316 instruunt,
2468 4264 2592 4320 qua:
2637 4248 2914 4303 tutissima
2946 4259 3030 4303 est
3087 4255 3140 4302 et
3190 4247 3256 4302 ad
3295 4245 3726 4318 oppugnandum

2131 4340 2528 4397 difficillimam
2562 4340 2805 4394 hostium
2840 4339 3272 4411 irruptionibus.

516 4525 637 4597 ριθ’.
672 4525 859 4596 Ταύτῃ
885 4524 942 4577 δὲ
968 4523 1207 4594 χρῶνται
1243 4523 1338 4577 καὶ
1373 4523 1430 4575 ἐν
1472 4525 1591 4587 ταῖς
1624 4522 1900 4594 πορείαις,
1934 4521 2026 4575 καὶ

2195 4525 2316 4580 119.
2359 4522 2473 4578 Ilac
2502 4522 2677 4578 ferma
2711 4532 2944 4577 utuntur
2971 4532 3086 4578 tum
3120 4524 3174 4578 in
3207 4525 3406 4578 itinere
3449 4523 3722 4587 faciendo,

442 4617 500 4668 ἐν
541 4619 662 4677 ταῖς
711 4617 1002 4669 συστάσεσι
1029 4616 1128 4685 τῆς
1156 4615 1388 4686 μάχηςο
1417 4615 1493 4678 ὡς
1545 4617 1640 4668 ἐπὶ
1689 4616 1748 4669 τὸ
1795 4615 1928 4668 πολὺ
1973 4613 2030 4666 δὲ

457 4708 761 4778 Ῥωμαίους
782 4707 1095 4778 μιμοῦνται,
1131 4707 1381 4761 καὶκατὰ
1408 4709 1475 4760 τὰ
1494 4706 1630 4761 ἄλλα
1653 4709 1753 4778 σχή
1763 4706 2032 4777 ματαξτῶν

444 4801 807 4868 παρατάξεων
839 4803 905 4870 τῇ
943 4798 1109 4870 πείρα
1130 4799 1238 4853 τῶν
1265 4798 1581 4870 προσϐολῶν
1635 4793 1749 4851 οἷον
1799 4799 2030 4866 ἐγγεγυ-

451 4891 751 4960 μνασμένοι
775 4930 788 4953 ,
834 4891 928 4944 καὶ
957 4888 1018 4954 ἐξ
1039 4884 1115 4943 ὧν
1146 4889 1348 4944 ἔπαθον
1379 4890 1530 4960 παρὰ
1571 4888 1858 4960 Ῥωμαίων
1901 4888 2033 4958 δρᾷν

448 4981 568 5033 κατ’
602 4981 782 5032 αὐτῶν
813 4979 1247 5050 ἐπιτηδεύοντες.

523 5071 625 5140 ρκ’.
693 5072 780 5124 Ἑν
826 5072 883 5125 δέ
939 5075 1057 5133 ταῖς
1111 5071 1486 5141 παρατάξεσιν
1516 5070 1694 5125 αὐτῶν
1734 5070 2034 5140 εὐμήχανοι

452 5164 546 5216 καὶ
570 5163 839 5233 σταθεροὶ,
871 5162 1004 5232 μηδέ
1036 5162 1125 5215 διὰ
1161 5162 1326 5231 τάχος
1360 5162 1667 5232 προσϐολῆς
1715 5161 2036 5231 πτοούμενοι

451 5254 576 5318 τοὺς
605 5255 1026 5325 ἐπερχομένους,
1061 5254 1200 5324 μήτε
1243 5252 1331 5304 διὰ
1364 5252 1739 5322 προσποιητὴν
1769 5251 2037 5322 ἀναϐολὴν

451 5345 794 5416 ἐκλυόμενοι.

525 5443 665 5506 ρκα⁹.
700 5435 1070 5507 Προσμένουσι
1097 5436 1154 5488 δὲ
1196 5440 1260 5507 τῇ
1295 5436 1598 5505 παρατάξει
1635 5436 1892 5506 φέροντες
1945 5436 2040 5488 καὶ

451 5527 550 5590 τὰς
576 5526 736 5596 βολάς
785 5527 1158 5598 μακροθύμως
1195 5527 1333 5598 πρὸς
1376 5528 1502 5590 τοὺς
1565 5526 1812 5598 θρασέως
1854 5528 2039 5590 αὐτοῖς

456 5621 877 5690 ἐπερχομένους,
909 5638 1002 5674 και
1050 5621 1185 5674 ὃταν
1217 5620 1306 5673 τὸν
1336 5620 1488 5674 τόνον
1531 5621 1844 5690 χαλάσαντα
1889 5619 2038 5673 ἴδωσι

456 5711 562 5759 τῶν
593 5710 1015 5780 ἀντιπολεμίων,
1063 5712 1179 5766 τότε
1217 5711 1601 5776 διαναστάντες
1653 5712 1886 5773 εὐτόνως
1933 5710 2038 5781 μά-

457 5819 660 5868 ’ζῦντπῑν

2137 4623 2251 4668 tum
2279 4613 2333 4667 in
2373 4613 2628 4667 manibus
2674 4612 3069 4674 conserendis,
3101 4621 3157 4666 et
3209 4626 3406 4681 magna
3459 4626 3522 4664 ex
3571 4623 3725 4681 parte

2133 4703 2415 4759 Romanos
2440 4704 2751 4768 imitantur,
2793 4713 2906 4757 tum
2939 4704 2992 4757 in
3017 4703 3248 4756 aliarum
3281 4715 3464 4758 rerum
3499 4702 3726 4757 bellica-

2133 4813 2257 4852 rum
2295 4795 2486 4852 formis
2520 4813 2534 4850 :
2570 4809 2624 4850 et
2665 4796 3004 4866 experientia
3048 4794 3371 4864 prwliorum
3414 4795 3736 4862 exercitati,

2137 4890 2331 4945 iisdem
2376 4890 2558 4946 modis
2594 4905 2703 4944 nos
2745 4889 3029 4953 invadunt,
3058 4887 3263 4956 quibus
3297 4901 3324 4940 a
3360 4887 3522 4943 nobis
3564 4897 3724 4944 antea

2138 4979 2595 5052 profligabantur.

2211 5075 2338 5131 120.
2389 5074 2447 5129 In
2507 5073 2734 5128 aciebus
2793 5075 2913 5126 suis
2969 5071 3108 5124 firmi
3167 5071 3507 5142 stabilesqne
3562 5071 3726 5126 facile

2137 5169 2473 5226 consistunt.
2507 5179 2681 5234 neque
2727 5179 2850 5218 cum
2888 5164 3172 5218 celeritate
3216 5165 3402 5219 hostes
3433 5165 3723 5230 invadunt,

2141 5275 2319 5330 neque
2363 5257 2522 5312 facile
2573 5256 2640 5310 ad
2697 5255 3082 5326 deponendum
3126 5257 3380 5326 prcelium
3423 5256 3538 5326 jam
3575 5257 3726 5313 ince-

2143 5361 2292 5422 ptum
2322 5349 2738 5420 pertrahuntur.

2214 5442 2336 5496 121.
2387 5440 2715 5496 Consistunt
2765 5441 2820 5495 in
2873 5440 3012 5505 acie,
3044 5450 3097 5495 et
3122 5439 3408 5511 perferunt
3456 5439 3721 5510 impetum

2142 5535 2386 5597 illorum,
2413 5533 2506 5603 qui
2562 5533 2617 5587 in
2663 5533 2788 5589 illos
2841 5533 3042 5589 acriter
3073 5532 3360 5598 invadunt,
3397 5531 3723 5588 moderate:

2146 5627 2239 5683 ubi
2279 5642 2408 5682 vero
2461 5625 2881 5698 relanguescere
2925 5625 3188 5697 impetum
3231 5624 3472 5681 hostium
3517 5622 3724 5690 vident,

2146 5727 2262 5774 tum
2317 5717 2539 5774 excitati
2573 5717 2930 5795 vehementer
2977 5731 3041 5772 ac
3094 5723 3319 5774 strenue
3369 5713 3720 5784 prmliautur.
