4090 6444
364 388 473 455 975

434 497 560 551 129..
596 495 709 552 [loc
737 512 844 552 non
876 496 1037 550 modo
1062 495 1116 549 in
1141 493 1379 565 pedestri
1411 493 1630 564 prmlio,
1661 494 1754 548 sed
1789 494 1950 548 etiam
1983 504 2030 561 Α

364 589 423 643 in
480 590 655 643 navali
696 588 903 643 faciunt
944 602 957 637 :
1005 596 1058 640 ct
1092 594 1383 655 postquam
1440 583 1690 639 feriendo
1740 592 1792 638 et
1849 584 1954 637 tela

366 679 712 747 conjiciendo
738 679 925 731 hostes
964 676 1217 731 exsatiati
1254 686 1404 733 sunt.
1435 676 1612 730 scutis
1656 676 1821 731 simul
1855 675 1952 727 ad-

367 771 614 824 densatis
663 785 725 823 ea
758 770 940 823 Omnia
986 784 1110 823 cum
1155 769 1451 829 sustinent,
1500 768 1684 822 statim
1719 768 1954 823 conferti

368 877 425 915 se
474 861 757 930 colligunt,
794 870 846 915 et
893 876 1088 916 manus
1116 877 1411 917 conserere
1464 862 1745 931 incipiunt
1781 881 1794 915 :
1829 876 1955 915 cum

371 953 573 1017 quibus
610 953 908 1022 prudenter
956 968 1176 1024 semper
1222 968 1286 1007 ac
1340 954 1745 1025 circumspecte
1789 953 1957 1008 dimi-

368 1046 611 1100 candum
638 1055 745 1101 est.

432 1159 558 1213 19.5.
589 1158 860 1214 Cautionc
914 1168 968 1214 ct
1033 1161 1431 1217 constitutione
1477 1162 1714 1231 quadam
1773 1176 1957 1215 rerum

369 1250 691 1304 bellicarum
728 1253 885 1321 longe
945 1253 1170 1307 meliore
1239 1268 1304 1307 ac
1374 1254 1693 1322 probatiorc
1744 1254 1961 1307 caneris

371 1343 694 1397 nationibus
748 1353 1025 1411 utuntur,
1080 1347 1545 1415 quemadmodum
1597 1363 1624 1399 a
1687 1347 1961 1416 praefectis

372 1434 583 1488 nostris
632 1435 699 1488 ad
740 1435 863 1490 illos
903 1451 1048 1505 Sic-pe
1098 1435 1494 1492 accedentibus
1534 1439 1965 1508 universumque

376 1542 557 1579 rerum
604 1536 807 1582 statum
851 1530 1246 1599 indagantihus
1322 1532 1724 1603 cognovimus,
1781 1541 1833 1584 et
1897 1548 1962 1586 ex

375 1616 609 1670 aliorum
640 1619 1050 1675 narrationibus
1092 1621 1158 1675 ad
1201 1637 1301 1677 nos
1335 1622 1528 1676 delatis
1556 1624 1886 1687 audivimus,
1911 1631 1965 1677 et

332 1736 338 1779 ξ
373 1725 400 1757 a
436 1717 629 1763 nostro
666 1709 1012 1780 pientissimo
1045 1722 1220 1781 patre,
1265 1714 1359 1783 qui
1401 1730 1644 1785 persa‘pe
1669 1715 1963 1768 adversum

314 1803 340 1833 «λ
373 1798 504 1853 illos
540 1797 790 1865 bellavit,
834 1803 1170 1872 accepimus.

449 1910 573 1964 124.
606 1908 800 1980 Frigus
836 1913 987 1972 illos.
1026 1921 1079 1967 et
1112 1914 1310 1981 hiems,
1350 1927 1401 1971 ct
1439 1918 1602 1988 largae
1645 1918 1842 1988 pluvia:
1873 1934 1965 1972 vc-

372 1997 513 2058 'xant
550 2021 564 2059 :
600 2004 784 2075 itaque
826 2006 894 2060 iis
922 2008 1267 2077 temporibus
1317 2010 1500 2079 potius
1550 2028 1714 2081 quam
1751 2012 1966 2067 serenis

379 2096 663 2153 adoriendi
715 2108 865 2162 sum,
897 2101 1025 2169 quia
1085 2116 1249 2158 arcus
1302 2102 1522 2157 illorum
1574 2113 1799 2175 propter
1831 2106 1963 2160 αα)ιί

378 2189 761 2246 humiditatem
815 2191 1056 2262 languidi
1101 2203 1251 2260 sunt,
1301 2205 1354 2251 et
1403 2198 1730 2253 universum
1764 2213 1971 2269 corpus

378 2282 537 2350 quasi
563 2281 803 2337 cll'oelum
851 2284 1198 2341 debilitatur.
1251 2287 1532 2358 Ejusmodi
1579 2291 1726 2348 cnim
1760 2299 1972 2361 tempo-

379 2374 536 2429 ribus
565 2388 596 2428 a
618 2373 886 2431 Romanis
936 2379 1078 2449 rapti
1122 2380 1541 2438 incursionibus
1578 2391 1629 2437 et
1659 2384 1975 2454 populatio-

380 2466 567 2533 nibus,
595 2476 760 2538 atque
790 2469 1059 2526 interfecti
1086 2481 1240 2528 sunt.

454 2720 580 2777 125.
612 2719 836 2778 Serenis
868 2723 1032 2794 igitur
1066 2726 1539 2801 calidioribusque
1597 2732 1725 2788 anni
1764 2744 1977 2806 tempo-

382 2811 540 2869 ribus
566 2813 827 2869 Oblectati
871 2816 924 2869 in
957 2834 1124 2873 unum
1159 2823 1519 2889 conveniunt,
1555 2840 1619 2877 ac
1645 2836 1836 2883 testate
1876 2845 1977 2898 po-

382 2902 765 2970 tissimum,et
793 2907 844 2961 in
875 2906 1052 2964 Tarso
1075 2911 1281 2967 Cilicia?
1308 2913 1531 2969 civitate
1555 2930 1677 2970 cum
1705 2918 1978 2990 indigenis

381 3010 572 3063 pacem
606 2996 817 3053 faciunt
871 3020 884 3055 :
935 3002 1166 3071 reliquis
1214 3006 1557 3074 temporibus
1596 3025 1660 3062 ex
1695 3009 1888 3077 Tarso,
1925 3021 1978 3068 et

382 3087 616 3152 Adanis,
651 3100 705 3142 et
735 3091 857 3145 aliis
886 3094 1098 3152 Ciliciae
1136 3096 1458 3153 civitatibus
1487 3098 1539 3154 in
1580 3098 1860 3159 Romanos
1895 3105 1978 3158 in-

384 3179 675 3234 cursiones
707 3180 939 3238 faciunt.

457 3368 582 3423 126.
623 3369 763 3425 Tum
798 3374 964 3443 igitur
989 3376 1274 3433 adoricndi
1307 3390 1438 3434 sunt
1482 3382 1771 3451 hiemeque
1806 3385 1977 3453 potis-

383 3460 607 3527 simum,
638 3465 860 3532 quando
898 3467 963 3521 ad
995 3471 1231 3537 praedam
1258 3483 1480 3528 exeunt.
1508 3474 1622 3528 Hoc
1650 3476 1760 3539 fiet,
1802 3477 1846 3530 si
1880 3493 1977 3530 co—

380 3554 486 3623 piae
522 3562 727 3611 nostra:
760 3560 980 3613 occulto
1017 3563 1203 3631 aliquo
1235 3564 1433 3619 inloco
1462 3582 1629 3638 prope
1656 3568 1795 3621 clam
1841 3585 1980 3638 pcr-

380 3657 666 3714 maneant,
701 3658 756 3702 ct
786 3666 1067 3720 egressum
1099 3655 1163 3707 ad
1195 3657 1584 3724 prmdationcm
1624 3661 1971 3716 animadver-

384 3747 504 3792 tant
533 3753 546 3790 :
576 3740 657 3795 sic
690 3743 834 3796 enim
863 3747 1156 3802 vastabunt
1194 3762 1307 3811 eos,
1336 3751 1419 3805 vel
1445 3752 1606 3805 etiam
1635 3768 1832 3821 magno
1851 3770 1975 3808 cum

380 3846 638 3897 numero,
674 3842 726 3887 et
760 3836 958 3892 bellico
994 3850 1260 3909 apparatu
1297 3842 1579 3909 instructi,
1615 3845 1742 3902 illos
1772 3848 1973 3902 iterum

389 3925 789 3982 convenientes
821 3930 1161 3987 adoriantur.

457 4110 583 4166 127.
616 4114 990 4172 Periculosum
1032 4121 1177 4174 enim
1204 4129 1310 4187 est,
1342 4124 1815 4192 quemadmodum
1850 4136 1978 4181 ante

380 4219 410 4258 ε
446 4219 532 4259 me
556 4218 1044 4264 commemoratum
1078 4223 1184 4278 est,
1216 4214 1437 4282 publico
1490 4214 1542 4269 in
1592 4217 1787 4284 prmlio
1828 4219 1976 4287 peri-

381 4296 585 4362 clitari,
624 4314 940 4367 quanquam
970 4304 1264 4359 admodum
1295 4307 1586 4362 videantur
1626 4309 1815 4366 hostes
1847 4327 1977 4366 suos

381 4389 694 4457 superaturi
726 4407 739 4444 :
773 4389 1003 4447 fortuna:
1029 4396 1174 4449 enim
1212 4398 1392 4453 exitus
1421 4398 1690 4457 incertus.

454 4500 579 4557 128.
607 4502 954 4559 Conveniunt
988 4508 1053 4561 ad
1088 4508 1285 4565 bellum
1324 4527 1429 4566 non
1459 4516 1732 4580 arcessiti,
1768 4527 1861 4571 aut
1890 4518 1978 4571 de-

1642 382 1841 444 LEON
1852 384 1923 442 IS
1952 383 2050 442 ΡΠ
2062 384 2084 443 I
2096 381 2419 443 LOSOPHI

3544 374 3653 440 976
3706 330 3722 344 ”

2132 494 2268 563 ρκβ’.
2307 491 2479 545 Τοῦτο
2518 489 2575 543 δὲ
2626 487 2837 541 ποιοῦσι
2889 484 2951 540 οὐ
2986 483 3147 558 μόνον
3196 486 3255 538 ἐν
3310 482 3649 556 πεζομαχίᾳ,

2061 586 2196 640 ἀλλὰ
2225 586 2317 638 καὶ
2350 585 2408 636 ἐν
2432 585 2557 645 ταῖς
2587 581 2730 634 κατά
2764 580 3041 633 θάλασσαν
3080 580 3283 649 μάχαις
3309 619 3322 643 ,
3370 580 3435 631 ἐκ
3479 578 3663 648 χειρὸς

2061 680 2171 733 ἀπὸ
2203 679 2312 732 τῶν
2343 677 2542 731 πλοίων
2580 676 2902 747 μαχόμενοι,
2940 675 3034 728 καὶ
3063 673 3201 741 μετά
3239 674 3343 743 τὴν
3386 672 3666 746 τῶνοβαλ-

2060 770 2306 843 λομένων
2336 770 2458 824 κατ’
2488 769 2669 822 αὐτῶν
2698 768 3115 837 ἀποπλήρωσιν,
3139 766 3207 819 τὰ
3248 766 3525 819 σύσκουτα
3552 766 3665 835 (77)

2063 862 2346 924 ποιοῦντες
2387 858 2717 931 καρτεροῦσι
2751 858 3058 927 δεχόμενοι,
3101 857 3305 918 εὐθέως
3346 855 3667 909 ἀνίστανται

2061 956 2269 1025 ἁθρόοι,
2302 957 2396 1009 καὶ
2426 957 2489 1007 ἐκ
2518 953 2699 1023 χειρὸς
2733 952 2833 1021 τῆς
2877 952 3057 1021 μάχης
3094 952 3467 1020 ἀπάρχονται,
3528 951 3669 1019 πρ⁴ὸς

2063 1050 2157 1112 οὒς
2207 1048 2533 1118 εὐμηχάνως
2587 1047 2673 1099 δεῖ
2730 1044 3096 1117 προσϐάλλειν
3130 1043 3236 1095 ἀεί.

2138 1162 2281 1232 ρκγ’,
2317 1163 2570 1231 Χρῶνται
2600 1161 2656 1213 δὲ
2698 1160 2953 1230 εὐϐουλία
3004 1158 3097 1212 καὶ
3143 1156 3478 1211 καταστάσει
3531 1154 3670 1225 πρὸς

2070 1257 2167 1320 τὰς
2209 1256 2514 1325 πολεμικὰς
2554 1255 2814 1323 μεθόδους
2842 1252 2951 1305 τῶν
2982 1251 3160 1305 ἄλλων
3200 1250 3459 1303 ἁπάντων
3497 1248 3671 1301 ἐθνῶν

2066 1349 2455 1419 δοκιμώτεροι),
2483 1347 2557 1410 ὡς
2588 1347 2739 1417 παρά
2774 1364 2833 1399 τε
2860 1346 2970 1399 τῶν
3025 1345 3460 1414 ὑποστρατήγων
3511 1340 3673 1411 ἡμῶν

2068 1442 2327 1503 πολλάκις
2392 1440 2573 1501 αὐτοῖς
2622 1438 3040 1509 προσϐαλόντων
3087 1438 3484 1508 ἐρευνήσαντες
3568 1435 3673 1487 ἀν-

2069 1534 2367 1605 εμάθομεν,
2395 1534 2488 1585 καὶ
2502 1532 2565 1601 δὴ
2598 1532 2691 1585 καὶ
2715 1532 2779 1585 ἐκ
2801 1530 2907 1583 τῶν
2938 1529 3337 1599 ἀνενεχθέντων
3354 1525 3665 1597 διηγήσεων

2070 1629 2178 1689 τοῖς
2210 1627 2317 1694 πρὸ
2366 1625 2525 1695 ἡμῶν
2569 1623 2880 1694 βασιλεῦσιν
2923 1622 3262 1689 ἀνέγνωμεν,
3306 1619 3400 1673 καὶ
3435 1618 3671 1688 μάλιστα

2072 1718 2222 1786 παρά
2253 1716 2345 1770 τοῦ
2373 1714 2646 1785 ἡμετέρου
2675 1713 2957 1766 θειοτάτου
3008 1712 3217 1781 πατρὸς
3244 1709 3503 1771 πολλάκις
3550 1707 3673 1761 κατ’

2071 1806 2249 1861 αὐτῶν
2306 1805 2805 1874 ἐκστρατεύσαντος
2854 1804 3194 1875 ἀκηκόαμεν.

2151 1918 2281 1989 ρκδ⁹.
2318 1920 2491 1971 Λυπεῖ
2527 1918 2583 1970 δὲ
2626 1917 2783 1970 τοῦτο
2816 1918 2875 1969 τὸ
2903 1915 3055 1977 ἔθνος
3094 1914 3276 1983 ψύξις,
3315 1914 3410 1967 καὶ
3440 1913 3670 1983 χειμὼν»,

2074 2013 2168 2064 καὶ
2195 2011 2367 2064 ὑετῶν
2401 2011 2678 2080 ἐπιφοραί·
2709 2010 2788 2063 διὸ
2820 2010 2914 2063 καλ⁸
2941 2012 2997 2063 ἐν
3030 2008 3293 2071 τοιούτοις
3320 2010 3539 2077 καιροῖς
3562 2007 3671 2078 χρὴ

2075 2104 2175 2166 τὰς
2232 2103 2354 2157 κατ’
2386 2102 2568 2155 αὐτῶν
2608 2100 2933 2171 συμπλοκάς
2995 2100 3269 2153 ποιεῖσθαι
3304 2098 3504 2169 μᾶλλον
3547 2099 3579 2166 ἢ
3614 2098 3675 2149 ἐν

2075 2196 2295 2258 εὐδίαις.
2334 2195 2445 2248 Καὶ
2478 2194 2586 2265 γὰρ
2614 2194 2709 2247 καὶ
2742 2192 2809 2247 τά
2848 2192 2981 2256 τόξα
3011 2192 3193 2244 αὐτῶν
3225 2191 3427 2260 ἀσθενῆ
3459 2189 3546 2242 διὰ
3572 2188 3675 2259 τὴν

2078 2289 2372 2361 ὑγρότητα,
2402 2290 2497 2343 καὶ
2540 2288 2599 2341 τὸ
2623 2288 2743 2343 ὅλον
2796 2286 2892 2340 τοῦ
2924 2284 3178 2356 σώματος
3232 2284 3415 2338 αὐτῶν
3466 2282 3677 2353 νωθρὸν

2076 2382 2163 2435 διά
2195 2381 2256 2434 τὸ
2289 2380 2461 2452 ψύχος
2506 2379 2887 2450 εὑρεθήσεται.
2949 2376 3219 2439 Πολλάκις
3274 2375 3386 2445 γὰρ
3444 2376 3502 2427 ἐν
3551 2375 3678 2436 ταῖς

2079 2472 2220 2526 κατά
2270 2473 2398 2534 τοὺς
2440 2470 2719 2532 τοιούτους
2762 2467 2990 2539 καιροὺς
3043 2466 3420 2534 καταδρομαῖς
3494 2463 3678 2523 αὐτῶν

2080 2564 2173 2617 καὶ
2200 2563 2478 2637 λῃστείαις
2510 2558 2955 2630 καταληφθέντες
2982 2558 3088 2615 ὑπὸ
3126 2557 3418 2629 Ῥωμαίων
3452 2555 3674 2625 διεφθά-

2083 2672 2280 2729 ρησαν.

2152 2745 2288 2815 ρκε’.
2329 2745 2629 2815 Χαίροντες
2659 2738 2751 2796 οὖν
2798 2744 2917 2807 ταῖς
2949 2741 3153 2805 εὐδίαις
3194 2740 3287 2794 καὶ
3328 2741 3447 2802 ταῖς
3474 2739 3677 2809 θερμο-

2079 2838 2267 2907 τέραις
2300 2837 2473 2906 ὥραις
2504 2836 2626 2889 τότε
2664 2834 3038 2901 συλλέγονται,
3073 2834 3169 2887 καὶ
3200 2833 3435 2903 μάλιστα
3459 2831 3678 2902 θέρους,

2080 2932 2173 2985 καὶ
2227 2930 2367 2984 κατά
2416 2929 2516 3001 τὴν
2571 2928 2784 2998 Ταρσὸν
2816 2928 2916 2997 τῆς
2953 2927 3206 2989 Κιλικίας
3242 2928 3353 2989 τοῖς
3389 2925 3681 2994 ἐγχωρίοις

2080 3024 2362 3092 ἐντύμενοι
2392 3023 2492 3091 τὴν
2518 3020 2876 3092 ἐκστρατείαν
2908 3019 3209 3081 ποιοῦνται,
3239 3018 3365 3082 τούς
3400 3018 3454 3071 δὲ
3485 3017 3678 3080 ἄλλους

2085 3116 2311 3186 καιροὺς
2346 3115 2498 3183 μόνοι
2527 3116 2590 3167 ἐκ
2618 3112 2833 3181 Ταρσοῦ
2860 3112 2956 3164 καὶ
2981 3110 3220 3165 ’Ᾱδανῶν
3247 3109 3345 3162 καὶ
3365 3108 3474 3160 τῶν
3500 3107 3678 3162 ἄλλων

2006 3226 2047 3279 C
2082 3207 2181 3275 τῆς
2217 3206 2469 3262 Κιλικίας
2490 3204 2846 3274 πολισμάτων
2869 3202 2965 3266 τὰς
2984 3203 3126 3255 κατᾶ
3156 3201 3446 3270 Ῥωμαίων
3469 3197 3682 3257 ποιοῦν-

2080 3318 2169 3354 ται
2203 3299 2578 3367 καταδρομάς.

2154 3395 2303 3458 ρκς’.
2347 3390 2389 3440 Χ
2400 3388 2467 3458 ρὴ
2498 3387 2590 3440 οῦν
2627 3387 2807 3448 αὐτοῖς
2860 3388 2985 3440 τότε
3017 3386 3380 3454 προσϐάλλειν
3400 3426 3415 3449 ,
3448 3384 3539 3437 καὶ
3571 3382 3681 3453 μά·

2082 3485 2239 3536 λιστα
2286 3484 2427 3536 κατά
2471 3482 2561 3534 τον
2593 3480 2838 3551 χειμῶνα
2874 3481 2967 3533 ἐπὶ
3001 3479 3236 3550 πραῖδαν
3277 3478 3678 3549 ἐξερχομένοις.

2084 3574 2254 3627 Τοῦτο
2297 3574 2350 3626 δὲ
2378 3574 2692 3642 γενήσεται,
2728 3572 2824 3624 ἐὰν
2856 3570 2925 3623 τὰ
2956 3571 3348 3642 στρατεύματα
3399 3570 3681 3640 παραμεί-

2082 3668 2250 3722 ναντόι
2274 3685 2377 3720 που
2408 3666 2637 3736 πλησίον
2664 3663 3030 3733 ἀσυμφανῶς,
3063 3664 3157 3716 καὶ
3174 3662 3271 3731 τὴν
3294 3660 3474 3725 ἔξοδον
3498 3659 3681 3717 αὐτῶν

2082 3759 2555 3828 ἐπισκοπὴσαντα,
2579 3756 2676 3826 τὴν
2702 3754 2819 3807 κατ’
2841 3754 3020 3807 αὐτῶν
3056 3752 3362 3824 προσϐολὴν
3398 3753 3681 3819 ποιήσων-

2082 3861 2190 3898 ται·
2223 3844 2395 3908 οὐτως
2428 3844 2537 3913 γὰρ
2570 3841 2977 3912 διαφθείρουσιν
3028 3842 3247 3906 αὐτοὺς,
3283 3841 3315 3912 ἢ
3367 3842 3496 3895 ὅταν
3542 3839 3679 3910 ὁμοῦ

2084 3938 2289 4001 πάντες
2339 3936 2669 3991 συνέλθωσιν
2716 3938 2774 3989 ἐν
2821 3933 3169 4005 πολυπληθίᾳ
3212 3935 3305 3987 καὶ
3344 3932 3679 3986 καταστάσει

2083 4030 2324 4099 πολέμου
2358 4030 2763 4099 ἐξηρτισμένοι.

2156 4120 2297 4191 ρκζ’.
2340 4120 2618 4190 Σφαλερὺν
2647 4120 2779 4190 γὰρ,
2811 4120 2887 4182 ὡς
2940 4119 3202 4181 πολλάκις
3256 4120 3388 4189 ἡμῖν
3443 4120 3682 4189 εἴρηται,

2080 4214 2142 4266 τὸ
2169 4214 2303 4284 πρὸς
2328 4213 2586 4282 δημόσιον
2618 4213 2856 4280 πόλεμον
2882 4210 3328 4265 ἀποκινδυνεύειν
3354 4211 3527 4278 τινὰς,
3576 4213 3682 4271 κᾶν

2082 4306 2224 4361 πάνυ
2251 4305 2449 4359 δοκῶσι
2480 4305 2588 4358 τῶν
2615 4305 2817 4377 χειρῶν
2847 4305 2959 4374 (78)
2988 4302 3334 4375 περιττεύειν
3359 4302 3437 4373 τῷ
3458 4304 3679 4374 πλήθειο

2081 4396 2141 4448 τὸ
2173 4394 2281 4465 γὰρ
2307 4395 2405 4465 τῆς
2433 4395 2605 4467 τύχης
2640 4395 2891 4467 ἀόρατον.

2161 4508 2302 4582 ρκη’.
2344 4512 2677 4576 Συνάγονται
2726 4511 2782 4564 δὲ
2831 4510 2953 4580 οὐχὶ
2976 4511 3083 4565 ἀπὸ
3117 4512 3482 4582 καταγραφῆς
3516 4528 3682 4583 στρα-

370 4593 779 4666 .seriptionibns
830 4598 1118 4668 assignati,
1160 4604 1255 4658 sed
1296 4604 1363 4659 ad
1417 4606 1616 4662 bellum
1664 4610 1972 4664 voluntarie

2080 4604 2366 4675 τευόμενοι
2390 4641 2403 4663 .
2438 4602 2554 4655 ἀλλ’
2584 4602 2818 4665 ἕκαστος
2852 4601 3048 4673 γνώμῃ
3082 4603 3310 4673 ἑκουσίᾳ
3357 4604 3683 4673 συντρέχον-

380 4685 665 4742 conﬂuunt
695 4704 888 4746 omnes
926 4710 938 4745 :
970 4691 1193 4759 divites,
1230 4705 1287 4749 ut
1326 4710 1424 4764 pro
1456 4715 1554 4753 sua
1590 4700 1835 4769 ipsorum
1873 4716 1970 4771 pa-

370 4780 484 4853 tria
538 4782 797 4838 conducti
843 4787 1152 4841 moriantur
1206 4805 1221 4843 :
1274 4805 1565 4860 pauperes,
1623 4802 1682 4846 ut
1725 4794 1971 4864 aliquam

380 4872 578 4941 prazdae
607 4886 817 4944 partem
854 4877 1158 4934 lucrentur.
1196 4880 1360 4935 Arma
1395 4883 1505 4937 illis
1535 4883 1807 4952 indigena:
1841 4900 1973 4953 sup-

382 4966 635 5034 peditant
666 4986 679 5034 ;
709 4979 764 5024 et
800 4972 1017 5028 fetninze
1048 4975 1391 5043 potissimum
1422 4978 1635 5045 virique
1671 4978 1774 5031 hoc
1814 4979 1974 5032 modo

342 5130 345 5133 _
385 5062 679 5131 participes
716 5065 790 5119 rei
828 5066 1030 5121 bellica:
1085 5079 1237 5131 sunt,
1283 5070 1465 5139 magni
1508 5069 1669 5123 omcii
1722 5070 1840 5125 loco
1874 5086 1974 5140 po-

387 5163 598 5217 nentes,
632 5170 850 5211 armare
879 5175 973 5214 eos
998 5160 1089 5229 qui
1128 5169 1359 5231 propter
1393 5161 1822 5215 imbecillitatem
1857 5178 1979 5216 cor-

386 5246 540 5315 poris
570 5264 786 5304 armare
816 5266 873 5305 se.
915 5252 1066 5321 ipsos
1098 5267 1207 5307 non
1246 5263 1501 5322 possunt.
1536 5254 1716 5324 Atque
1747 5252 1865 5307 hrec
1913 5254 1981 5307 de

390 5337 703 5407 Saracenis,
736 5343 828 5411 qui
870 5344 1089 5399 barbari
1138 5345 1495 5416 inlidelesque
1541 5355 1691 5409 sunt,
1745 5363 1774 5398 a
1818 5346 1981 5401 nobis

389 5433 537 5487 dicta
569 5445 755 5489 sunto.

2083 4717 2175 4761 τες
2211 4698 2484 4762 πανοικεὶ,
2517 4696 2765 4750 πλούσιοι
2796 4697 2895 4766 μὲν
2920 4739 2935 4763 ,
2969 4696 3109 4750 ὥστε
3143 4696 3283 4767 ὑπὲρ
3323 4696 3453 4750 ίδίου
3493 4697 3682 4761 ἔθνους

2087 4792 2266 4862 μισθῷ
2312 4790 2628 4853 ἀποθανεῖν,
2658 4789 2891 4859 πένητες
2944 4789 3139 4855 δὲ,ἴνα
3186 4806 3238 4842 τι
3289 4789 3387 4859 τῆς
3446 4789 3683 4857 πραίδας

2086 4884 2626 4956 κερδήσωσιν.“Δ).).ά
2657 4885 2751 4936 καὶ
2775 4883 2913 4936 ὅπλα
2947 4884 3131 4947 αὐτοῖς
3164 4883 3507 4951 συμφνλέται
3540 4900 3682 4953 χορ-

2086 4980 2303 5049 ηγοῦσι,
2364 4978 2458 5030 καὶ
2504 4978 2761 5043 γυναῖκες
2814 4976 3051 5045 μάλιστα
3101 4977 3196 5029 καὶ
3228 4977 3458 5047 -άνδρες,
3491 4975 3681 5045 ὥσπερ

2082 5071 2170 5124 διὰ
2196 5071 2388 5123 τούτου
2418 5068 2805 5131 κοινωνοῦντες
2831 5069 3016 5131 αὐτοῖς
3046 5069 3144 5137 τῆς
3176 5068 3561 5139 ἐκστρατείας,
3588 5065 3683 5119 καὶ

2086 5163 2277 5233 μισθὸν
2333 5161 2631 5231 ἡγούμενοι
2680 5160 2742 5213 τὸ
2802 5160 3131 5214 καθοπλίσαι
3187 5160 3566 5230 στρατιώτας,
3630 5160 3683 5210 οἱ

2082 5253 2403 5321 ὁπλισθῆναι
2428 5252 2494 5305 δι’
2525 5251 2812 5305 ἀσθένειαν
2842 5250 3094 5321 σώματος
3116 5253 3189 5321 μὴ
3225 5252 3534 5320 δυνάμενοι.
3568 5251 3679 5303 Καὶ

2083 5347 2254 5400 ταῦτα
2308 5347 2406 5415 μὲν
2451 5344 2781 5415 Σαρακηνοὶ,
2814 5343 2966 5407 ἔθνος
3031 5343 3305 5417 βάρϐαρίν
3332 5343 3444 5415 (Τθὶ
3479 5362 3536 5396 τε
3589 5343 3684 5397 καὶ

2085 5439 2337 5492 ἄπιστον.

1935 5532 2169 5589 ΝΟΤᾸΕ.

472 5618 585 5683 (77)
622 5621 695 5674 Τὰ
731 5623 1068 5678 σύσκουτιι.
1108 5625 1486 5688 Seribchatnr,
1530 5628 1564 5680 ἃ
1595 5628 1859 5682 συσούτα.
1892 5627 1982 5682 Sic

399 5688 538 5765 intra
576 5690 874 5746 Constitut.
927 5713 1011 5749 xix
1042 5738 1054 5759 ,
1093 5697 1118 5765 §
1159 5698 1219 5749 l5
1258 5717 1268 5749 :
1303 5701 1365 5749 υἱ
1425 5699 1655 5751 ἐναντίοι
1711 5700 1983 5752 σύσκουτα

404 5759 731 5835 ’πᾯιῆσαντες
755 5804 767 5824 ,
812 5765 904 5817 καὶ
935 5768 1031 5828 τὰς
1066 5768 1224 5833 βολὰς
1254 5769 1500 5821 ὁπωσοῦν
1530 5770 1834 5837 δεξάμενοι.
1861 5770 1977 5823 Jant

410 5843 711 5880 0937-007»!
747 5842 863 5900 est,
908 5849 1188 5891 scutotuut
1224 5837 1601 5904 cotulcusatio,
1646 5858 1766 5907 qua:
1800 5842 1990 5895 Srufu—

2095 5630 2166 5682 ιίο
2200 5629 2404 5684 dicitur
2430 5632 2718 5686 Ammiano

2165 5701 2274 5765 (78)
2314 5701 2434 5754 Τῶν
2460 5702 2690 5769 χειρῶν.
2729 5700 2941 5759 Scribe,
2978 5698 3088 5751 τῶν
3108 5698 3350 5769 ἐχθρῶν.

2168 5772 2279 5844 (7η)
2313 5768 2644 5843 Ιέιὶμίτὶφωκ
2682 5771 3060 5838 Seribebatur,
3097 5768 3470 5840 βαράρϐαρον.
