4090 6434
390 380 495 449 977

1431 389 1770 454 TACTICA.
1799 419 1869 429 -
1906 394 2414 461 CONSTITUTIO
2438 402 2666 468 XVIII.

3567 405 3690 477 978’

462 493 601 566 ρκθ’.
639 493 944 565 Ῥωμαίους
995 495 1053 550 δὲ
1101 496 1208 570 χρὴ
1255 497 1316 552 οὐ
1370 500 1531 569 μόνον
1562 502 1735 556 ταῦτα
1785 504 1974 571 ἐπιτη-

2154 509 2274 564 129.
2309 512 2588 569 Romanos
2625 531 2732 571 non
2768 515 2945 571 solum
2979 517 3083 574 hoc
3111 529 3328 591 oportet
3364 525 3573 590 conari,
3613 537 3674 583 ut

388 589 586 654 δεύειν,
621 588 715 644 καὶ
749 589 1017 660 εὐψύχους
1043 593 1109 662 τῇ
1148 592 1468 664 προαιρέσει
1510 595 1603 648 καὶ
1640 595 1982 667 στρατιώτας

389 682 484 736 καὶ
530 683 660 746 τοὺς
717 681 874 738 οὔπω
930 688 1442 757 στρατευσαμένους
1494 690 1980 760 συνεκστρατεύειν

388 774 530 830 κατὰ
560 774 669 828 τῶν
698 774 1163 847 βλασφημούντων
1194 779 1286 832 τὸν
1331 780 1551 835 πάντων
1585 782 1810 852 βασιλέα
1842 784 1980 854 Χρι-

388 869 513 922 στὸν
539 869 632 922 τὸν
657 869 791 923 Θεὸν
834 870 1012 940 ἡμῶν,
1066 872 1161 926 καὶ
1184 873 1253 926 δι’
1283 873 1539 928 ἁπάντων
1578 875 1981 948 ἐνδυναμοῦντα

383 962 513 1024 τοὺς
535 961 678 1032 ὑπὲρ
703 956 870 1017 αὐτοῦ
898 966 1360 1035 στρατευομένους
1385 967 1528 1021 κατὰ
1553 967 1662 1021 τῶν
1689 967 1860 1021 ἐθνῶν
1885 967 1982 1020 καὶ

384 1053 593 1118 ὅπλοις,
625 1055 716 1109 καὶ
746 1055 962 1127 δώροις,
989 1059 1084 1110 καὶ
1111 1060 1230 1121 ταῖς
1253 1061 1746 1130 προπεμπτηρίαις
1769 1061 1978 1132 εὐχαῖς,

383 1144 523 1199 ἀλλὰ
552 1147 649 1199 καὶ
677 1146 838 1200 πλέον
868 1165 921 1200 τι
955 1148 1162 1203 τούτοιν
1205 1151 1469 1222 πράττειν
1488 1192 1504 1216 ,
1540 1152 1600 1205 τὸ
1630 1151 1724 1204 καί
1754 1169 1813 1204 τε
1854 1153 1980 1215 τοὺς

385 1239 570 1303 οἴκους
602 1239 712 1293 τῶν
743 1241 840 1293 σὺν
881 1242 1160 1314 προθυμίᾳ
1221 1243 1319 1298 καὶ
1348 1244 1571 1316 ἀνδρείᾳ
1615 1245 1981 1315 στρατευομέ-

385 1349 494 1386 νων
523 1333 987 1402 φιλοφρονεῖσθαι,
1014 1335 1108 1389 καὶ
1131 1335 1249 1388 εἴτι
1274 1337 1452 1390 ἐνδέον
1483 1340 1598 1400 τοῖς
1630 1337 1980 1406 στρατεύμα-

388 1444 493 1493 σιν,
529 1426 561 1497 ἢ
596 1427 773 1492 ἵπποι,
808 1427 840 1498 ἢ
878 1427 1229 1499 ἀναλώματα,
1267 1431 1300 1500 ἢ
1338 1429 1654 1494 πανοπλίαι,
1690 1429 1981 1483 καὶταῦτα

387 1520 642 1589 χορηγεῖν
673 1517 760 1573 διὰ
791 1520 1074 1584 κοινωνίας
1104 1522 1196 1575 καὶ
1230 1524 1670 1595 συγκροτήσεως.

459 1709 558 1780 ρλ’.
600 1712 661 1764 Εἰ
696 1711 805 1783 γὰρ
853 1712 994 1766 οὕτω
1045 1717 1290 1784 γένηται,
1324 1718 1542 1782 πάντως
1592 1720 1980 1774 πολυπλασίων

387 1803 649 1872 ὑπάρχων
677 1805 705 1856 ὁ
732 1802 842 1857 τῶν
876 1805 1163 1872 Ῥωμαίων
1192 1809 1441 1876 στρατὸς,
1465 1810 1558 1862 καὶ
1587 1811 1768 1873 καλῶς
1803 1829 1861 1864 τε
1886 1811 1983 1864 καὶ

383 1895 462 1958 ὡς
482 1896 763 1966 προσῆκεν
788 1896 1258 1968 καθωπλισμένος,
1279 1901 1374 1954 καὶ
1389 1901 1624 1970 μάλιστα
1647 1903 1835 1955 ὁπόσοι
1859 1903 1979 1956 ἐπί-

386 1988 567 2042 λεκτοι
596 1989 665 2042 δι’
687 1989 942 2061 ἀνδρείαν
972 1993 1067 2044 καὶ¹
1099 1995 1458 2064 γενναιότητα
1490 1996 1840 2065 τυγχάνουσι,
1874 2013 1980 2066 μη-

385 2080 475 2134 δὲν
507 2080 615 2134 τῶν
660 2081 890 2135 δεόντων
923 2085 981 2134 ἐν
1007 2082 1161 2153 αὐτῷ
1192 2085 1616 2156 ὑστερούμενοι,
1652 2089 1850 2160 ῥᾳδίως
1881 2089 1981 2142 σὺν

383 2172 506 2243 Θεῷ
533 2173 635 2244 τὴν
662 2174 805 2228 κατὰ
841 2173 950 2228 τῶν
990 2174 1285 2248 βαρϐάρων
1318 2179 1654 2249 Σαρακηνῶν
1685 2180 1980 2252 ἀναθήσον-

383 2281 472 2318 ται
498 2264 611 2336 (80)
639 2267 816 2335 νίκην.

461 2357 599 2428 ρλαθ.
641 2359 706 2414 Εἰ
739 2361 843 2432 γὰρ
869 2363 935 2433 τῇ
961 2379 1020 2416 τε
1041 2363 1252 2418 ὁπλίσει
1286 2366 1382 2419 καὶ
1420 2365 1656 2436 μάλιστα
1683 2366 1860 2431 τόξοις
1883 2368 1980 2421 καὶ

387 2449 568 2520 βέλεσι
602 2452 894 2518 πλείστοις,
926 2455 1020 2509 καὶ
1051 2456 1116 2525 δὴ
1148 2457 1246 2510 καὶ
1293 2458 1372 2528 τῷ
1420 2458 1618 2528 πλήθει
1649 2459 1746 2512 καὶ
1778 2462 1847 2530 τῇ
1881 2461 1980 2513 ἀν-

383 2542 541 2616 δρείᾳ
572 2545 798 2608 καὶτοῖς
829 2549 1171 2617 προσήκουσι
1202 2551 1629 2620 στρατηγήμασί
1659 2564 1715 2604 τε
1747 2553 1842 2605 καὶ
1871 2570 1978 2622 μη-

385 2633 665 2704 χανήμασι
714 2634 1206 2706 πλεονεκτήσομεν,
1241 2637 1503 2707 Ῥωμαῖοι
1554 2637 1791 2706 μάλιστα
1839 2638 1985 2692 κατὰ

388 2726 684 2798 βαρϐάρων
705 2769 720 2793 ,
759 2725 855 2782 καὶ
885 2728 986 2798 τὴν
1023 2729 1174 2782 θείαν
1200 2731 1296 2783 ἐπὶ
1335 2732 1503 2785 πᾶσιν
1526 2715 1727 2801 ’ἕξομεν
1759 2747 1982 2801 συμμα-

387 2817 548 2890 χίαν,
577 2819 674 2874 καὶ
710 2819 950 2885 εὐκόλως
992 2819 1093 2892 τὴν
1139 2821 1264 2876 κατ’
1299 2822 1523 2877 ἐκείνων
1557 2820 1983 2894 κατορθώσομεν

387 2912 571 2984 νίκην.

459 3010 592 3084 ρλβ’.
611 3013 780 3067 Τοῦτο
805 3014 915 3086 γὰρ
940 3015 998 3069 τὸ
1015 3014 1164 3079 ἔθνος
1190 3015 1276 3069 διὰ
1297 3015 1420 3087 τὴν,
1452 3015 1527 3078 ὡς
1558 3017 1734 3080 εἰκὸς,
1763 3017 1983 3082 ἐλπιζο-

391 3105 561 3175 μένην
593 3107 860 3176 πραῖδαν,
893 3108 990 3161 καὶ
1018 3107 1080 3161 τὸ
1129 3108 1202 3177 μὴ
1245 3107 1531 3176 φοϐεῖσθαι
1567 3109 1849 3172 κινδύνους
1880 3127 1983 3162 πο-

2085 604 2255 658 alacri
2290 606 2477 662 animo
2522 609 2724 665 milites
2754 610 2886 674 sint,
2925 619 2979 666 et
3008 612 3103 681 qui
3148 614 3392 668 nondum
3437 617 3490 670 in
3531 618 3676 672 bello

2086 694 2308 763 fuerint,
2345 700 2610 757 adversus
2633 716 2729 757 eos
2754 703 3008 773 prmlium
3033 706 3358 776 suscipiant,
3381 710 3473 778 qui
3504 709 3674 764 Deum

2084 800 2334 845 nostrum
2377 791 2755 850 universitatis
2812 811 3022 866 regem,
3087 797 3372 854 Christum
3416 801 3676 873 blasphe—

2085 889 2258 947 mant,
2286 893 2340 936 et
2365 885 2596 939 omnino
2629 885 2753 940 illos
2785 897 3057 954 quantum
3103 901 3334 959 possunt
3377 892 3589 961 juveni,
3621 901 3677 947 et

2083 986 2494 1043 prosequantur
2529 987 2642 1031 tum
2680 978 2865 1044 donis,
2899 987 3014 1033 tum
3049 981 3243 1044 armis,
3269 990 3382 1037 tum
3436 985 3543 1054 piis
3575 999 3674 1039 vo-

2083 1064 2178 1131 tis,
2233 1067 2330 1135 qui
2383 1067 2675 1124 adversum
2708 1079 2901 1140 gentes
2941 1072 3084 1126 bella
3125 1075 3458 1144 suscipiunt,
3499 1077 3592 1131 SClI
3626 1087 3680 1130 et

2085 1158 2242 1228 plura
2277 1159 2345 1215 iis
2380 1159 2617 1225 edicere,
2650 1162 2795 1218 aedes
2820 1172 2874 1217 et
2907 1163 3145 1221 familias
3173 1183 3388 1234 eorum,
3422 1169 3516 1238 qui
3549 1186 3675 1224 cum

2083 1253 2369 1310 alacritate
2403 1257 2682 1327 animique
2719 1259 3156 1328 promptitudine
3200 1261 3266 1314 ad
3318 1262 3519 1316 bellum
3563 1265 3680 1316 ire-

2086 1344 2216 1410 rint,
2247 1345 2528 1403 beneficiis
2557 1363 2621 1403 ac
2652 1350 3033 1404 benevolentia
3067 1354 3350 1422 prosequi,
3375 1363 3429 1406 et
3460 1354 3505 1408 si
3546 1355 3678 1424 quid

2085 1436 2173 1502 iis,
2209 1438 2306 1507 qui
2349 1441 2404 1493 in
2454 1443 2702 1496 exercitu
2751 1451 2903 1509 sunt,
2939 1450 3033 1496 aut
3087 1445 3248 1512 equis
3302 1460 3493 1498 eorum
3541 1463 3680 1514 opus

2085 1529 2276 1592 fuerit,
2311 1532 2428 1588 sive
2460 1544 2737 1603 Sumptus,
2769 1535 2885 1590 sive
2915 1552 3068 1590 arma
3117 1537 3189 1593 iis
3232 1538 3582 1608 suppeditent
3629 1549 3682 1593 et

2084 1623 2387 1679 liberaliter
2421 1626 2868 1683 sulnninistrent.

2156 1716 2280 1771 150.
2313 1718 2428 1771 Iloe
2468 1720 2516 1772 si
2575 1720 2690 1784 fiat,
2748 1735 2873 1774 cum
2930 1723 3088 1792 longe
3123 1721 3360 1791 majores
3403 1721 3682 1776 Romano-

2089 1826 2207 1864 rum
2241 1814 2410 1880 copia:
2441 1812 2575 1875 sint,
2609 1813 2748 1867 bene
2771 1828 2835 1867 ac
2862 1814 3060 1870 idonee
3094 1825 3342 1876 armatte,
3371 1814 3680 1882 delectique

2085 1913 2312 1972 propter
2381 1903 2557 1957 robur
2644 1920 2708 1960 ac
2783 1906 3165 1960 strennitatem
3228 1906 3349 1970 viri,
3419 1906 3679 1973 nullaque

2086 2011 2145 2050 re
2193 1997 2506 2050 necessaria
2547 1995 2773 2062 defecti,
2811 1997 2972 2053 facile
3015 1997 3186 2052 Deum
3237 1999 3534 2067 propitium
3582 1997 3683 2050 ha-

2087 2087 2280 2143 hentes
2327 2085 2395 2142 de
2425 2088 2678 2144 barbaris
2738 2088 3033 2145 Saracenis
3086 2089 3371 2144 victoriam
3431 2097 3684 2159 reporta-

2087 2181 2251 2236 bunt.

2158 2367 2283 2424 131.
2320 2365 2378 2422 Si
2413 2367 2558 2422 enim
2623 2375 2902 2422 armatura
2944 2368 3274 2437 sagittisque
3307 2367 3687 2437 potissimum,

2086 2468 2140 2515 et
2207 2460 2331 2515 telis
2389 2459 2666 2529 plurimis,
2731 2466 2786 2514 et
2860 2459 3208 2513 multitudine
3279 2458 3561 2512 hominum
3633 2469 3689 2512 et

2088 2551 2442 2614 strenuitate,
2474 2549 2763 2605 etidoneis
2797 2550 3072 2612 consiliis,
3103 2557 3157 2603 et
3177 2548 3555 2603 molitionibus
3580 2549 3688 2602 mi-

2088 2641 2342 2698 litaribus
2385 2637 2854 2697 abundaverimus
2891 2639 3124 2696 Romani
3168 2648 3360 2694 contra
3391 2640 3537 2706 illos,
3575 2648 3688 2694 tum

2088 2735 2278 2791 divino
2335 2735 2544 2791 auxilio
2593 2744 2707 2790 tum
2741 2734 2976 2791 victoria
3025 2734 3095 2790 de
3125 2734 3234 2789 illis
3268 2747 3379 2787 non
3419 2731 3688 2788 destitue-

2086 2846 2138 2885 Ili
2147 2847 2234 2887 lll'.

2161 3020 2288 3074 152.
2321 3017 2449 3074 ﬂare
2504 3018 2651 3072 enim
2700 3031 2833 3088 gens
2886 3024 3114 3085 propter
3160 3029 3314 3084 spem
3369 3011 3589 3084 prmrlae,
3635 3017 3691 3065 et

2088 3111 2218 3181 quia
2243 3109 2368 3164 belli
2397 3108 2649 3178 pericula
2685 3109 2869 3162 minus
2901 3107 3118 3172 timent,
3153 3105 3218 3159 ad
3257 3119 3506 3174 magnam
3533 3104 3692 3157 facile

390 3196 580 3267 λέμου.
614 3199 854 3262 εὐκόλως
881 3201 963 3263 είς
997 3200 1375 3270 πολυπληθίαν
1405 3202 1701 3269 συνάγεται
1732 3202 1840 3254 ἀπὸ
1883 3203 1980 3270 τῆς

2091 3203 2499 3258 multilmlinem
2526 3209 2941 3271 congregantur
2961 3215 3025 3255 ex
3059 3199 3211 3253 omni
3243 3197 3400 3268 Syria
3428 3196 3692 3250 interiore

391 3289 545 3354 ἐντὸς
578 3291 780 3362 Συρίας
804 3292 898 3345 καὶ
925 3293 1295 3362 Παλαιστίνης
1327 3294 1546 3364 ἁπάσης
1568 3335 1581 3356 ,
1618 3296 1709 3348 καὶ
1740 3294 1848 3347 τῶν
1895 3296 1988 3348 ἀν-

391 3382 601 3453 άνδρων
628 3384 768 3455 τάχα
798 3385 884 3438 διὰ
905 3385 1004 3448 τὰς
1034 3385 1290 3448 τοιαύτας
1322 3387 1544 3450 ἐλπίδας
1574 3387 1988 3458 συνερχομένων

392 3475 656 3540 ἑκουσίως
683 3478 798 3540 τοῖς
827 3478 1310 3550 ἐκστρατεύουσιν.

469 3565 606 3639 ρλγ’.
652 3568 714 3621 Et
749 3569 804 3622 δὲ
837 3570 938 3640 τῆς
969 3569 1063 3623 τοῦ
1093 3571 1229 3623 Θεοῦ
1263 3573 1398 3641 ἡμῖν
1434 3573 1835 3642 συμμαχούσης
1866 3571 1990 3640 βοη-

392 3659 544 3725 θείας
593 3661 775 3726 καλῶς
807 3662 1173 3734 ’ὁπλισάμενοι
1226 3665 1323 3718 καὶ
1382 3663 1856 3734 παραταξάμενοι,
1891 3663 1990 3716 καὶ

389 3753 576 3817 καλῶς
603 3755 698 3808 καὶ
728 3755 980 3825 εὐψύχως
1013 3756 1444 3821 προσϐάλλοντες
1475 3758 1681 3821 αὐτοῖς,
1725 3757 1866 3828 ὑπὲρ
1888 3758 1990 3826 τῆς

390 3847 632 3919 ψυχικῆς
659 3849 816 3920 ἡμῶν
844 3849 1120 3920 σωτηρίας
1147 3849 1223 3909 ὡς
1247 3850 1342 3904 καὶ
1367 3851 1509 3920 ὑπὲρ
1533 3850 1671 3904 Θεοῦ
1702 3850 1870 3903 αὐτοῦ
1893 3851 1991 3903 καὶ

393 3941 676 4010 συγγενῶν
715 3941 809 3995 καὶ
839 3941 946 3994 τῶν
978 3941 1157 3996 ἄλλων
1182 3943 1528 4016 Χριστιανῶν
1553 3942 1801 4010 ἀδελφῶν
1829 3943 1990 4011 ἡμῶν

393 4032 808 4103 ἀγωνιζόμενοι,
832 4033 1224 4098 ἁνενδοιάστως
1246 4035 1346 4097 τὰς
1363 4036 1441 4098 είς
1470 4035 1601 4089 Θεὸν
1625 4035 1848 4096 ἐλπίδας
1871 4033 1992 4103 ἕχο-

397 4137 520 4190 μεν,
551 4121 652 4174 οὐκ
688 4121 1103 4194 ἀποτευξόμεθα
1128 4123 1266 4191 (Si),
1305 4123 1440 4177 ἀλλὰ
1473 4124 1565 4177 καὶ
1595 4121 1993 4194 ἐπιτευξόμεθα

393 4210 503 4266 τῶν
525 4212 648 4266 κατ’
683 4212 910 4267 ἐκείνων
943 4214 1164 4276 πάντως
1197 4215 1557 4285 νικητηρίων.

467 4305 598 4376 ρλδ’.
638 4307 732 4359 Δεῖ
779 4306 836 4360 δέ
893 4323 952 4359 σε
982 4306 1116 4376 (8ἳ),
1149 4307 1333 4360 εἴποτε
1383 4307 1480 4361 καὶ
1521 4307 1779 4378 λῃστείας
1827 4307 1993 4377 χάριν

395 4397 809 4468 καταδράμωσι,
850 4398 942 4451 rei
978 4398 1195 4468 Ταύρου
1229 4399 1380 4462 ἐντὸς
1422 4399 1768 4468 ἐπιτηδεύειν
1797 4399 1994 4462 αὐτοὺς

394 4492 493 4546 καὶ
519 4493 580 4546 ἐν
605 4495 728 4556 ταῖς
754 4494 970 4556 στεναῖς
1004 4491 1098 4546 τοῦ
1128 4491 1290 4564 ὅρους
1331 4492 1522 4545 τούτου
1557 4492 1833 4559 διεξόδοις,
1860 4492 1992 4545 ὅταν

397 4585 784 4656 ὑποστρέψωσι
845 4585 1082 4656 μάλιστα
1135 4586 1441 4655 κεκωμένοι
1507 4585 1644 4656 (85),
1707 4585 1838 4648 ἴσως
1897 4587 1995 4642 καὶ

398 4676 636 4746 πραίδας
684 4676 838 4741 τινὰς
880 4675 1037 4740 ζώων
1080 4675 1112 4745 ἢ
1172 4677 1524 4746 πραγμάτων
1582 4676 1994 4747 ἐπιφερόμενοι.

410 4769 787 4834 Ἐπιδιδάζειν
819 4770 928 4841 γὰρ
961 4771 1042 4824 δεῖ
1074 4769 1160 4839 ἐφ’
1185 4769 1404 4840 ὑψηλῶν
1437 4787 1602 4824 τινων
1632 4769 1814 4823 τόπων
1845 4769 1996 4834 τοξό-

395 4881 496 4928 τας
541 4863 638 4919 καὶ
685 4864 1068 4934 σφενδονήτας,
1103 4864 1196 4916 καὶ
1247 4861 1465 4933 βάλλειν
1508 4862 1630 4915 κατ’
1665 4862 1870 4926 αὐτῶν,
1903 4863 1997 4915 καὶ

396 4955 572 5020 οὕτως
602 4955 896 5022 ποιεῖσθαι,
933 4957 1030 5010 καὶ
1059 4956 1159 5018 τὰς
1203 4955 1291 5010 διὰ
1325 4954 1712 5024 καὸαλλαρίων
1755 4955 1996 5024 προσδοοι

397 5048 514 5114 λὰς,
543 5049 577 5121 ἢ
627 5047 705 5114 ὡς
737 5049 804 5106 ἂν
834 5049 996 5120 χρεία
1030 5048 1270 5112 καλέσοι,
1316 5047 1350 5119 ἢ
1385 5048 1452 5101 δι’
1483 5047 1916 5117 ἐγκρυμμάτων,
1956 5047 1989 5117 ἢ

396 5138 465 5192 δι’
487 5140 692 5211 ἐτέρων
722 5141 1195 5210 ἐπιτηδευμάτων,
1231 5140 1264 5210 ἦ
1309 5141 1526 5212 πέτρων
1555 5141 1695 5195 κατὰ
1722 5141 1989 5212 κρημνῶν

400 5233 754 5304 κυλιομένων,
788 5233 822 5304 ἣ
860 5233 1186 5303 ἁναφραγῆς
1214 5232 1336 5286 όδοῦ
1363 5234 1457 5286 καὶ
1488 5233 1597 5286 ἀπὸ
1636 5232 1869 5303 δένδρων
1899 5236 1994 5288 καὶ

2092 3305 2141 3350 et
2195 3294 2512 3358 Palzestina,
2565 3301 2619 3348 et
2677 3293 2982 3348 imbecilles
3045 3299 3212 3360 atque
3277 3289 3529 3344 imbelles
3589 3288 3692 3342 viri

2094 3397 2315 3456 propter
2366 3385 2683 3454 hujusmodi
2734 3400 2887 3454 spem
2949 3382 3262 3453 praedarum
3329 3380 3398 3435 ad
3448 3380 3693 3450 reliquos

2095 3478 2265 3531 fortes
2301 3477 2506 3531 milites
2534 3491 2592 3530 se
2627 3482 2954 3544 aggregant.

2165 3571 2287 3626 135.
2329 3569 2385 3624 Si
2440 3584 2570 3624 vero
2615 3567 2820 3624 Christi
2871 3565 3128 3637 praesidio
3173 3563 3371 3631 adjuti,
3406 3562 3546 3616 bene
3600 3560 3693 3613 in-

2094 3659 2291 3716 Structi
2327 3671 2494 3732 atque
2545 3659 2769 3723 armati,
2802 3659 3056 3714 alacriter
3087 3673 3211 3714 eum
3239 3656 3347 3710 illis
3371 3670 3470 3725 pro
3499 3651 3696 3706 animm.

2095 3761 2302 3808 nostra:
2335 3751 2536 3814 salute,
2571 3751 2730 3820 quasi
2769 3765 2871 3820 pro
2902 3749 3035 3813 Deo,
3063 3755 3118 3803 et
3162 3746 3436 3818 cognatis.
3474 3752 3527 3799 et
3561 3743 3694 3798 reli-

2093 3845 2220 3914 quis
2252 3842 2592 3899 Christianis
2624 3842 2892 3896 fratribus
2917 3841 3275 3906 dimicantes,
3310 3853 3412 3892 nos
3452 3837 3563 3890 illis
3593 3851 3696 3904 op-

2095 3951 2392 4008 ponamns.
2447 3951 2703 4006 magnam
2760 3935 2814 3988 in
2865 3933 2977 3987 Deo
3037 3947 3190 4002 spem
3257 3931 3542 3988 habemus.
3595 3943 3696 3982 nos

2097 4029 2302 4084 nullam
2336 4025 2699 4082 offensionem
2729 4031 3084 4094 accepturos,
3124 4020 3222 4076 sed
3251 4033 3471 4075 omnem
3518 4016 3698 4071 victo-

2096 4123 2234 4178 riam
2260 4125 2664 4190 reportaturos.

2172 4309 2297 4364 1M.
2328 4306 2431 4363 Ubi
2467 4305 2546 4360 illi
2581 4302 2866 4375 pradandi
2889 4317 3058 4358 causa
3081 4300 3326 4356 Taurum
3356 4297 3700 4364 transierint,

2100 4401 2156 4456 in
2210 4399 2349 4469 ipsis
2404 4397 2616 4451 viarum
2649 4392 2946 4464 angustiis,
2981 4391 3208 4463 quando
3257 4387 3468 4458 fatigati
3505 4388 3702 4442 admo-

2099 4492 2227 4547 dum
2260 4497 2632 4552 revertuntur,
2659 4496 2713 4542 et
2745 4485 2984 4556 praedam
3033 4485 3411 4554 jumentorum
3447 4491 3542 4533 aut
3568 4479 3704 4532 alia-

2101 4600 2222 4639 rum
2270 4597 2455 4639 rerum
2509 4580 2780 4644 referunt,
2820 4579 2875 4632 in
2908 4577 3145 4633 excelsis
3179 4573 3512 4645 quibusdam
3568 4571 3705 4624 locis

2100 4677 2373 4750 sagittarii
2431 4685 2485 4730 et
2525 4673 2837 4761 funditores
2896 4670 3206 4726 collocandi
3261 4675 3414 4731 sunt,
3466 4673 3523 4718 et
3575 4679 3702 4716 cum

2101 4772 2384 4844 equitibus
2411 4757 2789 4823 dimicandum
2838 4766 2912 4819 ita
2943 4774 3049 4819 est.
3103 4760 3203 4816 Vel
3257 4761 3304 4815 si
3357 4757 3518 4812 aliter
3565 4769 3703 4810 usus

2103 4864 2270 4930 ferat,
2301 4861 2547 4925 insidiis,
2577 4871 2675 4914 aut
2701 4859 2824 4914 aliis
2857 4853 3258 4916 molitionibus,
3303 4861 3399 4905 aut
3432 4848 3585 4904 saxis
3620 4848 3706 4900 ἰη-

2100 4956 2362 5030 gentibus
2386 4955 2685 5018 devolutis,
2714 4951 2799 5007 vel
2833 4947 3219 5004 obstructione
3247 4944 3462 4998 viarum
3491 4941 3709 4996 arbori-

2103 5051 2209 5106 bus
2235 5045 2494 5117 objectis,
2517 5050 2613 5098 aut
2653 5041 2780 5097 aliis
2813 5038 2992 5095 modis
3029 5053 3059 5092 a
3099 5037 3265 5092 nobis
3297 5045 3426 5090 ante
3463 5049 3708 5088 comme-

2103 5140 2353 5205 moratis,
2389 5145 2484 5191 aut
2512 5135 2558 5191 si
2593 5133 2726 5204 quid
2757 5131 2907 5188 aliud
2932 5130 3003 5187 ad
3039 5144 3202 5186 usum
3233 5127 3428 5183 idonee
3455 5125 3709 5182 invenire

2105 5244 2284 5304 potes,
2321 5225 2610 5284 adoriendi
2637 5232 2790 5280 sunt.

400 5327 765 5394 ἀδιεξοδεύτου
799 5328 1112 5400 γινομένης,
1142 5327 1217 5390 ὡς
1250 5327 1363 5381 ἄνω
1397 5344 1500 5380 που
1532 5328 1664 5396 ἡμῖν
1692 5329 1928 5398 εἴρηται,
1955 5330 1988 5401 ἢ
2020 5330 2094 5394 ὡς
2126 5329 2193 5383 ἂν
2224 5323 2447 5380 δυνατόν
2482 5338 2587 5388 σοι,
2618 5313 2664 5374 ὦ
2694 5317 2968 5389 σττρτηγέ
2993 5359 3010 5385 ,
3055 5317 3200 5373 κατὰ
3263 5315 3354 5370 τὸν
3405 5314 3527 5368 τότε
3581 5329 3706 5367 και-

401 5421 496 5492 ρὸν
530 5421 630 5494 τὴν
658 5422 755 5476 τοῦ
791 5422 1118 5494 πράγματος
1147 5419 1386 5474 διάθεσιν
1417 5419 1778 5488 κατανοῆσαι.

475 5512 600 5585 ph‘.
640 5515 732 5572 Ἐν
764 5513 821 5570 δέ
849 5517 970 5579 ταῖς
997 5513 1371 5585 παρατάξεσιν
1398 5511 1578 5567 αὐτῶν
1599 5513 1661 5565 οὐ
1685 5512 1871 5566 λύουσι
1903 5514 2000 5585 τὴν

2183 5513 2306 5567 155.
2338 5508 2524 5565 Aciem
2578 5521 2736 5564 suam
2795 5521 2904 5563 non
2967 5505 3301 5568 dissolvunt,
3356 5501 3402 5557 si
3448 5499 3572 5572 quis
3611 5507 3707 5554 aut

1888 5627 2124 5686 NOTE.

473 5719 588 5786 (80)
624 5720 1087 5786 Ἀναδήσονται.
1132 5719 1344 5782 Scribe,
1387 5719 1809 5789 άνακτήσονται.

475 5788 589 5863 (81)
628 5791 1130 5863 Ἀποτευξόμεθα.
1208 5787 1599 5863 Scribebatur,
1635 5787 1990 5863 stratagem}-

407 5862 566 5944 μεθα.
594 5863 658 5918 Et
679 5879 800 5922 mox
825 5861 1026 5922 ibidem
1052 5865 1266 5921 correxi
1296 5861 1711 5944 ἐπιτευξὸμεθα,
1744 5877 1839 5930 pro
1872 5865 1990 5914 επι-

2099 5716 2452 5787 τοξευόμεθα.

2175 5777 2417 5854 ῐ82)’Δεῖ
2437 5787 2504 5840 δέ
2546 5803 2639 5838 σε.
2677 5782 3059 5852 scribebatur,
3102 5781 3166 5832 Et
3204 5777 3267 5854 δέ
3289 5793 3370 5832 σε.

2174 5851 2286 5928 (83)
2331 5858 2685 5927 Κελέωμένοι.
2724 5856 2936 5918 Scribe,
2976 5851 3378 5920 κεκοπωμένοι.
