4090 6438
412 395 527 458 9'79

1683 386 1875 446 LEON
1884 385 1955 445 IS
1994 384 2458 444 PHILOSOPHI

3581 385 3702 452 980»

415 508 549 568 duo.
600 513 694 559 aut
749 511 858 557 tres
896 499 1197 556 invaserint
1250 512 1367 561 eos,
1412 497 1586 553 donec
1632 499 1715 552 vel
1760 497 1990 552 victoria

2101 495 2268 560 τάξιν,
2305 496 2408 550 κᾶν
2436 511 2520 557 τις
2551 491 2747 563 ἐπέλθῃ
2777 492 2957 556 αὐτοῖς
2988 491 3149 564 ῆδύο,
3178 495 3210 564 ἢ
3235 497 3405 565 τρετς.
3436 494 3595 566 ἄχρις
3625 497 3695 552 οὗ

419 599 550 654 freti-
574 597 958 665 insequantur,
987 591 1070 646 vel
1108 589 1175 645 de
1201 590 1430 645 victoria
1457 589 1814 658 desperantes
1856 588 1997 658 fuga:

2101 589 2128 659 ἢ
2173 589 2506 658 θαρρήσουσι
2543 587 2868 658 κινήσαντες
2900 586 3115 653 διῶξαι,
3163 587 3195 658 ἢ
3225 587 3553 642 δειλιάσουσι
3590 592 3687 644 καὶ

417 707 475 747 se
504 687 904 743 mandaverint.
936 685 1124 754 Itaque
1158 683 1336 752 primo
1376 682 1621 736 incursio
1660 683 1714 737 in
1749 681 1873 736 illos
1908 696 2000 736 sa-

2101 682 2398 752 ὒρμήσουσι
2426 680 2566 750 πρὸς
2599 680 2799 749 φυγήν.
2819 679 2911 733 Διὸ
2939 680 3045 752 χρὴ
3080 679 3346 750 βαστάξαι
3375 679 3476 749 τὴν
3503 681 3692 751 ἔφοδον

414 780 564 848 gittis
605 785 690 831 est
731 774 1002 831 facienda.
1033 772 1090 826 Si
1116 772 1263 827 enim
1291 773 1416 842 equi
1456 771 1696 836 illorum,
1723 772 1816 841 qui
1849 769 1995 826 Parii

2101 773 2277 826 αὐτῶν
2317 772 2590 843 προτέραν
2611 771 2701 825 διὰ
2739 771 2958 836 τοξείας
3009 772 3112 842 τῆς
3155 772 3296 826 κατὰ
3323 772 3528 836 αὐτῶν,
3564 775 3692 838 τοὺς

414 871 694 932 dicuntur,
745 877 801 922 et
851 865 1138 934 zEtbiopes
1201 864 1396 933 reliqui
1455 861 1722 932 sagittarii
1781 861 1995 930 equites

2101 864 2408 934 ἔμπροσθέν
2437 880 2497 916 τε
2523 863 2767 926 καὶτοὺς
2798 863 2994 933 μικρὸν
3027 863 3254 916 δπισθεν
3281 863 3526 927 ἑστῶτας
3556 865 3694 934 βάλ-

414 963 792 1023 vulnerentur,
845 966 900 1013 et
951 957 1252 1021 feriantur,
1298 970 1424 1010 cum
1471 954 1602 1009 nudi
1651 961 1801 1019 sunt,
1837 952 2000 1006 facile

2101 957 2284 1020 λοντας
2313 956 2453 1009 κατὰ
2483 955 2684 1009 αὐτῶν.
2717 954 2876 1008 Οὕτω
2899 957 3008 1026 γὰρ
3037 955 3145 1008 τῶν
3175 956 3358 1009 ἵππων
3392 955 3572 1008 αὐτῶν
3600 974 3693 1010 το-

416 1055 470 1106 in
503 1051 684 1122 fugam
727 1067 786 1106 se
823 1049 1121 1120 conjicient
1159 1063 1172 1101 :
1209 1048 1334 1118 quia
1369 1062 1564 1117 equos,
1593 1062 1734 1116 quos
1770 1045 1990 1115 plurimi

417 1145 648 1207 faciunt,
695 1150 750 1198 et
795 1157 889 1212 per
941 1156 1081 1211 quos
1133 1154 1194 1196 se
1249 1140 1479 1195 salutem
1531 1153 1854 1208 comparare
1900 1153 1992 1193 ar-

417 1236 712 1301 bitrantur,
764 1234 1068 1290 incolumes
1132 1231 1412 1288 custodire
1468 1246 1792 1302 magnopere
1835 1231 1993 1286 labo-

415 1337 558 1383 rank

2103 1049 2429 1118 ξευομένων,
2458 1048 2570 1102 τῶν
2601 1047 2910 1118 λεγομένων
2942 1047 3154 1120 φαρίων
3183 1047 3317 1119 (84),
3350 1047 3445 1100 καὶ
3474 1047 3584 1100 τῶν
3602 1048 3698 1101 Λί-

2103 1142 2326 1206 θιόπων,
2359 1140 2392 1211 ἢ
2431 1139 2524 1193 καὶ
2559 1139 2738 1194 ἄλλων
2765 1139 3000 1204 τοξοτῶν
3025 1140 3206 1194 αὐτῶν
3231 1139 3319 1193 διὰ
3344 1140 3444 1210 τὴν
3465 1139 3690 1210 γύμνω-

2106 1250 2191 1285 σιν
2224 1231 2638 1302 πληγουμένων,
2674 1231 2876 1302 ῥαδίως
2900 1232 2980 1296 είς
3007 1230 3186 1303 φυγὴν
3213 1232 3520 1302 ὁρμήσουσι
3545 1231 3694 1284 δυοῖν

2104 1324 2312 1390 ἕνεκεν,
2342 1323 2438 1376 κα)⁵
2485 1324 2612 1387 τοὺς
2643 1323 2847 1386 ἵππους
2877 1322 3206 1394 περισώζειν
3238 1321 3552 1392 βουλόμενοι
3590 1339 3694 1376 πο-

413 1420 660 1490 λιτίμους
692 1419 850 1484 ὄντας
872 1463 885 1485 ,
939 1432 1033 1476 και
1078 1422 1178 1474 οὑκ
1213 1417 1450 1487 εὐκόλως
1480 1419 1894 1492 ποριζομένους,
1930 1417 2025 1472 καὶ
2053 1415 2144 1471 διὰ
2173 1416 2276 1486 τῆς
2309 1415 2418 1470 τῶν
2449 1415 2634 1470 ἵππων
2667 1414 2944 1488 σωτηρίας
2997 1417 3093 1470 καὶ
3138 1415 3294 1470 αὐτο)⁵
3336 1432 3698 1486 συμπερισω-

415 1515 655 1584 ζόμενοι.

489 1608 614 1662 156.
651 1607 784 1677 Equi
841 1608 886 1662 si
940 1618 1164 1680 pereant
1217 1611 1434 1682 sagittis
1483 1624 1698 1665 veneno
1742 1609 1993 1670 imbutis,

418 1699 580 1752 simul
625 1698 900 1752 intereunt
949 1700 1041 1768 qui
1079 1701 1354 1756 vehuntur
1385 1701 1544 1771 equis
1578 1718 1591 1754 :
1630 1702 1716 1756 sin
1766 1701 1995 1769 sagittas

418 1790 657 1845 imbutas
709 1803 834 1845 esse
893 1800 1252 1861 cognoscant,
1279 1800 1571 1864 antequam
1618 1793 1999 1864 percutiantur

418 1881 723 1950 aul'ugient.

488 2061 614 2116 157.
641 2061 828 2133 Neque
869 2064 1016 2120 enim
1051 2073 1262 2120 tantum
1291 2064 1520 2134 gloriam
1555 2078 1866 2134 nomenque
1899 2079 1998 2118 ex-

417 2162 607 2221 petunt
638 2153 894 2211 Saraceni
931 2173 1054 2210 cum
1084 2158 1148 2210 ad
1183 2159 1434 2226 prmlium
1483 2165 1704 2222 exeunt,
1732 2164 1998 2226 quantmn

416 2246 736 2315 cupiditatis
769 2264 935 2304 causa
968 2260 1022 2305 et
1057 2267 1240 2305 rerum
1302 2253 1740 2306 necessariarum
1769 2251 2004 2320 conqui-

428 2339 718 2393 rendarum
753 2343 927 2411 gratia
957 2360 969 2395 :
1000 2359 1175 2412 neque
1205 2345 1350 2398 enim
1377 2360 1540 2412 agros
1567 2345 1745 2397 colere
1773 2351 1998 2410 norunt,

419 2441 478 2482 nt
508 2430 633 2485 inde
661 2446 922 2500 pauperes
951 2435 1156 2498 vivant,
1184 2436 1277 2489 sed
1307 2434 1486 2502 gladio
1519 2435 1639 2489 solo
1674 2434 1741 2487 ab
1780 2435 2002 2488 ineunte

418 2532 594 2584 :etate,
625 2523 707 2576 vel
739 2523 941 2587 vivere,
975 2525 1062 2578 vel
1100 2526 1237 2578 mori
1296 2526 1557 2579 discunt:
1587 2525 1732 2578 unde
1783 2540 1893 2577 una
1937 2525 2001 2577 de

419 2612 530 2668 illis
553 2613 782 2668 victoria
809 2615 994 2670 multis
1029 2615 1293 2684 periculis
1320 2614 1600 2670 Romanos
1632 2615 1828 2669 liberat
1862 2631 1876 2667 :
1910 2613 2001 2668 ubi

417 2706 564 2759 cutim
603 2706 842 2761 viderint
871 2723 988 2768 eos,
1014 2708 1106 2778 qui
1142 2707 1207 2761 ad
1238 2708 1438 2762 bellum
1475 2709 1746 2769 exierunt,
1792 2724 2002 2776 nequa-

418 2811 582 2864 quam
626 2798 848 2862 reverti,
877 2798 972 2853 sed
1009 2814 1038 2852 a
1070 2801 1188 2854 suis
1231 2799 1344 2867 jam
1378 2798 1700 2861 desiderari,
1750 2814 1859 2852 non
1887 2798 2000 2866 jam

419 2887 700 2943 audebunt
738 2897 850 2944 tam
906 2891 1372 2961 incircumspccte
1434 2892 1502 2946 ad
1551 2892 1753 2946 bellum
1815 2902 2003 2962 postea

418 2981 740 3049 procedere.

490 3073 615 3128 158.
648 3057 1160 3133 ΟἰΙίοεεἘαιέςοηί
1213 3081 1530 3134 universum
1595 3095 1754 3148 quem
1804 3078 2004 3132 habent

417 3162 742 3231 peditatum,
792 3166 859 3220 ad
893 3176 1186 3238 utrumque
1217 3185 1392 3239 genus
1433 3165 1607 3239 ιιι-αδὲἰί
1643 3177 1854 3239 parant,
1885 3177 2000 3220 tum

2175 1605 2319 1677 ρλς¹.
2363 1604 2486 1659 Τῶν
2552 1604 2662 1676 γὰρ
2695 1605 2881 1658 ἵππων
2933 1603 3241 1675 ὀλλυμένων
3275 1602 3388 1674 (85)
3441 1603 3531 1657 διὰ
3583 1603 3706 1660 τῶνε

2102 1698 2300 1769 βελῶν,
2329 1699 2423 1753 καὶ
2457 1697 2694 1769 μάλιστα
2725 1696 3304 1766 πεφαρμακευμένων,
3330 1696 3699 1750 συναπόλλυν-ε.

2101 1809 2192 1844 ται
2223 1791 2318 1844 καὶ
2339 1791 2389 1844 oi
2409 1789 2767 1860 ἐποχούμενοι
2791 1789 2996 1853 αὐτοῖς,
3020 1787 3054 1859 ἦ
3076 1788 3171 1842 καὶ
3197 1788 3417 1855 γνόντες
3437 1787 3532 1842 τοῦ
3557 1806 3696 1860 φαρ-

2031 1915 2075 1972 B
2105 1885 2282 1952 μάχου
2329 1881 2428 1953 τὴν
2472 1882 2706 1952 δύναμιν
2757 1881 2851 1935 καὶ
2898 1881 3006 1952 πρὸ
3049 1880 3144 1934 τοῦ
3175 1880 3440 1952 βληθῆναι
3473 1881 3708 1952 φεύξον-,

2100 1991 2211 2028 ται.

2175 2062 2306 2133 ρλζ’.
2351 2065 2424 2117 Ού
2454 2062 2706 2118 τοσοῦτον
2737 2065 2844 2134 γὰρ
2872 2062 3030 2135 δόξης
3059 2064 3380 2135 ὀρεγόμενοι
3434 2063 3527 2118 καὶ
3573 2065 3695 2118 ὀνό-

2105 2174 2271 2226 ματος
2302 2154 2756 2228 ἐκστρατεύονται
2791 2160 2838 2210 οἱ
2885 2157 3126 2211 πλεῖστοι
3179 2157 3534 2229 Σαρακηνῶν,
3569 2157 3696 2211 ὅσον

2100 2249 2360 2319 εὐπορίας
2390 2250 2549 2319 χάριν
2579 2249 2670 2303 καὶ
2697 2251 2904 2303 τούτων
2935 2249 3048 2317 (86)
3085 2249 3408 2320 ἐπιτηδείων
3441 2248 3702 2319 κέρδους·-

2059 2347 2064 2354 ”
2101 2341 2162 2394 οὐ
2197 2341 2306 2410 γὰρ
2336 2342 2604 2411 γεωργεῖν
2627 2340 2854 2405 οἴδασιν,
2885 2340 2953 2394 ἵν’
2974 2340 3227 2394 ἐντεῦθεν
3252 2342 3298 2393 oi
3327 2339 3556 2408 πένητες
3579 2325 3712 2393 δια--

2102 2431 2302 2495 ζῶσιν,
2337 2431 2449 2484 ἀλλ’
2485 2433 2543 2483 ἐν
2576 2434 2642 2502 τῇ
2678 2431 2924 2502 μαχαίρᾳ
2953 2431 3134 2486 αὐτῶν
3169 2431 3262 2484 καὶ
3295 2431 3433 2503 μόνῃ
3462 2433 3494 2502 ἦ
3528 2431 3628 2501 ξῇν
3659 2430 3704 2500 ἦε

2104 2523 2360 2592 θνήσκειν
2391 2526 2454 2576 ἐκ
2478 2524 2598 2577 νέου
2628 2523 3167 2578 παιδεύονται.⁹Ὀθεν
3197 2526 3228 2593 ἡ
3257 2523 3404 2589 ἄπα-ξ
3440 2523 3558 2576 κατ’
3593 2525 3696 2577 αὖ·

2101 2614 2210 2668 τῶν
2247 2617 2369 2685 νίκη
2403 2616 2614 2668 πολλῶν
2661 2616 3018 2686 ἐλευθερώσει
3072 2616 3332 2669 κινδύνοιν
3368 2614 3704 2686 Ῥωμαίους..

2107 2707 2305 2777 μηκέτι
2355 2708 2682 2777 τολμώντων
2733 2709 3159 2779 ἀπερισκέπτως
3213 2708 3536 2778 ὲξέρχεσθαι
3588 2709 3716 2759 rd».

2105 2797 2396 2867 θεωμένων
2430 2800 2557 2862 τοὺς
2591 2799 2909 2864 ἐξελθόντας
2946 2799 3024 2871 μὴ
3058 2798 3531 2871 ὑποστρέψαντας,
3563 2796 3699 2851 ἀλλὰ

2109 2887 2515 2960 θρηνουμένους
2547 2890 2654 2944 ὑπὸ
2686 2891 2793 2944 τῶν
2837 2891 3004 2945 ἰδίων.

2181 3075 2311 3144 ρλη’.
2357 3076 2514 3128 Δοκεῖ
2539 3075 2597 3129 δὲ
2630 3079 2742 3139 τοῖς
2773 3076 2952 3142 Κίλιξι
2997 3078 3332 3146 Σαρακηνοῖς
3363 3078 3486 3129 ὅσον
3515 3075 3717 3145 ἔχουσι.

2107 3166 2329 3231 πεζικὸν
2376 3167 2512 3238 πρὸς
2563 3169 2882 3240 ἀμφοτέρας
2958 3167 3301 3222 ἐκπαιδεύειν
3348 3167 3444 3231 τὰς
3497 3167 3706 3237 μάχας,

417 3255 666 3308 terrestri
716 3271 811 3325 per
843 3256 1006 3312 Tauri
1059 3261 1261 3316 montis
1313 3261 1543 3325 exitum,
1580 3270 1694 3314 tum
1732 3260 1866 3314 mari
1908 3275 2000 3328 per

2105 3258 2242 3327 πρός
2288 3275 2347 3312 τε
2397 3258 2494 3329 τὴν
2544 3260 2685 3313 κατὰ
2720 3259 2821 3327 γῆν
2850 3259 2940 3313 διὰ
2967 3260 3065 3330 τῆς
3095 3257 3274 3324 ἐξόδου
3321 3257 3421 3324 τῆς
3469 3256 3558 3309 διὰ
3601 3256 3702 3307 τοῦ

420 3347 657 3417 navigia,
696 3365 818 3418 quae
857 3350 934 3404 illi
979 3351 1265 3405 cnmbaria
1303 3353 1603 3422 appellant.
1642 3351 1871 3419 Quando
1902 3367 2000 3405 au-

420 3447 528 3492 tem
563 3450 708 3494 terra
757 3456 865 3496 non
915 3443 1276 3512 egrediuntur
1309 3445 1376 3498 ad
1416 3445 1694 3514 prcelium,
1728 3459 2000 3499 conscen-

415 3529 556 3583 dunt
583 3543 731 3585 mare
760 3531 944 3602 ibique
967 3535 1302 3602 praedantur,
1332 3543 1428 3589 aut
1456 3535 1512 3590 in
1544 3535 1836 3590 maritimis
1867 3534 2002 3590 locis

419 3618 712 3674 consident
746 3621 812 3674 ad
845 3623 1080 3690 praedam
1112 3625 1490 3695 quaerendam,
1521 3625 1658 3680 alias
1692 3625 1758 3680 ad
1799 3624 2002 3679 Roma-

421 3724 615 3764 norum
649 3727 812 3781 agros
844 3716 1190 3785 populandos
1224 3725 1447 3772 exeunt.

2106 3350 2322 3422 Ταύρου
2349 3350 2507 3419 ὅρους
2526 3389 2542 3414 ,
2573 3350 2668 3404 καὶ
2693 3350 2790 3421 τὴν
2822 3351 2964 3406 κατὰ
2995 3350 3264 3406 θάλατταν
3296 3349 3384 3404 διὰ
3417 3349 3525 3402 τῶν
3559 3348 3706 3418 παρ’

2109 3448 2293 3509 αὐτοῖς
2329 3446 2528 3500 πλοίων
2573 3447 2683 3502 τῶν
2724 3447 3033 3518 λεγομένων
3066 3447 3449 3518 κουμὸαρίων,
3484 3446 3577 3498 καὶ
3610 3445 3704 3499 ὅτε

2113 3538 2188 3609 μὴ
2218 3537 2354 3608 πρὸς
2379 3538 2475 3609 τὴν
2504 3540 2732 3611 ἤπειρον
2761 3541 3209 3612 ἐκστρατεύουσι,
3242 3539 3331 3592 διὰ
3370 3537 3470 3607 τῆς
3499 3537 3700 3590 θαλάτ-

2109 3646 2208 3696 της
2269 3628 2621 3700 ἐξέρχονται,
2683 3630 2915 3701 πραίδας
2961 3649 3021 3684 τε
3067 3630 3348 3692 ποιοῦντες
3399 3629 3541 3683 κατά
3591 3628 3714 3681 τῶν»

2111 3718 2575 3790 παραθαλασσίων
2628 3721 2864 3790 χωρίων,
2918 3720 3179 3784 πολλάκις
3227 3719 3293 3783 δ’,
3325 3720 3372 3771 εί
3407 3718 3550 3772 οὕτω
3595 3717 3704 3769 τεί-

419 3816 502 3868 χει
536 3799 669 3872 (87),
707 3807 798 3857 καὶ
827 3807 1255 3878 ναυμαχοῦντεςπ
1287 3810 1376 3863 ὅτε
1410 3810 1467 3864 δὲ
1500 3809 1576 3880 μὴ
1602 3809 1743 3864 κατὰ
1777 3809 2048 3866 θάλασσαν
2077 3811 2362 3878 ἐξέλθωσι,
2389 3813 2477 3867 διὰ
2505 3813 2606 3883 τῆς
2634 3813 2866 3886 ἠπείρου
2915 3816 3055 3868 κατὰ
3084 3813 3191 3866 τῶν
3236 3812 3560 3883 Ῥωμαϊκῶν
3589 3829 3701 3882 χω-

419 3891 553 3962 ρίων
581 3895 1020 3966 ἐκστρατεύουσι.

492 4011 616 4068 159.
666 4014 1054 4082 Speculatores
1115 4017 1212 4074 abs
1277 4027 1330 4074 te
1383 4020 1677 4092 diligenter
1723 4019 2006 4076 emittendi

2183 4021 2278 4091 ρλθ
2301 4059 2316 4074 .
2355 4023 2448 4073 Δεῖ
2477 4016 2579 4074 οὖν
2603 4022 2885 4091 ἐπιτηρεῖν
2907 4038 2989 4085 σε,
3016 4014 3060 4073 ὦ
3086 4018 3381 4089 στρατηγέ,
3410 4017 3500 4070 διὰ
3534 4033 3705 4070 κατα-ν

417 4112 570 4169 sunt,
603 4107 695 4174 qui
734 4123 821 4163 res
873 4110 1092 4166 illorum
1151 4122 1509 4184 cognoscant,
1556 4123 1615 4168 ut
1661 4125 1853 4170 contra
1909 4130 2000 4171 eos

2111 4115 2329 4168 σκόπων
2364 4113 2602 4184 ἀληθῶν,
2631 4114 2724 4167 καὶ
2758 4113 3051 4182 μανθάνειν
3083 4111 3151 4166 τὰ
3174 4111 3294 4165 κατ’
3315 4109 3517 4172 αὐτοὺς
3539 4110 3704 4176 ἁκριυ

417 4200 718 4255 exercitum
768 4203 1025 4259 idoneum
1085 4222 1382 4276 praepares,
1417 4216 1477 4261 ut
1523 4212 1745 4280 quando
1781 4226 1811 4264 e
1855 4221 2000 4265 terra

418 4293 741 4349 continente
779 4305 1003 4364 exeunt,
1038 4299 1295 4366 praefecto
1335 4302 1535 4356 classis
1583 4302 1877 4368 indicetur,
1911 4304 2002 4371 qui

422 4386 476 4439 in
506 4375 863 4440 Tarsensium
895 4398 948 4443 et
973 4390 1323 4445 Adaneorum
1357 4407 1520 4462 agros
1577 4395 1888 4450 maritimos
1917 4397 2002 4450 in-

416 4484 625 4532 curset.
654 4477 838 4548 Neque
865 4481 1009 4534 enim
1038 4489 1147 4534 tam
1185 4498 1512 4538 numerosus
1535 4484 1787 4541 barbaris
1816 4487 2004 4541 Cilici-

422 4568 526 4625 bus
586 4570 865 4626 exercitus
911 4579 1016 4636 est,
1049 4580 1106 4626 ut
1139 4573 1304 4628 iidem
1351 4574 1422 4629 ad
1454 4577 1806 4646 pugnandum
1855 4588 2001 4633 terra

421 4661 585 4718 simul
620 4671 674 4718 et
703 4665 836 4717 mari
864 4665 1074 4721 habiles
1109 4667 1239 4721 sint.

2108 4207 2240 4272 ϐὦς,
2286 4210 2380 4261 καὶ
2412 4205 2797 4276 ἑτοιμάζεσθαι
2828 4206 2923 4258 σὺν
2957 4205 3034 4275 τῷ
3055 4204 3315 4276 ἀρκοῦντι
3346 4203 3582 4273 στρατῷ,
3622 4203 3706 4254 ἵν’

2106 4301 2234 4354 ὅταν
2260 4299 2348 4354 διὰ
2380 4299 2658 4368 θαλάσσης
2691 4298 3149 4367 ἐκστρατεύωσιν,
3185 4297 3347 4360 αὐτὸς
3387 4295 3528 4349 κατὰ
3572 4295 3697 4363 γῆν,

2114 4395 2164 4446 εί
2198 4393 2459 4456 δυνατὸν,
2499 4393 2557 4444 ἐν
2595 4394 2659 4461 τῇ
2709 4392 2813 4462 ἰδίᾳ
2863 4390 3044 4444 αὐτῶν
3095 4390 3442 4462 προσὸάλλῃς
3495 4389 3713 4450 αὐτοῖς’·-

2104 4484 2234 4538 ὂταν
2266 4484 2320 4536 δὲ
2352 4483 2439 4537 διὰ
2469 4482 2569 4552 τῆς
2602 4483 2704 4551 γῆς
2731 4481 3116 4552 ἐκστρατεύειν
3156 4482 3389 4551 μέλλωσι
3417 4521 3430 4544 ,
3489 4479 3704 4550 μηνύῃς

2104 4575 2184 4646 τῷ
2234 4575 2570 4645 κιόαιρυώτῃ
2624 4573 2718 4626 τοῦ
2768 4575 3015 4644 πλωΐμου
3065 4574 3179 4641 (88)
3232 4573 3547 4644 στρατηγῷ,
3603 4570 3700 4624 καὶ

2036 4652 2079 4705 υ
2111 4667 2250 4737 μετὰ
2278 4667 2386 4719 τῶν
2415 4667 2506 4719 ὑπ’
2537 4667 2697 4719 αὐτὸν
2727 4667 3024 4736 δρομώνων
3054 4666 3388 4718 είσπιπτέτω
3420 4664 3557 4718 κατὰ
3591 4662 3702 4715 τῶν

415 4753 677 4824 Ταρσέων
708 4755 804 4807 καὶ
835 4755 1122 4809 ’Λδανείων
1150 4756 1366 4828 χωρίων
1397 4759 1496 4812 ὅσα
1531 4762 1707 4813 κεῖται
1772 4760 1914 4814 κατὰ
1968 4759 2266 4813 θάλασσαν.
2318 4758 2394 4811 Ού
2459 4757 2568 4827 γὰρ
2619 4756 2963 4826 πολυπληθὶα
3035 4757 3266 4827 στρατοῦ
3338 4759 3451 4820 τοῖς
3519 4756 3711 4819 Κίλιξι-

418 4845 711 4917 βαρσάροις
740 4847 908 4914 ἐστὶν,
937 4848 1172 4922 ἐπείπερ
1201 4852 1250 4904 oi
1280 4851 1437 4906 αὐτοὶ
1470 4853 1564 4905 καὶ
1589 4854 1728 4908 κατᾶ
1757 4855 1860 4926 γῆν
1885 4859 1978 4909 καὶ
1999 4853 2138 4907 κατὰ
2169 4850 2442 4905 θάλασσαν
2475 4851 2952 4920 ἐκστρατεύονται.

493 4958 614 5013 MO.
644 4959 724 5012 Ad
763 4973 1034 5016 summam
1077 4972 1281 5031 autem,
1319 4966 1365 5021 si
1401 4967 1524 5022 illos
1557 4975 1773 5023 vastare
1815 4969 1997 5038 cupis,

417 5051 598 5107 classe
651 5051 816 5105 simul
853 5054 1149 5120 maritima,
1181 5063 1237 5110 et
1285 5058 1640 5114 terrestribus
1687 5059 1857 5127 copiis
1907 5073 2002 5126 per

416 5147 655 5236 Taurum
695 5144 856 5201 simul
887 5162 1010 5201 cum
1055 5149 1180 5204 aliis
1227 5151 1521 5219 praefectis.
1558 5160 1610 5206 et
1648 5152 1882 5220 impetus
1917 5151 2004 5204 in-

417 5239 816 5305 cursionesque
859 5239 1124 5295 adversus
1170 5240 1292 5296 illos
1326 5240 1516 5309 facies,
1549 5250 1713 5311 atque
1746 5243 1818 5296 ita
1866 5257 2002 5310 prte-

417 5332 670 5385 datorum
700 5331 916 5385 illorum
945 5332 1221 5402 regionem
1251 5335 1626 5404 popula-beris,
1647 5333 2001 5404 quemadmo-

2172 4965 2284 5034 ρμ’.
2325 4966 2398 5018 Τὸ
2447 4965 2503 5017 δὲ
2549 4963 2845 5030 κεφάλαιον
2886 4965 2987 5033 τῆς
3025 4963 3250 5018 ἐκείνων
3279 4960 3689 5024 καταπτὼσεὼς

2100 5063 2264 5124 ἐστιν,
2296 5060 2382 5113 ἵνα
2413 5059 2548 5130 ὁμοῦ
2580 5060 2674 5114 καὶ
2721 5059 2808 5111 διὰ
2853 5058 3103 5128 πλωΐμου
3154 5057 3342 5110 στόλου
3375 5056 3468 5108 τοῦ
3507 5055 3695 5109 ἱκανοῦ

2101 5154 2195 5206 καὶ
2244 5152 2332 5206 διὰ
2388 5152 2612 5216 πεζικοῦ
2666 5151 2898 5222 στρατοῦ
2929 5153 3017 5204 διὰ
3049 5150 3142 5203 τοῦ
3179 5150 3392 5220 Ταύρου
3431 5149 3548 5218 ἅμα
3598 5148 3696 5201 καὶ

2101 5247 2307 5314 ἑτέροις
2335 5247 2730 5314 συστρατηγοῖς
2757 5246 2873 5306 τοῖς
2903 5242 3131 5314 ἀρκοῦσι
3159 5243 3408 5312 ποιήσεις
3433 5243 3533 5309 τὴν
3559 5241 3694 5293 κατ’

2103 5333 2282 5386 αὐτῶν
2325 5334 2630 5404 προσϐολὴν
2667 5335 2761 5387 καὶ
2789 5334 3095 5396 ἐπέλευσιν,
3130 5335 3221 5386 καὶ
3251 5331 3394 5385 οὕτω
3440 5331 3550 5384 τῶν
3603 5333 3699 5404 λῃ-

1968 5507 2200 5565 NOTAE.

492 5617 603 5692 (84)
641 5618 891 5694 ξραρίων)
938 5619 995 5674 In
1032 5619 1239 5694 codice
1277 5620 1465 5694 Checi.
1499 5624 1731 5694 παρίων,
1780 5625 1995 5678 videtur

421 5683 610 5765 fuisse.
643 5683 747 5765 Sed
782 5689 940 5748 nnale,
975 5691 1174 5759 φὰρας,
1201 5702 1253 5745 et
1289 5693 1502 5760 φαρὶον,
1531 5683 1614 5750 cst
1637 5683 1831 5765 equus.
1869 5694 2000 5750 Vide

421 5751 755 5805 Glossarium
787 5751 1057 5811 Ιιυειτιιίηέ

494 5819 606 5886 (85)
641 5822 761 5872 Τῶν
801 5827 910 5892 γὰρ
952 5829 1151 5882 ἵππων
1191 5831 1563 5900 ὀλλυμένων.
1611 5836 1993 5902 Scribebatar,

2109 5626 2300 5700 rd’wyi
2309 5645 2338 5698 ρ
2364 5629 2576 5700 ίππῳλυ
2587 5630 2780 5697 μένων.

2182 5697 2294 5765 (δεῖ)
2312 5697 2576 5753 Τούτων.
2603 5702 2814 5765 Scribe,
2845 5700 2939 5754 τοῦ
2967 5698 3096 5751 τῶν.

2183 5766 2294 5826 (87)
2325 5773 2385 5821 Ιιὶ
2410 5771 2562 5823 οὕτω
2594 5773 2792 5839 τείχει.
2832 5771 3043 5833 Scribe,
3072 5769 3120 5820 εἰ
3152 5765 3296 5820 οὕτω
3320 5766 3495 5838 τύχοι.

2180 5840 2291 5909 (ὅθ)
2325 5843 2617 5910 Ηλωὶζιιοιι.
2655 5842 3028 5909 διτιιιεὺῖιιιιν,
3073 5839 3334 5894 πλωῐκοΰ.
