4090 6436
471 405 575 471 θ8Ῑ

1494 399 1838 460 'I‘ACTHIA.
1868 425 1933 433 —
1958 400 2473 460 CONS'I'ITU'I‘IO'
2492 399 2712 461 XVIII.

3620 397 3731 464 982

449 523 593 577 στῶν
626 518 850 574 ἐκείνων
898 514 1247 583 καταληίσεις
1299 512 1400 581 τὴν
1449 512 1653 582 χώραν,
1686 508 1793 564 οἷόν
1846 528 1976 563 ποτε
2015 514 2042 565 ὁ

2160 513 2274 566 lum
2327 513 2676 567 clarissimus
2732 519 2897 581 atque
2956 510 3329 579 amplissimus
3379 518 3536 580 pater
3574 525 3733 566 meus

451 615 717 685 ἡμέτερος
751 606 1169 679 μακαριώτατος
1200 603 1383 674 πατὴρ
1414 606 1508 657 καὶ
1551 601 1837 671 Ῥωμαίων
1878 602 2041 655 αὐτοι

451 707 672 778 κράτωρ
706 704 764 754 ἐν
793 704 903 763 τοῖς
931 697 1093 751 αὑτοῦ
1144 695 1355 767 χρόνοις
1400 695 1488 747 διὰ
1536 693 1840 756 κελεύσεως
1875 691 2041 745 αὑτοῦ

452 797 603 857 θείας
634 791 959 860 πεποίηκεν.

525 884 674 959 ρμα’.
716 886 854 947 Τοὺς
876 884 931 937 δὲ
964 881 1365 951 πλησιάζοντας
1396 880 1461 950 τῇ
1500 876 1905 946 Μεσοποταμία
1934 877 2039 929 Συ-

457 979 575 1048 ρίας
602 972 951 1045 Σαρακηνοὺς
976 971 1042 1023 δι’
1064 966 1512 1038 ἐπιτηδευμάτων
1536 963 2041 1034 καταπολεμήσεις,

452 1063 533 1131 οἷς
563 1067 834 1137 ἐχρήσατο
881 1065 910 1116 ὁ
958 1061 1097 1115 κατὰ
1129 1061 1224 1113 τὸν.
1255 1058 1437 1131 μικρῷ
1471 1057 1814 1128 παρελθόντα
1852 1055 2046 1127 καιρὸν

452 1160 552 1232 τὴν
579 1155 861 1212 Θεοδοσίου
890 1155 1042 1207 πόλιν
1068 1153 1159 1207 ὑπ’
1184 1153 1411 1206 ἐκείνων
1436 1150 1810 1220 κατεχομένην
1840 1148 2043 1218 άιρελό-

458 1269 619 1325 μενος
670 1246 998 1318 στρατηγὸς,
1028 1246 1122 1299 καὶ
1163 1247 1227 1315 τῇ
1283 1244 1527 1315 ἡμετέρᾳ
1572 1242 1740 1313 αὐτὴν
1767 1240 2041 1309 ὑποτάξας

457 1344 725 1417 βασιλείᾳ.
745 1342 962 1413 Ἐπειδὴ
987 1341 1042 1394 δὲ
1069 1341 1119 1394 οἱ
1154 1339 1457 1410 Ῥωμαῖκοὶ
1489 1338 1645 1392 ἵπποι
1679 1335 1860 1407 άήθως
1889 1335 2044 1406 ἔχον-

454 1454 546 1501 τες
578 1436 712 1506 πρός
742 1452 801 1487 τε
833 1434 930 1497 τὰς
961 1432 1239 1503 καμήλους
1265 1471 1280 1492 ,
1312 1432 1407 1484 καὶ
1440 1428 1620 1497 πολλῷ
1664 1426 1866 1499 μᾶλλον
1907 1426 2045 1496 πρὸς

458 1528 523 1587 τὰ
548 1528 808 1597 τύμπανα
839 1525 1074 1596 ήχοῠντα
1102 1523 1196 1576 καὶ
1226 1522 1297 1576 τὰ
1322 1520 1598 1592 κύμϐαλα,
1626 1519 1919 1590 πτύρονται
1950 1518 2046 1570 καὶ

456 1619 891 1688 ἀποστρέφονται
918 1618 996 1679 είς
1027 1615 1094 1668 τά
1123 1612 1480 1678 ὀπίσω,ὥστε
1518 1612 1614 1665 καὶ
1644 1612 1725 1675 εἰς
1756 1609 1932 1680 φυγήν
1955 1609 2045 1663 διὰ

457 1711 702 1771 τοιούτου
740 1709 942 1780 τρόπου
972 1706 1231 1769 πολλάκις
1261 1707 1436 1776 ὁρμᾷν
1465 1705 1792 1775 Ῥωμαίους,
1830 1704 1909 1757 δεῖ
1929 1704 2043 1756 ἐθί-

460 1803 650 1869 ζεσθαι
699 1804 825 1864 τοὺς
862 1801 970 1853 τῶν
1019 1799 1370 1870 στρατιωτῶν
1406 1798 1628 1861 ἵππους,
1662 1798 1755 1851 καὶ
1806 1796 2042 1867 μάλιστα

2150 603 2383 658 Basilius
2416 604 2713 673 imperator
2747 600 3030 655 Romanus
3073 600 3298 656 fecerat.

2223 879 2344 934 Ml.
2378 880 2480 946 Qui
2528 879 2932 950 Mesopotamiae
2964 881 3136 951 Syria:
3192 881 3408 935 ﬁnitimi
3466 882 3730 937 Saraceni

2148 982 2296 1036 sunt,
2354 974 2421 1027 iis
2469 974 2847 1028 molitionibus
2904 974 3271 1043 oppugnabis,
3318 974 3520 1042 quibus
3568 975 3731 1044 paulo

2150 1078 2278 1119 ante
2311 1065 2413 1119 boc
2445 1079 2662 1134 tempus
2695 1065 2995 1133 imperator
3015 1066 3295 1119 exercitus
3330 1065 3421 1120 ille
3454 1066 3730 1129 utebatur,

2157 1156 2250 1225 qui
2283 1155 2577 1211 Theodosii
2605 1156 2882 1210 civitatem
2914 1157 2982 1210 ab
3018 1156 3126 1210 illis
3152 1166 3476 1225 occupatam
3505 1157 3737 1225 eripuit,

2146 1259 2200 1302 et
2231 1249 2284 1302 in
2321 1256 2566 1301 nostram
2602 1256 2923 1317 potestatem
2956 1247 3201 1316 redegit;
3234 1255 3286 1300 et
3319 1247 3575 1316 quoniam
3605 1247 3731 1315 equi

2151 1341 2383 1395 Romani
2418 1340 2602 1395 minus
2639 1339 2936 1395 assuefacti
2970 1348 3117 1402 sunt,
3160 1341 3244 1393 vel
3276 1340 3517 1409 aspectui
3547 1355 3733 1393 came-

2150 1432 2351 1494 lorum,
2399 1435 2480 1485 vel
2522 1440 2906 1502 tympanorum
2939 1432 3430 1501 cymbalorumque
3461 1431 3733 1500 strepitni,

2147 1522 2440 1576 exercendi
2473 1522 2539 1575 ad
2572 1523 2677 1576 ista
2704 1522 2832 1591 equi
2866 1530 3015 1584 sunt,
3049 1519 3429 1590 praefectorum
3463 1528 3645 1575 autem
3682 1536 3735 1574 et

2150 1615 2539 1684 primariorum
2569 1614 2812 1668 virorum
2852 1614 3226 1683 potissimum,
3264 1620 3320 1665 ut
3371 1628 3544 1681 neque
3575 1628 3735 1680 aspe-

2146 1716 2295 1762 ctum
2328 1706 2662 1760 camelorum
2716 1705 3015 1776 refugiant,
3049 1721 3227 1774 neque
3255 1707 3494 1759 sonitum
3524 1714 3735 1777 tympa-

2151 1812 2343 1850 norum
2378 1797 2867 1867 cymbalorumque
2900 1797 3215 1851 formident.
3250 1796 3439 1867 Itaque
3464 1799 3734 1866 permulta

460 1897 568 1950 τῶν
615 1892 1015 1964 πρωτοστατῶν
1065 1890 1162 1944 καὶ
1211 1890 1319 1943 τῶν
1353 1890 1653 1959 ἀρχόντων,
1696 1890 1775 1952 εἰς
1823 1905 1881 1941 τε
1920 1890 2047 1952 τοὺς

2160 1897 2302 1950 sunt,
2330 1904 2450 1958 quae
2480 1888 2606 1957 quis
2635 1888 2928 1959 diligenter
2955 1888 3173 1945 intuens
3198 1890 3263 1943 ad
3294 1890 3396 1944 ista
3426 1891 3737 1961 exeogitare

461 1987 699 2049 κτύπους
730 1985 839 2037 τῶν
869 1982 1173 2053 τυμπάνων
1204 1982 1295 2034 καὶ
1342 1980 1450 2033 τῶν
1498 1979 1794 2049 κυμϐάλων
1824 1978 1912 2031 διὰ
1940 1995 2050 2031 τοι-

2160 1981 2357 2049 possit.

460 2083 630 2153 αύτης
658 2080 984 2150 γυμνασίας,
1016 2077 1113 2131 καὶ
1146 2076 1210 2147 δὴ
1240 2076 1333 2130 καὶ
1365 2077 1443 2138 εἰς
1473 2076 1532 2126 τὸ
1564 2075 1804 2127 συνεῖναι
1831 2072 2100 2143 καμήλοις
2130 2074 2223 2125 καὶ
2258 2076 2333 2145 μὴ
2364 2074 2665 2139 ξενίζεσθαι
2708 2076 2775 2145 τῇ
2809 2075 2906 2145 θέᾳ
2939 2075 3142 2130 αὐτῶν.
3178 2077 3299 2128 Εἰσὶ
3327 2075 3383 2128 δὲ
3416 2077 3512 2128 καὶ
3551 2078 3739 2148 ἕτερα,

463 2178 609 2247 ειπερ
638 2174 701 2227 ἄν
729 2190 811 2234 τις
846 2170 1125 2239 ὲπινοήσοι
1172 2168 1307 2237 πρὸς
1341 2166 1407 2219 τά
1436 2165 1681 2237 παρόντα
1710 2161 2193 2228 διασκοπούμενος.

536 2264 679 2338 ρμβ’.
722 2262 1014 2316 Συνελόντα
1046 2261 1100 2312 δὲ
1131 2261 1307 2312 εἰπεῖν
1331 2258 1549 2311 ἅπαντα
1577 2256 1644 2307 τά
1675 2254 2055 2323 προειρημένα

464 2363 591 2428 περὶ
619 2360 715 2428 τῆς
743 2354 1009 2422 τακτικῆς
1047 2351 1279 2422 θεωρίας
1326 2350 1421 2404 in‘
1450 2349 1625 2419 ἀρχῆς
1662 2346 1790 2418 ἄχρι
1835 2346 2048 2408 τέλους,

464 2454 562 2503 ὅσα
587 2466 645 2502 τε
678 2449 765 2502 διά
808 2464 868 2499 τε
913 2445 982 2498 τὰ
1033 2444 1192 2507 ὅπλα,
1263 2441 1357 2494 καὶ
1402 2439 1497 2504 τὰς
1533 2439 1797 2503 ὁπλίσεις,
1831 2438 1924 2489 καὶ
1954 2437 2053 2498 τὰς

464 2542 771 2614 γυμνασίας
792 2582 806 2605 ,
839 2540 934 2592 καὶ
960 2537 1058 2599 τὰς
1098 2532 1430 2606 παρατάξεις
1458 2531 1555 2594 τὰς
1584 2528 1888 2599 πολεμικὰς
1907 2566 1923 2591 ,
1956 2526 2054 2579 καὶ

464 2639 561 2698 τας
586 2632 750 2695 ἄλλας
781 2628 1155 2699 στρατηγικὰς
1191 2624 1469 2695 μεθόδους,
1501 2623 1714 2691 εἴρηται
1745 2620 1929 2673 ’ἑνεκεν
1958 2616 2053 2669 τοῦ

466 2723 799 2799 Σαρακηνῶν
835 2722 1018 2784 ἔθνους
1053 2722 1208 2790 ἡμῖν,
1241 2718 1335 2773 κα)⁵
1364 2713 1723 2787 παρηγγέλθη
1751 2753 1766 2776 ,
1814 2711 1908 2765 καὶ
1938 2710 2054 2763 δια-

465 2820 745 2872 τέτακται.
774 2812 948 2868 Τοῦτο
976 2813 1083 2881 γὰρ
1116 2809 1211 2863 καὶ
1238 2808 1541 2877 γειτονεῦον
1571 2807 1638 2874 τῇ
1672 2802 1920 2873 ἡμετέρα
1956 2817 2055 2852 πο-

466 2910 660 2983 λιτείᾳ,
691 2908 845 2962 οὐδὲν
876 2901 1039 2977 ἦττον
1072 2902 1166 2955 τοῦ
1202 2902 1373 2954 πάλαι
1407 2895 1677 2968 Περσικοῦ
1721 2894 1908 2955 ἔθνους
1938 2894 2054 2953 τοῖς

467 3002 712 3074 ἀρχαίοις
748 2997 1026 3071 βασιλεῦσι
1077 2995 1145 3048 τά
1183 2992 1277 3047 νῦν
1311 2992 1442 3061 ἡμῖν
1476 2988 1710 3058 ἐνοχλεῖ,
1749 2985 1842 3037 καὶ
1873 2999 2053 3074 nam:

466 3092 627 3145 λυπεῖ
653 3091 778 3153 τοὺς
807 3089 1108 3160 ἡμετέρους
1154 3084 1426 3151 ὑπηκόους
1478 3080 1537 3133 τὸ
1594 3076 1962 3143 καθεκάστην,
1991 3065 2052 3125 οὗ

467 3182 628 3260 χάριν
678 3181 771 3235 καὶ
822 3180 911 3232 τὸν
964 3176 1206 3247 παρόντα
1252 3174 1349 3243 τῆς
1404 3168 1706 3240 πολεμικῆς
1755 3163 2053 3260 διατάξεως

2228 2256 2350 2309 ΗΞ.
2397 2256 2553 2310 Brevi
2586 2266 2792 2320 autem,
2832 2272 3177 2327 quazcunque
3208 2272 3237 2310 a
3274 2257 3433 2311 nobis
3464 2257 3531 2311 de
3563 2274 3737 2328 appa-

2156 2360 2274 2403 ratu
2322 2351 2469 2413 belli,
2502 2352 2569 2404 de
2615 2355 2807 2415 armis,
2864 2361 3165 2416 armatura,
3223 2352 3741 2416 exercitationibus,

2158 2442 2380 2496 aciebus
2408 2442 2641 2507 bellicis,
2673 2457 2738 2497 ac
2774 2443 2982 2510 reliqua
3024 2442 3317 2510 disciplina
3353 2443 3572 2495 militari
3608 2459 3741 2496 eon-

2156 2535 2363 2602 scripta
2390 2542 2543 2599 sunt,
2580 2547 2644 2587 ea
2675 2532 2860 2585 omnia
2891 2532 2957 2585 ad
2992 2531 3300 2586 Saracenos
3342 2533 3743 2601 oppugnandos

2158 2626 2629 2689 recensebantur;
2665 2626 2779 2679 haec
2804 2624 2949 2678 enim
2982 2640 3118 2693 gens
3154 2624 3381 2677 ﬁnitima
3420 2634 3607 2678 nostro
3643 2626 3745 2677 im-

2159 2717 2330 2785 perio,
2362 2714 2826 2784 quemadmodum
2866 2713 3047 2769 Persa:
3074 2715 3204 2767 olim
3242 2716 3476 2778 fuerant,
3506 2730 3609 2768 non
3643 2716 3743 2767 mi-

2161 2820 2264 2856 nus
2324 2806 2429 2858 sub
2497 2814 2747 2857 nostrum
2806 2804 3097 2871 imperium
3154 2803 3433 2872 subjectos
3495 2804 3744 2858 homines

2158 2903 2343 2959 vexat,
2376 2904 2542 2963 atque
2577 2895 2653 2948 illi
2714 2893 2842 2947 olim
2894 2893 3164 2947 fecerunt.
3203 2895 3393 2963 Itaque
3432 2894 3593 2963 hujus
3621 2895 3744 2948 libri

2158 2983 2545 3038 conscribendi
2585 2983 2827 3037 laborem
2852 2984 3221 3052 suscepimus,
3256 2992 3314 3036 ut
3342 2984 3517 3037 nostri
3551 2984 3747 3038 adver—

2160 3090 2255 3131 sus
2298 3074 2421 3128 illos
2473 3074 2773 3144 paratiores
2827 3074 3322 3143 instructioresque
3355 3083 3562 3129 essent.
3605 3076 3746 3129 Alia:

2161 3183 2290 3222 vero
2324 3168 2566 3222 acierum
2623 3168 2812 3222 formae
2860 3184 2889 3221 a
2941 3170 3101 3224 nobis
3142 3180 3401 3239 praeterea
3442 3170 3746 3225 adinventm

470 3255 841 3345 ἀνεδεξάμεθα
876 3271 1055 3324 πόνον.
1103 3267 1377 3337 Εὕρηνται
1408 3265 1464 3317 δὲ
1498 3264 1630 3335 ἡμῖν
1658 3260 1793 3331 πρὸς
1826 3260 1940 3320 τοῖς
1974 3258 2053 3309 εἰ-

2160 3266 2311 3325 sunl,
2341 3258 2544 3327 quibus
2581 3260 2875 3313 adversum
2909 3259 3178 3315 barbaros
3208 3276 3343 3317 usus
3375 3276 3627 3331 magnam
3661 3264 3744 3318 vi-

378 3408 381 3413 .
471 3366 729 3445 ρημένοις
774 3364 869 3418 καὶ
909 3362 1074 3434 ἕτερα
1107 3358 1467 3431 παρατάξεων
1496 3356 1776 3426 σχήματα,
1805 3346 1885 3445 ei;
1912 3367 2052 3445 1911:

472 3440 729 3530 σάμενος,
750 3450 796 3511 ὧ
820 3453 1116 3526 στρατηγὲ,
1147 3452 1288 3506 κατὰ
1317 3450 1410 3505 τοῦ
1435 3447 1679 3503 τοιούτου
1713 3440 2051 3516 βαρὸαρικοῦ

470 3549 657 3614 ἔθνους
678 3548 1081 3618 εὐδοκιμήσεις.
1112 3544 1234 3597 Εἰσὶ
1266 3542 1323 3597 δὲ
1354 3541 1551 3597 ταῦτα’

546 3636 693 3713 ρμγ’.
735 3638 995 3707 Ποιήσεις
1041 3632 1344 3705 παράταξιν
1377 3632 1631 3703 ποικίλην
1672 3629 1748 3695 ὡς
1796 3632 1855 3685 ὲν
1899 3648 2055 3701 τυπῳ

470 3736 644 3789 εἰπεῖν
688 3731 797 3786 ἀπὸ
842 3729 1053 3803 ἀνδρῶν
1082 3727 1127 3797 ,δ
1154 3727 1477 3781 ἐπιλέκτων.
1507 3724 1692 3788 Οὕτως
1724 3722 1917 3795 πρώτη
1952 3724 2054 3795 μὲν

469 3827 611 3880 ἔστω
637 3820 963 3896 παράταξις,
988 3823 1023 3893 ή
1053 3820 1323 3891 λεγομένη
1347 3819 1647 3889 πρόμαχος,
1676 3815 1890 3887 ἀνδρῶν
1922 3815 2051 3889 ,αφλ

471 3920 566 3979 καὶ
603 3919 683 3982 είς
715 3918 841 3987 τρία
873 3916 1172 3986 διαιρήσεις
1205 3914 1295 3966 ῐσα
1326 3913 1495 3983 μέρη,
1526 3911 2051 3982 δεξιὸν,ἀριστερδν,

474 4013 661 4085 μέσον,
691 4011 831 4064 ὥστε
863 4005 1003 4063 εἶναι
1036 4006 1325 4061 καὶταῦτα
1352 4006 1461 4059 ἀπὸ
1483 4004 1694 4075 ἀνδρῶν
1721 4002 1795 4071 φ’,
1827 4002 2055 4071 ἔγγιστα

471 4105 719 4175 ἀλλήλων
741 4104 848 4156 τῶν
872 4100 1041 4171 τριῶν
1070 4098 1277 4154 τούτων
1298 4095 1507 4162 τάξεων
1533 4094 2053 4166 παρατεταγμένων,

471 4200 547 4260 ὡς
579 4198 753 4250 δοκεῖν
792 4195 920 4265 μίαν
943 4189 1080 4245 εἷναι
1115 4190 1213 4264 τὴν
1242 4189 1417 4252 τάξιν.
1452 4187 1562 4258 Τὴν
1591 4186 1647 4239 δὲ
1682 4185 1939 4254 δευτέραν
1961 4184 2056 4237 τά·

474 4293 555 4357 ξιν
582 4290 831 4361 ποιήσεις
872 4286 980 4340 ἀπὸ
1026 4283 1237 4355 ἀνδρῶν
1269 4300 1337 4348 ,α,
1367 4282 1433 4352 ἢν
1466 4283 1545 4345 είς
1576 4280 1816 4349 τέσσαρα
1845 4278 2055 4347 διαιρή-

472 4398 587 4444 σεις
621 4380 762 4451 μέρη
796 4378 903 4431 ἀπὸ
931 4378 1048 4440 ἑνὸς
1084 4374 1467 4444 σαγιττοὸόλου
1495 4371 1741 4442 ἀλλήλων
1775 4369 2056 4439 διιστάμε-

472 4489 560 4539 να,
590 4471 731 4526 ὥστε
766 4467 905 4524 εἶναι
931 4469 1071 4523 αὐτὰ
1094 4469 1200 4522 ἀπὸ
1229 4465 1438 4537 ἀνδρῶν
1466 4465 1562 4531 σν’,
1587 4465 1767 4518 ὀπίσω
1786 4465 1881 4532 τῆς
1908 4464 2057 4532 πρώ-

472 4582 569 4635 της
600 4562 959 4635 παρατάξεως
987 4560 1292 4632 ἱσταμένων
1315 4599 1329 4624 ,
1364 4558 1503 4614 ὥστε
1534 4560 1647 4627 εἴγε
1682 4557 1836 4610 τοῦτο
1874 4555 2054 4625 συμϐῇ

474 4657 573 4725 τήν
596 4653 819 4725 πρώτην
845 4651 1193 4723 ὑποπηδῆσαι
1211 4648 1382 4721 τάξιν,
1415 4645 1771 4718 ὑποδέχεσθαι
1804 4643 1973 4715 αὐτὴν
2001 4646 2057 4697 ὲν

473 4748 587 4809 τοῖς
632 4746 809 4806 κενοῖς
855 4742 1036 4796 αὐτῶν
1085 4742 1185 4811 τῆς
1227 4739 1542 4811 διαιρέσεως
1576 4738 1795 4801 τόποις,
1828 4735 1921 4788 καὶ
1951 4730 2061 4786 οἷον

480 4839 609 4909 μίαν
640 4838 738 4891 σὺν
758 4836 937 4900 αὐτοῖς
964 4834 1208 4904 γίνεσθαι
1235 4832 1563 4904 παράταξιν.
1583 4832 1624 4882 Τ
1629 4830 1663 4883 ὰ
1684 4830 1793 4900 γὰρ
1818 4831 2061 4898 τέσσαρα

480 4910 623 5003 μέρη
651 4930 752 5000 τῆς
780 4928 1037 4998 δευτέρας
1081 4926 1287 4991 τάξεως
1335 4924 1464 4995 τρία
1512 4924 1658 4975 ποιεῖ
1701 4921 1832 4974 κενὰ
1860 4919 2057 4989 χωρία,

478 5026 557 5088 είς
583 5024 730 5095 ἅπερ
753 5022 803 5075 οί
819 5022 919 5091 τῆς
951 5020 1175 5091 πρώτης
1197 5018 1403 5082 τάξεως
1430 5016 1675 5077 ἐλθόντες
1700 5013 2062 5081 συστήσονται

477 5122 543 5188 τῇ
580 5117 830 5187 δευτέραο
851 5114 945 5166 ἐπὶ
965 5114 1192 5174 ταύταις
1217 5110 1273 5171 δὲ
1290 5111 1538 5181 ποιήσεις
1562 5109 1655 5162 καλ⁹
1678 5106 2066 5174 νωτοφύλακας

479 5211 677 5282 ἀνδρας
714 5215 765 5277 φ’
803 5206 895 5270 οὓς
927 5206 1226 5278 διαιρήσεις
1274 5206 1354 5266 είς
1399 5203 1542 5273 μέρη
1576 5200 1670 5254 δύο
1703 5200 1844 5252 κατὰ
1874 5198 2065 5267 οὐρὰν,

479 5302 598 5370 ήτοι
627 5299 799 5365 δεξιὸν
827 5297 918 5350 καὶ
944 5293 1251 5366 ἀριστερὸν,
1283 5290 1535 5345 ἵστασθαι
1565 5290 1620 5342 δὲ
1650 5288 1847 5350 αὐτοὺς
1891 5287 2067 5339 ὀπίσω

480 5395 577 5463 τῆς
609 5392 864 5461 δευτέρας
891 5388 1252 5461 παρατάξεως
1299 5388 1378 5449 είς
1424 5385 1617 5456 τρίτην
1647 5382 1820 5447 τάξιν,
1852 5381 1975 5451 ἕχον
2008 5382 2067 5432 το

480 5490 710 5544 ἕκαστον
757 5487 922 5557 μέρος
970 5486 1073 5539 ἀνὰ
1120 5490 1215 5547 ον’,
1248 5481 1388 5534 ὥστε
1424 5480 1519 5533 καὶ
1563 5480 1620 5530 ὲν
1671 5475 1847 5547 καιρῴ
1876 5474 2065 5544 χρείας

483 5581 679 5643 αὐτοὺς
724 5578 1157 5650 προερχομένους
1205 5572 1455 5626 ὲνοῦσθαι
1506 5569 1641 5639 πρὸς
1694 5566 1946 5637 βοήθειαν
1998 5568 2062 5633 τῇ

482 5674 711 5746 δευτέρᾳ
746 5672 1045 5744 παρατάξει
1072 5666 1439 5738 ὑποδεχομένη
1468 5663 1563 5733 τὴν
1591 5660 1831 5731 πρώτην.
1849 5656 2063 5718 Ταύτας

487 5767 667 5837 μέντοι
706 5768 802 5829 τὰς
839 5770 986 5837 τρεῖς
1033 5764 1247 5830 τάξεις,
1280 5763 1327 5813 εί
1362 5762 1455 5812 καὶ
1481 5754 1815 5829 διῃρημένοις
1847 5751 1937 5803 διά
1966 5750 2063 5817 τὴν

484 5864 670 5935 χρείαν
699 5863 1001 5936 ὡρίσαμεν,
1034 5859 1148 5917 ἀλλ’
1178 5858 1268 5913 οὖν
1295 5857 1575 5929 ήνωμὲνας
1596 5852 1659 5922 τῇ
1680 5845 1937 5921 meum
1970 5843 2063 5897 καὶ

2160 3352 2389 3407 ctoriam
2415 3350 2783 3421 comparabis.

2235 3635 2357 3689 H3.
2394 3632 2613 3688 Variam
2641 3634 2814 3689 aciem
2846 3634 2913 3689 ad
2947 3634 3092 3690 hunc
3131 3635 3354 3691 modum
3393 3636 3635 3693 instrues
3667 3639 3750 3692 ri-

2162 3741 2349 3780 rorum
2385 3735 2621 3795 quatuor
2653 3726 2906 3780 millium.
2942 3726 3120 3781 Prima
3159 3727 3233 3782 sit
3271 3727 3439 3791 acies,
3469 3744 3592 3797 quae
3623 3743 3749 3799 pro-

2164 3818 2460 3888 pugnatrix
2491 3818 2718 3881 dicitur,
2760 3819 3004 3873 virorum
3029 3818 3177 3872 tnille
3208 3820 3661 3890 quingentorum,
3692 3829 3749 3875 et

2164 3911 2218 3965 in
2270 3919 2381 3965 tres
2426 3919 2608 3979 partes
2653 3926 2773 3966 eam
2822 3911 3079 3965 divides:
3118 3911 3391 3976 dextram,
3437 3913 3748 3976 sinistram,

2164 4004 2420 4069 mediam,
2446 4012 2505 4059 ut
2533 4004 2760 4075 singula:
2788 4006 3211 4074 quingentorum
3236 4005 3480 4058 virorum
3507 4004 3617 4059 sint
3640 4021 3654 4069 ;
3684 4020 3750 4060 ac

2164 4102 2236 4153 ita
2272 4114 2439 4169 prope
2474 4113 2533 4152 se
2568 4104 2757 4151 mutuo
2810 4098 3133 4162 collocabis,
3169 4105 3226 4150 ut
3270 4112 3378 4151 una
3431 4097 3578 4151 acies
3627 4112 3751 4153 esse

2166 4190 2437 4244 rideatur.
2481 4188 2792 4245 Secundam
2850 4190 3021 4244 aciem
3086 4190 3330 4243 virorum
3372 4190 3518 4253 mille
3557 4189 3748 4253 facies,

2164 4299 2398 4353 eamque
2460 4284 2513 4337 in
2561 4292 2800 4353 quatuor
2847 4290 3031 4353 partes
3063 4282 3297 4347 divides,
3333 4283 3495 4337 unius
3537 4283 3752 4352 sagitta:

2160 4375 2309 4444 jactu
2342 4390 2372 4428 a
2409 4389 2467 4429 se
2501 4383 2691 4429 mutuo
2721 4375 3011 4441 distantes,
3040 4382 3099 4427 ut
3132 4374 3187 4427 in
3228 4389 3559 4443 unaquaque
3595 4382 3753 4443 parte

2164 4468 2383 4522 ducenti
2419 4466 2820 4538 quinquaginta
2851 4466 2954 4520 viri
2985 4474 3111 4535 post
3150 4466 3380 4536 primam
3420 4466 3592 4520 aciem
3637 4467 3750 4520 col-

2167 4560 2438 4614 locentur.
2476 4558 2634 4625 Quod
2677 4558 2722 4613 si
2756 4558 2987 4629 primam
3022 4560 3194 4613 aciem
3225 4557 3571 4612 retrocedere
3609 4571 3749 4611 eon-

2166 4652 2361 4722 tingal,
2390 4653 2443 4705 in
2480 4666 2649 4706 vacua
2697 4650 2979 4706 interstitii
3024 4651 3141 4704 loca
3176 4649 3533 4717 recipiantur,
3583 4656 3753 4716 atque

2162 4743 2297 4798 adeo
2333 4758 2441 4797 una
2480 4760 2605 4798 eum
2641 4742 2749 4797 illis
2779 4744 2926 4797 acies
2952 4741 3102 4794 ﬁant.
3134 4738 3268 4793 Nam
3306 4748 3543 4810 quatuor
3566 4751 3749 4810 partes

2163 4836 2422 4891 secunda:
2452 4838 2590 4892 aciei
2618 4837 2721 4890 tria
2754 4835 3037 4889 intervalla
3064 4831 3293 4896 faciunt,
3328 4833 3381 4885 in
3424 4849 3545 4902 qua:
3572 4833 3749 4902 prima

2162 4928 2311 4981 acies
2345 4944 2404 4982 se
2437 4927 2726 4997 recipiens,
2760 4925 2827 4978 ad
2860 4924 3157 4978 secundam
3193 4923 3364 4977 aciem
3399 4932 3747 4995 aggregetur.

2164 5017 2292 5071 I’ost
2319 5019 2441 5085 hos,
2485 5018 2780 5089 tergistites
2809 5016 3071 5081 instrues,
3108 5015 3356 5069 homines
3391 5016 3744 5086 quingentos,

2168 5126 2307 5180 quos
2340 5109 2478 5163 duas
2518 5110 2570 5162 in
2619 5114 2803 5177 partes
2838 5121 2865 5158 a
2905 5116 3057 5175 tergo
3100 5104 3354 5161 divides:
3405 5106 3656 5159 dextram
3693 5115 3750 5161 et

2168 5205 2472 5257 sinistram.
2507 5198 2613 5254 llos
2664 5213 2694 5252 a
2724 5208 2879 5269 tergo
2918 5197 3175 5252 secundae
3208 5198 3347 5252 aciei
3383 5198 3645 5263 instrues,
3682 5213 3749 5251 ac

2167 5295 2213 5347 si
2248 5292 2406 5345 tertia
2438 5291 2587 5345 acies
2618 5297 2825 5355 essent,
2857 5297 2913 5343 ut
2944 5302 3284 5358 unaquaeque
3317 5300 3445 5356 pars
3477 5286 3746 5340 ducentos

2167 5384 2561 5453 quinquaginta
2597 5382 2745 5437 viros
2800 5382 3016 5446 habeat,
3051 5388 3107 5434 ut
3149 5381 3195 5435 si
3226 5380 3443 5449 quando
3488 5388 3751 5447 opportu-

2173 5494 2300 5533 num
2339 5477 2431 5539 sit,
2468 5484 2521 5531 et
2555 5475 2657 5544 ipsi
2716 5474 2784 5528 ad
2830 5474 3125 5529 secundam
3169 5474 3340 5527 aciem
3380 5470 3748 5539 adiuvandam

2173 5571 2755 5645 progrediantur,-qua3
2785 5568 2896 5637 jam
2922 5566 3154 5634 primam
3184 5570 3483 5633 receperat.
3503 5560 3611 5615 llas
3636 5568 3750 5614 tres

2173 5666 2320 5719 acies
2349 5664 2414 5717 ad
2450 5680 2609 5717 ustnn
2637 5670 2944 5733 separatas,
2966 5657 3377 5729 propinquitate
3403 5655 3753 5725 conjunctas,

2174 5759 2239 5812 ad
2266 5774 2325 5813 se
2357 5768 2545 5811 mutuo
2580 5754 2919 5826 adjuVandas
2952 5753 3176 5807 idoneas
3198 5765 3320 5805 esse
3350 5748 3751 5819 perspeximus.

2175 5850 2267 5908 llis
2322 5850 2585 5924 adjunges
2633 5864 2838 5906 cornua
2891 5861 3079 5917 prope,
3108 5851 3161 5901 ct
3197 5856 3383 5899 coram
3415 5839 3592 5912 prima
3630 5836 3752 5893 acie
