4090 6436
373 418 397 437 «⁸
402 416 421 437 Ι

373 418 397 437 γε

326 414 441 484 903

1563 405 1841 469 LEONIS
1870 400 2338 467 PIIILOSOPIII

3512 397 3625 471 981

325 531 396 584 ad
433 528 689 583 dextrum
724 522 870 579 latus
906 518 1247 587 cornistites,
1282 518 1350 573 ad
1400 517 1690 575 sinistrum
1728 519 1928 572 latera-

2045 520 2144 579 τοῖς
2180 516 2324 587 ὑπὲρ
2354 512 2603 582 ἀλλήλων
2633 511 2983 583 ἀγωνίσματι
3009 510 3410 584 κατανοοῦμεν,
3442 510 3535 567 διὰ
3561 513 3633 566 τὸ

326 634 468 685 nos;
506 617 652 687 iique
674 630 737 670 ex
763 613 1015 668 ducentis
1050 612 1185 667 viris
1212 611 1602 674 conﬁciantur,
1632 617 1689 662 ut
1721 609 1789 663 ad
1822 609 1921 663 lio-

333 709 503 763 stiuni
542 706 715 760 aciem
745 702 1097 759 ambiendam
1128 701 1452 756 cornistites
1492 700 1669 770 parati
1700 701 1834 763 sint,
1868 707 1924 753 et

240 817 249 855 ε
330 802 397 854 ad
432 802 640 861 hostes,
675 799 767 868 qui
800 795 1241 851 circumcludere
1276 810 1375 850 vos
1414 803 1710 857 conantur,
1753 793 1925 861 impe-

330 892 582 957 diendos,
617 891 848 945 lateraui
874 888 1131 944 instructi
1156 888 1286 943 sint.
1321 887 1525 943 Praeter
1555 886 1658 941 lios
1689 894 1925 954 utroque

266 1042 271 1047 _
330 986 385 1039 iu
413 985 582 1038 latere
606 983 826 1038 eminus
849 983 1109 1039 cohortes
1130 982 1269 1036 duas
1291 979 1658 1035 ducentorum
1681 978 1923 1031 virorum

276 1058 289 1153 ’ζ
331 1076 659 1139 collocabis,
686 1088 828 1146 quas
856 1075 987 1129 hinc
1042 1082 1206 1145 atque
1248 1074 1399 1128 illinc
1439 1075 1575 1126 aciei
1618 1072 1673 1125 iu
1705 1070 1926 1125 insidiis

277 1152 298 1186 ’λ’
331 1168 659 1231 collocabis,
721 1168 815 1238 qui
863 1166 1140 1237 drungisti
1175 1174 1231 1221 et
1265 1164 1555 1221 confertim
1613 1163 1921 1235 prosiliant,

331 1269 386 1312 et
414 1258 655 1312 hostium
700 1258 872 1311 latera
911 1257 1195 1311 invadant.
1228 1255 1288 1310 lu
1315 1257 1491 1311 tribus
1523 1264 1705 1309 autem
1740 1255 1928 1311 vacuis

333 1350 530 1419 spatiis
557 1359 723 1419 atque
780 1350 1087 1404 intervallis
1125 1349 1383 1404 secunda:
1422 1348 1560 1402 aciei
1593 1347 1745 1402 viros
1794 1362 1928 1401 cen-

336 1451 473 1505 tum,
508 1448 602 1496 aut
624 1442 895 1496 ducentos
925 1442 1247 1506 collocabis,
1285 1449 1346 1494 ut
1372 1440 1628 1494 videatur
1677 1453 1783 1493 una
1810 1438 1933 1507 jun-

333 1543 537 1603 ctaque
559 1533 708 1589 acies
738 1548 881 1587 esse.
919 1531 1008 1597 lli,
1048 1531 1093 1587 si
1128 1533 1259 1603 quid
1289 1548 1431 1602 opus
1460 1534 1553 1595 sit,
1589 1532 1768 1587 locum
1799 1532 1932 1586 dent

337 1612 530 1697 prima:
568 1624 701 1679 aciei
754 1622 823 1677 ad
867 1623 983 1678 haec
1033 1624 1321 1678 intervalla
1358 1638 1418 1679 se
1458 1623 1790 1693 recipienti;
1842 1622 1930 1677 sin

339 1719 547 1782 minus,
601 1714 670 1770 ad
725 1715 907 1785 fugam
937 1715 1198 1770 incitatos
1230 1716 1556 1786 reprimant,
1583 1724 1638 1770 et
1674 1715 1740 1769 ad
1773 1731 1929 1771 suam

340 1811 584 1879 ipsorum
649 1808 820 1862 aciem
881 1819 977 1860 cos
1038 1806 1339 1876 impellant,
1388 1815 1443 1860 et
1513 1806 1580 1861 ad
1628 1802 1932 1876 tergistitcs

2023 608 2123 661 τοῦ
2173 609 2453 679 σχήματος
2505 603 2745 659 εὔθετον.
2766 603 3140 669 Ἐπὶλτούτοις
3178 604 3400 675 στήσεις
3434 604 3529 659 καὶ
3558 605 3627 658 τά

2023 702 2295 771 λεγόμενα
2317 700 2526 773 κέρατα
2553 698 2697 752 κατᾶ
2721 700 2912 769 χεῖραν
2936 697 3171 768 (89),καὶ
3192 695 3506 769 ἔμπροσθεν
3524 697 3629 765 τῆς

2025 793 2251 867 πρώτης
2274 793 2504 859 τάξεως,
2542 793 2668 855 τοὺς
2707 791 2805 862 μὲν
2834 791 3165 861 λεγομένους
3200 790 3628 861 ὑπερκεράστας

2025 888 2170 941 κατὰ
2201 887 2261 939 τὸ
2294 884 2470 952 δεξιὸν
2507 884 2672 955 μέρος
2696 922 2711 945 ,
2740 882 2868 945 τοὺς
2897 881 2954 935 δὲ
2989 879 3441 950 πλαγιοφύλακας
3484 880 3631 933 κατὰ

2024 980 2087 1033 τδ
2117 976 2548 1047 εὐώνυμον.Καὶ
2566 974 2737 1028 ταῦτα
2766 973 3008 1026 ἔστωσαν
3027 974 3134 1028 ἀπδ
3156 978 3201 1025 σ¹
3225 970 3457 1042 ἀνδρῶν,
3484 970 3629 1024 ὥστε

2028 1066 2168 1124 εῖναι
2200 1069 2452 1140 ἑτοίμους
2483 1068 2563 1131 εἰς
2586 1065 2647 1118 τὸ
2671 1066 2953 1119 κυκλῶσαι
2976 1065 3078 1135 τὴν
3107 1063 3487 1135 ἐπερχομένην
3515 1063 3629 1116 τῶν

2031 1158 2309 1228 πολεμίων
2354 1156 2662 1227 παράταξιν
2711 1156 2839 1219 τοὺς
2887 1153 3330 1226 ὑπερκεράστας,
3364 1154 3445 1217 είς
3476 1152 3532 1206 δὲ
3568 1155 3633 1206 τὸ

2029 1248 2275 1302 κωλῦσαι
2303 1247 2403 1317 τὴν
2436 1247 2531 1301 ἀπ’
2562 1246 2788 1299 ἐκείνων
2834 1244 2973 1298 κατὰ
3016 1244 3114 1314 τῆς
3163 1245 3259 1315 σῆς
3293 1244 3498 1311 τάξεως
3527 1243 3632 1296 κύ-

2031 1342 2230 1395 κλωσιν
2256 1342 2382 1404 τοὺς
2413 1339 2730 1409 εὐωνύμους
2771 1337 3225 1407 πλαγιοφύλακας
3246 1378 3259 1400 ,
3296 1338 3329 1411 ἢ
3359 1336 3500 1407 τάχα
3533 1336 3633 1390 καὶ

2032 1435 2232 1497 αὐτοὺς
2283 1435 2363 1497 είς
2407 1432 2686 1485 κύκλωσιν
2736 1430 3011 1502 ἑτοίμους.
3061 1429 3173 1482 Καὶ
3222 1430 3359 1500 πρὸς
3418 1427 3634 1492 τούτοις

2034 1528 2286 1599 ποιήσεις
2317 1528 2374 1580 ἐν
2402 1525 2644 1596 ἑκατέρᾳ
2676 1524 2887 1597 πλευρᾷ
2935 1522 3214 1596 μακρόθεν
3244 1523 3504 1594 τάγματα
3535 1523 3641 1576 δύο

2033 1620 2142 1674 άπὸ
2188 1620 2401 1691 ἀνδρῶν
2434 1617 2499 1683 α’,
2531 1618 2675 1671 ὥστε
2722 1620 2803 1682 είς
2856 1618 3106 1686 ὲνέδρους
3150 1616 3430 1686 γενέσοαι,
3461 1617 3632 1688 ἤγουν

2036 1712 2409 1782 ἐγκρυμματα
2458 1710 2612 1765 ἔνθεν
2662 1712 2923 1765 κακεῖοεν
2959 1710 3060 1780 τῆς
3119 1710 3220 1781 σῆς
3273 1709 3635 1781 παρατάξεως

2036 1802 2300 1867 ἑστῶτας,
2330 1802 2543 1873 ἁθρόως
2597 1802 2656 1854 δὲ
2710 1802 2806 1855 καὶ
2863 1801 2925 1854 τὸ
2976 1800 3273 1873 λεγόμενον
3316 1799 3636 1871 δρουγγιστὶ

339 1912 668 1969 magnopere
692 1911 815 1950 cum
849 1896 958 1949 illis
988 1904 1174 1964 postea
1194 1894 1371 1965 juncti
1401 1896 1781 1963 adjuvaliunt:
1809 1912 1931 1966 qua:

2045 1895 2413 1965 ὲκπηδῶντας,
2446 1894 2542 1947 καὶ
2585 1894 2731 1948 κατὰ
2779 1893 2888 1946 τῶν
2922 1893 3178 1966 πλευρῶν
3210 1893 3321 1947 τῶν
3356 1893 3636 1966 πολεμίων

339 2005 431 2046 res
460 2005 569 2046 non
600 2004 770 2060 parvo
797 1987 1054 2058 praesidio
1077 1995 1160 2042 est
1190 1988 1258 2042 iis
1282 1988 1372 2057 qui
1403 1989 1457 2042 in
1484 1987 1677 2057 prmlio
1702 1988 1927 2044 fuerint.

341 2085 443 2150 Qui
486 2092 697 2140 restant
727 2090 947 2137 centum
986 2082 1109 2147 viri,
1146 2097 1270 2136 cum
1314 2080 1651 2153 imperatore
1697 2083 1821 2153 ipso
1854 2083 1937 2137 si-

342 2178 454 2231 mul
478 2180 532 2230 in
569 2176 917 2247 expeditione
941 2175 1263 2245 procedant,
1298 2186 1357 2229 ut
1391 2176 1436 2230 si
1470 2175 1693 2245 quando
1721 2174 1935 2229 afﬂicta:

343 2267 482 2337 parti
507 2266 943 2322 succurrendum
968 2266 1059 2329 sit,
1085 2266 1121 2319 ii
1146 2282 1212 2320 eo
1239 2266 1395 2321 missi
1424 2282 1682 2337 magnum
1708 2267 1762 2320 iu
1791 2268 1935 2322 bello

345 2364 683 2408 momentum
741 2352 993 2419 all'erant,
1045 2363 1099 2409 et
1138 2355 1429 2426 praesentia
1463 2372 1564 2413 sua
1617 2356 1933 2410 inclinatam

342 2453 553 2515 partem
610 2445 920 2499 sublevent.
954 2445 1132 2514 Atque
1187 2447 1252 2499 ad
1288 2449 1433 2500 hunc
1469 2446 1689 2500 modum
1735 2447 1934 2516 prima,

344 2537 611 2601 Secunda,
643 2537 805 2591 tertia
840 2538 987 2591 acies
1020 2539 1324 2602 instructae,
1362 2539 1573 2592 militiae
1616 2550 1818 2593 nostra:
1860 2539 1941 2593 la-

344 2629 547 2695 terani,
598 2629 892 2693 cornistes,
936 2628 1256 2699 tergistites,
1318 2638 1373 2684 ct
1404 2628 1640 2696 insidiae,
1674 2639 1729 2685 et
1764 2630 1816 2684 iu
1852 2631 1941 2685 iu-

346 2718 601 2774 terstitiis
652 2718 747 2789 qui
804 2728 927 2773 sunt
963 2718 1152 2787 positi,
1186 2728 1240 2773 et
1280 2720 1373 2788 qui
1427 2721 1481 2774 iu
1515 2720 1779 2776 subsidiis
1813 2736 1939 2776 cum

346 2811 679 2880 imperatore
715 2816 866 2876 sunt,
898 2817 1138 2879 quatuor
1184 2812 1426 2868 millibus
1459 2813 1703 2868 virorum
1735 2813 1942 2871 descri-

348 2900 570 2955 bantur.
606 2898 912 2969 Imperator
955 2898 1198 2954 medium
1225 2901 1415 2972 prima:
1444 2902 1582 2958 aciei
1616 2902 1796 2957 locum
1840 2902 1942 2957 ob-

347 2992 570 3058 tinebit,
630 2992 892 3057 instruat,
946 3008 1015 3049 ac
1079 2994 1387 3064 provideat,
1428 3010 1552 3065 qua:
1611 2994 1760 3050 facto
1797 3009 1940 3065 opus

349 3098 501 3153 sunt,
534 3100 835 3157 secumque
872 3085 975 3141 lioe
997 3094 1221 3142 centum
1257 3089 1502 3143 virorum
1539 3088 1735 3142 habeat
1755 3088 1945 3143 subsi-

349 3181 522 3236 dium.
540 3178 1139 3249 Sinmajoribuscopiis
1163 3196 1301 3249 opus
1325 3179 1419 3241 sit,
1440 3180 1506 3232 ad
1537 3180 1940 3244 turmarcliam,

2034 1989 2758 2061 ὲπερχομένους.Ἔστωσαν
2786 1988 2841 2041 δέ
2874 1989 2970 2041 καὶ
3014 1989 3073 2041 ὲν
3119 1988 3233 2051 τοῖς
3277 1987 3424 2059 τρισὶ
3458 1990 3636 2053 κενοῖς

2038 2084 2231 2154 μέρεσι
2276 2082 2378 2153 τῆς
2426 2080 2687 2154 δευτέρας
2739 2081 3098 2152 παρατάξεως
3149 2079 3258 2134 ἀπὸ
3306 2079 3515 2151 ἀνδρῶν
3564 2078 3637 2153 ρ”⁹

2037 2178 2206 2247 ἤγουν
2233 2174 2427 2245 ἄνδρες
2468 2172 2535 2239 τ’,
2568 2174 2709 2228 ῶστε
2738 2174 2916 2227 δοκεῖν
2949 2172 3304 2245 συνημμένην
3354 2168 3495 2226 εἶναι
3538 2173 3636 2227 καὶ

2037 2267 2209 2338 αὐτὴν
2228 2266 2327 2338 τὴν
2356 2265 2529 2331 τάξιν.
2554 2257 2716 2319 Οὗτοι
2740 2265 2819 2331 δὲ,
2850 2268 2898 2318 εξ
2927 2265 3035 2336 ἄρα
3070 2263 3230 2335 χρεία
3257 2264 3476 2318 καλέσοι
3508 2264 3642 2318 ὐπο-

2039 2362 2287 2431 χωρῆσαι
2335 2363 2462 2423 τοὺς
2514 2360 2614 2431 τῆς
2646 2358 2872 2430 πρώτης
2900 2358 3129 2423 τάξεως,
3157 2359 3238 2421 είς
3268 2357 3338 2412 τὰ
3369 2357 3639 2429 εἰρημένα

2037 2452 2165 2522 τρία
2192 2453 2324 2505 κενὰ
2375 2452 2826 2522 ὑποχωρήσουσιν
2860 2451 3057 2517 ὀπίσω,
3092 2449 3235 2519 ὁμοῦ
3283 2450 3340 2503 δὲ
3382 2449 3477 2503 καὶ
3504 2450 3641 2505 ἀνα-

2044 2536 2290 2591 στελοῦσι
2320 2538 2448 2601 τοὺς
2477 2538 2767 2609 ὁρμῶντας
2814 2540 2949 2610 πρὸς
2992 2538 3190 2611 φυγὴν,
3254 2539 3347 2593 καὶ
3379 2541 3640 2610 ἐπιστρέ-

2040 2628 2203 2699 ψουσι
2229 2631 2308 2693 είς
2337 2630 2435 2700 τὴν
2477 2632 2686 2684 οίκείαν
2720 2630 2902 2683 αὐτῶν
2930 2632 3083 2696 τάξιν
3117 2634 3228 2694 τοῖς
3268 2629 3643 2701 νωτοφὺλαξιν

2045 2724 2163 2793 ἅμα
2198 2722 2477 2793 γινόμενοι
2502 2723 2591 2776 διὰ
2620 2724 2721 2794 τῆς
2756 2724 2932 2777 ὀπίσω
2968 2724 3394 2795 ὑποχωρήσεως,
3418 2726 3555 2794 ὅπερ
3577 2723 3638 2776 οὐ

2047 2815 2252 2885 μικρὰν
2292 2815 2464 2887 ῥοπὴν
2496 2817 2715 2888 ποιήσει
2743 2819 2856 2881 τοῖς
2887 2818 3310 2888 ἀγωνιζομένοις
3338 2817 3638 2888 ὠφέλιμον.

2043 2908 2107 2960 υί
2158 2906 2217 2962 δὲ
2265 2906 2444 2961 λοιποὶ
2490 2905 2538 2979 ρ’
2567 2906 2761 2979 ἄνδρες
2790 2907 3036 2963 ἔστωσαν
3076 2909 3192 2979 ἅμα
3233 2909 3312 2980 τῷ
3348 2908 3641 2981 στρατηγῷ

2048 2996 2187 3066 μετὰ
2211 2997 2311 3067 τῆς
2338 2997 2473 3061 ιδίας
2493 2997 2646 3068 αὑτῷ
2668 2997 3045 3069 προελεύσεως
3066 3017 3080 3030 ·
3110 3000 3199 3054 ἵνα
3227 3000 3431 3054 ὁπόταν
3456 2999 3639 3071 συμϐῇ

2044 3087 2205 3157 χρεία
2231 3089 2487 3157 γενέσθαι
2522 3090 2786 3161 βοηῢῆσαί
2803 3108 2906 3143 τινι
2940 3089 3265 3162 βαρουμένῳ
3300 3090 3480 3161 μέρει,
3508 3092 3645 3145 ἀπο-

2048 3182 2392 3252 στελλόμενοι
2428 3183 2619 3252 ίκανὴν
2651 3184 2824 3253 ῥοπὴν
2858 3185 3178 3254 παρέχωσιν
3203 3183 3351 3254 αὐτῷ
3382 3186 3477 3237 καὶ
3506 3185 3643 3238 ἁνα-

352 3273 445 3343 qui
473 3271 605 3327 olim
637 3271 958 3342 imperator,
985 3286 1135 3325 nunc
1169 3272 1482 3336 merarclia,
1508 3280 1603 3324 aut
1632 3274 1942 3326 turmarclia

2051 3273 2228 3344 ψυχὴν
2262 3273 2348 3326 διὰ
2382 3274 2479 3344 τῆς
2528 3274 2710 3328 αὑτῶν
2757 3276 3098 3346 ἱκανότητος.
3138 3276 3245 3327 Καὶ
3288 3274 3433 3328 οὕτω
3481 3277 3580 3347 μὲν
3611 3279 3645 3347 ἧ

350 3367 580 3430 dicitur,
618 3366 837 3420 mittere
869 3372 1106 3435 oportet.
1145 3362 1488 3418 Turmarcba
1528 3372 1710 3416 autem
1752 3361 1947 3432 singu-

353 3459 422 3513 lis
454 3458 722 3528 partibus,
777 3458 892 3513 sive
940 3457 1140 3511 turmis
1173 3464 1300 3510 ante
1341 3456 1468 3526 poni
1515 3455 1715 3520 debet;
1764 3454 1946 3508 omni-

354 3552 461 3608 bus
510 3561 690 3605 autem
743 3550 933 3620 praesit
978 3550 1297 3618 imperator.
1356 3548 1415 3602 In
1461 3547 1695 3617 singulis
1749 3547 1946 3601 turmis

355 3643 661 3714 druugarii,
690 3645 810 3699 sive
836 3644 1041 3698 tribuni
1065 3643 1197 3707 sint,
1225 3650 1282 3698 et
1310 3642 1541 3696 comites
1570 3640 1674 3696 sub
1705 3641 1834 3706 illis,
1863 3655 1949 3694 re-

357 3734 599 3805 liquique
630 3733 894 3804 praefecti,
919 3736 1012 3804 qui
1046 3744 1239 3804 regant
1291 3733 1711 3804 guberneutque
1740 3733 1952 3787 exerci-

358 3835 497 3891 tum,
525 3836 580 3882 et
614 3826 682 3881 ad
715 3827 1054 3897 propositum
1084 3826 1338 3897 prmlium
1365 3827 1616 3880 inritent.

2054 3363 2204 3415 πᾶσά
2254 3379 2311 3416 τε
2368 3361 2558 3433 πρώτη
2595 3365 2686 3416 καὶ
2719 3363 2944 3432 δευτέρα
2997 3366 3089 3416 καὶ
3135 3364 3293 3436 τρίτη
3344 3363 3497 3429 τάξ-,ς
3545 3365 3648 3435 τῆς

2053 3453 2448 3525 παρατάξεως,
2500 3455 2594 3507 καὶ
2646 3454 2710 3525 δὴ
2767 3457 2861 3509 καὶ
2912 3455 2961 3508 oi
3014 3457 3492 3526 πλαγιοφύλακες,
3550 3458 3647 3511 καὶ

2053 3546 2489 3618 ὑπερκεράσται,
2521 3544 2616 3599 mi.
2644 3546 3027 3616 νωτοςρύ).ακές
3061 3565 3117 3602 τε
3152 3550 3243 3602 καὶ
3279 3549 3483 3619 ἕνεδροι
3506 3590 3520 3613 ,
3553 3551 3648 3603 καὶ

2052 3640 2102 3693 οἱ
2131 3639 2285 3709 μέσοι
2320 3637 2431 3691 τῶν
2464 3638 2638 3691 κενῶν
2672 3639 2874 3706 τόπων,
2903 3642 2997 3692 καὶ
3023 3641 3087 3712 δὴ
3117 3642 3211 3694 καὶ
3236 3642 3285 3694 οἱ
3317 3643 3375 3695 ἐν
3410 3641 3648 3713 ὑποδρη-

2055 3734 2177 3803 οείᾳ
2210 3731 2350 3803 μετὰ
2384 3732 2480 3785 τοῦ
2530 3732 2840 3805 στρατηγοῦ
2868 3735 3195 3805 τεταγμένοι
3224 3736 3281 3788 ὲν
3314 3735 3455 3798 ὅλοις
3488 3733 3530 3788 δ’
3551 3736 3649 3789 ἁν-

2054 3825 2215 3896 δράσι
2249 3825 2452 3887 πάντες
2476 3826 2613 3894 ὁμοῦ
2646 3826 3049 3892 ταττέσοωσαν,
3074 3828 3103 3880 ὁ
3128 3827 3185 3880 δὲ
3216 3827 3524 3898 στρατηγὸς
3548 3827 3650 3898 τὴν

360 3923 534 3994 μέσην
561 3923 732 3994 ἐχέτω
778 3922 935 3988 τάξιν
974 3924 1076 3991 τῆς
1123 3921 1349 3993 πρώτης
1395 3921 1776 3991 παρατάξεως,
1834 3921 1928 3975 καὶ
1965 3920 2302 3975 διαταττέτω
2367 3921 2460 3973 καὶ
2493 3920 2675 3992 ὁράτω
2701 3921 2769 3975 τὰ
2794 3923 2985 3976 δέοντα
3008 3964 3023 3987 ,
3059 3923 3154 3976 καὶ
3208 3923 3417 3994 ταύτην
3476 3922 3651 3993 ἐχέτω

358 4018 780 4090 προσϐοήθειαν,
812 4018 968 4071 εἵπου
1000 4019 1094 4071 καὶ
1122 4018 1234 4070 δέοι
1263 4017 1511 4089 μείζονος
1536 4017 1847 4087 δυνάμεως,
1883 4016 2190 4086 ἐκπέμπων
2217 4016 2334 4086 ἅμα
2363 4015 2457 4068 τοῦ
2502 4016 2600 4068 σὺν
2657 4016 2806 4085 αὐτῷ
2835 4017 3067 4081 ἑστῶτος
3114 4018 3463 4088 τουρμάρχου
3510 4018 3649 4088 (UO),

356 4118 477 4188 ⁴ἦτοι
510 4117 605 4170 τοῦ
641 4116 807 4170 πάλαι
836 4115 937 4185 μὲν
965 4114 1417 4184 ὐποστρατήγου,
1448 4110 1546 4165 νῦν
1579 4111 1636 4164 δὲ
1665 4111 1942 4182 μεράρχου
1979 4108 2339 4179 καλουμένου.
2375 4108 2485 4161 Καὶ
2510 4108 2621 4176 γὰρ
2651 4107 2775 4161 καθ’
2824 4108 3057 4161 ἕκαστον
3113 4109 3281 4180 μέρος
3337 4109 3653 4181 ἔμπροσθεν

356 4208 711 4279 τουρμάρχης
753 4207 961 4274 ὀφείλει
991 4205 1414 4277 προτάττεσθαι,
1473 4205 1569 4257 καὶ
1629 4204 1724 4256 ἐπὶ
1766 4206 1988 4257 πάντων
2044 4203 2253 4255 τούτων
2281 4204 2309 4255 ὁ
2338 4200 2669 4271 στρατηγός.
2706 4200 3011 4270 Ἐχέτωσαν
3039 4200 3097 4255 δὲ
3129 4202 3198 4254 τὰ
3229 4202 3374 4274 μέρη
3404 4204 3498 4256 καὶ
3524 4204 3653 4265 τοὺς

361 4303 525 4365 ἰδίους
553 4302 970 4373 δρουγγαρίους,
1002 4303 1098 4353 καὶ
1124 4302 1251 4364 τοὺς
1283 4300 1379 4353 ὑπ’
1401 4301 1648 4362 ἐκείνους
1678 4300 1950 4371 κόμητας,
1979 4300 2074 4350 καὶ
2104 4300 2233 4361 τοὺς
2260 4298 2484 4361 λοιποὶιι⁸
2516 4297 2808 4369 ἄρχοντας,
2836 4297 2959 4350 κατ’
2982 4299 3188 4369 ἀρετὴν
3238 4299 3471 4354 ἕκαστον
3530 4317 3654 4354 συν-

358 4397 603 4461 εστῶτας
637 4397 734 4451 καὶ
770 4397 1047 4460 ίΟύνοντας
1076 4397 1203 4461 τοὺς
1232 4395 1572 4469 στρατιώτας
1609 4397 1707 4452 καὶ
1735 4397 2105 4469 διεγείροντας
2135 4396 2273 4468 πρὸς
2301 4395 2404 4466 τὴν
2439 4396 2812 4468 προκειμένην
2842 4397 3045 4468 μάχην.

432 4488 557 4543 Ml.
586 4488 783 4542 Prima!
812 4488 949 4543 aciei
985 4488 1392 4543 multitudinem
1432 4488 1503 4543 ad
1546 4490 1695 4544 hunc
1726 4491 1942 4545 modum

2131 4490 2276 4560 ρμδ’.
2310 4489 2385 4541 Τὸ
2412 4487 2469 4541 δὲ
2498 4490 2664 4541 ποσὸν
2693 4491 2791 4560 τῆς
2826 4488 3050 4561 πρώτης
3086 4488 3294 4553 τάξεως
3323 4491 3662 4563 διαιρήσειςμ

360 4583 593 4639 divides.
630 4580 871 4637 Tertiam
932 4589 1144 4652 partem
1185 4581 1306 4651 ejus
1336 4622 1351 4646 ,
1388 4598 1530 4652 quos
1584 4584 1805 4638 noveris
1854 4581 1966 4635 for-

366 4688 448 4731 tes
493 4685 868 4747 strenuosque
919 4691 1065 4742 esse,
1102 4675 1153 4728 in
1181 4689 1439 4731 cursores
1483 4675 1718 4742 divides,
1751 4677 1967 4731 bessem

365 4771 633 4841 reliquam
676 4771 731 4824 in
762 4771 1106 4833 defensores,
1146 4778 1205 4824 ut
1244 4770 1281 4824 ii
1314 4786 1371 4825 se
1389 4769 1649 4839 hostibus
1688 4769 1959 4839 objicien-

367 4874 449 4919 tes
479 4865 638 4933 quasi
689 4873 1150 4935 propugnatores,
1197 4864 1492 4933 druugisti,
1528 4864 1583 4918 id
1631 4873 1716 4918 est
1742 4862 1964 4917 confer-

367 4957 490 5025 tim,
526 4959 649 5013 sine
679 4959 797 5012 acie
834 4957 889 5012 in
916 4959 1104 5013 hostes
1131 4965 1481 5026 procurrant.
1510 4956 1669 5023 Quod
1714 4958 1761 5012 si
1791 4958 1845 5012 in
1879 4957 1962 5011 fu-

367 5067 491 5121 gam
539 5051 666 5105 illos
720 5052 1019 5114 verterint,
1067 5060 1371 5120 sequantur
1427 5048 1789 5116 defensores,
1849 5050 1966 5103 sive

368 5139 613 5195 vindices
642 5179 659 5206 ,
712 5140 884 5193 aciem
920 5140 1250 5194 instructam
1307 5154 1414 5192 non
1464 5140 1815 5201 deserentes,
1869 5137 1964 5193 sed

367 5233 660 5304 diligenter
686 5239 994 5287 servantes.
1030 5228 1127 5284 Siu
1193 5242 1515 5299 premantur
1557 5243 1819 5285 cursores
1848 5228 1965 5283 sive

366 5327 678 5397 proelastae,
710 5334 764 5381 et
794 5324 1237 5391 retrocesscriut,
1270 5333 1329 5377 ut
1367 5339 1491 5379 cum
1526 5326 1645 5380 acie
1704 5323 1964 5380 defenso-

2068 4582 2164 4635 καὶ
2199 4581 2261 4635 τὺ
2303 4582 2402 4653 μὲν
2451 4582 2618 4636 αὐτοῦ
2669 4584 2840 4653 ἤγουν
2869 4584 2929 4636 τὸ
2957 4585 3140 4655 τρίτον
3174 4586 3341 4658 μέρος
3373 4586 3657 4658 ἀφορίσεις

2066 4675 2145 4736 είς
2175 4676 2302 4738 τοὺς
2335 4675 2662 4745 λεγομένους
2689 4676 3038 4747 κούρσωρας,
3073 4677 3235 4741 ὅσους
3284 4678 3522 4747 μάλιστα
3564 4695 3655 4747 γι-

2069 4766 2300 4829 νώσκεις
2330 4766 2612 4837 ἀνδρείους
2640 4768 2734 4821 καὶ
2764 4769 3086 4840 εὐτόλμους,
3116 4772 3177 4823 τὸ
3202 4771 3255 4824 δὲ
3281 4772 3510 4843 δίμυρον
3542 4770 3654 4842 (91)

2074 4859 2241 4929 μέρος
2261 4857 2447 4923 τάξεις
2473 4861 2550 4921 είς
2578 4860 2706 4922 τοὺς
2732 4860 3063 4932 λεγομένους
3095 4863 3418 4933 διφένσορας
3437 4904 3452 4929 ,
3487 4864 3574 4916 ἵνα
3606 4864 3659 4916 οἱ

2075 4952 2174 5021 μὲν
2208 4952 2351 5005 κατὰ
2386 4951 2681 5023 πρόσωπον
2712 4955 3057 5023 πεμπόμενοι
3085 4955 3159 5020 ὡς
3191 4956 3467 5027 πρόμαχοι
3498 4957 3656 5009 ἐπέ).-

2073 5047 2207 5100 οωσι
2244 5048 2386 5102 κατὰ
2415 5048 2522 5101 τῶν
2554 5048 2828 5118 πολεμίων
2862 5050 3197 5121 δρουγγιστὶ,
3238 5053 3266 5104 ὅ
3302 5053 3452 5105 ἐστιν
3494 5051 3663 5120 victor),

2074 5140 2413 5206 ἁνεντάξεως
2446 5140 2579 5211 (92).
2615 5141 2724 5194 Καὶ
2745 5144 2794 5194 εἰ
2839 5143 2937 5213 μὲν
2963 5143 3255 5213 τρέφουσιν
3285 5144 3504 5206 αὐτοὺς,
3538 5144 3661 5196 ἁκο-

2072 5234 2402 5305 λουοήσουσι
2428 5236 2524 5288 καὶ
2562 5237 2611 5288 οἱ
2638 5236 2992 5307 διφένσωρες,
3022 5238 3190 5308 ἤγουν
3214 5238 3264 5289 oi
3299 5236 3483 5308 βοηθοὶ
3518 5237 3663 5289 ἔκδι-

2074 5343 2181 5393 κοι,
2216 5327 2294 5397 μὴ
2325 5325 2546 5390 λύοντες
2568 5327 2668 5400 τὴν
2693 5327 2847 5394 τάξιν
2875 5329 3088 5389 αὐτῶν.
3113 5328 3228 5382 ἀλλ’
3255 5331 3533 5393 εὐτάκτως
3565 5346 3660 5381 πε-

1869 5464 2113 5524 NOTAE.

418 5586 558 5663 ((89)
582 5585 746 5663 Κατὰ
779 5583 1003 5663 χεῖραν.
1032 5582 1465 5663 Observandum
1480 5586 1659 5663 χεῖρα,
1684 5601 1781 5663 pro
1801 5585 1951 5663 χείρ.

372 5653 467 5727 Sic
488 5653 640 5727 apud
669 5660 883 5727 Annam
906 5656 1239 5727 Gouittetiam
1265 5658 1422 5709 Alex.
1454 5653 1594 5727 libro
1626 5673 1640 5709 ι
1666 5674 1679 5709 :
1714 5653 1955 5727 Καὶγὰρ

372 5722 456 5794 τῶΔ
481 5722 641 5794 ἄνδρε
672 5726 847 5777 τούτω
887 5724 982 5777 καὶ
1004 5724 1173 5794 ἄμφω
1206 5725 1377 5794 ἤστην
1405 5724 1558 5777 καλὼ
1581 5730 1674 5779 καὶ
1698 5722 1955 5794 γενναίω,

378 5790 472 5841 καὶ
490 5790 653 5868 τάσγε
681 5795 760 5854 είς
789 5795 977 5861 χεῖραν
997 5790 1309 5864 κα“ι’πείραν
1335 5790 1455 5847 ἴσω.
1480 5790 1752 5868 Nimirum
1776 5790 1949 5852 (Iunci

380 5867 715 5927 posteriores
754 5870 1007 5927 quartum
1042 5879 1231 5918 casum
1272 5881 1369 5933 pro
1411 5867 1586 5933 primo
1635 5869 1949 5935 ponebant;

2064 5595 2120 5644 et
2144 5587 2273 5641 talia
2298 5586 2455 5654 plura
2487 5588 2797 5644 indicamus
2829 5589 3032 5659 passim
3060 5589 3113 5644 in
3141 5596 3333 5643 nostro
3359 5586 3657 5641 Glossario.

2133 5659 2244 5728 (90)
2282 5659 2689 5728 Τουρμάρχου.
2727 5660 3106 5723 Scribe-batur,
3180 5661 3521 5730 τιυμάργου.

2140 5730 2255 5799 (9|)
2286 5730 2565 5798 Δίμυρον.
2600 5731 2813 5797 Scribe,
2849 5731 3121 5800 δίμοιρον.

2136 5802 2251 5873 (9‘2)
2312 5800 2728 5870 ’Arcruié‘ewq.
2766 5804 2975 5867 Scribe,
3012 5803 3139 5856 ἄνευ
3172 5802 3401 5868 τάξεως.
