4090 6432
392 317 499 384 985

1421 314 1758 378 TAC’I‘ICA.
1795 341 1864 355 -
1904 315 2648 384 CONSTITUTIOXVIU.

3556 334 3668 398 986

391 428 748 499 ριπατοῦντες
776 427 886 499 (95)
905 444 919 459 ·
953 427 1074 481 εἰδὲ
1101 427 1412 499 βαρηθῶσιν
1450 430 1498 481 οἱ
1529 429 1836 499 κούρσωρες
1860 429 1913 499 (0
1928 429 1971 500 ί)

2079 443 2166 483 res
2204 429 2325 485 illos
2380 433 2718 502 excipientes
2770 433 2956 492 hostes
3019 439 3336 508 reprimant.
3400 445 3494 498 Sin
3541 447 3673 515 quid

389 523 560 591 ἤγουν
594 523 643 574 οἱ
664 521 946 590 λεγόμενοι
981 521 1078 573 καὶ
1137 520 1480 591 προκλάσται
1506 564 1520 584 ,
1557 515 1676 572 εἶτα
1712 521 1976 590 ὑποστρέ-

388 613 602 681 φουσιν,
635 613 721 665 ἵνα
763 612 1138 682 ὑποδέχωνται
1169 612 1365 675 αὐτοὺς
1398 614 1445 664 οἱ
1477 611 1805 681 διιξένσωρες
1839 613 1976 680 μετὰ

386 701 616 766 τάξεως,
650 703 744 753 καὶ
773 700 1158 754 ἁναστέλλουσι
1195 701 1321 762 τοὺς
1370 699 1680 769 πολεμίους.
1730 701 1790 753 ΕΞ
1829 700 1886 753 δέ
1923 717 1975 752 τι

388 791 482 843 καὶ
517 791 680 843 πλέον
709 793 800 844 καὶ
825 792 923 860 τῆς
952 791 1216 860 δευτέρας
1253 790 1460 854 τάξεως
1492 790 1928 860 ὑποϐοηθήσουσι
1957 829 1972 853 ,

385 881 483 935 καὶ
509 881 737 950 προσέτι
762 882 810 933 οἱ
838 880 1242 950 νωτοφύλακες,
1269 883 1364 933 καὶ
1391 883 1534 934 οὓτω
1567 881 1819 945 διώξουσι
1850 881 1974 944 τοὺς

385 971 682 1040 πολεμίους
707 1011 722 1035 ,
777 973 840 1022 ἐκ
870 971 1123 1041 διαδοχῆς
1156 973 1254 1042 τὴν
1288 971 1538 1042 βοήθειαν
1581 973 1732 1042 παρά
1763 972 1971 1026 πολλῶν

387 1062 796 1133 ὑποδεχόμενοι.
819 1063 892 1115 Οὐ
923 1064 1030 1133 γάρ
1059 1081 1148 1133 μοι
1181 1064 1329 1117 δοκεί
1360 1067 1417 1116 ἐν
1471 1066 1568 1134 μιᾷ
1601 1065 1738 1136 μόνῃ
1789 1080 1971 1135 παρα-

385 1155 537 1219 τάξει
573 1155 1019 1208 ἀποκινδυνεύειν
1067 1155 1303 1224 ἀσφαλές
1337 1155 1471 1226 (95).
1518 1155 1686 1224 Ὀμοῦ
1730 1155 1837 1225 γὰρ
1879 1172 1974 1207 που

386 1245 557 1299 νοῦσα
592 1247 625 1316 ἡ
664 1246 763 1315 μία
794 1245 929 1316 ὁμοῦ
973 1248 1065 1300 καὶ
1117 1248 1331 1316 φεύγει.
1368 1246 1638 1300 Ἐνταῦθα
1678 1246 1734 1299 δὲ
1778 1248 1825 1299 εξ
1882 1247 1975 1300 καὶ

385 1337 420 1407 ἡ
453 1335 647 1408 πρώτη
677 1337 924 1405 πονήσει,
959 1335 1074 1388 ἀλλ’
1177 1337 1410 1407 δευτέρα
1439 1337 1653 1389 ἑστῶσα
1676 1336 1972 1408 ῥωμαλεὼ-

384 1445 542 1498 τερον
575 1427 840 1497 βοηθήσει
864 1427 1002 1497 (96).
1037 1427 1102 1479 Εἰ
1133 1427 1189 1480 δὲ
1215 1429 1308 1480 καὶ
1336 1428 1475 1499 αὑτὴ
1502 1430 1729 1498 πονήσει
1755 1468 1769 1493 ,
1797 1427 1912 1480 ἀλλ’
1936 1430 1971 1498 ἡ

383 1521 546 1591 τρίτη
596 1520 822 1582 ἀπαθῶς
855 1519 1061 1591 ἐπέλθῃ
1085 1559 1100 1585 ,
1140 1521 1235 1573 καὶ
1280 1521 1422 1575 οὕτω
1473 1521 1608 1592 πρὸς
1645 1524 1790 1592 τρεῖς
1826 1523 1968 1576 ἀπα-

386 1610 499 1674 θεῖς
532 1608 923 1680 παρατάξειςή
954 1610 1052 1679 μία
1084 1609 1193 1663 τῶν
1215 1611 1487 1680 πολεμίων
1517 1609 1757 1662 πονοῦσα
1798 1611 1964 1663 εὐκα-

384 1701 723 1769 ταγώνιστος
754 1700 988 1769 γίνεται,
1022 1700 1117 1753 καὶ
1146 1703 1356 1771 ταχέως
1387 1701 1710 1771 λυθήσεται,
1761 1702 1851 1754 καὶ
1883 1704 1964 1765 εἰς

2075 522 2296 590 gravius
2345 525 2649 594 contingat,
2712 527 2952 582 secunda
3016 531 3162 586 acies
3233 543 3288 587 et
3369 538 3672 606 tergistites

2077 620 2341 683 praetcrea
2373 631 2530 686 opem
2564 616 2767 682 ferant,
2792 627 2954 688 atque
2988 620 3128 674 adeo
3164 623 3347 680 hostes
3379 627 3672 697 insequan-

2077 709 2186 767 tur,
2219 703 2322 759 sibi
2361 713 2550 758 mutuo
2587 721 2768 776 opem,
2797 708 2842 762 si
2868 711 2995 777 quid
3033 726 3167 765 usus
3203 715 3463 781 postulet,
3492 717 3672 770 [ereu-

2076 803 2179 850 tcs.
2209 795 2403 865 Neque
2447 798 2592 851 enim
2638 799 2770 854 mihi
2814 809 2990 854 tutum
3024 801 3238 856 videtur
3286 820 3430 868 esse,
3480 820 3672 859 omnes

2076 898 2182 936 una
2212 883 2265 938 in
2303 886 2421 939 acie
2451 901 2653 954 ponere
2686 927 2701 954 ,
2740 904 2809 942 nc
2848 890 3014 944 simul
3046 901 3350 962 pugnantes
3402 895 3563 949 simul
3617 897 3668 948 in

2071 978 2375 1045 periculum
2406 980 2646 1046 veniant,
2700 989 2755 1035 et
2791 981 2845 1035 in
2883 982 3065 1050 fugam
3099 1001 3157 1038 se
3190 986 3516 1056 conjiciant.
3568 991 3665 1041 Ilie

2074 1075 2256 1121 autem
2282 1085 2596 1139 quanquam
2649 1073 2825 1141 prima
2854 1074 3049 1130 amicta
3082 1078 3173 1142 sit,
3205 1081 3443 1134 secunda
3474 1089 3655 1134 tamen

2073 1157 2302 1214 ﬁrmiter
2335 1163 2592 1216 consistit
2643 1172 2806 1233 atque
2839 1165 2914 1219 illi
2941 1182 3096 1238 opem
3137 1169 3279 1225 ferre
3311 1173 3448 1227 solet
3481 1174 3669 1242 ;quud

2073 1255 2119 1307 si
2156 1255 2286 1324 quid
2320 1258 2542 1326 gravius
2569 1257 2684 1313 haec
2723 1275 2940 1331 quoque
2991 1264 3251 1331 patiatur,
3287 1267 3445 1320 tertia
3479 1276 3659 1323 tatnen

2076 1359 2269 1400 secure
2296 1346 2534 1402 invadat.
2562 1350 2736 1418 Atque
2798 1351 2870 1404 ita
2906 1359 3115 1407 nostra:
3165 1362 3274 1410 tres
3307 1356 3455 1411 acies
3501 1357 3669 1412 ﬁrma!

2076 1433 2338 1489 adversus
2379 1452 2541 1489 uuam
2576 1437 2816 1492 hostium
2838 1441 3011 1494 aciem
3044 1444 3435 1499 contendentes
3462 1485 3476 1508 ,
3513 1445 3670 1499 facile

2075 1537 2194 1578 eam
2229 1540 2493 1595 superare
2526 1536 2689 1596 atque
2711 1543 3026 1600 expugnare
3053 1541 3284 1602 possunt
3325 1541 3378 1587 et
3407 1536 3458 1587 in
3485 1533 3665 1604 fugam

2072 1616 2416 1685 pltecipitare
2449 1658 2464 1681 ,
2521 1621 2912 1688 adjuvantibus
2955 1623 3023 1678 ad
3073 1624 3214 1679 hanc
3242 1641 3352 1680 rem
3392 1626 3655 1682 lateranis

2069 1715 2120 1760 et
2160 1709 2562 1764 cornistitibus.

383 1793 562 1863 φυγήν
585 1793 842 1863 ὁρμήσει,
873 1792 1260 1862 συμπνεέντων
1303 1794 1548 1864 δηλοπὴι
1595 1793 1733 1845 κατά
1798 1794 1858 1846 τὸ
1928 1797 2277 1870 ἐνδεχόμενον
2312 1802 2405 1855 καὶ
2447 1803 2554 1857 τῶν
2616 1804 3072 1875 πλ.αγιοι,ςυ).άκων
3134 1805 3228 1859 καὶ
3269 1806 3379 1860 τῶν
3441 1807 3666 1878 ὑπερκε-

383 1885 621 1955 ραστῶν.

452 2007 596 2072 ¹ρμε¹.
618 2001 867 2055 Μάλιστα
888 2001 996 2054 τῶν
1014 1999 1324 2071 εἰρημένων
1351 2000 1392 2072 ,δ
1419 1999 1631 2070 ἀνδρῶν
1663 2000 1962 2054 ἐπιλέκτων
1996 2010 2035 2063 Β

384 2092 554 2145 ὄντων
585 2094 678 2145 καὶ
711 2093 1078 2163 διαφερόντων
1106 2096 1170 2164 τῇ
1197 2093 1437 2163 ἀνδρείᾳ,
1470 2093 1564 2144 καὶ
1595 2095 1658 2163 τῇ
1693 2095 1821 2163 περὶ
1842 2095 1972 2156 τοὺς

383 2183 654 2253 πολέμους
678 2185 879 2254 ἀρετῇ,
905 2185 1042 2253 ὅπερ
1069 2185 1294 2251 ὀφεὶλει,
1331 2185 1404 2235 Οὐ
1444 2185 1552 2252 γὰρ
1601 2183 1736 2254 πρὸς
1772 2184 1968 2253 ἀνδραο

385 2275 596 2345 ποδώδη
647 2275 880 2346 στρατὸν
930 2277 1063 2345 ἡμῖν
1103 2275 1386 2345 πρόκειται
1420 2277 1452 2344 ἡ
1509 2275 1748 2338 διάταξις
1776 2314 1791 2338 ,
1830 2275 1969 2327 ἀλλὰ

382 2367 522 2440 πρὸς
556 2367 739 2420 ἱκανὸν
801 2366 1288 2436 μεταχειρίσασθαι
1339 2366 1524 2430 ὅπλον,
1570 2366 1666 2418 καὶ
1712 2365 1968 2433 ἐκθύμως

382 2457 784 2527 ἀγωνίσασθαι.

455 2555 613 2620 ρμς’.
674 2549 785 2610 Τὰς
831 2549 888 2600 δὲ
937 2548 1098 2612 ἀκίας
1146 2549 1242 2618 τῆς
1298 2547 1555 2616 τοιαύτης
1614 2548 1970 2619 παρατάξεως

382 2643 633 2711 ποιήσεις
681 2640 789 2694 ἀπὸ
828 2639 1038 2710 ἀνδρῶν
1071 2639 1202 2702 δέκα
1235 2639 1296 2692 τὸ
1349 2638 1510 2708 βάθος
1554 2641 1675 2710 ἦτοι
1703 2644 1765 2692 τὸ
1795 2639 1972 2710 πάχος

383 2732 590 2798 αὐτῶν,
612 2730 754 2784 ὥστε
780 2727 920 2784 εἷναι
951 2731 1072 2784 καθ’
1106 2732 1342 2801 ἑκάστην
1368 2732 1530 2785 ἀκίαν
1560 2734 1828 2802 ἄρχοντας
1852 2734 1968 2797 δύο,

381 2825 474 2879 τόν
504 2842 562 2878 τε
596 2824 889 2893 λεγόμενον
919 2822 1170 2891 λοχαγὸν,
1196 2824 1362 2892 ἦγουν
1395 2823 1732 2894 δέκαρχον,ἢ
1760 2843 1972 2894 πρωτο-

384 2917 606 2986 στάτην,
636 2915 670 2985 ἢ
700 2914 1000 2984 πρόμαχον,
1021 2914 1112 2966 καὶ
1131 2913 1221 2968 τὸν
1237 2915 1493 2984 οὐραγὸν,
1519 2914 1577 2975 ὃς
1603 2917 1716 2966 ἐστι
1742 2915 1968 2984 ἔσχατος

382 3007 479 3062 τοῦ
513 3008 720 3077 στίχου,
749 3008 843 3060 καὶ
869 3007 1114 3059 καλεῖται
1135 3005 1466 3076 πεντάρχης,
1486 3004 1578 3068 οὒς
1610 3005 1705 3056 καὶ
1727 3006 1966 3073 μάλιστα

384 3101 603 3162 ἱκανοὺς
637 3097 778 3153 εἶναι
807 3099 936 3170 χρὴ,
975 3099 1068 3152 καὶ
1098 3098 1399 3168 ἀνδρείους,
1434 3098 1528 3150 καὶ
1550 3097 1964 3168 καταφράκτους

377 3193 492 3255 τοῖς
533 3190 868 3262 ἁρμόζουσιν
902 3189 1108 3254 ὅπλοις,
1142 3189 1236 3240 καὶ
1264 3186 1436 3251 οὕτως
1484 3186 1577 3240 τοῦ
1611 3186 1810 3257 βάθους
1857 3185 1964 3239 τῶν

2141 2000 2261 2056 145.
2300 1999 2422 2057 llaec
2461 2011 2698 2072 quatuor
2725 2003 2892 2057 millia
2938 2020 3004 2059 ex
3053 2005 3280 2062 delectis
3314 2005 3663 2075 strenuisque

2078 2093 2209 2148 viris
2237 2092 2390 2155 ﬁant,
2421 2101 2471 2147 et
2514 2094 2566 2148 in
2609 2095 2752 2148 bello
2800 2096 3036 2164 gerendo
3069 2100 3386 2154 exercitatis
3437 2115 3450 2151 :
3483 2114 3665 2166 nequ“:

2072 2183 2219 2237 enim
2265 2181 2334 2236 de
2367 2183 2574 2251 plebeis
2613 2199 2678 2238 ac
2734 2184 2976 2242 fortuitis
3017 2187 3334 2244 hominibus
3385 2188 3590 2243 mentio
3632 2202 3663 2240 a

2073 2271 2234 2326 nobis
2283 2270 2428 2326 facta
2482 2273 2710 2338 est,sed
2743 2274 2809 2328 de
2864 2291 2926 2329 ea
2959 2278 3077 2333 acie
3125 2295 3246 2349 quae
3296 2280 3469 2350 possit
3509 2293 3664 2332 arma

2071 2379 2260 2434 gerere
2289 2374 2340 2419 et
2374 2364 2627 2419 alacriter
2663 2365 2948 2422 dimicare.

2158 2546 2280 2600 HG.
2317 2547 2685 2603 Contubernia
2727 2548 2890 2618 hujus
2920 2551 3056 2605 aciei
3093 2551 3159 2605 ad
3190 2551 3376 2606 decem
3421 2552 3667 2606 virorum

2085 2639 2429 2692 altLtudinem
2463 2639 2652 2703 facies,
2692 2649 2750 2694 ut
2794 2641 2848 2693 in
2892 2657 3220 2712 unaquaque
3252 2643 3369 2696 acie
3419 2643 3528 2696 duo
3561 2645 3664 2698 viri

2087 2729 2221 2792 sint,
2253 2731 2391 2784 alter
2440 2729 2702 2802 lochagus
2723 2771 2738 2793 ,
2798 2734 2914 2786 sive
2942 2734 3250 2799 caudauus,
3300 2735 3417 2792 sive
3443 2737 3666 2807 quinta-

2077 2837 2211 2875 nus:
2235 2837 2376 2890 quos
2411 2835 2667 2876 strenuos
2692 2825 3026 2894 idoneosque
3067 2827 3215 2882 viros
3271 2844 3392 2882 esse
3429 2841 3665 2899 oportet,

2086 2921 2141 2966 ct
2173 2913 2386 2966 idoneis
2411 2914 2579 2968 armis
2607 2915 2926 2969 instructos.
2955 2917 3134 2983 Atque
3163 2917 3229 2971 ad
3275 2920 3418 2973 hunc
3447 2923 3666 2976 modum

2081 3002 2370 3056 altitudine
2401 3005 2638 3056 acierum
2665 3005 2956 3070 instructa,
2984 3007 3050 3061 ad
3073 3008 3668 3080 longitudinem,quam

2081 3104 2455 3149 transversmn
2493 3096 2765 3150 altitudini
2825 3099 3137 3168 appellant,
3173 3109 3438 3170 quantum
3476 3118 3668 3158 nume-

2080 3202 2180 3242 rus
2218 3193 2273 3241 et
2302 3185 2473 3240 latera
2509 3187 2816 3257 patiuntur,
2847 3189 3108 3245 instruat.

379 3285 552 3340 ἀκιῶν
595 3283 930 3354 τεταγμένου
959 3323 974 3349 ,
1008 3281 1068 3334 τὸ
1116 3280 1210 3334 ἐπὶ
1270 3278 1523 3350 μέτωπον
1559 3279 1775 3350 ἕκταμα
1823 3279 1959 3349 πρὸς
1995 3278 2197 3344 πλάτος
2220 3279 2362 3333 κατά
2386 3277 2574 3348 ζυγὸν,
2605 3280 2730 3333 ὅσον
2759 3279 2826 3334 ἂν
2889 3282 3180 3354 ἀπαντήσῃ
3218 3283 3512 3340 τάττεσθαι
3565 3283 3664 3338 καὶ

380 3376 522 3431 κατὰ
558 3372 825 3444 πλευράν.

451 3493 598 3567 ρμζ’.
642 3497 765 3549 Ἐπὶ
798 3496 854 3549 δὲ
901 3495 1001 3565 τῆς
1035 3493 1132 3548 νῦν
1187 3493 1497 3556 ὑποθέσεως
1548 3493 1578 3561 ἡ
1628 3490 1729 3560 μὲν
1769 3489 1960 3561 πρώτη
1991 3499 2033 3556 (ζ

379 3589 557 3654 τάξις,
579 3591 699 3660 ἥτις
731 3590 828 3642 καὶ
882 3588 964 3652 εἰς
1010 3587 1136 3658 τρία
1173 3587 1316 3657 μέρη
1344 3584 1792 3655 διαιρεθήσεται,
1842 3582 1964 3636 καθ’

379 3679 610 3732 ἕκαστον
664 3680 830 3751 μέρος
879 3677 992 3742 ἔξει
1043 3677 1204 3740 ὰκίας
1252 3681 1316 3741 ν’,
1374 3675 1476 3728 άνὰ
1522 3671 1553 3726 ι’
1607 3673 1838 3744 ἐχούσας
1905 3673 1966 3725 τὸ

381 3769 544 3840 βάθος
567 3772 708 3825 κατά
736 3771 939 3841 στίχον,
970 3770 1080 3822 ἀπὸ
1116 3768 1210 3821 τοῦ
1244 3767 1478 3838 λοχαγοῦ
1523 3768 1616 3820 καὶ
1657 3767 1968 3836 πρωτοστά-

380 3879 474 3914 του
534 3864 641 3926 ἕως
686 3862 782 3915 τοῦ
834 3863 1066 3933 ἐσχάτου
1121 3860 1386 3931 οὐραγοῦ,
1437 3860 1509 3923 ὡς
1537 3855 1674 3911 εἷναι
1704 3858 1801 3922 τὰς
1840 3858 1966 3920 ὅλας

381 3953 544 4017 ἀκίας
579 3954 686 4006 τῶν
709 3953 876 4024 τριῶν
914 3953 1097 4024 μερῶν
1154 3953 1255 4020 τῆς
1312 3951 1536 4022 πρώτης
1594 3951 1802 4014 τάξεως
1864 3947 1964 4019 ρι’,

380 4045 500 4115 ἢτοι
544 4047 743 4118 ἄνδρας
782 4063 831 4118 ,α
875 4048 970 4099 καὶ
1021 4044 1071 4114 φ’
1099 4060 1112 4075 ⁸
1152 4047 1185 4116 ἡ
1220 4045 1276 4098 δὲ
1323 4046 1552 4114 δευτέρα
1597 4043 1749 4108 τάξις
1793 4043 1966 4112 ἐχέτω

382 4137 472 4191 διὰ
501 4138 609 4192 τῶν
641 4139 924 4208 τεσσάρων
975 4138 1147 4205 αὐτῆς
1182 4137 1368 4209 μερῶν
1412 4137 1574 4200 ἀκίας
1611 4137 1715 4189 ἀνὰ
1749 4133 1821 4204 η’,
1874 4135 1968 4186 καὶ

382 4231 567 4296 πέντε,
607 4232 705 4294 τὰς
740 4231 919 4295 πάσας
953 4231 1117 4295 ἀκίας
1149 4228 1194 4300 ρ’
1227 4229 1437 4302 ἀνδρῶν
1462 4220 1532 4302 ,αἶ
1569 4229 1633 4282 Οἱ
1662 4227 1718 4281 δὲ
1748 4227 1968 4294 πλαγιο·

383 4322 623 4391 φύλακες
646 4323 858 4388 ἕξουσιν
899 4323 1059 4386 ἀκίας
1098 4329 1170 4387 κ’,
1202 4323 1399 4392 ἄνδρας
1434 4329 1498 4385 σ’,
1533 4319 1758 4390 προσέτι
1807 4317 1864 4372 δὲ
1920 4318 1970 4370 οἱ

381 4413 588 4484 ἐνεδροι
618 4415 788 4485 ήγουν
820 4414 886 4468 τὰ
937 4411 1307 4485 ὲγκρὺμματα
1353 4411 1504 4464 ἔνθεν
1556 4407 1812 4463 κάκεῖθεν
1861 4405 1969 4459 τῶν

381 4505 476 4559 δύο
507 4506 692 4577 μερῶν
714 4507 814 4576 τῆς
849 4505 1236 4576 παρατάξεως,
1263 4503 1346 4558 ἀν’
1383 4502 1556 4557 ἀκιῶν
1592 4499 1666 4566 κ’,
1692 4500 1854 4562 ἀκὶας
1895 4496 1966 4569 μ’,

382 4598 496 4652 ἀντ’
521 4599 729 4668 ἀνδρῶν
760 4597 825 4665 σ¹,
845 4598 980 4668 ὁμοῦ
1003 4598 1058 4650 δὲ
1081 4597 1278 4668 ἄνδρας
1298 4603 1366 4662 υ’,
1390 4596 1482 4649 καὶ
1504 4596 1551 4648 οἱ
1577 4595 1636 4648 ἐν
1658 4596 1767 4654 τοῖς
1796 4594 1971 4672 κενοῖς

381 4690 428 4744 δ’
481 4691 712 4756 ἑστῶτες
751 4691 848 4761 τῆς
911 4690 1174 4761 δευτέρας
1217 4687 1598 4760 παρατάξεως,
1645 4685 1863 4748 οἵτινες,
1895 4683 1970 4746 ὡς

382 4781 622 4851 εἴρηται,
659 4781 755 4834 καὶ
784 4780 914 4842 τοὺς
949 4778 1254 4848 φεύγοντας
1273 4775 1716 4839 ἀναστέλλουσιν,
1749 4773 1967 4825 ἔσονται

2141 3490 2266 3544 H7.
2310 3489 2605 3556 Quoniam,
2654 3490 3116 3561 quemadmodum
3151 3507 3299 3550 nunc
3355 3495 3670 3574 posuimus,

2069 3579 2244 3650 prima
2297 3582 2441 3634 acies
2470 3581 2524 3634 in
2591 3588 2704 3636 tres
2769 3593 2951 3651 partes
2983 3581 3270 3649 dividitur,
3324 3600 3667 3656 unaquaeque

2068 3686 2196 3739 pars
2227 3671 2620 3741 quinquaginta
2654 3673 3013 3728 contubernia
3040 3674 3279 3740 habebit,
3301 3693 3422 3746 qua:
3453 3678 3668 3747 singula

2068 3759 2256 3814 decem
2317 3761 2467 3814 viros
2530 3762 2810 3816 habebunt
2841 3777 2870 3816 a
2904 3763 3134 3832 lochago
3156 3804 3170 3829 ,
3234 3765 3284 3818 id
3318 3773 3401 3820 est
3432 3766 3643 3820 decano

2069 3852 2135 3906 ad
2178 3853 2529 3917 ultimanum,
2559 3852 2754 3907 ordine
2803 3854 3034 3918 locatos,
3063 3865 3120 3907 ut
3175 3857 3436 3910 universa
3463 3863 3666 3909 contu-

2072 3946 2262 4001 bernia
2325 3946 2518 4016 primae
2566 3945 2703 4000 aciei
2753 3955 2970 4000 rentum
3021 3949 3417 4018 quinquaginta
3446 3950 3577 4016 sint,
3613 3951 3668 4004 id

2073 4047 2156 4093 est
2211 4038 2310 4091 viri
2355 4038 2502 4091 mille
2526 4037 2830 4106 quingenti.
2874 4035 3126 4092 Secunda
3168 4040 3314 4094 acies
3361 4040 3558 4095 habeat
3610 4043 3668 4096 in

2071 4138 2307 4197 quatuor
2342 4128 2494 4181 illius
2526 4126 2771 4195 partibus
2803 4126 3164 4180 contubernia
3189 4127 3383 4196 viginti
3421 4125 3670 4198 quinque

2071 4221 2328 4292 singulis,
2361 4219 2633 4273 universis
2669 4225 2889 4272 centum
2952 4218 3334 4282 contubernia,
3374 4219 3425 4273 id
3459 4227 3546 4275 est
3581 4221 3668 4273 vi-

2071 4330 2166 4371 ros
2208 4313 2374 4367 mille.
2431 4310 2686 4366 Laterani
2752 4311 2987 4365 habeant
3035 4311 3398 4366 contubernia
3449 4311 3668 4382 viginti,

2071 4407 2223 4460 viros
2281 4404 2550 4458 ducentos
2583 4403 2876 4457 :similiter
2926 4404 3250 4458 cornistites
3303 4404 3668 4458 contubernia

2070 4496 2285 4565 viginti,
2323 4495 2471 4549 viros
2513 4493 2779 4549 ducentos
2836 4493 3089 4548 habeant.
3127 4493 3347 4549 Insidiae
3403 4504 3666 4564 praeterea

2074 4587 2202 4640 hinc
2242 4597 2404 4655 atque
2460 4586 2611 4640 illinc
2661 4585 2800 4640 aciei
2857 4588 3214 4641 contubernia
3266 4585 3482 4655 viginti,
3517 4585 3667 4638 viros

2071 4676 2340 4731 ducentos
2381 4675 2611 4745 singulae
2663 4676 2942 4729 habeant:
2983 4676 3250 4729 universa:
3304 4672 3666 4728 cmunheruia

2073 4769 2436 4838 quadraginta
2459 4806 2474 4831 ,
2516 4767 2664 4821 viros
2695 4766 3150 4837 quadringentos,
3185 4767 3274 4834 qui
3309 4765 3362 4818 in
3396 4765 3663 4818 interval-

382 4872 450 4925 τὰ
471 4872 598 4943 τρία
635 4871 780 4942 μέρη
799 4871 907 4926 ἀπὸ
934 4871 1107 4924 ἀκιῶν
1151 4868 1219 4940 ρ’,
1245 4867 1381 4939 ὁμοῦ
1406 4866 1618 4938 ἀνδρῶν
1657 4863 1724 4930 τ’,
1776 4863 1872 4918 καὶ
1909 4865 1957 4917 οἱ

2074 4862 2135 4915 lis
2165 4860 2426 4914 inanibus
2461 4859 2697 4930 singulis
2733 4860 2984 4913 locantur
3017 4857 3274 4911 secundae
3308 4856 3443 4911 aciei
3470 4863 3660 4910 contu-

379 4965 458 5036 τῷ
490 4964 780 5035 στρατηγῷ
811 4963 1160 5034 παρεστῶτες
1191 4962 1379 5034 ἄνδρες
1404 4959 1469 5032 ρ’.

457 5149 605 5222 ρμη’.
639 5151 831 5207 Ἀλλαι
862 5149 962 5219 μὲν
1008 5149 1156 5218 τρεῖς
1215 5145 1550 5217 παρατάξεις
1610 5141 1967 5215 ἐξῃρημένων

383 5241 490 5293 τῶν
521 5240 849 5314 κουρσώρων
879 5239 984 5292 ὑπὸ
1016 5237 1178 5299 ἀκὶας
1211 5236 1604 5306 ταχθήσονται,
1639 5234 1705 5284 τά
1733 5232 1786 5284 δὲ
1807 5231 1969 5284 λοιπὰ

382 5333 635 5403 τάγματα
661 5334 830 5404 ῆγουν
852 5333 900 5384 οἱ
932 5328 1377 5398 πλαγιοφύλακες
1402 5327 1496 5380 καὶ
1534 5324 1969 5394 ὑπερκεράσται,

2075 4953 2265 5009 bernia
2321 4952 2404 5008 det
2423 4967 2508 5006 em
2548 4951 2832 5012 virorum,
2872 4948 3035 5002 simul
3095 4957 3370 5003 tercentos
3398 4988 3414 5015 ,
3464 4956 3519 5004 et
3571 4951 3665 5018 qui

2074 5054 2335 5116 praeterea
2368 5046 2681 5115 imperatori
2723 5042 2922 5096 adsunt
2946 5042 3310 5096 centumviri.

2151 5139 2274 5192 148.
2311 5138 2553 5205 Reliqua:
2609 5135 2756 5189 acies
2817 5134 3066 5204 exceptis
3112 5133 3434 5187 cursoribus
3472 5133 3668 5190 ordine

2076 5228 2309 5298 quodam
2344 5227 2733 5290 instruantur;
2780 5224 3006 5278 laterani
3028 5265 3043 5290 ,
3071 5223 3418 5289 cornistites,
3452 5222 3668 5278 insidiae

2077 5335 2186 5375 non
2223 5331 2438 5388 semper
2464 5316 2766 5383 instructae,
2797 5316 2892 5371 sed
2927 5332 3025 5386 pro
3059 5332 3193 5371 usus
3246 5317 3461 5370 ratione
3493 5317 3668 5370 inter-

1894 5457 2124 5516 NOTZE.

462 5583 572 5654 (95)
610 5583 926 5650 Εὺτάκτως
951 5579 1441 5652 περιπατοῦντες.
1471 5577 1849 5641 Scribebatur,
1875 5574 1968 5629 οὖ-

389 5655 1039 5732 τακτοπεριπατρῶντες.
1091 5723 1122 5732 Λ
1196 5723 1228 5732 η
1285 5723 1297 5732 _
1527 5722 1538 5732 _
1652 5716 1663 5732 ν

463 5725 572 5795 (ibi)
613 5722 674 5776 (il
697 5722 1055 5793 κούρσωι-ες.
1091 5723 1467 5788 Scrihehalur,
1495 5722 1541 5774 οἱ
1571 5722 1866 5788 κούσωρες.

2311 5569 2633 5651 ᾎσςίαλές.
2663 5569 3048 5651 ξοῃί-ὺρλκιιυν,
3076 5570 3280 5651 τάσφές.

2159 5639 2268 5717 (96)
2304 5642 2624 5710 Βοηθήσει.
2662 5639 3036 5710 Scribebalur,
3073 5642 3278 5710 βοήσει.
