4090 6446
370 335 475 399 987

365 451 494 504 dmn
531 447 829 516 druugtsti,
862 443 912 497 id
954 434 1366 508 est‘confertim,
1416 431 1720 487 incurrant,
1747 423 1945 505 ‘inter-
1978 427 2020 481 Λ

366 541 496 593 dum
530 539 776 593 ordinem
808 549 966 590 suum
1001 533 1349 584 conservent.

367 636 454 686 ἀεὶ
487 627 906 695 συντεταγμένοι
933 625 1240 693 στήσονται,
1271 615 1407 670 ἀλλὰ
1435 612 1571 682 πρὸς
1595 609 1692 679 τὴν
1755 621 1852 676 χρε

367 726 588 778 άπαιτεί
617 724 648 790 ή
679 719 770 772 τοῦ
803 719 1037 786 πολέμου
1071 711 1408 782 περίστατις.

442 861 564 915 M9.
615 857 902 927 Eligentnr
929 870 993 908 ex
1038 853 1104 908 iis
1135 845 1436 919 designatis
1496 849 1730 912 quatuor
1787 835 1958 890 utilli-

370 950 472 1005 bus
503 951 742 1002 virorutn
771 986 785 1010 ,
843 941 1080 1013 praefecti
1111 937 1309 994 delecti
1373 933 1521 987 mille
1556 927 1792 984 trecenti
1821 939 1960 994 qua-

371 1043 620 1111 draginta
651 1055 770 1102 Sex,
815 1035 1065 1107 quintani
1117 1029 1440 1100 octingenti,
1483 1023 1673 1078 dccani
1709 1018 1966 1090 quadrin-

373 1129 1038 1203 genti,.quinquagenarii
1094 1123 1395 1192 octoginta,
1445 1116 1803 1172 centuriones
1832 1126 1967 1180 qua—

372 1223 900 1294 draginta,comites
953 1217 1169 1288 viginti,
1227 1211 1512 1280 drungarii
1549 1215 1806 1279 quatuor,
1853 1212 1971 1256 tur-

372 1318 609 1371 marcha:
633 1315 761 1370 duo.
782 1315 859 1369 lta
881 1320 1042 1368 erunt
1072 1308 1309 1381 praefecti
1331 1306 1567 1375 majores
1585 1310 1700 1355 tum
1727 1301 1967 1353 minores

373 1409 523 1463 mille
562 1408 788 1462 trecenti
823 1403 1182 1475 quadraginta
1215 1415 1330 1452 sex.
1375 1395 1579 1465 Sicque
1622 1393 1676 1446 in
1712 1390 1972 1444 universo

375 1500 626 1554 exercitu
688 1499 963 1566 eligantur
1018 1494 1055 1547 ii
1116 1489 1328 1546 strenui
1403 1487 1628 1540 milites.
1696 1482 1978 1535 Summam

375 1592 546 1644 totius
578 1589 814 1654 numeri,
867 1586 948 1640 vel
995 1585 1312 1638 universum
1350 1579 1622 1647 reliquum
1683 1573 1984 1628 exercitum

375 1680 580 1748 potius,
615 1675 760 1746 quod
814 1675 992 1728 thema
1041 1672 1265 1732 dicitur,
1305 1670 1499 1721 horum
1555 1671 1795 1733 quatuor
1838 1658 1986 1711 mille

377 1770 622 1824 virorum
653 1767 1007 1827 delectorum,
1057 1762 1282 1814 armatis
1311 1757 1592 1826 equitibus
1619 1769 1682 1806 ac
1742 1749 1984 1806 strenuis

381 1859 653 1913 militibus
682 1855 984 1926 complehis
1006 1893 1020 1919 ,
1059 1851 1522 1923 quemadmodum
1559 1845 1658 1900 tibi
1685 1843 1750 1897 ad
1783 1856 1983 1913 oppor-

383 1947 672 2000 tunitatem
715 1942 978 2013 temporis
1010 1939 1265 1994 idoneum
1296 1935 1592 1990 videbitur.

457 2222 580 2278 150.
623 2221 801 2290 Atque
841 2218 958 2273 haec
992 2215 1212 2286 quidem
1267 2213 1340 2267 ita
1380 2210 1536 2266 nobis
1583 2207 1987 2263 describantur,

386 2315 435 2372 si
471 2315 648 2369 minor
679 2313 846 2367 fuerit
878 2311 1116 2366 hostium
1171 2309 1452 2364 exercitus
1478 2346 1491 2370 ,
1526 2313 1621 2357 aut
1661 2303 1706 2358 si
1736 2300 1989 2370 aequalis.

390 2410 486 2463 Sin
517 2409 676 2479 longe
703 2411 888 2478 plures
915 2407 1156 2459 hostium
1195 2406 1369 2473 copiae
1398 2400 1622 2463 fuerint,
1648 2397 1716 2452 ad
1751 2395 1993 2466 praedic-

391 2513 501 2556 tam
533 2501 756 2556 fetmam
789 2501 1089 2554 esercitum
1119 2496 1450 2566 duplicabis,
1488 2491 1714 2547 totidem
1743 2489 1994 2558 pluribus

390 2592 456 2646 ad
485 2593 785 2645 exercitum
821 2598 974 2644 tuum
1005 2589 1257 2655 adjectis,
1295 2593 1354 2639 ut
1393 2585 1651 2638 universa
1679 2584 1824 2635 acies
1859 2591 1984 2632 octo

392 2684 623 2737 millium
676 2684 780 2745 sit,
827 2689 882 2735 et
918 2680 1146 2749 singulm
1200 2677 1459 2733 cohortes
1497 2674 1782 2743 aqualem,
1838 2680 2000 2739 atque

391 2784 548 2829 antea
580 2789 866 2828 numerum
927 2773 1183 2827 habeant.
1237 2770 1332 2825 S.n
1373 2785 1479 2823 non
1507 2769 1644 2822 satis
1680 2765 1844 2818 fuerit
1894 2765 1998 2816 du-

392 2867 595 2935 plicare
618 2904 631 2929 ,
679 2863 985 2934 triplieabis
1020 2861 1319 2916 exercitum
1350 2899 1364 2923 ,
1394 2866 1448 2913 et
1473 2858 1612 2911 duos
1661 2857 1799 2909 alios
1831 2855 2000 2907 duces

393 2956 660 3025 adjunges
697 2971 820 3008 eum
886 2953 1157 3008 militibus
1221 2951 1448 3006 delectis
1505 2958 1558 3004 et
1599 2947 1878 3010 strenuis,
1943 2953 2002 2998 ιιι

397 3049 524 3101 fiant
551 3046 789 3100 universi
825 3045 1110 3117 duodecim
1140 3044 1309 3097 millia
1341 3043 1612 3096 virorum.
1645 3040 1834 3108 Itaque
1863 3051 2002 3106 prae-

395 3139 541 3192 dicto
581 3151 732 3192 more
759 3137 1044 3189 universus
1079 3135 1353 3189 exercitus
1407 3131 1776 3195 describatur,
1831 3128 2004 3197 tripli-

395 3230 534 3283 eatis
565 3241 894 3296 unaquaque
940 3228 992 3279 in
1022 3225 1138 3279 acie
1176 3224 1465 3278 militibus.

1594 305 1787 372 LEON
1801 307 1866 366 lS
1916 295 2379 364 PHILOSOPHI

2052 419 2170 486 ἦτοι
2210 417 2258 467 οί
2285 414 2418 480 πρὸς
2439 411 2536 479 τὴν
2561 408 2833 461 κύκλωσιν
2885 403 3164 472 ταγέντες,
3199 401 3289 453 καὶ
3315 399 3379 470 δὴ
3409 399 3504 452 καὶ
3534 400 3580 450 οἱ
3602 403 3664 450 ὲκ

2071 508 2181 560 τῶν
2204 501 2633 574 ἐγκρυμμάτων,
2662 499 2780 568 ἤτοι
2805 497 2852 548 οἱ
2884 495 3092 564 ἕνεδροι
3123 493 3216 545 καὶ
3245 494 3292 543 οἱ
3325 490 3542 554 λοιποὶ,
3565 490 3665 540 οῦκ

1861 605 1966 666 ίαν,
2012 599 2143 652 ποτὲ
2184 599 2281 668 μέν
2328 597 2499 657 οὕτως
2527 594 2645 662 ἤτοι
2687 587 3004 660 δρουγγιστὶ
3050 583 3454 646 ἐπελεύσονται,
3519 582 3552 654 ἢ
3593 581 3670 640 ὼς

3557 281 3666 343 988

2144 825 2290 897 ρμθ’,
2323 821 2765 891 Συναχθήσονται
2821 814 2998 868 τοίνυν
3037 811 3144 865 ἀπὸ
3181 808 3290 863 τῶν
3341 808 3485 862 οὕτω
3513 824 3673 860 τεταδ

2074 919 2298 989 γμὲνων
2319 912 2359 967 δ’
2390 912 2650 985 χιλιάδων
2674 909 2883 977 ἀνδρῶν
2909 907 2958 958 oi
2983 904 3183 964 πάντες
3217 901 3480 971 ἄρχοντες
3528 899 3672 952 κατὰ

2073 1009 2170 1079 τὴν
2199 1005 2378 1061 αὐτῶν
2398 1003 2552 1067 τάξιν
2595 999 2873 1053 ἐπίλεκτοι
2915 991 3087 1065 ατμς¹
3117 992 3316 1056 οὕτως,
3362 989 3673 1059 πεντάρχαι

2081 1103 2180 1173 μὲν
2202 1097 2284 1166 ω’,
2310 1096 2574 1166 δεκάρχαι
2598 1093 2656 1146 δέ
2678 1089 2745 1155 υ’,
2781 1085 3251 1158 πεντηκοντάρχαι
3274 1084 3330 1136 δὲ
3352 1084 3400 1135 oi
3429 1081 3529 1134 καὶ
3556 1097 3674 1151 τρι-

2077 1169 2258 1244 ϐούνοι
2305 1185 2630 1255 καλούμενοι
2660 1179 2733 1248 π’,
2767 1180 3056 1248 κένταρχοι
3082 1175 3252 1246 ἤγουν
3279 1169 3676 1240 ἑκατοντάρχαι

2079 1281 2152 1354 μ’,
2179 1282 2417 1351 κὰμητες
2447 1274 2517 1340 κ’,
2549 1272 2900 1346 δρουγγάριοι
2929 1269 3024 1322 καὶ
3054 1266 3326 1338 χιλίαρχοι
3369 1261 3434 1326 δ’,
3466 1279 3678 1331 τουρμ-

2076 1350 2258 1444 άρχοιν
2296 1371 2360 1440 β’,
2396 1367 2598 1439 ὁμοίως
2639 1366 2900 1435 ἄρχοντες
2945 1357 3132 1431 μικροὶ
3183 1355 3409 1427 μεγάλοι
3466 1350 3675 1426 ,ατμςκ

2091 1465 2187 1518 καὶ
2216 1461 2388 1524 οὕτως
2427 1461 2526 1530 μὲν
2557 1457 2652 1512 ἐπὶ
2680 1456 2775 1510 τοῦ
2807 1456 2925 1517 ἐνὸς
2969 1453 3203 1522 θέματος
3232 1447 3678 1517 ἐπιλεγέσθωσαν

2091 1556 2329 1626 ἀνδρεῖοι
2364 1549 2699 1624 στρατιῶται
2730 1548 2824 1601 καὶ
2859 1543 3262 1615 πληρούτωσαν
3288 1542 3348 1593 τὸ
3384 1538 3678 1608 λεγόμενον

2093 1644 2491 1718 στρατιωτικὸν
2514 1641 2676 1712 θέμα,
2709 1640 2830 1710 ἦτοι
2883 1636 2990 1689 τῶν
3040 1634 3082 1697 ,δ
3131 1634 3222 1687 τὸν
3267 1629 3500 1702 ἀριθμὸν
3553 1630 3680 1682 ἐπι-

2089 1739 2324 1800 λέκτων,
2349 1737 2444 1789 καὶ
2475 1733 2716 1787 ἐνόπλων
2743 1726 3128 1795 καὸαλλαρίων
3150 1723 3245 1776 καὶ
3271 1720 3535 1791 γενναίων
3559 1722 3680 1781 ταῖς

2093 1832 2336 1903 ἀρεταῖς.
2363 1828 2437 1880 Τὸ
2456 1823 2500 1880 δ’
2525 1825 2652 1880 ἄλλο
2684 1822 2888 1893 πλῆθος
2917 1823 2981 1873 ἐκ
3007 1819 3100 1872 τοῦ
3123 1817 3358 1887 θέματος
3384 1816 3463 1878 είς
3485 1813 3682 1882 ἐτέρας

2016 1947 2060 2001 η
2088 1923 2273 1990 τάξεις
2307 1921 2399 1974 καὶ
2429 1920 2618 1990 χρείας
2663 1911 3156 1986 καταμεριζὲσθω,
3200 1910 3276 1972 ὡς
3306 1909 3370 1962 ἄν
3408 1923 3488 1959 σοι
3515 1905 3674 1976 δοκῇ,

2098 2010 2124 2032 τ

2092 2010 2137 2069 ὦ
2194 2011 2474 2082 στρατηγὲ
2509 2049 2522 2074 ,
2604 2009 2667 2062 τὸ
2717 2005 3030 2060 λυσιτελοῦν
3084 2002 3224 2074 πρὸς
3279 2000 3370 2054 τὸν
3417 1998 3679 2052 ἑκάστοτε

2094 2124 2306 2161 καιοον.

2171 2125 2186 2159 ι
2259 2124 2306 2159 ν.

2171 2107 2267 2269 ρῗᾷ.
2300 2197 2410 2252 Καὶ
2439 2195 2612 2250 ταῦτα
2656 2194 2752 2263 μὲν
2782 2194 3026 2261 εἴρηται,
3052 2188 3148 2242 ἐὰν
3179 2189 3286 2258 ἄρα
3316 2185 3496 2253 ὀλίγος
3534 2183 3686 2236 ἐστὶν

2096 2291 2124 2344 ὁ
2151 2291 2262 2344 τῶν
2292 2289 2570 2359 πολεμίων
2595 2285 2830 2358 στρατὸς
2861 2283 3002 2352 ὑπὲρ
3023 2282 3115 2334 τὸν
3146 2281 3238 2333 σὺν
3263 2321 3276 2344 ,
3307 2280 3340 2351 ἢ
3370 2279 3499 2340 ἴσως
3545 2275 3683 2346 (97}.

2098 2386 2160 2438 El
2198 2385 2255 2438 δὲ
2286 2381 2665 2453 πολυπληθείᾳ
2696 2379 3014 2430 πλεονεκτεῖ
3038 2377 3066 2428 ὁ
3089 2373 3353 2435 ἐναντίος,
3387 2369 3511 2423 τότε
3541 2373 3686 2422 κατὰ

2097 2478 2190 2532 τὸν
2223 2476 2514 2545 ὁρισθέντα
2549 2491 2632 2526 σοι
2660 2471 2832 2526 τύπον
2888 2473 2946 2523 ἐν
2977 2471 3042 2538 τῇ
3076 2462 3486 2536 προδηλωθείσῃ
3516 2477 3689 2530 παρα-

2099 2569 2273 2634 τάξει,
2299 2569 2333 2633 ἢ
2363 2567 2652 2628 διπλώσεις
2688 2564 2747 2615 τὸ
2783 2561 3103 2632 στράτευμα
3133 2557 3242 2611 ἀπὸ
3279 2555 3484 2625 ἐτέρων
3517 2552 3688 2621 Θεμά-

2099 2681 2210 2716 των
2237 2662 2346 2715 τῶν
2370 2658 2698 2731 στρατηγῶν
2731 2674 2824 2709 σου
2849 2699 2862 2721 ,
2906 2654 3045 2706 ῶστε
3084 2650 3342 2720 γενέσθαι
3374 2649 3474 2717 τὴν
3509 2648 3691 2699 πᾶσαν

2103 2755 2412 2828 παράταξιν
2443 2754 2699 2824 χιλιάδων
2724 2749 2796 2820 η’,
2823 2748 3066 2819 δηλονότι
3112 2744 3253 2798 κατὰ
3276 2743 3371 2796 τὸν
3400 2740 3693 2812 εἰρημένον

2101 2851 2274 2902 τύπον
2328 2845 2692 2917 μεριζομένου
2743 2841 2837 2894 τοῦ
2885 2840 3008 2893 ὅλου
3036 2835 3270 2907 στρατοῦ
3300 2875 3314 2900 ,
3347 2833 3485 2902 πλὴν
3530 2830 3692 2899 μόνου

2104 2941 2196 2994 τοῦ
2232 2941 2400 2994 ποσοῦ
2434 2937 2558 2990 καθ’
2589 2937 2822 2988 ἕκαστον
2858 2933 3046 3002 τάγμα
3080 2929 3180 2999 τῆς
3217 2925 3425 2990 τάξεως
3466 2937 3692 2993 προστι-

2105 3032 2359 3102 θεμένου.
2393 3030 2455 3084 Εί
2497 3027 2554 3080 δὲ
2593 3027 2668 3098 μὴ
2711 3024 2979 3079 διπλῶσαι
3028 3021 3188 3091 μόνον
3231 3017 3413 3088 ἀρκεῖ,
3445 3015 3540 3066 καὶ
3573 3028 3694 3082 τρι-

2107 3123 2363 3185 πλὼσεις,
2429 3119 2746 3172 συντάσσων
2825 3115 2920 3168 καὶ
2976 3113 3197 3184 ἐτέρους
3247 3107 3290 3178 β’
3353 3104 3696 3176 στρατηγοὺς

2111 3216 2227 3284 ἅμα
2265 3213 2376 3273 τοῖς
2399 3211 2490 3262 ὑπ’
2526 3207 2724 3270 αὐτοὺς
2757 3203 3122 3276 στρατιώταις
3164 3201 3339 3262 οὕτως
3382 3196 3696 3254 ἐπιλέκτοις

396 3321 490 3374 καὶ
521 3285 956 3390 καταρράκτας,
1001 3317 1141 3371 ὥστε
1169 3316 1263 3369 δύο
1307 3317 1399 3369 καὶ
1430 3315 1561 3368 δέκα
1593 3311 1848 3382 γενέσθαι
1899 3304 2298 3379 χιλιάδας.Καὶ
2342 3303 2514 3365 οὕτως
2573 3298 2716 3352 κατά
2776 3298 2868 3350 τὸν
2921 3295 3212 3368 εἰρημένον
3278 3290 3482 3346 ἄνωθεν
3527 3285 3700 3339 τύπον

394 3412 883 3483 διαμερισθήσεται
927 3412 1046 3474 ὅλος
1081 3411 1108 3463 ὁ
1142 3407 1395 3478 στρατὸς,
1425 3404 1824 3476 τριπλωμένων
1849 3399 2100 3475 δηλονότι
2125 3396 2236 3450 τῶν
2300 3394 2387 3464 ἐφ’
2414 3392 2623 3461 ἑκάστῃ
2659 3388 2810 3453 τάξει
2862 3385 3211 3458 στρατιωτῶν
3263 3381 3404 3436 κατὰ
3460 3380 3522 3433 τὸ
3586 3379 3700 3432 ἄνω

397 3522 498 3557 που
523 3504 830 3574 ὡρισμένον
857 3504 1043 3558 ποσόν.

472 3615 596 3668 151.
640 3613 699 3666 Si
731 3629 852 3666 cum
914 3613 1106 3681 paucis
1156 3621 1210 3666 et
1241 3611 1487 3666 strenuis
1519 3609 1771 3663 hostibus
1831 3621 2000 3676 nego-
2032 3612 2074 3668 ε

403 3709 540 3762 tium
595 3706 839 3758 futurum
876 3714 962 3758 cst
987 3745 1000 3769 ,
1039 3703 1362 3772 videturque
1399 3702 1495 3756 tibi
1552 3701 1685 3755 utile
1722 3715 1844 3756 esse
1897 3714 2007 3752 uno

403 3815 468 3852 ex
545 3799 789 3850 exercitu
853 3811 1043 3849 omnes
1093 3797 1386 3859 instruere,
1447 3803 1559 3848 tres
1610 3793 1775 3846 fat-ito
1838 3792 2006 3859 acies,

404 3893 646 3959 singulas
703 3898 937 3961 quatuor
1007 3889 1235 3943 millium
1279 3930 1292 3954 ,
1330 3888 1792 3960 quemadmodum
1874 3903 2012 3957 ιιι-ω-

402 3980 683 4044 diximus,
735 3979 821 4033 vel
863 3978 1026 4032 etiam
1072 3977 1120 4032 si
1172 3977 1420 4048 pluribus
1474 3977 1713 4031 millibus
1788 3990 1885 4045 pro
1922 3989 2012 4028 ra-

405 4073 556 4128 tione
588 4073 875 4141 copiarqu
911 4080 1130 4125 tuarum
1177 4071 1569 4132 abundaveris,
1599 4077 1651 4124 et
1687 4069 1858 4138 prima
1898 4069 2015 4121 acie

407 4170 681 4220 irruentes
711 4163 897 4217 hostes
928 4162 1195 4231 eteipies,
1223 4171 1276 4216 et
1297 4161 1426 4216 dum
1459 4163 1495 4216 ii
1531 4161 1631 4216 hac
1665 4168 2013 4217 exercentur.

417 4253 466 4308 si
511 4254 565 4306 in
615 4251 798 4322 fugam
847 4261 1135 4305 vertantur
1162 4293 1176 4318 ,
1214 4252 1502 4322 quiescere
1562 4259 1791 4306 caeteros
1825 4248 2012 4305 facies.

407 4345 507 4400 Sin
544 4346 750 4407 minus,
787 4354 899 4397 tum
936 4346 1111 4399 altera
1145 4347 1292 4400 acies
1326 4361 1354 4399 a
1386 4357 1538 4415 tergo
1587 4345 1804 4398 illorum
1861 4343 2014 4397 inva-

410 4439 574 4504 dens,
609 4438 971 4506 irruptioncm
1031 4437 1086 4490 in
1131 4451 1224 4490 eos
1259 4437 1442 4503 faciet,
1477 4453 1648 4506 quare
1677 4451 1786 4490 non
1818 4449 2012 4507 parum

417 4532 603 4587 hostes
633 4527 1090 4601 proﬂigabuntur.
1128 4526 1224 4580 Sin
1273 4541 1338 4582 ne
1372 4529 1451 4583 sic
1497 4527 1714 4596 quidem
1749 4542 2016 4596 superen-

420 4642 532 4692 tur,
565 4625 658 4680 sed
689 4622 908 4677 fortiter
955 4623 1239 4684 resistant,
1275 4629 1387 4674 tum
1441 4621 1597 4674 tertia
1630 4621 1713 4675 vel
1742 4620 1808 4674 ad
1853 4621 2016 4673 latus:

418 4721 501 4775 vel
538 4733 568 4772 a
601 4712 1062 4787 tergoinvadens,
1087 4723 1140 4768 et
1169 4712 1329 4768 simul
1359 4727 1484 4767 cum
1520 4711 1640 4769 aliis
1675 4713 1860 4767 hostes
1905 4712 2016 4766 cir—

409 4811 798 4875 eumcludens,
837 4808 1089 4862 funditus
1149 4807 1394 4872 delebit;
1432 4807 1685 4876 quamvis
1723 4809 1866 4862 enim
1917 4822 2016 4860 au-

410 4904 568 4956 dacia
603 4905 761 4971 quasi
788 4904 978 4958 colore
1005 4902 1189 4972 aliquo
1244 4901 1577 4958 imbuuntur
1614 4904 1822 4965 hostes,
1852 4916 2020 4960 carne

2185 3606 2321 3672 pva'.
2381 3599 2491 3652 Kal.
2540 3598 2588 3650 εἰ
2617 3596 2714 3665 μὲν
2744 3594 2876 3665 πρὸς
2909 3593 3125 3661 ὀλίγους
3156 3593 3252 3645 καὶ
3279 3590 3564 3663 ἀνδρείους
3605 3607 3699 3644 που

2113 3695 2334 3765 λεμίους
2383 3692 2527 3763 ἔχεις
2579 3691 2670 3743 τὸν
2700 3688 2908 3758 ἀγῶνα,
2942 3690 3036 3741 καὶ
3073 3687 3220 3740 δοκεῖ
3260 3703 3342 3738 σοι
3389 3685 3659 3757 χρήσιμον
3683 3724 3697 3746 ,

2114 3786 2259 3838 κατὰ
2307 3785 2364 3838 ἓν
2417 3784 2560 3854 θέμα
2596 3782 2832 3846 ἐκτάξας
2867 3782 3016 3850 τρεῖς
3057 3779 3306 3848 ποιήσεις
3365 3775 3702 3846 παρατάξεις

2115 3875 2219 3929 ἀνὰ
2249 3873 2508 3946 χιλιάδων
2535 3874 2600 3936 δ’,
2648 3871 2790 3926 κατὰ
2843 3870 2934 3922 τὸν
2996 3868 3235 3940 ῥηθέντα
3288 3867 3493 3931 τύπον,
3537 3867 3569 3938 ἢ
3607 3867 3703 3918 καὶ

2117 3968 2382 4020 πλειόνων
2411 3965 2692 4036 χιλιάδων,
2725 3964 2869 4016 κατὰ
2898 3961 2958 4014 τὸ
2987 3959 3156 4013 ποσὸν
3195 3960 3295 4028 τῆς
3340 3957 3434 4011 τοῦ
3466 3957 3704 4028 στρατοῦ

2118 4062 2403 4132 εὐπορίας,
2434 4060 2529 4113 καὶ
2551 4061 2616 4130 τῇ
2644 4057 2745 4128 μὲν
2771 4057 2869 4127 μιᾷ
2899 4039 3228 4126 προσϐαλεῖς
3249 4054 3458 4118 αὐτοῖς,
3487 4053 3519 4121 ἢ
3542 4066 3707 4120 προσ-

2119 4155 2415 4218 ϐάλλοντας
2456 4152 2695 4234 ὑπορέξῃ
2719 4135 2957 4215 αὐτοὺς,
3008 4149 3104 4202 και
3133 4149 3225 4200 ιπι
3263 4147 3436 4218 ταύτῃ
3477 4145 3706 4199 ἐκείνων

2119 4252 2559 4325 ἀσχολουμένων,
2596 4254 2644 4304 εἰ
2677 4249 2776 4321 μὲν
2816 4247 3125 4321 τραπῶσιν,
3160 4247 3255 4300 καὶ
3289 4243 3465 4307 οὕτως
3491 4242 3706 4306 διώξεις

2121 4347 2407 4416 ἀσφαλῶς,
2439 4347 2486 4399 εἰ
2515 4345 2560 4398 δ’
2589 4342 2909 4407 ἁνθιστῶσι,
2942 4341 3065 4393 τότε
3100 4339 3195 4392 καλ¹
3225 4341 3258 4408 ἠ
3290 4338 3454 4407 ἑτέρα
3486 4336 3706 4405 ποιήσε-

2120 4457 2210 4492 ται
2275 4437 2611 4510 προσϐολὴν,
2649 4433 2934 4500 ἐξόπισθεν
2983 4431 3162 4487 αὐτῶν
3219 4427 3561 4490 ἐπελθοῦσα,
3609 4425 3706 4479 καὶ

2121 4531 2295 4596 οὕτως
2353 4529 2898 4600 κατεργασθήσονται
2957 4526 3007 4578 oi
3064 4523 3331 4594 πολέμιοι.
3385 4521 3447 4573 Ei
3510 4519 3705 4572 δὲκαὶ

2124 4624 2261 4694 πρὸς
2317 4622 2522 4690 ταύτην
2572 4621 2922 4690 ἀντίσχωσιν,
2970 4615 3086 4670 ἀλλ’
3123 4618 3156 4686 ὴ
3219 4613 3382 4684 τρίτη
3405 4609 3704 4664 ἐπελθοῦσα

2124 4717 2157 4786 ἦ
2180 4713 2406 4767 ὄπισθεν
2436 4716 2467 4784 ἢ
2497 4715 2560 4766 ἐκ
2592 4713 2848 4780 πλαγίου,
2869 4711 2966 4764 καὶ
2991 4711 3108 4780 ἅμα
3135 4709 3255 4771 ταῖς
3283 4705 3474 4767 ἄλλαις
3501 4701 3706 4757 κυκλώ-

2127 4822 2264 4858 σασα
2293 4805 2420 4867 τοὺς
2451 4803 2729 4866 ἐναντίους
2763 4802 2984 4861 πάντως
3019 4800 3240 4870 αἱρήσει
3261 4796 3478 4857 αὐτούς.
3502 4795 3576 4848 Ού
3595 4795 3706 4864 γὰρ

2127 4896 2360 4966 ἄσαρκοί
2393 4898 2528 4948 εἰσιν
2575 4895 2624 4948 οἱ
2679 4894 2960 4965 πολέμιοι,
3013 4893 3119 4946 κᾶν
3161 4891 3222 4946 τὸ
3264 4890 3466 4963 θράσος
3522 4889 3707 4951 αὐτοῖς

413 5008 595 5053 tamen
623 4995 782 5050 vacui
831 5010 941 5051 non
991 5005 1140 5062 sunt,
1197 5003 1256 5050 ut
1303 4997 1530 5050 vulnera
1593 4993 1742 5049 illata
1813 4994 2000 5049 SCnlll‘t

2128 4988 2316 5059 ὥσπερ
2345 4989 2543 5059 χρῶμα
2574 4988 2905 5060 περίκειται.

412 5103 522 5144 non
561 5089 799 5160 possint.

482 5203 609 5259 152.
659 5203 717 5257 Si
762 5217 886 5258 cum
923 5203 1136 5274 magnis
1192 5212 1247 5258 et
1297 5202 1622 5274 ingentibus
1655 5201 1835 5272 cepiis
1869 5217 2005 5256 con-

413 5295 640 5351 ﬂictatio
664 5296 762 5350 tibi
787 5295 971 5348 futura
989 5302 1091 5358 est,
1115 5303 1354 5364 quatuor
1372 5294 1542 5348 millia
1562 5309 1725 5348 unam
1752 5294 1805 5348 in
1833 5296 2006 5349 aciem
2045 5330 2056 5334 -

411 5390 689 5456 conferes,
728 5400 784 5446 et
837 5389 1244 5446 multitudinem
1289 5390 1575 5460 cepiarmn
1642 5398 1860 5443 tuarum
1897 5400 2010 5442 tres

424 5485 481 5540 in
509 5492 696 5556 partes
726 5482 961 5550 divides,
1011 5483 1476 5553 quemadmodum
1512 5482 1762 5554 praedixi.
1794 5481 1849 5536 in
1896 5480 2008 5550 pri-

2191 5199 2324 5273 ρνβ’.
2362 5202 2423 5254 Εἰ
2465 5201 2522 5254 δὲ
2567 5201 2702 5274 πρὸς
2735 5199 2939 5268 πλῆθος
2978 5196 3255 5268 πολεμίων
3290 5193 3706 5265 διαγωνίζεσθαι

2120 5295 2362 5364 μέλλεις,
2389 5295 2490 5357 τὰς
2518 5297 2669 5364 τρεῖς
2703 5292 3038 5366 παρατάξεις
3073 5291 3181 5345 ἀπὸ
3218 5290 3500 5358 τεσσάρων
3530 5286 3707 5357 κιλίά·

2118 5386 2224 5440 δων
2256 5388 2336 5450 εἰς
2381 5386 2531 5456 μίαν,
2561 5386 2636 5450 ὡς
2666 5385 2902 5458 εἴρηται,
2952 5383 3222 5450 συνάξεις,
3259 5382 3354 5434 καὶ
3393 5379 3710 5452 τριπλασιά-

2121 5497 2237 5544 σεις
2271 5480 2332 5534 τὸ
2360 5480 2522 5533 ποσὸν
2551 5480 2649 5552 τῆς
2679 5478 3087 5553 προειρημένης
3115 5477 3409 5543 ἐκτάξεως,
3467 5469 3710 5543 διαμερί-

1914 5657 2143 5714 NOTAE.

493 5748 602 5819 (97)
635 5754 708 5809 Ἢ
745 5753 909 5819 ἴσως.
935 5754 1144 5823 Scribe,
1175 5756 1208 5826 ἢ
1244 5757 1378 5818 ἴσος.
