4090 6442
365 333 479 405 989

1416 334 1756 400 ΤΛΠΤΙΟᾹ.
1789 365 1854 375 -·
1883 336 2389 400 CONSTITUTIO
2418 339 2580 400 XIX.

3529 351 3645 416 9‘30

366 449 480 514 ζων
514 446 656 501 κατὰ
694 446 873 512 λόγον,
905 446 979 507 ὠς
1022 445 1328 516 πρόκειται,
1364 447 1444 509 εἵς
1487 464 1544 500 τε
1582 448 1805 519 πρώτην
1849 449 1943 502 καὶ

2067 464 2191 502 nam
2264 459 2315 503 et
2368 448 2665 503 secundam
2718 449 2915 517 aciem,
2975 452 3033 506 ia
3068 454 3367 525 tergistites
3405 468 3455 515 et
3506 462 3640 517 late-

369 539 632 609 δευτέραν
660 534 984 609 παράταξιν,
1016 539 1108 589 καὶ
1138 539 1217 598 εἰς
1249 537 1724 607 πλαγιοφύλακας,
1759 540 1849 592 καὶ
1878 542 1957 601 εἰς

370 630 808 700 ὑπερκεράστας,
844 628 937 681 καὶ
970 629 1050 691 είς
1099 629 1371 700 ὲνέδρους,
1414 632 1531 700 ἤτοι
1570 630 1954 701 ὲγκρύμματα.

441 726 574 790 ρνγ¹.
596 720 705 772 Καὶ
726 722 804 782 εἰς
826 719 893 771 τὰ
915 718 1158 784 ἄλλα,ὼς
1179 720 1522 791 προείρηται,
1544 721 1800 791 τάγματα
1822 721 1956 789 (98),

366 814 463 866 καὶ
486 811 659 874 οὕτως
692 812 831 880 μετᾶ
854 811 1109 876 εὐταξίας
1136 813 1230 865 καὶ
1252 813 1563 876 συστάσεως
1591 814 1838 885 ποιήσεις
1862 814 1959 883 τὴν

368 903 679 976 προσϐολὴν
706 902 795 955 διὰ
830 901 941 954 τῶν
971 903 1281 973 λεγομένων
1316 903 1670 975 κουρσώρων,
1700 907 1821 976 ἦτοι
1852 905 1958 957 τῶν

368 996 671 1065 προμάχων
712 994 811 1065 τῆς
858 992 1082 1065 πρώτης
1114 994 1339 1059 τάξεως,
1371 997 1403 1066 ἢ
1452 999 1545 1049 καὶ
1576 997 1685 1049 τῶν
1720 998 1959 1068 ὑπερκε-

370 1086 607 1158 ραστῶν,
650 1086 682 1157 ἢ
713 1085 789 1149 ὡς
820 1085 885 1139 ἂν
931 1088 963 1156 ή
997 1086 1158 1157 χρεία
1192 1089 1430 1153 καλεσει,
1460 1087 1642 1152 καθὼς
1677 1090 1770 1142 καὶ
1801 1092 1857 1143 ὲν
1890 1092 1955 1160 τῇ

365 1182 496 1252 περὶ
539 1180 632 1233 τοῦ
680 1179 918 1248 πολέμου
966 1178 1205 1245 διατάξει
1249 1180 1641 1251 διωρισάμεθα.
1675 1182 1737 1234 El
1770 1181 1825 1233 δὲ
1865 1183 1959 1234 καὶ

364 1273 448 1328 ἔτι
502 1272 751 1335 πλείονές
808 1273 948 1325 εἰσιν
994 1273 1043 1324 οἱ
1096 1273 1365 1343 πολέμιοι,
1417 1274 1510 1326 καὶ¹
1564 1273 1721 1345 χρεία
1778 1272 1958 1344 πολλῴ

366 1367 613 1430 πλείονος
652 1364 904 1436 στρατοῦ,
944 1364 1187 1417 ἔστωσαν
1215 1367 1308 1418 καὶ
1336 1367 1385 1418 oi
1424 1364 1601 1419 λοιποὶ
1627 1364 1737 1418 τῶν
1763 1366 1956 1419 ἀνατο-

365 1459 531 1513 λικῶν
563 1458 815 1528 θεμάτων
850 1458 1149 1528 στρατηγοὶ
1185 1456 1320 1527 πρὸς
1342 1457 1443 1526 τὴν
1471 1456 1727 1528 τοιαύτην
1768 1460 1959 1528 χρείαν

365 1552 573 1620 ἕτοιμοι
598 1592 612 1615 ,
672 1550 872 1620 ὁμοίως
923 1550 1032 1602 τῶν
1061 1550 1277 1603 οἰκείων
1306 1548 1552 1619 στρατῶν
1581 1549 1959 1620 ἐπιλεξάμενοι

366 1640 462 1695 καὶ
503 1639 872 1709 διακρίνοντες
911 1640 1036 1701 τοὺς
1079 1639 1384 1710 χρησίμους
1427 1639 1534 1692 ἀπὸ
1559 1640 1665 1691 τῶν
1697 1640 1955 1709 ἀχρείων,

363 1732 440 1794 ὡς
468 1732 595 1802 ἄχρι
627 1730 906 1799 τεσσάρων
956 1729 1230 1799 χιλιάδων,
1261 1730 1336 1793 ὼς
1358 1730 1598 1801 εἴρηται,
1632 1734 1716 1801 ἐφ’
1743 1734 1959 1804 ἑκάστῳ

2064 554 2250 592 l’ltllOS.

2135 727 2263 782 155.
2306 726 2365 782 In
2417 731 2733 787 roruistites
2775 742 3055 803 praeterea,
3108 744 3162 790 ct
3214 739 3465 804 insidias,
3514 743 3639 797 reli-

2062 834 2309 891 quasque
2357 823 2633 887 cohortes,
2690 842 2828 893 quas
2882 844 3048 897 supra
3099 834 3346 900 recitavi,
3400 835 3635 901 dividas,

2063 908 2246 979 itaque
2279 911 2582 968 instructus
2613 924 2776 984 atque
2803 929 3099 986 apparatus
3142 925 3386 989 prodibis
3410 926 3473 978 ad
3503 942 3639 981 cou—

2061 997 2353 1067 liigendum
2387 1018 2510 1055 cum
2536 1005 2881 1068 cursoribus,
2913 1007 2963 1059 id
2984 1016 3085 1067 est,
3124 1011 3418 1077 proclastis
3453 1016 3644 1082 prima:

2063 1092 2224 1153 aciei,
2282 1101 2338 1145 et
2379 1096 2789 1161 cornistitibus,
2819 1097 2863 1152 si
2902 1100 2974 1151 ita
3011 1116 3144 1153 usus
3185 1102 3340 1165 ferat,
3375 1108 3639 1174 quemad-

2062 1183 2284 1237 modum
2346 1185 2400 1239 in
2452 1202 2573 1256 cap.
2622 1189 2696 1242 De
2735 1189 2857 1242 belli
2903 1205 3164 1260 apparatu
3216 1195 3478 1250 diximus.
3539 1195 3637 1249 Sin

2064 1275 2250 1345 plures
2304 1277 2484 1331 adhuc
2529 1279 2714 1335 hostes
2759 1281 2987 1348 fuerint,
3043 1286 3347 1354 maiorique
3392 1291 3637 1343 exercitu

2061 1382 2203 1437 opus
2238 1369 2331 1433 sil,
2363 1372 2562 1439 reliqui
2613 1372 2857 1429 Orientis
2898 1376 3135 1444 praefecti
3169 1379 3285 1432 suis
3317 1396 3438 1432 cum
3466 1382 3639 1451 copiis

2064 1461 2246 1514 adsint
2290 1460 2356 1515 ad
2400 1462 2716 1532 hujusnzodi
2754 1480 2910 1518 usum
2962 1468 3164 1535 parati,
3213 1469 3265 1522 in
3318 1472 3517 1540 quibus
3546 1474 3642 1529 de-

2063 1552 2186 1605 lecti
2233 1555 2336 1607 viri
2386 1555 2453 1609 ab
2502 1556 2766 1625 improbis
2830 1567 2884 1612 et
2926 1560 3144 1628 ignavis
3189 1573 3532 1631 separentur,
3584 1576 3641 1620 ut

2064 1646 2121 1697 in
2172 1662 2509 1717 unoquoque
2558 1651 2820 1712 themate,
2870 1651 2925 1704 id
2962 1660 3067 1714 est,
3109 1660 3351 1720 caterva,
3405 1666 3642 1725 quatuor

2065 1737 2233 1791 millia
2286 1740 2534 1794 virorum
2590 1742 2721 1805 sint,
2774 1754 2998 1811 pmpter
3050 1744 3285 1798 militum
3324 1755 3643 1801 nostrorum

368 1821 587 1892 θέματι,
618 1821 706 1874 διὰ
734 1820 830 1892 τὴν
863 1820 959 1874 νῦν
981 1822 1433 1891 ἐπικρατήσασαν
1464 1823 1571 1876 τῶν
1603 1825 1956 1892 στρατιωτῶν

2067 1829 2378 1900 diligentem
2411 1834 2550 1888 hanc
2583 1834 2649 1887 ad
2688 1834 2923 1887 formam
2948 1836 3422 1899 exercitationem,
3456 1846 3510 1891 et
3545 1840 3639 1908 qui

367 1913 718 1984 ἀγυμνασίαν
748 1932 804 1967 τε
842 1913 933 1966 καὶ
958 1914 1218 1983 ἀμέλειαν
1249 1913 1344 1967 καί⁸
1378 1916 1684 1985 ὀλιγότητα.
1724 1918 1832 1970 Καὶ
1866 1914 1957 1972 οὗ·

366 2023 452 2061 τοι
483 2007 685 2070 πάντες
715 2006 923 2077 πλῆθος
954 2007 1193 2077 δοκίμων
1235 2008 1584 2077 στρατιωτῶν
1621 2009 1953 2075 συλλέξουσι,

370 2100 465 2154 καὶ
510 2100 959 2171 παραστήσουσιν
1010 2099 1124 2169 ἅμα
1182 2099 1266 2151 σοι
1323 2099 1462 2152 κατὰ
1509 2099 1617 2151 τῶν
1660 2100 1955 2170 πολεμίων,

369 2187 513 2241 ὥστε
558 2189 654 2241 καὶ
698 2188 837 2257 ὑπὲρ
876 2189 975 2252 τάς
1010 2188 1305 2258 τριάκοντα
1337 2184 1582 2257 χιλιάδας
1620 2190 1958 2259 καταστῆναι

369 2280 496 2343 τοὺς
524 2278 837 2347 ὀφείλοντας
871 2278 1132 2349 ἀνδρείως
1164 2278 1261 2331 καὶ
1290 2277 1543 2348 εὐψύχως
1572 2280 1959 2351 ἐκστρατεύειν

371 2369 517 2425 κατὰ
542 2370 651 2422 τῶν
678 2369 910 2441 ἐχθρῶν.

446 2464 572 2534 ρνδ¹.
600 2465 710 2517 Καὶ
736 2464 908 2518 ταῦτα
943 2464 1043 2535 μὲν
1070 2465 1445 2537 διωρισάμεθα
1469 2468 1534 2536 τῇ
1560 2466 1713 2536 ὑμῶν
1750 2466 1959 2531 ἐνδοξό-

370 2572 518 2626 τητι,
554 2555 697 2625 τάχα
723 2555 845 2609 οὐδὲ
871 2556 1056 2610 καινόν
1079 2573 1130 2609 τι
1165 2557 1197 2626 ἢ
1235 2557 1387 2626 παρὰ
1411 2558 1509 2626 τὴν
1548 2556 1705 2620 δόξαν
1735 2556 1956 2626 ἔχοντα·

373 2650 490 2704 ἀλλ’
520 2648 579 2714 ἐξ
615 2645 803 2713 ὦν,ὼς
833 2650 1068 2719 εἴρηται,
1093 2652 1207 2713 τοῖς
1238 2649 1615 2721 παλαιοτέροις
1645 2651 1961 2719 ἐντυχόντες

372 2740 839 2811 ὴνθολογήσαμεν,
872 2740 970 2793 καὶ
1015 2741 1244 2812 μετρίαν
1279 2744 1477 2812 πεῖραν
1515 2742 1726 2794 ἐκεῖθεν
1776 2740 1964 2792 συλλέ-

374 2830 562 2897 ξαντες
587 2830 894 2902 συμφώνως
915 2832 1145 2895 ἐκείνοις
1166 2832 1549 2901 διεταξάμεθα.
1580 2832 1688 2884 Καὶ
1712 2833 1877 2902 ἔτερα
1903 2831 1960 2884 δὲ

374 2918 601 2971 πλεῖστα
630 2919 836 2991 δυνήσῃ
866 2921 1118 2990 ὲφευρεῖν
1142 2921 1391 2973 ἐντεῦθεν
1414 2921 1478 2973 λα
1488 2921 1706 2991 μόάνων
1738 2922 1833 2983 τὰς
1861 2923 1964 2989 ἀφο

371 3008 568 3078 ορμὰς,
588 3008 689 3062 ἆπε
698 3028 750 3081 ρ,
766 3010 840 3073 ὡς
864 3012 1099 3080 εἴρηται,
1118 3010 1241 3064 οὔτε
1262 3014 1493 3082 γράφειν
1507 3012 1627 3064 καθ’
1645 3011 1701 3063 ἒν
1719 3012 1965 3076 δυνατὸν,

371 3100 497 3155 οὔτε
520 3102 596 3172 τῷ
618 3102 845 3173 παρόντι
863 3105 1196 3174 συντάγματι
1213 3105 1300 3157 διά
1315 3106 1412 3173 τὴν
1432 3105 1721 3174 συντομίαν
1748 3105 1964 3168 ἐντάξαι

373 3194 652 3266 ἁρμόδιον.
691 3196 838 3260 Ἐξδν
867 3196 923 3249 δέ
955 3213 1034 3248 σοι
1081 3195 1476 3265 φιλοπονοῦντι,
1505 3196 1600 3249 καὶ
1643 3196 1721 3266 τῷ
1767 3197 1960 3249 πλάτει

371 3286 485 3340 τῶν
512 3288 789 3341 τακτικῶν
816 3288 1271 3358 ὲμμελετήσαντι,
1304 3289 1400 3341 καὶ
1444 3288 1665 3342 τοιαῦτα
1706 3290 1799 3341 καὶ
1841 3288 1963 3341 τού-

374 3396 484 3433 των
507 3378 586 3432 ἔτι
616 3380 1028 3451 δραστικώτερα
1054 3382 1148 3434 καὶ
1172 3381 1598 3451 προσεπινοῆσαι
1618 3383 1711 3433 καὶ
1733 3381 1965 3450 διαπρά-

378 3470 574 3537 ξασθαι
620 3471 751 3525 Θεὸν
802 3472 978 3542 ἔχοντι
1030 3472 1222 3542 βοηθὸν
1281 3472 1369 3525 διά
1414 3489 1473 3524 τε
1526 3473 1624 3543 τῆς
1678 3474 1756 3535 είς
1801 3472 1963 3525 αὑτὸν

379 3561 637 3629 πίστεως,
664 3563 878 3635 καὶιτῆς
907 3566 988 3629 εἰς
1012 3567 1110 3636 τὴν
1138 3566 1412 3636 ἡμετέραν
1436 3564 1713 3635 βασιλείαν
1744 3565 1965 3635 ἀγάπης

380 3653 477 3707 καὶ
501 3653 818 3721 διαθέσεως.

877 3872 1187 3927 ΔιΑτΑΞιΣ
1228 3873 1305 3928 ie'
1333 3873 1471 3946 (99).

911 4002 1051 4070 Περὶ
1078 4002 1447 4072 ναυμαχίας.

455 4136 524 4185 α’.
565 4129 701 4199 Ἤδη
751 4130 846 4182 καὶ
889 4130 1018 4199 περὶ
1065 4128 1369 4200 ναυμαχίας
1404 4129 1973 4199 διαταξόμεθα,οὺδὲν

387 4220 491 4291 μὲν
522 4222 579 4273 ἐν
610 4222 720 4283 τοῖς
743 4220 991 4284 παλαιοῖς
1019 4223 1296 4283 τακτικοῖς
1330 4222 1457 4292 περὶ
1484 4222 1653 4291 αὐτῆς
1685 4240 1968 4275 κεκανονι-

386 4311 585 4383 σμένον
628 4312 915 4381 εὑρόντες,
950 4312 1041 4380 ἀφ’
1094 4304 1168 4365 ὧν
1216 4312 1273 4365 δὲ
1315 4313 1591 4383 σποράδην
1630 4314 1967 4382 ἀνέγνωμεν,

383 4403 480 4458 καὶ
523 4402 610 4456 διὰ
654 4404 882 4473 μετρίας
932 4405 1126 4473 πείρας
1172 4403 1265 4457 τοῦ
1295 4404 1389 4456 νῦν
1422 4406 1638 4476 καιροῦ,
1669 4406 1820 4477 παρὰ
1860 4406 1969 4460 τῶν

2062 1924 2288 1991 spectati
2350 1925 2452 1978 viri
2533 1927 2857 1995 strenuique
2922 1927 3147 1993 fuerint,
3204 1928 3271 1981 ad
3329 1931 3643 1983 exercitum

2063 2025 2216 2068 tuum
2272 2019 2734 2086 aggregabuntur,
2769 2027 2825 2073 et
2878 2027 3058 2073 tecum
3118 2021 3305 2075 hostes
3351 2022 3643 2077 invadent.

2063 2108 2214 2163 llanc
2254 2110 2321 2164 ad
2367 2109 2599 2164 formam
2652 2112 2823 2166 etiam
2870 2113 3094 2182 triginta
3149 2113 3320 2167 millia
3357 2115 3638 2169 hominum

2063 2201 2262 2255 instrui
2314 2203 2367 2256 in
2416 2204 2535 2258 acie
2594 2213 2849 2273 possunt,
2902 2206 2973 2260 ad
3035 2206 3252 2261 fortiter
3307 2218 3361 2263 et
3417 2217 3641 2263 strenue

2062 2290 2320 2348 inimicos
2365 2296 2779 2365 oppugnandos.

2140 2458 2261 2512 154.
2305 2458 2428 2513 [lace
2476 2458 2733 2530 dignitati
2793 2471 2898 2515 line
2950 2462 3019 2516 iis
3068 2463 3135 2516 de
3187 2464 3351 2518 rebus
3404 2479 3649 2519 comme-

2065 2552 2426 2614 moravimus,
2460 2553 2516 2606 in
2566 2554 2770 2620 quibus
2824 2554 2960 2607 nihil
2997 2571 3195 2609 novum
3247 2556 3501 2621 fortasse,
3549 2568 3644 2611 aut

2065 2652 2261 2711 praeter
2295 2642 2613 2714 opinionem
2645 2653 2793 2698 tuam
2837 2646 3104 2709 invenies,
3151 2648 3249 2702 sed
3296 2664 3414 2718 quae
3444 2666 3509 2703 ex
3548 2666 3645 2703 an-

2068 2736 2235 2804 tiquis
2285 2737 2361 2790 rei
2416 2736 2674 2791 militaris
2730 2739 3098 2807 scriptoribus
3148 2740 3532 2806 delibaiimus,
3588 2751 3644 2794 et

2066 2836 2255 2879 nostra
2303 2827 2565 2881 mediocri
2622 2829 2961 2898 experientia
3002 2830 3377 2897 percepimus,
3408 2830 3553 2884 hunc
3589 2831 3643 2885 in

2070 2916 2265 2969 librum
2319 2916 2566 2971 studiose
2614 2917 2960 2987 collegimus,
3005 2926 3167 2986 atque
3215 2921 3269 2972 in
3327 2936 3494 2973 unum
3548 2922 3650 2973 ad-

2069 3006 2352 3070 duximus,
2384 3008 2585 3074 quibus
2615 3015 2669 3058 tu
2696 3022 2795 3075 pro
2827 3014 2914 3059 lita
2947 3008 3260 3075 prudentia,
3298 3007 3643 3078 ingenioque,

1993 3130 2033 3187 Ο
2068 3101 2362 3152 occasione
2405 3113 2469 3151 ex
2504 3098 2571 3152 iis
2609 3098 2817 3152 nostris
2850 3106 3097 3168 accepta,
3140 3100 3245 3153 alia
3273 3116 3492 3169 quoque
3520 3116 3646 3170 per-

2070 3190 2237 3241 multa
2273 3188 2344 3243 iis
2364 3188 2565 3243 similia
2592 3189 2839 3243 invenire
2871 3192 3102 3259 poteris,
3125 3207 3245 3257 quae
3274 3207 3450 3260 neque
3482 3192 3654 3246 simu!

2068 3281 2259 3345 scribi,
2322 3298 2498 3351 neque
2560 3282 2613 3335 iu
2672 3282 2818 3336 hunc
2875 3282 3071 3335 librum
3117 3283 3359 3337 conferri
3427 3294 3650 3354 pr0pter

2069 3368 2467 3438 longitudinem
2519 3379 2790 3439 poterant.
2826 3369 2906 3422 Tu
2960 3384 3110 3434 vero,
3135 3370 3228 3440 qui
3262 3379 3313 3425 te
3365 3379 3535 3425 totum
3584 3375 3658 3427 iis

2070 3463 2233 3517 rebus
2283 3478 2432 3516 nunc
2466 3463 2764 3526 tradidisti,
2800 3463 2970 3516 multa
3021 3464 3087 3518 iis
3122 3463 3439 3532 probatiora
3483 3473 3650 3533 atque

2070 3550 2376 3606 ciiieaciora
2427 3555 2745 3623 excogitare
2812 3560 2865 3608 et
2927 3554 3198 3608 conficere
3254 3554 3363 3608 Deo
3416 3555 3656 3624 propitio

2070 3642 2305 3709 poteris,
2352 3641 2397 3696 si
2465 3641 2623 3695 fidem
2683 3642 2736 3695 in
2786 3658 2910 3695 cum
2962 3641 3188 3707 habeas,
3240 3649 3294 3695 et
3348 3643 3655 3698 rectionem

2071 3740 2316 3786 nostram
2356 3733 2466 3786 ullo
2507 3733 2657 3786 cultu
2698 3749 2761 3786 ac
2811 3733 3161 3788 observantia
3204 3733 3579 3802 prosequaris.

2520 3859 2985 3914 CONSTITUTIO
3045 3859 3183 3913 XIX.

2590 3988 2665 4043 De
2708 3989 2887 4042 navali
2923 3988 3131 4057 pro-lio.

2146 4121 2197 4174 ί.
2254 4119 2444 4174 Restat
2490 4119 2623 4188 jam,
2662 4126 2719 4172 ut
2763 4118 2830 4173 de
2883 4117 3059 4172 navali
3111 4117 3298 4186 prmlio
3359 4114 3522 4169 verba
3571 4114 3658 4170 fa-

2074 4213 2307 4268 ciamus.
2340 4210 2485 4264 Nihil
2541 4218 2721 4264 autem
2773 4209 2839 4263 de
2874 4208 2941 4263 iis
2984 4208 3036 4261 in
3088 4207 3335 4276 antiquis
3379 4207 3454 4259 rei
3513 4206 3658 4259 mili-

2074 4304 2212 4356 taris
2247 4301 2611 4371 scriptoribus
2659 4300 2919 4353 traditum
2959 4298 3299 4363 invenimus;
3345 4312 3466 4366 qua:
3524 4313 3662 4351 vero

2075 4396 2306 4463 sparsim
2357 4392 2552 4448 diffusa
2605 4393 2857 4461 legimus,
2897 4394 2954 4444 et"
2988 4390 3250 4445 mediocri
3294 4405 3394 4443 usu
3429 4388 3529 4458 ipsi
3562 4404 3659 4443 co-

386 4471 1004 4567 ulw‘ipmvvctpa‘rqyd'iv
1031 4471 1189 4566 ημῶν
1222 4471 1587 4566 ἀνεμάθομεν,
1630 4498 1696 4551 τά
1734 4471 1832 4568 μὲν
1872 4516 1963 4552 πε-

2078 4487 2391 4555 gnovimus,
2462 4500 2694 4554 quaeque
2755 4483 2995 4553 praefecti
3053 4483 3227 4538 nostri
3280 4482 3475 4551 partim
3534 4481 3658 4535 aliis

386 4587 717 4657 ποιηκότων,
756 4586 824 4639 τά
866 4587 922 4639 δὲ
960 4586 1331 4650 πεπονθότων,
1357 4586 1748 4655 ἀναλεξάμενοι
1798 4591 1972 4659 μικρά

388 4695 512 4732 τινα
578 4680 673 4733 καὶ
728 4680 851 4732 ὅσον
911 4680 1147 4749 ἔμφασιν
1207 4677 1389 4731 δοῦναι
1451 4684 1564 4742 τοῖς
1613 4682 1707 4733 καὶ
1746 4682 1837 4734 ἐπὶ
1882 4681 1977 4734 θα-

387 4770 596 4840 λάσσης
639 4770 909 4841 μάχεσθαι
952 4770 1039 4823 διὰ
1070 4770 1176 4823 τῶν
1215 4787 1343 4823 ποτε
1378 4770 1686 4841 λεγομένων
1713 4773 1975 4844 τριηρῶν,

387 4861 551 4915 νῦνᾶὲ
574 4862 867 4933 δρομὼνων
898 4862 1268 4932 καλουμένων,
1293 4863 1567 4932 μέλλουσι,
1596 4866 1653 4915 ἐν
1678 4865 1879 4933 ὀλίγοις
1904 4864 1979 4917 δι-

392 4954 717 5024 ορισόμεθα.

463 5063 528 5131 β’.
579 5066 802 5137 Πρῶτον
855 5064 954 5136 μὲν
1007 5060 1122 5130 οὖν,
1173 5059 1225 5118 ὧν
1264 5066 1361 5132 τῆς
1392 5066 1650 5135 ναυτικῆς
1689 5066 1975 5135 δυνάμεως

391 5158 666 5230 στρατηγὲ
699 5158 820 5227 (ἤδη
880 5158 988 5229 γὰρ
1047 5155 1143 5209 καὶ
1197 5157 1332 5226 πρὸς
1398 5157 1457 5210 σὲ
1510 5157 1629 5209 δέον
1690 5157 1979 5224 τὸνλόγον

391 5250 769 5321 ποιήσασθαι),
797 5250 896 5320 τῆς
923 5250 1267 5320 ναυμαχικῆς
1301 5249 1596 5319 ἐμπειρίας
1646 5249 1739 5301 καὶ
1772 5248 1975 5311 τάξεως

392 5345 735 5414 ἐπιστήμονά
764 5361 823 5396 σε
855 5338 993 5397 εἶναι
1029 5342 1229 5413 χρεὼν,
1262 5345 1356 5395 καὶ
1386 5341 1484 5405 τὰς
1522 5342 1631 5394 τῶν
1675 5341 1852 5413 ἀέρων
1883 5341 1983 5393 καὶ

391 5432 501 5488 τῶν
533 5434 859 5505 πνευμάτων
884 5434 1125 5505 κινήσεις
1156 5432 1488 5503 προσκοπεῖν
1516 5449 1572 5484 τε
1609 5433 1702 5486 καὶ
1731 5431 1977 5500 προειδέ-

394 5544 481 5581 ναι
509 5525 598 5581 διὰ
618 5527 717 5597 τῆς
749 5525 858 5578 τῶν
890 5524 1231 5594 φαινομένων
1259 5523 1507 5592 άστέρων
1547 5524 1638 5575 καὶ
1666 5524 1722 5575 ἐν
1757 5523 1978 5593 ἄστροις

2084 4578 2405 4643 inferentes,
2449 4578 2648 4647 partim
2699 4580 2766 4631 ab
2799 4578 2923 4631 aliis
2953 4577 3308 4644 accipientes,
3357 4572 3512 4626 nobis
3546 4588 3657 4626 οε·-

2079 4675 2373 4743 plicarunt,
2400 4681 2454 4726 et
2486 4687 2609 4741 quas
2647 4672 2995 4725 occasionem
3027 4670 3264 4736 aliquam
3296 4664 3488 4719 afferre
3526 4681 3655 4732 pos-

2079 4776 2209 4823 sunt
2250 4768 2315 4820 ad
2360 4782 2470 4819 rem
2520 4767 2657 4820 bene
2701 4763 3081 4825 dromouibus,
3117 4759 3169 4813 id
3200 4768 3304 4824 est,
3336 4758 3657 4814 triremibus

2079 4857 2401 4927 gerendam,
2448 4872 2511 4911 ea
2561 4856 2752 4927 paucis
2795 4854 3103 4924 explicabo.

2153 5064 2207 5118 2.
2253 5062 2493 5117 Primum
2544 5069 2725 5114 autem
2761 5057 2909 5127 (nam
2965 5055 3030 5109 ad
3081 5064 3129 5110 te
3162 5070 3330 5120 nunc,
3363 5055 3655 5120 navarche,

2080 5157 2243 5211 verba
2282 5154 2529 5208 facienda
2577 5150 2728 5213 sunt)
2753 5150 2829 5203 rei
2857 5148 3067 5201 navalis
3097 5150 3292 5217 peritia
3350 5161 3414 5199 ac
3448 5148 3656 5199 iustru~

2079 5251 2261 5304 ctione
2307 5248 2510 5316 pollere
2540 5254 2590 5295 te
2616 5248 2851 5309 oportet,
2898 5249 2950 5293 et
2984 5242 3145 5303 aeris,
3178 5248 3461 5293 ventorum
3498 5236 3659 5289 flatus

2082 5353 2450 5411 pmnoscerc,
2487 5352 2584 5405 per
2613 5335 2895 5389 stellarum
2929 5331 3309 5401 apparentium
3344 5339 3571 5387 motum.
3608 5337 3661 5380 ct

2086 5441 2360 5488 astrorum
2400 5428 2576 5498 signa,
2601 5424 3084 5495 tempestivitatum
3114 5421 3279 5474 etiam
3306 5418 3659 5472 mutationem

2086 5521 2327 5593 perfecte
2373 5531 2700 5588 cognoscas,
2750 5522 2807 5567 ut
2855 5514 2898 5567 si
2951 5511 3224 5580 perfectus
3275 5510 3343 5565 iis
3388 5509 3443 5563 in
3497 5508 3664 5562 rebus

1940 5698 2169 5755 NO'f'JE.

472 5803 585 5877 (98)
623 5803 911 5877 Τᾴγματα.
948 5805 1333 5876 Scribebatur,
1364 5805 1632 5874 δόγματα.

2169 5794 2278 5863 (99)
2307 5791 2363 5847 ln
2405 5789 2594 5845 codice
2632 5788 2892 5841 Laurent.
2926 5792 3011 5841 est
3041 5798 3161 5854 cap.
3198 5780 3291 5837 20.
