4090 6444
414 331 514 402 991

1686 323 1964 384 LEONlS
1995 321 2462 387 PIIILOSOPHI

3581 327 3693 394 992

415 451 604 514 fueris,
656 453 808 502 tutus
854 450 909 500 et
950 456 1179 498 securus
1224 439 1291 494 ab
1328 439 1587 494 omnibus
1649 441 1819 495 maris
1853 447 1993 493 tem-

2106 443 2345 512 σημείων
2376 442 2592 514 πείρας,
2625 441 2717 494 καὶ
2754 440 2862 493 τῶν
2899 441 3022 494 καθ’
3053 438 3204 512 ἥλιόν
3229 458 3288 495 τε
3333 442 3429 496 καὶ
3458 445 3694 515 σελήνην

415 540 716 610 pestatibus
757 535 1119 592 conscrveris.

2101 532 2405 602 γινομένων
2434 532 2738 602 σημασιῶν,
2763 532 2862 585 καὶ
2886 533 2952 604 δὴ
2985 534 3080 587 καὶ
3103 533 3203 602 τῆς
3233 533 3342 588 τῶν
3374 537 3583 607 καιρῶν
3604 539 3696 590 ὲν-

414 632 655 700 αλλαγῆς
701 630 800 698 τὴν
849 625 1134 696 ἀκρίϐειαν
1184 621 1591 690 ἐπιγινώσκειν,
1627 619 1703 682 ὡς
1753 619 1820 672 ἄν
1862 620 2000 691 ἔχων
2039 622 2167 692 περὶ
2191 621 2346 675 ταῦτ’
2373 621 2653 694 ἐμπείρως
2681 621 2928 693 ἀσφαλὴς
2955 624 3050 676 καὶ
3099 623 3379 688 ἀκίνδυνος
3436 625 3546 679 ἀπὺ
3583 625 3693 680 τῶν

412 723 512 790 τῆς
549 721 824 788 Θαλάσσης
856 715 1195 785 διαφυλάττῃ
1229 712 1534 784 χειμώνων.

480 817 535 869 5.
583 813 902 874 Dromones,
945 810 997 864 id
1054 817 1159 875 est,
1194 809 1447 862 triremes
1495 805 1828 862 fabricanda:
1863 815 1998 863 sunt

413 908 482 962 ad
553 905 746 960 navale
802 903 1048 973 prmlium
1106 900 1336 964 idonea),
1397 899 1693 954 adversum
1755 901 1998 954 hostium

413 1003 737 1054 instructam
787 997 1046 1065 classem.
1085 997 1272 1062 Itaque
1314 999 1602 1061 perspecto
1635 990 1836 1046 classis
1873 990 2001 1044 illo-

413 1107 532 1145 rum
587 1097 852 1159 apparatu
911 1097 963 1142 et
1025 1085 1282 1140 universa
1361 1083 1800 1148 constitutione,
1851 1092 2000 1137 tuam

411 1184 646 1236 classem
696 1180 921 1233 omnino
969 1177 1051 1232 sic
1107 1176 1350 1247 parabis,
1411 1185 1470 1231 ut
1523 1175 1590 1228 ad
1645 1177 2001 1246 pugnandum

412 1290 535 1329 cum
589 1273 700 1327 illis
760 1270 1045 1340 aptissima
1105 1269 1198 1324 sit.

478 1371 538 1422 4.
579 1365 910 1418 Triremium
947 1361 1246 1428 confectio,
1275 1375 1454 1431 neque
1485 1359 1784 1414 admodum
1813 1373 2006 1413 crassa

415 1460 509 1523 sit,
553 1467 610 1510 ut
641 1472 708 1511 ne
741 1457 910 1508 tarda!
939 1456 1051 1508 sint
1084 1454 1150 1506 ad
1175 1468 1425 1520 cursum,
1466 1466 1643 1521 neque
1680 1451 1748 1504 ad
1781 1451 2005 1504 nimiam

416 1551 714 1605 exilitatem
748 1554 1062 1611 attenuatze,
1097 1561 1166 1599 ne
1206 1545 1425 1598 infirma
1471 1557 1536 1597 ac
1588 1541 1800 1611 fragilis
1846 1540 2006 1596 facile

418 1641 772 1695 adversarum
815 1641 1034 1692 navium
1085 1638 1289 1706 impetu
1350 1635 1628 1699 elidatur;
1662 1634 1757 1689 sed
1795 1633 2001 1688 medio-

416 1748 562 1788 crem
613 1732 806 1785 habeat
849 1728 1264 1792 coniectionem,
1319 1735 1378 1779 ιιι
1415 1725 1699 1790 incitatus,
1737 1726 1994 1794 celerque

415 1824 484 1876 ad
538 1831 759 1878 cursum
814 1821 907 1887 sit,
955 1829 1011 1876 et
1059 1820 1275 1886 firmus,
1329 1832 1394 1874 ac
1443 1817 1661 1873 stabilis
1714 1818 1780 1872 ad
1817 1817 2003 1872 hostes

418 1913 793 1983 repeHeudos.

490 2197 545 2252 5.
580 2199 662 2251 Ad
713 2193 952 2252 triremis
1002 2191 1404 2248 confectiouem
1457 2191 1641 2245 omnia
1677 2197 1869 2260 parata
1903 2188 2006 2242 ha-

417 2292 602 2355 beant,
652 2305 824 2358 eaque
857 2290 910 2342 in
966 2297 1244 2355 promptu,
1293 2295 1346 2338 et
1382 2283 1572 2354 dupla,
1612 2291 1673 2336 ut
1705 2283 2005 2345 auchenes,

423 2398 628 2444 remos,
663 2382 923 2443 scalmos,
961 2377 1142 2441 funes,
1189 2378 1364 2440 caria,
1407 2383 1460 2429 et
1493 2381 1734 2439 transtra
1763 2373 2005 2436 illorum,

420 2475 662 2538 ecratia,
719 2481 772 2526 et
815 2471 1083 2533 ealartia,
1138 2479 1192 2523 et
1237 2481 1580 2536 quietumque
1623 2467 1727 2519 alia
1786 2466 2006 2518 nautica

422 2580 516 2618 ars
550 2564 615 2616 ad
662 2579 820 2618 usum
857 2561 1109 2629 requirit.
1162 2559 1370 2611 llabcat
1399 2568 1660 2627 praeterea
1700 2559 1844 2626 ligna
1874 2571 2010 2608 cou-

421 2670 577 2720 cava,
631 2669 868 2717 asseres,
910 2661 1190 2720 stuppam,
1241 2652 1440 2719 picem,
1489 2651 1662 2718 picem
1721 2649 2005 2720 liquidatu,

421 2748 717 2816 omniaque
765 2746 1134 2800 instrumenta
1187 2743 1423 2809 navalia,
1457 2752 1509 2797 et
1544 2743 1612 2796 ad
1660 2741 2008 2795 fahrieamlas

423 2855 588 2892 naves
623 2836 952 2909 spectantia,
1007 2852 1153 2890 unus
1199 2835 1402 2903 aliquis
1436 2843 1650 2897 vector,
1681 2845 1739 2886 ιιι
1776 2835 2005 2897 ast-iam,

424 2929 1017 2992 terebrum,-"Serram,
1067 2934 1232 2996 atque
1281 2925 1389 2978 alia
1444 2925 1564 2994 ejus
1598 2925 1834 2995 generis.

492 3117 544 3170 6.
580 3113 639 3169 1η
689 3128 851 3182 prora
918 3112 1206 3181 siphonem
1256 3127 1365 3166 aere
1413 3111 1690 3166 obtectum
1731 3111 1799 3165 de
1854 3125 2006 3163 more

420 3207 626 3260 habeas
669 3204 735 3257 ad
772 3205 949 3274 ignem
989 3204 1043 3255 in
1100 3203 1288 3255 hostes
1322 3202 1730 3269 ejaeulaudum,
1771 3210 1824 3255 et
1863 3195 2006 3255 celse

423 3311 590 3367 ευριιι
637 3295 924 3362 siphonem
985 3293 1408 3362 pseudopatium
1439 3308 1505 3347 ex
1556 3293 1839 3347 asseribus
1870 3307 2003 3346 cuu-

425 3390 647 3451 fertum,
696 3393 750 3438 et
780 3384 1060 3439 asseribus
1101 3385 1543 3448 circmutectum,
1579 3384 1631 3435 in
1665 3398 1776 3451 qua
1809 3382 1908 3435 viri
1939 3384 2004 3434 ad

421 3479 736 3534 bellandum
791 3476 1050 3531 instructi
1091 3475 1224 3539 sint,
1255 3476 1348 3546 qui
1385 3474 1678 3529 adversum
1721 3475 1910 3528 hostes
1937 3490 2001 3528 ex

418 3584 583 3640 prora
631 3579 896 3638 pugnent,
951 3568 1036 3620 vel
1086 3569 1140 3621 iu
1192 3565 1446 3622 hostilem
1487 3580 1680 3620 navem
1736 3566 1866 3629 tela,
1914 3576 2008 3620 aut

419 3663 525 3716 alia
563 3660 628 3715 ad
665 3660 962 3715 vastandos
1013 3659 1202 3714 hostes
1254 3657 1565 3728 spectantia
1619 3657 1896 3727 injiciaut.

489 3945 544 4002 7.
595 3944 698 4000 Sed
743 3951 796 3998 et
837 3944 1014 4013 lignea
1061 3950 1265 4007 castra,
1304 3959 1425 4013 quae
1473 3942 1525 3996 in
1573 3942 1752 3997 medio
1784 3941 2002 3996 eatartii

419 4053 567 4107 sunt,
618 4041 873 4095 maximis
929 4041 983 4094 in
1038 4039 1359 4093 triremibus
1418 4037 1698 4092 asseribus
1765 4034 2003 4089 exmdili-

418 4145 636 4198 cantur,
669 4151 698 4190 e
727 4135 928 4205 quibus
959 4135 1163 4187 milites
1214 4133 1268 4186 in
1319 4131 1556 4186 mediam
1620 4129 1875 4184 hostilem
1910 4143 2005 4180 na-

420 4241 541 4280 vem
600 4225 899 4292 conjicient
962 4224 1044 4276 vel
1107 4223 1316 4290 lapides
1371 4221 1634 4281 molares,
1707 4218 1790 4272 vel
1843 4231 2006 4287 grave

421 4317 648 4378 ferrum,
703 4324 762 4369 ut
815 4329 1001 4368 maris
1058 4314 1399 4381 euspidatas,
1443 4311 1648 4378 quibus
1690 4309 1772 4362 vel
1811 4322 2002 4362 navem

420 4403 790 4473 eoufringent,
819 4404 900 4456 vel
934 4403 1215 4469 subjectos
1250 4403 1302 4454 in
1359 4416 1497 4454 nave
1531 4398 1891 4463 contundent,
1921 4401 2004 4450 vel

419 4497 527 4549 alia
573 4496 628 4550 in
668 4495 790 4549 illos
837 4492 1197 4563 profundent,
1255 4500 1349 4546 aut
1389 4490 1630 4546 hosﬁum
1689 4503 1879 4542 navem
1917 4489 1997 4541 in-

419 4589 672 4654 cendent,
731 4595 823 4640 aut
877 4587 1064 4640 hostes
1136 4585 1294 4654 ipsos
1351 4584 1406 4637 in
1458 4583 1583 4636 navi
1647 4581 1998 4636 interficicut.
2037 4620 2079 4676 ε)

419 4682 773 4752 Unaquaeque
817 4688 1001 4734 autem
1052 4678 1298 4732 triremis
1353 4675 1586 4745 oblonga
1636 4675 1728 4739 sit,
1775 4683 1831 4729 et
1879 4688 2002 4726 mo.-

419 4777 626 4837 ilerata,
689 4775 828 4829 duos
885 4772 1093 4827 habens
1141 4769 1364 4835 ordines
1413 4782 1689 4822 remorum
1751 4785 1762 4819 :
1831 4766 1999 4820 alium

419 4870 780 4940 superiorem,
839 4870 1005 4924 alium
1057 4867 1396 4923 inferiorem.

490 5062 544 5116 8.
591 5059 736 5114 Ordo
789 5058 1172 5127 unusquisque
1206 5055 1406 5110 habeat
1441 5053 1508 5109 ad
1553 5051 1838 5106 minimum
1868 5049 1997 5120 juga

416 5151 608 5222 viginti
641 5150 907 5220 quinque,
965 5150 1019 5202 in
1067 5147 1269 5218 quibus
1301 5144 1536 5215 remiges
1601 5141 1994 5207 considebant,

417 5261 560 5299 unus
595 5243 660 5296 ad
689 5242 960 5305 dextram,
998 5241 1138 5294 alter
1172 5239 1240 5294 ad
1287 5237 1593 5303 sinistram,
1631 5234 1720 5306 qui
1755 5243 1869 5289 tum
1904 5249 1996 5287 ar-

417 5337 546 5391 mati
601 5336 822 5399 milites,
875 5341 987 5388 tum
1036 5333 1272 5403 remiges
1303 5339 1433 5387 sunt
1465 5332 1802 5401 superiores,
1831 5337 1994 5399 atque

414 5429 706 5490 inferiores
761 5427 863 5482 viri
899 5433 1116 5481 centum
1145 5443 1160 5490 ;
1209 5435 1409 5493 praeter
1443 5425 1542 5479 hos
1591 5422 1832 5477 triremis
1864 5437 1993 5477 cen-

2167 807 2238 876 γ’.
2274 808 2804 879 Κατασκευασοῆναι
2842 810 2897 862 δὲ
2926 810 3017 863 καὶ
3038 810 3322 880 δρόμωνας
3353 812 3435 864 δεῖ
3461 813 3697 882 ἀρκοῦνδ

2096 917 2195 964 τας
2244 901 2381 971 πρὸς
2428 901 2737 970 ναυμαχίαν
2786 901 2928 954 κατὰ
2969 901 3077 955 τῶν
3115 907 3693 974 ἁντιστρατευομένων

2100 995 2362 1064 πλωῒμων
2399 993 2697 1064 πολεμίων,
2727 994 2826 1048 καὶ
2875 994 3012 1065 πρὸς
3052 995 3152 1064 τὴν
3185 995 3412 1048 ἐκείνων
3447 994 3693 1050 διάοέσίν

2099 1101 2158 1138 τε
2205 1084 2304 1138 καὶ
2361 1083 2720 1147 κατάστασιν,
2779 1084 2874 1137 καὶ
2917 1084 3025 1137 τῶν
3066 1084 3174 1138 σῶν
3221 1087 3555 1156 ποιήσασθαι
3593 1089 3696 1158 τὴν

2103 1177 2451 1246 κατασκευὴν
2479 1176 2712 1246 δυνατὴν
2747 1175 2884 1247 πρὸς
2913 1176 3153 1244 ἅπαντα,
3194 1179 3426 1243 ἐκείνοις
3460 1181 3697 1252 ἀντιμα-

2105 1269 2324 1340 χεσοαι.

2177 1360 2240 1415 δ’.
2285 1362 2348 1414 Ἦ
2402 1361 2460 1415 δὲ
2503 1361 2614 1415 τῶν
2659 1361 2953 1434 δρομὼνων
3003 1363 3323 1435 κατασκευὴ
3377 1365 3512 1435 μήτε
3552 1367 3697 1436 ἄγαν

2107 1452 2248 1506 ἔστω
2275 1454 2496 1522 παχεῖα,
2521 1452 2606 1505 ἵνα
2638 1451 2712 1522 μὴ
2729 1453 2889 1522 ἀργοὶ
2913 1452 3182 1521 γένωνται
3206 1454 3263 1508 ὲν
3284 1454 3404 1517 ταῖς
3425 1453 3692 1518 ὲλασίαις·

2111 1545 2248 1616 μήτε
2274 1544 2394 1596 λίαν
2419 1545 2498 1607 εἰς
2528 1543 2833 1615 λεπτότητα
2867 1543 3288 1616 ἐξειργασμένῃ,
3313 1545 3402 1600 ἵνα
3429 1545 3503 1615 μὴ
3532 1545 3699 1599 ὰσοε-

2109 1635 2204 1705 νὴς
2248 1629 2382 1686 οὖσα
2441 1633 2536 1686 καὶ
2579 1634 2754 1703 σαορέι
2799 1634 2998 1705 ῥᾳδίως
3029 1634 3138 1688 ὑπὸ
3169 1635 3277 1688 τῶν
3309 1636 3573 1706 κυμάτων
3602 1639 3701 1690 καὶ·

2107 1728 2208 1798 τῆς
2241 1727 2349 1781 τῶν
2375 1727 2633 1780 ἐναντίων
2675 1727 3022 1797 συναράξεώς
3055 1745 3113 1780 τε
3147 1727 3242 1780 XO)-
3267 1728 3546 1798 κρούσεως
3576 1728 3698 1782 δια-

2109 1817 2318 1870 λύεται.
2358 1816 2521 1870 ’Δλλὶι
2545 1816 2856 1887 σύμμετρον
2886 1816 3056 1887 ἐχέτω
3095 1816 3196 1888 τὴν
3223 1817 3486 1886 ἐργασίαν
3515 1819 3543 1870 ό
3573 1817 3700 1889 δρό-

2041 1929 2079 1980 B
2114 1929 2251 1981 μων,
2286 1911 2373 1963 ἵνα
2405 1910 2499 1962 καὶ
2540 1909 2894 1979 ἐλαυνόμενος
2928 1909 3002 1980 μὴ
3031 1909 3152 1962 λίαν
3189 1909 3358 1980 ἀργός
3394 1911 3562 1975 ἐστιν,
3606 1912 3703 1964 καὶ

2113 1996 2587 2065 κλυδωνιζόμενος,
2618 1998 2650 2067 ἢ
2685 1997 2836 2068 παρὰ
2882 1998 2991 2050 τῶν
3019 1998 3229 2068 ἐχθρῶν
3264 1999 3703 2070 συγκρουόμενος

2113 2091 2461 2162 ἰσχυρότερος
2495 2090 2727 2162 διαμένῃ
2757 2091 2850 2142 καὶ
2877 2090 3175 2161 ἄρρηκτος.

2178 2191 2243 2238 ε’.
2293 2183 2597 2253 Ἑχέτωσαν
2642 2183 2698 2236 δὲ
2743 2183 2838 2236 καὶ
2880 2184 3056 2236 πάντα
3090 2183 3159 2237 τὰ
3195 2185 3334 2254 πρὶς
3370 2185 3704 2256 ἐξαρτισμδν

2108 2277 2383 2349 δρόμωνος
2411 2276 2798 2348 ἀπαράλειπτα
2829 2277 2920 2329 καὶ
2961 2275 3145 2342 διπλᾶ,
3179 2271 3290 2330 οἷον
3331 2277 3564 2347 αὐχένας
3595 2279 3698 2348 (l),

2109 2370 2321 2431 κώπας,
2355 2370 2659 2438 σκαρμοὺς,
2684 2370 2914 2438 σχοινία,
2948 2360 3166 2440 κὰροια,
3189 2373 3280 2422 καὶ
3308 2371 3376 2424 τὰ
3403 2370 3616 2440 ἄρμενα
3642 2373 3700 2425 δὲ

2109 2459 2287 2511 αὐτῶν
2317 2459 2409 2511 καὶ
2439 2460 2765 2529 κερατάρια,
2790 2463 2884 2514 καὶ
2917 2461 3208 2532 κατάρτια,
3241 2464 3335 2516 καὶ
3365 2464 3540 2517 ὁπόσα
3565 2465 3701 2519 ἄλλα

2110 2551 2393 2622 ἡναυτικὴ
2428 2553 2592 2621 τέχνη
2623 2553 2758 2622 πρὸς
2790 2555 2980 2623 χρείαν
3011 2555 3254 2608 ἀπαιτεῖ.
3297 2554 3497 2626 Ἐχέτω
3519 2557 3577 2610 δὲ
3607 2560 3700 2612 κει

2110 2644 2176 2694 ἐκ
2217 2643 2481 2711 περισσοῦ
2531 2644 2666 2710 ξύλα
2701 2646 2822 2699 τινὰ
2865 2647 3129 2713 ἐγκοίλια,
3167 2647 3261 2700 καὶ
3312 2648 3549 2713 σανίδας,
3605 2653 3701 2704 καὶ

2113 2736 2378 2796 στυππία,
2403 2737 2496 2789 καὶ
2527 2737 2746 2802 πίσσαν,
2772 2737 2867 2790 καὶ
2894 2739 3244 2808 ὑγρόπισσον,
3272 2740 3364 2793 καὶ
3393 2744 3698 2812 ναυπηγὸν,

2113 2829 2250 2898 μετὰ
2305 2830 2525 2882 πάντων
2576 2831 2684 2883 τῶν
2729 2832 3031 2902 ἐργαλείων
3057 2833 3244 2898 αὐτοῦ,
3279 2835 3376 2889 ἕνα
3434 2836 3543 2890 τῶν
3577 2837 3698 2892 ἐλα-

2109 2922 2218 2974 τῶν
2249 2918 2360 2974 οἷον
2404 2924 2736 2994 σκεπάρνου,
2775 2925 3028 2996 τελέτρου
3057 2926 3160 2995 (2),
3196 2927 3437 2998 πρίονος,
3473 2928 3565 2982 καὶ
3594 2929 3704 2984 τῶν

2110 3012 2331 3081 ὁμοίων.

2179 3110 2254 3170 ς’.
2293 3105 2495 3174 Ἐχέτω
2517 3105 2574 3158 δὲ
2599 3107 2814 3170 πάντως
2836 3107 2928 3160 τὸν
2952 3109 3159 3178 σίφωνα
3182 3111 3325 3164 κατὰ
3349 3111 3449 3183 τὴν
3475 3113 3708 3184 πρῶραν

2109 3196 2424 3267 ἕμπροοοεν
2484 3199 2672 3269 χαλκῷ
2695 3202 3094 3270 ἠμφιεσμένον,
3129 3203 3206 3267 ὼς
3261 3203 3407 3271 ἔθος,
3437 3206 3504 3260 δι’
3533 3201 3594 3260 οὗ
3639 3208 3702 3260 τὸ

2112 3289 2532 3358 ἐσκευασμένων
2570 3291 2647 3360 (5)
2705 3291 2815 3361 πῦρ
2858 3294 3000 3346 κατὰ
3031 3294 3139 3346 τῶν
3179 3295 3443 3350 ἐναντίων
3485 3299 3704 3352 ἀκοντί-

2112 3395 2192 3428 om
2218 3378 2316 3448 (4).
2347 3381 2453 3431 Καὶ
2485 3379 2694 3433 ἄνωθεν
2727 3381 2783 3434 δὲ
2811 3383 2905 3435 τοῦ
2937 3384 3178 3438 τοιούτου
3228 3385 3461 3454 σίφωνος
3505 3389 3700 3458 ψευδο-ι

2112 3470 2305 3524 πάτιον
2369 3472 2478 3525 ἀπὸ
2531 3473 2780 3538 σανίδων,
2833 3476 2926 3528 καὶ
2975 3475 3108 3528 αὐτὸ
3167 3481 3707 3553 περιτετειχισμένον

2112 3564 2343 3627 σανίσιν,
2382 3565 2440 3616 ἐν
2478 3558 2522 3632 ᾧ
2553 3565 2836 3636 στήσονται
2871 3566 3066 3636 ἄνδρες
3100 3567 3426 3639 πολεμισταὶ
3456 3573 3571 3636 τοῖς
3597 3573 3701 3626 ἐπ-

2110 3655 2425 3724 ερχομένοις
2457 3655 2564 3708 ἀπὸ
2590 3656 2691 3726 τῆς
2716 3657 2940 3729 πρώρας
2963 3658 3072 3712 τῶν
3094 3659 3370 3732 πολεμίων
3399 3661 3702 3734 ἁντιμαχό-

2111 3761 2286 3823 μενοι,
2320 3745 2352 3815 ἢ
2394 3745 2534 3799 κατὰ
2571 3747 2666 3817 τῆς
2695 3747 2960 3818 πολεμίας
2995 3751 3131 3815 νεὼς
3159 3750 3289 3822 ὅλης
3315 3751 3602 3822 βάλλοντες
3627 3753 3700 3807 δι’

2109 3838 2250 3890 ὅσων
2276 3837 2341 3890 ἂν
2375 3841 2739 3910 ἐπινοήσωσιν
2767 3842 2967 3898 ὅπλων.

2179 3929 2245 3994 ζ’.
2291 3931 2449 3984 Ἀλλὰ
2477 3936 2570 3985 καὶ
2601 3934 2670 3986 τὰ
2694 3933 2961 4006 λεγόμενα
2984 3936 3326 4011 ξυλόκαστρα
3357 3943 3487 4013 περὶ
3518 3941 3577 3996 τὺ
3605 3944 3702 4014 μὲ-

2115 4040 2206 4075 σον
2239 4041 2342 4076 που
2376 4025 2468 4078 τοῦ
2497 4027 2793 4096 καταρτίου
2847 4030 2904 4082 ἐν
2941 4034 3052 4094 τοῖς
3102 4034 3382 4102 μεγίστοις
3426 4036 3702 4108 δρόμωσιν

2112 4117 2466 4185 ὲπιστήσουσι
2503 4123 3010 4193 περιτετειχισμένα
3051 4126 3277 4190 σανίσιν,
3306 4127 3366 4192 ἐξ
3394 4123 3470 4182 ὧν
3507 4129 3700 4203 ἄνδρες

2109 4211 2252 4274 τινὲς
2281 4212 2342 4264 τὸ
2375 4214 2538 4282 μέσον
2566 4218 2665 4285 τῆς
2695 4216 2961 4286 πολεμίας
2994 4218 3119 4287 νηὸς
3149 4219 3525 4275 ἁκοντίσουσιν
3554 4221 3585 4290 ἤ
3616 4222 3700 4274 λί-

2110 4300 2235 4363 Οους
2288 4303 2569 4372 μυλικοὺς,
2622 4306 2887 4378 ἢσίδηρα
2944 4309 3136 4379 βαρέα,
3169 4305 3281 4363 οἷον
3324 4314 3504 4381 μάζας
3549 4312 3700 4383 ξιφο-

2108 4397 2292 4461 ειδεῖς,
2335 4397 2401 4450 δι’
2441 4392 2514 4452 ὧν
2544 4399 2575 4468 ἢ
2613 4399 2710 4470 τὴν
2736 4401 2866 4454 ναῦν
2892 4402 3299 4473 διαθρύψνιυσιν,
3331 4405 3362 4476 ἢ
3404 4407 3531 4469 τοὺς
3560 4407 3700 4459 ὑπο-ι

2110 4489 2395 4559 κειμένους
2427 4491 2813 4546 συνΟλάσουσιν
2845 4495 3092 4566 σφοδρῶς
3112 4499 3557 4569 καταφερόμεναι,
3584 4501 3616 4569 ἣ
3644 4515 3704 4553 τε

2109 4582 2294 4652 ἕτερον
2328 4584 2682 4654 ὲπιχύσουσιν
2723 4586 2755 4657 ἢ
2784 4588 3071 4659 ἐμπρῆσαι
3103 4590 3402 4662 δυνάμενον
3429 4595 3529 4663 τὴν
3562 4592 3696 4646 ναῦν

2109 4675 2216 4726 τῶν
2246 4675 2523 4741 ἐναντίων,
2561 4677 2594 4744 ἢ
2629 4678 2753 4741 τοὺς
2785 4679 2841 4732 ἐν
2864 4681 3001 4751 αὐτῇ
3038 4681 3328 4752 πολεμίους
3358 4684 3691 4741 Θανατῶσαι.

2111 4766 2382 4829 Ἕκαστος
2411 4768 2467 4820 δὲ
2498 4769 2606 4820 τῶν
2633 4771 2927 4840 δρομῶνων
2958 4774 3210 4845 εὐμήκης
3237 4776 3398 4839 ἔστω,
3423 4779 3517 4832 καὶ
3555 4779 3696 4849 σύμ-

2113 4876 2328 4928 μετρος,
2364 4860 2501 4928 ἔχων
2531 4862 2630 4930 μὲν
2659 4863 2756 4927 τὰς
2786 4863 3083 4934 λεγομένας
3119 4868 3339 4933 ἐλασίας
3372 4869 3484 4938 δύο,
3517 4873 3613 4943 τήν
3635 4890 3695 4926 τε

2111 4951 2258 5004 κάτω
2286 4955 2380 5006 καὶ
2411 4953 2507 5024 τὴν
2530 4955 2662 5009 ἄνω.

2182 5044 2252 5115 η’.
2297 5047 2533 5117 Ἐκάστη
2582 5048 2638 5100 δὲ
2679 5050 2850 5119 ἐχέτω
2882 5049 3081 5120 ζυγοὺς
3119 5054 3179 5107 τὸ
3211 5054 3495 5123 ἐλάχιστον
3531 5055 3692 5111 πέντε

2104 5139 2201 5192 καὶ
2225 5140 2420 5205 εἴκοσι,
2461 5143 2520 5195 ἐν
2559 5138 2640 5206 οἷς
2671 5145 2720 5196 οἱ
2751 5145 3075 5214 κωπηλάται
3111 5147 3565 5219 καθεσοήσονται.
3603 5150 3696 5212 Ὠς

2104 5230 2241 5287 εἶναι
2297 5235 2494 5302 ζυγοὺς
2549 5237 2673 5301 τοὺς
2733 5237 2979 5302 ἅπαντας
3033 5240 3180 5294 κάτω
3226 5241 3326 5310 μὲν
3379 5241 3552 5295 εἴκοσι
3599 5243 3694 5295 καὶ

2105 5327 2291 5391 πέντε,
2341 5327 2454 5381 ἄνω
2489 5327 2544 5380 δὲ
2575 5329 2775 5397 ὁμοίιος
2804 5330 2976 5384 εἴκοσι
3017 5333 3109 5385 καὶ
3158 5333 3340 5398 πέντε,
3377 5334 3515 5402 ὁμοῦ
3557 5353 3692 5388 πεν-

2103 5421 2381 5490 τήκοντα·
2432 5421 2552 5474 καθ’
2584 5421 2679 5475 ἕνα
2722 5423 2778 5476 δὲ
2827 5425 3006 5478 αὐτῶν
3048 5425 3140 5478 δύο
3171 5426 3594 5491 καθεζέσοωσαν
3640 5429 3691 5482 οἱ

1928 5558 2157 5615 NOTAE.

481 5650 557 5718 (l)
589 5651 671 5703 Ah
701 5652 932 5721 αὐχένας
955 5694 969 5719 ,
1004 5668 1178 5722 usque
1217 5652 1284 5707 ad
1341 5653 1436 5706 καὶ
1485 5653 1729 5707 στυππία
1754 5691 1770 5721 ,
1821 5653 1993 5710 codex

413 5714 814 5774 Laurentianus
845 5714 977 5776 hiat.

483 5786 558 5854 (‘2)
597 5790 898 5854 Τελέτρου.
944 5792 1154 5859 Scribe,
1186 5792 1468 5861 τερέτρου.

2297 5652 2823 5729 ἶεσκευᾳσμέῂωη
2855 5654 3066 5729 Scribe,
3109 5655 3535 5729 ἐσκευασμένον.

2176 5721 2253 5794 (ί)
2303 5721 2649 5779 Ἀκοντίσόι.
2687 5725 2899 5792 Scribe,
2932 5725 3237 5780 ἀκοντίσαι.
