4090 6484
373 389 477 452 993

1423 378 1760 438 TACTICA.
1804 402 1869 412 --
1909 375 2412 438 CONSTITUTIO
2442 380 2600 439 XIX.

3521 382 3624 453 994

378 498 849 572 κωπηλατοῦντες,
882 491 959 560 εἷς
988 497 1085 567 μὲν
1116 496 1285 561 δεξιά,
1322 492 1399 559 εἷς
1441 496 1496 548 δὲ
1525 497 1809 567 ἀριστερά.
1866 495 1954 558 Ὠς

2086 496 2224 563 urio,
2278 504 2329 551 et
2364 498 2455 571 qui
2486 498 2760 552 hamulum
2796 505 2959 562 tenet,
2991 508 3044 552 et
3073 498 3181 554 duo
3219 500 3617 569 gubernatores

378 589 519 645 εἶναι
549 590 673 651 τοὺς
706 588 953 647 ἅπαντας
972 585 1301 661 κωπηλάταις
1329 584 1466 654 ὁμοῦ
1496 585 1591 638 καὶ
1612 585 1737 647 τοὺς
1764 584 1959 647 αὐτοὺς

380 684 473 737 καὶ
504 680 841 751 στρατιώτας
885 678 1011 742 τούς
1044 695 1102 731 τε
1137 678 1249 731 ἄνω
1285 676 1379 730 καὶ
1416 677 1543 740 τοὺς
1577 677 1726 730 κάτω
1763 666 1961 746 ἄνδρας

379 774 592 826 ἑκατόν.
620 770 767 837 Ἔξω
791 768 847 824 δὲ
875 769 1079 822 τούτων
1105 767 1205 839 τὴν
1230 767 1528 839 κένταρχον
1545 765 1640 819 τοῦ
1661 765 1957 837 δρόμωνος,

380 865 473 918 καὶ
525 863 616 916 τὸν
666 861 727 914 τὸ
783 858 1092 929 φλάμουλον
1124 857 1445 929 κατέχοντα,
1477 857 1723 919 καὶτοὺς
1745 855 1838 909 δύο
1866 873 1961 908 xu-

379 954 651 1024 σερνήτας
693 951 800 1003 τῶν
845 948 940 1002 τοῦ
991 948 1268 1018 δρόμωνος
1307 946 1573 1016 αὐχένων,
1603 945 1695 1009 οὓς
1732 945 1962 1000 καλοῦσι

382 1045 480 1098 καλ⁸
534 1041 1019 1115 πρωτοκαράὸους.
1064 1038 1173 1092 Καὶ
1218 1038 1273 1091 el’
1305 1055 1428 1091 τινα
1471 1038 1590 1092 δέον
1631 1039 1712 1103 εἰς
1745 1038 1842 1108 τὴν
1867 1036 1961 1089 τοῦ

381 1136 683 1205 κεντάρχου
742 1130 1074 1201 ὑπηρεσίαν·
1125 1129 1236 1182 τῶν
1270 1127 1328 1181 δὲ
1360 1127 1625 1199 πρωρέων
1667 1126 1872 1181 ὲλατῶν
1913 1126 1963 1178 οἱ

386 1228 692 1281 τελευταῖοι
748 1224 845 1277 δύο
892 1225 920 1277 ὁ
963 1222 1065 1292 μὲν
1103 1220 1245 1275 ἔστω
1268 1220 1615 1290 σιφωνάτωρ,
1644 1220 1672 1273 ὁ
1700 1218 1757 1272 δὲ
1780 1219 1964 1289 ἕτερος

384 1319 416 1370 ὁ
450 1317 550 1379 τάς
577 1314 830 1383 ἀγκύρας
865 1313 1074 1384 βάλλων
1096 1310 1239 1365 κατά
1268 1311 1573 1365 θάλασσαν’
1606 1308 1750 1361 ἔστω
1775 1307 1832 1361 δὲ
1870 1309 1964 1361 καὶ

381 1410 411 1463 ὁ
440 1408 692 1479 πρωρεὺς
724 1408 835 1460 ἀνω
862 1421 964 1458 που
996 1404 1096 1473 τῆς
1125 1402 1349 1473 πρώρας
1381 1400 1688 1471 καθήμενος
1717 1398 1956 1464 ἔνοπλος,

382 1501 477 1557 καὶ
500 1502 528 1554 ὁ
548 1498 642 1553 τοῦ
670 1498 942 1569 ναυάρχου
975 1496 1032 1549 δὲ
1059 1496 1177 1566 ἢτοι
1207 1494 1301 1549 τοῦ
1326 1495 1624 1565 κεντάρχου
1653 1492 1959 1564 κράδϐατος

2058 586 2181 640 colli
2231 587 2496 651 triremis,
2549 604 2689 658 quos
2723 590 3179 662 πρωτοκαρᾴὁους
3211 602 3427 657 vocant,
3474 601 3529 649 et
3577 594 3625 648 si

2058 677 2183 747 quis
2212 677 2354 733 alius
2394 677 2720 734 administer
2759 679 3101 736 centurionis
3130 690 3234 736 est.
3266 679 3343 736 Ex
3382 683 3448 738 iis
3481 685 3628 754 regi-

2059 769 2183 831 b'us,
2221 784 2313 837 qut
2347 770 2399 822 in
2435 771 2599 840 puppi
2632 778 2783 838 sunt,
2825 774 3051 827 extremi
3105 774 3213 833 duo
3265 774 3377 829 sint
3429 795 3452 830 :-
3492 776 3630 837 alter

2059 860 2401 929 siphonatur,
2462 863 2597 917 alter
2650 864 2742 934 qui
2790 865 3085 919 anchoram
3139 866 3195 919 in
3244 881 3393 922 mare
3440 866 3628 936 jaciat,‘

2064 950 2147 1004 Sit
2195 958 2251 1005 et
2280 961 2523 1019 proreta,
2565 953 2618 1007 in
2656 969 2871 1008 summa
2902 962 3057 1025 parte
3107 970 3282 1025 prora:
3311 956 3508 1013 sedens
3537 973 3628 1013 ar-

2062 1051 2264 1109 matus,
2295 1052 2349 1097 et
2390 1046 2670 1112 navarchi,
2724 1048 2778 1102 id
2832 1048 3317 1112 estt‘centurionis
3372 1050 3631 1120 grabatus

2062 1131 2116 1185 in
2173 1148 2349 1202 puppe
2400 1135 2490 1199 sit,
2542 1134 2635 1204 qui
2668 1136 2830 1190 simul
2877 1145 3193 1206 separatum
3220 1152 3248 1192 a
3290 1140 3503 1193 caeteris
3529 1153 3633 1193 no-

2062 1228 2138 1276 tet
2187 1224 2565 1281 centurionem
2610 1240 2755 1292 esse,
2789 1225 2954 1281 simul
2991 1227 3164 1296 praelii
3202 1236 3446 1297 tempore
3478 1229 3630 1283 illum

2062 1328 2092 1367 a
2136 1314 2403 1383 conjectis
2449 1314 2693 1371 hostium
2750 1317 2873 1372 telis
2906 1316 3182 1373 defendat.
3230 1317 3473 1384 Quorum
3513 1321 3635 1374 loco

2068 1404 2285 1475 singula
2334 1404 2701 1475 perlustrans,
2743 1407 2811 1461 ad
2864 1423 3081 1464 omnem
3115 1422 3275 1467 usum
3305 1409 3499 1471 adduci
3534 1412 3633 1465 tri-

2071 1507 2276 1548 remem
2317 1492 2554 1562 iubebit.

374 1593 478 1651 ἐπὶ
526 1591 627 1661 τῆς
666 1588 924 1661 πρύμνης
966 1586 1224 1655 γινέσθω,
1270 1586 1405 1656 ὁμοῦ
1453 1586 1550 1655 μὲν
1580 1583 1963 1656 ἀφωρισμένον
1990 1583 2250 1638 δεικνύων
2276 1584 2368 1637 τὸν
2392 1585 2627 1656 ἄρχοντα
2647 1587 2780 1659 ὁμοῦ
2803 1588 2974 1642 δὲκαὶ
3028 1589 3312 1658 φυλάττων
3340 1591 3440 1662 μὲν
3466 1593 3641 1665 καιρῷ

385 1679 661 1751 συμϐολῆς
711 1678 818 1731 άπὸ
881 1675 988 1729 τῶν
1026 1675 1367 1746 ριπτομένων
1426 1673 1602 1743 βελῶν
1659 1675 1808 1743 παρὰ
1854 1671 1964 1725 τῶν
1995 1673 2275 1739 ἐναντίων,
2310 1674 2370 1738 ἐξ
2397 1669 2458 1729 οὗ
2517 1677 2612 1730 καὶ
2704 1678 2772 1731 τά
2842 1678 3050 1732 ἕκαστα
3104 1680 3317 1749 βλέπων
3366 1683 3504 1751 πρὸς
3542 1686 3643 1756 τὴν

384 1770 575 1841 χρείαν
604 1766 833 1835 ἄγεσθαι
860 1762 1109 1817 κελεύσοι
1132 1765 1161 1817 ὁ
1194 1763 1384 1833 άρχων
1414 1762 1523 1814 τὸν
1544 1760 1819 1830 δρόμωνα.

456 1858 523 1916 θ’.
550 1859 664 1913 Kal.
684 1859 861 1929 ἕτεροι
885 1855 942 1909 δὲ
964 1856 1238 1927 δρόμωνες
1263 1853 1859 1919 κατασκευαζέσθωσάν
1885 1871 1966 1907 σοι

2138 1858 2191 1910 9.
2244 1857 2377 1912 Aliae
2435 1860 2687 1914 triremes
2735 1860 2804 1915 iis
2866 1861 3103 1933 majores
3163 1864 3315 1933 ﬁant,
3371 1865 3641 1924 ducentos

384 1952 589 2022 τούτων
618 1950 881 2021 μείζονες,
906 1948 1015 2004 ἀπὸ
1045 1948 1333 2002 διακοσίων
1356 1946 1659 2018 χωροῦντες
1680 1947 1909 2018 ἀνδρῶν,
1924 1948 1959 2018 ἢ

387 2044 559 2097 πλείω
584 2040 784 2096 τούτων
809 2040 841 2110 ἢ
870 2040 1099 2103 ἐλάττω,
1123 2036 1266 2092 κατά
1284 2037 1384 2107 τὴν
1408 2037 1597 2108 χρείαν
1619 2038 1717 2108 τὴν
1739 2038 1963 2092 δέουσαν

388 2138 483 2192 ἐπὶ
509 2134 702 2205 καιροῦ
724 2132 865 2186 κατά
894 2130 1004 2185 τῶν
1027 2130 1314 2184 ἐναντίων·
1340 2125 1415 2183 ὧν
1430 2131 1480 2183 οἱ
1504 2129 1601 2200 μὲν
1629 2132 1965 2201 πεντήκοντα

388 2232 489 2300 τὴν
522 2228 674 2282 κάτω
704 2223 927 2299 ἐλασίαν
954 2223 1419 2293 ὕπουργήσουσιν,
1456 2223 1504 2274 οί
1533 2222 1590 2275 δὲ
1613 2221 1807 2276 ἑκατὸν
1835 2237 1964 2276 πεν-

388 2323 625 2393 τήκοντα
672 2318 785 2372 άνω
828 2314 1065 2379 ἑστῶτες
1109 2314 1346 2376 ἅπαντες
1384 2312 1596 2366 ἔνοπλοι
1631 2314 1965 2384 μαχήσονται

389 2415 504 2476 τοῖς
530 2409 834 2480 πολεμίοις.

467 2507 518 2555 ι’.
544 2499 655 2559 Καὶ
704 2498 784 2552 έτι
830 2498 886 2551 δὲ
926 2496 1356 2559 κατασκευάσεις
1394 2497 1677 2568 δρόμωνας
1716 2497 1969 2561 ἐλάττους

393 2592 858 2664 δρομικωτάτους,
893 2589 1056 2643 οἱονεὶ
1084 2588 1317 2657 γαλαίας
1358 2588 1392 2658 ἢ
1440 2590 1696 2660 μονήρεις
1742 2588 1971 2659 λεγομέ-

397 2706 543 2753 νους,
566 2686 816 2756 ταχινοὺς
853 2685 952 2737 καὶ
978 2682 1272 2753 ἐλαφροὺς,
1315 2674 1510 2753 οἷσπερ
1544 2682 1726 2753 χρήσῃ
1767 2684 1825 2737 ὲν
1853 2685 1973 2747 ταῖς

399 2776 613 2848 βίγλαις
647 2776 741 2829 καὶ
768 2776 887 2838 ταῖς
910 2773 1100 2835 ἄλλαις
1118 2774 1368 2842 ταχιναῖς
1392 2772 1620 2843 χρείαις.

473 2874 560 2921 ια’.
597 2868 708 2920 Καὶ
740 2866 936 2936 ἑτέρας
986 2862 1044 2915 δὲ
1085 2862 1220 2925 ναῦς
1259 2862 1508 2932 ποιήσεις
1542 2864 1848 2935 φορτηγοὺς
1883 2864 1977 2918 καὶ

401 2961 781 3029 ἱππαγωγοὺς,
822 2955 984 3010 οἱονεὶ
1010 2953 1229 3007 τούλδου
1257 2953 1434 3023 δίκην,
1471 2955 1676 3019 αἵτινες
1716 2958 1811 3024 τὴν
1840 2959 1977 3011 ἀπο-

401 3053 604 3123 σκευὴν
636 3053 853 3106 ἃπασαν
876 3047 983 3101 τῶν
1016 3046 1362 3118 στρατιωτῶν
1390 3045 1751 3115 βαστάοωσιν,
1782 3048 1869 3101 ἵνα
1902 3049 1977 3120 μὴ

393 3144 463 3199 δι’
494 3144 665 3214 αὐτὴν
713 3139 1007 3212 βαροῦνται
1053 3138 1102 3191 οἱ
1144 3136 1442 3207 δρόμωνες,
1485 3138 1577 3191 καὶ
1633 3138 1866 3208 μάλιστα
1917 3142 1975 3193 ὲν

2065 1948 2235 2012 viros,
2285 1959 2379 2003 aut
2432 1951 2615 2019 plures
2663 1953 2743 2008 vel
2784 1955 3046 2019 minores,
3098 1969 3196 2023 pro
3228 1957 3642 2027 opportunitate

2069 2038 2312 2092 locorum
2355 2047 2793 2113 temporumque,
2833 2046 3155 2114 capientes;
3189 2062 3220 2101 ο
3252 2047 3454 2116 quibus
3482 2049 3644 2118 quin:

2068 2130 2327 2199 quaginta
2357 2131 2410 2182 in
2441 2130 2703 2187 inferiore
2754 2124 3031 2189 remorum
3068 2136 3259 2193 ordine
3293 2137 3642 2205 locabuntur,

2069 2229 2289 2272 centum
2326 2219 2723 2292 quinquaginta
2754 2225 3011 2293 superius
3046 2233 3275 2295 stantes,
3312 2241 3502 2287 omnes
3540 2229 3639 2281 ad-

2070 2321 2289 2362 versum
2343 2308 2532 2365 hostes
2584 2313 2776 2367 armati
2832 2314 3169 2384 pugnabunt.

2145 2490 2235 2544 10.
2292 2489 2576 2548 Triremes
2642 2494 2885 2549 minores
2936 2494 3234 2550 fabricabis
3297 2496 3363 2551 ad
3425 2512 3650 2554 cursum

2074 2581 2404 2643 celerrimas,
2422 2597 2593 2637 unum
2623 2598 2897 2639 remorum
2928 2586 3176 2641 ordinem
3202 2585 3487 2655 habentes,
3513 2608 3653 2662 quas

2076 2673 2261 2744 galeas
2306 2684 2539 2739 vocant,
2591 2677 2763 2746 agiles
2837 2686 2891 2731 ct
2944 2680 3262 2748 expeditas,
3329 2683 3530 2753 quibus
3583 2687 3651 2750 ad

2076 2764 2337 2820 excubias
2366 2766 2610 2836 aliasque
2650 2769 2857 2823 celeres
2893 2784 3093 2827 causas
3133 2772 3323 2828 uteris.

2149 2855 2236 2908 ll.
2286 2856 2437 2911 Alias
2488 2867 2750 2926 praeterea
2804 2874 2969 2916 naves
2998 2864 3306 2928 onerarias,
3351 2872 3409 2920 et
3441 2868 3656 2935 equile-

2081 2958 2172 3000 ras
2212 2946 2456 3015 parabis,
2483 2962 2626 3017 quas
2685 2949 3201 3017 impedimentorum
3256 2953 3377 3009 loco
3405 2955 3653 3023 habebis,

2080 3049 2202 3103 qute
2257 3044 2576 3106 apparatum
2619 3038 2940 3117 universum
2992 3041 3282 3097 militarem
3339 3048 3655 3115 gestabunt.

2085 3135 2145 3184 ut
2183 3142 2250 3183 ne
2282 3129 2350 3184 iis
2386 3129 2550 3188 rebus
2586 3131 2841 3188 triremes
2892 3134 3010 3188 aliae
3055 3144 3375 3206 graventur,
3421 3139 3659 3210 bellique

396 3200 851 3301 archilog.xattpi§).
882 3228 1013 3281 ’Ότε
1061 3226 1120 3279 δὲ
1171 3200 1330 3296 χρεία
1382 3200 1585 3297 μικρᾶς
1623 3200 1887 3299 δαπάνης,
1939 3230 1970 3299 ἢ

2088 3218 2436 3287 potissimum
2488 3230 2752 3292 tempore.
2808 3222 2911 3280 Ubi
2967 3200 3151 3281 autem
3206 3200 3515 3285 commeatu
3566 3200 3665 3305 aut

395 3324 599 3389 ὅπλων,
629 3323 662 3395 ἢ
693 3321 860 3392 ἄλλης
888 3318 1043 3389 ὕλης,
1082 3317 1290 3377 ἐκεῖθεν
1315 3317 1740 3389 ἀναλαμϐάνωσι
1768 3322 1863 3385 τὰς
1892 3321 1973 3377 δι-

397 3418 663 3485 οικήσεις.

476 3504 565 3575 ιβ’.
592 3507 695 3561 Τὸν
728 3507 785 3561 δὲ
808 3508 915 3561 τῶν
941 3510 1235 3582 δρομὼνων
1262 3508 1514 3581 ἀριθμὸν,
1546 3509 1637 3562 καὶ
1667 3507 1773 3561 τῶν
1802 3508 1860 3559 ὲν
1886 3506 1978 3558 αὐ·
2068 3536 2071 3539 η

402 3599 514 3661 τοῖς
548 3600 920 3667 στρατιωτῶν,
956 3601 1276 3655 ἀνείκαστον
1308 3604 1426 3655 ἐστι
1461 3602 1553 3654 καὶ
1581 3600 1773 3671 ἄδηλον
1806 3599 1974 3670 διορί-

404 3687 623 3743 σασθαι.
660 3688 723 3742 Ἦ
745 3690 851 3761 γάρ
886 3690 1028 3745 κατὰ
1058 3692 1149 3745 τὸν
1178 3691 1369 3761 καιρὸν
1390 3692 1546 3762 χρεία
1577 3692 1714 3760 πρὸς
1741 3691 1840 3760 τὴν
1866 3689 1975 3742 τῶν

404 3778 855 3849 άντιμαχομένων
891 3781 1167 3852 πολεμίων
1191 3781 1443 3850 δύναμιν,
1475 3781 1552 3842 ὡς
1593 3780 1660 3833 ἂν
1698 3780 1978 3852 ἀπαιτήσῃ

407 3863 503 3923 καὶ
527 3862 587 3916 τὸ
616 3863 820 3933 πλῆθος
846 3865 956 3919 τῶν
973 3865 1291 3937 δρομώνων.
1314 3868 1423 3920 Καὶ
1445 3868 1607 3923 πάλιν
1630 3868 1722 3920 τὸν
1747 3868 1979 3938 ἀριθμὸν

409 3953 502 4006 τοῦ
533 3956 591 4008 ὲν
614 3956 793 4019 αὐτοῖς
826 3956 957 4011 λαοῦ
983 3958 1128 4012 κατά
1156 3959 1217 4012 τὸ
1241 3958 1469 4027 μέγεοος
1498 3958 1606 4013 τῶν
1632 3958 1853 4025 πλοίων,
1887 3961 1981 4013 καὶ

407 4046 507 4116 τὴν
536 4046 758 4101 δέουσαν
794 4048 852 4099 ὲν
883 4050 1066 4113 αὐτοῖς
1114 4050 1414 4121 πολεμικὴν
1442 4050 1668 4105 ὅπλισιν
1710 4049 1853 4105 οὕτω
1890 4052 1983 4104 καὶ

410 4138 676 4207 ποιήσεις.
1829 4135 1837 4142 ’

485 4227 575 4294 ιγ’.
614 4230 845 4298 Προσέτι
884 4230 939 4283 δὲ
978 4232 1070 4286 καὶ
1119 4232 1186 4283 τά
1215 4233 1523 4302 σκευοφόρα
1555 4236 1649 4287 καὶ
1682 4232 1985 4301 ἱππαγωγά

414 4316 572 4369 πλοῖα
608 4319 732 4381 τοὺς
772 4320 828 4370 ἐν
860 4320 1041 4384 αὐτοῖς
1088 4321 1392 4391 ἀρκοῦντας
1438 4321 1619 4388 ἕξουσι
1659 4323 1860 4387 ναύτας
1884 4323 1986 4393 (5),

414 4409 534 4471 οὑδὲ
568 4409 763 4471 αὐτοὺς
800 4410 1083 4474 ἀνόπλους.
1125 4411 1284 4465 Ἀλλά
1317 4412 1412 4465 καὶ⁵
1451 4413 1581 4478 τόξα
1617 4414 1861 4483 ἔχοντας,
1892 4414 1987 4467 καὶ

414 4500 692 4568 σπγίττας,
725 4504 819 4556 καὶ
847 4504 1125 4575 ῥικτάρια,
1155 4503 1247 4558 καὶ
1274 4504 1328 4557 εἴ
1353 4520 1403 4557 τι
1429 4503 1685 4576 χρειῶδες
1719 4504 1856 4573 πρὸς
1885 4506 1986 4558 πό-

414 4592 468 4643 λε
479 4609 577 4660 μον
607 4591 814 4661 ἕτερον,
848 4593 935 4645 διὰ
964 4593 1062 4656 τὰς
1087 4595 1390 4661 ἀναγκαίας
1418 4595 1789 4665 περιστάσεις.
1837 4596 1989 4650 Ἐπι-

418 4683 772 4754 φερέσοωσαν
809 4684 865 4737 δὲ
897 4686 988 4740 καὶ
1016 4684 1245 4755 περιττά
1277 4685 1438 4738 ὅπλου
1477 4686 1607 4738 ποτὲ
1629 4685 1736 4756 γάρ
1764 4686 1857 4738 καὶ
1879 4685 1991 4740 λει-

418 4774 628 4826 πόντων
653 4774 849 4840 ὅπλων,
875 4775 1080 4827 ἐκεῖθεν
1114 4776 1161 4833 οἱ
1191 4775 1518 4846 στρατιῶται
1546 4777 1879 4845 πορίσονται.
1912 4777 1992 4830 Τά

409 4866 468 4917 δὲ
490 4867 713 4925 τοιαῦτα
736 4867 897 4925 πλοῖα
920 4868 1012 4921 καὶ
1034 4867 1253 4939 ἅρματα
1277 4870 1570 4938 ἐχέτωσαν,
1593 4867 1687 4922 καὶ
1711 4870 1988 4938 μάγγανα,

412 4959 507 5010 καὶ
557 4957 625 5009 τά
671 4957 805 5010 ἄλλα
843 4958 982 5010 ὅπλα
1031 4959 1165 5028 πρὸς
1216 4959 1422 5029 χρείαν,
1461 4961 1509 5012 εί
1557 4958 1733 5030 τύχοι,
1781 4960 1990 5030 μήποτε

414 5050 753 5103 ἐπιλείπουσι
796 5050 882 5103 διὰ
913 5051 973 5103 τὸ
1001 5050 1312 5118 ὀλειγοῦσθαι
1346 5052 1486 5105 αὺτά
1523 5052 1581 5103 έν
1608 5054 1726 5113 ταῖς
1767 5050 1987 5120 μάχαις.

429 5139 612 5202 Ἐκτδς
644 5140 702 5192 δὲ
766 5140 876 5192 τῶν
917 5140 1263 5210 στρατιωτῶν
1311 5140 1429 5210 ἦτοι
1476 5140 1585 5193 τῶν
1631 5141 1744 5194 ἄνω
1787 5141 1993 5194 ὲλατῶι

417 5217 533 5283 ὅσοι
562 5230 628 5286 ἄν
657 5233 793 5285 εἰσιν
821 5232 928 5285 ἀπό
965 5249 1024 5284 τε
1066 5229 1159 5283 τοῦ
1194 5230 1491 5301 κεντάρχου
1524 5232 1619 5286 καὶ
1658 5230 1856 5300 ἑφεξῆς
1890 5232 1994 5296 ἕως

413 5322 509 5374 τοῦ
540 5322 774 5393 ἐσχάτου
805 5322 1182 5391 κατάφρακτοι
1227 5320 1441 5379 ἔσονται
1473 5322 1612 5373 ὅπλα
1640 5321 1853 5390 ἔχοντες
1885 5316 1996 5374 οἷον

417 5413 738 5485 σκουτάρια,
785 5412 1049 5483 μέναυλα,
1089 5413 1241 5477 τόξα,
1292 5411 1554 5478 σαγίττας
1592 5414 1656 5464 ἐκ
1707 5411 1990 5481 περισσοῦ.

419 5503 646 5569 σπαθία,
702 5504 981 5574 ρικτάρια,
1022 5503 1277 5574 λωρίκια,
1330 5502 1614 5567 κλιϐάνια,
1677 5504 1726 5554 εἰ
1773 5505 1866 5556 καὶ
1916 5504 1991 5573 μὴ

416 5594 662 5662 ὄπισθεν,
688 5595 824 5649 ἀλλά
849 5597 1066 5649 πάντων
1122 5594 1430 5666 ἔμπροσθεν
1449 5610 1461 5626 ο
1494 5593 1771 5657 κασσὶδας,
1812 5595 1992 5662 χειρό-

2086 3310 2278 3376 armis,
2326 3320 2420 3365 aut
2469 3313 2574 3367 alia
2613 3314 2841 3368 materia
2869 3330 3009 3384 opus
3057 3324 3162 3381 est,
3217 3318 3344 3373 inde
3393 3320 3460 3374 ad
3495 3337 3655 3377 usum

2088 3416 2249 3455 suum
2300 3400 2645 3467 depromunt.

2160 3490 2245 3545 12.
2292 3490 2623 3548 Triremium
2670 3495 3034 3565 singularum,
3070 3498 3437 3571 militumque,
3467 3503 3560 3572 qui
3601 3505 3659 3559 in

2090 3580 2199 3636 illis
2237 3581 2525 3649 vehentur,
2576 3601 2861 3641 numerum
2904 3587 3132 3644 deﬁnire
3172 3589 3332 3647 facile
3381 3607 3492 3647 non
3537 3602 3657 3661 est;

2094 3678 2400 3741 temporum
2445 3674 2593 3728 enim
2646 3675 2893 3745 ipsorum
2929 3680 3317 3748 opportunitas
3347 3682 3413 3737 ad
3470 3685 3661 3753 copias

2094 3765 2332 3821 hostium
2387 3771 2799 3840 expugnandas,
2828 3779 2943 3826 tum
3004 3775 3309 3830 triremium
3351 3792 3661 3844 numerum,

2093 3865 2209 3911 tum
2272 3859 2507 3913 militum
2550 3862 2739 3927 etiam,
2784 3878 3083 3933 omnesque
3140 3881 3228 3921 res
3283 3880 3543 3936 przeterea
3596 3872 3665 3935 ad

2096 3947 2295 4001 bellum
2348 3951 2708 4015 necessarias,
2770 3953 3055 4008 indicabit.

2167 4229 2253 4283 15.
2294 4228 2471 4285 Naves
2510 4232 2818 4299 onerarias,
2850 4239 2904 4287 et
2933 4240 3221 4302 equestres
3253 4236 3435 4290 omnia
3470 4236 3668 4293 idonea

2098 4317 2152 4373 in
2208 4333 2270 4372 se
2321 4319 2520 4374 habere
2572 4323 2882 4389 oportebit,
2919 4338 3096 4391 neque
3131 4340 3219 4379 res
3254 4325 3431 4379 solum
3475 4326 3541 4379 ad
3575 4343 3671 4381 na-

2099 4409 2388 4478 vigandum
2444 4412 2804 4478 necessarias,
2838 4414 2933 4470 sed
2995 4414 3162 4469 etiam
3199 4431 3379 4482 arcus,
3413 4416 3668 4487 sagittas,

2092 4498 2297 4569 jacula,
2355 4510 2411 4555 et
2456 4500 2502 4558 si
2532 4502 2664 4571 quid
2720 4513 2978 4572 praetcrea
3018 4514 3238 4575 prepter
3289 4521 3376 4562 res
3429 4507 3671 4561 circum-

2102 4601 2310 4649 stantes
2375 4593 2444 4649 ad
2511 4594 2765 4650 bellicum
2821 4611 2984 4652 usum
3043 4601 3301 4667 pertinet.
3359 4596 3673 4652 Afferantur

2098 4685 2262 4738 etiam
2293 4700 2575 4741 armorum
2601 4700 2802 4757 genera
2828 4688 3123 4757 permulta,
3157 4697 3217 4741 ut
3259 4685 3489 4742 defectis
3528 4701 3675 4757 saepe

2100 4776 2364 4832 militibus
2411 4792 2564 4832 arma
2593 4779 2719 4835 inde
2750 4780 3187 4850 suppeditentur.
3217 4778 3479 4851 Mangana
3506 4778 3673 4834 etiam

2099 4867 2356 4934 habeant,
2395 4871 2714 4941 reliquaque
2740 4871 2861 4941 ejus
2895 4871 3110 4941 generis
3144 4884 3317 4934 arma,
3362 4885 3433 4926 ne
3482 4871 3674 4926 militi-

2102 4959 2207 5014 bus
2257 4960 2455 5015 horum
2497 4961 2715 5017 defectu
2744 4960 3076 5016 otiensiones
3105 4974 3315 5030 magna:
3340 4961 3491 5017 ﬁant.
3523 4961 3674 5017 Prae-

2100 5056 2184 5103 ter
2219 5050 2418 5105 milites
2472 5057 2676 5112 autem,
2709 5057 2763 5104 et
2804 5049 3116 5119 superiores
3148 5050 3401 5120 remiges,
3433 5052 3668 5120 quicun-

2098 5157 2206 5210 que
2257 5156 2381 5195 cum
2427 5142 2748 5196 centurione
2802 5149 2950 5205 sunt,
2986 5140 3296 5211 reliquique
3328 5156 3357 5194 a
3394 5142 3573 5211 primo
3601 5142 3668 5194 ad

2101 5240 2427 5297 extremum,
2467 5247 2655 5287 omnes
2704 5233 2897 5286 armati
2956 5233 3088 5298 sint,
3138 5240 3193 5287 et
3244 5241 3425 5293 scuta,
3481 5232 3670 5286 hastas

2104 5321 2400 5392 longiores,
2434 5336 2618 5386 arcus,
2657 5323 2886 5393 sagittas
2923 5324 3243 5393 permultas,
3296 5322 3540 5392 spathas,
3586 5322 3675 5390 ja-

2106 5415 2252 5477 cula,
2288 5414 2493 5484 galeas,
2528 5414 2819 5477 thoraces,
2883 5416 2928 5468 si
2983 5430 3091 5469 non
3145 5430 3174 5468 a
3210 5422 3383 5484 tergo,
3444 5422 3570 5468 ante
3614 5429 3675 5466 se

2103 5504 2295 5560 saltem
2330 5502 2602 5569 habeant;
2636 5505 2909 5569 cassides,
2941 5506 3258 5569 hrachialia,
3289 5506 3676 5576 anterioraque

2102 5594 2351 5662 corporis
2393 5595 2570 5650 omnis
2618 5595 2672 5648 in
2716 5595 2829 5665 ipsa
2874 5596 3246 5661 dimicatione,
3280 5608 3332 5651 et
3382 5605 3671 5661 concerta:

1927 5683 2134 5737 NOTAE
2148 5725 2161 5739 .

412 5844 419 5845 ί
496 5778 566 5850 (Si)
600 5779 849 5843 Ἕξουσι
874 5781 1116 5845 ναύτας.
1144 5779 1518 5843 Scrihe'halttr,
1544 5778 1762 5831 ’ἐκουσιν
1799 5776 1989 5838 αὐτάς.

668 5874 935 5939 Parnm.
972 5876 1085 5934 tiu.
1122 5872 1303 5941 CVII.

3214 5872 3290 5956 3::
