4090 6436
497 348 609 413 995

1745 338 2023 400 LEONIS
2054 338 2181 398 Ι)Ηί
2195 335 2517 396 LOSOPHI

3678 334 3785 397 9‘36

482 457 635 509 tione
686 465 970 508 manuum.
1019 449 1121 517 Qut
1170 458 1352 503 autem
1392 446 1598 518 galeas,
1651 454 1748 501 aut
1803 446 2067 503 thoraces

2175 445 2337 515 ψελα,
2367 446 2462 497 καὶ
2492 443 2727 515 μάλιστα
2750 444 2798 495 οί
2824 442 3137 514 ἔμπροσθεν
3179 443 3237 495 ἐν
3280 446 3346 515 τῇ
3383 445 3659 516 προσϐολῇ
3685 448 3783 515 τῆς

485 562 597 607 non
632 544 855 609 habent,
890 542 1072 596 omnia
1124 541 1239 596 haec
1284 555 1350 595 ex
1405 540 1589 595 nervis
1645 537 1897 593 confecta
1952 553 2077 591 cum

484 635 796 707 duplicibus
830 631 1115 687 cenduclis
1164 638 1419 703 gestent;
1459 638 1512 685 et
1557 629 1610 683 hi
1650 643 1678 682 a
1714 638 1870 698 tergo
1907 636 2073 681 crete-

482 742 668 793 rorum
716 724 876 785 locati
928 723 1167 777 arcubus
1227 729 1485 793 utantur,
1524 733 1571 778 et
1630 720 1842 791 lapides
1886 719 2066 773 maui-

482 818 684 887 plares,
731 832 871 886 quos
908 814 1196 870 cocltlaces
1244 822 1466 879 vocant,
1521 814 1575 869 in
1621 812 1943 867 triremibus
1975 812 2073 873 ba-

482 904 664 974 beaut,
708 923 843 978 quos
900 907 953 961 in
1007 908 1194 963 hostes
1247 905 1572 975 conjiciant.
1632 917 1698 959 ac
1749 919 1847 973 pro
1905 906 2076 971 armis

482 1008 739 1067 utantur;
778 996 988 1068 lapides
1033 997 1179 1057 enim
1213 1011 1361 1050 arma
1391 1005 1523 1053 sunt
1558 997 1702 1051 bona
1733 1003 1787 1049 et
1818 1002 1995 1047 certa.

2181 538 2367 610 μάχης
2420 537 2563 589 κατὰ
2595 539 2783 607 χεῖρας
2833 535 3274 605 συμπλεκόμενοι
3308 536 3402 589 καὶ
3440 537 3783 608 ἀγωνιζόμε-

2182 641 2285 684 νοι.
2318 632 2378 683 Oi
2407 631 2463 683 δὲ
2501 631 2577 701 μὴ
2617 630 2832 699 ἔχοντες
2872 627 3127 698 λωρίκια,
3164 628 3198 697 ἢ
3236 629 3513 691 κλιϐάνια,
3565 630 3782 691 πάντως

2178 721 2525 792 φορείτωσαν
2557 721 2623 775 τὰ
2648 720 2921 790 λεγόμενα
2957 718 3219 787 νευρικάο
3258 720 3403 789 ᾇπερ
3438 720 3548 774 ἀπὸ
3576 720 3781 774 διπλῶν

2176 811 2519 867 κενδούκλων
2571 812 2803 880 γίνεται.
2848 810 2961 879 Καὶ
2996 803 3144 864 οὗτοι
3195 810 3417 865 ὄπισθεν
3464 794 3573 863 τῶν
3603 810 3783 864 ἄλλων

2177 905 2511 973 σκεπόμενολι
2557 903 2732 969 τόξοις
2778 903 3098 973 χρήσονται,
3141 902 3240 965 καὶ
3268 901 3452 965 λίθους
3500 902 3560 956 δὲ
3603 920 3783 972 χειρο-

2174 993 2403 1063 πληθεῖς
2448 992 2737 1061 πλείστους
2767 992 3043 1061 ἐχέτωσαν
3073 991 3194 1061 ἦτοι
3237 991 3515 1061 noxiam;
3560 991 3619 1044 ὲν
3660 992 3781 1053 τοῖς

478 1091 823 1163 δρομωνίοις,
857 1090 1047 1157 ὥσπερ
1110 1089 1250 1142 κατὰ
1305 1088 1412 1141 τῶν
1466 1088 1743 1158 πολεμίων
1794 1086 2081 1157 βάλλοντες
2112 1083 2266 1145 οὐδὲν
2295 1079 2461 1155 ⁴ἧττον
2504 1084 2613 1149 τῶν
2644 1084 2823 1145 ἄλλων
2865 1084 3049 1147 ὃπλων
3081 1083 3395 1149 ἀνύσουσιν.
3433 1084 3617 1137 Ὅπλα
3674 1084 3786 1155 γάρ

480 1188 619 1239 εἰσιν
654 1186 704 1237 οἱ
741 1183 879 1237 λίθοι
913 1170 1221 1253 εὐπόριστα
1246 1182 1341 1235 καὶ
1367 1181 1655 1251 ἀνελλιπῆ.

550 1282 640 1336 14.
682 1279 872 1351 Neque
910 1293 1045 1333 vero
1090 1278 1173 1333 sic
1219 1276 1432 1347 lapides
1462 1275 1789 1345 conjiciant,
1823 1282 1885 1326 ut
1912 1288 2067 1339 omne

2252 1273 2334 1326 ιδ’.
2389 1272 2481 1343 Μὴ
2526 1272 2710 1341 μέντοι
2740 1270 2883 1331 οὕτω
2919 1268 3267 1341 βαλλέτωσαν
3296 1271 3424 1343 τοὺς
3462 1271 3645 1336 λίθους
3683 1274 3785 1343 μό-

478 1372 673 1427 virium
704 1369 946 1426 roburiu
978 1369 1085 1423 illis
1113 1374 1460 1433 consumant,
1484 1375 1538 1420 et
1565 1366 1631 1421 dc
1656 1373 1858 1423 caetero
1894 1363 2067 1433 otiose

2177 1384 2290 1432 νον,
2318 1366 2462 1421 ὥστε
2492 1366 2590 1436 τὴν
2612 1364 2797 1435 ἀκμὴν
2825 1365 2922 1435 τῆς
2955 1363 3139 1418 αὐτῶν
3168 1363 3451 1433 δυνάμεως
3486 1367 3544 1420 ἐν
3569 1365 3787 1429 τούτοις

479 1464 808 1527 consistant,
836 1475 905 1515 ne
931 1462 1119 1515 hostes
1148 1468 1305 1515 scuta
1324 1459 1717 1523 addcnsautes,
1735 1464 1790 1511 et
1808 1457 2067 1525 impetum

2181 1460 2579 1530 ὲκδαπανῆσαι,
2614 1460 2711 1517 καὶ
2740 1459 2932 1528 στῆναι
2958 1456 3054 1513 τοῦ
3112 1456 3324 1523 λοιποῦ,
3354 1458 3389 1529 ἢ
3425 1460 3519 1513 καὶ
3544 1460 3613 1517 τὰ
3643 1460 3787 1515 ὅπλα

479 1546 677 1610 horum
708 1552 1073 1623 excipientes,
1108 1566 1303 1623 omnes
1323 1550 1486 1607 facile
1517 1550 1728 1619 lapides
1754 1549 2067 1603 absumant;

2180 1552 2251 1607 τὰ
2293 1552 2598 1623 βαλλόμενα
2632 1552 3004 1621 ἀποκενῶσαι,
3045 1555 3259 1625 μήποτε
3303 1553 3357 1617 οἱ
3384 1554 3622 1606 ἐναντίοι
3693 1552 3789 1617 ct}-

479 1646 548 1701 iis
576 1645 762 1719 finitis,
790 1654 845 1699 et
862 1643 1275 1712 conjectoribus
1300 1642 1542 1713 lapidum
1569 1640 1828 1712 fatigatis,
1846 1638 2061 1697 confert

2190 1661 2392 1699 σκουτα
2410 1646 2752 1717 ποιήσαντες,
2772 1644 2986 1709 καὶτὰς
3016 1646 3177 1715 βολὰς
3204 1646 3453 1700 ὁπωσοῦν
3477 1645 3785 1717 δεξάμενοι,

478 1742 838 1806 exsurgentes
883 1733 1092 1802 spathis
1143 1740 1197 1788 et
1234 1732 1411 1801 longis
1465 1732 1644 1788 hastis
1680 1746 1739 1786 se
1789 1729 2067 1786 defendere

2190 1733 2312 1791 εἶτα
2344 1737 2549 1792 τούτων
2584 1737 3007 1807 πληρωθέντων,
3032 1738 3128 1793 καὶ
3159 1739 3266 1791 τῶν
3302 1738 3607 1808 βαλλόντων
3648 1738 3790 1801 ἀπο-ρ

479 1836 781 1903 conentur,
812 1835 866 1895 et
886 1826 1227 1893 robustiores
1256 1826 1357 1882 hoc
1383 1824 1635 1880 confecto
1664 1824 1870 1895 impetu
1892 1822 2067 1878 existi

2194 1824 2503 1895 καμόντων,
2517 1796 2716 1895 ἁθρόοι,
2735 1796 3072 1889 ἀναστάντες
3103 1796 3465 1897 ᾁπάρξωνται
3498 1828 3616 1890 ταῖς
3645 1796 3787 1880 σπάο

478 1921 637 1986 mali,
674 1928 728 1993 et
778 1917 1036 1989 fatigatos
1091 1918 1296 1974 milites
1328 1918 1528 1982 adorti.
1550 1918 1708 1973 facile
1732 1918 1938 1972 milites
1969 1915 2067 1969 fun

2193 1917 2316 1977 θαις
2344 1915 2441 1970 καὶ
2469 1918 2582 1978 τοῖς
2619 1917 2718 1987 μὲν
2752 1916 2936 1981 αὔλοις
2962 1918 3041 1989 (6)
3082 1919 3393 1989 ἀμύνασθαι
3417 1938 3429 1951 ’
3466 1922 3561 1981 καὶ
3594 1920 3790 1992 ὣσπερ

478 2018 617 2077 dant
641 2026 807 2087 atque
830 2025 1174 2087 expugnent;
1194 2015 1265 2070 ita
1281 2017 1429 2079 enim
1446 2015 1626 2071 solent
1643 2012 1866 2068 Barbari
1884 2012 2090 2067 facere.

478 2108 787 2179 κεκμηκόσι
825 2109 1187 2179 στρατιώταις
1224 2108 1575 2171 ἐπιτεθέντες
1613 2106 1957 2179 ἰσχυρότεροι
2018 2103 2307 2173 γένωνται,
2347 2102 2445 2155 καὶ
2487 2101 2685 2172 ῥᾳδίως
2758 2104 2958 2168 αὐτοὺς
3030 2108 3556 2180 καταπολεμήσωσι.

479 2200 589 2271 γὰρ
623 2200 690 2252 τὰ
716 2199 940 2261 τοιαῦτα
967 2199 1029 2252 τὸ
1065 2198 1363 2269 βάρϐαρον.

551 2293 643 2347 15.
706 2291 970 2346 Saraceni
1024 2292 1289 2361 impetum
1346 2291 1475 2346 belli
1532 2290 1712 2362 primo
1763 2289 2066 2358 excipiunt,

481 2387 576 2440 ubi
613 2387 801 2440 hostes
840 2384 953 2455 jam
1003 2384 1282 2454 fatigatos,
1330 2383 1612 2452 armisque
1665 2380 1939 2439 defectos.
1978 2388 2073 2433 aut

481 2477 721 2548 sagittis,
746 2486 839 2533 aut
860 2477 1161 2547 lapidibus,
1191 2484 1286 2529 aut
1307 2476 1434 2529 aliis
1457 2473 1779 2544 hujusmodi
1807 2472 2071 2534 viderint,

479 2579 598 2625 tum
634 2568 920 2631 insultant,
951 2575 1006 2622 et
1038 2565 1503 2636 perterrefaciunt
1541 2565 1754 2627 hostes,
1797 2571 1853 2618 et
1894 2562 2072 2615 comi-

481 2676 587 2714 nus
617 2659 890 2715 consertis
916 2657 1193 2722 manibus,
1222 2656 1459 2726 spathis,
1492 2655 1776 2726 hastisque
1808 2652 2074 2723 longiori-

480 2753 587 2808 bus
626 2751 841 2809 fortiter
892 2766 957 2806 ac
1013 2752 1319 2821 impetuose
1355 2749 1647 2811 invadunt.

548 2938 636 2994 l6.
679 2937 867 3007 Itaque
918 2934 1235 3004 huiusmodi
1268 2933 1515 2990 cavenda
1569 2943 1722 2997 sunt,
1765 2947 1831 2987 ac
1887 2932 2071 2999 provi-

478 3031 634 3086 sione
665 3041 976 3100 opportuua
1020 3027 1491 3102 cﬂiciendumest
1537 3034 1597 3080 ut
1644 3026 1839 3082 hostes
1882 3026 2070 3094 potius

478 3122 745 3177 damnosa
792 3121 1093 3190 accipiant,
1120 3134 1286 3189 quam
1336 3119 1620 3173 exercitus
1653 3126 1843 3171 noster
1897 3116 2071 3170 ullum

2194 2010 2554 2079 ἀκμαιότεροι
2581 2012 2648 2079 τῇ
2684 2009 2858 2082 ἀθρόᾳ
2886 2014 3102 2083 κινήσει
3129 2014 3520 2083 ἀναφανέντες,
3547 2014 3644 2067 καὶ
3672 2014 3790 2076 τοίς

3637 2108 3793 2162 Φιλεῐ

2245 2294 2326 2341 ιε’.
2374 2288 2742 2358 ’Υπρμένουσι
2776 2289 2888 2360 γὰρ
2940 2290 2991 2342 οἱ
3036 2290 3345 2361 Σαρακηνοὶ
3385 2291 3487 2364 τὴν
3523 2293 3647 2364 βίαν
3678 2297 3788 2367 τῆς

2172 2380 2501 2451 προσϐολῆς.
2562 2382 2674 2434 Καὶ
2723 2382 2848 2435 ὅταν
2876 2382 3268 2452 ἁποκαμόντας
3312 2385 3485 2450 ἴδωσι,
3540 2387 3636 2440 καὶ
3667 2390 3784 2442 τῶν

2170 2475 2355 2528 ὃπλων
2397 2473 2759 2537 κενωθέντας,
2816 2474 2849 2542 ἢ
2884 2474 3178 2542 σαγιττῶν,
3216 2475 3250 2545 ἢ
3302 2476 3552 2548 λίθων,ῆ
3607 2496 3777 2535 τινων

2174 2567 2405 2637 ἐτέρων,
2436 2568 2559 2620 τότε
2602 2566 2991 2635 ἀναπηδῶντες
3025 2567 3161 2637 ὁμοῦ
3206 2584 3265 2620 τε
3304 2570 3781 2640 καταπλήττουσι,

2176 2658 2271 2711 καὶ
2326 2659 2447 2723 ταῖς
2516 2661 2581 2721 ὲκ
2633 2657 2818 2728 χειρὸς
2885 2658 3001 2719 ἀπὸ,
3050 2659 3297 2713 σπαθίων
3340 2661 3436 2713 καὶ
3495 2664 3783 2730 μεναύλων

2171 2747 2506 2818 προσϐολαῖς
2578 2747 2870 2819 εὐρώστως
2938 2751 3038 2802 καὶ
3095 2750 3465 2822 ἀκμαιότερον
3515 2754 3783 2825 ἐπέρχον-

2171 2855 2287 2893 ται.

2246 2928 2342 2997 ις’.
2383 2931 2477 2985 Διὸ
2519 2932 2892 3002 φυλάττεσθαι
2943 2934 3051 3005 χρὴ
3094 2934 3165 2988 τὰ
3206 2936 3457 3004 τοιαῦτα,
3502 2939 3596 2992 καὶ
3632 2940 3777 3010 μετὰ

2169 3022 2269 3078 τοῦ
2314 3024 2525 3087 δέοντος
2579 3025 2785 3087 σκοποῦ
2847 3027 3121 3083 ποιεῖσθαι
3177 3028 3277 3098 τὴν
3308 3029 3639 3101 προσϐολὴν,
3682 3031 3776 3087 ἵνα

2175 3116 2376 3188 μᾶλλον
2435 3119 2484 3170 ol
2540 3116 2794 3186 πολέμιοι
2854 3118 3069 3175 πάθωσι
3126 3119 3194 3173 τά
3247 3122 3391 3191 πρὸς
3441 3121 3646 3191 βλάϐην
3690 3140 3783 3191 γι-

480 3216 741 3269 damnum
780 3212 1036 3283 accipiat.
1080 3211 1272 3266 Robur
1308 3212 1457 3265 enim
1490 3210 1745 3274 militum,
1788 3216 1842 3264 et
1870 3223 2063 3262 nume-

2179 3212 2469 3283 νόμενα,ῆ
2516 3213 2565 3265 ei
2609 3213 2869 3282 ἡμέτεροι
2914 3213 3268 3283 στρατιῶται.
3304 3217 3398 3269 Δεῖ
3423 3214 3533 3286 γάρ
3580 3216 3787 3281 αὐτοὺς

481 3322 577 3360 rus
609 3306 843 3359 telorum
879 3303 1349 3373 conjicicudorum
1382 3301 1754 3357 dimetiendus
1783 3309 1889 3365 est,
1917 3308 1972 3355 et
2002 3300 2072 3354 ab

482 3399 643 3453 initio
681 3398 749 3452 ad
784 3397 947 3451 linem
986 3412 1162 3467 usque
1191 3395 1316 3451 belli
1346 3394 1587 3448 hostium
1625 3392 1955 3448 constitutio
1986 3392 2073 3447 di-

480 3491 709 3560 ligenter
751 3487 1157 3558 perspicienda,
1200 3494 1371 3556 atque
1391 3485 1529 3540 adeo
1553 3498 1742 3556 pugna
1773 3483 2071 3539 instituen-

479 3580 548 3634 tla
586 3587 691 3635 cst.

551 3672 641 3726 Π.
679 3670 761 3724 Ad
791 3670 931 3735 haec,
964 3670 1289 3740 imperator,
1308 3668 1645 3739 providebis,
1670 3676 1727 3722 ut
1760 3683 1849 3721 res
1880 3681 2071 3723 ncces-

480 3765 659 3820 sarias
706 3773 1186 3832 commeatumque
1220 3763 1427 3817 milites
1474 3761 1734 3825 habeant,
1786 3770 1844 3814 ut
1889 3776 1956 3814 ne
2001 3760 2071 3813 iis

480 3858 649 3911 rebus
676 3855 901 3919 defecti,
941 3854 1025 3909 vel
1059 3852 1386 3909 seditionem
1423 3853 1631 3908 faciant
1668 3853 1754 3907 vel
1791 3860 1977 3907 nostra
2014 3851 2067 3903 in

480 3946 705 4015 regione
736 3945 1046 4016 municipes
1098 3952 1154 3999 ct
1189 3945 1473 4012 subjectos
1504 3944 1608 3999 sub
1648 3944 1938 4014 imperium
1973 3958 2069 3995 nn—

478 4043 658 4089 strum
691 4041 913 4101 veXent,
945 4044 1000 4089 et
1033 4032 1255 4103 injuriis
1305 4032 1705 4103 tyrannideun
1730 4034 2065 4103 opprimant,

479 4127 659 4182 inedia
714 4128 1155 4198 necessitateque
1216 4128 1507 4195 compulsi.
1559 4126 1761 4195 Atque,
1845 4127 1889 4179 si
1950 4126 2065 4180 ﬁeri

476 4226 681 4288 potest,
710 4218 970 4274 hostilem
1016 4218 1273 4273 celeriter
1324 4217 1677 4288 pupulaberis
1730 4225 1959 4281 terram,
2012 4226 2067 4271 ct

477 4325 697 4365 omnem
737 4310 850 4365 illis
882 4320 1249 4365 commeatum
1291 4310 1420 4365 inde
1466 4309 1879 4380 suppeditahis;
1928 4325 2067 4379 prie-

482 4402 751 4473 fectisque
795 4401 1085 4456 mandabis
1123 4411 1183 4456 ut
1227 4402 1437 4457 nullum
1492 4402 1597 4457 sub
1638 4401 1922 4456 dominatu
1971 4412 2067 4457 tuo

477 4494 707 4549 militem
741 4492 944 4564 injuria
991 4493 1213 4559 alliciat,
1268 4495 1355 4549 vel
1396 4494 1570 4550 ullum
1624 4508 1828 4549 munus
1860 4494 1930 4547 ab
1967 4494 2062 4548 illo

472 4587 676 4657 capiat,
715 4596 785 4642 ne
824 4601 887 4641 ea
917 4585 1137 4656 quidem
1168 4601 1294 4656 qua:
1320 4593 1584 4641 consueta
1622 4599 1850 4639 munera
1883 4585 2064 4639 nomi-

470 4684 700 4741 nantur.
729 4675 809 4731 De
836 4683 930 4731 tua
963 4682 1146 4733 autem
1167 4676 1435 4746 dignitate
1466 4675 1597 4745 quid
1629 4674 1923 4730 dicendum
1955 4682 2061 4739 est,

472 4769 571 4837 qui
592 4785 673 4823 ne.
688 4768 757 4823 de
777 4768 940 4823 donis
964 4768 1306 4838 accipiendis
1337 4769 1591 4839 cogitare
1606 4767 1831 4836 quidem
1857 4767 2061 4833 debes,

471 4872 657 4928 neque
694 4859 898 4915 donum
936 4860 1159 4929 aliquod
1200 4860 1269 4915 ab
1301 4859 1390 4921 iis,
1439 4858 1532 4927 qui
1570 4858 1674 4913 sub
1722 4865 1777 4912 te
1826 4857 2063 4926 subjecti

471 4958 623 5013 sunt,
659 4950 781 5003 sive
821 4950 1140 5017 ditioribus,
1169 4950 1288 5006 sive
1320 4948 1667 5004 tenuioribus
1697 4949 1805 5001 ulla
1847 4950 2063 5007 ratione

467 5055 667 5111 capere
683 5043 707 5095 ?

539 5134 627 5187 18.
676 5132 880 5199 Milites
931 5144 1195 5193 strenuos
1244 5137 1615 5207 robustosque
1644 5145 1698 5192 et
1746 5138 1960 5195 alacres
1990 5140 2057 5193 'in

466 5241 686 5280 summa
730 5227 973 5283 triremis
1017 5238 1172 5297 parte
1221 5230 1572 5298 potissimum
1602 5231 1907 5295 constitue,
1958 5231 2053 5300 qui

464 5320 740 5375 consertis
768 5321 1025 5377 manibus
1050 5336 1176 5375 cum
1202 5322 1456 5378 hostibus
1479 5323 1765 5378 dimicent.
1792 5323 1887 5378 Sin
1914 5339 2052 5393 quos

462 5424 527 5465 ex
565 5405 835 5465 militibus
867 5412 1180 5481 ignaviores
1211 5428 1335 5470 esse
1368 5416 1815 5485 deprehenderis,
1848 5434 1944 5471 eos
1997 5420 2051 5472 in

462 5502 780 5562 inferiorem
842 5508 1094 5561 ordinem
1126 5524 1403 5563 remorum
1441 5512 1671 5581 depelle,
1714 5520 1767 5565 et
1808 5513 1851 5564 si
1889 5528 2050 5581 quam

2175 3302 2275 3373 τὴν
2339 3301 2557 3356 οἰκείαν
2608 3304 2795 3375 ἀκμὴν
2846 3304 3078 3368 καὶτὰς
3126 3305 3289 3375 βολὰς
3341 3307 3635 3376 φυλάττειν
3684 3311 3789 3363 ἀπ’

2177 3394 2350 3463 ἀρχῆς
2404 3394 2534 3465 ἄχρι
2592 3394 2784 3457 τέλους
2848 3397 2947 3466 τῆς
3006 3397 3207 3466 μάχης,
3258 3399 3354 3451 καὶ
3398 3401 3620 3471 μετρεῖν
3669 3398 3784 3453 τῶν

2176 3485 2438 3540 ἐναντίοιν
2483 3487 2581 3557 τὴν
2625 3486 2889 3553 διάθεσιν,
2946 3487 3044 3541 καὶ
3080 3488 3255 3554 οὕτως
3302 3490 3403 3561 τὴν
3441 3490 3623 3563 μάχην
3661 3491 3783 3544 δια-

2178 3577 2490 3642 σκευάζειν.

2248 3666 2337 3731 ιζ’.
2367 3668 2514 3740 Πρὸς
2538 3669 2751 3733 τούτοις
2785 3671 3116 3741 φροντίσεις,
3147 3664 3193 3726 ὧ
3220 3674 3518 3745 στρατηγὲ,
3554 3675 3782 3749 καὶτῆς

2168 3760 2401 3830 δεοΰσης
2427 3761 2536 3814 τῶν
2557 3762 2911 3831 στρατιωτῶν
2940 3764 3209 3834 δαπάνης,
3235 3764 3377 3818 ὥστε
3403 3766 3547 3836 ἔχειν
3578 3768 3776 3831 αὐτοὺς

2171 3852 2242 3904 τά
2271 3852 2568 3920 ἀναγκαῖα·
2597 3853 2683 3907 ἵνα
2712 3853 2787 3923 μὴ
2813 3852 3019 3907 τούτων
3046 3854 3362 3926 λειπόμενοι
3395 3856 3427 3925 ἢ
3460 3860 3779 3913 στασιάσω-

2174 3960 2278 4004 σιν,
2314 3945 2372 3995 ἐν
2404 3945 2471 4013 τῇ
2511 3943 2617 4014 [δίᾳ
2642 3943 2797 4015 χώρᾳ
2828 3943 2980 4007 ὄντες
3008 3946 3136 4009 τοὺς
3168 3947 3521 4010 συντελεστάς
3553 3950 3644 4001 καὶ
3672 3950 3778 4002 ὐπ-

2171 4034 2370 4102 ηκὸους
2397 4035 2556 4105 ἡμῶν
2596 4038 2921 4107 τυραννοῦσι
2949 4038 3046 4092 καὶ
3077 4038 3323 4093 ἀδικοῦσι
3380 4041 3486 4093 ὑπὸ
3524 4042 3624 4111 τῆς
3669 4043 3774 4096 πά-

2172 4144 2269 4197 νης
2306 4126 2381 4197 (7)
2411 4127 2521 4180 τῶν
2556 4131 2873 4198 ἀναγκαίων
2909 4132 3384 4203 συνελαυνόμενοι.
3434 4133 3596 4198 Ἀλλ’,
3624 4133 3679 4186 εἴ
3704 4152 3767 4201 γε

2168 4214 2419 4281 δυνατὸν,
2451 4218 2511 4269 ὲν
2549 4219 2707 4289 τάχει
2745 4221 2839 4291 τὴν
2870 4222 3134 4292 πολεμίαν
3169 4224 3487 4297 καταλάϐῃς
3515 4226 3643 4294 γῆν,
3674 4228 3769 4280 καὶ

2169 4306 2229 4369 ἐξ
2260 4308 2429 4377 αὐτῆς
2463 4309 2683 4364 ἅπαντα
2720 4313 2787 4364 τὰ
2818 4314 3102 4383 ἐπιτήδεια
3125 4315 3347 4387 πορίσῃ.
3374 4317 3770 4390 Παραγγέλλῃς

2167 4399 2225 4453 δὲ
2266 4402 2359 4453 καὶ
2402 4404 2516 4465 τοῖς
2563 4404 2813 4471 ἄρχουσι,
2851 4406 3055 4475 μηδένα
3105 4408 3213 4459 τῶν
3244 4408 3336 4460 ὑπ’
3362 4408 3561 4473 αὐτοὺς
3602 4427 3769 4482 cepa-

2166 4492 2378 4547 τιωτῶν
2410 4494 2638 4559 ἀδικεῖν,
2680 4496 2713 4566 ἢ
2746 4496 2808 4549 τὸ
2829 4496 3040 4551 οἱονοῦν
3062 4497 3233 4570 δῶρον
3261 4502 3391 4571 παρ’
3419 4500 3599 4556 αὐτῶν
3628 4502 3767 4571 λαμ-

2098 4548 2374 4650 ιλὸέινειν,
2412 4586 2446 4657 ἢ
2488 4585 2586 4649 τὰς
2628 4548 3767 4662 'lstijévaesummatem—flvis;vae—2;;

2166 4677 2267 4747 σῆς
2307 4678 2653 4750 ὲνδοξότητος
2685 4680 2738 4731 τί
2762 4682 2867 4752 χρὴ
2892 4682 3096 4750 λέγειν,
3136 4681 3212 4747 ὡς
3243 4684 3353 4736 οὐδ’
3392 4683 3766 4756 ἐνθυμηθῆναί

2162 4787 2216 4824 τι
2248 4773 2492 4825 τοιοῦτον
2520 4772 2659 4835 δέον,
2696 4775 2917 4844 μήτιγε
2951 4774 3381 4848 διαπράξασθαι,
3416 4778 3558 4848 μήτε
3587 4778 3766 4847 δῶρον

2162 4861 2226 4914 τὸ
2248 4858 2361 4916 οἷον
2391 4863 2593 4933 δήποτε
2620 4864 2727 4917 ἀπὸ
2765 4864 2963 4936 μικροῦ
2995 4867 3028 4936 ἠ
3064 4868 3303 4935 μεγάλου
3335 4867 3626 4940 ἀνθρώπου
3666 4869 3766 4923 τοῦ

2164 4954 2268 5008 ὑπὸ
2305 4954 2363 5007 σὲ
2386 4956 2668 5020 τελοῦντος
2696 4957 2999 5027 λαμϐάνειν
3030 4961 3090 5012 τὸ
3124 4960 3382 5025 σύνολον;

2242 5140 2330 5211 ιη’.
2366 5139 2504 5204 Τοὺς
2544 5140 2601 5194 δὲ
2644 5142 2982 5212 στρατιώτας
3033 5143 3308 5213 ἀνδρείους
3356 5144 3628 5211 ἐπιλέγου,
3664 5146 3759 5199 καὶ

2170 5233 2510 5303 ρωμαλέους,
2544 5233 2638 5287 καὶ
2673 5235 3090 5305 εὖπροούμους’
3140 5238 3232 5299 καὶ
3277 5237 3512 5304 μάλιστα
3566 5238 3644 5298 εἰς
3693 5236 3759 5288 τά

2166 5326 2280 5378 ἄνω
2312 5325 2406 5378 τοῦ
2433 5326 2714 5397 δρόμωνος
2760 5330 3148 5399 ταττομένους,
3180 5330 3375 5391 οἵτινες
3404 5332 3495 5383 καὶ
3518 5329 3623 5381 ἀπὸ
3656 5348 3759 5396 χει-

2168 5419 2255 5487 ρὸς
2309 5422 2420 5482 τοῖς
2460 5420 2741 5489 πολεμίοις
2798 5423 3227 5492 συμπλέκονται.
3264 5422 3324 5473 Εἰ
3361 5422 3416 5473 δέ
3452 5438 3602 5481 τινας
3649 5421 3757 5471 τῶν

2165 5513 2513 5583 στρατιωτῶν
2536 5515 2829 5586 ἀνάνδρους
2854 5514 3113 5585 ἐπιγνῷς,
3140 5514 3359 5577 τούτους
3383 5515 3461 5576 εἰς
3485 5514 3581 5583 τὴν
3606 5514 3756 5567 κάτω

1998 5622 2232 5680 NOTAE.

649 5705 755 5787 {Si}!
784 5706 908 5787 τοῖς
923 5708 1293 5787 μὲνῃαῡτζοίς.
1311 5709 1545 5787 _Scrihe,
1578 5712 1669 5763 ml
1696 5714 1806 5775 τοῖς
1838 5713 2067 5782 μεναύλο

2183 5714 2337 5779 Quod
2371 5716 2441 5771 sit
2476 5717 2760 5787 μὲναυλον.
2794 5718 2923 5775 Vide
2963 5718 3296 5775 Glossarium
3329 5728 3603 5775 nostrum.

546 5770 622 5837 (7)
656 5771 767 5837 Τῆς
791 5770 1009 5841 adﬁge.
1044 5770 1372 5849 ὃςιίὺοξτῆς
1406 5770 1638 5848 σῖτάνης.
