4090 6436
377 362 485 428 937

1418 372 1759 434 TACTICA.
1790 400 1855 412 -
1912 374 2429 439 CONSTITUTIO
2462 382 2623 444 XIX.

3555 394 3660 459 903

375 476 600 529 ἐλασίαν
632 476 767 539 τέως
800 476 1166 547 παράπεμπε,
1206 477 1299 530 καὶ
1328 477 1383 530 ετ
1418 480 1548 533 ποτέ
1582 498 1666 544 τις
1704 481 1905 553 πληγῇ¹
1934 481 1954 533 i

2076 484 2294 556 plagam
2338 490 2654 560 superiores
2693 493 2893 551 milites
2929 499 3266 567 acceperint,
3304 515 3491 555 eorum
3541 506 3656 561 loca

374 567 519 644 πέσῃ
558 566 667 619 τῶν
699 568 1068 636 στρατιωτῶν,
1100 568 1190 622 τὸν
1213 570 1423 623 ἐκείνου
1444 574 1608 626 τόπον
1634 572 1692 637 ἐξ
1721 574 1967 642 ἀνάγκης

371 658 588 727 ἁναπλη
598 657 801 728 ρὼσῃς.

448 747 535 805 ιϐ’.
575 750 697 820 Χρὴ
728 749 790 802 δέ
835 766 895 801 σε
934 750 1151 812 πάντως
1197 752 1395 806 εἰδέναι
1445 756 1544 825 τὴν
1584 756 1815 809 ἑκάστου
1861 756 1968 811 τῶν

370 841 480 895 ὐπὸ
515 841 572 895 σὲ
610 843 959 911 στρατιωτῶν
980 843 1093 909 ἐἶξιν
1120 844 1214 897 καὶ
1242 845 1501 912 διάθεσιν,
1534 849 1629 902 καὶ
1664 849 1761 920 τὴν
1798 850 1967 918 ἄλλην

370 933 510 1003 πρὸς
554 935 806 1002 ἀνδρείαν
859 935 1145 1005 ποιότητα.
1183 938 1394 1009 ’Ὠσπερ
1429 940 1480 992 οἱ
1514 944 1813 1013 κυνηγέται
1858 943 1966 996 τῶν

372 1024 552 1077 κυνῶν
596 1027 831 1079 ἑκάστου
873 1028 969 1090 τὰς
1014 1029 1463 1099 ἐπιτηδειότητας
1507 1033 1967 1101 ἐπιγινώσκοντες

367 1116 588 1187 ἔχουσιν
614 1118 891 1188 εὐκαίρως
921 1119 1119 1183 αὐτοὺς
1150 1121 1287 1191 πρὸς
1316 1122 1345 1174 ὃ
1376 1122 1674 1192 βούλονται.

439 1205 508 1261 κ’.
552 1207 742 1271 Οὕτως
785 1204 881 1261 οὖν
918 1209 1199 1279 διαθήσεις
1230 1212 1460 1276 ἕκαστα,
1499 1216 1687 1281 καθὼς
1716 1217 1784 1271 ἂν
1833 1236 1962 1272 συν-

366 1296 485 1368 ίδῃς
536 1297 814 1368 ἀρκοῦντα
855 1297 995 1368 πρὸς
1045 1300 1145 1371 τὴν
1187 1306 1557 1377 προκειμένην
1605 1308 1963 1380 ἐκστρατείαν

366 1392 497 1454 τούς
522 1409 583 1445 τε
612 1392 902 1462 δρόμωνας
931 1393 1027 1448 καὶ
1051 1396 1181 1460 τούς
1206 1399 1266 1450 ἐν
1290 1399 1476 1462 αὐτοῖς
1508 1401 1866 1471 στρατιώτας,
1894 1404 1965 1458 τά

364 1499 429 1535 τε
461 1482 604 1535 ὅπλα
631 1483 727 1537 καὶ
757 1485 857 1547 τὰς
880 1484 1155 1551 δαπάνας,
1183 1486 1281 1539 καὶ
1324 1488 1427 1557 τὴν
1455 1488 1625 1561 ἄλλην
1660 1493 1720 1544 ἐν
1751 1493 1963 1561 ἑτέροις

368 1571 575 1635 πλοίοις
597 1573 943 1644 ἀποσκευήν·
976 1574 1167 1645 ἥντινα
1196 1575 1359 1628 οἱονεὶ
1412 1576 1630 1630 τοῦλδον
1679 1580 1738 1632 ἐν
1770 1579 1954 1649 ἀσφα-

365 1662 489 1717 λέσι
519 1666 710 1728 τόποις
735 1681 797 1718 σε
830 1665 937 1737 χρὴ
966 1665 1250 1737 καθιστᾷν,
1293 1667 1427 1721 ὅταν
1456 1668 1648 1740 καιρὸς
1681 1670 1961 1735 ὲλπίζεταί

368 1772 453 1809 σοι
477 1756 684 1827 μάχης.
708 1758 820 1811 Καὶ
846 1758 1096 1829 προσέτι,
1113 1760 1181 1811 ,εί
1199 1775 1262 1827 γε
1288 1758 1448 1830 χρεία
1470 1761 1695 1832 τοιαύτη
1716 1762 1957 1831 καλέσοι,

360 1847 507 1903 ὥστε
538 1850 635 1903 καὶ
681 1848 886 1914 ἵππους
924 1853 982 1906 ἐν
1036 1853 1150 1916 τοῖς
1180 1852 1527 1921 ἱππαγωγοῖς
1570 1854 1775 1919 πλοίοις
1822 1858 1959 1928 πρὸς

366 1941 668 2014 ἐπιῤῥιφὴν
708 1942 852 1997 κατὰ
875 1942 978 2014 τῆς
1004 1941 1273 2014 πολεμίας
1299 1943 1445 2015 ἔχειν
1486 1946 1651 2000 τινῶν
1686 1947 1961 2003 καϐαλλα-

370 2033 524 2105 ρίσων.
572 2035 683 2088 Καὶ
746 2034 936 2098 ἁπλῶς
992 2035 1169 2089 πάντα
1227 2033 1538 2107 ἐξαρτύσας
1595 2039 1961 2113 ὁδοιπορήσῃς

364 2126 621 2192 δεδντως.

439 2227 548 2275 καν.
583 2221 692 2275 Καὶ
716 2222 933 2294 πρῶτον
961 2218 1063 2293 μὲν
1084 2223 1192 2295 πρὸ
1215 2222 1311 2277 τοῦ
1335 2224 1667 2296 ἀποκινῆσαι
1693 2226 1959 2297 ἁγιασθὴ-

364 2329 549 2367 τωσαν
571 2314 791 2368 ἅπαντα
819 2313 888 2367 τὰ
927 2313 1216 2383 φλάμουλα
1251 2314 1362 2369 τῶν
1390 2316 1686 2388 δρομὼνων
1724 2318 1957 2372 ἑκάστου

357 2404 454 2459 διὰ
483 2402 634 2467 Θείας
664 2405 772 2459 τῶν
806 2406 998 2477 ἱερέων
1023 2407 1336 2477 ἱερουργίας
1374 2408 1469 2462 καὶ
1509 2409 1676 2481 εὐχῆς
1705 2410 1960 2474 ἐκτενῶς

364 2497 510 2566 πρὸς
542 2494 633 2550 τὸν
665 2496 777 2551 τῶν
807 2498 951 2552 ὅλων
977 2497 1115 2553 Θεὸν
1148 2499 1291 2569 ὑπὲρ
1323 2499 1634 2565 εὐοδώσεως
1659 2502 1751 2554 τοῦ
1787 2520 1955 2573 στρα-

362 2587 484 2656 τοῦ,
532 2588 677 2644 κατὰ
719 2590 827 2643 τῶν
865 2590 1168 2661 πολεμίων.
1212 2592 1449 2647 Ἔπειτα
1483 2594 1578 2648 καὶ
1623 2593 1957 2666 διαλαλήσῃς

364 2681 509 2751 πρὸς
532 2679 751 2736 ἅπαντα
780 2682 871 2737 τὸν
892 2682 1022 2738 λαὸν
1068 2686 1163 2737 καὶ
1192 2684 1331 2756 πρὸς
1357 2685 1483 2749 τοὺς
1512 2685 1783 2755 ἄρχοντας
1810 2686 1956 2751 ἰδίως

362 2772 433 2826 τὰ
454 2772 647 2827 δέοντα
682 2774 778 2827 καὶ
810 2775 1123 2845 ἁρμόζοντα
1152 2774 1232 2846 τῷ
1264 2776 1464 2847 καιρῷ,
1494 2777 1588 2830 καὶ
1612 2777 1788 2841 οὕτως
1819 2796 1956 2849 προ-

361 2863 739 2936 θυμοποιήσας
767 2866 860 2919 τὸν
902 2866 1134 2937 στρατὸν
1170 2868 1531 2939 άποκινήσεις
1578 2868 1758 2922 αἰσίου
1791 2870 1956 2923 πνεῦ-

364 2972 538 3025 ματος
567 2957 942 3029 συμπνέοντὸς
978 2975 1060 3012 σοι
1082 2958 1177 3012 καὶ
1212 2958 1289 3028 μὴ
1324 2959 1594 3015 ἐναντίου.

338 3058 345 3063 ’
434 3047 541 3119 κβ’.
574 3050 685 3120 Οὐχ
714 3049 789 3114 ὡς
820 3050 979 3121 ἔτυχε
1005 3051 1223 3105 πάντων
1252 3050 1365 3104 τῶν
1387 3049 1686 3123 δρομὼνων
1720 3069 1952 3122 πορευο-

2075 576 2437 638 inferioribus
2475 585 2661 641 nautis
2708 588 3011 659 supplcbis.

2146 768 2233 823 l9.
2277 768 2733 842 Uniuscujusquc
2772 775 2959 832 militis
3008 777 3088 832 tui
3133 779 3378 846 habitus,
3405 781 3655 852 aﬂ‘ectus,

2073 859 2431 931 reliquusque
2463 865 2663 920 mentis
2684 865 2837 935 vigor
2857 869 3278 938 cognoscendus
3326 881 3433 940 est,
3465 891 3657 945 quem-

2070 950 2368 1007 admodum
2399 966 2690 1011 venatores
2724 959 2881 1014 canis
2911 961 3355 1034 uniuscujusque
3399 944 3655 1022 naturam

2070 1044 2351 1114 cognitam
2384 1047 2672 1117 habentes,
2706 1052 2774 1106 ad
2803 1067 3021 1107 omnem
3056 1056 3520 1124 opportunitatem
3548 1057 3656 1113 illis

2066 1146 2328 1197 utuntur.

2136 1231 2231 1285 20.
2268 1231 2346 1287 Ita
2393 1234 2564 1305 igitur
2610 1237 2872 1293 institues
2918 1238 3136 1303 omnia',
3188 1239 3655 1309 quemadmodum

2068 1322 2136 1375 ad
2180 1326 2525 1394 propositam
2575 1328 2831 1383 militiam
2888 1328 3085 1385 idonea
3133 1343 3259 1385 esse
3299 1326 3653 1392 videbuntur,

2064 1414 2344 1483 triremes,
2392 1424 2449 1472 et
2497 1419 2728 1484 milites,
2777 1435 2931 1475 arma
2979 1426 3035 1476 et
3078 1430 3468 1481 commeatum.
3522 1422 3655 1483 reli-

2063 1522 2351 1580 quumque
2374 1518 2598 1568 omnem
2629 1522 2953 1583 apparatum
2988 1531 3004 1567 :
3037 1530 3201 1585 quem
3249 1515 3408 1584 quasi
3437 1514 3653 1570 tuldum

2064 1600 2120 1655 in
2151 1612 2268 1658 tuto
2304 1604 2629 1670 collocabis,
2658 1606 2749 1661 ubi
2772 1607 3023 1678 pratlium
3045 1607 3357 1678 speraveris
3379 1606 3650 1669 futurum.

2060 1693 2218 1760 Quod
2252 1695 2299 1750 si
2346 1710 2575 1753 necesse
2608 1697 2806 1759 fuerit,
2838 1707 2897 1752 ut
2935 1713 3108 1769 equos
3144 1699 3360 1767 aliquos
3408 1699 3648 1763 habeas,

2065 1788 2122 1842 in
2156 1788 2391 1844 navibus
2428 1788 2692 1860 equil‘eris
2722 1805 2847 1844 cum
2901 1789 3182 1860 equitibus
3214 1792 3423 1861 aliquot
3453 1805 3649 1861 pones,

2062 1880 2362 1950 omniaque

2062 1972 2202 2029 cias.

2428 1881 2495 1938 ad
2548 1881 2753 1937 bellum
2799 1897 3116 1953 prmparans
3163 1882 3358 1939 idonee
3406 1882 3515 1937 iter
3570 1882 3660 1937 fa-

2132 2251 2224 2304 ει.
2269 2249 2336 2305 Et
2359 2251 2683 2322 priusquam
2736 2251 2804 2306 ad
2839 2250 3077 2308 classem
3108 2253 3383 2323 procedas
3407 2295 3422 2320 ,
3467 2254 3651 2324 preci-

2062 2344 2163 2399 bus
2206 2357 2271 2399 ac
2308 2344 2418 2416 piis
2475 2344 2619 2400 rotis
2652 2360 2713 2400 se
2762 2352 2955 2400 mutuo
2984 2344 3190 2400 milites
3230 2342 3343 2401 Deo
3367 2360 3652 2401 commen-

2061 2434 2193 2490 dent
2214 2476 2229 2501 ,
2264 2445 2319 2491 et
2362 2436 2568 2491 bonum
2602 2452 3042 2507 prosperumque
3094 2436 3198 2492 iter
3228 2437 3517 2493 adversum
3551 2440 3651 2493 lio-

2062 2536 2174 2581 stes
2207 2535 2527 2597 precentur.
2560 2526 2771 2583 Deinde
2827 2529 3142 2585 universam
3190 2528 3403 2600 plebem
3460 2530 3646 2591 simul,

2060 2626 2115 2672 et
2142 2616 2434 2689 praefectos
2488 2620 2724 2675 seorsim
2782 2619 3194 2683 adhortaberis,
3240 2628 3301 2674 ut
3331 2619 3503 2675 oﬂieia
3548 2636 3647 2675 sua

2061 2708 2253 2765 sedulo
2306 2710 2687 2781 industrieque.
2736 2710 2983 2767 faciant:
3027 2721 3081 2766 et
3131 2726 3321 2765 omnes
3377 2721 3646 2781 quantum

2062 2800 2180 2855 ﬁeri
2245 2809 2432 2871 potest
2488 2801 2789 2867 animabis,
2845 2810 2898 2857 et
2956 2813 3118 2857 vento
3173 2802 3416 2857 secundo
3466 2811 3648 2857 stante

2059 2893 2259 2948 solves.

2128 3057 2221 3112 2‘2.
2269 3056 2500 3113 Temere
2530 3071 2595 3110 ac
2636 3057 2867 3113 fortuito
2908 3057 3170 3111 triremes
3197 3070 3268 3110 ne
3318 3054 3639 3125 procedant,

365 3140 577 3211 μένων,
626 3142 742 3195 ἀλλ’
786 3144 1107 3215 ἐπιστήσεις
1160 3144 1348 3206 αὐτοῖς
1399 3144 1689 3213 ἄρχοντας,
1738 3145 1770 3216 ἢ
1816 3146 1954 3199 κατὰ

2061 3154 2156 3209 sed
2210 3152 2412 3219 tribus,
2479 3160 2573 3207 aut
2637 3152 2883 3223 quinque
2937 3150 3261 3206 triremibus
3317 3148 3639 3219 pratiectum

362 3233 549 3299 πέντε,
589 3234 623 3307 ἤ
670 3234 815 3289 κατὰ
844 3237 996 3307 τρεῖς
1049 3236 1337 3306 δρόμωνας
1377 3236 1475 3291 ἕνα
1521 3236 1612 3289 τὸν
1662 3236 1954 3308 λεγόμενον

2060 3261 2230 3301 unum
2245 3245 2646 3317 deliges,quem
2660 3243 2916 3298 comitem
2935 3242 3255 3312 appellabis,
3281 3242 3372 3312 qui
3394 3243 3643 3295 omnium

362 3325 604 3395 κόμητα,
630 3327 785 3403 ὅστις
814 3327 1089 3399 ναύαρχὸς
1120 3346 1179 3381 τε
1212 3329 1307 3381 καὶ
1340 3329 1567 3401 ἡγεμὼν
1597 3329 1708 3382 τῶν
1738 3330 1829 3383 ὐπ’
1854 3332 1955 3383 αὐ-

363 3419 456 3471 τὸν
512 3418 809 3491 δρομώνων
862 3420 1125 3490 ὑπάρχων
1180 3422 1461 3493 φροντίσει
1519 3422 1955 3493 προσεχέστερον

360 3509 496 3582 περὶ
518 3511 738 3566 πάντων
770 3512 1033 3579 εὐκόλως,
1064 3512 1160 3566 καὶ
1180 3513 1423 3578 διατάξει
1460 3514 1597 3583 πρὸς
1619 3514 1849 3569 ἕκαστα.

435 3602 544 3671 κγ’.
586 3605 651 3657 Οἱ
695 3604 752 3658 δὲ
802 3605 1082 3676 εἰρημένοι
1125 3606 1388 3677 ἄρχοντες
1418 3606 1524 3659 ὐπὸ
1566 3606 1635 3658 σέ
1668 3606 1952 3673 τελοῦντες

356 3694 472 3749 ἀπὸ
520 3695 617 3749 σοῦ
649 3695 748 3749 καὶ
802 3696 875 3749 τὰ
912 3697 1356 3767 παραγγέλματα
1393 3698 1659 3765 δέξονται,
1692 3701 1789 3752 καὶ
1840 3702 1955 3764 τοῖς

350 3787 456 3873 'dn‘
480 3787 678 3854 αὐτοὺς
698 3788 1090 3859 μεταδώσουσι.
1140 3790 1254 3844 Καὶ
1275 3790 1449 3844 ταῦτα
1473 3792 1572 3862 μὲν
1601 3791 1695 3845 ἐπὶ
1727 3790 1823 3844 τοῦ
1858 3791 1954 3862 βα-

359 3879 571 3934 σιλικοῦ
621 3880 921 3952 λεγομένου
961 3882 1238 3951 πλωΐμουο
1276 3883 1369 3935 ἐπὶ
1399 3882 1456 3935 δὲ
1487 3883 1597 3935 τῶν
1639 3882 1952 3953 θεματικῶν

353 3970 655 4042 δρομώνων
683 3973 777 4026 καὶ
812 3972 1171 4044 δρουγγάριοι
1220 3975 1632 4045 ἐπιστήσονται,
1661 3975 1757 4027 καὶ
1788 3992 1951 4047 τουρ-

360 4061 595 4131 μάρχαι,
623 4062 718 4114 καὶ
740 4062 896 4115 αὐτοὶ
918 4061 997 4131 τῷ
1037 4063 1333 4134 στρατηγῷ
1365 4063 1826 4133 ὐποταγήσονται,
1857 4065 1952 4117 καὶ

355 4153 474 4216 τοῖς
512 4152 722 4207 ἐκείνου
759 4154 1224 4225 παραγγέλμασιν
1256 4155 1516 4221 εἴξουσιν.

430 4242 532 4299 κδ’.
560 4246 676 4298 Οὐκ
707 4246 890 4314 ἀγνοῶ
916 4246 1111 4318 ὅτιπερ
1147 4247 1288 4300 κατὰ
1316 4248 1414 4320 τὴν
1440 4247 1701 4319 ὁμοίωσιν
1728 4247 1822 4302 τοῦ
1854 4248 1949 4318 βα-

357 4338 573 4393 σιλικοῦ
599 4338 847 4410 πλωΐμου
881 4340 975 4393 καὶ
1004 4339 1055 4392 οἱ
1084 4338 1194 4393 τῶν
1225 4338 1402 4393 ἄλλων
1430 4339 1687 4410 θεμάτων
1709 4337 1950 4408 πλώϊμοι

359 4432 661 4504 στρατηγοί⁵
718 4432 1072 4502 δρουγγάριοι
1133 4430 1433 4485 ἐκαλοῦντὸ
1491 4450 1623 4485 ποτε
1671 4434 1785 4493 τοῖς
1835 4432 1947 4486 ἄνω

2058 3339 2163 3396 sub
2176 3354 2235 3394 se
2251 3337 2560 3392 triremium
2579 3336 2686 3390 dux
2721 3334 2938 3389 futurus
2952 3344 3057 3397 est,
3079 3334 3432 3404 etililigenter
3457 3333 3642 3388 facile—

2058 3443 2166 3499 que
2201 3428 2388 3483 omnia
2434 3426 2715 3491 instrues,
2759 3440 2882 3495 qua:
2928 3424 2994 3477 ad
3038 3426 3227 3478 hastas
3268 3422 3636 3491 triremesque

2057 3520 2356 3579 pertinent.

2125 3613 2217 3667 25.
2249 3611 2497 3667 Praefecti
2531 3608 2625 3682 qui
2655 3610 2761 3665 sub
2793 3618 2846 3664 te
2878 3616 3009 3664 sunt
3043 3610 3141 3666 abs
3184 3617 3240 3665 te
3265 3609 3519 3663 mandata
3545 3621 3641 3661 ac-

2053 3705 2284 3775 cipient,
2314 3703 2654 3775 reliquisque
2685 3703 2779 3773 qui
2813 3704 2917 3758 sub
2954 3718 3143 3759 eorum
3194 3707 3464 3772 potestate
3512 3708 3643 3754 sunt

2053 3797 2295 3852 tradent.
2328 3790 2507 3867 Atque
2528 3797 2643 3851 haec
2674 3796 2742 3851 de
2761 3796 2907 3863 regia
2937 3796 3141 3851 classe.
3168 3794 3522 3864 lleliquarum
3549 3805 3646 3844 co-

2058 3890 2268 3959 piarum
2325 3889 2647 3944 triremibus
2707 3888 3010 3958 drungarii,
3075 3888 3125 3940 id
3173 3895 3279 3951 est,
3331 3883 3536 3939 tribuni
3587 3890 3642 3935 et

2054 3981 2390 4037 turmarclne
2444 3980 2833 4051 praeﬁciat-itur,
2899 3980 2991 4048 qui
3056 3986 3112 4033 et
3163 3978 3264 4047 ipsi
3321 3974 3638 4043 imperatori

2054 4073 2289 4143 subjecti
2343 4081 2553 4137 erunt,
2620 4078 2675 4125 et
2739 4071 2887 4125 illius
2948 4068 3230 4139 imperatis
3291 4067 3640 4135 obtempera-

2052 4165 2212 4220 bunt.

2124 4256 2217 4311 24.
2257 4255 2448 4326 Neque
2477 4270 2611 4311 sane
2658 4257 2852 4325 ignoro
2875 4295 2889 4317 ,
2927 4253 3073 4324 quod
3110 4252 3176 4307 ad
3218 4249 3637 4306 similitudinem

2053 4349 2217 4421 regiae
2239 4350 2458 4415 classis,
2481 4349 2819 4419 reliquorum
2840 4347 3171 4403 auxiliorum
3204 4343 3447 4416 praefecti
3467 4343 3641 4396 drnn-
3718 4398 3723 4403 _

2052 4440 2188 4510 garii
2230 4440 2477 4510 antiquis
2528 4438 2873 4509 temporibus
2904 4436 3242 4492 vocabantur
3267 4475 3283 4499 ,
3325 4441 3381 4490 et
3410 4434 3503 4503 qui
3534 4432 3639 4489 sub

356 4526 594 4596 χρόνοις,
630 4527 723 4580 καὶ
765 4528 814 4579 οἰ
851 4526 942 4579 ὑπ’
966 4526 1169 4588 αὐτοὺς
1207 4525 1445 4595 κὸμητες
1496 4525 1657 4595 μόνον
1688 4524 1787 4578 καί⁸
1822 4525 1945 4579 κέν-

2055 4532 2275 4588 illorum
2307 4532 2596 4589 dominatu
2630 4531 2875 4593 fuerunt,
2905 4529 3138 4586 comites
3168 4526 3638 4593 centurionesque

352 4634 574 4688 ταρχοι.
609 4616 773 4671 Ἀλλὰ
821 4617 917 4671 νῦν
965 4621 1048 4682 εἰς
1098 4617 1437 4688 στρατηγίδα
1487 4618 1521 4686 ή
1553 4616 1787 4670 ἑκάστου
1838 4616 1948 4670 τῶν

351 4710 738 4780 δρουγγαρίων
768 4710 912 4782 ἀρχὴ
943 4710 1314 4780 ἀναϐέϐηκεν,
1350 4711 1446 4763 καὶ
1472 4708 1785 4780 καλουμένη
1826 4710 1949 4772 ταῖς

354 4806 760 4873 στρατηγικαῖς
790 4802 1223 4875 καταμιρίζεται
1244 4800 1485 4867 τάξεσιν.

2046 4626 2178 4682 olim
2211 4626 2573 4680 vocabantur.
2617 4621 2727 4679 Sed
2755 4638 2905 4678 nunc
2931 4621 3356 4691 drungariornm
3385 4616 3635 4685 singulo-

2048 4736 2170 4775 rum
2209 4717 2450 4790 dignitas
2479 4718 2545 4773 ad
2582 4732 2782 4789 nomen
2817 4713 3232 4785 imperatorium
3280 4706 3551 4780 pervenit,
3582 4716 3638 4763 et

2048 4813 2130 4868 sic
2152 4826 2299 4867 nunc
2330 4826 2455 4867 eum
2489 4810 2816 4881 appellatur,
2850 4808 2905 4861 in
2938 4806 3091 4861 acies
3129 4800 3517 4874 imperatorias
3550 4799 3635 4855 di-

1952 4892 1959 4899 .
2049 4906 2276 4962 viditur.

430 4984 529 5040 κε’.
589 4985 898 5056 Γυμνάσεις
931 4983 991 5039 δὲ
1045 4984 1321 5054 διαφόρως
1362 4985 1489 5051 τούς
1552 5001 1611 5037 τε
1664 4985 1946 5056 πλωΐμους

359 5079 722 5152 στρατιώτας,
757 5080 850 5131 καὶ
894 5079 1091 5141 αὐτοὺς
1149 5080 1273 5141 τοὺς
1318 5078 1629 5147 δρόμωνας,
1680 5077 1813 5129 ποτὲ
1849 5077 1948 5145 μὲν

358 5173 477 5226 καθ’
500 5172 597 5225 ἕνα
636 5174 868 5225 ’ἑκαστον
910 5166 1103 5241 ἄνδρα,
1131 5169 1262 5222 ποτὲ
1290 5168 1349 5223 δὲ
1376 5169 1471 5222 καὶ
1519 5168 1662 5222 κατὰ
1700 5168 1944 5235 πλείους,

352 5264 499 5319 ὥστε
546 5266 699 5326 ἄν-τις
750 5264 998 5335 ἀλλήλων
1028 5260 1361 5332 ἐπέρχεσθαι
1384 5262 1635 5326 σπαϐίοις
1659 5262 1754 5314 καὶ
1786 5278 1948 5315 σκου-

353 5360 571 5429 ταρίοις
617 5358 959 5430 χρωμένους.
992 5354 1104 5410 Καὶ
1134 5356 1335 5419 αὐτοὺς
1374 5354 1433 5409 δὲ
1460 5356 1618 5420 ὅλους
1658 5358 1945 5430 δρόμωνας

358 5451 483 5505 κατ’
513 5450 761 5520 ἀλλήλων
785 5450 863 5513 ὡς
887 5448 985 5502 ἐπὶ
1024 5447 1386 5520 παρατάξεως
1415 5448 1819 5520 ἐπερχομένους
1848 5449 1947 5503 καὶ

357 5542 493 5594 ποτὲ
530 5540 905 5612 δεσμοῦντιῑς,
926 5540 1059 5595 ποτὲ
1088 5540 1149 5594 δὲ
1176 5537 1515 5602 ἀπολύοντας
1539 5539 1633 5592 καὶ
1670 5541 1946 5612 διαφόρως

357 5640 487 5688 κατ’
507 5635 754 5706 ἀλλήλων
776 5633 1442 5706 προσϐάλλονταςποτὲδὲ
1458 5633 1726 5697 ἀκοντίοις
1742 5635 1945 5688 ὠθοῦν-

358 5744 460 5797 τας
483 5728 550 5782 τὰ
593 5718 755 5781 πλὸἴα
783 5729 894 5782 τῶν
944 5729 1227 5793 ἐναντίων,
1258 5726 1400 5782 ὥστε
1434 5727 1508 5799 μὴ
1542 5728 1942 5798 πλησιάζοντας

359 5819 598 5891 δεσμεῖν.
622 5821 697 5874 Οὐ
722 5821 828 5893 γὰρ
861 5823 948 5877 ἀεὶ
971 5821 1029 5876 τὸ
1048 5821 1136 5881 διὰ
1165 5822 1434 5893 καμάκων
1458 5820 1697 5891 σιδηρῶν
1721 5822 1940 5891 δεσμεῖν

2119 4996 2213 5052 25.
2245 4995 2455 5050 Nautas
2486 4995 2659 5065 ipsos,
2679 5001 2733 5048 et
2761 4991 3014 5045 triremes
3041 4986 3328 5043 exercebis
3354 4985 3631 5043 interdum

2048 5089 2334 5161 sigillalitn
2378 5100 2831 5159 unumquemque
2864 5096 2881 5136 :
2931 5081 3203 5136 interdum
3243 5079 3451 5148 junctae
3477 5093 3632 5133 com-

2048 5182 2256 5252 plures,
2292 5189 2354 5234 ut
2380 5194 2441 5235 se
2477 5186 2671 5232 mutuo
2699 5174 2983 5237 invadant,
3017 5179 3075 5229 et
3118 5170 3315 5243 gladiis
3346 5168 3630 5239 scutisque

2046 5282 2314 5336 utantur;
2358 5274 2711 5341 integrasque
2744 5267 3000 5322 triremes
3030 5265 3189 5336 quasi
3216 5264 3283 5318 ad
3325 5264 3497 5318 aciem
3542 5261 3631 5315 in-

2046 5373 2313 5422 structam
2355 5361 2666 5425 adhibebis,
2713 5360 2989 5415 interdum
3026 5359 3172 5413 inter
3197 5367 3257 5411 se
3288 5364 3480 5409 mutuo
3514 5352 3630 5407 illi-

2042 5466 2226 5529 gatas,
2276 5456 2556 5511 interdum
2608 5454 2841 5517 solutas,
2890 5461 2946 5507 et
2992 5450 3227 5506 diversis
3278 5446 3455 5503 modis
3484 5446 3538 5499 in
3569 5459 3631 5500 se

2045 5559 2242 5604 mutuo
2274 5549 2573 5603 irruentes.
2608 5544 2886 5601 Interdum
2917 5542 3098 5612 longis
3124 5540 3299 5594 hastis
3324 5551 3491 5590 naves
3524 5534 3628 5588 lio-

2044 5638 2212 5693 stium
2271 5637 2567 5707 depellant,
2624 5641 2687 5689 ut
2740 5648 2808 5689 ne
2854 5645 3025 5703 prope
3079 5628 3403 5686 accedentes
3457 5638 3626 5679 naves

2042 5731 2501 5796 committantur,
2544 5741 2599 5784 et
2643 5727 2887 5799 ingentia
2931 5740 2997 5782 ex
3043 5739 3110 5781 eo
3149 5720 3394 5793 pericula
3430 5732 3628 5773 conse—

2040 5832 2303 5893 quantur.
2348 5820 2733 5892 Omnibusque
2773 5818 2951 5877 modis
3008 5822 3376 5875 exerceantur
3428 5822 3625 5884 quemv
