4090 6438
454 366 557 428 999

1706 366 1976 433 LEONIS
1999 365 2453 426 PHILOSOPIII

3585 364 3722 426 10th

456 476 751 532 admodum
785 476 1021 547 dignitas
1055 484 1143 529 tua
1177 474 1509 542 iudicaverit
1553 475 1740 530 hostes
1769 491 1891 529 cum
1927 476 2035 530 illis

2151 477 2408 546 Ξιλλήλους
2462 478 2588 541 τοὺς
2644 471 3441 548 άντιπολεμοῦνταςχρήσιμον
3479 477 3566 531 διὰ
3592 479 3722 542 τοὺς

455 572 718 626 dimicare
742 571 899 633 velle,
935 577 993 620 ut
1018 569 1083 620 ad
1118 568 1404 637 strepitus,
1429 569 1721 630 clamores,
1759 569 2035 638 reliquos-

458 678 567 733 que
626 668 809 716 motus
854 658 1079 712 bellicos
1131 657 1452 720 assueliant,
1506 672 1682 726 neque
1746 657 2033 711 confestim

460 753 851 824 perturbentur
878 790 891 812 ,
929 760 1023 802 aut.
1056 750 1266 803 inscita:
1312 756 1367 802 ct
1398 758 1594 818 pra-ter
1632 748 1946 818 Opinionem
1979 748 2034 801 in

458 848 572 901 haec
609 846 916 900 incurrant.

2137 567 2416 635 ἀφύκτους
2463 568 2857 636 άναγκαιοῦσιν
2900 567 3199 632 κινδύνους.
3255 568 3369 620 Καὶ
3420 568 3621 636 ἑτέρως
3663 569 3722 621 δὲ

2141 660 2609 729 γυμναζέσθωσαν
2640 660 2714 723 ὡς
2761 660 2828 714 ἂν
2865 660 3098 729 ἐπιϐάλῃ
3133 662 3165 729 ή
3204 659 3270 729 σὴ
3319 658 3596 727 ὲνδοξότης
3624 661 3724 721 τὰς
3769 678 3779 686 ·

2140 749 2281 802 κατὰ
2309 750 2420 804 τῶν
2466 750 2777 804 ἀντιπάλων
2835 748 3190 820 ἐνδεχομένας
3242 750 3507 814 ἐπινοίας,
3543 750 3617 811 ὡς
3659 750 3725 803 ἄν
3777 770 3795 789 ον

2140 840 2393 893 ἐντεῦθεν
2417 841 2713 905 ἐθίζωνται
2747 842 2883 911 πρὸς
2902 842 3026 903 τοὺς
3056 840 3298 903 κτύπους
3330 840 3545 903 καὶτὰς
3572 839 3725 914 βοάς,

454 937 550 992 καὶ
578 937 677 1008 τὴν
708 936 874 1005 ἄλλην
895 934 1105 1002 κίνησιν
1134 933 1228 986 τοῦ
1258 934 1521 1006 πολέμου,
1551 934 1649 988 καὶ
1676 934 1750 1004 μὴ
1777 933 2069 1005 θροῶνται,
2110 931 2184 995 ὼς
2208 934 2575 1002 ἀγυμνάστως
2603 934 2697 988 καὶ
2718 933 2913 1003 ἁθρόον
2936 934 3028 987 καὶ
3052 932 3203 1003 παρὰ
3227 931 3383 998 δόξαν
3422 932 3515 983 ἐπὶ
3554 930 3726 986 ταῦτα

455 1032 761 1102 ἐρχόμενοι.

525 1126 615 1178 26.
659 1124 749 1177 Sic
784 1123 951 1192 igitur
979 1121 1265 1175 exercitati
1297 1121 1664 1190 instructique
1688 1121 1741 1175 in
1769 1121 1885 1175 acie
1909 1134 2035 1189 pro-

454 1218 715 1272 cedentes
761 1217 1061 1285 navigent:
1114 1223 1327 1268 tantum
1376 1230 1407 1268 a
1443 1229 1503 1269 se
1537 1223 1731 1267 mutuo
1762 1215 1817 1268 in
1866 1228 2034 1267 cursu

453 1310 679 1371 distent,
700 1315 869 1361 «ιιι-ιιι)
916 1321 976 1359 se
1021 1315 1210 1358 mutuo
1265 1304 1571 1374 impediant
1613 1314 1727 1357 tum
1766 1304 1819 1356 in
1870 1318 2036 1357 curso

454 1399 755 1460 maritimo,
790 1408 902 1452 tum
950 1397 1003 1450 in
1042 1396 1463 1465 tempestatibus
1500 1394 2033 1465 ingravescentibus,

457 1503 511 1547 et
540 1504 829 1547 ventorum
862 1492 1101 1547 ﬂatibus.
1130 1491 1282 1547 Aeiei
1312 1491 1600 1546 instructa:
1630 1498 1683 1544 et
1723 1487 2035 1543 exercitata:

459 1587 513 1640 in
548 1584 1083 1654 morenrprodeant,
1120 1591 1176 1638 et
1227 1583 1282 1637 in
1341 1582 1663 1653 appulsibus
1700 1581 1783 1634 ’ad
1831 1587 2031 1633 terram

460 1676 713 1729 ordinate
740 1676 995 1729 classem
1038 1677 1353 1737 instruant,
1397 1681 1451 1725 et
1481 1671 1546 1725 ad
1596 1671 1886 1727 stationem
1939 1669 2038 1721 ali-

456 1779 620 1833 quam
655 1780 713 1817 se
736 1763 1103 1832 applicantes,
1140 1761 1260 1815 sine
1282 1761 1392 1815 ulla
1413 1758 1737 1815 confusione
1760 1757 1825 1812 ad
1860 1757 2035 1820 littus,

2215 1120 2329 1185 κς’.
2393 1121 2582 1183 Οὕτως
2636 1116 2729 1174 οὖν
2779 1118 3183 1189 γυμνασθέντες
3240 1119 3333 1171 καὶ
3390 1117 3729 1181 διατεθέντες

2130 1212 2470 1266 νπλεύσουσιν
2500 1214 2557 1265 ἐν
2594 1214 2747 1279 τάξει
2794 1212 3123 1283 συνηγμένοι
3152 1210 3429 1271 τοσοῦτον,
3464 1210 3548 1278 ἐφ’
3602 1211 3728 1263 ὅσον
3819 1233 3830 1241 -

2132 1305 2386 1375 ἀλλήλοις
2428 1305 2502 1375 μὴ
2542 1302 2857 1373 ἐμποδίζειν
2888 1304 2945 1355 ἕν
2976 1321 3034 1355 τε
3082 1306 3200 1365 ταῖς
3235 1303 3501 1364 ὲλασίαις,
3535 1302 3630 1353 καὶ
3662 1304 3722 1353 ἐν

2145 1401 2289 1462 ταῖς,
2315 1398 2389 1460 ὡς
2414 1399 2581 1463 εἰκὸς,
2606 1398 2746 1451 κατὰ
2765 1397 3040 1451 θάλασσαν
3062 1396 3165 1448 ὑπὸ
3188 1394 3294 1447 τῶν
3316 1394 3535 1462 ἀνέμων
3561 1393 3725 1462 βίαις.

2155 1493 2294 1545 Ἀλλ’
2316 1491 2477 1545 οἱονεί
2522 1509 2606 1554 τις
2639 1489 2947 1562 παράταξις
2966 1488 3423 1558 γεγυμνασμένη,
3454 1486 3597 1538 οὑτω
3631 1503 3729 1537 ποι-

2145 1582 2511 1655 ρευέσθωσαν,
2555 1582 2651 1634 καὶ
2702 1583 2760 1633 ὲν
2806 1582 2925 1644 ταῖς
2960 1580 3259 1651 ὁρμησίαις
3288 1577 3397 1629 τῶν
3449 1576 3730 1630 ἀπλίκτων

2144 1675 2426 1737 εὐτάκτως
2455 1674 2548 1726 τὸν
2571 1672 2883 1727 κατάπλουν
2914 1672 3260 1731 ποιείτωσαν,
3294 1669 3392 1721 καὶ
3419 1667 3731 1724 καταγέτω-

2150 1783 2249 1818 σαν
2290 1765 2575 1835 ὲνορδίνως
2620 1763 2973 1833 ὲξορμῶντεςν
3007 1761 3145 1832 πρὸς
3196 1762 3295 1827 τὴν
3345 1759 3535 1829 ξηράν,
3574 1760 3603 1827 ῐς
3650 1760 3727 1819 εἰς

458 1858 523 1911 ad
555 1866 794 1927 portum,
825 1855 893 1910 ad
925 1856 1452 1924 locumportuosum
1488 1853 1732 1915 veniant,
1768 1858 1828 1905 ut
1853 1850 1898 1905 si
1935 1848 2032 1901 ali-

2151 1856 2342 1925 λιμένα
2382 1855 2622 1918 πάντως,
2666 1855 2697 1923 ἢ
2744 1854 2823 1916 είς
2854 1852 3102 1922 ὖφορμον
3132 1854 3300 1905 τόπον
3326 1894 3339 1917 ,
3371 1852 3426 1904 ἐν
3480 1843 3524 1917 ᾧ
3563 1850 3729 1917 ζάλης

458 1964 566 2017 qua
633 1955 931 2018 tempestas
999 1946 1054 2000 in
1112 1946 1231 2001 salo
1300 1944 1563 2009 oriatur,
1641 1942 1827 1997 minus
1908 1938 2035 1994 ami-

458 2047 700 2096 ctentur.

528 2136 619 2188 9.7.
667 2134 823 2189 Venti
860 2133 1020 2189 ﬂatus
1052 2151 1117 2189 ex
1150 2134 1325 2207 signis
1368 2141 1646 2191 astrorum
1696 2141 2044 2201 praenoscen-

457 2228 563 2282 dus
585 2228 682 2282 tibi
712 2234 820 2293 est,
846 2234 901 2283 et
922 2228 1076 2284 locus
1104 2227 1171 2281 ad
1197 2241 1357 2297 quem
1388 2223 1694 2296 applieabis
1720 2220 2041 2293 eligendus:

455 2330 511 2373 et
548 2320 651 2374 nisi
682 2320 867 2390 aliqua
903 2321 1086 2389 gravis
1119 2328 1309 2389 urgeat
1347 2317 1676 2379 necessitas,
1706 2316 1827 2369 sine
1858 2314 2044 2382 aliquo

458 2412 706 2465 secundo
729 2420 895 2465 vento
926 2420 1021 2465 aut
1050 2411 1455 2480 tranquillitate
1474 2418 1525 2463 et
1548 2416 1666 2461 tuta
1699 2423 1796 2476 spe
1816 2405 2040 2462 salutis.

460 2503 516 2555 in
555 2502 929 2570 perturbatam
959 2502 1199 2569 aliquam
1230 2500 1629 2568 navigationem
1669 2513 1735 2550 ne
1768 2505 1821 2551 te
1868 2496 2043 2562 conji-

459 2593 597 2657 cias;
624 2592 717 2648 sed
738 2591 1170 2661 significationes
1189 2599 1461 2644 astrorum
1496 2604 1634 2659 quas
1658 2598 1839 2642 nautae
1856 2587 2045 2641 obser—

461 2692 681 2745 varunt,
713 2683 1038 2752 reliquaque
1087 2697 1209 2751 qum
1252 2681 1318 2735 ad
1353 2679 1493 2735 hanc
1531 2696 1643 2735 rem
1678 2679 1873 2733 idonea
1918 2684 2045 2733 sunt

461 2774 806 2841 observabis,
834 2785 996 2846 atque
1034 2774 1107 2828 ita
1138 2774 1243 2828 iter
1281 2786 1434 2827 tuum
1468 2774 1744 2829 institues.

532 2956 623 3011 28.
655 2955 715 3009 In
748 2954 951 3010 castris
983 2953 1276 3024 ponendis,
1308 2954 1351 3007 si
1380 2954 1444 3006 ad
1472 2964 1619 3007 luant
1656 2954 1829 3023 ipsius
1859 2952 2046 3023 appel-

464 3050 532 3103 lis
561 3059 785 3113 terram,
816 3048 1142 3115 nuliumque
1168 3047 1427 3101 timorem
1462 3046 1702 3100 hosﬁum
1732 3046 1921 3111 habes,
1955 3061 2044 3099 or-

2140 1945 2557 2018 συμϐαινούσης
2586 1945 2656 1997 οὑ
2684 1944 3109 2014 κλυσθήσονται.

2219 2139 2321 2204 κζ’.
2350 2140 2442 2191 Δεῖ
2476 2137 2531 2191 δέ
2566 2156 2623 2191 σε
2651 2138 2745 2191 καὶ
2780 2136 2874 2190 τοῦ
2932 2134 3269 2206 ἀνέμουτὴν
3295 2133 3562 2204 ἐπιφορὰν
3597 2150 3729 2201 προο

2148 2232 2345 2286 ειδέναι
2370 2232 2456 2285 διὰ
2488 2230 2598 2283 τῶν
2629 2228 2874 2300 σημείων
2913 2229 3055 2283 κατά
3083 2228 3173 2281 τὸν
3203 2227 3413 2299 καιρόν.
3455 2228 3564 2278 Καὶ
3594 2226 3731 2294 πρὸς

2147 2326 2354 2394 ταύτην
2387 2324 2480 2377 καὶ
2512 2324 2602 2377 τὸν
2626 2325 2791 2375 τόπον
2822 2323 2922 2391 τῆς
2944 2321 3217 2392 ὀρμησίας
3249 2318 3591 2385 ἐκλέξασθαι.
3620 2318 3731 2368 Καὶ

2149 2420 2197 2471 εἰ
2230 2420 2302 2488 μή
2356 2435 2440 2480 τις
2476 2415 2797 2485 κατεπείγει
2834 2414 3071 2482 ἀνάγκη,
3127 2413 3201 2482 μὴ
3242 2413 3370 2466 ἄνευ
3426 2409 3732 2478 πνεύματος

2140 2508 2327 2559 αἰσίου
2361 2507 2455 2559 καὶ
2479 2506 2742 2577 γαλήνης,
2770 2505 2864 2557 καὶ
2897 2501 3176 2571 ἀσφαλοῦς
3217 2502 3430 2563 ἐλπίδος
3458 2499 3731 2568 σωτηρίας

2149 2597 2498 2669 ὲπιῤῥίπτειν
2550 2595 2778 2648 σεαυτὸν
2821 2595 2900 2657 είς
2951 2593 3324 2662 ἀνεπιτήδειον
3368 2591 3554 2643 πλοῦν.
3592 2588 3730 2641 Ἀλλ’

2151 2689 2457 2759 ὑφορᾶσθαι
2485 2690 2581 2742 καὶ
2615 2687 2714 2749 τὰς
2758 2685 3058 2755 λεγομένας
3107 2684 3259 2753 παρὰ
3312 2682 3422 2735 τῶν
3462 2678 3730 2733 ναυτικῶν

2150 2779 2588 2850 παρασημασίας
2641 2777 2750 2830 τῶν
2800 2774 3045 2845 ἄστρων,
3083 2774 3178 2826 καὶ
3206 2773 3306 2825 ὅσα
3350 2770 3491 2825 ἄλλα
3523 2768 3728 2839 συμφέ-

2152 2890 2335 2944 ροντα,
2360 2872 2454 2924 καὶ
2486 2869 2633 2922 οὑτω
2664 2866 2939 2921 ποιεῖσθαι
2965 2865 3064 2935 τὴν
3101 2863 3353 2935 πορείαν.

2221 2972 2328 3034 κη’.
2386 2964 2476 3016 Ἐν
2524 2962 2579 3015 δὲ
2627 2964 2739 3023 τοῖς
2788 2959 3110 3028 άπλήκτοις,
3157 2957 3204 3007 εἰ
3250 2956 3347 3023 μὲν
3402 2955 3460 3006 ἐν
3504 2955 3567 3023 τῇ
3628 2952 3733 3023 ἰδία

2148 3059 2344 3127 όρμεῖς
2377 3053 2555 3125 χώρα,
2587 3054 2683 3106 καὶ
2720 3052 2926 3122 μηδένα
2966 3049 3131 3118 φόϐον
3175 3049 3320 3117 ἔχεις
3350 3046 3460 3101 ἀπὸ
3490 3045 3597 3097 τῶν
3633 3062 3732 3095 πο·

465 3142 653 3196 dinate
683 3141 760 3195 ibi
800 3140 1153 3209 requiescant
1177 3140 1399 3201 mili-tes,
1436 3154 1613 3207 neque
1645 3136 1733 3190 die
1754 3146 1848 3190 aut
1885 3148 2043 3192 nocte

2151 3148 2374 3217 λεμίων,
2409 3146 2501 3199 καὶ
2554 3144 2696 3197 οὕτω
2756 3142 2875 3213 μετ’
2923 3140 3174 3204 εὐταξίας
3227 3136 3601 3192 ἀναπαύεσθαι
3644 3135 3736 3186 τὸν

467 3233 1218 3302 indigenarum-quemquam
1268 3230 1488 3293 laudant,
1531 3238 1622 3283 aut
1674 3229 1928 3297 injuriam
1958 3230 2043 3281 ul-

465 3329 574 3380 lam
604 3325 863 3388 inferant,
894 3334 1001 3381 aut-
1024 3322 1210 3394 fruges
1231 3322 1517 3392 diripiant,
1548 3330 1643 3376 aut
1676 3336 1838 3392 agros
1869 3338 2049 3392 popu-

466 3420 669 3472 lentur.

537 3511 626 3562 29.
664 3508 719 3562 Si
760 3524 927 3578 prope
957 3507 1215 3563 hostilem
1257 3515 1460 3562 terram
1499 3506 1691 3573 fueris,
1723 3516 1815 3560 aut
1853 3508 2042 3561 hostes

468 3617 638 3669 prope
668 3600 959 3654 adfuturos
992 3600 1192 3654 metuis
1221 3640 1235 3664 ,
1281 3599 1548 3655 excubias
1587 3599 1804 3653 eminus
1826 3598 2047 3652 'habere

467 3700 682 3762 Oportet
716 3699 829 3745 tum
885 3690 1021 3744 mari
1059 3699 1172 3744 tum
1224 3700 1388 3754 terra,
1439 3698 1495 3744 et
1545 3691 1861 3760 vigilantem
1902 3706 2046 3754 esse,

468 3795 525 3838 et
549 3784 742 3838 ordine
769 3785 1127 3848 instructum,
1152 3789 1515 3851 paratumque
1538 3782 1601 3835 ad
1640 3782 2045 3835 dimicandum:

471 3879 654 3931 multa:
690 3876 836 3931 enim
892 3885 1020 3931 sunt
1052 3874 1296 3930 hostium
1346 3874 1563 3929 insidia:
1595 3897 1605 3930 :
1638 3884 1696 3928 ct
1728 3874 1771 3928 si
1812 3882 1955 3948 terra
1999 3882 2050 3926 te

470 3970 782 4024 invenerint
822 3967 1233 4039 procedentem,
1262 3968 1372 4021 vim
1408 3966 1635 4021 afferent
1660 3966 1778 4032 tibi,
1812 3966 1857 4021 si
1887 3981 2048 4032 quam

469 4062 705 4132 possint,
735 4070 789 4116 et
837 4076 1003 4116 naves
1050 4060 1387 4115 incendent:
1435 4059 1519 4113 vel
1546 4074 1657 4128 per
1692 4074 1839 4113 mare
1864 4067 2048 4111 noctu

471 4166 562 4209 aut
594 4154 831 4209 interdiu
866 4156 1228 4224 irruptiouem
1257 4155 1311 4207 in
1345 4162 1396 4208 te
1429 4154 1651 4214 facient,
1682 4153 1847 4222 quod
1874 4154 1916 4207 si
1952 4155 2052 4206 im—

470 4255 697 4314 paratus
721 4248 789 4300 ab
823 4247 931 4301 illis
964 4248 1167 4315 paratis
1191 4246 1496 4312 inveniare,
1533 4246 1689 4299 facile
1716 4246 1783 4298 ab
1818 4245 1930 4298 illis
1955 4261 2051 4310 op-

472 4337 751 4405 primere:
788 4337 869 4389 sin
920 4346 1144 4404 paratus
1194 4335 1404 4401 fueris,
1460 4335 1612 4388 irrita
1664 4344 1828 4404 atque
1874 4334 2051 4387 inanis

472 4427 653 4481 omnis
678 4426 896 4481 illorum
935 4428 1171 4495 irruptio
1200 4428 1324 4481 crit.

541 4612 628 4665 50.
662 4611 936 4676 Quoniam
974 4626 1103 4664 vero
1142 4609 1337 4661 horum
1385 4610 1522 4663 satis
1557 4608 1671 4677 jam
1714 4607 2049 4660 mentionem

472 4703 598 4767 feci,
648 4720 746 4774 age
799 4704 867 4757 de
906 4710 1130 4764 czctero,
1183 4700 1645 4770 quemadmodum
1695 4700 2050 4767 irruptiones,

473 4805 635 4865 atque
690 4796 863 4849 aciem
921 4795 1247 4848 instructam
1302 4791 1354 4845 in
1404 4791 1760 4847 dimicatione
1807 4792 2052 4860 parabis,

474 4886 666 4953 paucis
723 4885 1029 4952 explicabo,
1082 4883 1309 4937 sicubin
1348 4882 1705 4938 terrestribus
1752 4882 1925 4951 copiis
1970 4883 2053 4935 in-

475 4978 760 5036 strucnzlis
785 4987 945 5032 antea
986 4976 1313 5031 feceramus.

545 5169 636 5222 3|.
678 5163 913 5231 Quando
963 5161 1130 5231 igitur
1177 5160 1303 5213 belli
1354 5166 1571 5227 tempus
1620 5158 1907 5211 imminere
1957 5157 2056 5212 tibi

475 5261 715 5321 videtur,
743 5254 1096 5326 congregatis
1145 5251 1414 5304 militibus
1448 5266 1543 5319 per
1572 5250 1741 5313 acies,
1777 5258 1831 5303 et
1857 5248 2057 5303 cohor-

477 5367 580 5417 tes,
617 5352 870 5419 legantur
901 5348 1010 5401 illis
1034 5344 1301 5399 militares
1333 5343 1534 5407 multae,
1556 5358 1677 5409 quae
1704 5357 1732 5394 a
1765 5341 1921 5394 nobis
1954 5357 2057 5394 an-

479 5456 586 5505 tea,
631 5456 754 5495 cum
791 5439 860 5493 de
896 5436 1257 5491 terrestribus
1307 5434 1484 5503 copiis
1527 5436 1823 5503 agebamus
1849 5474 1863 5497 ,
1902 5448 2054 5486 com-

480 5539 795 5594 memorata:
829 5538 993 5593 sunt;
1041 5525 1334 5594 verbisque
1374 5524 1497 5580 illos
1532 5525 1745 5580 idoneis
1797 5524 2057 5577 cohorta-

478 5622 629 5675 beris
675 5624 740 5674 ad
783 5620 1029 5689 pericula
1076 5617 1455 5687 suscipienda,
1499 5625 1561 5669 nt
1603 5618 1801 5687 partim
1847 5616 2057 5684 suppli-

482 5712 692 5764 ciorum
725 5713 940 5775 timore,
968 5711 1166 5779 partim
1205 5721 1297 5763 tua
1357 5710 1734 5763 cohortatione
1776 5718 1938 5777 atque
1970 5708 2054 5760 in-

481 5798 744 5852 citatione
774 5802 982 5855 strenui
1014 5801 1293 5871 fortesque
1321 5803 1474 5867 ﬁant,
1504 5811 1555 5855 et
1596 5804 1653 5856 in
1686 5803 1804 5869 ipso
1827 5802 2056 5856 dimica-

2152 3240 2383 3309 στρατὸν
2411 3238 2505 3291 καὶ
2535 3238 2592 3289 ἐν
2616 3238 2773 3289 νυκτὶ
2796 3236 2890 3287 καὶ
2922 3236 2982 3286 ὲν
3018 3233 3200 3303 ήμέρα
3242 3230 3444 3302 μηδένα
3479 3230 3587 3281 τῶν
3618 3232 3738 3279 ἐπι-

2151 3331 2365 3402 χωρίων
2400 3329 2761 3399 βλάπτοντας,
2792 3328 2826 3397 ἢ
2848 3324 3190 3390 ἀδικοῦντας,
3222 3324 3253 3393 ἢ
3283 3322 3530 3394 καρποὺς
3556 3319 3735 3391 ἀρπά-

2151 3423 2362 3486 ζοντας,
2395 3423 2425 3489 ἦ
2456 3420 2794 3490 φθείροντας.

2223 3512 2324 3565 κη’.
2367 3512 2428 3563 Εἰ
2460 3512 2515 3563 δὲ
2547 3514 2603 3563 ἐν
2645 3515 2711 3581 τῇ
2743 3509 2981 3579 πολεμία
3012 3512 3089 3578 γῇ
3126 3507 3473 3577 πλησιάζεις,
3506 3509 3537 3580 ἥ
3582 3509 3738 3562 πολε-

2155 3604 2312 3671 μίους
2336 3599 2590 3672 παρεῖναί
2618 3617 2723 3652 που
2754 3597 3017 3663 ἐλπίζεις,
3058 3598 3277 3660 πάντως
3312 3598 3488 3667 χρεών
3540 3616 3598 3650 σε
3642 3600 3739 3651 καὶ

2155 3694 2344 3763 βίγλας
2386 3694 2531 3762 ἔχειν
2571 3690 2843 3762 μακρόθεν
2890 3690 2984 3742 καὶ
3040 3689 3181 3743 κατὰ
3212 3690 3316 3758 γῆν
3345 3692 3438 3743 καὶ
3474 3691 3615 3744 κατὰ
3643 3692 3738 3745 θάο

2144 3786 2381 3839 πλασσαν.
2409 3784 2523 3837 Καὶ
2554 3783 2850 3853 άγρύπνως
2878 3780 3145 3834 διατελεῖν
3169 3782 3262 3834 καὶ
3292 3783 3738 3852 κατησφαλισμέ-

2153 3896 2242 3929 νον
2278 3877 2370 3930 καὶ
2398 3878 2615 3945 ἕτοιμον
2663 3870 2804 3927 εἶναι
2836 3873 2971 3943 πρὸς
3021 3873 3328 3943 παράταξιν
3350 3891 3362 3902 °
3394 3873 3588 3926 πολλαὶ
3622 3874 3732 3943 γὰρ

2148 3973 2211 4024 αἱ
2254 3970 2361 4021 τῶν
2419 3967 2696 4037 πολεμίων
2748 3967 3065 4021 ὲπιϐουλαί’
3120 3967 3351 4036 καὶγὰρ
3384 3967 3417 4035 ἦ
3451 3965 3592 4019 κατὰ
3636 3968 3739 4034 γῆς

2153 4063 2407 4133 εὑρόντες
2445 4078 2504 4113 σε
2548 4059 2823 4132 ὁρμοῦντα
2857 4058 3155 4129 βιάσονται.
3198 4058 3257 4111 Εἰ
3292 4058 3445 4127 τύχοι
3484 4058 3541 4110 δὲ
3572 4058 3737 4110 εὑτεο-

2159 4155 2421 4224 ρήσαντες
2444 4151 2538 4203 καὶ
2562 4151 2660 4213 τὰς
2687 4151 2817 4213 ναῦς
2843 4151 3237 4221 ἐμπρήσουσιν.
3260 4150 3328 4202 ’Ἡ
3355 4148 3441 4201 διὰ
3465 4148 3739 4219 θαλάσσης

2146 4242 2521 4310 ἀναφανέντες
2547 4241 2855 4311 προσϐολὴν
2885 4241 3202 4310 ποιήσονται
3224 4239 3414 4301 νυκτὸς
3443 4239 3477 4309 ἢ
3501 4239 3735 4311 ἡμέρας.

2154 4335 2264 4388 Καὶ
2282 4334 2375 4386 ἐὰν
2396 4334 2468 4403 μὴ
2483 4334 2696 4402 ἕτοιμος
2718 4336 2774 4385 ὲν
2791 4332 3028 4402 ἑτοίμοις
3047 4331 3297 4401 εὑρεθῇς,
3314 4331 3742 4401 προτερήσουσιν

2151 4427 2205 4477 οἱ
2255 4426 2485 4477 ἐναντίοι
2525 4424 2667 4476 κατὰ
2707 4423 2820 4478 σοῦ.
2861 4424 2921 4475 Ei
2953 4423 3009 4474 δέ
3045 4441 3102 4474 σε
3139 4422 3355 4491 ἕτοιμον
3393 4422 3737 4492 εὑρήσουσιν,

2091 4512 2135 4569 D
2162 4518 2444 4586 ἄπρακτος
2466 4517 2653 4577 αὐτοῖς
2678 4517 2710 4584 ή
2736 4515 3000 4586 ὲπιῦουλὴ
3030 4517 3344 4587 γενήσεται.

2230 4611 2292 4663 λ’.
2342 4609 2494 4660 Ἐπεὶ
2555 4608 2613 4659 δὲ
2661 4608 2869 4661 τούτων
2903 4608 3233 4679 συμμέτρως
3282 4608 3635 4679 ὲμνήσθημέν
3679 4625 3738 4659 τε

2160 4700 2255 4753 καὶ
2281 4698 2667 4767 διεταξάμεθα,
2700 4698 2831 4768 φέρε
2860 4698 3047 4751 λοιπὸν
3086 4698 3180 4750 καὶ
3202 4699 3347 4762 ὅπως
3380 4697 3739 4770 παρατάξεις,

2162 4792 2254 4845 καὶ
2284 4791 2380 4853 τὰς
2423 4789 2729 4859 προσϐολὰς
2770 4791 2866 4852 τάς
2896 4791 2955 4844 ὲν
2989 4792 3109 4853 ταῖς
3140 4791 3341 4860 μάχαις
3379 4792 3642 4859 ποιήσεις,
3665 4790 3740 4851 ὼς

2162 4885 2219 4935 ὲν
2252 4880 2891 4950 συνόψειδιορισώμεθα·
2927 4882 3051 4934 καθ’
3082 4882 3142 4935 ὃν
3179 4882 3378 4951 τρόπον
3413 4882 3506 4933 καὶ
3544 4882 3599 4934 ὲν
3621 4882 3740 4941 ταῖς

2162 4976 2308 5027 κατὰ
2357 4976 2461 5042 γῆν
2497 4972 2823 5041 πολεμικαῖς
2854 4971 3180 5041 προσϐολαῖς
3221 4972 3333 5026 άνω
3362 4988 3463 5023 που
3493 4970 3743 5033 8:51:55:-

2160 5064 2324 5135 μεθα.

2230 5155 2332 5210 λα’.
2370 5157 2541 5210 Ὅταν
2569 5156 2748 5208 τοίνυν
2798 5154 3090 5225 ὲλπίζηταί
3124 5172 3205 5208 σοι
3250 5155 3488 5224 πολέμου
3529 5152 3739 5220 καιρὸς,

2159 5243 2204 5301 ὦ
2245 5248 2541 5318 στρατηγέ,
2577 5246 2941 5301 συνελθόντων
2964 5245 3071 5299 τῶν
3100 5246 3445 5317 στρατιωτῶν
3471 5245 3611 5298 κατὰ
3645 5244 3741 5307 τὰς

2158 5341 2341 5405 τάξεις
2383 5341 2633 5409 ἑκάστην
2660 5341 3006 5409 διῃρημένους
3052 5337 3614 5409 ὑπαναγνωσθήσεται
3647 5339 3745 5389 a5;-

2158 5435 2272 5495 τοῖς
2320 5432 2387 5485 τὰ
2442 5432 2811 5502 στρατιωτικὰ
2846 5428 3116 5500 ἐπιτίμια,
3176 5431 3355 5499 ’Ἀπερ
3398 5431 3529 5499 ἡμῖν
3579 5432 3636 5481 ὲν
3668 5427 3746 5496 τῷ

2166 5527 2295 5595 περὶ
2324 5526 2423 5593 τῆς
2453 5526 2593 5578 κατὰ
2616 5526 2719 5592 γῆν
2750 5526 3145 5595 στρατιωτικῆς
3177 5523 3482 5592 γυμνασίας
3506 5520 3743 5591 εἴρηται,

2169 5620 2265 5672 καὶ
2292 5617 2629 5688 ὲπιρῤὡσεις
2667 5618 2862 5679 αὐτοὺς
2886 5616 3064 5684 λόγοις
3086 5617 3420 5686 προσήκουσι
3443 5612 3747 5683 παρορμῶν

2168 5711 2262 5763 καὶ
2308 5709 2617 5777 ὲπαλείφων
2674 5708 2811 5780 πρὸς
2842 5709 2967 5771 τοὺς
3004 5709 3240 5775 ἀγῶναςο
3282 5707 3368 5760 ἵνα
3400 5706 3465 5758 ’τὸ
3500 5704 3597 5773 μὲν
3657 5702 3748 5757 διὰ

2168 5804 2257 5853 τὸν
2290 5800 2453 5868 φόϐον
2479 5800 2584 5851 τῶν
2632 5798 2943 5865 ἐπιτιμίων,
2970 5798 3029 5849 τὸ
3064 5798 3119 5849 δὲ
3149 5796 3235 5850 διὰ
3272 5796 3369 5867 τὴν
3399 5795 3495 5862 τῆς
3536 5793 3634 5857 σῆς
3659 5794 3753 5843 ἕνη
