4090 6494
352 559 638 628 δοξότητος
688 556 1031 628 παραίνεσιν,
1072 554 1308 626 ἀνδρεῖοι

353 667 574 714 νωνται,
606 647 700 703 καὶ
736 650 794 701 ὲν
843 650 955 711 τοῖς
1017 646 1267 718 μέλλουσι
1303 645 1620 715 πολεμικοῖς
1675 643 1941 708 κινδύνοις

355 745 420 797 ὲκ
460 741 644 812 χειρὸς
672 737 1092 808 ἀγωνιζόμενοι.

427 833 528 902 λβ’.
560 830 682 902 Χρὴ
710 831 768 884 δέ
799 846 860 883 σε
894 829 1094 902 μᾶλλον
1133 830 1200 883 δι’
1243 829 1451 899 ἐφόδων
1480 829 1579 899 μὲν
1629 829 1724 884 καὶ
1759 829 1937 884 ἄλλων

355 923 808 995 ἐπιτηδευμάτων
859 937 920 974 τε
951 921 1044 976 καὶ
1093 921 1572 992 στρατηγημάτων
1628 922 1936 993 μεθοδεύειν

349 1017 500 1072 κατὰ
528 1016 638 1070 τῶν
667 1013 962 1086 πολεμίων,
995 1014 1028 1084 ἢ
1063 1015 1131 1068 δι’
1155 1013 1278 1066 ὅλου
1320 1014 1414 1077 τρῦ
1453 1014 1560 1068 ὑπὸ
1597 1014 1673 1068 σὲι
1694 1014 1944 1084 πλωΐμου

363 1111 584 1175 στόλου,
646 1108 679 1180 ἢ
731 1107 822 1162 διὰ
885 1108 1086 1179 μέρους
1142 1106 1332 1161 αὑτοῦ.
1385 1107 1476 1177 Μὴ
1539 1107 1721 1178 μέντοι
1777 1106 1947 1177 χωρὶς

358 1201 608 1271 ἀνάγκης
654 1198 897 1269 μεγάλης
940 1197 1221 1252 ἐπὶτοῦτο
1253 1201 1693 1268 κατεπειγούσης
1735 1199 1817 1262 είς
1852 1198 1946 1267 δη-

273 1278 278 1282 ”
365 1293 550 1364 μόσιον
574 1291 812 1361 πόλεμον
855 1291 1083 1344 σεαυτὸν
1121 1292 1491 1364 ὲπιῤῥίπτειν.
1528 1292 1707 1347 Πολλὰ
1740 1293 1846 1362 γὰρ
1879 1291 1948 1346 τὰ

361 1385 465 1456 τῆς
495 1382 799 1454 λεγομένης
829 1381 999 1454 τύχης
1021 1382 1346 1457 ἀντίρροπα,
1373 1383 1468 1437 καὶ
1484 1384 1550 1436 τὰ
1578 1382 1672 1437 τοῦ
1707 1384 1950 1456 πολέμου

352 1475 671 1548 ¹παράδοξα.
1423 1519 1436 1530 .

428 1567 532 1638 λγ¹.
572 1567 673 1622 Διὰ
712 1568 871 1624 τοῦτο
909 1571 1016 1643 χρή
1063 1587 1122 1624 σε
1159 1570 1245 1626 ἀεὶ
1286 1571 1824 1643 παραφυλάττεσθαι,
1857 1571 1954 1626 καὶ

362 1665 437 1736 μὴ
467 1663 606 1734 πρὸς
628 1662 915 1735 δημοσίας,
951 1661 1025 1728 ὡς
1057 1663 1297 1736 εἴρηται,
1340 1663 1679 1736 παρατάξεις
1707 1665 1952 1735 ἀποθρα-

363 1753 661 1822 σύνεσθαι,
701 1754 938 1825 μάλιστα
999 1757 1057 1809 ὲν
1113 1756 1339 1820 πλοίοις.
1376 1757 1552 1811 Ὅπου
1608 1754 1953 1827 δεσμούντων

360 1847 626 1918 ἀλλήλους
674 1846 915 1915 ἄφυκτος
959 1848 992 1918 ή
1045 1849 1110 1902 ὲκ
1132 1849 1315 1922 χειρὸς
1342 1848 1552 1919 γίνεται
1590 1849 1687 1902 καὶ
1723 1848 1874 1919 βιαία
1917 1850 1948 1920 ἡ

1384 443 1814 505 TACTICA.-
1853 443 2370 506 CONSTITUTIO
2410 443 2572 504 XIX.

3497 440 3636 509 1002
3661 501 3669 504 _

1319 595 1333 619 ,
1385 557 1481 608 καὶ
1551 553 1804 623 εὖτολμοι
1850 553 1943 623 γέη

2071 554 2216 609 ionis
2274 552 2600 608 discrimine
2651 552 2906 608 cominus
2954 553 3214 609 alacriter
3260 567 3455 612 manus
3501 571 3638 613 con.-

2048 652 2256 702 serant.

2119 830 2212 886 32.
2255 828 2674 886 incursionibus
2719 828 2954 898 aliisque
2987 828 3366 884 molitionibus
3396 829 3638 900 impera-

2053 923 2216 980 toriis
2248 921 2534 979 adoriendi
2565 923 2750 992 potius
2774 922 2962 978 hostes
3001 931 3153 988 sunt,
3187 937 3352 993 quam
3377 923 3639 980 universa

2051 1015 2230 1071 navali
2273 1015 2473 1079 classe,
2509 1015 2596 1070 vel
2625 1014 2810 1083 aliqua
2855 1014 2973 1085 ejus
3001 1013 3210 1085 ingenti
3243 1015 3404 1084 quasi
3429 1025 3632 1082 turma,

2050 1107 2158 1162 nisi
2195 1107 2379 1178 aliqua
2405 1107 2591 1178 gravis
2624 1107 2931 1164 necessitas
2965 1107 3034 1163 ad
3070 1109 3173 1163 hoc
3201 1108 3516 1179 impulerit;
3539 1124 3638 1164 ne-

2051 1214 2160 1269 que
2181 1199 2326 1254 enim
2353 1209 2596 1269 apertam
2635 1199 2694 1254 in
2741 1196 3151 1255 dimicationem
3191 1199 3432 1270 teipsum
3457 1200 3638 1269 conji-

2053 1288 2193 1342 eias.
2224 1286 2393 1342 Multa
2419 1288 2566 1341 enim
2612 1287 2849 1345 fortuna:
2879 1297 3155 1345 momenta
3197 1297 3434 1356 sunt,~et
3468 1305 3658 1348 casus.

2053 1378 2203 1446 belli,
2235 1392 2336 1434 nec
2353 1378 2605 1450 opinati.
2717 1395 2726 1404 ·

2127 1574 2220 1630 33'.
2263 1573 2562 1646 Propterea
2591 1573 2786 1631 sedulo
2817 1576 2916 1632 abs
2946 1583 2999 1633 te
3019 1577 3324 1634 cavendum
3349 1586 3434 1635 est
3463 1593 3552 1646 ne,
3573 1579 3658 1633 ad

2055 1667 2331 1738 publicam
2362 1667 2540 1723 aciem
2577 1657 2988 1736 ﬁrstruendam,
3010 1669 3475 1741 quemadmodum
3503 1660 3642 1736 dixi,

2056 1758 2331 1815 inciteris.
2364 1757 2611 1816 Navibus
2644 1759 2790 1814 enim
2820 1759 2964 1816 inter
2997 1775 3058 1816 se
3079 1761 3305 1827 vinctis,
3343 1759 3643 1831 perdimci-

2057 1848 2127 1906 lis
2153 1857 2207 1906 et
2241 1849 2580 1906 inevitabilis
2608 1849 2858 1921 quaedam
2889 1851 3176 1921 praeliandi
3209 1851 3516 1907 necessitas
3547 1853 3648 1906 im-

366 1939 538 2010 μάχη,
571 1938 666 1992 καὶ
694 1939 796 1992 οὐκ
834 1926 950 1992 ἔστι
997 1939 1224 1994 δυνατὸν
1265 1941 1360 1994 τοῦ
1407 1940 1783 2013 συμφέροντος
1827 1943 1951 1994 ἐπι·

2065 1942 2305 2013 ponitur,
2333 1956 2532 2013 neque,
2574 1940 2725 2013 quod
2769 1941 3011 1997 maxime
3041 1957 3108 1998 ex
3149 1950 3380 2001 usutuo
3410 1941 3504 2007 sit,
3544 1957 3646 2012 ρο-

362 2030 648 2100 λήψεσθαι.
687 2031 797 2084 Καὶ
841 2029 1016 2086 ταῦτα
1047 2031 1145 2104 μὲν
1190 2032 1579 2102 φυλάττεσθαι,
1623 2035 1673 2087 εἰ
1733 2033 1808 2103 μὴ
1841 2033 1949 2104 ἄρα

363 2123 588 2194 θαρρεῖς
614 2122 708 2175 καὶ
732 2121 1025 2194 τῷπλήθει
1044 2122 1154 2177 τῶν
1173 2123 1489 2196 δρομώνων,
1516 2124 1610 2179 καὶ
1633 2125 1700 2194 τῇ
1727 2124 1948 2197 ἀνδρείᾳ

363 2214 459 2266 καὶ
482 2211 660 2267 κλίσει
698 2214 793 2268 καὶ
818 2212 1101 2286 προθυμίᾳ
1130 2214 1239 2268 τῶν
1281 2214 1630 2287 στρατιωτῶν
1665 2214 1946 2286 καθυπέρ-

363 2321 522 2375 τερος
556 2301 697 2360 εἶναι
720 2307 828 2360 τῶν
859 2305 1159 2376 πολεμίων.
1393 2292 1400 2299 ’

369 2431 372 2440 -
435 2394 528 2451 λό’.
565 2397 702 2451 Οὗτε
733 2397 843 2469 γὰρ
881 2398 1085 2469 πλῆθος
1125 2400 1348 2468 πλοίων,
1385 2401 1509 2455 οὔτε
1551 2401 1780 2472 μέγεθος
1814 2421 1950 2457 κατά-

363 2489 598 2562 ορθὼσιι
632 2490 893 2561 πόλεμον,
927 2492 974 2545 εἰ
1009 2491 1084 2564 μὴ
1111 2493 1239 2557 τοὺς
1263 2495 1320 2546 ὲν
1365 2495 1552 2559 αὐτοῖς
1579 2495 1950 2567 πολεμοῦντας

366 2582 583 2652 ἔχουσιν
615 2581 886 2653 εὐψύχους
919 2587 1014 2638 καὶ
1047 2586 1364 2656 ῥωμαλέους
1391 2587 1837 2659 καὶπροθύμους
1871 2588 1952 2652 είς

365 2674 465 2745 τὴν
494 2674 636 2730 κατὰ
667 2676 778 2729 τῶν
815 2676 1073 2731 ἐναντίων
1106 2677 1445 2749 ἐγχείρησιν,
1480 2679 1586 2732 καῖ’
1601 2679 1708 2750 πρό
1739 2695 1804 2748 γε
1830 2677 1953 2731 τοις-

369 2783 478 2821 των
493 2768 543 2820 εί
577 2767 656 2839 μὴ
681 2767 782 2840 τὴν
813 2767 1272 2840 θείανεύμένειαν
1297 2771 1390 2824 καὶ
1421 2771 1741 2842 συμμαχίαν
1766 2771 1953 2842 ἔχουσι

367 2859 457 2914 διὰ
483 2859 857 2931 καθαρότητος
889 2861 1007 2932 βίου
1035 2863 1127 2915 καὶ
1155 2861 1523 2934 δικαιοσύνης.
1560 2865 1705 2936 Πρός
1733 2881 1794 2916 τε
1828 2865 1954 2928 τοὺς

372 2953 728 3017 συντελεστὰς
751 2956 844 3008 καὶ
867 2953 1004 3025 πρὸς
1037 2955 1165 3018 τοὺς
1194 2955 1510 3025 πολεμίους,
1532 2955 1586 3008 εἴ
1616 2956 1700 3018 τίς
1731 2957 1870 3022 ἐστι,
1893 2955 1954 3007 τὺ

372 3042 545 3115 μηδὲν
571 3044 788 3098 ἀνόσιον
816 3047 883 3099 ὲν·
899 3047 1010 3109 τοῖς
1036 3045 1402 3116 αἰχμαλώτοις
1428 3045 1853 3117 διαπράττεσθαι
1877 3044 1954 3116 (8)

370 3135 406 3206 ἢ
443 3135 690 3207 αἰσχρὸν,
719 3137 756 3207 ἢ
785 3137 1226 3208 ἀφιλάνθρωπον.
1255 3137 1364 3191 Καὶ
1387 3137 1447 3190 τὸ
1480 3136 1554 3208 μὴ
1582 3136 1956 3208 ⁵ἀδικούμενον

377 3226 453 3300 μὴ
478 3228 703 3294 ἀδικεῖν,
752 3229 880 3294 τοὺς
903 3229 962 3282 δὲ
993 3228 1317 3293 ἀδικοῦντας
1367 3229 1502 3301 μετὰ
1529 3229 1627 3293 τῆς
1648 3227 1742 3283 τοῦ
1771 3225 1954 3301 [Θεοῦ]

375 3319 628 3390 βοηθείας
665 3321 1097 3393 ἀνταμύνεσῦαι.
1685 3311 1688 3314 ’

445 3409 544 3465 λε’.
587 3412 712 3466 Ἐὰν
729 3413 787 3466 δὲ
812 3414 1032 3478 πάντως
1057 3415 1373 3470 άπαιτεῖται
1406 3417 1499 3472 καὶ
1533 3416 1715 3487 μάχης
1741 3415 1954 3487 καιρὸς,

373 3502 650 3569 διατάξεις
707 3506 834 3568 τοὺς
883 3505 1168 3578 δρόμωνας
1208 3508 1470 3572 ποικίλως
1523 3512 1620 3561 καὶ
1659 3507 1956 3579 διαφόρως,

376 3593 564 3659 καθὼς
594 3595 662 3649 ἃν
695 3596 728 3649 ὃ
747 3611 807 3649 τε
841 3597 1030 3668 καιρὸς
1060 3597 1154 3652 καὶ
1179 3601 1207 3651 ό
1232 3599 1395 3662 τόπος
1426 3598 1824 3669 ἁπαιτῇ.”Ωστε
1863 3599 1959 3653 ἐὰν

377 3683 589 3758 θαρρῇς
627 3676 1219 3759 καθυπέρτεροςςεῖναι
1267 3689 1376 3743 τῶν
1418 3689 1716 3762 πολεμίων,
1751 3688 1827 3753 ὦς
1867 3683 1978 3761 μοι,

378 3777 620 3850 εἴρηται,
660 3780 884 3834 καὶαδιᾶ
913 3781 1072 3834 τοῦτο
1112 3781 1249 3850 πρὸς
1305 3781 1486 3852 μάχην
1535 3781 1853 3851 συμϐαλεῖν,
1884 3780 1960 3846 ὡς

379 3869 616 3937 ἐλπίζων
653 3873 904 3944 αἱρήσειν
936 3875 1158 3940 αὐτοὺς,
1185 3876 1261 3947 μὴ
1289 3875 1348 3927 ὲν
1371 3877 1439 3946 τῇ
1469 3874 1575 3946 ἰδία
1603 3891 1699 3928 σου
1727 3877 1802 3945 γῇ
1825 3874 1962 3945 πλη·

384 3963 500 4016 σίον
530 3964 762 4036 ποιήσῃς
790 3966 890 4036 τὴν
928 3969 1129 4037 μάχην,
1178 3967 1235 4019 ὲν
1277 3959 1658 4040 ᾖ-ὲλπίζουσιν
1707 3966 1758 4020 οἱ
1793 3983 1961 4038 στρα-

379 4055 592 4122 τιῶται,
635 4056 695 4108 τὸ
734 4057 797 4128 δὴ
829 4057 1142 4129 λεγόμενον,
1169 4057 1657 4124 καταξυλώσαντες
1692 4058 1957 4130 σωθῆναι.

388 4144 552 4198 ’Ἀλλά
582 4145 782 4216 μᾶλλον
813 4146 1039 4218 πλησίον
1059 4149 1158 4219 τῆς
1188 4147 1298 4202 τῶν
1321 4147 1578 4202 ἐναντίων
1599 4145 1838 4218 γῆς.-“Ιν’
1867 4147 1965 4201 αὐ-

380 4241 465 4290 τοὶ
491 4237 589 4308 τὴν
613 4239 887 4310 σωηρῖαν
912 4239 1231 4305 ἐλπίσαντες
1253 4243 1310 4295 ἐν
1338 4243 1406 4312 τῇ
1433 4239 1540 4311 ἰδίᾳ
1563 4244 1634 4312 γῇ
1661 4240 1759 4310 τὴν
1782 4239 1963 4312 φυγὴν

383 4330 532 4400 παρὰ
567 4331 693 4392 τοὺς
719 4330 939 4399 ἀγῶνας
979 4336 1451 4404 προτιμήσωνται.
1478 4329 1828 4403 Στρατιώτης
1852 4331 1962 4403 γὰρ

382 4421 463 4484 εἰς
491 4417 695 4476 δειλίαν
725 4423 784 4476 ἐν
816 4423 1032 4497 ἀνάγκῃ
1068 4424 1308 4496 πολέμου
1338 4427 1688 4496 περιπίπτων
1722 4425 1823 4494 τὴν
1851 4441 1960 4478 σω-

380 4512 578 4582 τηρίαν
614 4513 703 4567 διὰ
735 4516 834 4584 τῆς
860 4515 1042 4584 φυγῆς
1090 4513 1325 4580 ὲλπίσει,
1358 4515 1453 4568 καὶ
1479 4515 1688 4586 ταχέως
1720 4515 1868 4586 ῥίψει
1895 4513 1965 4569 τά

1987 3303 2034 3362 C

2053 2032 2190 2088 teris
2217 2030 2455 2088 eﬂicere.
2485 2031 2596 2087 Ista
2620 2031 2788 2102 igitur
2825 2031 3074 2088 cavenda
3103 2039 3252 2091 sunt.
3293 2030 3399 2087 nisi
3432 2032 3480 2086 si
3509 2031 3647 2088 ﬁdas

2056 2136 2171 2183 tum
2214 2126 2559 2183 multitudini
2610 2127 2947 2194 triremium,
3003 2135 3120 2182 tum
3172 2138 3488 2192 armaturae,
3530 2133 3648 2180 tum

2055 2219 2391 2288 fortitudini,
2425 2227 2541 2276 tum
2582 2220 2860 2276 alacritati
2893 2220 3157 2286 militum,
3186 2229 3248 2276 ut
3270 2220 3526 2277 hostibus
3553 2234 3649 2276 su-

2057 2311 2242 2384 perior
2274 2312 2373 2369 sis.

2125 2403 2216 2459 34.
2245 2402 2434 2475 Neque
2449 2403 2595 2460 enim
2629 2405 2854 2460 narium
2886 2404 3186 2461 multitudo
3205 2413 3302 2460 aut
3325 2403 3648 2476 magnitudo

2057 2493 2204 2549 bella
2236 2494 2486 2558 coniicit,
2523 2495 2633 2552 nisi
2662 2495 2877 2552 ’milites
2914 2496 3157 2552 habeant
3204 2505 3490 2561 strenuos,
3537 2496 3652 2550 ior-

2057 2593 2166 2651 tes,
2207 2591 2262 2640 et
2297 2583 2366 2641 ad
2414 2585 2606 2640 hostes
2655 2584 2999 2641 invadendos
3043 2587 3258 2642 alacres
3284 2627 3298 2654 ,
3338 2594 3433 2640 aut
3459 2625 3475 2649 ,
3501 2585 3662 2655 quod

2061 2674 2388 2741 maximum,
2418 2675 2526 2731 nisi
2552 2675 2802 2731 divinum
2835 2675 3154 2746 praesidium
3187 2674 3654 2736 benevolentiam-

2061 2780 2169 2835 que
2203 2765 2479 2836 habeant,
2539 2774 2654 2821 tum
2700 2768 2965 2838 puritate,
3003 2776 3116 2822 tum
3154 2767 3470 2838 integritate
3527 2767 3654 2823 vita:

2062 2859 2452 2927 conciliatam;
2505 2870 2561 2916 et
2602 2875 2734 2930 erga
2782 2861 3089 2932 municipes
3139 2861 3333 2917 hostes
3378 2859 3653 2930 justitiam

2062 2951 2214 3006 colas
2248 2967 2262 3003 :
2292 2950 2431 3005 nihil
2462 2951 2717 3021 impium,
2754 2960 2848 3008 aut
2881 2960 3043 3023 turpe
3077 2952 3131 3007 in
3157 2953 3405 3023 captivos
3425 2953 3651 3009 illorum

2064 3048 2274 3110 patres,
2319 3048 2412 3096 aut
2444 3041 2782 3100 inhumanus
2819 3043 2935 3109 sis,
2971 3059 3211 3115 cmnque
3236 3085 3254 3108 ,
3297 3044 3393 3116 qui
3443 3044 3651 3104 nullam

2063 3133 2161 3187 tibi
2195 3132 2457 3204 injuriam
2492 3134 2700 3198 intulit,
2731 3150 2800 3191 ne
2842 3135 3034 3200 laedas,
3065 3135 3160 3206 qui
3196 3134 3403 3206 injuria
3437 3144 3489 3190 te
3512 3135 3650 3199 stre,-

2065 3225 2216 3281 cerit‘
2235 3240 2361 3280 eum
2391 3240 2517 3281 cum
2547 3224 2642 3282 Dei
2671 3227 3056 3284 benevolentia
3081 3228 3337 3299 repellas.

2134 3411 2228 3469 35.
2269 3410 2326 3467 Si
2363 3411 2589 3467 omnino
2621 3412 2793 3482 prazlii
2832 3421 3054 3484 tempus
3092 3412 3150 3468 id
3181 3412 3384 3484 exigat,
3415 3411 3574 3475 varie
3597 3419 3658 3466 et-

2066 3505 2286 3561 diverse
2312 3504 2570 3560 triremes
2599 3504 2844 3561 instrues
2869 3519 2974 3575 pro
3011 3511 3317 3575 temporum
3368 3503 3651 3560 locorum-

2067 3612 2174 3667 que
2205 3596 2438 3652 ratione.
2476 3594 2686 3666 ltaque,
2723 3595 2770 3652 si
2799 3595 3038 3653 conﬁdis
3056 3605 3106 3652 te
3135 3611 3260 3653 esse
3293 3595 3643 3666 superiorem

2067 3687 2346 3750 hostibus,
2376 3686 2840 3758 quemadmodum
2875 3687 3132 3760 praedixi,
3177 3695 3344 3759 atque
3378 3687 3501 3744 ideo
3525 3701 3655 3742 cum

2065 3776 2180 3834 illis
2219 3777 2514 3850 conﬂigere
2545 3777 2703 3844 velis,
2745 3779 2906 3850 quasi
2951 3778 3008 3834 in
3054 3794 3208 3850 spem
3257 3778 3654 3849 capiendorum
3706 3785 3709 3788 '

2072 3867 2318 3931 hostium
2372 3868 2624 3933 veniens,
2668 3883 2738 3924 ne
2786 3869 2843 3941 in
2879 3877 2973 3923 tua
3024 3869 3200 3940 ipsius
3230 3878 3378 3924 terra
3403 3868 3654 3939 praelium

2070 3960 2410 4026 committas,
2435 3961 2489 4014 in
2523 3974 2633 4030 qua
2660 3967 2886 4030 sperant
2913 3960 3136 4028 milites,
3159 3962 3318 4030 juxta
3338 3969 3494 4017 vetus
3527 3975 3656 4031 prn-

2073 4049 2340 4118 verbium,
2396 4053 2445 4106 si
2492 4059 2706 4106 tantum
2750 4051 2941 4108 hastas
2991 4051 3236 4123 deligant
3283 4052 3518 4117 servari,
3557 4052 3655 4106 sed

2072 4153 2243 4211 prope
2292 4139 2552 4196 hostilem
2603 4150 2804 4194 terram
2839 4139 3046 4211 potius,
3097 4148 3156 4195 ut
3196 4140 3386 4196 hostes
3418 4140 3654 4199 salutem

2073 4239 2380 4300 sperantes,
2418 4246 2517 4287 sua
2549 4229 2604 4286 in
2649 4237 2795 4286 terra
2833 4229 3018 4302 fugam
3059 4231 3404 4290 dimicationi
3436 4239 3659 4302 antepo-

2071 4328 2227 4375 nant.
2263 4319 2417 4376 Miles
2445 4321 2594 4377 enim
2630 4321 2685 4376 in
2717 4320 3070 4378 formidinem
3095 4323 3334 4394 aliquam
3373 4321 3494 4392 ipso
3521 4331 3660 4377 tem.-

2074 4431 2207 4486 pore
2238 4415 2416 4487 praelii
2450 4416 2725 4483 incidens,
2773 4424 2827 4472 et
2867 4414 2993 4487 fuga
3034 4431 3094 4471 se
3133 4416 3365 4472 salutem
3403 4415 3660 4486 quaesitu-

2071 4523 2193 4564 rum
2246 4511 2470 4579 putans.
2528 4508 2689 4564 facile
2741 4521 2901 4562 arma
2944 4507 3174 4579 abiicit,
3223 4507 3470 4577 nihilque
3517 4505 3662 4575 tugae

384 4601 542 4668 ὅπλα,
579 4601 675 4655 καὶ
693 4602 844 4656 οὐδὲν
884 4603 1056 4674 αὐτῆς
1085 4603 1502 4676 προτιμήσεται.
1548 4600 1749 4670 Ὀλίγοι
1777 4601 1885 4672 γὰρ
1914 4601 1957 4653 ο1

2075 4601 2590 4670 praeponit,_pauei
2646 4600 2790 4654 enim
2845 4607 2998 4666 sunt,
3045 4600 3161 4655 sive
3213 4595 3661 4660 Romanos,.sive

382 4691 440 4746 ὲν
473 4663 650 4764 καιρῷ
677 4663 1049 4764 παρατάξεως
1065 4663 1146 4748 τὸ,
1159 4663 1454 4748 ἀποθανεῖν
1478 4692 1618 4764 ὑπὲρ
1639 4663 1732 4745 τοῦ
1764 4663 1957 4756 ἀδόξως

2077 4692 2351 4749 Barbaros
2385 4666 2624 4763 spectes,
2660 4693 2757 4763 qui
2808 4700 3038 4747 mortem
3090 4690 3230 4759 fuga:
3275 4687 3525 4757 ingloria:
3577 4695 3664 4745 at:

385 4785 579 4851 φυγεῖν
611 4783 1018 4856 προκρίνοντες,
1050 4786 1159 4840 εἴτε
1205 4788 1262 4840 ἐν
1294 4788 1407 4850 τοῖς
1451 4785 1758 4858 Βαρϐάροις
1784 4788 1966 4857 εἴπῃς,

383 4873 494 4927 εἴτε
525 4874 583 4926 ὲν
607 4876 721 4939 τοῖς
776 4875 1073 4947 Ρωμαῖοις.

455 4961 565 5030 λς’.
595 4967 709 5039 Πρὸ
737 4967 794 5020 δὲ
822 4969 922 5038 τῆς
952 4967 1046 5022 τοῦ
1081 4968 1319 5041 πολέμου
1343 4969 1558 5041 ἡμέρας
1606 4971 1712 5042 χρή
1757 4986 1817 5022 σε
1848 4969 1973 5040 βου-

386 5057 642 5112 λούεσθαι
673 5059 814 5131 μετὰ
865 5060 974 5114 τῶν
1006 5061 1110 5114 ὑπὸ
1135 5060 1194 5113 σὲ
1217 5062 1494 5132 ἀρχόντων
1539 5062 1592 5114 τί
1619 5062 1700 5114 δεῖ
1744 5060 1970 5132 πρᾶξαι,

390 5151 486 5205 καὶ
507 5153 646 5224 ὅπερ
669 5153 920 5226 ἀναφανῇ
946 5153 1034 5206 διὰ
1072 5154 1170 5224 τῆς
1211 5155 1396 5224 κοινῆς
1420 5155 1647 5224 γνώμης
1678 5155 1970 5226 χρήσιμον,

390 5240 550 5295 τοῦτο
591 5247 908 5315 στοιχεῖσαι,
943 5245 1038 5299 καὶ⁹
1077 5244 1446 5314 παραγγεῖλαι
1467 5247 1578 5309 τοῖς
1602 5245 1831 5317 ἄρχουσι
1864 5245 1975 5299 τῶν

388 5330 706 5402 δρομώνων,
764 5333 908 5387 ὥστε
953 5335 1150 5399 αὐτοὺς
1202 5331 1340 5388 εἶναι
1398 5337 1650 5407 ἑτοίμους
1691 5336 1974 5392 ἐκτελέσαι

391 5422 460 5475 τὰ
515 5423 899 5494 βουλευθέντα,
958 5425 1012 5479 εἴ
1057 5443 1120 5496 γε
1167 5426 1278 5498 ἄρα
1320 5426 1394 5497 μὴ
1439 5428 1726 5499 ἀπαντήσῃ
1780 5427 1975 5499 γνώμη

391 5515 610 5570 ἐναντία
672 5518 737 5572 ὲκ
788 5519 888 5590 τῆς
931 5519 1092 5589 φόδου
1162 5519 1260 5591 (9)
1317 5519 1427 5574 τῶν
1475 5520 1785 5590 πολεμίων,
1836 5521 1972 5574 ἀλλὰ

392 5608 484 5661 καὶ
526 5607 649 5662 τότε
715 5610 968 5681 ὲτοέμους
1035 5608 1172 5666 εἶναι
1247 5613 1451 5677 πάντας
1510 5614 1832 5693 ἀφορῶντας
1890 5617 1970 5679 εἰς

2073 4798 2182 4853 que
2211 4783 2539 4848 inhonesta),
2575 4791 2823 4855 tempore
2853 4782 3020 4852 prin
3051 4788 3426 4851 anteponunt...

2147 4973 2237 5027 56.
2276 4973 2418 5028 Ante
2464 4970 2590 5028 belli
2637 4965 2782 5026 diem
2833 4967 3158 5024 deliberatio
3219 4967 3473 5037 quaedam
3535 4981 3661 5023 cum

2077 5065 2349 5136 praefectis
2407 5063 2674 5135 capienda
2733 5070 2835 5127 est,
2880 5060 3144 5132 quidnam
3199 5059 3512 5116 laciendum
3567 5061 3662 5124 sit,

2078 5167 2133 5214 et
2165 5159 2314 5229 quod
2348 5155 2628 5213 communi
2661 5153 2938 5211 sententia
2974 5151 3192 5208 videtur
3234 5145 3375 5208 esse
3397 5152 3664 5222 Optimum

2079 5251 2210 5305 illud
2237 5251 2570 5311 constituas,
2608 5255 2662 5303 et
2694 5245 2970 5317 prtefectis
3000 5245 3311 5301 triremium
3349 5243 3662 5307 mandabis,

2081 5352 2142 5397 ut
2170 5342 2236 5396 ad
2267 5343 2528 5411 imperata
2561 5339 2811 5395 facienda
2847 5339 3238 5410 pramptisint.
3269 5336 3422 5404 Quod
3460 5337 3507 5390 si
3533 5350 3666 5390 con-

2080 5434 2249 5487 traria
2281 5433 2465 5501 aliqua
2496 5431 2773 5485 sententia
2808 5445 2881 5485 ex
2942 5429 3180 5486 hostium
3233 5427 3552 5482 incursione
3579 5424 3665 5478 in-

2082 5523 2399 5590 tervenerit,
2433 5531 2548 5576 tum
2573 5537 2768 5578 omnes
2795 5522 2851 5576 in
2891 5531 3038 5576 tuam
3069 5521 3351 5576 triremem
3405 5519 3664 5573 intuean-

2084 5629 2207 5685 tur,
2254 5627 2310 5674 ει
2358 5616 2532 5688 parati
2567 5617 2680 5672 sint
2720 5631 2786 5671 cx
2835 5631 2900 5671 eo
2934 5615 3151 5685 signum
3188 5613 3408 5685 aliquod
3433 5624 3663 5680 capere,

1911 5787 2147 5846 NOTAE.

467 5872 546 5946 (8)
580 5877 1068 5950 Διαπρώττεσθηι.
1108 5881 1315 5953 Scribe,
1345 5882 1791 5938 διαπλάττεσθαι.

2156 5882 2230 5953 (9)
2261 5882 2476 5937 Φόὃου.
2506 5881 2720 5946 Scribe,
2753 5874 2966 5947 ἐφόδου.
