4120 6448
504 419 643 484 1003

1723 407 1997 469 LEOle
2026 406 2485 469 PHILOSOPHI

3613 418 3759 483 1004

501 534 637 607 quid
680 537 823 588 facto
856 547 994 603 Opus
1020 531 1090 586 sit
1121 548 1133 585 :
1169 543 1278 599 quo
1311 527 1470 597 signo
1499 530 1754 590 ostenso,
1786 538 1979 579 omnes
2002 523 2066 579 ad

2172 525 2265 577 τὸν
2296 522 2388 576 σὺν
2416 521 2691 593 δρόμωνα,
2728 522 2867 576 ὥστε
2907 524 2966 587 ἐξ
3002 524 3169 578 αὐτοῦ
3212 525 3403 581 λαϐεῖν
3441 531 3666 598 σημεῖον
3701 530 3760 585 τί

503 626 636 682 illud
678 624 1005 696 explendum
1037 621 1182 694 quod
1220 621 1380 691 signo
1411 616 1722 674 ostenditur
1766 630 1825 672 se
1857 623 2073 687 parent.

569 810 660 864 '57.
693 809 811 863 Prm
842 809 1057 864 caeteris
1089 807 1369 870 omnibus,
1403 805 1680 862 triremem
1723 802 1927 858 habeas
1957 801 2077 858 exi-

497 902 698 968 miam,
718 913 769 957 et
798 903 1041 957 deiectos
1070 901 1134 956 in
1161 916 1223 955 ea
1256 900 1483 963 milites,
1507 894 1903 969 magnitudine,
1936 904 2076 950 stre-

497 995 732 1058 nuitate,
758 993 1129 1049 crassitudine
1160 992 1293 1045 aliis
1318 996 1704 1052 anteeuntem,
1734 994 1902 1059 atque
1936 987 2075 1047 adeo

500 1084 771 1139 universae
811 1085 946 1138 aciei
968 1090 1131 1153 caput
1170 1102 1184 1139 :
1221 1082 1321 1139 tibi
1350 1090 1535 1139 tamen
1564 1081 1843 1135 triremem
1878 1078 2071 1145 facias,

495 1175 715 1244 qualem
748 1176 1038 1247 πάμφυλον
1071 1175 1379 1235 nominant.

2184 613 2233 666 εί
2264 612 2369 683 ἄρα
2404 611 2608 683 πρᾶξαι
2652 613 2751 679 δεῖ,
2787 616 2881 667 καὶ
2921 614 3111 669 τούτου
3139 615 3382 681 δοθέντος
3408 616 3575 685 ὀξέως
3603 622 3765 689 γενέ-

2184 702 2310 757 σθαι
2338 702 2400 757 τὸ
2434 703 2765 773 ὑποδειχθέν.

2252 792 2353 858 λζ’.
2386 793 2612 858 Πάντως
2666 794 2774 864 γὰρ
2823 796 2905 849 δεῖ
2934 812 3017 860 σε,
3076 791 3122 852 ὦ
3173 802 3466 871 στρατηγὲ,
3504 801 3762 873 δρόμωνα

2182 885 2329 956 ἔχειν
2371 885 2463 940 τδν
2495 886 2625 940 ἴδιον
2670 886 2733 951 ἐξ
2762 886 3000 951 ἅπαντος
3027 889 3122 942 τοῦ
3168 892 3402 961 στρατοῦ
3439 894 3762 960 ἐπιλέκτους

2182 978 2377 1047 ἔχοντα
2410 977 2539 1040 τοὺς
2578 977 2936 1047 στρατιώτας.
2980 980 3224 1050 μεγέθει,
3257 984 3355 1036 καὶ
3388 983 3631 1055 ἀνδρεία,
3660 987 3762 1039 καὶ

2180 1069 2379 1140 ἀρετῇ,
2412 1069 2506 1122 καὶ
2550 1071 2616 1139 τῇ
2665 1069 2801 1141 ἄλλῃ
2851 1072 3125 1144 πανοπλίᾳ
3168 1073 3480 1143 διέχοντας·
3532 1078 3629 1131 καὶ
3666 1079 3761 1131 τὸν

2178 1162 2435 1234 δρόμωνα
2461 1163 2518 1215 δὲ
2552 1162 2780 1233 μεγέθει
2812 1164 2908 1217 καὶ
2936 1165 3202 1235 ταχύτητι
3224 1167 3333 1219 τῶν
3358 1169 3536 1223 ἄλλων
3582 1171 3767 1224 ἁπάν-

495 1284 603 1319 των
629 1245 976 1338 διαφέροντα,
1018 1268 1093 1331 ὡς
1134 1268 1228 1321 ἆτε
1264 1267 1507 1335 κεφαλήν
1534 1284 1657 1327 τινα
1687 1266 1787 1334 τῆς
1835 1259 2196 1334 παρατάξεως
2222 1253 2440 1325 ἀπάσης
2464 1268 2481 1283 ⁸
2549 1254 2645 1306 καὶ
2698 1254 3043 1326 καταστῆσαι
3085 1258 3176 1312 τὸν
3225 1258 3325 1328 τῆς
3382 1261 3481 1331 σῆς
3554 1245 3768 1326 ἔνδοξά·

494 1376 657 1429 τητος
712 1360 952 1412 τοιοῦτον
1006 1359 1294 1429 δρόμωνα,
1343 1357 1403 1409 τὸ
1444 1355 1510 1428 δὴ
1559 1356 1854 1428 λεγόμενον
1918 1348 2233 1423 πάμφυλον.

566 1448 658 1502 38.
695 1445 963 1501 Similiter
990 1447 1187 1517 reliqui
1215 1447 1317 1500 sub
1346 1454 1399 1501 te
1434 1445 1675 1515 praefecti
1702 1487 1718 1513 ,
1758 1446 2077 1515 quicunque

497 1537 603 1591 sub
635 1553 694 1592 se
720 1538 975 1592 triremes
1004 1536 1229 1605 habent,
1257 1537 1407 1593 viros
1444 1553 1507 1591 ex
1540 1537 1648 1593 illis
1686 1537 1925 1607 Optimos
1972 1534 2076 1588 eii-

496 1637 652 1696 gant,
701 1636 754 1681 et
786 1626 837 1680 in
874 1628 990 1682 suis
1026 1642 1213 1683 secum
1248 1628 1567 1682 triremibus
1609 1628 1891 1692 habeant,
1930 1632 2077 1700 ut_et

494 1717 569 1771 illi
604 1718 817 1771 caeteris
850 1725 1133 1789 praestent.
1172 1719 1267 1773 lsti
1297 1734 1490 1774 omnes
1512 1735 1573 1773 ac
1594 1718 1790 1788 reliqui
1814 1727 2076 1787 praeterea

496 1810 554 1863 in
587 1818 735 1863 tuam
779 1810 1106 1865 intueantur
1154 1809 1458 1875 triremem,
1488 1818 1540 1864 ct
1576 1811 1649 1866 ab
1675 1826 1736 1865 ca
1774 1810 1898 1867 belli
1940 1820 2078 1865 tem-

2247 1433 2350 1505 λη’.
2394 1434 2630 1505 Ὁμοίως
2661 1434 2719 1511 δὲ
2757 1438 2851 1490 καὶ
2877 1439 3004 1502 τοὺς
3035 1439 3225 1504 ἄλλους
3250 1441 3353 1494 ὑπὸ
3382 1442 3445 1494 σε
3471 1444 3765 1513 ἄρχοντας,

2174 1525 2289 1579 ὅσοι
2318 1524 2533 1595 ἔχουσιν
2577 1524 2670 1578 ὑπ’
2711 1526 2912 1592 αὐτούς
2956 1546 3107 1593 τινας
3146 1530 3452 1603 δρόμωνας,
3484 1532 3543 1597 ἐξ
3583 1535 3763 1587 αὐτῶν

2173 1616 2527 1679 ἐπιλέξασθαι
2561 1615 2784 1687 ἄνδρας,
2811 1621 2907 1672 καὶ
2926 1620 3072 1690 ἐχειν
3100 1623 3157 1676 ἐν
3193 1625 3307 1687 τοῖς
3336 1623 3581 1689 οἰκείοις,
3616 1626 3761 1679 ὥστε

2173 1706 2265 1760 καὶ
2312 1706 2512 1771 αὐτοὺς
2568 1708 2849 1778 διαφέρειν
2893 1710 3001 1764 τῶν
3054 1712 3248 1766 ἄλλων.
3281 1715 3392 1767 Καὶ
3426 1714 3648 1779 τούτους
3701 1718 3762 1771 δὲ

2177 1797 2406 1862 πάντας,
2451 1798 2546 1851 καὶ
2574 1799 2702 1862 τοὺς
2747 1798 2969 1864 λοιποὺς
3003 1803 3139 1873 πρὸς
3182 1804 3273 1857 τὸν
3304 1804 3394 1857 σὸν
3424 1806 3765 1862 ἀποϐλέπειν

493 1913 631 1967 pore
660 1907 942 1968 regantur,
967 1900 1074 1953 nisi
1112 1898 1243 1969 quid
1276 1898 1423 1953 aliud
1466 1898 1674 1957 interea
1706 1898 1895 1962 cadat,
1927 1899 2067 1970 quod

2178 1890 2453 1961 δρόμωνα,
2488 1892 2582 1946 καὶ
2615 1893 2750 1965 παρ’
2774 1893 2941 1948 αὑτοῦ
2980 1895 3341 1966 ρυθμίζεσθαι
3374 1898 3519 1951 κατὰ
3546 1899 3635 1953 τὸν
3662 1900 3761 1954 τοῦ

496 1985 601 2041 alia
640 1988 726 2041 via
759 1988 823 2042 ad
850 1988 1255 2044 conﬁciendum
1292 1997 1471 2061 egeat.

561 2262 649 2315 59.
687 2262 914 2332 Signum
952 2264 1173 2334 aliquod
1216 2266 1269 2317 in
1319 2275 1409 2318 tua
1446 2264 1679 2327 triremi,
1723 2266 1837 2320 sive
1880 2264 2073 2320 "amtt-

490 2353 628 2419 lum,
672 2356 787 2409 sive
837 2356 982 2412 aliud
1014 2357 1296 2426 quidpiam
1329 2357 1476 2411 celso
1506 2357 1693 2426 aliquo
1726 2358 1781 2409 in
1827 2356 1947 2412 loco
1978 2356 2071 2420 sit,

491 2449 556 2494 ut
588 2450 645 2495 tu
676 2455 741 2495 eo
781 2444 1092 2512 signiﬁcare
1120 2446 1321 2514 possis,
1349 2444 1479 2515 quid
1513 2445 1657 2499 facto
1682 2461 1822 2515 opus
1858 2445 1931 2499 sit
1963 2461 1977 2497 :
2012 2459 2076 2499 ac

493 2534 679 2587 caeteri
709 2534 815 2588 hoc
857 2550 886 2587 a
915 2545 967 2589 te
998 2538 1340 2605 propositum
1396 2537 1676 2607 negotium
1725 2537 2073 2607 suscipiant,

493 2625 613 2678 sive
642 2624 1042 2694 conﬂigendum
1075 2628 1135 2681 in
1177 2627 1320 2681 bello
1368 2627 1463 2689 sit,
1511 2629 1624 2683 sive
1654 2644 1681 2681 a
1726 2628 1866 2683 bello
1897 2628 2076 2683 disce—

492 2714 753 2779 dendum,
785 2717 900 2771 sive
928 2718 982 2771 in
1010 2717 1387 2773 circuitionem
1417 2719 1651 2774 hostium
1689 2719 2071 2784 evblvendum,

491 2807 611 2863 sive
663 2809 731 2871 ad
772 2809 990 2866 aﬂlictae
1036 2812 1212 2880 partis
1278 2812 1592 2879 praesidium
1650 2812 2071 2877 accurrendum,

492 2900 612 2955 sive
649 2914 871 2955 cursum
908 2902 1148 2962 tardare,
1175 2903 1291 2956 sive
1336 2900 1401 2953 ad
1438 2901 1772 2956 celeritatem
1822 2902 2071 2964 incitare.

490 2992 607 3046 sive
656 2992 868 3047 insidia:
924 2992 1205 3057 faciendae,
1250 2992 1364 3047 sive
1406 3009 1467 3046 ex
1520 2992 1738 3049 insidiis
1790 2992 2073 3048 adoriendi

490 3083 623 3143 sint,
661 3084 774 3136 sive
811 3098 931 3152 qua:
962 3083 1067 3136 alia
1092 3085 1248 3153 signa
1279 3099 1307 3136 e
1336 3083 1545 3137 triremi
1581 3091 1669 3137 tua
1698 3082 2068 3153 proficiscun-

490 3182 603 3237 tur,
664 3176 848 3228 omnia
910 3188 972 3229 ea
1020 3174 1299 3229 intuentes
1344 3173 1395 3227 in
1442 3182 1591 3228 tuam
1652 3173 1929 3228 triremem
1977 3190 2070 3228 ex-

490 3265 701 3333 pleant.

562 3450 652 3503 40.
686 3446 872 3520 Neque
899 3451 1041 3505 enim
1075 3468 1140 3506 eo
1167 3459 1414 3531 tempore
1445 3450 1529 3505 vel
1558 3466 1690 3507 voce
1723 3453 1807 3509 vel
1834 3453 2065 3511 buccina

490 3543 791 3612 praecipere
849 3544 1026 3613 possis
1093 3559 1215 3614 quae
1277 3543 1419 3600 facto
1489 3560 1628 3619 Opus
1688 3555 1816 3601 sunt
1869 3562 1885 3601 :
1939 3548 2068 3619 quia

489 3647 726 3701 magnus
770 3636 1079 3699 tumultus,
1137 3635 1413 3706 marisque
1463 3635 1689 3707 fragor,
1744 3639 2068 3709 cmterisquc

494 3723 785 3792 strepitus,
818 3734 872 3778 et
903 3724 1208 3778 triremium
1253 3740 1580 3789 concursus,
1619 3735 1783 3797 atque
1810 3729 2067 3786 commis-

491 3810 597 3876 sio,
632 3819 684 3866 et
718 3814 865 3879 quod
897 3813 1219 3881 maximum,
1254 3813 1463 3873 clamor
1490 3815 1771 3870 hominum
1809 3818 2065 3889 pratlian-

487 3902 648 3965 tium,
678 3902 769 3956 illa
806 3913 864 3957 ut
898 3904 1263 3959 exaudiantur
1294 3905 1573 3975 impediet.

560 3991 651 4047 Μ.
692 3992 921 4064 Signum
976 4002 1154 4047 autem
1212 3996 1642 4065 monstrabitur,
1700 3997 1745 4052 si
1798 3998 2065 4054 directum

488 4093 617 4149 stet,
647 4085 731 4141 vel
764 4085 830 4139 ad
870 4085 1121 4140 dextram
1150 4087 1448 4141 autlaevam
1470 4088 1785 4153 inclinetur,
1819 4099 1911 4144 aut
1941 4106 2068 4162 per-

482 4188 651 4245 petuo
696 4178 936 4247 agitetur
984 4184 1081 4231 aut
1120 4178 1383 4245 clevetur,
1425 4188 1518 4233 aut
1564 4179 1939 4250 deprimatur,
1974 4187 2069 4235 aut

488 4270 714 4321 omnino
769 4267 1115 4332 detrahetur,
1154 4278 1249 4324 aut
1300 4279 1706 4336 committetur,
1750 4280 1845 4327 aut
1904 4282 2067 4344 caput

487 4367 790 4429 vatesque
834 4362 975 4429 ejus,
1017 4354 1077 4413 ut
1122 4361 1396 4415 diversum
1445 4362 1722 4431 videatur,
1759 4364 1839 4419 vel
1874 4364 2066 4436 ﬁguris

487 4451 807 4516 coloribus,
848 4459 905 4506 ut
937 4454 1067 4508 olim
1105 4452 1220 4507 ﬁeri
1266 4454 1498 4520 solebat,
1530 4457 1874 4511 immutetur.
1926 4455 2063 4511 Nam

484 4542 613 4597 belli
654 4551 898 4613 tempore
943 4543 1270 4614 conﬂigendi
1311 4546 1525 4615 signum
1573 4545 1868 4610 habebant,
1918 4544 2063 4618 quod

486 4632 760 4699 φοινικίδα
818 4633 1185 4703 appellabant.
1241 4635 1371 4688 Erat
1426 4647 1604 4691 autem
1663 4638 2060 4706 camelaucion,

484 4724 643 4777 hasta
690 4723 938 4793 longiore
982 4723 1274 4786 elevatum,
1311 4726 1480 4780 rubro
1506 4727 1711 4791 colore,
1750 4735 1913 4797 atque
1953 4730 2060 4783 alia

481 4816 729 4883 quaedam
760 4814 1096 4884 liujusmodi.
1141 4815 1246 4869 Sed
1273 4817 1444 4871 tutius
1470 4816 1719 4873 fortassis
1750 4834 1849 4873 sua
1883 4819 2058 4888 ipsius

482 4920 646 4958 manu
682 4906 795 4960 hazc
824 4908 979 4977 signa
1012 4907 1557 4966 demonstrabuntur.

2179 1980 2420 2051 πολέμου
2449 1982 2663 2052 καιρὸν,
2693 1984 2743 2036 εί
2798 1983 2875 2053 μή
2910 2000 2973 2052 γε
3008 1985 3117 2055 ἄρα
3139 1985 3323 2056 ἕτερόν
3365 2003 3418 2040 τι
3459 1988 3761 2059 παράδοξον

2177 2072 2286 2124 τῶν
2335 2070 2776 2143 βεϐουλευμένων
2821 2072 3093 2147 ἀναφανῇ,
3142 2077 3237 2130 καὶ
3283 2076 3474 2148 δέηται
3532 2079 3757 2152 μεθόδου

2179 2164 2265 2218 ἐτέ
2274 2183 2393 2235 ρας.

2248 2254 2347 2309 λο’.
2388 2253 2542 2309 Εἶναι
2592 2258 2647 2310 δὲ
2696 2259 2922 2328 σημεῖον
2980 2260 3266 2330 ἱστάμενον
3313 2263 3371 2315 ἐν
3417 2261 3495 2332 τῷ
3530 2263 3608 2332 σῷ
3635 2263 3760 2334 δρό-

2179 2365 2337 2418 μωνι,
2368 2348 2478 2401 εἴτε
2508 2348 2721 2418 βάνδον,
2770 2350 2879 2402 εἴτε
2925 2350 3255 2422 φλάμουλον,
3287 2352 3399 2404 εἴτε
3458 2368 3512 2405 τι
3540 2354 3753 2422 ἕτερον,

2177 2442 2256 2504 εἰς
2279 2440 2443 2493 τόπον
2484 2442 2801 2510 περίοπτον,
2841 2441 2927 2494 ἵνα
2952 2442 3019 2495 δι’
3054 2442 3220 2496 αὐτοῦ
3260 2442 3619 2513 σημαίνοντος
3659 2462 3757 2499 σου

2173 2530 2226 2585 τί
2248 2531 2327 2584 δεῖ
2349 2534 2629 2601 πράττειν,
2667 2531 2872 2595 εὐθέως
2914 2534 3396 2603 ἐπιλαμϐάνωνται
3430 2534 3525 2588 τοῦ
3565 2534 3755 2599 δόξαν-

2174 2640 2265 2687 τος
2320 2623 2481 2693 ἔργου
2526 2624 2575 2674 οί
2618 2623 2815 2688 λοιποὶ,
2873 2625 2983 2678 εἴτε
3037 2625 3365 2695 συμϐάλλειν
3401 2628 3479 2689 είς
3520 2628 3758 2697 πόλεμον

2180 2715 2309 2787 χρὴ,
2343 2715 2454 2767 εἴτε
2493 2716 2797 2787 ἀναχωρεῖν
2843 2716 2951 2770 ἀπὸ
3004 2718 3267 2787 πολέμου,
3298 2719 3408 2771 stre
3460 2718 3756 2786 ἐξελίσσειν

2175 2807 2254 2869 εἰς
2285 2804 2558 2861 κύκλωσιν
2594 2809 2737 2862 κατὰ
2782 2808 2890 2860 τῶν
2917 2810 3211 2879 πολεμίων,
3240 2811 3350 2863 εἴτε
3396 2812 3474 2875 είς
3503 2811 3756 2882 βοήθειαν

2174 2897 2652 2967 καταπονουμένου
2714 2898 2917 2969 μέρους
2961 2900 3307 2969 συνδραμεῖν,
3349 2899 3459 2953 εἴτε
3511 2902 3757 2971 ἀργῆσαι

2172 2988 2271 3059 τὴν
2314 2988 2556 3054 ἐλασίαν,
2590 2988 2699 3042 εἴτε
2746 2990 3020 3045 ἐπιδοῦναι
3056 2992 3135 3053 είς
3165 2991 3328 3060 τάχος
3372 2991 3472 3062 τὴν
3516 2992 3754 3061 κίνησιν,

2171 3079 2283 3132 εἴτε
2314 3080 2609 3153 ἐγκρυμμα
2629 3081 2745 3135 δέον
2769 3074 3041 3150 γενέσθαι,
3080 3081 3191 3135 εἴτε
3230 3082 3337 3136 ἀπὸ
3366 3070 3756 3153 ὲγκρύμματος

2173 3171 2429 3239 ἐξελθεῖν,
2463 3173 2489 3241 ἢ
2528 3172 2663 3229 ἄλλα
2688 3175 2809 3227 τινὰ
2842 3174 2964 3228 καθ’
2999 3173 3206 3228 ἕκαστα
3239 3174 3346 3228 ἀπὸ
3388 3174 3632 3244 σημείων
3655 3170 3754 3227 τοῦ

2096 3257 2138 3315 C
2176 3262 2269 3314 σοῦ
2302 3261 2579 3333 δρόμωνος
2609 3265 2827 3319 ἅπαντα
2856 3265 3213 3335 ὑποδέχεσθαι
3248 3263 3567 3336 ἀφορῶντας
3605 3266 3756 3330 ὅπως

2171 3352 2288 3406 δέον
2324 3358 2521 3409 ποιεῖν.

2247 3444 2319 3515 μ’.
2378 3446 2451 3498 Οὐ
2507 3446 2615 3518 γὰρ
2660 3446 2884 3501 δύναταί
2921 3465 3007 3511 τις
3051 3448 3108 3501 ἐν
3152 3448 3380 3519 τοιούτῳ
3418 3445 3597 3519 καιρῷ
3644 3445 3757 3500 ἀπὸ

2172 3536 2356 3607 φωνῆς
2397 3536 2430 3607 ἢ
2462 3537 2711 3606 βουκίνου
2769 3539 3170 3609 παραγγέλλειν
3212 3540 3283 3596 τά
3331 3540 3541 3608 δέοντα,
3581 3540 3667 3593 διά
3692 3538 3755 3594 τὲ

2170 3625 2261 3677 τὸν
2304 3624 2486 3696 opem,
2539 3627 2626 3679 καὶ
2660 3627 2748 3681 τὸν
2776 3629 3037 3700 τάραχον,
3074 3631 3181 3683 καὶ
3214 3631 3304 3685 τὸν
3348 3631 3445 3702 τῆς
3477 3630 3755 3701 θαλάσσης

2156 3709 2329 3786 ἦχον,
2358 3720 2452 3772 καὶ
2477 3718 2569 3771 τὸν
2603 3719 2761 3773 ἄλλον
2795 3721 3002 3774 κτύπον
3026 3722 3129 3792 τῆς
3150 3739 3209 3775 τε
3252 3722 3633 3794 συγκρούσεως
3661 3721 3757 3774 καὶ

2170 3809 2527 3878 κωπηλασίας
2564 3810 2672 3865 τῶν
2705 3811 3019 3882 δρομώνων,
3053 3814 3147 3866 καὶ
3191 3813 3372 3883 πολλῷ
3411 3813 3613 3884 μᾶλλον
3656 3813 3755 3885 τῆς

2172 3896 2302 3967 βοῆς
2331 3898 2439 3952 τῶν
2464 3901 2865 3971 πολεμούντων.

2243 3989 2355 4059 μα’.
2393 3991 2467 4043 Τὸ
2511 3992 2566 4045 δὲ
2600 3995 2827 4063 σημεῖον
2870 3996 3312 4069 ὑποσημαινέτω,
3348 3997 3381 4069 ἤ
3416 3997 3572 4068 ὀρθὸν
3607 3999 3756 4051 ἱστά-

2173 4095 2355 4149 μενον,
2388 4080 2422 4151 ἢ
2455 4082 2545 4134 ἐτιί
2575 4082 2744 4147 δεξιὰ,
2781 4084 2813 4155 ἢ
2868 4086 2961 4138 ἐπὶ
2989 4086 3255 4157 ἀριστερὰ
3305 4087 3622 4157 κλινόμενον
3656 4089 3754 4144 καὶ

2169 4172 2264 4225 ἐπὶ
2320 4173 2467 4238 δεξιᾶ
2521 4174 2682 4230 πάλιν
2734 4176 2766 4247 ἢ
2799 4175 2886 4230 ἐπ’
2918 4178 3186 4250 ἀριστερὰ
3218 4181 3682 4251 μεταφερόμενον,
3714 4180 3753 4252 ἢ

2166 4267 2578 4337 τινασσόμενον,
2639 4267 2671 4339 ἢ
2721 4268 3061 4340 ὑψούμενον,
3118 4271 3152 4343 ἢ
3202 4273 3663 4341 ταπεινούμενον,
3713 4274 3751 4343 ἢ

2169 4358 2305 4422 ὅλως
2336 4360 2763 4430 ἀφαιρούμενον,
2801 4362 2834 4432 ἢ
2882 4362 3327 4433 μετατιθέμενον,
3364 4364 3398 4434 ἢ
3440 4363 3527 4417 διὰ
3562 4364 3663 4433 τῆς
3693 4365 3751 4416 ἐν

2168 4448 2316 4519 αὐτῷ
2380 4449 2617 4517 κεφαλῆς
2683 4449 2867 4503 ἄλλοτε
2903 4451 3076 4515 ἄλλως
3114 4453 3445 4522 φαινομένης
3488 4453 3750 4507 ἀλλασσό-

2174 4556 2354 4610 μενον,
2381 4539 2412 4608 ἢ
2438 4540 2523 4593 διὰ
2554 4541 2868 4611 σχημάτων,
2901 4541 2936 4612 ἢ
2986 4542 3077 4595 διὰ
3111 4545 3441 4613 χρωμάτων,
3477 4538 3587 4596 οἷον
3620 4560 3751 4596 ποτε

2170 4636 2281 4696 τοῖς
2306 4633 2553 4695 παλαιοῖς
2606 4634 2927 4705 ἐπράττετο.
2978 4636 3063 4687 Ἐν
3117 4636 3227 4706 γὰρ
3278 4637 3515 4706 πολέμου
3571 4634 3755 4711 καιρῷ

2167 4724 2397 4793 ’σημεῖον
2424 4718 2570 4794 εἶχον
2609 4725 2708 4793 τῆς
2740 4726 3016 4795 συμϐολῆς
3047 4727 3293 4795 αἴροντες
3321 4728 3418 4797 τὴν
3450 4728 3750 4797 λεγομένην

2170 4815 2459 4883 φοινικίδα.
2519 4812 2628 4868 Ἦν
2682 4816 2740 4869 δὲ
2787 4818 2848 4869 τὸ
2901 4818 3193 4888 λεγόμενον
3241 4818 3611 4889 καμελαύκιον
3655 4820 3753 4872 ἐπὶ

2172 4906 2456 4975 κονταρίου
2499 4906 2827 4977 ὑψούμενον,
2860 4908 3085 4981 ἐρυθρὸν
3118 4911 3216 4981 τὴν
3245 4912 3458 4981 χροιὰν,
3492 4914 3584 4966 καὶ
3613 4911 3750 4965 ἄλλα

478 4998 599 5051 τινὰ
658 5001 1029 5071 ὁμοιοτρόπως
1100 5002 1551 5070 ὑποδεικνύμενα.
1619 5002 2047 5073 ’Λσφαλέστερον
2071 5001 2128 5054 δὲ
2161 5000 2300 5069 τάχα
2338 4999 2426 5053 διὰ
2466 4999 2566 5068 τῆς
2618 5001 2847 5054 σεαυτοῦ
2902 5004 3079 5073 χειρὸς
3139 5004 3209 5056 τά
3269 5006 3471 5074 σημεῖα
3533 5005 3747 5057 ὑποδει·

479 5091 759 5160 χθήσεται.

550 5182 640 5234 42.
695 5182 771 5237 Ita
832 5183 933 5237 tibi
983 5184 1054 5238 sit
1114 5181 1458 5237 consuetudo
1519 5182 1711 5237 horum
1777 5186 2057 5255 signorum

475 5275 795 5339 exercitata,
838 5283 896 5328 ut
932 5291 1122 5329 omnes
1170 5274 1273 5328 sub
1323 5282 1374 5328 te
1424 5275 1688 5343 praefecti,
1746 5276 2060 5346 quicunque

474 5365 796 5419 triremibus
831 5364 1069 5433 przel'ecti
1107 5375 1252 5429 sunt,
1304 5374 1508 5418 certam
1542 5366 1737 5419 horum
1773 5368 2055 5436 signorum

474 5456 754 5509 notionem
792 5456 1049 5518 habeant,
1086 5466 1198 5509 tum
1233 5470 1343 5525 qua
1393 5454 1459 5509 de
1514 5472 1681 5511 causa
1724 5458 1815 5510 {lat
1858 5472 2054 5510 unum-

471 5546 753 5614 quodque,
805 5553 858 5598 et
901 5545 1124 5615 quando
1180 5548 1564 5617 quomodoquc
1615 5547 1943 5614 intelligant,
1997 5557 2053 5600 ut

473 5634 592 5689 istis
638 5634 803 5689 rebus
840 5635 977 5691 bene
1024 5639 1331 5701 exercitati,
1388 5655 1524 5694 usus
1575 5638 1748 5709 ipsius
1805 5647 2051 5708 tempore

473 5725 647 5785 parati
680 5726 791 5779 sint
823 5728 891 5781 ad
934 5732 1313 5798 cognoscenda
1348 5741 1400 5788 et
1432 5732 1639 5802 agenda
1666 5748 1727 5787 ca
1776 5749 1895 5802 qu.c
1931 5733 2050 5788 istis

472 5812 886 5880 praecipiuntur.

2237 5178 2346 5249 μβ⁹.
2391 5179 2500 5230 Καὶ
2556 5178 2730 5241 οὕτως
2770 5181 2912 5234 ἔστω
2948 5200 3029 5235 σοι
3080 5184 3114 5253 ἡ
3155 5183 3430 5254 ἐνέργεια,
3463 5179 3508 5238 ὧ
3548 5202 3747 5257 στρατ-

2162 5277 2282 5348 ηγὲ,
2327 5275 2435 5327 τῶν
2488 5276 2744 5329 τοιούτων
2807 5279 3048 5348 σημείων
3104 5280 3555 5350 γεγυμνασμένη,
3604 5280 3748 5335 ὥστε

2160 5368 2369 5429 πάντας
2399 5366 2525 5427 τοὺς
2557 5366 2661 5419 ὑπὸ
2689 5368 2746 5419 σὲ
2776 5369 3070 5438 ἄρχοντας,
3095 5370 3207 5422 ὅσοι
3228 5370 3520 5441 δρομώνων
3549 5371 3746 5441 ἡγοῦν-

2158 5474 2269 5521 ται,
2306 5457 2450 5527 ἔχειν
2495 5460 2597 5528 τὴν
2656 5463 2854 5530 πεῖραν
2896 5462 3114 5531 ἀσφαλῆ
3151 5461 3259 5514 τῶν
3316 5464 3573 5516 τοιούτων
3609 5465 3743 5518 ὑπο-

2155 5550 2482 5619 δειγμάτων,
2520 5553 2615 5605 καὶ
2668 5551 2757 5605 διὰ
2794 5554 2846 5604 τί
2888 5552 3096 5621 γίνεται
3148 5555 3411 5619 ἕκαστον,
3450 5556 3544 5608 καὶ
3592 5557 3743 5623 πότε,

2162 5643 2254 5695 καὶ
2300 5643 2439 5707 πῶς,
2484 5645 2577 5696 καὶ
2630 5646 2705 5714 μὴ
2742 5645 3196 5712 διασράλλεσθαγ
3248 5647 3333 5699 ἵνα
3385 5650 3514 5717 περὶ
3570 5648 3743 5700 ταῦτα

2160 5737 2339 5798 καλῶς
2370 5739 2853 5807 ἐγγυμνασάμενοι
2884 5740 2941 5791 ἐν
2970 5740 3148 5809 καιρῷ
3182 5740 3369 5811 χρείας
3408 5740 3617 5811 ἕτοιμοι
3647 5742 3741 5795 γέ-

2161 5844 2359 5878 νωνται
2398 5830 2529 5895 πρὸς
2588 5828 2649 5879 τὸ
2692 5829 3074 5896 διαγινώσκειν
3113 5832 3285 5900 αὐτὰ,
3328 5832 3421 5887 καὶ
3477 5833 3742 5905 πράττειν

2161 5918 2228 5969 τὰ
2257 5918 2323 5969 δι’
2356 5918 2535 5973 αὐτῶν
2564 5920 2915 5977 κελευόμενα.
