4120 6444
381 366 524 436 1005

1408 371 1746 435 TACTICA.
1775 382 1845 413 λ·-
1871 372 2382 441 CONSTITUTIO
2419 380 2591 443 XIX.-

3515 377 3655 449 1006

454 481 567 552 μγ’.
600 479 712 551 Τὴν
761 480 819 535 δὲ
847 482 955 535 τῶν
986 482 1278 554 δρομὼνων
1319 485 1625 555 παράταξιν
1666 487 1725 538 ἐν
1782 486 1960 558 καιρῷ

2137 490 2227 546 45.
2260 490 2594 547 Triremium
2620 489 3042 545 instructionem
3064 490 3482 547 conflictationis
3508 499 3649 550 tem-

376 573 707 645 προσϐολῆς,
734 575 787 625 εῐ
803 590 868 642 γε
897 574 1029 644 ἄρα,
1063 575 1138 638 ὡς
1166 576 1405 645 εἴρηται,
1434 577 1670 649 τοσαύτη
1696 579 1961 648 πάρεστιν

374 664 610 735 ἀνάγκη.
639 665 672 735 ἢ
716 664 859 718 κατὰ
878 668 1067 736 χεῖρας
1097 665 1195 736 τὴν
1232 667 1386 738 νίκην
1414 668 1678 734 ἐλπίζεις,
1711 669 1962 739 ποιήσεις

376 757 562 820 καθὼς
592 759 659 812 ἂν
698 757 921 829 συνίδῃς
956 758 1216 830 ἁρμόδιον
1246 758 1324 831 τῷ
1352 760 1531 831 καιρῴ
1584 762 1679 815 καὶ
1706 761 1783 831 τῷ
1811 764 1964 834 τόπῳ

378 852 518 921 πρός
550 850 649 921 τὴν
687 850 796 903 τῶν
819 850 1095 921 πολεμίων
1130 852 1486 924 παρασκευὴν
1512 855 1607 909 καὶ
1632 855 1961 926 παράταξιν.

378 945 454 998 Οὐ
480 943 589 1015 γὰρ
614 941 859 998 νῦνὲστι
876 944 1057 1012 λέγειν
1085 946 1344 1015 ἀσφαλῶς
1378 946 1506 1018 περὶ¹
1533 946 1643 1002 τῶν
1669 947 1792 1001 τότε
1834 949 1964 1018 μελ-

378 1034 581 1089 λόντων
614 1035 1047 1106 ἀπαντήσεσθαι.
1554 1028 1557 1031 ’

456 1217 559 1287 μδ’.
602 1218 742 1271 Ποτέ
783 1218 882 1288 μὲν
914 1217 1212 1289 μηνοειδῶς
1263 1216 1375 1274 οἷον
1427 1222 1761 1291 ἡμικυκλίου
1786 1222 1963 1289 τάξιν,

379 1307 511 1370 τοὺς
544 1306 642 1377 μὲν
680 1306 873 1373 ἄλλους
905 1308 1192 1380 δρόμωνας
1224 1308 1379 1363 ἐνθεν
1420 1311 1699 1376 κάκεῖθεν,
1731 1306 1843 1366 οἷον
1874 1314 1967 1366 κέ-

382 1400 526 1471 ρατά
565 1416 688 1452 τινα
717 1400 750 1469 ἦ
784 1401 973 1471 χεῖρας
1015 1402 1110 1453 καὶ
1149 1401 1385 1472 μάλιστα
1426 1404 1486 1455 ἐν
1531 1403 1609 1474 τῷ
1645 1403 1801 1475 ακρῳ
1836 1423 1969 1475 προ-

382 1493 617 1560 άγοντας
642 1494 771 1553 τοὺς
795 1492 1209 1563 ἀλκιμωτέρους
1238 1494 1334 1548 καὶ
1374 1496 1651 1565 μείζονας.
1689 1497 1779 1550 Ἐν
1802 1497 1859 1550 δέ
1890 1496 1970 1567 τῷ

384 1583 550 1650 κοίλῳ
592 1581 686 1635 τοῦ
739 1581 1071 1651 ἡμικυκλίου
1098 1583 1261 1637 οἱονεί
1302 1600 1426 1637 τινα
1480 1584 1724 1655 κεφαλὴν
1745 1584 1844 1655 τὴν
1870 1580 1969 1655 σὴν

382 1674 725 1744 ἐνδοξότητα,
741 1673 883 1726 ὥστε
899 1674 1079 1728 πάντα
1103 1677 1482 1744 περισκοπεῖν,
1516 1676 1608 1730 καὶ
1626 1674 1959 1742 διατάττειν,

384 1768 477 1822 καὶ
508 1768 750 1829 διοικεῖν,
784 1766 877 1819 καὶ
906 1768 957 1820 εί
986 1784 1089 1819 που
1119 1768 1201 1820 δεῖ
1226 1768 1323 1821 καὶ
1357 1768 1629 1839 βοηθείας,
1656 1768 1969 1839 ἐπικουρεῖν

2071 599 2226 652 pore.
2254 584 2299 637 si
2332 583 2553 652 quidem
2588 590 2738 637 tanta
2775 582 2920 637 adsit
2952 582 3352 638 necessitascut
3390 598 3653 641 necessa-

2069 680 2155 730 rio
2208 688 2408 731 manus
2458 674 2814 730 conserenda:
2858 674 2995 740 sint,
3039 683 3135 729 aut
3170 676 3218 731 si
3272 666 3557 732 victoriam
3600 683 3658 733 te

2067 774 2518 837 ‘comparaturum
2566 766 2903 837 speraveris,
2939 766 3403 836 quemadmodum
3445 768 3571 822 loco
3600 772 3657 823 et

2068 859 2303 928 tempori
2331 859 2587 913 idoneum
2606 857 2675 912 ad
2698 857 2943 913 hostium
2976 862 3303 928 apparatum
3330 858 3659 914 instructio-

2068 954 2195 1005 nem
2232 949 2592 1013 indieaveris,
2625 950 2699 1003 ita
2725 950 2987 1006 instrues.
3009 942 3199 1019 Neque
3221 951 3369 1004 enim
3400 948 3508 1004 hoc
3532 950 3673 1003 loco-

2069 1042 2179 1097 dict
2229 1048 2451 1110 potest,
2506 1039 2641 1110 quid
2705 1038 2980 1107 futurum,
3045 1048 3141 1094 aut
3203 1056 3308 1095 usu
3363 1044 3654 1095 venturum

2071 1132 2165 1188 sit.

2138 1223 2231 1277 44.
2269 1222 2547 1277 Interdum
2591 1222 2737 1279 enim
2772 1223 2994 1279 luuabis
3038 1224 3272 1278 classem
3299 1262 3313 1287 ,
3348 1222 3402 1277 id
3435 1230 3555 1287 est,
3588 1210 3654 1277 ad

2070 1314 2412 1372 semicirculi
2477 1312 2713 1368 formam
2777 1317 3066 1377 instrucs,
3143 1313 3268 1369 aliis
3335 1312 3654 1369 triremibus

2068 1405 2201 1460 hinc
2232 1410 2402 1474 atque
2439 1403 2592 1459 illinc
2619 1404 2780 1472 quasi
2819 1404 3086 1459 cornibus
3126 1414 3222 1458 aut
3252 1404 3509 1459 manibus
3542 1403 3657 1458 col-
3692 1414 3701 1419 '

2069 1495 2312 1551 locatis:
2352 1502 2410 1551 et
2456 1495 2514 1548 in
2560 1508 2780 1549 summa
2832 1492 3013 1548 fronte
3047 1494 3401 1562 potissimum
3444 1494 3656 1549 strenui

2070 1594 2238 1654 atque
2276 1585 2493 1639 alacres
2526 1582 2967 1640 constituantur.
3009 1580 3068 1636 In
3103 1582 3279 1653 ipsius
3324 1580 3657 1638 semitirculi

2070 1676 2279 1733 ambitu
2328 1676 2493 1747 quasi
2550 1684 2718 1746 caput
2769 1673 3016 1747 dignitas
3072 1683 3165 1728 tua
3222 1674 3538 1739 consistat,
3598 1684 3659 1730 ut

2070 1774 2255 1829 omnia
2286 1773 2595 1844 perlustres
2618 1809 2634 1835 ,
2668 1771 2911 1826 instruas
2935 1809 2950 1834 ,
2981 1778 3036 1824 et
3070 1769 3426 1825 administres
3447 1807 3462 1832 ,
3493 1779 3548 1823 ct
3579 1771 3656 1825 si-

388 1859 506 1929 μεθ’
540 1854 615 1912 ῶν
671 1860 739 1912 ἂν
775 1858 939 1930 βούλῃ
987 1859 1081 1913 ἐπὶ
1119 1859 1295 1930 τούτῳ
1329 1860 1753 1930 εὐκαιρούντων.
1794 1862 1869 1914 Τὸ
1906 1860 1964 1915 δὲ

2071 1865 2197 1922 cubi
2232 1864 2487 1935 praesidio
2510 1878 2653 1934 Opus
2685 1870 2793 1927 est,
2822 1877 2889 1917 eo
2920 1862 3174 1933 praesidia
3214 1862 3403 1916 mittas
3432 1860 3499 1914 ad
3527 1860 3657 1915 sub-

390 1949 581 2020 σχῆμα
608 1950 670 2002 τὸ
714 1950 992 2020 μηνοειδὲς
1029 1951 1288 2019 γινέσθω,
1329 1951 1469 2004 ὥστε
1497 1953 1621 2015 τοὺς
1659 1953 1968 2022 ἐμπίπτον-

389 2058 489 2104 τας
565 2041 855 2113 πολεμίους
927 2044 1079 2106 ἐντὸς
1142 2042 1528 2096 ἀποκλείεσθαι
1580 2043 1681 2113 τῆς
1752 2042 1966 2098 κυκλώ-

390 2149 553 2196 σεως.

461 2253 564 2317 με’.
603 2238 740 2299 Ποτέ
795 2246 853 2300 δὲ
893 2248 1230 2318 παρατάξεις
1268 2250 1410 2301 κατᾶ
1450 2250 1703 2319 μέτωπον
1758 2250 1847 2302 ἐπ’
1876 2249 1967 2303 εὐ-

387 2337 561 2403 θείας,
597 2336 740 2391 ὥστε
773 2338 962 2409 χρείας
1006 2339 1279 2410 καλούσης
1302 2340 1622 2393 ἐπιπίπτειν
1655 2343 1766 2404 τοῖς
1808 2339 1967 2394 πολε-

387 2432 537 2501 μίοις
560 2432 703 2486 κατὰ
740 2434 990 2503 πρῶραν,
1016 2435 1111 2488 καὶ
1137 2436 1224 2489 διὰ
1250 2433 1346 2490 τοῦ
1379 2436 1549 2507 πυρὸς
1573 2437 1683 2490 τῶν
1713 2434 1966 2504 σιφώνων

386 2524 717 2595 ἐμπυρίζειν
737 2529 835 2589 τὰς
858 2528 1082 2581 ἐκείνων
1114 2528 1267 2592 ναῦς.

458 2642 577 2705 μς¹.
613 2637 752 2690 Ilo-ce
774 2638 829 2691 δέ
849 2639 943 2691 καὶ
980 2641 1061 2704 εἰς
1093 2640 1387 2713 διαφόρους
1414 2640 1741 2712 μερίζεσθαι
1784 2660 1963 2713 παρα-

385 2724 588 2793 τάξεις,
624 2729 742 2798 ήτοι
789 2729 903 2794 δύο,
936 2729 968 2800 ἢ
1011 2732 1161 2801 τρεῖς
1198 2732 1343 2784 κατὰ
1394 2732 1492 2803 τὴν
1549 2734 1824 2804 ποσότητα
1858 2732 1969 2787 τῶν

388 2814 494 2870 ὑπὸ
522 2817 582 2871 σὲ
610 2817 923 2889 δρομὼνων.
971 2821 1081 2874 Καὶ
1131 2822 1230 2899 τῆς
1262 2822 1392 2891 μιᾶς
1425 2823 1786 2894 παρατάξεως
1826 2841 1968 2893 συμ-

388 2910 681 2981 Galatia-1);,
715 2914 749 2981 ἠ
784 2912 916 2982 ἄλλη
959 2914 1292 2967 είσπεσεῖται
1334 2914 1477 2967 κατὰ
1541 2913 1652 2966 τῶν
1692 2914 1968 2983 πολεμίων

385 2999 489 3069 ήδη
520 3000 1008 3071 ἐμπεπλεγμένων,
1044 3002 1077 3073 ἢ
1131 3002 1376 3067 ὄπισθεν,
1421 3002 1456 3071 ἦ
1513 3002 1657 3056 κατὰ
1697 3001 1963 3072 πλευρὰν,

388 3088 483 3143 καὶ
520 3089 611 3143 διὰ
664 3090 766 3162 τῆς
795 3093 1047 3163 βοηθείας
1076 3093 1173 3164 τῆς
1230 3092 1569 3165 ἐπελθούσης
1615 3093 1737 3147 κατ’
1788 3091 1965 3146 αὐτῶν

385 3181 695 3237 ἀπείπωσιν
726 3186 774 3237 oi
804 3184 1054 3255 πολέμιοι
1082 3182 1176 3237 τοῦ
1210 3183 1390 3237 τόνου.

459 3300 567 3369 μς.
608 3296 745 3351 Ποτέ
786 3298 843 3351 δέ
892 3300 985 3351 καὶ
1026 3296 1091 3350 δι’
1142 3295 1553 3367 ἐγκρύμματος.
1617 3292 1964 3348 ’Δποπλανω-

390 3394 569 3467 μένων
597 3394 707 3464 γὰρ
739 3392 849 3446 τῶν
877 3391 1153 3462 πολεμίων
1184 3391 1281 3446 καὶ
1314 3389 1726 3461 ἐμπιπτόντων,
1757 3390 1832 3453 ὡς
1856 3388 1966 3441 ὀλί-

387 3506 505 3557 γοις
552 3490 825 3557 ἁναφανέν
878 3487 1091 3557 ἀθρόως
1122 3487 1184 3540 τὸ
1241 3485 1542 3557 ἐγκρυμμα
1592 3485 1689 3539 καί
1726 3484 1964 3555 θροῆσαν

389 3582 610 3645 αὐτοὺς,
653 3578 874 3633 ἐκλύσει
919 3579 1012 3633 τὸν
1046 3579 1199 3633 τόνον
1240 3578 1340 3649 τῆς
1385 3576 1709 3639 ἐνστάσεως.
1744 3575 1963 3629 ’Δλλοτε

387 3671 444 3725 δὲ
472 3672 539 3725 δι’
564 3671 819 3742 ἐλαφρῶν
850 3670 943 3724 καὶ
963 3670 1198 3741 ταχινῶν
1226 3668 1523 3747 δρομώνων
1549 3667 1965 3739 συμϐαλλόντων

388 3763 575 3826 αὐτοῖς
607 3764 700 3816 καὶ
734 3762 1221 3833 προσποιουμένων
1253 3763 1478 3830 φυγεῖν·
1512 3760 1784 3815 κάκείνων
1813 3762 1870 3814 ἐν
1896 3763 1964 3831 τῇ

384 3850 565 3916 διώξει
595 3852 972 3924 κοπουμένων,
1008 3854 1103 3906 καὶ
1141 3852 1480 3922 βιαζομένων
1523 3852 1651 3921 μὲν,
1693 3851 1767 3923 μὴ
1793 3869 1963 3905 κατα-

385 3943 774 4015 λαμϐανόντων
820 3946 1035 4009 δέ·τοὺς
1083 3945 1405 4015 φεύγοντας,
1452 3943 1485 4015 ἢ
1530 3944 1623 3998 καί
1680 3962 1841 3998 τινων
1866 3945 1965 4015 τῆς

390 4033 678 4105 συνεχείας
704 4035 1163 4107 ἀποτεμνομένων
1187 4036 1365 4107 ἕτεροί
1401 4053 1493 4090 σου
1528 4035 1805 4107 δρόμωνες
1834 4036 1964 4091 ἄκοσ-

388 4143 479 4179 ποι
510 4125 605 4180 καὶ
632 4116 1081 4199 ἁναπεπαυμένοι
1108 4127 1248 4181 κατὰ
1270 4127 1378 4182 τῶν
1404 4127 1769 4181 κατασκόπων
1791 4128 1967 4198 ὁρμή-

387 4234 580 4281 σαντες
614 4219 943 4289 αἱρήσουσιν
972 4210 1197 4283 αὖτούςο
1302 4220 1351 4272 εί
1379 4219 1474 4273 καὶ
1518 4218 1586 4272 τὰ
1618 4218 1820 4272 δυνατὰ
1856 4219 1965 4273 τῶν

385 4310 597 4382 ἐχθρῶν
619 4311 779 4364 πλοῖα
808 4312 1103 4384 παρελθεῖν
1136 4311 1365 4381 ἰσχύσας
1395 4328 1477 4374 τις
1500 4313 1613 4375 τοῖς
1640 4311 1967 4366 ἀσθενεστέ-

393 4400 505 4469 ροις
527 4398 751 4472 ἐπιτεθῇ
770 4416 784 4431 ο
816 4402 948 4455 ποτέ
974 4394 1029 4455 δὲ
1071 4399 1366 4472 συμϐαλὼν
1417 4403 1514 4456 καὶ
1536 4399 1736 4465 ἱκανῶς
1764 4403 1829 4456 ἐκ
1857 4419 1969 4473 χει-

391 4490 485 4562 ρδς
536 4491 854 4564 πολεμήσας
900 4496 1018 4557 ταῖς
1065 4494 1341 4557 ἐναντίαις
1386 4494 1545 4549 ναυσὶ
1573 4496 1741 4566 μέχρι
1790 4495 1968 4565 ἄκρας

1990 3242 2037 3304 C

2072 1960 2336 2017 levandos
2366 1974 2465 2015 eos
2492 1958 2715 2014 idonea.
2743 1959 2873 2011 Haec
2914 1957 3106 2011 lunata
3146 1954 3325 2010 forma
3364 1954 3433 2009 ad
3468 1952 3658 2008 hostes

2071 2052 2589 2109 circumcludendos
2622 2049 2977 2121 potissimum
3012 2048 3177 2104 valet.

2138 2258 2231 2313 45.
2272 2255 2556 2313 Interdum
2591 2253 2828 2309 frontem
2857 2252 3057 2309 classis
3083 2251 3350 2307 directam
3384 2251 3654 2315 instrues,

2070 2356 2130 2403 ut
2156 2348 2248 2403 ubi
2280 2361 2414 2402 usus
2446 2345 2587 2400 t‘erat
2618 2345 2675 2399 in
2722 2344 2967 2398 hustium
3008 2356 3203 2412 proras
3245 2341 3441 2403 irruat,
3483 2349 3535 2395 et
3575 2339 3654 2395 si-

2066 2438 2345 2511 phonibus
2409 2437 2593 2507 ignem‘
2659 2431 3026 2505 ‘ejicicntibus
3077 2447 3243 2488 naves
3301 2430 3520 2487 illorum
3572 2430 3658 2485 in-

2068 2531 2291 2587 cendat.

2141 2644 2232 2698 t6.
2276 2640 2559 2697 Interdum
2596 2641 2649 2695 in
2696 2641 2947 2696 diversas
2994 2638 3314 2693 tribuantur
3341 2635 3491 2692 acies
3519 2634 3660 2689 duas

2070 2741 2164 2787 aut
2185 2741 2320 2799 tres,
2357 2738 2457 2801 pro
2482 2738 2718 2786 numero
2762 2730 3066 2785 triremium
3107 2744 3228 2797 qua:
3264 2727 3317 2781 in
3348 2727 3526 2781 classe
3564 2720 3660 2779 tua

2068 2833 2199 2880 sunt
2246 2842 2263 2879 :
2326 2838 2566 2892 cumque
2612 2836 2721 2876 una
2768 2837 2893 2875 cum
2950 2820 3205 2874 hostibus
3266 2817 3656 2883 dimicaverit,

2068 2914 2241 2969 altera
2273 2914 2327 2967 in
2370 2913 2562 2967 hostes
2601 2911 2714 2981 jam
2751 2911 2975 2981 iunctos
3017 2911 3134 2966 sive
3165 2909 3233 2964 ad
3264 2910 3432 2971 latus,
3481 2909 3597 2963 sive
3625 2921 3657 2961 α

2068 3016 2221 3077 tergo
2247 3004 2457 3069 irruat;
2490 3001 2566 3056 ita
2597 3002 2707 3068 ﬁet,
2744 3010 2804 3056 ιι
2833 3001 2950 3056 haec
2978 3000 3225 3055 subsidia
3260 2998 3328 3053 ad
3364 2997 3662 3054 defenden-

2067 3096 2191 3152 dam
2244 3093 2479 3165 primam
2521 3092 2694 3149 aciem
2750 3092 2945 3159 missa,
2998 3091 3066 3146 ab
3096 3090 3346 3147 hostibus
3397 3087 3658 3145 sustineri

2068 3193 2364 3257 nequeant.

2141 3300 2233 3354 47.
2270 3296 2554 3354 Interdum
2589 3296 2804 3352 insidia:
2827 3304 3185 3367 apparentur.
3219 3299 3357 3354 Cum
3380 3299 3531 3356 enim
3563 3315 3661 3355 va-

2071 3399 2271 3464 gantur
2302 3392 2511 3453 hostes,
2537 3398 2593 3444 et
2627 3389 2681 3443 in
2715 3398 2963 3453 nostros,
3003 3404 3146 3458 quos
3176 3406 3386 3459 paucos
3419 3407 3545 3448 esse
3576 3392 3660 3447 vi-

2071 3486 2224 3550 dent,
2254 3482 2541 3547 invadunt,
2574 3482 2762 3538 subito
2790 3482 2872 3536 ha:
2896 3482 3330 3539 intervenientes
3363 3485 3578 3541 insidia:
3604 3494 3659 3539 et

2073 3578 2314 3633 hostium
2352 3569 2585 3634 classem
2620 3574 3030 3645 perturbantes,
3055 3588 3220 3630 omne
3244 3576 3410 3631 robur
3438 3576 3656 3631 illorum

2072 3668 2456 3724 debilitabunt.
2490 3667 2767 3722 Interdum
2804 3680 2934 3723 vero
2962 3666 3231 3736 expeditis
3281 3676 3335 3722 et
3382 3667 3659 3723 celeribus

2072 3761 2388 3817 triremibus
2435 3752 2860 3829 conﬂigentibus
2911 3767 2968 3813 et
3009 3758 3195 3829 fugam
3250 3766 3441 3828 postea
3482 3759 3659 3813 simu-

2074 3852 2333 3917 Iantibus,
2366 3859 2423 3905 et
2456 3850 2706 3905 hostibus
2736 3850 2805 3911 ad
2838 3849 3238 3918 insequendum
3284 3849 3543 3903 omnibus
3571 3863 3661 3903 re-

2072 3945 2180 4001 mis
2221 3944 2646 4015 navigantibus,
2690 3954 2746 4000 ct
2794 3944 3175 4014 prementibus
3232 3960 3369 4014 pene
3418 3958 3655 4014 semper,

2072 4037 2167 4091 sed
2200 4052 2481 4107 nunquam
2514 4036 3004 4092 intervertentibus
3034 4050 3132 4090 eos
3164 4050 3306 4106 quos
3350 4036 3657 4103 insequun-

2076 4138 2185 4195 tur,
2229 4130 2348 4185 alia:
2391 4138 2505 4193 tum
2561 4129 2814 4186 triremes
2846 4136 3097 4185 recentes
3134 4138 3188 4184 et
3227 4127 3454 4182 minime
3495 4134 3656 4181 antea

2075 4221 2404 4289 exercitatae,
2437 4233 2533 4277 eos
2562 4230 2679 4276 tum
2715 4236 2817 4276 nec
2845 4222 3070 4291 opinato
3101 4220 3450 4284 adoriantur,
3488 4230 3658 4289 atque

2076 4314 2210 4369 adeo
2242 4313 2366 4370 illos
2394 4314 2613 4383 capiant
2640 4332 2655 4368 :
2691 4313 2775 4369 vel
2803 4314 2849 4368 si
2880 4314 3007 4384 quis
3034 4313 3425 4368 instructiores
3464 4310 3658 4365 fortio-

2076 4420 2277 4475 resque
2309 4404 2552 4460 hostium
2603 4416 2773 4461 naves
2805 4402 3231 4474 praetermittat,
3273 4402 3573 4459 debiliores
3604 4410 3660 4456 et
3688 4443 3695 4447 .

2057 4494 2464 4565 .imparatiores
2492 4494 2696 4564 capiat.
2738 4493 3020 4549 Interdum
3052 4494 3309 4549 cominus
3343 4502 3402 4548 et
3436 4506 3660 4548 conser-

388 4582 704 4652 κοπώσεως,
735 4585 1074 4657 ἁποπλήξεις
1121 4586 1218 4657 μὲν
1251 4587 1376 4649 τοὺς
1416 4586 1723 4658 δρόμωνας,
1749 4584 1966 4658 ἐτέρους

2078 4588 2147 4644 tis
2176 4588 2429 4642 manibus
2451 4604 2574 4643 cum
2598 4587 2753 4643 hoste
2776 4587 3074 4657 conﬂigens
3096 4587 3405 4659 usquedum
3424 4587 3659 4641 obscura

386 4672 445 4727 δὲ
483 4673 647 4727 πάλιν
682 4674 989 4745 ἐπαφήσεις
1043 4678 1156 4739 τοῖς
1188 4673 1472 4744 πολεμίοις
1502 4671 1811 4744 εὐρώστους
1858 4672 1966 4735 τοῖς

2071 4695 2178 4734 nox
2206 4686 2310 4746 est,
2348 4678 2483 4733 alias
2512 4693 2543 4731 a
2570 4678 2760 4734 labore
2796 4694 3001 4733 vacuas
3032 4688 3089 4731 et
3126 4686 3376 4732 recentes
3404 4674 3659 4729 triremes

386 4766 794 4837 κεκοπωμένοις
859 4767 951 4820 καὶ
1005 4766 1279 4820 ἐκλυθεῖσι
1337 4767 1426 4819 τὸν
1480 4765 1630 4818 τόνον
1692 4764 1803 4817 ἀπὸ
1867 4764 1966 4834 τῆς

2071 4784 2417 4845 strenuasa'c
2445 4773 2707 4828 robustas
2738 4773 3027 4836 immittes,
3052 4786 3174 4841 qua:
3194 4770 3414 4825 illorum
3454 4769 3507 4822 in
3527 4781 3662 4838 prae-

389 4858 604 4929 μάχης,
666 4860 761 4911 καὶ
815 4857 989 4922 οὕτως
1024 4858 1121 4930 τὴν
1180 4857 1303 4912 κατ’
1356 4857 1536 4911 αὐτῶν
1585 4857 1741 4923 νίκην
1810 4874 1966 4926 περι-

2071 4864 2146 4919 lio
2187 4863 2532 4919 feracitatem
2583 4846 2823 4918 omnem
2857 4865 3247 4929 comprimam,
3306 4868 3472 4929 atque
3521 4855 3659 4913 adeo

386 4951 612 5021 ποιήτῃ,
670 4951 905 5020 μάλιστα
955 4950 1050 5003 καὶ
1107 4950 1265 5003 τοῦτο
1315 4949 1547 5017 γίνεται,
1598 4949 1726 5001 ὅταν
1776 4964 1966 5018 περιτ-

2071 4956 2356 5011 victoriam
2391 4956 2461 5013 de
2504 4955 2616 5010 illis
2666 4959 2915 5024 reportes
2947 4970 2960 5006 :
2994 4952 3102 5007 hoc
3151 4952 3504 5021 potissimum
3544 4950 3661 5014 lict,

385 5040 553 5115 τεύῃς
613 5042 775 5106 αὐτὸς
822 5042 900 5114 τῷ
941 5042 1135 5109 πλήθει
1198 5042 1309 5095 τῶν
1342 5038 1636 5114 δρομώνων
1671 5041 1811 5110 ὑπὲρ
1845 5041 1966 5103 τοὺς

2076 5046 2169 5101 ubi
2238 5048 2425 5102 hostes
2480 5044 2834 5105 multitudine
2890 5053 3056 5113 atque
3110 5051 3379 5114 apparatu
3432 5042 3658 5097 navium

388 5135 705 5207 πολεμίους.

459 5257 569 5320 μη’.
612 5248 751 5304 Ποτέ
778 5248 834 5302 δὲ
864 5249 1056 5318 φυγεῖν
1082 5246 1548 5317 προσποιούμενος
1574 5247 1714 5317 μετὰ
1741 5245 1964 5317 δρομώ-

387 5358 495 5396 νων
527 5339 765 5410 ταχινῶν
805 5339 941 5410 πρὸς
989 5338 1171 5403 δίωξιν
1202 5338 1475 5410 ἐκκαλέσῃ
1518 5340 1645 5401 τοὺς
1676 5338 1972 5409 πολεμίους

390 5433 531 5487 κατὰ
587 5430 843 5502 πρύμναν
885 5430 1027 5501 ἔχων
1073 5427 1292 5492 αὐτούς.
1329 5430 1589 5483 Κὰκεῖνοι
1624 5430 1972 5499 ὁρμήσαντες

386 5525 604 5579 διώκειν
628 5524 939 5578 διαλύσουσι
973 5522 1069 5595 τὴν
1087 5521 1239 5587 τάξιν
1267 5521 1467 5574 αὐτῶν.
1500 5521 1611 5574 Καὶ
1633 5520 1807 5586 οὕτως
1836 5522 1968 5577 ἀνθ-

388 5616 737 5689 υποστρέψας
802 5616 966 5686 τάχος
1035 5614 1461 5686 διεσπαρμένοις
1525 5614 1633 5675 τοῖς
1685 5612 1965 5679 διώκουσι,

394 5709 630 5777 μάλιστα
663 5707 757 5761 καὶ
787 5709 947 5761 πλέον
982 5706 1204 5761 ἐκείνων
1224 5707 1510 5778 δρόμωνας
1536 5705 1699 5776 ἔχων,
1726 5707 1968 5780 ἐπέλθῃς

389 5801 571 5868 αὐτοῖς
631 5802 774 5856 κατὰ
834 5801 1061 5874 πρῶραν
1094 5802 1183 5855 καὶ
1221 5800 1252 5871 ἢ
1305 5800 1427 5855 καθ’
1475 5800 1655 5870 ἐνα,ἢ
1704 5802 1843 5855 κατὰ
1875 5802 1968 5854 δύο

2075 5134 2235 5210 longe
2264 5138 2637 5210 superaveris.

2147 5250 2235 5303 48.
2291 5250 2570 5306 Interdum
2626 5250 2805 5321 lugam
2856 5249 3124 5305 simulans
3152 5260 3289 5301 cum
3345 5238 3662 5299 triremibus

2076 5341 2351 5397 celeribus
2395 5350 2563 5410 atque
2594 5341 2864 5407 incitatis,
2918 5341 2984 5395 ad
3034 5336 3445 5409 persequendas
3490 5344 3664 5390 naves

2077 5440 2202 5487 tuas
2236 5432 2423 5487 hostes
2454 5433 2694 5502 quodam
2724 5432 2889 5489 modo
2934 5430 3289 5503 provocabis,
3341 5441 3520 5499 puppe
3570 5436 3662 5479 tua

2079 5525 2148 5580 ad
2188 5524 2312 5579 illos
2350 5538 2642 5579 conversa.
2675 5525 2755 5580 Illi
2783 5533 2970 5582 autem
3005 5524 3073 5579 ad
3103 5522 3507 5593 insequendum
3532 5533 3662 5573 con-

2077 5615 2249 5678 citati,
2289 5613 2450 5669 facile
2489 5614 2663 5668 aciem
2724 5616 3051 5668 instructam
3095 5612 3441 5667 dissolvent:
3475 5607 3663 5693 itaque

2078 5718 2135 5763 tu
2157 5708 2362 5777 inillos
2383 5706 2661 5776 dispersos
2686 5705 3101 5775 dissipatosque
3137 5705 3319 5759 irrues
3339 5741 3355 5766 ,
3387 5706 3441 5756 ct
3478 5688 3663 5763 plures

2076 5816 2245 5870 quam
2292 5800 2368 5855 illi
2406 5801 2661 5855 triremes
2688 5813 2814 5853 cum
2852 5797 3054 5851 habeas
3080 5835 3096 5859 ,
3132 5794 3270 5848 dua‘s
3302 5798 3397 5847 aut
3448 5792 3562 5846 t‘res
3596 5788 3663 5841 ad
