4120 6448
486 336 624 415 1007

1715 361 1992 422 LEOle
2038 340 2502 423 PHILOSOPHI

3606 371 3755 443 1003

480 486 932 542 unamquamque
971 471 1187 526 illorum
1222 472 1504 527 triremem
1533 455 1822 543 separatis,
1855 476 1924 530 de
1959 478 2038 530 ho-

2163 472 2388 541 ἐπάγων
2419 475 2546 538 τοὺς
2572 475 2696 540 σοὺς
2721 477 3006 549 δρόμωνας
3043 479 3122 550 τῷ
3155 481 3234 534 ἐνὶ
3268 477 3438 555 πλοίῳ
3463 480 3572 540 τῶν
3602 489 3764 544 πολε-

481 564 663 620 stibus
689 553 1088 634 nullonegotio
1122 565 1410 620 victoriam
1445 569 1775 637 reportabis.

519 719 521 723 λ
550 655 638 710 49.
671 657 872 711 Navale
895 657 1141 726 praelium
1176 672 1301 714 cum
1329 658 1580 718 hostibus
1613 662 1924 718 faciendum
1956 674 2060 731 est,

478 747 562 801 ‘vel
616 748 708 804 ubi
763 750 1062 821 contigerit
1115 752 1242 808 illos
1301 754 1648 825 naufragium
1707 756 1908 827 facere,
1975 762 2071 814 vel'

478 837 700 907 quando
731 847 1058 910 tempestate
1090 843 1276 914 aliqua
1311 848 1628 902 conturbati
1685 851 2058 921 elauguerint,

477 927 560 981 vel
605 936 770 983 noctu
828 930 1189 989 incendenda:
1241 935 1460 990 illorum
1516 953 1682 994 naves
1732 950 1863 995 sunt
1904 961 1916 996 :
1973 943 2057 998 vel

475 1019 696 1088 quando
719 1019 775 1074 in
803 1024 1180 1082 continentem
1217 1035 1419 1083 terram
1452 1031 1638 1087 hostes
1664 1033 2051 1100 discesserint,

473 1112 558 1165 vel
609 1116 1074 1182 quemadmodum
1133 1125 1520 1190 opportunitas
1561 1141 1741 1180 rerum
1777 1143 1837 1183 se
1872 1128 2052 1196 oﬂ‘ert,

473 1201 838 1272 irruptionem
874 1209 1056 1266 facere
1086 1221 1322 1281 oportet.
1932 1218 1936 1222 ’

447 1362 449 1364 η
540 1295 629 1348 50.
662 1296 799 1352 Nam
850 1315 976 1355 cum
1017 1318 1214 1375 magna
1276 1307 1512 1362 varietas
1555 1309 1810 1368 humana:
1855 1317 2054 1372 mentis

471 1385 732 1450 sit,ltaud
762 1390 920 1447 facile
940 1404 1024 1449 est
1057 1394 1280 1453 futuros
1311 1414 1496 1455 rerum
1530 1412 1762 1460 eventus
1799 1408 1880 1460 vel
1911 1423 2054 1478 prae-

472 1478 622 1535 scire
654 1481 915 1552 aliquem,
953 1487 1036 1542 vel
1068 1489 1392 1558 praedicere.
1431 1493 1622 1565 Itaque
1648 1497 1762 1553 ﬁeri
1791 1516 1901 1556 non
1935 1513 2054 1571 pot-

469 1577 578 1635 est,
611 1579 669 1624 ut
699 1584 894 1631 contra
922 1594 1114 1637 omnes
1141 1582 1403 1640 classium
1430 1591 1818 1658 apparationes
1842 1596 2050 1665 aliquid

467 1662 524 1716 in
555 1667 808 1730 praesenti
842 1672 1172 1727 tractatione
1203 1677 1528 1747 explicetur,
1566 1683 1660 1738 sed
1707 1684 1777 1738 ad
1807 1662 2048 1744 divinam

466 1756 868 1821 providentiam
923 1761 1037 1818 haec
1065 1765 1355 1824 referenda
1415 1783 1580 1839 sunt,
1627 1781 2050 1853 precandusque

463 1845 612 1903 Deus
636 1861 741 1916 est,
770 1861 830 1906 ut
863 1853 1181 1924 hujusmodi
1215 1865 1556 1930 temporibus
1583 1845 1974 1940 incidentibus,
1993 1887 2047 1932 et

462 1939 771 1999 deliberent
800 1956 858 2000 et
885 1950 1129 2020 cogitent
1158 1960 1212 2007 et
1241 1953 1618 2029 eﬂiciantqute
1651 1939 2044 2025 utilissimaac

462 2039 938 2104 opportunissima
965 2055 1114 2100 sunt.

531 2125 621 2180 5|.
659 2128 841 2186 Multa:
881 2135 1197 2194 molitioncs
1229 2150 1340 2196 tum
1384 2145 1456 2200 ab
1487 2149 1901 2219 antiquioribus
1926 2163 2040 2210 tum

458 2231 487 2270 a
522 2221 922 2281 recentioribus
963 2229 1040 2282 rei
1091 2231 1348 2290 militaris
1393 2240 1610 2307 peritis,
1683 2253 1798 2298 tum
1845 2257 2041 2304 contra

455 2316 625 2367 naves
663 2321 775 2368 tum
823 2327 1017 2373 contra
1062 2335 1261 2381 nautas
1303 2328 1456 2396 ipsos
1491 2334 1816 2404 excogitatae
1865 2349 2037 2394 sunt:

453 2401 615 2470 cujus
663 2409 887 2476 generis
933 2423 1100 2478 sunt,
1161 2417 1302 2487 ignis
1350 2436 1475 2474 cum
1527 2427 1734 2481 tonitru
1788 2436 1843 2484 et
1889 2432 2040 2486 furno

453 2493 626 2564 lgnitu
655 2513 756 2565 per
781 2501 1043 2572 siphones
1070 2509 1332 2574 emissus,
1357 2522 1410 2568 et
1440 2514 1742 2574 incendens
1772 2536 1966 2578 nares.

525 2666 611 2729 5'2.
654 2641 936 2748 Sagittarii
975 2685 1026 2738 in
1077 2689 1353 2775 puppibus
1384 2701 1437 2747 et
1467 2697 1650 2765 proris
1675 2705 1731 2754 et
1763 2699 2037 2760 lateribus

449 2757 667 2826 duobus
717 2774 949 2844 sagittas
995 2794 1197 2849 parvas
1245 2772 1457 2852 jaciant
1487 2827 1504 2852 ,
1553 2805 1693 2859 quas
1749 2797 2037 2853 musculos

445 2871 666 2918 vocant.

517 3032 605 3096 ΒΞ.
642 3035 809 3102 Feras
837 3061 1134 3108 venenatas
1167 3057 1258 3110 alii
1293 3059 1346 3110 in
1393 3061 1531 3116 ollas
1562 3064 1808 3124 inclusas
1835 3079 2020 3137 πεδία-ι

2081 1817 2208 1902 “se

2171 565 2310 634 μίων
2343 567 2593 636 αἱρήσεις
2627 568 2726 637 τὴν
2756 570 2914 640 νίκην
2943 572 3064 623 κατ’
3091 573 3288 627 αὐτῶν.

2240 654 2349 725 μθ’.
2396 657 2764 724 Προσϐάλλειν
2805 659 2862 711 δὲ
2893 660 3177 730 πολεμίοις
3222 664 3400 733 χρεὼν
3451 667 3510 721 ἐν
3543 685 3762 741 ναυμαο

2165 745 2280 816 χίᾳ,
2309 746 2404 800 καὶ
2433 747 2562 800 ὅταν
2589 749 2730 822 τύχῃ
2777 751 2977 813 αὐτοὺς
3005 755 3336 822 ναυαγῆσαι,
3370 758 3465 810 καὶ
3493 757 3623 812 ὅταν
3648 761 3761 814 ἀπὸ

2165 837 2334 906 ζάλης
2355 839 2820 909 διαταραχθέντες
2869 843 3228 914 ἀτονήσουσιν
3263 847 3400 915 (10),
3435 847 3469 917 ἢ
3505 850 3563 903 ἐν
3598 853 3760 906 νυκτὶ

2161 928 2463 982 ἐπελθόντα
2521 931 2808 1002 ἐμπρῆσαι
2868 933 2969 995 τὰς
3029 935 3256 989 ἐκείνων
3301 937 3454 1003 ναῦς,
3502 940 3535 1009 ἢ
3589 940 3650 995 ἐν
3684 945 3756 1012 τῇ

2160 1022 2342 1092 χέρσῳ
2375 1022 2816 1094 ἀσχολουμένων,
2843 1026 2876 1096 ἢ
2919 1027 2994 1089 ὡς
3025 1028 3090 1080 ἂν
3112 1030 3145 1098 ἡ
3183 1029 3342 1099 χρεία
3382 1029 3624 1099 καλέσοι,
3658 1035 3756 1088 καὶ

2166 1114 2329 1178 αὐτὸς
2361 1114 2673 1186 ἐπινοήσοις
2707 1117 2942 1188 ποιῆσαι
2970 1120 3068 1183 τὰς
3102 1120 3432 1192 προσϐολάς.

2229 1304 2291 1349 ν’.
2334 1297 2592 1368 Ποικίλης
2624 1299 2733 1370 γὰρ
2765 1299 2933 1372 οὔσης
2967 1302 3068 1373 τῆς
3097 1302 3207 1358 τῶν
3254 1304 3560 1377 ἀνθρώπων
3604 1312 3752 1377 γνώ-

2161 1407 2290 1459 μης,
2327 1389 2590 1444 ἀδύνατόν
2633 1409 2755 1446 τινα
2787 1394 2856 1446 τὰ
2895 1393 3163 1461 μέλλσντα
3195 1395 3495 1466 ἐμπίπτειν
3539 1400 3653 1471 (Η)
3689 1403 3751 1454 ἐν

2157 1480 2277 1540 ταῖς
2307 1479 2588 1543 τοιαύταις
2621 1482 2995 1550 παρατάξεσιν
3027 1483 3059 1552 ἦ
3096 1487 3517 1555 προγινώσκειν,
3545 1490 3577 1561 ἢ
3611 1508 3748 1562 προι-

2154 1570 2334 1639 λέγειν
2364 1572 2604 1628 ἅπαντα.
2637 1575 2730 1628 Διὸ
2755 1577 2876 1629 οὐδὲ
2913 1577 3014 1640 τὰς
3049 1577 3173 1631 κατ’
3216 1581 3398 1635 αὐτῶν
3433 1584 3749 1654 μεθοδεύειν

2153 1665 2616 1737 ἀντιπαρατάξεις
2651 1670 2710 1722 ἐν
2756 1668 2834 1740 τῷ
2880 1671 3112 1742 παρόντι
3143 1672 3290 1742 λόγῳ
3318 1675 3568 1742 δυνατὸν,
3608 1680 3748 1734 ἀλλὰ

2152 1756 2252 1826 τῆς
2309 1757 2460 1821 θείας
2520 1759 2740 1814 ἅπαντα
2783 1759 2958 1818 ταῦτα
3024 1766 3284 1836 προνοίας
3333 1769 3596 1841 ἀναρτᾷν,
3650 1775 3747 1828 καὶ

2186 1848 2372 1903 έεσθαι
2419 1849 2513 1903 τοῦ
2544 1850 2680 1904 Θεοῦ
2702 1893 2716 1918 ,
2750 1853 2838 1908 ἵνα
2865 1855 2924 1907 ἐν
2961 1857 3076 1919 τοῖς
3120 1858 3386 1922 τοιούτοις
3432 1860 3581 1926 ὀξέσι
3622 1882 3746 1921 και-

2153 1943 2267 2010 ροῖς
2299 1943 2396 1995 καὶ
2433 1942 2786 2012 βουλεύεσθαι
2835 1945 3062 2002 δύναταί
3115 1965 3200 2013 τις
3248 1951 3343 2004 καὶ⁵
3377 1951 3642 2024 πράττειν
3673 1958 3744 2013 τά

2148 2031 2363 2086 δέοντα.

2219 2122 2324 2176 να’.
2368 2124 2550 2179 Πολλά
2599 2125 2658 2179 δὲ
2710 2127 2803 2180 καὶ
2857 2128 3270 2203 ἐπιτηδεύματα
3320 2138 3434 2199 τοῖς
3489 2137 3742 2206 παλαιοῖς

2147 2217 2242 2271 καὶ
2278 2217 2342 2289 δὴ
2370 2219 2465 2273 καὶ
2495 2221 2609 2282 τοῖς
2654 2221 2940 2293 νεωτέροις
2967 2225 3238 2296 ἐπενοήθη
3280 2229 3422 2282 κατὰ
3453 2231 3560 2284 τῶν
3583 2232 3742 2287 πολε-

2149 2309 2324 2377 μικῶν
2367 2310 2568 2365 πλοίων
2603 2313 2697 2365 καὶ
2729 2313 2840 2368 τῶν
2875 2315 2935 2368 ἐν
2959 2317 3143 2380 αὐτοῖς
3173 2318 3587 2391 πολεμούντων.
3609 2320 3739 2379 Οἷον

2145 2401 2204 2453 τό
2239 2420 2296 2454 τε
2343 2406 2748 2474 ἐσκευασμένον
2790 2407 2902 2480 πῦρ
2947 2412 3088 2481 μετά
3129 2412 3358 2486 βροντῆς
3401 2420 3496 2472 καὶ
3525 2420 3736 2475 καπνοῦ

2145 2492 2447 2566 προπείρου
2490 2496 2579 2551 διὰ
2629 2499 2741 2553 τῶν
2779 2500 3032 2570 σιφώνων
3078 2508 3454 2578 πεμπόμενον,
3501 2511 3597 2565 καὶ
3635 2529 3736 2567 κα-

2143 2585 2333 2650 πνίζον
2359 2587 2516 2643 αὐτά.

2213 2675 2313 2746 νβ’.
2357 2673 2467 2732 Καὶ
2520 2680 2926 2757 τοξοὸολίστραι
2973 2681 3028 2740 δὲ
3061 2683 3117 2743 ἕν
3157 2708 3216 2744 τε
3251 2685 3375 2757 ταῖς
3419 2695 3732 2765 πρύμναις,

2142 2768 2234 2821 καὶ
2275 2771 2394 2833 ταῖς
2445 2770 2713 2844 πρώραις,
2763 2773 2859 2830 καὶ
2893 2781 3036 2834 κατὰ
3081 2782 3188 2836 τῶν
3232 2784 3326 2837 δύο
3356 2785 3605 2858 πλευρῶν
3635 2789 3732 2842 τοῦ

2139 2854 2416 2933 δρόμωνος
2469 2861 2860 2937 ἐκπέμπουσαι
2906 2872 3166 2942 σαγίττας
3201 2877 3401 2947 μικρὰς
3452 2854 3549 2943 τάς
3582 2880 3733 2951 λεγο-

2143 2951 2311 3021 μένας
2349 2956 2534 3024 μυίας.

2206 3049 2307 3113 νγ’.
2359 3049 2468 3101 Καὶ
2548 3048 2711 3123 θηρία
2772 3055 2948 3126 ἕτεροι
3005 3059 3307 3128 ἐπενόησαν
3373 3063 3432 3112 ἐν
3495 3062 3728 3134 χύτραις

444 3133 601 3201 haut,
637 3143 691 3190 et
727 3138 782 3192 in
823 3141 1060 3197 hostium
1096 3162 1262 3202 naves
1302 3149 1649 3223 injiciebant,
1698 3168 1758 3213 ut
1809 3133 2036 3234 serpen-

2141 3136 2520 3209 κεκλεισμένα,
2570 3145 2664 3197 καὶ
2700 3146 2840 3200 κατά
2880 3147 2989 3201 τῶν
3042 3149 3244 3204 πλοίων
3292 3153 3403 3206 τῶν
3444 3153 3731 3224 ,πολεμίων

445 3233 546 3289 tes,
609 3243 802 3297 uepas,
843 3234 1117 3302 scorpios,
1167 3247 1219 3291 et
1274 3239 1439 3311 hujus
1475 3248 1694 3314 generis
1744 3254 2028 3310 mortifera

443 3317 770 3387 animantia,
810 3338 931 3392 quae
980 3327 1025 3380 si
1061 3337 1375 3400 tangantur,
1429 3339 1704 3406 mordent,
1738 3350 1793 3399 et
1824 3362 2034 3407 veneno

441 3421 543 3464 suo
577 3411 767 3470 hostes
801 3415 1165 3476 interﬁciunt.

514 3572 604 3626 54.
649 3574 798 3629 Ollas
827 3579 981 3634 calce
1019 3583 1141 3637 viva
1177 3586 1371 3655 plenas
1401 3592 1498 3646 alii
1524 3567 1802 3665 injiciunt,
1829 3597 2031 3672 quibus

440 3662 766 3730 confractis,
800 3668 969 3723 calcis
993 3672 1132 3728 viva:
1155 3677 1340 3744 pulvis
1367 3662 1673 3753 dissipatus
1710 3662 1948 3748 suﬂocat
1972 3705 2027 3750 et

441 3757 748 3823 strangulat
783 3760 1002 3830 hostes,
1033 3773 1088 3818 et
1124 3781 1322 3839 magno
1355 3772 1421 3826 ad
1457 3777 1819 3845 prrliandum
1854 3785 2030 3857 impe-

438 3845 684 3901 dimento
722 3858 828 3906 est.

508 3932 596 3986 55.
644 3934 879 4003 Tribuli,
927 3942 980 3996 id
1026 3957 1133 4013 est,
1181 3951 1422 4008 murices
1454 3954 1645 4014 ferrea:
1697 3963 1753 4017 in
1785 3965 2026 4022 hostium

436 4040 629 4082 navem
666 4033 936 4102 conjecta:
967 4054 1076 4093 non
1116 4054 1307 4109 parum
1343 4058 1546 4103 vexant
1573 4053 1724 4121 illos,
1759 4066 1813 4111 et
1845 4059 1913 4112 ad
1943 4044 2028 4114 di-

432 4117 786 4177 micationem
827 4125 1240 4196 ingrediendam
1304 4151 1640 4210 magnopere
1691 4117 2021 4218 impediunt.

2140 3229 2442 3300 ῥιπτόμενα
2466 3249 2477 3261 ·
2510 3229 2622 3288 οἷον
2650 3235 2826 3305 ὄφεις,
2859 3240 2956 3293 καὶ
2987 3241 3224 3311 ἐχίδνας,
3250 3245 3344 3297 καὶ
3374 3246 3608 3315 σαύρας,
3633 3249 3732 3301 κα)⁸

2138 3322 2456 3391 σκορπίους,
2491 3326 2587 3379 καὶ
2629 3327 2697 3380 τά
2732 3329 2894 3398 ὃμοια
2923 3332 3130 3386 τούτων
3178 3336 3379 3401 ίοϐόλα,
3405 3330 3481 3392 ὧν
3513 3354 3731 3410 συντρι-

2136 3413 2383 3483 ϐομένων
2421 3417 2490 3470 τὰ
2547 3417 2712 3489 Θηρία
2743 3421 3001 3478 δάκνουσι
3051 3427 3143 3478 καὶ
3199 3427 3596 3500 συμφθείρουσι
3641 3431 3732 3485 διὰ

2133 3503 2228 3557 τοῦ
2259 3505 2337 3559 ίοῦ
2362 3509 2488 3571 τοὺς
2515 3509 2809 3580 πολεμίους
2837 3509 3043 3570 ἔσωθεν
3074 3519 3184 3571 τῶν
3217 3521 3436 3573 πλοίων.

2204 3598 2296 3653 νδ’.
2339 3600 2449 3652 Καὶ
2479 3601 2685 3671 χύτρας
2706 3604 2764 3658 δέ
2799 3605 2916 3660 ἀλλ’
2947 3608 3041 3673 οὓς
3071 3611 3339 3665 ἀσϐέστου
3372 3615 3588 3684 πλήρης
3611 3617 3726 3686 (ιε)

2131 3681 2208 3741 ὧν
2245 3691 2585 3761 ῥιπτομένων
2619 3696 2714 3748 καὶ
2768 3699 3229 3771 συντριϐομένων,
3260 3706 3288 3756 ὁ
3329 3681 3723 3775 τῆς

2131 3780 2304 3850 ἀτμὸς
2360 3785 2661 3855 συμπνίγει
2713 3790 2810 3844 καὶ
2838 3793 3076 3858 σκοτίζει
3119 3797 3244 3860 τοὺς
3276 3797 3590 3870 πολεμίους,
3630 3801 3726 3854 καὶ

2135 3871 2280 3940 μέγα
2303 3874 2560 3944 ἐμπόδιον
2592 3880 2825 3948 γίνεται.

2203 3973 2297 4021 vs’.
2338 3965 2450 4021 Καὶ
2499 3971 2742 4041 τρίὸολοι
2793 3972 2851 4028 δὲ
2888 3973 3107 4048 σιδηραῖ
3148 3975 3474 4049 ριπτόμεναι
3521 3982 3579 4034 ἐν
3613 3981 3726 4048 τοῖς
3813 4063 3818 4067 1

2131 4057 2338 4122 πλοίοις
2364 4060 2470 4114 τῶν
2501 4062 2782 4133 πολεμίων
2811 4069 2870 4121 ού
2906 4069 3082 4140 μικρά
3122 4071 3460 4139 λυπήσουσιν
3487 4075 3721 4137 αὐτοὺς,

2129 4148 2222 4201 καὶ
2252 4149 2643 4219 ἐμποδίσουσιν
2676 4156 2812 4228 πρὸς
2841 4158 2931 4214 τὸν
2961 4160 3100 4216 κατά
3123 4161 3222 4233 τὴν
3252 4163 3402 4233 ὥραν
3432 4165 3723 4233 ὀφείλοντα

2126 4240 2335 4308 ἀγῶνα.

2198 4339 2305 4396 νς’.
2355 4332 2548 4407 Ἡμεῖς
2577 4334 2634 4393 δὲ
2665 4341 2961 4415 κελεύομεν
2985 4349 3081 4400 καὶ
3113 4347 3284 4418 πυρὸς
3311 4349 3720 4421 ἐσκευασμένου

2127 4423 2357 4494 πλήρεις
2401 4429 2786 4496 ἀκοντίζεσθαι
2822 4438 2916 4488 καὶ
2947 4439 3154 4509 χύτρας
3199 4441 3345 4494 κατά
3371 4441 3470 4512 τὴν
3501 4443 3722 4496 ὑποδει-

2050 4497 2096 4554 D
2119 4513 2346 4584 χθεῖσαν
2371 4518 2593 4588 μέθοδον
2637 4523 2736 4592 τῆς
2766 4497 3305 4594 αὐτῶνησκευασίας.
3360 4497 3463 4586 'qu
3499 4551 3717 4603 συντρι-

2117 4607 2369 4678 ϐομένων
2399 4613 2895 4687 ἐμπρησθήσεσθαι
2929 4621 3129 4692 ῥᾳδίως
3162 4626 3232 4676 τὰ
3275 4624 3437 4678 πλοῖα
3471 4625 3578 4678 τῶν
3612 4645 3712 4680 πο-

2118 4699 2175 4751 λε
2183 4700 2342 4771 μίων.

2188 4789 2287 4856 νζ’.
2322 4793 2645 4864 Χρήσασθαι
2690 4792 2747 4852 δὲ
2793 4802 2890 4857 καὶ
2937 4806 3001 4874 τῇ
3038 4801 3173 4877 ἄλλῃ
3225 4806 3436 4880 μεθόδῳ
3484 4810 3594 4863 τῶν
3625 4810 3714 4865 διὰ

2116 4887 2300 4956 χειρὸς
2353 4888 2702 4960 βαλλομένων
2751 4897 2969 4964 μικρῶν
3019 4901 3272 4970 σιφιὶινων
3316 4902 3546 4956 ὄπισθεν
3599 4903 3711 4957 τῶν

2118 4977 2356 5048 σιδηρῶν
2387 4983 2724 5052 σκουταρίων
2755 4988 2906 5059 παρὰ
2952 4987 3061 5043 τῶν
3096 4995 3447 5065 στρατιωτῶν
3479 5015 3696 5067 κρατου-

2117 5067 2318 5136 μένων,
2347 5071 2492 5140 ἃπερ
2537 5078 2903 5146 χειροσίφωνα
2951 5083 3192 5152 λέγεται,
3227 5087 3380 5154 παρά
3414 5089 3512 5157 τῆς
3548 5091 3709 5158 ἡμῶν

2120 5133 2128 5135 ἡ
2305 5133 2312 5136 .
2462 5133 2474 5140 .
2537 5133 2566 5144 ,.
2624 5133 2634 5146 .
2759 5133 2771 5146 .
2879 5133 2882 5134 ν
3233 5133 3380 5154 πρ-
3424 5133 3510 5157 wn
3553 5133 3705 5158 -ις--σν

1473 5133 1716 5203 ,Ρίψυυσῑ
1767 5143 1876 5214 γὰρ
1907 5150 1999 5202 καὶ
2031 5155 2170 5210 αὐτὰ
2200 5159 2295 5212 τοῦ
2345 5164 2754 5235 ἐσκευασμένου
2789 5171 2961 5241 πυρὸς
3017 5173 3158 5226 κατὰ
3222 5175 3330 5227 τῶν
3398 5179 3705 5246 προσώπων

502 4295 595 4350 56.
632 4296 742 4353 Nos
774 4311 959 4358 autem
995 4307 1050 4361 in
1089 4311 1281 4376 primis
1321 4314 1585 4382 jubemus
1613 4364 1627 4386 ,
1657 4335 1715 4378 ut
1742 4325 1884 4396 ignis
1924 4344 2024 4400 pa-

433 4386 539 4440 rati
574 4388 744 4455 plenrc
768 4395 891 4448 ollae
913 4395 970 4452 in
997 4399 1241 4457 hostium
1271 4421 1441 4464 naves
1469 4411 1792 4482 ejiciantur,
1815 4420 2019 4490 quibus

429 4481 730 4542 confractis
760 4503 936 4546 naves
965 4492 1183 4550 illorum
1211 4502 1400 4556 statim
1426 4505 1810 4564 incendantur.

497 4739 585 4793 57.
622 4742 852 4801 Utantur
883 4759 936 4804 et
967 4753 1296 4822 siphonibus
1346 4777 1510 4820 manu
1557 4766 1846 4839 conjeCtis,
1884 4791 2008 4845 quae

424 4831 627 4888 milites
657 4849 783 4905 post
824 4856 970 4897 aerea
997 4855 1153 4900 scuta
1185 4844 1430 4915 teneant,
1457 4865 1624 4925 atque
1652 4860 1768 4916 haec
1797 4831 2012 4924 cheira-

422 4923 654 4992 siphona
704 4934 1104 4994 nominantur:
1144 4942 1259 4997 haec
1307 4945 1452 4999 enim
1496 4959 1693 5018 parato
1744 4954 1870 5023 igne
1919 4977 2006 5015 re-

417 5013 583 5081 ferta,
617 5019 853 5079 hostium
885 5030 938 5083 in
968 5029 1160 5088 faciem
1190 5013 1514 5105 conjicient:

420 5109 698 5179 βασιλείας
729 5117 854 5187 ἄρτι
899 5129 1407 5199 κατεσκευασμένα.

417 5202 526 5255 τῶν
555 5207 685 5260 πολε
695 5211 852 5280 μίων.

490 5299 579 5354 58.
614 5291 826 5359 Tribuli
865 5307 1100 5376 majores
1135 5311 1324 5368 ferreae
1355 5324 1449 5370 aut
1479 5319 1618 5375 clavi
1673 5326 1725 5378 in
1773 5329 2004 5396 sphaeris

2189 5339 2292 5409 νη’.
2337 5342 2444 5395 Καὶ
2477 5343 2714 5413 τρίϐολοι
2764 5346 2820 5400 δὲ
2848 5349 3094 5416 μείζονες
3141 5351 3358 5421 σιδηραῖ
3392 5352 3423 5422 ἤ
3457 5355 3514 5405 ἐν
3546 5371 3705 5422 σφαι-

418 5392 612 5462 ligueis
648 5395 833 5462 inﬁxi,
887 5407 941 5454 et
989 5414 1186 5474 stuppa
1226 5407 1440 5478 aliaque
1483 5418 1710 5471 materia
1741 5392 2001 5491 adiuncta

2114 5431 2248 5499 ρίοις
2284 5433 2396 5502 (l5)
2436 5434 2665 5500 ξυλίνοις
2694 5433 2814 5510 ἦλοι
2855 5440 2997 5505 ὀξεῖς
3044 5443 3488 5513 ἐμπεπηγμένοι,
3530 5463 3704 5498 στυπ-

1888 5552 2118 5614 ΝΟΤΙΕ.

718 5650 1107 5740 τοξήσουσςκ.
1142 5657 1523 5740 §cr_ibcbatt_tr,
1560 5667 1980 5740 αύτονήσουςιν.

641 5713 1014 5796 ’ςιιπζεέζειη
1039 5713 1417 5796 Scribebatur,
1443 5713 1812 5793 ἐνπιπτιπτει.

497 5781 616 5850 (ιι)
649 5781 806 5840 Ἄξων
831 5790 938 5857 οὓς
985 5781 1297 5854 ἀσϐέστου
1313 5781 1822 5883 ἇαὶξξηῇξξὲἔὲἷὺἐ,
1851 5814 1998 5869 ἄλλοι

2113 5683 2377 5761 ἀσϐέστου
2416 5690 2664 5761 πλήρεις.

2183 5759 2290 5828 (13)
2329 5761 2393 5818 Ἡ
2416 5761 2482 5815 ὲν
2518 5759 2837 5833 byn/piem.
2867 5764 3243 5837 Sct‘ibebalm‘,
3273 5767 3303 5839 ἧ
3334 5764 3660 5839 ἐσφαιρίοις’
