4120 6502
384 394 523 461 1000

1408 396 1753 462 TACTICA.
1788 420 1860 433 -
1883 394 2403 461 CONSTITUTIO
2436 402 2599 461 XIX.

3536 401 3677 468 1010

382 510 525 571 πίοις
553 506 611 559 δὲ
641 507 737 560 καὶ
776 504 942 578 ἑτέρᾳ
997 504 1101 580 ὕλῃ
1143 505 1518 577 ἐνειλημμένη
1564 505 1980 575 ἐμπυρισθέντα

2106 511 2316 577 ncensi,
2344 518 2398 566 et
2429 511 2486 565 in
2519 511 2708 568 hostes
2756 508 2997 581 coniecti
3040 518 3094 567 et
3140 513 3193 566 in
3222 511 3425 567 multas
3459 515 3674 569 varias»

382 601 475 654 καὶ
512 598 654 671 κατᾲ
691 597 801 651 τῶν
841 598 1119 668 πολεμίων
1166 597 1495 668 βαλλόμενα,
1551 594 1672 652 εἶτα
1704 597 1974 650 πίπτοντα

381 695 440 747 ὲν
493 693 604 755 τοῖς
668 690 871 756 πλοίοις
933 692 1023 745 διὰ
1088 690 1297 743 πολλῶν
1353 690 1539 763 μερῶν
1593 689 1977 760 ἐμπρήσουσιν

383 781 545 837 αὐτά.

454 870 552 924 νθ’.
602 869 766 923 Ἀλλὰ
800 871 850 923 εί
900 872 995 924 καὶ
1038 870 1127 924 διὰ
1159 871 1220 924 τὸ
1248 871 1441 925 σϐέσαι
1484 873 1535 926 οἱ
1578 873 1830 944 πολέμιοι
1865 890 1976 928 πα-

383 962 613 1032 τήσουσι
672 959 853 1013 αὐτῶν
905 961 1081 1029 φλόγα
1110 962 1161 1013 οἱ
1201 960 1445 1014 πλεῖστοι
1481 962 1609 1023 τοὺς
1638 962 1806 1024 πόδας
1836 964 1976 1031 πλη-

385 1053 650 1122 γήσονται
685 1053 805 1105 κατ’
838 1052 1009 1123 αὐτὴν
1032 1054 1130 1123 τὴν
1161 1052 1347 1123 ἀκμὴν
1377 1054 1472 1106 τοῦ
1507 1054 1767 1126 πολέμου,
1794 1056 1891 1109 καὶ
1914 1054 1976 1108 οὐ

392 1144 585 1216 μικρὸν
618 1144 773 1199 ἔσται
795 1147 907 1209 τοῖς
935 1145 1202 1210 ἐναντίοις
1231 1145 1517 1216 ἐμπόδιον.

462 1323 522 1390 ξ’.
565 1321 802 1376 Δυνατὸν
831 1321 887 1375 δὲ
914 1321 1007 1376 καὶ
1035 1320 1123 1376 διά
1154 1339 1315 1375 τινων
1345 1320 1616 1393 γερανίων
1646 1322 1978 1392 λεγομένων,

390 1404 424 1485 ἧ
456 1430 617 1467 τινων
658 1412 864 1483 ὁμοίων
922 1400 1375 1483 ἐπιτηδευμάτων
1408 1411 1834 1482 γαμματοειδῶ;
1862 1412 1977 1481 (14)

393 1508 578 1578 κύκλῳ
623 1506 1165 1578 περιστρεφομένων,
1194 1506 1227 1577 ἢ
1259 1505 1462 1559 πίσσαν
1499 1505 1674 1575 ὑγρὰν
1717 1520 1980 1573 πεπυρω-

395 1599 585 1669 μένην,
613 1599 646 1666 ἢ
681 1597 902 1669 σκευὴν,
935 1598 968 1667 ἦ
1000 1615 1121 1651 τινα
1167 1598 1361 1669 ἑτέραν
1400 1597 1535 1670 ὕλην
1576 1597 1831 1669 ὲπιχύσαι
1868 1600 1979 1661 τοῖς

394 1690 711 1761 πολεμικοῖς
747 1688 953 1752 πλοίοις
987 1688 1079 1742 διά
1110 1688 1219 1742 τῶν
1244 1687 1537 1760 δρομώνων
1561 1688 1979 1761 δεσμουμένοιςσ

394 1785 487 1835 καὶ
514 1781 606 1835 τοῦ
637 1782 919 1852 μαγγάνου
951 1778 1320 1852 στρεφομένου
1357 1782 1479 1835 κατ’
1512 1780 1713 1836 αὐτῶν.

2081 616 2190 671 que
2235 602 2461 657 navium
2495 610 2682 672 partes
2713 602 3058 671 decidentes,
3091 617 3263 660 naves
3296 604 3667 674 triremesque

2083 692 2404 750 incendent.

2156 870 2246 927 59.
2290 870 2397 927 Sed
2426 877 2481 927 et
2515 871 2586 927 ad
2614 872 2731 928 haec
2759 872 3165 944 exstinguenda
3201 872 3247 928 si
3281 872 3488 928 milites
3520 872 3676 943 pedi-

2084 962 2189 1018 bus
2220 963 2307 1018 usi
2336 963 2566 1029 fuerint,
2600 973 2764 1034 atque
2791 965 2846 1019 in
2882 965 2950 1020 iis
2978 965 3241 1035 occupati
3276 965 3533 1036 permulti
3560 964 3677 1020 laesi

2084 1055 2317 1126 pedibus
2361 1064 2556 1121 erunt,
2595 1064 2649 1110 et
2679 1057 2858 1126 ipsum
2894 1056 3067 1126 praelii
3115 1057 3385 1125 impetum
3435 1056 3671 1111 debilio-

2084 1163 2199 1204 rem
2236 1147 2466 1210 t‘acient,
2509 1157 2566 1203 et
2592 1163 2702 1204 non
2738 1158 2968 1218 partrum
3003 1148 3259 1205 hostibus
3296 1150 3404 1205 erit
3446 1147 3677 1218 impedi-

2087 1248 2359 1296 mentum.

2159 1335 2252 1389 60.
2284 1333 2627 1400 Quibusdam
2677 1335 2844 1389 etiam
2892 1334 3169 1406 geraniis,
3219 1334 3272 1389 id
3306 1339 3392 1390 est
3424 1333 3677 1405 gruibus,

2090 1436 2186 1482 aut
2234 1428 2357 1482 aliis
2398 1427 2714 1496 hujnsmodl
2771 1427 3162 1483 instrumentis
3220 1427 3288 1481 ad
3342 1424 3681 1481 sublevanda

2089 1533 2260 1574 onera
2298 1518 2534 1580 idoneis,
2567 1532 2692 1588 qua:
2733 1518 3043 1573 orbiculate
3092 1532 3157 1572 ac
3190 1516 3327 1573 scite
3367 1522 3680 1577 versantur,

2090 1618 2184 1666 aut
2212 1611 2389 1681 picem
2421 1610 2687 1680 liquidam
2724 1608 2977 1681 ignitam,
3009 1620 3102 1665 aut
3130 1609 3298 1663 alium
3324 1610 3676 1679 apparatum,

2090 1712 2185 1759 aut
2215 1703 2505 1758 materiam
2540 1703 2703 1757 aliam
2752 1702 2807 1756 in
2842 1701 3070 1757 hostiles
3104 1716 3271 1756 naves
3302 1699 3414 1755 tuis
3443 1698 3684 1753 triremi-

2091 1797 2195 1852 bus
2228 1794 2547 1865 adiunctas,
2581 1803 2637 1850 et
2670 1808 2946 1864 mangano
2979 1793 3166 1863 aliquo
3208 1794 3262 1846 in
3294 1791 3418 1845 illos
3444 1790 3678 1844 vibrato.

467 1874 570 1939 ξω.
610 1873 848 1927 Δυνατδν
875 1872 929 1925 δὲ
959 1872 1054 1926 καὶ
1082 1872 1387 1943 ἀνατρέψαι
1408 1873 1705 1944 ὀλόκληρον
1735 1876 1833 1945 τὴν
1856 1876 1990 1931 ναῦν

2165 1887 2257 1943 (il.
2300 1886 2631 1943 Universam
2659 1886 2901 1941 hostium
2935 1884 3173 1940 classem
3200 1892 3437 1947 evertes,
3458 1882 3504 1937 si
3538 1881 3687 1936 latus

398 1965 509 2019 τῶν
555 1965 857 2036 πολεμίων,
908 1965 1003 2019 ἐὰν
1056 1964 1299 2036 πλευράν
1342 1964 1495 2035 παρά
1548 1965 1788 2036 πλευρὰν
1818 1967 1989 2038 δήσας

394 2054 566 2125 αὐτὴν
588 2055 664 2125 τῷ
692 2054 951 2125 δρόμωνι,
985 2054 1078 2107 καὶ
1122 2054 1232 2107 τῶν
1279 2054 1558 2125 πολεμίων
1590 2057 1673 2123 ἐφ’
1699 2056 1755 2108 ἓν
1792 2058 1984 2127 μέρος,

394 2147 470 2210 ὡς
488 2145 733 2210 εἰώθασι,
770 2146 900 2217 πρὸς
923 2145 1019 2214 τὴν
1049 2148 1114 2200 ὲκ
1139 2146 1322 2217 χειρὸς
1343 2147 1524 2220 μάχην
1547 2138 2009 2220 συνδραμόντωνι

395 2240 491 2293 καὶ
529 2238 831 2293 δοκούντων
883 2239 1261 2310 ὲπερείδεσθαι
1308 2240 1404 2311 τὴν
1452 2241 1662 2294 ἑαυτῶν
1716 2240 1851 2296 ναῦν
1911 2242 1990 2315 τῷ

407 2330 673 2400 δρόμωνι,
711 2330 912 2403 ἐπέλθῃ
939 2333 1036 2400 μὲν
1063 2331 1247 2401 ἕτερος
1269 2331 1488 2402 δρόμων
1519 2332 1662 2386 κατά
1695 2333 1796 2403 τῆς
1826 2334 1991 2389 πλευ-

398 2424 495 2494 ρᾶς
525 2425 581 2474 ἐν
624 2425 689 2493 τῇ
733 2423 957 2495 πρύμνῃ
989 2422 1090 2493 τῆς
1120 2408 1386 2494 πολεμίας
1437 2426 1532 2479 καὶ
1566 2425 1772 2496 ταύτην
1802 2427 1991 2500 ὠθήσῃ

398 2513 644 2586 σφοδρῶς
673 2518 738 2586 τῇ
782 2518 1111 2587 συγκρούσει
1137 2556 1154 2582 ,
1187 2518 1282 2571 καὶ
1322 2518 1351 2570 ό
1401 2518 1500 2589 μὲν
1538 2519 1755 2590 δρόμων
1781 2520 1988 2592 δυνηθῇ

395 2608 563 2671 λύσας
585 2607 776 2661 ἑαυτὸν
807 2608 899 2661 τοῦ
930 2609 1132 2680 δεσμοῦ
1169 2611 1528 2681 ὑποχωρῆσαι
1588 2613 1811 2683 μικρὸν,
1848 2613 1991 2666 ὥστε

401 2703 476 2771 μὴ
506 2696 644 2754 εἶναι
689 2700 765 2765 ὡς
806 2700 1044 2772 ἔρεισμα
1093 2706 1192 2773 τῆς
1234 2702 1503 2775 πολεμίας
1535 2745 1551 2771 ,
1600 2704 1820 2778 βαρήοῃ
1862 2705 1919 2757 δὲ
1963 2707 1992 2759 ὀ

398 2792 589 2861 ἕτερος
647 2792 866 2863 δρόμων
927 2794 1077 2863 πάσῃ
1135 2793 1364 2864 δυνάμει
1415 2795 1635 2858 πάντως
1692 2796 1991 2865 ἀνατρέψει

398 2883 704 2953 αὕτανδρον
731 2884 828 2955 τὴν
863 2883 1129 2953 πολεμίαν
1171 2884 1327 2938 ναῦν.
1356 2886 1447 2939 Δεῖ
1473 2885 1532 2936 δὲ
1576 2885 1858 2938 κανονίσαι
1898 2886 1991 2938 τὸν

398 2976 597 3047 δεσμὸν
638 2976 714 3047 μὴ
761 2976 978 3039 πάντως
1006 2976 1129 3028 κατ’
1162 2975 1386 3046 ἰσότητα
1411 2974 1698 3042 γενέσθαι·
1730 2974 1869 3039 ἀλλὰ
1902 2993 1991 3044 μι-

398 3069 533 3138 κρὸν
563 3069 780 3137 ἀφεῖναι
817 3067 1005 3137 γυμνά
1038 3084 1158 3120 τινα
1186 3066 1399 3137 πλευρά
1432 3067 1574 3120 κατὰ
1608 3065 1865 3137 πρύμναν
1889 3067 1990 3136 τῆς

2094 1979 2295 2036 classis
2324 1986 2432 2034 tuat-
2460 1978 2705 2034 hostium
2761 1976 2918 2032 lateri
2950 1975 3295 2046 adjnnxeris,
3337 1986 3393 2029 et
3425 1972 3686 2027 hostibus

2094 2086 2262 2127 unam
2297 2072 2352 2126 in
2389 2078 2624 2141 partem,
2666 2076 2729 2123 ut
2759 2070 2963 2131 solent,
2992 2068 3061 2122 ad
3087 2066 3466 2122 conserendas
3489 2078 3689 2117 manus

2094 2161 2559 2219 concurrentibus
2610 2169 2666 2215 et
2723 2158 3044 2213 triremibus
3102 2158 3326 2211 illorum
3364 2156 3419 2209 in
3470 2163 3691 2209 nostras

2094 2257 2351 2313 triremes
2381 2253 2614 2317 innixis,
2652 2252 2877 2307 invadat
2902 2265 3001 2305 eos
3031 2250 3141 2304 alia
3169 2248 3414 2304 triremis
3442 2249 3511 2301 ad
3546 2247 3691 2299 latus

2094 2350 2296 2421 puppis
2329 2348 2570 2411 bOstilis,
2622 2356 2673 2401 et
2708 2346 2952 2416 impulsu
2985 2344 3296 2401 vehementi
3360 2343 3508 2396 illam
3555 2354 3693 2395 con-

2094 2447 2345 2513 quasset.
2382 2437 2653 2494 Trin-emis
2681 2447 2865 2491 autem
2897 2442 3092 2491 nostra
3139 2441 3256 2488 tum
3293 2433 3534 2501 seipsam
3573 2430 3654 2483 sol
3684 2455 3693 2465 -

2094 2550 2231 2589 vens
2262 2532 2545 2603 paululum
2573 2528 2907 2594 retrocedat,
2952 2537 3013 2581 ut
3057 2540 3128 2580 ne
3161 2525 3273 2580 ullo
3316 2523 3697 2578 stabilimento

2097 2627 2343 2682 hostium
2390 2624 2605 2679 triremi
2650 2625 2762 2686 sit,
2812 2628 2903 2677 et‘
2937 2619 3196 2674 hostilem
3244 2617 3529 2671 triremem
3586 2615 3693 2668 alia

2094 2717 2357 2774 omnibus
2404 2715 2621 2771 viribus
2661 2712 2961 2783 deprimat,
3013 2718 3179 2779 atque
3211 2708 3352 2763 adeo
3400 2707 3533 2776 ipsis
3552 2720 3692 2760 'cum

2096 2809 2229 2863 viris
2261 2808 2534 2877 integram
2573 2818 2767 2858 navem
2795 2807 3025 2857 evertet.
3060 2798 3469 2853 Providentiam
3503 2806 3691 2851 autem

2094 2908 2200 2963 est,
2230 2906 2291 2952 ut
2320 2912 2390 2953 ne
2415 2894 2697 2951 vinculum
2727 2892 2955 2948 omnino
2981 2890 3193 2960 aequale
3225 2889 3337 2953 ﬁat,
3372 2887 3467 2943 sed
3497 2887 3562 2940 ad
3595 2887 3695 2940 lm-

2094 2991 2236 3046 stilis
2301 2990 2464 3043 navis
2509 2984 2733 3057 puppim
2786 2984 2931 3038 nuda
2987 2982 3335 3053 aliquantum
3391 2980 3565 3034 latera
3602 2993 3690 3032 re-

2094 3084 2262 3147 laxet,
2295 3082 2501 3153 quibus
2555 3080 2779 3134 irruens
2808 3073 3054 3130 triremis
3085 3073 3333 3129 hostium
3367 3086 3560 3126 navem
3594 3086 3690 3124 usa

399 3159 667 3230 πολεμίας
699 3159 767 3213 δι’
800 3153 875 3213 ὧν
903 3159 1158 3231 ἐμπεσὼν
1187 3163 1214 3213 ό
1246 3159 1465 3230 δρόμων
1497 3157 1699 3229 ὼθήσει
1728 3158 1865 3230 πρδς
1891 3158 1991 3230 τὴν

2099 3178 2337 3249 quedum
2359 3172 2708 3243 deprimatur
2731 3168 2979 3227 invadet.

398 3253 716 3327 ἀνατροπὴν
741 3252 851 3306 τῶν
883 3254 1159 3323 πολεμίων
1188 3252 1288 3324 τὴν
1317 3253 1471 3307 ναῦν.

478 3344 574 3417 ξβ’.
618 3346 763 3417 Πρὸς
793 3348 1005 3409 τούτοις
1047 3346 1143 3398 καὶ
1171 3345 1233 3398 τὸ
1267 3346 1363 3399 νῦν
1393 3346 1680 3418 ὲπινοηθὲν
1712 3345 1851 3417 μήτε
1886 3346 1997 3400 ἀπὸ

401 3440 502 3510 τῆς
550 3439 702 3493 κάτω
754 3439 850 3493 τοῦ
888 3439 1087 3511 δρόμου
1124 3432 1380 3502 σελασίας
1426 3439 1515 3493 διὰ
1544 3439 1654 3494 τῶν
1688 3439 1838 3495 όπῶν
1888 3439 1997 3493 τῶν

402 3529 629 3584 κωπίων
669 3527 979 3599 ἐξαγόμενα
1014 3529 1257 3600 μέναυλα
1302 3531 1712 3599 κατασφάττειν
1741 3531 1869 3595 τοὺς
1900 3548 1999 3585 πο-

402 3620 460 3675 λε
471 3622 624 3692 μίευς
650 3621 759 3675 τῶν
786 3621 909 3674 λίαν
942 3638 1035 3690 μοι
1066 3620 1385 3690 ἀναγκαίων
1410 3621 1578 3675 δοκεῖ.

472 3714 573 3781 ξγθ.
593 3712 755 3766 Ἀλλά
791 3713 883 3765 καὶ
917 3712 1105 3781 ἕτερον
1134 3711 1340 3765 τούτων
1370 3713 1826 3786 ἀναγκαιότερον,
1860 3714 1999 3785 εἴγε

404 3808 607 3880 χειρῶν
647 3808 867 3877 εὐφυῶν
916 3805 1195 3876 ἐπιτύχοιο
1247 3806 1308 3859 τὸ
1354 3807 1444 3860 διὰ
1472 3807 1570 3879 τῆς
1620 3810 1866 3863 κάτωθεν
1902 3810 1998 3865 τοῦ

414 3901 693 3973 δρόμωνος
723 3899 944 3963 stacta;
996 3902 1062 3970 τῇ
1094 3898 1479 3971 ὑποδειχοείσῃ
1512 3899 1746 3971 μεθὸδφν
1770 3901 1839 3954 δι’
1860 3901 2003 3972 δπῆς

410 3993 826 4066 παρασκευάσει
852 3991 1163 4062 πλησθῆναι
1197 3992 1388 4056 ὓδατος
1415 3993 1515 4063 τὴν
1540 3992 1671 4046 ναῦν
1702 3994 1810 4047 τῶν
1844 3995 2006 4047 πολεο

415 4086 575 4154 μίων.
622 4084 744 4137 Εἰσὶ
777 4083 834 4136 δὲ
885 4084 979 4136 καὶ
1013 4081 1176 4153 ἕτερα
1204 4085 1317 4145 τοῖς
1367 4083 1618 4153 ἀρχαίοις
1644 4083 2006 4156 ἐπινοηθέντα

412 4182 468 4232 ἐν
497 4177 574 4249 τῷ
628 4166 867 4247 πλωῖμῴ
924 4175 1151 4246 πολέμῳ
1195 4174 1630 4246 ἐπιτηδεύματα,
1697 4176 1793 4230 καὶ
1833 4175 2004 4229 ἔτιδὲ

412 4269 769 4340 ἐπινοηθῆναι
814 4267 1121 4341 δυνάμενα·
1166 4266 1311 4335 άπερ
1342 4267 1401 4319 ὲν
1435 4266 1514 4336 τῷ
1553 4267 1784 4338 παρόντι
1818 4268 2004 4339 τεύχει

415 4363 654 4435 γράφειν
704 4361 789 4415 διὰ
823 4360 919 4432 τὴν
974 4359 1268 4429 συντομίαν
1299 4359 1591 4413 ἀνοίκειον.
1634 4361 1770 4415 Τινὰ
1803 4362 1861 4415 δὲ
1913 4364 2008 4416 καὶ

416 4445 733 4526 ἀσύμφορον
765 4444 852 4506 διὰ
882 4451 943 4505 τὸ
979 4452 1056 4523 μὴ
1098 4449 1551 4516 πουϐλικίξεσθαι
1580 4456 1693 4516 τοῖς
1723 4454 2005 4524 πολεμίοις

2172 3354 2265 3410 σε.
2291 3353 2373 3408 Ad
2394 3352 2511 3408 hate
2542 3358 2805 3421 praeterea
2826 3348 3230 3420 excogitemus,
3252 3353 3312 3399 ut
3338 3344 3408 3399 ab
3435 3342 3699 3398 inferiore

2100 3462 2383 3504 remorum
2433 3446 2652 3509 ordine,
2706 3442 3009 3513 remigibus
3048 3456 3146 3512 per
3178 3437 3455 3493 foramina
3502 3436 3697 3491 hastas

2100 3541 2296 3610 longas
2318 3537 2723 3598 emittentibus,
2746 3536 2933 3590 hostes
2956 3532 3267 3588 interﬁcere
3289 3529 3525 3601 possint,
3544 3528 3693 3599 quod

2101 3635 2159 3689 in
2193 3633 2388 3703 primis
2415 3630 2793 3687 necessarium
2823 3643 2951 3684 esse
2977 3626 3218 3682 videtur.
3656 3674 3664 3680 .

2173 3726 2264 3780 65.
2304 3723 2413 3780 Sed
2446 3730 2501 3779 et
2535 3722 2683 3779 aliud
2713 3722 2820 3777 hoc
2854 3720 3032 3790 magis
3064 3719 3449 3775 necessarium
3500 3723 3585 3773 est
3608 3754 3626 3781 ,
3657 3717 3703 3771 si

2103 3817 2230 3887 quis
2264 3830 2465 3887 operas
2499 3815 2728 3870 idoneas
2758 3812 2964 3868 habeat
3000 3826 3097 3882 per
3128 3809 3423 3866 inferiores
3463 3808 3705 3864 triremis

2106 3890 2384 3966 remorum
2418 3906 2646 3963 ordines
2697 3906 2937 3967 edicere,
2985 3913 3044 3957 ut
3075 3902 3317 3958 hostium
3362 3902 3525 3956 navis
3561 3914 3703 3969 aqua

2104 4002 2472 4071 compleatur.
2509 3998 2675 4054 Sunt'
2698 4006 2752 4053 et
2797 3996 2905 4050 alia
2941 3994 3194 4065 quaedam
3235 3994 3432 4049 bellica
3468 3992 3704 4049 consilia

2106 4097 2176 4152 ab
2221 4093 2634 4164 antiquioribus
2684 4092 2739 4146 in
2792 4089 2976 4144 navali
3021 4087 3210 4158 prtelio
3264 4086 3602 4156 excogitata,
3653 4095 3709 4139 et

2109 4188 2266 4258 plura
2293 4188 2461 4242 etiam
2492 4200 2616 4256 quae
2664 4182 2969 4252 excogitari
3005 4186 3259 4249 possunt,
3291 4194 3414 4250 qua:
3461 4181 3516 4234 in
3553 4193 3695 4249 pra:-

2109 4279 2285 4335 scntia
2320 4286 2543 4348 propter
2584 4275 3010 4346 longitudinem
3052 4274 3280 4329 minime
3310 4270 3709 4343 perscribenda

2109 4381 2277 4427 sunt:
2316 4370 2567 4440 qumdam
2602 4384 2733 4423 vero
2759 4365 2927 4422 etiam
2969 4372 3416 4421 commemorare
3443 4367 3550 4420 hoc
3582 4364 3710 4419 loco

2110 4462 2306 4519 inutile
2330 4469 2437 4528 est,
2476 4475 2544 4516 ne
2604 4459 2859 4515 hostibus
2886 4456 3269 4532 divulgentur,
3308 4464 3363 4513 et
3386 4457 3495 4511 illis
3526 4456 3714 4511 adver-

418 4549 512 4601 καὶ
549 4547 748 4618 μᾶλλον
781 4548 1023 4611 ἐκείνους
1054 4546 1240 4610 αὐτοῖς
1270 4545 1505 4617 χρῆσθαι
1547 4546 1666 4599 καθ’
1708 4547 1887 4617 ἡμῶν.
1924 4549 1994 4601 Td

2113 4573 2209 4615 sus
2264 4572 2368 4612 nos
2420 4556 2613 4611 hostes
2643 4560 2895 4609 utantur.
2932 4550 3083 4606 Nam
3120 4551 3205 4606 hac
3243 4549 3561 4604 moiitiones
3594 4545 3712 4603 bel-

418 4639 528 4710 γὰρ
558 4641 996 4711 στρατηγήματα
1039 4640 1186 4706 ἅπαξ
1216 4638 1643 4710 κατανοηθέντα,
1680 4640 1994 4711 ἀντιστρατ-

2110 4652 2230 4707 licae
2273 4651 2319 4706 si
2353 4649 2523 4707 semel
2556 4655 2839 4718 usurpatae
2875 4646 3107 4709 fuerint,
3140 4644 3301 4698 facile
3337 4641 3546 4711 aliquid
3578 4654 3713 4695 con-

420 4732 676 4803 ηγεῖσθαι
726 4733 822 4786 καὶ
870 4731 1409 4803 καταμεθοδεύεσῠαι
1464 4732 1616 4802 παρὰ
1673 4732 1781 4785 τῶν
1847 4733 2010 4788 πολε-

422 4826 561 4897 μίων
606 4826 860 4879 δύναται’
896 4824 1011 4879 ἀλλ’
1040 4824 1273 4880 ἕκαστον
1304 4824 1365 4878 τὸ
1394 4822 1683 4896 ὲπινοηθὲν
1721 4825 1885 4896 μέχρι
1913 4829 2011 4896 τῆς

421 4916 676 4990 πράξεως
704 4918 850 4989 ἔχειν
879 4920 936 4973 ἐν
967 4919 1277 4992 μυστηρίῳ.
1670 4922 1675 4923 ί

494 5008 588 5077 ξδ’.
645 5011 732 5062 Ἐν
771 5010 829 5062 δέ
857 5026 919 5078 γε
970 5008 1048 5078 τῷ
1082 5008 1503 5079 συνειλημμένῳ
1537 5008 1646 5061 τῶν
1676 5026 1734 5062 τε
1767 5010 2010 5082 ἀρχαίων

422 5104 698 5157 τακτικῶν
730 5101 823 5156 καὶ
858 5102 1331 5172 στρατηγημάτων
1369 5101 1562 5171 βιϐλίῳ
1594 5102 1773 5171 ζητῶν
1802 5120 1887 5166 τις
1918 5105 2009 5158 εὑ-

428 5196 605 5265 ρήσει,
643 5194 736 5247 καὶ
760 5193 827 5246 τὰ
875 5194 1082 5246 τούτων
1126 5192 1378 5245 πλείονα·
1414 5192 1475 5244 ού
1508 5192 1617 5262 γὰρ
1647 5193 1897 5253 δυνατδν.
1933 5195 2010 5258 ὼς

427 5287 671 5357 εἴρηται,
706 5286 838 5356 πρὸς
868 5285 1080 5338 ἕκαστα
1106 5284 1174 5337 τὰ
1202 5283 1496 5352 ἐμπίπτειν
1533 5285 1819 5354 μέλλοντα,
1837 5285 1929 5339 διὰ
1952 5286 2012 5339 τὺ

428 5379 655 5447 ἄπειρον
685 5378 869 5431 αὐτῶν
898 5376 1133 5449 γράφειν
1162 5376 1228 5429 τά
1259 5376 1439 5429 ἱκανά.

509 5562 599 5627 Ea‘.
634 5562 782 5632 Πλὴν
829 5562 1123 5632 κεφάλαιον
1153 5564 1350 5628 εἰπεῖν,
1385 5562 1629 5618 ἔστωσαν
1660 5567 1710 5617 οί
1739 5565 2020 5636 ὃρόμωνες

434 5650 831 5722 ἐξωπλισμένοι
879 5652 1100 5716 τελείως
1132 5654 1239 5706 ἀπό
1270 5672 1330 5707 τε
1363 5655 1713 5725 στρατιωτῶν
1758 5657 2021 5727 ἀνδρείων

2113 4757 2192 4800 tra
2218 4760 2315 4800 eas
2340 4741 2548 4813 suscipi
2578 4752 2632 4798 et
2652 4740 2915 4811 quodque
2939 4740 3231 4792 inventum
3270 4732 3582 4805 usquedum
3616 4747 3710 4803 ge‘

2115 4838 2277 4904 ritur,
2313 4835 2711 4893 occultandam
2738 4841 2793 4889 et
2828 4837 3046 4889 secreto
3083 4827 3384 4883 tenendum
3416 4834 3521 4883 est.

2189 5014 2279 5069 64.
2312 5012 2365 5067 1η
2398 5011 2523 5068 aliis
2558 5010 2714 5065 libris
2758 5023 2882 5078 qute
2911 5006 2978 5062 de
3020 5006 3273 5062 consiliis
3305 5005 3584 5077 factisque
3610 5006 3714 5062 im-

2119 5108 2415 5179 peratoriis
2462 5105 2823 5166 scribuntur,
2879 5094 3155 5171 permulta
3204 5100 3330 5171 quis
3374 5099 3713 5169 huiusmodi,

2120 5210 2288 5273 atque
2321 5202 2386 5255 iis
2421 5200 2589 5255 etiam
2645 5197 2802 5264 plura
2854 5194 3141 5249 inveniet:
3182 5210 3359 5264 neque
3409 5193 3554 5249 enim
3598 5191 3715 5247 lieri

2122 5302 2328 5364 pntest,
2365 5302 2426 5345 ut
2451 5290 2518 5345 de
2549 5287 2810 5343 omnibus
2864 5287 3028 5341 rebus
3076 5303 3201 5357 qua:
3234 5287 3435 5341 cadere
3484 5288 3537 5340 in
3568 5283 3717 5341 bello

2122 5392 2356 5457 possunt
2382 5384 2548 5439 verba
2583 5382 2877 5446 faciamus,
2912 5397 3037 5452 quae
3070 5382 3193 5452 ipso
3218 5396 3417 5453 genere
3451 5380 3716 5434 immensa

2133 5480 2458 5549 inﬁnitaque
2485 5484 2638 5532 sunt.

2201 5566 2289 5621 65.
2324 5566 2404 5619 Ad
2443 5577 2716 5620 summam
2763 5569 2946 5617 autem
2981 5562 3095 5618 sint
3130 5560 3391 5615 triremes
3435 5560 3719 5614 instructae

2130 5660 2264 5717 viris
2318 5659 2556 5716 fortibus
2609 5674 2672 5715 ac
2703 5658 2965 5722 strenuis,
3014 5656 3106 5727 qni
3155 5654 3407 5712 cominus
3448 5651 3721 5709 consertis

1958 5768 2190 5827 NOTA'Z.

510 5835 620 5907 (Ιλ)
680 5841 1148 5911 Γιιμμίιτοείδὼς.
1186 5841 1392 5907 Scribe,
1431 5839 1872 5911 γαμματοειδών.
