4120 6450
402 372 534 443 1011

1644 374 1839 435 LEON
1848 372 1918 435 IS
1956 373 2386 434 PHILOSOPH
2392 375 2416 433 Ι

3558 363 3694 430 1012

402 489 660 545 manibus
692 502 935 560 pugnare
970 485 1207 556 possint,
1232 493 1287 542 et
1308 486 1404 557 qui
1437 485 1607 541 alacri
1649 486 1996 553 incitataque

2102 486 2198 539 καὶ
2241 486 2307 538 ἐκ
2333 483 2516 554 χειρὸς
2556 481 2824 553 μάχεσθαι
2850 480 3186 552 δυναμένων,
3221 468 3313 534 καί
3342 478 3420 549 τῷ
3452 479 3553 548 τῆς
3584 477 3693 548 ψυ-

402 591 588 637 mente
632 582 767 645 sint,
816 588 872 635 et
922 594 1119 635 omnes
1148 579 1204 633 in
1237 588 1426 648 partes
1454 577 1769 634 exercitati.
1811 577 1998 632 Armis

402 682 597 729 autem.
631 672 832 726 talibus
873 676 1240 726 exerceantur
1262 710 1277 735 ,
1309 670 1571 740 qualibus
1595 668 1781 740 quivis
1811 677 1993 723 terre.

403 766 502 821 stri
550 765 604 819 in
660 763 853 833 praelio
904 762 1063 817 miles
1114 771 1387 830 armatur,
1438 762 1591 832 iique
1642 760 1996 831 potissimum

403 855 496 925 qui
529 855 585 909 in
614 853 904 924 superiore
932 868 1210 909 remorum
1237 853 1434 910 ordine
1458 855 1800 910 consistunt.

469 1033 683 1089 66.1’ro
714 1032 955 1088 hostium
978 1032 1195 1088 viribus
1223 1048 1565 1104 numeroque
1593 1034 1822 1088 navium
1844 1040 1997 1089 tuam

399 1125 661 1190 classem,
688 1124 1015 1194 imperator,
1048 1123 1314 1190 instrues,
1334 1132 1479 1179 utne
1507 1123 1775 1180 minorem
1801 1136 2001 1180 nume-

399 1232 522 1272 rum
564 1218 785 1271 navium
831 1231 933 1271 nos
988 1216 1232 1271 hostium
1281 1216 1462 1270 classe
1518 1216 1845 1282 habeamus,
1902 1217 1999 1273 sed

397 1310 661 1380 aequalem
711 1310 917 1380 potius,
972 1315 1031 1362 ut
1081 1323 1207 1365 cum
1258 1308 1516 1365 hostibus
1569 1308 1752 1365 classe
1800 1308 1997 1378 juncta

398 1417 726 1474 pugnemus,
760 1410 855 1455 aut
882 1400 1147 1471 majorem
1176 1402 1364 1465 etiam,
1389 1401 1436 1456 si
1469 1401 1585 1456 fieri
1620 1408 1821 1471 potest.
1851 1399 1988 1455 Nam

398 1495 444 1549 si
483 1494 702 1563 utrique
751 1492 967 1548 fortiter
995 1509 1059 1548 ac
1087 1506 1313 1549 strenue
1345 1494 1634 1561 dimicent,
1663 1494 1758 1565 qui
1801 1495 1990 1565 plures

400 1584 606 1641 fuerint
635 1584 971 1654 praevaleant
1003 1600 1233 1641 necesse
1266 1593 1374 1641 est.

468 1790 555 1845 67.
594 1789 653 1844 Si
689 1791 878 1847 hostes
907 1788 1117 1844 videris
1158 1803 1328 1844 naves
1361 1787 1624 1843 omnibus
1656 1789 1892 1843 refertas
1934 1802 1998 1842 ac

396 1882 648 1953 ingentes
687 1882 881 1954 copias
931 1882 1138 1937 habere
1174 1922 1189 1947 ,
1228 1880 1544 1951 exaequabis
1577 1889 1633 1935 tu
1675 1889 1803 1936 tuas
1829 1881 1994 1935 trire-

396 1986 533 2037 mes,
596 1972 901 2042 eodemque
944 1986 1179 2026 numero
1228 1971 1554 2042 complebis.
1591 1970 1772 2041 Eliges
1811 1980 1993 2026 autem

395 2078 462 2118 ex
513 2064 772 2119 erunibus
835 2064 1077 2134 optimos
1127 2076 1399 2135 quosque,
1454 2072 1509 2118 et
1561 2079 1627 2118 ex
1684 2062 1795 2118 illis
1855 2064 1994 2119 satis

396 2170 629 2225 magnas
696 2156 887 2224 copias
937 2156 1260 2211 triremibus
1327 2156 1591 2225 perfectis
1634 2170 1699 2210 ac
1761 2153 1995 2209 fortibus

396 2247 682 2311 conﬁcies,
740 2258 796 2302 ut
828 2247 1065 2302 duarum
1118 2248 1433 2302 triremium
1482 2246 1686 2303 milites
1731 2247 1787 2302 in
1829 2261 1995 2301 unam

397 2338 706 2393 triremium
734 2338 996 2395 conferas
1030 2356 1044 2393 :
1075 2340 1159 2394 vel
1192 2355 1258 2394 ex
1292 2339 1576 2403 omnibus,
1602 2346 1662 2394 ut
1689 2339 1823 2404 dixi,
1845 2338 1996 2409 opti-

396 2445 518 2485 mos
543 2429 736 2499 eliges,
768 2438 824 2484 et
853 2429 1076 2485 ducenti
1110 2430 1317 2484 milites
1346 2430 1431 2485 vel
1464 2444 1530 2484 eo
1569 2429 1756 2498 plures
1792 2443 1903 2483 una
1940 2429 1995 2482 in

399 2521 618 2575 triremi
659 2527 846 2584 erunt,
891 2528 953 2573 ut
991 2519 1369 2583 multitudine,
1404 2519 1641 2585 viribus,
1684 2518 1994 2581 alacritate,

400 2610 651 2667 hostium
680 2611 913 2664 classem
954 2620 1207 2680 superes,
1232 2617 1294 2666 et
1322 2609 1614 2665 victoriam
1641 2609 1712 2664 ab
1745 2609 1857 2664 illis
1887 2606 1997 2664 Deo

398 2702 641 2773 propitio
678 2711 949 2772 reportes.

354 3046 355 3049 η
469 2979 562 3037 68.
589 2980 832 3037 Minores
862 2982 1202 3039 instruendae
1233 2982 1492 3040 triremes
1525 2991 1677 3050 sunt,
1708 2993 1765 3039 et
1804 2983 1996 3053 vulga-

401 3074 474 3129 tis
507 3073 829 3129 triremibus
865 3075 1261 3144 expeditiores,
1292 3083 1353 3130 ut
1412 3090 1473 3130 se
1502 3076 1861 3145 insequentes
1893 3076 1997 3130 ho-

2102 577 2208 647 χῆς
2264 576 2660 648 παραστήματι
2708 575 3023 645 τολμηρῶν,
3076 574 3175 628 καὶ
3235 570 3694 641 πεπαιδευμένων

2099 669 2197 721 καὶ
2229 669 2725 737 γεγυμνασμένων.
2754 658 2915 720 Οὗτοι
2943 665 3001 718 δὲ
3028 665 3274 718 ἔστωσαν
3302 663 3698 732 καθωπλισμέ-

2099 778 2179 814 νοι
2241 761 2436 823 ὅπλοις
2489 758 2697 821 ὁποίοις
2746 758 2840 812 καὶ
2876 759 2905 811 ὁ
2955 759 3013 811 ὲν
3068 761 3134 828 τῇ
3180 757 3318 828 ξηρᾷ
3350 755 3695 829 στρατιώτης

2100 852 2430 922 ὀπὶισθῆναι
2463 851 2780 921 διώρισται·
2826 850 3068 921 δηλονότι
3121 849 3530 920 κατάφρακτος.
3581 845 3696 900 Καὶ

2097 943 2244 998 οὕτω
2274 945 2475 1009 πάντες
2503 943 2555 996 οί
2591 943 2692 1013 τῆς
2715 943 2829 996 ἄνω
2859 943 3085 1005 ἑλασίας
3116 941 3561 1011 ὁπλισθήσονται.

2170 1036 2281 1103 ἔρξ’.
2323 1038 2471 1108 Iipr
2501 1034 2559 1090 δὲ
2584 1034 2684 1106 τὴν
2714 1034 2828 1089 τῶν
2853 1034 3068 1106 ἐχθρῶν
3100 1033 3364 1105 ποιότητα
3406 1032 3500 1086 καὶ
3534 1030 3701 1085 ποσό-

2098 1144 2239 1199 τητα
2267 1112 2378 1184 τῶν
2400 1127 2626 1193 πλοίων,
2658 1127 2755 1182 καὶ⁵
2785 1127 2969 1191 αὐτὸς,
3000 1121 3045 1183 ὦ
3070 1125 3368 1198 στρατηγέ,
3400 1123 3695 1178 διασκευά-

2099 1237 2212 1283 σεις
2265 1219 2395 1283 τοὺς
2436 1219 2744 1290 δρόμωνας,
2795 1218 2873 1282 ὼς
2924 1218 2991 1273 ἂν
3044 1218 3121 1290 μὴ
3166 1218 3430 1272 ἐλάττονα
3464 1216 3698 1287 στρατὸν

2099 1312 2199 1384 ἔχῃ
2226 1314 2254 1364 ὁ
2282 1313 2554 1383 ἡμέτερος
2578 1311 2797 1382 δρόμων
2826 1311 2923 1364 τοῦ
2960 1310 3245 1381 πολεμίου,
3278 1311 3429 1374 ὅστις
3459 1309 3697 1380 μάλιστα

2098 1405 2179 1467 είς
2210 1404 2465 1458 ἰσόπαλον
2493 1403 2667 1456 ἐλθεῖν
2697 1402 3082 1475 εύτρεπίζεται
3124 1402 3336 1472 μάχην,
3373 1396 3461 1454 διὰ
3487 1399 3579 1454 τοῦ
3611 1401 3697 1463 είς

2098 1497 2366 1567 ἀλλήλους
2394 1494 2619 1565 δεσμοῦ,
2655 1494 2770 1549 ἀλλ’
2796 1496 2846 1549 εί
2879 1495 3104 1549 δυνατὸν
3131 1497 3226 1549 καὶ
3258 1494 3501 1548 πλείονα.
3554 1493 3692 1563 ’Λμ-

2100 1588 2343 1659 φοτέρων
2392 1588 2503 1658 γὰρ
2560 1588 2855 1659 ἀνδρείως,
2921 1588 3185 1661 εἰτύχοι,
3246 1587 3593 1660 μαχομένων,
3646 1586 3696 1638 οἱ

2100 1680 2349 1741 πλείονες
2376 1681 2831 1751 προτερὴσουσινε

2176 1776 2272 1840 5;"-
2329 1775 2458 1828 Ἐὰν
2496 1775 2607 1845 γὰρ
2648 1773 2882 1843 συνορᾷς
2916 1770 3061 1841 ἔχειν
3092 1771 3218 1835 τοὺς
3255 1771 3546 1842 πολεμίους
3596 1776 3695 1826 πο-

2100 1867 2515 1938 λυανδρούμενα
2566 1866 2728 1919 πλοῖα
2760 1864 2855 1918 καὶ
2891 1864 3115 1918 πλείονα
3151 1864 3384 1935 στρατὸν
3433 1865 3695 1936 ὑποδεχό-

2102 1967 2259 2028 μενα,
2293 1957 2576 2020 ούσιὼσεις
2608 1955 2721 2026 (15)
2750 1955 2847 2009 καὶ
2873 1955 3037 2017 αὐτὸς
3088 1955 3214 2018 τοὺς
3257 1956 3385 2019 σοὺς
3411 1954 3697 2027 δρόμωνας

2101 2050 2160 2104 ὲν
2191 2049 2412 2118 πλήθει.
2472 2048 2701 2120 Ἐκλέξῃ
2734 2046 2791 2100 δὲ
2833 2045 2944 2101 ἀπὸ
2991 2046 3211 2100 πάντων
3243 2048 3371 2110 τοὺς
3403 2040 3691 2119 ἀρίστους,

2101 2145 2195 2199 καὶ
2227 2143 2288 2209 ἐξ
2314 2143 2495 2197 αὐτῶν
2539 2141 2847 2208 ὲξοπλίσεις
2875 2140 2975 2212 τὴν
3022 2140 3304 2210 ἀρκοῦσαν
3334 2140 3566 2211 δύναμιν
3605 2141 3698 2195 διά

2098 2234 2399 2306 δρομώνων
2442 2233 2667 2288 τελείων
2694 2232 2788 2286 καὶ
2824 2231 3262 2301 ἀλκιμωτάτων⁹
3296 2231 3439 2286 ὥστε
3472 2228 3522 2286 εί
3554 2234 3699 2286 οὕτω

2100 2329 2279 2400 τύχοι,
2328 2329 2360 2400 ἦ
2393 2328 2503 2382 τῶν
2538 2324 2634 2381 δύο
2672 2326 2764 2381 τδν
2796 2325 3030 2398 στρατὸν
3055 2325 3136 2390 είς
3165 2310 3263 2381 ἕνα
3295 2326 3624 2400 ὲμὸιΰάσῃς,
3661 2327 3695 2397 ἢ

2100 2418 2165 2471 ὲκ
2196 2418 2415 2472 πάντων
2446 2415 2672 2487 ὲπιλέξῃ
2711 2415 2841 2479 τοὺς
2884 2415 3163 2486 ἀρίστους,
3202 2415 3278 2480 ὡς
3313 2416 3564 2488 εἴρηται·
3602 2417 3700 2471 καὶ⁸

2102 2511 2430 2580 γενήσονται
2476 2507 2607 2579 ἄχρι
2660 2508 2758 2561 καὶ
2803 2508 3099 2562 διακοσίων
3149 2508 3500 2577 στρατιωτῶν
3536 2509 3569 2579 ἢ
3604 2512 3699 2563 καὶ

2104 2600 2275 2652 πλείω
2313 2600 2457 2653 κατὰ
2505 2599 2759 2669 δρόμωνα
2780 2615 2792 2628 '
2820 2599 2896 2661 ὡς
2927 2599 2995 2652 ἂν
3024 2599 3123 2653 καὶ
3146 2598 3225 2669 τῷ
3256 2598 3453 2666 πλήθει
3487 2601 3583 2653 καὶ
3620 2599 3700 2670 τῷ

2105 2691 2329 2762 μεγέθει
2378 2692 2473 2745 καὶ
2515 2692 2582 2761 τῇ
2624 2689 2862 2760 εὐψυχίᾳ
2896 2688 3006 2742 τῶν
3042 2705 3102 2743 τε
3133 2690 3431 2762 δρομώνων
3462 2693 3558 2746 καὶ
3587 2692 3701 2746 τῶν

2104 2784 2454 2853 στρατιωτῶν
2484 2782 2897 2853 καθυπέρτερος
2928 2782 3038 2835 τῶν
3066 2783 3351 2854 πολεμίων
3381 2783 3582 2839 πλοίων
3606 2801 3702 2853 γε-

2099 2877 2325 2947 νόμενος
2353 2878 2450 2929 σὺν
2479 2875 2599 2946 Θεῷ
2628 2876 2728 2946 τὴν
2762 2876 2881 2928 κατ’
2909 2874 3087 2929 αὐτῶν
3110 2876 3354 2947 ἐπιλήψῃ
3384 2877 3563 2946 νίκην.

2173 2968 2276 3039 ξη’.
2305 2968 2399 3021 Δεῖ
2422 2968 2478 3021 δέ
2504 2985 2562 3021 σε
2586 2968 2681 3022 καὶ
2707 2968 3068 3039 μικροτέρους
3094 2967 3398 3034 ἐξοπλίζειν
3415 2968 3701 3039 δρόμωνας

2100 3062 2195 3115 καὶ
2241 3060 2643 3133 ἐλαφροτέρους
2686 3057 2799 3132 (16)
2830 3060 2938 3114 τῶν
2972 3060 3239 3130 συνήθων,
3271 3060 3411 3113 ῶστε
3447 3061 3542 3114 καὶ
3572 3060 3702 3114 διώ-

397 3174 514 3219 stes
546 3180 744 3233 capere
781 3166 998 3235 possint
1036 3182 1050 3219 :
1106 3166 1191 3221 sin
1223 3166 1293 3220 ab
1334 3166 1590 3222 hostibus
1635 3166 1992 3230 invadantur,

2102 3171 2300 3218 κοντας
2335 3153 2781 3224 καταλαμϐάνειν
2813 3151 2943 3215 τοὺς
2964 3151 3279 3222 πολεμίους,
3311 3154 3407 3207 καὶ
3431 3152 3700 3223 διωκομέ-

399 3271 510 3310 non
541 3257 836 3326 capiantur
873 3263 1079 3312 tamen.
1120 3257 1375 3327 lstasque
1425 3258 1490 3313 ad
1523 3258 1993 3329 opportunitatem

402 3347 665 3416 temporis
692 3362 1012 3414 conserves,
1076 3358 1136 3403 ut
1157 3350 1374 3421 possint
1400 3350 1485 3405 vel
1510 3351 1764 3406 hostibus
1795 3351 1996 3405 malum

400 3439 631 3503 inferre,
655 3442 741 3497 vel
802 3440 1094 3514 providere
1128 3451 1189 3496 ιιι
1222 3443 1439 3498 nullum
1472 3444 1677 3498 malum
1710 3444 1780 3499 ab
1818 3443 1997 3500 hosti-

397 3532 503 3588 bus
526 3533 825 3603 accipiant.

471 3625 562 3688 69.
601 3624 809 3681 Parvas
840 3641 1181 3699 magnasque
1215 3631 1469 3684 triremes
1504 3644 1603 3699 pro
1635 3630 1875 3685 hostium
1910 3642 2001 3684 ra-

400 3716 574 3781 tione,
602 3727 794 3771 contra
825 3734 966 3786 quos
1003 3734 1221 3790 pugnas
1248 3720 1565 3790 apparabis.
1617 3719 1807 3790 Neque
1849 3723 1995 3775 enim

402 3809 807 3865 Saracenorum
830 3817 881 3866 et
901 3810 1336 3881 Bosphoriorum
1358 3812 1690 3884 Scytharum
1708 3814 1895 3869 eadem
1915 3819 1999 3868 est

400 3900 601 3957 ciassis
630 3902 962 3972 apparatio:
1002 3902 1268 3958 Saraceni
1306 3904 1455 3959 enim
1492 3905 1799 3961 cumbariis
1824 3913 1994 3959 utnu-

401 4002 494 4048 tur
539 3993 868 4063 majoribus,
905 4003 961 4050 et
1000 3995 1069 4049 ad
1103 4011 1327 4052 cursum
1372 3996 1731 4061 tardioribus,
1778 3998 1998 4070 Scythm

401 4096 589 4142 autem
633 4089 843 4143 acatiis
881 4096 1116 4143 utuntur
1144 4090 1478 4157 minoribus,
1529 4084 1994 4160 expeditioribus,

399 4186 457 4231 et
493 4178 880 4234 celerioribus.
903 4176 1041 4233 Nam
1079 4195 1175 4248 per
1197 4178 1399 4236 ﬂuvios
1429 4182 1705 4252 quosdam
1740 4184 1794 4236 in
1825 4180 1998 4236 Euxi-

398 4283 535 4324 num
571 4280 800 4341 pontum
836 4273 1226 4342 prolabuntur,
1249 4286 1430 4343 neque
1456 4274 1767 4343 majoribus
1801 4275 1902 4328 hac
1928 4273 1996 4329 de

401 4372 571 4412 causa
604 4360 679 4413 uti
715 4368 996 4428 poterunt.
1029 4361 1212 4431 Atque
1237 4361 1355 4417 haec
1394 4378 1425 4417 a
1464 4364 1629 4420 nobis
1651 4364 1720 4420 de
1747 4364 1868 4420 acie
1900 4366 1992 4420 iu-

402 4450 666 4507 struenda
695 4454 977 4508 dicantur.

2101 3264 2227 3310 νους
2252 3247 2327 3318 μὴ
2349 3245 2893 3317 καταλαμϐάνεσθαι,
2911 3244 3009 3298 καὶ
3028 3245 3253 3309 τούτους
3277 3243 3422 3315 ἔχειν
3446 3247 3502 3299 ὲν
3521 3243 3702 3316 καιρῷ

2100 3340 2201 3410 τῆς
2227 3338 2576 3410 ἁρμοζούσης
2606 3338 2789 3401 αὐτοῖς
2828 3336 3041 3407 χρείας,
3073 3336 3149 3399 ὡς
3183 3336 3447 3391 δύνασθαι
3476 3336 3702 3400 αὐτοὺς,

2100 3434 2133 3504 ἢ
2161 3432 2359 3504 δρᾶσαί
2389 3449 2442 3485 τι
2475 3431 2648 3485 κακὸν
2679 3432 2792 3493 τοῖς
2826 3422 3121 3501 ὲχθροΐς,ἢ
3162 3431 3237 3501 μὴ
3269 3430 3467 3484 παθεῖν
3495 3438 3547 3482 τι
3595 3446 3700 3481 κα·-

2100 3526 2197 3579 κὸν
2227 3527 2360 3597 παρ’
2389 3523 2593 3577 αὐτῶν.
3722 3528 3723 3531 “

2172 3616 2268 3684 ξθ’.
2316 3617 2566 3687 Μικροὺς
2597 3600 2655 3668 δὲ
2682 3616 2775 3671 καὶ
2801 3615 3072 3687 μεγάλους
3101 3614 3392 3685 δρόμωνας
3421 3614 3571 3668 κατὰ
3598 3615 3699 3684 τὴν

2101 3708 2365 3778 ποιότητα
2411 3707 2521 3758 τῶν
2570 3705 2848 3776 πολεμίων
2898 3704 3070 3758 ἐθνῶν
3118 3703 3580 3766 κατασκευάσεις.
3617 3704 3692 3756 Οὐ

2102 3801 2211 3871 γὰρ
2260 3802 2289 3853 ὁ
2333 3798 2496 3860 αὐτός
2530 3800 2679 3852 ἔστιν
2715 3799 2901 3861 στόλος
2936 3795 3044 3850 τῶν
3091 3796 3296 3849 πλοίων
3341 3797 3450 3849 τῶν
3497 3814 3555 3849 τε
3586 3782 3697 3850 ’Σα-

2105 3891 2359 3964 ρακηνῶν
2410 3891 2735 3961 Βαρϐάρων,
2788 3888 2885 3943 καὶ
2933 3888 3045 3941 τῶν
3091 3887 3403 3959 λεγομένων
3463 3887 3705 3959 Βορείων

2101 3984 2343 4039 Σκυθῶν.
2372 3984 2441 4037 Οί
2487 3982 2586 4053 μὲν
2618 3983 2727 4053 γὰρ
2781 3978 3145 4053 κουμϐαρίοις
3198 3979 3439 4052 χρῶνται
3483 3980 3700 4050 μείζοσι

2100 4075 2197 4130 καὶ
2246 4074 2592 4147 ἀργυτέροις,
2645 4075 2693 4127 οἱ
2736 4072 3049 4145 Βάρϐαροι,
3100 4074 3149 4126 οἱ
3180 4073 3235 4126 δὲ
3280 4070 3393 4128 οἷον
3446 4071 3705 4134 ἀκατίοις

2103 4169 2355 4222 ἐλάττοσι
2406 4166 2506 4222 καὶ
2553 4166 2942 4238 ὲλαφροτέροις
2976 4167 3070 4219 καὶ
3114 4168 3356 4236 ταχινοῖς
3383 4167 3431 4218 οἱ
3472 4164 3698 4217 Σκύθαι.

2101 4260 2200 4312 Διά
2229 4258 2493 4328 ποταμῶν
2520 4257 2629 4330 γάρ
2652 4258 2731 4321 εἰς
2762 4256 2854 4309 τὸν
2885 4253 3136 4321 Εὔξεινον
3162 4255 3530 4326 ἐμπίπτοντες
3566 4253 3701 4307 πόν-

2099 4364 2194 4403 τον
2239 4350 2300 4403 ού
2347 4348 2605 4402 δύνανται
2660 4334 2874 4417 μείζοσι
2934 4347 3250 4418 χρήσασθαι
3309 4346 3537 4412 πλοίοις.
3588 4345 3707 4401 Καὶ

2100 4442 2274 4497 ταῦτα
2316 4441 2415 4511 μὲν
2439 4442 2568 4510 περὶ
2597 4437 2962 4510 παρατάξεων
3002 4438 3267 4511 εἰρήσθω.

478 4541 565 4597 70.
608 4541 709 4598 Ubi
744 4556 876 4599 vero
901 4544 1193 4601 discedere
1218 4560 1248 4600 e
1272 4545 1462 4617 praelia
1494 4547 1727 4618 cogitas,
1758 4548 1990 4604 ciassem

2169 4542 2235 4590 θ’.
2303 4535 2473 4587 Ὅταν
2542 4532 2602 4586 δὲ
2654 4531 3040 4600 ἀπαλλαγῆναι
3105 4531 3275 4604 βούλῃ
3339 4530 3441 4601 τῆς
3495 4531 3697 4601 μάχης,

400 4640 554 4687 tuam
580 4634 828 4701 lunabis,
863 4642 1031 4706 atque
1067 4637 1141 4691 ita
1172 4636 1464 4692 discedes:
1505 4638 1820 4707 hujusmodi
1848 4639 1996 4694 enim

403 4722 602 4791 forma,
631 4727 1099 4795 quemadmodum
1149 4728 1495 4799 antiquiores
1548 4730 1771 4800 quidam
1823 4730 2000 4785 tradi-

404 4812 629 4881 derunt,
661 4827 773 4871 tum
809 4818 874 4873 ad
899 4822 1492 4889 progressiones,‘tum
1517 4821 1585 4877 ad
1614 4822 2003 4878 discessiones

403 4906 739 4973 permultum
774 4910 941 4963 valet.

475 5083 569 5142 71.
609 5085 759 5141 Bello
796 5083 910 5157 jam
956 5087 1252 5153 confecto,
1298 5086 1483 5141 omnia
1526 5085 1652 5141 belli
1708 5086 1883 5157 spolia
1933 5102 2001 5143 ex

408 5192 568 5248 mque
604 5187 658 5233 et
681 5179 827 5234 bono
872 5180 1145 5236 militibus
1178 5180 1291 5235 tuis
1322 5177 1647 5243 distribues,
1688 5187 1741 5233 et
1773 5177 2001 5248 prandia

408 5272 727 5342 epulasque,
770 5284 824 5327 et
857 5274 1025 5328 multa
1059 5272 1311 5329 convivia
1340 5271 1665 5341 apparabis,
1700 5280 1754 5326 et
1787 5287 1883 5326 eos
1908 5272 2000 5340 qui

412 5379 472 5419 se
502 5366 558 5420 in
600 5366 745 5421 bello
794 5376 1019 5421 strenue
1050 5373 1367 5438 gesserunt,
1397 5364 1704 5420 honoribus
1731 5364 2004 5434 prmmiis-

412 5472 520 5525 que
566 5460 949 5515 muneraberis
1002 5478 1014 5514 :
1063 5459 1156 5530 qui
1215 5458 1423 5528 aliquid
1483 5460 1657 5514 milite
1717 5457 2005 5530 indignum

416 5553 670 5616 gesserit,
700 5553 973 5623 supplicio
1013 5568 1077 5609 ac
1108 5564 1274 5624 paena
1306 5564 1652 5609 coerceatur.

2108 4627 2426 4700 μηνοειδῶς,
2452 4624 2528 4688 ὡς
2551 4625 2789 4694 εἴρηται,
2815 4622 3250 4693 τὴνπαράταξιν
3272 4622 3380 4678 τῶν
3404 4622 3700 4694 δρομώνων

2103 4721 2337 4791 ποιήσας
2375 4716 2549 4780 οὓτως
2600 4713 3005 4786 ὑποχωρήσεις,
3040 4713 3127 4766 διὰ
3176 4713 3238 4765 τὸ
3269 4713 3511 4782 ἀσφαλὲς
3559 4706 3702 4765 εἶναι

2104 4812 2164 4867 τὸ
2194 4809 2434 4863 τοιοῦτον
2490 4806 2679 4877 σχῆμα
2722 4808 2782 4859 ὲν
2822 4805 2941 4866 ταῖς
2988 4804 3274 4867 τοιαύταις
3309 4804 3404 4857 καὶ
3453 4803 3703 4876 προόδοις

2106 4907 2203 4959 καὶ
2251 4880 2658 4973 ὑποχωρῆσεσι,
2695 4898 2772 4961 ῶς
2818 4914 2963 4962 τινες
3008 4898 3118 4952 τῶν
3172 4897 3421 4954 παλαιῶν
3494 4914 3705 4970 μαρτυ-

2109 4995 2264 5068 ροῦσι
2295 4992 2374 5063 τῷ
2399 4993 2589 5064 τρόπῳ
2622 4990 2798 5060 τούτῳ
2836 4991 3200 5062 χρησάμενοι.

2175 5092 2279 5139 οα’.
2332 5082 2489 5138 Μετὰ
2539 5081 2596 5135 δὲ
2641 5081 2739 5151 τὴν
2794 5081 2951 5135 λύσιν
2988 5081 3086 5135 τοῦ
3121 5080 3363 5149 πολέμου
3390 5078 3509 5133 δέον
3542 5096 3625 5143 σε,
3658 5071 3705 5131 ὧ

2113 5176 2409 5251 στρατηγέ,
2436 5175 2524 5241 τὰ,
2556 5174 2632 5239 ὡς
2661 5174 2838 5241 εἰκὸς,
2880 5172 3219 5245 κερδηθέντα
3246 5172 3355 5225 άπὸ
3407 5172 3517 5225 τῶν
3548 5172 3708 5226 πολε-

2118 5270 2257 5339 μίων
2284 5268 2504 5337 λάφυρα
2538 5263 2599 5331 ἐξ
2630 5265 2748 5318 ἴσου
2783 5262 3126 5335 διαμερίζειν
3158 5265 3274 5325 τοῖς
3307 5261 3706 5332 στρατιώταις,

2114 5362 2209 5417 καὶ
2260 5360 2630 5431 ἁριστοποιείν
2690 5356 2788 5411 καὶ
2840 5354 3286 5428 φιλοφρονεῖσθαι
3340 5355 3561 5417 αὐτοὺς,
3609 5352 3708 5407 καὶ

2116 5452 2445 5509 πανδαισίαν
2500 5449 2775 5504 ποιεῖσθαι
2820 5450 2916 5503 καὶ
2963 5448 3199 5519 εὐωχίας
3248 5448 3327 5510 είς
3362 5448 3583 5512 αὐτοὺς,
3616 5448 3711 5499 καὶ

2116 5548 2243 5610 τοὺς
2293 5545 2393 5616 μὲν
2452 5542 2888 5616 ἀριστεύσαντας
2950 5542 3048 5597 καὶ
3102 5542 3324 5612 δωρεῶν
3388 5543 3484 5594 καὶ
3532 5540 3709 5612 τιμῶν

421 5639 675 5710 ἀξιῶσαι,
702 5648 830 5711 τοὺς
863 5646 923 5699 δέ.
956 5662 1010 5699 τι
1042 5648 1265 5713 ἀνάξιον
1299 5647 1635 5719 στρατιώτου
1667 5648 2002 5718 ποιήσαντας
2029 5640 2362 5713 ἐπιτιμῆσαι
2388 5639 2641 5702 δεόντως.

1952 5735 2184 5794 NOTAE}.

641 5830 994 5899 φύσιῴσεις.
1030 5832 1240 5899 Scribe,
1272 5833 1506 5897 ἰσώσεις.

501 5892 612 5963 (l6)
658 5896 737 5950 Ab
794 5892 1194 5971 ἐλαφροτέρους
1228 5892 1435 5973 ἰιειιυο
1468 5892 1562 5961 ἰλιι
1626 5909 1788 5964 liuent
1822 5907 1988 5979 hujus

2102 5901 2433 5961 tstitutionis
2461 5899 2600 5958 nihil
2635 5898 2833 5971 legitur
2862 5898 2919 5957 in
2941 5897 3135 5957 codice
3201 5894 3595 5955 Laurentiano.
