4120 6434
406 395 546 463 1013

1477 382 1821 447 TACTICA.
1851 408 1920 423 --
1955 384 2468 448 CONSTITUTIO
2498 388 2630 449 XX.

3550 361 3697 464 ιω

473 507 572 578 οβ’.
598 503 738 560 ἰσθι
760 503 839 570 δὲ,
862 497 908 556 ὧ
928 502 1223 574 πρατηγέ,
1245 502 1327 555 ὅτι
1352 498 1560 568 πλῆθος
1580 496 1879 569 δρομώνων
1904 498 1988 551 ἀν‹

2175 500 2264 554 72.
2308 500 2604 559 Multitudo
2626 502 2938 559 triremium
2972 504 3202 577 ignavos
3223 506 3376 565 viros
3405 510 3691 569 continen-

400 602 625 672 άνδρους
651 598 886 668 ἐχόντων
911 593 1254 666 στρατιώτας
1271 592 1425 647 οὐδὲν
1444 590 1643 661 ἰσχύει,
1673 589 1784 642 οὐδ’
1810 589 1877 643 ἂν
1900 590 1995 642 καὶ

402 694 538 764 πρὸς
551 692 762 759 ὀλίγους
786 691 1139 759 μαχήσωνται
1163 687 1287 749 τοὺς
1308 683 1587 747 ἐναντίους
1603 680 1880 753 ἀνδρείους,
1899 681 1995 735 καὶ

400 785 689 855 εὐψύχους.
723 780 860 835 Οὔτε
885 779 995 851 γὰρ
1019 778 1363 850 πολυπληθία
1384 776 1597 848 ἀνδρῶν
1628 774 1771 830 κατά
1792 773 1995 844 ὀλίγων

405 878 637 945 ἰσχύσει,
672 875 721 926 εἰ
748 872 823 943 μὴ
850 874 944 926 καὶ.
970 875 1038 943 τῇ
1074 871 1356 942 προθυμία
1381 869 1476 923 καὶ
1493 871 1558 940 τῇ
1582 867 1799 923 ὁπλίσει
1823 878 1992 938 στρα-

398 969 591 1024 τιῶται
614 966 835 1037 ἀληθεῖς
855 965 1295 1019 ἀποδείκνυνται.
1322 963 1388 1015 Τί
1410 961 1520 1031 γὰρ
1543 962 1644 1014 οὐκ
1664 960 1992 1030 ἐργάσονται

400 1061 572 1115 δεινὸν
585 1058 681 1112 καί
698 1057 869 1125 ὀλίγοι
889 1056 1044 1109 λύκοι
1062 1056 1200 1126 πρὸς
1217 1054 1420 1118 πολλάς
1437 1052 1682 1123 χιλιάδας
1704 1052 1957 1122 ποιμνίου
1973 1068 1989 1119 ;

470 1158 570 1220 ογ’.
632 1150 724 1203 Διὸ
786 1149 894 1222 χρή
945 1165 1005 1201 σε
1069 1149 1205 1218 ὀρᾷν
1236 1146 1457 1200 ἅπαντα
1484 1144 1651 1215 ἵμετά
1702 1142 1992 1214 ἀκριϐείας

403 1245 621 1313 ἁπάσης
670 1242 737 1295 τὰ
784 1241 895 1295 τῶν
941 1239 1176 1311 ἐχθρῶν,
1228 1239 1303 1302 ὡς
1330 1238 1654 1301 διάκεινται,
1693 1236 1791 1289 καὶ
1818 1235 1993 1300 οὕτως

398 1338 499 1407 τήν
524 1352 584 1389 τε
618 1334 727 1389 τῶν
760 1332 1114 1405 στρατιωτῶν
1163 1331 1399 1396 ὅπλισιν,
1447 1331 1542 1383 καὶ
1569 1329 1630 1382 τὸ
1657 1328 1861 1400 πλῆθος
1889 1328 1988 1381 αύ-

400 1429 509 1482 τῶν
544 1427 638 1480 καὶ
662 1426 725 1479 τὸ
758 1426 1010 1496 μέγεθος,
1048 1424 1145 1478 καὶ
1170 1424 1243 1476 τὰ
1272 1424 1411 1477 ἄλλα
1439 1421 1854 1492 ἐπιτηδεύματα
1885 1424 1987 1493 ἀρ-

406 1519 601 1590 μοδίως
629 1518 772 1572 κατά
800 1519 909 1569 τῶν
940 1516 1203 1571 ἐναντίων
1230 1514 1702 1587 παρασκευάζειν.

469 1606 560 1660 οδ’.
593 1607 780 1675 Ἔχειν
803 1606 859 1659 δέ
891 1606 986 1659 καὶ
1019 1606 1251 1677 μικροὺς
1277 1606 1560 1675 δρόμωνας
1579 1605 1674 1657 καὶ
1701 1605 1909 1675 ταχεῖς,
1927 1606 1987 1658 ού

401 1698 537 1773 πρὸς
572 1698 808 1769 πόλεμον
849 1698 1314 1768 ἐξωπλισμένους,
1382 1697 1521 1751 ἀλλά
1569 1697 1707 1768 πρὸς
1749 1698 1850 1762 τὰς
1902 1692 1988 1768 βί-

399 1790 704 1858 γλαςνεκαὶ
754 1790 823 1843 τὰ
873 1791 1137 1861 μανδάτα,
1189 1792 1284 1844 καὶ
1311 1792 1413 1854 τὰς
1446 1790 1615 1854 ἄλλας
1655 1789 1987 1854 ἀπαντώσας

397 1881 600 1951 ὁμοίως
628 1882 839 1952 χρείας.
880 1882 991 1935 Καὶ
1025 1880 1144 1934 ἔστι
1187 1882 1256 1935 τά
1303 1898 1367 1933 τε
1416 1882 1653 1951 μονήρια
1686 1881 1985 1950 λεγόμενα,

400 1972 496 2023 καὶ
528 1971 878 2038 τάςνγαλεας,
928 1970 1072 2040 πλὴν
1106 1971 1201 2023 καὶ
1237 1971 1436 2034 αὐτοὺς
1488 1971 1766 2037 ἐνόπλους,
1801 1969 1893 2023 διὰ
1921 1969 1992 2023 τὰ

400 2054 669 2132 τυχηρῶς
688 2063 1095 2131 συμπίπτοντα.

467 2161 559 2209 σε’.
593 2156 701 2208 Καὶ
732 2159 788 2207 σὲ
811 2155 868 2208 δέ
892 2156 1055 2209 αὐτὸν
1078 2155 1169 2208 διὰ
1188 2155 1407 2209 πάντων
1427 2150 1567 2208 εἶναι
1589 2155 1674 2207 δεῖ
1700 2156 1990 2210 σπουδαῖον

398 2246 492 2299 καί⁵
539 2247 786 2313 γενναῖον
837 2247 933 2299 καὶ
980 2246 1259 2315 ἀτάραχον
1294 2246 1391 2298 καὶ
1435 2245 1567 2310 ὀξὺν
1594 2247 1657 2296 ἐν
1688 2247 1808 2307 ταῖς
1854 2246 1987 2298 ἀνα-

395 2338 623 2407 γκαίας
663 2337 900 2409 μάλιστα
940 2338 1050 2391 τῶν
1090 2341 1441 2409 πραγμάτων
1485 2337 1872 2408 ἐγχειρήσεσίν
1927 2352 1988 2389 τε

398 2433 494 2484 καί¹
535 2431 797 2502 πράξεσιν
827 2430 912 2483 ἵνα
944 2431 1037 2483 καὶ
1069 2429 1193 2501 Θεῷ
1238 2431 1555 2501 εὐάρεστος,
1602 2431 1701 2482 καὶ
1743 2432 1810 2499 τῇ
1851 2431 1989 2498 ἡμε-

397 2522 535 2594 τέρᾳ
580 2524 644 2575 ἐκ
688 2522 827 2576 Θεοῦ
865 2523 1115 2594 βασιλείᾳ
1170 2523 1473 2594 εῠχρηστός
1524 2539 1586 2576 τε
1633 2521 1729 2575 καὶ
1764 2521 1989 2591 δόκιμος

398 2618 697 2685 ἀναφανεὶς
753 2616 1059 2689 στρατηγὸς
1116 2615 1511 2687 ἀμφοτέρωθεν
1551 2615 1828 2686 κερδήσῃς
1889 2614 1987 2677 τὰς

401 2708 559 2772 ἀξίας
588 2708 693 2760 τῶν
723 2708 905 2760 πόνων
928 2707 1185 2778 ἀμοιϐὰς,
1215 2709 1280 2760 ἐκ
1303 2706 1440 2759 Θεοῦ
1473 2706 1570 2776 μὲν
1601 2706 1829 2775 μισθοὺς
1854 2705 1990 2758 ἀυα-

401 2801 592 2863 νάτους
646 2800 787 2870 ὑπὲρ
817 2802 915 2871 τῆς
944 2798 1113 2863 αὑτοῦ
1158 2798 1529 2869 κληρονομίας
1559 2795 1985 2866 ἀγωνιζόμενος,

401 2890 461 2954 ἐξ
490 2892 520 2958 ἡ
532 2890 646 2957 μῶν
672 2889 726 2942 δὲ
758 2888 1040 2959 καὶτιμὰς
1077 2888 1172 2940 καὶ
1203 2888 1411 2958 δωρεὰς
1443 2886 1544 2949 τὰς
1575 2885 1984 2957 προσηκούσας,

404 2980 481 3051 μὴ
517 2980 842 3050 ψευδόμενος
887 2981 985 3049 τὴν
1016 2978 1231 3048 κλῆσιν,
1272 2977 1389 3031 ἀλλ’
1433 2976 1643 3048 ἀληθὴς
1678 2975 1986 3048 στρατηγὸς

402 3070 499 3121 καὶ
539 3070 614 3122 ὢν
654 3071 745 3123 καὶ
802 3067 1159 3139 καλούμενος,
1188 3066 1427 3121 τοσαῦτα
1476 3068 1730 3136 καὶπερὶ
1768 3083 1984 3135 ναυμα-

403 3159 526 3229 χίας
555 3158 628 3223 ὠς
654 3162 711 3213 ἐν
752 3160 971 3229 συνόψει
1006 3159 1104 3228 μὲν
1133 3157 1368 3228 μετρίως
1398 3158 1659 3227 εἰρήσθω.

894 3250 1206 3305 ΔιΑΤΑειΣ
1245 3249 1309 3304 ιε’
1345 3251 1481 3319 (l7).

585 3345 729 3413 Περί
756 3344 1060 3413 διαφόρων
1087 3342 1401 3414 γνωμικῶν
1425 3343 1790 3412 κεφαλαίων.

470 3435 540 3491 α’,
584 3438 741 3491 Μετά
787 3436 843 3489 δὲ
894 3438 993 3499 τὰς
1023 3436 1322 3507 εἰρημένας
1372 3435 1752 3506 παραγγελίας
1790 3450 1848 3486 τε
1892 3434 1989 3488 καί

400 3529 695 3597 διατάξεις,
726 3525 773 3583 ὧ
815 3529 1108 3600 στρατηγξ
1143 3528 1324 3597 χρεὼν
1350 3529 1418 3597 τῇ
1452 3530 1517 3597 σῇ
1551 3525 1858 3596 ἐνδοξότητι
1891 3526 1990 3578 καὶ

398 3625 517 3686 mi;
544 3622 646 3693 ἤδη
672 3619 1076 3691 ῥηθησομέναις
1101 3618 1377 3687 ἐγκρύψαι
1394 3617 1665 3688 γνώμαις,
1686 3617 1749 3680 ἃς
1770 3618 1834 3669 ἐκ
1861 3615 1990 3669 πολ-

397 3716 507 3769 λῶν
556 3715 803 3769 παλαιῶν
838 3713 933 3768 καὶ
969 3712 1355 3783 στρατηγικῶν
1400 3712 1799 3780 συνταγμάτων
1848 3710 1988 3762 ἀνα-

400 3809 688 3877 λεξάμενοι
734 3806 1011 3874 συνόψεως
1050 3807 1212 3874 χάριν
1252 3803 1362 3857 τῶν
1400 3803 1710 3873 εἰρημένων
1754 3799 1988 3854 ἐνταῦθα

401 3898 898 3971 παρατεθείκαμεν.
957 3897 1051 3950 Ἐκ
1092 3895 1299 3949 τούτων
1338 3895 1447 3965 γὰρ
1480 3894 1578 3947 καὶ
1612 3893 1707 3945 ἐπὶ
1736 3892 1833 3956 τὰς
1868 3890 1988 3959 μεί-

401 3993 561 4060 ζονας
594 3990 823 4063 πράξεις
869 3989 969 4059 τῆς
1013 3989 1281 4059 τακτικῆς
1317 3987 1553 4058 θεωρίας
1588 3986 1856 4055 ἀναϐῆναι
1890 3985 1987 4038 δυ-

399 4086 563 4157 νήσῃ,
598 4084 740 4139 κατά
768 4083 861 4137 τὸν
885 4082 1051 4153 σοφὸν
1084 4080 1498 4154 Παροιμιαστὴν
1527 4079 1757 4151 βασιλέα
1781 4096 1794 4109 ·
1828 4078 1986 4149 Σοφῷ

397 4178 510 4249 γὰρ
539 4178 698 4248 ἀνδρὶ
720 4176 946 4249 ἀφορμὴ
961 4177 1221 4247 διδομένη
1248 4176 1559 4247 σοφώτερον
1580 4176 1981 4243 ἀπεργάζεται.

473 4269 540 4336 β’.
585 4269 692 4321 Ἑν
720 4266 960 4339 πρώτοις
1001 4266 1104 4338 μὲν
1125 4267 1397 4336 ἐγχειρεῖν
1430 4265 1638 4336 μέλλων
1667 4265 1986 4334 ἀναγκαίων

403 4358 767 4433 πραγμάτων,
815 4354 860 4411 ὦ
902 4358 1213 4428 στρατηγέ,
1253 4357 1328 4427 μὴ
1379 4356 1579 4427 χώριζε
1624 4358 1851 4409 σεαυτὸν
1890 4356 1983 4410 τοῦ

402 4451 640 4521 πλήθους
687 4448 796 4503 τῶν
845 4449 904 4501 ἐν
934 4450 1049 4511 τοίς
1105 4447 1285 4518 ἔργοις
1333 4445 1660 4511 πονούντων,
1709 4445 1846 4500 ἀλλά
1888 4448 1985 4500 καὶ

2095 594 2234 649 tium
2276 596 2488 651 nullius
2517 597 2777 652 momenti
2808 606 2915 663 est,
2959 613 3031 654 ne
3075 597 3123 655 si
3176 598 3443 658 adversus
3477 617 3688 674 paucos

2094 687 2317 757 quidem
2365 702 2433 743 ac
2473 696 2730 745 strenuos
2759 688 3136 745 dimicandum
3184 690 3278 748 sit.
3319 691 3509 765 Neque
3538 695 3685 750 enim

2096 780 2454 837 multitudine
2480 781 2724 837 virorum
2750 789 2846 835 aut
2878 782 3154 852 paucitate
3178 783 3384 839 bellum
3410 786 3686 853 cernitur,

2095 871 2191 928 sed
2239 873 2523 930 alacritate
2573 881 2629 929 et
2677 874 3005 930 strenuitate
3045 876 3249 932 milites
3282 877 3399 933 veri
3459 877 3691 935 demon-

2095 972 2368 1020 strantur.
2413 964 2558 1031 Quid
2588 965 2736 1021 enim
2769 966 2898 1021 mali
2934 982 3044 1024 non
3089 967 3326 1025 inferent
3372 969 3532 1041 pauci
3573 969 3689 1042 lupi

2094 1068 2393 1129 permagna
2428 1056 2578 1127 gregi
2604 1054 2832 1111 ovium?

2169 1144 2255 1202 73.
2300 1148 2488 1218 itaque
2519 1158 2608 1204 res
2637 1148 2882 1204 hostium
2930 1148 3225 1223 diligenter
3265 1152 3364 1210 abs
3397 1160 3451 1211 te
3499 1154 3688 1226 periu-

2094 1240 2338 1295 strandte
2402 1246 2552 1305 sunt,
2600 1249 2657 1296 et
2708 1254 2811 1312 pro
2845 1240 3069 1297 illorum
3103 1244 3319 1300 ratione
3376 1247 3684 1303 triremium

2094 1343 2437 1402 apparatum,
2484 1332 2723 1387 militum
2767 1342 3132 1401 armaturam,
3167 1336 3578 1393 multitudinem
3620 1340 3689 1394 il-

2094 1425 2269 1479 lorum
2299 1434 2353 1479 et
2382 1425 2817 1496 magnitudinem
2843 1468 2856 1491 ,
2916 1428 3238 1499 reliquaque
3271 1430 3460 1485 omnia
3489 1431 3687 1488 idonee

2093 1519 2358 1572 adversus
2383 1532 2578 1573 omnes
2607 1518 2968 1588 praeparabis.

2165 1611 2252 1664 74.
2280 1608 2495 1666 Habeas
2513 1611 2566 1665 in
2591 1619 2846 1682 promptu
2877 1614 3347 1682 parvastriremes
3367 1625 3420 1673 et
3444 1633 3688 1685 crassas,

2090 1713 2199 1754 non
2233 1700 2302 1753 ad
2337 1700 2541 1754 bellum
2573 1711 2845 1766 armatas,
2897 1702 2991 1757 sed
3044 1702 3112 1758 ad
3151 1706 3419 1763 excubias
3450 1716 3504 1765 et
3535 1724 3690 1766 com-

2092 1800 2331 1847 meatum
2364 1806 2428 1847 ac
2462 1791 2736 1863 reliquum
2754 1774 2938 1850 'usum
2989 1793 3247 1852 bellicum
3275 1813 3287 1850 :
3326 1808 3379 1854 et
3403 1800 3571 1856 unius
3596 1817 3687 1857 re-

2096 1899 2311 1938 morum
2346 1884 2559 1939 ordinis
2593 1898 2786 1950 naves,
2820 1896 2959 1954 quas
3007 1888 3193 1957 galeas
3227 1896 3450 1960 vocant,
3480 1907 3688 1965 easque

2095 1979 2266 2032 armis
2294 1976 2598 2032 instructas
2620 1978 2688 2032 ad
2714 1990 2932 2034 omnem
2961 1980 3089 2035 belli
3122 1989 3401 2038 eventum.

2168 2154 2257 2209 75.
2300 2153 2380 2209 Tu
2428 2166 2559 2210 vero
2602 2156 2719 2226 ipse
2762 2157 2820 2213 in
2868 2157 3129 2213 omnibus
3172 2158 3485 2215 industrius
3539 2167 3684 2217 stre—

2092 2260 2348 2316 nuusqne
2394 2246 2494 2312 sis,
2520 2257 2574 2303 et
2607 2260 2737 2303 acer
2765 2248 3099 2319 sedatusque
3137 2250 3192 2305 in
3224 2250 3483 2307 omnibus
3516 2253 3684 2309 rebus

2093 2340 2476 2409 aggrediendis
2501 2348 2668 2411 atque
2690 2341 3052 2409 instruendis,
3080 2351 3141 2397 ut
3176 2343 3287 2400 Deo
3310 2346 3683 2415 complacitus

2094 2433 2469 2503 probatusque
2521 2433 2621 2490 llas
2658 2433 2985 2505 imperator,
3027 2443 3081 2490 ct
3124 2436 3383 2506 utrinque
3428 2437 3681 2491 laborum

2093 2534 2341 2596 reportes
2364 2524 2587 2597 dignam
2625 2528 2971 2594 mercedem,
3004 2544 3033 2582 a
3064 2528 3175 2586 Deo
3204 2530 3428 2600 quidem
3456 2530 3685 2585 immor-

2092 2618 2281 2681 talem,
2307 2619 2437 2689 quia
2468 2618 2591 2689 ejus
2619 2627 2825 2675 sortem
2878 2620 3311 2691 religionemque
3342 2638 3685 2693 prepuguas,

2092 2728 2121 2762 a
2157 2711 2313 2765 nobis
2348 2726 2475 2765 vero
2515 2727 2742 2766 munera
2771 2712 3121 2784 honoresque
3151 2714 3405 2780 idoneos,
3433 2713 3687 2770 vocatio-

2092 2817 2214 2854 nem
2249 2810 2401 2855 tuam
2439 2803 2591 2856 nullo
2624 2803 2787 2857 modo
2823 2803 3124 2867 frustraris,
3182 2805 3277 2860 sed
3322 2821 3382 2860 re
3428 2814 3481 2861 et
3516 2807 3685 2861 verbo

2088 2908 2252 2947 verus
2308 2893 2609 2961 imperator
2654 2894 2730 2949 sis
2780 2903 2945 2964 atque
3015 2896 3294 2952 babearis.
3346 2897 3412 2952 Ει
3454 2898 3570 2954 bare
3616 2897 3689 2953 de

2090 2986 2273 3040 navali
2320 2985 2510 3058 praelia
2559 3002 2659 3058 pro
2726 2987 3016 3046 brevitatis
3070 2991 3288 3049 ratione
3339 2993 3478 3050 satis
3535 2992 3689 3048 dicta

2090 3079 2220 3135 sint.

2557 3261 3029 3319 CONSTI'I'UTIO
3092 3263 3214 3321 XX.

2200 3353 2539 3409 Diversarum
2573 3356 2959 3410 sententiarum
2994 3356 3313 3410 militarium
3342 3373 3574 3413 summa.

2166 3447 2217 3501 l.
2262 3446 2530 3517 Deinceps
2558 3456 2681 3518 post
2716 3447 2831 3501 haec
2866 3457 3135 3518 praecepta
3164 3449 3683 3520 institutioncsque,

2090 3539 2145 3594 in
2195 3538 2295 3596 has
2346 3540 2651 3596 sententias
2701 3540 2993 3610 diligenter
3032 3541 3363 3611 intueberis,
3416 3559 3555 3614 quas
3613 3560 3681 3599 ex

2091 3632 2281 3687 multis
2311 3643 2363 3686 et
2395 3632 2641 3703 antiquis
2683 3631 2749 3687 de
2794 3648 2851 3687 re
2887 3634 3114 3689 militari
3148 3635 3306 3692 libris
3338 3637 3685 3709 collegimus,

2093 3734 2145 3781 et
2202 3723 2292 3779 hic
2319 3724 2603 3780 brevitatis
2643 3741 2810 3780 causa
2848 3727 3248 3783 eollocavimus
3281 3745 3295 3781 :
3330 3745 3394 3785 ex
3433 3731 3500 3785 iis
3533 3732 3680 3786 enim

2096 3814 2161 3871 ad
2200 3817 2466 3887 majorem
2511 3816 2588 3871 rei
2626 3818 2882 3872 militaris
2914 3819 3202 3873 scientiam
3258 3820 3545 3890 pervenire
3586 3838 3683 3891 po-

2090 3910 2227 3966 teris
2261 3930 2273 3965 :
2307 3909 2770 3980 quemadmodum
2824 3912 3046 3981 sapiens
3095 3928 3187 3966 rex
3246 3912 3680 3970 Proverbiorum

2088 4003 2615 4058 conficientissimus
2664 4001 2798 4056 dicit
2827 4018 2845 4055 :
2876 4003 3006 4057 Haec
3041 4003 3213 4069 enim,
3243 4004 3288 4057 si
3336 4005 3560 4075 sapiens
3597 4005 3684 4059 vir

2088 4109 2198 4149 non
2231 4095 2394 4163 adsit,
2429 4077 2819 4165 sapientiorem
2852 4102 3034 4151 tamen
3060 4106 3111 4152 te
3141 4096 3405 4152 facient‘.
3513 4127 3517 4133 ν

2162 4274 2217 4328 2.
2262 4272 2318 4327 in
2345 4266 2539 4342 primis
2569 4279 2753 4327 autem
2796 4270 3021 4343 aliquod
3071 4274 3353 4343 negotium
3387 4283 3684 4347 susceptu-

2090 4380 2208 4430 rus,
2245 4380 2314 4419 ne
2345 4375 2395 4419 te
2429 4365 2498 4419 ab
2542 4365 2608 4419 iis
2639 4379 2894 4435 segreges
2924 4364 3017 4433 qui
3058 4364 3300 4420 laborem
3337 4364 3572 4434 alicujus
3604 4367 3689 4423 rei

2089 4458 2446 4516 conﬁciendae
2480 4458 2818 4530 suscipiunt,
2856 4458 2951 4514 sed
2979 4467 3033 4515 et
3065 4460 3184 4530 ipse
3210 4473 3432 4531 quoque
3463 4460 3685 4523 laborata

401 4546 561 4609 αὐτὸς
584 4543 835 4612 ἀπάρχου
864 4539 972 4592 τῶν
1001 4539 1260 4593 τοιούτων
1280 4539 1678 4608 ἐγχειρήσεων,
1711 4539 1806 4589 καὶ
1842 4554 1982 4607 συμ-

2092 4552 2197 4615 bis,
2250 4562 2303 4607 et
2332 4552 2456 4608 illos
2488 4560 2756 4623 quantum
2792 4561 2954 4622 potes
2982 4552 3037 4606 in
3066 4566 3231 4623 opere
3262 4551 3514 4607 iaciendo
3552 4567 3686 4620 pro-

401 4639 559 4691 πόνει
590 4640 701 4699 τοῖς
733 4636 915 4704 ἔργοις
949 4632 1092 4686 κατά
1114 4632 1174 4685 τὸ
1203 4632 1433 4684 δυνατόν
1475 4643 1576 4691 σοι,
1604 4630 1714 4682 εἴτε
1742 4630 1986 4701 τάφρους

399 4730 677 4801 ὀρύσσεις,
711 4727 821 4781 εἴτε
866 4724 1309 4796 προσχωννύεις,
1334 4725 1393 4777 si"
1411 4724 1469 4776 τε
1495 4723 1837 4793 πολιορκίαις
1861 4724 1984 4775 ἐπι-

400 4825 637 4887 ϐἀλλεις,
662 4824 771 4875 εἴτε
792 4822 972 4875 ὅπλων
998 4822 1382 4882 κατασκευαῖς,
1408 4817 1516 4870 εἴτε
1547 4817 1982 4887 μηχανημάτων,

401 4918 521 4971 εἴτε
563 4915 841 4987 φρουρίων
887 4912 1147 4975 ἁλώσεαι,
1194 4911 1334 4981 πρὸς
1360 4911 1471 4964 είτιμ
1508 4908 1669 4981 ἔργον
1726 4908 1986 4980 χρειῶδες

402 4988 712 5079 ἐπίνοήσεις
748 5007 844 5061 καὶ
892 5004 1220 5072 κοινωφελὲς
1245 5004 1279 5074 ἢ
1320 5004 1493 5067 πόλει,
1543 5003 1583 5073 ἢ
1610 5000 1989 5072 στρατεύματι

403 5103 878 5176 πραχθησόμενον,
926 5102 1120 5157 τούτου
1166 5103 1355 5172 χερσὶν
1407 5103 1519 5172 (18)
1559 5102 1717 5164 ἰδίαις
1768 5101 1987 5171 πρῶτος

405 5199 677 5269 ἀπάρχου.
724 5198 833 5250 Ἐκ
866 5196 1059 5249 τούτου
1111 5194 1436 5264 γάρνῶσπερ
1467 5193 1775 5264 αἰδούμενοι
1813 5194 1913 5246 καὶ
1939 5194 1990 5247 οἰ

406 5291 736 5361 στρατιῶται
780 5288 1110 5361 θερμότερόν
1166 5302 1250 5340 σοι
1298 5287 1723 5351 ὑπακούσονται,
1771 5287 1866 5339 καὶ
1927 5286 1995 5338 τὸ

404 5384 779 5454 πραττόμενον
826 5381 1214 5453 εὐχερέστερον
1259 5379 1667 5449 τελεσθήσεται,
1711 5380 1771 5432 Εἰ
1804 5380 1861 5433 δέ
1903 5396 1988 5442 τις

402 5476 495 5528 καὶ
521 5475 630 5529 τῶν
660 5474 981 5544 ἐπιτηδείων
1004 5473 1200 5535 σπάνις
1234 5470 1535 5540 ἐνοχλήσει,
1574 5471 1790 5540 πρῶτος
1822 5471 1989 5533 αὐτὸς

480 5653 491 5680 ¹
535 5652 693 5706 l‘mv.
723 5669 759 5713 I,
799 5653 863 5718 5;
896 5668 986 5717 nt,
1019 5652 1073 5708 ξ’).

2097 4645 2365 4705 tuovcbis,
2402 4644 2518 4699 sive
2551 4644 2734 4700 fossas
2767 4644 2958 4709 duces,
2996 4644 3110 4699 sive
3143 4659 3239 4702 eas
3274 4644 3472 4699 ductas
3517 4660 3685 4714 exag-

2094 4753 2273 4807 geres,
2311 4739 2425 4792 sive
2448 4736 2831 4801 obsidionem,
2868 4738 2985 4792 sive
3017 4751 3298 4791 armorum
3331 4745 3682 4805 apparatum,

2093 4830 2209 4885 sive
2241 4830 2713 4885 machinationum
2760 4829 3189 4884 instructionem
3237 4827 3524 4895 adhibeas,
3565 4829 3683 4884 sive

2093 4921 2316 4976 castella
2350 4922 2613 4993 capienda
2653 4920 2753 4975 tibi
2791 4921 2919 4983 sint,
2978 4922 3093 4975 sive
3135 4920 3358 4991 aliquod
3402 4935 3544 4991 opus
3574 4936 3680 4992 pus

2088 5013 2288 5069 blicum
2324 5026 2487 5084 atque
2514 5015 2647 5068 utile
2686 5013 3110 5084 excogitaveris,
3174 5024 3269 5068 aut
3297 5015 3352 5068 in
3379 5016 3684 5070 exercitum

2089 5115 2183 5159 aut
2211 5106 2262 5159 in
2293 5106 2569 5161 civitatem
2603 5104 2943 5169 faciendum,
3009 5104 3109 5159 hoc
3133 5104 3371 5174 primum
3419 5104 3531 5159 tuis
3560 5118 3683 5159 ma-

2089 5199 2255 5253 nibus
2292 5198 2525 5267 incipias
2554 5216 2566 5251 :
2597 5213 2723 5251 nam
2759 5197 2838 5252 illi
2874 5197 2941 5251 in-
2984 5196 3248 5269 pudorem
3291 5194 3693 5266 conjicientur,

2094 5292 2201 5345 nisi
2230 5291 2283 5344 in
2318 5307 2482 5359 opere
2509 5292 2800 5361 diligentes
2840 5293 3065 5358 fuerint,
3096 5300 3151 5348 et
3180 5290 3417 5345 alacrius
3452 5288 3549 5343 tibi
3583 5288 3681 5344 0b-

2096 5384 2497 5451 temperabunt,
2532 5392 2585 5435 et
2620 5386 2899 5454 negotium
2935 5392 3254 5455 susceptum
3302 5382 3520 5437 facilius
3548 5394 3682 5435 con—

2096 5472 2330 5525 ficietur.
2370 5471 2465 5526 Sin
2519 5473 2700 5541 aliqua
2750 5486 3091 5532 commeatus
3135 5475 3319 5546 inopia
3368 5471 3675 5529 exercitum

1906 5739 2135 5799 NOTAE.

474 5837 583 5909 (l7)
621 5840 678 5893 lu
706 5838 899 5896 codice
925 5840 1182 5895 Laurent.
1216 5846 1297 5894 est
1324 5854 1440 5906 cap.
1492 5839 1571 5891 IS.

2154 5837 2265 5907 (18)
2308 5835 2548 5904 Χερσίν.
2586 5834 2965 5900 Scribebalur,
3001 5833 3168 5904 χεσίν.
