4120 6456
388 396 527 464 1015

1578 408 1581 409 ⁷
1623 396 1820 458 LEON
1826 398 1897 457 IS
1936 397 2401 461 PHILOSOPHI

3519 402 3656 470 1016

384 508 684 577 vexaverit,
712 506 923 576 primus
967 515 1021 561 tu
1063 506 1480 576 temperantiam
1530 521 1595 560 ac
1621 507 1953 563 moderatiu-

2071 508 2160 578 τῆς
2183 510 2510 580 ἐγκρατείας
2536 514 2631 584 τὴν
2660 516 2960 587 καρτερίαν
2985 516 3273 585 ἐπίδειξον,
3301 518 3387 572 ἵνα
3414 521 3507 573 καὶ
3539 528 3648 588 τοῖς

388 618 509 657 nem
542 601 595 653 in
620 599 768 653 victu
802 598 1201 663 demonstrato,
1232 598 1463 666 reliquis
1494 598 1764 654 militibus
1798 599 1969 653 levio-

385 710 500 749 rem
519 699 572 747 et
590 690 886 745 faciliorem
903 703 1087 743 rerum
1105 691 1541 745 necessariarum
1556 694 1964 762 perpessionem

386 786 612 839 eﬂicias.
670 782 777 837 Seu
824 784 878 835 in
923 783 1176 837 cominus
1224 785 1584 841 conserendis
1618 787 1898 852 manibus,
1936 803 1966 842 ιι

386 875 739 929 dimicatione
766 875 1000 943 teipsum
1030 875 1272 939 retralie,
1298 885 1360 931 ut
1397 879 1634 935 consilio
1665 886 1720 935 et
1755 880 1967 935 descri-

393 967 580 1033 ptione
623 980 828 1028 rerum,
862 965 1182 1035 reliquaque
1218 967 1728 1033 administratione,
1753 971 1806 1023 in
1849 971 1967 1040 ipsa
2000 1002 2001 1005 η

388 1055 657 1124 temporis
699 1055 1110 1124 Opportunilate
1162 1057 1464 1112 exercitum
1510 1059 1703 1127 iuvare
1758 1063 1963 1128 possis.

384 1142 573 1213 Neque
604 1159 734 1198 vero
777 1146 1240 1215 ineircumspecte
1285 1156 1379 1200 aut
1405 1148 1733 1217 periculose,
1775 1150 1882 1205 nisi
1921 1151 1964 1205 si

386 1216 692 1287 necessitas
726 1233 1079 1288 vehementer
1129 1245 1340 1306 urgeat,
1383 1253 1508 1291 cum
1550 1238 1805 1294 hostibus
1843 1252 1970 1294 con-

385 1341 541 1379 seras
590 1341 823 1379 manus:
868 1341 977 1379 non
1013 1330 1156 1380 enim
1209 1337 1461 1393 tantum,
1508 1333 1967 1399 quemadmodum

386 1431 551 1485 supra
604 1410 739 1482 dixi,
789 1418 1082 1486 pugnando
1124 1419 1297 1473 aciem
1343 1419 1655 1489 adjuvabis,
1696 1432 1965 1490 quantum

388 1508 636 1563 radendo
667 1509 849 1563 laedes.
885 1508 1038 1575 Quod
1062 1508 1307 1565 futurum
1334 1521 1418 1566 est
1455 1520 1660 1580 autem,
1697 1513 1967 1568 incertum

385 1604 491 1652 est.

456 1687 512 1742 3.
551 1679 726 1743 Mores
762 1684 840 1743 tui
876 1698 929 1744 et
966 1705 1147 1744 rerum
1182 1687 1510 1759 agendarum
1550 1691 1788 1746 studium
1827 1692 1963 1746 mili—

386 1779 531 1833 tibus
562 1781 669 1834 tuis
702 1780 835 1850 legis
867 1774 984 1835 vice
1014 1781 1124 1835 sint
1158 1798 1171 1835 :
1208 1781 1280 1834 ita
1313 1781 1491 1845 enim,
1524 1786 1618 1851 qui
1651 1784 1745 1836 tibi
1778 1784 1965 1854 subje-

336 1892 339 1893 ν
385 1871 457 1923 eti
485 1879 633 1935 sunt,
664 1868 1012 1941 imperatoris
1035 1871 1120 1926 sui
1146 1872 1400 1924 virtutem
1427 1873 1612 1925 animo
1635 1882 1969 1943 repetentes,
2002 1852 2044 1908 Β

387 1960 554 2014 Deum
583 1963 785 2025 colent,
811 1963 1072 2032 imperata
1102 1962 1326 2031 facient,
1350 1973 1403 2019 et
1427 1978 1489 2020 ea
1517 1966 1677 2035 quasi
1705 1965 1973 2021 divinitus

387 2054 667 2121 proposita
699 2056 1018 2123 explebunt.

454 2226 508 2279 ιι.
552 2223 654 2279 Ubi
696 2225 926 2281 militum
965 2242 1162 2298 magna
1200 2229 1492 2286 multitudo
1529 2248 1696 2286 unum
1733 2233 1973 2304 aliquem

386 2314 441 2369 in
476 2315 655 2369 locum
690 2316 1039 2381 convenerit,
1078 2314 1297 2373 illorum
1330 2321 1528 2377 delicta
1566 2324 1761 2379 leniter
1797 2334 1850 2379 et
1884 2341 1971 2380 se-

384 2408 513 2461 dato
547 2407 733 2459 animo
764 2407 941 2473 feras,
976 2426 1152 2478 neque
1178 2408 1390 2479 judicia
1421 2414 1583 2468 nimis
1614 2431 1802 2470 severa
1841 2433 1973 2471 cru-

386 2498 637 2565 deliaque
674 2497 866 2561 facias,
898 2510 955 2553 ut
990 2516 1058 2555 ne
1092 2502 1403 2557 eernmunls
1437 2503 1596 2557 dolor
1629 2506 1679 2558 in
1718 2522 1969 2576 magnam

387 2587 859 2657 perturbationem
891 2597 943 2643 et
974 2589 1186 2646 ordinis
1219 2591 1603 2649 confusionem
1639 2596 1761 2650 illos
1792 2599 1969 2667 conji-

387 2679 518 2743 ciat,
550 2679 644 2733 sed
676 2679 1005 2749 pedetentim
1041 2682 1093 2735 in
1126 2692 1381 2738 auctores
1415 2686 1609 2739 horum
1639 2688 1973 2758 flagitiorum

388 2767 826 2826 animadvertere
861 2781 1097 2841 oportet.

456 2948 511 3002 5.
554 2947 785 3005 SobrIUS
816 2963 878 3005 ac
904 2951 1134 3021 vigilans
1164 2952 1262 3016 sis,
1292 2953 1609 3023 imperator,
1639 2967 1752 3012 tum
1786 2959 1972 3015 mnitis

384 3040 508 3095 aliis
542 3040 609 3096 de
643 3043 863 3107 causis,
900 3052 1013 3097 tum
1047 3045 1127 3098 vel
1168 3049 1402 3101 maxime
1424 3086 1438 3110 ,
1471 3056 1531 3100 ut
1566 3049 1621 3103 in
1651 3052 1796 3105 victu
1833 3053 1970 3107 sim-

387 3131 546 3200 plex,
584 3134 638 3187 in
685 3135 897 3204 reliqua
933 3136 1042 3189 vita
1088 3137 1358 3193 militibus
1400 3141 1509 3194 tuis
1550 3145 1832 3212 expositus
1871 3146 1971 3202 sis.

384 3222 677 3278 Paternum
712 3241 871 3296 geras
903 3242 1031 3296 erga
1068 3228 1188 3283 illos
1227 3229 1478 3284 affectum
1517 3251 1528 3285 :
1559 3251 1683 3289 cum
1716 3238 1865 3291 omni
1901 3240 1974 3294 le-

384 3316 557 3371 nitate
580 3318 763 3372 omnia
796 3326 909 3372 tum
939 3316 1128 3383 facito,
1160 3331 1269 3373 lum
1303 3321 1493 3387 dicito,
1520 3326 1627 3379 nisi
1660 3330 1973 3384 necessaria

382 3408 565 3478 aliqua
595 3422 764 3465 causa
799 3421 848 3464 te
880 3408 945 3463 ad
980 3412 1326 3465 severitatem
1364 3421 1536 3469 vocet.
1572 3414 1646 3471 De
1679 3418 1843 3474 rebus
1874 3437 1970 3476 ne-

384 3498 647 3553 cessariis
673 3515 888 3568 semper
911 3515 1009 3570 per
1034 3508 1085 3555 te
1111 3502 1253 3571 apud
1282 3503 1403 3558 illos
1429 3504 1594 3559 verba
1621 3505 1812 3564 facias.
1840 3505 1974 3567 Pro-

382 3592 605 3645 curabis
638 3592 803 3645 etiam
824 3632 838 3655 ,
874 3600 932 3646 ut
965 3593 1113 3647 nulla
1145 3609 1278 3648 cura
1309 3611 1492 3651 rerum
1530 3604 1967 3658 necessariarum

383 3681 771 3749 sollicitentur,
798 3692 892 3736 aut
914 3695 1255 3741 commeatus
1278 3688 1623 3759 aliorumque
1646 3691 1825 3762 inopia
1850 3712 1971 3765 prc-

384 3782 628 3827 mantur.
669 3773 856 3844 Neque
893 3775 1036 3831 enim
1067 3777 1260 3833 ordine
1302 3779 1486 3850 aliquo
1530 3784 1800 3841 contineri
1845 3805 1970 3857 pos-

384 3876 533 3934 sunt,
575 3869 681 3923 nisi
731 3869 843 3923 [nec
888 3871 1203 3925 necessaria
1245 3875 1427 3927 omnia
1473 3875 1581 3931 illis
1630 3878 1696 3933 ad
1747 3896 1967 3936 manum

383 3961 510 4013 sint.
552 3959 609 4014 ln
645 3961 812 4030 justis
862 3963 1148 4032 suppliciis
1196 3964 1491 4021 inferendis
1537 3972 1801 4028 terribilis
1849 3976 1969 4030 aliis

384 4051 485 4105 sis.
514 4050 673 4105 initia
708 4060 759 4105 et
794 4067 990 4109 causas
1022 4056 1352 4109 tumultuum
1386 4067 1439 4112 et
1469 4059 1799 4117 seditionum
1835 4082 1969 4135 pra:-

380 4143 557 4205 cidas,
583 4152 759 4213 neque
779 4154 1065 4215 exspectes
1094 4146 1220 4201 dum
1253 4149 1306 4201 in
1337 4150 1514 4219 majus
1540 4165 1811 4210 crescant.
1840 4156 1969 4216 Haec

382 4231 528 4284 enim
562 4231 911 4300 imperatoria
942 4235 1116 4289 virtus
1147 4245 1266 4302 est,
1300 4249 1643 4296 constantem
1675 4253 1729 4298 et
1755 4244 1964 4315 justum

384 4318 652 4374 militibus
686 4320 874 4385 videri,
912 4335 963 4374 et
999 4337 1065 4375 ex
1101 4322 1216 4377 suis
1251 4326 1448 4381 finibus
1484 4329 1810 4398 injustitiam
1850 4351 1969 4391 om-

385 4422 507 4461 nem
544 4408 852 4478 expellere,
884 4410 1119 4479 injurios
1153 4414 1405 4469 homines
1440 4431 1726 4487 coercere,
1768 4425 1970 4483 milites

386 4500 802 4571 mnuicipesque
827 4517 956 4560 suos
982 4510 1130 4559 tutos
1160 4504 1228 4559 ab
1256 4507 1488 4562 aliorum
1517 4511 1813 4573 insultibus
1840 4534 1970 4577 con-

2081 4532 2445 4602 στρατιώταις
2473 4540 2763 4607 φαίνεσθαι

378 4606 617 4648 servare.

378 4684 698 4750 ἀδικοῦντας
734 4688 1046 4758 ἀμύνασθαι
1109 4690 1204 4742 καὶ
1254 4691 1700 4765 ἀνεπηρεάστους
1747 4701 1872 4768 τούς

378 4778 591 4847 τηρεῖν.
1351 4841 1355 4844 _

446 4869 498 4922 6.
540 4869 729 4938 Neque
762 4869 1076 4926 humanitas
1111 4887 1291 4943 neque
1323 4876 1589 4932 severitas
1624 4878 1962 4953 importuna,

377 4958 472 5015 sed
499 4958 663 5029 digna
691 4960 1022 5030 imperatore
1044 4963 1137 5028 sit,
1166 4974 1221 5020 et
1248 4966 1433 5021 omnia
1459 4980 1767 5039 opportune
1793 4975 1967 5033 dime-

378 5053 565 5116 tiatur,
602 5058 766 5120 atque
807 5053 883 5106 ita
923 5056 1193 5124 supplicia
1237 5057 1464 5125 inferat,
1500 5069 1554 5115 et
1588 5066 1802 5135 agentis
1841 5070 1963 5125 ani-

375 5158 546 5209 mum,
574 5153 809 5215 tempus,
834 5145 1040 5212 locum,
1066 5151 1285 5204 modum
1313 5152 1388 5206 rei
1416 5156 1686 5221 gerendae,
1710 5173 1959 5228 causam,

375 5238 549 5309 ipsius
590 5239 667 5293 rei
713 5248 879 5309 gestae
922 5242 1349 5312 magnitudinem
1393 5249 1730 5316 consideret,
1767 5262 1821 5307 et
1864 5269 1964 5323 pro

376 5330 605 5385 istarum
632 5346 819 5386 rerum
849 5333 1063 5388 ratione
1093 5336 1301 5405 puniat.

446 5645 497 5694 7.
540 5642 731 5713 Magna
764 5643 1119 5713 imperatoria
1155 5644 1273 5699 laus
1308 5653 1429 5711 est,
1469 5656 1863 5716 temperantem
1902 5650 1955 5705 in

375 5729 545 5794 victu,
569 5741 622 5783 et
647 5732 961 5800 vigilantem
989 5748 1112 5789 esse
1140 5753 1152 5787 :
1179 5742 1346 5789 noctu
1376 5737 1521 5789 enim
1552 5737 1619 5792 de
1646 5739 1810 5795 rebus
1836 5757 1958 5811 gra-

375 5817 534 5872 vibus
560 5820 733 5886 magis
759 5820 1148 5887 deliberamus,
1179 5824 1506 5894 faciliusque
1537 5836 1700 5883 noctu
1732 5833 1957 5888 conclu-

2072 601 2178 653 ὑπὸ
2210 604 2369 673 χεῖρα
2415 605 2624 676 κούφην
2665 609 2759 660 καὶ
2797 609 3175 678 εὐκολωτέραν
3226 611 3325 680 τὴν
3382 614 3659 685 ὑπομονὴν

2070 692 2171 761 τῆς
2212 694 2461 765 ἀνάγκης
2498 698 2727 770 ἐργάσῃ.
2773 700 2861 752 Ἐν
2907 701 2971 752 δὲ
3009 704 3128 764 ταῖς
3178 705 3319 758 κατά
3354 706 3449 767 τὰς
3477 707 3659 776 μάχας

2073 784 2441 852 παραϐούλοις
2469 789 2531 840 ἐκ
2557 790 2741 859 χειρὸς
2769 791 3111 861 συμπλοκαῖς
3142 794 3381 863 φύλασσε
3412 801 3656 864 σεαυτὸν,

2071 875 2159 928 ἵνα
2188 878 2252 946 τῇ
2303 877 2401 946 μὲν
2433 880 2626 951 γνώμῃ
2668 882 2763 934 καὶ
2798 886 2871 952 τῇ
2897 885 3140 950 διατάξει
3195 887 3287 939 καὶ
3315 890 3435 952 ταῖς
3466 890 3660 955 ἀλλαις

2069 967 2469 1038 διευθετήσεσιν
2500 972 2559 1024 ἐν
2584 972 2733 1041 αὐτῷ
2762 974 2841 1044 τῷ
2865 975 2981 1042 ὀξεῖ
3008 976 3102 1030 τοῦ
3129 979 3327 1049 καιροῦ
3363 987 3662 1055 συμπαρῇς

2075 1059 2196 1128 μὲν,
2242 1061 2337 1114 καὶ
2375 1063 2484 1116 τῶν
2510 1064 2770 1118 τοιούτων
2809 1066 3037 1135 ἀγώνων
3082 1071 3328 1143 ὲφάπτῃ,
3366 1074 3441 1144 μὴ
3470 1076 3657 1144 μέντοι

2071 1151 2399 1218 ἀφυλάκτως
2436 1153 2582 1208 οὕτω
2635 1157 2728 1209 καὶ
2785 1160 3167 1227 ἐπικινδύνως,
3197 1164 3284 1216 ὅτε
3341 1166 3417 1235 μὴ
3466 1167 3657 1222 τούτου

2069 1243 2231 1311 χρεία
2258 1244 2433 1311 καλεῖ,
2477 1247 2564 1299 διὰ
2619 1250 2819 1319 χειρῶν
2866 1252 3117 1327 ὲμπλέκῃ
3167 1258 3283 1315 τοῖς
3338 1258 3644 1331 πολεμίοις.

2072 1334 2145 1385 Ού
2176 1333 2430 1389 τοσοῦτον
2454 1337 2584 1408 γὰρ,
2614 1338 2689 1403 ὥς
2720 1358 2810 1410 μοι
2847 1344 2941 1396 καὶ
2973 1345 3085 1399 ἀνω
3110 1363 3215 1398 που
3246 1348 3485 1420 εἴρηται,
3516 1369 3656 1423 συμ-

2073 1425 2406 1496 πλεκόμενος
2436 1428 2511 1493 ὡς
2540 1425 2622 1493 εἷς
2660 1433 2772 1484 τῶν
2807 1436 3158 1506 στρατιωτῶν
3182 1439 3508 1511 ὠφελήσεις,
3534 1446 3660 1497 ὅσον

2072 1515 2126 1567 εἴ
2145 1510 2209 1579 γε
2242 1519 2424 1588 συμϐῇ
2462 1536 2513 1571 τι
2538 1522 2780 1577 τοιοῦτον
2802 1526 2983 1580 πεσὼν
3013 1527 3259 1598 βλάψεις.
3292 1510 3370 1583 Τό
3395 1533 3655 1605 γάριμέλ·

2071 1608 2162 1659 λον
2190 1609 2444 1679 ἀόρατον.

2142 1698 2211 1767 γ’.
2242 1701 2428 1770 Νόμος
2446 1704 2681 1771 γινέσθω
2710 1709 2825 1772 τοῖς
2858 1712 3242 1779 στρατιώταις,
3278 1707 3323 1768 ὧ
3358 1719 3661 1788 στρατηγὲ,

2071 1793 2099 1844 ὁ
2118 1791 2316 1862 τρόπος
2344 1796 2372 1847 ό
2405 1796 2519 1863 σὸς,
2555 1799 2704 1871 καὶὴ
2736 1801 2867 1872 περὶ
2902 1804 2972 1856 τά
3023 1807 3274 1876 πρακτέα
3305 1811 3506 1881 σπουδή
3538 1828 3621 1865 σοι
3640 1854 3653 1867 .

2073 1879 2261 1944 Οὕτως
2278 1883 2387 1950 γὰρ
2406 1887 2507 1955 τῆς
2535 1887 2630 1940 τοῦ
2661 1890 2863 1942 οἰκείου
2889 1890 3149 1961 ἄρχοντος
3206 1895 3407 1967 ἀρετῆς
3459 1879 3503 1951 ὁ.
3526 1902 3657 1954 ὐπο-

2078 1973 2282 2043 χείριος
2304 1979 2676 2048 μεμνημένος,
2713 1983 2925 2036 καὶτὸν
2978 1984 3112 2038 Θεὸν
3168 1987 3521 2057 θεραπεύσει,
3560 1994 3659 2046 καῖ

2072 2067 2187 2128 τοῖς
2220 2067 2601 2139 κελευομένοις
2641 2071 3033 2142 ὑπακούσεται,
3065 2078 3161 2130 καὶ
3216 2079 3293 2143 ὡς
3361 2081 3470 2134 ἀπὸ
3520 2082 3657 2136 Θεοῦ

2074 2155 2248 2211 ταῦτα
2277 2158 2568 2229 δεχόμενος
2590 2162 2823 2219 τελέσει.

2146 2248 2209 2303 δ’.
2238 2251 2408 2306 Ὅταν
2445 2254 2507 2307 τὸ
2540 2254 2750 2326 πλῆθος
2783 2259 2891 2311 τῶν
2921 2263 3271 2331 στρατιωτῶν
3321 2265 3411 2318 ἐπὶ
3442 2267 3536 2320 ἕνα
3568 2271 3659 2323 τό·

2077 2357 2178 2394 πον
2209 2344 2471 2415 συναχθῇ,
2503 2350 2625 2399 τότε
2656 2349 2738 2402 δεῖ
2759 2366 2818 2402 σε
2843 2352 2913 2405 τά
2940 2354 3072 2424 παρ’
3119 2355 3299 2409 αὐτῶν
3345 2358 3661 2429 ἁμαρτανό-

2079 2448 2215 2501 μενα
2240 2435 2612 2507 μακροθύμως
2636 2441 2845 2511 φέρειν,
2870 2445 2967 2497 καὶ
3012 2447 3087 2518 μὴ
3129 2449 3231 2511 τὰς
3284 2450 3671 2518 ἐπεξελεύσεις

2075 2525 2169 2576 καὶ
2195 2528 2550 2599 κατακρίσεις
2580 2534 2991 2606 ἀπαραιτήτους
3022 2542 3317 2608 ποιεῖσθαι,
3374 2542 3462 2598 ἴνα
3506 2546 3580 2616 μὴ
3609 2549 3646 2617 ἡ

2075 2615 2229 2685 κοινὴ
2262 2616 2406 2687 λύπη
2455 2621 2535 2685 είς
2570 2622 2829 2695 σύναρσιν
2884 2630 2980 2682 καὶ
3010 2631 3240 2697 ἀταξίαν
3290 2615 3515 2710 συνάψῃγ
3548 2615 3650 2693 sub;

2075 2704 2221 2767 τοὺς,
2246 2705 2384 2760 ἀλλά
2417 2714 2537 2763 κατ’
2564 2713 2744 2781 ὀλίγον
2786 2717 2987 2786 μᾶλλον
3007 2723 3149 2776 κατά
3187 2724 3295 2778 τῶν
3331 2704 3649 2800 προκαταρ-

2076 2793 2283 2859 ξάντων
2315 2799 2423 2851 τῶν
2457 2802 2715 2859 τοιούτων
2745 2807 3164 2880 ἁμαρτημάτων
3217 2819 3488 2873 ποιεῖσθαι
3555 2820 3659 2893 τὴν

2087 2887 2390 2945 παίδευσιν.

2147 2979 2215 3035 ε’.
2239 2983 2452 3052 Νήφειν
2482 2988 2575 3042 καὶ
2610 2990 2934 3064 ὲγρηγορεῖν
2975 2998 3069 3050 καὶ
3109 3000 3239 3070 πρὸς
3280 3004 3350 3056 τά
3381 3005 3515 3059 ἄλλα
3567 3025 3661 3062 κε-

2078 3072 2306 3143 λεύομεν
2339 3094 2441 3142 σοι,
2475 3074 2519 3131 ὧ
2548 3086 2844 3154 στρατηγὲ,
2873 3088 2928 3140 τὸ
2954 3088 3010 3141 δὲ
3035 3092 3217 3156 πλέον,
3247 3093 3388 3149 ὥστε
3428 3115 3485 3151 σε
3515 3096 3656 3154 εἶναι

2003 3190 2045 3248 C
2080 3163 2281 3218 ἁπλοῦν
2300 3170 2357 3219 ἐν
2378 3172 2441 3238 τῇ
2469 3170 2737 3244 διαγωγῇ,
2765 3176 2858 3228 καὶ
2896 3180 3075 3234 κοινὸν
3102 3183 3160 3235 ὲν
3199 3186 3264 3255 τῇ
3288 3186 3470 3259 διαίτῃ
3518 3191 3664 3259 μετά

2080 3256 2187 3307 τῶν
2217 3256 2322 3309 ὑπὸ
2349 3258 2409 3310 σὲ
2429 3266 2798 3330 στρατιωτῶν.
2818 3269 2927 3322 Καὶ
2942 3274 3220 3344 πατρικήν
3246 3292 3307 3328 σε
3335 3277 3479 3347 ἔχειν
3505 3297 3661 3352 στορ-

2081 3344 2185 3414 γὴν
2218 3348 2355 3416 πρὸς
2385 3349 2605 3417 αὐτοὺς,
2645 3353 2785 3421 μετά
2814 3359 3120 3429 πραότητος
3133 3364 3241 3416 ’καὶ
3268 3365 3335 3418 τὰ
3364 3344 3655 3439 -πράγμα-

2077 3453 2147 3489 τα
2193 3441 2286 3492 καὶ
2308 3440 2435 3501 τοὺς
2454 3442 2645 3510 λόγους
2673 3447 3015 3519 ποιούμενον,
3050 3455 3097 3506 εἰ
3126 3455 3202 3526 μή
3245 3473 3329 3521 τις
3387 3460 3661 3529 ἀναγκαία

2078 3529 2235 3597 χρεία
2265 3532 2359 3583 καὶ
2377 3534 2731 3604 συμφέρουσα
2768 3540 2906 3609 πρὸς
2932 3545 3251 3616 τραχύτητα
3297 3566 3358 3602 σε
3416 3554 3656 3608 καλέσει.

2076 3616 2196 3685 Χρὴ
2230 3616 2289 3670 δὲ
2324 3618 2420 3671 καὶ
2453 3623 2693 3692 συνεχῶς
2720 3626 2809 3680 διὰ
2843 3633 3071 3685 σεαυτοῦ
3103 3635 3173 3689 τά
3205 3640 3471 3708 περὶτῶν
3496 3644 3661 3710 ἀναγ-

2077 3706 2250 3759 καίων
2275 3708 2463 3773 αύτοῖς
2491 3720 2779 3783 παραινεῖν
2816 3723 2911 3774 καὶ
2942 3706 3312 3791 διαλέγεσθαι.
3344 3706 3658 3802 Φροντίσεξς

2073 3796 2131 3849 δὲ
2165 3797 2260 3850 καὶ
2292 3802 2422 3870 περὶ
2452 3807 2554 3871 τῆς
2586 3808 2857 3875 ἀπαθείας
2889 3816 3072 3870 αὐτῶν
3100 3821 3194 3873 καὶ
3224 3823 3323 3892 τῆς
3339 3796 3507 3897 ἄλλης
3530 3796 3663 3881 διοιλ

2074 3891 2287 3983 κήσεως
2309 3896 2403 3947 καὶ
2451 3898 2786 3972 ἀποτροφῆς.
2833 3906 3019 3971 Ἐκτὺς
3066 3912 3176 3983 γὰρ
3220 3891 3426 3970 τούτων
3462 3891 3533 3973 ὀὗ
3567 3922 3658 3974 δυο

2029 4046 2036 4055 _
2074 3981 2234 4034 νατόν
2268 3984 2385 4037 ἐστι
2417 3989 2692 4058 κρατῆσαι
2738 3998 2972 4067 στρατοῦ
3029 4003 3174 4056 κατά
3228 4009 3491 4073 στάσεως.
3570 4010 3659 4065 Ἐν

2073 4069 2132 4122 δὲ
2188 4074 2309 4137 ταῖς
2345 4076 2584 4143 δικαίαις
2629 4083 3009 4151 ὲπεξελεύσεσι
3068 4096 3208 4150 κατὰ
3252 4098 3361 4151 τῶν
3401 4103 3655 4173 ἁμαρτα-

2073 4162 2274 4216 νόντων
2305 4165 2423 4222 δέον
2461 4186 2522 4224 σε
2551 4174 2781 4246 φοϐερὸν
2815 4175 2974 4249 εἶναι,
3016 4184 3240 4250 καὶτὰς
3271 4162 3453 4261 ἀρχὰς,
3497 4162 3660 4263 μάλι-

2074 4271 2176 4309 στα
2204 4258 2313 4314 τῶν
2336 4262 2574 4327 ἀταξιῶν
2599 4268 2911 4340 ἐκκόπτειν,
2938 4276 3034 4328 καὶ
3058 4278 3133 4347 μὴ
3168 4280 3482 4350 ἀναμένειν,
3514 4284 3658 4339 ὥστε

2074 4345 2167 4396 ἐπὶ
2197 4348 2424 4417 μείζονα
2486 4355 2694 4423 ταύτας
2732 4345 3086 4432 προκόπτειν.
3123 4345 3251 4423 ⁷Καὶ
3279 4345 3413 4443 ⁷γὸιρ
3466 4345 3663 4446 στρατ·

2072 4439 2214 4507 ηγοῦ
2272 4445 2598 4517 προτέρημά
2626 4452 2744 4504 ἐστι
2776 4454 2837 4507 τὸ
2887 4439 3324 4531 ἀκάσιςαπληκτον⁷
3355 4439 3662 4532 αὐτόν’τοῖς

2794 4550 2891 4601 καὶ
2920 4549 3150 4617 δίκαιον,
3178 4555 3273 4608 καὶ
3293 4557 3392 4629 τὴν
3441 4560 3659 4614 ἀδικίαν

2080 4622 2296 4678 ἅπασαν
2317 4628 2427 4681 ἀπὸ
2456 4631 2556 4700 τῆς
2578 4634 2774 4692 ἑαυτοῦ
2798 4641 3014 4712 ἐνορίας
3049 4622 3361 4705 ὲκκόπτεινξ
3401 4652 3509 4703 Καὶ
3531 4653 3658 4722 τοὺς

1934 4725 1993 4763 τε
2050 4717 2391 4785 στρατιώτας
2451 4724 2548 4776 καὶ
2617 4729 2744 4792 τοὺς
2809 4736 3165 4802 συντελεστάς
3235 4742 3293 4793 ὲν
3352 4743 3494 4796 πᾶσι
3544 4744 3660 4797 δια-

2141 4921 2215 4979 ς’.
2239 4910 2379 4965 Οὔτε
2401 4911 2463 4963 τὸ
2491 4911 2874 4984 φιλάνθρωπον
2920 4916 3190 4989 ἀκαίρως,
3243 4922 3369 4975 οὔτε
3399 4925 3461 4978 τὸ
3512 4927 3659 4999 ἀπη-

2067 4997 2158 5062 νὲς
2187 4998 2342 5063 ἄξιόν
2378 5001 2498 5054 ἐστι
2536 5006 2867 5075 στρατηγοῦ,
2917 5006 3055 5062 ἀλλά
3093 5011 3153 5064 τὸ
3214 5013 3537 5085 σταθμίζειν
3596 4997 3658 5072 ἐν

2070 5092 2249 5162 καιρῷ
2281 5094 2483 5157 πάντα,
2525 5096 2623 5150 καὶ
2661 5095 2838 5162 οὓτως
2880 5099 2975 5153 ἐπὶ
3021 5104 3137 5166 τοῖς
3183 5105 3658 5179 ἁμαρτανομένοις

2068 5183 2298 5252 ἐπάγειν
2324 5186 2425 5250 τὰς
2482 5190 2775 5259 τιμωρίας,
2840 5192 3215 5249 ὲπιὸλέποντα
3274 5200 3371 5252 καὶ
3418 5201 3518 5271 τὴν
3562 5202 3657 5256 τοῦ

2072 5276 2384 5348 πράξαντος
2406 5279 2671 5349 διάνοιαν,
2719 5285 2813 5338 καὶ
2846 5284 2938 5339 τὸν
2965 5288 3301 5357 καιρὸν,ῖκαὶ
3332 5291 3424 5346 τὸν
3466 5295 3652 5357 τόπον,

2076 5372 2172 5425 καὶ
2204 5372 2293 5425 διὰ
2330 5373 2485 5426 ποίου
2514 5374 2720 5445 τρόπου
2766 5377 3041 5450 ἐπράχθη,
3071 5380 3168 5434 καὶ
3220 5381 3307 5435 διὰ
3362 5383 3521 5437 ποίαν
3566 5389 3653 5438 αἱ·

2071 5463 2225 5517 τίαν·
2260 5464 2360 5518 καὶ
2388 5466 2554 5519 αὐτοῦ
2582 5467 2677 5521 τοῦ
2705 5469 3036 5540 πράγματος
3076 5473 3174 5541 τὴν
3220 5475 3501 5544 ποιότητα,
3558 5478 3649 5529 καὶ

2067 5554 2239 5618 οὕτως
2258 5554 2352 5607 ἐπὶ
2377 5555 2473 5619 τὰς
2500 5556 2729 5621 δεούσας
2750 5560 3021 5630 τιμωρίας
3050 5560 3328 5631 ἔρχεσθαι.

2137 5646 2201 5711 ζ’.
2231 5647 2392 5715 Μέγα
2441 5650 2771 5720 προτέρημα
2826 5652 3137 5723 στρατηγοῦ
3201 5655 3262 5706 τὸ
3318 5656 3651 5725 συμμέτρως

2069 5740 2403 5805 διαιτᾶσθαι,
2439 5741 2533 5794 καὶ
2565 5743 2886 5813 ἀγρυπνεῖν,
2924 5745 3019 5798 καὶ
3053 5746 3111 5800 ἐν
3140 5748 3259 5810 ταῖς
3294 5748 3409 5813 νυξὶ
3443 5748 3644 5816 μᾶλλον

2069 5833 2418 5902 βουλεύεσθαι
2454 5834 2516 5888 τὰ
2542 5834 2672 5904 περὶ
2705 5836 2813 5892 τῶν
2841 5837 3175 5907 ἀναγκαίων.
3212 5841 3321 5896 Καὶ
3356 5842 3461 5912 γὰρ
3490 5842 3644 5911 εὐχε-
