4120 6454
407 382 542 449 1017

1474 381 1811 445 TACTiCA.
1837 405 1907 420 -
1936 380 2449 445 CONSTITUTIO
2491 385 2619 444 ΧΧ.

3552 389 3693 456 1018

403 496 512 568 pio;
543 498 600 549 ὲν
652 512 810 549 νυκτι
843 494 1142 549 τελειοῦται
1168 494 1351 569 βουλὴ,
1383 496 1511 549 ὅταν
1538 497 1572 565 ἡ
1599 495 1746 565 ψυχὴ
1781 494 1844 546 ἐκ
1886 494 1995 546 τῶν

2102 492 2273 556 ditur,
2314 495 2539 565 quando
2575 494 2795 551 animus
2831 495 2899 551 ab
2934 496 3085 565 omni
3122 504 3351 555 externo
3383 513 3569 556 rerum
3608 510 3701 557 tu-

400 588 600 653 ἕξωθεν
633 586 880 658 θορύϐων
900 589 1123 658 ἠρεμεῖ.

469 687 541 751 τί.
581 678 750 732 Ἀλλα
776 679 982 748 φήμιξε
1015 681 1128 742 τοῖς
1155 680 1389 749 ἐχθροῖς,
1436 679 1529 731 καὶ
1558 678 1723 747 ἕτερα
1756 674 1991 747 πράττε,

402 777 498 829 καί
519 773 588 827 τά
610 774 740 845 περὶ
771 773 883 826 τῶν
908 773 1221 841 ἀναγκαίων
1264 772 1606 844 κρύπτεσθαι
1666 772 1858 824 δέοντα
1916 769 1992 841 μὴ

408 866 624 926 πολλοῖς
651 864 930 927 ἀνατίθου,
961 865 1076 919 ἀλλ’
1112 865 1312 933 ὀλίγοις
1331 867 1426 918 καὶ
1456 867 1569 927 τοῖς
1598 862 1992 933 γνησιωτέροις

404 975 499 1010 σου
535 955 756 1028 μᾶλλον.
789 955 864 1008 Τὸ
889 957 998 1025 γὰρ
1031 955 1205 1018 οὕτως
1266 954 1543 1026 ἑξαπατᾷν
1585 954 1713 1017 τοὺς
1762 952 1995 1024 ἐχθροὺς

402 1049 700 1116 ἀναγκαῖον
728 1048 1024 1119 ἀπεδείχθη
1067 1046 1347 1112 πολλάκις.

475 1141 631 1211 θἠΤὸ
662 1141 1016 1211 βουλεύεσθαι
1042 1143 1286 1214 βραδέως
1314 1144 1409 1196 καὶ
1443 1142 1730 1210 ἀσφαλῶς,
1762 1139 1859 1194 καὶ
1888 1139 1991 1193 ὅσα

403 1235 544 1300 δόξει
572 1236 637 1304 τῇ
663 1233 851 1304 βουλῇ,
890 1234 969 1305 μὴ
1024 1234 1431 1290 ἀναϐάλλεσθαι
1464 1235 1596 1297 τοὺς
1651 1233 1876 1296 καιροὺς
1907 1229 1996 1283 διά

403 1343 526 1381 τινα
556 1331 710 1384 ὖκνον
738 1325 771 1394 ἣ
796 1322 1020 1388 δειλίαν,
1055 1324 1489 1392 ἀναγκαιότατον
1548 1325 1717 1378 ἐστιν.
1769 1321 1835 1374 Ἦ
1886 1319 1995 1388 γὰρ

403 1424 575 1477 δειλία
592 1425 653 1477 οὐ
682 1424 843 1493 μόνον
877 1420 978 1472 οὐκ
999 1418 1241 1487 ἀσφαλὲς
1264 1418 1500 1488 πρᾶγμά
1530 1418 1697 1480 ἐστιν,
1727 1412 1863 1467 ἀλλά
1897 1410 1995 1468 καὶ

403 1516 505 1586 τῆς
543 1515 637 1569 τοῦ
672 1512 838 1567 καλοῦ
871 1510 1243 1573 ἐναντιώσεως
1276 1508 1513 1564 ἐπίνοια.

482 1604 533 1661 ι’.
573 1605 712 1659 Ἴσοι
738 1605 820 1658 ὅτι
850 1602 911 1656 τὸ
942 1601 1068 1674 μήτ’
1099 1599 1502 1672 ὲπαίρεσθαιέν
1537 1599 1656 1661 ταῖς
1715 1593 1995 1663 εὐτυχίαις

409 1701 548 1771 μήτε
606 1699 766 1753 πάλιν
804 1695 1172 1750 καταπίπτειν
1201 1695 1259 1758 ἐν
1288 1695 1406 1755 ταῖς
1451 1691 1789 1760 δυστυχίαις,
1819 1688 1995 1759 appu-

408 1794 573 1864 μένου
602 1791 721 1844 ἐστὶ
754 1787 1019 1859 λογισμοῦ
1051 1788 1147 1842 καὶ
1196 1786 1376 1857 ψυχῆς
1415 1783 1686 1855 ἀνδρείας,
1753 1782 1847 1835 καὶ
1895 1781 1989 1833 δυ-

2098 587 2272 639 tnullu
2303 588 2561 656 quiescit.

2165 678 2219 731 8.
2262 678 2383 732 Alia
2416 679 2660 735 inimicis
2688 680 2881 746 dicito,
2914 681 3019 735 alia
3052 683 3166 752 ipse
3197 682 3386 739 facito.
3418 684 3525 741 lies
3562 702 3698 758 gra-

2097 786 2191 827 ves
2221 778 2387 841 atque
2415 779 2658 827 secretas
2688 789 2816 827 cum
2848 775 3039 831 multis
3072 791 3139 831 ne
3170 778 3571 843 communiees,
3602 780 3699 835 sed

2096 864 2322 934 paucis,
2370 863 2551 934 iisque
2604 865 2946 922 ﬁdelioribus
2995 869 3194 924 amicis
3246 870 3377 923 tuis.
3426 870 3502 924 Ita
3552 871 3701 925 enim

2098 957 2287 1013 hostes
2318 958 2595 1027 decipere,
2628 973 2771 1030 sape
2804 960 3179 1016 necessarium
3208 960 3332 1017 ease
3357 961 3623 1017 diximus.

2166 1140 2221 1194 9.
2265 1140 2443 1195 Tarde
2475 1155 2541 1195 ac
2570 1140 2981 1213 circumspecte
3012 1142 3356 1210 deliberare,
3386 1152 3441 1200 et
3473 1160 3537 1201 ea
3567 1160 3691 1217 qua:

2096 1232 2396 1289 deliberata
2439 1235 2851 1306 constitutaque
2896 1245 3063 1297 sunt,
3107 1238 3289 1307 aliqua
3334 1239 3694 1294 cunctatione

2097 1334 2191 1379 aut
2219 1324 2515 1380 formidine
2541 1341 2649 1381 non
2684 1328 2937 1396 rejicere,
2960 1329 3339 1384 necessarium
3369 1331 3699 1401 cumprimis

2095 1426 2180 1472 est
2214 1438 2227 1472 :
2268 1419 2435 1473 timor
2466 1420 2612 1474 enim
2657 1435 2765 1474 non
2806 1422 2985 1476 solum
3028 1430 3143 1475 tuta
3178 1437 3270 1475 res
3312 1437 3420 1477 non
3462 1432 3568 1490 est,
3596 1425 3690 1479 sed

2095 1513 2261 1568 etiam
2293 1514 2459 1567 rebus
2490 1514 2651 1569 bonis
2680 1515 2921 1570 inventis
2951 1514 3345 1569 adversissima
3374 1524 3482 1572 est.

2168 1604 2257 1659 10.
2300 1604 2487 1675 Neque
2528 1606 2695 1661 rebus
2737 1608 3017 1678 prosperis
3072 1607 3255 1663 efferri
3304 1623 3406 1664 nec
3455 1608 3703 1664 adversis

2096 1696 2280 1767 dejici,
2308 1696 2447 1751 firmi
2476 1699 2643 1753 animi
2671 1700 3093 1771 constantisque
3118 1708 3221 1763 est,
3251 1700 3345 1770 qui
3375 1700 3549 1770 possit
3579 1708 3702 1756 tu-to

2103 1788 2169 1842 ad
2213 1804 2432 1845 onmem
2476 1805 2660 1846 rerum
2708 1800 2965 1847 eventum
3008 1791 3301 1847 consilium
3346 1808 3414 1847 ex
3460 1802 3702 1864 tempore

406 1856 644 1955 κειμένης
665 1856 929 1951 ἀσφαλῶς
948 1882 1006 1937 ὲν
1064 1882 1179 1944 τοῖς
1223 1856 1543 1948 ἀναγκαίοις
1588 1877 1820 1930 πάντοτε
1861 1875 2001 1946 πρά-
2028 1856 2076 1915 Β
2104 1896 2322 1952 capere.

403 1993 556 2048 γμασ
567 1995 613 2030 ιν
643 1974 902 2029 ὲπιϐάλλε
912 1992 982 2027 ιν.

482 2068 569 2123 ια’.
608 2069 721 2122 Οὐκ
751 2067 1054 2135 ἀναγκαῖόν
1103 2067 1273 2129 ἐστιν,
1328 2066 1402 2128 ὡς
1457 2066 1489 2134 ἡ
1537 2067 1703 2133 πεῖρα
1736 2062 1997 2127 δείκνυσι,

405 2161 473 2216 τὸ
504 2163 623 2224 ταῖς
654 2161 847 2223 αὐταῖς
871 2158 1222 2229 ἐγχειρήσεσι
1273 2156 1414 2209 κατὰ
1448 2156 1556 2209 τῶν
1606 2153 1817 2226 ἐχθρῶν
1874 2170 2000 2206 συν-

420 2253 564 2324 εχῶς
595 2250 919 2323 κεχρῆσθαι,
944 2250 1050 2304 κᾶν
1077 2249 1335 2314 πολλάκις
1366 2249 1525 2320 δόξῃς
1555 2251 1612 2301 ἐν
1629 2250 1819 2312 αὑταῖς
1843 2249 2000 2301 εύτυ-

407 2347 545 2417 χεῖν.
590 2344 689 2396 Διά
732 2343 843 2412 γάρ
901 2342 1000 2411 τῆς
1062 2341 1348 2411 συνεχείας
1399 2340 1898 2411 προσεπιεθοοῦντες
1949 2343 2002 2394 οἱ

409 2435 595 2507 ἐχθροὶ
619 2434 686 2487 τά
706 2434 945 2495 ἐναντία,
979 2434 1073 2485 καὶ
1094 2434 1475 2497 κανονίζοντες
1536 2436 1821 2505 συμφορὰς
1866 2436 2001 2488 πολ-

408 2526 567 2590 λάκις
608 2525 945 2597 προσάγουσι
994 2526 1115 2589 ταῖς
1146 2524 1426 2588 τοιαύταις
1464 2526 1586 2578 κατ’
1645 2526 1828 2581 αὐτῶν
1882 2529 2003 2580 ἐπι·

411 2618 615 2682 ϐολαῖς.

482 2710 572 2782 ιβ’.
597 2712 672 2765 Τὸ
693 2712 781 2767 διὰ
816 2712 1011 2783 βουλῆς
1043 2710 1248 2782 μᾶλλον
1280 2712 1374 2765 καὶ
1407 2713 1750 2783 στρατηγίας
1770 2715 2001 2784 κρατεῖν

407 2804 520 2858 τῶν
551 2804 788 2875 ἐχθρῶν,
819 2804 1061 2873 ἀσφαλὲς
1094 2804 1218 2873 ἐμοὶ
1237 2804 1388 2858 δοκεῖ
1410 2807 1504 2858 καὶ
1544 2805 1841 2876 ὠφέλιμον,
1876 2805 1909 2875 ἢ
1942 2804 2003 2858 τὸ

409 2899 555 2969 χειρὶ
577 2897 861 2969 βιάζεσθαι
900 2897 995 2950 καὶ
1044 2895 1297 2965 δυνάμει,
1360 2896 1454 2949 καὶ
1505 2897 1645 2966 πρδς
1698 2896 1797 2957 τὰς
1857 2895 2002 2950 κατὰ

409 2991 704 3061 πρόσωπον
739 2991 920 3061 μάχας
953 2987 1422 3044 ἀποκινδυνεύειν.
1455 2988 1530 3039 Τὸ
1566 2988 1666 3058 μὲν
1708 2987 1817 3055 γὰρ
1878 2985 2000 3057 μεθ’

410 3082 661 3137 ἑκουσίου
676 3084 904 3155 γνώμης
933 3084 1167 3152 γίνεται,
1200 3082 1297 3135 καὶ
1325 3082 1399 3143 ώς
1420 3080 1487 3134 ἂν
1515 3084 1543 3134 ὁ
1578 3079 1907 3151 προσϐαλὼν
1932 3080 1995 3133 τὸ

411 3178 691 3247 συμφέρον
720 3175 966 3248 γινώσκῃ
1041 3177 1102 3229 τὸ
1117 3175 1173 3229 δὲ
1195 3173 1334 3246 μετά
1363 3190 1508 3237 τινος
1539 3171 1746 3243 ζημίας
1778 3173 2001 3234 πάντως
2028 3200 2073 3258 c

410 3266 555 3339 ἔχειν
588 3269 689 3339 τὴν
723 3269 949 3322 ἔκϐασιν
986 3267 1133 3338 (l9).
1818 3316 1819 3319 η

484 3369 576 3432 ιγ’.
611 3360 1091 3434 Ὑπερτίθεσθαιῆ
1134 3359 1537 3415 ἀναϐάλλεσθαι
1586 3359 1726 3428 πρὶς
1772 3357 1842 3411 τὰ
1902 3375 2004 3430 φη.

415 3455 682 3530 μιζόμενα
714 3454 863 3509 κακὰ
894 3453 1145 3526 ἢδολερά
1204 3454 1299 3506 καὶ
1348 3452 1632 3518 ἐπίϐουλα,
1669 3451 1731 3505 οὐ
1762 3451 1996 3515 δίκαιον,

410 3549 531 3603 οὐδὲ
553 3549 784 3618 πρέπον,
812 3546 934 3600 οὐδὲ
972 3547 1335 3615 καταφρονεῖν
1392 3544 1575 3598 αὐτῶν
1619 3543 1723 3597 κᾶν
1753 3560 1813 3596 τε
1871 3542 2003 3613 περὶ¹

410 3642 519 3695 τῶν
571 3640 780 3712 ἐχθρῶν
819 3640 1111 3707 λέγωνται,
1172 3639 1273 3692 κᾶν
1318 3654 1378 3690 τε
1429 3640 1560 3709 περὶ
1598 3636 1765 3691 ἰδίων.
1841 3635 2021 3689 Ἀλλά

414 3734 616 3804 μᾶλλον
651 3730 975 3795 σπουδάζειν
1004 3748 1063 3783 σε
1112 3731 1240 3801 χρὴ,
1273 3724 1319 3783 ὧ
1355 3729 1656 3800 στρατηγὲ,
1692 3727 2002 3798 μεθοδεύειν

410 3828 505 3882 καὶ
526 3826 869 3881 καταπαύειν
898 3825 1040 3878 αὑτά
1065 3823 1194 3893 πρὶν
1239 3824 1320 3885 εἰς
1383 3822 1545 3891 ἔργον
1596 3820 1825 3875 ἔλθωσιν
1865 3838 1878 3852 ’
1911 3821 2001 3875 ὅτε

412 3920 556 3990 τάχα
582 3919 702 3972 οὐδὲ
732 3916 1088 3972 ἀναστέλλειν
1117 3913 1293 3968 ταῦτα
1321 3914 1572 3969 δύνασαι.

487 4009 567 4065 ιδ’.
600 4011 825 4081 Ποιήσει
861 4009 1063 4078 θάρσος
1124 4010 1239 4071 τοῖς
1298 4005 1662 4077 στρατιώταις
1721 4007 1778 4058 ὲν
1825 4005 2002 4075 καιρῷ

411 4101 652 4173 πολέμου
711 4098 942 4169 ἀγγελία
991 4098 1285 4168 ἐρχομένη,
1342 4097 1427 4149 ὅτι
1476 4096 1567 4150 Ἐν
1591 4095 1771 4158 ἄλλοις
1814 4096 2001 4160 τόποις

409 4193 537 4256 τοὺς
568 4192 862 4261 πολεμίους
885 4191 1274 4260 νενικήκαμεν.
1298 4188 1488 4251 Οὕτως
1511 4186 1730 4257 γὰρκαὶ
1752 4188 1818 4238 τὰ
1844 4186 1996 4240 δειλά

413 4285 738 4357 φρονήματα
760 4284 1234 4358 διαναστήσονται,
1267 4280 1363 4334 καὶ
1413 4280 1485 4332 τά
1538 4280 1759 4348 ἀνδρεῖα
1798 4280 2000 4348 μᾶλλον

412 4377 800 4448 θαρσήσουσιν,
837 4373 1042 4443 ἀγαθὸν
1094 4371 1366 4444 σύμϐολον
1396 4369 1457 4423 τδ
1502 4370 1601 4442 τῆς
1633 4370 1790 4441 νίκης
1829 4370 2014 4441 ὄνομα

412 4471 508 4522 καὶ
538 4470 638 4542 τὴν
663 4468 866 4540 πρᾶξιν
899 4467 976 4531 ὡς
1007 4468 1071 4520 ὲκ
1098 4464 1237 4519 Θεοῦ
1271 4463 1580 4535 δεξάμενοι.

2182 2065 2274 2120 ll.
2313 2064 2510 2119 lisdcm
2556 2065 3007 2136 aggressionibus
3053 2064 3241 2121 hostes
3284 2079 3502 2135 semper
3544 2066 3701 2119 inva-

2104 2157 2255 2221 dere,
2282 2171 2598 2227 quanquam
2630 2157 2741 2211 illis
2769 2172 3150 2227 saepenumero
3181 2156 3416 2212 feliciter
3436 2173 3569 2212 usus
3597 2158 3696 2221 sis,

2106 2249 2237 2303 utile
2266 2263 2376 2301 non
2406 2255 2491 2304 est
2527 2267 2540 2303 :
2574 2248 2761 2304 hostes
2793 2248 2942 2302 enim
2975 2263 3100 2302 eum
3135 2256 3188 2303 te
3222 2248 3446 2304 assidue
3478 2249 3557 2302 uti
3595 2249 3694 2303 iis-

2103 2340 2225 2395 dem
2255 2338 2463 2405 vident,
2494 2338 2704 2409 aliquid
2735 2339 3025 2395 adversum
3061 2339 3357 2395 molientur
3383 2348 3439 2394 et
3469 2342 3695 2409 excogi-

2105 2431 2319 2495 tahunt,
2352 2439 2406 2487 et
2435 2432 2710 2501 permulta
2740 2430 2940 2487 damna
2971 2429 3212 2486 inferent
3242 2431 3339 2487 tibi
3374 2434 3570 2486 utenti.

2182 2691 2269 2744 12.
2301 2689 2550 2746 Consilio
2576 2700 2629 2746 et
2660 2692 2953 2764 prudentia
2987 2692 3342 2764 imperatoria
3385 2693 3573 2751 hostes
3607 2712 3701 2751 su-

2106 2794 2299 2850 perure
2329 2781 2534 2849 potius,
2561 2796 2728 2850 quain
2762 2792 2925 2836 manu
2959 2792 3014 2837 et
3047 2784 3096 2837 vi
3127 2791 3182 2837 et
3214 2797 3393 2853 pugna
3422 2793 3700 2849 conserta,

2107 2879 2282 2925 tutum
2336 2873 2469 2926 mihi
2511 2873 2730 2927 videtur
2777 2888 2901 2930 esse
2942 2881 2998 2928 et
3049 2874 3202 2928 utile.
3253 2873 3390 2928 Illud
3438 2876 3583 2930 enim
3631 2893 3698 2929 ex

2105 2961 2275 3017 animi
2305 2963 2599 3027 sententia,
2621 2970 2676 3018 et
2703 2963 3163 3032 quemadmodum
3190 2965 3457 3034 optimum
3480 2966 3701 3036 judica-

2105 3052 2273 3118 veris,
2312 3054 2583 3124 procedit,
2620 3055 2726 3110 hoc
2766 3066 2949 3111 autem
2985 3071 3203 3128 semper
3235 3059 3420 3129 aliqua
3459 3074 3584 3114 cum
3617 3060 3702 3115 of-

2106 3145 2358 3202 fensione
2385 3147 2513 3202 belli
2543 3146 2751 3203 exitum
2785 3148 2971 3204 habet.

2178 3355 2269 3410 45.
2312 3352 2562 3423 Rejieere
2596 3351 2804 3407 bellum
2841 3359 2938 3406 aut
2970 3349 3223 3416 differre,
3261 3350 3522 3421 quoniam
3561 3350 3703 3404 fama

2108 3448 2291 3519 aliqua
2324 3446 2459 3500 mali
2488 3454 2583 3500 aut
2610 3443 2721 3499 doli
2755 3452 2850 3499 aut
2882 3443 3207 3500 insidiarum
3242 3442 3578 3514 percrebuit,
3608 3460 3700 3499 ne~

2104 3558 2213 3614 que
2235 3542 2446 3612 justum
2477 3552 2657 3609 neque
2683 3539 2944 3593 decorum
2973 3543 3058 3592 est
3086 3553 3099 3590 :
3125 3550 3304 3605 neque
3332 3543 3527 3590 contra
3557 3533 3702 3590 fama

2105 3637 2223 3692 hate
2250 3633 2475 3690 omnino
2504 3630 2909 3689 contemnenda
2936 3638 3041 3696 est,
3071 3632 3187 3686 sive
3216 3630 3283 3685 de
3313 3630 3563 3685 hostibus
3590 3630 3705 3685 sive

2105 3732 2173 3787 de
2209 3731 2419 3787 nostris
2454 3733 2937 3793 commemoretur,
2975 3725 3072 3782 sed
3106 3724 3400 3781 adversum
3434 3725 3549 3780 haec
3579 3740 3704 3779 om-

2104 3824 2195 3879 nia
2226 3823 2409 3894 potius
2442 3818 2649 3893 aliquid
2682 3817 3021 3874 moliendum
3052 3815 3567 3895 conficiendumque
3593 3826 3702 3883 εει,

2105 3915 2428 3987 priusquam
2455 3928 2517 3967 ea
2554 3912 2607 3966 in
2644 3927 2784 3984 opus
2818 3908 3042 3981 aliquod
3076 3917 3296 3964 exeant.

2178 4009 2265 4063 Η.
2298 4007 2575 4061 Animabit
2599 4004 2809 4059 milites
2837 4016 3193 4073 magnopere,
3220 4001 3267 4056 si
3295 4001 3421 4055 belli
3454 4009 3702 4069 tempore

2106 4106 2195 4159 hic
2236 4118 2429 4157 rumor
2462 4100 2776 4164 dilferatur,
2812 4099 2999 4154 hostes
3037 4098 3090 4152 in
3124 4097 3248 4153 aliis
3282 4097 3441 4152 loeiis
3477 4112 3506 4151 a
3542 4097 3704 4151 nobis

2104 4197 2280 4250 vietos
2316 4209 2439 4249 esse
2476 4211 2489 4247 :
2527 4192 2599 4245 ita
2636 4190 2781 4246 enim
2826 4191 2914 4246 fiet
2956 4200 3015 4244 ut
3056 4189 3261 4244 timidae
3296 4197 3509 4243 mentes
3545 4188 3699 4242 exei~

2103 4295 2312 4350 tentur,
2353 4294 2407 4338 et
2455 4283 2624 4336 fortes
2673 4281 2849 4353 magis
2892 4292 3256 4335 exacuantur.
3299 4278 3509 4332 Bonum
3556 4278 3702 4331 enim

2104 4394 2264 4432 omen
2300 4386 2385 4432 est
2412 4374 2659 4430 victoria:
2690 4388 2910 4438 nomen,
2937 4381 2990 4427 et
3026 4371 3344 4427 felicitatem
3376 4368 3501 4440 ejus
3534 4385 3562 4423 a
3593 4369 3705 4425 Deo

2104 4470 2375 4540 capimus.

484 4560 566 4616 ιε’.
603 4563 934 4631 ’Λπατήσεις
968 4560 1170 4631 μᾶλλον
1217 4557 1345 4620 τοὺς
1391 4556 1712 4627 πολεμίους,
1760 4556 1857 4609 ἐὰν
1908 4555 1997 4609 διὰ

2176 4562 2264 4615 15.
2310 4558 2511 4617 Hostes
2554 4557 2821 4630 decipies,
2864 4554 2908 4612 si
2958 4571 3055 4627 per
3094 4553 3358 4625 profugos
3400 4560 3525 4605 tuos
3566 4565 3703 4602 con-

411 4654 745 4727 προσφύγων
772 4655 880 4706 ἀπὸ
910 4654 1004 4705 σοῦ
1037 4652 1173 4724 πρὸς
1212 4652 1412 4715 αὐτοὺς
1478 4650 1695 4704 ἐναντία
1751 4650 2000 4720 φημίσῃς

412 4740 488 4800 ὧν
516 4748 581 4799 σὺ
624 4745 853 4818 βουλεύῃ
875 4744 1100 4814 ποιῆσαι
1132 4742 1279 4797 κατὰ
1331 4742 1443 4795 τῶν
1492 4741 1705 4813 ἐχθρῶν
1736 4759 1752 4774 ο
1807 4741 1840 4812 ἢ
1890 4743 2001 4811 γάρ

413 4840 824 4909 ἀπιστήσαντες
855 4838 1252 4908 ἀμελήσουσιν,
1281 4835 1314 4906 ἢ
1349 4832 1742 4897 πιστεύσαντες
1771 4833 2003 4904 ἀστοχή-

413 4947 618 4983 σουσιν.
656 4930 765 4983 Καὶ
800 4929 868 4983 τὰ
894 4929 995 5000 μὲν
1037 4928 1107 4981 σὰ
1164 4926 1511 4998 βουλεύματα
1557 4925 1996 4997 τελεσθήσονται,

413 5022 477 5073 τὰ
503 5022 559 5074 δὲ
583 5020 809 5075 ἐκείνων
839 5022 1102 5091 ἄπρακτα
1122 5019 1516 5092 ἀποϐήσονται.

484 5108 581 5176 ις’.
610 5111 684 5163 Τὸ
735 5110 1005 5181 κρύπτειν
1062 5111 1134 5164 τὰ
1172 5110 1631 5181 ἀπαγγελλόμενα
1668 5110 2001 5180 ἀτυχήματα

411 5204 511 5256 ὅσα
541 5202 866 5272 συμϐαίνειν
894 5202 1108 5268 εἴωθεν,
1142 5201 1219 5266 ὡς
1255 5204 1423 5267 εἰκὸς,
1460 5205 1519 5256 ὲν
1539 5202 1738 5273 πλήθει
1763 5200 1997 5271 στρατοῦ

412 5297 507 5350 καὶ
545 5296 612 5349 τά
649 5296 872 5351 ἐναντία
906 5296 1017 5349 τῶν
1051 5294 1275 5365 ἀληθῶν
1307 5297 1485 5349 ποιεῖν
1524 5294 1993 5364 ἀπαγγέλλεσθαι,

414 5389 693 5460 στρατήγη
705 5392 780 5459 μά
805 5391 953 5442 ἐστιν
974 5388 1165 5459 ἀνδρὸς
1182 5387 1474 5457 ἔμφρονος,
1505 5388 1601 5441 καὶ
1624 5389 1849 5459 ἀνιστᾷν
1873 5404 1998 5457 φρο-

413 5488 631 5550 νήματα
665 5480 1015 5553 στρατιωτῶν
1047 5481 1461 5535 καταπίπτοντα
1488 5480 1813 5549 δυναμένου.

486 5573 571 5638 ιζ’.
617 5576 838 5648 Ῥώμην
868 5576 1111 5646 ἐντίθησι
1144 5575 1453 5647 στρατηγὸς
1489 5573 1780 5644 ἡττηθέντι
1834 5590 1998 5644 στρα-

2108 4651 2278 4706 traria
2322 4651 2390 4706 iis
2435 4666 2558 4721 qua:
2606 4650 2855 4705 facturus
2901 4665 2986 4714 es,
3030 4655 3124 4700 aut
3175 4646 3451 4699 deliberas
3496 4642 3699 4705 facere,

2107 4742 2423 4800 narraveris
2464 4759 2477 4795 :
2516 4741 2561 4795 si
2606 4741 2755 4795 enim
2803 4754 2909 4794 non
2953 4735 3203 4801 credant,
3246 4734 3523 4804 negligent
3562 4748 3575 4783 :
3614 4732 3699 4786 sin

2106 4836 2371 4901 credant,
2407 4835 2476 4890 ab
2509 4849 2575 4890 eo
2609 4842 2793 4888 tamen
2828 4831 2973 4903 quod
3011 4838 3067 4883 tu
3104 4826 3436 4898 proposuisti
3472 4825 3699 4879 aberra-

2106 4930 2264 4995 bunt,
2295 4935 2351 4983 et
2380 4925 2614 4982 consilia
2644 4940 2765 4995 quae
2794 4931 2851 4977 ttt
2883 4920 3197 4991 susceperis
3229 4917 3537 4989 proficient,
3574 4916 3697 4971 illo-

2102 5037 2226 5077 rum
2260 5032 2443 5077 autem
2475 5025 2710 5074 conatus
2743 5015 2889 5070 irriti
2919 5023 3106 5069 erunt.

2174 5113 2260 5167 16.
2296 5109 2625 5176 lnfortunia,
2652 5116 2710 5162 et
2739 5107 2785 5163 si
2814 5121 2937 5178 qua).
2965 5105 3072 5160 alia
3107 5101 3424 5173 huiusmodi
3454 5102 3509 5156 in
3542 5114 3700 5154 exer-

2099 5206 2212 5261 citu
2261 5203 2546 5265 accidunt,
2593 5199 2897 5264 occultare,
2946 5206 3004 5253 et
3048 5208 3170 5266 qua!
3218 5194 3364 5249 reris
3414 5190 3695 5246 contraria

2100 5305 2230 5354 sunt
2280 5294 2552 5349 militibus
2601 5292 2924 5362 divulgare,
2977 5287 3197 5345 consilii
3253 5282 3594 5356 imperatorii
3646 5289 3700 5335 et

2104 5387 2395 5460 prudentis
2421 5385 2527 5440 viri
2556 5392 2662 5450 est,
2695 5383 2790 5455 qui
2820 5382 3065 5454 dcjectos
3097 5380 3332 5435 militum
3366 5378 3582 5432 animos
3609 5390 3701 5430 sus

2109 5482 2328 5536 blevare
2358 5477 2557 5550 possit.

2180 5572 2269 5627 t7.
2311 5570 2591 5627 Exercitui
2619 5570 2731 5643 jam
2759 5578 3025 5642 superato
3050 5567 3220 5627 robur
3247 5564 3441 5624 all‘erre
3464 5562 3695 5637 poteris,

1936 5751 2172 5808 NOTAE.

486 5854 599 5923 (19)
630 5853 1015 5925 Paragrapbus
1045 5852 1407 5911 duodecimus
1460 5853 1515 5909 in
1540 5851 1734 5908 codice
1760 5849 2138 5907 Laurentiano
2168 5853 2340 5907 anteit
2369 5850 2747 5908 undecimum.
