4120 6450
444 363 583 429 itii!)

1647 362 1923 424 LEONIS
1960 362 2425 424 PHILOSOPI—II

3600 363 3741 429 10Ξο

441 477 491 533 si
523 472 694 529 variis
730 472 939 539 modis,
972 487 1071 543 spe
1104 472 1280 537 bona,
1319 480 1434 527 tum
1472 489 1529 528 re
1563 486 1676 529 tum
1709 475 1878 530 verbo
1911 474 2025 530 illos

2141 476 2242 547 τῷ,
2264 477 2361 532 ἐὰν
2390 476 2656 541 ποικίλοις
2686 477 2908 549 τρόποις
2940 478 3034 532 καὶ
3059 478 3273 532 ἐλπίσιν
3304 477 3538 547 ἀγαθαῖς
3566 478 3655 533 διά
3677 497 3737 531 τε

441 574 749 636 pertractes
786 585 799 620 :
838 567 1175 635 exprobrare
1208 567 1353 621 enim
1388 584 1440 622 et
1470 568 1827 623 vehementer
1859 570 2043 624 insul-

443 669 561 712 tare
592 658 658 713 iis
687 657 780 727 qui
808 656 919 725 jam
952 657 1311 713 oﬂcnsiuucm
1343 670 1703 729 acceperunt,
1729 662 2043 717 animorum

440 750 878 805 debilitationem
905 749 1463 821 despcrationemque
1489 753 1667 817 aﬂ’ert,
1696 770 1821 823 qua:
1849 756 1903 810 in
1934 757 2045 827 pri-

440 840 544 894 mis
580 840 709 905 mihi
742 840 1117 909 periculosum
1150 843 1493 913 noxiumque
1518 840 1642 900 esse
1670 846 1911 905 videtur.

510 929 600 987 18.
637 929 1023 997 Quando‘belli
1054 941 1305 1005 tempore
1329 952 1357 989 a
1385 936 1654 992 militibus
1680 938 1889 1007 aliquid
1919 956 2044 1010 pec-

436 1031 618 1087 catur,
648 1024 1118 1081 dissimulandum
1153 1028 1220 1081 ad
1254 1038 1474 1100 tempus
1506 1039 1560 1085 et
1591 1033 1887 1102 tegendum
1919 1044 2037 1101 est;

437 1125 564 1181 pOst
592 1116 717 1171 belli
742 1120 950 1177 exitum
978 1128 1237 1175 auctores
1265 1122 1605 1178 seditionum
1634 1125 1681 1179 si
1709 1140 2036 1196 cognoscas,

438 1220 601 1275 poena
634 1209 759 1264 illos
785 1210 937 1279 justa
972 1209 1201 1268 aﬂicias.

510 1386 599 1439 19.
648 1384 883 1443 Militum
924 1388 1142 1456 ignavia
1201 1391 1631 1464 dissimulanda,
1687 1413 1798 1453 non
1839 1415 2040 1470 expro-

437 1478 651 1532 branda
679 1489 788 1549 est,
826 1498 896 1538 ne
926 1487 1097 1542 animi
1135 1484 1355 1541 illorum
1380 1490 1678 1545 concidant
1713 1492 2034 1560 admodum,

432 1586 502 1629 ac
535 1574 784 1644 quotidie
817 1578 995 1649 magis
1027 1581 1319 1653 magisque
1351 1581 1745 1640 debilitentur.

505 1749 598 1807 20.
636 1750 889 1823 Magnam
915 1755 1095 1810 animi
1127 1758 1603 1828 perturbationem
1639 1762 1892 1822 hostibus
1922 1769 2034 1825 tuis

2153 568 2326 637 λόγων
2354 572 2446 623 καὶ
2477 569 2545 621 δι’
2578 570 2756 641 ἔργων
2791 572 3090 645 μεθοδεύσῃ
3120 572 3318 636 αὐτούς
3339 588 3352 603 ⁸
3386 572 3448 625 τὸ
3475 572 3583 643 γὰρ
3607 589 3744 625 κατ-

2162 662 2445 726 ονειδίζειν
2474 664 2568 716 καὶ
2599 666 2912 719 ἐπικεῖσθαι
2960 665 3066 718 τῶν
3100 666 3431 737 ἡττωμένων
3474 666 3552 737 τῷ
3605 667 3745 737 πλή-

2150 756 2251 821 θει,
2286 758 2380 810 καὶ
2401 757 2490 809 διὰ
2524 758 2729 811 τούτων
2760 761 2839 823 εἰς
2884 761 3147 814 ἀπόνοιαν
3164 761 3364 824 αὐτοὺς
3387 761 3563 829 ἄγειν,
3600 779 3743 830 σφα-

2148 848 2306 919 λερόν
2342 868 2431 920 μοι
2458 850 2608 904 δοκεί
2638 852 2731 906 καὶ
2758 855 2877 907 λίαν
2912 854 3231 917 ἐπιϐλαϐές.

2220 947 2309 1010 ιη’.
2343 942 2511 995 Ὅταν
2539 945 2597 995 ἐν
2626 944 2805 1012 καιρῷ
2851 945 3092 1015 πολέμου
3138 947 3291 1017 παρὰ
3324 945 3435 997 τῶν
3469 962 3741 1013 στρατιω-

2144 1034 2253 1086 τῶν
2304 1035 2678 1110 ἁμαρτήματα
2717 1040 3001 1106 γίνωνται,
3041 1037 3163 1091 δέον
3210 1039 3626 1109 προσποιεῖσθαί
3676 1055 3741 1091 σε

2142 1125 2369 1193 ἄγνοιαν
2394 1129 2594 1193 αὐτῶν,
2618 1130 2714 1183 καὶ
2735 1129 2870 1193 τέως
2908 1131 3049 1184 αὐτὰ
3071 1133 3345 1201 παρορᾷν.
3375 1130 3530 1184 Μετά
3559 1131 3615 1184 δὲ
3642 1130 3739 1183 τὸν

2145 1220 2338 1290 καιρὸν
2369 1222 2467 1291 τῆς
2513 1222 2608 1275 τοῦ
2666 1224 2909 1294 πολέμου
2948 1224 3157 1287 λύσεως
3194 1225 3323 1287 τοὺς
3375 1226 3583 1289 αἰτίους
3623 1225 3739 1278 τῶν

2146 1314 2394 1387 στάσεων
2422 1316 2497 1379 ὡς
2525 1317 2593 1369 ἂν
2640 1319 3025 1389 συγγινώσκῃς
3057 1318 3117 1371 τὸ
3169 1318 3378 1372 δίκαιον
3410 1320 3733 1390 ὑπεξέρχου.

2214 1408 2298 1461 t0’.
2330 1408 2740 1476 Συγκαλύπτειν
2795 1427 2880 1462 σοι
2942 1412 3212 1483 προσήκει
3252 1410 3349 1473 τὰς
3384 1412 3589 1474 δειλίας
3618 1412 3737 1465 τῶν

2142 1502 2517 1571 στρατιωτῶν,
2578 1505 2673 1556 καὶ
2723 1502 2800 1574 μὴ
2850 1505 3157 1575 προχείρως
3216 1504 3483 1573 ἐλέγχειν,
3537 1505 3625 1558 ἶνα
3652 1504 3731 1576 μὴ

2139 1595 2460 1666 καταπίπτῃ
2509 1598 2578 1651 τέι
2631 1598 2959 1669 φρονήματα
3016 1597 3198 1653 αὐτῶν
3258 1598 3578 1663 παντελῶς,
3634 1599 3734 1652 καὶ

2136 1688 2515 1761 ταπεινότεροι
2540 1689 2751 1744 ἑαυτῶν
2778 1692 3199 1763 ἀποδειχθῶσιν.

2206 1778 2277 1835 κ’.
2304 1783 2758 1848 Κατασκευάσεις
2804 1785 3045 1855 ἀθυμίαν
3102 1787 3216 1848 τοῖς
3263 1783 3564 1851 πολεμίοις,
3602 1783 3735 1838 ὅταν

434 1841 679 1912 injicics,
706 1844 750 1899 si
784 1856 906 1913 post
946 1846 1151 1902 bellum
1183 1851 1277 1905 ubi
1332 1854 1781 1911 commodissime
1819 1862 2025 1926 poteris

2133 1874 2192 1927 ὲν
2243 1874 2424 1945 καιρῷ
2469 1877 2611 1946 μετά
2654 1841 2755 1931 τὸν
2822 1841 3065 1948 πόλεμον
3114 1841 3337 1948 πονῆσαι
3367 1841 3601 1948 samo—ﬁ;
3634 1877 3736 1947 τὴν

433 1943 561 1990 tuos
612 1936 665 1988 in
735 1937 926 2005 praalio
974 1940 1237 1997 cadentes
1294 1947 1737 2016 congregavcris,
1791 1950 2028 2007 hostium

433 2028 702 2084 cadavera
762 2031 1042 2103 insepulta
1097 2035 1289 2105 jacere
1349 2040 1657 2107 permittas,
1714 2057 1780 2097 ac
1837 2060 2033 2100 secure

431 2120 633 2176 iterum
664 2122 945 2191 discedas,
975 2128 1019 2181 si
1053 2131 1449 2199 opportunitas
1473 2134 1598 2191 talis
1624 2135 1854 2193 incidat.

500 2209 595 2265 2|.
628 2210 697 2266 Et
727 2214 781 2269 id
826 2217 967 2272 clam
1016 2219 1205 2276 hostes
1269 2221 1455 2279 facere
1497 2228 1728 2295 poteris,
1785 2229 1832 2283 si
1864 2229 2033 2299 ignes

430 2303 638 2361 multos
664 2322 774 2363 uno
816 2309 871 2364 in
915 2310 1038 2367 loco
1062 2315 1409 2383 accenderis,
1444 2325 1505 2374 et
1529 2320 1640 2374 alio
1671 2321 1728 2375 in
1764 2321 1887 2376 loco
1917 2323 2033 2393 ipse

432 2395 799 2463 requieveris.
824 2398 1027 2458 Hostes
1062 2405 1211 2459 enim
1242 2406 1309 2459 ad
1348 2407 1508 2477 ignes
1535 2413 1803 2467 accedent
1836 2422 1893 2467 et
1930 2415 2030 2469 dc-

427 2486 731 2555 cipientur,
774 2498 833 2544 tu
863 2508 994 2548 vero
1029 2496 1173 2564 quod
1206 2498 1553 2566 proposuisti
1588 2500 1833 2559 eﬂicies.‘

502 2746 596 2801 22.
630 2745 701 2803 Ut
749 2748 1157 2812 dissensionem
1206 2766 1261 2813 et
1293 2761 1676 2831 suspicionem
1728 2764 1871 2821 inter
1911 2773 2028 2838 pri-

432 2837 642 2895 marios
689 2847 747 2894 et
794 2843 1092 2912 optimates
1151 2847 1283 2904 belli
1317 2850 1558 2921 iujicias,
1585 2858 1811 2924 quando
1862 2837 2029 2929 agros

430 2928 676 2985 hostium
717 2936 1044 3004 popuiaris,
1080 2940 1301 2997 illemm
1366 2959 1530 3014 agros
1584 2963 1699 3003 non
1755 2928 2025 3018 vastabis,

434 3020 685 3088 qntedam
720 3038 846 3078 cum
900 3026 1012 3081 illis
1046 3028 1205 3098 signa
1258 3033 1521 3089 amicitias
1555 3037 1640 3090 vel
1684 3052 1782 3106 per
1812 3038 2027 3095 litteras

427 3111 513 3163 vel
552 3112 677 3166 aliis
721 3114 903 3170 modis
941 3120 1222 3179 ostendes.
1276 3120 1391 3177 lloe
1436 3123 1582 3180 idem
1629 3125 1797 3183 facies
1832 3130 1878 3184 si
1930 3144 2028 3198 per

426 3202 703 3271 captivos,
751 3221 893 3274 quos
933 3208 1001 3261 ad
1045 3214 1354 3266 exercitum
1394 3231 1555 3270 suum
1588 3217 1788 3274 iterum
1828 3222 2020 3276 remit-
2054 3209 2095 3268 C

433 3293 529 3356 tis,
571 3295 786 3355 occulte
839 3296 954 3352 illis
980 3312 1192 3354 secreta
1230 3304 1481 3373 qua'dam
1525 3312 1862 3364 narraveris.
1897 3310 2023 3367 llaec

424 3397 556 3436 vero
603 3384 648 3440 si
686 3401 835 3457 sche
867 3388 969 3443 abs
1008 3399 1057 3446 te
1091 3393 1249 3457 liaut,
1284 3411 1607 3467 quanquam
1642 3400 1806 3457 dolus
1844 3402 2023 3459 lmsti-.

424 3472 531 3528 bus
555 3476 735 3531 solum
768 3489 933 3550 atque
959 3482 1143 3541 illusio
1171 3485 1325 3551 ﬁant,
1354 3490 1407 3542 in
1438 3492 1814 3562 suspicionem
1838 3504 2022 3554 tamen

423 3570 481 3618 et
507 3564 908 3627 dubitationem
947 3575 1246 3643 quamdam
1281 3579 1501 3639 illorum
1539 3584 1755 3645 incidit.

489 3827 583 3885 25.
608 3828 954 3890 Deditionem
986 3834 1234 3893 hostium
1267 3842 1369 3897 abs
1397 3851 1449 3900 te
1477 3847 1830 3908 obsessorum
1860 3856 2020 3914 facile

419 3923 796 3990 comparabis,
832 3926 877 3980 si
925 3929 1147 3999 sagittis
1183 3931 1397 3991 litteras
1429 3938 1745 4008 alligaveris
1787 3962 1928 4017 quas
1960 3949 2014 4004 in

421 4010 706 4068 civitatem
758 4024 853 4071 aut
901 4021 1267 4080 munitionem
1319 4027 1531 4098 jacies,
1586 4042 1643 4090 et
1703 4010 2013 4096 libertatem

419 4099 532 4157 illis
560 4104 1034 4180 securitatemque
1060 4118 1379 4183 promittas.
1408 4120 1523 4181 lloc
1560 4126 1703 4183 idem
1737 4131 1934 4190 feceris
1966 4134 2012 4190 si

417 4195 791 4266 perzcaptivos
821 4202 930 4257 illis
960 4203 1274 4265 libertatem
1304 4218 1651 4283 promiseris.

486 4285 576 4339 24.
617 4287 805 4360 Neque
852 4294 1095 4353 hostium
1149 4302 1492 4364 humanitate
1520 4352 1536 4377 ,
1582 4329 1760 4386 neque
1795 4319 2011 4380 disces-

412 4377 595 4434 sionis
618 4390 674 4435 et
712 4383 851 4454 fugae
884 4387 1242 4450 simulatione
1271 4396 1571 4469 decipiaris
1601 4377 1832 4468 :‘dolosa
1862 4417 2009 4471 enim

408 4469 658 4526 hostium
685 4485 814 4530 sunt
837 4480 1097 4546 consilia,
1126 4493 1180 4539 et
1210 4487 1277 4540 ad
1310 4504 1467 4547 suam
1497 4497 1789 4557 utilitatem
1818 4469 2007 4565 hostes

409 4564 600 4618 omnia
632 4569 973 4639 excogitant.
1018 4571 1208 4645 Itaque
1252 4578 1462 4638 utilitas
1498 4585 1717 4645 illorum
1762 4594 1858 4650 tibi
1888 4564 2009 4653 ma.

2135 1964 2315 2035 ταφὴν
2345 1966 2567 2035 ἀφανῶς
2594 1968 2702 2021 τῶν
2733 1970 2842 2022 ἀπὸ
2872 1970 2963 2022 τοῦ
2998 1968 3093 2021 σοῦ
3148 1969 3382 2039 στρατοῦ
3428 1970 3731 2037 πεσόντων,

2135 2055 2204 2109 τὰ
2235 2057 2295 2110 δὲ
2320 2056 2548 2128 σώματα
2573 2060 2681 2115 τῶν
2705 2062 2985 2114 πεσόντων
3019 2061 3297 2132 πολεμίων
3321 2062 3513 2134 ἐάσῃς.

2208 2236 2313 2289 καί.
2360 2235 2683 2299 ’Δκινδύνως
2745 2236 2940 2309 φεύξῃ,
2965 2237 3171 2290 εἴποτε
3209 2236 3403 2307 καιρός
3436 2254 3518 2290 σοι
3553 2237 3734 2291 τοιοῦ-

2133 2345 2224 2392 τος
2251 2328 2477 2400 γένηται
2500 2330 2629 2391 τοὺς
2660 2328 2956 2399 πολεμίους
2986 2328 3192 2395 λαθεῖν,
3242 2328 3338 2383 ἐὰν
3378 2330 3528 2400 πυρά
3559 2330 3731 2385 πολλὰ

2135 2419 2371 2489 ἀλλαχοῦ
2417 2420 2758 2491 ἀνακαύσῃς,
2809 2420 2903 2472 κοιλ⁵
2939 2422 2996 2472 ἐν
3037 2419 3183 2488 ἄλλῳ
3228 2419 3377 2489 τόπῳ
3423 2421 3728 2492 ήσυχὰσῃς.

2135 2509 2203 2563 (ll
2233 2511 2341 2579 γὰρ
2372 2510 2740 2579 πολέμιοιὲπὶ
2761 2511 2831 2562 τὰ.
2858 2512 3006 2581 πυρά
3048 2512 3400 2581 χωρήσαντες
3434 2511 3729 2582 ἀπατηθή·

2136 2618 2320 2655 σονται
2343 2620 2356 2633 ·
2394 2604 2488 2655 καὶ
2514 2605 2577 2656 σὺ
2603 2603 2664 2656 τδ
2693 2604 2966 2673 πρακτέον
2997 2603 3291 2669 διανύσεις,
3310 2605 3491 2667 καθώς
3526 2622 3607 2658 σοι
3635 2605 3729 2659 καὶ

2136 2692 2192 2745 ὲν
2212 2691 2393 2754 ἄλλοις
2431 2692 2774 2762 ὑπεθέμεθα.

2205 2784 2309 2854 κβ’.
2344 2786 2464 2839 Ἵνα
2496 2786 2554 2838 δὲ
2580 2786 2850 2856 διχόνοιαν
2876 2787 2973 2839 καὶ
3013 2787 3273 2841 ὑπόνοιαν
3302 2789 3726 2862 κατασκευάσῃς

2136 2878 2278 2931 κατὰ
2308 2878 2418 2930 τῶν
2448 2880 2738 2947 ἐπισήμων
2765 2878 2977 2950 ἀνδρῶν
3023 2880 3081 2933 ὲν
3112 2882 3231 2944 τοῖς
3257 2880 3560 2952 πολεμίοις,
3592 2883 3726 2939 ὅταν

2134 2972 2478 3045 κατατρέχῃς
2527 2974 2629 3043 τὴν
2660 2973 2927 3044 πολεμίαν
2982 2992 3076 3028 σου
3126 2974 3335 3046 χώραν,
3382 2975 3451 3029 τὰ
3495 2978 3725 3030 ἐκείνων

2132 3067 2307 3137 χωρία
2367 3067 2442 3137 μὴ
2482 3066 2780 3137 ἐμπύριζε.
2814 3068 2950 3121 ἀλλά
2982 3068 3075 3121 καί
3105 3086 3224 3121 τινα
3292 3072 3497 3139 σημεῖα
3536 3069 3723 3139 φιλίας

2130 3156 2229 3225 τῆς
2257 3156 2396 3227 πρὸς
2414 3157 2610 3221 αὐτοὺς
2642 3158 2674 3226 ἢ
2700 3157 2787 3211 διὰ
2817 3158 3185 3228 γραμμάτων,
3214 3159 3246 3229 ἦ
3273 3158 3340 3211 δι’
3376 3159 3563 3231 ἑτέρου
3594 3160 3723 3231 τρόο

2130 3260 2232 3295 που
2274 3240 2673 3313 καταλίμπανε.
2703 3247 2777 3299 Τὸ
2825 3246 2958 3299 αὐτὸ
2990 3247 3047 3301 δὲ
3088 3249 3363 3319 ποιήσεις,
3386 3250 3481 3303 καὶ
3509 3249 3606 3303 ἐὰν
3632 3251 3723 3305 διὰ

2128 3335 2237 3387 τῶν
2263 3337 2658 3406 κρατουμένων
2714 3337 2869 3408 παρὰ
2913 3339 3007 3392 σοῦ
3043 3340 3409 3410 αἰχμαλώτων
3434 3344 3723 3412 κρυφαίως

2128 3427 2314 3492 αὐτοῖς
2372 3429 2737 3504 ὲπιτηδεύσῃς
2765 3432 3072 3501 δηλοποιείν
3113 3434 3240 3505 περί
3277 3451 3441 3489 τινων
3471 3436 3721 3508 ἀπορρή-

2127 3537 2255 3574 των.
2306 3521 2371 3575 Εἰ
2435 3521 2697 3585 πολλάκις
2746 3523 2817 3577 τὰ
2873 3524 3099 3580 τοιαῦτα
3162 3526 3425 3594 γεγονότα
3476 3527 3720 3598 φανερὰν

2126 3611 2349 3683 ἀπάτην
2371 3613 2520 3667 δοκεῖ
2553 3615 2665 3677 τοῖς
2692 3612 2975 3684 πολεμίοις
3002 3616 3098 3670 καὶ
3114 3614 3267 3669 δόλον
3297 3615 3565 3685 γίνεσθαι,
3602 3618 3717 3672 ἀλλ’

2124 3701 2219 3758 οὖν
2250 3705 2330 3767 εἰς
2373 3704 2607 3775 ὑποψίαν
2635 3705 2727 3758 καὶ
2769 3705 3036 3776 διχόνοιαν
3068 3706 3167 3777 τὴν
3216 3708 3345 3777 περὶ
3372 3708 3483 3763 τῶν
3507 3708 3719 3781 ἀνδρῶν

2127 3796 2356 3851 ἐκείνων
2384 3797 2603 3860 πάντως
2637 3799 2947 3868 ἐμπέσωσι.

2195 3886 2304 3956 κγ’.
2330 3888 2547 3958 Τρόπον
2593 3887 2905 3952 εὐπειθείας
2960 3888 3227 3954 ὑποδείξω
3270 3906 3373 3955 σοι,
3416 3888 3555 3942 ὥστε
3603 3893 3717 3955 τοῖς

2124 3977 2611 4048 πολιορκουμένοις
2657 3978 2746 4032 διὰ
2787 3978 2960 4047 βελῶν
3015 3979 3125 4034 ἀπὸ
3153 3980 3309 4046 τόξου
3343 3982 3716 4051 πεμπομένων

2121 4069 2412 4132 ἐπιστολὰς
2475 4069 2805 4140 ἐκπέμπειν,
2834 4070 2931 4123 καὶ
2973 4070 3040 4122 δι’
3066 4071 3245 4125 αὐτῶν
3271 4072 3588 4144 ὲλευθεριαν
3617 4079 3716 4128 καὶ

2121 4158 2393 4214 ἀπάθειαν
2446 4160 2631 4224 αὐτοῖς
2680 4161 3139 4229 ἐπαγγέλλεσθαι.
3184 4162 3258 4215 Τὸ
3292 4163 3424 4216 αὐτὸ
3450 4162 3508 4215 δὲ
3548 4166 3713 4235 ποιή-

2122 4268 2239 4316 σεις
2261 4251 2567 4323 δηλοποιῶν
2591 4252 2791 4316 αὐτοῖς
2812 4254 2908 4307 καὶ
2937 4253 3006 4307 δι’
3037 4252 3401 4324 αἰχμαλώτων
3437 4256 3708 4325 ἀφέσεως.

2189 4345 2288 4400 κδ’.
2314 4344 2452 4400 Οὔτε
2500 4348 2626 4409 ταῖς
2686 4344 3120 4416 φιλανθρωπίαις
3166 4345 3278 4400 τῶν
3318 4347 3590 4417 πολεμίων
3618 4350 3708 4415 ἐξ-

2117 4440 2431 4494 απατᾶσθαί
2494 4458 2553 4493 σε
2608 4440 2749 4506 δέον,
2808 4438 2933 4492 οὕτε
2985 4438 3081 4494 ἐάν
3109 4457 3238 4494 ποτε
3286 4440 3709 4511 προσποιοῦνται

2041 4550 2095 4605 ι)
2116 4532 2467 4605 ἀναχώρησιν
2487 4549 2501 4565 ο
2536 4532 2732 4603 δολερά
2771 4531 2882 4604 γὰρ
2908 4532 2996 4585 ἀεὶ
3022 4532 3130 4587 τῶν
3159 4533 3459 4605 ἐχθρῶντά
3488 4534 3708 4605 βουλεύ-

2118 4644 2265 4698 ματα
2284 4668 2299 4695 ,
2334 4627 2431 4681 καὶ
2463 4627 2599 4698 πρὸς
2627 4626 2687 4681 τὸ
2716 4627 2915 4680 οἰκεῖον
2964 4625 3245 4699 συμφέρον
3300 4630 3329 4681 ὁ
3358 4628 3600 4692 ἐναντίος
3632 4629 3706 4682 τὰ

412 4669 535 4722 gnae
574 4655 867 4715 oll‘ensioni
916 4663 1068 4719 erit:
1121 4676 1177 4722 et
1213 4668 1377 4729 dolus
1432 4674 1676 4750 illorum,
1718 4700 1859 4742 noxa
1912 4698 2007 4747 tua

408 4716 522 4801 Em
927 4716 939 4718 “
984 4716 1018 4719 ’⁷
1055 4716 1065 4719 '
1126 4716 1176 4722 "
1216 4716 1377 4729 """'
1432 4716 1676 4750 """“""
1718 4716 1859 4742 "9"“
1912 4716 2007 4747 ιυίί
2112 4718 2295 4772 πάντα
2323 4719 2552 4782 ἐπινοεῖ,
2583 4717 2725 4769 ὥστε
2754 4716 2814 4769 τὸ
2841 4716 3050 4770 ἐκείνου
3083 4719 3361 4789 συμφέρον
3384 4720 3703 4791 ἀσύμφορόν

2113 4826 2195 4863 σοι
2222 4809 2633 4880 ἀποδειχθῆναι,
2665 4809 2761 4863 καὶ
2803 4808 2893 4863 διὰ
2926 4810 3025 4879 τῆς
3075 4811 3321 4875 ἐναντίας
3364 4813 3580 4884 ἀπάτης
3602 4815 3703 4885 ἑμ-

2109 4904 2327 4973 ποιήσει
2362 4919 2445 4957 σοι
2470 4902 2699 4974 βλάϐην.

483 4959 575 5016 25.
616 4961 1001 5068 .SuSpicio-sum
1041 4987 1173 5068 esse
1225 4977 1387 5035 debet
1420 4981 1608 5043 hostes
1647 5004 1743 5059 per
1784 5008 1851 5049 ea
1885 4995 2019 5053 loca

2179 4959 2279 5049 κε’.
2337 4959 2680 5067 ’Υφορᾶσθαί
2735 5013 2798 5050 σε
2857 4997 3125 5068 προσήκει
3174 4997 3276 5059 τὰς
3330 4997 3544 5063 διώξεις
3597 4997 3699 5062 τὰς

410 5050 652 5122 insequi,
670 5071 793 5125 qua:
818 5059 884 5113 ad
910 5060 1145 5121 insidias
1171 5070 1471 5139 capiendas
1504 5050 1810 5148 opportuna
1828 5050 2003 5143 sunt;

2127 5088 2350 5157 ιγούσας
2379 5050 2459 5153 είς
2479 5050 2666 5161 ’χωρία
2696 5050 2978 5161 ὲπιτήδλια
3192 5050 3581 5161 ἐγκρύμματα.
3605 5050 3697 5144 Διδ

406 5156 582 5210 quare
614 5147 987 5209 recedendum
1013 5156 1274 5214 celeriter
1306 5172 1413 5230 est,
1464 5177 1519 5223 et
1554 5147 1803 5229 incursio
1832 5176 2003 5249 impe-

2127 5147 2199 5237 ωὶι
2220 5184 2282 5238 τὸ
2304 5147 2612 5256 ἀναχωρείν
2642 5147 2915 5256 εὐκαίρως
2940 5184 3032 5237 τὸν
3064 5183 3389 5253 στρατηγὸν,
3409 5185 3504 5236 καὶ
3531 5184 3695 5238 πάλιν

408 5240 621 5289 tuosior
658 5238 906 5296 facienda
946 5255 1036 5300 est
1067 5248 1136 5303 ad
1197 5259 1412 5323 tempus
1447 5275 1461 5313 :
1514 5264 1661 5331 quad
1705 5238 1999 5327 consilium

2127 5279 2472 5351 ιφοδροτέραν
2498 5277 2773 5332 ποιεῖσθαι
2793 5277 2890 5349 τὴν
2940 5276 3227 5331 ὲπέλευσιν
3272 5275 3417 5330 κατά
3441 5276 3553 5332 τῶν
3593 5294 3692 5332 πο-

407 5331 824 5396 impcratorium
861 5335 1205 5396 laudandum)
1230 5345 1307 5399 in
1341 5351 1537 5418 primis
1568 5364 1675 5412 est.

474 5421 544 5442 οη
1035 5433 1066 5442 Α.
1202 5436 1213 5442 -
1291 5440 1299 5442 .
1365 5441 1370 5442 ν

2127 5331 2328 5442 .épalw,
2368 5331 2607 5442 μαλιστά
2632 5331 2749 5424 ἐστι
2774 5331 3161 5441 στρατηγικὸν.

474 5421 565 5475 26.
611 5422 995 5494 Suspicionem
1031 5433 1246 5491 timoris
1286 5440 1450 5497 habet
1482 5452 1767 5508 cunctatio
1794 5463 1849 5509 et
1876 5458 1998 5526 pal-

2127 5421 2328 5442 ~r~-~—-.
2551 5421 2606 5425 νη
2782 5421 2793 5423 ~
2820 5421 2906 5441 γρ
2969 5421 3038 5440 ..ν
3069 5421 3097 5423 -κ

2174 5463 2288 5528 κς⁹.
2326 5464 2587 5518 Ὺπὸνοια
2641 5463 2847 5527 δειλίας
2893 5463 3040 5516 ἐστὶν
3087 5464 3245 5526 ὄκνος
3285 5462 3376 5517 καὶ
3399 5462 3683 5535 ὠχρίασις.

404 5513 529 5566 lor:
558 5514 650 5569 ubi
687 5517 855 5586 igitur
890 5522 1026 5579 tales
1050 5526 1258 5585 videris
1285 5534 1511 5603 milites,
1554 5555 1587 5593 a-
1639 5513 1997 5605 dimicatione

406 5606 573 5701 βιττιῆ
609 5608 731 5663 illos
757 5626 1066 5679 semoveas,
1098 5627 1152 5673 et
1181 5621 1246 5675 ad
1282 5640 1423 5695 opus
1466 5632 1687 5704 aliquod
1742 5654 1996 5697 necessa-

405 5691 550 5745 rium
585 5697 897 5758 faciendum
929 5710 1282 5770 amandabis.

2103 5556 2272 5609 Ὅταν
2306 5555 2399 5609 οὖν
2434 5556 2710 5619 τοιούτους
2735 5554 2851 5626 ἴδῃς
2879 5554 3031 5619 τινὰς
3063 5556 3171 5609 τῶν
3203 5557 3569 5625 στρατιωτῶν,
3594 5556 3689 5611 καὶ

2098 5647 2207 5718 πρὸ
2244 5649 2587 5719 ἐρωτήσεως,
2623 5647 2825 5717 χώριζε
2886 5649 3084 5712 αὐτοὺς
3125 5650 3225 5718 τῆς
3256 5651 3567 5718 ἀναγκαίας
3596 5651 3689 5718 ἑγ-

2097 5734 2401 5805 χειρήσεως
2430 5735 2524 5788 τοῦ
2546 5735 2805 5805 πολέμου,
2832 5737 2926 5791 καὶ
2954 5737 3180 5801 δεόντως
3214 5741 3396 5802 αὐτοῖς
3424 5740 3685 5813 ἐπίτρεπε

2098 5823 2165 5876 τὰ
2193 5821 2502 5893 ἁρμόζοντα
2545 5824 2807 5894 πράττειν
2835 5827 2911 5897 τῷ
2942 5827 3167 5898 τοιούτῳ
3199 5829 3395 5900 καιρῷ.
