4120 6456
382 364 512 433 1021

1509 368 1843 433 TACTICA.
1870 395 1936 408 --
1961 368 2465 431 CONSTITUTIO
2497 372 2624 431 XX.

3513 367 3651 435 1022

448 474 550 541 κζ’.
592 472 727 527 Ἴτθι
755 472 875 529 λίαν
903 473 1143 544 ἀσφαλὲς
1181 474 1273 529 xei.
1302 476 1360 530 ὲν
1409 476 1588 548 καιρῷ
1618 477 1760 547 τάχα
1781 478 1962 546 φιλίας
1990 498 2008 545 Α

2136 480 2227 534 27.
2263 479 2457 535 Castra
2502 477 2719 534 munire
2760 492 2978 548 semper
3017 486 3194 533 tutum
3223 487 3328 550 est,
3356 488 3411 537 et
3455 486 3652 539 amici-

378 568 505 622 ἔνθα
535 564 600 618 ἂν
634 565 883 637 ὑπάρχῃς
930 566 1157 639 πλησίον
1212 566 1484 637 πολεμίων
1526 570 1968 640 στρατοπεδεύων

382 656 728 727 περιϐάλλειν
758 655 1029 723 φοσσάτον
1086 655 1154 709 δι’
1192 658 1528 728 ὀρύγματος,
1582 660 1615 727 ἢ
1666 660 1966 728 κτίσματος

381 752 551 812 λίθου,
589 748 621 820 ἢ
656 746 901 811 πλίνθου,
957 747 1237 818 ῆχάρακα
1298 749 1385 803 διὰ
1414 749 1610 815 ξύλων,
1656 753 1750 804 καὶ
1795 750 1972 814 οὕτως

384 843 543 916 πέριξ
575 840 966 912 ὀχυροποιῆσαι
987 840 1076 893 τὸν
1108 845 1358 912 στρατόν.
1395 843 1451 895 ‘E
1465 842 1523 895 ὶιν
1557 843 1667 914 γάρ
1697 861 1749 896 τι
1783 846 1969 913 συμϐῇ

382 937 492 989 τῶν
520 937 800 1001 ἐναντίων,
832 936 927 989 καὶ
956 935 1143 1007 λέγῃς,
1193 937 1274 1001 ὅτι
1332 937 1502 990 Τοῦτο
1545 938 1645 995 οὐκ
1687 939 1971 1005 ὑπενόουν,

384 1029 482 1082 οὐκ
517 1028 632 1080 ἔστι
665 1028 1053 1097 στρατηγικόν.

458 1119 569 1191 κη’.
599 1121 768 1177 Ὅταν
806 1119 944 1173 Θεοῦ
975 1119 1208 1185 διδόντος
1247 1120 1403 1191 πόλις
1433 1121 1586 1192 παρά
1616 1120 1709 1177 σοῦ
1743 1121 1849 1176 τῶν
1877 1139 1977 1175 πο.

388 1209 594 1280 λεμίων
640 1210 945 1275 ἁλίσκεται,
1006 1210 1322 1281 ἀνοίγεσθαι
1366 1211 1640 1283 συγχώρει
1667 1212 1767 1276 τὰς
1802 1210 1980 1275 πύλας

390 1302 532 1356 ὥστε
565 1302 787 1371 φεύγειν
830 1302 959 1366 τοὺς
1012 1303 1243 1368 πολλοὺς
1266 1305 1359 1357 καὶ
1408 1303 1484 1375 μὴ
1517 1306 1713 1375 χωρεῖν
1738 1306 1818 1368 είς
1839 1304 1979 1357 ἁπό-

393 1414 618 1465 γνωσιν.
648 1396 720 1449 Τὸ
748 1396 881 1450 αὐτὸ
931 1396 989 1451 δὲ
1054 1398 1149 1451 καὶ
1184 1397 1453 1466 φοσσάτου
1485 1396 1844 1468 ἁλισκομένου
1871 1397 1981 1450 τῶν

395 1488 607 1559 ἐχθρῶν
642 1488 793 1558 παρὰ
821 1487 913 1541 σοῦ
945 1489 1213 1559 ποιήσειςο
1233 1490 1507 1558 ἀναγκαῖα
1522 1488 1630 1559 γάρ
1646 1484 1785 1542 εἶναι
1804 1486 1979 1542 ταῦτα

396 1580 493 1634 καὶ
524 1579 907 1651 ἀκινδυνότερα
947 1580 1082 1651 πρὸς
1110 1579 1211 1651 τὴν
1257 1580 1366 1637 τῶν
1409 1579 1781 1651 ἁλισκομένων
1813 1595 1983 1633 κατα-

398 1672 687 1742 κράτησιν.

472 1761 574 1817 κθ’.
629 1762 928 1833 ’Υφόρασιν
980 1762 1274 1835 προδοσίας
1326 1763 1423 1818 καὶ
1478 1764 1737 1819 ὑπόνοιαν
1789 1761 1981 1825 δώσεις

2072 573 2165 626 tia:
2217 573 2480 640 pacisque
2531 580 2799 642 tempore.
2863 571 2921 626 Si
2974 586 3143 642 prope
3201 573 3390 631 hostes
3460 576 3653 642 fueris,

2077 662 2344 718 fossatum
2399 663 2803 718 circumducito
2873 664 2957 717 vel
3011 679 3075 717 ex
3119 664 3395 734 lapidibus
3445 668 3529 721 vel
3591 685 3658 723 ex

2075 754 2340 809 lateribus
2360 755 2861 819 circumvallatum,
2902 763 2955 808 et
2987 755 3062 807 ita
3095 764 3279 810 castra
3318 769 3409 810 tua
3458 758 3509 811 in
3540 767 3659 813 tuto

2077 861 2272 916 ponas.
2315 846 2371 900 Si
2411 847 2557 901 enim
2607 847 2813 915 aliquid
2858 846 3150 899 adversum
3204 848 3508 917 contingat,
3555 849 3663 902 mi-

2077 953 2183 993 nus
2207 938 2621 1008 imperatorium
2646 939 2753 993 erit
2784 938 2974 993 dicere
3009 939 3328 1008 aliquando,
3356 940 3477 993 Non
3509 952 3665 1010 puta-

2080 1045 2221 1087 ram.

2151 1120 2241 1175 28.
2276 1121 2510 1187 Quando
2541 1122 2661 1177 sine
2684 1121 2962 1176 deditione
2989 1122 3231 1178 hostium
3256 1124 3452 1178 civitas
3484 1124 3665 1193 aliqua

2083 1224 2179 1267 aut
2209 1215 2443 1268 munitio
2477 1215 2755 1284 capiatur,
2778 1215 2912 1284 jube
2952 1215 3153 1286 aperiri
3188 1227 3376 1285 portas
3407 1224 3478 1270 ut
3507 1218 3667 1270 multi

2083 1307 2389 1378 aufugiam,
2432 1320 2486 1362 et
2531 1322 2641 1362 non
2689 1309 2744 1362 in
2794 1325 3064 1364 summam
3105 1312 3273 1365 animi
3322 1314 3669 1382 desperatio~

2086 1414 2210 1454 nem
2230 1400 2450 1454 cadant.
2486 1402 2605 1454 Hoc
2637 1401 2782 1456 idem
2820 1400 3029 1456 fossato
3063 1403 3303 1457 hostium
3341 1414 3502 1474 capto
3534 1421 3672 1476 pra:-

2086 1492 2285 1548 stabis.
2325 1492 2712 1549 Necessarium
2762 1502 2943 1548 autem
2978 1495 3081 1549 hoc
3121 1506 3203 1551 est
3230 1504 3284 1551 et
3311 1512 3566 1552 securum
3615 1498 3671 1551 in

2086 1584 2282 1654 primis
2312 1586 2379 1639 ad
2408 1585 2660 1656 captivos
2682 1586 3028 1643 retinendos.

2158 1762 2249 1819 29.
2285 1760 2676 1833 Suspicionem
2722 1761 3054 1833 proditionis
3094 1771 3147 1819 et
3202 1765 3519 1835 Opinionem
3580 1767 3670 1822 fal-

400 1857 515 1919 τοῖς
568 1855 848 1926 πολεμίοις
911 1855 1055 1910 κατὰ
1100 1855 1209 1910 τῶν
1253 1857 1711 1927 προσφευγόντων
1744 1854 1851 1908 άπὸ
1893 1852 1989 1907 σοῦ

2112 1855 2278 1912 sitatis
2318 1856 2533 1925 injicies
2570 1856 2824 1912 hostibus
2875 1856 2943 1911 de
2982 1856 3072 1920 iis,
3107 1857 3200 1927 qui
3242 1834 3346 1913 abs
3380 1854 3431 1915 te
3487 1860 3551 1913 ad
3581 1877 3678 1917 eos

408 1948 544 2020 πρὸς
566 1948 783 2015 αὐτοὺς,
814 1948 953 2001 ὥστε
989 1949 1173 2012 αὐτοῖς
1199 1950 1231 2019 ἢ
1260 1950 1532 2011 άπιστεῖν,
1567 1948 1601 2019 ἢ
1628 1946 1992 2012 ἀποκτείνειν,

407 2040 503 2091 ἐὰν
534 2037 838 2107 γράμματα
874 2038 1102 2112 πέμπῃς
1128 2039 1223 2092 καὶ
1260 2039 1335 2101 ὡς
1364 2037 1524 2109 δῆθεν
1545 2040 1851 2092 ἐκπεσόντα
1882 2038 1994 2095 τῶν

405 2128 834 2199 διακομιζόντων
860 2132 974 2193 τοῖς
1010 2129 1291 2199 πολεμίοις
1321 2129 1758 2201 ἐγχειρισθῶσιν.
1808 2130 1899 2182 Ἑν
1914 2122 1997 2191 οἷς

408 2222 484 2284 ὡς
517 2222 575 2274 ἐν
604 2220 752 2285 τάξει
784 2221 1223 2291 ὑπομιμνήσκεις
1264 2224 1377 2284 τοῖς
1416 2220 1756 2291 προσφύγοις
1800 2220 1997 2289 καιροῦ

410 2314 701 2385 προδοσίας
733 2313 1143 2384 συντεθειμένου
1197 2314 1290 2368 καὶ
1332 2313 1674 2384 πραγμάτων
1698 2312 1863 2366 τινῶν
1905 2331 1997 2365 πι-

411 2406 609 2461 θανῶν.
655 2406 935 2461 Ἐντεῦθεν
979 2406 1153 2478 γὰρῆ
1200 2406 1700 2477 κατασχεθήσονται
1746 2406 1794 2458 oi
1825 2421 1999 2475 προσ-

412 2500 699 2571 φυγόντες,
754 2499 787 2569 ἢ
823 2498 1312 2568 ἀπιστηθήσονται,
1346 2498 1440 2550 καὶ
1471 2496 1798 2568 φοϐηθέντες
1838 2494 2000 2551 πάλιν

412 2590 812 2661 ὑποστρέφουσι
844 2590 980 2660 πρὸς
1011 2588 1077 2642 τά
1114 2589 1241 2643 ἴδια.

484 2680 548 2736 λ’.
583 2682 691 2734 Καὶ
740 2681 944 2752 ἑτέρως
995 2681 1052 2735 δὲ
1101 2681 1200 2752 τὴν
1244 2680 1352 2735 τῶν
1392 2678 1583 2735 δειλῶν
1621 2678 1893 2748 διάκρισιν
1944 2677 2003 2730 ὲν

414 2776 528 2839 τοῖς
559 2774 881 2843 ἀναγκαίοις
906 2774 999 2831 καὶ
1029 2774 1317 2843 αἰφνιδίως
1334 2773 1702 2844 ἐγχειρήμασι
1729 2771 2001 2839 ποιήσεις,

420 2868 516 2922 ἐὰν
539 2869 664 2932 τοὺς
683 2865 1001 2939 ἀρρώστους
1023 2865 1058 2935 ἢ
1086 2866 1213 2928 τοὺς
1243 2883 1412 2935 κεκτη
1423 2864 1616 2934 μένους
1651 2864 1851 2923 ἵππους
1874 2862 2006 2915 ἁδυο

421 2959 616 3023 νάτους
678 2957 1002 3030 προστάξεις
1041 2956 1381 3033 χωρίζεσθαι.
1423 2956 1597 3018 ίὸίωςο
1631 2956 1680 3008 οἱ
1706 2954 1812 3024 γὰρ
1842 2951 2007 3005 δειλοὶ

420 3049 796 3123 ἢάρρωστίαν
862 3048 1345 3119 προσποιούμενοι,
1377 3046 1411 3117 ἢ
1441 3046 1549 3098 τῶν
1608 3046 1791 3098 ἵππων
1840 3041 2008 3096 acos-

2097 1948 2486 2019 profugerunt,
2525 1957 2584 2002 ut
2616 1948 2727 2004 illis
2769 1949 2855 2003 vel
2898 1948 3165 2016 diuidam,
3202 1950 3287 2004 vel
3320 1950 3677 2015 interficiant,

2096 2041 2141 2095 si
2173 2040 2385 2096 litteras
2417 2039 2484 2094 ad
2526 2056 2622 2097 eos
2659 2040 2900 2106 miseris,
2931 2050 2991 2095 ut
3016 2042 3205 2096 statim
3240 2052 3365 2112 post
3402 2043 3502 2096 has
3529 2044 3680 2097 litte-

2098 2146 2187 2186 ras
2228 2132 2471 2201 perlatas
2507 2132 2695 2187 hostes
2750 2132 3032 2198 invadant,
3070 2142 3124 2188 et
3164 2135 3493 2203 proditionis
3542 2146 3681 2189 tem-

2100 2239 2201 2294 pus
2232 2224 2376 2277 intcr
2406 2232 2458 2277 te
2479 2231 2531 2277 et
2563 2222 2830 2294 profugos
2867 2232 3175 2292 caeteraque
3205 2225 3508 2293 probabilia
3550 2242 3681 2280 con—

2100 2312 2292 2367 stituta
2347 2313 2662 2368 videantur.
2714 2313 2828 2368 llnc
2886 2323 3048 2385 pacto
3109 2314 3216 2379 lict,
3257 2324 3315 2370 ιιι
3345 2316 3395 2370 in
3429 2319 3680 2371 custodia

2100 2412 2397 2459 teneantur
2432 2404 2675 2475 profugi,
2718 2405 2804 2460 vel
2839 2416 2898 2458 ut
2934 2406 3067 2460 fides
3107 2406 3217 2460 illis
3249 2422 3359 2460 non
3392 2408 3682 2472 habeatur,

2102 2493 2186 2549 vel
2219 2502 2276 2547 ut
2305 2494 2371 2548 ad
2402 2503 2454 2548 te
2481 2497 2679 2549 iterum
2711 2495 2966 2551 redeant.

2179 2674 2267 2729 50.
2315 2672 2696 2731 Timiditatem
2746 2675 2982 2730 militum
3014 2683 3235 2730 tuorum
3278 2677 3461 2746 aliqua
3496 2694 3690 2733 neces-

2106 2768 2255 2823 saria
2286 2773 2340 2823 et
2378 2782 2480 2823 nec
2521 2769 2744 2838 opinata
2776 2768 3098 2823 incursione
3142 2769 3244 2823 hoc
3293 2770 3456 2822 modo
3498 2772 3693 2839 explo—

2106 2858 2277 2922 rabis,
2306 2858 2353 2913 si
2384 2859 2633 2912 infirmos
2674 2865 2727 2912 et
2753 2872 2849 2913 eos
2896 2858 2988 2928 qui
3040 2855 3249 2912 debiles
3278 2874 3451 2929 equos
3489 2860 3691 2914 habent

2103 2948 2328 3017 jubcbis
2366 2949 2435 3003 ab
2466 2949 2590 3005 alils
2623 2950 2870 3018 separari
2903 2965 2918 3003 :
2961 2950 3139 3003 timidi
3172 2951 3317 3005 enim
3350 2953 3433 3005 vel
3476 2952 3693 3007 valetu-

2108 3039 2315 3105 dinem,
2363 3040 2449 3095 vel
2496 3055 2765 3111 equorum
2825 3040 3259 3095 imbecillitatem
3309 3041 3691 3108 sitnulabunt,

420 3156 592 3206 νειαν,
652 3140 855 3203 εὐθέως
916 3138 1349 3211 χωρισθήσονται
1404 3136 1515 3191 τῶν
1566 3136 1881 3203 ἀναγκαίων
1909 3132 2003 3186 τοῦ

2112 3141 2277 3203 atque
2307 3134 2445 3189 adeo
2472 3133 2542 3189 ab
2564 3135 2665 3189 hac
2697 3133 2893 3189 bellica
2919 3133 3238 3189 incursione
3269 3135 3695 3204 separabantur.

422 3229 660 3301 πολέμου
684 3229 1072 3303 ἐγχειρήσεων,
1102 3230 1241 3293 Τοὺς
1265 3228 1323 3282 δὲ
1348 3227 1624 3289 τοιούτους
1648 3227 1680 3297 ἢ
1715 3228 1795 3290 εἰς
1824 3242 2008 3297 παρα-

424 3321 674 3392 φυλακὴν
704 3320 964 3390 κάπρου,
998 3320 1073 3384 ὡς
1130 3321 1243 3374 άνω
1284 3337 1389 3373 που
1439 3320 1653 3391 εἴρηται
1694 3320 1849 3390 ἡμῖν,
1874 3318 1906 3388 ἢ
1930 3318 2011 3381 είς

425 3410 600 3466 ἄλλων
628 3408 1023 3481 ὀχυρωμάτων,
1051 3409 1084 3479 ἢ
1112 3409 1192 3472 εἰς
1238 3408 1432 3479 ἑτέρας
1461 3408 1779 3471 ἀκινδύνους
1821 3407 2012 3479 χρείας

425 3502 683 3567 διατάξας
713 3501 1042 3571 ἐκπέμψεις,
1082 3500 1171 3557 ⁶ίνα
1207 3502 1281 3572 μὴ
1308 3504 1373 3572 τῇ
1428 3500 1601 3572 δειλίᾳ
1629 3501 1725 3554 καὶ⁵
1760 3500 1886 3561 τοὺς
1919 3500 2015 3553 άν-

426 3593 639 3665 δρείους
677 3591 1000 3664 μολύνωσιν.
1053 3594 1116 3647 Εί
1150 3593 1207 3647 δὲ
1255 3594 1356 3664 τῆς
1395 3593 1758 3665 παρατάξεως
1794 3591 2017 3663 ἱσταμέ-

429 3702 528 3757 νης
581 3686 718 3756 πρὸς
767 3685 951 3755 μάχην
982 3685 1245 3757 παραυτά
1277 3686 1555 3756 κηρύξεις,
1590 3685 1650 3739 '0
1685 3684 2013 3756 βουλόμενος

431 3774 828 3847 πρωτοστάτης
877 3774 1254 3844 ὑποχωρείτω,
1312 3778 1407 3829 καὶ
1463 3777 1493 3828 ὀ
1534 3775 1856 3845 βουλόμενος
1894 3774 2012 3828 ἀντ’

435 3865 646 3919 ἐκείνου
666 3864 874 3933 εἰσίτω,
927 3866 989 3920 ού
1040 3865 1200 3936 μόνον
1230 3866 1356 3929 τοὺς
1388 3866 1595 3928 δειλοὺς
1624 3866 1746 3919 τότε
1775 3865 2013 3936 νοήσεις,

434 3956 571 4010 ἀλλά
602 3958 699 4011 καὶ
727 3957 1159 4027 τοὺς“άνδρείους
1180 3957 1567 4029 άναμάθῃς.οί
1594 3958 1693 4029 μὲν
1720 3958 1828 4028 γὰρ
1859 3958 2025 4011 δειλοὶ

441 4048 537 4101 καὶ
561 4047 624 4100 τὸ
656 4048 845 4120 ἄρχειν
899 4048 1272 4118 προδώσουσιν
1294 4048 1433 4118 ὑπὲρ
1450 4049 1543 4102 τοῦ
1573 4049 1649 4119 μὴ
1672 4049 2028 4111 κινδυνεύειν,

442 4140 493 4192 οἱ
523 4140 581 4192 δὲ
604 4139 839 4210 ἀνδρεῖοι
871 4140 1011 4210 μετά
1040 4139 1135 4193 τοῦ
1162 4140 1351 4211 ἄρχειν
1381 4142 1477 4194 καὶ
1506 4140 1567 4193 τδ
1597 4139 2028 4209 συγκινδυνεύειν

441 4233 571 4304 αίρή
580 4250 784 4287 σονται.

507 4322 609 4379 λα’.
652 4324 868 4395 Ἀκμὴν
908 4324 1103 4397 καιροῦ
1132 4326 1414 4397 ἐπιτηρεῖν
1444 4342 1504 4378 σε
1547 4324 1685 4389 δέον,
1713 4324 1789 4395 μὴ
1820 4323 2031 4394 παρού-

448 4432 547 4485 σης
582 4415 855 4486 ἀνάγκης,
886 4416 1184 4491 καὶηοῦτως
1218 4416 1600 4486 ἐκστρατεύειν
1629 4417 1770 4470 κατὰ
1802 4416 1910 4467 τῶν
1941 4431 2035 4469 πον

2112 3226 2275 3282 Tales
2314 3228 2398 3283 vel
2447 3227 2515 3281 ad
2562 3227 2797 3294 castelli,
2836 3227 2921 3281 vel
2984 3226 3051 3280 ad
3087 3226 3315 3281 alterius
3372 3229 3700 3282 munitionis

2113 3317 2446 3385 custodiam,
2498 3316 2583 3372 vel
2622 3316 2689 3371 ad
2713 3316 2857 3371 alios
2895 3331 3031 3371 usus
3083 3332 3311 3371 securos
3362 3319 3602 3382 emittes,
3641 3326 3701 3372 ut

2115 3423 2183 3462 ue
2209 3407 2426 3478 ignavia
2488 3422 2591 3463 sua
2654 3408 2821 3463 etiam
2867 3407 3212 3463 strenuiores
3250 3408 3452 3464 milites
3493 3409 3701 3463 labefa-

2116 3508 2290 3556 ctent.
2337 3500 2437 3557 Sin
2467 3502 2588 3556 acie
2617 3499 2730 3571 jam
2765 3500 3042 3555 instructa
3082 3499 3147 3555 ad
3177 3500 3428 3572 praalium
3472 3500 3702 3555 manda-

2118 3591 2285 3655 veris,
2321 3597 2380 3644 ut
2426 3590 2522 3660 qui
2562 3597 2789 3661 praestes
2822 3588 3108 3646 discedere
3154 3591 3269 3645 vult
3328 3590 3600 3656 discedat,
3648 3599 3704 3647 et

2119 3682 2214 3757 qui
2253 3680 2374 3736 vult
2406 3682 2462 3736 in
2526 3682 2676 3737 illius
2723 3682 2905 3737 locum
2948 3684 3323 3754 ingrediatur,
3366 3699 3477 3739 non
3542 3682 3706 3738 modo

2122 3774 2350 3830 timidos
2412 3774 2615 3830 milites
2653 3790 2977 3847 cognosces,
3013 3775 3107 3831 sed
3159 3776 3323 3830 etiam
3359 3768 3535 3830 fortes'
3563 3788 3706 3831 stre-

2123 3882 2376 3937 nuosque
2407 3867 2571 3921 scies.
2592 3865 2793 3921 Titnidi
2826 3866 2971 3921 enim
2998 3866 3155 3920 initio
3184 3866 3413 3936 prodent
3436 3880 3495 3919 se
3521 3866 3705 3935 prius-

2125 3976 2289 4031 quam
2328 3960 2532 4015 bellum
2568 3960 2817 4030 incipiat,
2872 3959 3043 4013 fortes
3097 3968 3279 4012 autem
3334 3962 3465 4029 post
3503 3958 3705 4012 bellum

2128 4052 2431 4123 incmptum
2467 4052 2634 4107 simul
2674 4051 2976 4121 periclitari
3015 4051 3260 4121 cupient.

2203 4319 2293 4374 5|.
2329 4316 2623 4387 Temporis
2674 4313 3081 4386 opportunitas,
3120 4313 3230 4368 nisi
3272 4313 3432 4369 aliter
3463 4314 3712 4369 necessi.

2136 4421 2220 4467 tas
2270 4419 2482 4481 urgeat,
2534 4411 2632 4463 abs
2688 4414 2743 4462 te
2793 4407 3171 4460 conservanda
3224 4414 3329 4470 est,
3376 4416 3539 4476 atque
3578 4405 3717 4459 adeo

446 4507 672 4579 λεμίων,
702 4509 789 4561 ἵνα
816 4508 911 4562 καὶ
952 4508 1016 4561 σὺ
1048 4508 1173 4579 περὶ
1207 4507 1305 4581 τήν
1345 4508 1589 4578 δαπάνην
1622 4505 1698 4578 μὴ
1728 4504 2006 4558 στενοῦσαι

2139 4504 2328 4557 hostes
2374 4499 2626 4563 invadas,
2662 4506 2717 4552 ut
2761 4510 2941 4565 neque
2981 4494 3059 4549 tui
3101 4502 3410 4550 commeatu
3451 4494 3716 4549 defician-

452 4600 549 4653 καὶ
575 4601 627 4665 oi
661 4600 911 4672 πολέμιοι
967 4602 1135 4656 πλέον
1189 4599 1486 4654 λυποῦνται
1516 4599 1624 4653 τῶν
1653 4599 1917 4669 καμάτων
1943 4598 2033 4650 αὺο

450 4692 560 4747 τῶν
587 4692 945 4765 ληϊζομένων.

523 4784 624 4855 λβ’.
667 4785 852 4843 Ἱκανὰ
898 4803 959 4842 σε
1009 4786 1115 4860 χρὴ
1178 4786 1425 4857 φυλακήν
1479 4782 1879 4854 περιποιεῖσθαι
1937 4783 2033 4837 καὶ

459 4878 595 4949 μετὰ
622 4878 721 4949 τὴν
747 4879 857 4932 τῶν
891 4878 1168 4949 πολεμίων
1216 4897 1311 4932 σου
1349 4879 1527 4950 νίκην,
1570 4878 1663 4931 καὶ
1708 4876 1783 4948 μὴ
1813 4875 2034 4947 ἀμελῶς

453 4970 782 5041 ἐχειν,άλλά
824 4972 1193 5041 φυλάττεσθαι
1235 4971 1335 5037 τὰς
1389 4972 1688 5041 αἰφνιδίους
1718 4968 2035 5030 ὲττελεύσεις

455 5062 563 5114 τῶν
589 5062 933 5133 ἡττηθέντων
953 5080 966 5093 ·
1002 5064 1064 5116 οὐ
1117 5064 1226 5135 γάρ
1280 5066 1479 5135 ἡρεμεί
1506 5063 1566 5117 τὸ
1599 5061 1892 5117 ἀντίπαλον
1922 5059 2031 5125 ἀεὶ,

459 5152 594 5207 ἀλλὰ
634 5155 735 5224 τὴν
791 5155 1001 5209 οἰκείαν
1060 5149 1232 5225 ἧτταν
1287 5156 1547 5219 πολλάκις
1575 5150 2036 5225 ἀναμαχήσασθαι

460 5246 871 5318 προθυμότερον
901 5249 1129 5314 γίνεται.

532 5336 633 5405 λγ’.
671 5338 793 5392 Τῶν
826 5341 1083 5391 ἐναντίων
1140 5338 1265 5399 τοὺς
1310 5338 1656 5408 πρεσϐευτὰς
1704 5339 1946 5409 ὑϐρίζειν
1979 5340 2039 5394 οὐ

460 5429 687 5495 δίκαιον,
724 5431 831 5483 οὐδ’
870 5431 935 5485 ἂν
962 5431 1093 5484 πολὺ
1130 5431 1453 5501 προέχωμεν
1479 5434 1541 5500 τῇ
1576 5431 1825 5503 δυνάμει.
1857 5433 2045 5494 Φιλίας

460 5520 571 5591 γάρ
602 5523 791 5593 τρόπῳ
838 5524 1258 5591 παραγίνονται,
1327 5526 1423 5581 καὶ
1446 5524 1590 5595 λόγῳ
1650 5526 1907 5595 ἀτρέπτῳ
1942 5524 2047 5577 ὑπὸ

394 5646 405 5653 ·
462 5612 563 5673 τὰς
621 5614 813 5682 χεῖρας
871 5615 1096 5678 ἑαυτοὺς
1153 5614 1252 5678 τὰς
1311 5616 1408 5679 σάς
1444 5616 1955 5680 καταπιστεύουσιν,
1998 5616 2047 5668 εί

468 5701 562 5752 καὶ
591 5702 743 5771 παρά
788 5702 1061 5773 πολεμίων
1142 5706 1587 5758 ἀποστέλλονται.
1647 5704 1727 5758 Τὰ
1797 5701 1890 5758 οῦν
1925 5706 2046 5758 ὅσια

469 5790 563 5843 ἐπὶ
624 5793 840 5864 ἑκάστῳ
891 5797 982 5849 καὶ
1029 5796 1304 5864 πρέποντα
1343 5797 1817 5867 παραφυλακτέον.
1861 5797 1919 5847 Et
1972 5796 2046 5866 μὴ

2138 4602 2249 4659 tur,
2283 4597 2339 4646 et
2364 4592 2555 4646 hostes
2581 4588 2757 4660 magis
2781 4596 3054 4643 vexentur
3072 4587 3220 4640 omni
3254 4586 3458 4648 labore,
3483 4593 3535 4638 et
3568 4586 3715 4655 agris

2132 4688 2247 4757 jam
2277 4681 2654 4754 depopulatis.

2205 4776 2300 4833 32.
2327 4774 2505 4831 Victis
2535 4773 2649 4845 jam
2703 4771 2960 4828 hostibus
2995 4769 3191 4824 idonea
3223 4766 3321 4823 abs
3374 4777 3425 4823 te
3463 4766 3717 4822 custodia

2136 4871 2207 4926 ad
2238 4878 2365 4924 tuos
2389 4866 2763 4924 defendendos
2785 4864 3104 4920 collocanda
3138 4867 3223 4916 est
3250 4877 3264 4914 :
3289 4859 3544 4915 vitamda'.
3569 4860 3719 4913 enim

2140 4962 2337 5019 subitae
2378 4961 2731 5016 incursiones
2764 4956 3001 5012 bostimn
3036 4962 3167 5008 sunt
3199 4969 3213 5007 :
3247 4966 3357 5006 non
3381 4951 3529 5006 enim
3567 4951 3721 5020 quie-

2139 5062 2306 5111 scunt
2337 5052 2529 5109 hostes
2559 5049 2675 5104 ullo
2720 5053 2996 5116 tempore,
3035 5042 3130 5098 sed
3167 5041 3293 5097 belli
3336 5038 3720 5101 offensionem,

2140 5149 2491 5203 occasionem
2524 5144 2625 5200 sibi
2652 5140 2717 5196 ad
2752 5154 2840 5195 res
2870 5137 3073 5193 melius
3106 5144 3162 5192 et
3208 5134 3427 5189 cautius
3453 5130 3721 5204 gerendas

2146 5240 2447 5309 accipiunt.

2219 5334 2307 5386 3'5.
2346 5328 2595 5385 Hostium
2619 5327 2805 5399 legati,
2834 5325 3091 5396 quamvis
3123 5321 3501 5394 magnitudine
3535 5319 3723 5388 copia-

2148 5442 2268 5482 rum
2336 5422 2630 5478 admodum
2688 5423 2896 5486 valeas,
2949 5420 3047 5474 abs
3103 5426 3155 5472 te
3206 5416 3430 5471 minime
3486 5412 3723 5465 violandi

2148 5526 2316 5573 sunt:
2354 5514 2545 5571 sociali
2579 5515 2725 5569 enim
2760 5512 2921 5567 modo
2945 5514 3144 5567 adsunt
3169 5510 3289 5573 tibi,
3321 5516 3373 5561 et
3413 5518 3726 5575 quanquam

2148 5611 2217 5665 ab
2240 5609 2491 5664 hostibus
2526 5607 2839 5671 mittuntur,
2873 5605 3085 5674 seipsos
3119 5610 3299 5656 tamen
3326 5595 3730 5669 quodammodo

2152 5704 2207 5758 in
2254 5718 2451 5757 manus
2484 5712 2606 5756 tuas
2639 5700 2885 5754 tradunt.
2930 5698 3194 5751 Sanctum
3236 5703 3289 5748 et
3323 5692 3535 5764 justum
3581 5688 3729 5758 quod

2151 5801 2256 5859 est,
2282 5808 2410 5862 erga
2448 5806 2642 5847 omnes
2677 5790 3009 5846 servandum
3032 5795 3138 5843 est.
3168 5786 3316 5840 Alias
3353 5784 3497 5838 enim
3532 5782 3598 5836 de
3630 5793 3727 5835 sua
