4120 6452
431 375 570 442 1023

1688 366 1884 428 LEON
1890 367 1962 426 IS
1996 367 2461 430 PHILOSOPHI

3550 368 3687 434 1024

427 492 602 545 salute
633 488 946 542 laborantes
979 481 1138 551 legati
1171 494 1452 551 nunquam
1476 480 1544 534 ad
1587 489 1637 534 te
1663 480 1918 544 venient,
1949 485 1993 532 et

2105 480 2214 550 γὰρ
2239 478 2400 532 τοῦτο
2424 478 2785 550 φυλάττηται,
2809 480 3167 544 ἀπιστοῦντες
3187 479 3240 535 oi
3273 481 3533 552 πρέσϐεις
3557 486 3690 540 ἐκά-

427 580 716 653 legationis
738 590 914 647 genus
937 572 1116 642 ipsum
1141 573 1283 643 apud
1313 587 1506 627 omnes
1537 572 1790 626 nationes
1816 569 2002 625 minus

429 676 686 730 usitatum
705 674 828 726 erit.

494 852 586 905 54.
629 847 860 916 Quando
912 845 1130 917 magnis
1159 859 1288 901 cum
1331 841 1511 911 copiis
1564 840 1843 896 civitatem
1908 847 2000 894 aut

423 942 708 998 castellum
747 939 993 1002 obsides,
1026 946 1209 994 castra
1245 942 1338 990 tua
1382 932 1530 988 haud
1565 933 1778 988 munita
1815 940 2002 986 custo-

421 1037 529 1090 diis
561 1034 872 1103 relinquere
906 1047 1018 1086 non
1070 1035 1310 1098 oportet,
1347 1040 1528 1096 neque
1567 1024 1686 1079 solo
1723 1022 1870 1076 vallo
1904 1029 2000 1076 aut

421 1124 588 1180 fossis
647 1129 964 1176 contentum
1014 1134 1159 1184 esse,
1215 1117 1311 1172 scd
1363 1122 1420 1170 et
1473 1113 1740 1169 excubias
1791 1111 1998 1171 habeas

421 1223 745 1280 accuratas,
779 1222 834 1267 et
887 1211 1168 1267 exercitus
1207 1219 1338 1264 tuus
1396 1206 1462 1261 ad
1516 1214 1704 1276 portas
1754 1204 1997 1258 civitatis

421 1312 633 1373 sedeat,
676 1314 900 1376 pr0pter
937 1285 1300 1359 excursiones
1330 1314 1453 1368 qua:
1486 1296 1724 1368 epov-tis
1759 1294 1918 1359 ﬁunt,
1945 1305 1999 1350 et

420 1408 645 1470 propter
671 1395 1009 1465 irruptiones
1033 1407 1156 1463 qua:
1196 1391 1264 1445 ab
1298 1388 1544 1445 externis
1587 1386 1727 1440 locis
1758 1398 1826 1440 eo
1860 1397 1996 1444 con-

420 1488 619 1541 fluunt.

490 1578 580 1631 55.
612 1574 929 1630 Proditores
977 1571 1198 1642 quidam
1231 1583 1477 1641 persaepe
1509 1567 1564 1620 in
1610 1563 1855 1620 exercitu
1899 1571 1996 1618 tuo

414 1684 539 1724 esse
584 1669 868 1721 timentur.
916 1663 986 1717 Ut
1020 1664 1190 1733 igitur
1219 1661 1390 1716 exiis
1435 1659 1727 1713 utilitatem
1779 1655 1991 1724 capias,

412 1757 859 1827 percommodum
885 1754 1050 1809 fuerit
1077 1753 1358 1810 contraria
1385 1765 1576 1806 eorum
1601 1763 1722 1818 quae
1746 1746 1992 1800 facturus

413 1823 476 1905 es
511 1849 620 1903 illis
673 1862 926 1913 narrare,
965 1854 1025 1900 ut
1078 1844 1184 1900 hoc
1232 1842 1394 1899 modo
1440 1839 1688 1910 deceptis
1718 1837 1991 1902 hostibus,
2027 1823 2066 1878 Β

415 1941 634 1995 facilius
660 1946 714 1993 ct
750 1937 945 1990 melius
969 1934 1209 1990 consilia
1242 1945 1332 1988 tua
1358 1929 1683 2002 procedant.

484 2115 574 2168 '56.
633 2113 765 2168 Sine
813 2112 1018 2182 ingenti
1056 2111 1429 2166 utilitateaut
1469 2105 1807 2162 necessitate
1849 2105 1994 2174 peri-

413 2208 600 2262 culum
651 2204 1069 2277 ingrediendum
1111 2218 1222 2256 non
1256 2209 1362 2257 est.
1395 2199 1500 2266 Qui
1530 2199 1674 2254 enim
1700 2198 1832 2252 talia
1871 2212 1998 2252 sus-

412 2300 628 2369 cipiunt
662 2296 927 2366 pericula,
959 2294 1171 2350 similes
1221 2291 1539 2346 hominibus
1572 2299 1701 2348 sunt
1747 2290 1840 2360 qui
1874 2287 1994 2347 auri

419 2392 728 2460 impostura
782 2387 1126 2451 inescantur,
1177 2393 1231 2438 et
1273 2389 1497 2453 prepter
1554 2381 1760 2437 coloris
1815 2380 1995 2434 solum

414 2481 740 2537 suavitatem
779 2493 974 2532 aurum
1017 2477 1122 2531 hoc
1165 2475 1449 2545 possidere
1514 2473 1863 2532 vehementer
1902 2485 1998 2524 cu-

413 2571 594 2640 piunt.

485 2664 579 2717 '57.
630 2661 879 2733 Vigilans
917 2668 971 2716 et
1018 2659 1239 2715 sobrius
1295 2659 1349 2712 in
1403 2654 1661 2711 onmibus
1691 2652 1860 2709 rebus
1900 2666 1995 2722 ge-

412 2753 623 2818 rendis,
658 2762 712 2807 et
767 2751 1036 2806 adversus
1085 2764 1277 2803 omnes
1321 2747 1568 2802 hostium
1610 2742 1995 2816 aggressioncs

412 2849 511 2912 sis,
549 2854 610 2900 ut
650 2859 831 2916 neque
864 2841 1302 2898 intermissionis
1336 2839 1464 2894 belli
1489 2848 1706 2907 tempus
1726 2835 1995 2890 socordia:

410 2948 630 3007 tempus
669 2944 848 3006 putes,
897 2948 1076 3002 neque
1111 2940 1238 2986 ante
1289 2929 1442 3000 pacis
1476 2926 1733 2998 perfectae
1779 2933 1995 2995 tempus

411 3032 578 3085 ullam
607 3043 721 3083 rem
746 3027 842 3081 tibi
880 3024 1261 3095 negligendam
1296 3021 1606 3085 arbitreris,
1628 3019 1724 3076 sed
1754 3019 1992 3072 hostium

411 3121 642 3176 insidias
692 3118 886 3173 sedulo
927 3115 1151 3178 vitabis,
1200 3123 1254 3169 et
1289 3112 1591 3184 prudenter
1621 3111 1837 3165 illorum
1866 3123 1992 3179 per-

410 3211 597 3266 fidiam
627 3209 806 3279 qualis
839 3209 911 3262 sit
946 3204 1218 3275 cogltabis
1248 3221 1261 3256 :
1301 3205 1391 3258 ubi
1422 3204 1568 3258 enim
1597 3203 1796 3256 malum
1831 3214 1992 3257 accc-

411 3303 593 3374 peris,
649 3302 764 3356 haec
814 3313 942 3355 sera
989 3298 1318 3369 pmnitentia
1373 3295 1582 3350 nullum
1642 3299 1988 3350 momentum

412 3396 608 3450 aﬂ‘erre
636 3401 834 3464 potest.

479 3491 569 3544 58.
606 3487 708 3554 Qui
769 3484 836 3539 ad
881 3495 932 3540 te
967 3484 1037 3539 ab
1073 3483 1326 3539 hostibus
1373 3483 1774 3552 profugerunt,
1828 3477 1990 3534 facile

409 3583 507 3638 tibi
541 3580 779 3636 hostium
803 3576 1037 3638 consilia
1069 3577 1323 3632 nuntiare
1354 3580 1624 3645 possunt:
1660 3571 1756 3627 sed
1778 3570 1992 3626 certius

409 3685 736 3740 cognosces,
789 3667 832 3722 si
879 3667 972 3734 qui
1032 3666 1086 3720 in
1136 3665 1554 3720 incursionibus
1603 3661 1700 3716 abs
1739 3667 1792 3716 te
1840 3659 1987 3730 capti

407 3767 560 3825 sunt,
601 3757 669 3810 ad
707 3766 758 3811 te
807 3755 874 3809 de
909 3754 1166 3809 hostibus
1211 3753 1420 3823 aliquid
1463 3749 1725 3805 referant.
1751 3748 1908 3823 Quod
1938 3749 1988 3805 si

411 3866 534 3921 qua:
569 3864 599 3903 a
631 3847 936 3918 transfugis
963 3855 1017 3900 et
1047 3845 1282 3918 captivis
1330 3844 1593 3898 dicuntur
1623 3841 1984 3905 conveniant,

397 3945 697 4004 veritatem
761 3939 938 4010 magis
995 3954 1186 3993 eorum
1238 3952 1360 4008 quae
1406 3944 1728 4005 quaeruntur
1787 3932 1988 3994 intelli-

409 4050 526 4106 ges.

483 4213 572 4266 39.
617 4212 779 4267 Nullo
825 4211 988 4266 modo
1012 4207 1232 4263 nullavc
1267 4207 1334 4262 de
1382 4221 1551 4262 causa
1593 4207 1984 4279 jusjurandum

412 4306 667 4360 hostibus
710 4305 986 4359 firmatum
1033 4302 1240 4357 violes:
1281 4316 1540 4370 magnum
1593 4302 1739 4356 enim
1782 4301 1987 4354 malum

413 4397 641 4467 pcrjurii
698 4397 907 4450 crimen
949 4401 1054 4449 est.
1097 4391 1154 4446 In
1187 4394 1390 4462 quibus
1429 4393 1574 4447 enim
1625 4393 1790 4446 rebus
1845 4389 1988 4447 Deus

2107 586 2234 622 στου
2275 569 2461 634 ἔθνους
2483 571 2582 642 τὴν
2614 572 2822 626 ἑαυτῶν
2841 573 3117 644 σωτηρίαν
3131 574 3386 628 οὐδέποτε
3411 577 3691 646 πρεσϐεύ-

2107 679 2292 716 σουσιν
2311 663 2555 734 (20),·γαὶ
2577 665 2790 718 πολλῶν
2813 665 2921 719 τῶν
2941 668 3003 718 ὲκ
3025 667 3123 737 τῆς
3154 668 3452 737 πρεσϐείας
3467 669 3692 738 ἀγαθῶν

2103 758 2215 818 τοῖς
2256 756 2432 810 ἔθνεσι
2479 758 2782 828 γινομένων
2804 759 3056 823 ἑκάστοις
3081 759 3451 832 ὰποστέρησις
3483 761 3690 818 ἔσεται,

2142 845 2266 900 ’λδ’.
2309 847 2480 901 Ὅταν
2545 849 2714 920 πολλῇ
2771 851 3001 921 δυνάμει
3047 852 3202 906 πόλιν
3236 853 3269 923 ἦ
3314 853 3572 924 φρούριον
3596 874 3687 910 πο-

2101 937 2346 1010 λιορκῇς,
2395 941 2458 992 οὐ
2508 941 2590 993 δεῖ
2615 958 2674 994 σε
2700 945 2874 996 ποιεῖν
2916 943 3228 1012 ἀφύλακτον
3253 943 3352 1015 τὴν
3385 948 3693 1017 στρατοπέ-

2100 1026 2268 1092 δειαν,
2297 1029 2416 1082 οὐδὲ
2450 1031 2596 1100 μόνῳ
2640 1031 2718 1102 τῷ
2762 1033 2967 1103 χάρακι
3000 1034 3033 1104 ἢ
3082 1035 3204 1097 ταῖς
3237 1034 3468 1110 φόσσαις
3495 1038 3692 1111 ἀρκεῖ-

2103 1120 2229 1175 σθαι
2252 1123 2331 1184 είς
2362 1123 2688 1192 ἀσφάλειαν,
2723 1124 2862 1178 ἀλλὰ
2889 1126 2981 1179 καὶ
3001 1125 3193 1195 βίγλας
3217 1126 3362 1196 ἔχειν
3398 1128 3691 1196 ἀσφαλεῖς,

2099 1212 2193 1265 καὶ
2218 1213 2368 1284 παρὰ
2397 1215 2496 1276 τὰς
2529 1214 2735 1285 πόρτας
2755 1216 3090 1290 τῆς-,πόλεως
3115 1217 3449 1285 ἐγκαθίζειν,
3477 1220 3564 1272 διὰ
3589 1220 3692 1284 τὰς

2097 1303 2192 1357 ἀπ’
2209 1303 2452 1374 αὐτῆςέκ
2471 1306 2578 1358 τῶν
2595 1306 2809 1376 πορτῶν
2830 1306 3196 1376 καταδρομὰς,
3223 1309 3454 1378 μάλιστα
3464 1308 3518 1362 δὲ
3545 1310 3692 1364 κατὰ

2098 1396 2193 1459 τὰς
2243 1397 2353 1449 ἀπὸ
2413 1395 2524 1450 τῶν
2555 1397 2757 1462 ἔξωθέν
2779 1399 2943 1454 ποθεν
2972 1400 3333 1471 ὁφορωμένας
3355 1402 3686 1472 προσϐολάς.

2163 1574 2256 1628 λε’.
2304 1576 2730 1632 ’Υποπτεύονταί
2772 1596 2918 1643 τινες
2975 1579 3231 1650 προδόται
3291 1581 3385 1633 καὶ
3413 1582 3563 1651 παρὰ
3595 1579 3687 1636 ’σοὶ

2097 1666 2358 1730 πολλάκις
2376 1668 2678 1732 ὅντες.⁶’1να
2700 1670 2758 1724 δὲ
2781 1671 2874 1722 καὶ
2900 1672 2964 1746 ἐκ
2994 1671 3101 1724 τῶν
3123 1671 3384 1725 τοιούτων
3416 1673 3686 1741 ὠφέλειαν

2097 1755 2308 1826 σεαυτῷ
2357 1761 2717 1832 περιποιήσῃ,
2783 1760 2852 1814 τὰ
2907 1761 3127 1814 ἐναντία
3165 1754 3239 1814 ὧν
3289 1761 3519 1834 βουλεύῃ
3555 1763 3683 1833 λέγε

2097 1847 2235 1918 πρὸς
2283 1849 2502 1915 αὐτοὺς,
2555 1850 2697 1904 ὥστε
2753 1852 2821 1905 δι’
2864 1853 3045 1906 αὐτῶν
3095 1854 3538 1924 ἐξαπατωμένων
3574 1857 3684 1910 τῶν

2099 1938 2375 2008 πολεμίων
2404 1939 2794 2013 εὐχερέστερον
2823 1943 3215 2012 κατορθοῦνται
3254 1945 3323 1997 τὰ
3359 1946 3427 1999 σὰ
3462 1947 3685 2022 βουλεύ-

2101 2045 2271 2099 ματα.

2168 2117 2276 2182 λς’.
2316 2120 2479 2173 ’Ἄνευ
2509 2121 2774 2190 ὠφελείας
2807 2123 2837 2195 ἢ
2868 2125 3116 2196 ἀνάγκης
3137 2126 3232 2180 ἐπί
3261 2144 3366 2182 τινι
3395 2130 3685 2200 πράγματι

2097 2211 2159 2266 οὐ
2190 2210 2310 2264 δέον
2349 2215 2855 2284 παρακινδυνεύειν.
2902 2220 2964 2270 υἱ
3019 2221 3127 2291 γάρ
3175 2221 3438 2284 τοιούτοις
3473 2225 3683 2294 ὲπιχει·

2099 2303 2326 2372 ροῦντες
2353 2306 2622 2370 κινδύνοις
2667 2309 2820 2362 οὐδὲν
2867 2309 3221 2380 διαφέρουσιν
3246 2313 3550 2386 ἀνθρώπων
3573 2318 3684 2370 τῶν

2097 2396 2281 2467 ἀπάτῃ
2305 2397 2510 2467 χρυσοῦ
2528 2398 2954 2468 δελεαζομένων,
2988 2403 3082 2455 καὶ
3097 2403 3186 2455 διὰ
3206 2403 3268 2456 τὸ
3293 2404 3392 2475 τὴν
3424 2405 3682 2476 εὔχροιαν

2100 2484 2263 2552 μόνον
2289 2488 2420 2557 ὁρᾷν
2462 2489 2561 2556 τὴν
2615 2489 2809 2560 κτῆσιν
2846 2490 3011 2544 αὑτοῦ
3055 2491 3201 2562 ἔχειν
3239 2494 3678 2570 ἀγωνιζομένων.

2168 2661 2266 2727 λζ’.
2312 2663 2467 2718 Γίνου
2499 2667 2728 2719 πάντοτε
2752 2668 2937 2737 νήφων
2955 2670 3047 2722 καὶ
3066 2670 3388 2743 ἐγρηγορὼς
3419 2673 3561 2744 πρὸς
3585 2675 3683 2739 τὰς

2097 2754 2203 2806 τῶν
2263 2755 2542 2826 πολεμίων
2579 2759 3094 2836 ἀντικαταστάσεις,
3125 2762 3266 2816 ὥστε
3300 2763 3435 2834 μηδὲ
3467 2766 3559 2819 τὸν
3582 2765 3687 2836 τῆς

2097 2844 2296 2914 ἀνοχῆς
2327 2845 2422 2898 τοῦ
2456 2849 2693 2918 πολέμου
2727 2852 2916 2922 καιρὸν
2947 2853 3223 2907 ποιεῖσθαι
3259 2855 3521 2926 ἀμελείας
3553 2875 3682 2911 και-

2098 2932 2213 3002 ρδν,
2245 2934 2380 3004 μηδὲ
2413 2937 2520 3007 πρὸ
2570 2939 2764 3006 καιροῦ
2823 2942 3050 3012 είρήνης
3109 2941 3334 3012 βεϐαίας
3382 2946 3686 3016 γενομένης

2097 3029 2514 3100 καταμελήσῃς·
2563 3031 2698 3086 ἀλλὰ
2751 3034 2985 3087 πάντοτε
3030 3035 3131 3098 τὰς
3172 3036 3282 3090 τῶν
3312 3036 3524 3110 ἐχθρῶν
3558 3041 3682 3093 ὲπι-

2097 3119 2294 3183 ϐουλὰς
2337 3123 2629 3189 φυλάττου,
2679 3125 2776 3176 καὶ
2825 3125 3086 3194 ἀσφαλῶς
3117 3129 3458 3184 κατανόειτὸ
3477 3133 3684 3186 τούτων

2093 3211 2322 3266 ἄπιστον
2344 3229 2358 3242 ·
2398 3214 2537 3283 μετὰ
2555 3214 2665 3286 γὰρ
2693 3216 2756 3269 τὸ
2782 3216 2976 3271 παθεῖν
3001 3219 3033 3288 ἡ
3060 3221 3394 3290 μεταμέλεια
3423 3223 3682 3294 οὐδεμίαν

2093 3302 2264 3364 τίκτει
2293 3303 2579 3373 ὠφέλειαν.

2161 3463 2262 3557 λη’.
2317 3489 2513 3544 Ἱκανοὶ
2545 3490 2646 3556 μὲν
2701 3493 2831 3553 ἴσως
2881 3495 2974 3549 καὶ
3020 3496 3069 3549 oi
3113 3498 3547 3568 προσφεύγοντες
3575 3500 3684 3552 ἀπὸ

2090 3577 2198 3631 τῶν
2249 3577 2522 3648 πολεμίων
2583 3576 2883 3653 παρασχεῖν
2913 3602 2995 3638 σοι
3037 3586 3221 3640 πίστιν
3255 3589 3383 3658 περὶ
3402 3589 3511 3640 τῶν
3543 3591 3682 3658 ἐρωε-

2066 3662 2350 3740 ’τωμένων
2377 3671 2583 3736 αὐτοῖς.
2632 3673 2792 3728 Ἀλλὰ
2843 3677 3046 3745 μᾶλλον
3093 3678 3501 3747 ἀσφαλέστερον
3549 3681 3676 3733 ἀναο

2095 3764 2286 3834 μάθοις
2305 3766 2374 3819 τὰ
2403 3767 2554 3837 παρὰ
2584 3765 2693 3818 τῶν
2721 3765 2780 3830 ἐξ
2815 3767 3112 3838 ἐπιδρομῆς
3144 3767 3353 3838 ἀθρόως
3379 3772 3681 3839 κρατουμέ-

2059 3867 2062 3870 ’
2090 3873 2197 3910 νων
2227 3857 2501 3927 λεγόμενα
2532 3875 2546 3888 ο
2580 3859 2675 3911 καὶ
2735 3857 2841 3929 γὰρ
2873 3859 3002 3911 ὅταν
3039 3859 3323 3930 ἀμφότερα
3351 3861 3422 3913 τά
3437 3877 3495 3913 τε
3529 3863 3681 3930 παρὰ

2090 3943 2197 3996 τῶν
2230 3946 2568 4014 αὐτομόλων,
2605 3947 2700 4000 καὶ
2725 3947 2795 4000 τὰ
2823 3948 2976 4018 παρὰ
2997 3947 3108 4001 τῶν
3131 3949 3497 4019 αἰχμαλώτων
3526 3951 3680 4019 λεγό-

2095 4052 2233 4105 μενα
2287 4037 2582 4106 συμϐαλὼν
2634 4039 2945 4110 διακρίνῃς,
2976 4041 3100 4094 τότε
3143 4041 3206 4094 τὸ
3248 4043 3447 4113 ἀληθὲς
3476 4043 3680 4113 μᾶλλον

2090 4128 2276 4199 γνώσῃ
2310 4130 2438 4198 περὶ
2470 4123 2544 4182 ὧν
2576 4131 2878 4202 ἐπιζητεῖς.

2161 4221 2259 4274 λθθ.
2292 4221 2480 4274 Ούδενὶ
2533 4221 2741 4293 τρόπῳ,
2777 4223 2899 4276 οὐδὲ
2947 4223 3238 4294 οίᾳδήποτε
3273 4226 3548 4296 προφάσει
3585 4228 3680 4281 τὸν

2092 4313 2228 4383 πρὸς
2255 4314 2382 4376 τοὺς
2413 4314 2709 4384 πολεμίους
2756 4316 2921 4387 ὅρκον
2966 4316 3263 4390 παραϐήσῃ
3303 4319 3434 4371 ποτέ
3461 4335 3474 4350 ·
3535 4321 3678 4390 μέγα

2092 4403 2202 4476 γὰρ
2235 4404 2400 4462 κακὸν
2461 4406 2749 4475 ἐπιορκίας
2805 4406 3082 4490 ἔγκλημα.
3125 4407 3214 4460 Ἑν
3267 4404 3350 4473 οἷς
3391 4410 3500 4482 γὰρ
3543 4411 3678 4474 Θεὸς

412 4489 721 4553 intercedit,
748 4487 903 4542 firma
936 4500 1166 4541 necesse
1200 4493 1286 4539 est
1314 4492 1473 4554 pacta
1496 4499 1641 4538 esse.
1682 4483 1986 4553 Ignominia

2095 4495 2392 4564 μεσιτεύει,
2435 4496 2628 4565 βέϐαια
2663 4497 2776 4568 (21)
2828 4498 2931 4569 χρὴ
2966 4483 3150 4568 μένειν
3181 4499 3252 4552 τὰ
3292 4503 3676 4573 συντιθέμενα.

407 4583 554 4637 enim
606 4595 805 4651 magna
835 4586 921 4633 est
964 4576 1233 4632 Romanis
1271 4592 1337 4636 ac
1383 4575 1740 4641 Christianis,
1773 4574 1820 4646 si
1859 4589 1985 4627 cum

409 4674 635 4743 reliqum
687 4673 938 4726 nationes
996 4668 1390 4739 jusjurandum
1448 4667 1718 4736 fidemque
1761 4680 1988 4722 conscr-

406 4773 556 4831 vent,
589 4766 623 4818 ii
667 4764 861 4835 perfidi
893 4762 1005 4819 Dco
1030 4762 1408 4836 intercedente
1444 4776 1508 4815 ac
1537 4760 1842 4816 mediatore
1889 4757 1986 4813 de-

406 4857 844 4925 prehendantur.

475 4949 566 5004 40.
619 4947 773 5002 Vallo
809 4955 904 5000 aut
963 4946 1171 5002 fossato
1210 4945 1636 5014 circumseptus,
1686 4942 1982 5013 siquando

405 5053 494 5093 res
527 5038 732 5108 exigat,
763 5053 831 5090 ne
875 5037 926 5088 iu
966 5037 1079 5091 sola
1115 5035 1423 5089 munitione
1473 5049 1625 5105 spem
1661 5033 1859 5089 salutis
1892 5049 1982 5088 re-

405 5145 598 5201 ponas,
633 5131 792 5199 quasi
845 5127 911 5181 ad
955 5136 1005 5182 te
1037 5126 1443 5184 defendendum
1496 5127 1713 5192 idonea,
1757 5126 1854 5182 sed
1895 5141 1983 5181 se-

403 5223 647 5276 cundum
681 5221 850 5273 Deum
884 5220 1054 5272 armis
1093 5220 1203 5271 tuis
1235 5219 1482 5273 confidas
1514 5234 1527 5269 :
1575 5233 1754 5287 neque
1788 5233 1983 5289 quam-

400 5316 483 5369 vis
541 5314 822 5368 tutissimo
873 5312 928 5365 in
987 5312 1108 5364 loco
1159 5311 1345 5374 fueris,
1406 5319 1605 5366 caetera
1652 5325 1804 5366 arma
1849 5326 1983 5367 con-

401 5413 643 5470 tmnnas,
693 5405 739 5459 si
808 5419 933 5458 vere
980 5403 1262 5457 Romanus
1307 5405 1409 5458 sis.
1469 5402 1650 5460 Prima
1685 5405 1870 5474 enim,
1924 5415 1981 5460 et

2091 4584 2332 4655 Δίσχύνη
2361 4585 2471 4657 γὰρ
2520 4585 2814 4656 Ῥωμαίοις
2870 4589 2966 4640 καὶ
3021 4589 3259 4659 μάλιστα
3303 4592 3674 4662 Χριστιανοῖς,

2089 4676 2197 4729 τῶν
2250 4676 2425 4730 ἄλλων
2479 4676 2651 4730 ἐθνῶν
2710 4677 2809 4742 τὰς
2854 4679 3059 4742 οἰκείας
3088 4680 3302 4744 πίστεις
3341 4684 3671 4756 τηρούντων,

2088 4770 2312 4831 τούτους
2345 4769 2608 4832 ἀπίστους
2657 4771 2785 4841 περὶ
2845 4771 2913 4824 τά
2954 4773 3391 4843 συμφωνούμενα
3421 4779 3527 4831 ὑπὸ
3554 4778 3675 4849 Θεῷ

2094 4860 2288 4932 μεσίτῃ
2314 4860 2654 4930 ἐλέγχεσθαι.
2723 4911 2726 4914 λ
3645 4855 3649 4858 ’

2164 4957 2237 5020 μ’.
2283 4951 2418 5004 Ὑπὸ
2449 4951 2689 5023 χάρακός
2723 4969 2855 5015 ποτε
2894 4953 2927 5024 ἦ
2958 4956 3230 5024 φοσσάτου
3271 4959 3674 5030 περιφρουρούι-

2095 5060 2274 5113 μενος,
2301 5044 2390 5097 ὅτε
2415 5045 2632 5098 καλέσει
2663 5045 2875 5116 καιρὸς,
2908 5047 2982 5117 μὴ
3013 5048 3091 5118 τῷ
3106 5050 3330 5119 τοιούτῳ
3357 5051 3519 5118 μόνον
3544 5051 3674 5120 ὀχυ-

2095 5137 2308 5209 ρώματι
2338 5139 2438 5202 τὰς
2469 5138 2690 5203 ἐλπίδας
2715 5139 2814 5210 τῆς
2852 5141 3127 5212 σωτηρίας
3181 5144 3569 5209 καταπίπτευε,
3599 5145 3675 5208 ὡς

2091 5228 2296 5300 ἑτοίμῳ
2325 5229 2440 5283 am
2498 5231 2637 5302 πρὸς
2690 5232 3032 5304 παράληψιν,
3081 5234 3218 5287 ἀλλὰ
3252 5236 3390 5306 μετὰ
3426 5237 3558 5289 Θεὸν
3579 5239 3673 5290 καὶ

2089 5319 2148 5372 ὲν
2182 5322 2293 5383 τοῖς
2313 5320 2500 5384 ὅπλοις
2551 5321 2682 5392 ἔχῃς
2725 5323 2824 5394 τὴν
2848 5324 3191 5395 πεποίθησιν,
3239 5326 3332 5378 καὶ
3369 5327 3442 5397 μὴ
3470 5329 3673 5384 τούτων

2087 5411 2281 5481 ἀμέλει
2312 5412 2399 5466 διὰ
2418 5413 2516 5484 τὴν
2550 5413 2718 5484 ἄλλην
2745 5415 3013 5486 φρουρὰν,
3039 5417 3152 5485 εἴγε
3196 5416 3462 5487 Ῥωμαῖος
3490 5419 3672 5489 ὑπάρ·

398 5509 646 5555 extrema
697 5513 826 5552 vero
869 5496 1027 5550 militi
1073 5497 1225 5551 salus
1272 5497 1378 5550 erit
1431 5510 1709 5551 armorum
1748 5514 1976 5553 suorum

2095 5519 2206 5572 χεις
2237 5504 2464 5576 ἀληθής.
2489 5505 2684 5578 Πρώτη
2717 5508 2824 5578 γὰρ
2868 5507 3116 5579 σωτηρία
3158 5509 3250 5562 καὶ
3280 5508 3566 5564 τελευταία
3594 5510 3673 5580 τῷ

1917 5615 2149 5672 NOT/E.
2683 5633 2686 5636 ‘

617 5707 1127 5782 Izgso6sdqovo'm.
1163 5707 1540 5782 Scribebatnr,
1575 5712 1998 5782 πρεσϐεύουσιν.

478 5772 588 5837 (τι)
627 5773 862 5827 Βὲϐιιιίι.
900 5776 1477 5849 Scribebatur,§i61t.
