4120 6508
356 529 499 594 1025

1393 532 1730 593 TACTICA.
1755 557 1825 567 -
1863 532 2367 595 CONSTITUTIO
2395 537 2523 598 XX.

3484 543 3619 608 1026

334 642 576 715 ἀληθινῷ
631 642 941 713 στρατιώτῃ
991 644 1023 712 ὴ
1072 643 1179 695 τῶν
1231 643 1411 699 ὅπλων
1454 646 1601 698 ἐστὶν
1637 646 1928 715 ἐπιμέλεια

2048 660 2185 713 tura,
2218 657 2272 704 et
2303 651 2647 705 conservatio
2677 669 2688 703 :
2741 652 2949 721 reliqua
2985 655 3170 708 omnia
3212 668 3323 723 prae
3355 656 3459 711 hoc
3497 660 3616 729 ple-

336 736 434 790 καὶ
484 732 882 803 μεταχείρισις,
910 733 979 786 τὰ
1019 731 1076 785 δὲ
1111 733 1245 787 ἄλλα
1275 736 1369 788 καὶ
1412 737 1525 799 τοῖς
1558 735 1797 805 χυδαίοις
1818 736 1925 790 τῶν

334 826 509 896 ὄχλων
533 825 832 878 ἐπινοεῖται
885 822 1165 885 πολλάκις.
1205 827 1317 879 Kal
1355 827 1465 898 γὰρ
1496 828 1591 881 καὶ
1618 830 1729 891 τοῖς
1757 828 1923 883 πάλαι

346 914 640 985 Ῥωμαίοις
673 917 793 968 κατ’
823 914 999 985 ἀρχὰς
1028 916 1147 970 ἀντὶ
1170 919 1367 987 τειχῶν
1396 921 1459 989 τῇ
1506 918 1694 991 Ῥώμῃ
1725 920 1929 989 φόσσαν

338 1009 432 1062 καὶ
453 1007 523 1061 τά
549 1007 689 1061 ὅπλα
718 1008 1086 1079 χρηματίζειν
1140 1009 1381 1078 λέγεται.
1425 1012 1536 1065 Kal
1578 1012 1926 1083 Λακεδαιμο-

335 1102 465 1154 νίων
497 1101 627 1154 ποτέ
659 1099 996 1172 στρατιώτης
1050 1102 1427 1173 ἐρωτώμενος,
1476 1102 1585 1156 Ποῦ
1611 1104 1660 1156 oi
1691 1105 1789 1173 τῆς
1816 1106 1922 1175 γῆς

338 1191 367 1243 ὑ
376 1192 493 1261 μῶν
526 1192 662 1261 ὅροι,
691 1190 909 1259 λέγεται
931 1191 1128 1257 εἰπεῖν,
1153 1187 1304 1257 Ὧδε,
1336 1192 1515 1257 δείξας
1538 1192 1600 1245 τὸ
1620 1194 1675 1245 ἐν
1692 1196 1757 1263 τῇ
1780 1194 1926 1264 χειρὶ

339 1282 704 1353 κατεχόμενον
730 1282 884 1355 δόρυ.

412 1374 525 1446 μα’.
555 1377 944 1446 Παρακελεύου
967 1377 1149 1432 τοίνυν
1187 1381 1300 1442 τοῖς
1337 1379 1725 1450 στρατιώταις,
1758 1378 1932 1441 οὕτως

338 1462 476 1519 εἶναι
507 1466 1058 1539 παρεσκευασμένους
1081 1468 1168 1521 ἀεὶ
1209 1467 1321 1537 (22)
1348 1466 1422 1531 ὡς
1455 1468 1547 1522 καὶ
1570 1469 1628 1521 ἐν
1662 1469 1823 1539 ἐορτῇ
1843 1468 1935 1520 καὶ

340 1560 399 1611 ἐν
425 1558 639 1629 ὄμϐρῳ,
677 1558 770 1611 καὶ
801 1559 859 1611 ὲν
907 1559 1085 1623 νυκτὶ,
1117 1560 1212 1613 καὶ
1247 1560 1305 1615 ἐν
1344 1559 1552 1632 ἡμέρᾳ,
1593 1561 1688 1614 καὶ
1734 1561 1863 1615 ὅταν
1893 1560 1927 1630 ἡ

339 1650 499 1720 χρεία
527 1650 755 1719 καλέσῃ,
794 1649 1009 1719 μέλλειν
1038 1651 1203 1704 αὑτὸν
1236 1651 1442 1715 ἐξιέναι
1472 1651 1616 1705 κατά
1641 1652 1751 1705 τῶν
1777 1651 1935 1705 πολε-

346 1742 486 1811 μίων
508 1760 522 1773 ο
554 1742 642 1795 διὰ
669 1742 829 1795 τοῦτο
882 1743 991 1813 γὰρ
1044 1743 1137 1797 ἐπὶ
1190 1744 1281 1797 τὸν
1325 1743 1568 1798 τοιοῦτον
1602 1745 1796 1815 καιρὸν
1823 1744 1932 1797 οὐδ’

342 1834 561 1905 ἡμέραν
590 1835 786 1897 αὐτοὺς
813 1834 895 1887 δεῖ
913 1834 1202 1905 προλέγειν
1226 1836 1561 1907 ὡρισμένην,
1588 1836 1677 1890 διὰ
1700 1836 1762 1889 τὸ
1788 1835 1931 1889 ἐτοί-

347 1945 483 1997 μους
512 1928 707 1990 αὐτοὺς
736 1923 874 1979 εἶναι
900 1927 988 1979 διὰ
1024 1928 1244 1992 παντός.

2034 734 2156 789 heia
2206 744 2262 792 et
2296 736 2539 809 vulgaria
2570 740 2938 795 existimanda
2980 750 3132 798 sunt.
3161 745 3434 814 Antiquos
3467 748 3617 802 enim

2033 823 2317 885 Romanos
2347 846 2630 887 murorum
2664 834 2783 889 vice
2815 832 3114 899 fossam,et
3134 850 3286 890 arma
3317 852 3619 908 usurpasse

2034 920 2287 990 legimus.
2333 924 2401 978 Et
2450 923 2906 983 Lacedaemonius
2949 929 3107 985 miles
3144 930 3273 985 olim
3311 930 3617 1002 interroga-

2034 1022 2145 1079 tus,
2179 1016 2271 1070 ubi
2300 1017 2547 1081 _ditionis
2584 1034 2698 1075 suae
2746 1022 2968 1076 termini
3004 1031 3213 1088 essent,
3245 1024 3453 1081 dixisse
3501 1025 3615 1082 fer-

2034 1116 2141 1171 tur,
2174 1105 2293 1173 Hic,
2338 1108 2551 1165 hastam
2573 1111 2843 1167 vibratam
2868 1128 3034 1167 manu
3062 1115 3384 1172 ostendens.

2105 1374 2197 1428 41.
2239 1375 2635 1432 Adhortaheris
2686 1378 2890 1433 milites
2945 1392 3182 1446 semper,
3217 1387 3277 1432 ιιι
3325 1380 3402 1433 ita
3443 1381 3621 1449 parati

2036 1467 2184 1531 sint,
2215 1476 2275 1521 ut
2336 1468 2487 1523 omni
2541 1479 2823 1540 tempore,
2872 1483 3099 1536 sereno,
3155 1470 3368 1539 pluvio,
3420 1480 3621 1539 noctu,

2036 1558 2322 1623 interdiu,
2385 1560 2474 1615 ubi
2524 1576 2663 1616 usus
2727 1560 2872 1627 fert,
2934 1561 3228 1617 adversum
3294 1562 3480 1620 hostes
3539 1564 3673 1620 in-‘

2038 1658 2329 1706 struantur
2378 1669 2391 1705 :
2434 1653 2638 1708 talibus
2694 1654 2842 1708 enim
2904 1654 3251 1723 temporibus
3302 1670 3373 1709 ne
3430 1655 3623 1711 horam

2038 1742 2259 1811 quidem
2291 1742 2532 1813 aliquam
2573 1745 2934 1801 constitutam
2977 1745 3264 1816 assignare
3292 1756 3528 1817 oportet,
3564 1757 3625 1802 ut

2036 1832 2090 1885 in
2130 1842 2383 1904 promptu
2413 1836 2643 1890 omnino
2673 1837 2808 1892 sint.

417 2018 529 2091 μβ’.
555 2019 732 2090 Νίκης
771 2036 852 2072 σοι
881 2021 1036 2091 παρὰ
1065 1991 1212 2073 Θεόὗν
1234 2022 1292 2073 ἐν
1320 2020 1559 2092 δημοσίᾳ
1598 2022 1745 2092 μάχῃ
1794 2038 1935 2091 παρ-

2109 2010 2199 2063 42.
2243 2009 2487 2065 Victoria
2541 2012 2640 2067 tibi
2668 2011 2752 2082 {in
2804 2013 3028 2082 publico
3058 2013 3248 2085 praalio
3292 2030 3321 2069 a
3362 2013 3475 2070 Deo
3522 2015 3626 2071 ob-

342 2109 632 2179 εχονμένης,
660 2110 754 2163 ἐὰν
790 2111 968 2181 συμϐῇ
994 2111 1118 2173 τοὺς
1156 2110 1487 2175 ἀντιπάλους
1511 2112 1543 2181 ἢ
1587 2114 1645 2164 ἐν
1668 2112 1874 2182 χάρακι
1901 2112 1934 2182 ἢ

2048 2100 2207 2168 iecta,
2237 2103 2284 2157 si
2314 2100 2457 2157 forte
2490 2102 2703 2168 hostes,
2727 2105 2813 2160 vel
2849 2105 2916 2160 ad
2944 2106 3146 2161 vallum
3168 2106 3253 2161 vel
3283 2105 3352 2160 ad
3387 2107 3629 2178 aliquem

342 2202 592 2274 ἐνςέτέρῳ
616 2201 795 2274 ὀχυρῷ
819 2202 972 2273 τόπῳ
993 2204 1354 2272 καταφυγεῖν,
1390 2204 1464 2273 μὴ
1484 2201 1721 2274 ἐνδώσῃς
1756 2204 1939 2267 αὐτοῖς

342 2296 537 2365 καιρὸν
568 2295 828 2359 ἀνέσεως,
905 2294 1044 2347 ἀλλὰ
1101 2294 1195 2347 τοῦ
1224 2295 1393 2363 φόϐου
1434 2294 1718 2360 νεάζοντος
1752 2296 1938 2360 αὐτοῖς

341 2385 578 2455 ἐπέρχου
598 2386 690 2438 καὶ
713 2383 979 2448 ἐπιτίθου,
1006 2384 1093 2439 ἵνα
1115 2384 1188 2455 μὴ
1213 2387 1276 2454 τῇ
1295 2384 1498 2437 ἐνδόσει
1527 2386 1929 2456 ἀσφαλέστεροι

341 2479 643 2547 γενόμενοι
682 2477 1000 2549 θαῤῥήσωσι
1062 2476 1161 2547 τὴν
1213 2473 1385 2547 ἧτταν
1433 2476 1613 2530 αὐτῶν
1657 2477 1941 2547 ἀναμαχή-

346 2569 563 2622 σασθαι.

417 2658 527 2729 μγ’.
572 2658 698 2713 Ἐάν
744 2676 889 2722 τινες
952 2657 1130 2711 ἱκέται
1187 2658 1615 2727 προσφεύγωσιν
1672 2657 1781 2710 ἀπὸ
1829 2655 1941 2709 τῶν

343 2747 621 2819 πολεμίων
651 2748 789 2819 πρὸς
824 2748 906 2814 σὲ,
938 2747 1011 2818 μὴ
1034 2748 1109 2810 ὡς
1144 2746 1302 2817 ἔτυχέ
1329 2746 1554 2810 τούτους
1593 2746 1897 2817 προσδέχου
1926 2762 1939 2775 ·

344 2840 607 2904 πολλάκις
644 2841 751 2909 γὰρ
808 2840 913 2893 ὑπ’)
960 2839 1071 2891 τῶν
1102 2837 1313 2908 ἐχθρῶν
1353 2838 1667 2907 πέμπονται
1700 2836 1836 2906 δόλῳ
1863 2837 1940 2898 ὡς

345 2932 524 2985 ἱκέται
550 2932 641 2985 καί
670 2949 832 2985 τινων
852 2931 1124 3001 δεόμενοι,
1161 2928 1258 2983 καὶ
1289 2927 1463 2991 οὕτως
1491 2930 1602 2991 τοῖς
1625 2928 1941 2995 δεξαμένοις

345 3024 813 3079 ἐπιϐουλεύουσιν.

424 3118 528 3187 μδ⁰.
571 3118 851 3171 ’Υπονοείν
906 3117 990 3185 δεῖ
1044 3116 1138 3170 καὶ
1193 3114 1648 3186 παραφυλάττειν
1682 3108 1942 3180 ἀσφαλῶς

347 3211 477 3272 τοὺς
501 3208 945 3281 προσρυομένους
966 3209 1087 3269 ταῖς
1134 3203 1624 3276 πολιορκουμέναις
1665 3204 1698 3271 ἡ
1709 3200 1823 3271 μῶν
1849 3198 1945 3251 πό-

2038 2193 2313 2247 munitum
2368 2193 2549 2248 locum
2617 2194 2981 2264 confugiant,
3050 2196 3265 2251 nullum
3340 2197 3629 2253 relaxandi

2038 2292 2254 2354 tempus
2303 2282 2412 2338 illis
2455 2283 2678 2349 tribue,
2730 2285 2829 2341 sed
2877 2293 3094 2341 terrore
3142 2294 3366 2343 recente
3413 2289 3629 2359 impen-

2038 2376 2202 2431 dente
2248 2375 2373 2432 illos
2430 2375 2729 2441 adoriaris,
2779 2392 2849 2433 ne
2893 2379 3237 2435 relaxatione
3280 2380 3467 2450 aliqua
3515 2380 3628 2435 illis

2040 2482 2329 2534 concessa,
2372 2466 2645 2523 firmiores
2687 2479 2742 2524 et
2786 2471 3094 2538 paratiores
3143 2471 3279 2526 ﬁant
3326 2473 3394 2527 ad
3457 2472 3633 2528 victo-

2042 2559 2179 2611 riam
2221 2550 2487 2613 amissain
2518 2566 2788 2628 quantum
2824 2570 3064 2630 possunt
3098 2563 3557 2633 recuperandam.

2118 2651 2210 2704 45.
2250 2648 2307 2703 Si
2344 2650 2442 2720 qui
2491 2651 2637 2707 servi
2671 2651 2915 2707 hostium
2973 2652 3041 2706 ab
3089 2652 3200 2709 illis
3247 2653 3314 2709 ad
3350 2661 3404 2709 te
3438 2654 3635 2710 confu-

2044 2742 2251 2813 gerint,
2281 2757 2352 2798 ne
2380 2744 2612 2813 quosvis
2648 2744 2840 2799 statim
2880 2744 3114 2815 recipias
3147 2764 3161 2800 :
3196 2720 3339 2816 saepe
3381 2747 3528 2801 enim
3564 2749 3634 2802 ah

2043 2835 2299 2892 hostibus
2330 2836 2456 2891 dolo
2503 2838 2809 2892 mittuntur
2838 2838 3000 2907 quasi
3025 2839 3169 2894 servi
3205 2846 3260 2893 et
3304 2849 3631 2895 caeterarum

2043 2941 2227 2981 rerum
2258 2935 2507 2996 egentes,
2538 2936 2705 2998 atque
2746 2928 2883 2984 adeo
2928 2929 3061 2995 illis,
3105 2929 3199 2999 qui
3256 2944 3317 2985 se
3353 2931 3634 3001 recipiunt

2045 3017 2407 3072 insidiantur.

2115 3108 2205 3163 M.
2263 3108 2585 3164 Cavendum
2616 3110 2809 3167 scdulo
2863 3110 3385 3182 observandumque
3433 3122 3516 3170 est
3563 3115 3633 3169 ab

2047 3201 2137 3265 iis,
2192 3200 2289 3270 qui
2345 3199 2416 3256 ab
2465 3200 2719 3257 hostibus
2770 3201 2838 3256 ad
2894 3202 3154 3259 obsessas
3203 3203 3369 3258 urbes
3418 3214 3633 3260 vestras

347 3303 467 3356 λεσι
496 3303 648 3374 παρὰ
674 3303 782 3356 τῶν
834 3300 1066 3372 ἐχθρῶν,
1100 3300 1191 3353 διά
1235 3298 1297 3352 τὸ
1344 3298 1420 3368 μὴ
1458 3297 1588 3367 παρ’
1610 3293 1792 3349 αὐτῶν
1820 3309 1942 3385 τινα

2050 3288 2373 3343 dilabuntur
2404 3303 2420 3342 :
2458 3304 2602 3360 saepe
2648 3290 2795 3344 enim
2826 3289 3142 3359 huiusmodi
3166 3290 3427 3347 civitates
3453 3294 3634 3348 solem

351 3394 557 3466 βλάϐην
586 3394 884 3464 ὑποστῆναι
913 3409 927 3424 ο
957 3391 1221 3454 πολλάκις
1250 3390 1361 3461 γὰρ
1382 3387 1747 3459 ἐμπρησμοὺς
1766 3383 1946 3438 ποιοῦ-

351 3503 460 3552 σιν,
496 3487 589 3539 καὶ
621 3484 729 3539 τῶν
755 3483 959 3538 ἔσωθεν
1014 3482 1321 3551 ἀνθρώπων
1377 3480 1506 3549 περὶ
1559 3482 1686 3540 τοὺς
1724 3480 1944 3547 ἐμπρη-

353 3578 526 3646 σμοὺς
555 3576 991 3646 ἀσχολουμένων,
1027 3571 1229 3637 ἔξωθεν
1253 3574 1302 3625 οί
1338 3571 1592 3640 πολέμιοι
1621 3568 1941 3637 ἀδεέστερον

353 3667 712 3722 ἐπιτίθενται.

426 3755 530 3827 με’.
571 3758 769 3827 Μάχης
801 3755 1173 3827 προκειμένης
1202 3753 1301 3807 ἐὰν
1326 3754 1436 3824 ἄρα
1462 3752 1770 3826 δοκιμάζῃς
1802 3753 1946 3817 ἀξιό-

359 3865 532 3920 μαχος
552 3844 690 3900 εἶναι
716 3848 823 3900 τῶν
855 3846 1085 3917 ἐχθρῶν,
1107 3838 1152 3897 ὦ
1186 3844 1484 3913 πρατηγέ,
1527 3844 1586 3896 ἐν
1623 3845 1689 3913 τῇ
1723 3842 1983 3895 ἐκείνωνυ

358 3940 517 4011 χώρᾳ
544 3941 643 4009 τὴν
697 3940 877 4009 μάχην
922 3936 1296 4007 ἐπιτηδεύσεις
1330 3954 1341 3965 ·
1372 3934 1532 3989 τοῦτο
1576 3930 1691 4005 γὰρΔ
1744 3934 1945 4004 μᾶλλον

354 4032 609 4103 ἁρμόδιον
660 4032 806 4102 ἢπερ
857 4032 916 4083 ἐν
947 4028 1023 4099 τῇ⁵
1050 4028 1155 4099 ἰδίᾳ
1177 4044 1191 4057 ο
1236 4027 1345 4080 τῶν
1372 4025 1480 4097 γὰρ
1524 4028 1582 4079 ἐν
1612 4029 1679 4097 τῇ
1705 4026 1946 4097 πολεμίᾳ

358 4126 430 4195 γῇ
464 4123 789 4194 μαχομένων
818 4120 1002 4174 καὶτὰ
1057 4121 1381 4191 φρονήματα
1426 4116 1648 4188 μείζονα
1669 4116 1936 4185 γίνονται,

359 4217 453 4272 καὶ
482 4216 679 4284 ὁάγὼν
702 4217 802 4269 οὐκ
831 4214 948 4266 ἐστι
979 4212 1054 4276 ὡς
1079 4212 1221 4283 ὑπὲρ
1251 4211 1345 4264 τοῦ
1386 4210 1517 4264 ἰδίου
1550 4209 1737 4273 ἔθνους
1780 4209 1944 4281 μόνου

358 4310 648 4380 πρόκειται
682 4308 866 4370 αὐτοῖς
890 4309 918 4360 ὁ
943 4305 1038 4358 τοῦ
1082 4304 1325 4373 πολέμου
1348 4344 1364 4369 ν
1397 4302 1533 4357 ἀλλά
1563 4302 1660 4356 καὶ
1686 4302 1827 4372 ὑπὲρ
1851 4304 1949 4370 τῆς

358 4401 542 4456 αὐτῶν
572 4400 869 4472 σωτηρίας.
902 4399 1013 4452 Καὶ
1034 4397 1143 4467 γὰρ
1176 4397 1405 4461 οἴδασιν,
1436 4393 1511 4459 ὡς
1552 4393 1647 4447 ἐὰν
1681 4394 1755 4464 μὴ
1785 4394 1945 4463 στερυ

2051 3380 2351 3435 incendere
2387 3420 2403 3446 ,
2450 3390 2507 3435 et
2557 3380 2776 3436 civibus
2844 3381 2900 3435 in
2956 3381 3347 3453 restinguenda
3416 3382 3636 3438 flamma

2049 3472 2335 3542 occupatis
2368 3509 2384 3535 ,
2460 3472 2785 3528 obsessores
2854 3466 3136 3527 civitatem
3207 3473 3409 3530 melius
3478 3474 3635 3529 invao

2049 3564 2207 3618 dunt.

2121 3760 2214 3814 45.
2253 3759 2401 3815 Bello
2439 3759 2728 3829 proposito
2757 3760 2804 3815 si
2855 3759 3173 3829 speraveris
3203 3766 3259 3815 te
3296 3759 3536 3816 habilem
3569 3762 3638 3817 ad

2052 3851 2458 3923 oppugnandos
2492 3851 2683 3907 hostes
2705 3865 2851 3913 esse,
2890 3850 3111 3906 illorum
3142 3851 3198 3904 in
3243 3851 3470 3920 regione
3500 3864 3641 3919 prse-

2052 3946 2184 4001 |ium
2238 3945 2558 4001 committas
2602 3962 2615 3998 :
2668 3944 2774 3998 hoc
2808 3943 2953 3998 enim
3011 3944 3188 4013 magis
3220 3943 3473 3998 idoneum
3511 3944 3639 4008 erit,

2052 4053 2217 4109 quam
2255 4037 2303 4092 si
2344 4037 2400 4091 in
2460 4046 2554 4091 tua
2586 4036 2765 4105 ipsius
2808 4034 3030 4107 regione
3056 4048 3286 4105 pugnes,
3318 4042 3374 4089 et
3427 4035 3642 4088 animos

2054 4140 2277 4186 tuorum
2314 4131 2661 4185 strenuiores
2692 4128 2823 4183 facit
2858 4146 2873 4183 :
2910 4134 2965 4183 et
3001 4127 3071 4183 de
3121 4141 3222 4183 sua
3270 4125 3496 4181 natione
3524 4125 3645 4181 hel-

2054 4225 2168 4279 lum
2195 4236 2307 4279 non
2342 4225 2467 4289 erit,
2501 4222 2598 4279 sed
2622 4222 2691 4277 de
2723 4236 2823 4278 sua
2859 4207 3106 4292 ipsorum
3133 4220 3329 4275 salute.
3363 4216 3647 4275 Noverunt

2053 4316 2201 4370 enim
2234 4330 2316 4379 se,
2376 4316 2423 4370 si
2474 4329 2585 4369 non
2650 4324 2879 4370 strenue
2910 4321 3077 4382 atque
3109 4311 3369 4366 alacriter
3395 4310 3451 4365 in
3503 4309 3648 4365 bello

2054 4422 2182 4461 cum
2223 4407 2479 4462 hostibus
2510 4405 2803 4471 dimicent,
2851 4404 2906 4458 in
2937 4403 3120 4472 fugam
3161 4400 3458 4457 vertendos
3500 4416 3647 4466 esse,

362 4495 474 4567 ρῶς
501 4493 995 4555 ἀντικαταστάντες
1029 4492 1109 4554 είς
1167 4489 1346 4560 φυγὴν
1396 4488 1455 4541 ἐν
1500 4490 1567 4558 τῇ
1600 4486 1837 4557 πολεμίᾳ
1876 4488 1942 4556 γῇ

2059 4509 2116 4553 et
2149 4500 2217 4553 de
2264 4499 2443 4553 salute
2486 4513 2586 4553 sua
2634 4496 2841 4551 nullam
2900 4510 3053 4564 spem
3090 4509 3215 4551 esse
3246 4509 3426 4565 posse.
3461 4494 3529 4546 At
3559 4507 3650 4549 re-

359 4585 999 4658 τραπῶσιν,ἀνέλπιστος
1023 4583 1209 4645 αὐτοῖς
1232 4583 1263 4650 ἡ
1284 4579 1528 4649 σωτηρία
1554 4579 1785 4645 γίνεται,
1815 4578 1942 4642 ὅπερ

2059 4591 2222 4661 gione
2253 4590 2309 4643 in
2344 4605 2443 4644 sua
2475 4596 2670 4643 contra
2706 4595 2931 4657 sperant
2965 4606 2978 4641 :
3021 4601 3147 4641 nam
3175 4593 3229 4641 et
3264 4586 3390 4655 fuga
3414 4584 3648 4638 salutem

360 4681 420 4731 ἐν
457 4681 524 4749 τῇ
579 4679 686 4748 ἰδίᾳ
746 4680 816 4748 γῇ
883 4675 1269 4745 πολεμούντων
1323 4671 1503 4725 αὐτῶν
1557 4669 1803 4738 γίνεσθαι
1856 4668 1942 4720 ού)

2067 4694 2317 4750 quaerere
2351 4694 2409 4733 se
2427 4694 2594 4749 posse
2628 4686 2953 4748 sperant,et
2979 4677 3044 4731 ad
3071 4676 3408 4730 munitiones
3437 4674 3646 4736 venire,

361 4769 678 4837 ἀναγκαῖον.
712 4768 823 4819 Καὶ
850 4766 961 4835 γὰρ
999 4764 1092 4817 καὶ
1127 4764 1414 4832 φυγόντες,
1456 4759 1771 4823 ἐλπίζουσιν
1804 4758 1958 4810 ἀκιν-

361 4859 536 4922 δύνως
586 4858 849 4927 σωθῆναι,
911 4855 1006 4908 καὶ
1055 4851 1431 4924 ὀχυρωμάτων
1486 4847 1845 4903 ἐπιλαϐέσθαι
1898 4847 1957 4899 ἐν

363 4946 449 5014 οἷς
479 4951 851 5021 σωθήσονταιο
900 4947 996 5000 καὶ
1023 4946 1110 4999 διὰ
1144 4945 1303 4999 τοῦτο
1330 4942 1596 5012 γενναίως
1636 4939 1956 5008 ἀντιστῆναι

365 5044 482 5105 τοῖς
512 5040 792 5111 πολεμίοις
830 5042 880 5093 οἱ
911 5037 1247 5108 στρατιῶται
1290 5036 1367 5105 μὴ
1394 5032 1841 5103 συγχωρούμενοι
1879 5032 1959 5093 εἰς

366 5134 547 5205 φυγὴν
569 5134 851 5187 ἀκίνδυνον
879 5129 1246 5184 συνωθοῦνται
1285 5127 1481 5179 ἐλθεῖν.

440 5225 557 5296 pg’.
605 5225 715 5279 ’Δεί
740 5242 793 5277 τι
825 5222 1210 5294 πραττέτωσαν
1249 5219 1300 5270 οἱ
1330 5215 1686 5287 στρατιῶται,
1723 5216 1852 5267 ὅταν
1880 5212 1955 5282 μὴ

368 5323 398 5374 ὁ
427 5319 666 5390 πόλεμος
698 5317 912 5387 ἐνοχλῇ,
945 5316 1040 5368 καὶ
1070 5311 1144 5383 μὴ
1170 5311 1517 5381 ἀργείτωσαν
1536 5324 1551 5338 ·
1587 5310 1621 5375 ἡ
1658 5306 1768 5377 γὰρ
1790 5304 1957 5375 ἀργία

373 5407 743 5480 στρατιώταις
766 5403 1175 5475 συντρεφομένη
1214 5398 1465 5469 ταραχῆς
1497 5398 1732 5467 ὑπάρχει
1758 5414 1956 5465 γεννη-

369 5517 521 5557 τικη.

448 5504 658 5664 ξῗξκτδ
710 5590 1037 5664 θεραπεύειν
1085 5588 1147 5641 τὸ
1189 5587 1346 5639 Θεῖον
1405 5584 1493 5637 διὰ
1529 5582 1729 5644 παντὸς
1783 5578 1957 5651 χρεών

2065 4773 2269 4843 quibus
2324 4781 2657 4827 serventur:
2697 4780 2863 4839 atque
2897 4767 3035 4822 adeo
3089 4780 3215 4819 cum
3276 4773 3507 4820 strenue
3551 4764 3650 4818 ho-

2065 4865 2243 4918 stibus
2274 4863 2534 4918 resistere
2561 4877 2669 4916 non
2704 4873 2930 4915 necesse
2957 4857 3182 4917 habent,
3227 4854 3296 4907 ad
3338 4853 3521 4924 fugam
3559 4867 3652 4908 se-

2068 4970 2256 5010 curam
2285 4969 2345 5009 se
2372 4960 2728 5009 COHVCI'HHIL

2135 5212 2224 5267 46.
2267 5210 2371 5266 Ubi
2425 5209 2551 5264 belli
2610 5206 2760 5261 nulla
2809 5205 3155 5275 perturbatio
3205 5211 3323 5267 est,
3376 5218 3486 5257 non
3534 5202 3653 5256 otio

2069 5306 2391 5372 torpescant
2436 5298 2662 5361 milites,
2690 5295 2785 5350 sed
2839 5295 2954 5349 haec
3004 5305 3170 5364 agant
3206 5294 3389 5364 potius
3424 5310 3439 5347 :
3473 5290 3648 5345 otium

2067 5394 2216 5449 enim
2243 5390 2510 5446 militibus
2535 5403 2863 5459 magnarum
2889 5386 3220 5444 seditionum
3281 5394 3336 5441 et
3361 5384 3648 5440 turbarum

2070 5497 2242 5537 causa
2271 5488 2375 5535 est.

2145 5572 2236 5625 47.
2280 5569 2564 5623 Colendus.
2589 5569 2818 5623 omnino
2854 5568 2999 5623 Deus
3029 5573 3135 5622 est.
3165 5562 3437 5618 Bellorum
3468 5565 3650 5613 autem

1898 5708 2144 5766 NOTAE.

450 5821 562 5892 (22)
601 5820 734 5892 Post
788 5820 914 5892 ista,
942 5811 1502 5892 παρεσκευασμένουὲ
1518 5807 1624 5892 ἀεί’,
1673 5805 1955 5892 lypotlteta

376 5877 585 5958 oniisii,
608 5891 683 5961 th;
714 5877 1142 5961 rév'éoptﬁ,_'xetl
1174 5886 1233 5961 ἐν
1260 5877 1676 5961 δϐρῳειὸιίᾑικξ⁷
1696 5891 1845 5961 vero,
1900 5877 1958 5961 ἐν

375 5948 592 6035 saepe;
620 5948 727 6015 Sed
758 5948 1035 6021 necillu'd,
1080 5958 1138 6009 ἐν
1169 5948 1356 6025 ἑορτῇ,
1376 5948 1542 6010 istius
1577 5949 1680 6006 loci
1706 5948 1955 6003 videtur:

618 6058 890 6119 PATROL.
920 6057 1036 6143 (in.
1076 6053 1261 6139 CVII.

2070 5817 2194 5924 napi
2222 5801 2385 5938 ἐιὲρτὴ
2415 5804 2508 5857 καὶ
2534 5800 2762 5871 ὄμϐρος,
2785 5814 2893 5856 non
2924 5806 3051 5856 sunt
3076 5793 3347 5858 ἀντίθετα,
3377 5800 3436 5846 ιιι
3471 5791 3654 5862 ἡμέρα

2070 5889 2139 5926 κα
2195 5889 2254 5926 νυ
2298 5913 2309 5925 .
3630 5888 3633 5889 ν

2068 5888 2163 5926 και
2195 5888 2309 5926 νυε.
3630 5888 3633 5889 ⁷

3184 6030 3261 6090 33
