4120 6462
551 516 684 580 ῙὉΞΠ

1803 506 2074 570 LEOle
2112 502 2566 571 PHILOSOPHI

3654 513 3797 584 1028

549 637 604 682 in
642 627 883 682 exordiis
933 626 1166 680 maxime
1215 624 1365 679 illum
1416 622 1807 678 veneraberis:
1861 626 1905 679 si
1962 625 2108 677 enim

2215 621 2384 674 ἐστιν.
2409 622 2662 675 Μάλιστα
2712 621 2768 675 δὲ
2810 622 2967 675 τοῦτο
3016 620 3395 693 θεραπεύσεις,
3423 619 3467 679 ὦ
3499 637 3800 702 στρατηγέ,

535 719 696 772 illum
745 715 984 773 colueris
1044 729 1179 784 pure
1224 729 1291 768 ac
1347 713 1622 783 religiose,
1659 714 1826 767 sicuti
1875 713 1958 769 fas
2009 726 2113 779 est,

525 811 598 865 vin
630 811 887 865 omnibus
947 808 1206 878 periculis
1248 817 1302 863 et
1356 806 1859 877 perturbationibus
1906 807 2116 878 suppli-

545 902 695 957 cabis
728 901 804 955 illi
851 903 1006 970 quasi
1048 902 1249 965 amico,
1290 910 1343 954 et
1377 900 1607 956 salutem
1637 898 1706 953 ab
1754 897 1847 953 illo
1882 913 2112 970 compa-

529 993 715 1048 labis.

588 1169 704 1223 €48.
724 1168 983 1239 ‘rVigilans
1021 1168 1339 1238 imperator,
1373 1176 1426 1224 et
1455 1168 1758 1224 exercitum
1787 1184 1948 1224 suum
1977 1182 2112 1223 con-

543 1261 790 1317 tentione
815 1260 1086 1331 corporis,
1126 1269 1180 1315 et
1211 1261 1494 1317 laboribus
1520 1271 1849 1331 occupatum
1897 1270 2111 1324 tenens,

539 1353 725 1408 minus
747 1353 1015 1407 omnibus
1054 1352 1478 1420 periclitabitur.

614 1443 704 1498 49.
739 1442 938 1498 Milites
965 1445 1018 1496 in
1051 1444 1298 1512 praelium
1336 1443 1607 1498 educendi
1641 1458 1746 1498 non
1773 1451 1902 1498 sunt
1933 1444 2113 1513 prius-

539 1551 704 1605 quam
729 1536 964 1590 illorum-
985 1536 1292 1605 periculum
1323 1535 1543 1601 feceris,
1569 1536 1664 1591 sed
1695 1536 2111 1606 cognoscendus

537 1626 921 1696 unusquisque
976 1627 1133 1682 miles
1183 1635 1288 1690 est,
1316 1641 1482 1695 quam
1536 1626 1602 1680 ad
1627 1641 1769 1691 rem,
1813 1635 1867 1684 et
1900 1641 2007 1697 qua
2058 1629 2113 1680 in

535 1719 658 1774 {acie
687 1717 758 1772 sit
792 1717 961 1780 utilis,
999 1717 1186 1786 itaque
1218 1715 1579 1772 instruendus
1617 1724 1723 1773 est.

2216 709 2325 763 τῶν
2353 712 2666 781 πολεμικῶν
2681 713 2963 768 -κινδύνων
3025 714 3369 784 ἀπάρχεσθαι
3422 716 3666 786 μέλλων·
3703 723 3807 775 ἐὰν

2215 802 2325 872 γάρ
2345 805 2583 872 γνησίως
2606 804 2728 856 τότε
2750 805 2841 859 τὸν
2866 805 2999 858 Θεὸν
3022 805 3393 878 θεραπεύσῃς,
3420 809 3562 878 τάχα
3595 810 3805 883 θαρρή-

2218 907 2330 954 σεις
2382 893 2439 944 ὲν
2489 894 2601 956 τοῖς
2653 892 2846 956 δεινοῖς
2877 893 2952 956 ὡς
3001 895 3136 965 πρὸς
3180 894 3333 964 φίλον
3379 912 3460 949 σοι
3493 897 3682 951 τοῦτον
3703 902 3805 964 τὰς

2219 981 2428 1046 ἱκεσίας
2473 983 2770 1050 ποιεῖσθαι,
2811 985 2905 1037 καὶ
2956 985 3054 1056 τὴν
3107 986 3382 1055 σωτηρίαν
3406 987 3544 1056 μετά
3582 991 3806 1059 mpm-

2217 1074 2336 1137 σίας
2360 1075 2663 1144 ἐπιζητεῖν.

2285 1164 2398 1236 μη’.
2436 1167 2496 1219 Ὀ
2528 1167 2927 1239 συναγρυπνῶν
2954 1167 3034 1238 τῷ
3075 1168 3447 1240 στρατεύματι
3478 1172 3804 1245 στρατηγὸς,

2213 1260 2310 1313 καὶ⁵
2331 1259 2492 1314 πλέον
2515 1260 2694 1313 πονῶν
2747 1263 2806 1313 ὲν
2853 1259 2930 1330 τῷ
2964 1260 3338 1332 γυμνάζεσθαι
3368 1264 3495 1327 τοὺς
3533 1262 3808 1333 στρατιώεο

2212 1369 2332 1417 τας,
2365 1353 2543 1423 ἥττων
2566 1347 2701 1404 εἶναι
2720 1354 2780 1405 οὐ
2804 1351 3140 1406 κινδυνεύσει
3161 1352 3301 1407 κατά
3325 1353 3418 1408 τὸν
3452 1354 3706 1424 πόλεμον.

2287 1443 2396 1515 μθν.
2428 1442 2778 1514 Στρατιώταις
2829 1444 3046 1511 ἐξάγειν
3088 1445 3180 1498 ἐπὶ
3220 1447 3400 1516 μάχην
3452 1448 3699 1511 ἐκείνους
3739 1449 3806 1500 οὐ

2213 1535 2351 1602 δέον,
2377 1528 2450 1589 ὧν
2477 1535 2553 1606 μὴ
2580 1535 2849 1607 πρότερον
2876 1535 3107 1605 εἴληφας
3130 1534 3228 1607 τὴν
3256 1540 3451 1608 πεῖραν
3484 1539 3674 1608 ἱκανὴν
3708 1542 3805 1594 ἐπὶ

2213 1625 2488 1697 ἀνδρείαν,
2524 1626 2935 1697 τυγχάνουσαν·
2993 1626 3130 1679 ἀλλά
3165 1627 3246 1680 δεῖ
3278 1644 3337 1680 σε
3384 1629 3696 1696 γινώσκειν,
3752 1634 3804 1685 εί

2213 1713 2459 1779 δυνατὸν,
2489 1713 2722 1768 ἕκαστον
2751 1714 2860 1768 τῶν
2879 1715 3226 1786 στρατιωτῶν
3254 1716 3313 1770 ἐν
3342 1719 3480 1790 ποίῳ
3512 1723 3805 1792 πράγματι

2213 1801 2309 1854 καὶ
2342 1801 2399 1853 ὲν
2427 1805 2566 1872 ποίῳ
2595 1801 2841 1874 τάγματί
2869 1803 3022 1857 ἐστιν
3057 1803 3338 1874 ἁρμόδιος,
3374 1808 3466 1861 καὶ
3503 1809 3677 1875 οὕτως
3702 1813 3806 1866 αὖ·

2215 1892 2338 1955 τοὺς
2363 1891 2695 1947 διατάττειν.

612 1981 700 2036 50.
727 1980 852 2036 llaec
890 1980 1006 2036 sola
1028 1979 1296 2035 adversus
1320 1979 1960 2035 hostes-deliberabimus
1979 1997 2110 2052 quae

2284 1987 2347 2034 ν’.
2374 1976 2561 2035 Ταῦτα
2587 1983 2725 2052 μόνα
2747 1984 2928 2048 καλῶς
2961 1985 3365 2057 βουλευσόμεθα
3390 1991 3535 2043 κατά
3555 1992 3664 2046 τῶν
3697 2006 3803 2048 πο-

538 2075 817 2146 incognita
843 2073 952 2128 illis
972 2081 1121 2136 sunt,
1148 2079 1442 2141 antequam
1477 2085 1507 2124 a
1537 2071 1694 2126 nobis
1719 2079 1984 2141 gerantur
2014 2088 2028 2126 :
2062 2071 2111 2127 si

538 2165 684 2218 cnim
737 2162 974 2232 aliquam
1052 2160 1246 2215 barum
1287 2174 1470 2215 rerum
1533 2159 1783 2214 notitiam
1854 2161 2109 2227 habeant,

538 2254 701 2310 facile
754 2253 1022 2308 adversus
1067 2259 1301 2307 conatus
1348 2258 1578 2308 nostros
1624 2249 1837 2322 aliquid
1878 2251 2110 2307 molien-

539 2359 648 2401 llll'.

609 2437 700 2491 5t.
757 2437 926 2503 Dolis,
957 2437 1385 2502 incursionibus,
1425 2437 1590 2502 fame,
1639 2437 1828 2492 hostes
1878 2435 2111 2491 laedendi

476 2549 486 2566 ε-
538 2526 883 2595 vexandique
929 2535 1083 2593 sunt,
1133 2538 1187 2583 et
1234 2529 1606 2584 crebrioribus
1663 2523 2111 2599 aggressionibus

539 2619 948 2689 insultibusque
1012 2619 1296 2674 adoriendi
1352 2639 1364 2674 :
1439 2635 1617 2690 neque
1681 2619 1750 2673 ad
1816 2633 2111 2675 commune

528 2694 1224 2782 publicumtfuepraelium
1273 2712 1535 2767 evocandi
1571 2751 1588 2778 ,
1637 2712 1729 2768 ubi
1766 2712 1949 2767 valere
2001 2711 2112 2765 for-

538 2811 684 2856 tunae
719 2795 1058 2858 instabilitas
1092 2803 1256 2866 solet,
1288 2802 1471 2873 potius
1517 2818 1681 2873 quam
1731 2803 1838 2858 ulla
1891 2802 2109 2859 virtutis

535 2893 873 2948 constantia.

610 2983 699 3038 5’2.
741 2980 942 3038 Milites
1005 2981 1288 3040 laboribus
1327 2983 1625 3039 assuefacti
1671 2985 2010 3040 strenuiorcs
2050 2985 2106 3040 in

536 3074 657 3129 dies
709 3073 868 3136 fiunt,
917 3073 1083 3128 otiosi
1127 3085 1310 3129 autem
1351 3076 1533 3146 magis
1585 3089 1649 3130 ac
1693 3076 1865 3146 magis
1910 3075 2109 3132 debili-

539 3171 746 3217 tantur.
781 3161 1134 3218 Eﬂiciendum
1171 3165 1348 3234 igitur
1369 3175 1453 3220 est
1490 3173 1568 3218 -ut
1625 3164 1910 3222 laboribus
1953 3181 2109 3222 exer-

537 3253 695 3309 citati
747 3252 892 3316 sint,
933 3253 1395 3324 quemadmodum
1446 3254 1550 3309 tibi
1585 3254 2109 3324 aliaspraescripsi-

538 3361 684 3402 mus.

608 3438 698 3492 5'3.
732 3437 812 3492 Ad
845 3452 1038 3493 omnes
1069 3437 1193 3493 vitae
1224 3445 1429 3508 partes,
1466 3444 1827 3508 praterquam
1850 3437 1911 3490 in
1938 3435 2108 3499 bello,

539 3530 858 3585 incallidnm
917 3540 967 3585 te
1019 3547 1141 3586 esse
1184 3531 1551 3602 praecipimus.
1584 3529 1662 3586 lbi
1709 3540 1922 3596 autem,
1959 3538 2016 3586 et
2051 3532 2110 3586 in

539 3621 611 3675 iis
640 3627 696 3675 te
728 3621 1097 3690 imperatoriis
1128 3623 1376 3679 consiliis
1409 3623 1570 3680 dolus
1599 3623 1846 3694 adjuvat,
1885 3623 1976 3679 ubi
2013 3623 2112 3678 ho-

539 3718 656 3769 stes
689 3726 754 3768 eo
777 3713 1110 3784 decepturus
1130 3728 1212 3771 es.

603 3909 700 3964 54.
753 3909 1073 3982 Cognosce,
1126 3919 1182 3968 et
1235 3909 1486 3982 expende
1531 3918 1656 3966 tuas
1706 3909 1885 3974 vircs,
1949 3917 2112 3980 atque

524 4000 778 4055 hostium
834 4001 1182 4072 diligenter:
1233 4001 1337 4057 boc
1397 4002 1446 4057 si
1500 3999 1726 4066 feceris,
1786 4000 2111 4070 imperator,

537 4100 594 4146 et
638 4091 855 4162 singula
917 4091 1212 4162 diligenter
1258 4091 1602 4162 fideliterque
1645 4091 2068 4161 perlustraveris
2095 4132 2108 4156 ,

537 4197 682 4253 aegre
723 4183 778 4238 in
813 4183 1022 4240 bellicis
1058 4183 1232 4240 rebus
1263 4183 1646 4254 superaberis,
1693 4192 1789 4238 aut
1834 4198 2107 4255 expugna-

539 4273 710 4329 beris.

610 4364 700 4418 55.
755 4362 1096 4421 Fortitudine
1142 4381 1208 4420 ac
1260 4366 1628 4422 instructione
1677 4366 1901 4422 militari
1953 4366 2112 4438 longe

538 4456 776 4526 majores
806 4471 894 4511 res
938 4456 993 4510 in
1049 4456 1190 4512 bello
1238 4464 1524 4528 geruntur,
1555 4472 1722 4529 quam
1759 4459 2113 4514 multitudine

535 4539 1117 4618 militumjgnavorum
1147 4547 1393 4603 confusa.

597 4727 1002 4784 56.-~Locorum
1053 4728 1191 4785 situs
1247 4743 1389 4799 saepe
1421 4737 1742 4799 pugnantes
1767 4728 2117 4785 vehementer

531 4821 748 4892 juvant,
803 4829 858 4876 et
910 4813 1360 4877 imbecillioribus
1420 4821 1711 4876 victoriam
1767 4832 2112 4890 promovent.

535 4911 725 4981 Itaque
769 4912 837 4967 iis
891 4911 945 4966 in
998 4912 1132 4967 locis
1167 4921 1220 4966 te
1258 4911 1325 4964 ad
1359 4910 1710 4980 pugnandum
1751 4924 2026 4980 prmpares
2058 4911 2113 4965 in

534 5003 736 5074 quibus
765 5005 1084 5074 cognoveris
1114 5003 1414 5058 exercitum
1438 5013 1592 5055 tuum
1627 5001 1878 5057 meliores
1906 5012 2112 5072 partes,

532 5095 774 5152 hostium
806 5104 989 5150 autem
1026 5093 1331 5149 deteriores
1362 5091 1701 5147 habiturum.

593 5281 695 5336 ‘57.
724 5277 1323 5348 Imperatoris-solertia
1340 5288 1638 5347 generosos
1660 5272 1864 5328 milites
1892 5271 2071 5327 reddit
2095 5289 2108 5325 :

531 5381 727 5427 natura
777 5369 921 5424 enim
972 5382 1176 5439 paucos
1204 5367 1374 5423 fortes
1411 5374 1603 5432 creat;
1638 5378 1772 5421 cura
1821 5371 2027 5426 autem,
2057 5369 2111 5417 et

530 5463 827 5525 industria,
861 5462 909 5517 si
949 5460 1299 5532 imperatoria
1332 5458 1558 5515 solertia
1589 5457 1942 5528 adjungat-ur,
1964 5455 2109 5508 mul-

521 5567 618 5615 tos
648 5566 906 5614 strenuos
934 5554 1086 5610 facit.

597 5737 689 5792 58.
724 5737 931 5791 Bonum
961 5736 1092 5790 mihi
1125 5735 1335 5789 videtur
1362 5749 1484 5790 esse
1508 5733 1713 5803 justam
1751 5731 1952 5787 habere
1979 5743 2108 5785 cau-

529 5840 650 5880 sam
675 5827 944 5891 bellandi;
980 5843 1104 5880 nam
1141 5827 1234 5896 qui
1276 5827 1533 5894 iniuriam
1567 5822 2104 5893 illatam'propulsat,

529 5915 622 5967 hic
642 5914 960 5980 justusest,
994 5925 1048 5970 et
1078 5917 1315 5970 divinam
1350 5915 1627 5983 [justitiam
1657 5914 1977 5983 adjutricem
2011 5913 2108 5966 lia-

2211 2071 2437 2141 λεμίων,
2467 2074 2569 2129 ὅσα
2595 2075 2726 2146 πρὶν
2755 2077 2788 2147 ἢ
2828 2078 3108 2148 πράξομεν
3140 2080 3415 2150 ἠγνόησαν
3442 2084 3674 2136 ἐκεῖνοι·
3703 2087 3805 2139 ἐὰν

2209 2162 2496 2220 δὲτούτων
2534 2167 2634 2236 τὴν
2696 2167 2899 2234 γνῶσιν
2949 2169 3210 2236 λάϐωσιν,
3256 2172 3467 2244 ταχέως
3518 2175 3658 2229 κατά
3690 2176 3808 2230 τῶν

2212 2255 2595 2328 βουλευμάτων
2624 2259 2781 2332 ὴμῶν
2817 2260 3256 2330 μεθοδεύσουσιν.

2277 2434 2378 2491 να’.
2403 2438 2473 2491 Ἦ
2504 2437 2676 2502 δόλοις
2701 2439 2734 2509 ἦ
2765 2437 3106 2510 ἐπιδρομαῖς,
3136 2439 3168 2510 ἢ
3189 2439 3334 2510 λιμῷ
3356 2441 3484 2505 τοὺς
3505 2441 3802 2513 πολεμίους

2214 2527 2474 2598 βλάπτειν
2513 2531 2678 2585 καλόν
2739 2533 2912 2597 ἐστιν,
2957 2534 3051 2587 καὶ
3088 2533 3278 2587 λυπεῖν
3306 2535 3502 2599 αὐτοὺς
3529 2535 3669 2589 κατά
3697 2553 3804 2606 μα·-

2210 2620 2343 2692 κρὸν
2375 2621 2462 2675 διὰ
2499 2624 2836 2694 συχνοτέρων
2873 2624 3186 2694 ἐπαγωγῶν
3232 2627 3326 2680 καὶ
3363 2626 3800 2698 ὲπιτηδεύσεων·

2211 2713 2332 2782 οὐχὶ
2363 2712 2420 2766 δὲ
2444 2713 2664 2778 πάντως
2713 2716 2807 2768 ἐπὶ
2840 2715 3102 2784 δημόσιον
3149 2717 3500 2785 ιγκαλεῖσθαι
3537 2719 3799 2789 πόλεμον,

2211 2807 2339 2862 ἔνθα
2355 2808 2614 2874 πολλάκις
2642 2811 2702 2863 τὸ
2719 2811 2879 2864 πλέον
2901 2811 3121 2881 ὁρῶμεν
3143 2813 3243 2881 τῆς
3262 2811 3432 2884 τύχης
3451 2813 3689 2884 προτέρη
3699 2831 3798 2883 μα,

2210 2899 2243 2970 ἢ
2271 2901 2369 2970 τῆς
2396 2901 2847 2973 ἐπιδεικνυμένης
2881 2901 3153 2972 ἀνδρείας.

2281 2989 2378 3061 νβ’.
2407 2991 2757 3063 Στρατιῶται
2795 2993 2931 3063 πρὸς
2968 2993 3164 3058 πόνους
3209 2995 3615 3065 γυμναζόμενοι
3661 3012 3802 3066 προ-

2209 3083 2499 3138 κόπτουσιν
2564 3085 2645 3147 είς
2706 3083 2975 3156 ἀνδρείαν.
3017 3085 3340 3155 ’Λργοῦντες
3387 3087 3444 3140 δὲ
3481 3087 3678 3157 νωθροὶ
3706 3087 3806 3141 καὶ

2210 3170 2460 3234 ἀσθενεῖς
2497 3173 2700 3242 μᾶλλον
2741 3174 3005 3241 γίνονται.
3039 3174 3131 3227 Διδ
3157 3177 3466 3244 φροντίσεις
3509 3176 3584 3247 μὴ
3610 3179 3804 3247 ἀργεῖν

2210 3263 2432 3328 αὐτοὺς,
2459 3263 2596 3317 ἀλλά
2625 3265 2764 3334 πρὸς
2791 3264 2890 3327 τὰς
2904 3265 3217 3335 γυμνασίας
3251 3269 3464 3331 πονεῖν,
3505 3267 3688 3332 καθώς
3718 3286 3804 3323 σοι

2213 3351 2306 3405 καὶ
2327 3353 2385 3406 ὲν
2406 3353 2614 3422 ἑτέροις
2629 3353 3013 3425 διεταξάμεθα.

2287 3440 2386 3510 νγ’.
2428 3441 2648 3495 Ἀδολον
2690 3443 2790 3512 μὲν
2833 3445 2891 3497 ἐν
2918 3446 3040 3505 τοῖς
3084 3443 3268 3509 ἄλλοις
3295 3443 3468 3499 ἅπασι
3498 3446 3698 3518 -διαζῇν
3738 3466 3801 3501 σε

2215 3533 2721 3603 παρακελευόμεθα,
2755 3536 2812 3588 ἐν
2849 3536 2903 3588 δὲ
2935 3538 3047 3601 τοῖς
3111 3537 3264 3592 ικατά
3309 3540 3546 3610 πόλεμον
3607 3557 3806 3613 στρατ-

2215 3625 2470 3696 ηγήμασι
2507 3626 2690 3696 μόνοις
2730 3628 2826 3681 καὶ
2875 3628 3026 3692 δόλος
3048 3629 3321 3700 ὠφελήσει
3351 3631 3629 3698 πολλάκις,
3672 3635 3802 3687 ὅταν

2211 3715 2339 3780 τοὺς
2384 3716 2611 3787 ἐχθροὺς
2664 3718 2761 3774 καὶ
2807 3719 3104 3791 πολεμίους
3157 3719 3435 3794 ὲξαπατᾷν
3481 3724 3682 3798 μέλλῃς
3729 3723 3800 3778 δι’

2213 3808 2401 3865 αὐτοῦ.

2282 3900 2376 3956 νδ’.
2410 3902 2650 3958 Γίνωσκε
2678 3904 2772 3958 καὶ
2791 3904 3050 3977 σύγκρινε
3102 3908 3202 3970 τάς
3251 3925 3308 3961 τε
3351 3906 3460 3971 σὰς
3509 3908 3796 3978 δυνάμεις,

2213 3992 2424 4056 καὶτὰς
2448 3992 2560 4047 τῶν
2577 3993 2873 4066 πολεμίων,
2898 3997 3049 4061 ὅπως
3069 3993 3276 4068 ἔχδυσι.
3290 3998 3466 4052 ίΓοῦτο
3492 3997 3602 4071 γὰρ
3628 3999 3799 4053 ποιῶν

2213 4085 2538 4156 στρατηγὸς,
2573 4089 2672 4140 καὶ
2716 4089 3024 4159 ἀνακρίνων
3075 4091 3217 4144 κατὰ
3272 4090 3438 4162 μέρος
3480 4090 3580 4154 τάς
3605 4091 3799 4144 τετῶν

2210 4174 2669 4249 οἰκείων-,καὶτὰς
2713 4178 2823 4232 τῶν
2856 4179 3132 4250 πολεμίων
3167 4179 3400 4250 ἀρετάς,
3428 4178 3702 4245 δυσκόλως
3737 4182 3799 4234 ἐν

2210 4269 2324 4330 τοῖς
2367 4266 2510 4320 κατὰ
2532 4267 2770 4338 πόλεμον
2799 4267 2980 4338 ἔργοις
3014 4270 3367 4340 σφαλήσεται.

2282 4365 2373 4414 νε’.
2444 4358 2584 4414 Ἰσθι
2639 4359 2917 4432 ἀκριϐῶς,
2974 4353 3019 4413 ὧ
3073 4360 3386 4432 στρατηγέ,
3446 4360 3530 4415 ὅτι
3569 4360 3800 4432 ἀνδρεία

2214 4452 2414 4524 μᾶλλον
2464 4452 2558 4506 καὶ
2606 4451 2759 4516 τάξις
2806 4450 3148 4522 στρατηγικὴ
3202 4451 3410 4505 οἴδασιν
3465 4451 3523 4505 ἐν
3571 4453 3797 4525 πολέμῳ

2213 4545 2547 4613 εὐεργετεῖν,
2583 4541 2616 4613 ἢ
2647 4541 2851 4612 πλῆθος
2881 4542 2990 4596 τῶν
3021 4542 3347 4613 μαχομένων
3401 4541 3666 4614 ἄνανδρον
3697 4548 3798 4598 καὶ.

2135 4659 2188 4713 θ
2217 4631 2468 4688 ἄτακτον.

2289 4732 2399 4790 νςν.
2422 4726 2488 4779 Ai.
2518 4724 2625 4778 τῶν
2657 4723 2840 4778 τόπων
2900 4723 3076 4786 θέσεις
3125 4721 3389 4787 πολλάκις
3431 4722 3646 4794 μεγάλα
3668 4722 3799 4785 τοὺς

2221 4817 2566 4886 μαχομένους
2613 4814 2901 4885 ὠφέλησαν
2926 4827 2941 4843 ⁶
2999 4814 3093 4866 καὶ
3139 4813 3249 4883 γὰρ
3304 4813 3474 4866 ἐνίοτε
3521 4812 3626 4867 καὶ
3669 4813 3799 4875 τοὺς

2211 4907 2635 4977 ἀσθενεστέρους
2689 4905 2975 4969 καλλίονας
3030 4905 3260 4973 ἔδειξαν,
3293 4905 3376 4958 διὸ
3405 4907 3511 4976 χρή
3542 4921 3601 4958 σε
3639 4904 3800 4974 μάλι-

2219 5018 2317 5054 στα
2373 4998 2634 5062 τοιούτοις
2679 4999 2868 5060 τόποις
2925 4997 3264 5068 ἁρμόζεσθαι
3325 4997 3466 5067 πρὸς
3497 4999 3700 5066 μάχην,
3734 4997 3793 5048 ἰν

2214 5087 2295 5154 οἷς
2317 5089 2383 5143 ἂν
2408 5090 2684 5161 γινώσκῃς
2745 5088 2837 5142 τὸν
2879 5087 2978 5159 μὲν
3029 5087 3119 5141 σὸν
3170 5087 3400 5158 στρατὸν
3427 5086 3790 5158 προτερῆσαι,

2213 5179 2305 5232 τὸν
2332 5180 2388 5233 δὲ
2416 5176 2817 5248 τῶνκπολεμίων
2834 5175 3222 5245 ἐλαττωθῆναι.

2287 5267 2384 5331 νζ’-
2421 5267 2705 5341 Σρατηγοῦ
2754 5267 3008 5337 ἀγχίνοια
3040 5265 3324 5333 γενναίους
3345 5263 3472 5325 τοὺς
3529 5260 3797 5331 στρατιάν

2212 5379 2314 5426 τας
2367 5362 2532 5416 ποιεῖ.
2599 5361 2665 5414 Ἠ
2709 5359 2830 5431 ,μὲν
2881 5359 2990 5428 γὰρ
3041 5356 3210 5427 ,φύσις
3259 5356 3474 5423 ὀλίγους
3521 5353 3801 5423 ἀνδρείους

2214 5453 2506 5522 ἀπο-γεννᾷ,
2541 5452 2575 5522 ή
2596 5450 2652 5504 δὲ
2683 5449 2964 5520 ἐπιμέλεια
3001 5450 3094 5501 καὶ
3121 5445 3399 5518 γυμνασία
3429 5444 3565 5515 μετά
3598 5459 3801 5514 στρατ-

2212 5545 2349 5612 ηγοῦ
2380 5544 2696 5615 φρονήσεως
2748 5539 3009 5610 γινομένη
3057 5538 3286 5601 πολλοὺς
3312 5535 3624 5609 χρησίμους
3660 5536 3800 5589 ἀπο·

2212 5635 2470 5690 δεικνύει.

2282 5726 2384 5798 νη’.
2438 5726 2619 5781 Καλόν
2665 5743 2754 5796 μοι
2801 5725 2949 5779 δοκεῖ
3001 5721 3219 5778 δικαίαν
3272 5714 3413 5772 εἶναι
3469 5715 3569 5786 τὴν
3623 5714 3801 5785 ἀρχὴν

2211 5820 2305 5875 τοῦ
2374 5819 2634 5889 πολέμου.
2663 5819 2730 5873 Ὃ
2788 5818 2896 5890 γὰρ
2945 5819 3056 5881 τοῖς
3106 5815 3430 5885 ἀδικήσασιν
3491 5807 3800 5877 ἀνταμυνό-

2216 5929 2375 5983 μενος
2423 5905 2577 5973 οὗτος
2627 5909 2832 5973 δίκαιός
2885 5912 3033 5963 ἐστιν
3087 5907 3184 5961 κα)⁸
3228 5905 3326 5979 τὴν
3385 5900 3538 5954 θείαν
3571 5895 3682 5967 ἔχει
3721 5895 3799 5950 διο
