4120 6508
304 517 440 581 1029

1372 524 1705 586 TACTICA.
1746 550 1811 562 -
1850 523 2352 589 CONSTlTUTIO
2392 528 2519 588 XX.

3447 521 3580 586 1030

302 627 601 699 καιοσύνην
663 628 857 700 βοηθόν
912 648 971 684 τε
1000 632 1114 700 ζκαὶ
1198 635 1488 707 σύμμαχον
1583 641 1725 694 κατὰ
1789 639 1897 694 τῶν

2026 651 2116 709 ιρι,
2157 644 2285 698 dum
2328 641 2559 709 injurios
2606 638 2856 695 homines
2908 636 3142 709 repellit.
3177 634 3276 703 Qui
3309 651 3438 692 vero
3463 638 3582 707 pri-

302 721 505 776 ὰδίκων
568 722 1089 793 ὲκστρατευόμενος.
1136 724 1195 778 ’0
1248 727 1306 780 δὲ
1345 731 1563 799 πρῶτος
1586 732 1890 805 ⁸κατάρξας

303 812 521 954 ἀῗικίας
543 812 676 884 παρ’
725 816 898 886 αὐτῆς
918 816 1019 887 τῆς
1065 817 1216 883 θείας
1261 819 1417 893 δίκης
1446 823 1758 896 ἀφαιρεῖται
1794 826 1892 898 τὴν

304 918 333 951 ν
361 918 483 954 κην.

304 918 483 969 νικην.

379 992 477 1048 νϐ’.
516 993 800 1065 Ἀσφαλῶς
836 997 1000 1052 δίωκε
1055 1002 1185 1066 τοὺς
1214 1004 1512 1075 πολεμίους
1542 1008 1683 1076 μετὰ
1713 1009 1891 1076 νίκην,

306 1078 352 1139 ὦ
379 1089 672 1158 στρατηγὲ,
724 1090 817 1143 καὶ
846 1090 920 1162 μὴ
967 1092 1382 1167 διεσπαρμένους
1430 1098 1687 1170 ὲπέρχου,
1733 1100 1895 1171 μάλι-

308 1196 411 1230 στα
463 1181 916 1251 συντεταγμένοις
968 1186 1220 1251 ἐκείνοις.
1262 1189 1320 1242 '0
1354 1190 1462 1261 γὰρ
1488 1190 1648 1245 τοῦτο
1689 1193 1889 1261 ποιῶν,

309 1269 410 1339 τὴν
469 1270 668 1324 ἑαυτοῦ
716 1271 874 1343 νίκην
928 1276 1042 1339 τοῖς
1100 1277 1383 1349 πολεμίοις
1439 1281 1754 1353 προδίδωσι.
1787 1285 1898 1338 Καὶ

309 1359 419 1431 γὰρ
448 1363 906 1434 ἀναστρέψαντες
942 1367 1081 1436 μετὰ
1116 1372 1421 1437 συντάξεως
1442 1375 1490 1427 oi
1520 1374 1703 1447 ἐχθροί
1748 1376 1896 1430 κατὰ

309 1451 409 1505 σοῦ
464 1453 819 1519 ἀσυντάκτως
862 1458 957 1511 καὶ
1008 1456 1426 1533 διεᾰπαρμένως
1456 1464 1767 1531 διώκοντος,
1801 1469 1899 1538 ρᾳ-

312 1544 441 1609 δίως
497 1564 591 1600 σου
643 1549 1061 1619 περιγένωνται,
1120 1556 1214 1607 καὶ
1245 1556 1381 1626 πρὸς
1410 1557 1470 1611 τὸ
1491 1559 1731 1614 ἐναντίον
1755 1561 1902 1614 ἀντι-

314 1636 727 1709 πνεύσουσιτὴν
766 1643 887 1696 κατ’
917 1645 1095 1698 αὐτῶν
1128 1648 1331 1719 μάχην.

386 1727 452 1796 ξ’.
529 1731 790 1801 ’ἰσχύσεις
851 1736 1077 1804 μᾶλλον,
1138 1734 1183 1793 ὧ
1241 1745 1535 1814 στρατηγὲ,
1586 1749 1729 1802 κατὰ
1796 1750 1905 1804 τῶν

316 1822 428 1876 σῶν
485 1824 781 1895 πολεμίων,
827 1828 955 1883 ὅταν
986 1832 1199 1903 ἀφορᾷς
1228 1835 1338 1905 (25)
1377 1838 1512 1908 πρδς
1548 1840 1646 1911 τὴν
1684 1842 1906 1914 ποιότη-

314 1932 388 1968 τα
438 1917 546 1969 τῶν
594 1919 804 1989 καιρῶν
843 1921 939 1974 καὶ
975 1923 1085 1976 τῶν
1155 1926 1337 1981 τόπων
1385 1929 1479 1982 καὶ
1516 1931 1627 1984 τῶν
1674 1934 1907 2005 ἀντιμα-

2001 751 2123 790 mus
2162 734 2422 803 iujuriam
2454 732 2724 797 intulerit,
2757 731 2943 787 divina
2970 729 3233 794 vindicta,
3273 744 3337 785 ac
3364 730 3583 800 justitia

2000 840 2031 880 a
2063 825 2292 881 victoria
2323 824 2450 881 belli
2486 825 2662 880 abest.

2074 1002 2161 1059 59.
2206 1002 2620 1073 Circumspecte
2677 1009 2801 1071 post
2850 997 3138 1055 victoriam
3191 996 3379 1052 hostes
3430 995 3579 1049 inse-

2002 1092 2213 1162 quaris,
2260 1107 2440 1162 neque
2490 1092 2772 1163 dissipatis
2823 1091 2997 1161 copiis
3037 1089 3146 1144 tuis
3198 1088 3323 1143 illos
3361 1086 3417 1141 in
3468 1085 3587 1140 acie

2005 1184 2281 1238 instructa
2314 1182 2589 1253 fugientes
2637 1182 2990 1252 persequaris
3026 1198 3041 1234 :
3070 1179 3163 1250 qui
3202 1178 3347 1235 enim
3371 1176 3477 1231 hoc
3501 1176 3586 1230 fa-

2006 1274 2105 1338 cit,
2139 1274 2430 1329 victoriam
2468 1289 2625 1328 suam
2672 1274 2925 1330 hostibus
2973 1270 3156 1343 prodit
3189 1290 3206 1329 :
3237 1284 3366 1326 nam
3396 1269 3588 1325 hostes

2007 1368 2125 1422 acie
2152 1368 2426 1423 instructa
2456 1368 2712 1422 conversi
2742 1368 2797 1421 in
2828 1374 2957 1420 tuos
2996 1363 3250 1429 confuse,
3276 1370 3333 1417 et
3361 1360 3592 1430 disjecte

2007 1460 2359 1530 insequentes
2392 1450 2627 1514 facile'te
2646 1456 3007 1529 superabunt,
3025 1463 3080 1511 et
3109 1462 3384 1511 momenta
3414 1452 3593 1508 victo—

2011 1552 2104 1606 riae
2134 1550 2201 1605 ad
2227 1566 2287 1607 se
2318 1549 2673 1607 transferent.

2081 1732 2172 1789 60.
2202 1731 2402 1789 Hostes
2436 1731 2672 1787 maxime
2713 1729 3053 1801 expugnabis
3100 1726 3319 1798 quando
3349 1725 3406 1779 in
3438 1722 3592 1777 loco-

2016 1839 2137 1878 rum
2188 1830 2610 1893 temporumque
2641 1819 3100 1889 opportunitates,
3133 1825 3188 1873 et
3221 1814 3459 1871 hostium
3491 1827 3595 1882 pu-

2016 1913 2301 1985 gnantium
2335 1912 2480 1967 vires
2532 1911 2789 1972 intueris.
2831 1919 2995 1980 atque
3052 1907 3119 1961 ad
3168 1920 3387 1962 omnem
3435 1914 3594 1958 usum

317 2007 564 2077 χομένων
618 2009 846 2079 ἐχθρῶν.
902 2012 1012 2067 Καὶ
1069 2014 1249 2080 οὕτως
1304 2018 1443 2088 πρὸς
1509 2021 1608 2092 τὴν
1668 1997 1906 2079 ἑκάστου

2026 2005 2272 2063 bellicum
2310 2004 2541 2061 consilia
2567 2009 2910 2073 conatusque
2936 2008 3064 2057 tuos
3085 1997 3359 2056 conferas.

319 2098 512 2169 χρείαν
561 2102 682 2166 ταῖς
738 2104 971 2170 οἰκείαις
1031 2107 1248 2179 τέχναις
1301 2110 1396 2165 καὶ
1435 2112 1680 2183 μεθόδοις
1712 2115 1910 2186 συγκέ-

318 2207 545 2263 χρησαμ
1240 2188 1253 2199 “

394 2283 496 2379 Ear'.
528 2283 667 2339 Οὔτε
727 2289 984 2360 συνάγειν
1042 2292 1180 2363 ὁμοῦ
1212 2294 1410 2365 βουλῆς
1453 2296 1618 2350 ἓνεκα
1650 2297 1712 2352 τὺ
1736 2298 1907 2370 στρά-

320 2378 500 2447 τευμα
527 2378 736 2449 πρέπον
768 2381 938 2449 ἐστὶν,
956 2382 1079 2438 οὔτε
1102 2386 1344 2457 συνεχῶς
1363 2389 1549 2442 καλεῖν
1577 2390 1671 2443 τὸν
1706 2408 1911 2463 στρατ-

322 2467 461 2557 ηγὸν
484 2468 621 2540 πρὸς
670 2471 863 2527 έαυτδν
918 2474 1223 2546 ἀργοῦντας
1254 2478 1351 2532 καὶ
1384 2479 1522 2550 πρὸς
1556 2480 1725 2550 μηδὲν
1748 2482 1914 2552 ἀσχο-

324 2559 619 2631 λουμένους
663 2563 850 2636 ἕτερον
872 2582 885 2596 ·
918 2566 1092 2622 ταῦτα
1122 2568 1233 2639 γὰρ
1277 2571 1508 2643 ἀκαίρου
1559 2574 1788 2645 μελέτης
1821 2574 1918 2628 καὶ

328 2654 575 2716 στάσεως
602 2655 751 2710 αἴτια
777 2658 890 2721 τοῖς
929 2660 1303 2731 στρατεύμασι
1337 2662 1569 2730 γίνεται.

403 2745 503 2816 ξβν.
556 2748 784 2819 Μεγάλη
848 2749 1066 2815 σύνεσις
1116 2753 1430 2825 στρατηγοῦ
1461 2795 1476 2820 ,
1528 2755 1660 2808 ὅταν
1720 2752 1919 2825 χρῆται

333 2838 434 2909 μὲν
468 2841 778 2911 συμμάχοις
836 2841 1079 2913 μετρίοις
1105 2844 1187 2907 είς
1206 2844 1304 2915 τὴν
1323 2843 1522 2897 ἑαυτοῦ
1550 2844 1759 2915 χώραν,
1785 2840 1921 2898 ἀλλὰ

331 2933 410 3003 μὴ
442 2932 604 2986 πλέον
634 2933 734 3003 τῆς
795 2934 1004 2999 οίκείας
1066 2934 1374 3007 δυνάμεως,
1410 2935 1637 3000 τούτους
1684 2937 1919 3004 εἰσάγων

335 3026 597 3095 μάλιστα,
655 3026 941 3098 δυσμενεῖς
995 3045 1126 3082 ποτε
1172 3029 1302 3091 τοὺς
1375 3028 1651 3091 τοιούτους
1701 3026 1920 3082 ἔσεσθαι

332 3119 731 3190 ἐλπιζομένους
766 3163 779 3187 ,
834 3122 1049 3192 μήποτε
1113 3121 1600 3193 συμφρονήσαντες
1648 3115 1923 3191 ἀντάρωσι

331 3211 433 3265 καὶ
474 3212 575 3281 τῆς
635 3211 822 3283 χώρας
858 3214 1231 3282 κρατήσωσιν,
1264 3210 1331 3265 δι’
1353 3212 1420 3283 ἣν
1440 3213 1521 3277 εἰς
1552 3211 1667 3281 (24)
1696 3227 1919 3281 συμμα-

2085 2311 2174 2365 6L
2215 2307 2403 2380 Neque
2454 2323 2792 2381 congregare
2822 2308 2989 2364 simul
3030 2306 3330 2364 exercitum
3378 2305 3596 2362 consilii

2014 2416 2182 2457 causa
2216 2418 2317 2472 par
2351 2409 2437 2457 est
2472 2419 2485 2455 :
2525 2417 2705 2471 neque
2728 2400 3009 2466 idoneum,
3055 2409 3114 2454 ut
3163 2396 3414 2468 singulos
3455 2394 3600 2450 otio-

2016 2509 2109 2549 sos
2160 2495 2387 2561 milites,
2419 2502 2473 2549 et
2526 2494 2672 2548 nulla
2706 2494 2761 2547 in
2799 2508 2858 2548 re
2887 2499 3187 2560 occupatos
3224 2488 3293 2544 ad
3323 2498 3376 2544 te
3412 2501 3600 2569 voces,

2018 2594 2184 2655 atque
2234 2586 2488 2655 increpes
2515 2585 2679 2658 :‘liaec
2717 2585 2864 2640 enim
2916 2583 3204 2641 seditionis
3245 2589 3302 2637 et
3332 2581 3605 2650 importu-

2019 2693 2214 2733 narum
2247 2678 2536 2733 turbarum
2570 2690 2740 2733 causa
2778 2682 2946 2732 esset.

2092 2768 2181 2823 62.
2208 2765 2405 2839 Magna
2443 2767 2732 2839 prudentia
2764 2764 3112 2835 imperatoris
3139 2769 3245 2829 est,
3272 2758 3491 2830 quando
3536 2758 3607 2813 iis

2021 2854 2189 2910 sociis
2221 2854 2289 2908 ad
2330 2854 2610 2923 regionem
2652 2867 2809 2907 suam
2849 2850 3246 2907 defendendam
3291 2848 3488 2909 utitur,
3511 2845 3608 2915 qui

2021 2945 2263 2999 minores
2302 2951 2359 2999 et
2391 2958 2497 2997 non
2547 2941 2733 3012 plures
2780 2942 3018 3011 propriis
3068 2939 3245 3009 cepiis
3304 2937 3606 2999 exsistunt,

2022 3044 2274 3105 quosque
2300 3032 2439 3087 alias
2490 3031 2749 3087 inimicos
2794 3032 2901 3086 sibi
2949 3031 3186 3085 maxime
3214 3028 3429 3084 futuros
3457 3027 3609 3082 arbi-

2023 3132 2221 3189 tretur,
2254 3138 2345 3186 ne,
2384 3123 2431 3178 si
2462 3122 2649 3192 plures
2697 3121 2926 3188 fuerint,
2960 3128 3014 3176 et
3047 3120 3190 3175 inter
3225 3135 3286 3175 se
3316 3134 3613 3174 consense-

2025 3215 2163 3280 rint,
2192 3230 2313 3270 eam
2348 3214 2609 3270 invadant
2645 3214 2947 3285 regionem,
2980 3221 3033 3266 et
3064 3218 3349 3282 superent,
3384 3218 3614 3282 propter

333 3303 458 3372 χίαν
512 3304 843 3374 ἐκλήθησαν.
877 3304 941 3357 Οί
974 3304 1083 3376 γάρ
1114 3303 1299 3358 ἕνεκεν
1328 3305 1629 3377 χρημάτων
1656 3302 1798 3373 ὑπὲρ
1823 3302 1919 3357 σού

2026 3321 2190 3377 quam
2237 3305 2293 3360 in
2346 3305 2668 3361 societatem
2722 3312 2870 3359 tuam
2928 3302 3090 3358 asciti
3135 3308 3282 3356 sunt.
3320 3299 3425 3366 Qui
3482 3314 3615 3358 vero

334 3391 672 3446 κινδυνεύειν
713 3393 983 3464 ἑλόμενοι,
1031 3392 1174 3464 τάχα
1238 3394 1334 3448 καὶ
1392 3393 1658 3449 πλειόνων
1708 3394 1919 3466 χρημά-

334 3502 445 3538 των
479 3485 750 3558 πορισμοῦ
806 3485 995 3541 ἕνεκεν
1036 3485 1302 3543 καὶκατὰ
1327 3488 1422 3542 σοῦ
1480 3487 1920 3560 παρακινδυνεύ-

338 3592 432 3631 σου
439 3593 544 3631 σιν.

410 3668 513 3738 ξγ’.
532 3670 712 3725 Ὅταν
733 3671 809 3742 μὴ
836 3673 949 3735 τοῖς
974 3671 1348 3744 στρατεύμασι
1380 3671 1447 3727 τά
1499 3672 1785 3743 ἐπιτήδεια
1830 3671 1924 3726 καὶ

337 3764 440 3828 τὰς
477 3764 784 3834 ἀναγκαίας
816 3765 1025 3836 τροφὰς
1050 3762 1515 3839 προευτρεπίσῃς,
1553 3766 1676 3820 τότε
1711 3765 1807 3819 καὶ
1824 3782 1924 3817 πο-

288 3896 291 3897 ν
337 3855 545 3926 λεμίων
568 3858 739 3927 χωρὶς
772 3855 1076 3930 ἠττηθήσῃ.
1134 3856 1199 3911 Ἠ
1230 3857 1339 3929 γὰρ
1373 3857 1574 3921 σπάνις
1606 3857 1701 3911 καὶ
1752 3856 1928 3911 ἔνδεια

339 3945 441 4013 τῆς
483 3946 727 4016 δαπάνης
784 3946 1032 4011 καὶτοὺς
1062 3947 1404 4020 στρατιώτας
1441 3949 1535 4003 καὶ
1573 3948 1701 4012 τοὺς
1728 3948 1929 4013 ἵππους

341 4035 637 4108 ἐκλυθῆναι
672 4040 1108 4110 παρασκευάσει.

413 4128 506 4194 ξδ’.
538 4128 709 4184 Ὅταν
755 4132 868 4193 τοῖς
920 4130 1073 4195 ἰδίοις
1115 4130 1506 4203 καδαλλαρὶοις
1567 4131 1783 4204 Θαρῤῇς
1833 4130 1931 4187 καὶ

347 4222 583 4290 μάλιστα
616 4223 729 4287 τοῖς
774 4222 913 4292 μετὰ
941 4224 1240 4293 κονταρίων
1281 4222 1614 4293 πολεμοῦσιν
1645 4224 1773 4288 τοὺς
1803 4236 1932 4277 στε-

341 4313 470 4376 νοὺς
533 4312 627 4366 καὶ
706 4312 1031 4383 ἀνωμάλους
1085 4313 1286 4375 τόπους
1361 4312 1619 4380 ἔκφευγε.
1685 4310 1935 4383 ἐπιζήτει

344 4404 402 4458 δὲ
455 4405 653 4469 τόπους
704 4404 942 4475 ὁμαλοὺς
988 4405 1083 4459 καὶ
1128 4402 1276 4468 ἴσους
1308 4421 1321 4435 ’
1359 4396 1635 4475 οὗτοιγάρ
1671 4404 1776 4457 εἰσι
1823 4406 1937 4468 τοῖς

346 4496 489 4550 οὕτω
550 4495 1056 4567 παρατασσομένοις
1108 4496 1376 4566 ἁρμόδιοι,
1422 4496 1515 4549 καὶ
1538 4493 1774 4549 ἐνταῦθα
1803 4511 1939 4564 συγο

350 4588 533 4659 κρότει
586 4589 679 4644 τὸν
730 4589 990 4659 πόλεμον.
1052 4590 1115 4643 Εἰ
1147 4588 1205 4643 δὲ
1259 4586 1515 4653 πεζικαῖς
1564 4587 1789 4660 Θαρρεῖς
1841 4587 1933 4641 δυ-

2024 3398 2386 3470 pccuniarum
2419 3412 2588 3453 causa
2642 3410 2741 3467 pro
2788 3402 2843 3451 te
2896 3394 3199 3466 periclitari
3233 3392 3447 3454 volunt,
3500 3391 3617 3447 for-

2025 3491 2188 3547 tassis
2220 3491 2447 3561 majoris
2487 3504 2717 3547 summa:
2745 3502 2913 3545 causa
2941 3493 3135 3543 contra
3159 3492 3213 3541 te
3234 3500 3300 3541 ex
3337 3482 3614 3540 contraria

2024 3590 2178 3655 parte
2207 3582 2551 3639 dimicarent.

2097 3675 2186 3731 65.
2229 3674 2462 3741 Quando
2496 3673 2764 3730 exercitui
2806 3678 3198 3734 commeatum,
3223 3676 3279 3724 et
3307 3682 3396 3723 res
3424 3679 3618 3722 neces-

2029 3768 2207 3823 sarias
2237 3782 2346 3822 non
2401 3746 2700 3837 praparas,
2754 3762 2914 3819 facile
2955 3764 3165 3833 absque
3219 3760 3473 3816 hostibus
3526 3774 3627 3814 su-

2028 3859 2307 3929 peralieris
2354 3866 2621 3929 :egeslas
2674 3855 2843 3920 enim,
2895 3862 2950 3910 et
3008 3853 3194 3922 inopia
3251 3857 3617 3915 commeatus,

2032 3961 2147 4007 tum
2180 3949 2407 4016 milites,
2434 3961 2548 4005 tum
2579 3964 2752 4020 equos
2772 3948 2938 4003 etiam
2963 3942 3353 4001 contabefacit.

2104 4138 2195 4194 64.
2228 4137 2287 4195 Si
2314 4137 2537 4209 quando
2580 4134 2933 4205 equestribus
2971 4131 3146 4202 cepiis
3187 4128 3302 4186 tuis
3342 4129 3516 4184 fretus
3539 4141 3621 4193 es,

2035 4240 2088 4287 et
2116 4231 2185 4286 iis
2211 4230 2266 4287 in
2290 4230 2504 4300 primis,
2532 4227 2627 4298 qui
2668 4226 2869 4281 hastati
2895 4232 3047 4289 sunt,
3087 4229 3321 4294 angusta
3350 4232 3515 4289 atque
3540 4220 3625 4275 in-

2037 4323 2270 4394 aequalia
2296 4322 2418 4377 loca
2443 4320 2650 4387 devita,
2692 4327 2746 4375 et
2784 4319 2905 4374 loca
2936 4317 3099 4387 plana
3139 4314 3501 4385 expositaque
3524 4327 3625 4369 ex-

2038 4417 2238 4487 quire;
2270 4415 2386 4470 haze
2417 4415 2563 4470 enim
2597 4419 2727 4469 sunt
2761 4411 2827 4467 iis
2872 4410 2966 4479 qui
3017 4410 3100 4465 sic
3134 4408 3483 4463 instruuntur
3509 4406 3628 4461 ido-

2039 4525 2165 4573 nea,
2222 4508 2410 4579 ibique
2456 4507 2740 4562 committe
2802 4503 3075 4575 praelium.
3131 4501 3226 4557 Sin
3279 4497 3629 4571 pedestribus

2042 4598 2219 4669 cepiis
2250 4597 2424 4653 fretus
2453 4597 2553 4663 sis,
2613 4594 2923 4664 inaequalia,
2956 4592 3233 4648 condensa
3266 4599 3321 4645 et
3348 4588 3629 4661 asperiora

350 4680 598 4751 νάμεσιν,
655 4680 976 4752 ἀνωμάλους
1034 4680 1130 4735 καὶ
1179 4679 1363 4744 δασεῖς
1419 4680 1514 4734 καὶ
1564 4679 1920 4751 τραχυτέρους

2040 4690 2157 4747 loca
2186 4690 2346 4761 elige,
2375 4698 2430 4745 et
2462 4690 2515 4744 in
2550 4689 2660 4746 illis
2690 4688 2887 4745 bellum
2918 4700 3096 4757 geras.

351 4772 607 4842 ὲπιλέγου
650 4774 870 4838 τόπους,
922 4772 1017 4827 καὶ
1052 4774 1109 4827 ὲν
1152 4771 1362 4836 τούτοις
1406 4771 1641 4825 ἐπιτέλει
1705 4771 1806 4843 τὴν
1836 4770 1939 4841 μά-

351 4880 476 4934 χην.

427 4953 518 5019 Es’.
570 4955 745 5028 ’Υπὲρ
807 4955 1036 5009 σεαυτοῦ
1082 4955 1176 5008 καὶ
1227 4953 1322 5008 τοῦ
1364 4954 1458 5008 σοῦ
1514 4953 1646 5007 λαοῦ
1696 4952 1945 5009 ἀντιδου-

352 5048 524 5120 λεὺσῃ
558 5050 673 5121 (‘25)
731 5050 874 5104 κατὰ
901 5049 1011 5102 τῶν
1042 5047 1341 5116 πολεμίων,
1392 5048 1487 5102 καὶ
1527 5048 1628 5119 τὴν
1687 5048 1946 5117 τοιαύτην

356 5140 554 5211 βουλὴν
616 5141 860 5215 ἀκούσῃς
900 5139 1301 5211 προδεδομένην
1344 5141 1528 5203 αὐτοῖς
1554 5181 1567 5205 ,
1618 5139 1851 5193 καθόλου
1880 5139 1948 5192 τὰ

360 5229 785 5303 βεϐουλευμένα,
842 5231 953 5283 εἴτε
1008 5233 1066 5283 ὲν
1140 5228 1466 5301 παρατάξει,
1528 5228 1637 5281 εἴτε
1668 5233 1725 5281 ἐν
1761 5227 1949 5292 ἄλλαις

359 5323 833 5395 παραγγελίαις,ἦ
865 5326 1163 5395 σχήμασιν,
1197 5322 1547 5376 ὲναλλὰσσειν
1573 5321 1832 5392 ὀφείλεις.

434 5414 543 5480 Eg’.
581 5418 687 5470 Σὺν
725 5415 940 5470 πλείοσι
990 5416 1089 5484 μὲν
1132 5415 1263 5485 περὶ
1308 5408 1383 5469 ὧν
1423 5413 1638 5483 μέλλεις
1691 5415 1952 5487 πράττειν

364 5503 660 5574 βουλεύου,
693 5506 746 5559 τί
802 5506 860 5559 δὲ
916 5505 1141 5578 πράξεις
1195 5505 1293 5558 σὺν
1341 5504 1545 5571 ὀλίγοις
1592 5504 1685 5558 καὶ
1743 5503 1953 5567 τούτοις

366 5599 602 5663 πιστοῖς,
637 5598 699 5651 τὸ
742 5598 799 5651 δὲ
866 5597 1144 5668 συμφέρον
1188 5614 1282 5650 σου
1318 5636 1333 5661 ,
1392 5597 1564 5666 ἡγουν
1614 5594 1713 5664 τὴν
1762 5593 1952 5647 πασῶν

1896 5754 2128 5823 NOTAE,

442 5873 555 5943 (23)
604 5872 869 5943 ’Agpopg'ic.
904 5869 1585 5943 Scrilieliatur._&tpo;apé;.

444 5940 559 6017 (9.4)
593 5940 673 5999 Af
703 5984 716 5998 .
741 5940 768 5996 ⁷.
790 5940 822 5998 ν.
860 5947 966 6011 είς.
991 5942 1201 6009 Scribe,
1229 5940 1296 5996 δι’
1329 5942 1396 6011 ἢν
1423 5940 1525 6006 είς,

2122 4957 2211 5014 65.
2244 4957 2299 5015 Si
2339 4958 2407 5015 de
2443 4966 2495 5014 te
2523 4958 2745 5027 tuisque
2773 4954 2949 5026 copiis
2977 4951 3270 5008 adversum
3299 4949 3507 5011 hostes,
3528 4947 3634 5002 ali-
3660 4942 3663 4947 ⁴

2051 5047 2182 5119 quid
2247 5049 2662 5121 deliberaveris,
2713 5054 2769 5101 et
2819 5042 3117 5099 consilium
3167 5050 3322 5095 tuum
3382 5038 3639 5093 hostibus

2054 5141 2390 5210 patefactum
2422 5156 2546 5197 esse
2567 5137 2929 5203 intellexeris,
2954 5150 3118 5191 omne
3137 5132 3430 5188 consilium
3458 5140 3638 5193 tuum,

2056 5232 2202 5301 quod
2250 5231 2586 5292 intenderas,
2619 5228 2735 5284 sive
2779 5227 2837 5282 in
2888 5226 3009 5282 acie
3053 5224 3399 5289 instruenda,
3438 5224 3555 5277 sive
3584 5220 3641 5275 in

2058 5324 2183 5378 aliis
2223 5321 2686 5392 prmceptionibus
2719 5318 3025 5389 formisque
3047 5318 3140 5380 sit,
3174 5315 3481 5385 repudiato.

2134 5412 2224 5468 66.
2257 5412 2392 5466 Cum
2423 5410 2677 5482 plurimis
2707 5409 2778 5466 de
2827 5411 2995 5466 rebus
3048 5407 3303 5478 gerendis
3358 5404 3641 5461 delibera:

2062 5503 2193 5575 quid
2232 5511 2289 5559 tu
2315 5504 2431 5573 ipse
2479 5502 2725 5557 facturus
2778 5501 2877 5566 sis,
2904 5514 3029 5556 cum
3064 5497 3273 5569 paucis,
3310 5495 3487 5566 iisque
3510 5493 3644 5548 fide.-

2062 5595 2208 5651 lihus
2247 5594 2543 5650 admodum
2567 5594 2935 5653 communica.
2959 5592 3099 5657 Quid
3133 5604 3262 5646 vero
3292 5587 3644 5660 potissimum

2064 5850 2069 5851 ⁷
2131 5870 2246 5943 (es)
2289 5870 2766 5938 Ἀντισουλεύσῃ.
2791 5866 3010 5971 scribe,
3038 5866 3104 5922 σω
3133 5881 3185 5919 τι
3212 5861 3504 5935 βουλεύσῃ.
