4120 6448
561 506 699 579 1031

1822 490 2012 549 LEON
2026 488 2094 547 IS
2124 484 2583 549 PHILOSOPHI

3678 467 3817 535 1032

552 621 700 672 factu
732 614 827 679 sit,
861 611 928 681 et}
955 610 1099 681 quod
1133 623 1201 664 ex
1247 605 1501 661 omnibus
1544 600 1836 658 consilium
1875 609 1956 653 est
1994 599 2131 667 opti-

2240 598 2490 651 καλλίονα
2533 592 2727 664 βουλὴν
2782 590 2920 644 κατά
2978 587 3201 641 σεαυτὸν
3248 584 3634 652 ἐπιλεξάμενος
3692 588 3818 638 κάτ-

546 724 691 763 mutn
730 706 872 774 apud
906 704 1138 772 teipsum
1169 701 1344 755 solum
1381 713 1557 752 serva.

615 799 702 851 67.
740 796 805 849 Ut
838 794 1111 849 exercitus
1144 798 1369 861 integer,
1414 805 1476 844 ac
1531 790 1647 842 sine
1703 788 1808 839 ulla
1846 783 2127 854 perturba-

546 891 696 945 tione
724 889 817 949 sit,
849 886 930 940 vel
962 900 1026 939 eo
1055 883 1358 939 exercitum
1414 880 1620 941 ducito,
1655 878 1743 931 ubi
1780 885 2123 929 commeatus

544 992 837 1045 rerumque
868 974 1304 1029 necessariarum
1334 967 1670 1023 abundantia
1694 974 1799 1031 est,
1832 972 1925 1017 aut
1946 964 2123 1031 ipsum

543 1075 933 1131 commeatum,
982 1074 1035 1118 et
1091 1078 1179 1118 res
1210 1060 1554 1115 necessarias
1606 1055 1873 1111 exercitui
1922 1067 2125 1122 appor-

544 1161 706 1213 tabis.

613 1250 702 1303 68.
736 1247 849 1301 Non
879 1261 972 1315 per
1000 1244 1375 1313 speculatores
1407 1244 1585 1298 solum
1618 1239 2000 1311 perlustrauda
2039 1238 2124 1291 via

543 1342 819 1396 exercitus
842 1341 920 1392 tui
950 1343 1055 1402 est,
1081 1335 1174 1390 sed
1212 1346 1264 1390 et
1300 1342 1358 1388 tu
1386 1335 1707 1404 imperator,
1736 1332 1779 1384 si
1818 1330 2123 1393 commode,

540 1442 597 1488 et
627 1433 766 1488 clam
796 1430 1021 1501 poteris,
1077 1427 1186 1482 tuis
1234 1426 1409 1495 ipsius
1441 1424 1619 1478 oculis
1650 1423 1831 1476 omnia
1860 1421 1975 1473 loca
2007 1435 2127 1487 per-

542 1519 839 1587 vestigabis
870 1533 884 1570 :
932 1530 1107 1585 neque
1143 1514 1259 1566 vias
1306 1514 1507 1576 solum,
1567 1509 1662 1564 sed
1694 1509 1856 1563 etiam
1886 1507 2124 1559 hostium

545 1609 962 1665 adventantium
1004 1603 1435 1667 multitudinem,
1466 1610 1518 1654 et
1565 1600 1784 1653 illorum
1826 1598 2019 1657 aciem,
2068 1602 2127 1647 ut

546 1702 757 1755 indetu
796 1701 1099 1754 instructus
1156 1696 1334 1766 possis
1390 1694 1457 1747 ad
1515 1702 1729 1747 tuorum
1788 1690 2043 1749 salutem,
2073 1695 2125 1740 et

546 1790 787 1844 hostium
824 1786 1183 1843 offensionem
1216 1782 1397 1839 omnia
1425 1782 1755 1851 excogitare.

612 2052 701 2106 69.
746 2051 1115 2106 Formidinem
1168 2049 1427 2112 militum,
1453 2061 1516 2100 ac
1566 2045 1874 2098 animorum
1920 2042 2128 2097 demis-

544 2142 753 2195 sionem
793 2142 857 2195 ad
885 2140 1319 2211 magnitudinem
1353 2136 1520 2190 animi
1558 2132 1862 2194 revocabis,
1897 2142 1949 2185 et
1997 2132 2130 2184 arti-

542 2234 646 2287 bus
678 2233 867 2295 variis,
902 2247 966 2285 ac
1015 2230 1195 2286 modis
1260 2229 1385 2281 illos
1433 2225 1818 2286 exsuscitabis,
1856 2224 2128 2276 interdum

542 2324 815 2383 oratione,
878 2320 1151 2376 interdum
1208 2318 1371 2373 donis
1417 2316 1753 2379 sublevabis,
1784 2323 1835 2369 et
1890 2315 2134 2381 abjectas

544 2415 763 2467 illorum
842 2422 1053 2467 mentes
1134 2411 1203 2465 ad
1270 2410 1509 2479 aliquam
1565 2406 2015 2477 tranquillitatem
2070 2419 2133 2459 ac

546 2507 927 2560 strenuitatem
952 2505 1154 2573 eriges.

619 2595 707 2649 70.
773 2594 969 2663 Aliqua
1020 2593 1185 2647 etiam
1243 2605 1525 2646 sacrorum
1588 2588 1914 2658 templorum
1971 2596 2134 2656 atque

548 2687 811 2741 asilorutn
863 2684 1057 2754 religio
1093 2684 1183 2747 sit,
1234 2692 1289 2737 et
1332 2690 1754 2745 conserventur,
1805 2681 1900 2749 qui
1949 2678 2016 2733 ad
2063 2692 2126 2734 ea

547 2778 662 2831 loca
696 2774 1102 2846 profugerunt:
1146 2787 1324 2843 neque
1370 2779 1428 2826 tu
1485 2786 1663 2840 neque
1715 2786 1779 2825 ex
1826 2770 1933 2824 tuis
1966 2768 2122 2838 quis-

544 2882 707 2937 quam
737 2881 851 2930 eos,
886 2866 980 2935 qui
1040 2865 1107 2918 ad
1155 2878 1311 2917 sacra
1368 2861 1736 2929 confugerunt
1781 2861 1973 2915 violes.
2011 2859 2121 2915 Eos

544 2962 749 3020 autem,
799 2955 891 3025 qui
932 2953 1039 3008 tale
1097 2952 1303 3022 aliquid
1362 2958 1604 3022 patrant,
1653 2951 1804 3021 justo
1853 2949 2123 3019 supplicio

543 3048 848 3105 coercebis.

2234 705 2346 756 εχε.

2304 776 2402 842 Et.
2439 776 2629 829 Ἰναδέ
2685 774 2822 841 σοιὴ
2860 770 3189 840 ὲκστρατεία
3245 770 3448 831 ἄλυπος
3490 768 3815 838 διατηρῆται

2234 870 2326 921 κοιλ⁹
2390 869 2701 939 ἐρρωμένη,
2776 867 2893 919 δέον
2928 882 2985 917 σε
3018 864 3050 933 ἢ
3080 862 3218 933 πρὸς
3266 862 3333 914 τὰ
3389 862 3673 930 ἐπιτήδεια
3720 861 3819 927 τῆς

2239 958 2427 1027 χρείας
2472 957 2529 1009 τὸ
2559 958 2871 1026 στράτευμα
2915 953 3231 1021 ἀπάγειν,ἧ
3268 952 3407 1003 αὐτὰ
3437 951 3503 1003 τὰ
3541 948 3824 1019 ἐπιτήδεια

2234 1050 2370 1119 πρὸς
2399 1049 2459 1099 τὸ
2494 1048 2809 1118 στράτευμα
2845 1045 3255 1115 μετακομίζειν.

2302 1228 2404 1297 ξη’.
2439 1228 2512 1279 Οὔ
2562 1226 2648 1278 διὰ
2704 1223 2924 1276 σκοπῶν
2976 1224 3056 1275 δεῖ
3115 1221 3273 1291 μόνον
3321 1220 3661 1290 προερευνᾷν
3722 1218 3826 1278 τὰς

2233 1319 2405 1381 ὀδοὺς,
2440 1318 2576 1371 ἀλλὰ
2620 1318 2712 1368 καὶ
2766 1315 2949 1379 αὑτὸν,
2988 1314 3035 1364 εί
3068 1310 3310 1376 δυνατὸν,
3365 1310 3459 1362 τὸν
3510 1308 3826 1379 στρατηγὸν

2232 1410 2503 1478 λαθραίως
2548 1412 2660 1472 τοῖς
2709 1408 2931 1469 οἰκείοις
2989 1405 3288 1473 ὀφθαλμοῖς
3343 1404 3484 1471 μετὰ
3533 1401 3827 1472 ἀκριϐείας

2229 1502 2431 1563 ταύτας
2493 1502 2810 1553 κατανοεῖνο
2880 1498 2975 1551 καὶ
2998 1498 3057 1550 οὖ
3098 1498 3258 1567 μόνον
3309 1496 3405 1559 τὰς
3461 1497 3636 1561 ὁδοὺς,
3695 1494 3813 1547 ἀλλ’

2232 1594 2345 1659 εἴγε
2393 1590 2615 1645 δυνατὸν
2675 1589 2854 1642 καὶτὸ
2883 1588 3089 1657 πλῆθος
3151 1586 3259 1639 τῶν
3290 1584 3678 1654 ἐπερχομένων
3722 1600 3822 1635 ποι

2229 1684 2452 1751 λεμίων,
2508 1685 2600 1735 καὶ
2660 1682 2755 1751 τὴν
2820 1681 2976 1744 τάξιν
3032 1680 3256 1738 αὐτῶν,
3328 1678 3403 1739 ὡς
3458 1678 3522 1729 ἂν
3574 1674 3831 1727 ἐντεῦθεν

2228 1772 2614 1842 διδασκόμενος
2675 1772 2898 1825 δύναται
2949 1771 3040 1821 καὶ
3122 1771 3243 1822 κατ’
3302 1767 3481 1822 αὐτῶν
3542 1768 3634 1818 καὶ
3686 1767 3831 1832 ὑπὲρ

2230 1864 2421 1917 ἑαυτοῦ
2476 1863 2733 1933 ἀσφαλῶς
2790 1865 2857 1915 τὰ
2892 1860 3217 1930 ἐνδεχόμενα
3270 1862 3503 1913 ἐπινοεῖν
3558 1859 3653 1911 καὶ
3695 1860 3834 1926 μεθ-

2154 1951 2197 2007 Β
2227 1956 2450 2009 οδεύειν.

2315 2046 2413 2110 εον.
2461 2046 2670 2116 unum
2716 2044 2930 2116 διανοίᾳ
2960 2046 3057 2113 τὴν
3093 2044 3517 2113 ἐμπεσουμένην
3569 2054 3699 2095 ποτε
3722 2041 3837 2093 δει-

2239 2136 2358 2190 λίαν
2403 2138 2515 2199 τοῖς
2561 2135 2920 2205 στρατιώταις
2952 2132 3248 2197 ἀνακαλοῦ,
3276 2133 3369 2185 καὶ
3399 2132 3613 2201 τέχναις
3641 2130 3838 2199 διαφό-

2246 2246 2360 2299 ροις
2416 2228 2496 2290 είς
2546 2226 2748 2296 Θάρσος
2779 2228 3003 2289 τούτους
3029 2228 3293 2293 ἐπάναγε,
3330 2224 3459 2278 ποτέ
3499 2223 3600 2293 μέν
3625 2223 3835 2290 λόγοις.

2242 2318 2372 2371 ποτέ
2394 2317 2450 2371 δὲ
2480 2316 2675 2387 δώροις
2730 2318 3135 2385 ἀνακτώμενος,
3198 2316 3293 2370 καὶ
3353 2315 3490 2385 πρὸς
3566 2313 3836 2385 εὐθυμίαν

2245 2408 2524 2479 μεθέλκων
2552 2409 2650 2477 τὴν
2678 2409 2936 2480 ἀθυμίαν.

2312 2590 2380 2645 θ’.
2424 2591 2625 2656 Καλὸν,
2654 2592 2713 2645 ἐν
2757 2592 2924 2645 παντὶ
2982 2593 3161 2664 καιρῷ
3216 2596 3380 2663 τιμᾷν
3421 2595 3515 2646 καὶ
3576 2590 3833 2646 σέϐεσθαι

2237 2682 2361 2745 τοὺς
2404 2683 2582 2753 ἱεροὺς
2628 2682 2723 2735 τοῦ
2786 2684 2923 2737 Θεοῦ
2975 2687 3161 2748 ναοὺς,
3197 2686 3435 2754 μάλιστα
3467 2685 3523 2737 δὲ
3556 2686 3650 2738 καὶ
3675 2687 3731 2737 ἐν
3755 2686 3835 2755 τῷ

2234 2775 2466 2841 ἀσύλους
2489 2778 2687 2841 αὐτοὺς
2719 2779 3095 2851 διατηρεῖσθαι
3117 2783 3195 2842 είς
3214 2780 3341 2841 τοὺς
3368 2782 3424 2831 ἐν
3449 2780 3630 2841 αὐτοῖς
3663 2797 3836 2849 προσ-

2231 2866 2529 2934 φεύγοντας
2551 2886 2566 2901 ·
2600 2868 2687 2921 διὰ
2714 2869 2869 2922 τοῦτο
2893 2871 3301 2939 παραφύλαττε,
3332 2864 3376 2923 ὧ
3412 2870 3703 2939 στρατηγέ,
3738 2869 3837 2922 καὶ

2236 2956 2374 3027 μήτε
2402 2959 2467 3011 σὺ
2499 2959 2684 3024 αὐτὸς,
2750 2960 2887 3031 μήτε
2930 2962 3008 3023 είς
3035 2979 3155 3015 τινα
3192 2960 3380 3030 ἕτερον
3426 2958 3699 3031 καταδέξῃ
3725 2959 3838 3010 ἀπὸ

2236 3046 2383 3101 θείου
2441 3049 2570 3103 ναοῦ
2628 3051 2949 3106 ἀποσπᾶσαί
2981 3069 3101 3105 τινα
3135 3052 3320 3117 ἱκέτην
3368 3052 3698 3120 καθήμενον,
3729 3050 3837 3112 ἕως

546 3143 610 3197 ἂν
636 3142 730 3195 τοῦ
788 3142 996 3194 δικαίου
1054 3140 1217 3192 αὑτοῦ
1251 3140 1501 3212 ἐπιτύχῃ.
1553 3140 1596 3191 Τ
1599 3140 1691 3201 οὺς
1718 3139 1776 3192 δέ
1805 3152 1858 3191 τι
1887 3137 2129 3192 τοιοῦτον
2168 3142 2482 3213 τολμῶντας
2503 3146 2578 3211 ώς
2612 3148 2827 3212 ἀσεϐεῖς
2856 3148 3075 3214 κόλαζε,
3112 3149 3199 3201 ἵνα
3254 3148 3327 3218 μὴ
3357 3148 3425 3200 τὰ
3486 3146 3604 3200 θεῖα
3662 3163 3834 3200 κατα-

549 3236 867 3308 φρονοῦνται
877 3277 888 3291 .

619 3328 708 3381 7|.
751 3327 834 3381 Ab
882 3326 1031 3380 omni
1062 3327 1280 3396 negotio
1317 3326 1645 3389 domestico,
1700 3334 1865 3396 atque
1924 3326 2125 3396 injuria
2154 3335 2196 3393 ο

548 3420 776 3475 liberam
809 3419 1021 3489 plebem
1071 3427 1220 3471 tuam
1275 3420 1652 3485 conservabis,
1682 3435 2023 3489 quaecunque
2076 3422 2131 3474 itt

546 3514 794 3568 exercitu
854 3522 956 3577 est,
992 3523 1046 3568 et
1074 3528 1197 3583 qua:
1245 3523 1599 3569 exauctorata
1650 3523 1753 3568 est.
1807 3513 1953 3569 Satis
1984 3515 2128 3569 enim

550 3604 657 3659 illis
684 3612 768 3658 est
808 3604 1075 3657 tributum
1122 3604 1399 3671 publicum
1448 3604 1708 3673 pendere,
1748 3607 2006 3676 nullaque
2028 3606 2132 3660 alia

554 3708 608 3749 re
638 3695 833 3761 premi.
867 3692 922 3747 Si
949 3695 1231 3748 castellum
1258 3694 1500 3764 aliquod,
1545 3704 1639 3750 aut
1667 3706 1843 3766 porta,
1876 3706 1969 3751 aut
1997 3714 2135 3769 pons

549 3782 922 3839 coniiciendus
981 3782 1076 3848 sit,
1136 3784 1222 3838 vel
1288 3786 1376 3839 via
1434 3786 1614 3855 aliqua
1673 3789 1989 3853 sternenda,
2035 3798 2130 3843 aut

549 3873 697 3929 aliud
728 3874 861 3944 quid
903 3874 1180 3945 publicum
1226 3878 1625 3932 exstrucndum
1679 3888 1781 3943 est,
1826 3896 2001 3950 neque
2033 3897 2131 3950 pu-

547 3966 709 4022 blicis
734 3966 914 4021 mrarii
956 3966 1211 4036 expensis
1259 3967 1467 4023 absolvi
1509 3978 1710 4038 potest,
1750 3972 2131 4040 unusquisque

549 4066 664 4110 tum
693 4071 760 4111 ex
790 4071 949 4126 aequo
979 4057 1107 4110 huic
1132 4058 1281 4126 operi
1310 4058 1598 4123 inserviat,
1642 4072 1914 4129 nemoque
1936 4060 2003 4112 ab
2028 4060 2131 4112 bac

552 4159 611 4199 re
635 4155 931 4200 excusetur
952 4162 1129 4217 neque
1156 4148 1421 4214 amicitia,
1458 4164 1635 4219 neque
1656 4148 1836 4211 donis,
1865 4156 1922 4203 ut
1947 4149 2013 4203 ab
2043 4149 2130 4203 of-

554 4234 677 4291 ﬁcio
711 4250 813 4291 suo
841 4238 1005 4304 absit,
1029 4239 1123 4294 sed
1152 4238 1303 4307 justa
1352 4247 1405 4295 et
1433 4249 1583 4294 certa
1626 4255 1750 4294 cum
1776 4241 2130 4310 proportione

553 4331 934 4399 unusquisque
981 4339 1094 4384 tum
1137 4332 1311 4397 dives,
1362 4341 1479 4387 tum
1523 4348 1730 4403 pauper
1775 4348 1874 4403 pro
1918 4333 2128 4390 viribus

553 4418 670 4473 suis
693 4419 968 4487 publicum
1006 4421 1290 4476 servitium
1318 4430 1557 4491 praestet.

2301 3327 2398 3383 οα’.
2443 3331 2773 3399 ’Λγγαρείας
2843 3329 3066 3397 ἁπάσης
3118 3328 3400 3397 ἰδιωτικῆς
3460 3328 3553 3381 καὶ
3609 3328 3830 3391 ἀδικίας

2234 3419 2518 3491 ἐλεύθερον
2578 3419 2811 3488 φύλαττε
2866 3420 2956 3473 τὸν
3006 3420 3111 3476 ὑπὸ
3172 3419 3233 3472 σὲ
3286 3420 3614 3489 τεταγμένον
3683 3419 3836 3479 λαὸν.

2232 3512 2347 3565 ὅσοι
2378 3510 2472 3563 τοῦ
2490 3510 2723 3578 στρατοῦ
2743 3512 2872 3575 εἰσι,
2906 3512 2999 3565 καὶ
3030 3511 3144 3563 ὅσοι
3174 3510 3270 3580 τῆς
3293 3510 3596 3581 λεγομένης
3631 3510 3839 3575 ἐξατω-

2241 3600 2361 3671 ρίας
2412 3598 2524 3669 (26)
2555 3615 2567 3629 ·
2596 3600 2756 3669 ἀρκεῖ
2820 3599 2930 3667 γὰρ
2980 3598 3163 3660 αὐτοῖς
3197 3596 3372 3649 τελεῖν
3411 3595 3537 3658 τούς
3575 3612 3633 3648 τε
3664 3596 3838 3666 δημοιο

2240 3692 2389 3754 σίους
2449 3690 2649 3763 φόρους
2711 3692 2805 3744 καὶ
2836 3690 2903 3742 τὰ
2930 3690 3254 3759 ἐπικείμενα
3290 3689 3471 3751 αὐτοῖς
3505 3686 3705 3759 ἀερικά
3740 3688 3838 3739 καὶ

2244 3783 2408 3854 μηδὲν
2434 3783 2593 3835 πλέον
2624 3782 3077 3851 καταϐαρεῖσθαι.
3118 3780 3242 3833 Ἐἀν
3291 3780 3384 3850 δέη
3432 3778 3548 3849 (‘27)
3586 3795 3833 3847 ,καστρο-

2240 3872 2424 3925 κτισία
2485 3871 2736 3941 γένηται,
2772 3872 2805 3941 ἢ
2842 3870 3233 3940 καραϐοποιία,
3301 3869 3334 3938 ἢ
3393 3867 3642 3938 γεφύρας
3697 3869 3835 3921 rivi--

2242 3981 2436 4030 κτισις,
2479 3964 2511 4033 ἢ
2555 3964 2673 4016 ὀδοῦ
2717 3964 3087 4026 κατάστασις,
3149 3962 3181 4030 ἢ
3243 3959 3463 4029 ἀνάγκη
3516 3976 3601 4022 τις
3668 3958 3835 4029 ὲτέρα

2239 4057 2346 4109 τῶν
2403 4056 2679 4127 δημοσίων
2712 4056 3057 4127 διοικήσεων,
3118 4054 3212 4109 καὶ
3257 4054 3357 4107 ούκ
3385 4054 3620 4123 ἐπαρκεῖ
3647 4052 3708 4105 τὸ
3728 4070 3833 4105 κα-

2240 4147 2306 4201 τὰ
2330 4148 2421 4200 τὸν
2485 4148 2651 4201 τόπον
2710 4148 2968 4217 δημόσιον
3039 4147 3129 4199 διὰ
3182 4144 3376 4216 μισθοῦ
3438 4143 3613 4198 ταῦτα
3664 4142 3835 4214 ἐργά-

2238 4238 2448 4304 ζεσθαι.
2478 4240 2610 4293 Τότε
2642 4240 2783 4311 μετά
2825 4239 2920 4293 τοῦ
2954 4239 3164 4292 δικαίου
3196 4238 3358 4306 λόγου
3388 4238 3483 4290 καὶ
3518 4236 3619 4306 τῆς
3654 4236 3834 4304 ἰσότη-

2236 4350 2325 4395 τος
2377 4332 2619 4396 ἆπαντες
2672 4332 3099 4392 δουλευέτωσαν,
3137 4331 3232 4384 καὶ
3263 4331 3452 4401 μηδεὶς
3502 4328 3655 4399 παρά
3686 4345 3833 4389 τινος

2248 4422 2813 4497 ἐξκουσευέ[τω]σθω,
2847 4426 2983 4494 μήτε
3010 4423 3095 4475 διὰ
3123 4422 3333 4492 δώρων,
3370 4424 3505 4492 μήτε
3537 4420 3625 4473 διὰ
3649 4418 3834 4487 φιλίαν

551 4504 652 4575 τῆς
701 4506 954 4579 τοιαύτης
998 4509 1243 4572 δουλείας
1290 4512 1778 4581 ἀπολιμπανὲσθω,
1820 4513 1955 4568 ἀλλὰ
1988 4515 2127 4569 κατά
2166 4513 2389 4583 ἀλογίαν
2426 4519 2525 4587 τῆς
2556 4515 2668 4586 (28)
2698 4514 2984 4584 δυνάμεως
3015 4512 3180 4567 αὑτοῦ
3213 4514 3441 4576 ἕκαστος
3504 4512 3598 4566 καὶ
3667 4508 3834 4562 πλού-

555 4614 669 4662 σιος
721 4600 815 4652 καὶ
877 4602 1045 4670 πένης
1092 4602 1191 4673 τὴν
1254 4604 1523 4674 δημοσίαν
1580 4606 1821 4662 δουλείαν
1870 4608 2311 4664 ὲπιτελείτωσαν.
2613 4661 2625 4668 .

627 4692 714 4745 72.
741 4692 970 4747 Militum
1000 4694 1053 4748 in
1074 4694 1217 4750 bello
1244 4698 1582 4763 cadentium,
1616 4708 1778 4770 atque
1813 4717 2004 4756 eorum
2034 4717 2127 4771 po-

2308 4699 2407 4771 οβ’.
2458 4698 2600 4768 Ὶερόι
2658 4699 2860 4753 εἰσιτὰ
2917 4700 3025 4753 τῶν
3086 4697 3462 4752 τελευτώντων
3503 4697 3560 4748 ἐν
3610 4695 3833 4765 πολέμῳ

555 4784 851 4849 tissimum,
899 4785 994 4855 qui
1026 4795 1251 4841 strenue
1291 4804 1355 4843 se.
1376 4799 1594 4859 gerunt,
1619 4802 1673 4846 et
1700 4807 1800 4861 pro
1831 4791 1934 4846 ﬁde
1973 4792 2136 4846 Chri-

555 4876 732 4927 stiana
770 4878 967 4930 mortui
1001 4885 1155 4940 sunt,
1208 4893 1440 4947 corpora
1499 4880 1726 4934 honeste
1778 4880 2135 4949 sepeliantur,

557 4981 763 5035 eosque
804 4968 946 5022 bona
995 4976 1160 5039 atque
1208 4972 1435 5026 honesta
1472 4972 1953 5026 commendatione
1990 4988 2139 5027 mor-

557 5064 681 5113 tuos
713 5073 1132 5129 prosequamur.
1158 5060 1263 5116 Sed
1306 5070 1361 5115 et
1392 5061 1549 5117 liberi
1594 5061 1834 5128 illorum,
1868 5071 1921 5115 et
1945 5063 2140 5132 conju-

559 5164 677 5215 ges,
705 5150 1073 5219 universaque
1116 5150 1345 5215 familia,
1382 5160 1474 5206 tua
1504 5152 1846 5222 providentia
1884 5168 1948 5206 ac
2004 5170 2140 5222 prro-

559 5239 701 5293 sidio
732 5241 967 5294 alantur.
1004 5242 1081 5295 ita
1120 5243 1264 5296 enim
1298 5243 1503 5299 milites
1552 5244 1783 5307 alacres,
1818 5252 1983 5313 atque
2009 5244 2140 5298 inei-

560 5330 655 5382 tati
716 5330 784 5384 ad
833 5331 1024 5386 bellica
1072 5332 1313 5400 pericula
1369 5334 1721 5404 suscipienda
1763 5343 1946 5398 erunt,
1984 5335 2026 5389 si
2086 5336 2138 5388 in

564 5424 782 5477 illorum
821 5438 1050 5479 excessu
1084 5439 1114 5479 e
1146 5425 1255 5477 vita
1288 5436 1535 5491 cernant,
1583 5427 1711 5495 quid
1747 5435 1933 5495 postea
1968 5441 2043 5491 se,
2082 5440 2144 5480 ac

564 5515 682 5570 suis
710 5514 818 5576 ﬂat,
851 5516 896 5570 si
933 5530 993 5570 se
1026 5524 1281 5571 strenuos
1306 5516 1362 5569 in
1403 5516 1546 5571 bello
1582 5516 1873 5585 gesserint.

2248 4792 2596 4857 στρατιωτῶν
2656 4791 2919 4860 σώματα,
2969 4792 3063 4843 καὶ
3128 4791 3362 4859 μάλιστα
3420 4787 3528 4839 τῶν
3572 4788 3834 4855 ἀριστευ-

2250 4881 2489 4947 σάντων,
2538 4884 2594 4933 ἐν
2643 4884 2708 4950 τῇ
2765 4881 2903 4952 ὑπὲρ
2952 4881 3061 4933 τῶν
3108 4878 3451 4950 Χριστιανῶν
3498 4878 3666 4947 μάχῃ.
3721 4877 3835 4928 Καὶ

2248 4973 2418 5025 ταῦτα
2480 4971 2654 5042 χρεὼν
2684 4974 2747 5025 ἐκ
2776 4973 2976 5036 παντδς
2998 4973 3199 5040 τρόπου
3221 4972 3389 5041 τιμᾷν
3423 4970 3584 5030 ὁσίως
3612 4968 3702 5020 καὶ
3735 4984 3835 5019 τα-

2250 5064 2358 5133 φῆς
2409 5063 2591 5129 ἀξιοῦν
2639 5064 2732 5117 καὶ
2784 5065 3005 5135 μνήμης
3062 5064 3413 5133 ἀειμνήστου,
3461 5060 3597 5114 ἀλλά
3650 5063 3744 5112 καὶ
3767 5060 3833 5111 τὰ

2251 5156 2416 5207 τέκνα
2445 5155 2650 5209 τούτων
2672 5155 2766 5209 καὶ
2794 5156 2892 5218 τάς
2918 5156 3165 5225 γαμετὰς
3197 5156 3293 5208 καὶ
3320 5154 3446 5216 τοὺς
3473 5153 3625 5212 ὅλους
3651 5152 3833 5213 οἴκους

2252 5246 2431 5299 αὐτῶν
2486 5246 2603 5299 δέον
2648 5248 2744 5316 τῆς
2798 5246 2951 5319 παρὰ
3009 5246 3103 5299 σοῦ
3152 5244 3406 5315 προνοίας
3445 5240 3834 5308 ἁπολαύειν,ὢ

2253 5335 2548 5406 στρατηγέ,
2597 5336 2691 5388 καὶ
2742 5335 3059 5406 ἐπιμελείας
3116 5331 3617 5401 καὶ,ἀντιλήψεως.
3648 5331 3833 5392 Οῦτως

2255 5427 2360 5495 γὰρ
2389 5428 2435 5478 οί
2468 5426 2797 5497 στρατιῶται
2862 5427 2955 5479 καὶ
3013 5425 3238 5494 εὔψυχοι
3265 5425 3361 5477 καὶ
3395 5422 3662 5493 πρόθυμοι
3696 5422 3832 5491 πρὲς

2252 5519 2381 5580 τοὺς
2439 5518 2770 5589 πολεμικοὺς
2828 5518 3109 5579 κινδύνους
3142 5517 3484 5587 γενήσονται,
3514 5516 3570 5569 ἐν
3602 5514 3832 5576 ἐκείνοις

564 5604 855 5669 βλέποντες
888 5608 940 5660 τί
980 5607 1160 5669 αὐτοῖς
1206 5607 1541 5677 συμϐήσεται
1568 5607 1705 5677 μετά
1738 5609 1799 5662 τὸ
1832 5609 2003 5674 τέλος,
2042 5608 2136 5661 ἐὰν
2173 5608 2470 5679 προθύμως
2497 5609 2916 5679 ἀριστεύσαντες
2939 5608 3330 5676 ἀγωνίζωνται.

2120 5698 2354 5756 NOTAE.

634 5784 748 5860 (ἓῆ)
793 5787 1171 5860 Ἐξίζτωρίας.
1205 5789 1417 5860 scribe,
1439 5790 1957 5860 ἐξαυτωρείας..1τιη1
1987 5789 2147 5857 ἐξαυ-

568 5851 895 5967 ξὶιὲρῗιίεῶθει
925 5851 1197 5921 Latinum,
1226 5851 1793 5914 Exauotoratt'o.'\iide
1810 5851 2143 5916 Glossarium

2331 5792 2444 5860 (ετ)
2494 5792 2638 5845 Ἐὰν
2666 5793 2794 5858 δέη.
2834 5790 3043 5854 Scribe,
3074 5789 3249 5860 ἐὰνδὲ
3279 5790 3335 5859 ἦ.

2324 5862 2436 5933 (‘28)
2480 5862 2767 5931 'Alorlar.
2809 5861 3017 5927 Scribe,
3054 5859 3365 5927 ἀναλογίαν.
