4120 6442
321 367 475 434 Ῑο33ῖ

1361 385 1700 447 TACTICA.
1740 412 1807 422 -
1843 389 2350 452 CONSTI’I‘UTIO
2389 392 2515 451 XX.

3398 355 3589 460 'toat

302 541 305 544 .
377 496 478 558 ογ’.
536 491 898 578 Ιῐαρασκευῆς
935 496 1034 567 τῆς
1063 498 1120 551 ἐν
1153 499 1408 570 πολέμοις
1459 504 1786 575 ὀφειλούσης
1820 507 1883 575 μὶ

2079 505 2164 560 75.
2199 505 2273 560 Ea
2299 521 2419 576 qua:
2472 503 2542 559 ad
2592 503 2796 560 bellum
2835 503 3112 575 pertinent
3139 503 3316 562 hieme
3346 509 3588 576 parabis,

303 581 520 650 ἀμέλει,
573 576 618 635 ὦ
685 587 978 656 στρατηγὲ,
1041 589 1180 643 κατὰ
1225 591 1317 644 τὸν
1371 593 1568 664 καιρὸν
1630 595 1726 650 τοῦ
1780 576 1892 667 χειέ

304 673 484 743 μῶνος
510 689 524 704 ·
574 675 661 728 ἵνα
715 675 810 730 τοῦ
861 677 1020 750 ἔαρος
1069 682 1456 754 ἐπιγινομένου
1506 689 1893 760 ἁνυστερήτως

303 765 398 816 καὶ
432 765 841 836 ἀνεμποδίστως
861 770 958 840 τὴν
986 777 1277 844 στρατείαν
1313 777 1536 850 ὲεάγῃς.

373 856 468 909 (ιδ’.
510 857 751 928 Ῥήμασι
783 861 1085 932 πειθηνίοις
1108 865 1288 934 ὁμίλει
1347 871 1589 940 συνεχῶς
1628 871 1705 942 τῷ
1749 874 1891 945 πλή-

272 948 383 1000 ,θει
432 948 542 1002 τῶν
604 953 974 1020 στρατιωτῶν,
1030 955 1172 1010 ὥστε
1223 961 1472 1028 ὁμονοεῖν
1503 964 1703 1028 αὐτοὺς
1733 967 1792 1019 ὲν
1813 967 1891 1038 τῷ

300 1038 478 1110 καιρῷ
507 1039 608 1110 τῆς
667 1043 873 1113 μάχης,
929 1047 1026 1100 καὶ
1083 1049 1314 1116 φιλικῶς
1347 1054 1548 1117 αὐτοὺς
1584 1055 1891 1112 διακεῖσθαι

300 1130 611 1202 ἐπιτήδευε,
661 1133 748 1187 ῖνα
777 1135 950 1205 ἡδέως
992 1139 1134 1211 ὑπὲρ
1189 1141 1437 1214 ἀλλήλων
1478 1150 1894 1217 συναγωνίζων-

298 1239 409 1276 ται.

374 1321 466 1368 οε’.
497 1316 668 1371 ’Ὅταν
710 1319 988 1390 δημοσίως
1031 1325 1350 1397 παρατάξῃς
1390 1326 1702 1399 σύμμικτον
1729 1349 1892 1403 στρα-

296 1407 406 1471 τὸν,
442 1407 612 1477 ήγουν
665 1411 848 1476 πεζῶν
880 1415 1037 1484 ’ὁμοῦ
1074 1417 1169 1469 καὶ
1205 1419 1609 1491 καϐαλλαρίων,
1634 1424 1762 1488 τοὺς
1788 1425 1888 1495 μὲν

295 1498 494 1564 πεζοὺς
537 1501 668 1556 δέκα
706 1503 767 1556 τὸ
802 1504 986 1574 βάθος,
1050 1508 1219 1580 ἤγουν
1269 1512 1365 1565 ἐπὶ
1421 1511 1555 1567 δέκα
1608 1516 1669 1568 τὸ
1717 1517 1891 1588 πάχος

293 1592 546 1661 ποιήσεις
603 1596 730 1660 τοὺς
779 1596 1023 1668 ὀρδίνους
1045 1616 1058 1631 ·
1113 1602 1241 1666 τοὺς
1273 1603 1328 1656 δὲ
1359 1605 1768 1678 καϐαλλαρίους
1800 1612 1892 1664 ὲκ-

299 1685 486 1750 τὰξεις
543 1685 734 1759 ῶσπερ
799 1689 894 1744 δύο
949 1691 1158 1763 κέρατα
1187 1695 1340 1750 ἔνθεν
1372 1698 1627 1754 κάκεῖθεν
1653 1701 1758 1772 πρὸ
1787 1703 1888 1773 τῆς

293 1779 679 1847 παρατάξεως.

359 1877 466 1933 ος¹.
521 1871 849 1941 Σρατιωτῶν
887 1879 1154 1944 γενναίων
1181 1881 1479 1952 δοκιμασία
1521 1884 1752 1953 γίνεται,
1786 1887 1883 1940 ὲάν
1917 1857 1958 1911 Β

285 1961 629 2028 ἀγνοούντων
689 1967 868 2021 αὐτῶν
929 1971 1123 2040 ἀθρόον
1152 1973 1358 2027 κτύπον
1395 1976 1538 2041 τινὰ,
1580 1979 1700 2041 ἤτοι
1745 1976 1884 2050 ἦχον

290 2055 526 2126 μέγανῆ
561 2058 871 2128 τυμπάνου,
904 2062 937 2131 ἢ
972 2063 1162 2134 ἑτέρου
1216 2066 1361 2130 τινὸς
1401 2067 1686 2132 ἐξαισίουΓ
1718 2087 1883 2141 προσ-

285 2148 460 2219 φέρῃς
517 2151 942 2223 ἀπροσδοκήτως
972 2172 984 2186 ·
1026 2157 1088 2209 τό
1147 2175 1206 2210 τε
1255 2158 1365 2229 γὰρ
1401 2160 1527 2224 τοὺς
1578 2161 1653 2234 μὴ
1713 2181 1884 2216 κατα-

285 2239 718 2310 πλησσομένους,
771 2244 886 2298 ἀλλ’
931 2247 1310 2318 ἀτρεμοῦντας
1342 2252 1481 2323 πρὸς
1527 2254 1620 2314 τὸν
1643 2256 1883 2320 ἐξαίσιον

283 2329 512 2418 κτύπον,
573 2333 799 2403 ὲκλέγου
852 2335 928 2399 ὡς
981 2339 1276 2410 σταθεροὺς
1327 2345 1422 2396 καὶ
1483 2344 1790 2418 ἀνδρείους,
1821 2349 1883 2414 ἐξ

278 2416 357 2475 ὧν
394 2424 489 2476 καὶ
523 2425 795 2495 ἄρχοντας
818 2433 1210 2502 καταστήσεις.

354 2516 450 2580 οξ.
492 2518 649 2572 Κατὰ
700 2520 791 2574 τὸν
845 2524 1037 2594 καιρὸν
1097 2527 1191 2580 τοῦ
1254 2528 1492 2600 πολέμου
1543 2535 1625 2586 δεῖ
1662 2534 1763 2603 μὲν
1789 2535 1879 2587 εύ-

2005 602 2064 648 υι
2091 609 2217 650 vere
2253 596 2477 650 ineunte
2513 595 2663 650 nulla
2708 610 2768 651 re
2817 593 3070 654 defectus
3093 639 3108 664 ,
3145 604 3242 651 aut
3291 598 3588 656 destitutus

1996 688 2250 757 praelium
2286 689 2427 746 inire
2459 689 2662 759 possis.

2072 895 2161 950 74.
2203 895 2462 950 Oratione
2508 894 2708 950 blanda
2738 908 2804 948 ac
2864 895 3099 966 benigna
3135 895 3336 952 milites
3368 911 3591 968 semper.

1999 985 2322 1054 appellabis,
2354 995 2409 1040 et
2438 986 2825 1042 exhortaberis
2865 995 2924 1041 ut
2953 987 3100 1042 inter
3127 1003 3186 1042 se
3211 989 3582 1051 consentiant,

1998 1085 2052 1130 et
2083 1077 2347 1132 benevolo
2377 1078 2563 1132 animo
2588 1085 2704 1133 toto
2738 1078 2842 1133 hoc
2874 1080 3048 1149 praelii
3081 1087 3330 1152 tempore
3356 1080 3500 1136 inter
3524 1094 3584 1135 se

1998 1169 2132 1234 sint,
2165 1177 2225 1224 ut
2258 1170 2498 1227 alacrius
2525 1185 2585 1226 se
2609 1178 2802 1226 mutuo
2831 1169 3148 1226 defendant.

2070 1345 2157 1401 75.
2206 1345 2308 1401 Ubi
2360 1346 2630 1418 publicam
2678 1347 2918 1417 aliquam
2966 1347 3140 1403 aciem
3172 1355 3230 1403 et
3262 1347 3581 1418 permistam

1992 1453 2060 1494 ex
2093 1439 2339 1509 equitatu
2371 1447 2426 1494 et
2461 1439 2703 1508 peditatu
2737 1439 2969 1495 instruis
2995 1480 3010 1505 ,
3051 1439 3350 1508 peditatum
3383 1441 3448 1493 ad
3489 1438 3576 1494 de-

1995 1545 2113 1586 cem
2145 1532 2392 1584 virorum
2426 1529 2769 1585 altitudinem
2799 1545 2894 1600 per
2919 1530 3280 1588 contubernia
3317 1531 3581 1594 instrues,

1993 1623 2208 1692 equites
2246 1630 2428 1676 autem
2486 1623 2647 1691 quasi
2681 1622 2793 1678 duo
2827 1637 3035 1678 cornua
3065 1622 3194 1678 hinc
3226 1631 3392 1694 atque
3431 1623 3583 1678 illinc

1995 1711 2238 1783 pcditmn
2271 1711 2588 1767 collocabis.

2061 1895 2151 1950 76.
2195 1895 2438 1966 Spectati
2489 1895 2691 1950 milites
2746 1899 2852 1950 hoc
2896 1890 3059 1950 modo
3114 1895 3494 1965 explorantur,
3531 1895 3581 1950 si

1987 1986 2428 2056 imprudentibus
2480 1988 2607 2053 illis,
2657 2001 2830 2043 sonus
2861 1987 3110 2058 quidam,
3153 2000 3242 2044 'ac
3291 1990 3578 2058 strepitus,

1986 2080 2069 2133 vel
2102 2079 2367 2150 tympani,
2388 2079 2473 2134 vel
2505 2079 2734 2135 alterius
2801 2095 2956 2135 novae
2997 2087 3164 2150 atque
3213 2080 3472 2135 inauditae
3500 2081 3578 2136 rei

1984 2169 2053 2224 de
2107 2170 2406 2238 improviso
2454 2177 2733 2240 personet.
2793 2170 2902 2225 Eos
2953 2171 3100 2225 enim
3165 2172 3257 2240 qui
3323 2170 3579 2240 intrepidi

1985 2269 2140 2326 sunt,
2165 2276 2343 2330 neque
2371 2262 2436 2316 ad
2486 2263 2632 2317 hunc
2690 2262 2934 2318 sonitum
2987 2269 3382 2332 expavescunt,
3417 2261 3578 2332 quasi

1985 2351 2212 2407 stabiles
2253 2351 2534 2423 fortesque
2593 2352 2787 2423 eliges,
2824 2361 2878 2408 et
2906 2351 3200 2423 praefectos
3232 2369 3297 2409 ex
3333 2353 3444 2408 illis
3483 2352 3580 2407 dc—

1986 2442 2144 2512 ligcs.

1980 2556 1984 2562 ·
2057 2535 2146 2588 77.
2189 2533 2351 2591 lnitio
2394 2536 2522 2591 belli
2559 2551 2749 2606 preces
2787 2537 2896 2593 Deo
2927 2538 3254 2594 adhibendae
3287 2547 3447 2604 sunt,
3483 2539 3580 2593 ad-

283 2607 384 2676 χΞις
424 2609 561 2674 πρὸς
592 2609 727 2664 Θεὸν
779 2615 1213 2683 καταϐαλέσθαι,
1263 2621 1360 2675 καὶ⁹
1409 2620 1706 2693 σύμμαχον
1736 2625 1883 2678 ἐκεῖ-

1988 2626 2246 2697 iutorque
2294 2628 2637 2686 iuvocandus
2683 2640 2789 2694 est,
2829 2637 2889 2684 ut
2924 2645 2995 2685 ne
3036 2629 3090 2684 in
3122 2629 3445 2686 discrimina
3479 2631 3582 2686 ali-

283 2716 372 2752 νον
421 2700 626 2767 καλεῖν,
665 2703 742 2774 μὴ
793 2704 978 2774 μέντοι
1023 2707 1134 2761 τῶν
1186 2710 1571 2782 προκειμένων
1646 2714 1878 2783 ἀγώνων

282 2792 634 2867 καταμελεῖν,
666 2793 698 2864 ἢ
733 2795 844 2849 τῶν
878 2796 1246 2868 ὀφειλομένων
1283 2801 1536 2873 πράξεων
1566 2807 1880 2874 κατολιγωι·

284 2884 423 2951 ρεῖν.
476 2883 581 2938 Σὺν
628 2884 748 2956 Θεῷ
798 2886 910 2958 γὰρ
954 2889 1037 2942 δεῖ
1089 2892 1188 2944 καὶ
1235 2893 1335 2956 τὰς
1381 2896 1572 2966 χεῖρας
1607 2895 1881 2960 σαλεύειν,

1985 2733 2093 2788 qua
2141 2718 2488 2786 delabantur,
2540 2729 2630 2775 aut
2691 2720 2899 2793 aliquid
2957 2722 3106 2792 quod
3163 2721 3310 2777 facto
3340 2737 3479 2792 opus
3510 2723 3583 2778 sit

1988 2813 2428 2882 praetermittam.
2481 2811 2618 2868 Nam
2669 2814 2778 2869 Deo
2834 2816 3095 2884 propitio,
3139 2830 3335 2871 manus
3383 2816 3577 2870 admo-

1985 2901 2174 2958 vendae
2202 2902 2392 2959 ad‘res
2422 2904 2663 2973 agendas
2693 2915 2860 2971 sunt,
2905 2913 2961 2958 ct
2995 2906 3154 2975 quasi
3209 2907 3576 2961 instrumenta

281 2974 376 3028 καὶ
425 2973 502 3038 ὡς
540 2975 749 3047 ὄργανα
790 2981 1056 3052 παρέχειν
1119 2983 1525 3054 ὑπηρετοῦντα.
1582 2985 1725 3041 Οὔτε
1769 2988 1881 3060 γὰρ

1988 2994 2324 3061 obedientia,
2355 3009 2588 3065 corpora
2629 3004 2814 3052 nostra
2854 2973 3145 3066 praebenda
3198 3006 3348 3054 sunt.
3385 2996 3576 3069 Neque

275 3067 501 3139 τοξότης
560 3068 656 3125 ἐὰν
709 3071 783 3142 μὴ
833 3073 965 3145 ῥίψῃ
1020 3075 1083 3129 τὸ
1131 3075 1286 3146 βέλος
1340 3079 1667 3150 εὐστοχήσει
1723 3083 1879 3146 ποτὲ,

1983 3087 2129 3142 enim
2159 3088 2254 3157 qui
2283 3103 2391 3144 non
2423 3096 2629 3154 manet,
2681 3090 2777 3145 sed
2823 3089 2983 3161 fugit,
3028 3091 3212 3147 hostes
3241 3092 3528 3161 superabit
3559 3111 3572 3144 :

273 3158 402 3214 οὔτε
431 3162 460 3214 ὁ
488 3162 563 3231 μὴ
592 3163 788 3234 μένων,
850 3166 988 3220 ἀλλὰ
1036 3167 1276 3237 φεύγων,
1342 3173 1611 3241 κρατήσει
1639 3173 1751 3226 τῶν
1780 3176 1871 3245 ἐχ-

1988 3195 2164 3251 neque
2194 3182 2290 3252 qui
2341 3197 2454 3238 rem
2489 3197 2597 3238 non
2629 3158 2908 3252 inceptat,
2940 3183 3254 3240 fortunatus
3293 3158 3425 3250 erit,
3477 3184 3577 3238 sed

278 3253 449 3324 Θρῶν,
508 3253 631 3308 οὔτε
682 3256 817 3318 ὅλως
843 3260 872 3311 ὁ
897 3259 972 3330 μὴ
1004 3261 1260 3331 πράξεως
1316 3262 1628 3332 ἀρξάμενος
1666 3265 1879 3336 εὐπρα-

275 3345 470 3415 γήσει·
532 3347 646 3400 ἀλλ’
702 3347 960 3420 εὔχεσθαι
1018 3351 1118 3421 μὲν
1174 3353 1255 3406 δεῖ
1298 3355 1402 3422 τὴν
1460 3355 1620 3426 νίκην
1669 3357 1865 3412 λαϐεῖν

277 3437 373 3492 τοῦ
411 3439 648 3511 πολέμου
684 3441 837 3514 παρὰ
883 3442 1042 3508 Θεοῦ,
1078 3446 1216 3515 ὁμοῦ
1251 3446 1308 3498 δὲ
1336 3447 1430 3500 καὶ
1455 3449 1524 3501 τὰ
1551 3449 1698 3501 ὅπλα
1740 3467 1878 3504 κατ-

279 3531 446 3602 ἐχειν.
494 3533 606 3587 Καὶ
661 3535 969 3606 μαχόμενον
1025 3536 1320 3608 σύμμαχον
1377 3539 1764 3596 ἐπικαλεῖσθαι
1817 3542 1882 3595 τὸ

280 3629 454 3683 Θεῖον.

265 3774 274 3779 _
353 3717 454 3789 οη’.
507 3717 644 3773 Ὑπό
698 3738 843 3784 τινος
902 3721 1194 3791 συνηθείας
1252 3723 1516 3788 πολλάκις
1566 3725 1594 3777 ὁ
1650 3728 1877 3796 στρατὸς

283 3811 394 3864 ἀπὸ
452 3812 802 3884 συμϐόλωνῆ
847 3815 1090 3883 σημείων
1133 3816 1294 3869 τινῶν
1337 3818 1418 3880 εὶς
1456 3817 1658 3872 δειλίαν
1715 3820 1877 3873 εἴωθε

280 3902 603 3973 τρέπεσθαι,
667 3903 782 3957 ἀλλ’
829 3906 1012 3959 εἴποτε
1075 3906 1318 3961 τοιοῦτόν
1355 3925 1409 3960 τι
1455 3909 1714 3979 γένηται,
1752 3912 1879 3965 ἀνα·

280 3995 541 4066 ζητήσεις
606 3996 794 4064 αὐτὸς,
836 3998 932 4051 καὶ
963 3998 1138 4069 εὑρὼν
1170 4001 1658 4070 ἁντιμεταλλάξεις
1693 4004 1876 4058 αὐτῶν

280 4088 380 4158 τὴν
407 4087 644 4141 διάνοιαν
682 4088 770 4142 διὰ
794 4090 893 4159 τῆς
946 4090 1045 4160 σῆς
1105 4091 1390 4160 ἀγχινοίας
1449 4093 1878 4164 μεθερμηνεύων

280 4176 352 4230 τὰ
377 4175 623 4249 σύμϐολα
674 4179 749 4241 ὡς
806 4178 1114 4248 ἐνδέχεται·
1163 4180 1256 4235 ἵνα
1299 4180 1369 4234 δι’
1423 4176 1499 4235 ὧν
1540 4185 1620 4246 εἰς
1669 4184 1876 4236 δειλίαν

284 4272 612 4338 κατέπεσον,
633 4272 722 4325 διά
743 4271 950 4325 τούτων
973 4273 1054 4334 εἰς
1079 4273 1280 4344 θάρσος
1310 4275 1507 4337 αὐτοὺς
1533 4277 1627 4330 καὶ
1653 4277 1876 4341 ἐλπίδας

283 4366 494 4435 ἀγαθὰς
532 4367 934 4438 διαναστήσεις.

354 4458 452 4512 00'.
485 4459 660 4530 Νίκης
714 4457 1093 4529 φημιζομένης
1153 4458 1567 4530 προθυμότερον
1602 4461 1738 4532 πρὸς
1766 4462 1869 4527 τὰς

1991 3274 2327 3342 precandum
2359 3282 2444 3330 est
2477 3283 2538 3329 ut
2565 3275 2850 3330 victoriam
2894 3274 3024 3330 belli
3064 3291 3094 3329 a
3129 3275 3237 3331 Deo
3267 3291 3578 3346 consequa-

1993 3379 2136 3429 mur,
2165 3371 2223 3417 ut
2262 3365 2434 3420 armis
2467 3367 2676 3421 nostris
2707 3376 2947 3432 utamur,
2970 3373 3024 3421 ct
3060 3365 3112 3420 in
3142 3381 3322 3437 pugna
3357 3366 3576 3437 adjuto-

1989 3470 2104 3510 retn
2140 3456 2293 3512 illum
2320 3456 2641 3514 habeamus.

2059 3711 2148 3766 78.
2193 3712 2487 3783 Signorum
2523 3713 2888 3784 quorumdam
2919 3723 2974 3771 et
3005 3721 3388 3786 portentorum
3447 3732 3576 3788 spe-

1988 3816 2126 3870 ctra,
2165 3806 2367 3862 milites
2398 3808 2452 3860 in
2483 3807 2736 3863 timorem
2789 3808 3095 3878 conjiciunt
3127 3825 3142 3863 :
3180 3824 3302 3879 qua:
3347 3809 3570 3865 si-con-

1988 3895 2220 3968 tingunt,
2251 3898 2532 3970 exquiras,
2581 3908 2636 3955 et
2675 3900 2793 3969 ipse
2826 3901 3066 3971 aliquid,
3099 3917 3208 3972 quo
3241 3901 3422 3972 possis
3451 3902 3572 3956 illo-

1987 4005 2107 4045 rum
2152 4001 2362 4048 mentes
2418 3993 2472 4047 in
2513 3996 2848 4049 contrariam
2893 3994 3221 4051 sententiam
3254 4001 3488 4058 vertere,
3519 4004 3573 4050 et

1987 4087 2242 4142 oratione
2290 4096 2383 4141 tua
2435 4089 2622 4158 aliquo
2657 4089 2933 4155 traduces,
2981 4097 3043 4144 ut
3073 4089 3276 4160 quibus
3307 4088 3474 4144 rebus
3514 4087 3570 4141 in

1986 4176 2158 4231 animi
2211 4178 2590 4234 dimissionem
2642 4179 2975 4244 inciderunt,
3027 4179 3226 4236 iisdem
3273 4180 3474 4236 iterum
3515 4178 3570 4234 in

1987 4268 2328 4322 alacritatem
2356 4280 2407 4325 et
2434 4285 2588 4340 spem
2619 4270 2819 4326 bonam
2849 4272 3158 4342 erigantur.

2059 4445 2148 4500 79.
2191 4445 2432 4502 Rumore
2494 4447 2560 4502 de
2608 4449 2845 4505 victoria
2903 4448 3150 4520 injecto,
3209 4449 3446 4508 alacrior
3502 4451 3595 4507 ad

286 4551 465 4620 μάχας
484 4551 544 4604 τὸ
573 4551 888 4622 στράτευμα
947 4551 1180 4620 γίνεται.
1228 4553 1354 4604 Ἐὰν
1418 4554 1600 4606 τοίνυν
1651 4555 1740 4609 διὰ
1773 4556 1875 4626 μὲν

1988 4541 2235 4610 praelium
2264 4541 2676 4611 suscipiendum
2703 4543 2985 4598 exercitus
3025 4544 3150 4600 erit.
3183 4543 3242 4600 Si
3273 4545 3440 4616 igitur
3475 4548 3571 4602 tali

281 4642 538 4713 τοιαύτης
594 4645 784 4714 φήμης
828 4643 1028 4715 θάρσος
1073 4645 1384 4716 ὲμποιήσῃς
1463 4649 1574 4709 τοῖς
1623 4647 1884 4719 στρατιώ-

284 4748 438 4795 ταις·
479 4733 619 4803 μετά
671 4733 933 4804 εὐψυχίας
963 4734 1021 4787 δὲ
1054 4735 1148 4789 καὶ
1197 4735 1449 4804 ἀνδρείας
1481 4737 1756 4808 ἐπιμελῶς
1788 4741 1882 4809 ἐγ-

284 4827 547 4898 χειρήσῃς
595 4828 694 4896 τῆς
734 4827 938 4898 μάχης,
970 4828 1163 4892 ἔλπιζε
1222 4828 1319 4882 σὺν
1354 4828 1474 4901 Θεῷ
1504 4830 1605 4899 τὴν
1641 4831 1882 4901 φημιζο-

203 4934 208 4939 ’
288 4917 456 4989 μένην
490 4921 645 4990 νίκην
683 4919 1038 4990 παρέσεσθαι.

368 5008 441 5062 π’.
477 5011 520 5063 Τ
528 5014 588 5078 ἠν
615 5028 744 5064 ποτε
777 5012 887 5081 (29)
924 5015 1118 5084 καιρδς
1139 5017 1251 5078 ὅτε,
1296 5015 1541 5069 Σκιπίων
1580 5013 1876 5085 Ῥωμαίων

286 5103 461 5174 ᾑρέθη
486 5103 593 5157 ἀπὸ
614 5103 799 5174 ψήφου
857 5106 1047 5175 κοινῆς
1073 5108 1399 5178 στρατηγὸς,
1431 5109 1526 5161 καὶ
1555 5108 1774 5176 ἡλικίας
1808 5102 1877 5178 ἦν

285 5195 426 5246 ἐτῶν
467 5196 576 5247 τῶν
625 5196 1005 5250 ὀκτωκαίδεκα
1053 5199 1440 5269 στρατηγικῶν
1489 5199 1884 5268 ἀπαρχόμενος

285 5286 486 5356 ἔργων.
543 5287 798 5358 Παρευθὺ
829 5289 884 5340 δὲ
908 5289 1007 5358 τῆς
1034 5290 1209 5359 ἀρχῆς
1236 5291 1524 5342 ἐκέλευσεν
1547 5292 1878 5360 ἀποπέμπε-

287 5380 417 5432 σθαι
465 5378 560 5430 τοῦ
613 5379 849 5449 στρατοῦ
900 5379 1246 5451 κραὸϐάτους
1301 5381 1397 5434 καὶ
1454 5382 1734 5452 τραπέζας
1780 5384 1878 5438 καὶ

284 5470 519 5540 διάφορα
548 5468 876 5539 ἐκπώματα,
904 5473 998 5524 καὶ
1026 5472 1095 5525 τὰ
1127 5472 1262 5526 ἄλλα
1297 5472 1468 5542 σκεύη
1503 5474 1703 5538 πάντα,
1736 5475 1874 5545 πλὴν

267 5561 494 5632 σχύτρας
527 5563 756 5632 χαλκῆς,
786 5563 880 5616 καὶ
907 5563 1153 5616 σουϐλίου
1184 5563 1429 5636 σιδηροῦ,
1461 5563 1557 5616 καὶ
1587 5566 1870 5636 ποτηρίου.

285 5657 397 5720 τοῖς
428 5655 612 5726 ἔχουσι
642 5655 752 5727 (50)
782 5657 901 5727 μὲν,
937 5657 1202 5730 ἀργυροῦ,
1253 5659 1363 5721 τοῖς
1415 5657 1460 5710 δ’
1489 5657 1688 5726 ἄλλοις,
1733 5659 1879 5726 ξυλί-

1985 4651 2208 4688 rumore
2239 4636 2582 4691 alacritatem
2628 4636 2897 4694 militibus
2924 4638 3197 4703 attuleris,
3247 4647 3303 4694 et
3353 4637 3574 4696 fortiter

1981 4743 2046 4782 ac
2076 4736 2299 4785 strenue
2335 4730 2387 4783 in
2413 4730 2614 4785 bellum
2648 4732 2932 4802 ingressus
2960 4730 3154 4795 fueris,
3190 4730 3388 4786 bonam
3416 4748 3582 4804 spem.

1982 4822 2122 4877 habe
2149 4822 2389 4892 propitio
2423 4822 2531 4878 Deo
2563 4823 2848 4879 victoriam
2888 4821 3228 4877 adfuturam.

2057 5003 2146 5056 80.
2221 5000 2407 5073 Scipio
2454 5011 2636 5056 autem
2685 5001 2818 5056 olim
2867 4999 3134 5056 Romanis
3183 5004 3573 5060 communibus

1986 5094 2300 5164 sull‘ragiis,
2357 5109 2482 5149 eum
2546 5094 2731 5147 decem
2776 5102 2832 5146 et
2881 5103 3006 5147 octo
3069 5109 3337 5147 annorum
3391 5106 3570 5156 esset,

1986 5185 2287 5258 imperator
2335 5188 2578 5241 delectus
2617 5195 2722 5240 est.
2763 5183 2927 5238 Initio
2975 5193 3157 5240 autem
3213 5186 3571 5256 magistratus

1987 5282 2072 5337 sui
2097 5281 2265 5351 jussit
2288 5295 2482 5334 omnes
2522 5279 2774 5344 lectulos,
2811 5294 3055 5342 mensas,
3089 5278 3237 5333 varia
3277 5278 3490 5346 pocula,
3519 5289 3572 5332 ct

1986 5374 2198 5444 reliqua
2224 5388 2353 5427 vasa
2384 5372 2568 5426 omnia
2603 5371 3124 5440 amandari,pratter
3151 5370 3314 5425 ollam
3340 5384 3569 5435 teneam,

1985 5477 2042 5524 et
2070 5467 2326 5524 subulam
2373 5464 2642 5532 ferream,
2676 5474 2730 5520 ct
2774 5465 3032 5536 poculum
3072 5463 3194 5518 aliis
3230 5472 3568 5535 argenteum,

1984 5563 2109 5616 aliis
2144 5563 2408 5634 ligneum.
2427 5560 2500 5618 Ut
2528 5575 2659 5615 vero
2677 5575 2840 5616 nemo
2862 5559 3070 5614 lavaret
3098 5573 3178 5624 sc,
3202 5566 3296 5612 aut
3314 5558 3425 5613 ullo
3447 5557 3569 5611 oleo

1991 5657 2300 5725 iniungeret,
2355 5652 2654 5725 prazccpit:
2703 5663 2759 5708 et
2802 5660 2861 5707 ut
2917 5666 3109 5707 omnes
3161 5650 3453 5706 obsonium
3513 5651 3567 5704 in

1837 5750 2046 5808 N013)“.
2057 5790 2070 5804 .

365 5844 476 5915 (29)
519 5844 636 5913 Τήν
670 5857 833 5899 ποτε.
872 5842 1143 5913 Rcstituo,
1172 5841 1278 5900 Ἦν
1316 5863 1464 5902 ποτε.

2058 5843 2169 5914 (50)
2211 5842 2341 5909 Τοῖς
2367 5841 2602 5914 ἔχουσι.
2628 5839 2840 5910 Scribe,
2864 5840 2977 5903 τοῖς
3002 5838 3248 5910 ἄρχουσι.
