4120 6452
553 402 697 469 1035
1822 399 2100 462 LEONIS
2138 397 2602 461 PHILOSOPHI
3689 374 3831 466 1036

547 511 787 587 prandio
814 514 1111 577 incoctum,
1141 512 1291 583 quod
1326 512 1393 568 ad
1423 512 1602 583 ignem
1627 525 1907 582 nunquam
1936 512 2129 565 admo-

2256 526 2351 564 νου.
2387 508 2479 580 Μὴ
2513 506 2770 563 λούεσθαι
2800 507 2859 563 δέ
2886 523 3031 574 τινα,
3102 509 3241 580 μήτε
3266 509 3587 578 ἀλείφεσθαι
3656 512 3832 581 μύρον

548 608 802 672 vehatur,
836 605 1123 671 haberent,
1161 605 1218 660 in
1250 618 1407 661 caena
1454 611 1635 658 autem
1666 617 1881 668 carnes,
1916 612 2010 657 aut
2043 618 2135 657 co-

2256 601 2492 654 ικέλευσε
2541 602 2602 654 τὸ
2645 600 2874 655 οίονοῦν.
2949 601 3205 671 Ἀριστᾷν
3264 601 3321 655 δὲ
3353 600 3552 672 ὄρθρου
3625 601 3839 673 ἄπυρον

552 711 692 764 etas,
725 708 821 755 aut
866 699 1040 755 elixas
1065 739 1081 766 ,
1132 706 1189 755 et
1228 712 1400 769 parvo
1426 698 1532 754 sub
1561 696 1798 768 tegmine
1846 696 2135 766 praefectus

2256 693 2467 765 lptImv,
2491 694 2844 757 δειπνοῦντας
2864 694 2921 747 6t
2952 694 3359 765 προσφέρεσθαι
3394 694 3563 765 κρέας
3586 695 3619 766 ἦ
3648 696 3837 762 ὀπτὸν,

550 792 856 847 recubaret.
911 789 1095 860 Itaque
1139 790 1460 845 universum
1514 796 1730 859 tempus
1782 788 1995 859 imperii
2051 786 2135 843 sui

2256 788 2273 859 il
2315 788 2537 859 ἑψητὸν,
2613 787 2999 842 ἁνακλίνεσθαι
3020 787 3077 841 δὲ
3109 790 3201 840 ἐπὶ
3230 790 3436 860 μικρᾶς
3471 788 3685 859 σκέπης
3709 790 3840 853 τοὺς

551 883 931 939 transmittens
982 882 1266 947 victoriis,
1337 890 1391 936 et
1440 880 1734 951 prudentia
1787 879 2138 949 imperatoria

2256 880 2532 951 ἰρχοντας.
2593 878 2703 933 Καὶ
2755 878 2930 943 οὕτως
2978 879 3069 932 τὸν
3135 879 3256 932 ὅλον
3295 879 3491 949 χρόνον
3534 879 3635 949 τῆς
3669 880 3841 933 αὐτοῦ

552 989 678 1031 cum
714 975 908 1044 primis
954 973 1187 1029 illustris
1238 972 1567 1028 habebatur.
1612 970 1985 1041 Astrologiam
2040 986 2139 1024 au-

553 1072 686 1130 tem,
736 1072 791 1119 et
834 1071 1213 1134 portentorum
1249 1063 1672 1131 praesensiones,
1708 1069 1763 1119 et
1793 1061 2044 1131 auguria,
2085 1068 2141 1113 et

555 1157 958 1212 insomniorum
990 1156 1384 1221 divinationes,
1440 1154 1792 1225 reliquasque
1822 1152 2140 1223 huiusmodi

554 1249 945 1317 praenotiones,
995 1255 1049 1303 et
1086 1246 1457 1317 iudicationes
1507 1247 1724 1317 aliaque
1776 1246 1960 1299 omnia
2017 1259 2143 1314 qua:

558 1338 958 1409 providentiam
990 1338 1384 1408 solertiamque
1415 1336 1826 1407 imperatoriam
1844 1339 2144 1406 reprimere

561 1438 809 1499 possent,
851 1430 1180 1502 repudiavit,
1212 1438 1379 1499 atque
1409 1430 1707 1486 abdicavit.
1743 1428 1902 1485 Hunc
1935 1429 1980 1485 si
2017 1428 2141 1483 imi-

562 1523 719 1590 teris,
747 1523 1088 1580 consimilem
1115 1523 1368 1594 gloriam,
1406 1522 1607 1579 similia
1658 1523 1901 1579 victoria:
1940 1532 2143 1593 tropaea

560 1615 870 1685 reportabis
884 1650 897 1665 .

631 1884 722 1942 81.
748 1886 949 1954 Arcus,
976 1892 1033 1942 et
1062 1886 1280 1956 sagittae
1309 1900 1461 1941 arma
1497 1894 1630 1942 sunt
1661 1886 1948 1955 parabilia,
1970 1896 2023 1942 et
2046 1886 2141 1940 ubi

563 1993 703 2039 usus
747 1978 981 2049 requirit
1021 1992 1273 2048 magnam
1325 1977 1563 2033 aﬂ‘erunt
1597 1979 1914 2033 utilitatem.
1945 1978 2147 2034 Praeci-

561 2069 746 2140 pimus
786 2070 957 2141 igitur
993 2070 1129 2137 tibi,
1162 2078 1223 2124 ut
1254 2070 1484 2126 mandes
1514 2071 1770 2127 omnibus
1798 2071 1931 2133 tuis.
1960 2071 2053 2141 qui
2088 2070 2142 2125 in

564 2161 828 2228 castellis,
848 2162 1176 2225 vicubus,et
1207 2161 1331 2217 aliis
1362 2160 1500 2217 locis
1530 2163 1633 2217 sub
1671 2162 1962 2231 imperium
1991 2172 2142 2216 tuum

565 2252 833 2321 subjectis
865 2253 1139 2316 habitant,
1172 2260 1340 2322 atque
1378 2253 1516 2309 adeo
1545 2253 1804 2309 omnibus
1836 2264 1917 2319 ut,
1950 2254 1996 2308 si
2028 2254 2143 2310 ﬁeri

566 2344 765 2414 possit,
804 2345 1185 2414 unusquisque
1209 2344 1312 2410 vir,
1343 2346 1428 2400 sin
1461 2346 1643 2402 minus
1670 2361 2013 2417 unaqumque
2038 2346 2149 2401 sal-

567 2447 674 2493 tem
709 2437 906 2493 domus
941 2452 1131 2492 arcum
1169 2437 1389 2503 habeat,
1416 2446 1471 2494 et
1500 2440 1729 2510 sagittas
1758 2441 2143 2510 quadraginta,

570 2529 786 2599 illisque
818 2544 879 2584 se
911 2537 1245 2589 exerceant,
1295 2536 1413 2584 tum
1475 2530 1529 2585 in
1576 2531 1714 2587 locis
1763 2532 1939 2602 planis
1987 2542 2150 2599 atque

570 2623 804 2692 asperis,
833 2631 947 2678 tum
983 2623 1304 2683 condensis.
1337 2624 1538 2680 Milites
1577 2628 1723 2681 enim
1753 2626 1808 2680 in
1857 2626 2000 2681 bello
2040 2627 2150 2681 illis

572 2722 835 2781 utantur;
877 2716 968 2771 alii
1006 2724 1187 2771 autem
1236 2717 1355 2773 suis
1412 2716 1571 2783 locis,
1612 2719 1657 2774 si
1688 2718 1910 2788 quando
1938 2719 2151 2776 coutin-

569 2815 659 2875 gat
687 2806 867 2862 subita
901 2807 1083 2877 aliqua
1116 2807 1363 2863 incursio
1397 2809 1451 2864 in
1485 2808 1611 2864 illos
1660 2825 1803 2866 esse.
1838 2809 1974 2864 Nam
2007 2822 2061 2866 et
2096 2812 2149 2867 in

570 2895 723 2959 saxis
763 2898 1079 2966 praeruptis,
1128 2898 1264 2952 etin
1296 2899 1568 2969 angustiis
1596 2899 1867 2965 locorum,
1917 2910 1972 2957 et
2020 2917 2153 2957 cou-

569 2984 760 3043 densis
792 2989 845 3042 in
887 2988 1044 3045 silvis
1104 2989 1205 3045 viri
1243 2998 1477 3055 stantes,
1530 3006 1727 3062 magna
1752 2992 1952 3047 damna
1980 2992 2155 3048 hosti-

570 3080 677 3135 bus
706 3079 934 3148 sagittas
965 3079 1224 3149 iaciendo
1252 3081 1512 3145 inferent,
1542 3096 1721 3151 neque
1748 3083 2029 3139 audebunt
2062 3084 2153 3139 ho-

2244 972 2584 1042 στρατηγίας
2640 971 2917 1038 διανύσας,
2964 972 3292 1043 περιϐόητος
3352 973 3410 1025 ὲν
3455 974 3579 1035 ταῖς
3633 989 3842 1043 στρατ-

2240 1063 2430 1133 ηγίαις
2483 1063 2577 1117 καὶ
2606 1065 2727 1126 ταῖς
2785 1064 2965 1127 νίκαις
3020 1063 3258 1132 ἐγένετο.
3310 1064 3625 1116 Ἀπεσείετο
3655 1064 3713 1117 δὲ
3745 1048 3843 1119 κέι

2244 1155 2622 1224 ἀστρολογίας,
2664 1156 2760 1208 καὶ
2791 1155 3072 1225 μαντείας,
3135 1154 3231 1208 καὶ
3269 1155 3370 1218 τὰς
3408 1155 3517 1207 ἀπὸ
3549 1155 3840 1225 συμϐόλων

2245 1245 2278 1315 ἢ
2326 1245 2568 1315 σημείων
2612 1245 2894 1315 δηλώσεις,
2948 1246 3042 1299 καὶ
3100 1245 3493 1316 όρνεοσκοπίας
3548 1246 3684 1315 (51),
3738 1247 3836 1299 καὶ

2245 1339 2312 1392 δι’
2360 1338 2585 1409 ὀνείρων
2628 1338 2907 1409 μαντείας,
2958 1338 3175 1399 καὶτὰς
3199 1337 3364 1401 ἐίλλας
3414 1336 3674 1400 τοιαύτας
3705 1354 3843 1407 προ-

2247 1430 2480 1500 γνώσεις
2508 1448 2568 1484 τε
2598 1429 2695 1484 καὶ
2726 1430 2967 1501 κρίσεις,
3004 1430 3099 1482 καὶ
3131 1430 3201 1483 τὰ
3241 1429 3377 1483 ἄλλα
3420 1430 3519 1483 ὅσα
3548 1429 3650 1498 τῆς
3688 1430 3843 1498 ὀφειο

2248 1522 2485 1593 λομόνης
2550 1524 2813 1593 προνοίας
2895 1522 2987 1575 τὸν
3042 1521 3350 1593 στρατηγὸν
3430 1521 3840 1577 ἀνα-στέλλουσι,

2250 1616 2453 1671 Τοῦτον
2513 1617 2610 1671 ἐὰν
2680 1617 2926 1688 μιμήση,
2970 1610 3015 1672 ὧ
3071 1618 3366 1686 στρατηγὲ.
3399 1618 3495 1671 καὶ
3541 1616 3703 1680 αὐτὸς
3743 1618 3846 1687 τῆς

2250 1706 2443 1777 ὁμοίας
2495 1705 2655 1775 δόξης
2705 1706 2922 1776 ἐκείνῳ,
2966 1704 3201 1759 καὶτῶν
3244 1704 3546 1775 νικητικῶν
3578 1704 3845 1777 ἐπιτεύξῃ

2252 1798 2535 1869 τροπαίων
2563 1798 2699 1870 (52).

2343 1891 2455 1946 παῖ.
2486 1891 2568 1945 Τὰ
2591 1891 2720 1956 τόξα
2756 1891 2897 1946 ὅπλα
2954 1893 3097 1946 εἰσὶν
3124 1892 3445 1963 εὐπόριστα,
3477 1894 3537 1945 ἐν
3563 1891 3743 1963 καιρῷ
3778 1890 3844 1945 δὲ

2246 1983 2437 2055 χρείας
2464 1983 2707 2053 μεγάλην
2758 1983 2869 2053 ἔχει
2892 1984 2990 2054 τὴν
3016 1982 3307 2052 ὠφέλειαν.
3339 1983 3851 2055 Παρακελευόμεθα

2245 2072 2340 2131 οὖν
2369 2094 2451 2131 σοι
2499 2077 2853 2141 διατάξασθαι
2882 2079 3017 2130 πᾶσι
3065 2080 3179 2141 τοῖς
3212 2077 3317 2131 ὑπὸ
3349 2078 3409 2130 σὲ
3441 2078 3538 2131 καὶ
3582 2077 3851 2148 κάστροις

2247 2170 2343 2222 καὶ
2398 2170 2620 2240 χωρίοις
2672 2170 2767 2223 καὶ
2822 2169 3169 2239 κωμοπόλεσι
3228 2170 3324 2223 καὶ
3386 2170 3575 2232 ἁπλῶς
3618 2170 3850 2237 ἅπασιν,

2247 2261 2413 2327 ὥστε,
2446 2264 2495 2315 εί
2532 2262 2780 2330 δυνατὸν,
2815 2262 3045 2316 ἕκαστον
3116 2262 3288 2333 ἄνδρα
3317 2262 3450 2315 ίδιον
3479 2261 3634 2325 τόξον
3672 2261 3854 2331 ἔχειν.

2248 2354 2313 2406 Εἰ
2338 2354 2396 2406 δὲ
2428 2354 2577 2424 μήγε
2607 2352 2732 2407 κατ’
2767 2350 2917 2407 οἶκον
2947 2354 3044 2407 ἕνα
3076 2353 3232 2417 τόξον
3264 2352 3360 2406 καὶ
3392 2353 3657 2421 σαγίττας
3686 2353 3855 2422 μέχρι

2253 2444 2687 2515 τεσσαράκοντα,
2730 2446 2827 2498 καὶ
2891 2444 3273 2516 γυμνάζεσθαι
3309 2444 3367 2497 ὲν
3394 2444 3602 2508 αὐτοῖς,
3646 2444 3741 2497 καὶ
3766 2444 3854 2508 είς

2249 2535 2584 2606 δυσχωρίας,
2643 2538 2739 2591 καὶ
2770 2539 2850 2600 είς
2906 2537 3146 2608 ὁμαλοὺς
3193 2536 3417 2601 τόπους,
3450 2537 3545 2590 καὶ
3581 2536 3660 2598 είς
3685 2536 3839 2589 κλειο

2253 2626 2477 2697 σούρας,
2536 2626 2632 2680 καὶ
2692 2629 2773 2691 είς
2826 2628 2985 2698 δάση.
3017 2628 3081 2681 Οί
3115 2628 3213 2698 μὲν
3269 2629 3379 2698 γὰρ
3418 2627 3753 2695 στρατιῶται
3786 2628 3850 2681 ὲν

2251 2716 2364 2778 τοῖς
2411 2715 2671 2786 πολέμοις
2706 2714 2919 2778 τούτοις
2977 2716 3318 2787 χρήσονται,
3377 2714 3427 2767 oi
3471 2715 3529 2767 δὲ
3582 2714 3760 2768 λοιποὶ
3795 2715 3859 2768 tv

2252 2808 2365 2869 τοῖς
2423 2805 2574 2869 ἰδίοις
2630 2806 2839 2873 τόποις,
2870 2808 2920 2859 εί
2942 2806 3052 2877 ἄρα
3104 2806 3246 2877 τύχῃ
3280 2805 3390 2859 τῶν
3423 2806 3640 2877 ἐχθρῶν
3676 2805 3863 2874 αἰφνί-

2252 2896 2364 2959 διος
2383 2897 2653 2968 ἐπιδρομή
2685 2897 2804 2951 κατ⁹
2840 2897 3043 2950 αὐτῶν·
3070 2896 3167 2949 καὶ
3199 2895 3308 2966 γὰρ
3342 2895 3438 2948 καὶ
3464 2896 3608 2949 κατὰ
3637 2894 3862 2966 πετρῶν

2253 2988 2579 3059 ἀκροτόμων
2631 2989 2912 3058 ἱστάμενοι
2944 2987 3140 3059 ἄνδρες
3173 2988 3268 3041 καὶ
3302 2989 3362 3040 ὲν
3417 2989 3626 3050 στενοῖς
3658 2986 3855 3051 τόποις

2256 3080 2350 3132 καὶ
2401 3080 2482 3143 είς
2536 3080 2675 3151 δάση
2740 3078 2895 3150 ὕλης,
2961 3080 3164 3151 πολλὴν
3202 3079 3573 3149 ὲμποιήσουσι
3603 3079 3715 3149 (53)
3750 3080 3854 3149 τὴν

574 3177 693 3226 stes
725 3169 942 3224 fortiter
977 3171 1101 3226 illos
1134 3171 1414 3228 invadere.
1447 3172 1635 3242 Itaque
1668 3173 1988 3243 hujusmodi
2016 3190 2150 3244 saepe

2262 3169 2467 3240 βλάϐην
2530 3173 2640 3234 τοῖς
2715 3171 2931 3241 ἐχθροῖς
2976 3170 3309 3235 τοξεύοντες,
3365 3170 3461 3222 καὶ
3520 3169 3583 3222 οὐ
3646 3170 3862 3239 ταχέως

574 3261 695 3316 loca
754 3270 913 3329 tuta,
976 3273 1031 3321 et
1093 3266 1213 3323 sine
1266 3267 1450 3338 aliqua
1514 3282 1655 3323 noxa
1709 3278 2151 3337 conservantur,

576 3354 830 3412 hostibus
864 3373 977 3427 prae
1028 3359 1227 3416 timore
1271 3361 1597 3433 sagittarum
1636 3377 1704 3419 eo
1734 3364 1999 3419 accedere
2039 3363 2154 3419 for-

576 3446 937 3505 midantlbus.

650 3642 741 3697 82.
785 3642 889 3699 Ubi
913 3644 1057 3701 Deus
1087 3646 1180 3701 tibi
1217 3650 1479 3718 pugnanti
1510 3640 2073 3719 victoriaindederit,
2098 3660 2157 3707 ut.

579 3733 771 3791 hostes
805 3743 928 3791 tuos
966 3736 1239 3807 proﬂiges,
1282 3754 1349 3792 ne
1381 3740 1685 3809 permittas,
1724 3751 1780 3796 ut
1817 3744 2019 3801 milites
2044 3744 2158 3800 dis-

578 3824 754 3894 sipata
789 3832 843 3881 et
872 3827 1102 3896 disiecta
1144 3829 1283 3891 acie,
1321 3829 1401 3884 vel
1433 3845 1584 3885 arma
1626 3832 1912 3903 diripiant,
1946 3835 2028 3889 vel
2061 3850 2157 3905 ap-

576 3926 831 3985 paratum
862 3918 1100 3974 hostium
1130 3921 1480 3990 populentur,
1512 3931 1570 3977 ut
1595 3940 1663 3979 ne
1689 3927 1937 3981 conversi
1967 3927 2158 3982 hostes

576 4006 838 4063 damnum
893 4008 1135 4064 inferant
1184 4010 1251 4066 iis
1281 4011 1375 4081 qui
1408 4012 1862 4082 insequebantur.
1902 4014 2158 4086 Superati

576 4100 724 4152 enim
757 4100 975 4170 praelia,
1008 4117 1075 4155 ne
1110 4112 1429 4171 apparatum
1461 4104 1683 4173 quidem
1716 4108 1997 4176 proprium
2028 4110 2156 4163 reti-

576 4188 856 4254 nebimus,
881 4190 1119 4246 victores
1140 4200 1321 4246 autem
1355 4200 1466 4247 tum
1487 4202 1762 4259 nostrum,
1782 4204 1895 4249 tum
1920 4195 2159 4251 hostium

580 4291 733 4331 arma
771 4279 1117 4336 habebimus.

653 4369 745 4424 65.
787 4369 1085 4438 Imperator
1131 4387 1361 4428 munera
1410 4374 1635 4443 capiens
1696 4390 1786 4430 res
1837 4377 2022 4446 gravis
2100 4391 2163 4431 ac

581 4459 897 4529 perniciosa
920 4461 1130 4515 civitati
1161 4472 1279 4529 est;
1312 4478 1437 4517 nam
1472 4473 1526 4517 et
1562 4464 1762 4520 milites
1798 4467 2063 4521 attenuati
2092 4483 2158 4522 ex

2262 3260 2630 3332 θαρρήσωσιν
2661 3262 2844 3324 αὐτοῖς
2872 3261 3046 3324 ἀδεῶς
3091 3259 3339 3314 ἐπελθεῖν
3369 3261 3416 3313 οἱ
3444 3258 3718 3328 πολέμιοι,
3761 3258 3861 3312 καὶ

2262 3353 2511 3409 ἐντεῦθεν
2560 3353 2813 3409 ἀνάλωτα
2878 3353 2945 3407 τὰ
3007 3354 3235 3409 τοιαῦτα
3290 3354 3464 3424 χωρία
3508 3354 3601 3406 καὶ
3646 3352 3860 3421 ἀϐλαϐῆ

2260 3447 2803 3519 διαφυλαχθήσονται,
2865 3447 3181 3502 δεδοικότων
3256 3448 3356 3510 τὰς
3404 3448 3469 3500 ἑκ
3530 3445 3639 3499 τῶιλ
3687 3445 3864 3515 βελῶν

2263 3540 2478 3611 πληγὰς
2504 3540 2612 3593 τῶν
2642 3539 2935 3610 πολεμίων.

2337 3650 2409 3721 πβ
2434 3692 2446 3703 .
2482 3648 2677 3703 Ἠνίκα
2716 3649 2852 3713 Θεὸς
2912 3651 3171 3721 παράσχῃ
3216 3669 3299 3705 σοι
3328 3652 3623 3724 μαχομένῳ
3649 3653 3858 3725 τρέψα-

2265 3739 2389 3793 σθαι
2438 3738 2567 3803 τοὺς
2602 3740 2831 3811 ἐχθροὺς
2854 3778 2868 3805 ,
2915 3740 2991 3812 μὴ
3041 3742 3209 3814 ἐάσῃς
3238 3745 3365 3807 τοὺς
3408 3743 3748 3813 στρατιώτας
3776 3744 3865 3797 λύο

2265 3850 2467 3896 σαντας
2520 3832 2621 3903 τὴν
2674 3832 2849 3902 ταγὴν
2906 3832 3252 3903 διαρπάζειν,
3307 3835 3338 3904 ἢ
3401 3836 3471 3888 τὰ
3520 3835 3747 3905 ὅπλα,ἢ
3791 3835 3863 3887 τὰ

2267 3924 2436 3995 σκεύη
2467 3923 2577 3977 τῶν
2623 3923 2923 3993 πολεμίων,
2970 3922 3059 3977 ἵνα
3113 3924 3189 3995 μὴ
3230 3925 3699 3996 ἀντιστραφέντες
3725 3925 3861 3995 βλά-

2266 4015 2370 4085 ϐην
2412 4016 2682 4085 ποιήσωσι
2723 4016 2867 4069 κατὰ
2913 4016 3023 4069 τῶν
3079 4016 3389 4071 διωκόντων
3431 4020 3479 4071 οἱ
3508 4019 3857 4087 διωκόμενοι.

2278 4105 2634 4175 Ἦττηθέντες
2672 4105 2771 4176 μὲν
2806 4106 2916 4177 γὰρ
2947 4106 3067 4160 οὐδὲ
3100 4108 3167 4160 τὰ
3215 4108 3323 4161 ἴδια
3365 4108 3537 4178 σκεύη
3602 4109 3865 4179 κερδήσο-

2271 4212 2389 4265 μεν,
2446 4196 2769 4266 νικήσαντες
2792 4195 2847 4248 δὲ
2880 4196 2974 4249 καὶ
3000 4196 3069 4250 τὰ
3121 4198 3371 4270 ἡμέτερα
3420 4198 3561 4252 κατὰ
3621 4197 3731 4252 τῶν
3766 4216 3866 4253 πο-

2268 4285 2474 4356 λεμίων
2500 4285 2612 4356 (54)
2643 4286 2733 4353 ἓξο
2741 4304 2861 4357 μεν.

2341 4375 2453 4447 πγ’.
2513 4378 2830 4449 Στρατηγὸς
2887 4380 3243 4453 δωρολήπτης
3284 4384 3523 4453 πρᾶγμα
3564 4384 3735 4437 δεινὸν
3768 4385 3863 4437 καὶ

2269 4467 2513 4540 ὀλέθριον
2579 4468 2656 4538 τῷ
2727 4469 3119 4541 στρατεύματι.
3186 4472 3291 4524 Δύο
3340 4473 3449 4544 γὰρ
3514 4473 3582 4526 τὰ
3628 4474 3865 4543 μέγιστα

580 4564 649 4605 eo
681 4551 1037 4621 pauperiores
1072 4553 1242 4617 tiunt,
1285 4564 1336 4609 et
1388 4555 1629 4624 praefecti
1667 4572 1858 4614 omnes
1890 4566 2003 4613 tum
2040 4573 2150 4613 ma-

2265 4532 2514 4615 ὲντεύθεν
2568 4532 2859 4631 συμϐαίνει
2911 4532 3078 4616 κακά.
3143 4564 3254 4615 Καὶ
3319 4532 3431 4634 γ’ὰρ
3479 4566 3575 4617 καὶ
3619 4532 3669 4616 ἐι
3700 4532 3868 4634 στρα-

576 4642 748 4711 jores,
768 4654 883 4699 tum
912 4645 1178 4709 minores,
1198 4647 1302 4701 hoc
1320 4647 1464 4701 malo
1490 4646 1656 4704 latius
1679 4659 1954 4721 serpente,
1977 4652 2162 4707 minus

582 4734 793 4788 strenui
820 4736 887 4788 ad
917 4751 1002 4790 res
1034 4735 1304 4806 gerendas
1331 4734 1655 4791 redduntur.

2262 4652 2453 4706 τιῶται
2485 4652 2951 4723 λειξουρευόμενοι
2997 4654 3110 4724 (5‘5)
3156 4654 3354 4725 ἄποροι
3400 4655 3661 4723 γίνονται,
3698 4658 3793 4709 καλ⁵
3814 4657 3864 4708 οἱ

2271 4745 2534 4816 ἄρχοντες
2563 4744 2821 4815 ἄνανδροι
2852 4745 3319 4817 προχειρίζονται,
3359 4748 3467 4801 ἀπὸ
3495 4747 3606 4800 τῶν
3630 4748 3866 4819 πρώτων

582 4824 690 4890 ἕως
721 4825 829 4879 τῶν
861 4826 1106 4897 ἐσχάτων
1166 4827 1489 4898 νεμομένου
1520 4827 1615 4880 τοῦ
1658 4828 1754 4898 τῆς
1804 4827 2145 4900 δωροληψίας
2185 4835 2382 4899 κακοῦ,
2411 4828 2548 4899 ὲξοῦ
2572 4834 2893 4905 στράτευμα
2933 4836 3055 4888 κατ’
3090 4835 3303 4907 ἐχθρῶν
3372 4836 3735 4910 ἀνδραγαθεῖν
3800 4839 3862 4892 ού

584 4932 831 4971 ουναται.

656 5006 744 5062 84.
786 5010 1169 5079 Speculatores
1218 5010 1360 5082 elige
1412 5012 1619 5077 ﬁrmos,
1675 5012 1900 5074 celeres,
1948 5015 2155 5081 tideles,

2340 5013 2447 5068 πὸ’.
2474 5014 2614 5078 Τοὺς
2671 5014 3054 5078 κατασκόπους
3111 5016 3365 5085 ἐπιλέγου
3411 5015 3731 5087 σταθεροὺς,
3764 5018 3865 5071 καὶ

2112 5214 2341 5271 NOTAE.

660 5420 773 5493 (5i)
819 5419 1299 5493 ξορνεοονιοπίας.
1345 5418 1681 5493 Ι.οςο1)ξιιιιι“,Δ
1708 5418 2060 5493 ὀρνο...πίας.

683 5490 776 5554 5‘2)
828 5490 1145 5559 Ἐπιτεύξῃ
1173 5490 1492 5557 τροπαίων.
1521 5488 1850 5559 Legebatur,
1884 5489 2050 5543 ὲπι...
2074 5504 2125 5541 τ.

682 5562 774 5632 '53)
808 5561 890 5615 Ab
921 5558 1123 5629 πολλὴν
1171 5555 1533 5640 ἐμποιήσουσι
1599 5555 1928 5683 garagraphi
1956 5559 2032 5641 .8l
2098 5555 2165 5640 ad

682 5649 864 5683 πιστον
888 5631 1177 5683 γενήσεται
1210 5630 1537 5683 nuraaranhi
1561 5628 1593 5683 9
1636 5671 1652 5683 .
1686 5629 1822 5683 nihil
1867 5629 2067 5683 lenitur
2111 5644 2164 5682 In

590 5628 864 5703 ἄχρηστον
888 5628 1177 5700 γενήσεται
1210 5630 1537 5700 puragraphi
1561 5628 1652 5694 96,
1686 5628 1822 5684 nihil
1867 5629 2067 5700 legitur
2111 5629 2164 5682 in

591 5702 714 5755 eod.
744 5702 1005 5755 Laurent.

661 5771 773 5839 (st)
806 5770 968 5823 Κατὰ
994 5770 1114 5822 τῶν
1138 5769 1461 5839 πολεμίωκ.
1500 5767 1711 5835 Scribe,
1744 5769 1837 5822 καὶ
1860 5768 1929 5822 τὰ
1962 5768 2070 5839 τῶν
2103 5787 2164 5823 π.

663 5837 775 5905 (35)
813 5837 1364 5908 Λειξουρευόμενοι.
1416 5838 1637 5896 Rectius
1686 5840 1885 5905 scribe,
1947 5838 2157 5905 λειξον-

2272 5415 2599 5491 ριενόμενοιι
2625 5414 2781 5491 Nam,
2816 5418 3206 5491 λειξουριεύειν
3225 5418 3479 5473 dicebant
3501 5456 3516 5480 ,
3559 5416 3712 5491 quo_d_
3744 5414 3850 5470 La-

2268 5486 2367 5557 tini
2389 5487 2697 5557 tuguriari.
2732 5487 2870 5543 Male
2902 5486 3118 5545 tlhécus
3154 5490 3574 5557 interpretatur,
3603 5488 3855 5557 afﬂigere.

2268 5555 2360 5628 Sic
2388 5553 2689 5628 λειξουρία,
2713 5557 2951 5614 luxuria.
2983 5559 3137 5628 Apud
3174 5553 3416 5613 Nicetaiii
3448 5558 3499 5611 in
3530 5553 3859 5628 dleiio'An-

2268 5625 2409 5699 gelo,
2458 5626 2549 5699 lib.
2575 5625 2634 5681 ‘11
2664 5646 2676 5681 :
2710 5629 2826 5682 Οὐκ
2855 5625 3076 5683 ἔλαττον
3107 5630 3163 5683 δὲ
3220 5630 3312 5682 καὶ
3364 5630 3398 5699 ἡ
3435 5626 3715 5699 λειξουρία
3747 5626 3857 5699 τῶν

2268 5695 2399 5763 περὶ
2432 5696 2618 5763 αὑτὸν,
2648 5699 2742 5750 καὶ
2772 5699 2831 5751 τὸ
2864 5700 2998 5771 πρὸς
3029 5699 3296 5769 συλλογὴν
3331 5695 3635 5768 χρημάτων
3678 5696 3855 5767 ἄπλη-

2269 5766 2394 5819 στόν
2438 5782 2600 5819 τινων
2638 5769 2729 5820 καὶ
2769 5770 3088 5826 ἀκόρεστον.
3123 5770 3279 5826 Anud
3308 5768 3531 5826 Suidam
3568 5768 3853 5826 scribitur.

2269 5783 2394 5819 στον
2438 5783 2600 5819 τινων
2638 5783 2729 5820 και
2769 5783 3088 5840 ακορεστον.
3123 5783 3279 5843 Apuu
3308 5783 3531 5826 sumam
3568 5783 3853 5834 seruntur,

2268 5835 2543 5907 λειξούρα.
2583 5835 2759 5896 Minus
2796 5850 2961 5897 recte.
