4120 6442
382 337 520 405 1037

1427 348 1758 414 ΤΑΟΤΙΟᾹ.
1792 378 1861 390 ·-
1901 355 2404 420 CONSTITUTIO
2430 361 2556 423 XX.

3487 370 3633 434 1038‘

371 455 536 519 ὀξεῖς,
576 454 668 508 καὶ
719 455 959 520 πιστοὺς,
1015 457 1109 511 καὶ
1151 458 1496 524 σπουδαίους,
1527 462 1685 528 δόξαν
1746 465 1948 534 μᾶλλον

2059 471 2379 541 industrios,
2433 473 2864 533 existimationis
2925 492 3038 534 suae
3087 478 3314 549 gloriam
3377 483 3628 551 pecuniis

371 547 469 598 καὶ
521 546 688 615 τιμὴν
725 546 758 616 ἢ
790 547 1049 616 χρήματα
1098 549 1448 616 ἀγαπῶντας.
1478 554 1542 606 Oi
1575 554 1685 623 γὰρ
1719 557 1951 609 τοιοῦτοι

374 637 534 699 ὄντες
587 637 856 706 μηνύουσι
922 638 1018 708 τὴν
1062 639 1345 709 ἀλήθειαν,
1388 644 1438 696 οί
1476 643 1801 717 δὲ’ἐλαφροὶ
1855 647 1954 715 τὴν

377 725 628 797 γνώμην,
661 729 755 782 καὶ
813 729 997 795 δειλοὶ,
1031 732 1124 784 καὶ
1185 733 1301 786 ὅσοι
1344 735 1473 806 περὶ
1506 735 1605 807 τὴν
1637 739 1830 808 κτῆσιν
1843 739 1952 792 τῶν

372 819 672 888 χρημάτων
708 821 1117 888 σπουδάζουσιν,
1166 824 1227 876 οὐ
1271 824 1524 880 δύνανται
1578 829 1951 898 ἀπαγγέλλειν

369 907 469 978 τὴν
527 909 806 980 ἀλήθειαν.
869 913 962 964 Διὸ
1021 914 1117 966 καὶ
1166 915 1412 969 κινδύνου
1466 917 1729 984 πολλάκις
1785 923 1950 976 αίτιοι

370 999 466 1052 κα)⁸
506 1000 656 1070 αὐτῷ
707 1001 785 1073 τῷ
833 1005 1123 1076 στρατηγῷ
1166 1007 1260 1060 καὶ
1315 1007 1394 1078 τῷ
1433 1009 1809 1082 στρατεύματι
1860 1014 1950 1080 γί-

369 1106 491 1143 νοντ
494 1109 550 1146 αι
557 1133 570 1146 .
1308 1109 1314 1116 ’

442 1183 548 1240 πε’.
568 1185 792 1257 Ῥᾳδίως
847 1190 898 1242 οί
960 1191 1292 1264 στρατιῶται
1322 1195 1380 1249 ἐν
1411 1196 1533 1260 ταῖς
1571 1199 1950 1271 ἐκστρατείαις

367 1282 458 1336 διὰ
495 1279 684 1349 δώρων
725 1280 821 1336 καὶ
868 1281 1099 1337 ἐλπίδων
1137 1285 1358 1354 ἀγαθῶν
1385 1287 1663 1354 καλλίονες
1686 1292 1948 1360 γίνονται·

370 1375 430 1426 ἐν
467 1371 525 1426 δὲ
551 1372 731 1444 καιρῷ
775 1373 1001 1446 εἰρήνης
1055 1375 1089 1446 ἢ
1143 1376 1230 1430 διὰ
1248 1377 1438 1448 φόϐου,
1485 1381 1639 1452 nata;
1678 1383 1952 1450 κολάσεως

371 1465 464 1517 ἐπὶ
490 1465 622 1529 τοῖς,
655 1464 732 1528 ὡς
759 1464 928 1530 εἰκὸς,
965 1467 1434 1540 ἁμαρτανομένοις
1466 1474 1755 1546 γινομένης
1787 1477 1944 1548 ἀνορ·

373 1550 617 1605 Οοῦνται.

445 1653 565 1710 πςν.
603 1647 746 1701 "tae;
783 1647 865 1701 ὃτι
914 1649 1115 1718 μᾶλλον
1139 1654 1508 1724 κατορθώσεις
1531 1698 1546 1725 ,
1585 1652 1945 1730 ὦστρατηγὲ,

369 1736 517 1809 λιμῷ
546 1738 640 1791 καὶ
667 1739 890 1809 συχναῖς
915 1741 1240 1813 ἐπιδρομαῖς
1282 1745 1382 1816 τὴν
1411 1746 1519 1800 τῶν
1550 1748 1824 1818 πολεμίων
1852 1749 1948 1803 δύο

2061 576 2476 636 antcponentes.
2515 565 2654 622 Nam
2677 569 2766 639 qui
2804 569 2943 626 tales
2976 571 3202 638 fuerint,
3227 573 3517 628 veritatem
3559 574 3628 628 ad

2059 674 2163 714 nos
2198 659 2464 714 referunt.
2495 657 2598 726 Qui
2638 666 2820 716 autem
2854 661 2961 716 levi
2994 661 3199 728 animo,
3225 662 3424 728 timidi,
3461 677 3629 732 pecu-

2059 751 2166 806 niae
2211 751 2398 823 cupidi
2451 761 2618 818 sunt,
2650 753 2936 810 veritatem
2984 755 3146 810 nobis
3194 755 3470 825 explicare
3519 770 3629 810 non

2058 852 2312 913 possunt.
2363 843 2550 914 Itaque
2606 859 2926 914 magnarum
2976 845 3336 903 offensionum
3375 855 3632 903 auctores

2059 951 2203 1007 stepe
2226 935 2361 992 fiunt
2398 944 2510 992 tum
2539 938 2880 1010 imperatori,
2907 949 3020 994 tum
3051 940 3311 996 universo
3340 940 3635 996 exercitui.

2128 1205 2218 1261 85.
2255 1203 2439 1260 Facile
2481 1204 2685 1260 milites
2734 1204 2791 1259 in
2847 1203 3308 1274 expeditionibus,
3346 1202 3530 1271 donis,
3567 1218 3631 1258 ac

2057 1312 2155 1368 spe
2180 1297 2323 1352 bona
2352 1296 2684 1352 illustriores
2713 1295 3048 1362 redduntur;
3079 1295 3231 1365 pacis
3274 1304 3517 1364 tempore
3550 1293 3636 1347 vel

2058 1390 2275 1458 timore,
2300 1389 2384 1444 vel
2416 1405 2577 1460 paena
2607 1404 2820 1454 eorum,
2851 1390 2942 1459 qui
2964 1387 3336 1458 deliquerunt,
3360 1400 3390 1439 a
3409 1383 3655 1440 nefariis.

2058 1481 2222 1537 factis
2269 1481 2668 1552 reprimuntur.

2124 1663 2214 1718 86.
2250 1663 2408 1718 Scias
2425 1663 2839 1732 te,imperator,
2887 1661 3029 1717 fame
3061 1668 3115 1716 et
3146 1657 3525 1731 frequentibus
3560 1657 3648 1712 ins

2055 1754 2410 1810 cursionibus
2448 1754 2635 1809 hostes
2672 1755 2848 1823 magis
2914 1755 3195 1817 laesurum,
3263 1764 3434 1821 quam
3459 1749 3504 1804 si
3551 1764 3641 1803 ara

370 1852 538 1906 ναμιν
566 1835 882 1902 καταλύειν,
939 1837 973 1907 ἢ
1024 1840 1137 1901 τοῖς
1185 1837 1374 1903 ὅπλοις
1415 1839 1586 1910 αὐτὴν
1609 1839 1946 1912 πειρώμενος

2059 1850 2163 1904 mis
2206 1847 2428 1904 coneris
2461 1846 2586 1903 illos
2632 1847 2964 1918 opprimere.

372 1929 788 1999 καταστρέφειν.

443 2017 552 2081 πξ.
594 2019 832 2091 ’Δσφαλῆ
866 2020 960 2074 καὶ
989 2022 1204 2091 ἰσχυρὰ,
1237 2022 1334 2076 καὶ
1355 2022 1540 2092 ἀπαθῆ
1577 2023 1707 2078 ὄντα
1739 2025 1806 2080 τὰ
1827 2026 1956 2096 ἡμέ-

373 2125 507 2179 τερα
530 2111 828 2175 κατανοῶν,
881 2113 976 2168 ἐὰν
1027 2114 1114 2167 ἐπ’
1173 2115 1356 2178 αὐτοῖς
1423 2115 1769 2170 κατάσκοπον
1816 2134 1958 2191 κρα-

373 2201 563 2272 τήσεις
615 2204 674 2255 ἐν
731 2202 972 2274 πολέμου
1052 2205 1248 2276 καιρῷ,
1297 2207 1371 2276 μὴ
1433 2207 1710 2280 κατάσχῃς
1744 2208 1955 2274 τοῦτον,

374 2292 474 2346 ἀλλ
507 2289 690 2356 ὣσον,
723 2292 798 2355 ώς
828 2292 894 2345 ἂν
923 2294 1263 2362 ἀπαγγείλας
1293 2297 1404 2358 τοῖς
1431 2295 1710 2366 πολεμίοις
1732 2298 1800 2351 τὰ
1829 2300 1958 2371 περὶ

373 2384 474 2452 τῆς
509 2385 608 2450 σῆς
644 2382 1028 2443 καταστάσεως
1061 2383 1384 2470 καταπλήξῃ
1415 2385 1484 2438 τὰ
1511 2387 1715 2440 τούτων
1753 2389 1957 2458 φρονή-

379 2490 548 2544 ματα.
596 2472 722 2526 Ἐὰν
747 2473 803 2527 δέ
841 2491 897 2526 τι
928 2475 1077 2544 παρὰ
1110 2475 1192 2528 σοὶ
1241 2475 1531 2545 γινώσκεις
1563 2478 1809 2544 ἀσθενὲς,
1863 2483 1958 2534 κό-

375 2564 504 2630 λαζε
535 2563 846 2630 τοῦτον,ἴνα
874 2565 979 2617 τῶν
1016 2564 1288 2636 πολεμίων
1309 2567 1516 2628 ἐξείποι
1559 2568 1630 2621 τὰ
1661 2570 1956 2640 μυστήρια,

376 2658 472 2712 καὶ
497 2657 806 2711 τελευταῖον
861 2657 894 2729 ἢ
964 2657 1264 2730 διαφθειρε,
1328 2659 1362 2730 ἦ
1419 2661 1679 2731 ἀσφαλῶς
1724 2661 1957 2733 ἀλλαχοῦ

376 2747 565 2803 τοῦτον
599 2747 872 2820 ἔκπεμπε.

449 2929 560 3002 πη’.
601 2931 812 2986 Δυνατὰ
869 2930 1127 3002 γενέσθαι
1181 2931 1276 2985 καὶ
1341 2931 1554 3002 μεγάλα
1611 2931 1958 3002 βουλόμενος,

377 3024 682 3097 ὲμῦράδυνε
733 3025 931 3096 μικρὸν
992 3028 1058 3096 τῇ
1097 3022 1258 3096 βουλῇ
1294 3023 1532 3097 ἐρευνῶν
1566 3023 1627 3077 τδ
1661 3025 1954 3096 χρήσιμον.

390 3120 559 3175 Ἐπὰν
587 3121 642 3174 δὲ
672 3121 770 3192 τὴν
810 3120 1126 3192 πρέπουσαν
1157 3117 1461 3192 βεϐαιώσεις
1496 3118 1742 3191 γνώμην,
1777 3123 1958 3175 ἐπιτέ-

379 3310 438 3362 ἐν
471 3307 708 3378 πολέμου
768 3305 967 3378 καιρῷ·
1005 3307 1100 3360 καὶ
1156 3304 1266 3376 γὰρ
1309 3305 1406 3359 καὶ
1444 3302 1794 3375 Ἀλέξανδρόν
1826 3323 1966 3359 ποτε

378 3399 726 3470 τὸνβασιλέα
781 3399 1159 3470 ἐρωτώμενον,
1216 3397 1335 3460 πῶς
1374 3398 1432 3450 ἐν
1455 3395 1658 3464 ὀλίγοις
1707 3396 1971 3452 ἐτεσιτο-

382 3491 554 3546 σαῦτα
582 3493 676 3545 καὶ
701 3490 1004 3562 τηλικᾶῦτα
1049 3489 1260 3560 μεγάλα
1293 3487 1623 3557 κατώρθωσε
1643 3490 1964 3560 πράγματα,

378 3585 598 3654 λέγεται
629 3584 952 3650 είπεῖν,”οτι
975 3582 1128 3637 οὐδὲν
1147 3581 1402 3651 δεόμενον
1423 3583 1491 3653 τῇ
1519 3581 1757 3653 σήμερον
1773 3583 1968 3654 ὑπερε-

380 3677 555 3747 θέμην
582 3679 662 3740 είς
693 3677 791 3747 τὴν
807 3674 1016 3742 αὔριον.

451 3768 538 3822 πθ⁹
557 3807 569 3820 .
598 3769 769 3822 Ὅταν
799 3768 958 3840 χρεία
981 3786 1064 3822 σοι
1090 3770 1386 3840 γενήσεται
1437 3768 1765 3840 συμμάχων,
1795 3765 1857 3820 οὐ
1885 3767 1970 3820 δεῖ

384 3879 443 3914 σε
475 3861 703 3924 τούτους
735 3862 873 3932 μετὰ
920 3860 1015 3914 τοῦ
1046 3861 1249 3914 οίκείου
1309 3859 1674 3932 συμμιγνύειν
1707 3857 1961 3930 στρατοῦ,

387 3952 622 4020 μάλιστα
653 3951 848 4020 ἐτέρας
879 3951 1228 4022 ὑπάρχοντας
1280 3951 1543 4016 πίστεως.
1581 3950 1742 4005 Ἀλλὰ
1771 3951 1866 4004 καὶ
1893 3948 1964 4003 τὰ

381 4045 637 4115 ἄπληκτα
662 4045 842 4099 αὐτῶν
896 4047 992 4099 καὶ
1043 4045 1142 4108 τὰς
1167 4044 1479 4115 ὁδοιπορίας
1530 4044 1640 4116 ίδίᾳ
1673 4045 1769 4099 καὶ
1792 4046 1962 4116 χωρὶς

381 4136 631 4202 γίνεσθαι
672 4137 1084 4208 παρασκεύαζε,
1136 4140 1232 4191 καὶ
1289 4136 1558 4202 παντοίως
1603 4137 1785 4191 αὐτῶν
1827 4136 1962 4191 ἀπό·

381 4227 550 4298 κρυϐε
581 4227 648 4280 τὰ
685 4227 1117 4298 στρατηγήματα
1169 4228 1270 4298 τῆς
1301 4228 1400 4298 σῆς
1444 4227 1829 4298 παρατάξεως,
1867 4228 1956 4282 ἵνα

383 4319 460 4390 μὴ
489 4319 660 4373 ταῦτα
685 4318 1044 4389 γινώσκοντες
1072 4321 1130 4373 ἐν
1177 4319 1354 4392 καιρῷ
1386 4320 1586 4390 ἔχθρας
1630 4319 1956 4391 εὐμηχανώ-

381 4426 528 4480 τεροι
555 4408 831 4477 ’γένωνται
870 4411 928 4463 ἐν
959 4410 1076 4470 ταῖς
1114 4408 1256 4462 κατὰ
1289 4407 1383 4461 σοῦ
1437 4407 1762 4477 πολεμικαῖς
1813 4424 1955 4478 συμ-

2127 2033 2216 2089 87.
2253 2033 2310 2090 Si
2362 2049 2450 2091 res
2489 2042 2612 2092 tuas
2668 2034 2877 2100 firmas,
2919 2035 3196 2102 robustas,
3236 2043 3290 2092 et
3343 2037 3636 2107 perturba-

2058 2125 2196 2180 tioni
2246 2125 2429 2181 minus
2468 2125 2738 2182 obnoxias
2768 2127 3113 2196 cognoveris,
3157 2135 3211 2182 et
3241 2126 3481 2182 hostium
3509 2143 3637 2197 spe-

2055 2217 2356 2282 culatorem
2384 2217 2620 2287 aliquem
2653 2216 2778 2274 belli
2833 2227 3077 2289 tempore
3133 2218 3382 2289 ceperis,»
3402 2235 3476 2275 ne
3508 2234 3636 2275 eum

2057 2306 2202 2377 apud
2253 2314 2310 2363 te
2373 2307 2637 2374 retineas,
2695 2307 2792 2364 sed
2827 2309 3106 2378 permitte,
3145 2316 3211 2362 ut
3265 2308 3331 2362 ad
3379 2323 3513 2364 suos
3545 2323 3631 2363 re-

2056 2399 2204 2466 deat,
2250 2410 2306 2456 et
2359 2399 2650 2455 universas
2696 2400 2894 2472 copias
2931 2409 3078 2465 tuas,
3113 2409 3278 2470 atque
3309 2408 3644 2470 apparatum

2059 2492 2170 2548 illis
2203 2490 2496 2557 ostendat;
2525 2507 2586 2546 ea
2632 2491 2783 2546 enim
2839 2506 2930 2547 res
2955 2491 3187 2546 illorum
3228 2490 3441 2545 animos
3469 2491 3652 2545 vehe-A

2057 2594 2272 2640 menter
2325 2583 2636 2654 perturbat,
2680 2582 2777 2648 Sin
2803 2581 3116 2638 imbecilles
3165 2589 3274 2637 tuae
3308 2580 3516 2637 fuerint
3548 2596 3646 2636 co-

2058 2676 2184 2747 piae,
2232 2677 2378 2731 hunc
2413 2675 2506 2730 ita-
2533 2687 2820 2737 coerceas,
2855 2683 2917 2728 ut
2975 2673 3074 2728 tibi
3121 2672 3364 2728 hostium
3428 2678 3642 2726 secreta

2059 2767 2294 2823 concilia
2359 2766 2634 2828 enuntiet,
2675 2760 2733 2819 et
2759 2764 2826 2819 ad
2868 2773 3202 2828 extremum,
3235 2763 3316 2816 vel
3347 2761 3499 2815 illum
3526 2769 3642 2815 tru-

2058 2858 2303 2922 cidabis,
2324 2857 2407 2912 vel
2435 2856 2623 2924 aliquo
2655 2854 2764 2909 alio
2814 2855 3136 2924 ablegabiSr

2128 2950 2216 3004 88.
2246 2947 2484 3018 anuaz
2514 2948 2628 3018 geri
2655 2946 2754 3001 abs
2785 2953 2840 3000 te
2886 2953 3138 3016 possunt,
3175 2955 3451 3015 et-magna
3492 2953 3640 3008 sunt,

2060 3055 2186 3095 cum
2265 3037 2486 3109 provisa
2516 3077 2534 3105 ,
2580 3051 2648 3091 ac
2719 3036 3159 3105 circumscripta
3197 3033 3595 3090 deliberatione
3625 3073 3644 3097 ,

2009 3171 2030 3196 ,
2061 3132 2192 3204 quid
2229 3131 2470 3186 maxime
2503 3145 2572 3184 ex
2619 3145 2722 3184 usu
2748 3135 2846 3183 tuo
2913 3127 3005 3192 sit,
3048 3127 3354 3196 suscipias;
3387 3125 3482 3181 ubi
3518 3141 3646 3181 sus-

378 3215 459 3266 λει
489 3214 699 3284 ταχέως
722 3213 790 3266 τὰ
821 3212 1178 3284 βουλευθέντα
1206 3211 1376 3282 χωρὶς
1396 3211 1685 3282 ἀναόολῆς,
1722 3213 1958 3283 μάλιστα
1986 3211 2032 3234 "

2070 3225 2307 3298 ceperis,
2362 3223 2483 3279 sine
2515 3221 2626 3276 ulla
2659 3221 2945 3288 dilatione,
2995 3235 3120 3290 quae
3167 3217 3465 3275 deliberata
3517 3228 3644 3274 sunt

2069 3317 2350 3375 conﬁcias.
2409 3314 2546 3371 Nam
2607 3312 2922 3369 Alexander
2976 3311 3276 3383 aliquando
3340 3328 3459 3378 rex,
3509 3327 3647 3381 quo-

2069 3407 2232 3464 modo
2262 3404 2453 3475 paucis
2486 3403 2648 3459 annis
2679 3410 2760 3458 tot
2819 3409 3113 3470 tantasque
3139 3417 3226 3456 res
3257 3401 3646 3456 administras-

2069 3506 2152 3556 set
2201 3499 2573 3569 interrogatus
2602 3533 2619 3560 ,
2660 3493 3018 3564 respondisse
3049 3492 3243 3558 fertur,
3279 3492 3420 3559 Quia
3483 3493 3642 3557 nihil,

2066 3590 2210 3662 quod
2271 3589 2435 3645 hodie
2487 3585 2802 3642 faciendum
2865 3584 2994 3654 fuit,
3042 3585 3100 3641 in
3154 3584 3467 3656 proximum
3501 3585 3646 3640 diem

2065 3682 2398 3739 distulerim.
3017 3690 3020 3693 ·

2135 3774 2227 3830 89.
2255 3771 2358 3828 Ubi
2385 3771 2482 3828 tibi
2520 3771 2787 3828 societate
2835 3787 2975 3844 opus
3028 3780 3133 3837 est,
3166 3783 3286 3825 eam
3324 3781 3450 3823 cum
3485 3780 3648 3821 exer-

2064 3867 2177 3924 citu
2241 3873 2337 3920 tuo
2391 3880 2502 3920 non
2537 3863 2822 3929 miscebis,
2882 3872 3111 3937 tumque
3158 3860 3407 3923 minime,
3454 3857 3500 3912 si
3542 3855 3646 3910 fide

2064 3975 2128 4016 ac
2193 3958 2461 4030 religione
2515 3958 2620 4012 alia
2679 3958 2772 4022 sit,
2815 3970 2979 4026 quam
3037 3963 3229 4019 tutas,
3286 3950 3382 4008 sed
3439 3957 3644 4010 castra,

2061 4061 2228 4124 atque
2261 4053 2461 4107 itinera
2517 4050 2740 4105 illorum
2798 4063 2828 4102 a
2868 4047 2982 4103 tuis
3043 4047 3205 4116 longe
3226 4042 3537 4114 separabis,
3591 4049 3650 4096 et

2059 4145 2320 4210 consilia,
2351 4151 2701 4212 conatusque
2755 4139 2893 4196 aciei
2930 4147 3038 4194 tute
3083 4139 3152 4194 ab
3219 4137 3329 4192 illis
3376 4143 3648 4206 quantum

2060 4243 2216 4308 potes
2248 4234 2491 4298 occulta,
2542 4239 2700 4286 utne
2735 4231 2782 4287 si
2833 4245 2899 4285 ea
2953 4228 3338 4300 cognoverint,
3389 4223 3484 4281 ubi
3542 4224 3651 4278 ini-

2058 4325 2280 4382 micitiae
2308 4323 2454 4379 inter
2478 4336 2580 4376 vos
2609 4331 2797 4391 postea
2848 4319 3078 4381 fuerint,
3145 4317 3209 4372 ad
3239 4311 3650 4384 conﬂigendum

2056 4419 2152 4473 tibi
2182 4415 2477 4470 habiliores
2499 4413 2631 4470 sint.
2683 4411 2794 4467 Sed
2833 4427 3011 4482 neque
3037 4409 3300 4480 majorem
3330 4407 3648 4463 societatem

379 4497 627 4562 πλοκαῖς.
671 4498 832 4553 Ἀλλὰ
895 4497 1030 4570 μηδέ
1072 4497 1293 4552 πλείονα
1332 4497 1562 4572 στρατὸν
1609 4497 1817 4564 ἐπάγου
1847 4495 1954 4550 τῶν

2066 4509 2330 4572 asciscas,
2362 4522 2528 4578 quam
2563 4514 2669 4561 tuae
2686 4505 2860 4576 ipsius
2890 4504 3059 4576 cepiaa
3086 4510 3235 4564 sunt,
3260 4509 3318 4557 ut
3345 4515 3434 4565 ne,
3459 4513 3650 4569 quem-

382 4591 490 4644 σῶν
519 4591 824 4661 δυνάμεων,
889 4591 976 4644 ῖνα
1007 4590 1104 4661 μὴ,
1159 4588 1346 4654 καθὼς
1378 4592 1475 4645 καὶ
1509 4589 1576 4643 ἐν
1614 4588 1797 4652 ἄλλοις
1827 4590 1961 4660 ἡμῖν

379 4685 615 4756 εἴρηται,
643 4684 678 4756 ἢ
710 4684 946 4747 εὐκόλως
962 4682 1092 4754 παρ’
1115 4682 1295 4736 αὐτῶν
1321 4679 1742 4752 ἐπιϐουλευθῇς,
1786 4679 1822 4751 ἢ
1866 4680 1966 4752 τῆς

382 4779 482 4847 σῆς
514 4780 617 4848 γῆς
649 4779 935 4848 ἐγκρατεῖς
965 4777 1253 4845 γένωνται.

456 4866 527 4936 ιζ.
562 4869 873 4939 Στρατηγδς
904 4868 1128 4940 εἰρήνης
1171 4867 1464 4937 ἐπιθυμῶν
1528 4865 1798 4940 εὐτρεπὴς
1820 4869 1964 4924 ἔστω

379 4959 516 5031 πρὸς
569 4959 660 5012 τὸν
716 4959 976 5030 πόλεμον.
1045 4958 1173 5013 Ἐὰν
1224 4953 1316 5013 οὖν
1369 4957 1546 5029 βούλει
1578 4959 1813 5030 πτοῆσαι
1839 4961 1966 5025 τοὺς

381 5053 696 5124 πολεμίους,
747 5053 842 5108 καὶ
868 5051 1128 5120 ἀγωνίαν,
1168 5051 1204 5120 ἢ
1231 5051 1464 5121 εἰρήνην
1502 5051 1773 5105 αἰτεῖσθαι
1813 5051 1967 5121 παρὰ

382 5146 501 5214 σοῦ,
536 5147 755 5215 ἕτοιμον
783 5144 870 5199 ἀεὶ
898 5144 1034 5213 πρὸς
1066 5141 1158 5196 τὸν
1182 5144 1300 5196 κατ’
1331 5143 1510 5196 αὐτῶν
1541 5141 1778 5212 πόλεμον
1802 5159 1966 5196 σεαυ-

381 5238 474 5292 τὸν
527 5237 872 5292 ἁποδείκνυε.
929 5233 1114 5297 Οὕτως
1162 5233 1272 5304 γὰρ
1314 5233 1702 5301 δειλιάσουσιν,
1741 5235 1836 5288 καὶ
1863 5235 1965 5305 τὴν

381 5333 604 5403 εἰρήνην
637 5328 998 5385 ἀσπάσονται.

449 5422 559 5492 ιια’.
621 5424 846 5494 Τρυφήν
898 5423 1184 5496 τμηδέποτε
1247 5419 1516 5491 φιλήσεις,
1559 5415 1605 5473 ὦ
1665 5421 1959 5492 στρατηγέ,

385 5515 620 5587 μάλιστα
642 5516 700 5570 δέ
734 5516 832 5569 σὺν
859 5515 937 5586 τῷ
1002 5513 1228 5586 στρατῷ
1259 5513 1486 5580 διάγων,
1537 5510 1716 5574 κοινὸς
1734 5512 1959 5592 ὄλεθρος

381 5607 520 5676 αὔτη
571 5606 669 5660 καὶ
723 5607 799 5678 τῷ
841 5607 1132 5679 στρατηγῷ
1179 5607 1270 5660 καὶ
1297 5603 1375 5676 τῷ
1414 5605 1782 5676 στρατεύματι
1815 5605 1959 5674 γίνε-

381 5717 492 5756 ται.

454 5790 559 5862 ιβ’.
602 5790 736 5846 Οὔτε
759 5794 816 5847 ἐν
833 5795 952 5858 ταῖς
980 5791 1304 5863 εὐπραγίαις
1327 5789 1650 5861 ὲπαίρεσθαί
1675 5805 1731 5843 σε
1763 5787 1958 5860 χρεὼν,

2069 4601 2367 4658 admodum
2435 4607 2597 4654 antea
2673 4598 2949 4662 diximus,
3001 4598 3088 4652 xtl
3118 4595 3216 4650 tibi
3293 4591 3647 4653 insidientur,

2069 4694 2156 4750 vel
2203 4693 2384 4748 locum
2421 4693 2520 4748 abs
2577 4698 2634 4746 te
2677 4697 3052 4762 expugnatum
3110 4683 3449 4756 prmripiant.

2137 4869 2228 4926 90.
2288 4865 2592 4938 Imperator
2618 4863 2712 4936 qui
2773 4875 2962 4933 pacem
3023 4855 3263 4918 affectat,
3328 4852 3396 4907 ad
3445 4849 3646 4906 bellum

2068 4975 2128 5016 se
2181 4966 2474 5029 praeparet.
2541 4955 2601 5010 Si
2642 4953 2790 5010 enim
2849 4949 3085 5007 volueris
3122 4947 3338 5010 facere,
3371 4953 3432 4999 ut
3461 4943 3648 4998 hostes

2063 5052 2163 5108 abs
2193 5060 2244 5106 te
2273 5058 2370 5106 aut
2416 5043 2790 5104 dimicationis
2851 5050 3087 5112 tempus,
3143 5047 3237 5095 aut
3306 5052 3496 5108 pacem
3556 5051 3649 5104 pc-

2034 5129 2469 5210 'tant,teipsum
2529 5147 2778 5209 paratum
2827 5133 2896 5189 ad
2960 5134 3164 5189 bellum
3223 5130 3644 5190 demonstrato;

2066 5234 2143 5289 ita
2189 5233 2337 5289 enim
2385 5228 2697 5285 timidiores
2747 5224 3076 5290 redduntur,
3109 5231 3162 5279 et
3207 5232 3392 5289 pacem
3435 5217 3643 5285 ample-

2066 5331 2307 5379 ctentur.

2134 5416 2223 5472 9|.
2287 5413 2501 5469 Luxum
2532 5427 2809 5484 nunquam
2873 5409 3112 5474 amabis,
3147 5419 3264 5462 tum
3298 5413 3480 5460 autem
3540 5402 3648 5456 mi-

2065 5510 2232 5574 nime,
2296 5507 2514 5578 quando
2549 5521 2674 5560 cum
2705 5503 2949 5561 exercitu
2987 5519 3047 5558 es
3090 5519 3104 5556 :
3143 5497 3452 5555 communis
3497 5496 3645 5552 enim

2064 5601 2246 5657 clades
2276 5615 2338 5654 ca
2371 5597 2631 5655 exercitui
2665 5607 2717 5653 et
2751 5594 3066 5666 imperatori
3097 5602 3200 5648 est.

2135 5785 2221 5840 92.
2262 5781 2448 5854 Neque
2505 5781 2868 5852 prosperitate
2918 5793 3099 5834 rerum
3148 5775 3324 5830 elatus
3373 5775 3472 5840 sis,
3543 5785 3641 5824 nc-
