4120 6444
493 347 634 416 1039

1739 350 2018 412 LEONIS
2050 345 2510 410 PHILOSOPHI

3644 341 3787 410 1040

492 483 604 539 que
641 466 888 523 adversis
943 464 1112 521 rebus
1145 463 1494 534 deprimaris.
1545 461 1735 534 Neque
1761 465 1908 520 enim
1942 464 2082 520 mol-

2197 458 2309 515 δῦτε
2340 462 2399 515 ἐν
2438 460 2561 521 ταῖς
2624 457 2993 528 δυσπραγίαις
3040 457 3428 512 καταπίπτειν.
3489 455 3628 510 Οὐδὲ
3672 459 3786 528 γάρ

496 562 587 626 lis,
644 567 741 615 aut
781 560 987 614 fractus
1049 557 1319 613 exercitui
1380 564 1476 612 tuo
1525 556 1698 613 videri
1765 558 1955 626 debes,
1986 560 2082 615 sed

498 656 762 706 constans
794 656 848 703 et
885 647 1091 718 gravis,
1119 655 1176 703 et
1233 648 1301 702 ad
1362 660 1581 703 omnem
1619 648 1897 704 fortunam
1938 650 2084 705 acci—

497 740 754 811 piendam
822 739 1005 794 fortis.
1081 736 1218 793 Nam
1265 740 1360 810 qui
1410 739 1573 796 facile
1640 741 1835 796 laetitia
1891 743 2080 813 gestit,

498 831 659 886 facile
686 830 851 885 etiam
878 829 1069 885 dolore
1097 829 1470 897 contrahitur,
1501 838 1556 885 et
1586 830 1905 902 languidine
1929 848 2081 888 men-

496 924 570 980 tis
628 922 1065 994 ell'eminataeque
1102 925 1207 980 hoc
1239 939 1500 994 magnum
1558 933 1941 996 argumentum
1974 935 2079 983 est.

568 1014 660 1069 95.
714 1014 995 1085 Quidquid
1043 1016 1466 1072 immoderatum
1511 1025 1617 1084 est,
1664 1017 1808 1072 haud
1843 1019 2084 1087 proban-

496 1106 627 1161 dum
686 1114 789 1163 est.
846 1106 1037 1178 Itaque
1089 1122 1269 1180 neque
1319 1108 1617 1164 admodum
1650 1110 1916 1167 terribilis
1948 1112 2084 1167 sub-

489 1199 657 1269 jectis
697 1200 829 1265 tuis,
868 1216 1049 1274 neque
1094 1201 1260 1258 nimis
1314 1200 1494 1257 facilis
1526 1202 1639 1259 sis:
1673 1209 1908 1274 utraque
1933 1204 2081 1259 enim

494 1293 680 1350 minus
716 1302 843 1364 apta
902 1294 1226 1364 imperatori
1297 1296 1349 1349 in
1388 1294 1635 1351 exercitu
1674 1303 1825 1352 sunt.
1881 1296 2083 1353 Multus

493 1386 644 1441 enim
701 1387 869 1441 timor
940 1387 1132 1442 odium
1189 1388 1500 1456 ingenerat,
1587 1403 1787 1459 magna
1847 1390 2086 1446 facilitas

496 1485 872 1548 contemptum
903 1480 1078 1550 parit.
1118 1478 1421 1535 Moderatio
1456 1480 1625 1550 igitur
1654 1481 1904 1551 quaedam
1930 1483 2085 1537 adhi-

494 1568 674 1624 benda
709 1576 813 1636 est,
861 1578 921 1623 ut
954 1570 1010 1624 in
1053 1578 1344 1642 utramque
1378 1579 1590 1641 partem
1627 1574 1945 1629 moderatus
1974 1576 2075 1639 sis,

495 1673 676 1728 neque
698 1660 969 1729 supplicia
1010 1662 1179 1719 nimis
1239 1664 1562 1730 crudeliter,
1596 1674 1762 1736 atque
1813 1667 2086 1725 iracunde

496 1751 729 1815 inferas,
765 1756 944 1826 neq‘ue
1007 1770 1203 1811 rursus
1246 1757 1432 1811 omnia
1468 1757 1671 1824 soluta,
1711 1766 1874 1828 atque
1905 1760 2087 1831 impu-

493 1846 610 1901 nita
651 1846 957 1916 relinquas,
1010 1858 1070 1902 ut
1126 1863 1195 1904 ne
1252 1863 1447 1919 magna
1501 1849 1555 1904 in
1618 1850 1966 1921 confusione,
2021 1870 2086 1911 ac

494 1939 913 2007 perturbatione
1003 1952 1187 1994 rerum
1263 1941 1541 1996 exercitus
1617 1951 1747 1999 tuus
1823 1945 2080 2001 videatur

494 2046 643 2087 esse.

566 2123 657 2179 94.
698 2124 833 2180 Belli
879 2132 1124 2196 tempore
1168 2134 1333 2181 noctu
1389 2128 1458 2185 de
1506 2131 1673 2188 rebus
1724 2132 1953 2202 agendis
1985 2133 2080 2190 de-

493 2213 872 2284 liberabimus,
904 2218 1145 2274 interdiu
1206 2228 1389 2276 autem
1437 2220 1736 2278 deliberata
1788 2224 2076 2282 faciemus.

491 2306 682 2379 Neque
709 2310 858 2365 enim
912 2310 1057 2365 idem
1124 2319 1341 2382 tempus
1374 2328 1499 2371 esse
1562 2315 1783 2373 debebit
1836 2318 2084 2385 consilii,

493 2408 550 2455 et
602 2403 838 2459 actionis
875 2405 1265 2473 suscipiendae.

568 2493 658 2549 95.
694 2494 881 2550 Victor
922 2497 1191 2552 terribilis
1240 2497 1496 2556 hostibus
1550 2500 1853 2570 imperator
1884 2520 2080 2561 cense-

495 2586 670 2653 bitur,
718 2602 828 2643 non
865 2588 958 2658 qui
1003 2590 1175 2644 verbo
1221 2576 1399 2647 solum
1435 2592 1706 2649 adversus
1748 2594 1937 2652 hostes
1968 2599 2086 2668 glo-

494 2678 629 2733 riari
654 2680 880 2750 poterit,
924 2681 1019 2737 sed
1055 2683 1147 2753 qui
1190 2698 1250 2739 re
1299 2684 1419 2754 ipsa
1455 2684 1695 2754 firmare,
1728 2688 1875 2760 quod
1901 2690 2084 2747 verbis

493 2773 637 2827 dixit
699 2775 921 2845 poterit.
1192 2776 1199 2777 “

566 2865 655 2921 96.
695 2865 753 2921 Si
816 2868 1038 2938 quando
1102 2885 1329 2939 parvum
1404 2870 1573 2927 habes
1633 2883 1966 2941 exercitum,
2029 2886 2081 2931 et

494 2956 737 3011 hostium
802 2964 1027 3014 tuorum
1079 2962 1252 3030 copiae.
1308 2961 1466 3031 longe
1509 2962 1696 3032 plures
1750 2970 1904 3027 sunt,
1978 2968 2083 3020 mi-

492 3063 685 3105 norem
757 3052 1251 3123 augustioremque
1308 3053 1490 3108 locum
1553 3056 1761 3125 capito,
1843 3065 1897 3112 et
1981 3073 2080 3112 co-

2189 553 2271 606 δεῖ
2293 570 2353 605 σε
2396 548 2639 606 τοιοῦτον
2691 549 2770 620 τῷ
2836 551 3212 622 στρατεύματι
3277 550 3587 619 φαίνεσθαι,
3645 550 3786 605 ἀλλὰ

2193 643 2454 715 σταθερὸν
2483 641 2591 707 ἀεὶ,
2622 642 2716 695 καὶ
2742 642 2880 714 πρὸς
2908 643 2977 696 τά
3002 643 3227 696 τοιαῦτα
3241 643 3650 711 ἀνεπίγνωστον
3677 660 3691 672 ·
3722 642 3783 694 τὸ

2193 737 2303 810 γὰρ
2336 736 2547 806 ταχέως
2601 734 2743 806 πρὸς
2796 735 2973 805 χαρὰν
3022 735 3351 806 ἐπαίρεσθαι
3380 734 3653 806 φανερῶς,
3684 733 3785 788 καὶ

2191 830 2331 901 πρὸς
2374 829 2551 901 λύπην
2613 829 2778 885 πάλιν
2840 829 3125 901 προδήλως
3156 829 3558 897 καταπίπτειν,
3596 828 3781 899 ψυχῆς

2190 925 2337 976 ἐστιν
2370 923 2623 993 μαλακῆς
2647 924 2740 975 καὶ
2768 922 2992 987 ἀναξίας
3021 923 3350 992 στρατηγοῦ.

2263 1018 2372 1087 ιιγν,
2408 1016 2717 1088 Ὑπερϐολὴ
2748 1015 2951 1080 παντὸς
2987 1017 3317 1088 πράγματος
3359 1016 3459 1072 οὐκ
3486 1019 3788 1074 ἁπόδεκτόν

2189 1109 2325 1174 ἐστι,
2358 1106 2438 1161 διδ
2469 1108 2607 1179 μήτε
2635 1108 2755 1161 λίαν
2788 1108 3018 1179 φοϐερὸς
3057 1110 3169 1172 τοῖς
3203 1109 3466 1180 ὑπηκόοις
3493 1112 3782 1184 ὑπάρχῃς,

2190 1193 2235 1251 ὧ
2267 1199 2559 1271 στρατηγὲ,
2584 1201 2720 1271 μήτε
2747 1200 2867 1253 λίαν
2890 1199 3159 1271 ἐπιεικής·
3184 1202 3469 1273 ἀμφότερα
3486 1202 3593 1279 γὰρ
3611 1205 3785 1258 ἀκατ-

2195 1294 2403 1364 άλληλα
2454 1295 2533 1365 τῷ
2583 1296 2877 1368 στρατηγῷ
2918 1297 3055 1368 πρὸς
3111 1297 3171 1350 τὸ
3195 1299 3513 1369 στράτευμα
3546 1301 3781 1368 γίνεται.

2199 1392 2256 1445 Ὀ
2333 1391 2432 1460 μὲν
2475 1391 2585 1461 γὰρ
2646 1390 2814 1453 πολὺς
2878 1389 3041 1459 φόϐος
3107 1392 3265 1461 μῖσος
3312 1392 3609 1463 ἀπογεννᾷ,
3666 1393 3787 1463 ἠδὲ

2194 1485 2364 1556 πολλὴ
2404 1485 2678 1539 ἐπιείκεια
2708 1485 3122 1556 καταφρόνησιν
3173 1485 3493 1555 ἐργάζεται.
3557 1487 3785 1560 Ἀρίστη

2192 1578 2248 1631 δὲ
2282 1574 2431 1648 ὴτοῦ
2464 1574 2628 1646 μέσου
2679 1576 2940 1640 διάθεσις,
2999 1576 3140 1629 ὥστε
3173 1577 3493 1647 σύμμετρόν
3544 1596 3603 1630 σε
3636 1574 3786 1633 εἶναι

2195 1667 2332 1733 πρὸς
2380 1667 2691 1738 ἀμφότερα,
2759 1668 2856 1720 καὶ
2914 1667 3053 1738 μήτε
3102 1668 3204 1730 τὰς
3258 1667 3639 1732 ὲπεξελεύσεις
3670 1669 3790 1723 τῶν

2194 1759 2659 1832 ἁμαρτανομένων
2683 1758 2824 1830 μετά
2842 1759 3102 1821 ἀπονοίας
3126 1758 3402 1813 ποιεῖσθαι
3426 1762 3519 1813 καὶ
3539 1761 3570 1812 dt
3579 1760 3785 1832 μέτρου

2190 1854 2383 1926 ὀργῆς,
2443 1854 2580 1925 μήτε
2614 1852 2776 1906 πάλιν
2828 1850 3107 1915 παντελῶς
3140 1853 3362 1920 ἀφιέναι
3434 1853 3784 1924 ἀτιμώρητα.

2195 1948 2337 1998 ὥστε
2402 1945 2481 2007 εἰς
2524 1943 2787 2012 ἀναρχίαν
2827 1942 3003 1996 δοκεῖν
3074 1942 3471 2013 περιίστασθαι
3530 1960 3625 1996 σου
3685 1943 3789 2013 τὴν

2196 2037 2395 2108 ἀρχήν.

2264 2128 2364 2196 [κδ’.
2410 2129 2500 2182 Ἐν
2529 2127 2769 2198 πολέμου
2795 2126 2975 2199 καιρῷ
3022 2126 3281 2197 βουλεύου
3318 2127 3416 2197 μὲν
3452 2127 3511 2178 ἐν
3537 2126 3699 2180 νυκτὶ⁸
3723 2129 3789 2181 τὸ

2196 2222 2487 2294 πρακτέον,
2520 2222 2587 2276 τὰ
2644 2221 2702 2275 δὲ
2753 2219 2986 2285 δόξαντα
3039 2223 3103 2290 τῇ
3153 2219 3314 2290 βουλῇ
3378 2220 3615 2273 ἐπιτέλει
3666 2219 3789 2289 μεθ’

2194 2317 2431 2388 ἡμέραν.
2460 2316 2533 2370 Οὐ
2565 2315 2674 2385 γὰρ
2704 2317 2731 2369 ὀ
2761 2314 2920 2378 αὐτὸς
2950 2313 3157 2377 ὀφείλει
3187 2312 3378 2384 καιρὸς
3410 2308 3549 2366 εἶναι
3586 2311 3790 2384 βουλῆς

2193 2427 2252 2463 τε
2285 2410 2377 2462 καὶ
2411 2408 2804 2478 παρατάξεως.

2268 2497 2366 2568 κε’.
2400 2499 2649 2570 Νικητὴς
2690 2497 2784 2551 καὶ
2818 2496 3047 2568 φοϐερὸς
3074 2499 3187 2561 τοῖς
3212 2497 3495 2567 πολεμίοις
3528 2495 3712 2565 λογισο
3726 2497 3786 2566 ή-

2200 2608 2350 2645 σεται
2384 2591 2412 2642 ὀ
2435 2588 2871 2660 στρατηγὸς,οὑχ
2896 2589 2923 2641 ό
2952 2587 3030 2659 τῷ
3062 2586 3243 2655 λέγειν
3277 2587 3437 2657 μόνον
3462 2586 3557 2639 καὶ
3583 2588 3787 2653 ἐγκαυ-

2199 2682 2400 2754 χᾶσθαι
2432 2680 2553 2736 κατ’
2618 2681 2801 2735 αὐτῶν
2863 2680 3111 2744 δυνατὸς,
3139 2680 3256 2734 ἀλλ’
3284 2682 3311 2733 ὀ
3356 2682 3477 2744 ταῖς
3517 2679 3788 2749 πράξεσιν

2193 2774 2358 2829 αὐτοῦ
2374 2774 2499 2837 τοὺς
2524 2772 2720 2842 λόγους
2757 2772 3014 2842 βεϐαίους
3042 2771 3390 2835 ἀποδεικνύς.

2266 2871 2382 2933 ιιςν.
2416 2866 2585 2919 Ὅταν
2611 2866 2791 2933 ὀλίγον
2819 2863 2951 2936 ἔχῃς
2983 2864 3323 2936 στράτευμα,
3371 2864 3480 2917 τῶν
3512 2862 3789 2933 πολεμίων

2201 2958 2259 3010 δὲ
2289 2960 2368 3021 είς
2402 2958 2605 3027 πλῆθός
2647 2960 2817 3023 ἐστιν,
2852 2956 3051 3010 σπεῦδε
3094 2955 3423 3009 καταλαϐεῖν
3467 2956 3791 3026 μικρότερον

2187 3053 2387 3125 χωρίον
2420 3053 2514 3107 καλ¹
2534 3053 2881 3123 στενώτερον,
2914 3050 3009 3104 καὶ
3042 3040 3356 3120 σύμμετρον
3384 3049 3461 3119 τῷ
3518 3049 3595 3118 σῷ
3627 3066 3791 3117 στρα-

492 3142 604 3210 piis
665 3141 775 3197 tuis
825 3142 1102 3197 idoneum.
1151 3142 1338 3213 itaque
1397 3143 1509 3211 fiet,
1551 3154 1608 3200 ut
1647 3147 1945 3202 multitudo
1976 3148 2076 3204 ho-

2197 3147 2439 3216 ιεύματι.
2503 3145 2577 3198 Τὸ
2634 3144 2743 3215 γὰρ
2814 3142 3074 3213 περισσδν
3123 3142 3233 3195 τῶν
3288 3142 3562 3213 πολεμίων
3588 3140 3791 3212 πλῆθος

497 3236 666 3291 stium
726 3236 939 3293 inutilis
987 3238 1101 3303 fiat,
1167 3239 1261 3294 ubi
1293 3240 1447 3296 locus
1490 3242 1866 3299 multitudinis
1898 3244 2084 3302 minus

495 3331 584 3382 est
630 3340 824 3395 capax.

567 3412 657 3466 97.
693 3412 971 3481 lnducias,
1014 3421 1066 3469 et
1102 3412 1309 3470 foedera
1361 3415 1488 3472 belli
1530 3431 1656 3472 cum
1714 3420 1969 3478 hostibus
2003 3420 2083 3477 fa-

494 3505 671 3570 ciens,
706 3522 774 3562 ne
807 3518 1095 3577 propterea
1149 3510 1202 3563 in
1254 3509 1587 3580 negligentia
1646 3512 1832 3582 aliqua
1861 3522 1955 3567 aut
1991 3529 2086 3568 so-

496 3597 689 3653 cordia
741 3599 840 3665 sis,
893 3600 988 3654 sed
1045 3601 1353 3670 majoribus
1425 3603 1695 3659 custodiis
1752 3615 1961 3672 castra,
1992 3614 2087 3661 aut

496 3689 781 3760 regionem
848 3698 998 3746 tuam
1061 3694 1303 3747 munias.
1364 3694 1421 3747 Si
1486 3694 1631 3749 enim
1697 3697 1904 3751 foedera
1965 3699 2086 3753 vio-

495 3784 614 3837 iare
651 3783 840 3839 hostes
872 3785 1171 3849 voluerint,
1198 3796 1396 3856 praeter
1431 3788 1888 3855 indignationem,
1918 3790 2087 3844 iram-

497 3893 609 3946 que
673 3877 791 3944 Dei,
843 3878 1132 3947 perfidiam
1181 3879 1277 3933 tibi
1343 3888 1704 3935 accerserunt
1738 3922 1752 3943 ,
1811 3890 1869 3935 tu
1928 3897 2083 3946 vero,

496 3969 743 4039 undique
812 3971 1083 4028 munitus.
1110 3979 1162 4026 et
1198 3969 1293 4026 Dei
1335 3971 1650 4039 praesidium
1703 3973 1873 4029 habes
1926 3982 1980 4028 et
2018 3973 2083 4027 li-

495 4062 631 4131 dem,
678 4077 1000 4127 conservas,
1043 4071 1097 4118 et
1135 4063 1367 4120 honesto
1409 4064 1466 4118 in
1502 4064 1623 4121 loco
1684 4066 1830 4135 apud
1879 4081 2077 4121 omnes

494 4168 795 4225 propterea
825 4171 906 4211 es.
963 4158 1148 4226 Turpe
1182 4166 1269 4213 est
1299 4158 1448 4213 enim
1507 4158 1830 4229 imperatori
1877 4160 2082 4223 dicere,

490 4242 619 4300 Non
660 4257 934 4317 putaram.

556 4339 648 4394 98.
690 4341 804 4396 lloc
839 4342 1003 4395 etiam
1046 4342 1115 4395 ad
1164 4343 1574 4412 imperatoriam
1612 4343 1827 4399 laudem
1862 4360 2088 4415 magno-

497 4446 632 4503 pere
686 4433 943 4501 pertinet,
1012 4444 1268 4504 reputare
1340 4443 1544 4499 tecum,
1620 4445 1675 4491 et
1738 4437 2083 4506 experientia

496 4530 651 4578 ’ccrta
700 4540 1059 4594 cognoscere,
1128 4527 1371 4603 hostium
1428 4537 1614 4585 castra
1686 4538 1895 4599 quanta
1953 4530 2084 4584 sint.

498 4614 618 4672 lloc
687 4617 800 4683 fiet,
863 4617 909 4673 si
968 4617 1202 4686 leipsum
1269 4620 1607 4685 exercueris,
1661 4627 1721 4673 ut
1782 4636 2087 4691 cognoscas

499 4717 742 4780 quantus
802 4711 1185 4781 unusquisque
1234 4711 1410 4778 locus,
1466 4722 1520 4767 et
1575 4713 1757 4782 qualis
1790 4714 1885 4775 sit,
1919 4720 2088 4781 quot-

497 4819 611 4873 que
658 4805 883 4869 milites,
932 4804 1397 4875 quemadmodum
1459 4805 1624 4861 nobis
1684 4816 1812 4861 ante
1871 4807 2085 4862 descri-

499 4905 654 4968 ptum
721 4907 827 4962 est,
858 4913 1053 4967 capere
1106 4899 1300 4969 possit.

574 4988 664 5045 99.
703 4989 809 5043 Par
844 5000 929 5046 est
958 5003 1162 5056 autem,
1197 4991 1660 5061 quemadmodum
1704 4990 1941 5044 hostium
1997 5007 2090 5045 co-

500 5081 624 5152 pias
683 5082 907 5138 sludeas
968 5098 1334 5153 cognoscere,
1386 5082 1464 5137 sic
1501 5088 1554 5135 et
1607 5081 1859 5135 hostibus
1912 5082 2109 5137 minus.

503 5176 737 5246 cognitae
802 5184 909 5230 tuae
980 5177 1113 5231 sint.
1174 5175 1279 5230 Ubi
1338 5189 1465 5228 vero
1524 5173 1935 5229 multitudinem
1998 5190 2093 5229 co-

504 5269 723 5338 piarum
787 5275 1006 5323 tuarum
1079 5268 1219 5321 clam
1288 5269 1480 5323 hostes
1542 5283 1665 5323 esse
1735 5266 1915 5337 cupis,
1984 5266 2087 5320 tni-

503 5361 697 5415 litibus
733 5361 1043 5431 pracipies,
1077 5375 1133 5412 ..ς
1176 5359 1391 5414 densati
1450 5359 1774 5414 ambulent:
1815 5358 2089 5412 addcnsa~

504 5456 586 5510 tio
633 5455 804 5518 enim,
836 5464 890 5507 et
924 5452 1234 5508 contractio
1296 5452 1516 5507 hebetat
1580 5451 1823 5506 hostium
1879 5452 2093 5518 oculos,

506 5555 560 5600 ct
594 5547 835 5617 perfecte
883 5561 1177 5600 numerum
1215 5551 1434 5599 tuorum
1484 5541 1955 5613 comprehendere
1984 5558 2093 5597 non

512 5640 665 5693 sinit.
715 5637 920 5694 Contra
976 5648 1181 5703 autem,
1213 5638 1257 5693 si
1296 5638 1524 5708 exiguas
1564 5636 1751 5705 c0pias
1806 5642 1931 5688 tuas
1978 5634 2093 5689 clli-

514 5743 642 5781 cere
707 5731 886 5798 cupis,
930 5737 989 5782 ut
1017 5729 1203 5798 plures
1266 5730 1577 5791 videantur,
1639 5729 1881 5782 rariores
1919 5726 2096 5781 inam-

518 5817 711 5871 bulcut
757 5828 809 5872 et
867 5822 1176 5877 consistant
1243 5823 1469 5889 milites,
1532 5831 1584 5879 ct
1620 5821 1941 5890 ampliorem
1975 5837 2098 5892 spa-

2200 3239 2477 3309 ἄχρηστον
2504 3236 2821 3307 γενήσεται,
2850 3232 2945 3286 τοῦ
2992 3235 3162 3287 τόπου
3197 3233 3271 3305 μὴ
3310 3234 3697 3305 ἐπιδεχομένου
3729 3235 3793 3289 τὸ

2199 3331 2381 3384 πλέον.
2900 3333 2903 3335 ’

2274 3423 2376 3491 ιζ’.
2411 3421 2693 3491 Συνθήκας
2735 3421 2833 3474 καὶ
2868 3422 3067 3491 ἀνοχὰς
3104 3418 3344 3489 πολέμου
3384 3417 3520 3489 πρὸς
3540 3420 3667 3481 τοὺς
3696 3436 3793 3473 πο·

2193 3515 2417 3586 λεμίους
2451 3513 2795 3583 ποιούμενος,
2846 3513 2919 3584 μὴ
2954 3513 3047 3565 διὰ
3084 3511 3289 3574 ταύτας
3330 3512 3386 3563 ὲν
3422 3511 3652 3582 ἀμελείᾳ
3680 3511 3794 3564 δια-

2195 3607 2377 3678 τελῇς,
2410 3606 2546 3660 ἀλλὰ
2580 3606 2780 3676 μᾶλλον
2818 3602 3031 3674 μείζοσι
3057 3605 3150 3659 καὶ
3182 3602 3603 3675 ἀκριϐεστέραις
3629 3621 3790 3673 περι-

2194 3699 2441 3769 λάμϐανε
2461 3701 2582 3761 ταῖς
2601 3699 2872 3767 φυλακαῖς
2899 3698 2959 3750 τὸ
2984 3695 3365 3766 στρατόπεδον,
3390 3694 3423 3765 ἢ
3452 3693 3548 3765 τὴν
3582 3694 3790 3764 χώραν.

2207 3791 2333 3845 Ἐὰν
2373 3790 2481 3860 γὰρ
2530 3788 2981 3861 παρασπονδῆσαι
3038 3786 3376 3857 βουληθῶσιν
3431 3786 3478 3838 οἱ
3507 3785 3787 3855 πολέμιοι,

2198 3886 2395 3938 ἐκεῖνοι
2452 3882 2554 3951 μὲν
2608 3881 2747 3951 μετὰ
2800 3882 2900 3951 τῆς
2957 3879 3051 3933 τοῦ
3106 3879 3243 3933 Θεοῦ
3307 3878 3635 3948 δυσμενείας
3694 3878 3792 3930 καὶ

2195 3974 2426 4043 ἀπειλῆς
2453 3972 2636 4038 ἕξουσι
2677 3970 2736 4024 τὸ
2779 3972 3027 4035 ἄπιστον,
3075 3971 3140 4023 σὺ
3192 3969 3249 4022 δὲ
3300 3967 3439 4039 μετὰ
3487 3967 3585 4035 τῆς
3619 3967 3793 4035 ἀσφα-

2194 4066 2346 4129 λείας
2370 4065 2758 4135 εὑρισκόμενος
2818 4063 2960 4127 ἕξεις
2996 4062 3058 4116 τὸ
3112 4062 3310 4115 πιστὸν
3349 4058 3490 4129 μετά
3537 4059 3637 4128 τῆς
3693 4059 3791 4112 τοῦ

2194 4156 2330 4211 Θεοῦ
2363 4156 2636 4227 βοηθείας.
2691 4154 2935 4222 Ἀνάξιον
2998 4154 3107 4224 γὰρ
3156 4149 3464 4224 στρατηγοῦ
3495 4150 3555 4203 τὸ
3585 4150 3789 4219 λέγειν,

2202 4249 2376 4303 Τοῦτο
2396 4249 2457 4302 οὐ
2482 4248 2846 4319 προσεδόκων.

2269 4347 2378 4413 ιιην.
2440 4341 2552 4394 Καὶ
2581 4339 2741 4393 τοῦτο
2782 4338 2839 4391 δέ
2888 4355 2970 4391 σοι
3026 4338 3351 4405 ἀναγκαῖον,
3392 4332 3436 4391 ὧ
3478 4341 3786 4410 στρατηγὲ,

2200 4434 2335 4504 πρὸς
2366 4429 2740 4504 στρατηγικὴν
2772 4429 3109 4500 τελειότητα,
3144 4429 3204 4482 τὸ
3248 4429 3659 4498 συλλογίζεσθαι
3696 4432 3793 4484 καὶ

2205 4525 2502 4595 γινώσκειν
2524 4522 2770 4594 ἀκριϐῶς
2828 4523 2891 4574 ἐκ
2926 4523 3023 4592 τῆς
3049 4521 3247 4593 πείρας
3284 4521 3345 4574 τὸ
3370 4523 3479 4575 τῶν
3516 4522 3791 4593 πολεμίων

2197 4616 2560 4690 στρατόπεδον
2631 4615 2795 4667 πόσον
2852 4613 3017 4667 ἐστίν.
3074 4612 3247 4665 Τοῦτο
3297 4613 3354 4666 δὲ
3402 4615 3643 4681 γίνεται,
3694 4614 3792 4667 ἐὰν

2197 4702 2727 4784 προγυμνασὰμενος
2756 4706 3032 4777 γινώσκῃς
3064 4705 3228 4769 πόσος
3283 4707 3446 4770 τόπος
3496 4709 3589 4761 καὶ
3640 4710 3792 4770 ποῖος

2195 4806 2394 4867 πόσους
2426 4800 2767 4873 στρατιώτας
2805 4798 3161 4869 ἐπιδέχεσθαι
3209 4798 3456 4865 δύναται,
3491 4801 3585 4853 καὶ
3612 4800 3689 4862 ὡς
3735 4802 3793 4853 ἐν

2201 4897 2384 4959 ἄλλοις
2420 4896 2552 4964 ἡμῖν
2575 4890 2991 4963 προδιώρισται.
3822 4934 3827 4938 .

2271 4982 2376 5049 ιπθν.
2413 4980 2597 5043 ’Λξιον
2631 4980 2685 5031 δέ
2716 4997 2820 5042 σοι,
2854 4972 2898 5031 ὦ
2944 4977 3241 5051 στρατηγὲ,
3274 4980 3463 5051 ὥσπερ
3505 4980 3605 5050 τὴν
3635 4981 3793 5051 εἰρη-

2206 5072 2377 5141 μένην
2397 5070 2601 5138 γνῶσιν
2632 5068 2733 5138 τῆς
2772 5067 2881 5121 τῶν
2918 5068 3198 5138 πολεμίων
3238 5070 3532 5138 στρατείας
3555 5070 3795 5138 ὀφείλεις

2207 5165 2373 5235 ἔχειν,
2405 5161 2578 5225 οὕτως
2602 5162 2695 5214 καὶ
2730 5161 2856 5224 τοὺς
2889 5161 3186 5231 πολεμίους
3236 5159 3527 5213 λανθάνειν
3561 5160 3623 5214 τὸ
3656 5161 3796 5229 πλῆο

2201 5256 2292 5318 θος
2322 5254 2431 5307 τῶν
2463 5252 2571 5305 σῶν
2605 5252 3055 5322 στρατευμάτων.
3102 5251 3271 5304 Ὅταν
3302 5250 3358 5303 δὲ
3387 5249 3556 5324 βούλῃ
3606 5248 3793 5303 λαθεῖν

2201 5348 2326 5411 τοὶ).³
2356 5345 2586 5417 ἐχθροὺς
2623 5347 2721 5416 τῆς
2754 5344 2854 5414 σῆς
2884 5344 3167 5414 δυνάμεως
3199 5343 3259 5396 τὺ
3291 5342 3519 5414 πλῆθος,
3554 5343 3795 5405 πυκνοὺς

2201 5443 2526 5513 περιπατεῖν
2558 5440 2590 5510 ἢ
2618 5440 2839 5492 ἑστάναι
2880 5438 3228 5509 παράγγελλε
3260 5437 3386 5500 τοὺς
3420 5435 3791 5509 στρατιώτας.

2213 5535 2277 5589 Ἦ
2317 5536 2427 5606 γὰρ
2459 5535 2710 5603 συνέχεια
2737 5533 2831 5585 καὶ
2850 5531 3064 5601 σφίγξις
3100 5530 3354 5599 σφάλλειν
3383 5532 3531 5584 ποιεῖ
3548 5529 3645 5601 τὴν
3667 5529 3797 5600 ὅρα-

2202 5646 2289 5683 σιν
2314 5628 2422 5681 τῶν
2459 5625 2755 5693 πολεμίων,
2779 5624 2874 5677 καὶ
2907 5623 3153 5694 ἀκριϐῶς
3176 5622 3418 5686 εἰκάζειν
3452 5619 3795 5692 τὸνάριθμδν

2200 5723 2298 5793 τῆς
2330 5722 2429 5791 σῆς
2451 5719 2733 5789 δυνάμεως
2759 5718 2857 5770 οὐκ
2888 5718 2971 5787 ἐᾷ.
3014 5714 3244 5785 Ὁμοίως
3271 5716 3377 5770 καὶπ
3409 5716 3500 5768 ἐπὶ
3530 5714 3622 5767 τοῦ
3644 5716 3797 5766 ὲναν.

2209 5817 2341 5877 τίουι
2382 5817 2431 5867 εἰ
2479 5812 2657 5867 ϐούλει
2683 5809 3007 5882 παραδεῖξαι
3037 5806 3135 5880 τὴν
3183 5808 3280 5881 σὴν
3310 5808 3543 5880 δᾱναμιν
3568 5806 3791 5876 πολλὴν,
