4120 6472
401 361 540 429 1041

1483 370 1822 433 TACTICA.
1858 397 1923 411 ··-
1949 374 2461 442 CONSTITUTIO
2501 385 2627 447 XX.

3554 387 3692 456 1042

404 475 594 544 ὀλίγην
621 468 822 539 οὖσαν,
849 469 1207 546 ἀραιοτέρους
1236 473 1330 530 καὶ
1367 482 1695 548 περιπατεῖν
1731 482 1826 535 καὶ
1849 482 2004 536 ἵστα-

2125 489 2508 562 ,iosiorcmque
2543 495 2752 558 locum,
2801 499 2967 565 quam
3001 497 3297 552 multitudo
3343 499 3561 554 illorum
3603 518 3689 557 re-

404 568 535 622 σθαι
594 568 723 630 τοὺς
775 566 1114 639 στρατιώτας
1148 571 1416 641 ποιήσεις,
1445 573 1520 637 ὡς
1552 574 1620 629 ἂν
1651 578 1746 630 καὶ
1771 577 1995 633 πλείονα

408 659 503 715 τοῦ
535 659 854 730 συμμέτρου
880 659 1046 713 τόπον
1089 660 1604 733 περιλαμϐάνωσιν.
1680 669 1998 742 Ἀμφότεροι

407 752 518 822 γὰρ
553 753 611 804 ἐν
648 750 824 822 καιρῷ
873 751 986 822 ίδίῳ
1041 752 1330 822 γενόμενα,
1379 756 1471 809 καὶ
1532 758 1696 831 χρείᾳ
1747 762 1994 832 χρήσιμα

407 845 544 916 πρὸς
570 844 788 914 ἀπάτην
815 843 924 899 τῶν
952 845 1164 916 ἐχθρῶν
1196 847 1534 918 εὑρίσκεται.

481 935 550 1008 ρ’.
581 938 734 1007 Ἴσης
783 936 881 990 καὶ
930 937 1124 1008 ὁμοίας
1144 937 1314 1009 οὔσης
1347 942 1448 1011 τῆς
1476 957 1536 994 τε
1583 942 1693 995 τῶν
1720 943 1998 1015 πολεμίων

422 1028 803 1101 παρασκευῆς,
857 1029 951 1083 καὶ
998 1031 1098 1100 τῆς
1148 1031 1447 1103 ήμετέρας,
1483 1033 1510 1086 ὁ
1557 1035 1786 1088 κάλλιον
1818 1053 2002 1108 παρα-

410 1121 756 1191 τασσόμενος
823 1123 1150 1192 στρατηγδς,
1202 1125 1311 1177 εἴτε
1372 1126 1458 1187 σὺ,
1496 1124 1610 1179 εἴτε
1641 1127 1670 1179 ὁ
1722 1127 2002 1198 πολέμιος,

415 1213 617 1283 μᾶλλον
677 1213 1096 1284 πλεονεκτήσει,
1155 1214 1416 1287 περιττὴν
1476 1215 1618 1286 ἔχων
1677 1218 1780 1288 τῆς
1837 1219 2004 1273 δυνάο

413 1321 558 1374 μεως
581 1304 680 1376 τὴν
707 1307 771 1359 ἐκ
798 1304 908 1358 τῶν
941 1307 1421 1383 στρατηγημάτων
1447 1308 1478 1378 ἦ
1510 1304 1717 1374 τάξεων
1769 1310 1945 1380 ἰσχύν.

484 1395 586 1467 ρα’.
614 1397 704 1468 Μὴ
729 1398 975 1469 πρώτους
1031 1399 1199 1471 ἐάσῃς
1253 1400 1407 1470 παρά
1464 1401 1525 1454 σὲ
1557 1401 1655 1472 τὴν
1677 1403 1886 1456 οἰκείαν
1915 1402 2006 1456 δύ-

412 1505 572 1558 ναμιν
605 1491 731 1551 τοὺς
789 1491 1070 1554 ἐναντίους
1157 1490 1406 1554 ἐκτάξαι,
1459 1491 1596 1546 ἀλλά
1628 1493 1825 1546 σπεῦδε
1857 1494 1996 1564 πρό-

413 1596 570 1650 τερος
603 1579 829 1633 ἐκείνων
855 1583 956 1651 τὴν
980 1582 1282 1652 παράταξίν
1301 1599 1396 1636 σου
1427 1583 1697 1648 διατάξαι.
1743 1585 1869 1639 Ἐὰν
1894 1586 2006 1656 γὰρ

413 1671 676 1746 πρότερος
713 1671 927 1745 φθάσῃς
977 1674 1419 1742 παρατάξασθαι,
1480 1675 1544 1728 σὺ
1608 1676 1705 1746 μὲν
1749 1676 1778 1729 ὃ
1829 1676 2000 1747 βούλῃ

415 1764 536 1817 κατ’
563 1764 809 1829 ἐξουσίαν
866 1767 943 1829 ὡς
1003 1766 1218 1837 ἕτοιμος
1270 1767 1500 1839 πράξεις
1527 1785 1540 1800 ·
1571 1769 1600 1822 ὁ
1661 1768 1720 1822 δὲ
1749 1768 2010 1839 πολέμιος

416 1858 540 1912 οὐδὲ
559 1859 654 1910 τοῦ
677 1858 1112 1930 καθοπλισθῆναι
1149 1861 1291 1930 τάχα
1349 1861 1507 1916 λάϐοι
1555 1859 1756 1934 καιρὸν
1783 1861 1882 1933 τὴν
1913 1863 2012 1933 σὴν

415 1951 642 2018 ταχείαν
672 1949 1008 2018 φοϐούμενος
1030 1950 1338 2004 ἐπέλευσιν.

491 2040 592 2110 ρβ¹.
621 2039 808 2105 οὕτως
824 2036 918 2095 οὖν
950 2042 1046 2096 ἐὰν
1070 2041 1430 2116 προεκτάξῃς,
1467 2045 1558 2098 καὶ
1603 2043 1742 2099 κατὰ
1758 2046 1856 2116 τὴν
1877 2064 2015 2118 συμ-

425 2133 592 2204 ϐολὴν
625 2133 685 2198 ἐξ
707 2134 926 2205 ἑτοίμου
948 2136 1060 2198 τοῖς
1104 2135 1368 2200 ἐναντίοις
1391 2137 1718 2208 ἐγχειρήσῃς
1735 2138 2016 2206 ἀσφαλῶς,

421 2225 622 2295 Θάρσος
655 2225 756 2296 μὲν
781 2225 860 2296 τῷ
885 2226 962 2298 σῷ
990 2226 1365 2298 στρατεύματι
1403 2227 1750 2299 ἐμποιήσεις,
1795 2229 2011 2284 δειλίαν

418 2317 474 2371 δὲ
494 2318 606 2380 τοῖς
637 2315 917 2387 πολεμίοις
947 2316 1222 2387 ἐνθήσεις.

440 2429 442 2432 ν
488 2407 594 2481 ργ’.
627 2410 808 2481 Νόμον
831 2411 921 2480 ἔχε
978 2412 1361 2482 ἀπαράϐατον,
1400 2412 1460 2465 τὸ
1503 2411 1705 2483 πολλὴν
1740 2413 2016 2468 ποιεῖσθαι

421 2503 532 2556 τῶν
564 2502 860 2574 πληγὰτων
886 2504 1237 2575 στρατιωτῶν
1269 2505 1368 2577 τὴν
1400 2506 1681 2578 πρόνοιαν.
1736 2505 1865 2559 Ἐάν
1904 2507 2016 2578 γάρ

422 2593 702 2666 ἀμελήσῃς
725 2593 925 2660 αὐτῶν,
956 2595 1083 2658 τοὺς
1106 2593 1330 2659 λοιποὺς
1381 2595 1724 2667 στρατιώτας
1768 2595 2020 2650 ἐθελοκα-

425 2685 656 2749 κοῦντας
715 2686 773 2738 ἐν
801 2687 922 2750 ταῖς
957 2685 1159 2756 μάχαις
1191 2687 1287 2740 καὶ
1321 2686 1698 2758 λυπουμένους
1731 2686 2005 2758 εὑρήσεις.

429 2776 540 2830 Καὶ
566 2777 625 2829 οὐ
662 2775 824 2846 μόνον
851 2776 1030 2842 τοῦτο,
1064 2777 1202 2830 ἀλλὰ
1231 2779 1329 2830 καὶ
1378 2779 1579 2842 αὐτοὺς
1611 2778 1740 2843 τοὺς
1766 2796 2020 2850 τραυμα-

424 2868 728 2935 τισθέντας,
751 2869 846 2922 καὶ
874 2868 940 2922 δι’
962 2869 1282 2939 ἐπιμελείας
1296 2869 1627 2942 δυναμένους
1644 2871 2017 2943 ἀνασωθῆναι,

426 2963 513 3016 διὰ
540 2961 678 3033 ῥᾳθυ
687 2962 817 3031 μίαν
839 2961 1147 3024 άπολέσεις.

499 3053 596 3125 ρδ¹.
634 3053 805 3106 Ὅταν
843 3055 924 3116 εἰς
955 3052 1134 3124 φυγὴν
1165 3051 1374 3126 τρέψῃς
1401 3054 1529 3118 τοὺς
1562 3053 1858 3124 πολεμίους
1888 3056 2019 3108 ἀντ·-

2105 583 2298 650 quirit,
2327 585 2570 654 exigant.
2618 585 2864 657 Utraque
2913 588 3059 642 enim
3121 588 3341 656 horum,
3394 589 3439 644 si
3492 589 3691 645 idoneo

2107 683 2351 746 tempore
2407 677 2641 747 locoque
2672 679 2825 746 llant,
2865 679 2931 736 ad
2961 679 3315 750 decipiendos
3358 682 3544 736 hostes
3575 697 3691 735 ma-

2105 782 2348 839 gnopere
2377 771 2655 826 valebunt.

2183 944 2306 1000 100.
2340 945 2399 1000 Si
2455 946 2694 1017 requales
2727 955 2833 1002 tua:
2859 947 3209 1019 hostiumque
3247 951 3419 1018 capia:
3465 947 3686 1013 fuerint,

2108 1037 2200 1092 ille
2244 1037 2439 1093 melius
2473 1039 2699 1093 instruit
2729 1042 3033 1096 exercitum
3087 1043 3389 1112 imperatur
3452 1042 3568 1097 sive
3608 1050 3688 1105 tu,

2111 1131 2228 1184 sive
2292 1132 2468 1186 hostis
2519 1131 2707 1199 fuerit,
2771 1133 2862 1203 qui
2897 1133 3148 1204 plurimis
3194 1133 3262 1188 ad
3320 1133 3519 1188 bellum
3552 1149 3689 1188 con-

2107 1223 2247 1278 siliis
2305 1222 2578 1305 factisque
2634 1225 3010 1296 imperatoriis
3064 1226 3320 1280 valuerit.

2187 1405 2310 1458 101.
2358 1403 2434 1459 Ne
2491 1405 2738 1474 patiaris,
2781 1413 2840 1459 ut
2903 1404 3091 1460 hostes
3125 1420 3254 1460 suas
3294 1404 3481 1472 copias
3512 1401 3693 1472 prius-

2115 1508 2278 1564 quam
2312 1503 2368 1548 tu
2407 1494 2704 1560 instruant,
2763 1494 2858 1550 sed
2910 1493 3200 1558 contende,
3265 1501 3323 1546 ut
3385 1501 3509 1546 ante
3568 1492 3694 1546 illos

2116 1600 2223 1644 tua:
2270 1595 2473 1658 paratae
2519 1589 2654 1643 sint.
2710 1588 2768 1642 Si
2825 1589 2972 1643 enim
3021 1587 3173 1657 prior
3223 1585 3555 1640 instruxeris
3593 1599 3696 1656 pro

2116 1681 2387 1734 arbitratu
2452 1689 2565 1744 tuo,
2629 1678 2742 1748 jam
2811 1685 3038 1748 paratus
3107 1675 3324 1746 quidvis
3380 1673 3691 1743 suscipias:

2118 1773 2294 1828 hostis
2333 1778 2515 1826 autem
2559 1771 2794 1825 fortasse
2824 1785 2893 1823 ne
2935 1776 3152 1838 tempus
3199 1766 3416 1836 quidem
3447 1767 3689 1833 seipsum

2117 1864 2390 1929 armandi,
2443 1863 2734 1934 jamnuuc
2798 1871 2948 1916 tuam
3007 1871 3260 1916 metuens
3294 1858 3690 1923 incursionem,

2118 1957 2358 2013 habebit.

2185 2051 2308 2103 102.
2337 2047 2395 2102 Si
2419 2048 2583 2119 igitur
2613 2049 2686 2102 ita
2716 2053 2769 2100 le
2805 2044 2871 2098 ad
2903 2043 3308 2114 conﬂigendum
3341 2055 3686 2112 pra'parare-

2116 2144 2216 2208 ris,
2256 2143 2439 2198 hostes
2464 2153 2588 2196 tuos
2637 2147 2756 2194 tuto
2798 2153 2862 2193 ac
2903 2137 3096 2192 idonee
3143 2135 3435 2198 adorieris,
3489 2141 3542 2188 et
3598 2147 3698 2186 au-

2117 2237 2331 2292 daciam
2377 2235 2557 2304 copiis
2609 2232 2719 2288 tuis
2765 2230 2984 2298 all'cres,
3025 2237 3080 2284 et
3130 2227 3384 2283 timorem
3442 2223 3698 2280 hostibus

2119 2325 2360 2396 iujicies.

2193 2419 2317 2473 105.
2383 2416 2632 2471 Maxima:
2673 2416 2772 2471 tibi
2835 2429 2984 2470 curae
3035 2413 3150 2468 sint
3181 2411 3388 2467 milites
3439 2407 3700 2473 sauciati,

2121 2517 2182 2566 ut
2220 2519 2529 2566 serventur.
2573 2509 2633 2562 Si
2693 2507 2840 2563 enim
2908 2521 3004 2561 eos
3063 2503 3395 2576 neglexeris,
3462 2500 3697 2555 militum

2120 2601 2335 2658 animos
2396 2615 2426 2654 a
2474 2601 2668 2672 praelio
2736 2601 3104 2654 abhorrentes
3164 2605 3220 2652 et
3264 2595 3513 2664 dejeetos
3589 2592 3702 2647 elli-

2121 2695 2268 2750 cies:
2327 2707 2506 2762 neque
2557 2690 2614 2745 id
2664 2679 2866 2756 selum,
2931 2691 3026 2746 sed
3074 2689 3260 2755 etiam,
3311 2688 3405 2757 qui
3469 2686 3703 2758 diligen-

2123 2786 2223 2849 tia,
2280 2794 2334 2839 et
2367 2799 2500 2839 cura
2555 2783 2874 2839 conservari
2939 2791 3213 2854 poterant,
3262 2778 3598 2850 negligentia
3629 2790 3694 2830 a-

2123 2875 2331 2930 mittes.

2193 3052 2318 3106 tOi.
2354 3053 2410 3105 In
2447 3050 2624 3121 fugam
2645 3051 2758 3121 jam
2799 3049 3081 3104 conversis
3135 3047 3412 3109 hostibus,
3473 3043 3705 3113 praecipe

431 3146 651 3218 ἔχεσθαι
688 3146 790 3216 τῆς
826 3146 1063 3217 πραίδας
1103 3146 1454 3218 παράγγελλε
1478 3149 1590 3210 τοῖς
1628 3146 2010 3216 στρατιώταις,

2125 3143 2402 3207 militibus,
2441 3151 2501 3198 ut
2535 3147 2712 3213 praeda
2743 3142 3051 3197 abstineant
3082 3155 3167 3205 nc,
3197 3138 3326 3192 dum
3358 3138 3433 3191 illi
3462 3136 3698 3204 dispersi

430 3241 517 3294 ἴνα
568 3240 643 3311 μὴ
693 3239 824 3309 περὶ
874 3237 1078 3309 ταύτην
1111 3237 1585 3309 διαπειρομένους,
1628 3239 1722 3292 καὶ
1769 3241 1828 3292 ἐν
1879 3240 2016 3310 αὐτῇ

2125 3237 2172 3291 in
2199 3236 2381 3307 praeda
2426 3235 2730 3306 colligenda
2761 3233 3018 3304 occupati
3065 3233 3208 3298 sint,
3260 3231 3443 3286 hostes
3477 3228 3584 3282 illis
3617 3227 3707 3280 in~

432 3331 888 3403 ἀσχολουμένους,
938 3329 1193 3400 εὑρόντες
1226 3331 1276 3383 οἱ
1306 3330 1557 3401 πολέμιοι
1607 3331 2018 3384 ἐπιϐουλεύσον-

2125 3328 2413 3389 sidientur,
2460 3335 2626 3396 atque
2677 3327 3022 3396 opprimant;
3081 3323 3174 3378 sed
3221 3320 3424 3374 milites
3488 3318 3610 3371 illos
3651 3317 3704 3369 in

436 3441 524 3478 σιν
546 3424 752 3487 αὐτοῖς,
791 3421 883 3474 καὶ
931 3421 1362 3494 διαφθείρουσιν.
1419 3422 1560 3476 Ἀλλ’
1612 3423 1661 3476 οἱ
1718 3424 1820 3494 μὲν
1858 3441 2018 3496 στρα-

2125 3422 2237 3476 acie
2259 3420 2520 3477 instructi
2554 3429 2674 3474 luto
2709 3416 3216 3488 insequantur.Qui
3246 3414 3314 3468 ad
3340 3410 3704 3482 colligendam

435 3514 627 3569 τιῶται
659 3513 970 3584 ἐχέσθωσαν
1004 3513 1102 3583 τῆς
1131 3511 1372 3580 διώξεως
1429 3514 1569 3585 μετὰ
1614 3515 1937 3583 ἀσφαλείας,
1971 3515 2018 3567 ol

2125 3513 2358 3584 praedam
2384 3513 2640 3569 instructi
2674 3521 2805 3567 sunt
2834 3511 3056 3574 milites,
3095 3509 3148 3562 in
3207 3507 3396 3578 prazlio
3429 3503 3708 3560 sauciatos

435 3609 492 3662 δὲ
522 3607 651 3679 ’περὶ
672 3610 736 3679 τῇ
770 3607 1000 3678 συλλογῇ
1067 3607 1167 3677 τῆς
1197 3607 1433 3678 πραίδας
1451 3607 1794 3677 τεταγμένοι,
1827 3608 2024 3672 οἵτινες

436 3701 533 3754 καὶ
564 3701 690 3763 τοὺς
737 3698 1083 3768 τραυματίας
1122 3699 1460 3769 στρατιώτας
1507 3700 1564 3752 ἐν
1595 3700 1731 3770 αὐτῇ
1769 3702 1837 3771 τῇ
1874 3700 2021 3771 μάχῃ

438 3789 790 3855 ἀναλέξονται
843 3790 939 3843 καὶ
975 3789 1430 3860 θεραπεύσουσιν,
1473 3791 1629 3846 αὐτοὶ
1672 3792 1768 3845 καὶ
1817 3793 1886 3845 τὰ
1913 3793 2023 3846 τῶν

439 3882 782 3953 τεθνηκότων
813 3880 1092 3951 πολεμίων
1126 3881 1297 3935 σκύλα
1349 3881 1722 3950 συλλέγοντες,
1777 3883 1873 3938 καὶ
1909 3885 2024 3948 τοῖς

2130 3607 2414 3678 colligent,
2465 3615 2519 3660 et
2572 3603 2936 3667 accurabuut,
3023 3611 3078 3656 et
3147 3599 3474 3654 cadaverum
3532 3591 3705 3663 spolia

2131 3701 2361 3758 decanis
2393 3700 2634 3761 tradant,
2661 3697 2776 3768 qui,
2831 3695 3292 3765 quemadmodum
3348 3705 3512 3759 supra
3550 3702 3578 3740 a
3613 3701 3709 3740 no-

2131 3794 2219 3850 bis
2252 3793 2632 3865 prrescriptum
2664 3800 2770 3855 est,
2797 3790 3084 3860 diligenter
3111 3785 3506 3856 procurabunt,
3546 3786 3605 3834 ut
3640 3775 3708 3830 ad

2135 3885 2516 3956 supradictum
2543 3883 2762 3938 modum
2793 3880 3138 3950 mquabiliter
3166 3876 3498 3931 tribuantur.

401 3981 733 4051 δεκάρχαις
761 3977 1169 4047 παραδιδόντες,
1212 3978 1288 4042 ώς
1336 3978 1432 4031 καὶ
1463 3977 1522 4030 ἐν
1552 3977 1735 4042 ἄλλοις
1781 3979 1913 4050 ἡμῖν
2005 3980 2247 4053 εἴρηται,
2316 3979 2798 4054 παραφυλάξουσιν
2879 3976 3039 4040 αὐτὰ,
3080 3971 3220 4025 ὥστε
3295 3964 3712 4038 διαμερισθῆναι

439 4077 498 4145 ἐξ
526 4075 640 4128 ἴσου
663 4071 806 4126 κατά
831 4070 920 4124 τὸν
946 4070 1076 4141 περὶ
1113 4071 1294 4124 αὐτῶν
1327 4071 1616 4142 ὁρισθέντα
1644 4071 1835 4127 τύπον.

511 4171 609 4234 ρε¹.
647 4162 1005 4218 ’Υποπτεύων
1057 4162 1365 4232 στρατηγὸς
1417 4162 1743 4233 συχνότερον
1792 4164 1862 4218 τὰ
1916 4163 2026 4217 τῶν

440 4257 718 4329 πολεμίων
766 4254 1180 4327 ἐπιτηδεύματα
1232 4255 1481 4325 ἀσφαλής
1530 4273 1622 4326 μοι
1679 4257 1830 4310 δοκεῖ
1885 4257 2030 4311 κατά

2212 4165 2335 4220 105.
2371 4162 2474 4229 Qui
2515 4159 2717 4231 smpius
2773 4153 3000 4212 consilia
3059 4147 3338 4220 eonjeelat
3387 4146 3710 4213 imperator,

2137 4260 2183 4315 is
2214 4258 2280 4313 ad
2329 4256 2530 4312 bellum
2571 4259 2625 4307 et
2669 4259 2992 4322 apparatum
3028 4245 3287 4300 bellicum
3324 4237 3561 4294 maxime
3591 4232 3712 4288 ido-

443 4368 504 4404 τε
530 4351 623 4405 τὸν
657 4350 896 4420 πόλεμον
928 4348 1023 4402 καὶ
1055 4347 1154 4420 τήν
1183 4347 1351 4418 ἄλλην
1384 4348 1550 4404 αὑτοῦ
1581 4348 1860 4421 διαγωγὴν
1895 4352 2018 4404 ἀνα-

2136 4366 2273 4406 neus
2303 4364 2424 4405 esse
2454 4345 2694 4400 videtur.

443 4443 744 4519 δειχθῆναι.

519 4541 628 4606 ρςὀ
667 4533 1000 4605 ’Λμάρτημα
1035 4531 1346 4604 στρατηγοῦ
1384 4531 1640 4602 μέγιστον
1669 4527 1819 4596 οἶδα,
1845 4532 1906 4586 τὸ
1937 4534 2036 4603 μιᾷ

447 4630 596 4700 μάχῃ
637 4627 915 4698 φθαρῆναι
949 4625 1011 4679 τὸ
1064 4625 1200 4679 πολὺ
1255 4641 1353 4677 του
1406 4623 1840 4696 στρατεύματος.
1913 4626 2040 4678 Ἐάν

443 4723 550 4793 γὰρ
584 4718 853 4790 νουνεχῶς
890 4719 990 4788 τὴν
1023 4718 1169 4772 κατά
1225 4716 1341 4770 τῶν
1407 4716 1692 4785 πολεμίων
1741 4718 2042 4789 ποιήσηται

443 4814 772 4886 παράταξιν,
801 4814 896 4866 καὶ
928 4813 1067 4884 μετὰ
1095 4813 1413 4884 φρονήσεως
1435 4811 1900 4882 περιστρέφηται,
1929 4811 2038 4864 κᾶν

447 4908 628 4979 ωμῦᾔ
660 4925 712 4960 τι
759 4906 1009 4976 πταῖσμα
1048 4906 1180 4976 περὶ
1212 4905 1303 4958 τὸν
1351 4903 1546 4958 ἐαυτοῦ
1580 4903 1834 4972 στρατὸν,
1869 4901 1902 4970 ἢ
1937 4903 2034 4954 εὑ-

453 5001 666 5062 τάκτως
717 4997 1071 5069 ἀναχωρήσῃ,
1104 4996 1136 5062 ἢ
1171 4996 1382 5068 ταχέως
1425 4994 1526 5066 τὴν
1576 4989 1748 5066 ἧτταν
1811 4995 2030 5064 ἀναμα-

452 5091 706 5163 χέσηται.

524 5183 625 5254 ρξ’.
660 5183 910 5253 Λυπήσει
939 5181 1067 5244 τοὺς
1099 5180 1447 5251 πολεμίουςή
1485 5179 1623 5252 μετὰ
1653 5178 1909 5245 εὐταξίας
1941 5178 2038 5232 καὶ

451 5275 686 5346 ἁρμοδία
746 5273 898 5343 παρά
945 5270 1038 5325 σοῦ
1060 5271 1324 5340 γινομένη
1365 5270 1674 5340 παράταξις
1722 5270 1816 5322 καὶ
1867 5267 2040 5331 οὕτως

453 5366 832 5438 φυλαττομένη
864 5367 922 5418 ἐν
951 5365 1058 5436 ὅλῳ
1082 5364 1158 5434 τῷ
1183 5363 1282 5429 τῆς
1308 5363 1489 5433 μάχης
1522 5361 1719 5433 καιρῷ.
1763 5363 2038 5427 Μέγιστον

450 5459 560 5529 γὰρ
593 5459 652 5512 ὲν
696 5457 1004 5528 παρατάξει
1050 5455 1386 5525 κεφάλαιον,
1438 5455 1530 5507 καὶ
1573 5453 1710 5524 πρὸς
1761 5454 2036 5524 σωτηρίαν

454 5551 690 5622 βέϐαιον,
724 5552 786 5605 τὸ
817 5551 1110 5620 φυλάττειν
1143 5550 1270 5612 τοὺς
1311 5547 1656 5618 μαχομένους
1675 5546 1773 5616 τήν
1797 5562 1854 5598 τε
1886 5545 2040 5612 τάξιν

455 5645 637 5698 αὐτῶν
677 5645 771 5698 καὶ
808 5643 947 5714 μετά
972 5641 1107 5708 τάξυ
1145 5642 1259 5714 (36)
1295 5639 1660 5711 διαστήματα.

2209 4523 2334 4579 106.
2367 4521 2662 4576 Maximum
2723 4512 3073 4587 imperatoris
3120 4515 3406 4581 peceatum
3454 4511 3560 4564 est,
3605 4513 3719 4555 uno

2140 4619 2328 4689 praelio
2366 4629 2559 4671 omnes
2587 4611 2778 4682 copias
2813 4605 3158 4675 superandos
3207 4599 3444 4655 tradere.
3482 4595 3536 4648 Si
3568 4592 3715 4647 enim

2140 4686 2440 4781 prudenter
2463 4721 2524 4760 se
2554 4704 2846 4758 adversum
2879 4689 3428 4753 hostesinstruxerit,
3466 4686 3536 4739 ita
3561 4697 3718 4739 exer-

2145 4808 2317 4861 citum
2350 4801 2657 4874 apparabit,
2691 4807 2750 4852 ut
2794 4796 2837 4852 si
2871 4808 2991 4863 qua:
3044 4786 3273 4842 oll‘ensio
3322 4785 3369 4839 ei
3402 4780 3713 4849 contingat,

2139 4899 2223 4954 vel
2251 4871 2501 4953 ordinate
2533 4893 2805 4956 discedat,
2833 4887 2914 4942 vel
2941 4883 3099 4938 facile
3169 4877 3532 4934 olleusionem
3590 4871 3714 4928 belli

2140 4997 2452 5062 recuperet.

2217 5175 2340 5230 107.
2394 5172 2592 5226 Hostes
2628 5166 2862 5225 maxime
2901 5161 3189 5218 excruciat
3250 5155 3524 5216 ordinate,
3557 5158 3722 5217 atque

2146 5267 2488 5338 aequabiliter
2509 5263 2656 5316 aries
2682 5261 2977 5319 instructa,
3014 5249 3258 5323 qnar'sic
3287 5254 3460 5302 totum
3502 5250 3721 5309 tempus

2143 5334 2314 5435 prtelii
2342 5368 2644 5430 permanet.
2674 5355 2852 5423 Caput
2880 5350 3023 5405 enim
3064 5343 3308 5400 omnimn
3379 5339 3432 5392 in
3472 5334 3586 5389 acie
3615 5338 3722 5398 est,

2142 5426 2198 5513 et
2261 5426 2610 5510 ad-salutem
2680 5444 3082 5506 lirmissimum,
3148 5445 3206 5491 ut
3245 5434 3448 5490 milites
3485 5431 3540 5483 in
3580 5426 3724 5481 bello

2147 5557 2263 5604 tum
2289 5547 2484 5613 aciem,
2513 5554 2626 5599 tum
2659 5537 2947 5598 intervalla
2976 5537 3224 5590 locorum
3258 5528 3615 5584 conservent.

1975 5726 2184 5784 NOT/E

531 5827 641 5896 (36)
664 5831 768 5886 Kal
803 5831 947 5900 μετὰ
972 5829 1140 5897 τάξιν.
1180 5827 1388 5896 Scribe,
1425 5826 1515 5882 καὶ
1547 5823 1613 5878 τὰ
1651 5819 1876 5893 μεταξύ.
