4120 6526
445 373 582 437 1043

437 588 660 634 tuorum
694 578 919 645 habeas,
948 587 1002 633 et
1023 593 1087 633 ex
1121 578 1354 634 adverso
1383 577 1542 632 faciei
1586 579 1826 632 hostium
1856 598 1870 633 :
1919 578 2020 633 hoc

438 676 587 731 enim
615 677 668 728 in
697 673 890 744 primis
932 674 1067 728 utile
1088 682 1204 742 est;
1262 674 1535 743 siquidem
1585 673 1825 728 hostium
1875 673 2022 727 oculi

438 769 524 822 vel
556 767 670 821 sole
692 767 952 833 hebetati,
991 766 1074 822 vel
1113 767 1343 838 spiritus
1408 766 1629 836 pulvere
1674 765 2021 830 obstructus,

438 859 522 913 vel
562 873 795 927 corpora
830 867 995 914 vento
1022 859 1495 922 trausvcrbcrata,
1524 857 1686 913 facile
1714 858 1814 914 tibi
1845 858 2022 912 victo-

437 949 576 1002 riam
620 947 951 1002 concedent.

516 1114 639 1171 109.
666 1113 1046 1171 Temerarium
1072 1117 1284 1174 hostem
1321 1125 1473 1172 tuum
1513 1121 1597 1192 ad
1630 1120 2021 1188 temeritatem,

437 1214 494 1261 et
551 1216 735 1262 motus
757 1211 1028 1277 quosdam
1063 1209 1256 1264 inanes
1284 1225 1453 1266 evoca
1481 1230 1494 1266 :
1528 1211 1614 1266 sin
1639 1212 1868 1268 timidus
1902 1212 2016 1269 fue-

440 1301 536 1364 rit,
570 1301 849 1356 continuis
875 1301 1310 1370 incursionibus,
1333 1311 1388 1360 et
1437 1320 1538 1359 nec
1573 1306 1818 1375 epiuatis
1868 1307 2021 1360 illum

441 1392 738 1449 adoriaris.
789 1393 1117 1466 Imperatori
1166 1399 1314 1450 enim
1375 1397 1621 1454 hostium
1691 1409 1886 1454 natura
1933 1415 2032 1454 co-

440 1485 758 1554 gnoscenda
789 1499 893 1550 est,
931 1496 983 1540 et
1013 1503 1109 1556 pro
1142 1487 1264 1558 ejus
1304 1489 1523 1544 ratione
1567 1490 1803 1545 consilia
1855 1489 2027 1546 facta-

440 1593 550 1646 que
587 1587 677 1632 tua
705 1581 890 1634 omnia
923 1580 1206 1637 institues.

517 1669 642 1724 HO.
706 1670 810 1736 Qui
871 1669 938 1724 ad
1011 1672 1308 1728 dicendum
1361 1674 1670 1729 instructus
1729 1673 2031 1744 imperator

441 1772 548 1825 est,
571 1761 790 1817 timidos
820 1763 1114 1817 multorum
1141 1765 1358 1820 animos
1386 1765 1453 1820 ad
1477 1766 1719 1834 praelium
1751 1764 2027 1831 accendit,

1670 373 1864 432 LEON
1877 371 1946 431 IS
2001 367 2461 430 PHILOSOPHI

512 487 640 541 108.
685 485 892 552 Solem,
948 494 1004 542 et
1055 496 1304 550 ventum,
1359 496 1412 541 et
1466 487 1746 558 pulverem
1797 500 1828 540 a
1874 485 2104 554 tergoA

3575 365 3718 430 1044

2209 485 2313 549 ρη’.
2350 477 2542 532 Ἥλιον
2568 474 2663 529 καὶ
2685 475 2888 546 ἄνεμον
2919 473 3319 546 καθικονιορτὺν
3355 475 3581 530 ὄπισθεν
3617 479 3752 546 μὲν-

2131 569 2276 622 ποίει
2310 567 2406 623 τοῦ
2439 567 2533 620 σοῦ
2557 566 2993 638 στρατεύματος,
3029 566 3174 620 κατὰ
3199 567 3491 636 πρόσωπον
3519 567 3577 620 δὲ
3605 567 3718 620 τῶν

2131 658 2408 729 πολεμίων
2433 675 2446 688 ·
2477 658 2638 712 τοῦτο
2664 657 2774 730 γὰρ
2823 657 2969 712 πάνυ
3019 657 3301 728 συμφέρον
3353 658 3632 729 εὑρήσειςο
3664 660 3717 711 oi

2132 750 2242 820 γὰρ
2303 749 2553 820 πολέμιοι
2607 749 2708 822 τὴν
2761 749 2953 819 ὅρασιν
2993 747 3366 818 συσχεθέντες,
3392 749 3424 820 ἢ
3453 748 3554 819 τὴν
3580 751 3716 803 ἁνα-

2133 840 2304 910 πνοὴν
2360 839 2686 908 ὲπεχόμενοι
2726 839 2822 891 καὶ
2870 837 3258 908 κρατούμενοι,
3317 836 3351 906 ἢ
3413 836 3570 908 παρὰ
3620 836 3718 890 τοῦ

2132 933 2337 1003 ἀνέμου
2373 932 2724 1004 τυπτόμενοι,
2776 931 2999 1002 ταχεῖάν
3039 947 3123 984 σοι
3183 929 3567 1002 παραδώσουσι
3619 931 3720 1001 τὴν

2135 1024 2316 1094 νίκην.

2204 1118 2308 1188 ρο’.
2342 1116 2563 1188 Θρασὺν
2611 1118 2744 1172 ὄντα
2799 1116 2890 1171 τὸν
2925 1115 3226 1186 πολέμιον,
3283 1115 3581 1187 στρατηγέ,
3641 1119 3720 1180 είς

2129 1207 2360 1280 ἄκαιρον
2391 1209 2723 1281 προπέτειαν
2753 1209 2984 1265 ἐκκάλει
3019 1209 3115 1263 καὶ
3147 1208 3382 1278 ματαίας
3435 1209 3683 1279 κινήσεις
3706 1227 3719 1239 ·

2135 1301 2230 1354 ἐὰν
2256 1301 2310 1354 δέ
2339 1303 2486 1356 ἐστιν
2513 1301 2706 1370 δειλὸς,
2727 1303 2785 1356 ὲν
2806 1301 3057 1373 ταχείαις
3089 1300 3252 1354 αὐτὸν
3283 1299 3605 1354 ὲπελεύσεσι
3630 1302 3725 1354 καὶ

2135 1392 2385 1464 συνεχέσι
2430 1393 2806 1463 κατὰπληττε.
2860 1395 2952 1446 Δεῖ
3001 1393 3112 1464 γάρ
3161 1409 3220 1445 σε
3282 1391 3576 1460 γινώσκειν
3627 1391 3724 1445 τοῦ

2135 1486 2444 1557 στρατηγοῦ
2490 1486 2599 1540 τῶν
2655 1485 2934 1556 πολεμίων
2988 1487 3089 1557 τὴν
3141 1483 3408 1547 διάθεσιν,
3443 1483 3538 1536 καὶ
3586 1482 3724 1553 πρὸς

2135 1577 2344 1648 ταύτην
2375 1576 2679 1648 κεχρῆσθαι
2709 1577 2824 1639 τοῖς
2854 1578 2969 1639 σοῖς
3000 1576 3478 1646 στρατηγήμασιν.

2207 1673 2297 1736 ρι’.
2349 1665 2549 1729 Ἱκανὸς
2601 1665 2675 1720 ῶν
2722 1667 2781 1719 ὲν
2814 1665 2893 1736 τῷ
2923 1666 3123 1731 λέγειν,
3173 1659 3218 1718 ὦ
3288 1664 3584 1736 στρατηγέ,
3632 1665 3731 1720 καὶ

2133 1759 2261 1822 τοὺς
2300 1758 2616 1823 δειλιῶντας
2677 1757 2938 1822 πολλάκις
2993 1759 3074 1821 είς
3146 1757 3328 1828 μάχην
3375 1758 3729 1830 ἀναστήσεις,

441 1858 498 1904 et
529 1851 940 1909 calamitatibus
979 1855 1222 1925 acceptis
1277 1854 1439 1910 facile
1497 1872 1630 1912 suos
1683 1857 2023 1922 consolatur,

2150 1851 2228 1904 (αὶ
2285 1851 2382 1916 τὰς
2417 1853 2475 1905 ὲν
2525 1854 2636 1916 τοῖς
2687 1851 3072 1922 στρατοπέδοις
3128 1850 3417 1922 συμφορὰς
3493 1848 3734 1912 εὐκόλως

441 1951 497 1999 et
533 1953 792 2001 strenuos
823 1948 972 2002 viros
1008 1951 1184 2018 magis
1224 1948 1471 2007 roborat.
1497 1957 1550 2003 et
1585 1950 1888 2005 multorum
1921 1951 2022 2006 bo-

443 2053 641 2095 uorum
669 2040 932 2096 universo
960 2042 1234 2097 exercitui
1286 2054 1482 2098 auctor
1503 2051 1617 2100 est.

513 2237 640 2292 Ill.
665 2238 902 2295 Sobrius
946 2241 1024 2295 sis
1055 2247 1111 2294 et
1143 2241 1399 2311 vigilans,
1446 2249 1499 2297 et
1551 2241 1797 2297 omnium
1825 2243 2031 2299 milita-

443 2331 588 2384 rium
619 2331 868 2386 laborum
893 2332 1260 2402 perferentior
1289 2333 1506 2390 caeteris
1553 2335 1841 2390 militibus.
1874 2335 1919 2388 Α
1946 2336 2032 2390 lu-

445 2425 527 2479 eri
562 2425 869 2494 cupiditate
917 2427 1106 2493 absis;
1163 2427 1236 2480 ita
1268 2427 1414 2482 enim
1473 2427 1940 2492 benevolentiam,
1977 2436 2032 2482 et

445 2515 806 2584 cupiditatem
841 2517 1040 2571 bonam
1079 2517 1178 2571 tibi
1211 2517 1353 2586 apud
1397 2533 1595 2571 omnes
1657 2518 2030 2588 comparabis,

447 2609 504 2654 et
533 2617 658 2656 cum
696 2603 767 2658 ab
803 2604 913 2659 illis
941 2605 1212 2675 diligeris,
1244 2608 1484 2677 prompti
1525 2608 1594 2662 ad
1627 2623 1824 2665 omnes
1878 2609 2036 2665 labo-

448 2705 539 2746 res
563 2693 951 2763 suscipiendos
979 2702 1163 2750 erunt.

519 2809 645 2865 “2.
683 2809 784 2866 Ubi
811 2812 1100 2868 victoriam
1135 2816 1232 2871 tibi
1288 2815 1434 2873 Deus
1494 2817 1732 2886 dederit,
1759 2830 1814 2875 et
1854 2819 2033 2876 hostis

451 2916 640 2970 paceni
687 2905 874 2959 utilem
924 2916 1172 2978 exoptat,
1227 2925 1297 2965 ne
1322 2911 1486 2966 nimis
1537 2911 1712 2968 durus
1768 2914 1868 2981 sis,
1937 2914 2033 2969 sed

449 2997 696 3051 concede
731 2996 833 3052 hoc
857 2999 957 3061 illi,
993 3010 1047 3054 et
1079 3016 1266 3070 pacem
1325 3017 1451 3056 cum
1485 3003 1581 3058 illo
1634 3003 1825 3061 facias.
1877 3007 2040 3077 Cogi-

452 3095 572 3142 tare
598 3088 746 3142 enim
783 3088 951 3145 debes
980 3092 1280 3160 ancipitem
1313 3092 1441 3147 belli
1484 3095 1716 3161 exitum,
1771 3106 1824 3151 et
1860 3096 2044 3165 quoti-

452 3177 674 3232 dianam
708 3192 892 3232 rerum
929 3181 1317 3246 mutationem,
1347 3190 1515 3253 atque
1561 3185 2003 3241 conversionem.
2071 3178 2115 3238 C

527 3289 653 3346 H5.
708 3287 824 3346 lloc
883 3303 1088 3357 autem,
1119 3293 1265 3364 quod
1299 3311 1446 3366 saepe
1499 3299 1951 3367 commemoravi,
1986 3300 2042 3355 in

456 3380 652 3450 primis
688 3382 951 3437 memoria
979 3393 1188 3452 teneas,
1239 3386 1502 3454 majorem
1554 3396 1607 3443 te
1653 3403 1845 3443 curam
1912 3406 2044 3461 pro-

455 3471 838 3543 visiouemque
866 3489 1150 3531 armorum
1198 3477 1383 3533 facere
1418 3477 1662 3543 debere,.
1699 3494 1862 3546 quam
1911 3479 2047 3536 alio-

457 3578 604 3629 rum,
637 3579 758 3634 quae
806 3564 872 3618 ad
933 3581 1084 3622 arma
1123 3569 1420 3639 pertinent.
1482 3569 1618 3623 Nam
1678 3580 2044 3640 commeatus,

459 3662 768 3725 caeteraque
801 3660 1139 3726 necessaria,
1195 3662 1282 3718 vel
1314 3676 1378 3715 ex
1413 3660 1661 3715 hostium
1726 3664 2047 3732 regionibus

461 3745 802 3813 suppeditari
842 3759 1078 3816 possunt
1111 3771 1123 3804 :
1158 3751 1278 3805 sine
1318 3753 1492 3806 armis
1517 3760 1724 3815 autem,
1759 3763 1853 3808 aut
1876 3757 2042 3811 etiam

462 3835 533 3890 iis
565 3834 972 3904 deficientibus,
1004 3842 1192 3896 hostes
1252 3844 1548 3915 proﬂigare
1582 3860 1689 3900 non
1721 3855 1901 3916 potes.

539 4127 667 4186 Ill.
719 4131 1038 4200 Clamosus,
1086 4144 1142 4191 et
1191 4136 1399 4192 vocalis
1427 4137 1727 4204 exercitus,
1781 4147 1944 4207 atque
1979 4137 2048 4192 ad

467 4223 743 4278 ovandum
778 4225 1032 4293 idoneus,
1061 4227 1304 4284 hostium
1340 4229 1516 4286 aciem
1555 4245 1889 4303 magnopere
1919 4246 2048 4301 pcr-

468 4317 736 4374 turbabit.

543 4432 673 4489 115.
716 4433 774 4490 Si
810 4436 1164 4494 multitudine
1204 4454 1437 4494 arcuum
1490 4440 1682 4496 hostes
1717 4439 1840 4495 freti
1902 4446 2052 4505 sunt,

2135 1944 2539 2017 παραμυθήσῃ,
2566 1945 2660 1997 καὶ
2683 1946 2808 2008 τοὺς
2835 1944 3116 2015 ἀνδρείως
3143 1944 3346 2015 μᾶλλον
3370 1942 3730 2014 ἐπιρρὡειςν

2140 2037 2236 2090 καὶ
2282 2035 2498 2090 πολλῶν
2531 2036 2756 2101 ἀγαθῶν
2790 2036 2882 2091 διά
2917 2036 3019 2106 τῆς
3054 2038 3154 2106 σῆς
3189 2036 3462 2108 ἔμφρονος
3487 2035 3734 2106 δημηγο-

2144 2129 2268 2201 ρίας
2302 2130 2393 2183 τὸν
2425 2130 2668 2201 ὑπήκοον
2705 2128 2936 2200 στρατὸν
2965 2128 3324 2200 ἀναπλήσεις.

2219 2250 2344 2314 ριαν.
2384 2243 2598 2315 Νήςρειν
2623 2243 2864 2314 ὀφείλεις
2903 2244 2998 2298 καὶ
3047 2243 3170 2296 λίαν
3201 2242 3471 2313 ὑπάρχειν
3499 2241 3735 2312 ἐγρήγο-

2148 2352 2262 2406 ρος,
2298 2335 2395 2390 καὶ
2425 2336 2626 2406 μᾶλλον
2655 2335 2767 2389 τῶν
2793 2336 2972 2390 ἄλλων
2997 2335 3350 2406 στρατιωτῶν
3377 2334 3486 2388 τῶν
3508 2335 3635 2388 πολε
3645 2352 3734 2405 μι-

2148 2426 2264 2480 κῶν
2317 2427 2571 2496 μετέχειν
2623 2428 2823 2495 πόνων,
2859 2422 2905 2481 ῶ
2947 2427 3243 2498 στρατηγέ,
3292 2425 3476 2494 ὀλίγου
3528 2426 3584 2479 δὲ
3637 2425 3735 2479 τοῦ

2149 2520 2398 2589 κέρδους.
2427 2521 2614 2584 Οὕτως
2637 2524 2748 2593 γὰρ
2779 2522 2874 2576 καὶ
2921 2521 3019 2593 τὴν
3051 2521 3204 2592 παρὰ
3247 2521 3470 2574 πάντων
3523 2519 3736 2572 εὔνοιαν

2149 2702 2591 2773 ἀγωνιζομένους
2616 2721 2697 2756 σοι
2723 2702 3024 2774 προθύμως
3055 2704 3112 2756 ἐν
3134 2705 3248 2766 τοῖς
3275 2701 3545 2766 κινδύνοις
3565 2700 3732 2767 ἕξεις.

2222 2814 2347 2885 ριβν.
2382 2815 2552 2869 Ὅταν
2603 2815 2740 2886 μετά
2789 2816 2948 2886 νίκην
2981 2818 3047 2885 ἢν
3095 2818 3124 2870 ό
3157 2816 3290 2880 Θεός
3342 2833 3427 2869 σοι
3479 2816 3735 2886 παράσχῃ

2149 2904 2384 2977 ἐπιζητῇ
2443 2907 2472 2959 ὁ
2529 2905 2788 2976 πολέμιος
2839 2907 3065 2978 εἰρήνην
3116 2906 3395 2977 ὲπωιρελῆ,
3453 2906 3528 2977 μὴ
3584 2907 3736 2973 γίνου

2149 2997 2436 3067 ἀκαμπὴς,
2472 2997 2587 3050 ἀλλ’
2611 2997 2854 3050 ὑπάκουε
2884 2996 3081 3066 τούτῳ,
3110 2997 3206 3050 καὶ
3237 2997 3510 3067 εἰρήνευε,
3541 2995 3739 3051 ἐννοῶν

2149 3089 2210 3142 τὸ
2241 3090 2349 3143 τῶν
2386 3087 2640 3159 πολέμων
2674 3089 2767 3142 καὶ
2796 3089 2896 3159 τῆς
2924 3089 3096 3160 τύχης
3127 3088 3345 3159 ἄδηλον.

2233 3297 2360 3364 ριγ’.
2403 3271 2858 3364 Ύπομιμνήέκου
2893 3291 2981 3345 ἀεὶ
3007 3292 3102 3346 καὶ
3131 3291 3240 3346 τῶν
3268 3291 3436 3346 πάλαι
3467 3307 3548 3344 σοι
3585 3289 3742 3361 είρη-

2161 3374 2340 3454 μένων
2382 3382 2537 3452 παρὰ
2585 3382 2684 3453 τῆς
2726 3381 2886 3453 ἡμῶν
2921 3380 3222 3452 βασιλείας,
3255 3375 3300 3435 ὧ
3334 3381 3628 3454 στρατηγέ,
3658 3382 3742 3435 ὅτι

2163 3475 2365 3546 μᾶλλον
2390 3476 2491 3545 τὴν
2541 3474 2862 3544 ἐπιμέλειαν
2897 3491 2955 3527 τε
2985 3475 3079 3527 καὶ
3121 3473 3381 3545 πρόνοιαν
3411 3472 3521 3527 τῶν
3563 3473 3744 3527 ὅπλων

2158 3569 2464 3638 χρεωστεῖς
2497 3566 2788 3633 ποιεῖσθαι,
2820 3567 2964 3636 ἤπερ
2998 3566 3107 3619 τῶν
3147 3565 3470 3634 ἐπιτηδείων
3507 3566 3636 3636 περὶ
3669 3563 3746 3622 τὰ

2158 3653 2321 3707 ὅπλα.
2354 3646 2520 3716 Οἶδας
2543 3653 2654 3724 γὰρ
2674 3653 2755 3706 ὅτι
2773 3653 2839 3707 τὰ
2863 3654 3149 3723 ἐπιτήδεια
3170 3653 3268 3723 μὲν
3293 3649 3404 3706 οἷον
3426 3653 3742 3724 διατροφὰς,

2160 3743 2257 3797 καὶ
2286 3742 2355 3795 τὰ
2386 3742 2522 3796 ἀλλα
2573 3744 2682 3797 ἀπὸ
2711 3744 2811 3812 τῆς
2857 3743 3042 3814 χώρας
3074 3743 3182 3797 τῶν
3217 3744 3495 3815 πολεμίων
3525 3743 3745 3814 πορίζε-

2161 3837 2288 3892 σθαι
2321 3838 2544 3892 δυνατόν
2607 3839 2776 3892 ἐστιν.
2837 3838 3057 3892 Ὅπλων
3115 3839 3171 3892 δὲ
3245 3840 3435 3910 χωρὶς,
3471 3840 3503 3909 ἢ
3545 3841 3748 3895 τούτων

2163 3931 2545 3999 ἐπιλιπόντων,
2628 3934 2743 3996 τοῖς
2793 3931 3088 4004 χρῄζουσιν
3159 3932 3218 3985 ού
3279 3933 3575 4004 κρατήσεις
3637 3932 3747 3985 τῶν

2159 4022 2462 4094 δυσμενῶν.

2236 4139 2355 4210 ριδ’.
2393 4139 2722 4210 Θαρσαλέως
2751 4139 3121 4210 ἁναφωνῆσαν
3155 4138 3542 4209 μεγαλόφωνον
3579 4139 3748 4209 πρᾶο

2165 4249 2346 4302 τευμα
2383 4231 2482 4286 καὶ
2527 4232 2834 4302 ἐπιτήδειον
2870 4232 3008 4302 πρὸς
3037 4231 3379 4302 ἀλαλαγμὸν,
3411 4230 3750 4301 καταπλήξει

2166 4323 2387 4386 πάντως
2420 4321 2519 4393 τὴν
2550 4321 2660 4376 τῶν
2692 4321 2968 4390 πολεμίων
2996 4321 3324 4394 παράταξιν.

2241 4442 2356 4505 pte’.
2408 4436 2535 4490 Ἐὰν
2567 4437 2625 4490 ὲν
2643 4435 2837 4507 πλήθει
2860 4434 3095 4500 τοξοτῶν
3124 4435 3174 4488 οἱ
3201 4435 3454 4506 πολέμιοι
3488 4435 3752 4489 πεποίϐαη

473 4526 755 4583 lnnnidins
776 4529 1343 4599 emlumobservabis,
1375 4541 1488 4587 tum
1543 4534 1688 4589 enim
1745 4533 2043 4605 languidio-

2162 4545 2266 4594 σιν,
2312 4527 2642 4600 ὑγροτέρους
2695 4526 2866 4598 ἀέρας
2912 4527 3186 4597 ἐπιτήρει,
3225 4525 3396 4579 διὰτὸ
3423 4525 3758 4596 ἁπαλώτερα

472 4634 562 4674 res
597 4619 814 4674 illorum
843 4636 1008 4676 arcus
1039 4623 1189 4677 fient.
1219 4623 1375 4690 Quod
1410 4625 1455 4679 si
1501 4631 1614 4678 tum
1647 4640 1772 4678 cum
1804 4623 2058 4680 hosuhus

473 4711 816 4777 conﬂixeris,
865 4713 1052 4772 minus
1083 4715 1388 4772 deillorutn
1420 4717 1640 4788 sagittis
1687 4717 1987 4773 lahorabis.

549 4913 672 4968 116.
701 4914 806 4980 Qui
843 4915 962 4970 suis
1006 4917 1176 4973 rebus
1207 4919 1397 4989 "gestis
1446 4899 1560 4991 prie
1585 4910 1761 4987 ucet,
1800 4936 1909 4976 nou
1965 4921 2059 4990 qui

477 5005 696 5073 generis
729 5006 996 5075 dignitate
1028 5011 1480 5077 commendatur,
1529 5011 1768 5067 illustris
1821 5011 2064 5082 impera-

481 5111 570 5155 tor
600 5105 1192 5174 cst,quemadmodum
1243 5124 1424 5178 neque
1470 5122 1640 5162 aurea
1701 5107 1859 5164 hasta
1915 5109 2066 5165 utilis

481 5196 547 5249 ad
577 5195 801 5259 bellum,
834 5197 928 5252 sed
973 5198 1149 5255 ferrea
1199 5212 1253 5256 et
1271 5209 1433 5255 acuta
1459 5209 1566 5257 est.

559 5397 685 5454 “7.
711 5399 909 5470 Magna
936 5401 1207 5467 gravitate
1231 5401 1506 5456 videberis
1531 5417 1677 5466 esse,
1700 5401 1922 5473 quando
1959 5417 2068 5457 non

485 5488 774 5556 praesentia
810 5489 989 5544 solum
1019 5499 1166 5546 recte
1219 5493 1516 5560 gubernas,
1565 5493 1658 5548 sed
1715 5510 1836 5563 qua:
1887 5492 2068 5549 futura

485 5580 651 5637 etiam
683 5589 816 5637 sunt
847 5581 1142 5652 prosnicis,
1180 5585 1384 5654 illaque
1443 5585 1639 5641 idonee
1689 5586 2067 5642 administras.

567 5779 688 5832 H8.
722 5781 764 5834 A
797 5782 1166 5852 voluptatibus
1227 5802 1285 5843 sc
1317 5797 1643 5857 temperare,
1673 5789 1932 5846 omnibus
1989 5799 2066 5846 cst

2164 4621 2414 4690 γίνεσθαι
2452 4620 2522 4675 τά
2551 4619 2701 4684 τόξα.
2736 4618 2925 4682 Οὕτως
2959 4617 3068 4690 γὰρ
3104 4619 3212 4689 τὴν
3244 4617 3384 4689 πρὸς
3435 4620 3563 4681 τοὺς
3595 4618 3753 4671 ἐναν-

2159 4716 2312 4778 τίους
2343 4712 2667 4784 ποιούμενος
2716 4712 3039 4783 συμπλοκὴν
3074 4711 3530 4783 εὐκαταφρόνητα
3573 4709 3755 4764 αὐτῶν

2163 4808 2529 4878 καταστήσεις
2556 4805 2624 4859 τὰ
2649 4804 2799 4875 βέλη.

2238 4928 2370 4993 ρις’,
2418 4919 2486 4974 Ὀ
2533 4923 2656 4983 ταῖς
2704 4918 2939 4981 οἰκείαις
2991 4916 3477 4986 καλλωπιζόμενος
3519 4915 3758 4984 πράξεσι

2170 5013 2505 5086 στρατηγὸς,
2549 5012 2761 5076 ἐκεῖνός
2809 5011 2960 5065 ἐστιν
3000 5010 3246 5081 ἀριστος,
3279 5009 3396 5062 ἀλλ’
3446 5009 3544 5077 οὐχ
3591 5009 3620 5060 ὁ
3651 5007 3758 5061 ἀπδ

2166 5107 2262 5162 τοῦ
2317 5108 2511 5176 γένους
2564 5105 2840 5177 λαμπρὸς,
2893 5105 3084 5170 ὥσπερ
3145 5103 3268 5158 οὐδὲ
3329 5102 3537 5174 χρυσέα
3587 5101 3758 5170 λόγχη

2174 5201 2424 5271 χρησίμη
2459 5199 2598 5272 πρὸς
2645 5198 2920 5268 πόλεμον,
2956 5196 3094 5252 ἀλλά
3165 5195 3390 5268 σιδηρέα
3432 5195 3526 5248 καὶ
3573 5194 3761 5263 ἄκρως

2168 5292 2340 5362 ἠκονη
2351 5291 2486 5363 μένη
2498 5330 2511 5344 .

2247 5404 2369 5474 ριζν.
2413 5403 2647 5475 ’Υψηλὸς
2703 5401 2801 5474 τὴν
2831 5401 3072 5455 διάνοιαν
3129 5399 3456 5472 λογισυησῃ.
3516 5414 3647 5451 οταν
3698 5396 3760 5448 οὐ

2172 5495 2240 5550 τὰ
2278 5494 2522 5566 παρόντα
2553 5495 2714 5566 μόνον
2742 5495 2842 5548 καὶ
2867 5491 3286 5564 προσπίπτοντα
3317 5491 3530 5561 διοικῇς
3558 5490 3760 5560 ὀρθῶς.

2173 5585 2218 5642 ῶ
2265 5588 2562 5660 στρατηγὲ,
2595 5587 2710 5641 ἀλλ’
2760 5588 2887 5641 ὅταν
2918 5585 3012 5639 τοῦ
3049 5574 3334 5656 μέλλοντος
3382 5585 3483 5655 τὴν
3539 5583 3764 5637 δέουσαν

2178 5681 2380 5752 ποιήσῃ
2415 5681 2513 5734 καὶ
2543 5679 2800 5750 φροντίδα
2824 5679 2920 5732 καὶ
2950 5677 3230 5750 πρόνοιαν.

2253 5797 2382 5863 ριη’.
2430 5791 2651 5863 Ἡδονῆς
2686 5793 2907 5865 κρατεῖν
2958 5791 3048 5845 καὶ
3082 5792 3138 5844 ἐν
3186 5790 3346 5846 παντὶ
3394 5787 3572 5860 καιρῷ
3616 5785 3767 5853 ἀόρι-
