  <div class='ocr_page' id='page_1' title='image "/cluster/home/n/w/nwhite01/storage/ocr_20150623/107/coo.31924054870112/568.png"; bbox 0 0 4120 6444; ppageno 0'>
   <div class='ocr_carea' id='block_1_1' title="bbox 409 328 2049 445">
    <p class='ocr_par' dir='ltr' id='par_1_1' title="bbox 409 354 2049 445">
     <span class='ocr_line' id='line_1_1' title="bbox 409 354 2049 445; baseline -0.02 -1"><span class='ocrx_word' id='word_1_1' title='bbox 409 377 547 445; x_wconf 61' lang='grc'>1045</span> <span class='ocrx_word' id='word_1_2' title='bbox 1523 358 1830 421; x_wconf 82' lang='lat' dir='ltr'><strong>TACTICA</strong></span> <span class='ocrx_word' id='word_1_3' title='bbox 1842 404 1855 417; x_wconf 92' lang='lat'><strong>.</strong></span> <span class='ocrx_word' id='word_1_4' title='bbox 1884 379 1950 392; x_wconf 85' lang='lat'><strong>-</strong></span> <span class='ocrx_word' id='word_1_5' title='bbox 1985 354 2049 414; x_wconf 86' lang='lat' dir='ltr'><strong>C(</strong></span> 
     </span>
    </p>
   </div>
   <div class='ocr_carea' id='block_1_2' title="bbox 2161 328 3686 445">
    <p class='ocr_par' dir='ltr' id='par_1_2' title="bbox 2161 328 3686 410">
     <span class='ocr_line' id='line_1_2' title="bbox 2161 328 3686 410; baseline -0.012 0"><span class='ocrx_word' id='word_1_6' title='bbox 2161 348 2487 410; x_wconf 78' lang='lat' dir='ltr'><strong>iTlTUTlO</strong></span> <span class='ocrx_word' id='word_1_7' title='bbox 2518 348 2643 407; x_wconf 82' lang='lat' dir='ltr'><strong>XX.</strong></span> <span class='ocrx_word' id='word_1_8' title='bbox 3548 328 3686 396; x_wconf 76' lang='grc'>1046</span> 
     </span>
    </p>
   </div>
   <div class='ocr_carea' id='block_1_3' title="bbox 408 450 2049 559">
    <p class='ocr_par' dir='ltr' id='par_1_3' title="bbox 408 470 2049 559">
     <span class='ocr_line' id='line_1_3' title="bbox 408 470 2049 559; baseline -0.014 -15"><span class='ocrx_word' id='word_1_9' title='bbox 408 490 536 545; x_wconf 86' lang='grc' dir='ltr'>στόν</span> <span class='ocrx_word' id='word_1_10' title='bbox 566 486 679 559; x_wconf 76' lang='lat'><strong>(57)</strong></span> <span class='ocrx_word' id='word_1_11' title='bbox 711 485 882 550; x_wconf 86' lang='grc' dir='ltr'>ἐστιν,</span> <span class='ocrx_word' id='word_1_12' title='bbox 947 478 1240 553; x_wconf 84' lang='grc' dir='ltr'>στρατηγῷ</span> <span class='ocrx_word' id='word_1_13' title='bbox 1280 478 1339 532; x_wconf 80' lang='grc' dir='ltr'>δὲ</span> <span class='ocrx_word' id='word_1_14' title='bbox 1374 476 1612 548; x_wconf 83' lang='grc' dir='ltr'>μάλιστα</span> <span class='ocrx_word' id='word_1_15' title='bbox 1644 471 1888 542; x_wconf 83' lang='grc' dir='ltr'>πολέμου</span> <span class='ocrx_word' id='word_1_16' title='bbox 1938 470 1996 522; x_wconf 85' lang='grc' dir='ltr'><strong>ἐν</strong></span> <span class='ocrx_word' id='word_1_17' title='bbox 2027 474 2049 529; x_wconf 61' lang='grc' dir='ltr'><em>Α</em></span> 
     </span>
    </p>
   </div>
   <div class='ocr_carea' id='block_1_4' title="bbox 2161 450 3685 559">
    <p class='ocr_par' dir='ltr' id='par_1_4' title="bbox 2161 450 3685 532">
     <span class='ocr_line' id='line_1_4' title="bbox 2161 450 3685 532; baseline -0.009 -14"><span class='ocrx_word' id='word_1_18' title='bbox 2161 465 2394 527; x_wconf 77' lang='lat' dir='ltr'><strong>tlimum,</strong></span> <span class='ocrx_word' id='word_1_19' title='bbox 2418 458 2739 532; x_wconf 87' lang='lat' dir='ltr'><strong>imperatori</strong></span> <span class='ocrx_word' id='word_1_20' title='bbox 2771 467 2956 513; x_wconf 87' lang='lat' dir='ltr'><strong>autem</strong></span> <span class='ocrx_word' id='word_1_21' title='bbox 2985 456 3284 528; x_wconf 56' lang='lat' dir='ltr'><strong>principue,</strong></span> <span class='ocrx_word' id='word_1_22' title='bbox 3316 450 3530 508; x_wconf 82' lang='lat' dir='ltr'><strong>bellicis</strong></span> <span class='ocrx_word' id='word_1_23' title='bbox 3554 465 3685 507; x_wconf 86' lang='lat' dir='ltr'><strong>vero</strong></span> 
     </span>
    </p>
   </div>
   <div class='ocr_carea' id='block_1_5' title="bbox 409 550 2049 654">
    <p class='ocr_par' dir='ltr' id='par_1_5' title="bbox 409 550 1694 654">
     <span class='ocr_line' id='line_1_5' title="bbox 409 550 1694 654; baseline -0.014 -17"><span class='ocrx_word' id='word_1_24' title='bbox 409 550 591 654; x_wconf 79' lang='grc' dir='ltr'>καιρῷ</span> <span class='ocrx_word' id='word_1_25' title='bbox 626 550 750 631; x_wconf 82' lang='grc' dir='ltr'>λίαν</span> <span class='ocrx_word' id='word_1_26' title='bbox 790 550 1029 645; x_wconf 74' lang='grc' dir='ltr'>ὑπάρχει</span> <span class='ocrx_word' id='word_1_27' title='bbox 1056 550 1219 626; x_wconf 73' lang='grc' dir='ltr'>τούτο</span> <span class='ocrx_word' id='word_1_28' title='bbox 1250 567 1694 641; x_wconf 86' lang='grc' dir='ltr'>χρησιμώτατον.</span> 
     </span>
    </p>
   </div>
   <div class='ocr_carea' id='block_1_6' title="bbox 2161 550 3313 654">
    <p class='ocr_par' dir='ltr' id='par_1_6' title="bbox 2167 550 3313 626">
     <span class='ocr_line' id='line_1_6' title="bbox 2167 550 3313 626; baseline -0.008 -17"><span class='ocrx_word' id='word_1_29' title='bbox 2167 555 2449 626; x_wconf 72' lang='grc' dir='ltr'><strong>ηιροι-ἰὴιιε</strong></span> <span class='ocrx_word' id='word_1_30' title='bbox 2477 554 2530 608; x_wconf 89' lang='lat' dir='ltr'><strong>in</strong></span> <span class='ocrx_word' id='word_1_31' title='bbox 2572 554 2768 624; x_wconf 85' lang='lat' dir='ltr'><strong>primis</strong></span> <span class='ocrx_word' id='word_1_32' title='bbox 2804 550 3184 607; x_wconf 84' lang='lat' dir='ltr'><strong>necessarium</strong></span> <span class='ocrx_word' id='word_1_33' title='bbox 3206 554 3313 603; x_wconf 88' lang='lat' dir='ltr'><strong>est.</strong></span> 
     </span>
    </p>
   </div>
   <div class='ocr_carea' id='block_1_7' title="bbox 487 636 2049 743">
    <p class='ocr_par' dir='ltr' id='par_1_7' title="bbox 487 636 2001 743">
     <span class='ocr_line' id='line_1_7' title="bbox 487 636 2001 743; baseline -0.014 -15"><span class='ocrx_word' id='word_1_34' title='bbox 487 636 614 743; x_wconf 66' lang='grc' dir='ltr'><strong>έιὸο.</strong></span> <span class='ocrx_word' id='word_1_35' title='bbox 648 672 805 742; x_wconf 74' lang='grc' dir='ltr'>Μήτε</span> <span class='ocrx_word' id='word_1_36' title='bbox 837 636 1021 739; x_wconf 72' lang='grc' dir='ltr'>μάχης</span> <span class='ocrx_word' id='word_1_37' title='bbox 1042 636 1392 719; x_wconf 80' lang='grc' dir='ltr'>ἐπικινδύνου</span> <span class='ocrx_word' id='word_1_38' title='bbox 1417 636 1514 715; x_wconf 75' lang='grc' dir='ltr'><strong>καὶ</strong></span> <span class='ocrx_word' id='word_1_39' title='bbox 1542 657 1745 730; x_wconf 84' lang='grc' dir='ltr'>πολλὴν</span> <span class='ocrx_word' id='word_1_40' title='bbox 1769 655 2001 727; x_wconf 83' lang='grc' dir='ltr'>ἐχούσης</span> 
     </span>
    </p>
   </div>
   <div class='ocr_carea' id='block_1_8' title="bbox 2161 636 3689 743">
    <p class='ocr_par' dir='ltr' id='par_1_8' title="bbox 2182 636 3689 715">
     <span class='ocr_line' id='line_1_8' title="bbox 2182 636 3689 715; baseline -0.007 -14"><span class='ocrx_word' id='word_1_41' title='bbox 2182 648 2303 702; x_wconf 82' lang='grc'>119.</span> <span class='ocrx_word' id='word_1_42' title='bbox 2350 645 2538 715; x_wconf 84' lang='lat' dir='ltr'><strong>Neque</strong></span> <span class='ocrx_word' id='word_1_43' title='bbox 2566 659 2769 714; x_wconf 83' lang='lat' dir='ltr'><strong>anceps</strong></span> <span class='ocrx_word' id='word_1_44' title='bbox 2791 642 3062 714; x_wconf 75' lang='lat' dir='ltr'><strong>praelium,</strong></span> <span class='ocrx_word' id='word_1_45' title='bbox 3096 650 3150 693; x_wconf 90' lang='lat' dir='ltr'><strong>et</strong></span> <span class='ocrx_word' id='word_1_46' title='bbox 3191 639 3423 693; x_wconf 88' lang='lat' dir='ltr'><strong>multam</strong></span> <span class='ocrx_word' id='word_1_47' title='bbox 3476 636 3689 692; x_wconf 85' lang='lat' dir='ltr'><strong>habens</strong></span> 
     </span>
    </p>
   </div>
   <div class='ocr_carea' id='block_1_9' title="bbox 414 727 2049 836">
    <p class='ocr_par' dir='ltr' id='par_1_9' title="bbox 414 727 1998 836">
     <span class='ocr_line' id='line_1_9' title="bbox 414 727 1998 836; baseline -0.015 -14"><span class='ocrx_word' id='word_1_48' title='bbox 414 727 640 836; x_wconf 59' lang='grc' dir='ltr'>ἀδηλίαν</span> <span class='ocrx_word' id='word_1_49' title='bbox 676 727 950 823; x_wconf 59' lang='grc' dir='ltr'>ἑκουσίως</span> <span class='ocrx_word' id='word_1_50' title='bbox 977 727 1264 830; x_wconf 62' lang='grc' dir='ltr'>άπάρχου,</span> <span class='ocrx_word' id='word_1_51' title='bbox 1334 756 1471 826; x_wconf 82' lang='grc' dir='ltr'>μήτε</span> <span class='ocrx_word' id='word_1_52' title='bbox 1523 755 1634 815; x_wconf 78' lang='grc' dir='ltr'>τοῖς</span> <span class='ocrx_word' id='word_1_53' title='bbox 1670 727 1998 820; x_wconf 74' lang='grc' dir='ltr'>παραϐόλως</span> 
     </span>
    </p>
   </div>
   <div class='ocr_carea' id='block_1_10' title="bbox 2161 727 3693 836">
    <p class='ocr_par' dir='ltr' id='par_1_10' title="bbox 2161 727 3693 803">
     <span class='ocr_line' id='line_1_10' title="bbox 2161 727 3693 803; baseline -0.008 -10"><span class='ocrx_word' id='word_1_54' title='bbox 2161 740 2429 793; x_wconf 79' lang='lat' dir='ltr'><strong>trietatcm</strong></span> <span class='ocrx_word' id='word_1_55' title='bbox 2462 738 2702 792; x_wconf 82' lang='lat' dir='ltr'><strong>libenter</strong></span> <span class='ocrx_word' id='word_1_56' title='bbox 2740 735 2962 798; x_wconf 86' lang='lat' dir='ltr'><strong>inchoa,</strong></span> <span class='ocrx_word' id='word_1_57' title='bbox 3046 746 3226 803; x_wconf 88' lang='lat' dir='ltr'><strong>neque</strong></span> <span class='ocrx_word' id='word_1_58' title='bbox 3280 745 3399 793; x_wconf 88' lang='lat' dir='ltr'><strong>eos,</strong></span> <span class='ocrx_word' id='word_1_59' title='bbox 3460 727 3557 798; x_wconf 68' lang='lat' dir='ltr'><strong>Qui</strong></span> <span class='ocrx_word' id='word_1_60' title='bbox 3610 735 3693 782; x_wconf 88' lang='lat' dir='ltr'><strong>te-</strong></span> 
     </span>
    </p>
   </div>
   <div class='ocr_carea' id='block_1_11' title="bbox 423 820 2049 930">
    <p class='ocr_par' dir='ltr' id='par_1_11' title="bbox 423 820 2009 930">
     <span class='ocr_line' id='line_1_11' title="bbox 423 820 2009 930; baseline -0.012 -19"><span class='ocrx_word' id='word_1_61' title='bbox 423 820 624 930; x_wconf 79' lang='grc' dir='ltr'>μᾶλλον</span> <span class='ocrx_word' id='word_1_62' title='bbox 662 856 706 909; x_wconf 80' lang='grc' dir='ltr'>δ’</span> <span class='ocrx_word' id='word_1_63' title='bbox 752 820 1058 914; x_wconf 75' lang='grc' dir='ltr'>ἐπιδούλως</span> <span class='ocrx_word' id='word_1_64' title='bbox 1102 820 1479 921; x_wconf 66' lang='grc' dir='ltr'>χρησαμένοις</span> <span class='ocrx_word' id='word_1_65' title='bbox 1517 844 1650 899; x_wconf 78' lang='grc' dir='ltr'>ποτὲ</span> <span class='ocrx_word' id='word_1_66' title='bbox 1700 844 1814 905; x_wconf 88' lang='grc' dir='ltr'>τοῖς</span> <span class='ocrx_word' id='word_1_67' title='bbox 1866 840 2009 911; x_wconf 87' lang='grc' dir='ltr'>πρά-</span> 
     </span>
    </p>
   </div>
   <div class='ocr_carea' id='block_1_12' title="bbox 2161 820 3695 930">
    <p class='ocr_par' dir='ltr' id='par_1_12' title="bbox 2161 820 3695 897">
     <span class='ocr_line' id='line_1_12' title="bbox 2161 820 3695 897; baseline -0.008 -14"><span class='ocrx_word' id='word_1_68' title='bbox 2161 846 2283 895; x_wconf 60' lang='grc' dir='ltr'>μοι-ε,</span> <span class='ocrx_word' id='word_1_69' title='bbox 2322 831 2406 885; x_wconf 95' lang='lat' dir='ltr'><strong>vel</strong></span> <span class='ocrx_word' id='word_1_70' title='bbox 2440 828 2706 884; x_wconf 85' lang='lat' dir='ltr'><strong>insidiose</strong></span> <span class='ocrx_word' id='word_1_71' title='bbox 2731 827 2914 897; x_wconf 91' lang='lat' dir='ltr'><strong>potius</strong></span> <span class='ocrx_word' id='word_1_72' title='bbox 2945 824 3109 879; x_wconf 86' lang='lat' dir='ltr'><strong>rebus</strong></span> <span class='ocrx_word' id='word_1_73' title='bbox 3147 822 3269 879; x_wconf 86' lang='lat' dir='ltr'><strong>suis</strong></span> <span class='ocrx_word' id='word_1_74' title='bbox 3318 820 3401 874; x_wconf 81' lang='lat' dir='ltr'><strong>usi</strong></span> <span class='ocrx_word' id='word_1_75' title='bbox 3455 824 3608 885; x_wconf 88' lang='lat' dir='ltr'><strong>sunt,</strong></span> <span class='ocrx_word' id='word_1_76' title='bbox 3640 823 3695 871; x_wconf 81' lang='lat' dir='ltr'><strong>et</strong></span> 
     </span>
    </p>
   </div>
   <div class='ocr_carea' id='block_1_13' title="bbox 420 910 2049 1023">
    <p class='ocr_par' dir='ltr' id='par_1_13' title="bbox 420 910 2009 1023">
     <span class='ocr_line' id='line_1_13' title="bbox 420 910 2009 1023; baseline -0.014 -18"><span class='ocrx_word' id='word_1_77' title='bbox 420 910 595 1023; x_wconf 63' lang='grc' dir='ltr'>γμασι</span> <span class='ocrx_word' id='word_1_78' title='bbox 645 949 744 1001; x_wconf 91' lang='lat' dir='ltr'><strong>ml.</strong></span> <span class='ocrx_word' id='word_1_79' title='bbox 790 910 1212 1015; x_wconf 58' lang='grc' dir='ltr'>θαυμασθέντας</span> <span class='ocrx_word' id='word_1_80' title='bbox 1240 910 1330 994; x_wconf 68' lang='grc' dir='ltr'><strong>διά</strong></span> <span class='ocrx_word' id='word_1_81' title='bbox 1375 937 1568 1007; x_wconf 82' lang='grc' dir='ltr'><strong>τύχην,</strong></span> <span class='ocrx_word' id='word_1_82' title='bbox 1622 935 1756 1007; x_wconf 87' lang='grc' dir='ltr'><strong>μηδέ</strong></span> <span class='ocrx_word' id='word_1_83' title='bbox 1786 910 2009 993; x_wconf 87' lang='grc' dir='ltr'>τούτους</span> 
     </span>
    </p>
   </div>
   <div class='ocr_carea' id='block_1_14' title="bbox 2161 910 3695 1023">
    <p class='ocr_par' dir='ltr' id='par_1_14' title="bbox 2161 910 3695 994">
     <span class='ocr_line' id='line_1_14' title="bbox 2161 910 3695 994; baseline -0.008 -17"><span class='ocrx_word' id='word_1_84' title='bbox 2161 929 2338 994; x_wconf 86' lang='lat' dir='ltr'><strong>ropter</strong></span> <span class='ocrx_word' id='word_1_85' title='bbox 2368 921 2647 975; x_wconf 79' lang='lat' dir='ltr'><strong>fortunam</strong></span> <span class='ocrx_word' id='word_1_86' title='bbox 2676 936 2831 975; x_wconf 86' lang='lat' dir='ltr'><strong>suam</strong></span> <span class='ocrx_word' id='word_1_87' title='bbox 2870 920 2926 973; x_wconf 91' lang='lat' dir='ltr'><strong>in</strong></span> <span class='ocrx_word' id='word_1_88' title='bbox 2959 916 3327 973; x_wconf 74' lang='lat' dir='ltr'><strong>admiratione</strong></span> <span class='ocrx_word' id='word_1_89' title='bbox 3387 919 3539 976; x_wconf 86' lang='lat' dir='ltr'><strong>sunt,</strong></span> <span class='ocrx_word' id='word_1_90' title='bbox 3566 910 3695 965; x_wconf 87' lang='lat' dir='ltr'><strong>imi-</strong></span> 
     </span>
    </p>
   </div>
   <div class='ocr_carea' id='block_1_15' title="bbox 421 1005 2049 1111">
    <p class='ocr_par' dir='ltr' id='par_1_15' title="bbox 421 1005 2010 1111">
     <span class='ocr_line' id='line_1_15' title="bbox 421 1005 2010 1111; baseline -0.014 -16"><span class='ocrx_word' id='word_1_91' title='bbox 421 1005 620 1111; x_wconf 66' lang='grc' dir='ltr'>ξηλοῦν</span> <span class='ocrx_word' id='word_1_92' title='bbox 677 1005 1000 1105; x_wconf 78' lang='grc' dir='ltr'>καταδέχου,</span> <span class='ocrx_word' id='word_1_93' title='bbox 1035 1032 1149 1086; x_wconf 76' lang='grc' dir='ltr'>ἀλλ’</span> <span class='ocrx_word' id='word_1_94' title='bbox 1205 1032 1336 1084; x_wconf 84' lang='grc' dir='ltr'>ὅταν</span> <span class='ocrx_word' id='word_1_95' title='bbox 1372 1005 1531 1099; x_wconf 74' lang='grc' dir='ltr'>χρεία</span> <span class='ocrx_word' id='word_1_96' title='bbox 1586 1005 1811 1095; x_wconf 79' lang='grc' dir='ltr'>γένηται</span> <span class='ocrx_word' id='word_1_97' title='bbox 1852 1021 2010 1075; x_wconf 79' lang='grc' dir='ltr'>πολέ-</span> 
     </span>
    </p>
   </div>
   <div class='ocr_carea' id='block_1_16' title="bbox 2161 1005 3697 1111">
    <p class='ocr_par' dir='ltr' id='par_1_16' title="bbox 2161 1005 3697 1084">
     <span class='ocr_line' id='line_1_16' title="bbox 2161 1005 3697 1084; baseline -0.007 -16"><span class='ocrx_word' id='word_1_98' title='bbox 2161 1015 2250 1069; x_wconf 77' lang='lat' dir='ltr'><strong>:ris</strong></span> <span class='ocrx_word' id='word_1_99' title='bbox 2271 1056 2285 1080; x_wconf 91' lang='lat'><strong>,</strong></span> <span class='ocrx_word' id='word_1_100' title='bbox 2313 1014 2407 1069; x_wconf 89' lang='lat' dir='ltr'><strong>sed</strong></span> <span class='ocrx_word' id='word_1_101' title='bbox 2442 1012 2667 1084; x_wconf 84' lang='lat' dir='ltr'><strong>quando</strong></span> <span class='ocrx_word' id='word_1_102' title='bbox 2695 1011 2900 1066; x_wconf 85' lang='lat' dir='ltr'><strong>bellum</strong></span> <span class='ocrx_word' id='word_1_103' title='bbox 2941 1010 3188 1064; x_wconf 79' lang='lat' dir='ltr'><strong>futurum</strong></span> <span class='ocrx_word' id='word_1_104' title='bbox 3234 1016 3342 1072; x_wconf 87' lang='grc' dir='ltr'>εει,</span> <span class='ocrx_word' id='word_1_105' title='bbox 3382 1005 3571 1060; x_wconf 81' lang='lat' dir='ltr'><strong>hostes</strong></span> <span class='ocrx_word' id='word_1_106' title='bbox 3596 1019 3697 1059; x_wconf 81' lang='lat' dir='ltr'><strong>ex-</strong></span> 
     </span>
    </p>
   </div>
   <div class='ocr_carea' id='block_1_17' title="bbox 426 1095 2049 1205">
    <p class='ocr_par' dir='ltr' id='par_1_17' title="bbox 426 1095 2008 1205">
     <span class='ocr_line' id='line_1_17' title="bbox 426 1095 2008 1205; baseline -0.013 -19"><span class='ocrx_word' id='word_1_107' title='bbox 426 1095 554 1205; x_wconf 70' lang='grc' dir='ltr'>μου.</span> <span class='ocrx_word' id='word_1_108' title='bbox 589 1129 728 1192; x_wconf 76' lang='grc' dir='ltr'>Τοὺς</span> <span class='ocrx_word' id='word_1_109' title='bbox 757 1128 857 1199; x_wconf 86' lang='grc' dir='ltr'>μὲν</span> <span class='ocrx_word' id='word_1_110' title='bbox 882 1095 1186 1196; x_wconf 49' lang='grc' dir='ltr'>’πολεμίους</span> <span class='ocrx_word' id='word_1_111' title='bbox 1216 1095 1479 1203; x_wconf 77' lang='grc' dir='ltr'>ὑποδέχου</span> <span class='ocrx_word' id='word_1_112' title='bbox 1514 1120 1654 1191; x_wconf 83' lang='grc' dir='ltr'>μετὰ</span> <span class='ocrx_word' id='word_1_113' title='bbox 1687 1114 2008 1185; x_wconf 77' lang='grc' dir='ltr'><strong>ἀσφαλείας,</strong></span> 
     </span>
    </p>
   </div>
   <div class='ocr_carea' id='block_1_18' title="bbox 2161 1095 3698 1205">
    <p class='ocr_par' dir='ltr' id='par_1_18' title="bbox 2161 1095 3698 1175">
     <span class='ocr_line' id='line_1_18' title="bbox 2161 1095 3698 1175; baseline -0.01 -15"><span class='ocrx_word' id='word_1_114' title='bbox 2161 1106 2312 1175; x_wconf 75' lang='grc' dir='ltr'>ιρίοε,</span> <span class='ocrx_word' id='word_1_115' title='bbox 2346 1120 2510 1174; x_wconf 85' lang='lat' dir='ltr'><strong>quam</strong></span> <span class='ocrx_word' id='word_1_116' title='bbox 2538 1104 2816 1158; x_wconf 70' lang='lat' dir='ltr'><strong>tut‘ssime</strong></span> <span class='ocrx_word' id='word_1_117' title='bbox 2850 1100 3096 1172; x_wconf 88' lang='lat' dir='ltr'><strong>poteris;</strong></span> <span class='ocrx_word' id='word_1_118' title='bbox 3127 1099 3349 1154; x_wconf 87' lang='lat' dir='ltr'><strong>insidiis</strong></span> <span class='ocrx_word' id='word_1_119' title='bbox 3404 1095 3698 1149; x_wconf 84' lang='lat' dir='ltr'><strong>adversum</strong></span> 
     </span>
    </p>
   </div>
   <div class='ocr_carea' id='block_1_19' title="bbox 422 1188 2049 1285">
    <p class='ocr_par' dir='ltr' id='par_1_19' title="bbox 422 1188 2010 1285">
     <span class='ocr_line' id='line_1_19' title="bbox 422 1188 2010 1285; baseline -0.013 -9"><span class='ocrx_word' id='word_1_120' title='bbox 422 1188 545 1285; x_wconf 65' lang='grc' dir='ltr'>ταῖς</span> <span class='ocrx_word' id='word_1_121' title='bbox 590 1220 649 1273; x_wconf 79' lang='grc' dir='ltr'>δὲ</span> <span class='ocrx_word' id='word_1_122' title='bbox 688 1188 921 1279; x_wconf 79' lang='grc' dir='ltr'>οἰκείαις</span> <span class='ocrx_word' id='word_1_123' title='bbox 971 1188 1485 1275; x_wconf 23' lang='grc' dir='ltr'>ἐπιϐολαῖςὼςῃᾶν</span> <span class='ocrx_word' id='word_1_124' title='bbox 1516 1188 1835 1279; x_wconf 35' lang='grc' dir='ltr'>’δοκιμάσῃς</span> <span class='ocrx_word' id='word_1_125' title='bbox 1869 1200 2010 1258; x_wconf 81' lang='grc' dir='ltr'>εἷναί</span> 
     </span>
    </p>
   </div>
   <div class='ocr_carea' id='block_1_20' title="bbox 2161 1188 3703 1285">
    <p class='ocr_par' dir='ltr' id='par_1_20' title="bbox 2161 1188 3703 1267">
     <span class='ocr_line' id='line_1_20' title="bbox 2161 1188 3703 1267; baseline -0.008 -13"><span class='ocrx_word' id='word_1_126' title='bbox 2161 1214 2215 1254; x_wconf 80' lang='lat' dir='ltr'><strong>os</strong></span> <span class='ocrx_word' id='word_1_127' title='bbox 2254 1197 2449 1260; x_wconf 85' lang='lat' dir='ltr'><strong>utaris,</strong></span> <span class='ocrx_word' id='word_1_128' title='bbox 2497 1195 2966 1267; x_wconf 83' lang='lat' dir='ltr'><strong>quemadmodum</strong></span> <span class='ocrx_word' id='word_1_129' title='bbox 3015 1188 3553 1262; x_wconf 81' lang='lat' dir='ltr'><strong>Opportunissimum</strong></span> <span class='ocrx_word' id='word_1_130' title='bbox 3579 1201 3703 1242; x_wconf 85' lang='lat' dir='ltr'><strong>esse</strong></span> 
     </span>
    </p>
   </div>
   <div class='ocr_carea' id='block_1_21' title="bbox 426 1279 2049 1381">
    <p class='ocr_par' dir='ltr' id='par_1_21' title="bbox 426 1279 2015 1381">
     <span class='ocr_line' id='line_1_21' title="bbox 426 1279 2015 1381; baseline -0.01 -14"><span class='ocrx_word' id='word_1_131' title='bbox 426 1279 616 1367; x_wconf 36' lang='lat' dir='ltr'><strong>corve?)</strong></span> <span class='ocrx_word' id='word_1_132' title='bbox 667 1310 942 1381; x_wconf 80' lang='grc' dir='ltr'>χρήσιμον</span> <span class='ocrx_word' id='word_1_133' title='bbox 993 1307 1089 1360; x_wconf 84' lang='lat' dir='ltr'><strong>ml.</strong></span> <span class='ocrx_word' id='word_1_134' title='bbox 1122 1302 1404 1375; x_wconf 80' lang='grc' dir='ltr'><strong>συμφέρον</strong></span> <span class='ocrx_word' id='word_1_135' title='bbox 1446 1301 1712 1358; x_wconf 79' lang='grc' dir='ltr'>ἑκάστοτε</span> <span class='ocrx_word' id='word_1_136' title='bbox 1755 1299 2015 1368; x_wconf 84' lang='grc' dir='ltr'>κέχρησο.</span> 
     </span>
    </p>
   </div>
   <div class='ocr_carea' id='block_1_22' title="bbox 2161 1279 3702 1381">
    <p class='ocr_par' dir='ltr' id='par_1_22' title="bbox 2161 1279 3702 1347">
     <span class='ocr_line' id='line_1_22' title="bbox 2161 1279 3702 1347; baseline -0.008 -2"><span class='ocrx_word' id='word_1_137' title='bbox 2161 1288 2479 1345; x_wconf 81' lang='lat' dir='ltr'><strong>tdieaveris.</strong></span> <span class='ocrx_word' id='word_1_138' title='bbox 2514 1288 2760 1342; x_wconf 85' lang='lat' dir='ltr'><strong>Fortuna</strong></span> <span class='ocrx_word' id='word_1_139' title='bbox 2794 1287 2840 1341; x_wconf 88' lang='lat' dir='ltr'><strong>si</strong></span> <span class='ocrx_word' id='word_1_140' title='bbox 2870 1286 3037 1341; x_wconf 82' lang='lat' dir='ltr'><strong>semel</strong></span> <span class='ocrx_word' id='word_1_141' title='bbox 3079 1284 3297 1347; x_wconf 82' lang='lat' dir='ltr'><strong>vicerit,</strong></span> <span class='ocrx_word' id='word_1_142' title='bbox 3357 1280 3560 1334; x_wconf 90' lang='lat' dir='ltr'><strong>multas</strong></span> <span class='ocrx_word' id='word_1_143' title='bbox 3598 1279 3702 1333; x_wconf 88' lang='lat' dir='ltr'><strong>ite-</strong></span> 
     </span>
    </p>
   </div>
   <div class='ocr_carea' id='block_1_23' title="bbox 425 1374 2049 1475">
    <p class='ocr_par' dir='ltr' id='par_1_23' title="bbox 425 1374 2015 1475">
     <span class='ocr_line' id='line_1_23' title="bbox 425 1374 2015 1475; baseline -0.009 -18"><span class='ocrx_word' id='word_1_144' title='bbox 425 1404 578 1475; x_wconf 83' lang='grc' dir='ltr'><strong>Τύχη</strong></span> <span class='ocrx_word' id='word_1_145' title='bbox 880 1397 1033 1462; x_wconf 71' lang='grc' dir='ltr'>ἅπαξ</span> <span class='ocrx_word' id='word_1_146' title='bbox 1065 1396 1288 1464; x_wconf 78' lang='grc' dir='ltr'>ἐνίκησε</span> <span class='ocrx_word' id='word_1_147' title='bbox 1333 1395 1429 1449; x_wconf 80' lang='grc' dir='ltr'>καὶ</span> <span class='ocrx_word' id='word_1_148' title='bbox 1470 1391 1731 1454; x_wconf 83' lang='grc' dir='ltr'><strong>πολλάκις</strong></span> <span class='ocrx_word' id='word_1_149' title='bbox 1766 1388 2015 1442; x_wconf 75' lang='grc' dir='ltr'>ἔπταισε.</span> 
     </span>
    </p>
   </div>
   <div class='ocr_carea' id='block_1_24' title="bbox 2161 1374 3705 1475">
    <p class='ocr_par' dir='ltr' id='par_1_24' title="bbox 2161 1374 3705 1448">
     <span class='ocr_line' id='line_1_24' title="bbox 2161 1374 3705 1448; baseline -0.01 -11"><span class='ocrx_word' id='word_1_150' title='bbox 2161 1398 2247 1438; x_wconf 91' lang='lat' dir='ltr'><strong>um</strong></span> <span class='ocrx_word' id='word_1_151' title='bbox 2286 1381 2619 1435; x_wconf 80' lang='lat' dir='ltr'><strong>oﬂ&#39;eusiunes</strong></span> <span class='ocrx_word' id='word_1_152' title='bbox 2671 1378 2891 1448; x_wconf 85' lang='lat' dir='ltr'><strong>accipit.</strong></span> <span class='ocrx_word' id='word_1_153' title='bbox 2947 1378 3052 1431; x_wconf 84' lang='lat' dir='ltr'><strong>Ars</strong></span> <span class='ocrx_word' id='word_1_154' title='bbox 3098 1374 3454 1445; x_wconf 88' lang='lat' dir='ltr'><strong>imperatoria</strong></span> <span class='ocrx_word' id='word_1_155' title='bbox 3499 1382 3705 1431; x_wconf 87' lang='lat' dir='ltr'><strong>autem,</strong></span> 
     </span>
    </p>
   </div>
   <div class='ocr_carea' id='block_1_25' title="bbox 427 1478 2018 1565">
    <p class='ocr_par' dir='ltr' id='par_1_25' title="bbox 427 1478 2018 1565">
     <span class='ocr_line' id='line_1_25' title="bbox 427 1478 2018 1565; baseline -0.013 -18"><span class='ocrx_word' id='word_1_156' title='bbox 427 1492 743 1565; x_wconf 86' lang='grc' dir='ltr'>Στρατηγία</span> <span class='ocrx_word' id='word_1_157' title='bbox 773 1491 829 1543; x_wconf 85' lang='grc' dir='ltr'>δὲ</span> <span class='ocrx_word' id='word_1_158' title='bbox 856 1488 1138 1558; x_wconf 66' lang='grc' dir='ltr'>διαφόροις</span> <span class='ocrx_word' id='word_1_159' title='bbox 1164 1486 1379 1554; x_wconf 80' lang='grc' dir='ltr'><strong>τέχναις</strong></span> <span class='ocrx_word' id='word_1_160' title='bbox 1402 1480 1718 1553; x_wconf 85' lang='grc' dir='ltr'>κεχρημένη</span> <span class='ocrx_word' id='word_1_161' title='bbox 1758 1478 2018 1539; x_wconf 76' lang='grc' dir='ltr'><strong>πολλάκις</strong></span> 
     </span>
    </p>
   </div>
   <div class='ocr_carea' id='block_1_26' title="bbox 432 1576 1720 1659">
    <p class='ocr_par' dir='ltr' id='par_1_26' title="bbox 432 1576 1720 1659">
     <span class='ocr_line' id='line_1_26' title="bbox 432 1576 1720 1659; baseline -0.013 -17"><span class='ocrx_word' id='word_1_162' title='bbox 432 1587 532 1659; x_wconf 81' lang='grc' dir='ltr'>μὲν</span> <span class='ocrx_word' id='word_1_163' title='bbox 571 1584 810 1654; x_wconf 83' lang='grc' dir='ltr'>ἐνίκησε,</span> <span class='ocrx_word' id='word_1_164' title='bbox 848 1582 986 1653; x_wconf 83' lang='grc' dir='ltr'>πρὸς</span> <span class='ocrx_word' id='word_1_165' title='bbox 1020 1579 1168 1646; x_wconf 75' lang='grc' dir='ltr'>ἅπαξ</span> <span class='ocrx_word' id='word_1_166' title='bbox 1201 1579 1246 1632; x_wconf 85' lang='grc' dir='ltr'>δ’</span> <span class='ocrx_word' id='word_1_167' title='bbox 1280 1576 1411 1639; x_wconf 83' lang='grc' dir='ltr'>ἴσως</span> <span class='ocrx_word' id='word_1_168' title='bbox 1440 1576 1720 1628; x_wconf 73' lang='grc' dir='ltr'>ἔπταισεν.</span> 
     </span>
    </p>
   </div>
   <div class='ocr_carea' id='block_1_27' title="bbox 504 1648 2049 1749">
    <p class='ocr_par' dir='ltr' id='par_1_27' title="bbox 504 1648 2009 1749">
     <span class='ocr_line' id='line_1_27' title="bbox 504 1648 2009 1749; baseline -0.012 -18"><span class='ocrx_word' id='word_1_169' title='bbox 504 1676 609 1749; x_wconf 83' lang='grc' dir='ltr'>ρκ’.</span> <span class='ocrx_word' id='word_1_170' title='bbox 649 1648 875 1736; x_wconf 80' lang='grc' dir='ltr'>Ὀλέσας</span> <span class='ocrx_word' id='word_1_171' title='bbox 894 1648 1017 1743; x_wconf 69' lang='grc'><strong>⁷(58)</strong></span> <span class='ocrx_word' id='word_1_172' title='bbox 1052 1687 1148 1724; x_wconf 92' lang='grc' dir='ltr'><strong>σου</strong></span> <span class='ocrx_word' id='word_1_173' title='bbox 1180 1670 1310 1732; x_wconf 86' lang='grc' dir='ltr'>τοὺς</span> <span class='ocrx_word' id='word_1_174' title='bbox 1339 1666 1712 1738; x_wconf 82' lang='grc' dir='ltr'>ὑποχειρίους,</span> <span class='ocrx_word' id='word_1_175' title='bbox 1740 1656 1785 1717; x_wconf 79' lang='grc' dir='ltr'><strong>ὦ</strong></span> <span class='ocrx_word' id='word_1_176' title='bbox 1815 1677 2009 1732; x_wconf 87' lang='grc' dir='ltr'>στρατ-</span> 
     </span>
    </p>
   </div>
   <div class='ocr_carea' id='block_1_28' title="bbox 2161 1648 3714 1749">
    <p class='ocr_par' dir='ltr' id='par_1_28' title="bbox 2200 1648 3714 1725">
     <span class='ocr_line' id='line_1_28' title="bbox 2200 1648 3714 1725; baseline -0.007 -12"><span class='ocrx_word' id='word_1_177' title='bbox 2200 1659 2325 1713; x_wconf 75' lang='grc'>120.</span> <span class='ocrx_word' id='word_1_178' title='bbox 2358 1657 2614 1712; x_wconf 71' lang='lat' dir='ltr'><strong>Pecunia:</strong></span> <span class='ocrx_word' id='word_1_179' title='bbox 2638 1656 2874 1725; x_wconf 88' lang='lat' dir='ltr'><strong>cupidus</strong></span> <span class='ocrx_word' id='word_1_180' title='bbox 2910 1654 2959 1709; x_wconf 88' lang='lat' dir='ltr'><strong>si</strong></span> <span class='ocrx_word' id='word_1_181' title='bbox 2998 1653 3188 1719; x_wconf 84' lang='lat' dir='ltr'><strong>fueris,</strong></span> <span class='ocrx_word' id='word_1_182' title='bbox 3228 1669 3338 1707; x_wconf 84' lang='lat' dir='ltr'><strong>nun</strong></span> <span class='ocrx_word' id='word_1_183' title='bbox 3395 1651 3575 1705; x_wconf 91' lang='lat' dir='ltr'><strong>solum</strong></span> <span class='ocrx_word' id='word_1_184' title='bbox 3608 1648 3714 1703; x_wconf 89' lang='lat' dir='ltr'><strong>mi-</strong></span> 
     </span>
    </p>
   </div>
   <div class='ocr_carea' id='block_1_29' title="bbox 429 1740 2049 1841">
    <p class='ocr_par' dir='ltr' id='par_1_29' title="bbox 429 1740 2013 1841">
     <span class='ocr_line' id='line_1_29' title="bbox 429 1740 2013 1841; baseline -0.013 -14"><span class='ocrx_word' id='word_1_185' title='bbox 429 1740 554 1841; x_wconf 74' lang='grc' dir='ltr'><strong>ηγέ,</strong></span> <span class='ocrx_word' id='word_1_186' title='bbox 587 1769 684 1823; x_wconf 75' lang='grc' dir='ltr'><strong>ἐὰν</strong></span> <span class='ocrx_word' id='word_1_187' title='bbox 717 1768 971 1838; x_wconf 82' lang='grc' dir='ltr'>ὑπάρχῃς</span> <span class='ocrx_word' id='word_1_188' title='bbox 998 1740 1300 1837; x_wconf 82' lang='grc' dir='ltr'>χρημάτων</span> <span class='ocrx_word' id='word_1_189' title='bbox 1340 1761 1599 1833; x_wconf 83' lang='grc' dir='ltr'>ἐραστὴς,</span> <span class='ocrx_word' id='word_1_190' title='bbox 1646 1758 1819 1813; x_wconf 84' lang='grc' dir='ltr'>καὶού</span> <span class='ocrx_word' id='word_1_191' title='bbox 1853 1756 2013 1827; x_wconf 88' lang='grc' dir='ltr'>μόνον</span> 
     </span>
    </p>
   </div>
   <div class='ocr_carea' id='block_1_30' title="bbox 2161 1740 3714 1841">
    <p class='ocr_par' dir='ltr' id='par_1_30' title="bbox 2161 1740 3714 1819">
     <span class='ocr_line' id='line_1_30' title="bbox 2161 1740 3714 1819; baseline -0.005 -15"><span class='ocrx_word' id='word_1_192' title='bbox 2161 1754 2257 1807; x_wconf 87' lang='lat' dir='ltr'><strong>ites</strong></span> <span class='ocrx_word' id='word_1_193' title='bbox 2283 1758 2409 1804; x_wconf 90' lang='lat' dir='ltr'><strong>tuos</strong></span> <span class='ocrx_word' id='word_1_194' title='bbox 2435 1747 2656 1819; x_wconf 85' lang='lat' dir='ltr'><strong>perdes,</strong></span> <span class='ocrx_word' id='word_1_195' title='bbox 2690 1757 2744 1802; x_wconf 88' lang='lat' dir='ltr'><strong>et</strong></span> <span class='ocrx_word' id='word_1_196' title='bbox 2768 1746 3072 1817; x_wconf 79' lang='lat' dir='ltr'><strong>perniciem</strong></span> <span class='ocrx_word' id='word_1_197' title='bbox 3106 1745 3381 1813; x_wconf 76' lang='lat' dir='ltr'><strong>ingentem</strong></span> <span class='ocrx_word' id='word_1_198' title='bbox 3416 1743 3528 1798; x_wconf 90' lang='lat' dir='ltr'><strong>illis</strong></span> <span class='ocrx_word' id='word_1_199' title='bbox 3582 1740 3714 1797; x_wconf 77' lang='lat' dir='ltr'><strong>aﬂ‘e—</strong></span> 
     </span>
    </p>
   </div>
   <div class='ocr_carea' id='block_1_31' title="bbox 428 1814 2049 1927">
    <p class='ocr_par' dir='ltr' id='par_1_31' title="bbox 428 1814 2021 1927">
     <span class='ocr_line' id='line_1_31' title="bbox 428 1814 2021 1927; baseline -0.009 -13"><span class='ocrx_word' id='word_1_200' title='bbox 428 1814 794 1924; x_wconf 41' lang='grc' dir='ltr'>τύϊςνοίκείοις</span> <span class='ocrx_word' id='word_1_201' title='bbox 832 1814 1437 1927; x_wconf 22' lang='grc' dir='ltr'>δλέθνρῖύςπύνπάρχείς,</span> <span class='ocrx_word' id='word_1_202' title='bbox 1477 1814 1884 1921; x_wconf 68' lang='grc' dir='ltr'>φιλοχρήματος</span> <span class='ocrx_word' id='word_1_203' title='bbox 1923 1846 2021 1914; x_wconf 83' lang='grc' dir='ltr'>ὣν,</span> 
     </span>
    </p>
   </div>
   <div class='ocr_carea' id='block_1_32' title="bbox 2161 1814 3391 1927">
    <p class='ocr_par' dir='ltr' id='par_1_32' title="bbox 2162 1835 3391 1909">
     <span class='ocr_line' id='line_1_32' title="bbox 2162 1835 3391 1909; baseline -0.008 -10"><span class='ocrx_word' id='word_1_204' title='bbox 2162 1860 2246 1909; x_wconf 89' lang='lat' dir='ltr'><strong>es,</strong></span> <span class='ocrx_word' id='word_1_205' title='bbox 2272 1841 2369 1898; x_wconf 89' lang='lat' dir='ltr'><strong>sed</strong></span> <span class='ocrx_word' id='word_1_206' title='bbox 2390 1839 2650 1895; x_wconf 89' lang='lat' dir='ltr'><strong>hostibus</strong></span> <span class='ocrx_word' id='word_1_207' title='bbox 2686 1838 2850 1893; x_wconf 89' lang='lat' dir='ltr'><strong>etiam</strong></span> <span class='ocrx_word' id='word_1_208' title='bbox 2884 1835 3223 1906; x_wconf 90' lang='lat' dir='ltr'><strong>contemptui</strong></span> <span class='ocrx_word' id='word_1_209' title='bbox 3258 1835 3391 1891; x_wconf 88' lang='lat' dir='ltr'><strong>eris.</strong></span> 
     </span>
    </p>
   </div>
   <div class='ocr_carea' id='block_1_33' title="bbox 432 1944 1884 2020">
    <p class='ocr_par' dir='ltr' id='par_1_33' title="bbox 432 1944 1884 2020">
     <span class='ocr_line' id='line_1_33' title="bbox 432 1944 1884 2020; baseline -0.008 -13"><span class='ocrx_word' id='word_1_210' title='bbox 432 1952 570 2007; x_wconf 78' lang='grc' dir='ltr'><strong>ἀλλὰ</strong></span> <span class='ocrx_word' id='word_1_211' title='bbox 589 1952 682 2007; x_wconf 74' lang='grc' dir='ltr'>καὶ</span> <span class='ocrx_word' id='word_1_212' title='bbox 711 1953 821 2014; x_wconf 76' lang='grc' dir='ltr'>τοῖς</span> <span class='ocrx_word' id='word_1_213' title='bbox 855 1948 1138 2020; x_wconf 85' lang='grc' dir='ltr'>πολεμίοις</span> <span class='ocrx_word' id='word_1_214' title='bbox 1161 1949 1367 2019; x_wconf 81' lang='grc' dir='ltr'><strong>γενήσῃ</strong></span> <span class='ocrx_word' id='word_1_215' title='bbox 1392 1944 1884 2013; x_wconf 74' lang='grc' dir='ltr'>εὐκαταφρόνητος.</span> 
     </span>
    </p>
   </div>
   <div class='ocr_carea' id='block_1_34' title="bbox 509 2033 2028 2116">
    <p class='ocr_par' dir='ltr' id='par_1_34' title="bbox 509 2033 2028 2116">
     <span class='ocr_line' id='line_1_34' title="bbox 509 2033 2028 2116; baseline -0.008 -19"><span class='ocrx_word' id='word_1_216' title='bbox 509 2049 652 2116; x_wconf 75' lang='lat' dir='ltr'><strong>pm’.</strong></span> <span class='ocrx_word' id='word_1_217' title='bbox 688 2041 981 2112; x_wconf 83' lang='grc' dir='ltr'>Νουνεχῶς</span> <span class='ocrx_word' id='word_1_218' title='bbox 1035 2037 1294 2093; x_wconf 75' lang='grc' dir='ltr'>ἐπίϐαλλε</span> <span class='ocrx_word' id='word_1_219' title='bbox 1350 2038 1447 2089; x_wconf 89' lang='lat' dir='ltr'><strong>ml.</strong></span> <span class='ocrx_word' id='word_1_220' title='bbox 1498 2036 1636 2106; x_wconf 74' lang='grc' dir='ltr'>μετὰ</span> <span class='ocrx_word' id='word_1_221' title='bbox 1680 2033 1882 2102; x_wconf 75' lang='grc' dir='ltr'>πολλῆς</span> <span class='ocrx_word' id='word_1_222' title='bbox 1940 2048 2028 2086; x_wconf 80' lang='grc' dir='ltr'>συο</span> 
     </span>
    </p>
   </div>
   <div class='ocr_carea' id='block_1_35' title="bbox 441 2123 2028 2209">
    <p class='ocr_par' dir='ltr' id='par_1_35' title="bbox 441 2123 2028 2209">
     <span class='ocr_line' id='line_1_35' title="bbox 441 2123 2028 2209; baseline -0.008 -21"><span class='ocrx_word' id='word_1_223' title='bbox 441 2136 727 2209; x_wconf 70' lang='grc' dir='ltr'>ζητήσεως</span> <span class='ocrx_word' id='word_1_224' title='bbox 754 2137 870 2198; x_wconf 85' lang='grc' dir='ltr'>τοῖς</span> <span class='ocrx_word' id='word_1_225' title='bbox 904 2132 1223 2203; x_wconf 78' lang='grc' dir='ltr'>πολεμικοῖς</span> <span class='ocrx_word' id='word_1_226' title='bbox 1254 2128 1463 2201; x_wconf 72' lang='grc' dir='ltr'>ἔργοις.</span> <span class='ocrx_word' id='word_1_227' title='bbox 1508 2128 1596 2181; x_wconf 86' lang='grc' dir='ltr'>Ἐν</span> <span class='ocrx_word' id='word_1_228' title='bbox 1636 2125 1741 2195; x_wconf 80' lang='grc' dir='ltr'>γὰρ</span> <span class='ocrx_word' id='word_1_229' title='bbox 1773 2126 1886 2187; x_wconf 88' lang='grc' dir='ltr'>τοῖς</span> <span class='ocrx_word' id='word_1_230' title='bbox 1914 2123 2028 2177; x_wconf 88' lang='grc' dir='ltr'>λοι-</span> 
     </span>
    </p>
   </div>
   <div class='ocr_carea' id='block_1_36' title="bbox 442 2213 2030 2297">
    <p class='ocr_par' dir='ltr' id='par_1_36' title="bbox 442 2213 2030 2297">
     <span class='ocr_line' id='line_1_36' title="bbox 442 2213 2030 2297; baseline -0.009 -16"><span class='ocrx_word' id='word_1_231' title='bbox 442 2230 565 2291; x_wconf 81' lang='grc' dir='ltr'>ποῖς</span> <span class='ocrx_word' id='word_1_232' title='bbox 620 2226 947 2297; x_wconf 78' lang='grc' dir='ltr'><strong>πράγμασιν</strong></span> <span class='ocrx_word' id='word_1_233' title='bbox 993 2221 1229 2284; x_wconf 79' lang='grc' dir='ltr'><strong>πταίσας</strong></span> <span class='ocrx_word' id='word_1_234' title='bbox 1283 2237 1366 2283; x_wconf 83' lang='grc' dir='ltr'><strong>τις</strong></span> <span class='ocrx_word' id='word_1_235' title='bbox 1403 2218 1543 2288; x_wconf 77' lang='grc' dir='ltr'>μετὰ</span> <span class='ocrx_word' id='word_1_236' title='bbox 1584 2217 1765 2285; x_wconf 78' lang='grc' dir='ltr'>ὀλίγον</span> <span class='ocrx_word' id='word_1_237' title='bbox 1804 2218 1934 2277; x_wconf 81' lang='grc' dir='ltr'>ίσως</span> <span class='ocrx_word' id='word_1_238' title='bbox 1968 2213 2030 2267; x_wconf 82' lang='grc' dir='ltr'>τὸ</span> 
     </span>
    </p>
   </div>
   <div class='ocr_carea' id='block_1_37' title="bbox 439 2306 2030 2389">
    <p class='ocr_par' dir='ltr' id='par_1_37' title="bbox 439 2306 2030 2389">
     <span class='ocr_line' id='line_1_37' title="bbox 439 2306 2030 2389; baseline -0.009 -14"><span class='ocrx_word' id='word_1_239' title='bbox 439 2322 693 2389; x_wconf 75' lang='grc' dir='ltr'>πταῖσμα</span> <span class='ocrx_word' id='word_1_240' title='bbox 723 2314 1216 2387; x_wconf 79' lang='grc' dir='ltr'>ἐπανορθώσασθαι</span> <span class='ocrx_word' id='word_1_241' title='bbox 1267 2311 1514 2364; x_wconf 77' lang='grc' dir='ltr'>δύναταιο</span> <span class='ocrx_word' id='word_1_242' title='bbox 1547 2312 1604 2363; x_wconf 82' lang='grc' dir='ltr'><strong>ἐν</strong></span> <span class='ocrx_word' id='word_1_243' title='bbox 1634 2309 1691 2363; x_wconf 84' lang='grc' dir='ltr'>δὲ</span> <span class='ocrx_word' id='word_1_244' title='bbox 1728 2310 1838 2371; x_wconf 86' lang='grc' dir='ltr'>τοῖς</span> <span class='ocrx_word' id='word_1_245' title='bbox 1891 2306 2030 2361; x_wconf 80' lang='grc' dir='ltr'>κατὰ</span> 
     </span>
    </p>
   </div>
   <div class='ocr_carea' id='block_1_38' title="bbox 442 2398 2029 2482">
    <p class='ocr_par' dir='ltr' id='par_1_38' title="bbox 442 2398 2029 2482">
     <span class='ocr_line' id='line_1_38' title="bbox 442 2398 2029 2482; baseline -0.009 -16"><span class='ocrx_word' id='word_1_246' title='bbox 442 2413 679 2482; x_wconf 71' lang='grc' dir='ltr'>πόλεμον</span> <span class='ocrx_word' id='word_1_247' title='bbox 710 2408 1106 2479; x_wconf 80' lang='grc' dir='ltr'><strong>ἁμαρτήμασιν</strong></span> <span class='ocrx_word' id='word_1_248' title='bbox 1135 2408 1170 2475; x_wconf 78' lang='grc' dir='ltr'>ἡ</span> <span class='ocrx_word' id='word_1_249' title='bbox 1205 2404 1379 2477; x_wconf 77' lang='grc' dir='ltr'>βλάϐη</span> <span class='ocrx_word' id='word_1_250' title='bbox 1415 2403 1568 2474; x_wconf 85' lang='grc' dir='ltr'>μένει</span> <span class='ocrx_word' id='word_1_251' title='bbox 1587 2416 1601 2431; x_wconf 82' lang='lat'><strong><em>°</em></strong></span> <span class='ocrx_word' id='word_1_252' title='bbox 1622 2403 1670 2455; x_wconf 78' lang='lat' dir='ltr'><strong>oi</strong></span> <span class='ocrx_word' id='word_1_253' title='bbox 1695 2400 1805 2470; x_wconf 78' lang='grc' dir='ltr'><strong>γὰρ</strong></span> <span class='ocrx_word' id='word_1_254' title='bbox 1832 2398 2029 2468; x_wconf 87' lang='grc' dir='ltr'>τεθνη-</span> 
     </span>
    </p>
   </div>
   <div class='ocr_carea' id='block_1_39' title="bbox 445 2502 1036 2573">
    <p class='ocr_par' dir='ltr' id='par_1_39' title="bbox 445 2502 1036 2573">
     <span class='ocr_line' id='line_1_39' title="bbox 445 2502 1036 2573; baseline -0.008 -11"><span class='ocrx_word' id='word_1_255' title='bbox 445 2507 603 2570; x_wconf 83' lang='grc' dir='ltr'>κότες</span> <span class='ocrx_word' id='word_1_256' title='bbox 637 2502 1036 2573; x_wconf 79' lang='grc' dir='ltr'>διεφθάρησαν.</span> 
     </span>
    </p>
   </div>
   <div class='ocr_carea' id='block_1_40' title="bbox 518 2585 2037 2668">
    <p class='ocr_par' dir='ltr' id='par_1_40' title="bbox 518 2585 2037 2668">
     <span class='ocr_line' id='line_1_40' title="bbox 518 2585 2037 2668; baseline -0.009 -19"><span class='ocrx_word' id='word_1_257' title='bbox 518 2596 658 2668; x_wconf 77' lang='grc' dir='ltr'>ρκβ’.</span> <span class='ocrx_word' id='word_1_258' title='bbox 689 2586 923 2663; x_wconf 79' lang='grc' dir='ltr'>Λογίζου</span> <span class='ocrx_word' id='word_1_259' title='bbox 975 2592 1068 2645; x_wconf 88' lang='lat' dir='ltr'><strong>ml.</strong></span> <span class='ocrx_word' id='word_1_260' title='bbox 1105 2589 1360 2644; x_wconf 84' lang='grc' dir='ltr'>κατανόει</span> <span class='ocrx_word' id='word_1_261' title='bbox 1388 2588 1484 2641; x_wconf 76' lang='grc' dir='ltr'>τοῦ</span> <span class='ocrx_word' id='word_1_262' title='bbox 1515 2586 1800 2658; x_wconf 84' lang='grc' dir='ltr'>άπλήκτου</span> <span class='ocrx_word' id='word_1_263' title='bbox 1842 2585 1902 2637; x_wconf 71' lang='grc' dir='ltr'><strong>τὸ</strong></span> <span class='ocrx_word' id='word_1_264' title='bbox 1928 2600 2037 2654; x_wconf 80' lang='grc' dir='ltr'>χω-</span> 
     </span>
    </p>
   </div>
   <div class='ocr_carea' id='block_1_41' title="bbox 452 2678 2032 2761">
    <p class='ocr_par' dir='ltr' id='par_1_41' title="bbox 452 2678 2032 2761">
     <span class='ocr_line' id='line_1_41' title="bbox 452 2678 2032 2761; baseline -0.009 -19"><span class='ocrx_word' id='word_1_265' title='bbox 452 2690 587 2761; x_wconf 79' lang='grc' dir='ltr'>ρίον,</span> <span class='ocrx_word' id='word_1_266' title='bbox 630 2686 675 2741; x_wconf 82' lang='grc' dir='ltr'>ὦ</span> <span class='ocrx_word' id='word_1_267' title='bbox 703 2684 998 2757; x_wconf 74' lang='grc' dir='ltr'>στρατηγέ,</span> <span class='ocrx_word' id='word_1_268' title='bbox 1036 2684 1131 2737; x_wconf 84' lang='grc' dir='ltr'><strong>ἐάν</strong></span> <span class='ocrx_word' id='word_1_269' title='bbox 1163 2682 1313 2735; x_wconf 81' lang='grc' dir='ltr'>ἐστιν</span> <span class='ocrx_word' id='word_1_270' title='bbox 1346 2678 1583 2749; x_wconf 73' lang='grc' dir='ltr'>ὑγιεινὸν</span> <span class='ocrx_word' id='word_1_271' title='bbox 1613 2679 1708 2732; x_wconf 71' lang='grc' dir='ltr'>καὶ</span> <span class='ocrx_word' id='word_1_272' title='bbox 1739 2678 2032 2747; x_wconf 87' lang='grc' dir='ltr'>σωτήριον,</span> 
     </span>
    </p>
   </div>
   <div class='ocr_carea' id='block_1_42' title="bbox 448 2768 2036 2852">
    <p class='ocr_par' dir='ltr' id='par_1_42' title="bbox 448 2768 2036 2852">
     <span class='ocr_line' id='line_1_42' title="bbox 448 2768 2036 2852; baseline -0.008 -19"><span class='ocrx_word' id='word_1_273' title='bbox 448 2780 483 2852; x_wconf 77' lang='grc' dir='ltr'><strong>ἢ</strong></span> <span class='ocrx_word' id='word_1_274' title='bbox 514 2778 758 2849; x_wconf 75' lang='grc' dir='ltr'>νοσερὸν,</span> <span class='ocrx_word' id='word_1_275' title='bbox 792 2775 889 2830; x_wconf 71' lang='lat' dir='ltr'><strong>ml.</strong></span> <span class='ocrx_word' id='word_1_276' title='bbox 911 2777 1024 2838; x_wconf 88' lang='grc' dir='ltr'>τοῖς</span> <span class='ocrx_word' id='word_1_277' title='bbox 1055 2774 1279 2837; x_wconf 73' lang='grc' dir='ltr'>οἰκείοις</span> <span class='ocrx_word' id='word_1_278' title='bbox 1321 2772 1604 2842; x_wconf 80' lang='grc' dir='ltr'>πολέμιον,</span> <span class='ocrx_word' id='word_1_279' title='bbox 1632 2770 1728 2823; x_wconf 73' lang='grc' dir='ltr'>καὶ</span> <span class='ocrx_word' id='word_1_280' title='bbox 1769 2770 1940 2832; x_wconf 82' lang='grc' dir='ltr'>αὐτὰς</span> <span class='ocrx_word' id='word_1_281' title='bbox 1980 2768 2036 2821; x_wconf 77' lang='grc' dir='ltr'>δὲ</span> 
     </span>
    </p>
   </div>
   <div class='ocr_carea' id='block_1_43' title="bbox 446 2862 2036 2941">
    <p class='ocr_par' dir='ltr' id='par_1_43' title="bbox 446 2862 2036 2941">
     <span class='ocr_line' id='line_1_43' title="bbox 446 2862 2036 2941; baseline -0.01 -14"><span class='ocrx_word' id='word_1_282' title='bbox 446 2875 545 2937; x_wconf 85' lang='grc' dir='ltr'>τὰς</span> <span class='ocrx_word' id='word_1_283' title='bbox 582 2871 923 2941; x_wconf 71' lang='grc' dir='ltr'>ἐπιτηδείους</span> <span class='ocrx_word' id='word_1_284' title='bbox 966 2866 1181 2939; x_wconf 86' lang='grc' dir='ltr'>χρείας,</span> <span class='ocrx_word' id='word_1_285' title='bbox 1219 2865 1363 2936; x_wconf 73' lang='grc' dir='ltr'>ὕδωρ</span> <span class='ocrx_word' id='word_1_286' title='bbox 1395 2863 1491 2917; x_wconf 88' lang='lat' dir='ltr'><strong>ml.</strong></span> <span class='ocrx_word' id='word_1_287' title='bbox 1522 2862 1655 2927; x_wconf 81' lang='grc' dir='ltr'>ξύλα</span> <span class='ocrx_word' id='word_1_288' title='bbox 1701 2862 1797 2915; x_wconf 73' lang='grc' dir='ltr'>καὶ</span> <span class='ocrx_word' id='word_1_289' title='bbox 1822 2863 2036 2931; x_wconf 78' lang='grc' dir='ltr'><strong>χόρτον,</strong></span> 
     </span>
    </p>
   </div>
   <div class='ocr_carea' id='block_1_44' title="bbox 451 2951 2049 3035">
    <p class='ocr_par' dir='ltr' id='par_1_44' title="bbox 451 2952 2039 3035">
     <span class='ocr_line' id='line_1_44' title="bbox 451 2952 2039 3035; baseline -0.011 -15"><span class='ocrx_word' id='word_1_290' title='bbox 451 2966 547 3019; x_wconf 80' lang='grc' dir='ltr'><strong>ἐάν</strong></span> <span class='ocrx_word' id='word_1_291' title='bbox 572 2963 802 3035; x_wconf 78' lang='grc' dir='ltr'>πλησίον</span> <span class='ocrx_word' id='word_1_292' title='bbox 831 2960 990 3015; x_wconf 86' lang='grc' dir='ltr'>εἰσίν.</span> <span class='ocrx_word' id='word_1_293' title='bbox 1028 2958 1090 3012; x_wconf 81' lang='grc' dir='ltr'><strong>Εἰ</strong></span> <span class='ocrx_word' id='word_1_294' title='bbox 1119 2960 1229 3027; x_wconf 70' lang='grc' dir='ltr'>γὰρ</span> <span class='ocrx_word' id='word_1_295' title='bbox 1261 2954 1550 3027; x_wconf 77' lang='grc' dir='ltr'>πόρρωθέν</span> <span class='ocrx_word' id='word_1_296' title='bbox 1571 2956 1732 3017; x_wconf 78' lang='grc' dir='ltr'>εἰσιν,</span> <span class='ocrx_word' id='word_1_297' title='bbox 1764 2952 2039 3022; x_wconf 86' lang='grc' dir='ltr'>δυσχερής</span> 
     </span>
    </p>
   </div>
   <div class='ocr_carea' id='block_1_45' title="bbox 2161 2951 3725 3035">
    <p class='ocr_par' dir='ltr' id='par_1_45' title="bbox 2161 2951 3725 3024">
     <span class='ocr_line' id='line_1_45' title="bbox 2161 2951 3725 3024; baseline -0.002 -14"><span class='ocrx_word' id='word_1_298' title='bbox 2161 2956 2186 3010; x_wconf 67' lang='grc' dir='ltr'><strong>εἰ</strong></span> <span class='ocrx_word' id='word_1_299' title='bbox 2218 2956 2362 3010; x_wconf 83' lang='grc' dir='ltr'>εηίιη</span> <span class='ocrx_word' id='word_1_300' title='bbox 2393 2953 2611 3008; x_wconf 90' lang='lat' dir='ltr'><strong>eminus</strong></span> <span class='ocrx_word' id='word_1_301' title='bbox 2644 2953 2873 3014; x_wconf 81' lang='lat' dir='ltr'><strong>fuerint,</strong></span> <span class='ocrx_word' id='word_1_302' title='bbox 2906 2951 3244 3022; x_wconf 76' lang='lat' dir='ltr'><strong>perdiﬂicilis</strong></span> <span class='ocrx_word' id='word_1_303' title='bbox 3276 2955 3382 3007; x_wconf 84' lang='lat' dir='ltr'><strong>erit</strong></span> <span class='ocrx_word' id='word_1_304' title='bbox 3427 2969 3725 3024; x_wconf 87' lang='lat' dir='ltr'><strong>compara-</strong></span> 
     </span>
    </p>
   </div>
   <div class='ocr_carea' id='block_1_46' title="bbox 451 3043 2049 3121">
    <p class='ocr_par' dir='ltr' id='par_1_46' title="bbox 451 3044 2040 3121">
     <span class='ocr_line' id='line_1_46' title="bbox 451 3044 2040 3121; baseline -0.01 -9"><span class='ocrx_word' id='word_1_305' title='bbox 451 3060 576 3112; x_wconf 83' lang='grc' dir='ltr'>ἐστι</span> <span class='ocrx_word' id='word_1_306' title='bbox 608 3057 699 3111; x_wconf 76' lang='grc' dir='ltr'><strong>καὶ</strong></span> <span class='ocrx_word' id='word_1_307' title='bbox 745 3053 1083 3115; x_wconf 73' lang='grc' dir='ltr'>ἐπικίνδυνος</span> <span class='ocrx_word' id='word_1_308' title='bbox 1127 3052 1161 3121; x_wconf 79' lang='grc' dir='ltr'>ἡ</span> <span class='ocrx_word' id='word_1_309' title='bbox 1204 3049 1413 3102; x_wconf 89' lang='grc' dir='ltr'>τούτων</span> <span class='ocrx_word' id='word_1_310' title='bbox 1444 3044 1770 3115; x_wconf 83' lang='grc' dir='ltr'>συγκομιδὴ,</span> <span class='ocrx_word' id='word_1_311' title='bbox 1806 3045 1901 3097; x_wconf 74' lang='grc' dir='ltr'>καὶ</span> <span class='ocrx_word' id='word_1_312' title='bbox 1934 3044 2040 3110; x_wconf 87' lang='grc' dir='ltr'>μά-</span> 
     </span>
    </p>
   </div>
   <div class='ocr_carea' id='block_1_47' title="bbox 2161 3043 3733 3121">
    <p class='ocr_par' dir='ltr' id='par_1_47' title="bbox 2161 3043 3733 3115">
     <span class='ocr_line' id='line_1_47' title="bbox 2161 3043 3733 3115; baseline 0.001 -18"><span class='ocrx_word' id='word_1_313' title='bbox 2161 3046 2244 3111; x_wconf 78' lang='lat' dir='ltr'><strong>,io,</strong></span> <span class='ocrx_word' id='word_1_314' title='bbox 2279 3044 2533 3099; x_wconf 87' lang='lat' dir='ltr'><strong>hostibus</strong></span> <span class='ocrx_word' id='word_1_315' title='bbox 2563 3043 2869 3113; x_wconf 61' lang='lat' dir='ltr'><strong>praesertim</strong></span> <span class='ocrx_word' id='word_1_316' title='bbox 2911 3044 3357 3099; x_wconf 88' lang='lat' dir='ltr'><strong>imminentibus.</strong></span> <span class='ocrx_word' id='word_1_317' title='bbox 3405 3045 3733 3115; x_wconf 83' lang='lat' dir='ltr'><strong>Collemque</strong></span> 
     </span>
    </p>
   </div>
   <div class='ocr_carea' id='block_1_48' title="bbox 450 3135 2049 3217">
    <p class='ocr_par' dir='ltr' id='par_1_48' title="bbox 450 3136 2030 3217">
     <span class='ocr_line' id='line_1_48' title="bbox 450 3136 2030 3217; baseline -0.012 -12"><span class='ocrx_word' id='word_1_318' title='bbox 450 3153 611 3206; x_wconf 88' lang='grc' dir='ltr'>λιστα</span> <span class='ocrx_word' id='word_1_319' title='bbox 666 3146 943 3217; x_wconf 86' lang='grc' dir='ltr'>πολεμίων</span> <span class='ocrx_word' id='word_1_320' title='bbox 995 3141 1382 3212; x_wconf 77' lang='grc' dir='ltr'>ἐπικειμένων.</span> <span class='ocrx_word' id='word_1_321' title='bbox 1418 3140 1529 3193; x_wconf 75' lang='grc' dir='ltr'><strong>Καὶ</strong></span> <span class='ocrx_word' id='word_1_322' title='bbox 1583 3136 1769 3209; x_wconf 81' lang='grc' dir='ltr'>βουνὸν</span> <span class='ocrx_word' id='word_1_323' title='bbox 1817 3136 1875 3187; x_wconf 86' lang='grc' dir='ltr'><strong>δέ</strong></span> <span class='ocrx_word' id='word_1_324' title='bbox 1909 3152 2030 3188; x_wconf 79' lang='grc' dir='ltr'>τινα</span> 
     </span>
    </p>
   </div>
   <div class='ocr_carea' id='block_1_49' title="bbox 2161 3135 3737 3217">
    <p class='ocr_par' dir='ltr' id='par_1_49' title="bbox 2161 3135 3737 3207">
     <span class='ocr_line' id='line_1_49' title="bbox 2161 3135 3737 3207; baseline -0.001 -15"><span class='ocrx_word' id='word_1_325' title='bbox 2161 3138 2372 3207; x_wconf 61' lang='grc' dir='ltr'><strong>ιιίψιεηι</strong></span> <span class='ocrx_word' id='word_1_326' title='bbox 2406 3150 2576 3206; x_wconf 87' lang='lat' dir='ltr'><strong>prope</strong></span> <span class='ocrx_word' id='word_1_327' title='bbox 2607 3135 2801 3191; x_wconf 84' lang='lat' dir='ltr'><strong>adesse</strong></span> <span class='ocrx_word' id='word_1_328' title='bbox 2829 3142 3083 3204; x_wconf 89' lang='lat' dir='ltr'><strong>oportet,</strong></span> <span class='ocrx_word' id='word_1_329' title='bbox 3138 3150 3302 3205; x_wconf 88' lang='lat' dir='ltr'><strong>quem</strong></span> <span class='ocrx_word' id='word_1_330' title='bbox 3369 3137 3737 3190; x_wconf 78' lang='lat' dir='ltr'><strong>conscensuri</strong></span> 
     </span>
    </p>
   </div>
   <div class='ocr_carea' id='block_1_50' title="bbox 451 3226 2049 3310">
    <p class='ocr_par' dir='ltr' id='par_1_50' title="bbox 451 3226 2041 3310">
     <span class='ocr_line' id='line_1_50' title="bbox 451 3226 2041 3310; baseline -0.011 -15"><span class='ocrx_word' id='word_1_331' title='bbox 451 3241 571 3296; x_wconf 77' lang='grc' dir='ltr'>δέον</span> <span class='ocrx_word' id='word_1_332' title='bbox 642 3235 1033 3310; x_wconf 76' lang='grc' dir='ltr'>παρακεῖσθαι,</span> <span class='ocrx_word' id='word_1_333' title='bbox 1075 3234 1182 3300; x_wconf 82' lang='grc' dir='ltr'>ἵνα,</span> <span class='ocrx_word' id='word_1_334' title='bbox 1229 3235 1277 3285; x_wconf 85' lang='grc' dir='ltr'>εἰ</span> <span class='ocrx_word' id='word_1_335' title='bbox 1319 3230 1463 3284; x_wconf 77' lang='grc' dir='ltr'>οὕτω</span> <span class='ocrx_word' id='word_1_336' title='bbox 1490 3229 1648 3303; x_wconf 80' lang='grc' dir='ltr'>τύχῃ,</span> <span class='ocrx_word' id='word_1_337' title='bbox 1712 3230 1804 3281; x_wconf 68' lang='grc' dir='ltr'>ἐπὶ</span> <span class='ocrx_word' id='word_1_338' title='bbox 1854 3226 2041 3280; x_wconf 73' lang='grc' dir='ltr'>τοῦτον</span> 
     </span>
    </p>
   </div>
   <div class='ocr_carea' id='block_1_51' title="bbox 2161 3226 3739 3310">
    <p class='ocr_par' dir='ltr' id='par_1_51' title="bbox 2161 3228 3739 3300">
     <span class='ocr_line' id='line_1_51' title="bbox 2161 3228 3739 3300; baseline -0.002 -14"><span class='ocrx_word' id='word_1_339' title='bbox 2161 3238 2304 3293; x_wconf 84' lang='grc' dir='ltr'>ευιιι,</span> <span class='ocrx_word' id='word_1_340' title='bbox 2348 3231 2670 3300; x_wconf 86' lang='lat' dir='ltr'><strong>priusquam</strong></span> <span class='ocrx_word' id='word_1_341' title='bbox 2717 3228 2996 3284; x_wconf 80' lang='lat' dir='ltr'><strong>irruentes</strong></span> <span class='ocrx_word' id='word_1_342' title='bbox 3045 3229 3234 3283; x_wconf 82' lang='lat' dir='ltr'><strong>hostes</strong></span> <span class='ocrx_word' id='word_1_343' title='bbox 3284 3244 3409 3283; x_wconf 92' lang='lat' dir='ltr'><strong>eum</strong></span> <span class='ocrx_word' id='word_1_344' title='bbox 3462 3230 3739 3299; x_wconf 85' lang='lat' dir='ltr'><strong>anticipa-</strong></span> 
     </span>
    </p>
   </div>
   <div class='ocr_carea' id='block_1_52' title="bbox 456 3319 2357 3404">
    <p class='ocr_par' dir='ltr' id='par_1_52' title="bbox 456 3319 2357 3404">
     <span class='ocr_line' id='line_1_52' title="bbox 456 3319 2357 3404; baseline -0.011 -16"><span class='ocrx_word' id='word_1_345' title='bbox 456 3332 717 3404; x_wconf 75' lang='grc' dir='ltr'>ἀνέλθῃς,</span> <span class='ocrx_word' id='word_1_346' title='bbox 755 3330 863 3401; x_wconf 75' lang='grc' dir='ltr'>πρὸ</span> <span class='ocrx_word' id='word_1_347' title='bbox 888 3328 982 3383; x_wconf 78' lang='grc' dir='ltr'>τοῦ</span> <span class='ocrx_word' id='word_1_348' title='bbox 1030 3326 1335 3397; x_wconf 74' lang='grc' dir='ltr'>φθάσαντες</span> <span class='ocrx_word' id='word_1_349' title='bbox 1374 3322 1757 3377; x_wconf 73' lang='grc' dir='ltr'>καταλάϐωσιν</span> <span class='ocrx_word' id='word_1_350' title='bbox 1790 3319 1953 3375; x_wconf 67' lang='grc' dir='ltr'>αὑτὸν</span> <span class='ocrx_word' id='word_1_351' title='bbox 1994 3320 2044 3372; x_wconf 86' lang='grc' dir='ltr'><strong>οἱ</strong></span> <span class='ocrx_word' id='word_1_352' title='bbox 2154 3322 2357 3379; x_wconf 75' lang='lat' dir='ltr'><strong>vcrim,</strong></span> 
     </span>
    </p>
   </div>
   <div class='ocr_carea' id='block_1_53' title="bbox 462 3427 737 3497">
    <p class='ocr_par' dir='ltr' id='par_1_53' title="bbox 462 3427 737 3497">
     <span class='ocr_line' id='line_1_53' title="bbox 462 3427 737 3497; baseline -0.015 -15"><span class='ocrx_word' id='word_1_353' title='bbox 462 3427 737 3497; x_wconf 85' lang='grc' dir='ltr'>πολέμιοι.</span> 
     </span>
    </p>
   </div>
   <div class='ocr_carea' id='block_1_54' title="bbox 533 3496 2042 3589">
    <p class='ocr_par' dir='ltr' id='par_1_54' title="bbox 533 3496 2042 3589">
     <span class='ocr_line' id='line_1_54' title="bbox 533 3496 2042 3589; baseline -0.012 -20"><span class='ocrx_word' id='word_1_354' title='bbox 533 3496 680 3589; x_wconf 82' lang='grc' dir='ltr'>ρκγ¹.</span> <span class='ocrx_word' id='word_1_355' title='bbox 732 3511 858 3565; x_wconf 85' lang='grc' dir='ltr'><strong>Ἐὰν</strong></span> <span class='ocrx_word' id='word_1_356' title='bbox 889 3509 1142 3579; x_wconf 85' lang='grc' dir='ltr'>πολέμιοι</span> <span class='ocrx_word' id='word_1_357' title='bbox 1159 3505 1524 3579; x_wconf 82' lang='grc' dir='ltr'>παράκεινταί</span> <span class='ocrx_word' id='word_1_358' title='bbox 1556 3520 1661 3589; x_wconf 83' lang='grc' dir='ltr'>σοι,</span> <span class='ocrx_word' id='word_1_359' title='bbox 1682 3496 1727 3555; x_wconf 79' lang='grc' dir='ltr'><strong>ὦ</strong></span> <span class='ocrx_word' id='word_1_360' title='bbox 1749 3498 2042 3571; x_wconf 69' lang='grc' dir='ltr'>στρατηγέ,</span> 
     </span>
    </p>
   </div>
   <div class='ocr_carea' id='block_1_55' title="bbox 2125 1461 3703 1543">
    <p class='ocr_par' dir='ltr' id='par_1_55' title="bbox 2125 1461 3703 1543">
     <span class='ocr_line' id='line_1_55' title="bbox 2125 1461 3703 1543; baseline -0.01 -15"><span class='ocrx_word' id='word_1_361' title='bbox 2125 1488 2246 1543; x_wconf 63' lang='lat' dir='ltr'><strong>qua:</strong></span> <span class='ocrx_word' id='word_1_362' title='bbox 2276 1471 2513 1527; x_wconf 86' lang='lat' dir='ltr'><strong>consilio</strong></span> <span class='ocrx_word' id='word_1_363' title='bbox 2566 1469 2920 1538; x_wconf 81' lang='lat' dir='ltr'><strong>artilicioque</strong></span> <span class='ocrx_word' id='word_1_364' title='bbox 2958 1466 3151 1531; x_wconf 90' lang='lat' dir='ltr'><strong>utitur,</strong></span> <span class='ocrx_word' id='word_1_365' title='bbox 3201 1477 3447 1535; x_wconf 73' lang='lat' dir='ltr'><strong>persaepe</strong></span> <span class='ocrx_word' id='word_1_366' title='bbox 3509 1461 3703 1524; x_wconf 81' lang='lat' dir='ltr'><strong>vincit,</strong></span> 
     </span>
    </p>
   </div>
   <div class='ocr_carea' id='block_1_56' title="bbox 2124 1568 3078 1634">
    <p class='ocr_par' dir='ltr' id='par_1_56' title="bbox 2124 1568 3078 1634">
     <span class='ocr_line' id='line_1_56' title="bbox 2124 1568 3078 1634; baseline -0.009 -12"><span class='ocrx_word' id='word_1_367' title='bbox 2124 1582 2273 1628; x_wconf 84' lang='lat' dir='ltr'><strong>raro,</strong></span> <span class='ocrx_word' id='word_1_368' title='bbox 2305 1575 2401 1620; x_wconf 91' lang='lat' dir='ltr'><strong>aut</strong></span> <span class='ocrx_word' id='word_1_369' title='bbox 2433 1579 2676 1634; x_wconf 87' lang='lat' dir='ltr'><strong>nunqam</strong></span> <span class='ocrx_word' id='word_1_370' title='bbox 2710 1568 3078 1632; x_wconf 72' lang='lat' dir='ltr'><strong>expugnatur.</strong></span> 
     </span>
    </p>
   </div>
   <div class='ocr_carea' id='block_1_57' title="bbox 2220 2017 3716 2091">
    <p class='ocr_par' dir='ltr' id='par_1_57' title="bbox 2220 2017 3716 2091">
     <span class='ocr_line' id='line_1_57' title="bbox 2220 2017 3716 2091; baseline -0.004 -12"><span class='ocrx_word' id='word_1_371' title='bbox 2220 2023 2345 2079; x_wconf 67' lang='lat'><strong>121.</strong></span> <span class='ocrx_word' id='word_1_372' title='bbox 2397 2024 2839 2091; x_wconf 79' lang='lat' dir='ltr'><strong>Circumspeete,</strong></span> <span class='ocrx_word' id='word_1_373' title='bbox 2900 2034 3207 2089; x_wconf 80' lang='lat' dir='ltr'><strong>magnaque</strong></span> <span class='ocrx_word' id='word_1_374' title='bbox 3256 2033 3380 2072; x_wconf 86' lang='lat' dir='ltr'><strong>eum</strong></span> <span class='ocrx_word' id='word_1_375' title='bbox 3411 2017 3716 2087; x_wconf 64' lang='lat' dir='ltr'><strong>{industria</strong></span> 
     </span>
    </p>
   </div>
   <div class='ocr_carea' id='block_1_58' title="bbox 2131 2109 3721 2186">
    <p class='ocr_par' dir='ltr' id='par_1_58' title="bbox 2131 2109 3721 2186">
     <span class='ocr_line' id='line_1_58' title="bbox 2131 2109 3721 2186; baseline -0.006 -12"><span class='ocrx_word' id='word_1_376' title='bbox 2131 2120 2334 2175; x_wconf 90' lang='lat' dir='ltr'><strong>bellum</strong></span> <span class='ocrx_word' id='word_1_377' title='bbox 2371 2115 2665 2186; x_wconf 86' lang='lat' dir='ltr'><strong>suscipias.</strong></span> <span class='ocrx_word' id='word_1_378' title='bbox 2716 2112 2852 2167; x_wconf 85' lang='lat' dir='ltr'><strong>Nam</strong></span> <span class='ocrx_word' id='word_1_379' title='bbox 2893 2112 3124 2183; x_wconf 89' lang='lat' dir='ltr'><strong>reliquis</strong></span> <span class='ocrx_word' id='word_1_380' title='bbox 3155 2114 3209 2167; x_wconf 90' lang='lat' dir='ltr'><strong>in</strong></span> <span class='ocrx_word' id='word_1_381' title='bbox 3243 2111 3429 2173; x_wconf 88' lang='lat' dir='ltr'><strong>rebus,</strong></span> <span class='ocrx_word' id='word_1_382' title='bbox 3461 2110 3509 2165; x_wconf 91' lang='lat' dir='ltr'><strong>si</strong></span> <span class='ocrx_word' id='word_1_383' title='bbox 3562 2109 3721 2164; x_wconf 84' lang='lat' dir='ltr'><strong>dam-</strong></span> 
     </span>
    </p>
   </div>
   <div class='ocr_carea' id='block_1_59' title="bbox 2132 2200 3721 2278">
    <p class='ocr_par' dir='ltr' id='par_1_59' title="bbox 2132 2200 3721 2278">
     <span class='ocr_line' id='line_1_59' title="bbox 2132 2200 3721 2278; baseline -0.008 -11"><span class='ocrx_word' id='word_1_384' title='bbox 2132 2226 2262 2267; x_wconf 88' lang='lat' dir='ltr'><strong>num</strong></span> <span class='ocrx_word' id='word_1_385' title='bbox 2302 2217 2412 2275; x_wconf 85' lang='lat' dir='ltr'><strong>est,</strong></span> <span class='ocrx_word' id='word_1_386' title='bbox 2448 2208 2767 2278; x_wconf 89' lang='lat' dir='ltr'><strong>recuperari</strong></span> <span class='ocrx_word' id='word_1_387' title='bbox 2795 2205 2958 2260; x_wconf 79' lang='lat' dir='ltr'><strong>facile</strong></span> <span class='ocrx_word' id='word_1_388' title='bbox 2990 2213 3208 2275; x_wconf 85' lang='lat' dir='ltr'><strong>potest:</strong></span> <span class='ocrx_word' id='word_1_389' title='bbox 3261 2204 3317 2257; x_wconf 91' lang='lat' dir='ltr'><strong>in</strong></span> <span class='ocrx_word' id='word_1_390' title='bbox 3364 2202 3508 2257; x_wconf 91' lang='lat' dir='ltr'><strong>bello</strong></span> <span class='ocrx_word' id='word_1_391' title='bbox 3543 2200 3721 2257; x_wconf 80' lang='lat' dir='ltr'><strong>oﬂen-</strong></span> 
     </span>
    </p>
   </div>
   <div class='ocr_carea' id='block_1_60' title="bbox 2133 2294 3721 2371">
    <p class='ocr_par' dir='ltr' id='par_1_60' title="bbox 2133 2294 3721 2371">
     <span class='ocr_line' id='line_1_60' title="bbox 2133 2294 3721 2371; baseline -0.008 -12"><span class='ocrx_word' id='word_1_392' title='bbox 2133 2304 2217 2360; x_wconf 91' lang='lat' dir='ltr'><strong>sio</strong></span> <span class='ocrx_word' id='word_1_393' title='bbox 2242 2303 2409 2359; x_wconf 83' lang='lat' dir='ltr'><strong>semel</strong></span> <span class='ocrx_word' id='word_1_394' title='bbox 2442 2308 2666 2370; x_wconf 83' lang='lat' dir='ltr'><strong>accepta</strong></span> <span class='ocrx_word' id='word_1_395' title='bbox 2699 2308 2967 2371; x_wconf 89' lang='lat' dir='ltr'><strong>perpetuo</strong></span> <span class='ocrx_word' id='word_1_396' title='bbox 2999 2303 3309 2368; x_wconf 86' lang='lat' dir='ltr'><strong>permanet,</strong></span> <span class='ocrx_word' id='word_1_397' title='bbox 3348 2294 3551 2350; x_wconf 88' lang='lat' dir='ltr'><strong>mortui</strong></span> <span class='ocrx_word' id='word_1_398' title='bbox 3574 2294 3721 2351; x_wconf 65' lang='lat' dir='ltr'><strong>enim</strong></span> 
     </span>
    </p>
   </div>
   <div class='ocr_carea' id='block_1_61' title="bbox 2133 2402 2590 2465">
    <p class='ocr_par' dir='ltr' id='par_1_61' title="bbox 2133 2402 2590 2465">
     <span class='ocr_line' id='line_1_61' title="bbox 2133 2402 2590 2465; baseline -0.009 -13"><span class='ocrx_word' id='word_1_399' title='bbox 2133 2402 2590 2465; x_wconf 80' lang='lat' dir='ltr'><strong>corrumpuntur.</strong></span> 
     </span>
    </p>
   </div>
   <div class='ocr_carea' id='block_1_62' title="bbox 2222 2588 3731 2651">
    <p class='ocr_par' dir='ltr' id='par_1_62' title="bbox 2222 2588 3731 2651">
     <span class='ocr_line' id='line_1_62' title="bbox 2222 2588 3731 2651; baseline -0.002 -5"><span class='ocrx_word' id='word_1_400' title='bbox 2222 2590 2350 2646; x_wconf 69' lang='lat'><strong>122.</strong></span> <span class='ocrx_word' id='word_1_401' title='bbox 2381 2588 2703 2651; x_wconf 84' lang='lat' dir='ltr'><strong>Castrorum</strong></span> <span class='ocrx_word' id='word_1_402' title='bbox 2728 2588 2848 2643; x_wconf 90' lang='lat' dir='ltr'><strong>loca</strong></span> <span class='ocrx_word' id='word_1_403' title='bbox 2910 2596 3092 2643; x_wconf 85' lang='lat' dir='ltr'><strong>utrum</strong></span> <span class='ocrx_word' id='word_1_404' title='bbox 3129 2602 3200 2644; x_wconf 89' lang='lat' dir='ltr'><strong>ne</strong></span> <span class='ocrx_word' id='word_1_405' title='bbox 3246 2588 3492 2643; x_wconf 86' lang='lat' dir='ltr'><strong>salubria</strong></span> <span class='ocrx_word' id='word_1_406' title='bbox 3532 2588 3643 2644; x_wconf 89' lang='lat' dir='ltr'><strong>sint</strong></span> <span class='ocrx_word' id='word_1_407' title='bbox 3674 2596 3731 2643; x_wconf 77' lang='lat' dir='ltr'><strong>et</strong></span> 
     </span>
    </p>
   </div>
   <div class='ocr_carea' id='block_1_63' title="bbox 2141 2678 3733 2749">
    <p class='ocr_par' dir='ltr' id='par_1_63' title="bbox 2141 2678 3733 2749">
     <span class='ocr_line' id='line_1_63' title="bbox 2141 2678 3733 2749; baseline -0.004 -10"><span class='ocrx_word' id='word_1_408' title='bbox 2141 2681 2429 2744; x_wconf 86' lang='lat' dir='ltr'><strong>salutaria,</strong></span> <span class='ocrx_word' id='word_1_409' title='bbox 2460 2696 2528 2735; x_wconf 89' lang='lat' dir='ltr'><strong>an</strong></span> <span class='ocrx_word' id='word_1_410' title='bbox 2553 2680 2807 2735; x_wconf 85' lang='lat' dir='ltr'><strong>morbida</strong></span> <span class='ocrx_word' id='word_1_411' title='bbox 2869 2689 2924 2735; x_wconf 85' lang='lat' dir='ltr'><strong>et</strong></span> <span class='ocrx_word' id='word_1_412' title='bbox 2984 2678 3209 2745; x_wconf 79' lang='lat' dir='ltr'><strong>infesta,</strong></span> <span class='ocrx_word' id='word_1_413' title='bbox 3261 2679 3556 2749; x_wconf 84' lang='lat' dir='ltr'><strong>diligenter</strong></span> <span class='ocrx_word' id='word_1_414' title='bbox 3597 2695 3733 2733; x_wconf 65' lang='lat' dir='ltr'><strong>cono</strong></span> 
     </span>
    </p>
   </div>
   <div class='ocr_carea' id='block_1_64' title="bbox 2144 2769 3734 2839">
    <p class='ocr_par' dir='ltr' id='par_1_64' title="bbox 2144 2769 3734 2839">
     <span class='ocr_line' id='line_1_64' title="bbox 2144 2769 3734 2839; baseline -0.004 -8"><span class='ocrx_word' id='word_1_415' title='bbox 2144 2772 2497 2831; x_wconf 80' lang='lat' dir='ltr'><strong>siderandum</strong></span> <span class='ocrx_word' id='word_1_416' title='bbox 2551 2779 2660 2835; x_wconf 91' lang='grc' dir='ltr'>εει,</span> <span class='ocrx_word' id='word_1_417' title='bbox 2728 2780 2784 2825; x_wconf 86' lang='grc' dir='ltr'><strong>ει</strong></span> <span class='ocrx_word' id='word_1_418' title='bbox 2822 2786 2954 2825; x_wconf 90' lang='lat' dir='ltr'><strong>num</strong></span> <span class='ocrx_word' id='word_1_419' title='bbox 3011 2785 3101 2825; x_wconf 85' lang='lat' dir='ltr'><strong>res</strong></span> <span class='ocrx_word' id='word_1_420' title='bbox 3164 2770 3521 2833; x_wconf 64' lang='lat' dir='ltr'><strong>necessariae,</strong></span> <span class='ocrx_word' id='word_1_421' title='bbox 3572 2769 3734 2839; x_wconf 78' lang='lat' dir='ltr'><strong>cujus</strong></span> 
     </span>
    </p>
   </div>
   <div class='ocr_carea' id='block_1_65' title="bbox 2144 2861 3731 2935">
    <p class='ocr_par' dir='ltr' id='par_1_65' title="bbox 2144 2861 3731 2935">
     <span class='ocr_line' id='line_1_65' title="bbox 2144 2861 3731 2935; baseline -0.001 -16"><span class='ocrx_word' id='word_1_422' title='bbox 2144 2864 2362 2935; x_wconf 80' lang='lat' dir='ltr'><strong>generis</strong></span> <span class='ocrx_word' id='word_1_423' title='bbox 2402 2871 2555 2927; x_wconf 89' lang='lat' dir='ltr'><strong>sunt,</strong></span> <span class='ocrx_word' id='word_1_424' title='bbox 2624 2878 2787 2931; x_wconf 84' lang='lat' dir='ltr'><strong>aqua,</strong></span> <span class='ocrx_word' id='word_1_425' title='bbox 2827 2862 3057 2933; x_wconf 76' lang='lat' dir='ltr'><strong>lignum,</strong></span> <span class='ocrx_word' id='word_1_426' title='bbox 3096 2861 3309 2928; x_wconf 80' lang='lat' dir='ltr'><strong>fenum,</strong></span> <span class='ocrx_word' id='word_1_427' title='bbox 3356 2877 3527 2932; x_wconf 85' lang='lat' dir='ltr'><strong>prope</strong></span> <span class='ocrx_word' id='word_1_428' title='bbox 3584 2862 3731 2917; x_wconf 90' lang='lat' dir='ltr'><strong>sint:</strong></span> 
     </span>
    </p>
   </div>
   <div class='ocr_carea' id='block_1_66' title="bbox 2232 3518 3740 3584">
    <p class='ocr_par' dir='ltr' id='par_1_66' title="bbox 2232 3518 3740 3584">
     <span class='ocr_line' id='line_1_66' title="bbox 2232 3518 3740 3584; baseline 0 -9"><span class='ocrx_word' id='word_1_429' title='bbox 2232 3520 2356 3575; x_wconf 72' lang='lat'><strong>123.</strong></span> <span class='ocrx_word' id='word_1_430' title='bbox 2390 3518 2445 3573; x_wconf 91' lang='lat' dir='ltr'><strong>Si</strong></span> <span class='ocrx_word' id='word_1_431' title='bbox 2470 3518 2663 3574; x_wconf 90' lang='lat' dir='ltr'><strong>hostes</strong></span> <span class='ocrx_word' id='word_1_432' title='bbox 2690 3518 3037 3584; x_wconf 82' lang='lat' dir='ltr'><strong>immineant,</strong></span> <span class='ocrx_word' id='word_1_433' title='bbox 3063 3526 3116 3574; x_wconf 91' lang='lat' dir='ltr'><strong>et</strong></span> <span class='ocrx_word' id='word_1_434' title='bbox 3138 3518 3494 3575; x_wconf 88' lang='lat' dir='ltr'><strong>simulaveris</strong></span> <span class='ocrx_word' id='word_1_435' title='bbox 3528 3527 3579 3574; x_wconf 90' lang='lat' dir='ltr'><strong>te</strong></span> <span class='ocrx_word' id='word_1_436' title='bbox 3606 3534 3740 3575; x_wconf 86' lang='lat' dir='ltr'><strong>eon-</strong></span> 
     </span>
    </p>
   </div>
   <div class='ocr_carea' id='block_1_67' title="bbox 462 3588 2043 3679">
    <p class='ocr_par' dir='ltr' id='par_1_67' title="bbox 462 3588 2043 3679">
     <span class='ocr_line' id='line_1_67' title="bbox 462 3588 2043 3679; baseline -0.014 -16"><span class='ocrx_word' id='word_1_437' title='bbox 462 3588 559 3665; x_wconf 66' lang='grc' dir='ltr'>καλ</span> <span class='ocrx_word' id='word_1_438' title='bbox 582 3604 960 3679; x_wconf 77' lang='grc' dir='ltr'>προσποιηθῇς</span> <span class='ocrx_word' id='word_1_439' title='bbox 985 3603 1119 3673; x_wconf 83' lang='grc' dir='ltr'>πρὸς</span> <span class='ocrx_word' id='word_1_440' title='bbox 1145 3600 1344 3663; x_wconf 74' lang='grc' dir='ltr'>αὐτοὺς</span> <span class='ocrx_word' id='word_1_441' title='bbox 1370 3596 1588 3651; x_wconf 81' lang='grc' dir='ltr'>ἐναντία</span> <span class='ocrx_word' id='word_1_442' title='bbox 1610 3588 1684 3649; x_wconf 80' lang='grc' dir='ltr'>ὧν</span> <span class='ocrx_word' id='word_1_443' title='bbox 1707 3591 2043 3657; x_wconf 77' lang='grc' dir='ltr'>ἐλπίζουσιν,</span> 
     </span>
    </p>
   </div>
   <div class='ocr_carea' id='block_1_68' title="bbox 461 3685 2052 3771">
    <p class='ocr_par' dir='ltr' id='par_1_68' title="bbox 461 3685 2052 3771">
     <span class='ocr_line' id='line_1_68' title="bbox 461 3685 2052 3771; baseline -0.014 -16"><span class='ocrx_word' id='word_1_444' title='bbox 461 3701 523 3755; x_wconf 82' lang='grc' dir='ltr'><strong>ού</strong></span> <span class='ocrx_word' id='word_1_445' title='bbox 565 3697 738 3771; x_wconf 83' lang='grc' dir='ltr'>μικρά</span> <span class='ocrx_word' id='word_1_446' title='bbox 768 3695 1092 3766; x_wconf 76' lang='grc' dir='ltr'>ὠφελήσεις.</span> <span class='ocrx_word' id='word_1_447' title='bbox 1137 3691 1306 3756; x_wconf 80' lang='grc' dir='ltr'>Δόξας</span> <span class='ocrx_word' id='word_1_448' title='bbox 1360 3690 1468 3759; x_wconf 87' lang='grc' dir='ltr'>γὰρ</span> <span class='ocrx_word' id='word_1_449' title='bbox 1494 3687 1665 3740; x_wconf 83' lang='grc' dir='ltr'>ἐνίοτε</span> <span class='ocrx_word' id='word_1_450' title='bbox 1693 3685 1914 3754; x_wconf 88' lang='grc' dir='ltr'>χάρακα</span> <span class='ocrx_word' id='word_1_451' title='bbox 1945 3698 2052 3747; x_wconf 72' lang='grc' dir='ltr'>πη-</span> 
     </span>
    </p>
   </div>
   <div class='ocr_carea' id='block_1_69' title="bbox 463 3768 2052 3861">
    <p class='ocr_par' dir='ltr' id='par_1_69' title="bbox 463 3768 2052 3861">
     <span class='ocr_line' id='line_1_69' title="bbox 463 3768 2052 3861; baseline -0.016 -17"><span class='ocrx_word' id='word_1_452' title='bbox 463 3768 750 3861; x_wconf 77' lang='grc' dir='ltr'>γνύειν,ἥ</span> <span class='ocrx_word' id='word_1_453' title='bbox 812 3784 1002 3854; x_wconf 83' lang='grc' dir='ltr'>έτερόν</span> <span class='ocrx_word' id='word_1_454' title='bbox 1058 3799 1111 3834; x_wconf 88' lang='grc' dir='ltr'>τι</span> <span class='ocrx_word' id='word_1_455' title='bbox 1169 3777 1401 3832; x_wconf 81' lang='grc' dir='ltr'>κυκλοῦν</span> <span class='ocrx_word' id='word_1_456' title='bbox 1461 3774 1747 3845; x_wconf 85' lang='grc' dir='ltr'>ὀχύρωμα,</span> <span class='ocrx_word' id='word_1_457' title='bbox 1810 3770 1904 3823; x_wconf 74' lang='grc' dir='ltr'>καὶ</span> <span class='ocrx_word' id='word_1_458' title='bbox 1965 3768 2052 3819; x_wconf 79' lang='grc' dir='ltr'>διὰ</span> 
     </span>
    </p>
   </div>
   <div class='ocr_carea' id='block_1_70' title="bbox 465 3860 2053 3948">
    <p class='ocr_par' dir='ltr' id='par_1_70' title="bbox 465 3860 2053 3948">
     <span class='ocr_line' id='line_1_70' title="bbox 465 3860 2053 3948; baseline -0.016 -13"><span class='ocrx_word' id='word_1_459' title='bbox 465 3880 722 3948; x_wconf 83' lang='grc' dir='ltr'>τοιαύτης</span> <span class='ocrx_word' id='word_1_460' title='bbox 776 3876 935 3945; x_wconf 80' lang='grc' dir='ltr'>δόξης</span> <span class='ocrx_word' id='word_1_461' title='bbox 982 3875 1059 3936; x_wconf 81' lang='grc' dir='ltr'><strong>είς</strong></span> <span class='ocrx_word' id='word_1_462' title='bbox 1113 3871 1303 3942; x_wconf 73' lang='grc' dir='ltr'>ὁμοίαν</span> <span class='ocrx_word' id='word_1_463' title='bbox 1350 3869 1549 3939; x_wconf 78' lang='grc' dir='ltr'>πρᾶξιν</span> <span class='ocrx_word' id='word_1_464' title='bbox 1606 3866 1730 3927; x_wconf 82' lang='grc' dir='ltr'>τοὺς</span> <span class='ocrx_word' id='word_1_465' title='bbox 1777 3860 2053 3920; x_wconf 76' lang='grc' dir='ltr'>ἐναντίους</span> 
     </span>
    </p>
   </div>
   <div class='ocr_carea' id='block_1_71' title="bbox 466 3951 2051 4042">
    <p class='ocr_par' dir='ltr' id='par_1_71' title="bbox 466 3951 2051 4042">
     <span class='ocr_line' id='line_1_71' title="bbox 466 3951 2051 4042; baseline -0.015 -18"><span class='ocrx_word' id='word_1_466' title='bbox 466 3969 855 4042; x_wconf 75' lang='grc' dir='ltr'>παρορμήσας,</span> <span class='ocrx_word' id='word_1_467' title='bbox 892 3965 1119 4018; x_wconf 76' lang='grc' dir='ltr'>δύνασαι</span> <span class='ocrx_word' id='word_1_468' title='bbox 1175 3956 1608 4027; x_wconf 85' lang='grc' dir='ltr'>συντεταγμένος</span> <span class='ocrx_word' id='word_1_469' title='bbox 1640 3953 1803 4015; x_wconf 82' lang='grc' dir='ltr'>αὐτὸς</span> <span class='ocrx_word' id='word_1_470' title='bbox 1832 3951 2051 4003; x_wconf 84' lang='grc' dir='ltr'>διασκε-</span> 
     </span>
    </p>
   </div>
   <div class='ocr_carea' id='block_1_72' title="bbox 469 4043 2054 4131">
    <p class='ocr_par' dir='ltr' id='par_1_72' title="bbox 469 4043 2054 4131">
     <span class='ocr_line' id='line_1_72' title="bbox 469 4043 2054 4131; baseline -0.015 -16"><span class='ocrx_word' id='word_1_471' title='bbox 469 4061 759 4131; x_wconf 69' lang='grc' dir='ltr'>δασμένοις</span> <span class='ocrx_word' id='word_1_472' title='bbox 790 4058 1020 4119; x_wconf 70' lang='grc' dir='ltr'>ἐκείνοις</span> <span class='ocrx_word' id='word_1_473' title='bbox 1056 4055 1135 4117; x_wconf 81' lang='grc' dir='ltr'><strong>είς</strong></span> <span class='ocrx_word' id='word_1_474' title='bbox 1169 4054 1237 4106; x_wconf 77' lang='grc' dir='ltr'><strong>τά</strong></span> <span class='ocrx_word' id='word_1_475' title='bbox 1261 4050 1547 4120; x_wconf 85' lang='grc' dir='ltr'>ἐπιτήδεια</span> <span class='ocrx_word' id='word_1_476' title='bbox 1595 4046 1878 4114; x_wconf 83' lang='grc' dir='ltr'>συντόμως</span> <span class='ocrx_word' id='word_1_477' title='bbox 1929 4043 2054 4094; x_wconf 79' lang='grc' dir='ltr'>ἐπι-</span> 
     </span>
    </p>
   </div>
   <div class='ocr_carea' id='block_1_73' title="bbox 473 4134 2054 4223">
    <p class='ocr_par' dir='ltr' id='par_1_73' title="bbox 473 4134 2054 4223">
     <span class='ocr_line' id='line_1_73' title="bbox 473 4134 2054 4223; baseline -0.015 -15"><span class='ocrx_word' id='word_1_478' title='bbox 473 4153 685 4216; x_wconf 77' lang='grc' dir='ltr'>πεσεῖν,</span> <span class='ocrx_word' id='word_1_479' title='bbox 721 4152 756 4223; x_wconf 82' lang='grc' dir='ltr'><strong>ἢ</strong></span> <span class='ocrx_word' id='word_1_480' title='bbox 786 4150 881 4203; x_wconf 82' lang='grc' dir='ltr'><strong>ἐὰν</strong></span> <span class='ocrx_word' id='word_1_481' title='bbox 912 4148 1010 4202; x_wconf 79' lang='lat' dir='ltr'><strong>ml.</strong></span> <span class='ocrx_word' id='word_1_482' title='bbox 1046 4145 1203 4199; x_wconf 78' lang='grc' dir='ltr'>τοῦτο</span> <span class='ocrx_word' id='word_1_483' title='bbox 1238 4141 1420 4213; x_wconf 74' lang='grc' dir='ltr'>συμϐῇ</span> <span class='ocrx_word' id='word_1_484' title='bbox 1453 4144 1515 4194; x_wconf 86' lang='grc' dir='ltr'><strong>ἐκ</strong></span> <span class='ocrx_word' id='word_1_485' title='bbox 1546 4139 1725 4193; x_wconf 87' lang='grc' dir='ltr'>τόπων</span> <span class='ocrx_word' id='word_1_486' title='bbox 1775 4134 2054 4207; x_wconf 79' lang='grc' dir='ltr'>δυσχερῶν</span> 
     </span>
    </p>
   </div>
   <div class='ocr_carea' id='block_1_74' title="bbox 474 4234 1567 4309">
    <p class='ocr_par' dir='ltr' id='par_1_74' title="bbox 474 4234 1567 4309">
     <span class='ocr_line' id='line_1_74' title="bbox 474 4234 1567 4309; baseline -0.015 -10"><span class='ocrx_word' id='word_1_487' title='bbox 474 4243 774 4305; x_wconf 82' lang='grc' dir='ltr'>ἀκινδύνως</span> <span class='ocrx_word' id='word_1_488' title='bbox 804 4240 1106 4309; x_wconf 69' lang='grc' dir='ltr'>ἄπαγάγῃς</span> <span class='ocrx_word' id='word_1_489' title='bbox 1147 4236 1208 4289; x_wconf 85' lang='grc' dir='ltr'>τὸ</span> <span class='ocrx_word' id='word_1_490' title='bbox 1230 4234 1567 4305; x_wconf 86' lang='grc' dir='ltr'>στράτευμα.</span> 
     </span>
    </p>
   </div>
   <div class='ocr_carea' id='block_1_75' title="bbox 552 4320 2059 4407">
    <p class='ocr_par' dir='ltr' id='par_1_75' title="bbox 552 4320 2059 4407">
     <span class='ocr_line' id='line_1_75' title="bbox 552 4320 2059 4407; baseline -0.015 -16"><span class='ocrx_word' id='word_1_491' title='bbox 552 4336 685 4407; x_wconf 88' lang='grc' dir='ltr'>ρκδ’.</span> <span class='ocrx_word' id='word_1_492' title='bbox 724 4336 935 4405; x_wconf 81' lang='grc' dir='ltr'>Ὥσπερ</span> <span class='ocrx_word' id='word_1_493' title='bbox 966 4330 1173 4399; x_wconf 82' lang='grc' dir='ltr'>ἀγαθὸν</span> <span class='ocrx_word' id='word_1_494' title='bbox 1194 4326 1521 4396; x_wconf 77' lang='grc' dir='ltr'>παλαιστὴν,</span> <span class='ocrx_word' id='word_1_495' title='bbox 1551 4322 1723 4385; x_wconf 72' lang='grc' dir='ltr'>οὕτως</span> <span class='ocrx_word' id='word_1_496' title='bbox 1752 4321 1835 4375; x_wconf 86' lang='grc' dir='ltr'><strong>δεῖ</strong></span> <span class='ocrx_word' id='word_1_497' title='bbox 1863 4320 1921 4372; x_wconf 82' lang='grc' dir='ltr'>ὲν</span> <span class='ocrx_word' id='word_1_498' title='bbox 1939 4320 2059 4380; x_wconf 77' lang='grc' dir='ltr'>ταῖς</span> 
     </span>
    </p>
   </div>
   <div class='ocr_carea' id='block_1_76' title="bbox 478 4411 2059 4503">
    <p class='ocr_par' dir='ltr' id='par_1_76' title="bbox 478 4411 2059 4503">
     <span class='ocr_line' id='line_1_76' title="bbox 478 4411 2059 4503; baseline -0.014 -18"><span class='ocrx_word' id='word_1_499' title='bbox 478 4429 715 4503; x_wconf 77' lang='grc' dir='ltr'>πράξεσι</span> <span class='ocrx_word' id='word_1_500' title='bbox 741 4428 833 4481; x_wconf 85' lang='grc' dir='ltr'>τὸν</span> <span class='ocrx_word' id='word_1_501' title='bbox 872 4424 1178 4497; x_wconf 84' lang='grc' dir='ltr'>στρατηγὸν</span> <span class='ocrx_word' id='word_1_502' title='bbox 1204 4419 1470 4476; x_wconf 87' lang='grc' dir='ltr'>δεικνύειν</span> <span class='ocrx_word' id='word_1_503' title='bbox 1513 4418 1612 4488; x_wconf 82' lang='grc' dir='ltr'>μὲν</span> <span class='ocrx_word' id='word_1_504' title='bbox 1636 4417 1722 4469; x_wconf 77' lang='grc' dir='ltr'>ἒτε</span> <span class='ocrx_word' id='word_1_505' title='bbox 1734 4431 1821 4485; x_wconf 83' lang='grc' dir='ltr'><strong>ρα,</strong></span> <span class='ocrx_word' id='word_1_506' title='bbox 1848 4414 1941 4466; x_wconf 74' lang='grc' dir='ltr'>καὶ</span> <span class='ocrx_word' id='word_1_507' title='bbox 1973 4411 2059 4464; x_wconf 73' lang='grc' dir='ltr'><strong>διά</strong></span> 
     </span>
    </p>
   </div>
   <div class='ocr_carea' id='block_1_77' title="bbox 2164 3609 3741 3682">
    <p class='ocr_par' dir='ltr' id='par_1_77' title="bbox 2164 3609 3741 3682">
     <span class='ocr_line' id='line_1_77' title="bbox 2164 3609 3741 3682; baseline -0.002 -16"><span class='ocrx_word' id='word_1_508' title='bbox 2164 3613 2331 3667; x_wconf 84' lang='lat' dir='ltr'><strong>traria</strong></span> <span class='ocrx_word' id='word_1_509' title='bbox 2364 3626 2581 3677; x_wconf 88' lang='lat' dir='ltr'><strong>eorum,</strong></span> <span class='ocrx_word' id='word_1_510' title='bbox 2617 3626 2739 3680; x_wconf 72' lang='lat' dir='ltr'><strong>qure</strong></span> <span class='ocrx_word' id='word_1_511' title='bbox 2776 3609 3026 3664; x_wconf 79' lang='lat' dir='ltr'><strong>facturus</strong></span> <span class='ocrx_word' id='word_1_512' title='bbox 3049 3611 3127 3666; x_wconf 91' lang='lat' dir='ltr'><strong>sis</strong></span> <span class='ocrx_word' id='word_1_513' title='bbox 3165 3609 3369 3672; x_wconf 81' lang='lat' dir='ltr'><strong>facere,</strong></span> <span class='ocrx_word' id='word_1_514' title='bbox 3414 3626 3521 3664; x_wconf 88' lang='lat' dir='ltr'><strong>non</strong></span> <span class='ocrx_word' id='word_1_515' title='bbox 3548 3626 3741 3682; x_wconf 89' lang='lat' dir='ltr'><strong>parutn</strong></span> 
     </span>
    </p>
   </div>
   <div class='ocr_carea' id='block_1_78' title="bbox 2162 3701 3746 3774">
    <p class='ocr_par' dir='ltr' id='par_1_78' title="bbox 2162 3701 3746 3774">
     <span class='ocr_line' id='line_1_78' title="bbox 2162 3701 3746 3774; baseline -0.003 -15"><span class='ocrx_word' id='word_1_516' title='bbox 2162 3705 2260 3760; x_wconf 89' lang='lat' dir='ltr'><strong>tibi</strong></span> <span class='ocrx_word' id='word_1_517' title='bbox 2294 3704 2398 3774; x_wconf 91' lang='lat' dir='ltr'><strong>ipsi</strong></span> <span class='ocrx_word' id='word_1_518' title='bbox 2443 3702 2714 3773; x_wconf 79' lang='lat' dir='ltr'><strong>proderis.</strong></span> <span class='ocrx_word' id='word_1_519' title='bbox 2754 3701 2889 3756; x_wconf 81' lang='lat' dir='ltr'><strong>Nam</strong></span> <span class='ocrx_word' id='word_1_520' title='bbox 2934 3702 2979 3758; x_wconf 88' lang='lat' dir='ltr'><strong>si</strong></span> <span class='ocrx_word' id='word_1_521' title='bbox 3034 3702 3276 3757; x_wconf 86' lang='lat' dir='ltr'><strong>videaris</strong></span> <span class='ocrx_word' id='word_1_522' title='bbox 3336 3702 3615 3757; x_wconf 89' lang='lat' dir='ltr'><strong>interdum</strong></span> <span class='ocrx_word' id='word_1_523' title='bbox 3662 3702 3746 3756; x_wconf 83' lang='lat' dir='ltr'><strong>vel</strong></span> 
     </span>
    </p>
   </div>
   <div class='ocr_carea' id='block_1_79' title="bbox 2164 3795 3747 3865">
    <p class='ocr_par' dir='ltr' id='par_1_79' title="bbox 2164 3795 3747 3865">
     <span class='ocr_line' id='line_1_79' title="bbox 2164 3795 3747 3865; baseline -0.003 -15"><span class='ocrx_word' id='word_1_524' title='bbox 2164 3799 2367 3852; x_wconf 86' lang='lat' dir='ltr'><strong>vallum</strong></span> <span class='ocrx_word' id='word_1_525' title='bbox 2407 3798 2635 3860; x_wconf 84' lang='lat' dir='ltr'><strong>ducere,</strong></span> <span class='ocrx_word' id='word_1_526' title='bbox 2672 3796 2755 3849; x_wconf 87' lang='lat' dir='ltr'><strong>vel</strong></span> <span class='ocrx_word' id='word_1_527' title='bbox 2782 3797 2947 3849; x_wconf 82' lang='lat' dir='ltr'><strong>aliam</strong></span> <span class='ocrx_word' id='word_1_528' title='bbox 3005 3795 3321 3865; x_wconf 88' lang='lat' dir='ltr'><strong>quampiam</strong></span> <span class='ocrx_word' id='word_1_529' title='bbox 3382 3796 3747 3850; x_wconf 87' lang='lat' dir='ltr'><strong>munitionem</strong></span> 
     </span>
    </p>
   </div>
   <div class='ocr_carea' id='block_1_80' title="bbox 2165 3884 3747 3949">
    <p class='ocr_par' dir='ltr' id='par_1_80' title="bbox 2165 3884 3747 3949">
     <span class='ocr_line' id='line_1_80' title="bbox 2165 3884 3747 3949; baseline -0.003 -6"><span class='ocrx_word' id='word_1_530' title='bbox 2165 3896 2479 3949; x_wconf 80' lang='lat' dir='ltr'><strong>exstruere,</strong></span> <span class='ocrx_word' id='word_1_531' title='bbox 2521 3893 2575 3941; x_wconf 85' lang='lat' dir='ltr'><strong>et</strong></span> <span class='ocrx_word' id='word_1_532' title='bbox 2612 3884 2707 3938; x_wconf 90' lang='lat' dir='ltr'><strong>tali</strong></span> <span class='ocrx_word' id='word_1_533' title='bbox 2770 3894 2970 3939; x_wconf 87' lang='lat' dir='ltr'><strong>conatu</strong></span> <span class='ocrx_word' id='word_1_534' title='bbox 3032 3893 3127 3939; x_wconf 92' lang='lat' dir='ltr'><strong>tuo</strong></span> <span class='ocrx_word' id='word_1_535' title='bbox 3184 3886 3251 3938; x_wconf 89' lang='lat' dir='ltr'><strong>ad</strong></span> <span class='ocrx_word' id='word_1_536' title='bbox 3300 3884 3479 3939; x_wconf 91' lang='lat' dir='ltr'><strong>simile</strong></span> <span class='ocrx_word' id='word_1_537' title='bbox 3545 3884 3747 3939; x_wconf 83' lang='lat' dir='ltr'><strong>factum</strong></span> 
     </span>
    </p>
   </div>
   <div class='ocr_carea' id='block_1_81' title="bbox 2166 3973 3750 4045">
    <p class='ocr_par' dir='ltr' id='par_1_81' title="bbox 2166 3973 3750 4045">
     <span class='ocr_line' id='line_1_81' title="bbox 2166 3973 3750 4045; baseline -0.003 -11"><span class='ocrx_word' id='word_1_538' title='bbox 2166 3974 2582 4045; x_wconf 90' lang='lat' dir='ltr'><strong>suscipiendum</strong></span> <span class='ocrx_word' id='word_1_539' title='bbox 2608 3975 2797 4030; x_wconf 87' lang='lat' dir='ltr'><strong>hostes</strong></span> <span class='ocrx_word' id='word_1_540' title='bbox 2850 3973 3229 4043; x_wconf 87' lang='lat' dir='ltr'><strong>impellantur,</strong></span> <span class='ocrx_word' id='word_1_541' title='bbox 3281 3974 3489 4043; x_wconf 90' lang='lat' dir='ltr'><strong>poteris</strong></span> <span class='ocrx_word' id='word_1_542' title='bbox 3539 3974 3750 4029; x_wconf 87' lang='lat' dir='ltr'><strong>instru-</strong></span> 
     </span>
    </p>
   </div>
   <div class='ocr_carea' id='block_1_82' title="bbox 2167 4066 3748 4138">
    <p class='ocr_par' dir='ltr' id='par_1_82' title="bbox 2167 4066 3748 4138">
     <span class='ocr_line' id='line_1_82' title="bbox 2167 4066 3748 4138; baseline -0.002 -12"><span class='ocrx_word' id='word_1_543' title='bbox 2167 4082 2289 4127; x_wconf 91' lang='lat' dir='ltr'><strong>ctus</strong></span> <span class='ocrx_word' id='word_1_544' title='bbox 2326 4071 2378 4125; x_wconf 90' lang='lat' dir='ltr'><strong>in</strong></span> <span class='ocrx_word' id='word_1_545' title='bbox 2409 4068 2706 4138; x_wconf 87' lang='lat' dir='ltr'><strong>dissipatos</strong></span> <span class='ocrx_word' id='word_1_546' title='bbox 2749 4067 2874 4123; x_wconf 91' lang='lat' dir='ltr'><strong>illos</strong></span> <span class='ocrx_word' id='word_1_547' title='bbox 2927 4074 3093 4136; x_wconf 87' lang='lat' dir='ltr'><strong>atque</strong></span> <span class='ocrx_word' id='word_1_548' title='bbox 3151 4067 3307 4136; x_wconf 90' lang='lat' dir='ltr'><strong>operi</strong></span> <span class='ocrx_word' id='word_1_549' title='bbox 3366 4066 3605 4122; x_wconf 86' lang='lat' dir='ltr'><strong>intentos</strong></span> <span class='ocrx_word' id='word_1_550' title='bbox 3660 4084 3748 4124; x_wconf 86' lang='lat' dir='ltr'><strong>se-</strong></span> 
     </span>
    </p>
   </div>
   <div class='ocr_carea' id='block_1_83' title="bbox 2168 4158 3754 4231">
    <p class='ocr_par' dir='ltr' id='par_1_83' title="bbox 2168 4158 3754 4231">
     <span class='ocr_line' id='line_1_83' title="bbox 2168 4158 3754 4231; baseline -0.003 -12"><span class='ocrx_word' id='word_1_551' title='bbox 2168 4177 2301 4218; x_wconf 90' lang='lat' dir='ltr'><strong>cure</strong></span> <span class='ocrx_word' id='word_1_552' title='bbox 2344 4162 2577 4224; x_wconf 89' lang='lat' dir='ltr'><strong>irruere,</strong></span> <span class='ocrx_word' id='word_1_553' title='bbox 2620 4159 2727 4222; x_wconf 87' lang='lat' dir='ltr'><strong>vel,</strong></span> <span class='ocrx_word' id='word_1_554' title='bbox 2755 4159 2798 4211; x_wconf 86' lang='lat' dir='ltr'><strong>si</strong></span> <span class='ocrx_word' id='word_1_555' title='bbox 2832 4160 2880 4211; x_wconf 88' lang='lat' dir='ltr'><strong>id</strong></span> <span class='ocrx_word' id='word_1_556' title='bbox 2908 4172 3135 4213; x_wconf 89' lang='lat' dir='ltr'><strong>necesse</strong></span> <span class='ocrx_word' id='word_1_557' title='bbox 3168 4166 3272 4221; x_wconf 89' lang='lat' dir='ltr'><strong>est,</strong></span> <span class='ocrx_word' id='word_1_558' title='bbox 3308 4174 3373 4212; x_wconf 79' lang='lat' dir='ltr'><strong>ex</strong></span> <span class='ocrx_word' id='word_1_559' title='bbox 3412 4158 3548 4215; x_wconf 89' lang='lat' dir='ltr'><strong>locis</strong></span> <span class='ocrx_word' id='word_1_560' title='bbox 3590 4174 3754 4231; x_wconf 83' lang='lat' dir='ltr'><strong>aspe-</strong></span> 
     </span>
    </p>
   </div>
   <div class='ocr_carea' id='block_1_84' title="bbox 2168 4251 3359 4321">
    <p class='ocr_par' dir='ltr' id='par_1_84' title="bbox 2168 4251 3359 4321">
     <span class='ocr_line' id='line_1_84' title="bbox 2168 4251 3359 4321; baseline -0.005 -10"><span class='ocrx_word' id='word_1_561' title='bbox 2168 4256 2245 4311; x_wconf 89' lang='lat' dir='ltr'><strong>ris</strong></span> <span class='ocrx_word' id='word_1_562' title='bbox 2304 4252 2726 4321; x_wconf 80' lang='lat' dir='ltr'><strong>diﬂicilibusque</strong></span> <span class='ocrx_word' id='word_1_563' title='bbox 2757 4251 3060 4305; x_wconf 81' lang='lat' dir='ltr'><strong>exercitum</strong></span> <span class='ocrx_word' id='word_1_564' title='bbox 3100 4251 3359 4305; x_wconf 87' lang='lat' dir='ltr'><strong>educere.</strong></span> 
     </span>
    </p>
   </div>
   <div class='ocr_carea' id='block_1_85' title="bbox 2245 4342 3757 4413">
    <p class='ocr_par' dir='ltr' id='par_1_85' title="bbox 2245 4342 3757 4413">
     <span class='ocr_line' id='line_1_85' title="bbox 2245 4342 3757 4413; baseline -0.003 -11"><span class='ocrx_word' id='word_1_565' title='bbox 2245 4348 2368 4403; x_wconf 62' lang='lat'><strong>121.</strong></span> <span class='ocrx_word' id='word_1_566' title='bbox 2397 4342 2872 4413; x_wconf 87' lang='lat' dir='ltr'><strong>Quemadmodum</strong></span> <span class='ocrx_word' id='word_1_567' title='bbox 2901 4343 3107 4397; x_wconf 91' lang='lat' dir='ltr'><strong>bonum</strong></span> <span class='ocrx_word' id='word_1_568' title='bbox 3150 4342 3515 4408; x_wconf 79' lang='lat' dir='ltr'><strong>luctatorem,</strong></span> <span class='ocrx_word' id='word_1_569' title='bbox 3551 4342 3623 4395; x_wconf 88' lang='lat' dir='ltr'><strong>ita</strong></span> <span class='ocrx_word' id='word_1_570' title='bbox 3659 4343 3757 4398; x_wconf 76' lang='lat' dir='ltr'><strong>ho-</strong></span> 
     </span>
    </p>
   </div>
   <div class='ocr_carea' id='block_1_86' title="bbox 2172 4433 3757 4509">
    <p class='ocr_par' dir='ltr' id='par_1_86' title="bbox 2172 4433 3757 4509">
     <span class='ocr_line' id='line_1_86' title="bbox 2172 4433 3757 4509; baseline -0.003 -15"><span class='ocrx_word' id='word_1_571' title='bbox 2172 4456 2301 4495; x_wconf 91' lang='lat' dir='ltr'><strong>num</strong></span> <span class='ocrx_word' id='word_1_572' title='bbox 2332 4439 2721 4509; x_wconf 88' lang='lat' dir='ltr'><strong>imperatorem</strong></span> <span class='ocrx_word' id='word_1_573' title='bbox 2746 4451 2842 4503; x_wconf 88' lang='lat' dir='ltr'><strong>par</strong></span> <span class='ocrx_word' id='word_1_574' title='bbox 2865 4446 2948 4489; x_wconf 90' lang='lat' dir='ltr'><strong>est</strong></span> <span class='ocrx_word' id='word_1_575' title='bbox 2980 4434 3086 4487; x_wconf 80' lang='lat' dir='ltr'><strong>alia</strong></span> <span class='ocrx_word' id='word_1_576' title='bbox 3119 4449 3231 4507; x_wconf 67' lang='lat' dir='ltr'><strong>pra:</strong></span> <span class='ocrx_word' id='word_1_577' title='bbox 3267 4450 3326 4489; x_wconf 91' lang='lat' dir='ltr'><strong>se</strong></span> <span class='ocrx_word' id='word_1_578' title='bbox 3359 4433 3527 4498; x_wconf 76' lang='lat' dir='ltr'><strong>ferre,</strong></span> <span class='ocrx_word' id='word_1_579' title='bbox 3552 4444 3606 4488; x_wconf 88' lang='lat' dir='ltr'><strong>et</strong></span> <span class='ocrx_word' id='word_1_580' title='bbox 3630 4434 3757 4490; x_wconf 88' lang='lat' dir='ltr'><strong>aliis</strong></span> 
     </span>
    </p>
   </div>
   <div class='ocr_carea' id='block_1_87' title="bbox 477 4485 2049 4597">
    <p class='ocr_par' dir='ltr' id='par_1_87' title="bbox 477 4503 2049 4590">
     <span class='ocr_line' id='line_1_87' title="bbox 477 4503 2049 4590; baseline -0.013 -14"><span class='ocrx_word' id='word_1_581' title='bbox 477 4522 684 4576; x_wconf 77' lang='grc' dir='ltr'>τούτοιν</span> <span class='ocrx_word' id='word_1_582' title='bbox 715 4518 1015 4590; x_wconf 83' lang='grc' dir='ltr'>πειρᾶσθαι</span> <span class='ocrx_word' id='word_1_583' title='bbox 1045 4518 1172 4579; x_wconf 82' lang='grc' dir='ltr'>τοὺς</span> <span class='ocrx_word' id='word_1_584' title='bbox 1199 4514 1478 4576; x_wconf 86' lang='grc' dir='ltr'>ἐναντίους</span> <span class='ocrx_word' id='word_1_585' title='bbox 1518 4510 1824 4578; x_wconf 80' lang='grc' dir='ltr'>ἐξαπατᾷν,</span> <span class='ocrx_word' id='word_1_586' title='bbox 1857 4503 2049 4576; x_wconf 83' lang='grc' dir='ltr'>κεχρῆ·</span> 
     </span>
    </p>
   </div>
   <div class='ocr_carea' id='block_1_88' title="bbox 2161 4485 3753 4597">
    <p class='ocr_par' dir='ltr' id='par_1_88' title="bbox 2173 4485 3753 4597">
     <span class='ocr_line' id='line_1_88' title="bbox 2173 4485 3749 4509; baseline -0.004 -13"><span class='ocrx_word' id='word_1_587' title='bbox 2746 4485 2833 4503; x_wconf 52' lang='grc' dir='ltr'><strong>ρ-</strong></span> <span class='ocrx_word' id='word_1_588' title='bbox 2873 4485 2947 4489; x_wconf 64' lang='grc' dir='ltr'><strong>η-</strong></span> <span class='ocrx_word' id='word_1_589' title='bbox 3119 4485 3227 4507; x_wconf 56' lang='grc' dir='ltr'><strong>ε---</strong></span> <span class='ocrx_word' id='word_1_590' title='bbox 3268 4485 3321 4489; x_wconf 81' lang='lat'><strong>-_</strong></span> <span class='ocrx_word' id='word_1_591' title='bbox 3485 4485 3527 4498; x_wconf 41' lang='grc' dir='ltr'>γ,</span> <span class='ocrx_word' id='word_1_592' title='bbox 3559 4485 3602 4488; x_wconf 83' lang='lat'><strong>_-</strong></span> 
     </span>
     <span class='ocr_line' id='line_1_89' title="bbox 2182 4526 3753 4597; baseline -0.005 -10"><span class='ocrx_word' id='word_1_593' title='bbox 2182 4531 2359 4587; x_wconf 87' lang='lat' dir='ltr'><strong>modis</strong></span> <span class='ocrx_word' id='word_1_594' title='bbox 2387 4529 2583 4585; x_wconf 88' lang='lat' dir='ltr'><strong>conari</strong></span> <span class='ocrx_word' id='word_1_595' title='bbox 2631 4527 2822 4583; x_wconf 90' lang='lat' dir='ltr'><strong>hostes</strong></span> <span class='ocrx_word' id='word_1_596' title='bbox 2861 4527 3136 4597; x_wconf 79' lang='lat' dir='ltr'><strong>decipere,</strong></span> <span class='ocrx_word' id='word_1_597' title='bbox 3173 4537 3227 4581; x_wconf 90' lang='lat' dir='ltr'><strong>et</strong></span> <span class='ocrx_word' id='word_1_598' title='bbox 3264 4526 3334 4581; x_wconf 92' lang='lat' dir='ltr'><strong>iis</strong></span> <span class='ocrx_word' id='word_1_599' title='bbox 3364 4542 3483 4595; x_wconf 64' lang='lat' dir='ltr'><strong>qua!</strong></span> <span class='ocrx_word' id='word_1_600' title='bbox 3523 4527 3753 4595; x_wconf 88' lang='lat' dir='ltr'><strong>tempori</strong></span> 
     </span>
    </p>
   </div>
   <div class='ocr_carea' id='block_1_89' title="bbox 482 4595 2071 4681">
    <p class='ocr_par' dir='ltr' id='par_1_89' title="bbox 482 4595 2071 4681">
     <span class='ocr_line' id='line_1_90' title="bbox 482 4595 2071 4681; baseline -0.013 -13"><span class='ocrx_word' id='word_1_601' title='bbox 482 4614 608 4669; x_wconf 85' lang='grc' dir='ltr'>σθαι</span> <span class='ocrx_word' id='word_1_602' title='bbox 657 4612 714 4666; x_wconf 78' lang='grc' dir='ltr'>δὲ</span> <span class='ocrx_word' id='word_1_603' title='bbox 744 4613 857 4675; x_wconf 84' lang='grc' dir='ltr'>τοῖς</span> <span class='ocrx_word' id='word_1_604' title='bbox 902 4608 1203 4681; x_wconf 80' lang='grc' dir='ltr'>ἁρμόζουσι</span> <span class='ocrx_word' id='word_1_605' title='bbox 1239 4604 1315 4675; x_wconf 77' lang='grc' dir='ltr'>τῷ</span> <span class='ocrx_word' id='word_1_606' title='bbox 1351 4602 1550 4674; x_wconf 81' lang='grc' dir='ltr'>καιρῷ,</span> <span class='ocrx_word' id='word_1_607' title='bbox 1584 4602 1679 4655; x_wconf 89' lang='lat' dir='ltr'><strong>ml.</strong></span> <span class='ocrx_word' id='word_1_608' title='bbox 1731 4595 1811 4663; x_wconf 73' lang='grc' dir='ltr'><strong>οἷς</strong></span> <span class='ocrx_word' id='word_1_609' title='bbox 1866 4598 1932 4652; x_wconf 81' lang='grc' dir='ltr'>ἂν</span> <span class='ocrx_word' id='word_1_610' title='bbox 1961 4597 2071 4649; x_wconf 80' lang='grc' dir='ltr'>τῶν</span> 
     </span>
    </p>
   </div>
   <div class='ocr_carea' id='block_1_90' title="bbox 485 4700 1451 4779">
    <p class='ocr_par' dir='ltr' id='par_1_90' title="bbox 485 4700 1451 4779">
     <span class='ocr_line' id='line_1_91' title="bbox 485 4700 1451 4779; baseline -0.013 -18"><span class='ocrx_word' id='word_1_611' title='bbox 485 4706 810 4779; x_wconf 78' lang='grc' dir='ltr'>μαχομένων</span> <span class='ocrx_word' id='word_1_612' title='bbox 840 4700 1116 4772; x_wconf 86' lang='grc' dir='ltr'>πολεμίων</span> <span class='ocrx_word' id='word_1_613' title='bbox 1148 4700 1451 4770; x_wconf 77' lang='grc' dir='ltr'>κρατήσῃς.</span> 
     </span>
    </p>
   </div>
   <div class='ocr_carea' id='block_1_91' title="bbox 557 4783 2067 4872">
    <p class='ocr_par' dir='ltr' id='par_1_91' title="bbox 557 4783 2067 4872">
     <span class='ocr_line' id='line_1_92' title="bbox 557 4783 2067 4872; baseline -0.015 -17"><span class='ocrx_word' id='word_1_614' title='bbox 557 4805 690 4872; x_wconf 86' lang='grc' dir='ltr'>ρκε’.</span> <span class='ocrx_word' id='word_1_615' title='bbox 728 4797 905 4867; x_wconf 81' lang='grc' dir='ltr'>Νίκης</span> <span class='ocrx_word' id='word_1_616' title='bbox 940 4794 1036 4849; x_wconf 87' lang='lat' dir='ltr'><strong>ml.</strong></span> <span class='ocrx_word' id='word_1_617' title='bbox 1065 4794 1237 4865; x_wconf 61' lang='grc' dir='ltr'><strong>⁴ἣττης</strong></span> <span class='ocrx_word' id='word_1_618' title='bbox 1266 4788 1596 4861; x_wconf 76' lang='grc' dir='ltr'>ἀμφοτέρων</span> <span class='ocrx_word' id='word_1_619' title='bbox 1625 4786 1683 4838; x_wconf 88' lang='grc' dir='ltr'><strong>ἐν</strong></span> <span class='ocrx_word' id='word_1_620' title='bbox 1732 4783 1915 4855; x_wconf 82' lang='grc' dir='ltr'>ἀδήλῳ</span> <span class='ocrx_word' id='word_1_621' title='bbox 1949 4797 2067 4834; x_wconf 70' lang='grc' dir='ltr'>κει-</span> 
     </span>
    </p>
   </div>
   <div class='ocr_carea' id='block_1_92' title="bbox 489 4872 2069 4964">
    <p class='ocr_par' dir='ltr' id='par_1_92' title="bbox 489 4872 2069 4964">
     <span class='ocr_line' id='line_1_93' title="bbox 489 4872 2069 4964; baseline -0.014 -18"><span class='ocrx_word' id='word_1_622' title='bbox 489 4891 698 4964; x_wconf 83' lang='grc' dir='ltr'>μένων,</span> <span class='ocrx_word' id='word_1_623' title='bbox 736 4889 957 4962; x_wconf 82' lang='grc' dir='ltr'>ᾶριστος</span> <span class='ocrx_word' id='word_1_624' title='bbox 995 4888 1090 4940; x_wconf 88' lang='lat' dir='ltr'><strong>ml.</strong></span> <span class='ocrx_word' id='word_1_625' title='bbox 1123 4884 1285 4955; x_wconf 82' lang='grc' dir='ltr'>σοφὸς</span> <span class='ocrx_word' id='word_1_626' title='bbox 1315 4880 1620 4952; x_wconf 81' lang='grc' dir='ltr'>λογισθήσῃ</span> <span class='ocrx_word' id='word_1_627' title='bbox 1642 4878 1943 4948; x_wconf 78' lang='grc' dir='ltr'>στρατηγὸς</span> <span class='ocrx_word' id='word_1_628' title='bbox 1974 4872 2069 4925; x_wconf 87' lang='lat' dir='ltr'><strong>ml.</strong></span> 
     </span>
    </p>
   </div>
   <div class='ocr_carea' id='block_1_93' title="bbox 489 4966 2069 5053">
    <p class='ocr_par' dir='ltr' id='par_1_93' title="bbox 489 4966 2069 5053">
     <span class='ocr_line' id='line_1_94' title="bbox 489 4966 2069 5053; baseline -0.012 -14"><span class='ocrx_word' id='word_1_629' title='bbox 489 4988 546 5039; x_wconf 83' lang='grc' dir='ltr'><strong>ἐν</strong></span> <span class='ocrx_word' id='word_1_630' title='bbox 601 4982 858 5053; x_wconf 81' lang='grc' dir='ltr'>πολέμοις</span> <span class='ocrx_word' id='word_1_631' title='bbox 914 4979 1010 5032; x_wconf 70' lang='grc' dir='ltr'>καὶ</span> <span class='ocrx_word' id='word_1_632' title='bbox 1060 4981 1119 5031; x_wconf 81' lang='grc' dir='ltr'><strong>ἐν</strong></span> <span class='ocrx_word' id='word_1_633' title='bbox 1169 4977 1320 5049; x_wconf 78' lang='grc' dir='ltr'>πάσῃ</span> <span class='ocrx_word' id='word_1_634' title='bbox 1381 4991 1477 5027; x_wconf 85' lang='grc' dir='ltr'><strong>σου</strong></span> <span class='ocrx_word' id='word_1_635' title='bbox 1522 4971 1645 5025; x_wconf 88' lang='grc' dir='ltr'>κατ’</span> <span class='ocrx_word' id='word_1_636' title='bbox 1701 4968 1911 5039; x_wconf 80' lang='grc' dir='ltr'>ἐχθρῶν</span> <span class='ocrx_word' id='word_1_637' title='bbox 1956 4966 2069 5033; x_wconf 72' lang='lat'><strong>(59)</strong></span> 
     </span>
    </p>
   </div>
   <div class='ocr_carea' id='block_1_94' title="bbox 489 5058 2073 5149">
    <p class='ocr_par' dir='ltr' id='par_1_94' title="bbox 489 5058 2073 5149">
     <span class='ocr_line' id='line_1_95' title="bbox 489 5058 2073 5149; baseline -0.013 -19"><span class='ocrx_word' id='word_1_638' title='bbox 489 5078 824 5149; x_wconf 75' lang='grc' dir='ltr'>ἐγχειρήσει,</span> <span class='ocrx_word' id='word_1_639' title='bbox 859 5073 954 5125; x_wconf 80' lang='grc' dir='ltr'>ἐὰν</span> <span class='ocrx_word' id='word_1_640' title='bbox 999 5070 1135 5143; x_wconf 79' lang='grc' dir='ltr'>πρὸς</span> <span class='ocrx_word' id='word_1_641' title='bbox 1173 5066 1433 5137; x_wconf 74' lang='grc' dir='ltr'>δευτέραν</span> <span class='ocrx_word' id='word_1_642' title='bbox 1476 5064 1650 5135; x_wconf 82' lang='grc' dir='ltr'>τύχην</span> <span class='ocrx_word' id='word_1_643' title='bbox 1693 5061 1788 5115; x_wconf 85' lang='lat' dir='ltr'><strong>ml.</strong></span> <span class='ocrx_word' id='word_1_644' title='bbox 1822 5058 2073 5113; x_wconf 82' lang='grc' dir='ltr'>ἐναντίαν</span> 
     </span>
    </p>
   </div>
   <div class='ocr_carea' id='block_1_95' title="bbox 493 5149 2076 5233">
    <p class='ocr_par' dir='ltr' id='par_1_95' title="bbox 493 5149 2076 5233">
     <span class='ocr_line' id='line_1_96' title="bbox 493 5149 2076 5233; baseline -0.015 -9"><span class='ocrx_word' id='word_1_645' title='bbox 493 5170 724 5223; x_wconf 78' lang='grc' dir='ltr'>ἔκϐασιν</span> <span class='ocrx_word' id='word_1_646' title='bbox 777 5165 1115 5233; x_wconf 71' lang='grc' dir='ltr'>άποὸλέπῃς,</span> <span class='ocrx_word' id='word_1_647' title='bbox 1166 5165 1261 5215; x_wconf 76' lang='grc' dir='ltr'>καὶ</span> <span class='ocrx_word' id='word_1_648' title='bbox 1312 5160 1388 5222; x_wconf 84' lang='grc' dir='ltr'>ὡς</span> <span class='ocrx_word' id='word_1_649' title='bbox 1435 5158 1607 5227; x_wconf 80' lang='grc' dir='ltr'>αὐτῆς</span> <span class='ocrx_word' id='word_1_650' title='bbox 1660 5152 1944 5225; x_wconf 81' lang='grc' dir='ltr'>παρούσης</span> <span class='ocrx_word' id='word_1_651' title='bbox 2007 5149 2076 5202; x_wconf 81' lang='grc' dir='ltr'>τὰ</span> 
     </span>
    </p>
   </div>
   <div class='ocr_carea' id='block_1_96' title="bbox 491 5244 2076 5330">
    <p class='ocr_par' dir='ltr' id='par_1_96' title="bbox 491 5244 2076 5330">
     <span class='ocr_line' id='line_1_97' title="bbox 491 5244 2076 5330; baseline -0.013 -14"><span class='ocrx_word' id='word_1_652' title='bbox 491 5262 678 5315; x_wconf 79' lang='grc' dir='ltr'>δέοντα</span> <span class='ocrx_word' id='word_1_653' title='bbox 708 5259 838 5330; x_wconf 76' lang='grc' dir='ltr'>περὶ</span> <span class='ocrx_word' id='word_1_654' title='bbox 877 5258 1046 5326; x_wconf 83' lang='grc' dir='ltr'>αὐτῆς</span> <span class='ocrx_word' id='word_1_655' title='bbox 1078 5254 1404 5324; x_wconf 75' lang='grc' dir='ltr'>προνοήσῃς.</span> <span class='ocrx_word' id='word_1_656' title='bbox 1438 5248 1621 5324; x_wconf 77' lang='grc' dir='ltr'>[Ἐάν]</span> <span class='ocrx_word' id='word_1_657' title='bbox 1656 5248 1763 5318; x_wconf 88' lang='grc' dir='ltr'><strong>γάρ</strong></span> <span class='ocrx_word' id='word_1_658' title='bbox 1795 5264 1846 5299; x_wconf 91' lang='grc' dir='ltr'>τι</span> <span class='ocrx_word' id='word_1_659' title='bbox 1894 5244 2076 5315; x_wconf 77' lang='grc' dir='ltr'>συμϐῇ</span> 
     </span>
    </p>
   </div>
   <div class='ocr_carea' id='block_1_97' title="bbox 495 5336 1936 5421">
    <p class='ocr_par' dir='ltr' id='par_1_97' title="bbox 495 5336 1936 5421">
     <span class='ocr_line' id='line_1_98' title="bbox 495 5336 1936 5421; baseline -0.013 -15"><span class='ocrx_word' id='word_1_660' title='bbox 495 5352 759 5419; x_wconf 77' lang='grc' dir='ltr'>ἐναντίον,</span> <span class='ocrx_word' id='word_1_661' title='bbox 793 5351 1010 5421; x_wconf 76' lang='grc' dir='ltr'>ἕτοιμος</span> <span class='ocrx_word' id='word_1_662' title='bbox 1037 5345 1173 5416; x_wconf 74' lang='grc' dir='ltr'>πρὸς</span> <span class='ocrx_word' id='word_1_663' title='bbox 1197 5343 1293 5415; x_wconf 79' lang='grc' dir='ltr'>τὴν</span> <span class='ocrx_word' id='word_1_664' title='bbox 1329 5338 1606 5410; x_wconf 82' lang='grc' dir='ltr'>σωτηρίαν</span> <span class='ocrx_word' id='word_1_665' title='bbox 1639 5336 1936 5409; x_wconf 80' lang='grc' dir='ltr'>εύρεθὴσῃ.</span> 
     </span>
    </p>
   </div>
   <div class='ocr_carea' id='block_1_98' title="bbox 2180 4612 3755 4686">
    <p class='ocr_par' dir='ltr' id='par_1_98' title="bbox 2180 4612 3755 4686">
     <span class='ocr_line' id='line_1_99' title="bbox 2180 4612 3755 4686; baseline -0.006 -9"><span class='ocrx_word' id='word_1_666' title='bbox 2180 4622 2419 4677; x_wconf 75' lang='lat' dir='ltr'><strong>maxime</strong></span> <span class='ocrx_word' id='word_1_667' title='bbox 2440 4620 2638 4676; x_wconf 85' lang='lat' dir='ltr'><strong>idonea</strong></span> <span class='ocrx_word' id='word_1_668' title='bbox 2673 4630 2805 4675; x_wconf 89' lang='lat' dir='ltr'><strong>sunt</strong></span> <span class='ocrx_word' id='word_1_669' title='bbox 2850 4617 2951 4683; x_wconf 90' lang='lat' dir='ltr'><strong>uti,</strong></span> <span class='ocrx_word' id='word_1_670' title='bbox 2988 4615 3191 4686; x_wconf 89' lang='lat' dir='ltr'><strong>quibus</strong></span> <span class='ocrx_word' id='word_1_671' title='bbox 3252 4615 3440 4669; x_wconf 87' lang='lat' dir='ltr'><strong>hostes</strong></span> <span class='ocrx_word' id='word_1_672' title='bbox 3489 4612 3638 4681; x_wconf 89' lang='lat' dir='ltr'><strong>ipsos</strong></span> <span class='ocrx_word' id='word_1_673' title='bbox 3659 4628 3755 4668; x_wconf 89' lang='lat' dir='ltr'><strong>su-</strong></span> 
     </span>
    </p>
   </div>
   <div class='ocr_carea' id='block_1_99' title="bbox 2182 4714 2611 4787">
    <p class='ocr_par' dir='ltr' id='par_1_99' title="bbox 2182 4714 2611 4787">
     <span class='ocr_line' id='line_1_100' title="bbox 2182 4714 2611 4787; baseline 0 -17"><span class='ocrx_word' id='word_1_674' title='bbox 2182 4730 2374 4787; x_wconf 89' lang='lat' dir='ltr'><strong>perare</strong></span> <span class='ocrx_word' id='word_1_675' title='bbox 2405 4714 2611 4784; x_wconf 80' lang='lat' dir='ltr'><strong>possis.</strong></span> 
     </span>
    </p>
   </div>
   <div class='ocr_carea' id='block_1_100' title="bbox 2253 4794 3760 4865">
    <p class='ocr_par' dir='ltr' id='par_1_100' title="bbox 2253 4794 3760 4865">
     <span class='ocr_line' id='line_1_101' title="bbox 2253 4794 3760 4865; baseline -0.007 -4"><span class='ocrx_word' id='word_1_676' title='bbox 2253 4805 2377 4861; x_wconf 68' lang='grc'>125.</span> <span class='ocrx_word' id='word_1_677' title='bbox 2428 4804 2565 4861; x_wconf 87' lang='lat' dir='ltr'><strong>Cum</strong></span> <span class='ocrx_word' id='word_1_678' title='bbox 2634 4801 2904 4865; x_wconf 85' lang='lat' dir='ltr'><strong>victoria,</strong></span> <span class='ocrx_word' id='word_1_679' title='bbox 2935 4808 2989 4854; x_wconf 90' lang='lat' dir='ltr'><strong>et</strong></span> <span class='ocrx_word' id='word_1_680' title='bbox 3018 4796 3249 4853; x_wconf 78' lang='lat' dir='ltr'><strong>oll‘ensio</strong></span> <span class='ocrx_word' id='word_1_681' title='bbox 3294 4794 3349 4850; x_wconf 91' lang='lat' dir='ltr'><strong>in</strong></span> <span class='ocrx_word' id='word_1_682' title='bbox 3404 4796 3616 4849; x_wconf 78' lang='lat' dir='ltr'><strong>incerto</strong></span> <span class='ocrx_word' id='word_1_683' title='bbox 3668 4807 3760 4862; x_wconf 89' lang='lat' dir='ltr'><strong>po-</strong></span> 
     </span>
    </p>
   </div>
   <div class='ocr_carea' id='block_1_101' title="bbox 2180 4887 3765 4970">
    <p class='ocr_par' dir='ltr' id='par_1_101' title="bbox 2180 4887 3765 4970">
     <span class='ocr_line' id='line_1_102' title="bbox 2180 4887 3765 4970; baseline -0.01 -14"><span class='ocrx_word' id='word_1_684' title='bbox 2180 4911 2401 4961; x_wconf 84' lang='lat' dir='ltr'><strong>nantur,</strong></span> <span class='ocrx_word' id='word_1_685' title='bbox 2428 4900 2673 4970; x_wconf 87' lang='lat' dir='ltr'><strong>optimus</strong></span> <span class='ocrx_word' id='word_1_686' title='bbox 2728 4903 2783 4950; x_wconf 84' lang='lat' dir='ltr'><strong>et</strong></span> <span class='ocrx_word' id='word_1_687' title='bbox 2825 4891 3291 4963; x_wconf 87' lang='lat' dir='ltr'><strong>prudentissimus</strong></span> <span class='ocrx_word' id='word_1_688' title='bbox 3341 4888 3639 4958; x_wconf 87' lang='lat' dir='ltr'><strong>imperator</strong></span> <span class='ocrx_word' id='word_1_689' title='bbox 3668 4887 3765 4941; x_wconf 84' lang='lat' dir='ltr'><strong>ba-</strong></span> 
     </span>
    </p>
   </div>
   <div class='ocr_carea' id='block_1_102' title="bbox 2180 4982 3764 5061">
    <p class='ocr_par' dir='ltr' id='par_1_102' title="bbox 2180 4982 3764 5061">
     <span class='ocr_line' id='line_1_103' title="bbox 2180 4982 3764 5061; baseline -0.012 -11"><span class='ocrx_word' id='word_1_690' title='bbox 2180 4992 2393 5050; x_wconf 88' lang='lat' dir='ltr'><strong>bendus</strong></span> <span class='ocrx_word' id='word_1_691' title='bbox 2422 5000 2529 5057; x_wconf 89' lang='lat' dir='ltr'><strong>est,</strong></span> <span class='ocrx_word' id='word_1_692' title='bbox 2562 4990 2651 5061; x_wconf 92' lang='lat' dir='ltr'><strong>qui</strong></span> <span class='ocrx_word' id='word_1_693' title='bbox 2698 4988 2752 5042; x_wconf 91' lang='lat' dir='ltr'><strong>in</strong></span> <span class='ocrx_word' id='word_1_694' title='bbox 2792 4986 2933 5041; x_wconf 89' lang='lat' dir='ltr'><strong>bello</strong></span> <span class='ocrx_word' id='word_1_695' title='bbox 2993 4992 3048 5039; x_wconf 89' lang='lat' dir='ltr'><strong>et</strong></span> <span class='ocrx_word' id='word_1_696' title='bbox 3098 4983 3355 5038; x_wconf 86' lang='lat' dir='ltr'><strong>omnibus</strong></span> <span class='ocrx_word' id='word_1_697' title='bbox 3406 4982 3647 5037; x_wconf 87' lang='lat' dir='ltr'><strong>hostium</strong></span> <span class='ocrx_word' id='word_1_698' title='bbox 3679 4994 3764 5049; x_wconf 79' lang='lat' dir='ltr'><strong>ag-</strong></span> 
     </span>
    </p>
   </div>
   <div class='ocr_carea' id='block_1_103' title="bbox 2180 5071 3767 5157">
    <p class='ocr_par' dir='ltr' id='par_1_103' title="bbox 2180 5071 3767 5157">
     <span class='ocr_line' id='line_1_104' title="bbox 2180 5071 3767 5157; baseline -0.01 -19"><span class='ocrx_word' id='word_1_699' title='bbox 2180 5083 2585 5157; x_wconf 82' lang='lat' dir='ltr'><strong>gressiouibus,</strong></span> <span class='ocrx_word' id='word_1_700' title='bbox 2614 5094 2678 5134; x_wconf 87' lang='lat' dir='ltr'><strong>ea</strong></span> <span class='ocrx_word' id='word_1_701' title='bbox 2718 5093 2839 5148; x_wconf 73' lang='lat' dir='ltr'><strong>qua:</strong></span> <span class='ocrx_word' id='word_1_702' title='bbox 2877 5076 2945 5131; x_wconf 90' lang='lat' dir='ltr'><strong>ad</strong></span> <span class='ocrx_word' id='word_1_703' title='bbox 2984 5074 3344 5130; x_wconf 81' lang='lat' dir='ltr'><strong>oﬂ&#39;eusiouem</strong></span> <span class='ocrx_word' id='word_1_704' title='bbox 3397 5072 3522 5127; x_wconf 78' lang='lat' dir='ltr'><strong>belli</strong></span> <span class='ocrx_word' id='word_1_705' title='bbox 3568 5078 3623 5125; x_wconf 90' lang='lat' dir='ltr'><strong>et.</strong></span> <span class='ocrx_word' id='word_1_706' title='bbox 3668 5071 3767 5124; x_wconf 86' lang='lat' dir='ltr'><strong>ad-</strong></span> 
     </span>
    </p>
   </div>
   <div class='ocr_carea' id='block_1_104' title="bbox 2177 5163 3763 5241">
    <p class='ocr_par' dir='ltr' id='par_1_104' title="bbox 2177 5163 3763 5241">
     <span class='ocr_line' id='line_1_105' title="bbox 2177 5163 3763 5241; baseline -0.013 -7"><span class='ocrx_word' id='word_1_707' title='bbox 2177 5192 2369 5234; x_wconf 87' lang='lat' dir='ltr'><strong>versos</strong></span> <span class='ocrx_word' id='word_1_708' title='bbox 2427 5189 2591 5233; x_wconf 82' lang='lat' dir='ltr'><strong>casus</strong></span> <span class='ocrx_word' id='word_1_709' title='bbox 2644 5178 2915 5241; x_wconf 77' lang='lat' dir='ltr'><strong>Spectant,</strong></span> <span class='ocrx_word' id='word_1_710' title='bbox 2943 5176 3235 5240; x_wconf 62' lang='lat' dir='ltr'><strong>praeparat.</strong></span> <span class='ocrx_word' id='word_1_711' title='bbox 3273 5173 3328 5220; x_wconf 90' lang='lat' dir='ltr'><strong>et</strong></span> <span class='ocrx_word' id='word_1_712' title='bbox 3372 5163 3527 5235; x_wconf 86' lang='lat' dir='ltr'><strong>quasi</strong></span> <span class='ocrx_word' id='word_1_713' title='bbox 3565 5178 3628 5217; x_wconf 87' lang='lat' dir='ltr'><strong>ea</strong></span> <span class='ocrx_word' id='word_1_714' title='bbox 3662 5163 3763 5216; x_wconf 87' lang='lat' dir='ltr'><strong>im-</strong></span> 
     </span>
    </p>
   </div>
   <div class='ocr_carea' id='block_1_105' title="bbox 2186 5258 3767 5336">
    <p class='ocr_par' dir='ltr' id='par_1_105' title="bbox 2186 5258 3767 5336">
     <span class='ocr_line' id='line_1_106' title="bbox 2186 5258 3767 5336; baseline -0.009 -11"><span class='ocrx_word' id='word_1_715' title='bbox 2186 5270 2481 5335; x_wconf 87' lang='lat' dir='ltr'><strong>minerent,</strong></span> <span class='ocrx_word' id='word_1_716' title='bbox 2510 5266 2695 5323; x_wconf 83' lang='lat' dir='ltr'><strong>omnia</strong></span> <span class='ocrx_word' id='word_1_717' title='bbox 2731 5266 2785 5320; x_wconf 88' lang='lat' dir='ltr'><strong>in</strong></span> <span class='ocrx_word' id='word_1_718' title='bbox 2819 5272 3074 5336; x_wconf 89' lang='lat' dir='ltr'><strong>promptu</strong></span> <span class='ocrx_word' id='word_1_719' title='bbox 3132 5263 3316 5317; x_wconf 79' lang='lat' dir='ltr'><strong>habet.</strong></span> <span class='ocrx_word' id='word_1_720' title='bbox 3370 5258 3505 5313; x_wconf 80' lang='lat' dir='ltr'><strong>Nam</strong></span> <span class='ocrx_word' id='word_1_721' title='bbox 3557 5259 3603 5315; x_wconf 85' lang='lat' dir='ltr'><strong>si</strong></span> <span class='ocrx_word' id='word_1_722' title='bbox 3635 5258 3767 5328; x_wconf 85' lang='lat' dir='ltr'><strong>quid</strong></span> 
     </span>
    </p>
   </div>
   <div class='ocr_carea' id='block_1_106' title="bbox 2184 5352 3771 5429">
    <p class='ocr_par' dir='ltr' id='par_1_106' title="bbox 2184 5352 3771 5429">
     <span class='ocr_line' id='line_1_107' title="bbox 2184 5352 3771 5429; baseline -0.006 -15"><span class='ocrx_word' id='word_1_723' title='bbox 2184 5361 2474 5414; x_wconf 89' lang='lat' dir='ltr'><strong>adversum</strong></span> <span class='ocrx_word' id='word_1_724' title='bbox 2502 5359 2817 5429; x_wconf 79' lang='lat' dir='ltr'><strong>contingat,</strong></span> <span class='ocrx_word' id='word_1_725' title='bbox 2849 5354 2918 5411; x_wconf 87' lang='lat' dir='ltr'><strong>ad</strong></span> <span class='ocrx_word' id='word_1_726' title='bbox 2955 5354 3085 5411; x_wconf 89' lang='lat' dir='ltr'><strong>illud</strong></span> <span class='ocrx_word' id='word_1_727' title='bbox 3111 5354 3223 5425; x_wconf 86' lang='lat' dir='ltr'><strong>jam</strong></span> <span class='ocrx_word' id='word_1_728' title='bbox 3253 5360 3505 5423; x_wconf 84' lang='lat' dir='ltr'><strong>paratus,</strong></span> <span class='ocrx_word' id='word_1_729' title='bbox 3547 5352 3771 5407; x_wconf 55' lang='lat' dir='ltr'><strong>inedita.</strong></span> 
     </span>
    </p>
   </div>
   <div class='ocr_carea' id='block_1_107' title="bbox 2188 5460 2521 5525">
    <p class='ocr_par' dir='ltr' id='par_1_107' title="bbox 2188 5460 2521 5525">
     <span class='ocr_line' id='line_1_108' title="bbox 2188 5460 2521 5525; baseline 0.003 -18"><span class='ocrx_word' id='word_1_730' title='bbox 2188 5461 2386 5525; x_wconf 81' lang='lat' dir='ltr'><strong>tusque</strong></span> <span class='ocrx_word' id='word_1_731' title='bbox 2414 5460 2521 5508; x_wconf 88' lang='lat' dir='ltr'><strong>est.</strong></span> 
     </span>
    </p>
   </div>
   <div class='ocr_carea' id='block_1_108' title="bbox 2028 5606 2260 5663">
    <p class='ocr_par' dir='ltr' id='par_1_108' title="bbox 2028 5606 2260 5663">
     <span class='ocr_line' id='line_1_109' title="bbox 2028 5606 2260 5663; baseline 0 -2"><span class='ocrx_word' id='word_1_732' title='bbox 2028 5606 2260 5663; x_wconf 64' lang='grc' dir='ltr'><strong>ΝΟΤᾸΞ.</strong></span> 
     </span>
    </p>
   </div>
   <div class='ocr_carea' id='block_1_109' title="bbox 577 5727 1574 5807">
    <p class='ocr_par' dir='ltr' id='par_1_109' title="bbox 577 5727 1574 5807">
     <span class='ocr_line' id='line_1_110' title="bbox 577 5727 1574 5807; baseline -0.015 -14"><span class='ocrx_word' id='word_1_733' title='bbox 577 5737 689 5807; x_wconf 77' lang='lat'><strong>(37)</strong></span> <span class='ocrx_word' id='word_1_734' title='bbox 733 5735 1067 5807; x_wconf 13' lang='grc' dir='ltr'><strong>Ἀόργισντονἒ</strong></span> <span class='ocrx_word' id='word_1_735' title='bbox 1085 5727 1574 5807; x_wconf 41' lang='grc' dir='ltr'>δετίίιελᾷριστον.</span> 
     </span>
    </p>
   </div>
   <div class='ocr_carea' id='block_1_110' title="bbox 576 5800 1497 5876">
    <p class='ocr_par' dir='ltr' id='par_1_110' title="bbox 576 5800 1497 5876">
     <span class='ocr_line' id='line_1_111' title="bbox 576 5800 1497 5876; baseline -0.018 -10"><span class='ocrx_word' id='word_1_736' title='bbox 576 5800 690 5876; x_wconf 65' lang='grc'><strong>658)</strong></span> <span class='ocrx_word' id='word_1_737' title='bbox 733 5800 1005 5875; x_wconf 59' lang='lat' dir='ltr'><strong>meo-ag.</strong></span> <span class='ocrx_word' id='word_1_738' title='bbox 1037 5802 1245 5871; x_wconf 85' lang='lat' dir='ltr'><strong>Scribe,</strong></span> <span class='ocrx_word' id='word_1_739' title='bbox 1275 5800 1497 5862; x_wconf 77' lang='grc' dir='ltr'>ὀλέσεις.</span> 
     </span>
    </p>
   </div>
   <div class='ocr_carea' id='block_1_111' title="bbox 2270 5712 3569 5798">
    <p class='ocr_par' dir='ltr' id='par_1_111' title="bbox 2270 5712 3569 5798">
     <span class='ocr_line' id='line_1_112' title="bbox 2270 5712 3569 5798; baseline -0.015 -14"><span class='ocrx_word' id='word_1_740' title='bbox 2270 5728 2380 5798; x_wconf 73' lang='lat'><strong>(59)</strong></span> <span class='ocrx_word' id='word_1_741' title='bbox 2415 5723 2811 5794; x_wconf 61' lang='lat' dir='ltr'><strong>Kur‘é&#39;xﬂpdn‘.</strong></span> <span class='ocrx_word' id='word_1_742' title='bbox 2846 5718 3224 5784; x_wconf 61' lang='lat' dir='ltr'><strong>Scribebatut‘,</strong></span> <span class='ocrx_word' id='word_1_743' title='bbox 3263 5712 3569 5797; x_wconf 73' lang='grc' dir='ltr'>κατεχρὼν.</span> 
     </span>
    </p>
   </div>
  </div>
