4120 6486
401 365 535 433 10-ίῖ

401 575 529 628 liter
579 571 829 627 accidere
884 572 1120 640 possint,
1191 569 1287 623 sed
1353 566 1541 631 etiam,
1612 580 1736 634 quae
1792 571 1994 645 praeter

401 661 716 731 Opinionem
753 657 1024 723 incidunt,
1063 655 1479 727 prospicienda,
1512 662 1568 710 et
1614 652 1995 724 propulsanda

398 752 630 822 judicat'.

474 845 595 900 127.
635 843 691 897 Si
735 844 858 913 quis
890 859 956 900 ex
998 842 1270 914 prazfectis
1297 841 1410 898 tuis
1460 841 1516 896 in
1571 839 1737 894 rebus
1769 837 2000 909 majori-

402 940 525 1004 bus,
547 950 601 994 ct
629 940 978 1010 gravioribus
1021 941 1225 1012 saepius
1256 939 1635 993 hallucinatus
1685 937 1877 1004 fuerit,
1918 936 1997 990 illi

405 1047 472 1085 ne
535 1032 889 1087 minimarum
937 1035 1161 1104 quidem
1219 1047 1405 1089 rerum
1453 1031 1998 1086 administrationem

403 1131 525 1177 tuto
547 1126 883 1182 committcs.

475 1217 604 1274 128.
641 1216 803 1274 Tales
833 1219 1041 1290 deliges
1087 1217 1397 1287 przefectos,
1434 1217 1527 1287 qui
1579 1215 1848 1286 subjectis
1882 1215 2003 1271 suis

407 1308 831 1375 prmstantiores
858 1310 990 1364 sint.
1019 1309 1170 1363 Solet
1218 1309 1367 1363 enim
1421 1307 1771 1361 subditorum
1803 1305 2004 1376 vulgus

409 1414 626 1469 semper
658 1415 718 1455 se
748 1400 1266 1470 adunagistratuum
1319 1413 1546 1454 suorum
1583 1411 1764 1451 mores
1788 1411 2006 1451 accom-

411 1488 676 1544 modare:
712 1501 870 1545 vetus
903 1491 1050 1544 enim
1109 1490 1337 1544 verbum
1387 1490 1461 1544 ita
1489 1504 1680 1544 verum
1741 1489 1854 1554 flet,
1891 1502 2004 1543 non

409 1595 604 1637 cervos
639 1580 891 1638 leonibus
921 1584 1212 1653 imperare,
1241 1581 1339 1639 sed
1369 1584 1558 1637 leones
1583 1582 1788 1636 cervis.

483 1765 606 1820 129.
640 1763 948 1818 Robustum
1009 1759 1210 1816 eﬂicies
1245 1761 1578 1826 exercitum,
1637 1763 1684 1816 si
1719 1777 1884 1818 omne
1918 1763 1975 1818 in

1677 361 1956 420 LEONIS
1989 359 2453 420 PHILOSOPHI

476 482 600 539 126.
635 482 844 538 Cautus
878 481 1175 550 imperator
1209 494 1319 533 non
1361 476 1522 532 modo
1553 491 1675 546 quae
1705 475 1993 532 verisimi-
2019 478 2071 538 Δ

3552 358 3692 424 1048

2179 474 2330 548 ρκς’.
2379 474 2439 529 '0
2479 473 2730 544 ἀσφαλὴς
2765 471 3072 543 στρατηγὸς
3107 472 3167 526 οὐ
3214 470 3378 542 μόνον
3417 471 3487 525 τά
3509 472 3696 525 είκότα

2105 571 2362 641 γενέσθαι
2403 571 2464 624 ἐν
2514 571 2628 632 τοῖς
2659 568 2928 632 κινδύνοις
2985 566 3250 637 εὺδιάθη,
3285 565 3423 619 ἀλλά
3471 567 3569 620 καὶ
3623 565 3699 619 τά

2108 663 2395 734 παράδοξα
2449 661 2803 733 λογιζόμενος
2844 660 2946 729 τὴν
3007 660 3137 730 περὶ
3193 658 3375 714 αὐτῶν
3409 658 3700 730 ποιήσεται

2107 755 2392 825 πρόνοιαν.

2179 846 2318 919 ρκξ.
2352 848 2415 900 Ei
2438 846 2494 900 δέ
2518 863 2604 909 τις
2630 846 2738 899 τῶν
2763 844 2890 914 περὶ
2923 843 2987 897 σὲ
3019 842 3299 913 ἀρχόντων
3331 839 3503 894 πολλά
3523 839 3699 911 πράτ-

2106 957 2216 994 των
2253 939 2450 1004 ἀνάξια
2508 941 2606 992 καὶ
2665 937 2848 1007 φαῦλα
2912 935 3153 1007 εὑρεθῇ,
3190 933 3358 1005 ⁸μηδὲ
3417 932 3547 1003 περὶ
3604 931 3703 985 καὶ

2116 1033 2332 1104 μικρῶν
2366 1031 2474 1087 τῶν
2509 1031 2786 1102 τυχόντων
2831 1029 3184 1102 πραγμάτων
3239 1027 3392 1099 αὐτῷ
3459 1041 3703 1080 καταπι-

2121 1125 2246 1178 στεύ
2257 1141 2376 1196 σῃς.

2185 1215 2325 1288 ρκη’.
2360 1218 2502 1270 ’Ίσθι
2558 1216 2668 1288 γὰρ
2711 1217 2792 1270 ὅτι
2842 1215 3120 1278 τοιούτους
3168 1211 3403 1282 ὀφείλεις
3451 1212 3693 1283 προϐάλ-

2110 1309 2299 1362 λεσθαι
2367 1309 2654 1379 ἄρχοντας,
2699 1307 2897 1369 οἵτινες
2947 1306 3058 1359 τῶν
3123 1304 3454 1374 ὑποχειρίων
3515 1303 3697 1356 αὐτῶν

2111 1400 2422 1471 κρείττονες
2467 1400 2706 1453 ἔσονται·
2741 1397 2956 1468 φιλοῦσι
3009 1397 3116 1468 γὰρ
3145 1397 3235 1452 ἀεὶ
3264 1395 3333 1450 τὰ
3379 1397 3706 1468 φρονήματα.

2111 1492 2220 1545 τῶν
2238 1492 2560 1563 ἀρχομένων
2593 1491 3032 1545 συνδιατίθεσθαι
3057 1494 3170 1554 τοῖς
3197 1491 3480 1563 ἄρχουσιν.
3515 1489 3705 1552 Οὕτως

2111 1581 2221 1652 γὰρ
2269 1583 2296 1633 ὁ
2347 1583 2575 1652 ἀρχαῖος
2632 1582 3059 1654 πληρωθήσεται
3107 1583 3286 1651 λόγος,
3332 1583 3409 1654 μὴ
3469 1581 3706 1652 ἐλάφους

2114 1675 2304 1747 ἄρχειν
2329 1676 2584 1736 λεόντων.
2616 1676 2754 1730 ἀλλά
2787 1677 3008 1739 λέοντας
3035 1676 3273 1745 ἐλάφων.

2188 1767 2325 1839 ρκο’.
2363 1768 2676 1838 Ῥωμαλέον
2697 1771 3134 1833 κατασκευάσεις
3160 1768 3223 1823 τὸ
3251 1767 3590 1840 στράτευμα,
3610 1768 3711 1823 ἐὰν

413 1857 782 1913 termissionis
807 1854 946 1918 belli
981 1862 1198 1923 tempus
1227 1853 1295 1906 ad
1328 1855 1810 1918 exercitationem,
1837 1865 1891 1910 et
1922 1855 2005 1909 la-

2119 1858 2207 1912 τδν
2239 1860 2339 1930 τῆς
2365 1861 2567 1932 ἀνοχῆς
2593 1861 2687 1914 τοῦ
2714 1860 2956 1931 πολέμου
2993 1860 3188 1931 καιρὸν
3217 1863 3296 1924 είς
3340 1860 3578 1930 ἄσκησιν
3611 1859 3710 1913 καὶ

412 1951 604 2004 liorem
661 1950 953 2004 militarem
1013 1947 1377 2012 assuefacias,
1432 1964 1554 2001 nam
1595 1949 1720 2003 belli
1763 1958 2008 2019 tempore

413 2057 523 2097 non
563 2042 828 2107 studium,
870 2041 965 2097 sed
1011 2039 1266 2112 peritiam
1297 2039 1593 2095 militarem
1649 2041 2005 2098 demonstra-

413 2137 566 2190 bunt.

484 2312 606 2366 150.
633 2310 766 2364 Dum
793 2310 1043 2367 cubitum
1073 2313 1140 2376 is,
1161 2326 1343 2366 rerum
1371 2310 1810 2367 necessariarum
1851 2311 2003 2382 cogi-

411 2404 546 2458 tatio
572 2405 816 2458 animum
848 2413 1002 2459 tuum
1034 2405 1252 2460 subeat.
1277 2401 1466 2473 Neque
1491 2403 1646 2472 prius
1670 2404 1725 2457 in
1747 2417 2006 2458 somnum

416 2508 469 2552 te
514 2496 723 2564 tradas,
755 2512 921 2566 quam
961 2497 1250 2565 repetieris
1311 2497 1498 2549 animo
1550 2495 1686 2565 quid
1737 2496 1832 2560 sit,
1860 2495 2007 2564 quod

417 2587 730 2643 iaciendum
781 2588 909 2653 fuit,
963 2596 1018 2643 et
1053 2603 1082 2640 a
1116 2596 1169 2642 te
1203 2597 1387 2642 tamen
1421 2587 1856 2656 praetermissum
1898 2593 2004 2653 est,

415 2689 509 2734 aut
534 2681 664 2748 quid
692 2681 943 2735 crastino
966 2679 1056 2734 die
1076 2678 1348 2750 agendum
1374 2678 1471 2744 sit,
1509 2687 1565 2733 et
1593 2677 1697 2732 hoc
1719 2678 2010 2748 diligenter

417 2770 610 2826 facias.

487 2863 608 2916 151.
632 2861 986 2932 Contemptui
1017 2861 1328 2926 habeberis,
1357 2861 1403 2916 si
1443 2860 1622 2917 cuivis
1669 2859 2006 2931 promittenti

417 2953 575 3007 Iidem
616 2955 896 3018 habueris,
932 2962 985 3010 et
1031 2955 1200 3010 Surdo
1235 2953 1477 3008 deterior
1526 2968 1649 3007 esse
1705 2951 2008 3024 putaberis.

417 3044 512 3097 Sin
541 3047 840 3115 expendas,
897 3053 1063 3117 atque
1095 3046 1383 3114 exquiras,
1433 3061 1557 3116 qua:
1600 3053 2006 3114 proponuntur,

416 3136 539 3192 \‘ilis
594 3137 983 3208 unusquisque
1029 3153 1094 3193 ac
1143 3139 1390 3206 plebeius
1421 3138 1505 3191 vir
1556 3145 1706 3190 tuam
1767 3137 2009 3205 pruden-

2114 1954 2423 2023 γυμνασίαν
2448 1955 2558 2006 τῶν
2588 1954 2734 2007 κατὰ
2762 1954 3003 2024 πόλεμον
3030 1954 3209 2024 ἔργων
3243 1951 3547 2024 ἀφοσιώσῃ.
3573 1953 3711 2006 Τότε

2115 2045 2224 2116 γάρ
2255 2047 2313 2098 ἐν
2346 2045 2523 2117 καιρῷ
2549 2045 2867 2117 πολεμικῶν
2891 2045 3118 2114 ἀγώνων
3147 2047 3248 2098 οὐκ
3278 2045 3358 2098 ἔτι
3393 2044 3506 2115 (40)
3547 2043 3708 2114 μελέ-

2115 2155 2215 2209 την
2278 2139 2394 2191 ἀλλ’
2452 2138 2718 2202 ἐπίδειξιν
2767 2139 2870 2209 τῆς
2934 2138 3304 2210 ἀνδραγαθίας
3355 2138 3709 2208 παρασκευά-

2118 2247 2233 2295 σεις
2271 2231 2408 2302 (41).

2190 2327 2289 2397 ρλ’.
2346 2327 2411 2380 Ἥ
2458 2328 2655 2399 μελέτη
2721 2344 2804 2381 σοι
2832 2327 2942 2380 τῶν
3002 2326 3319 2394 ἀναγκαίων
3358 2325 3721 2397 πραγμάτων.

2115 2419 2422 2490 ἠρεμοῦντι
2451 2421 2710 2488 γινέσθω,
2744 2421 2841 2474 καὶ
2873 2420 2948 2490 μὴ
2977 2419 3243 2492 πρότερον
3266 2420 3347 2482 είς
3380 2417 3549 2472 ὕπνον
3581 2419 3708 2489 τρέ-

2116 2528 2219 2564 που
2257 2513 2390 2582 πρὶν
2417 2513 2485 2566 ἂν
2515 2513 2868 2582 κατανοήσῃς
2889 2513 2944 2565 τί
2976 2513 3075 2582 μὲν
3112 2511 3220 2565 ἔδει
3250 2511 3585 2582 πραχθῆναι,
3609 2509 3715 2563 καὶ

2115 2602 2276 2655 τοῦτο
2325 2603 2629 2673 παρέλιπες
2657 2621 2672 2636 ο
2705 2604 2759 2656 τί
2803 2605 2861 2656 δὲ
2903 2605 2985 2667 είς
3020 2604 3122 2673 τὴν
3165 2602 3356 2675 αὔριον
3393 2601 3702 2673 πραχθῆναι

2117 2695 2303 2762 καλὸν,
2348 2697 2442 2749 καὶ
2472 2697 2670 2750 τούτου
2700 2697 2912 2768 ταχέως
2940 2696 3186 2769 ἀπάρξῃ.

2194 2875 2330 2944 ρλα’.
2372 2874 2698 2948 Νομισθήσῃ
2724 2874 2928 2946 κοῦφος
2957 2875 3051 2928 καὶ
3078 2874 3557 2946 εὐκαταφρόνητος
3594 2875 3708 2935 τοῖς

2121 2965 2565 3037 ἐντυγχάνουσιν,
2597 2966 2692 3019 saw
2713 2965 3026 3037 προχείρως
3049 2966 3317 3038 πιστεύῃς
3349 2969 3461 3030 τοῖς
3488 2968 3719 3038 ὑποσχο-

2125 3057 2315 3127 μένοις
2351 3058 2433 3111 σοί
2466 3074 2520 3110 τι
2552 3058 2807 3126 πράξειν.
2847 3057 2974 3112 Ἰέίἀν
3005 3059 3062 3111 δὲ
3092 3057 3360 3122 ἐξετάζων
3383 3058 3714 3127 καὶγυμνά-

2128 3149 2237 3212 ζων
2260 3150 2320 3203 τὺ
2343 3152 2578 3219 πρᾶγμα
2605 3153 2801 3221 φανῇς,
2829 3149 3144 3220 αἰδούμενος
3173 3151 3406 3214 ἕκαστος
3438 3148 3548 3203 τῶν
3581 3149 3714 3218 φαύ-

417 3229 571 3292 tiam,
619 3244 682 3283 ac
721 3231 1006 3284 solertiam
1060 3232 1294 3295 veritus,
1338 3230 1477 3284 nihil
1522 3230 1588 3282 ad
1633 3229 1820 3283 dolum
1864 3230 2012 3299 loqui

2127 3241 2234 3293 λων
2269 3242 2368 3310 τὴν
2391 3242 2489 3308 σὴν
2517 3241 2806 3310 ἀκρίϐειαν
2829 3242 2923 3295 καὶ
2947 3240 3250 3311 ἀγχίνοιαν,
3281 3239 3434 3292 οὐδέν
3466 3255 3549 3291 σοι
3577 3237 3713 3308 πρὸς

417 3319 662 3385 audebit,
699 3321 793 3376 sed
817 3327 872 3376 et
919 3321 1090 3377 animi
1143 3322 1222 3376 tui
1252 3321 1628 3377 constantiam
1667 3320 1899 3391 subjecti
1939 3319 2015 3372 tui

419 3410 868 3468 admirabuntur.

493 3586 615 3640 152.
658 3586 878 3644 Bellica:
928 3589 1297 3655 incursiones,
1333 3605 1454 3658 qua:
1481 3589 1696 3659 judicio
1742 3601 2019 3659 susceptm

423 3684 575 3742 sunt,
626 3678 802 3732 bonos
832 3682 1013 3734 exitus
1056 3680 1260 3734 habere
1322 3682 1527 3734 solent.
1568 3680 1877 3735 Tcmerarii
1931 3698 2021 3743 au.

423 3775 554 3833 tcm,
586 3777 639 3821 et
673 3770 981 3839 prmcipites
1015 3773 1396 3840 imperatores,
1428 3762 1889 3842 quemadmodum
1925 3789 2020 3827 ex-

423 3862 691 3930 perientia
729 3864 845 3934 ipsa
895 3864 1126 3929 indicat,
1173 3881 1402 3936 magnas
1472 3881 1618 3937 saepe
1685 3867 2019 3923 olIensioncs

425 3951 649 4009 habent.

498 4043 620 4096 153.
660 4044 717 4098 Si
753 4047 987 4101 consilia
1031 4060 1122 4102 tua
1159 4047 1300 4102 clam
1365 4048 1554 4103 hostes
1601 4059 1728 4105 tuos
1768 4065 1892 4105 esse
1925 4065 2021 4104 vo-

425 4135 615 4194 lueris,
651 4150 720 4189 ne
750 4138 1117 4192 familiaribus
1144 4140 1364 4208 quidem
1397 4139 1586 4195 multis
1621 4156 1684 4194 ca
1712 4141 2021 4195 communi-

425 4223 604 4279 cabis.
632 4223 802 4296 IEgre
833 4230 980 4282 enim
1017 4232 1356 4298 occultatur,
1407 4231 1554 4300 quod
1583 4231 1882 4286 multorum
1922 4233 2020 4287 ho-

427 4317 636 4372 minum
671 4319 832 4376 labiis
861 4322 1284 4380 custodiendum
1315 4326 1582 4380 creditur.

497 4562 620 4616 154.
657 4559 1113 4629 Uniuscujnsque
1164 4558 1444 4624 affectum,
1492 4569 1814 4631 motumque
1845 4562 2009 4616 animi
2041 4567 2094 4627 1)

423 4670 750 4728 cognoscas,
786 4665 840 4708 et
879 4655 947 4708 ad
984 4654 1115 4723 quid
1169 4656 1551 4724 unusquisque
1603 4657 1841 4710 maxime
1892 4657 2013 4710 ido-

423 4763 561 4806 neus
585 4750 679 4813 sit,
706 4757 766 4803 ut
793 4763 1241 4818 unumquemque
1269 4748 1465 4802 ordine
1489 4749 1764 4803 instruere
1786 4749 1970 4817 possis
1997 4768 2011 4804 :

424 4842 621 4897 horum
669 4843 814 4895 enim
865 4841 1138 4911 ignoratio
1172 4841 1434 4896 confusas
1485 4849 1650 4910 atque
1715 4841 2015 4910 inaequales

424 4933 554 4986 facit
580 4933 745 4986 acies.

503 5025 625 5081 155.
659 5025 960 5092 Imperazor
986 5024 1188 5086 boous,
1218 5039 1282 5078 ac
1312 5023 1568 5079 similiter
1601 5023 1802 5088 malus,
1825 5038 2016 5079 exem-

425 5119 572 5186 plum
627 5117 891 5184 SUbjcCliS
947 5118 1064 5172 suis
1125 5131 1308 5170 rerum
1365 5118 1730 5187 gerendarum
1786 5128 1888 5172 est.
1933 5117 2014 5194 Te

424 5212 590 5281 igitur
642 5212 1001 5264 cohortamur
1063 5219 1122 5263 ut
1195 5210 1466 5265 militibus
1534 5211 1646 5265 tuis
1697 5212 1902 5264 bonum
1961 5219 2013 5266 te

425 5303 734 5374 exemplum
769 5303 1031 5372 praebeas,
1056 5313 1170 5354 tum
1207 5302 1274 5354 ad
1306 5304 1509 5373 optima
1539 5313 1588 5357 te
1615 5302 2012 5370 assuefaciens,

429 5406 543 5450 tum
575 5410 696 5464 qua:
730 5394 978 5448 facienda
1004 5402 1134 5449 sunt
1159 5394 1489 5463 suscipiens.
1523 5403 1577 5449 et
1598 5396 1662 5449 iis
1688 5397 1850 5452 rebus
1873 5397 2001 5452 ειυς-

428 5489 632 5555 tinens,
674 5504 704 5543 a
759 5488 960 5558 quibus
1007 5487 1210 5543 milites
1246 5487 1322 5542 tui
1375 5504 1566 5544 omnes
1595 5491 1878 5546 abstinere
1915 5490 2011 5545 dc-

423 5576 574 5636 bent.

2119 3334 2341 3403 ἀπάτην
2375 3335 2549 3387 εἰπεῖν
2589 3335 2874 3406 τολμήσει,
2912 3334 3048 3387 ἀλλά
3083 3333 3180 3388 καὶ
3214 3331 3589 3402 θαυμάσονταί
3619 3347 3714 3382 σου

2120 3425 2220 3493 τῆς
2273 3425 2635 3496 στερρότητος
2686 3427 2738 3477 οἱ
2773 3425 3099 3496 ὑποχείριοι,
3156 3425 3251 3504 καὶ
3303 3427 3403 3496 τῆς
3452 3421 3718 3493 ἀληθείας

2121 3521 2222 3573 οὐκ
2253 3520 2456 3590 ἀστοχή
2465 3536 2598 3584 σεις.

2199 3608 2334 3680 ρλβ’.
2379 3611 2520 3662 ’Ίσθι
2573 3612 2654 3664 ὅτι
2707 3611 2741 3679 ἡ
2799 3608 2937 3677 μετὰ
2981 3607 3249 3678 λογισμοῦ
3296 3605 3443 3660 κατά
3478 3605 3716 3675 πόλεμον

2125 3703 2316 3774 ἔφοδος
2356 3703 2661 3771 ἀσφάλειαν
2708 3701 2820 3772 ἔχει
2872 3700 3104 3771 πολλήν.
3151 3701 3212 3753 Oi
3263 3699 3373 3770 γὰρ
3432 3697 3577 3763 ὀξεῖς
3620 3697 3718 3750 καὶ

2124 3798 2426 3866 προπετεῖς
2477 3796 2799 3866 στρατηγοὶ,
2827 3794 2902 3858 ὼς
2947 3796 2980 3864 ἡ
3018 3795 3185 3865 πεῖρα
3217 3792 3441 3859 ἔδειξεν,
3487 3790 3718 3846 πλεῖστα

2123 3889 2576 3960 διαμαρτάνουσι.

2198 4119 2334 4190 ρλγ’.
2378 4117 2580 4181 Καλῶς
2643 4118 2916 4189 ποιήσεις,
2951 4117 3078 4171 ὅταν
3125 4117 3196 4171 τὰ
3249 4115 3318 4170 σά
3366 4116 3711 4188 βουλεύματα

2126 4211 2410 4265 λανθάνειν
2436 4209 2612 4273 θέλεις
2655 4211 2782 4272 τοὺς
2817 4211 3135 4280 πολεμίους,
3168 4211 3266 4265 ὲάν
3288 4210 3411 4264 οὐδὲ
3438 4213 3551 4273 τοῖς
3588 4210 3718 4263 πολ-

2122 4303 2235 4367 λοῖς
2285 4303 2393 4357 τῶν
2436 4302 2655 4356 οἰκείων
2698 4300 2874 4356 ταῦτα
2929 4302 3236 4376 θαῤῥήσῃς.
3291 4302 3562 4356 Δύσκολον
3606 4303 3718 4373 γάρ

2123 4395 2397 4468 κρυϐῆναι
2445 4394 2710 4466 λαθραίαν
2769 4393 2969 4466 βουλὴν
3023 4395 3242 4458 πολλοῖς
3281 4394 3486 4465 χείλεσι
3547 4411 3716 4447 πεπι-

2123 4487 2428 4559 στευμένην
2462 4487 2595 4559 (42).

2195 4578 2327 4648 ρλδν.
2381 4576 2590 4648 Ὀρμὴν
2641 4576 2875 4630 ἑκάστου
2921 4576 3015 4630 καὶ
3060 4574 3275 4646 κίνησιν
3319 4575 3414 4628 καὶ
3445 4575 3708 4646 ἄρχοντος

2121 4670 2218 4724 καὶ
2246 4668 2580 4741 στρατιώτου
2610 4668 2690 4721 δεῖ
2739 4685 2797 4721 σε
2826 4666 3143 4736 γινώσκειν,
3189 4660 3235 4720 ὦ
3272 4667 3567 4738 στρατηγὲ,
3611 4669 3707 4719 καὶ

2122 4765 2204 4828 εἰς
2235 4764 2430 4816 ὁποίαν
2464 4762 2694 4826 ἕκαστος
2731 4759 2932 4833 πρᾶξιν
2957 4760 3216 4832 ἀρμὸδιός
3255 4762 3425 4824 ἐστιν,
3457 4761 3545 4813 ἵνα
3578 4761 3709 4812 ἕκα-

2124 4871 2251 4907 στον
2294 4852 2521 4914 δεόντως
2572 4851 2827 4924 ἐκτάξῃς.
2880 4851 2966 4914 Ὠς
3017 4851 3162 4904 ἔοικε
3217 4851 3349 4922 γὰρ,
3401 4850 3461 4903 τὸ
3504 4851 3718 4918 ἀγνοεῖν

2119 4945 2296 5002 ταῦτα
2330 4945 2653 5016 ἀνωμάλους
2691 4946 2924 4999 ποιεῖται
2953 4943 3052 5007 τὰς
3091 4942 3448 5014 παρατάξεις.

2199 5039 2327 5111 ρλε’.
2365 5039 2682 5112 Στρατηγὸς
2737 5037 2940 5101 ἀγαθὸς
2973 5035 3138 5090 εἰκὼν
3191 5038 3406 5105 γίνεται
3438 5034 3547 5087 τῶν
3578 5052 3720 5104 πρα-

2126 5133 2303 5187 κτέων
2332 5135 2446 5195 τοῖς
2479 5131 2816 5202 ὑποχειρίοις
2848 5131 3036 5192 αὐτοῦ,
3071 5130 3168 5184 καὶ
3199 5132 3227 5183 ὀ
3255 5129 3459 5198 φαῦλος
3491 5127 3715 5197 ὁμοίως.

2127 5226 2199 5278 Σὺ
2236 5218 2328 5277 οὖν
2358 5224 2456 5292 τῆς
2491 5222 2765 5293 ἡμετέρας
2805 5220 3084 5291 βασιλείας
3115 5220 3407 5290 δεχόμενος
3436 5219 3534 5290 τὴν
3569 5237 3718 5289 παρ-

2127 5317 2356 5381 αίνεσιν,
2417 5309 2462 5368 ὦ
2511 5313 2808 5384 στρατηγὲ,
2860 5314 3040 5382 ἀγαθὴ
3084 5313 3243 5382 γενοῦ
3289 5314 3400 5375 τοῖς
3454 5311 3717 5384 ὑπηκόοις

2126 5409 2312 5472 είκὼν,
2345 5409 2438 5461 καὶ
2484 5407 2682 5478 ἄριστα
2714 5407 3151 5477 γυμναζόμενος,
3205 5405 3300 5458 καὶ
3354 5405 3526 5458 ποιῶν
3572 5404 3717 5475 άπερ

2125 5502 2251 5569 δεῖ,
2289 5501 2628 5571 ἀπεχόμενος
2680 5499 2757 5563 δὲ,
2793 5501 2894 5552 ὅσα
2949 5499 3042 5551 καὶ
3083 5499 3212 5560 τοὺς
3254 5496 3592 5568 στρατιώτας
3623 5497 3718 5548 καὶ

2128 5598 2340 5658 πάντας
2391 5596 2520 5657 τοὺς
2573 5594 2678 5648 ὑπὸ
2731 5594 2792 5645 σὲ
2839 5592 3209 5662 τεταγμένους
3251 5589 3554 5660 ἀπέχεσθαι
3583 5588 3718 5658 χρή-

2131 5705 2312 5759 σιμόν.

1950 5789 2186 5847 NOTAE.

502 5878 618 5944 (40)
651 5879 776 5930 Οὐκ
813 5880 922 5931 ἔτι.
965 5881 1345 5944 Set‘ibebatur,
1370 5887 1470 5935 οὐκ
1498 5885 1632 5937 ἔστι.

502 5879 594 5944 (40
651 5879 776 5930 Οὐκ
813 5880 922 5931 ἔτι.
965 5881 1345 5944 Set‘ibebatur,
1370 5887 1470 5935 οὐκ
1498 5885 1632 5937 ἔστι.

502 5879 620 6016 (41;
652 5947 1170 6014 Παρασκειιίὶσεις.
1205 5953 1583 6018 Scribebatur,
1610 5956 2009 6026 παραστήσας.

2213 5883 2327 5952 (1⁸2)
2363 5877 2881 5949 Πεπιστειιμένηιθ.
2917 5877 3276 5934 Sut‘ibcbatur
3299 5915 3313 5943 ,
3345 5871 3717 5943 πεπιστευμέ-

2125 5974 2256 6019 νοις.
