4120 6444
401 471 544 541 1049

478 587 623 662 ρλς⁹.
665 583 913 648 Ἔνδοξον
935 599 986 636 τι
1016 581 1249 652 πρᾶγμα
1267 579 1362 634 καὶ
1390 577 1512 632 λίαν
1537 577 1796 648 ὀνήσιμόν
1834 577 1983 628 ἐστιν
2015 586 2058 641 Α

406 687 442 752 ὴ
472 674 816 750 στρατηγική
850 673 1129 741 ἐπιστήμη
1161 688 1174 701 ·
1209 669 1302 722 καὶ
1330 669 1439 739 γὰρ
1470 669 1598 723 ἄνευ
1636 668 1817 738 μάχης
1849 665 1980 718 πολ.

405 771 564 832 λάκις
596 767 725 835 νικᾷ
748 765 876 826 τοὺς
904 761 1218 831 πολεμίους.
1246 758 1464 829 Ταύτης
1494 757 1586 811 οὖν
1607 755 1986 827 ἐπιμελεῖσθαί

407 879 468 916 σε
510 859 636 930 χρὴ.
671 856 765 911 καὶ
793 852 884 907 διὰ
907 851 1114 920 ταύτης
1136 851 1236 914 τὰς
1268 850 1618 920 ἐγχειρήσεις
1657 849 1783 902 ἄνευ
1821 863 1987 916 φανε·

408 953 508 1022 ροῦ
530 949 771 1019 πολέμου
802 946 944 1000 κατὰ
976 944 1087 998 τῶν
1118 943 1378 998 ἐναντίων
1410 941 1706 995 ποιεῖσθαι.
1741 941 1909 993 Ὅταν
1931 938 1987 992 δὲ

406 1042 627 1111 ἀνάγκη
655 1039 862 1108 ταύτην
902 1037 978 1107 μὴ
1032 1037 1304 1105 ἐνεργεῖν,
1341 1035 1460 1088 τότε
1502 1032 1592 1086 διὰ
1615 1033 1716 1102 τῆς
1742 1033 1850 1086 τῶν
1882 1050 1988 1084 σωο

400 1134 598 1205 μάτων
625 1131 817 1203 ῥώμης
852 1129 1336 1199 παρακινδυνεύειν
1366 1128 1688 1193 ἀναγκαῖον,
1718 1125 1812 1178 καὶ
1842 1124 1991 1194 μάχῃ

406 1223 544 1293 πρὸς
577 1221 704 1285 τοὺς
732 1217 1026 1288 πολεμίους
1050 1217 1489 1285 διαγωνίζεσθαι.

479 1313 613 1385 ρλζ’.
661 1311 895 1375 Νεάζειν
925 1309 1132 1378 ὀφείλει
1165 1310 1193 1361 ὀ
1225 1308 1535 1380 στρατηγὸς
1590 1308 1686 1362 καὶ
1715 1309 1781 1377 τῇ
1829 1305 1992 1378 ῥώμῃ

398 1406 502 1462 τοῦ
541 1405 792 1476 σώματος
823 1403 914 1456 διὰ.
945 1402 1046 1470 τῆς
1099 1400 1478 1471 στρατηγικῆς
1529 1399 1725 1470 τέχνης
1781 1397 1991 1466 ὀφείλει

396 1496 810 1567 θαυμάζεσθαι,
841 1495 1009 1565 ήγουν
1038 1492 1147 1546 τῶν
1181 1492 1630 1562 ἐπιτηδευμάτων
1659 1490 1830 1560 αὑτῆς
1857 1489 1988 1557 (15).

413 1587 578 1650 Ἐθος
604 1588 714 1655 γάρ
743 1589 859 1640 ἐστι
887 1585 1140 1650 παλαιὸν,
1163 1584 1304 1638 ὥστε
1335 1586 1460 1647 τοὺς
1483 1582 1777 1654 μέλλοντας
1797 1597 1992 1651 στρατο

407 1683 586 1753 ηγεῖν,
630 1681 689 1732 οὑ
729 1678 891 1748 μόνον
945 1678 1056 1732 ἀπὸ
1103 1677 1292 1738 ἔθνους
1326 1677 1421 1730 καὶ
1453 1675 1649 1746 γένους
1681 1674 1862 1727 ἕλκειν
1894 1673 1994 1744 τὴν

409 1771 738 1839 συγγένειαν
770 1770 828 1821 ἐν
858 1770 978 1831 ταῖς
1009 1768 1189 1832 νίκαις
1220 1767 1701 1838 λαμπρυνομένου,
1735 1765 1869 1820 ἀλλά
1899 1765 1994 1818 καὶ

406 1863 522 1924 τοῖς
557 1861 690 1911 πᾶσι
738 1857 1059 1928 πράγμασιν
1108 1857 1239 1926 ἄχρι
1271 1856 1367 1910 καὶ
1395 1854 1562 1908 αὑτοῦ
1593 1854 1686 1907 τοῦ
1729 1854 1994 1924 ὀνόματος

410 1946 555 2006 εἶναι
577 1953 677 2021 τῆς
703 1952 862 2018 νίκης
888 1951 1251 2020 σημαντικήν.
1273 1961 1275 1963 ‘

481 2041 620 2114 ρλη’.
655 2041 945 2114 Χρήσιμόν
972 2058 1024 2094 τι
1071 2041 1440 2111 στρατήγημα
1485 2038 1840 2107 διηγήσομαι,
1897 2035 1995 2091 καὶ

409 2136 570 2191 τοῦτο
619 2137 753 2206 ὅπερ
782 2133 1048 2202 ἀναγνοὺς
1077 2131 1351 2202 ἀνέμαθον
1392 2129 1502 2200 (44)
1535 2144 1550 2161 ⁶
1599 2129 1686 2195 ἵνα
1721 2128 1816 2183 ἐάν
1859 2145 1992 2180 ποτε

409 2229 597 2298 συμϐῇ
631 2244 713 2280 σοι
743 2224 962 2296 μέλλειν
993 2224 1129 2298 πρὸς
1172 2222 1462 2293 πολεμίους
1495 2220 1722 2274 πλείονά
1764 2237 1856 2274 σου
1902 2220 1994 2273 δύ-

413 2336 577 2389 ναμιν
607 2317 835 2388 ἔχοντας
867 2313 1310 2383 διαγωνίζεσθαι,
1344 2312 1440 2366 καὶ
1489 2310 1670 2381 βούλει
1704 2311 1845 2382 πρὸς
1894 2311 1997 2364 αὑ-

411 2415 538 2474 τοὺς
598 2411 675 2482 μὴ
729 2408 966 2478 συνάψαι
1029 2406 1288 2478 πόλεμον,
1339 2404 1478 2458 ἀλλὰ
1548 2402 1845 2465 ἀκινδύνως
1902 2404 2000 2454 ἐπ-

411 2501 678 2568 εξελθεῖν,
717 2500 1056 2570 ἐπιτήρησον
1089 2499 1184 2552 ἐὰν
1215 2497 1551 2566 παράκειται
1599 2495 1867 2564 ποταμὸς,
1903 2493 1999 2546 καὶ

408 2593 604 2647 τοῦτον
635 2592 972 2661 ἐπιστρέψας
998 2589 1247 2658 ἐπάγαγε
1275 2591 1386 2651 τοῖς
1419 2586 1702 2656 πολεμίοις
1729 2584 1872 2637 κατά
1904 2583 1999 2637 τοῦ

415 2687 600 2740 πεδίου
629 2688 688 2739 ἐν
714 2680 758 2753 ᾧ
789 2686 824 2754 ή
863 2683 1172 2753 παράταξις
1221 2681 1534 2751 πρόκειται,
1577 2676 1674 2730 καὶ
1713 2676 1885 2740 οὑτως
1910 2675 2002 2728 τὸν

417 2779 683 2850 μέλλοντα
711 2777 946 2847 πόλεμον
975 2775 1338 2844 ἀνενέργητον
1368 2773 1634 2842 ποιήσεις.

489 2871 622 2942 ρλθ’.
649 2868 877 2940 Ῥᾳδίως
894 2865 1186 2936 άναστείλῃ
1214 2863 1408 2935 βουλήν
1446 2861 1722 2932 πολεμίων
1744 2865 1773 2916 ὁ
1802 2879 2003 2934 στρατ-

415 2962 549 3034 ηγὸς
606 2959 701 3014 ἐάν
736 2959 830 3012 καὶ
882 2957 1068 3022 αὑτὸς,
1127 2954 1224 3008 καὶ
1269 2953 1416 3028 κατὰ
1444 2953 1549 3022 γῆν
1597 2955 1693 3005 καὶ
1723 2953 1866 3006 κατά
1913 2949 2005 3004 θά-

415 3055 623 3110 λασσαν
668 3053 847 3122 κρατῇ
891 3047 1220 3118 ὑποχειρίων
1252 3045 1413 3100 τινῶν
1436 3062 1450 3076 ’
1479 3045 1574 3099 καὶ⁸
1597 3045 1647 3098 oi
1673 3043 1922 3114 πολέμιοι
1944 3042 2003 3096 δέ

416 3147 520 3216 γῆς
561 3144 794 3216 ἠπείρου
844 3140 1178 3212 κρατοῦντες
1239 3137 1382 3191 κατά
1429 3136 1536 3190 τῶν
1579 3135 1746 3190 αὑτοῦ
1799 3133 2005 3206 νηῶνῆ

411 3235 629 3305 ἐτέρων
658 3230 945 3303 παραλίων
964 3229 1144 3284 τόπων
1181 3227 1571 3298 ἐκστρατεύειν
1606 3226 1999 3295 βουλεύωνται.

429 3329 558 3383 Ἐάν
583 3327 693 3399 γὰρ
734 3327 950 3398 φημίσῃ
990 3326 1075 3379 ὅτι
1113 3323 1275 3387 αὑτὸς
1301 3323 1390 3376 διὰ
1426 3323 1526 3393 τῆς
1555 3323 1790 3394 ἠπείρου
1819 3321 2006 3394 βούλε-

417 3439 508 3476 ται
534 3423 656 3475 κατ’
688 3420 870 3474 αὑτῶν
895 3415 1254 3489 στρατεῦσαι,
1287 3413 1630 3486 καταπλήξει
1661 3414 1881 3479 αὑτοὺς,
1908 3413 2003 3466 καὶ

413 3513 720 3582 άναστείλῃ
749 3511 850 3580 τῆς
885 3508 1028 3563 κατὰ
1055 3507 1330 3562 Θάλασσαν
1357 3507 1748 3577 ἐγχειρήσεως.

495 3613 604 3677 pp}.
640 3605 780 3658 ’ἰσθι
826 3604 1047 3666 εὐσεϐὲς
1081 3597 1222 3657 εἶναι
1292 3602 1560 3670 πρᾶγμα,
1609 3593 1655 3652 ὦ
1708 3597 2002 3670 στρατηγὲ,

419 3699 518 3752 καὶ
550 3695 672 3750 λίαν
699 3696 958 3766 ὀνήσιμον
988 3693 1050 3746 τὸ
1082 3695 1139 3746 ἐν
1163 3693 1284 3754 ταῖς
1315 3690 1644 3758 ἀναγκαίαις
1676 3690 1773 3743 καὶ
1797 3690 2007 3751 κοιναῖς

419 3790 639 3863 χρείαις
671 3787 945 3859 μηδέποτε
987 3785 1133 3847 ίδίως
1168 3781 1576 3855 μιμνήσκεσθαι
1602 3781 1827 3852 ἔχθρας,
1874 3780 2009 3852 μηδὲ

431 3881 498 3934 δι’
527 3880 785 3933 ὑπόνοιαν
821 3878 956 3931 ἰδίαν
981 3873 1375 3946 ἐμποδίζεσθαι
1419 3873 1488 3926 τὰ
1517 3874 1705 3928 δέοντα
1738 3872 2006 3941 γίνεσθαι,

419 3973 562 4027 ἀλλὰ
584 3974 642 4026 ἐν
668 3973 787 4035 ταῖς
814 3970 922 4024 τῶν
952 3968 1148 4021 κοινῶν
1178 3966 1459 4037 προνοίαις
1485 3965 1555 4019 τά
1583 3964 1809 4019 τοιαῦτα
1831 3965 2010 4018 πάντα

423 4063 821 4118 κατατίθεσθαι
865 4061 961 4114 καὶ
1005 4059 1136 4128 περὶ
1162 4057 1473 4128 προσώπων
1499 4057 1594 4110 καὶ
1642 4056 2007 4126 πραγμάτων,

426 4155 685 4228 καὶπρὸς
719 4155 880 4226 μόνον
903 4152 965 4206 τὸ
1002 4154 1274 4223 χρήσιμον
1323 4149 1676 4215 ἀποϐλέπειν,
1729 4148 1825 4200 καὶ
1854 4147 2012 4200 τοῦτο

427 4248 716 4318 πράττειν’
749 4248 783 4317 ἡ
818 4244 929 4315 γὰρ
957 4242 1182 4313 τοιαύτη
1204 4241 1352 4295 αἰτία
1384 4241 1602 4303 πολλοῖς
1646 4238 2014 4311 παρορωμένη

430 4339 676 4408 μεγάλας
712 4337 916 4407 βλάϐας
955 4334 1218 4398 πολλάκις
1248 4333 1524 4404 ἐποίησεν.

500 4439 654 4505 ρμα¹.
706 4429 1101 4500 Σοφιζόμενος,
1157 4421 1202 4480 ὢ
1267 4423 1577 4496 στρατηγέ,
1637 4423 1826 4494 χρείας
1875 4420 2014 4475 οὑτω

429 4524 724 4594 καλούσης,
749 4521 1054 4592 ὠφελήσεις
1077 4518 1145 4572 τά
1167 4518 1420 4590 μέγιστα.
1460 4517 1586 4569 Ἐὰν
1611 4517 1724 4585 γὰρ
1751 4513 1839 4567 διά
1871 4529 2016 4577 τινος

1529 458 2449 520 TACTICA.—CONS’I‘I']‘UT[O
2493 459 2620 518 XX.

3529 449 3667 516 1050

2163 575 2286 630 1'56.
2357 575 2569 629 Nobilis
2597 587 2707 638 res,
2741 580 2904 640 atque
2949 569 3004 623 in
3037 568 3232 640 primis
3273 568 3444 634 utilis,
3471 569 3664 622 milita-

2087 668 2166 722 ris
2196 677 2279 722 est
2303 667 2569 731 scientia;
2606 679 2732 718 nam
2769 666 2888 719 sine
2930 662 3076 716 bello
3131 660 3289 715 facile
3329 660 3518 739 hostes
3549 661 3674 714 vin-

2089 761 2183 814 cit.
2218 759 2372 814 lianc
2412 758 2580 830 igitur
2611 757 2760 812 omni
2813 755 2998 811 studio
3047 768 3386 824 cognoscere
3429 759 3672 821 oportet.

2090 850 2264 918 llujus
2308 849 2600 920 disciplina
2635 848 2821 902 multa:
2854 848 3235 917 aggressiones
3270 845 3510 898 hostium
3545 858 3674 897 sus-

2090 943 2358 1013 cipiendm
2415 949 2566 997 sunt.
2602 940 2707 994 Ubi
2750 955 2880 994 vero
2941 939 3057 993 haec
3113 937 3250 991 nihil
3307 936 3520 991 cflicere
3551 951 3675 988 am-

2091 1035 2234 1104 plius
2268 1041 2469 1102 potest,
2502 1041 2618 1086 tum
2672 1033 2860 1086 labore
2904 1030 3158 1100 corporis
3206 1043 3271 1082 ac
3314 1025 3675 1081 dimicatione

2093 1125 2510 1194 periclitandum
2539 1132 2644 1191 est,
2669 1131 2722 1177 et
2757 1138 2882 1176 cum
2907 1122 3160 1177 hostibus
3191 1121 3602 1176 decertandum.

2164 1302 2287 1356 157.
2330 1302 2448 1355 Non
2497 1302 2660 1356 modo
2704 1301 2936 1356 scientia
2980 1299 3355 1369 imperatoria,
3386 1299 3480 1354 sed
3511 1298 3678 1352 etiam

2095 1394 2407 1449 actionibus
2458 1395 2632 1458 illius,
2665 1394 2974 1462 roboreque
2997 1393 3245 1463 corporis
3282 1390 3476 1446 florere
3508 1392 3680 1460 impe-

2093 1493 2246 1540 rator
2281 1485 2463 1540 debet.
2515 1484 2694 1540 Veteri
2727 1484 2874 1539 enim
2908 1483 3334 1548 consuetudine,
3374 1483 3466 1551 qui
3507 1483 3682 1551 impe-

2099 1585 2310 1631 ratores
2339 1576 2510 1632 futuri
2543 1578 2780 1641 fuerant,
2814 1591 2922 1630 non
2977 1575 3141 1630 modo
3185 1591 3360 1645 genus
3411 1573 3684 1630 ducebant

2096 1669 2164 1724 ab
2205 1669 2316 1724 illis
2371 1670 2630 1740 gentibus
2678 1676 2732 1724 et
2785 1668 3027 1732 familiis,
3081 1683 3202 1737 quae
3247 1667 3578 1721 strenuitate
3628 1676 3682 1721 et

2097 1761 2334 1816 rebusin
2381 1761 2527 1841 bello
2567 1762 2736 1830 gestis
2761 1761 2922 1814 clarae
2959 1768 3170 1821 essent,
3210 1757 3305 1814 sed
3334 1758 3522 1813 omnia
3551 1757 3680 1823 alia,

2098 1862 2263 1923 atque
2323 1852 2461 1908 adeo
2514 1867 2715 1908 nomen
2769 1852 2950 1921 ipsum
3001 1849 3248 1906 victoriae
3305 1865 3466 1905 omen
3523 1850 3687 1904 habe-

2021 1921 2066 1979 Β
2095 1921 2249 1998 bant.

2169 2036 2292 2091 1⁸58.
2334 2035 2641 2090 Consilium
2677 2033 2913 2104 perutile
2946 2033 3044 2088 tibi
3081 2033 3345 2099 narrabo,
3377 2033 3521 2104 quod
3553 2031 3682 2086 olim

2095 2129 2360 2198 legeram.
2398 2129 2455 2183 Si
2499 2129 2720 2198 quando
2773 2144 2900 2183 cum
2955 2127 3202 2183 hostibus
3243 2127 3338 2181 tibi
3407 2141 3494 2179 res
3521 2125 3683 2179 fuerit

2095 2223 2256 2291 longe
2311 2237 2542 2276 numero
2590 2222 2862 2292 pluribus,
2904 2236 3080 2288 neque
3129 2235 3252 2274 cum
3306 2219 3415 2274 illis
3463 2226 3686 2287 propter

2096 2316 2504 2370 multitudinem
2539 2315 2875 2370 contendere
2895 2315 3123 2378 audeas,
3151 2313 3245 2367 sed
3273 2327 3468 2367 secure
3503 2310 3686 2365 disce-

2099 2407 2234 2458 dere-
2256 2405 2362 2468 vis,
2385 2403 2618 2458 observa
2643 2405 2688 2458 si
2714 2402 2914 2457 fluvius
2945 2401 3147 2471 aliquis
3179 2401 3393 2455 vicinus
3418 2399 3511 2464 sit,
3539 2399 3687 2452 hunc

2101 2507 2156 2551 tn
2209 2498 2318 2551 alio
2365 2495 2710 2550 transferens
2750 2494 2806 2548 in
2856 2494 3048 2548 hostes
3098 2493 3399 2554 derivabis,
3435 2506 3532 2559 per
3561 2504 3688 2543 eum

2101 2603 2356 2658 campum
2427 2588 2524 2641 ubi
2574 2585 2910 2647 conflictatio
2960 2586 3143 2639 futura
3191 2593 3296 2650 est,
3337 2592 3507 2653 atque
3551 2581 3694 2636 adeo

2103 2679 2303 2733 bellum
2336 2693 2500 2732 omne
2528 2677 2749 2732 irritum
2785 2675 2980 2731 facies.

2175 2855 2298 2911 159.
2334 2855 2520 2910 Facile
2549 2856 2811 2921 reprimet
2841 2853 3082 2908 hostium
3119 2852 3413 2907 consilium
3457 2853 3696 2924 impera-

2104 2948 2211 3006 tor,
2245 2951 2300 2996 et
2328 2942 2375 2996 si
2413 2942 2532 3010 ipse
2563 2949 2679 2995 tum
2711 2951 2880 3004 terra,
2914 2949 3028 2994 tum
3069 2942 3206 2995 mari
3237 2942 3436 2996 habeat
3461 2959 3564 2997 suo
3594 2945 3699 2998 im-

2105 3029 2256 3100 perio
2277 3029 2602 3085 obedientcs
2627 3029 2894 3098 quosdam
2930 3044 2947 3081 :
2981 3037 3035 3081 et
3061 3028 3272 3095 hostes,
3309 3030 3399 3098 qui
3431 3029 3485 3084 in
3519 3033 3700 3086 conti-

2106 3133 2269 3177 nente
2315 3122 2569 3177 habitant
2628 3122 2841 3177 insulas
2905 3121 3201 3192 quasdam,
3260 3133 3356 3192 aut
3417 3124 3698 3182 maritima

2105 3215 2355 3287 quaedam
2389 3217 2510 3269 loca
2531 3230 2850 3286 oppugnare
2887 3232 2948 3270 se
2988 3215 3126 3269 velle
3171 3214 3382 3270 dicant.
3439 3214 3496 3268 Si
3546 3216 3720 3270 enim.

2111 3309 2495 3379 percrebescat
2526 3316 2580 3362 te
2621 3308 2757 3361 velle
2799 3307 2921 3362 illos
2955 3308 3009 3360 in
3065 3307 3381 3362 continente
3409 3314 3557 3361 terra
3597 3323 3700 3376 op-

2111 3413 2378 3471 pugnare,
2411 3396 2835 3469 perterrefacies
2880 3410 2998 3460 eos,
3029 3404 3086 3450 et
3131 3396 3400 3463 reprimes
3441 3409 3471 3448 a
3516 3396 3702 3451 navali

2111 3491 2292 3545 classe
2320 3487 2683 3542 instituenda.

2188 3582 2314 3637 140.
2363 3579 2521 3636 Pium
2569 3578 2887 3642 admodum,
2923 3578 3360 3648 religiosumque
3397 3586 3502 3643 est,
3548 3592 3702 3633 com-

2113 3674 2377 3729 munibus
2403 3675 2457 3728 in
2489 3673 2730 3743 negotiis
2763 3673 3104 3742 Privatarum
3152 3671 3570 3729 inimicitiarum
3610 3687 3704 3725 re-

2115 3764 2495 3819 cordationem
2558 3766 2855 3832 deponere,
2921 3777 3103 3833 neque
3156 3773 3381 3832 propter
3431 3763 3706 3832 privatam

2115 3858 2355 3928 aliquam
2383 3859 2846 3924 malevolentiam,
2873 3873 2986 3912 rem
3023 3871 3372 3912 communem
3407 3856 3702 3924 impedire.

2119 3950 2225 4004 Sed
2288 3952 2341 4005 in
2403 3950 2685 4020 republica
2740 3947 3116 4019 procuranda,
3149 3947 3334 4002 omnia
3387 3946 3705 4016 hujusmodi

2119 4041 2424 4112 abiicienda
2459 4051 2610 4105 sunt,
2642 4048 2756 4094 tum
2790 4038 2937 4110 quod
2974 4037 3044 4092 ad
3092 4052 3380 4109 personas,
3411 4044 3525 4091 tum
3555 4037 3706 4107 quod

2120 4135 2186 4191 ad
2216 4150 2305 4191 res
2346 4136 2603 4205 pertinet,
2636 4142 2690 4187 et
2717 4132 2897 4188 solum
2933 4130 2984 4184 id
3010 4131 3155 4202 quod
3200 4130 3332 4184 utile
3354 4137 3440 4184 est
3480 4129 3706 4183 intuen-

2119 4227 2271 4293 dum,
2301 4236 2468 4298 atque
2513 4227 2568 4280 id
2626 4224 2899 4295 agendum
2935 4231 3064 4277 est:
3103 4223 3206 4280 hoc
3255 4222 3401 4276 enim
3434 4236 3580 4293 saepe
3611 4237 3708 4276 ne.

2120 4319 2381 4387 glectum,
2417 4330 2742 4387 pennagnas
2778 4314 3114 4371 offensiones
3147 4313 3354 4366 attulit.

2193 4408 2318 4464 Mi.
2351 4408 2450 4464 Ubi
2476 4423 2614 4478 opus
2646 4407 2839 4472 fuerit,
2874 4407 2919 4460 si
2943 4406 3182 4460 artificio
3214 4405 3411 4471 utaris,
3450 4419 3708 4474 magnum

2123 4501 2500 4571 adjumentum
2531 4516 2595 4555 ex
2618 4515 2684 4555 eo
2720 4500 2972 4554 habebis.
2993 4497 3049 4552 Si
3077 4498 3225 4553 enim
3252 4495 3474 4552 solertia
3499 4495 3706 4564 aliqua,

429 4589 674 4681 ἐπινοίας
719 4589 1033 4688 προνοή-σῃς
1063 4611 1133 4666 τὰ
1167 4589 1430 4683 μέλλοντα
1477 4608 1747 4677 γίνεσθαι,
1781 4606 1877 4660 καὶ
1914 4605 2004 4674 μά-

2126 4608 2248 4663 qua:
2291 4592 2479 4647 futura
2528 4600 2655 4647 sunt
2727 4591 3057 4659 provideris,
3115 4589 3352 4642 maxime
3406 4598 3588 4644 autem
3643 4601 3710 4638 ex

430 4707 589 4760 λιστα
630 4705 722 4758 ἐπὶ
769 4705 1018 4773 ἀστέρων
1067 4699 1345 4770 ἐπιτολῆς,
1391 4695 1690 4751 καὶταῦτα
1722 4695 2016 4766 προείπῃς,

430 4799 514 4852 ὅτι
546 4797 633 4850 ἐπ’
692 4795 873 4866 ἀγαθῇ
941 4794 1188 4865 σημασίᾳ
1244 4791 1499 4864 μέλλουσι
1545 4787 1816 4857 γίνεσθαι,
1869 4787 2008 4856 ὑπὲρ

431 4892 541 4945 τῶν
575 4891 727 4960 παρά
763 4887 857 4942 σοῦ
901 4884 1339 4958 ἐγχειρουμένων
1388 4882 1733 4956 πραγμάτων
1773 4879 2016 4950 ἐπιρρω-

435 4980 731 5051 σθήσονται
766 4978 816 5030 οἱ
851 4975 958 5028 ὑπὸ
993 4975 1051 5027 σὲ
1084 4973 1439 5045 στρατιῶται,
1477 4971 1667 5041 ὥσπερ
1702 4967 1809 5021 ἀπὸ
1850 4967 2016 5035 οὐρα-

434 5071 527 5126 νοῦ
558 5069 816 5140 ἐπιτολήν
861 5084 985 5122 τινα
1018 5065 1394 5137 σημαίνουσαν
1437 5064 1623 5125 αὑτοῖς
1655 5057 1836 5127 ἀγαθά
1883 5058 2012 5111 uno.

433 5160 737 5233 δεχόμενοι,
788 5159 884 5212 καὶ
923 5155 1220 5230 θαρραλέοι
1277 5154 1495 5208 ἔσονται
1548 5150 1692 5205 κατά
1750 5147 1860 5207 τῶν
1923 5165 2023 5202 ποτ

437 5269 660 5307 Αεμιων.

547 5271 561 5304 ι
613 5270 660 5304 ε.

502 5270 833 5415 ῑιέΰΐ-Τοὺς
862 5339 1015 5411 παρὰ
1044 5335 1138 5390 σοῦ
1189 5337 1246 5388 ἐν
1289 5331 1476 5402 ὁμαλῷ
1508 5330 1604 5384 καλ⁵
1651 5325 1850 5398 πεδινῷ
1873 5326 2022 5394 τόπῳ

437 5442 570 5496 ποτὲ
614 5437 1137 5510 παρατασσομένους
1187 5429 1386 5492 πεζοὺς
1437 5425 1695 5487 ἐνόπλους
1746 5423 1882 5494 πρὸς
1916 5438 2019 5477 κα-

440 5529 766 5607 6αλλαρίους
819 5529 1030 5601 ἐχθρῶν
1087 5523 1357 5597 μηδέποτε
1417 5519 1607 5590 ἐάσῃς,
1658 5516 1764 5572 κᾶν
1817 5513 2020 5607 πολλὴν

439 5604 687 5695 ἀνάγκην
742 5621 1070 5685 ὑποστῶσιν,
1125 5613 1525 5674 καταλιπόντας
1566 5609 1664 5681 τήν
1713 5604 2019 5678 παράταξιν

443 5717 724 5785 ἐκφυγεῖν.
773 5713 1058 5768 Μενόντων
1109 5708 1218 5779 γάρ
1272 5705 1452 5762 αὐτῶν
1507 5700 1700 5756 πολλαὶ
1733 5698 1825 5752 τοῦ
1859 5697 2016 5766 νικᾷν

2126 4686 2367 4741 siderum
2403 4695 2552 4749 ortu,
2584 4685 2809 4755 lucoque
2836 4683 3158 4754 prmdixeris
3186 4682 3389 4734 bonum
3423 4693 3582 4732 omen
3615 4692 3714 4732 ro-

2126 4779 2211 4833 bis
2246 4777 2592 4849 portendere,
2635 4778 2689 4832 in
2748 4777 2913 4831 rebus
2953 4776 3157 4830 vestris
3211 4771 3438 4847 agendis
3486 4786 3712 4840 magno-

2122 4886 2251 4942 pere
2279 4871 2482 4926 milites
2529 4869 2944 4930 animabuntur,
2998 4867 3154 4934 quasi
3214 4865 3280 4918 de
3315 4864 3458 4918 coelo
3509 4862 3713 4914 bonum

2123 4964 2342 5032 aliquod
2378 4963 2484 5016 illis
2529 4960 2973 5031 portenderetur,
3010 4955 3156 5025 quod
3192 4956 3270 5010 illi
3314 4955 3711 5025 approbantes,

2124 5055 2490 5109 animosiores
2521 5051 2815 5106 adversum
2845 5049 3033 5104 hostes
3062 5046 3475 5116 ferocioresque
3527 5050 3712 5100 erunt.

2197 5323 2319 5379 142.
2358 5320 2576 5376 Pedites
2613 5327 2735 5374 tuos
2764 5323 3028 5381 armatos,
3053 5323 3105 5369 et
3130 5313 3421 5368 adversum
3472 5311 3714 5366 hostium

2130 5419 2434 5489 equitatum
2465 5414 2517 5468 in
2549 5413 2714 5484 plano
2746 5409 3154 5480 campestrique
3191 5408 3312 5461 loco
3348 5414 3610 5472 structos,
3647 5419 3717 5457 ne

2127 5510 2435 5581 permittas,
2463 5517 2778 5575 quanquam
2820 5515 3044 5570 magnas
3094 5495 3540 5563 perturbationes
3593 5508 3719 5546 sus-

2129 5606 2364 5668 tineant,
2388 5599 2560 5654 aciem
2610 5597 2924 5651 deserentes
2975 5593 3159 5662 fugere
3205 5609 3218 5645 :
3261 5587 3506 5660 quandiu
3565 5587 3710 5640 enim

2125 5698 2471 5762 permanent,
2500 5687 2683 5758 aliqua
2728 5683 2969 5739 victorire
2991 5695 3116 5752 Spes
3149 5689 3254 5744 est,
3288 5676 3378 5731 ubi
3406 5673 3721 5744 aufugerim

1957 5787 2190 5845 NOTAE.

517 5904 874 5975 (15)Αὺτης.
910 5891 1287 5968 Scribebhtur,
1313 5896 1389 5952 o'v
1423 5895 1538 5967 τῆς.

2212 5883 2325 5954 (Η)
2369 5880 2704 5949 Ἀνέμαθονι
2747 5872 3124 5934 Scribebalur,
3156 5868 3351 5939 ἁνέμα.
