4120 6486
395 475 531 541 1051

1661 479 1940 540 LEONIS
1976 477 2440 540 PHILOSOPHI

2924 367 2952 390 ς

3533 473 3669 539 1052

384 587 568 643 nullus
591 587 782 643 salutis
821 589 973 643 locus
1018 589 1261 658 reliquus
1289 599 1394 651 est.
1429 590 1712 663 dissipatis
1739 594 1851 663 jam
1883 610 1970 665 pc-

2091 592 2308 655 ;λπίδε;,
2341 592 2653 663 φευγόντων
2677 590 2722 644 δ’
2752 589 2981 661 οὐδεμία
3033 589 3305 660 σωτηρίας
3352 587 3528 651 ἐλπὶς,
3566 606 3667 643 περ

383 681 613 746 ditibus,
646 689 701 735 ct
728 681 1005 750 equitibus
1036 682 1479 751 insequentibus.

453 844 577 906 M5.
610 851 1084 917 Quemadmodum
1114 854 1226 908 vita
1261 855 1508 924 jucunda
1536 858 1837 927 expetenda
1864 868 1969 925 est,

384 942 465 998 sic
501 944 694 998 bellica
730 946 1231 1014 periculalibenter
1265 964 1295 1002 a
1321 950 1589 1005 militibus
1608 952 1963 1022 suscipienda

382 1046 550 1090 sunt:
585 1050 648 1090 ea
694 1036 839 1089 enim
891 1041 1241 1108 tranquillam
1275 1057 1608 1111 suavemque
1642 1044 1811 1097 vitam
1843 1044 1973 1099 affe-

383 1136 533 1181 runt.
598 1127 737 1181 Tum
802 1130 946 1184 enim
1010 1131 1198 1187 felices
1244 1133 1376 1188 belli
1422 1135 1605 1190 exitus
1646 1144 1963 1206 sperantur,

383 1219 599 1289 quando
632 1222 902 1290 patientes
933 1238 997 1276 ac
1024 1227 1325 1280 tolerantes
1352 1226 1602 1281 laborum
1637 1236 1766 1282 sunt
1799 1248 1812 1284 :
1859 1229 1973 1283 hac

380 1312 527 1365 enim
553 1312 715 1367 nobis
740 1313 1043 1382 jucundam
1068 1316 1234 1371 vitam
1262 1332 1562 1388 pacemque
1596 1321 1968 1390 suppeditant.

454 1489 581 1546 144.
617 1492 829 1548 Minore
853 1508 978 1548 cum
1007 1494 1194 1550 labore
1226 1504 1425 1562 castra,
1462 1498 1693 1569 locaque
1732 1499 1973 1553 hostium

382 1582 798 1638 incursionibus
846 1596 991 1639 terra
1041 1588 1415 1656 populaheris,
1470 1589 1516 1643 si
1584 1590 1787 1644 milites
1851 1600 1976 1644 tuos

384 1674 657 1743 indigenis
699 1676 916 1729 illorum
951 1677 1195 1732 locorum
1230 1680 1462 1743 similes,
1501 1694 1558 1736 ut
1591 1684 1702 1738 sint
1743 1698 1978 1752 appara-

385 1765 553 1820 veris.
598 1763 732 1819 Mari
771 1774 977 1831 autem,
1010 1767 1056 1821 si
1115 1769 1309 1821 navale
1344 1770 1590 1838 prrelium
1621 1770 1849 1836 faciens,
1886 1771 1974 1824 vel

383 1873 552 1914 naves
584 1859 821 1914 hostium
850 1873 1162 1928 compares,
1219 1860 1301 1913 vel
1352 1861 1491 1915 alias
1526 1876 1694 1915 naves
1752 1861 1818 1916 iis
1850 1877 1974 1930 per-

2073 684 2181 748 ζῶν
2208 684 2743 756 διασκορπισθέντων
2777 684 2873 737 καὶ
2907 683 3015 736 ὑπὸ
3064 681 3444 752 καὸαλλαρίων
3474 682 3669 735 διωκο-

2079 774 2278 842 μένων.

2144 870 2292 934 ρμγ¹.
2332 865 2543 936 ’Ὠσπερ
2592 865 2653 919 τὸ
2706 866 2805 936 ζῇν
2849 864 3021 935 ἡδέως
3067 864 3446 935 ὲπιθυμητδν,
3498 864 3673 928 οὕτως

2072 957 2166 1007 καὶ
2204 956 2312 1008 τῶν
2346 958 2488 1011 κατὰ
2544 956 2783 1026 πόλεμον
2844 955 3107 1010 κινδύνων
3153 957 3281 1020 τοὺς
3334 956 3676 1026 στρατιώτας

2075 1049 2371 1119 προθύμως
2405 1049 2750 1121 ἀπάρχεσθαι
2781 1052 2944 1121 χρέος
2975 1050 3126 1103 ἐστίν
3148 1066 3162 1080 '
3193 1052 3391 1103 ἐκεῖνοι
3429 1050 3536 1119 γάρ
3566 1051 3676 1102 είσι

2072 1139 2167 1193 τοῦ
2202 1140 2301 1211 ζῇν
2329 1143 2500 1211 ἡδέως
2540 1144 2589 1197 oi
2626 1143 2814 1197 αἴτιοι.
2849 1145 2983 1196 Τότε
3026 1145 3135 1213 γὰρ
3172 1145 3241 1197 τὰ
3273 1142 3680 1213 κατορθώματα

2087 1232 2198 1283 τῶν
2231 1234 2509 1304 πολεμίων
2554 1235 2770 1307 ἀληθῶς
2797 1236 3151 1304 γινώσκεται,
3187 1236 3352 1305 ἡνίκα
3375 1239 3442 1305 τῇ
3474 1252 3679 1305 καρτε·

2078 1326 2169 1396 ρίᾳ
2192 1327 2299 1381 τῶν
2338 1329 2517 1381 πόνων
2558 1330 2899 1400 ὲμμένωσινσ
2934 1328 3108 1383 ταῦτα
3152 1330 3208 1382 δὲ
3257 1329 3317 1382 τὸ
3364 1330 3465 1400 ζῇν
3506 1328 3680 1398 ἡδέως

2076 1420 2171 1469 καὶ
2202 1419 2502 1489 εἰρηνεύειν
2532 1419 2641 1472 άπὸ
2666 1420 2790 1472 τῶν
2824 1420 3100 1489 πολεμίων
3123 1418 3465 1487 πορίζουσιν.

2151 1509 2292 1579 ρμδ’.
2338 1511 2705 1581 Ἀπονὼτερον
2743 1511 2831 1575 διᾷ
2876 1512 3081 1580 ἐφόδων
3115 1509 3409 1580 ἀγρεύσεις
3446 1508 3539 1561 καὶ
3575 1509 3679 1561 κά-

2080 1616 2216 1669 στρκ
2257 1600 2387 1652 ποτὲ
2432 1601 2527 1652 καὶ
2580 1601 2756 1671 χωρία
2813 1601 2924 1654 τῶν
2972 1601 3251 1670 πολεμίων
3285 1599 3373 1652 διὰ
3423 1598 3522 1667 μὲν
3577 1597 3682 1666 τῆς

2080 1691 2273 1761 ξηρᾶς.
2306 1692 2401 1745 ἐὰν
2427 1695 2776 1765 σχηματίσῃς
2805 1695 2932 1756 τοὺς
2967 1694 3091 1757 σοὺς
3118 1692 3455 1761 στρατιώτας
3477 1689 3679 1758 ὁμοίως

2078 1787 2191 1846 τοῖς
2222 1785 2508 1853 ἐγχωρίοις
2540 1800 2554 1815 θ
2604 1786 2693 1838 διὰ
2744 1785 2801 1838 δὲ
2844 1784 3141 1854 Θαλάσσης,
3176 1784 3272 1836 ἐάν
3308 1799 3440 1835 ποτε
3467 1796 3681 1852 ναυμα-

2083 1876 2196 1944 χῶν
2251 1875 2467 1947 φθάσῃς
2503 1876 2571 1929 τὰ
2618 1877 2780 1930 πλοῖα
2834 1877 2945 1930 τῶν
2994 1876 3270 1945 πολεμίων
3320 1874 3679 1946 κρατῆσαι,ῆ

385 1951 592 2005 similes
627 1949 821 2013 facias,
851 1958 904 2005 et
933 1951 988 2003 in
1022 1950 1090 2006 iis
1132 1950 1334 2006 milites
1367 1960 1490 2006 tuos
1531 1952 1806 2021 imponas,
1831 1962 1886 2008 et
1912 1952 1979 2007 ad

2091 1969 2253 2039 ἕτερα
2275 1969 2436 2038 ὅμοια
2466 1969 2693 2022 ἐκείνων
2724 1969 3161 2029 κατασκευάσαι,
3192 1969 3287 2022 καὶ
3318 1968 3529 2030 τούτοις
3554 1966 3681 2031 τοὺς

386 2050 589 2094 terram
634 2040 874 2095 hostium
917 2056 1042 2095 cum
1093 2040 1203 2097 illis
1241 2043 1609 2112 navigaveris.
1637 2044 1715 2097 Ita
1749 2043 1874 2110 ﬁet,
1925 2053 1987 2099 ut

385 2131 454 2185 ad
480 2147 574 2186 eas
604 2132 761 2201 quasi
794 2133 856 2186 ad
908 2132 1142 2189 sociales
1175 2150 1343 2190 naves
1383 2135 1573 2192 hostes
1607 2136 1898 2202 accedant,
1924 2147 1979 2193 et

388 2225 608 2280 facilius
636 2227 950 2296 capiantur.

457 2429 580 2483 H5.
620 2426 904 2483 Materiam
930 2430 1029 2483 tibi
1058 2444 1227 2493 nunc,
1255 2438 1309 2484 et
1350 2430 1507 2499 quasi
1551 2430 1745 2485 silvam
1778 2444 1988 2499 praece-

384 2528 607 2594 ptorum
639 2520 956 2584 ostendam,
1011 2521 1214 2591 quibus
1255 2522 1721 2574 accuratcomnia
1759 2524 1906 2574 circa
1938 2529 1990 2576 te

387 2621 670 2682 gerantur.
708 2612 980 2665 Accurata
1007 2612 1112 2665 erit
1143 2620 1413 2665 nocturna
1445 2610 1718 2676 custodia,
1745 2620 1797 2665 et
1825 2627 1991 2666 excu-

390 2706 513 2765 biae,
550 2720 669 2773 qu:e
720 2702 986 2757 fossatum
1036 2702 1376 2766 defendunt,
1412 2706 1456 2759 si
1508 2704 1733 2766 dixeris,
1768 2705 1905 2758 velle
1939 2713 1992 2758 te

388 2796 556 2851 certis
590 2801 645 2850 ct
697 2794 931 2849 diversis
987 2794 1326 2863 temporibus
1386 2793 1535 2848 faces
1579 2793 1884 2849 accendere
1927 2794 1982 2847 in

388 2890 608 2942 excelso
639 2886 877 2955 quodam
906 2895 961 2940 et
992 2885 1299 2940 constituto
1332 2886 1475 2952 loco,
1536 2894 1595 2939 ut
1630 2887 1890 2942 custodes
1922 2886 1991 2940 ad

387 2994 835 3050 unamquamque
867 2978 1040 3033 facem
1088 2987 1460 3045 tuam,contra
1506 2992 1639 3033 suas
1681 2978 1825 3033 faces
1862 2993 1991 3033 sns-

387 3074 583 3127 tollant
638 3084 693 3128 et
743 3072 1169 3126 demonstrent:
1206 3072 1279 3125 ita
1312 3072 1458 3125 enim
1510 3070 1625 3135 fiet,
1673 3078 1733 3124 ut
1778 3080 1993 3141 tempus

387 3181 499 3238 quo
554 3166 728 3220 facem
795 3172 1123 3219 ostensurus
1157 3179 1217 3219 es
1266 3164 1609 3233 ignorantes,
1657 3172 1713 3218 et
1754 3164 1979 3219 assidue

387 3264 800 3327 exspectantes,
844 3255 1072 3325 vigilcnt
1130 3264 1184 3310 et
1217 3254 1511 3325 diligenter
1546 3255 1809 3309 excubias
1859 3270 1989 3310 suas

388 3353 699 3405 observent.
738 3347 835 3402 Sin
885 3347 1112 3418 quidam
1168 3348 1410 3414 tradent,
1440 3347 1626 3402 statim
1679 3346 1987 3418 deprchen-

389 3446 607 3499 dentur.

463 3537 585 3591 146.
642 3535 1069 3604 Desperatorum
1133 3534 1419 3590 hominum
1464 3548 1677 3605 pugnas
1724 3533 1985 3600 devitarc,

390 3626 679 3699 prudentis
718 3622 1069 3697 imperatoris
1109 3637 1213 3681 cst.
1249 3624 1567 3696 Desperatio
1613 3627 1758 3680 enim
1793 3642 1988 3683 neces-

391 3723 559 3774 sitate
610 3717 848 3788 quadam
910 3718 1246 3788 impellente,
1298 3717 1700 3774 audacissimos
1747 3716 1988 3774 fortissi-

391 3826 624 3881 mosque
653 3811 854 3866 milites
888 3808 1039 3865 facit.
1081 3808 1399 3882 DeSperatio
1431 3818 1613 3864 autem
1648 3809 1991 3875 est,quando

391 3907 516 3977 quis
554 3906 753 3961 salutis
806 3905 987 3958 locum
1052 3904 1262 3956 nullum
1313 3903 1621 3965 inveniens.
1656 3903 1708 3956 in
1770 3905 1980 3957 hostem

390 4001 523 4066 ruit,
558 4011 609 4054 et
634 3999 716 4054 vel
753 3999 974 4055 vincere
1003 3998 1231 4067 cogitat,
1269 3997 1351 4051 vel
1388 3997 1547 4051 mori.
1586 3996 1641 4050 Si
1676 3998 1855 4052 castra
1889 4011 1985 4064 po-

392 4093 570 4149 sueris
604 4103 796 4147 contra
826 4092 1043 4154 hostes,
1073 4097 1129 4144 et
1162 4098 1359 4144 ventus
1394 4089 1615 4143 illorum
1656 4098 1836 4144 castra
1864 4104 1990 4142 ver-

393 4199 490 4238 sus
514 4184 708 4253 spirat,
764 4182 1119 4237 incendendae
1159 4188 1371 4251 segetes
1428 4193 1686 4250 agrorum
1737 4185 1891 4244 sunt,
1924 4186 1987 4231 ut

391 4274 609 4331 ﬂamma
644 4274 709 4327 ad
744 4271 869 4328 illos
913 4273 1148 4343 perlata,
1179 4272 1232 4327 in
1272 4271 1457 4341 fugam
1488 4269 1882 4341 conjiciantur.

464 4455 589 4510 H7.
647 4451 881 4519 Quando
933 4452 987 4507 in
1028 4452 1304 4522 regionem
1341 4450 1582 4506 hostium
1617 4450 1989 4505 incursionem

394 4548 647 4604 facturus
674 4549 772 4607 sis,
797 4545 943 4601 circa
984 4545 1166 4597 lumen
1208 4544 1441 4598 insidias
1465 4543 1715 4599 diversas
1761 4545 1993 4601 diversis

2094 2060 2220 2121 σοὺς
2254 2059 2596 2129 στρατιώτας
2619 2062 2940 2131 ἐμϐιϐάσαι,
2964 2063 3061 2114 καὶ
3084 2064 3152 2132 τῇ
3183 2063 3254 2131 γῇ
3276 2060 3386 2112 τῶν
3405 2058 3681 2130 πολεμίων

2093 2152 2191 2205 σὺν
2224 2148 2415 2216 αὑταῖς
2439 2155 2844 2209 καταπλεῦσαι.
2875 2154 3067 2218 Οὕτως
3096 2155 3202 2224 γὰρ
3230 2153 3305 2215 ὼς
3328 2153 3533 2221 φιλίαις
3560 2152 3684 2213 ταῖς

2092 2243 2255 2296 ναυσὶ
2287 2246 2625 2315 προσχόντες
2668 2248 2717 2299 oi.
2764 2246 2998 2299 ἐναντίοι
3031 2245 3092 2298 οὺ
3125 2244 3434 2314 φεύξονται,
3466 2247 3559 2297 καὶ
3588 2244 3683 2295 6'3-

2092 2338 2317 2407 χερέστε
2327 2354 2418 2406 ρον
2454 2338 2858 2410 ἀλωθήσονται.

2169 2425 2307 2496 ρμε’.
2337 2428 2513 2499 ’Ύλην
2551 2430 2870 2500 ἀγρυπνίας
2909 2448 2991 2484 σοι
3023 2431 3377 2502 διηγήσομαι.
3428 2428 3687 2501 Ἀκριϐὴς

2092 2520 2201 2586 γὰρ
2230 2519 2295 2573 ἂν
2312 2521 2521 2588 γένοιτο
2555 2525 2647 2575 καὶ
2676 2523 2952 2594 πάννυχος
2982 2524 3375 2595 παραφυλακὴ,
3420 2523 3530 2575 είτε
3563 2537 3690 2590 φοσ·

2097 2608 2261 2661 σάτου
2291 2610 2395 2662 ὑπὸ
2427 2609 2618 2680 βίγλας
2644 2612 3073 2682 φυλαττομένου,
3101 2612 3394 2684 ὲάνεῖπῃς,
3420 2613 3502 2666 ὅτι
3538 2611 3687 2667 Μέλ-

2095 2700 2172 2751 λω
2198 2701 2339 2754 κατά
2368 2702 2659 2773 διαφόρους
2693 2703 2788 2767 οὒς
2820 2704 2958 2758 θέλω
2994 2707 3223 2777 καιροὺς
3252 2706 3517 2760 ἀνάπτειν
3546 2704 3684 2775 λαμ-

2099 2792 2318 2864 πτῆρας
2355 2796 2435 2858 εἰς
2467 2796 2619 2849 τόνδε
2666 2797 2759 2849 τόν
2810 2796 3104 2867 περίοπτον
3154 2798 3338 2861 τόπον,
3381 2799 3469 2852 ἵνα
3499 2798 3592 2851 καὶ
3636 2800 3687 2851 oi

2098 2883 2338 2952 φύλακες
2372 2887 2507 2957 πρὸς
2537 2887 2771 2942 ἕκαστον
2820 2888 2933 2943 τῶν
2988 2889 3139 2962 παρὰ
3201 2889 3297 2943 σοῦ
3348 2891 3689 2962 λαμπτήρων

2096 2977 2429 3048 ἀντανὲχωσι
2454 2981 2547 3033 καὶ
2575 2981 2895 3035 δεικνύωσιν
2926 2982 3089 3046 ίδίους
3131 2983 3482 3053 λαμπτῆρας·
3512 2983 3687 3047 οὕτως

2096 3068 2205 3140 γὰρ
2229 3070 2329 3141 τὴν
2357 3070 2509 3143 ὥραν
2550 3073 2652 3141 τῆς
2688 3074 2789 3143 σῆς
2823 3073 3190 3143 ἀναλάμψεως
3223 3074 3548 3144 ἀγνοοῦντες
3595 3078 3691 3128 καὶ

2097 3159 2440 3231 ἐκδεχόμενοι
2456 3162 2554 3216 διὰ
2585 3179 2663 3217 πα
2677 3164 2789 3227 ne;
2827 3165 3286 3236 ὲγρηγορήσουσι,
3316 3164 3411 3220 καὶ
3445 3165 3689 3219 ἀποσκοο

2098 3253 2207 3323 πὴν
2237 3252 2336 3317 τὰς
2372 3253 2561 3323 βίγλας
2589 3255 2769 3309 αὐτῶν
2803 3255 3345 3327 παρασκευάσουσιν.
3375 3257 3508 3328 [Είδέ
3544 3273 3691 3321 τινες

2095 3345 2487 3416 ὑστερήσουσιν
2519 3348 2632 3418 (45)
2665 3346 2871 3411 εὐθέως
2900 3347 3330 3419 γνωσθήσονται.

2174 3536 2331 3601 ρμς⁹.
2358 3530 2432 3584 Τὸ
2459 3529 2831 3599 φυλάσσεσθαι
2859 3530 2959 3595 τὰς
3006 3529 3064 3597 ἐξ
3088 3530 3346 3595 ἀπονοίας
3378 3531 3557 3603 μάχας
3583 3531 3695 3587 τῶν

2093 3621 2369 3693 πολεμίων
2403 3624 2695 3695 ὲχέφρονός
2720 3625 2837 3676 ἐστι
2861 3624 3194 3694 στρατηγοῦ.
3234 3625 3302 3677 Ἡ
3329 3627 3439 3696 γὰρ
3463 3626 3694 3679 ἀπόνοια

2091 3715 2194 3786 τὴν
2227 3716 2476 3785 ἀνάγκην
2541 3714 2741 3785 ἔχουσα
2804 3716 3279 3787 παροτρύνουσαν,
3318 3716 3693 3787 θρασυτάτους

2092 3807 2187 3859 καὶ
2227 3807 2510 3878 ἀνδρείους
2556 3808 2685 3871 τοὺς
2728 3808 3071 3878 μαχομένους
3128 3811 3293 3863 ποιεῖ.
3341 3810 3593 3863 Ἀπόνοια
3635 3810 3694 3863 δέ

2091 3900 2267 3964 ἐστιν,
2300 3902 2430 3953 ὅταν
2457 3918 2541 3963 τις
2567 3901 2843 3973 σωτηρίας
2863 3899 3056 3953 ἐλπίδα
3089 3902 3271 3973 εὑρεῖν
3297 3901 3372 3973 μὴ
3396 3902 3695 3973 δυνάμενος

2093 3993 2253 4063 ἐνστῇ
2287 3993 2423 4064 πρὸς
2466 3992 2559 4045 τὸν
2600 3993 2865 4055 ἐναντίον,
2911 3991 3052 4045 ὥστε
3096 3993 3130 4065 ἢ
3163 3993 3383 4065 νικῆσαι
3413 3995 3444 4069 ἢ
3479 3995 3693 4051 ἀποθα-

2094 4086 2228 4137 νεῖν.
2279 4085 2407 4138 Ἐἀν
2456 4085 2515 4139 δὲ
2558 4085 2999 4159 στρατοπεδεύῃς
3048 4088 3335 4141 κατέναντι
3394 4088 3693 4158 πολεμίων,

2093 4176 2187 4230 καὶ
2240 4179 2268 4230 ό
2316 4178 2516 4247 ἄνεμός
2569 4180 2685 4231 ἐστι
2749 4180 2887 4250 πρὸς
2929 4181 3127 4243 αὐτοὺς
3164 4180 3557 4251 ἐπερχόμενος,
3590 4182 3691 4251 ἑμ-

2096 4268 2290 4339 πύριζε
2324 4271 2413 4323 τὸν
2441 4270 2548 4324 ἀπὸ
2585 4271 2683 4341 τῆς
2717 4271 2820 4341 γῆς
2852 4270 3163 4339 ἀναφυέντα
3190 4271 3404 4341 χόρτον,
3446 4273 3532 4325 ἵνα
3556 4274 3696 4343 πρὸς

2093 4359 2292 4422 αὐτοὺς
2323 4361 2693 4432 ἐπερχόμενον
2722 4361 2783 4413 τὸ
2816 4360 2928 4431 πῦρ
2968 4361 3179 4432 τροπῆς
3227 4361 3406 4415 αἴτιον
3440 4364 3694 4432 γένηται.

2172 4451 2322 4524 ρμξ.
2357 4454 2529 4507 Ὅταν
2559 4453 2761 4525 μέλλῃς
2794 4454 2935 4507 κατὰ
2967 4453 3170 4524 χωρίου
3202 4454 3349 4518 τινὸς
3383 4454 3492 4508 τῶν
3528 4454 3692 4507 πολε-

2100 4548 2243 4616 μίων
2279 4545 2470 4615 ἔφοδον
2503 4548 2799 4613 ποιεῖσθαι,
2838 4547 2967 4617 περὶ
3010 4547 3069 4600 τὸ
3120 4546 3289 4616 αὒγος
3324 4547 3697 4619 ὲγκρύμματα

394 4643 451 4696 in
479 4641 617 4695 locis
663 4638 935 4695 collocato
982 4654 995 4691 :
1035 4636 1108 4691 ita
1157 4636 1300 4689 enim
1330 4634 1566 4691 diversis
1604 4636 1740 4691 locis
1786 4637 1841 4690 in
1874 4637 1984 4692 illos

2106 4641 2340 4711 διάφορα
2371 4639 2506 4694 ἄλλα
2538 4640 2774 4709 ἀλλαχοῦ
2827 4640 3173 4710 κατάστησον
3218 4640 3307 4693 διὰ
3350 4641 3448 4711 τῆς
3474 4642 3690 4704 νυκτός·

394 4735 612 4791 irruens
638 4732 1016 4789 vehementius
1069 4729 1449 4795 Cunttn‘babis,
1494 4738 1549 4784 et
1596 4728 1877 4799 dispersos
1907 4746 1984 4785 eo:

2105 4732 2278 4796 οὕτως
2309 4734 2418 4805 γὰρ
2443 4732 2717 4804 διαφόρως
2765 4732 3110 4804 προσδαλὼν,
3139 4724 3237 4786 καὶ(
3260 4734 3421 4786 πλέον
3460 4732 3696 4804 θορυϐή-

396 4829 614 4885 facilius
634 4830 840 4899 capies.
866 4827 979 4882 Hoc
1003 4833 1269 4895 praeterea
1302 4823 1399 4877 tibi
1434 4822 1863 4893 praecipiendum
1893 4831 1997 4885 est,

395 4930 456 4976 ut
492 4920 808 4992 huiusmodi
863 4935 964 4975 nec
996 4918 1238 4990 Opinatis
1293 4916 1715 4971 incursionibus
1762 4915 1999 4971 tribulos

397 5016 608 5069 ferreos
632 5023 796 5067 noctu
860 5013 1069 5067 circum
1121 5009 1391 5079 conjicies
1421 5048 1437 5074 ,
1485 5015 1540 5063 et
1567 5007 1781 5076 pedites
1811 5006 1894 5060 tui
1928 5007 1998 5060 li-

397 5122 565 5177 gneus
599 5120 793 5161 saccos
824 5106 944 5158 vice
978 5103 1115 5158 corii
1146 5103 1457 5157 calceorum
1493 5098 1751 5153 habeant.
1798 5096 1873 5151 Ita
1906 5098 1996 5152 fiet

400 5208 482 5263 nt,
509 5200 557 5255 si
584 5200 676 5270 qui
711 5216 777 5253 ex
807 5198 1063 5253 hostibus
1103 5195 1343 5265 pedites,
1375 5203 1471 5247 aut
1494 5191 1732 5261 equites,
1765 5189 1997 5260 rejicere

397 5290 631 5346 tribulos
662 5290 958 5356 voluerint,
987 5286 1149 5342 facile
1203 5284 1626 5357 prohibeantur,
1666 5290 1723 5337 et
1783 5282 1996 5353 pedites

396 5386 472 5438 tui
504 5383 738 5439 oliieinm
767 5398 925 5439 suum
956 5380 1181 5435 faciant.

2108 4839 2231 4896 σῃς,
2255 4823 2353 4875 καὶ
2381 4821 2818 4893 διεσπαρμένους
2877 4822 3220 4886 ὲπισυνάξεις
3248 4823 3374 4885 τοὺς
3404 4822 3699 4891 ἁλισκομέ-

2059 4932 2250 4991 ’νους.
2303 4913 2415 4966 Καὶ
2467 4913 2626 4967 τοῦτο
2667 4914 2723 4965 δέ
2775 4930 2857 4966 σοι
2910 4912 3266 4984 προστίθημι,
3324 4913 3410 4965 ἵνα
3465 4915 3523 4966 ἐν
3578 4914 3698 4975 ταῖς

2103 5007 2384 5068 τοιαύταις
2423 5004 2567 5058 κατὰ
2600 5004 2786 5076 χώρας
2828 5004 3116 5077 ἀδοκήτοις
3160 5004 3482 5058 ὲπελεύσεσι
3508 5004 3698 5077 τρισό-

2104 5095 2228 5158 λους
2262 5094 2520 5165 σιδηροῦς
2556 5094 2751 5156 νυκτὸς
2805 5094 3097 5166 διαρίπτῃς
3136 5096 3197 5148 ὲν
3237 5094 3441 5163 κύκλῳ,
3475 5094 3604 5157 τοὺς
3641 5093 3699 5145 δὲ

2106 5187 2310 5251 πεζοὺς
2356 5186 2450 5239 τοῦ
2508 5184 2600 5237 σοῦ
2654 5186 3067 5255 στρατεύματος
3119 5186 3449 5258 προστάξεις
3500 5185 3698 5254 στερεά

2105 5281 2228 5351 ἦτοι
2256 5280 2444 5347 ξύλινα
2483 5279 2605 5349 ἴχνη
2654 5280 2776 5333 ἀντὶ
2817 5280 3184 5349 κασσυμάτων
3215 5278 3362 5350 ἔχειν
3390 5279 3461 5333 τὰ
3494 5278 3697 5347 ὑποδή-

2108 5390 2275 5444 ματα.
2310 5371 2498 5435 Οῦτως
2520 5370 2651 5441 γὰρ,
2682 5369 2779 5423 ἐὰν
2807 5370 2901 5423 καί
2922 5388 3065 5434 τινες
3099 5370 3487 5443 βουληθῶσινῆ
3521 5369 3695 5434 πεζοὶ,

397 5479 813 5551 ἢκαὸαλλάριοι
843 5478 1155 5551 ἀμύνασθαι
1184 5479 1296 5541 τοῖς
1332 5476 1602 5549 τριϐόλοις
1648 5474 1985 5545 ἐμπεσόντες
2028 5474 2464 5544 κωλυθήσονται,
2512 5470 2563 5523 οἱ
2602 5470 2659 5523 δὲ
2694 5470 2851 5535 πεζοὶ
2883 5470 2944 5524 τὸ
2974 5472 3173 5523 οίκεῖον
3241 5470 3405 5541 ἔργον
3462 5468 3694 5524 ἀνύσου-

397 5589 506 5627 σιν.

472 5667 594 5721 148.
626 5667 873 5723 Pretiosa
923 5682 1013 5721 res
1052 5677 1136 5721 cst
1184 5664 1546 5735 temperantia
1580 5670 1693 5719 tum
1754 5665 1991 5735 impera-

403 5746 530 5823 tori,
563 5767 680 5813 tum
710 5759 979 5814 exercitui
1009 5799 1022 5823 ,
1060 5768 1315 5830 stuprum
1364 5767 1553 5813 contra
1604 5756 1978 5827 perniciosum

2176 5657 2324 5733 ρμη’.
2366 5659 2571 5727 Κτῆμα
2618 5654 2800 5725 τίμιον
2837 5654 2869 5722 ἡ
2907 5652 3229 5723 σωφροσύνη
3263 5652 3355 5705 καὶ
3404 5648 3696 5723 στρατηγῷ

2094 5754 2187 5808 καὶ
2243 5748 2640 5823 στρατεύματι,
2697 5745 2887 5814 ὥσπερ
2937 5746 2969 5815 ἡ
3022 5744 3249 5815 πορνεία
3310 5743 3552 5797 ἐναντίον
3600 5744 3696 5795 καὶ

1909 5850 2143 5906 NOTAE.

470 5943 585 6013 (L5)
635 5941 1127 6007 Ύσιέρήσουσιν.
1167 5942 1549 6011 Scribebatur,
1583 5944 1993 6011 ύστερήσουσ...
