4120 6476
393 503 413 568 1
427 503 531 568 05.3

1512 496 1842 556 TACTICA;
1879 524 1944 534 —-
1986 492 2488 562 CONSTITUTIO
2537 475 2662 565 xxi

3519 503 3654 567 105’s

389 613 649 684 ὀλέθριον.
684 607 793 663 Καὶ
829 607 1056 680 μάλιστα
1093 608 1149 660 ἐν
1183 606 1543 677 αἰχμαλωτίσι
1585 606 1804 674 γυναιξὶ
1836 623 1977 674 γινο-

2089 617 2136 664 et
2193 608 2440 678 foedum,
2508 611 2845 680 captivarum
2906 609 3276 682 potissimum.
3340 609 3517 680 llujus
3574 615 3655 669 rei

392 705 553 778 μένη,
580 702 674 755 καὶ
698 702 966 773 μαρτυρεῖ
980 699 1048 752 τά
1070 699 1208 753 κατά
1229 701 1322 752 τὸν
1339 697 1526 761 Φινεὲς
1549 700 1628 760 είς
1646 697 1744 768 τὴν
1760 697 1971 751 Μαδια-

390 794 562 848 νίτιδα
591 795 827 861 γυναὶκα
872 793 966 845 καὶ
995 792 1084 845 τὸν
1114 789 1345 860 Ζαμὸρῆ
1375 789 1658 857 γεγονότα.
1686 790 1832 852 Mtti'u;
1862 788 1973 858 γὰρ

389 886 650 956 γυναικδς
678 885 1024 956 αἰχμαλώτου
1081 881 1310 955 πορνεία
1357 882 1479 935 ὃλον
1519 881 1580 935 τὸ
1610 883 1971 949 στρατόπεδον

387 980 498 1032 τῶν
518 979 880 1048 νενικηκότων
902 977 1097 1048 μικροῦ
1120 975 1498 1047 διέφθειρεν,εί
1529 974 1604 1044 μὴ
1633 973 1763 1044 ἔστη
1788 975 1970 1036 Φινεὲς

390 1071 487 1125 καὶ
515 1072 848 1139 ἐκκεντῆσας
898 1069 1025 1132 τοὺς
1060 1068 1473 1138 ἁμαρτάνοντας
1507 1065 1603 1118 καὶ
1649 1065 1969 1129 θανατώσας

390 1163 693 1227 ἐξιλάσατο.
738 1161 847 1214 Kal.
896 1159 1162 1213 ἐκόπασεν
1207 1161 1241 1230 ἡ
1277 1156 1525 1228 θραῦσις,
1568 1155 1665 1210 καὶ
1707 1155 1965 1226 ἐλογίσθη

391 1253 541 1324 αὐτῷ
569 1254 649 1316 είς
685 1251 1052 1321 δικαιοσύνην.

466 1344 608 1417 ρμθ’.
662 1345 881 1415 Ῥώμην
910 1345 1159 1413 ἐνθήσεις
1185 1345 1297 1406 τοῖς
1330 1343 1690 1414 στρατιώταις
1731 1343 1790 1396 ἐν
1827 1341 1971 1414 ἡμέ-

397 1454 466 1509 ρᾳ
503 1437 768 1507 πολέμου,
819 1435 914 1488 ἐὰν
949 1435 1251 1502 ἐξαναστάς
1281 1435 1451 1488 ἕωθεν
1480 1435 1558 1498 ὼς
1587 1435 1697 1488 ἀπὸ
1725 1434 1859 1487 Θεοῦ
1889 1451 1972 1487 σοι

393 1529 625 1598 ὀφθέντα
655 1528 863 1599 ὄνειρον
904 1525 1266 1597 ἐπιφημίσῃς,
1383 1526 1457 1590 ώς
1496 1527 1604 1580 ἀπό
1639 1534 1786 1589 τινος
1812 1524 1974 1593 ἁγίας

393 1619 677 1688 δυνάμεως
704 1615 1119 1688 προτρεπούσης
1141 1617 1386 1670 ἐπελθεῖν
1406 1616 1547 1670 κατά
1568 1615 1677 1672 τῶν
1701 1617 1976 1686 πολεμίων

395 1711 493 1766 καὶ
526 1709 881 1779 ἐπιφανείσης
907 1726 988 1762 σοι
1015 1709 1150 1778 πρὸς
1182 1709 1516 1779 συμμαχίαν.

468 1809 566 1874 ρν’.
609 1800 744 1854 Ἀπὸ
795 1801 1095 1871 χρημάτων
1148 1799 1405 1864 πολλάκις
1435 1801 1530 1852 καὶ
1572 1799 1700 1854 ἄνευ
1735 1796 1976 1866 πολέμου

397 1884 770 1956 κατορθώσεις
797 1887 940 1940 κατὰ
971 1886 1246 1956 πολεμίων
1277 1902 1372 1938 σου
1399 1886 1578 1954 νίκην,
1614 1887 1742 1939 ὅταν
1775 1884 1980 1954 ἐτέρων

399 1980 679 2051 πολεμίων
721 1980 905 2041 αὐτοῖς
956 1997 1060 2032 που
1122 1977 1549 2049 παρακειμένων
1577 1975 1803 2038 τούτους
1843 1976 1982 2045 χρή-

403 2087 536 2140 μασι
572 2068 766 2131 πείσας
794 2068 1054 2138 πολεμεῖν
1081 2067 1196 2131 τοῖς
1250 2069 1363 2130 σοῖς
1407 2063 1674 2126 ἐναντίοις
1707 2065 1978 2134 ποιήσεις.

404 2163 472 2215 Ἢ
513 2162 624 2232 γὰρ
653 2158 914 2230 ἀλλήλους
954 2158 1268 2228 φθεροῦσιν,
1308 2160 1340 2232 ᾗ
1387 2159 1448 2210 τὸ
1476 2157 1532 2209 ἒν
1566 2156 1730 2226 μέρος
1757 2156 1984 2225 ἐπικρα-

399 2252 575 2321 τήσει,
607 2249 837 2312 πολλοὺς
867 2248 1122 2319 ἀρίστους
1151 2247 1423 2301 άποϐαλὸν
1479 2248 1538 2299 ἐν
1592 2244 1670 2315 τῷ
1709 2245 1852 2297 κατά
1882 2243 1982 2314 τὴν

404 2341 584 2410 μάχην
610 2337 802 2407 ἀγῶνι.
838 2339 946 2390 Καὶ
980 2339 1090 2406 γὰρ
1133 2336 1242 2389 τῶν
1275 2336 1444 2406 ἄμφω
1493 2334 1767 2404 πολεμίων
1811 2333 1983 2398 οὕτως

402 2430 806 2501 ἠλασσωμένων
853 2427 988 2499 ὁμοῦ
1028 2427 1243 2499 ἀπαθὴς
1289 2429 1454 2491 αὐτὸς
1497 2427 1591 2480 καὶ
1634 2423 1984 2496 ίςχυρότερος

403 2521 630 2577 ἐκείνων
658 2522 1048 2592 ἀναδειχθήση.

467 2613 613 2686 -ρνα’.
645 2611 769 2678 Τοῖς
827 2612 1171 2684 βουλομένοις
1207 2612 1398 2684 βιαίως
1447 2613 1506 2666 ἐν
1537 2611 1714 2683 καιρῷ
1745 2612 1984 2683 πολέμου

403 2707 504 2777 τὴν
553 2706 652 2777 σὴν
701 2705 1006 2776 παράταξιν
1060 2704 1368 2776 διαρρῆξαι,
1409 2704 1502 2758 καὶ
1535 2705 1794 2768 διεκθεῖν,
1819 2704 1988 2758 δίοδον

405 2798 668 2860 ἑκουσίως
713 2797 942 2866 πάρεχε.
976 2797 1070 2848 καὶ
1103 2797 1242 2864 μετά
1267 2796 1440 2851 ταῦτα
1493 2796 1844 2866 ἐπίστρεψον,
1893 2796 1992 2850 καὶ⁸

405 2889 597 2959 ὥσπερ
625 2887 884 2956 φεύγουσι
941 2887 1083 2940 κατὰ
1113 2886 1282 2939 νώτου
1335 2886 1612 2950 ἐπιτεθεὶς
1643 2887 1844 2957 ῥᾳδίως
1888 2903 1988 2940 κα-

408 2979 688 3046 ταδιώξεις
723 2977 940 3041 αύτούς.

482 3071 617 3143 ρνβ’.
645 3072 806 3124 Ὥστε
835 3069 910 3140 μὴ
936 3067 1102 3138 φόϐον
1139 3067 1454 3136 εἰσάγεσθαι
1481 3067 1561 3133 είς
1588 3069 1650 3121 τδ
1681 3067 1999 3138 «parem--

411 3164 615 3218 δονιδιά
651 3163 776 3225 τοὺς
833 3161 1074 3231 ἀκαίρως
1119 3158 1601 3222 λιποτακτοῦντας,
1631 3157 1845 3228 ταχέως
1883 3156 1988 3210 αύ-

2081 703 2456 758 testimonium
2511 704 2605 758 dat
2641 702 2882 759 Phincos
2929 703 3155 769 factum,
3184 702 3333 774 quod
3369 703 3422 757 in
3453 704 3662 760 Madia-

2078 793 2304 849 nitidem
2329 805 2383 850 et
2434 794 2667 850 Zatnbre
2719 795 2964 866 suscepit
2997 811 3010 848 :
3048 795 3211 850 unius
3247 797 3392 850 enim
3445 795 3663 851 femina:

2077 892 2302 960 captiva:
2363 891 2744 961 constupratio
2817 891 3079 944 victorem
3168 889 3468 945 exercitum
3523 903 3663 958 pene

2077 982 2389 1049 delevisset,
2433 985 2540 1038 nisi
2573 984 2815 1038 stetisset
2850 982 3106 1048 Phinees,
3143 991 3197 1036 et
3223 992 3515 1051 utrumque
3539 995 3664 1050 pec-

2075 1085 2316 1130 catorem
2342 1075 2749 1142 transfodissel,
2776 1084 2830 1131 et
2857 1076 3078 1130 illorum
3119 1084 3292 1129 morte
3351 1073 3516 1128 Deum
3543 1073 3662 1143 pla-

2073 1174 2274 1222 casset.
2303 1162 2490 1236 Itaque
2517 1166 2756 1222 cessavit
2782 1166 2962 1238 plaga,
2999 1173 3053 1221 et
3084 1165 3332 1220 habitum
3385 1173 3469 1220 est
3499 1164 3552 1218 ei
3593 1163 3662 1218 ad

2066 1255 2365 1326 justitiam.

2143 1345 2267 1400 M9.
2302 1345 2654 1402 Alacritatem
2684 1347 2749 1402 ad
2798 1363 3037 1420 pugnam
3081 1349 3351 1405 militibus
3387 1353 3662 1418 attuleris,

2073 1434 2118 1489 si
2144 1435 2263 1505 ipso
2290 1436 2414 1490 belli
2435 1436 2526 1491 die
2557 1452 2714 1492 mane
2737 1453 3098 1509 consurgens,
3128 1440 3464 1495 insomnium
3490 1445 3667 1512 quod~

2074 1525 2200 1579 dam
2239 1526 2510 1584 divinitus
2545 1528 2644 1583 tibi
2695 1529 3004 1585 immissum
3045 1547 3169 1588 esse
3223 1533 3400 1598 dicas,
3436 1537 3580 1608 quod
3615 1544 3668 1592 te

2076 1617 2142 1672 ad
2172 1617 2508 1674 invadendos
2541 1619 2730 1675 hostes
2755 1622 2988 1687 incitet,
3022 1632 3076 1677 et
3099 1624 3362 1678 auxilium
3393 1627 3668 1695 quoddam

2083 1706 2150 1761 ad
2184 1711 2537 1779 pugnandum
2569 1713 2665 1768 tibi
2701 1724 2988 1770 monstret.

2158 1799 2280 1854 150.
2334 1799 2574 1856 Pecunia
2628 1819 2792 1873 saepe,
2839 1805 2960 1860 sine
3005 1807 3215 1876 prtulio,
3269 1809 3555 1867 victoriam
3602 1814 3671 1870 de

2089 1889 2338 1946 hostibus
2363 1895 2690 1960 reportabis.
2712 1894 2814 1950 Ubi
2837 1897 2926 1950 alii
2963 1897 3149 1953 hostes
3175 1899 3280 1954 illis
3322 1902 3667 1969 immineant,

2081 1993 2176 2034 eos
2209 1983 2438 2050 pecunia
2478 1991 2568 2038 tua
2605 1986 2868 2051 adduces,
2911 1996 2970 2042 ut
3008 1987 3209 2044 bellum
3247 1991 3354 2046 illis
3381 1993 3621 2050 inferant
3653 2037 3669 2058 .

2083 2070 2168 2124 vel
2200 2071 2346 2125 enim
2378 2087 2438 2127 se
2465 2082 2655 2129 mutuo
2683 2077 2998 2143 vaSIabunt,
3031 2078 3114 2132 vel
3143 2079 3314 2135 altera
3349 2096 3476 2151 pars
3504 2091 3671 2154 supe-

2083 2161 2260 2217 riores
2320 2162 2542 2218 habebit
2578 2204 2594 2226 ,
2633 2167 2819 2234 praelio
2877 2183 3001 2222 cum
3047 2169 3218 2224 altera
3270 2172 3565 2237 dimicans,
3619 2184 3672 2230 et

2085 2250 2289 2304 multos
2315 2259 2496 2307 tamen
2520 2268 2586 2308 ex
2649 2255 2766 2310 suis
2816 2256 3045 2312 amittet.
3082 2256 3340 2329 Utrisque
3395 2262 3561 2330 igitur
3590 2265 3674 2320 sic

2086 2339 2416 2407 imminutis,
2451 2354 2507 2399 tu
2552 2348 2800 2401 omnium
2855 2349 3128 2404 malorum
3156 2365 3385 2418 vacuus,
3419 2354 3528 2409 illis
3559 2355 3674 2410 for-

2085 2433 2195 2486 tior
2224 2434 2615 2507 robustiorque
2643 2437 2772 2494 eris.

2160 2603 2280 2657 15L
2314 2601 2370 2658 Si
2402 2605 2495 2674 qui
2528 2605 2701 2689 aciem
2737 2616 2885 2663 tuam
2919 2618 3165 2680 tempore
3209 2614 3381 2683 praelii
3431 2631 3680 2687 perrum-

2087 2710 2216 2764 pere
2248 2697 2458 2763 volunt,
2520 2699 2816 2754 transitum
2867 2702 2976 2756 illis
3029 2704 3264 2759 liberum
3297 2707 3448 2774 dato,
3489 2719 3544 2764 et
3583 2711 3676 2766 ubi

2091 2787 2432 2853 transierint,
2480 2799 2690 2860 alet-go
2745 2793 2903 2861 quasi
2963 2793 3224 2866 fugitivos
3255 2799 3564 2869 adoriaris,
3623 2813 3678 2859 et

2089 2876 2250 2932 facile
2282 2880 2467 2946 capies
2494 2895 2609 2935 eos.

2159 3055 2282 3110 152.
2325 3055 2395 3111 Ut
2440 3059 2623 3120 nullus
2677 3061 2842 3118 timor
2865 3066 3160 3122 exercitum
3214 3077 3364 3124 tuum
3421 3075 3679 3142 pervadat

2092 3162 2187 3216 per
2216 3165 2313 3205 eos
2347 3152 2440 3223 qui
2481 3155 2654 3210 aciem
2679 3155 2960 3224 deserunt,
3001 3161 3254 3216 celeriter
3293 3164 3414 3219 illos
3444 3181 3510 3220 ex
3561 3171 3680 3224 acie

412 3257 538 3318 τοὺς
567 3255 663 3309 καὶ
694 3254 971 3322 συντόμως
1005 3251 1356 3322 ἀποχωρίσας
1387 3249 1485 3319 τῆς
1537 3240 1908 3321 παρατάξεως
1932 3251 1986 3302 ἐν

2096 3251 2189 3302 tua
2229 3261 2505 3313 amoveas,
2537 3257 2704 3319 atque
2729 3249 2796 3304 ad
2829 3251 2968 3307 alios
3001 3267 3134 3308 usus
3174 3255 3496 3315 transferas.

414 3347 630 3416 ἑτέραις
661 3342 870 3417 χρείαις
898 3343 1265 3413 κατάστησον.

489 3435 624 3508 ρνγ’.
662 3435 848 3505 Ῥώμη
882 3433 1192 3505 στρατηγοῦ
1218 3433 1376 3505 χερσὶ
1410 3433 1512 3503 μέν
1546 3432 1995 3503 συμπλεκομένου

415 3529 676 3589 πολλάκις
717 3527 869 3579 οὐδὲν
911 3526 1056 3596 μέγα
1092 3525 1398 3595 ὠφέλησεν,
1442 3525 1491 3575 εί
1544 3523 1620 3594 μὴ
1657 3525 1768 3593 ἄρα
1802 3522 1997 3593 μικρὸν

416 3623 476 3674 ἐν
525 3619 698 3690 δειλίᾳ
739 3615 978 3690 στρατοῦ
1035 3619 1347 3688 ἐπιρρῶσαι
1393 3614 1617 3678 τούτους
1671 3614 1996 3684 βουλομένου

413 3711 502 3766 διὰ
542 3709 644 3779 τῆς
673 3709 962 3771 κοινωνίας
984 3707 1094 3760 τῶν
1124 3706 1406 3760 κινδύνων·
1443 3706 1700 3767 πεσόντος
1721 3705 1777 3758 δέ
1805 3704 1873 3756 τά
1907 3702 2000 3773 μέ-

2174 3422 2297 3476 155.
2323 3420 2514 3475 Robur
2543 3421 2891 3490 imperatoris
2922 3436 3120 3476 manus
3160 3424 3212 3477 in
3260 3425 3447 3494 praelia
3478 3443 3677 3484 conse-

2098 3513 2271 3567 rentis
2304 3511 2437 3564 nihil
2465 3519 2558 3564 aut
2599 3524 2791 3581 parum
2831 3509 3071 3578 adjuvat,
3103 3511 3210 3566 nisi
3255 3514 3345 3566 ubi
3376 3518 3676 3572 exercitum

2099 3603 2604 3673 relanguescentem
2636 3601 3128 3668 excitarepitcrum,
3158 3609 3214 3657 et
3243 3605 3504 3666 societate
3529 3608 3678 3676 peri-

2100 3696 2352 3750 culorum
2411 3695 2660 3748 animare
2708 3690 2912 3748 studet.
2958 3689 3055 3746 Sin
3115 3693 3171 3747 in
3245 3696 3433 3764 pra:lio
3489 3698 3676 3764 cadat,

415 3819 578 3870 γιστα
626 3801 876 3870 ἐϐλαψεν.
928 3800 1267 3870 Στρατηγίαι
1311 3799 1370 3852 δὲ
1420 3799 1516 3850 καὶ
1559 3795 1986 3866 ἐπιτηδεύματα1

2101 3801 2298 3857 magna
2332 3785 2680 3841 incommoda
2739 3783 2994 3838 universo
3047 3786 3315 3840 exercitui
3354 3787 3676 3846 afferuntur.

415 3895 544 3948 ὅταν
579 3891 822 3961 σώζηται
873 3892 966 3943 καὶ
993 3889 1419 3958 διαφυλάττηται
1449 3889 1476 3940 ὁ
1507 3886 1833 3958 στρατηγὸς,
1867 3885 1996 3955 παρ’

416 3980 582 4035 αὐτοῦ
607 3981 890 4050 γινόμενα,
923 3978 1167 4050 μεγάλας
1213 3977 1483 4046 ὠφελείας
1539 3979 1598 4030 ἐν
1635 3978 1756 4038 ταῖς
1793 3974 1999 4044 μάχαις

417 4071 796 4126 ἀποτελοῦσιν.

491 4165 618 4236 ρνδθ.
661 4165 906 4236 Πλήθους
939 4162 1244 4233 φαντασίαν
1295 4160 1389 4214 τοῦ
1440 4159 1534 4213 σού
1593 4157 2000 4230 στρατεύματος

418 4259 690 4328 ποιήσεις,
708 4255 822 4326 εἴγε
841 4254 999 4309 τοῦτο
1015 4253 1301 4325 βουληθῇς,
1323 4253 1419 4306 ἐὰν
1435 4252 1526 4306 καὶ
1550 4253 1662 4314 τοῖς
1689 4248 2000 4319 ὑποζυγίοις

419 4349 515 4403 καὶ
541 4351 652 4412 τοϊς
683 4348 825 4412 ὄνοις
866 4348 960 4400 καὶ
987 4349 1107 4409 ταῖς
1145 4346 1330 4416 βουσὶν
1359 4340 1677 4412 ἐποχεῖσθαί
1711 4357 1865 4403 τινας
1897 4348 2000 4394 καέ

419 4442 744 4514 ϐαλλαρίους
772 4442 1021 4512 ποιήσῃς
1055 4440 1227 4492 ἐνίοτε
1248 4438 1355 4508 γάρ
1386 4439 1480 4490 καὶ
1506 4435 1662 4489 τοῦτο
1690 4431 1998 4488 ἐπιδεικνύ-

419 4550 583 4607 μενον
619 4536 909 4603 χρήσιμον.

2099 3879 2344 3935 Consilia
2373 3887 2578 3944 autem,
2601 3883 2656 3931 et
2683 3876 2824 3930 facta
2854 3874 3230 3944 imperatoria,
3266 3878 3314 3930 si
3369 3888 3681 3948 opportune

2101 3972 2488 4034 adhibeantur,
2529 3967 2766 4021 maxima
2822 3964 3080 4035 praesidia
3108 3966 3366 4021 universo
3411 3969 3678 4025 exercitui

2103 4070 2412 4134 apportant.

2174 4155 2297 4210 154.
2324 4155 2576 4226 Magnum
2619 4172 2907 4213 numerum
2934 4165 2989 4212 et
3013 4157 3419 4234 multitudinem
3439 4143 3678 4210 militum

2101 4263 2214 4319 prta
2241 4258 2293 4303 te
2319 4247 2486 4313 feres,
2514 4252 2734 4318 quando
2759 4251 2854 4305 tibi
2880 4250 2983 4305 hoc
3009 4250 3356 4304 commodum
3380 4249 3680 4312 videbitur,

2099 4339 2388 4410 jumentis,
2419 4340 2614 4406 asinis,
2639 4347 2695 4394 et
2723 4341 2923 4396 bobus
2951 4341 3223 4396 vehantur
3273 4339 3492 4409 quidam
3521 4340 3680 4410 equi-

2103 4439 2209 4498 tes,
2243 4445 2369 4485 nam
2401 4431 2504 4486 hoc
2537 4430 2593 4485 in
2618 4432 2739 4486 loco
2769 4432 3004 4501 perutile
3033 4439 3140 4488 est.

489 4623 619 4698 ρνε’.
662 4624 887 4688 Ὶκανῶς
925 4620 1294 4694 καταπλήξεις
1318 4620 1446 4683 τοὺς
1477 4617 1774 4689 ,πολεμίους
1799 4616 1857 4670 ἐν
1888 4633 1986 4669 πα-

2167 4613 2291 4669 155.
2325 4613 2689 4672 Vehementer
2717 4614 3010 4670 admodum
3064 4615 3304 4670 hostium
3367 4614 3534 4669 aciem
3564 4627 3681 4682 per.

421 4720 665 4792 ρατάξει,
713 4720 842 4772 ὅταν
875 4719 1005 4780 τοὺς
1057 4715 1284 4777 ὁπλίτας
1312 4712 1409 4766 τοῦ
1451 4711 1546 4764 σού
1565 4709 1978 4782 στρατεύματος

417 4809 612 4884 πρῶτα
651 4809 750 4879 μὲν
793 4807 934 4861 κατά
973 4807 1121 4878 βῆμα
1169 4805 1306 4875 μετά
1361 4802 1614 4869 εὐταξίας
1669 4801 1992 4872 προσάγῃς,

417 4902 546 4958 ὃταν
600 4901 658 4954 δέ
708 4899 910 4953 ἔσωθεν
963 4897 1346 4968 σαγιττοὸόλου
1381 4895 1668 4964 γένωνται,
1711 4894 1836 4946 τότε
1869 4891 1998 4964 δροο

420 4991 595 5064 μαίως
653 4992 792 5062 μετά
856 4990 1115 5060 ὀξύτητος
1164 4987 1574 5058 συμπλέκεσθαι
1631 4986 1884 5055 ποιήσῃς.
1919 4983 1994 5036 Ού

417 5089 527 5158 γὰρ
559 5086 916 5156 βλαϐήσονται
963 5082 1068 5136 ὑπὸ
1110 5082 1219 5136 τῶν
1249 5081 1619 5150 τοξευομένων
1654 5077 1850 5148 βελῶν,
1902 5075 1997 5129 καὶ

417 5177 646 5242 ἀπαθεῖς
699 5176 833 5247 (liti)~
881 5173 1282 5244 προσϐαλόντες
1339 5171 1600 5243 τρέφουσι
1651 5169 1776 5232 τοὺς
1841 5170 1996 5221 ἐναν-

418 5269 590 5334 τίους.

491 5359 635 5434 ρνς’.
695 5359 868 5430 Σοεροῢ
927 5357 1236 5433 στρατηγοῦ
1298 5356 1459 5428 ἔργον
1503 5374 1587 5410 σοι
1632 5356 1985 5427 διηγήσομαι*

418 5456 550 5509 ποτέ
605 5454 715 5526 γὰρ
769 5453 1257 5524 παρατασσομένου
1316 5448 1483 5503 αὐτοῦ
1545 5448 1741 5520 βροντὴ
1797 5448 1992 5517 γέγονε

419 5547 636 5618 βαρεῖα,
664 5547 873 5601 καὶτοῦ
909 5546 1142 5615 στρατοῦ
1168 5542 1332 5598 αὑτοῦ
1359 5543 1414 5597 δὲ
1449 5542 1818 5604 δειλιάσαντος
1851 5541 1989 5612 (47),

421 5635 496 5699 ιὶις
535 5638 626 5690 ἐπὶ
656 5637 811 5707 κακῴ
840 5637 1022 5699 αὐτοῖς
1055 5634 1328 5706 συμϐόλῳ,
1365 5632 1772 5703 ἀντεπήνεγκεν
1797 5629 1990 5683 εἰπών’

2096 4702 2368 4769 turbabis,
2391 4703 2438 4758 si
2466 4704 2654 4772 copias
2675 4711 2799 4758 tuas
2825 4704 3003 4770 primo
3028 4699 3355 4769 pedetentim
3378 4713 3502 4754 cum
3527 4698 3678 4752 ordi-

2098 4795 2186 4851 nis
2243 4795 2480 4866 quatiant
2541 4795 2966 4850 conservatione
3021 4790 3278 4862 progredi
3327 4789 3543 4854 facias,
3582 4789 3676 4844 ttbi

2099 4904 2232 4946 vero
2259 4889 2404 4944 intra
2431 4889 2644 4960 sagitta:
2663 4887 2866 4942 factum
2900 4885 3072 4940 fueris
3097 4900 3222 4940 cum
3244 4900 3438 4950 cursu,
3461 4892 3516 4940 et
3539 4885 3674 4940 cele-

2102 4983 2264 5038 ritate
2292 4982 2359 5036 ad
2419 4981 2542 5036 illos
2604 4978 2928 5034 contendas.
2971 4976 3048 5031 Ita
3082 4978 3192 5042 fiet,
3222 4986 3282 5031 ut
3310 4977 3380 5032 ab
3434 4975 3672 5032 hostium

2112 5076 2258 5140 telis,
2286 5082 2342 5130 et
2371 5073 2588 5144 sagittis
2616 5087 2724 5126 non
2772 5069 3008 5135 laedaris,
3039 5079 3094 5124 et
3125 5083 3320 5125 secure
3366 5068 3674 5139 irruptione

2105 5167 2251 5223 facta
2281 5181 2406 5223 cum
2439 5163 2690 5221 hostibus
2712 5159 2996 5232 conﬂigas.

2171 5347 2292 5401 156.
2341 5343 2631 5400 Prudentis
2683 5344 2784 5397 hoc
2810 5348 2896 5396 est
2951 5337 3318 5409 imperatoris,
3351 5338 3396 5394 si
3428 5338 3674 5408 quando,

2101 5439 2247 5511 quod
2278 5453 2422 5508 saepe
2470 5437 2583 5499 fiet,
2612 5434 2819 5489 tonitru
2859 5446 3118 5502 magnum
3150 5429 3278 5497 ﬁat,
3308 5436 3362 5485 et
3395 5429 3567 5500 copia:
3605 5431 3676 5484 ad

2101 5535 2222 5605 ejus
2246 5531 2492 5587 auditum
2549 5533 2938 5599 cxpavescant,
2973 5525 3131 5595 quasi
3157 5520 3359 5575 malum
3390 5535 3550 5576 omen
3578 5523 3674 5585 sit,

2101 5634 2295 5682 contra
2329 5618 2526 5678 afferre
2557 5622 2797 5677 hostium
2821 5633 3005 5676 causa
3041 5619 3144 5672 hoc
3189 5615 3328 5682 fieri,
3359 5630 3500 5687 quos
3533 5614 3678 5671 Deus

1934 5805 2166 5862 NOTAE.

497 5907 610 5974 (46)
647 5911 976 5973 ‘Axuds’ac.
999 5905 1211 5976 Stribc,
1244 5905 1493 5971 ἀπαθεῖς.

2172 5897 2284 5972 (47)
2317 5897 2766 5962 Δειλιάσαντος.
2803 5893 3178 5959 Scribebatur,
3209 5887 3593 5949 δε...άσαντος.
