4120 6448
438 449 577 515 1055

1671 447 1943 508 LEONIS
1984 446 2084 505 PH
2098 442 2447 505 [LOSOPIII

3486 466 3491 471 ’
3565 437 3702 504 1056

430 566 693 621 attonitos
755 564 984 631 fat-iens,
1042 578 1139 619 nos
1168 564 1323 634 jubet
1377 566 1520 621 bono
1551 568 1737 620 animo
1770 567 1822 619 iu
1885 563 2008 618 illos

2130 562 2189 612 )5
2222 560 2288 612 δι’
2316 561 2459 630 ἡμᾶς
2495 560 2527 629 ὴ
2558 557 2758 629 βροντὴ
2802 557 3045 626 γέγονεν,
3092 556 3228 610 ἀλλά
3254 558 3380 621 τοὺς
3405 557 3701 628 πολεμίους

430 662 691 730 impetum
717 657 916 712 facere.

502 833 625 886 157.
661 834 861 887 Hostes
892 833 944 887 in
989 842 1364 906 contemptum
1396 837 1656 903 adduces,
1685 838 1731 893 si
1784 838 2011 908 popula-

430 938 517 979 res
568 923 787 977 illorum
815 926 909 994 qui
943 925 996 979 in
1033 926 1240 982 ditioue
1286 936 1379 981 tua
1410 936 1560 994 sunt,
1595 945 1719 983 cum
1775 931 1827 984 in
1854 945 2011 999 gym~

430 1014 602 1069 nasiis
629 1015 931 1083 luctantur,
964 1016 1277 1085 inferiores,
1308 1030 1432 1076 tuos
1469 1029 1651 1076 autem
1673 1024 2017 1079 strenuiorcs

428 1106 701 1163 olfeceris.

504 1197 628 1252 158.
662 1197 765 1253 Ubi
799 1202 1082 1257 occultare
1123 1217 1153 1255 a
1184 1205 1401 1259 caeteris
1431 1206 1672 1261 volueris
1702 1222 1797 1262 eos
1825 1209 1917 1278 qui
1948 1224 2014 1263 ex

432 1290 540 1343 tuis
571 1290 623 1343 in
649 1291 835 1360 prmlio
857 1292 1130 1347 interfecti
1160 1303 1310 1359 sunt,
1333 1297 1587 1365 quamvis
1609 1297 1711 1351 hoc
1742 1307 1862 1367 post
1893 1299 2017 1354 belli

430 1383 639 1435 exitum
678 1382 790 1447 ﬁat,
825 1399 893 1437 ne
923 1385 1208 1454 permittas
1233 1388 1595 1443 contubernia
1626 1390 1788 1444 simul
1835 1390 2018 1443 cibum

430 1487 648 1542 capere,
699 1473 794 1527 sed
863 1476 1097 1544 sparsim
1152 1484 1206 1531 et
1255 1476 1505 1545 fortuito,
1557 1479 2019 1549 quemadmodum

432 1578 601 1618 casus
639 1564 823 1619 tulerit
854 1582 868 1631 ;
907 1568 1090 1635 itaque
1128 1583 1237 1623 non
1279 1569 1334 1623 in
1380 1572 1633 1625 timorem
1664 1572 1897 1641 aliquem
1927 1586 2022 1626 ca-

432 1654 586 1722 dent,
620 1654 713 1711 sed
752 1657 938 1710 animo
970 1668 1198 1715 strenuo
1230 1660 1471 1732 fortique
1512 1670 1695 1718 erunt.

506 1838 631 1894 159.
669 1838 920 1895 Hostium
952 1839 1250 1911 imperator
1281 1844 1439 1913 quasi
1492 1854 1657 1915 caput
1702 1845 1904 1917 viperae
1941 1859 2026 1902 est

2111 654 2139 704 ὁ
2168 651 2298 712 Θεὸς
2352 651 2425 713 ὡς
2468 650 2698 720 ἐχθροὺς
2744 651 3149 720 ἐμϐροντήτους
3199 651 3431 720 ποιήσας
3465 654 3583 704 κατ’
3613 654 3705 706 αύ-

2112 743 2222 795 τῶν
2246 746 2393 812 ἡμᾶς
2420 743 2723 811 ἐπάγεσθαι
2750 743 2986 796 κελεύει.

2187 835 2317 906 ρνζ’.
2355 836 2495 897 Τοὺς
2545 836 2838 906 πολεμίους
2902 836 3412 906 εὐκαταφρονήτους
3436 839 3700 909 ποιήσεις,

2116 926 2211 979 ἐὰν
2255 928 2381 989 τοὺς
2423 931 2488 981 ἐκ
2519 926 2615 980 τοῦ
2667 928 2859 996 γένους
2907 928 3087 981 αὐτῶν
3132 928 3285 999 παρά
3333 930 3417 983 σοὶ
3450 930 3610 993 ὄντας
3649 934 3710 986 ὲν

2116 1020 2237 1081 ταῖς
2276 1018 2641 1089 παλαίστραις
2683 1019 2795 1073 τῶν
2846 1020 3115 1088 παιγνίων
3162 1020 3438 1086 ἐλάττους,
3491 1022 3619 1085 τοὺς
3651 1022 3707 1075 δὲ

2120 1110 2246 1170 σοὺς
2275 1108 2564 1178 ὑπερέχειν
2591 1112 3037 1182 παρασκευάσῃς.

2194 1207 2329 1271 ρνηθ.
2368 1201 2498 1253 Ὅτε
2543 1203 2707 1273 βούλῃ
2738 1201 2944 1273 κρύψαι
2980 1203 3105 1266 τοὺς
3134 1203 3510 1274 ἀνῃρημένους
3541 1205 3599 1257 ὲν
3640 1206 3708 1273 τῇ

2126 1292 2273 1362 μάχῃ
2308 1293 2401 1345 τοῦ
2435 1292 2528 1346 σοῦ
2563 1294 2997 1365 στρατεύματος,
3028 1295 3144 1364 εἴγε
3166 1295 3438 1349 καὶτοῦτο
3466 1296 3709 1368 συμϐαίη

2124 1383 2276 1446 ποτὲ,
2304 1382 2378 1445 ὡς
2404 1384 2666 1448 πολλάκις
2696 1384 2875 1450 εῖωθε,
2916 1386 3057 1454 μετά
3096 1386 3197 1454 τὴν
3230 1385 3383 1440 λύσιν
3408 1387 3505 1456 τῆς
3532 1388 3711 1458 μάχης

2129 1473 2203 1543 μὴ
2258 1477 2523 1542 συμπνεῖν
2559 1476 2674 1545 (318)
2726 1475 2862 1544 ὁμοῦ
2907 1476 2977 1529 τά
3028 1476 3419 1553 κοντουῦέρνια
3464 1494 3712 1546 παρακε-

2126 1562 2305 1628 λεύου,
2339 1565 2454 1617 ἀλλ’
2484 1564 2558 1627 ὡς
2602 1566 2795 1635 ἔτυχεν
2828 1566 3078 1621 ἕκαστον.
3123 1566 3310 1630 Οὕτως
3352 1567 3461 1638 γὰρ
3486 1568 3546 1621 οὐ
3590 1569 3713 1623 δια-

2127 1656 2346 1723 γνόντες
2373 1662 2497 1720 τοὺς
2523 1658 2900 1729 ἀνῃρημένους
2933 1658 3035 1712 οὐκ
3068 1659 3148 1721 είς
3172 1658 3375 1712 δειλίαν
3405 1658 3712 1730 ἐμπεσοῦν-

2128 1763 2240 1809 ται,
2268 1748 2402 1801 ἀλλά
2434 1748 2825 1819 θαρσήσουσιν.

2204 1838 2333 1908 ρνθ’.
2368 1840 2681 1909 Στρατηγὸς
2700 1839 2991 1909 πολεμίων,
3026 1839 3176 1893 ὥσπε
3187 1858 3216 1911 ρ
3242 1841 3454 1912 κεφαλὴ
3470 1841 3711 1914 ἐχίδνης,

435 1929 492 1982 in
526 1932 768 1985 exercitu
805 1941 919 1987 tuo.
953 1909 1183 1988 omnem
1219 1909 1386 2003 igitur
1422 1937 1762 2007 diligentiam
1795 1940 2020 1995 adbibe-

2130 1930 2300 1993 οὕτως
2347 1930 2437 1982 ἐπὶ
2469 1929 2548 1999 τῷ
2587 1930 2954 2000 στρατεύματι
2999 1930 3184 1984 αὑτοῦ.
3236 1932 3425 1985 Πᾶσαν
3454 1931 3546 1985 οὖν
3593 1935 3716 1987 ἐπί-

432 2019 541 2085 bis,
605 2024 686 2077 vel
740 2024 1096 2080 multitudine
1144 2038 1484 2083 armatorum
1528 2030 1584 2083 in
1636 2031 1787 2085 illum
1841 2034 2018 2087 solum

433 2112 584 2165 omni
615 2114 819 2184 impetu
848 2127 1064 2183 ruente,
1092 2119 1175 2173 vel
1206 2120 1328 2174 telis
1354 2121 1601 2175 omnium
1630 2122 1683 2176 in
1707 2138 1830 2177 eum
1861 2126 2019 2194 quasi

434 2203 488 2257 in
523 2209 949 2277 scopumjactis,
979 2221 1072 2264 aut
1102 2212 1209 2265 alio
1242 2213 1500 2282 quopiam
1527 2225 1747 2282 conatu,
1780 2218 2024 2271 molitio-

435 2310 613 2364 neque
649 2305 739 2350 tua
775 2300 960 2363 cadat,
986 2309 1040 2355 ct
1074 2317 1103 2356 e
1132 2303 1310 2358 medio
1345 2304 1587 2361 tollatur.
1621 2308 1756 2362 Nam
1780 2310 1825 2365 si
1859 2319 2022 2381 caput

433 2385 633 2454 viperae
667 2392 833 2443 semel
862 2394 1292 2461 comminuatur,
1329 2397 1601 2468 reliquum
1624 2416 1826 2471 corpus
1860 2402 2022 2457 inane

435 2485 601 2546 atque
636 2479 828 2533 inutile
851 2490 956 2536 est.

507 2566 633 2621 160.
657 2566 789 2622 Belli
814 2578 1058 2641 tempore
1107 2572 1426 2642 familiares,
1458 2578 1687 2645 amicos,
1732 2562 2019 2653 cognatos,

434 2670 607 2725 prope
642 2658 783 2712 inter
818 2675 877 2714 se
900 2663 1239 2721 collocabis:
1274 2682 1431 2723 amor
1459 2671 1607 2726 enim
1642 2683 1866 2732 mutuus
1896 2678 2020 2735 illos

436 2746 503 2800 ad
545 2750 789 2816 pericula
835 2753 1122 2809 subeunda
1154 2758 1384 2826 animat,
1427 2769 1482 2817 et
1517 2763 1584 2818 ad
1620 2778 1707 2821 res
1757 2767 1893 2824 bene
1926 2785 2021 2842 ge-

437 2838 638 2895 rendas
677 2842 888 2897 incitat.

506 2932 632 2986 161.
688 2934 1074 3005 Suspicionem
1116 2941 1200 2996 sui
1234 2951 1425 2999 mutuo
1466 2946 1523 3000 in
1566 2950 1811 3005 hostium
1846 2953 2019 3008 aciem

436 3025 673 3094 injicies,
711 3028 757 3082 si
802 3030 1275 3086 nobilissimorum
1330 3044 1385 3089 et
1437 3043 2018 3105 praestantissimorum

436 3122 682 3175 virorum
737 3139 900 3193 agros
940 3126 1247 3183 incolumes
1289 3143 1411 3185 esse
1460 3136 1770 3202 permittas,
1808 3140 2019 3195 caiteris

442 3209 691 3266 ﬁnitimis
725 3213 860 3269 locis
902 3216 1198 3284 populatis.

513 3299 637 3352 162.
693 3300 982 3359 Exercitus
1024 3304 1119 3358 tibi
1157 3307 1410 3375 idoneus,
1448 3311 1745 3384 justusque
1794 3316 1889 3382 sit;
1933 3319 2028 3388 qui

440 3399 620 3446 autem
657 3392 731 3446 ibi
778 3393 845 3446 ad
877 3394 1078 3450 bellum
1112 3398 1293 3454 idonei
1321 3417 1425 3456 non
1450 3414 1601 3469 sunt,
1634 3406 1712 3460 illi
1746 3408 1813 3461 ad
1852 3411 2031 3463 servi-

439 3490 648 3549 tutem,
726 3493 782 3538 et
847 3487 1257 3545 multitudinem
1336 3496 1659 3564 augendam,
1733 3499 1826 3555 ubi
1898 3517 2033 3559 usus

442 3574 638 3640 fueris,
681 3576 993 3633 asciscendi
1028 3589 1179 3649 sunt,
1216 3584 1298 3638 vel
1318 3584 1430 3653 jam
1460 3587 1746 3643 imminuto
1788 3595 2033 3647 exercitu

440 3664 509 3717 ad
543 3664 815 3735 integrum
850 3683 1144 3724 numerum
1177 3674 1507 3743 explendum
1549 3678 1851 3749 recipiendi
1880 3690 2029 3748 sunt,

444 3760 503 3805 ut
532 3753 600 3806 ad
627 3757 1028 3825 oppugnandos
1058 3759 1243 3839 hostes
1265 3762 1503 3816 valeant.
1538 3762 1879 3831 Vetusenim
1903 3784 2030 3823 ver-

443 3844 572 3896 bum
614 3854 719 3911 est,
752 3848 842 3901 tibi
879 3848 1096 3905 leonina
1140 3851 1297 3920 pellis
1330 3868 1437 3908 non
1488 3854 1708 3923 sullicit,
1756 3858 2030 3914 assuenda

443 3936 665 4005 vulpina
693 3945 796 3993 est.

512 4117 636 4172 165.
671 4117 729 4172 Si
756 4120 1039 4191 contingat
1086 4122 1207 4188 tibi,
1246 4123 1337 4177 ubi
1383 4125 1497 4193 jam
1550 4128 1605 4179 in
1643 4126 1903 4182 hostium
1938 4142 2029 4182 re-

443 4208 605 4278 gione
634 4226 716 4274 es,
740 4220 1006 4267 tesseram
1038 4216 1278 4284 aliquam
1308 4217 1571 4284 scribere,
1594 4219 1648 4271 in
1680 4221 1893 4275 tabellis
1911 4221 2030 4278 sine

442 4314 567 4351 cera
615 4300 989 4369 quodcunque
1035 4304 1275 4359 volueris
1312 4315 1573 4371 exarata,
1619 4306 1820 4361 deinde
1863 4323 2027 4372 cera,

450 4391 596 4459 quod
622 4391 894 4458 scripsisti
928 4393 1116 4461 legito,
1159 4404 1212 4448 ct
1240 4397 1292 4448 in
1322 4410 1449 4449 cera
1482 4398 1703 4466 quidvis
1744 4399 2027 4454 fortuitum

444 4482 693 4547 scribito,
738 4486 792 4547 in
834 4498 942 4553 quo
999 4486 1151 4538 nulla
1209 4488 1455 4555 suspicio
1505 4505 1626 4544 esse
1674 4492 1900 4560 possit:
1956 4493 2026 4546 ita

446 4581 711 4635 tesseram
741 4582 889 4631 tuam
914 4576 1151 4641 occulte,
1180 4592 1289 4645 quo
1315 4578 1468 4642 velis,
1505 4580 1707 4634 mittes.

520 4667 643 4720 t64.
680 4665 989 4727 Consilium
1038 4669 1161 4745 quis
1198 4653 1535 4739 proditionis
1582 4672 1898 4739 instituens,
1934 4675 2024 4731 ubi

445 4759 705 4827 regnosei
754 4774 869 4812 rem
926 4759 1221 4830 intelligit,
1275 4768 1328 4815 et
1376 4776 1435 4815 sc
1474 4762 1779 4833 manifesto
1834 4767 2029 4832 teneri,

443 4850 675 4915 consilia
730 4850 970 4905 hostium
1018 4852 1134 4905 suis
1187 4850 1413 4919 indicat,
1470 4862 1525 4908 et
1569 4856 2030 4924 quemadmodum

445 4942 669 4995 vitanda
693 4949 822 4997 sunt
847 4943 1090 4998 consulit
1117 4959 1132 5010 ;
1163 4945 1353 5003 hostes
1383 4956 1576 5000 contra
1602 4947 1768 5016 hujus
1797 4949 2029 5005 insidias

444 5034 762 5099 ostendunt,
807 5035 948 5090 facta
974 5047 1166 5101 autem
1210 5039 1429 5101 insidiis
1480 5041 1757 5094 contraria
1800 5042 2028 5097 demon-

444 5135 643 5197 strant,
695 5130 781 5182 cui
821 5132 1009 5185 credes
1066 5132 1392 5199 magis?llli
1428 5142 1597 5199 certe,
1647 5134 1738 5201 qui
1780 5136 2027 5206 proditor

444 5218 569 5285 fuit,
599 5227 654 5274 et
702 5220 983 5287 indicavit,
1034 5222 1216 5291 potius
1242 5238 1405 5291 quam
1443 5227 1687 5279 sermoni
1729 5225 1969 5280 hostium
2008 5242 2023 5291 ;

446 5313 535 5368 hic
567 5316 711 5379 enim
743 5315 993 5385 quamvis
1020 5316 1264 5384 proditor
1290 5319 1381 5381 sit,
1408 5320 1685 5389 popularis
1709 5328 1889 5374 tamen
1918 5328 2024 5384 est,

442 5419 498 5463 et
554 5410 803 5480 ejusdem
854 5410 1115 5474 nationis,
1166 5419 1221 5463 ct
1270 5414 1519 5479 pecuniis
1574 5416 1850 5484 corruptis
1902 5413 2024 5475 fuit,

443 5518 580 5569 quas
634 5503 719 5559 vel
767 5503 990 5557 omnino
1038 5518 1143 5557 non
1205 5505 1437 5574 accepit,
1495 5506 1574 5560 τοι
1623 5508 1712 5564 ubi
1754 5504 2023 5574 acceperit

2130 2038 2277 2074 νοιαν
2309 2020 2485 2087 ποιοῦ,
2521 2019 2660 2073 ὥστε
2689 2019 2851 2074 αὑτὸν
2879 2022 3088 2087 πεσεῖν,
3124 2022 3156 2091 ἢ
3182 2020 3269 2074 διά
3305 2021 3542 2092 πλήθους
3571 2039 3713 2092 συμ-

2131 2114 2543 2183 πεφραγμένου,
2571 2113 2667 2167 καὶ
2695 2112 2831 2182 πρὸς
2862 2111 3021 2165 αὐτὸν
3081 2114 3238 2182 μόνον
3299 2112 3467 2177 ὀξέως
3492 2114 3717 2185 ἐπιδρα-

2133 2208 2346 2279 μόντος,
2402 2208 2435 2276 ἢ
2478 2206 2566 2259 διὰ
2618 2204 2789 2274 βελῶν
2840 2203 2977 2274 πρὸς
3018 2203 3115 2258 ἕνα
3149 2206 3350 2259 σκοπὸν
3395 2206 3516 2259 κατ’
3544 2207 3713 2260 αὐτοῦ

2132 2298 2463 2370 βληθέντων,
2512 2298 2544 2368 ἦ
2590 2297 2657 2349 δι’
2692 2296 2883 2367 ἑτέρου
2933 2296 3078 2359 τινὸς
3116 2296 3567 2367 ἐπιτηδεύματος.
3604 2299 3716 2352 Καὶ

2130 2391 2239 2461 γὰρ
2274 2392 2369 2444 καὶ
2397 2394 2496 2459 τῆς
2518 2382 2784 2460 ἐχίδνηςὴ
2817 2389 3028 2459 κεφαλὴ
3064 2389 3405 2459 συντριϐεῖσα
3438 2390 3497 2443 τδ
3531 2390 3719 2446 λοιπὸν

2133 2483 2290 2553 σῶμα
2325 2482 2617 2534 κατέλιπεν
2660 2480 3045 2549 ἁνενέργητον.

2205 2573 2304 2643 ρξ’.
2347 2574 2435 2626 Ἐν
2469 2572 2708 2641 πολέμου
2758 2571 2934 2642 καιρῷ
2976 2572 3103 2635 τοὺς
3135 2573 3427 2642 φιλτάτους
3465 2576 3560 2628 καὶ
3588 2592 3719 2629 συν-

2132 2664 2287 2736 ήθεις
2335 2664 2430 2718 καὶ
2483 2665 2767 2732 συγγενεῖς
2829 2662 3056 2732 πλησίον
3114 2666 3423 2719 συντάττειν
3474 2666 3720 2738 ἀλλήλων

2130 2754 2333 2824 ἀγαθόν
2356 2756 2523 2808 ἐστιν.
2563 2754 2624 2807 Ἣ
2656 2754 2764 2825 γὰρ
2794 2754 2983 2823 ἀγάπη
3009 2755 3448 2823 συγκινδυνεύειν
3470 2758 3718 2829 ἀλλήλοις

2131 2849 2226 2901 καὶ
2253 2848 2566 2918 ἀριστεύειν
2588 2846 3023 2917 παρασκευάζει.

2205 2941 2340 3013 ρξα’.
2382 2941 2672 2994 Ὑπὸνοιαν
2722 2941 3157 3004 κατασκευάσεις
3190 2941 3247 2995 ἐν
3292 2942 3405 3004 τοῖς
3438 2943 3718 3014 πολεμίοις

2131 3034 2274 3089 κατά
2301 3034 2570 3104 ἀλλήλων,
2594 3034 2690 3087 ἐὰν
2715 3033 2826 3086 τῶν
2854 3035 2911 3086 ὲν
2935 3035 3048 3096 τοῖς
3076 3033 3357 3102 πολεμίοις
3382 3034 3553 3087 ὄντων
3580 3036 3713 3104 παρ’

2130 3126 2312 3190 αὐτοῖς
2348 3127 2633 3195 ἐπισήμων
2676 3124 2745 3178 τά
2799 3124 2974 3195 χωρία
3018 3123 3325 3194 καταλίπῃς
3380 3125 3592 3196 ἀϐλαϐῆ
3619 3126 3717 3196 δη-

2128 3218 2303 3272 λονότι
2326 3218 2641 3272 κατακαίων
2676 3216 2744 3270 τά
2774 3216 3148 3287 πλησιόχωρα.

2212 3307 2345 3382 ρξβ¹.
2398 3308 2638 3379 Στρατὸς
2691 3308 2793 3378 μὲν
2830 3308 2948 3361 ἔστι
2993 3325 3075 3361 σοι
3117 3308 3319 3373 ίκανὸς,
3345 3300 3390 3360 ὧ
3420 3308 3716 3380 στρατηγὲ,

2135 3401 2229 3453 καὶ
2254 3398 2415 3469 μόνος
2449 3397 2751 3468 αὐτάρκης,
2801 3396 3075 3464 ὲπείτοιγε
3125 3398 3373 3460 καὶτοὺς
3433 3398 3716 3462 άνικάνους

2136 3490 2273 3560 πρὸς
2301 3489 2491 3560 χρείαν
2521 3487 2747 3541 ἐκείνων
2789 3486 2884 3541 καὶ
2912 3486 3136 3539 διυλίων
3173 3487 3267 3539 καὶ
3313 3486 3551 3557 πλήθους
3582 3504 3719 3556 φαν-

2133 3581 2329 3635 τασίαν
2358 3582 2446 3634 ὅτε
2479 3578 2700 3632 καλέσει
2729 3576 2923 3647 καιρὸς
2954 3577 3405 3647 συμπαραλαὸεῖν
3447 3579 3716 3649 χρήσιμόν

2134 3674 2303 3735 ἔστιν,
2328 3672 2360 3742 ἦ
2387 3671 2783 3741 ἐλασσούμενον
2800 3668 2895 3722 τοῦ
2923 3668 3153 3739 στρατοῦ
3179 3668 3273 3722 καὶ
3297 3666 3385 3721 διὰ
3411 3670 3717 3739 συμμάχων

2133 3762 2581 3833 ἀναπληροῦσθαι
2607 3761 2795 3826 αὐτὸν,
2821 3760 2961 3813 ὥστε
2993 3761 3185 3830 ἀρκεῖν
3216 3759 3351 3829 πρὸς
3378 3759 3439 3811 τὸ
3471 3774 3715 3812 καταπο-

2132 3854 2372 3927 λεμῆσαι
2402 3858 2530 3919 τοὺς
2551 3855 2849 3917 ἐναντίους.
2877 3853 3108 3924 Εἴρηται
3136 3852 3245 3920 γὰρ
3271 3850 3428 3918 λόγος
3464 3848 3714 3911 παλαιὸς,

2132 3948 2216 4001 δτι
2245 3946 2375 3999 ἔνθα
2423 3946 2499 4017 μὴ
2545 3945 2770 4015 ἐξαρκεῖ
2799 3946 2831 4013 ή
2864 3943 3055 4012 λεοντῆ
3102 3941 3478 4012 προσράπτειν
3505 3940 3588 3992 δεῖ
3614 3939 3715 4008 τῆς

2138 4038 2457 4106 ἀλωπεκῆς.

2205 4131 2339 4202 ρξγ¹.
2388 4130 2514 4182 Ἐὰν
2550 4127 2733 4198 συμδῇ
2768 4127 2849 4180 σοί
2909 4142 3041 4180 ποτε
3100 4120 3463 4192 ύποσύνθημα
3506 4117 3715 4189 γράψαι

2131 4222 2237 4275 τινὶ
2254 4224 2311 4274 ὲν
2339 4220 2494 4292 χώρᾳ
2521 4220 2637 4273 ὄντι
2667 4218 2787 4271 τῶν·
2808 4216 3099 4286 πολεμίων,
3125 4217 3181 4268 ὲν
3211 4210 3519 4284 ἁκηρὼτοις
3554 4228 3712 4264 πιναο

2131 4313 2325 4375 κιδίοις
2360 4312 2389 4364 ὃ
2428 4312 2492 4365 ἂν
2517 4310 2682 4381 βούλῃ
2710 4307 3070 4378 καταγράψας
3099 4304 3433 4358 ἐπικάλυπτε
3455 4301 3531 4371 τῷ
3558 4300 3713 4370 κηρῷ

2131 4404 2201 4457 τὰ
2252 4405 2576 4475 γράμματα,
2613 4402 2709 4453 καὶ
2752 4401 2871 4453 τότε
2914 4399 3056 4453 κατὰ
3092 4396 3187 4450 τοῦ
3237 4394 3408 4467 κηροῦ
3438 4393 3615 4465 γράφε
3645 4392 3715 4444 τὰ

2132 4495 2438 4549 ἀνύποπτα.
2469 4492 2653 4555 Οὕτως
2690 4492 2798 4563 γὰρ
2831 4490 3050 4552 ἀνύσεις
3084 4489 3191 4543 ἀπὸ
3229 4488 3571 4557 συνθήματος
3615 4484 3715 4553 τὴν

2061 4601 2109 4660 ι)
2134 4588 2411 4657 κρυφαίαν
2439 4603 2530 4638 σου
2553 4585 2802 4655 δήλωσιν.

2214 4674 2342 4748 ρξδ’.
2371 4674 2576 4742 Βουλήν
2617 4673 2747 4725 ποτέ
2796 4689 2880 4735 τις
2934 4669 3226 4740 προδοσίας
3278 4668 3529 4735 ποιήσας,
3575 4680 3715 4734 γνω-

2137 4770 2286 4832 σθεὶς
2309 4769 2387 4833 δὲ,
2423 4769 2518 4820 καὶ
2550 4766 2759 4836 μέλλων
2788 4764 3105 4817 ἁλίσκεσθαι
3135 4762 3269 4828 (49),
3303 4760 3402 4831 τὴν
3426 4757 3717 4824 ἐπιϐουλὴν

2134 4862 2243 4916 τῶν
2279 4860 2554 4929 πολεμίων
2587 4861 2700 4921 τοῖς
2748 4857 2899 4920 ίδίοις
2957 4857 3365 4925 κατεμήνυσεν,
3420 4850 3517 4905 καὶ
3567 4852 3717 4909 ὅπως

2129 4955 2210 5007 δεῖ
2262 4952 2466 5021 ταύτην
2515 4950 2852 5019 φυλάξασθαι
2911 4947 3353 5001 συνεϐούλευσεν.
3404 4943 3714 5013 Ἐμήνυσαν

2133 5046 2191 5099 δὲ
2227 5048 2321 5098 καὶ
2350 5047 2397 5097 οί
2426 5044 2680 5113 πολέμιοι
2712 5041 2903 5095 τούτου
2939 5040 3036 5109 μὲν
3072 5041 3171 5108 τὴν
3202 5035 3518 5105 ἐπιϐουλὴν,
3564 5033 3630 5085 τὰ
3657 5032 3714 5083 δὲ

2136 5137 2275 5208 ἔργα
2301 5138 2369 5190 τὰ
2392 5136 2616 5189 ἐναντία
2644 5136 2740 5204 τῆς
2764 5132 3080 5201 επιϐουλῆςο
3110 5130 3217 5182 τίνι
3244 5127 3543 5193 πιστεύσης
3572 5124 3710 5193 μάλ-

2135 5228 2316 5299 λον,ἢ
2375 5228 2590 5290 πάντως
2636 5225 2713 5295 τῷ
2761 5224 3101 5295 βουλευθέντι
3135 5221 3367 5291 προδότῃ
3408 5219 3500 5270 καὶ
3541 5214 3715 5286 μηνύ-

2140 5338 2315 5381 σαντι,
2340 5320 2476 5374 ἀλλά
2512 5322 2587 5390 μὴ
2615 5322 2725 5382 τοῖς
2748 5320 2927 5386 λόγοις
2951 5318 3060 5372 τῶν
3090 5313 3397 5383 πολεμίωνς
3425 5303 3578 5371 οὗτος
3608 5309 3717 5376 γὰρ

2138 5414 2186 5465 εί
2235 5412 2328 5465 καὶ
2372 5412 2659 5482 προδότης,
2693 5409 2830 5463 ἀλλά
2865 5411 2960 5464 καὶ
2991 5406 3296 5477 ὁμοδίαιτος
3337 5401 3592 5464 πάντοτε,
3623 5399 3717 5450 καὶ

2140 5502 2429 5574 συγγενὴς,
2462 5504 2556 5557 καὶ
2597 5504 2877 5573 χρήμασιν
2923 5501 3052 5562 ἴσως
3089 5495 3423 5566 ύποφθαρεὶς
3457 5492 3489 5546 8t
3530 5490 3718 5544 λαϐεῖν

1965 5684 2195 5741 NOTAE.

516 5803 629 5867 (L8)
668 5805 987 5867 Συμπνεῖν.
1028 5803 1241 5863 Scribe,
1277 5801 1629 5854 συνδειπνεῖν.

516 5872 628 5941 (49)
658 5874 767 5921 Kal
788 5872 1030 5937 μέλπων
1057 5874 1436 5924 ἁλίσκεσθαι.
1487 5869 1863 5934 Scribebatttr,
1912 5873 2004 5924 καὶ
2050 5871 2248 5940 μᾶλλον
2280 5870 2332 5923 ἁ.
