  <div class='ocr_page' id='page_1' title='image "/cluster/home/n/w/nwhite01/storage/ocr_20150623/107/coo.31924054870112/574.png"; bbox 0 0 4120 6442; ppageno 0'>
   <div class='ocr_carea' id='block_1_1' title="bbox 379 402 513 467">
    <p class='ocr_par' dir='ltr' id='par_1_1' title="bbox 379 402 513 467">
     <span class='ocr_line' id='line_1_1' title="bbox 379 402 513 467; baseline 0.015 -2"><span class='ocrx_word' id='word_1_1' title='bbox 379 402 513 467; x_wconf 68' lang='grc'>1057</span> 
     </span>
    </p>
   </div>
   <div class='ocr_carea' id='block_1_2' title="bbox 1466 409 2598 477">
    <p class='ocr_par' dir='ltr' id='par_1_2' title="bbox 1466 409 2598 477">
     <span class='ocr_line' id='line_1_2' title="bbox 1466 409 2598 477; baseline 0.005 -8"><span class='ocrx_word' id='word_1_2' title='bbox 1466 409 1801 471; x_wconf 79' lang='lat' dir='ltr'><strong>TACTICA.</strong></span> <span class='ocrx_word' id='word_1_3' title='bbox 1840 435 1909 445; x_wconf 86' lang='grc'><strong><em>-</em></strong></span> <span class='ocrx_word' id='word_1_4' title='bbox 1939 410 2444 475; x_wconf 86' lang='lat' dir='ltr'>CONSTITUTIO</span> <span class='ocrx_word' id='word_1_5' title='bbox 2472 417 2598 477; x_wconf 80' lang='lat' dir='ltr'><strong>XX.</strong></span> 
     </span>
    </p>
   </div>
   <div class='ocr_carea' id='block_1_3' title="bbox 3516 428 3652 493">
    <p class='ocr_par' dir='ltr' id='par_1_3' title="bbox 3516 428 3652 493">
     <span class='ocr_line' id='line_1_3' title="bbox 3516 428 3652 493; baseline 0.022 -3"><span class='ocrx_word' id='word_1_6' title='bbox 3516 428 3652 493; x_wconf 80' lang='lat'>1058</span> 
     </span>
    </p>
   </div>
   <div class='ocr_carea' id='block_1_4' title="bbox 370 515 1938 598">
    <p class='ocr_par' dir='ltr' id='par_1_4' title="bbox 370 515 1938 590">
     <span class='ocr_line' id='line_1_4' title="bbox 370 515 1938 590; baseline 0.003 -20"><span class='ocrx_word' id='word_1_7' title='bbox 370 518 472 571; x_wconf 86' lang='grc' dir='ltr'>οὐκ</span> <span class='ocrx_word' id='word_1_8' title='bbox 513 516 770 587; x_wconf 73' lang='grc' dir='ltr'>ἔφθασεν,</span> <span class='ocrx_word' id='word_1_9' title='bbox 804 518 835 587; x_wconf 83' lang='grc' dir='ltr'>ἦ</span> <span class='ocrx_word' id='word_1_10' title='bbox 869 515 1049 571; x_wconf 86' lang='grc' dir='ltr'>λαϐὼν</span> <span class='ocrx_word' id='word_1_11' title='bbox 1102 518 1409 590; x_wconf 82' lang='grc' dir='ltr'>ὴθέτησεν,</span> <span class='ocrx_word' id='word_1_12' title='bbox 1445 518 1646 575; x_wconf 88' lang='grc' dir='ltr'>ἐκεῖνοι</span> <span class='ocrx_word' id='word_1_13' title='bbox 1698 521 1754 576; x_wconf 86' lang='grc' dir='ltr'>δέ</span> <span class='ocrx_word' id='word_1_14' title='bbox 1803 520 1938 590; x_wconf 80' lang='grc' dir='ltr'>φύσε</span> 
     </span>
    </p>
   </div>
   <div class='ocr_carea' id='block_1_5' title="bbox 2042 515 3656 598">
    <p class='ocr_par' dir='ltr' id='par_1_5' title="bbox 2068 523 3656 598">
     <span class='ocr_line' id='line_1_5' title="bbox 2068 523 3656 598; baseline 0.01 -21"><span class='ocrx_word' id='word_1_15' title='bbox 2068 523 2265 579; x_wconf 71' lang='lat' dir='ltr'><strong>iterum</strong></span> <span class='ocrx_word' id='word_1_16' title='bbox 2296 526 2521 595; x_wconf 86' lang='lat' dir='ltr'><strong>rejecit;</strong></span> <span class='ocrx_word' id='word_1_17' title='bbox 2554 525 2632 581; x_wconf 83' lang='lat' dir='ltr'><strong>illi</strong></span> <span class='ocrx_word' id='word_1_18' title='bbox 2662 538 2843 583; x_wconf 86' lang='lat' dir='ltr'><strong>autem</strong></span> <span class='ocrx_word' id='word_1_19' title='bbox 2869 538 3065 585; x_wconf 85' lang='lat' dir='ltr'><strong>natura</strong></span> <span class='ocrx_word' id='word_1_20' title='bbox 3088 530 3320 598; x_wconf 87' lang='lat' dir='ltr'><strong>inimici,</strong></span> <span class='ocrx_word' id='word_1_21' title='bbox 3351 541 3405 588; x_wconf 90' lang='lat' dir='ltr'>et</span> <span class='ocrx_word' id='word_1_22' title='bbox 3429 540 3656 595; x_wconf 88' lang='lat' dir='ltr'><strong>omnino</strong></span> 
     </span>
    </p>
   </div>
   <div class='ocr_carea' id='block_1_6' title="bbox 370 610 1491 683">
    <p class='ocr_par' dir='ltr' id='par_1_6' title="bbox 370 610 1491 683">
     <span class='ocr_line' id='line_1_6' title="bbox 370 610 1491 683; baseline 0.002 -19"><span class='ocrx_word' id='word_1_23' title='bbox 370 611 640 682; x_wconf 81' lang='grc' dir='ltr'>πολέμιοι,</span> <span class='ocrx_word' id='word_1_24' title='bbox 674 611 768 663; x_wconf 76' lang='grc' dir='ltr'>καὶ</span> <span class='ocrx_word' id='word_1_25' title='bbox 802 611 890 664; x_wconf 77' lang='grc' dir='ltr'>διὰ</span> <span class='ocrx_word' id='word_1_26' title='bbox 937 610 1159 664; x_wconf 84' lang='grc' dir='ltr'>πάντων</span> <span class='ocrx_word' id='word_1_27' title='bbox 1198 612 1491 683; x_wconf 84' lang='grc' dir='ltr'>ἀλλότριοι.</span> 
     </span>
    </p>
   </div>
   <div class='ocr_carea' id='block_1_7' title="bbox 443 699 1959 773">
    <p class='ocr_par' dir='ltr' id='par_1_7' title="bbox 443 699 1959 773">
     <span class='ocr_line' id='line_1_7' title="bbox 443 699 1959 773; baseline 0.003 -19"><span class='ocrx_word' id='word_1_28' title='bbox 443 699 573 772; x_wconf 83' lang='grc' dir='ltr'>ρξε’.</span> <span class='ocrx_word' id='word_1_29' title='bbox 613 701 679 757; x_wconf 88' lang='grc' dir='ltr'><strong>Ἦ</strong></span> <span class='ocrx_word' id='word_1_30' title='bbox 712 701 891 754; x_wconf 85' lang='grc' dir='ltr'>δειλία</span> <span class='ocrx_word' id='word_1_31' title='bbox 915 700 1022 754; x_wconf 87' lang='grc' dir='ltr'>τῶν</span> <span class='ocrx_word' id='word_1_32' title='bbox 1064 702 1414 773; x_wconf 84' lang='grc' dir='ltr'>στρατιωτῶν</span> <span class='ocrx_word' id='word_1_33' title='bbox 1437 704 1500 756; x_wconf 84' lang='grc' dir='ltr'>ἐκ</span> <span class='ocrx_word' id='word_1_34' title='bbox 1526 702 1621 756; x_wconf 82' lang='grc' dir='ltr'>τοῦ</span> <span class='ocrx_word' id='word_1_35' title='bbox 1653 703 1814 757; x_wconf 83' lang='grc' dir='ltr'>δκνου</span> <span class='ocrx_word' id='word_1_36' title='bbox 1865 705 1959 758; x_wconf 74' lang='grc' dir='ltr'>καὶ</span> 
     </span>
    </p>
   </div>
   <div class='ocr_carea' id='block_1_8' title="bbox 368 792 1955 867">
    <p class='ocr_par' dir='ltr' id='par_1_8' title="bbox 368 792 1955 867">
     <span class='ocr_line' id='line_1_8' title="bbox 368 792 1955 867; baseline 0.001 -21"><span class='ocrx_word' id='word_1_37' title='bbox 368 794 468 864; x_wconf 82' lang='grc' dir='ltr'>τῆς</span> <span class='ocrx_word' id='word_1_38' title='bbox 487 792 807 864; x_wconf 83' lang='grc' dir='ltr'>ὠχριάσεως</span> <span class='ocrx_word' id='word_1_39' title='bbox 846 793 1137 847; x_wconf 78' lang='grc' dir='ltr'>δείκνυται.</span> <span class='ocrx_word' id='word_1_40' title='bbox 1176 795 1317 859; x_wconf 85' lang='grc' dir='ltr'>Τοὺς</span> <span class='ocrx_word' id='word_1_41' title='bbox 1351 793 1444 849; x_wconf 75' lang='grc' dir='ltr'>οὖν</span> <span class='ocrx_word' id='word_1_42' title='bbox 1471 795 1746 860; x_wconf 77' lang='grc' dir='ltr'>τοιούτους</span> <span class='ocrx_word' id='word_1_43' title='bbox 1777 798 1955 867; x_wconf 85' lang='grc' dir='ltr'>ἀσυμ-</span> 
     </span>
    </p>
   </div>
   <div class='ocr_carea' id='block_1_9' title="bbox 369 883 1961 961">
    <p class='ocr_par' dir='ltr' id='par_1_9' title="bbox 369 883 1961 961">
     <span class='ocr_line' id='line_1_9' title="bbox 369 883 1961 961; baseline 0.003 -23"><span class='ocrx_word' id='word_1_44' title='bbox 369 884 554 955; x_wconf 73' lang='grc' dir='ltr'>φανῶς</span> <span class='ocrx_word' id='word_1_45' title='bbox 588 883 792 956; x_wconf 80' lang='grc' dir='ltr'>χώριζε</span> <span class='ocrx_word' id='word_1_46' title='bbox 828 884 921 939; x_wconf 77' lang='grc' dir='ltr'>τοῦ</span> <span class='ocrx_word' id='word_1_47' title='bbox 965 885 1221 956; x_wconf 80' lang='grc' dir='ltr'>στρατοῦ,</span> <span class='ocrx_word' id='word_1_48' title='bbox 1262 889 1357 941; x_wconf 75' lang='grc' dir='ltr'>καὶ</span> <span class='ocrx_word' id='word_1_49' title='bbox 1403 889 1725 955; x_wconf 88' lang='grc' dir='ltr'>ἀπόστελλε,</span> <span class='ocrx_word' id='word_1_50' title='bbox 1763 890 1839 954; x_wconf 89' lang='grc' dir='ltr'>ώς</span> <span class='ocrx_word' id='word_1_51' title='bbox 1866 889 1961 961; x_wconf 78' lang='grc' dir='ltr'>δῆ-</span> 
     </span>
    </p>
   </div>
   <div class='ocr_carea' id='block_1_10' title="bbox 368 976 1961 1052">
    <p class='ocr_par' dir='ltr' id='par_1_10' title="bbox 368 976 1961 1052">
     <span class='ocr_line' id='line_1_10' title="bbox 368 976 1961 1052; baseline 0.002 -22"><span class='ocrx_word' id='word_1_52' title='bbox 368 977 460 1030; x_wconf 88' lang='grc' dir='ltr'>θεν</span> <span class='ocrx_word' id='word_1_53' title='bbox 488 978 753 1046; x_wconf 89' lang='grc' dir='ltr'>κομίσοντ</span> <span class='ocrx_word' id='word_1_54' title='bbox 766 994 832 1040; x_wconf 89' lang='grc' dir='ltr'>ας</span> <span class='ocrx_word' id='word_1_55' title='bbox 856 976 891 1033; x_wconf 80' lang='grc' dir='ltr'><strong>ἃ</strong></span> <span class='ocrx_word' id='word_1_56' title='bbox 916 978 1243 1032; x_wconf 83' lang='grc' dir='ltr'>ἐπελάθοντο</span> <span class='ocrx_word' id='word_1_57' title='bbox 1263 995 1278 1011; x_wconf 89' lang='grc'><strong>·</strong></span> <span class='ocrx_word' id='word_1_58' title='bbox 1314 978 1543 1033; x_wconf 76' lang='grc' dir='ltr'>τοῦτοδὲ</span> <span class='ocrx_word' id='word_1_59' title='bbox 1569 981 1801 1050; x_wconf 84' lang='grc' dir='ltr'>ποιήσας</span> <span class='ocrx_word' id='word_1_60' title='bbox 1821 998 1961 1052; x_wconf 85' lang='grc' dir='ltr'>παρ-</span> 
     </span>
    </p>
   </div>
   <div class='ocr_carea' id='block_1_11' title="bbox 366 1068 1959 1144">
    <p class='ocr_par' dir='ltr' id='par_1_11' title="bbox 366 1068 1959 1144">
     <span class='ocr_line' id='line_1_11' title="bbox 366 1068 1959 1144; baseline 0.004 -23"><span class='ocrx_word' id='word_1_61' title='bbox 366 1069 616 1140; x_wconf 76' lang='grc' dir='ltr'>ορμὴσῃς</span> <span class='ocrx_word' id='word_1_62' title='bbox 632 1068 817 1138; x_wconf 81' lang='grc' dir='ltr'>λόγοις</span> <span class='ocrx_word' id='word_1_63' title='bbox 842 1069 969 1132; x_wconf 75' lang='grc' dir='ltr'>τοὺς</span> <span class='ocrx_word' id='word_1_64' title='bbox 994 1070 1354 1142; x_wconf 82' lang='grc' dir='ltr'>στρατιώτας,</span> <span class='ocrx_word' id='word_1_65' title='bbox 1384 1073 1458 1135; x_wconf 86' lang='grc' dir='ltr'>ὡς</span> <span class='ocrx_word' id='word_1_66' title='bbox 1480 1071 1587 1126; x_wconf 84' lang='grc' dir='ltr'>τῶν</span> <span class='ocrx_word' id='word_1_67' title='bbox 1613 1072 1959 1144; x_wconf 79' lang='grc' dir='ltr'>ἀνδραπόδων</span> 
     </span>
    </p>
   </div>
   <div class='ocr_carea' id='block_1_12' title="bbox 365 1160 1961 1237">
    <p class='ocr_par' dir='ltr' id='par_1_12' title="bbox 365 1160 1961 1237">
     <span class='ocr_line' id='line_1_12' title="bbox 365 1160 1961 1237; baseline 0.005 -24"><span class='ocrx_word' id='word_1_68' title='bbox 365 1161 591 1213; x_wconf 76' lang='grc' dir='ltr'>ἐκείνων</span> <span class='ocrx_word' id='word_1_69' title='bbox 627 1160 724 1233; x_wconf 67' lang='grc' dir='ltr'>ἤδη</span> <span class='ocrx_word' id='word_1_70' title='bbox 757 1162 1216 1235; x_wconf 81' lang='grc' dir='ltr'>ἀπηλλαγμένους</span> <span class='ocrx_word' id='word_1_71' title='bbox 1241 1165 1436 1235; x_wconf 83' lang='grc' dir='ltr'>μόνους</span> <span class='ocrx_word' id='word_1_72' title='bbox 1463 1166 1563 1235; x_wconf 83' lang='grc' dir='ltr'>τῆς</span> <span class='ocrx_word' id='word_1_73' title='bbox 1592 1166 1961 1237; x_wconf 79' lang='grc' dir='ltr'>ἀνδραγαθίας</span> 
     </span>
    </p>
   </div>
   <div class='ocr_carea' id='block_1_13' title="bbox 365 1248 1819 1337">
    <p class='ocr_par' dir='ltr' id='par_1_13' title="bbox 365 1248 1819 1337">
     <span class='ocr_line' id='line_1_13' title="bbox 365 1248 1819 1337; baseline 0.005 -33"><span class='ocrx_word' id='word_1_74' title='bbox 365 1248 605 1321; x_wconf 77' lang='grc' dir='ltr'>ἔχεσθαι,</span> <span class='ocrx_word' id='word_1_75' title='bbox 635 1252 730 1305; x_wconf 77' lang='grc' dir='ltr'>καὶ</span> <span class='ocrx_word' id='word_1_76' title='bbox 757 1252 867 1306; x_wconf 84' lang='grc' dir='ltr'>τῶν</span> <span class='ocrx_word' id='word_1_77' title='bbox 891 1254 988 1323; x_wconf 84' lang='grc' dir='ltr'>τῆς</span> <span class='ocrx_word' id='word_1_78' title='bbox 1017 1255 1175 1323; x_wconf 81' lang='grc' dir='ltr'>νίκης</span> <span class='ocrx_word' id='word_1_79' title='bbox 1196 1255 1414 1326; x_wconf 82' lang='grc' dir='ltr'>δωρεῶν</span> <span class='ocrx_word' id='word_1_80' title='bbox 1443 1256 1763 1327; x_wconf 78' lang='grc' dir='ltr'>ἀξιωθῆναι.</span> <span class='ocrx_word' id='word_1_81' title='bbox 1813 1331 1819 1337; x_wconf 27' lang='grc' dir='ltr'><strong>Ι</strong></span> 
     </span>
    </p>
   </div>
   <div class='ocr_carea' id='block_1_14' title="bbox 439 1343 1958 1420">
    <p class='ocr_par' dir='ltr' id='par_1_14' title="bbox 439 1343 1958 1420">
     <span class='ocr_line' id='line_1_14' title="bbox 439 1343 1958 1420; baseline 0.005 -25"><span class='ocrx_word' id='word_1_82' title='bbox 439 1343 583 1413; x_wconf 80' lang='grc' dir='ltr'>ρξς’.</span> <span class='ocrx_word' id='word_1_83' title='bbox 642 1344 1004 1413; x_wconf 77' lang='grc' dir='ltr'>Στρατιωτῶν</span> <span class='ocrx_word' id='word_1_84' title='bbox 1037 1344 1241 1409; x_wconf 82' lang='grc' dir='ltr'>δειλίας</span> <span class='ocrx_word' id='word_1_85' title='bbox 1293 1347 1570 1417; x_wconf 84' lang='grc' dir='ltr'>διάκρισιν</span> <span class='ocrx_word' id='word_1_86' title='bbox 1610 1347 1707 1403; x_wconf 79' lang='grc' dir='ltr'>καὶ</span> <span class='ocrx_word' id='word_1_87' title='bbox 1754 1348 1958 1420; x_wconf 78' lang='grc' dir='ltr'>ἑτέρως</span> 
     </span>
    </p>
   </div>
   <div class='ocr_carea' id='block_1_15' title="bbox 367 1434 1956 1510">
    <p class='ocr_par' dir='ltr' id='par_1_15' title="bbox 367 1434 1956 1510">
     <span class='ocr_line' id='line_1_15' title="bbox 367 1434 1956 1510; baseline -0.007 -5"><span class='ocrx_word' id='word_1_88' title='bbox 367 1452 448 1489; x_wconf 81' lang='grc' dir='ltr'>σοι</span> <span class='ocrx_word' id='word_1_89' title='bbox 480 1434 768 1501; x_wconf 59' lang='grc' dir='ltr'>ὑποδείξω.</span> <span class='ocrx_word' id='word_1_90' title='bbox 800 1435 907 1489; x_wconf 80' lang='grc' dir='ltr'>Τοῦ</span> <span class='ocrx_word' id='word_1_91' title='bbox 938 1436 1047 1508; x_wconf 85' lang='grc' dir='ltr'>γὰρ</span> <span class='ocrx_word' id='word_1_92' title='bbox 1093 1438 1324 1509; x_wconf 79' lang='grc' dir='ltr'>στρατοῦ</span> <span class='ocrx_word' id='word_1_93' title='bbox 1370 1439 1571 1503; x_wconf 81' lang='grc' dir='ltr'>παντὸς</span> <span class='ocrx_word' id='word_1_94' title='bbox 1614 1441 1750 1510; x_wconf 83' lang='grc' dir='ltr'>ὁμοῦ</span> <span class='ocrx_word' id='word_1_95' title='bbox 1784 1441 1956 1508; x_wconf 69' lang='grc' dir='ltr'>ὄντος,</span> 
     </span>
    </p>
   </div>
   <div class='ocr_carea' id='block_1_16' title="bbox 364 1528 1955 1603">
    <p class='ocr_par' dir='ltr' id='par_1_16' title="bbox 364 1528 1955 1603">
     <span class='ocr_line' id='line_1_16' title="bbox 364 1528 1955 1603; baseline 0.004 -23"><span class='ocrx_word' id='word_1_96' title='bbox 364 1528 459 1581; x_wconf 88' lang='grc' dir='ltr'>ἐάν</span> <span class='ocrx_word' id='word_1_97' title='bbox 510 1530 738 1599; x_wconf 76' lang='grc' dir='ltr'>κινήσῃς</span> <span class='ocrx_word' id='word_1_98' title='bbox 778 1529 1078 1598; x_wconf 82' lang='grc' dir='ltr'>σάλπιγγα,</span> <span class='ocrx_word' id='word_1_99' title='bbox 1110 1532 1185 1594; x_wconf 87' lang='grc' dir='ltr'>ὡς</span> <span class='ocrx_word' id='word_1_100' title='bbox 1212 1532 1293 1584; x_wconf 87' lang='grc' dir='ltr'>ὄτι</span> <span class='ocrx_word' id='word_1_101' title='bbox 1330 1533 1378 1585; x_wconf 85' lang='grc' dir='ltr'>οἱ</span> <span class='ocrx_word' id='word_1_102' title='bbox 1414 1530 1663 1602; x_wconf 83' lang='grc' dir='ltr'>πολέμιοι</span> <span class='ocrx_word' id='word_1_103' title='bbox 1708 1534 1955 1603; x_wconf 83' lang='grc' dir='ltr'>συμπλέ-</span> 
     </span>
    </p>
   </div>
   <div class='ocr_carea' id='block_1_17' title="bbox 362 1620 1959 1694">
    <p class='ocr_par' dir='ltr' id='par_1_17' title="bbox 362 1620 1959 1694">
     <span class='ocr_line' id='line_1_17' title="bbox 362 1620 1959 1694; baseline 0.005 -23"><span class='ocrx_word' id='word_1_104' title='bbox 362 1634 548 1672; x_wconf 74' lang='grc' dir='ltr'>κονται</span> <span class='ocrx_word' id='word_1_105' title='bbox 581 1621 715 1690; x_wconf 66' lang='grc' dir='ltr'>πρδς</span> <span class='ocrx_word' id='word_1_106' title='bbox 743 1620 944 1691; x_wconf 82' lang='grc' dir='ltr'>μάχην,</span> <span class='ocrx_word' id='word_1_107' title='bbox 969 1622 1213 1693; x_wconf 81' lang='grc' dir='ltr'>ταραχῆς</span> <span class='ocrx_word' id='word_1_108' title='bbox 1239 1621 1561 1694; x_wconf 77' lang='grc' dir='ltr'>γενομένης,</span> <span class='ocrx_word' id='word_1_109' title='bbox 1587 1624 1635 1676; x_wconf 77' lang='grc' dir='ltr'>οἱ</span> <span class='ocrx_word' id='word_1_110' title='bbox 1666 1624 1765 1693; x_wconf 83' lang='grc' dir='ltr'>μὲν</span> <span class='ocrx_word' id='word_1_111' title='bbox 1793 1624 1959 1679; x_wconf 61' lang='grc' dir='ltr'>δειλοὶΙ</span> 
     </span>
    </p>
   </div>
   <div class='ocr_carea' id='block_1_18' title="bbox 364 1711 1593 1785">
    <p class='ocr_par' dir='ltr' id='par_1_18' title="bbox 364 1711 1593 1785">
     <span class='ocr_line' id='line_1_18' title="bbox 364 1711 1593 1785; baseline 0.003 -21"><span class='ocrx_word' id='word_1_112' title='bbox 364 1711 677 1780; x_wconf 79' lang='grc' dir='ltr'>φεύξονται,</span> <span class='ocrx_word' id='word_1_113' title='bbox 718 1714 766 1764; x_wconf 83' lang='grc' dir='ltr'>οί</span> <span class='ocrx_word' id='word_1_114' title='bbox 795 1712 850 1764; x_wconf 83' lang='grc' dir='ltr'>δὲ</span> <span class='ocrx_word' id='word_1_115' title='bbox 889 1713 1124 1785; x_wconf 88' lang='grc' dir='ltr'>ἀνδρεῖοι</span> <span class='ocrx_word' id='word_1_116' title='bbox 1158 1714 1593 1784; x_wconf 80' lang='grc' dir='ltr'>παρατάξονται.</span> 
     </span>
    </p>
   </div>
   <div class='ocr_carea' id='block_1_19' title="bbox 434 1801 1952 1879">
    <p class='ocr_par' dir='ltr' id='par_1_19' title="bbox 434 1801 1952 1879">
     <span class='ocr_line' id='line_1_19' title="bbox 434 1801 1952 1879; baseline 0.004 -24"><span class='ocrx_word' id='word_1_117' title='bbox 434 1801 568 1873; x_wconf 54' lang='lat' dir='ltr'><strong>pse.</strong></span> <span class='ocrx_word' id='word_1_118' title='bbox 615 1801 741 1856; x_wconf 76' lang='grc' dir='ltr'>Ἐάν</span> <span class='ocrx_word' id='word_1_119' title='bbox 792 1804 930 1872; x_wconf 82' lang='grc' dir='ltr'>πρὸς</span> <span class='ocrx_word' id='word_1_120' title='bbox 979 1804 1370 1876; x_wconf 79' lang='grc' dir='ltr'>ἀγυμνάστους</span> <span class='ocrx_word' id='word_1_121' title='bbox 1418 1808 1601 1878; x_wconf 82' lang='grc' dir='ltr'>μάχης</span> <span class='ocrx_word' id='word_1_122' title='bbox 1660 1808 1952 1879; x_wconf 83' lang='grc' dir='ltr'>πολεμίους</span> 
     </span>
    </p>
   </div>
   <div class='ocr_carea' id='block_1_20' title="bbox 362 1894 1948 1971">
    <p class='ocr_par' dir='ltr' id='par_1_20' title="bbox 362 1894 1948 1971">
     <span class='ocr_line' id='line_1_20' title="bbox 362 1894 1948 1971; baseline 0.013 -26"><span class='ocrx_word' id='word_1_123' title='bbox 362 1894 729 1965; x_wconf 87' lang='grc' dir='ltr'>παρατάσσῃ,</span> <span class='ocrx_word' id='word_1_124' title='bbox 786 1894 949 1958; x_wconf 77' lang='grc' dir='ltr'>αὐτὸς</span> <span class='ocrx_word' id='word_1_125' title='bbox 1006 1895 1063 1948; x_wconf 82' lang='grc' dir='ltr'>δὲ</span> <span class='ocrx_word' id='word_1_126' title='bbox 1138 1896 1234 1950; x_wconf 79' lang='grc' dir='ltr'>καὶ</span> <span class='ocrx_word' id='word_1_127' title='bbox 1280 1897 1769 1968; x_wconf 78' lang='grc' dir='ltr'>γεγυμνασμένους</span> <span class='ocrx_word' id='word_1_128' title='bbox 1817 1898 1948 1971; x_wconf 77' lang='grc' dir='ltr'>ἔχῃς</span> 
     </span>
    </p>
   </div>
   <div class='ocr_carea' id='block_1_21' title="bbox 364 1984 1944 2061">
    <p class='ocr_par' dir='ltr' id='par_1_21' title="bbox 364 1984 1944 2061">
     <span class='ocr_line' id='line_1_21' title="bbox 364 1984 1944 2061; baseline 0.004 -23"><span class='ocrx_word' id='word_1_129' title='bbox 364 1984 723 2056; x_wconf 85' lang='grc' dir='ltr'>στρατιώτας,</span> <span class='ocrx_word' id='word_1_130' title='bbox 760 1987 821 2039; x_wconf 83' lang='grc' dir='ltr'>ού</span> <span class='ocrx_word' id='word_1_131' title='bbox 873 1986 1119 2058; x_wconf 81' lang='grc' dir='ltr'>παρευθὺ</span> <span class='ocrx_word' id='word_1_132' title='bbox 1153 1989 1264 2059; x_wconf 85' lang='grc'>(50)</span> <span class='ocrx_word' id='word_1_133' title='bbox 1298 1988 1399 2059; x_wconf 85' lang='grc' dir='ltr'>τὴν</span> <span class='ocrx_word' id='word_1_134' title='bbox 1436 1988 1619 2061; x_wconf 86' lang='grc' dir='ltr'>μάχην</span> <span class='ocrx_word' id='word_1_135' title='bbox 1665 1991 1944 2061; x_wconf 72' lang='grc' dir='ltr'>συνάψεις,</span> 
     </span>
    </p>
   </div>
   <div class='ocr_carea' id='block_1_22' title="bbox 360 2076 1944 2153">
    <p class='ocr_par' dir='ltr' id='par_1_22' title="bbox 360 2076 1944 2153">
     <span class='ocr_line' id='line_1_22' title="bbox 360 2076 1944 2153; baseline 0.004 -23"><span class='ocrx_word' id='word_1_136' title='bbox 360 2076 499 2130; x_wconf 82' lang='grc' dir='ltr'>ἀλλά</span> <span class='ocrx_word' id='word_1_137' title='bbox 534 2076 819 2148; x_wconf 81' lang='grc' dir='ltr'>συντηρεῖν</span> <span class='ocrx_word' id='word_1_138' title='bbox 852 2095 912 2131; x_wconf 89' lang='grc' dir='ltr'>σε</span> <span class='ocrx_word' id='word_1_139' title='bbox 955 2080 1037 2132; x_wconf 85' lang='grc' dir='ltr'>δεῖ</span> <span class='ocrx_word' id='word_1_140' title='bbox 1083 2081 1176 2134; x_wconf 76' lang='grc' dir='ltr'>τὸν</span> <span class='ocrx_word' id='word_1_141' title='bbox 1225 2081 1420 2151; x_wconf 88' lang='grc' dir='ltr'>χρόνον</span> <span class='ocrx_word' id='word_1_142' title='bbox 1466 2082 1525 2135; x_wconf 83' lang='grc' dir='ltr'>ἐν</span> <span class='ocrx_word' id='word_1_143' title='bbox 1558 2084 1623 2153; x_wconf 85' lang='grc' dir='ltr'>τῇ</span> <span class='ocrx_word' id='word_1_144' title='bbox 1663 2084 1944 2151; x_wconf 85' lang='grc' dir='ltr'>συστάσει,</span> 
     </span>
    </p>
   </div>
   <div class='ocr_carea' id='block_1_23' title="bbox 360 2170 1947 2244">
    <p class='ocr_par' dir='ltr' id='par_1_23' title="bbox 360 2170 1947 2244">
     <span class='ocr_line' id='line_1_23' title="bbox 360 2170 1947 2244; baseline 0.005 -21"><span class='ocrx_word' id='word_1_145' title='bbox 360 2170 453 2223; x_wconf 74' lang='grc' dir='ltr'>καὶ</span> <span class='ocrx_word' id='word_1_146' title='bbox 498 2171 824 2239; x_wconf 82' lang='grc' dir='ltr'>προεκλύειν</span> <span class='ocrx_word' id='word_1_147' title='bbox 844 2170 971 2235; x_wconf 80' lang='grc' dir='ltr'>τοὺς</span> <span class='ocrx_word' id='word_1_148' title='bbox 1008 2172 1302 2244; x_wconf 83' lang='grc' dir='ltr'>πολεμίους</span> <span class='ocrx_word' id='word_1_149' title='bbox 1327 2173 1402 2237; x_wconf 84' lang='grc' dir='ltr'>ὡς</span> <span class='ocrx_word' id='word_1_150' title='bbox 1430 2174 1517 2227; x_wconf 81' lang='grc' dir='ltr'>ἐπ’</span> <span class='ocrx_word' id='word_1_151' title='bbox 1543 2175 1724 2243; x_wconf 86' lang='grc' dir='ltr'>ὀλίγον</span> <span class='ocrx_word' id='word_1_152' title='bbox 1759 2180 1947 2231; x_wconf 87' lang='grc' dir='ltr'>πονεῖν</span> 
     </span>
    </p>
   </div>
   <div class='ocr_carea' id='block_1_24' title="bbox 356 2260 1946 2339">
    <p class='ocr_par' dir='ltr' id='par_1_24' title="bbox 356 2260 1946 2339">
     <span class='ocr_line' id='line_1_24' title="bbox 356 2260 1946 2339; baseline 0.004 -26"><span class='ocrx_word' id='word_1_153' title='bbox 356 2260 714 2331; x_wconf 76' lang='grc' dir='ltr'>εἰθισμένους,</span> <span class='ocrx_word' id='word_1_154' title='bbox 746 2261 843 2315; x_wconf 73' lang='grc' dir='ltr'>καὶ</span> <span class='ocrx_word' id='word_1_155' title='bbox 873 2264 995 2315; x_wconf 85' lang='grc' dir='ltr'>τότε</span> <span class='ocrx_word' id='word_1_156' title='bbox 1048 2262 1313 2334; x_wconf 75' lang='grc' dir='ltr'>ἐπιτεθῇς</span> <span class='ocrx_word' id='word_1_157' title='bbox 1362 2264 1565 2327; x_wconf 81' lang='grc' dir='ltr'>αὐτοῖς.</span> <span class='ocrx_word' id='word_1_158' title='bbox 1613 2265 1759 2319; x_wconf 77' lang='grc' dir='ltr'>Είδέ</span> <span class='ocrx_word' id='word_1_159' title='bbox 1808 2267 1946 2339; x_wconf 84' lang='grc' dir='ltr'>πρὸς</span> 
     </span>
    </p>
   </div>
   <div class='ocr_carea' id='block_1_25' title="bbox 355 2353 1945 2431">
    <p class='ocr_par' dir='ltr' id='par_1_25' title="bbox 355 2353 1945 2431">
     <span class='ocr_line' id='line_1_25' title="bbox 355 2353 1945 2431; baseline 0.006 -27"><span class='ocrx_word' id='word_1_160' title='bbox 355 2353 482 2415; x_wconf 80' lang='grc' dir='ltr'>τοὺς</span> <span class='ocrx_word' id='word_1_161' title='bbox 519 2353 867 2421; x_wconf 80' lang='grc' dir='ltr'>γυμναστοὺς</span> <span class='ocrx_word' id='word_1_162' title='bbox 920 2355 1082 2418; x_wconf 75' lang='grc' dir='ltr'>αὐτὸς</span> <span class='ocrx_word' id='word_1_163' title='bbox 1131 2356 1271 2425; x_wconf 77' lang='grc' dir='ltr'>ἔχων</span> <span class='ocrx_word' id='word_1_164' title='bbox 1301 2360 1788 2429; x_wconf 81' lang='grc' dir='ltr'>γεγυμνασμένους</span> <span class='ocrx_word' id='word_1_165' title='bbox 1836 2360 1945 2431; x_wconf 87' lang='grc' dir='ltr'>μά-</span> 
     </span>
    </p>
   </div>
   <div class='ocr_carea' id='block_1_26' title="bbox 357 2444 1942 2519">
    <p class='ocr_par' dir='ltr' id='par_1_26' title="bbox 357 2444 1942 2519">
     <span class='ocr_line' id='line_1_26' title="bbox 357 2444 1942 2519; baseline 0.006 -22"><span class='ocrx_word' id='word_1_166' title='bbox 357 2461 459 2514; x_wconf 79' lang='grc' dir='ltr'>χης</span> <span class='ocrx_word' id='word_1_167' title='bbox 498 2444 793 2515; x_wconf 83' lang='grc' dir='ltr'>πολεμίους</span> <span class='ocrx_word' id='word_1_168' title='bbox 827 2444 1095 2517; x_wconf 85' lang='grc' dir='ltr'>μάχεσθαι</span> <span class='ocrx_word' id='word_1_169' title='bbox 1130 2446 1331 2519; x_wconf 81' lang='grc' dir='ltr'>μέλλῃς</span> <span class='ocrx_word' id='word_1_170' title='bbox 1360 2449 1700 2519; x_wconf 82' lang='grc' dir='ltr'>στρατιώτας</span> <span class='ocrx_word' id='word_1_171' title='bbox 1747 2454 1811 2506; x_wconf 85' lang='grc' dir='ltr'>ἐκ</span> <span class='ocrx_word' id='word_1_172' title='bbox 1848 2452 1942 2506; x_wconf 84' lang='grc' dir='ltr'>τοῦ</span> 
     </span>
    </p>
   </div>
   <div class='ocr_carea' id='block_1_27' title="bbox 355 2534 1942 2616">
    <p class='ocr_par' dir='ltr' id='par_1_27' title="bbox 355 2534 1942 2616">
     <span class='ocr_line' id='line_1_27' title="bbox 355 2534 1942 2616; baseline 0.004 -27"><span class='ocrx_word' id='word_1_173' title='bbox 355 2534 561 2600; x_wconf 75' lang='grc' dir='ltr'>εὐθέως</span> <span class='ocrx_word' id='word_1_174' title='bbox 592 2536 687 2589; x_wconf 82' lang='grc' dir='ltr'>καὶ</span> <span class='ocrx_word' id='word_1_175' title='bbox 726 2537 1071 2608; x_wconf 85' lang='grc' dir='ltr'>παραχρῆμα</span> <span class='ocrx_word' id='word_1_176' title='bbox 1095 2539 1200 2607; x_wconf 76' lang='grc' dir='ltr'>τὴν</span> <span class='ocrx_word' id='word_1_177' title='bbox 1230 2538 1411 2609; x_wconf 87' lang='grc' dir='ltr'>μάχην</span> <span class='ocrx_word' id='word_1_178' title='bbox 1437 2538 1738 2609; x_wconf 73' lang='grc' dir='ltr'>σύμϐαλλεσ</span> <span class='ocrx_word' id='word_1_179' title='bbox 1773 2545 1806 2613; x_wconf 86' lang='grc' dir='ltr'>ή</span> <span class='ocrx_word' id='word_1_180' title='bbox 1832 2545 1942 2616; x_wconf 90' lang='grc' dir='ltr'>γάρ</span> 
     </span>
    </p>
   </div>
   <div class='ocr_carea' id='block_1_28' title="bbox 353 2620 1943 2706">
    <p class='ocr_par' dir='ltr' id='par_1_28' title="bbox 353 2620 1943 2706">
     <span class='ocr_line' id='line_1_28' title="bbox 353 2620 1943 2706; baseline 0.008 -28"><span class='ocrx_word' id='word_1_181' title='bbox 353 2626 509 2699; x_wconf 81' lang='grc' dir='ltr'>ἀκμὴ</span> <span class='ocrx_word' id='word_1_182' title='bbox 539 2628 649 2681; x_wconf 84' lang='grc' dir='ltr'>τῶν</span> <span class='ocrx_word' id='word_1_183' title='bbox 695 2628 806 2683; x_wconf 85' lang='grc' dir='ltr'>σῶν</span> <span class='ocrx_word' id='word_1_184' title='bbox 837 2620 1190 2703; x_wconf 78' lang='grc' dir='ltr'>στρατιωτῶν</span> <span class='ocrx_word' id='word_1_185' title='bbox 1220 2632 1485 2700; x_wconf 88' lang='grc' dir='ltr'>γενναίως</span> <span class='ocrx_word' id='word_1_186' title='bbox 1523 2633 1943 2706; x_wconf 86' lang='grc' dir='ltr'>ἀπομαχήσεται</span> 
     </span>
    </p>
   </div>
   <div class='ocr_carea' id='block_1_29' title="bbox 352 2718 978 2788">
    <p class='ocr_par' dir='ltr' id='par_1_29' title="bbox 352 2718 978 2788">
     <span class='ocr_line' id='line_1_29' title="bbox 352 2718 978 2788; baseline 0.011 -20"><span class='ocrx_word' id='word_1_187' title='bbox 352 2722 489 2788; x_wconf 75' lang='grc' dir='ltr'>πρὸς</span> <span class='ocrx_word' id='word_1_188' title='bbox 519 2718 646 2782; x_wconf 78' lang='grc' dir='ltr'>τοὺς</span> <span class='ocrx_word' id='word_1_189' title='bbox 680 2721 978 2784; x_wconf 89' lang='grc' dir='ltr'>ἐναντίους.</span> 
     </span>
    </p>
   </div>
   <div class='ocr_carea' id='block_1_30' title="bbox 449 2810 1940 2890">
    <p class='ocr_par' dir='ltr' id='par_1_30' title="bbox 449 2810 1940 2890">
     <span class='ocr_line' id='line_1_30' title="bbox 449 2810 1940 2890; baseline 0.007 -29"><span class='ocrx_word' id='word_1_190' title='bbox 449 2810 587 2880; x_wconf 80' lang='grc' dir='ltr'>ρξη’.</span> <span class='ocrx_word' id='word_1_191' title='bbox 656 2811 946 2865; x_wconf 84' lang='grc' dir='ltr'>’Υπόνοιαν</span> <span class='ocrx_word' id='word_1_192' title='bbox 1005 2813 1275 2883; x_wconf 77' lang='grc' dir='ltr'>ἐπιμονῆς</span> <span class='ocrx_word' id='word_1_193' title='bbox 1351 2816 1409 2868; x_wconf 85' lang='grc' dir='ltr'>ἐν</span> <span class='ocrx_word' id='word_1_194' title='bbox 1472 2816 1697 2890; x_wconf 87' lang='grc' dir='ltr'>τοιαύτῃ</span> <span class='ocrx_word' id='word_1_195' title='bbox 1745 2819 1940 2889; x_wconf 81' lang='grc' dir='ltr'>καιροῦ</span> 
     </span>
    </p>
   </div>
   <div class='ocr_carea' id='block_1_31' title="bbox 348 2901 1939 2980">
    <p class='ocr_par' dir='ltr' id='par_1_31' title="bbox 348 2901 1939 2980">
     <span class='ocr_line' id='line_1_31' title="bbox 348 2901 1939 2980; baseline 0.008 -28"><span class='ocrx_word' id='word_1_196' title='bbox 348 2901 509 2971; x_wconf 76' lang='grc' dir='ltr'>χρεία</span> <span class='ocrx_word' id='word_1_197' title='bbox 535 2901 731 2966; x_wconf 80' lang='grc' dir='ltr'>δείξεις</span> <span class='ocrx_word' id='word_1_198' title='bbox 760 2905 875 2965; x_wconf 87' lang='grc' dir='ltr'>τοῖς</span> <span class='ocrx_word' id='word_1_199' title='bbox 910 2904 1213 2972; x_wconf 85' lang='grc' dir='ltr'>πολεμίοις,</span> <span class='ocrx_word' id='word_1_200' title='bbox 1249 2906 1297 2957; x_wconf 85' lang='grc' dir='ltr'>εί</span> <span class='ocrx_word' id='word_1_201' title='bbox 1334 2906 1445 2977; x_wconf 78' lang='grc' dir='ltr'>ἄρα</span> <span class='ocrx_word' id='word_1_202' title='bbox 1476 2908 1693 2977; x_wconf 78' lang='grc' dir='ltr'>μέλλεις</span> <span class='ocrx_word' id='word_1_203' title='bbox 1722 2910 1939 2980; x_wconf 85' lang='grc' dir='ltr'>ὑποχω-</span> 
     </span>
    </p>
   </div>
   <div class='ocr_carea' id='block_1_32' title="bbox 350 2993 1941 3072">
    <p class='ocr_par' dir='ltr' id='par_1_32' title="bbox 350 2993 1941 3072">
     <span class='ocr_line' id='line_1_32' title="bbox 350 2993 1941 3072; baseline 0.008 -28"><span class='ocrx_word' id='word_1_204' title='bbox 350 2993 462 3066; x_wconf 84' lang='grc' dir='ltr'>ρῶν</span> <span class='ocrx_word' id='word_1_205' title='bbox 502 2994 577 3056; x_wconf 84' lang='grc' dir='ltr'>ὡς</span> <span class='ocrx_word' id='word_1_206' title='bbox 624 2995 807 3065; x_wconf 79' lang='grc' dir='ltr'>μένων</span> <span class='ocrx_word' id='word_1_207' title='bbox 840 2996 1183 3065; x_wconf 78' lang='grc' dir='ltr'>ἐξαπατῆσαι</span> <span class='ocrx_word' id='word_1_208' title='bbox 1231 2997 1448 3063; x_wconf 83' lang='grc' dir='ltr'>αὐτοὺς,</span> <span class='ocrx_word' id='word_1_209' title='bbox 1491 2999 1587 3053; x_wconf 84' lang='grc' dir='ltr'>ἐὰν</span> <span class='ocrx_word' id='word_1_210' title='bbox 1612 3000 1805 3072; x_wconf 82' lang='grc' dir='ltr'>δένδρα</span> <span class='ocrx_word' id='word_1_211' title='bbox 1842 3019 1941 3056; x_wconf 74' lang='grc' dir='ltr'>πε-</span> 
     </span>
    </p>
   </div>
   <div class='ocr_carea' id='block_1_33' title="bbox 353 3085 1941 3163">
    <p class='ocr_par' dir='ltr' id='par_1_33' title="bbox 353 3085 1941 3163">
     <span class='ocr_line' id='line_1_33' title="bbox 353 3085 1941 3163; baseline 0.005 -26"><span class='ocrx_word' id='word_1_212' title='bbox 353 3085 601 3155; x_wconf 73' lang='grc' dir='ltr'>ρικόψας,</span> <span class='ocrx_word' id='word_1_213' title='bbox 634 3087 666 3158; x_wconf 77' lang='grc' dir='ltr'>ἦ</span> <span class='ocrx_word' id='word_1_214' title='bbox 699 3087 901 3141; x_wconf 86' lang='grc' dir='ltr'>τούτων</span> <span class='ocrx_word' id='word_1_215' title='bbox 934 3090 1008 3160; x_wconf 81' lang='grc' dir='ltr'>μὴ</span> <span class='ocrx_word' id='word_1_216' title='bbox 1048 3087 1219 3140; x_wconf 78' lang='grc' dir='ltr'>ὄντων</span> <span class='ocrx_word' id='word_1_217' title='bbox 1266 3088 1432 3161; x_wconf 73' lang='grc' dir='ltr'>ἕτερά</span> <span class='ocrx_word' id='word_1_218' title='bbox 1462 3108 1585 3144; x_wconf 86' lang='grc' dir='ltr'>τινα</span> <span class='ocrx_word' id='word_1_219' title='bbox 1622 3090 1757 3157; x_wconf 79' lang='grc' dir='ltr'>ξύλα</span> <span class='ocrx_word' id='word_1_220' title='bbox 1808 3094 1941 3163; x_wconf 81' lang='grc' dir='ltr'>στή-</span> 
     </span>
    </p>
   </div>
   <div class='ocr_carea' id='block_1_34' title="bbox 2063 617 2653 674">
    <p class='ocr_par' dir='ltr' id='par_1_34' title="bbox 2063 617 2653 674">
     <span class='ocr_line' id='line_1_34' title="bbox 2063 617 2653 674; baseline 0.007 -4"><span class='ocrx_word' id='word_1_221' title='bbox 2063 617 2227 670; x_wconf 88' lang='lat' dir='ltr'><strong>alieni</strong></span> <span class='ocrx_word' id='word_1_222' title='bbox 2256 620 2323 671; x_wconf 91' lang='lat' dir='ltr'>ab</span> <span class='ocrx_word' id='word_1_223' title='bbox 2350 619 2467 674; x_wconf 81' lang='lat' dir='ltr'><strong>illis</strong></span> <span class='ocrx_word' id='word_1_224' title='bbox 2503 627 2653 674; x_wconf 88' lang='lat' dir='ltr'><strong>sunt.</strong></span> 
     </span>
    </p>
   </div>
   <div class='ocr_carea' id='block_1_35' title="bbox 2134 706 3656 784">
    <p class='ocr_par' dir='ltr' id='par_1_35' title="bbox 2134 706 3656 784">
     <span class='ocr_line' id='line_1_35' title="bbox 2134 706 3656 784; baseline 0.011 -24"><span class='ocrx_word' id='word_1_225' title='bbox 2134 706 2258 761; x_wconf 80' lang='grc'>165.</span> <span class='ocrx_word' id='word_1_226' title='bbox 2310 707 2606 764; x_wconf 89' lang='lat' dir='ltr'><strong>Timiditas</strong></span> <span class='ocrx_word' id='word_1_227' title='bbox 2647 710 2883 765; x_wconf 77' lang='lat' dir='ltr'><strong>militum</strong></span> <span class='ocrx_word' id='word_1_228' title='bbox 2931 726 2996 767; x_wconf 79' lang='lat' dir='ltr'><strong>ex</strong></span> <span class='ocrx_word' id='word_1_229' title='bbox 3034 713 3269 784; x_wconf 82' lang='lat' dir='ltr'><strong>pallore,</strong></span> <span class='ocrx_word' id='word_1_230' title='bbox 3312 725 3366 772; x_wconf 91' lang='lat' dir='ltr'>et</span> <span class='ocrx_word' id='word_1_231' title='bbox 3398 718 3656 777; x_wconf 91' lang='lat' dir='ltr'><strong>tarditate</strong></span> 
     </span>
    </p>
   </div>
   <div class='ocr_carea' id='block_1_36' title="bbox 2060 799 3659 873">
    <p class='ocr_par' dir='ltr' id='par_1_36' title="bbox 2060 799 3659 873">
     <span class='ocr_line' id='line_1_36' title="bbox 2060 799 3659 873; baseline 0.009 -20"><span class='ocrx_word' id='word_1_232' title='bbox 2060 800 2434 868; x_wconf 78' lang='lat' dir='ltr'>cognoscitur.</span> <span class='ocrx_word' id='word_1_233' title='bbox 2470 799 2632 857; x_wconf 84' lang='lat' dir='ltr'>Tales</span> <span class='ocrx_word' id='word_1_234' title='bbox 2689 803 2857 873; x_wconf 77' lang='lat' dir='ltr'><strong>igitur</strong></span> <span class='ocrx_word' id='word_1_235' title='bbox 2911 806 3125 860; x_wconf 83' lang='lat' dir='ltr'><strong>occulte</strong></span> <span class='ocrx_word' id='word_1_236' title='bbox 3167 807 3235 861; x_wconf 89' lang='lat' dir='ltr'>ab</span> <span class='ocrx_word' id='word_1_237' title='bbox 3287 810 3533 864; x_wconf 82' lang='lat' dir='ltr'><strong>exercitu</strong></span> <span class='ocrx_word' id='word_1_238' title='bbox 3573 825 3659 867; x_wconf 65' lang='lat' dir='ltr'><strong>se»</strong></span> 
     </span>
    </p>
   </div>
   <div class='ocr_carea' id='block_1_37' title="bbox 2062 892 3654 972">
    <p class='ocr_par' dir='ltr' id='par_1_37' title="bbox 2062 892 3654 972">
     <span class='ocr_line' id='line_1_37' title="bbox 2062 892 3654 972; baseline 0.009 -30"><span class='ocrx_word' id='word_1_239' title='bbox 2062 906 2216 959; x_wconf 88' lang='lat' dir='ltr'><strong>para,</strong></span> <span class='ocrx_word' id='word_1_240' title='bbox 2271 899 2326 946; x_wconf 85' lang='lat' dir='ltr'>et</span> <span class='ocrx_word' id='word_1_241' title='bbox 2368 892 2555 963; x_wconf 88' lang='lat' dir='ltr'><strong>aliquo</strong></span> <span class='ocrx_word' id='word_1_242' title='bbox 2610 895 2843 950; x_wconf 83' lang='lat' dir='ltr'><strong>amanda</strong></span> <span class='ocrx_word' id='word_1_243' title='bbox 2865 939 2878 963; x_wconf 93' lang='lat'>,</span> <span class='ocrx_word' id='word_1_244' title='bbox 2912 905 2972 951; x_wconf 93' lang='lat' dir='ltr'>ut</span> <span class='ocrx_word' id='word_1_245' title='bbox 3005 898 3155 953; x_wconf 90' lang='lat' dir='ltr'><strong>illinc</strong></span> <span class='ocrx_word' id='word_1_246' title='bbox 3182 909 3496 968; x_wconf 85' lang='lat' dir='ltr'><strong>reportent,</strong></span> <span class='ocrx_word' id='word_1_247' title='bbox 3531 918 3654 972; x_wconf 70' lang='lat' dir='ltr'><strong>qua:</strong></span> 
     </span>
    </p>
   </div>
   <div class='ocr_carea' id='block_1_38' title="bbox 2060 984 3651 1064">
    <p class='ocr_par' dir='ltr' id='par_1_38' title="bbox 2060 984 3651 1064">
     <span class='ocr_line' id='line_1_38' title="bbox 2060 984 3651 1064; baseline 0.009 -28"><span class='ocrx_word' id='word_1_248' title='bbox 2060 984 2337 1041; x_wconf 84' lang='lat' dir='ltr'><strong>oblivione</strong></span> <span class='ocrx_word' id='word_1_249' title='bbox 2377 986 2566 1042; x_wconf 89' lang='lat' dir='ltr'><strong>relicta</strong></span> <span class='ocrx_word' id='word_1_250' title='bbox 2616 996 2793 1057; x_wconf 91' lang='lat' dir='ltr'><strong>sunt;</strong></span> <span class='ocrx_word' id='word_1_251' title='bbox 2847 990 2948 1045; x_wconf 90' lang='lat' dir='ltr'>hoc</span> <span class='ocrx_word' id='word_1_252' title='bbox 2998 988 3090 1046; x_wconf 84' lang='lat' dir='ltr'>ubi</span> <span class='ocrx_word' id='word_1_253' title='bbox 3144 990 3360 1059; x_wconf 82' lang='lat' dir='ltr'><strong>feceris,</strong></span> <span class='ocrx_word' id='word_1_254' title='bbox 3409 993 3651 1064; x_wconf 86' lang='lat' dir='ltr'><strong>reliquos</strong></span> 
     </span>
    </p>
   </div>
   <div class='ocr_carea' id='block_1_39' title="bbox 2062 1076 3648 1157">
    <p class='ocr_par' dir='ltr' id='par_1_39' title="bbox 2062 1076 3648 1157">
     <span class='ocr_line' id='line_1_39' title="bbox 2062 1076 3648 1157; baseline 0.009 -29"><span class='ocrx_word' id='word_1_255' title='bbox 2062 1076 2264 1133; x_wconf 85' lang='lat' dir='ltr'><strong>milites</strong></span> <span class='ocrx_word' id='word_1_256' title='bbox 2322 1080 2746 1146; x_wconf 83' lang='lat' dir='ltr'><strong>cohortaberis,</strong></span> <span class='ocrx_word' id='word_1_257' title='bbox 2802 1088 2860 1136; x_wconf 91' lang='lat' dir='ltr'>ut</span> <span class='ocrx_word' id='word_1_258' title='bbox 2923 1083 3032 1153; x_wconf 91' lang='lat' dir='ltr'>jam</span> <span class='ocrx_word' id='word_1_259' title='bbox 3088 1084 3298 1153; x_wconf 79' lang='lat' dir='ltr'><strong>ignavis</strong></span> <span class='ocrx_word' id='word_1_260' title='bbox 3355 1088 3648 1157; x_wconf 77' lang='lat' dir='ltr'><strong>mancipiis</strong></span> 
     </span>
    </p>
   </div>
   <div class='ocr_carea' id='block_1_40' title="bbox 2061 1162 3646 1251">
    <p class='ocr_par' dir='ltr' id='par_1_40' title="bbox 2061 1162 3646 1251">
     <span class='ocr_line' id='line_1_40' title="bbox 2061 1162 3646 1251; baseline 0.009 -29"><span class='ocrx_word' id='word_1_261' title='bbox 2061 1169 2170 1226; x_wconf 87' lang='lat' dir='ltr'><strong>illis</strong></span> <span class='ocrx_word' id='word_1_262' title='bbox 2189 1171 2370 1241; x_wconf 85' lang='lat' dir='ltr'><strong>aliquo</strong></span> <span class='ocrx_word' id='word_1_263' title='bbox 2394 1172 2661 1244; x_wconf 80' lang='lat' dir='ltr'><strong>ablegatis</strong></span> <span class='ocrx_word' id='word_1_264' title='bbox 2681 1176 2756 1230; x_wconf 90' lang='lat' dir='ltr'><strong>illi</strong></span> <span class='ocrx_word' id='word_1_265' title='bbox 2787 1162 3008 1233; x_wconf 85' lang='lat' dir='ltr'><strong>strenue</strong></span> <span class='ocrx_word' id='word_1_266' title='bbox 3031 1192 3087 1234; x_wconf 87' lang='lat' dir='ltr'>se</span> <span class='ocrx_word' id='word_1_267' title='bbox 3113 1189 3326 1249; x_wconf 76' lang='lat' dir='ltr'><strong>gerant,</strong></span> <span class='ocrx_word' id='word_1_268' title='bbox 3346 1188 3399 1236; x_wconf 90' lang='lat' dir='ltr'>et</span> <span class='ocrx_word' id='word_1_269' title='bbox 3426 1185 3646 1251; x_wconf 67' lang='lat' dir='ltr'><strong>praemia</strong></span> 
     </span>
    </p>
   </div>
   <div class='ocr_carea' id='block_1_41' title="bbox 2062 1260 3064 1339">
    <p class='ocr_par' dir='ltr' id='par_1_41' title="bbox 2062 1260 3064 1339">
     <span class='ocr_line' id='line_1_41' title="bbox 2062 1260 3064 1339; baseline 0.012 -24"><span class='ocrx_word' id='word_1_270' title='bbox 2062 1260 2224 1333; x_wconf 82' lang='lat' dir='ltr'><strong>digna</strong></span> <span class='ocrx_word' id='word_1_271' title='bbox 2253 1268 2600 1323; x_wconf 89' lang='lat' dir='ltr'><strong>strenuitatis</strong></span> <span class='ocrx_word' id='word_1_272' title='bbox 2624 1284 2735 1324; x_wconf 84' lang='lat' dir='ltr'><strong>suae</strong></span> <span class='ocrx_word' id='word_1_273' title='bbox 2758 1280 3064 1339; x_wconf 89' lang='lat' dir='ltr'><strong>reportent.</strong></span> 
     </span>
    </p>
   </div>
   <div class='ocr_carea' id='block_1_42' title="bbox 2137 1353 3643 1434">
    <p class='ocr_par' dir='ltr' id='par_1_42' title="bbox 2137 1353 3643 1434">
     <span class='ocr_line' id='line_1_42' title="bbox 2137 1353 3643 1434; baseline 0.01 -28"><span class='ocrx_word' id='word_1_274' title='bbox 2137 1353 2261 1408; x_wconf 73' lang='lat'>166.</span> <span class='ocrx_word' id='word_1_275' title='bbox 2292 1354 2629 1413; x_wconf 83' lang='lat' dir='ltr'><strong>Timiditatis</strong></span> <span class='ocrx_word' id='word_1_276' title='bbox 2667 1360 2902 1413; x_wconf 91' lang='lat' dir='ltr'><strong>militum</strong></span> <span class='ocrx_word' id='word_1_277' title='bbox 2933 1369 3152 1415; x_wconf 90' lang='lat' dir='ltr'><strong>tuorum</strong></span> <span class='ocrx_word' id='word_1_278' title='bbox 3194 1373 3516 1434; x_wconf 79' lang='lat' dir='ltr'><strong>argumenta</strong></span> <span class='ocrx_word' id='word_1_279' title='bbox 3539 1366 3643 1421; x_wconf 82' lang='lat' dir='ltr'><strong>alia</strong></span> 
     </span>
    </p>
   </div>
   <div class='ocr_carea' id='block_1_43' title="bbox 2060 1446 3645 1514">
    <p class='ocr_par' dir='ltr' id='par_1_43' title="bbox 2060 1446 3645 1514">
     <span class='ocr_line' id='line_1_43' title="bbox 2060 1446 3645 1514; baseline 0.009 -15"><span class='ocrx_word' id='word_1_280' title='bbox 2060 1446 2161 1500; x_wconf 91' lang='lat' dir='ltr'><strong>tibi</strong></span> <span class='ocrx_word' id='word_1_281' title='bbox 2214 1451 2561 1505; x_wconf 86' lang='lat' dir='ltr'><strong>monstrabo.</strong></span> <span class='ocrx_word' id='word_1_282' title='bbox 2620 1453 2889 1509; x_wconf 91' lang='lat' dir='ltr'><strong>Universo</strong></span> <span class='ocrx_word' id='word_1_283' title='bbox 2925 1456 3170 1509; x_wconf 82' lang='lat' dir='ltr'><strong>exercitu</strong></span> <span class='ocrx_word' id='word_1_284' title='bbox 3226 1465 3322 1510; x_wconf 88' lang='lat' dir='ltr'>tuo</span> <span class='ocrx_word' id='word_1_285' title='bbox 3369 1474 3535 1512; x_wconf 90' lang='lat' dir='ltr'><strong>unum</strong></span> <span class='ocrx_word' id='word_1_286' title='bbox 3588 1459 3645 1514; x_wconf 91' lang='lat' dir='ltr'>in</span> 
     </span>
    </p>
   </div>
   <div class='ocr_carea' id='block_1_44' title="bbox 2063 1536 3645 1617">
    <p class='ocr_par' dir='ltr' id='par_1_44' title="bbox 2063 1536 3645 1617">
     <span class='ocr_line' id='line_1_44' title="bbox 2063 1536 3645 1617; baseline 0.011 -26"><span class='ocrx_word' id='word_1_287' title='bbox 2063 1536 2243 1592; x_wconf 88' lang='lat' dir='ltr'><strong>locum</strong></span> <span class='ocrx_word' id='word_1_288' title='bbox 2293 1549 2520 1608; x_wconf 87' lang='lat' dir='ltr'><strong>coacto,</strong></span> <span class='ocrx_word' id='word_1_289' title='bbox 2572 1541 2618 1596; x_wconf 92' lang='lat' dir='ltr'>si</span> <span class='ocrx_word' id='word_1_290' title='bbox 2665 1545 2795 1598; x_wconf 90' lang='lat' dir='ltr'><strong>tuba</strong></span> <span class='ocrx_word' id='word_1_291' title='bbox 2835 1547 3192 1614; x_wconf 86' lang='lat' dir='ltr'><strong>personueris</strong></span> <span class='ocrx_word' id='word_1_292' title='bbox 3256 1550 3413 1617; x_wconf 85' lang='lat' dir='ltr'><strong>quasi</strong></span> <span class='ocrx_word' id='word_1_293' title='bbox 3463 1551 3645 1608; x_wconf 81' lang='lat' dir='ltr'><strong>hostes</strong></span> 
     </span>
    </p>
   </div>
   <div class='ocr_carea' id='block_1_45' title="bbox 2063 1626 3640 1712">
    <p class='ocr_par' dir='ltr' id='par_1_45' title="bbox 2063 1626 3640 1712">
     <span class='ocr_line' id='line_1_45' title="bbox 2063 1626 3640 1712; baseline 0.012 -32"><span class='ocrx_word' id='word_1_294' title='bbox 2063 1626 2407 1698; x_wconf 89' lang='lat' dir='ltr'><strong>immineant,</strong></span> <span class='ocrx_word' id='word_1_295' title='bbox 2432 1632 2488 1685; x_wconf 88' lang='lat' dir='ltr'>in</span> <span class='ocrx_word' id='word_1_296' title='bbox 2510 1632 2805 1690; x_wconf 88' lang='lat' dir='ltr'><strong>mediahac</strong></span> <span class='ocrx_word' id='word_1_297' title='bbox 2828 1636 2988 1692; x_wconf 89' lang='lat' dir='ltr'><strong>turba</strong></span> <span class='ocrx_word' id='word_1_298' title='bbox 3007 1638 3181 1694; x_wconf 85' lang='lat' dir='ltr'><strong>timidi</strong></span> <span class='ocrx_word' id='word_1_299' title='bbox 3210 1643 3395 1697; x_wconf 88' lang='lat' dir='ltr'><strong>statim</strong></span> <span class='ocrx_word' id='word_1_300' title='bbox 3409 1642 3640 1712; x_wconf 80' lang='lat' dir='ltr'><strong>fugient,</strong></span> 
     </span>
    </p>
   </div>
   <div class='ocr_carea' id='block_1_46' title="bbox 2063 1721 2916 1783">
    <p class='ocr_par' dir='ltr' id='par_1_46' title="bbox 2063 1721 2916 1783">
     <span class='ocr_line' id='line_1_46' title="bbox 2063 1721 2916 1783; baseline 0.004 -6"><span class='ocrx_word' id='word_1_301' title='bbox 2063 1721 2272 1777; x_wconf 69' lang='lat' dir='ltr'><strong>Strenui</strong></span> <span class='ocrx_word' id='word_1_302' title='bbox 2307 1738 2366 1777; x_wconf 91' lang='lat' dir='ltr'>se</span> <span class='ocrx_word' id='word_1_303' title='bbox 2396 1724 2450 1777; x_wconf 92' lang='lat' dir='ltr'>in</span> <span class='ocrx_word' id='word_1_304' title='bbox 2482 1726 2600 1780; x_wconf 84' lang='lat' dir='ltr'><strong>acie</strong></span> <span class='ocrx_word' id='word_1_305' title='bbox 2624 1726 2916 1783; x_wconf 87' lang='lat' dir='ltr'><strong>instruent.</strong></span> 
     </span>
    </p>
   </div>
   <div class='ocr_carea' id='block_1_47' title="bbox 2137 1812 3640 1895">
    <p class='ocr_par' dir='ltr' id='par_1_47' title="bbox 2137 1812 3640 1895">
     <span class='ocr_line' id='line_1_47' title="bbox 2137 1812 3640 1895; baseline 0.013 -29"><span class='ocrx_word' id='word_1_306' title='bbox 2137 1812 2262 1867; x_wconf 81' lang='grc'>167.</span> <span class='ocrx_word' id='word_1_307' title='bbox 2307 1813 2365 1868; x_wconf 91' lang='lat' dir='ltr'><strong>Si</strong></span> <span class='ocrx_word' id='word_1_308' title='bbox 2395 1829 2521 1870; x_wconf 87' lang='lat' dir='ltr'>cum</span> <span class='ocrx_word' id='word_1_309' title='bbox 2566 1817 2836 1888; x_wconf 85' lang='lat' dir='ltr'><strong>imperitis</strong></span> <span class='ocrx_word' id='word_1_310' title='bbox 2878 1823 2944 1875; x_wconf 86' lang='lat' dir='ltr'>ad</span> <span class='ocrx_word' id='word_1_311' title='bbox 2978 1837 3216 1895; x_wconf 79' lang='lat' dir='ltr'><strong>pugnam</strong></span> <span class='ocrx_word' id='word_1_312' title='bbox 3252 1825 3504 1884; x_wconf 85' lang='lat' dir='ltr'><strong>hostibus</strong></span> <span class='ocrx_word' id='word_1_313' title='bbox 3542 1830 3640 1887; x_wconf 85' lang='lat' dir='ltr'><strong>tibi</strong></span> 
     </span>
    </p>
   </div>
   <div class='ocr_carea' id='block_1_48' title="bbox 2053 1902 3640 1987">
    <p class='ocr_par' dir='ltr' id='par_1_48' title="bbox 2053 1902 3640 1987">
     <span class='ocr_line' id='line_1_48' title="bbox 2053 1902 3640 1987; baseline 0.013 -31"><span class='ocrx_word' id='word_1_314' title='bbox 2053 1902 2333 1960; x_wconf 89' lang='lat' dir='ltr'><strong>dimicatio</strong></span> <span class='ocrx_word' id='word_1_315' title='bbox 2376 1916 2492 1974; x_wconf 90' lang='lat' dir='ltr'><strong>est,</strong></span> <span class='ocrx_word' id='word_1_316' title='bbox 2536 1910 2654 1980; x_wconf 90' lang='lat' dir='ltr'><strong>ipse</strong></span> <span class='ocrx_word' id='word_1_317' title='bbox 2696 1914 2900 1969; x_wconf 85' lang='lat' dir='ltr'><strong>milites</strong></span> <span class='ocrx_word' id='word_1_318' title='bbox 2952 1916 3160 1972; x_wconf 84' lang='lat' dir='ltr'><strong>habens</strong></span> <span class='ocrx_word' id='word_1_319' title='bbox 3205 1922 3517 1987; x_wconf 78' lang='lat' dir='ltr'><strong>exercitus,</strong></span> <span class='ocrx_word' id='word_1_320' title='bbox 3570 1939 3640 1978; x_wconf 83' lang='lat' dir='ltr'>ne</span> 
     </span>
    </p>
   </div>
   <div class='ocr_carea' id='block_1_49' title="bbox 2051 1996 3639 2070">
    <p class='ocr_par' dir='ltr' id='par_1_49' title="bbox 2051 1996 3639 2070">
     <span class='ocr_line' id='line_1_49' title="bbox 2051 1996 3639 2070; baseline 0.012 -21"><span class='ocrx_word' id='word_1_321' title='bbox 2051 1996 2237 2050; x_wconf 87' lang='lat' dir='ltr'><strong>statim</strong></span> <span class='ocrx_word' id='word_1_322' title='bbox 2259 1999 2441 2054; x_wconf 90' lang='lat' dir='ltr'><strong>subito</strong></span> <span class='ocrx_word' id='word_1_323' title='bbox 2466 2001 2591 2058; x_wconf 88' lang='lat' dir='ltr'><strong>illos</strong></span> <span class='ocrx_word' id='word_1_324' title='bbox 2616 2004 2912 2070; x_wconf 89' lang='lat' dir='ltr'><strong>adoriaris,</strong></span> <span class='ocrx_word' id='word_1_325' title='bbox 2937 2010 3031 2063; x_wconf 88' lang='lat' dir='ltr'>sed</span> <span class='ocrx_word' id='word_1_326' title='bbox 3061 2011 3468 2066; x_wconf 86' lang='lat' dir='ltr'><strong>observandum</strong></span> <span class='ocrx_word' id='word_1_327' title='bbox 3498 2022 3639 2068; x_wconf 78' lang='lat' dir='ltr'><strong>tem-</strong></span> 
     </span>
    </p>
   </div>
   <div class='ocr_carea' id='block_1_50' title="bbox 2049 2091 3637 2173">
    <p class='ocr_par' dir='ltr' id='par_1_50' title="bbox 2049 2091 3637 2173">
     <span class='ocr_line' id='line_1_50' title="bbox 2049 2091 3637 2173; baseline 0.014 -33"><span class='ocrx_word' id='word_1_328' title='bbox 2049 2101 2152 2155; x_wconf 90' lang='lat' dir='ltr'>pus</span> <span class='ocrx_word' id='word_1_329' title='bbox 2177 2092 2243 2143; x_wconf 89' lang='lat' dir='ltr'>ad</span> <span class='ocrx_word' id='word_1_330' title='bbox 2288 2091 2693 2165; x_wconf 74' lang='lat' dir='ltr'><strong>conﬂigendum</strong></span> <span class='ocrx_word' id='word_1_331' title='bbox 2725 2107 2831 2163; x_wconf 89' lang='lat' dir='ltr'><strong>est,</strong></span> <span class='ocrx_word' id='word_1_332' title='bbox 2874 2113 3039 2171; x_wconf 84' lang='lat' dir='ltr'><strong>atque</strong></span> <span class='ocrx_word' id='word_1_333' title='bbox 3080 2101 3413 2173; x_wconf 77' lang='lat' dir='ltr'><strong>delatigandi</strong></span> <span class='ocrx_word' id='word_1_334' title='bbox 3448 2105 3637 2162; x_wconf 83' lang='lat' dir='ltr'><strong>hostes</strong></span> 
     </span>
    </p>
   </div>
   <div class='ocr_carea' id='block_1_51' title="bbox 2050 2184 3633 2255">
    <p class='ocr_par' dir='ltr' id='par_1_51' title="bbox 2050 2184 3633 2255">
     <span class='ocr_line' id='line_1_51' title="bbox 2050 2184 3633 2255; baseline 0.014 -23"><span class='ocrx_word' id='word_1_335' title='bbox 2050 2189 2201 2247; x_wconf 89' lang='lat' dir='ltr'><strong>sunt,</strong></span> <span class='ocrx_word' id='word_1_336' title='bbox 2236 2184 2329 2253; x_wconf 87' lang='lat' dir='ltr'>qui</span> <span class='ocrx_word' id='word_1_337' title='bbox 2377 2199 2569 2254; x_wconf 89' lang='lat' dir='ltr'><strong>parum</strong></span> <span class='ocrx_word' id='word_1_338' title='bbox 2625 2189 2692 2243; x_wconf 88' lang='lat' dir='ltr'>ad</span> <span class='ocrx_word' id='word_1_339' title='bbox 2734 2191 2953 2248; x_wconf 82' lang='lat' dir='ltr'><strong>labores</strong></span> <span class='ocrx_word' id='word_1_340' title='bbox 2991 2194 3287 2251; x_wconf 80' lang='lat' dir='ltr'><strong>assuefacti</strong></span> <span class='ocrx_word' id='word_1_341' title='bbox 3317 2207 3495 2252; x_wconf 89' lang='lat' dir='ltr'><strong>erant.</strong></span> <span class='ocrx_word' id='word_1_342' title='bbox 3534 2198 3633 2255; x_wconf 87' lang='lat' dir='ltr'><strong>Sin</strong></span> 
     </span>
    </p>
   </div>
   <div class='ocr_carea' id='block_1_52' title="bbox 2048 2272 3632 2347">
    <p class='ocr_par' dir='ltr' id='par_1_52' title="bbox 2048 2272 3632 2347">
     <span class='ocr_line' id='line_1_52' title="bbox 2048 2272 3632 2347; baseline 0.011 -24"><span class='ocrx_word' id='word_1_343' title='bbox 2048 2272 2333 2327; x_wconf 85' lang='lat' dir='ltr'><strong>exercitati</strong></span> <span class='ocrx_word' id='word_1_344' title='bbox 2382 2274 2571 2332; x_wconf 86' lang='lat' dir='ltr'><strong>hostes</strong></span> <span class='ocrx_word' id='word_1_345' title='bbox 2618 2279 2845 2347; x_wconf 79' lang='lat' dir='ltr'><strong>fuerint,</strong></span> <span class='ocrx_word' id='word_1_346' title='bbox 2898 2282 2977 2335; x_wconf 93' lang='lat' dir='ltr'>tui</span> <span class='ocrx_word' id='word_1_347' title='bbox 3027 2291 3210 2337; x_wconf 88' lang='lat' dir='ltr'><strong>autem</strong></span> <span class='ocrx_word' id='word_1_348' title='bbox 3253 2284 3455 2340; x_wconf 88' lang='lat' dir='ltr'><strong>milites</strong></span> <span class='ocrx_word' id='word_1_349' title='bbox 3505 2286 3632 2341; x_wconf 84' lang='lat' dir='ltr'><strong>belli</strong></span> 
     </span>
    </p>
   </div>
   <div class='ocr_carea' id='block_1_53' title="bbox 2049 2362 3630 2447">
    <p class='ocr_par' dir='ltr' id='par_1_53' title="bbox 2049 2362 3630 2447">
     <span class='ocr_line' id='line_1_53' title="bbox 2049 2362 3630 2447; baseline 0.009 -31"><span class='ocrx_word' id='word_1_350' title='bbox 2049 2362 2309 2432; x_wconf 88' lang='lat' dir='ltr'><strong>imperiti,</strong></span> <span class='ocrx_word' id='word_1_351' title='bbox 2337 2367 2522 2423; x_wconf 90' lang='lat' dir='ltr'><strong>subito</strong></span> <span class='ocrx_word' id='word_1_352' title='bbox 2554 2379 2609 2424; x_wconf 90' lang='lat' dir='ltr'>et</span> <span class='ocrx_word' id='word_1_353' title='bbox 2649 2374 2769 2427; x_wconf 86' lang='lat' dir='ltr'><strong>sine</strong></span> <span class='ocrx_word' id='word_1_354' title='bbox 2794 2373 3192 2429; x_wconf 84' lang='lat' dir='ltr'><strong>deliberatione</strong></span> <span class='ocrx_word' id='word_1_355' title='bbox 3226 2376 3630 2447; x_wconf 82' lang='lat' dir='ltr'><strong>conﬂigendum</strong></span> 
     </span>
    </p>
   </div>
   <div class='ocr_carea' id='block_1_54' title="bbox 2047 2454 3632 2539">
    <p class='ocr_par' dir='ltr' id='par_1_54' title="bbox 2047 2454 3632 2539">
     <span class='ocr_line' id='line_1_54' title="bbox 2047 2454 3632 2539; baseline 0.011 -35"><span class='ocrx_word' id='word_1_356' title='bbox 2047 2466 2170 2506; x_wconf 92' lang='lat' dir='ltr'>cum</span> <span class='ocrx_word' id='word_1_357' title='bbox 2207 2454 2458 2511; x_wconf 79' lang='lat' dir='ltr'><strong>hostibus</strong></span> <span class='ocrx_word' id='word_1_358' title='bbox 2492 2467 2619 2515; x_wconf 80' lang='lat' dir='ltr'><strong>eSt:</strong></span> <span class='ocrx_word' id='word_1_359' title='bbox 2672 2460 2906 2539; x_wconf 86' lang='lat' dir='ltr'><strong>impetus</strong></span> <span class='ocrx_word' id='word_1_360' title='bbox 2950 2465 3094 2518; x_wconf 87' lang='lat' dir='ltr'><strong>enim</strong></span> <span class='ocrx_word' id='word_1_361' title='bbox 3142 2463 3360 2520; x_wconf 90' lang='lat' dir='ltr'><strong>illorum</strong></span> <span class='ocrx_word' id='word_1_362' title='bbox 3408 2465 3475 2520; x_wconf 87' lang='lat' dir='ltr'>ad</span> <span class='ocrx_word' id='word_1_363' title='bbox 3532 2482 3632 2536; x_wconf 64' lang='lat' dir='ltr'><strong>pu»</strong></span> 
     </span>
    </p>
   </div>
   <div class='ocr_carea' id='block_1_55' title="bbox 2047 2544 2950 2613">
    <p class='ocr_par' dir='ltr' id='par_1_55' title="bbox 2047 2544 2950 2613">
     <span class='ocr_line' id='line_1_55' title="bbox 2047 2544 2950 2613; baseline 0.017 -19"><span class='ocrx_word' id='word_1_364' title='bbox 2047 2544 2323 2613; x_wconf 75' lang='lat' dir='ltr'><strong>gnandum</strong></span> <span class='ocrx_word' id='word_1_365' title='bbox 2351 2553 2607 2605; x_wconf 85' lang='lat' dir='ltr'><strong>strenuos</strong></span> <span class='ocrx_word' id='word_1_366' title='bbox 2625 2564 2719 2606; x_wconf 84' lang='lat' dir='ltr'>eos</span> <span class='ocrx_word' id='word_1_367' title='bbox 2738 2551 2950 2609; x_wconf 89' lang='lat' dir='ltr'><strong>reddet.</strong></span> 
     </span>
    </p>
   </div>
   <div class='ocr_carea' id='block_1_56' title="bbox 2116 2802 3630 2894">
    <p class='ocr_par' dir='ltr' id='par_1_56' title="bbox 2116 2802 3630 2894">
     <span class='ocr_line' id='line_1_56' title="bbox 2116 2802 3630 2894; baseline 0.013 -31"><span class='ocrx_word' id='word_1_368' title='bbox 2116 2810 2238 2865; x_wconf 74' lang='lat'>168.</span> <span class='ocrx_word' id='word_1_369' title='bbox 2268 2813 2464 2882; x_wconf 90' lang='lat' dir='ltr'><strong>Opinio</strong></span> <span class='ocrx_word' id='word_1_370' title='bbox 2484 2816 2730 2884; x_wconf 66' lang='lat' dir='ltr'><strong>quaedam</strong></span> <span class='ocrx_word' id='word_1_371' title='bbox 2776 2826 2881 2873; x_wconf 81' lang='lat' dir='ltr'><strong>tuae</strong></span> <span class='ocrx_word' id='word_1_372' title='bbox 2909 2819 2963 2874; x_wconf 89' lang='lat' dir='ltr'>in</span> <span class='ocrx_word' id='word_1_373' title='bbox 2993 2802 3181 2891; x_wconf 79' lang='lat' dir='ltr'><strong>aliquo</strong></span> <span class='ocrx_word' id='word_1_374' title='bbox 3217 2824 3337 2878; x_wconf 87' lang='lat' dir='ltr'><strong>loco</strong></span> <span class='ocrx_word' id='word_1_375' title='bbox 3374 2839 3630 2894; x_wconf 84' lang='lat' dir='ltr'><strong>perman-</strong></span> 
     </span>
    </p>
   </div>
   <div class='ocr_carea' id='block_1_57' title="bbox 2043 2901 3626 2987">
    <p class='ocr_par' dir='ltr' id='par_1_57' title="bbox 2043 2901 3626 2987">
     <span class='ocr_line' id='line_1_57' title="bbox 2043 2901 3626 2987; baseline 0.011 -32"><span class='ocrx_word' id='word_1_376' title='bbox 2043 2901 2218 2955; x_wconf 89' lang='lat' dir='ltr'><strong>sionis</strong></span> <span class='ocrx_word' id='word_1_377' title='bbox 2272 2901 2522 2959; x_wconf 89' lang='lat' dir='ltr'><strong>hostibus</strong></span> <span class='ocrx_word' id='word_1_378' title='bbox 2571 2905 2850 2973; x_wconf 81' lang='lat' dir='ltr'><strong>aii&#39;eretur,</strong></span> <span class='ocrx_word' id='word_1_379' title='bbox 2899 2909 2947 2962; x_wconf 86' lang='lat' dir='ltr'>si</span> <span class='ocrx_word' id='word_1_380' title='bbox 2991 2910 3343 2968; x_wconf 85' lang='lat' dir='ltr'><strong>discessurus</strong></span> <span class='ocrx_word' id='word_1_381' title='bbox 3381 2915 3626 2987; x_wconf 89' lang='lat' dir='ltr'><strong>decipias</strong></span> 
     </span>
    </p>
   </div>
   <div class='ocr_carea' id='block_1_58' title="bbox 2042 2992 3624 3070">
    <p class='ocr_par' dir='ltr' id='par_1_58' title="bbox 2042 2992 3624 3070">
     <span class='ocr_line' id='line_1_58' title="bbox 2042 2992 3624 3070; baseline 0.012 -24"><span class='ocrx_word' id='word_1_382' title='bbox 2042 2992 2227 3047; x_wconf 85' lang='lat' dir='ltr'><strong>hostes</strong></span> <span class='ocrx_word' id='word_1_383' title='bbox 2267 2994 2426 3063; x_wconf 89' lang='lat' dir='ltr'><strong>quasi</strong></span> <span class='ocrx_word' id='word_1_384' title='bbox 2474 3010 2748 3053; x_wconf 87' lang='lat' dir='ltr'><strong>maneres.</strong></span> <span class='ocrx_word' id='word_1_385' title='bbox 2798 2999 3042 3056; x_wconf 82' lang='lat' dir='ltr'><strong>Arbores</strong></span> <span class='ocrx_word' id='word_1_386' title='bbox 3075 3004 3273 3070; x_wconf 64' lang='lat' dir='ltr'><strong>caedes,</strong></span> <span class='ocrx_word' id='word_1_387' title='bbox 3324 3007 3407 3061; x_wconf 89' lang='lat' dir='ltr'>vel</span> <span class='ocrx_word' id='word_1_388' title='bbox 3446 3009 3492 3062; x_wconf 92' lang='lat' dir='ltr'>si</span> <span class='ocrx_word' id='word_1_389' title='bbox 3549 3010 3624 3065; x_wconf 88' lang='lat' dir='ltr'>ibi</span> 
     </span>
    </p>
   </div>
   <div class='ocr_carea' id='block_1_59' title="bbox 2041 3086 3620 3168">
    <p class='ocr_par' dir='ltr' id='par_1_59' title="bbox 2041 3086 3620 3168">
     <span class='ocr_line' id='line_1_59' title="bbox 2041 3086 3620 3168; baseline 0.013 -31"><span class='ocrx_word' id='word_1_390' title='bbox 2041 3086 2266 3142; x_wconf 89' lang='lat' dir='ltr'><strong>arbores</strong></span> <span class='ocrx_word' id='word_1_391' title='bbox 2299 3102 2404 3141; x_wconf 88' lang='lat' dir='ltr'>non</span> <span class='ocrx_word' id='word_1_392' title='bbox 2452 3098 2601 3155; x_wconf 89' lang='lat' dir='ltr'><strong>sunt,</strong></span> <span class='ocrx_word' id='word_1_393' title='bbox 2645 3091 2750 3145; x_wconf 85' lang='lat' dir='ltr'><strong>alia</strong></span> <span class='ocrx_word' id='word_1_394' title='bbox 2797 3095 3049 3163; x_wconf 62' lang='lat' dir='ltr'><strong>quadam</strong></span> <span class='ocrx_word' id='word_1_395' title='bbox 3097 3096 3243 3167; x_wconf 82' lang='lat' dir='ltr'><strong>ligna</strong></span> <span class='ocrx_word' id='word_1_396' title='bbox 3298 3100 3620 3168; x_wconf 87' lang='lat' dir='ltr'><strong>collocabis,</strong></span> 
     </span>
    </p>
   </div>
   <div class='ocr_carea' id='block_1_60' title="bbox 350 3175 1938 3261">
    <p class='ocr_par' dir='ltr' id='par_1_60' title="bbox 350 3175 1937 3261">
     <span class='ocr_line' id='line_1_60' title="bbox 350 3175 1937 3261; baseline 0.007 -35"><span class='ocrx_word' id='word_1_397' title='bbox 350 3190 446 3238; x_wconf 89' lang='grc' dir='ltr'>σας</span> <span class='ocrx_word' id='word_1_398' title='bbox 495 3175 727 3249; x_wconf 87' lang='grc' dir='ltr'>ἐνδύσῃς</span> <span class='ocrx_word' id='word_1_399' title='bbox 761 3177 900 3261; x_wconf 85' lang='grc' dir='ltr'>αύτά</span> <span class='ocrx_word' id='word_1_400' title='bbox 934 3178 1022 3232; x_wconf 84' lang='grc' dir='ltr'>διὰ</span> <span class='ocrx_word' id='word_1_401' title='bbox 1055 3180 1414 3250; x_wconf 87' lang='grc' dir='ltr'>σκουταρίων,</span> <span class='ocrx_word' id='word_1_402' title='bbox 1450 3181 1524 3245; x_wconf 81' lang='grc' dir='ltr'>ὡς</span> <span class='ocrx_word' id='word_1_403' title='bbox 1570 3182 1798 3253; x_wconf 86' lang='grc' dir='ltr'>μίμημα</span> <span class='ocrx_word' id='word_1_404' title='bbox 1844 3184 1937 3239; x_wconf 86' lang='grc' dir='ltr'>ἀν-</span> 
     </span>
    </p>
   </div>
   <div class='ocr_carea' id='block_1_61' title="bbox 2042 3175 3623 3261">
    <p class='ocr_par' dir='ltr' id='par_1_61' title="bbox 2042 3176 3623 3261">
     <span class='ocr_line' id='line_1_61' title="bbox 2042 3176 3623 3261; baseline 0.014 -32"><span class='ocrx_word' id='word_1_405' title='bbox 2042 3176 2261 3247; x_wconf 91' lang='lat' dir='ltr'><strong>illisque</strong></span> <span class='ocrx_word' id='word_1_406' title='bbox 2310 3188 2466 3235; x_wconf 89' lang='lat' dir='ltr'><strong>scuta</strong></span> <span class='ocrx_word' id='word_1_407' title='bbox 2513 3184 2673 3252; x_wconf 91' lang='lat' dir='ltr'><strong>quasi</strong></span> <span class='ocrx_word' id='word_1_408' title='bbox 2716 3187 2946 3242; x_wconf 86' lang='lat' dir='ltr'><strong>armatis</strong></span> <span class='ocrx_word' id='word_1_409' title='bbox 2985 3188 3118 3244; x_wconf 86' lang='lat' dir='ltr'><strong>viris</strong></span> <span class='ocrx_word' id='word_1_410' title='bbox 3164 3193 3398 3261; x_wconf 85' lang='lat' dir='ltr'><strong>aptabis,</strong></span> <span class='ocrx_word' id='word_1_411' title='bbox 3445 3197 3530 3250; x_wconf 88' lang='lat' dir='ltr'>vel</span> <span class='ocrx_word' id='word_1_412' title='bbox 3575 3199 3623 3253; x_wconf 87' lang='lat' dir='ltr'>si</span> 
     </span>
    </p>
   </div>
   <div class='ocr_carea' id='block_1_62' title="bbox 346 3258 1938 3345">
    <p class='ocr_par' dir='ltr' id='par_1_62' title="bbox 346 3258 1938 3345">
     <span class='ocr_line' id='line_1_62' title="bbox 346 3258 1938 3345; baseline 0.006 -25"><span class='ocrx_word' id='word_1_413' title='bbox 346 3264 489 3334; x_wconf 81' lang='grc' dir='ltr'>δρῶν</span> <span class='ocrx_word' id='word_1_414' title='bbox 541 3267 803 3333; x_wconf 88' lang='grc' dir='ltr'>ἐνόπλων,</span> <span class='ocrx_word' id='word_1_415' title='bbox 837 3258 894 3341; x_wconf 76' lang='grc' dir='ltr'>ἣ,</span> <span class='ocrx_word' id='word_1_416' title='bbox 935 3268 1033 3321; x_wconf 81' lang='grc' dir='ltr'>ἐάν</span> <span class='ocrx_word' id='word_1_417' title='bbox 1070 3270 1309 3340; x_wconf 86' lang='grc' dir='ltr'>τοσαύτη</span> <span class='ocrx_word' id='word_1_418' title='bbox 1355 3270 1498 3345; x_wconf 84' lang='grc' dir='ltr'>τύχῃ</span> <span class='ocrx_word' id='word_1_419' title='bbox 1554 3273 1792 3345; x_wconf 81' lang='grc' dir='ltr'>ἀνάγκη,</span> <span class='ocrx_word' id='word_1_420' title='bbox 1841 3275 1938 3329; x_wconf 77' lang='grc' dir='ltr'>καὶ</span> 
     </span>
    </p>
   </div>
   <div class='ocr_carea' id='block_1_63' title="bbox 348 3358 1937 3437">
    <p class='ocr_par' dir='ltr' id='par_1_63' title="bbox 348 3358 1937 3437">
     <span class='ocr_line' id='line_1_63' title="bbox 348 3358 1937 3437; baseline 0.007 -28"><span class='ocrx_word' id='word_1_421' title='bbox 348 3358 552 3426; x_wconf 77' lang='grc' dir='ltr'>ἐτέρων</span> <span class='ocrx_word' id='word_1_422' title='bbox 600 3360 780 3413; x_wconf 82' lang='grc' dir='ltr'>ὃπλων</span> <span class='ocrx_word' id='word_1_423' title='bbox 816 3359 1109 3431; x_wconf 84' lang='grc' dir='ltr'>λαμπρῶν.</span> <span class='ocrx_word' id='word_1_424' title='bbox 1161 3361 1351 3425; x_wconf 78' lang='grc' dir='ltr'>Οὕτως</span> <span class='ocrx_word' id='word_1_425' title='bbox 1379 3363 1488 3435; x_wconf 83' lang='grc' dir='ltr'>γάρ</span> <span class='ocrx_word' id='word_1_426' title='bbox 1517 3363 1807 3436; x_wconf 87' lang='grc' dir='ltr'>κρείττονα</span> <span class='ocrx_word' id='word_1_427' title='bbox 1836 3368 1937 3437; x_wconf 83' lang='grc' dir='ltr'>τῆς</span> 
     </span>
    </p>
   </div>
   <div class='ocr_carea' id='block_1_64' title="bbox 346 3448 1936 3529">
    <p class='ocr_par' dir='ltr' id='par_1_64' title="bbox 346 3448 1936 3529">
     <span class='ocr_line' id='line_1_64' title="bbox 346 3448 1936 3529; baseline 0.006 -28"><span class='ocrx_word' id='word_1_428' title='bbox 346 3448 453 3502; x_wconf 82' lang='grc' dir='ltr'>τῶν</span> <span class='ocrx_word' id='word_1_429' title='bbox 503 3450 683 3504; x_wconf 87' lang='grc' dir='ltr'>ὅπλων</span> <span class='ocrx_word' id='word_1_430' title='bbox 735 3452 1015 3516; x_wconf 85' lang='grc' dir='ltr'>ἀπωλείας</span> <span class='ocrx_word' id='word_1_431' title='bbox 1064 3452 1164 3523; x_wconf 79' lang='grc' dir='ltr'>τὴν</span> <span class='ocrx_word' id='word_1_432' title='bbox 1221 3453 1316 3506; x_wconf 80' lang='grc' dir='ltr'>τοῦ</span> <span class='ocrx_word' id='word_1_433' title='bbox 1375 3456 1606 3527; x_wconf 85' lang='grc' dir='ltr'>στρατοῦ</span> <span class='ocrx_word' id='word_1_434' title='bbox 1660 3459 1936 3529; x_wconf 86' lang='grc' dir='ltr'>σωτηρίαν</span> 
     </span>
    </p>
   </div>
   <div class='ocr_carea' id='block_1_65' title="bbox 345 3541 1935 3621">
    <p class='ocr_par' dir='ltr' id='par_1_65' title="bbox 345 3541 1935 3621">
     <span class='ocr_line' id='line_1_65' title="bbox 345 3541 1935 3621; baseline 0.007 -29"><span class='ocrx_word' id='word_1_435' title='bbox 345 3541 697 3611; x_wconf 77' lang='grc' dir='ltr'>ἡγησάμενος</span> <span class='ocrx_word' id='word_1_436' title='bbox 752 3544 841 3597; x_wconf 89' lang='grc' dir='ltr'>διά</span> <span class='ocrx_word' id='word_1_437' title='bbox 898 3542 997 3615; x_wconf 76' lang='grc' dir='ltr'>τὴν</span> <span class='ocrx_word' id='word_1_438' title='bbox 1067 3545 1505 3615; x_wconf 86' lang='grc' dir='ltr'>κατεπείγουσαν</span> <span class='ocrx_word' id='word_1_439' title='bbox 1558 3549 1688 3613; x_wconf 79' lang='grc' dir='ltr'>ἴσως</span> <span class='ocrx_word' id='word_1_440' title='bbox 1744 3551 1935 3621; x_wconf 85' lang='grc' dir='ltr'>χρείαν</span> 
     </span>
    </p>
   </div>
   <div class='ocr_carea' id='block_1_66' title="bbox 348 3633 1085 3707">
    <p class='ocr_par' dir='ltr' id='par_1_66' title="bbox 348 3633 1085 3707">
     <span class='ocr_line' id='line_1_66' title="bbox 348 3633 1085 3707; baseline 0.009 -22"><span class='ocrx_word' id='word_1_441' title='bbox 348 3633 644 3698; x_wconf 82' lang='grc' dir='ltr'>ἀκινδύνως</span> <span class='ocrx_word' id='word_1_442' title='bbox 680 3635 1085 3707; x_wconf 86' lang='grc' dir='ltr'>ὑποχωρήσεις.</span> 
     </span>
    </p>
   </div>
   <div class='ocr_carea' id='block_1_67' title="bbox 418 3724 1930 3805">
    <p class='ocr_par' dir='ltr' id='par_1_67' title="bbox 418 3724 1930 3805">
     <span class='ocr_line' id='line_1_67' title="bbox 418 3724 1930 3805; baseline 0.007 -28"><span class='ocrx_word' id='word_1_443' title='bbox 418 3724 551 3794; x_wconf 80' lang='grc' dir='ltr'>ρξθ’.</span> <span class='ocrx_word' id='word_1_444' title='bbox 579 3727 828 3780; x_wconf 86' lang='grc' dir='ltr'>Μάλιστα</span> <span class='ocrx_word' id='word_1_445' title='bbox 861 3730 959 3799; x_wconf 78' lang='grc' dir='ltr'>μὲν</span> <span class='ocrx_word' id='word_1_446' title='bbox 993 3729 1133 3799; x_wconf 85' lang='grc' dir='ltr'>μετὰ</span> <span class='ocrx_word' id='word_1_447' title='bbox 1156 3731 1508 3800; x_wconf 84' lang='grc' dir='ltr'>δικαιοσύνης</span> <span class='ocrx_word' id='word_1_448' title='bbox 1536 3733 1738 3797; x_wconf 78' lang='grc' dir='ltr'>παντὸς</span> <span class='ocrx_word' id='word_1_449' title='bbox 1766 3732 1930 3805; x_wconf 82' lang='grc' dir='ltr'>ἔργου</span> 
     </span>
    </p>
   </div>
   <div class='ocr_carea' id='block_1_68' title="bbox 345 3817 1932 3896">
    <p class='ocr_par' dir='ltr' id='par_1_68' title="bbox 345 3817 1932 3896">
     <span class='ocr_line' id='line_1_68' title="bbox 345 3817 1932 3896; baseline 0.008 -29"><span class='ocrx_word' id='word_1_450' title='bbox 345 3817 694 3888; x_wconf 80' lang='grc' dir='ltr'>ἀπάρχεσθαι</span> <span class='ocrx_word' id='word_1_451' title='bbox 740 3822 868 3891; x_wconf 86' lang='grc' dir='ltr'>χρή.</span> <span class='ocrx_word' id='word_1_452' title='bbox 918 3821 1087 3875; x_wconf 78' lang='grc' dir='ltr'>Πλέον</span> <span class='ocrx_word' id='word_1_453' title='bbox 1139 3822 1197 3876; x_wconf 87' lang='grc' dir='ltr'>δὲ</span> <span class='ocrx_word' id='word_1_454' title='bbox 1236 3823 1345 3876; x_wconf 83' lang='grc' dir='ltr'>τῶν</span> <span class='ocrx_word' id='word_1_455' title='bbox 1393 3823 1570 3877; x_wconf 85' lang='grc' dir='ltr'>ἀλλων</span> <span class='ocrx_word' id='word_1_456' title='bbox 1622 3824 1720 3887; x_wconf 85' lang='grc' dir='ltr'>τάς</span> <span class='ocrx_word' id='word_1_457' title='bbox 1756 3826 1932 3896; x_wconf 86' lang='grc' dir='ltr'>ἀρχάς</span> 
     </span>
    </p>
   </div>
   <div class='ocr_carea' id='block_1_69' title="bbox 344 3910 1930 3989">
    <p class='ocr_par' dir='ltr' id='par_1_69' title="bbox 344 3910 1930 3989">
     <span class='ocr_line' id='line_1_69' title="bbox 344 3910 1930 3989; baseline -0.002 -23"><span class='ocrx_word' id='word_1_458' title='bbox 344 3912 451 3982; x_wconf 81' lang='grc' dir='ltr'>χρὴ</span> <span class='ocrx_word' id='word_1_459' title='bbox 492 3910 586 3965; x_wconf 82' lang='grc' dir='ltr'>τοῦ</span> <span class='ocrx_word' id='word_1_460' title='bbox 636 3912 876 3981; x_wconf 81' lang='grc' dir='ltr'>πολέμου</span> <span class='ocrx_word' id='word_1_461' title='bbox 915 3914 1131 3979; x_wconf 85' lang='grc' dir='ltr'>δικαίας</span> <span class='ocrx_word' id='word_1_462' title='bbox 1197 3910 1360 3980; x_wconf 78' lang='grc' dir='ltr'>εἶναι,</span> <span class='ocrx_word' id='word_1_463' title='bbox 1424 3918 1518 3969; x_wconf 76' lang='grc' dir='ltr'>καὶ</span> <span class='ocrx_word' id='word_1_464' title='bbox 1551 3918 1627 3988; x_wconf 85' lang='grc' dir='ltr'>μὴ</span> <span class='ocrx_word' id='word_1_465' title='bbox 1659 3918 1820 3989; x_wconf 90' lang='grc' dir='ltr'>μόνον</span> <span class='ocrx_word' id='word_1_466' title='bbox 1848 3919 1930 3972; x_wconf 88' lang='grc' dir='ltr'>δι..</span> 
     </span>
    </p>
   </div>
   <div class='ocr_carea' id='block_1_70' title="bbox 348 4005 1926 4079">
    <p class='ocr_par' dir='ltr' id='par_1_70' title="bbox 348 4005 1926 4079">
     <span class='ocr_line' id='line_1_70' title="bbox 348 4005 1926 4079; baseline 0.004 -22"><span class='ocrx_word' id='word_1_467' title='bbox 348 4005 530 4069; x_wconf 82' lang='grc' dir='ltr'>καίας,</span> <span class='ocrx_word' id='word_1_468' title='bbox 560 4005 697 4058; x_wconf 91' lang='grc' dir='ltr'>ἀλλά</span> <span class='ocrx_word' id='word_1_469' title='bbox 729 4008 824 4059; x_wconf 67' lang='grc' dir='ltr'>καὶ⁵</span> <span class='ocrx_word' id='word_1_470' title='bbox 851 4009 1128 4078; x_wconf 86' lang='grc' dir='ltr'>φρονίμως</span> <span class='ocrx_word' id='word_1_471' title='bbox 1164 4008 1504 4079; x_wconf 84' lang='grc' dir='ltr'>προάγεσθαι</span> <span class='ocrx_word' id='word_1_472' title='bbox 1534 4011 1624 4061; x_wconf 76' lang='grc' dir='ltr'>τὸν</span> <span class='ocrx_word' id='word_1_473' title='bbox 1669 4009 1926 4079; x_wconf 80' lang='grc' dir='ltr'>πόλεμον.</span> 
     </span>
    </p>
   </div>
   <div class='ocr_carea' id='block_1_71' title="bbox 342 4095 1931 4172">
    <p class='ocr_par' dir='ltr' id='par_1_71' title="bbox 342 4095 1931 4172">
     <span class='ocr_line' id='line_1_71' title="bbox 342 4095 1931 4172; baseline 0.004 -25"><span class='ocrx_word' id='word_1_474' title='bbox 342 4095 453 4147; x_wconf 74' lang='grc' dir='ltr'>Καὶ</span> <span class='ocrx_word' id='word_1_475' title='bbox 480 4095 589 4164; x_wconf 85' lang='grc' dir='ltr'>γὰρ</span> <span class='ocrx_word' id='word_1_476' title='bbox 629 4096 751 4149; x_wconf 84' lang='grc' dir='ltr'>τότε</span> <span class='ocrx_word' id='word_1_477' title='bbox 800 4098 895 4150; x_wconf 79' lang='grc' dir='ltr'>καὶ</span> <span class='ocrx_word' id='word_1_478' title='bbox 920 4097 1053 4161; x_wconf 87' lang='grc' dir='ltr'>Θεὸς</span> <span class='ocrx_word' id='word_1_479' title='bbox 1080 4101 1502 4167; x_wconf 83' lang='grc' dir='ltr'>συναγωνιεῖται</span> <span class='ocrx_word' id='word_1_480' title='bbox 1535 4102 1649 4163; x_wconf 86' lang='grc' dir='ltr'>τοῖς</span> <span class='ocrx_word' id='word_1_481' title='bbox 1675 4102 1931 4172; x_wconf 85' lang='grc' dir='ltr'>στρατεύ-</span> 
     </span>
    </p>
   </div>
   <div class='ocr_carea' id='block_1_72' title="bbox 349 4187 1928 4261">
    <p class='ocr_par' dir='ltr' id='par_1_72' title="bbox 349 4187 1928 4261">
     <span class='ocr_line' id='line_1_72' title="bbox 349 4187 1928 4261; baseline 0.005 -26"><span class='ocrx_word' id='word_1_482' title='bbox 349 4200 519 4254; x_wconf 86' lang='grc' dir='ltr'>μασιν</span> <span class='ocrx_word' id='word_1_483' title='bbox 550 4187 786 4256; x_wconf 80' lang='grc' dir='ltr'>εὑμενὴς</span> <span class='ocrx_word' id='word_1_484' title='bbox 817 4187 1129 4258; x_wconf 85' lang='grc' dir='ltr'>γινόμενος,</span> <span class='ocrx_word' id='word_1_485' title='bbox 1184 4189 1283 4242; x_wconf 82' lang='grc' dir='ltr'>καὶ</span> <span class='ocrx_word' id='word_1_486' title='bbox 1328 4190 1380 4242; x_wconf 77' lang='grc' dir='ltr'>οἱ</span> <span class='ocrx_word' id='word_1_487' title='bbox 1418 4189 1696 4260; x_wconf 80' lang='grc' dir='ltr'>ἄνθρωποι</span> <span class='ocrx_word' id='word_1_488' title='bbox 1725 4190 1928 4261; x_wconf 81' lang='grc' dir='ltr'>προθυ-</span> 
     </span>
    </p>
   </div>
   <div class='ocr_carea' id='block_1_73' title="bbox 349 4276 1927 4353">
    <p class='ocr_par' dir='ltr' id='par_1_73' title="bbox 349 4276 1927 4353">
     <span class='ocr_line' id='line_1_73' title="bbox 349 4276 1927 4353; baseline 0.006 -26"><span class='ocrx_word' id='word_1_489' title='bbox 349 4276 571 4347; x_wconf 78' lang='grc' dir='ltr'>μότεροι</span> <span class='ocrx_word' id='word_1_490' title='bbox 600 4278 843 4345; x_wconf 87' lang='grc' dir='ltr'>γίνονται</span> <span class='ocrx_word' id='word_1_491' title='bbox 890 4278 985 4331; x_wconf 80' lang='grc' dir='ltr'>τοῦ</span> <span class='ocrx_word' id='word_1_492' title='bbox 1038 4279 1252 4334; x_wconf 87' lang='grc' dir='ltr'>δικαίου</span> <span class='ocrx_word' id='word_1_493' title='bbox 1310 4283 1772 4353; x_wconf 80' lang='grc' dir='ltr'>προασπίζοντες,</span> <span class='ocrx_word' id='word_1_494' title='bbox 1829 4282 1927 4336; x_wconf 72' lang='grc' dir='ltr'>καὶ</span> 
     </span>
    </p>
   </div>
   <div class='ocr_carea' id='block_1_74' title="bbox 2041 3272 3619 3355">
    <p class='ocr_par' dir='ltr' id='par_1_74' title="bbox 2041 3272 3619 3355">
     <span class='ocr_line' id='line_1_74' title="bbox 2041 3272 3619 3355; baseline 0.015 -32"><span class='ocrx_word' id='word_1_495' title='bbox 2041 3279 2192 3325; x_wconf 90' lang='lat' dir='ltr'><strong>tanta</strong></span> <span class='ocrx_word' id='word_1_496' title='bbox 2224 3272 2365 3329; x_wconf 75' lang='lat' dir='ltr'><strong>forte</strong></span> <span class='ocrx_word' id='word_1_497' title='bbox 2399 3278 2726 3343; x_wconf 87' lang='lat' dir='ltr'><strong>necessitas,</strong></span> <span class='ocrx_word' id='word_1_498' title='bbox 2751 3280 2857 3333; x_wconf 90' lang='lat' dir='ltr'><strong>alia</strong></span> <span class='ocrx_word' id='word_1_499' title='bbox 2890 3282 3173 3351; x_wconf 85' lang='lat' dir='ltr'><strong>splendida</strong></span> <span class='ocrx_word' id='word_1_500' title='bbox 3197 3299 3367 3341; x_wconf 89' lang='lat' dir='ltr'><strong>arma.</strong></span> <span class='ocrx_word' id='word_1_501' title='bbox 3399 3290 3474 3342; x_wconf 87' lang='lat' dir='ltr'><strong>Ita</strong></span> <span class='ocrx_word' id='word_1_502' title='bbox 3506 3291 3619 3355; x_wconf 80' lang='lat' dir='ltr'><strong>ﬁet.</strong></span> 
     </span>
    </p>
   </div>
   <div class='ocr_carea' id='block_1_75' title="bbox 2039 3363 3622 3447">
    <p class='ocr_par' dir='ltr' id='par_1_75' title="bbox 2039 3363 3622 3447">
     <span class='ocr_line' id='line_1_75' title="bbox 2039 3363 3622 3447; baseline 0.017 -33"><span class='ocrx_word' id='word_1_503' title='bbox 2039 3369 2098 3415; x_wconf 93' lang='lat' dir='ltr'>ut</span> <span class='ocrx_word' id='word_1_504' title='bbox 2146 3363 2387 3447; x_wconf 78' lang='lat' dir='ltr'><strong>virorum</strong></span> <span class='ocrx_word' id='word_1_505' title='bbox 2453 3376 2674 3422; x_wconf 89' lang='lat' dir='ltr'><strong>tuorum</strong></span> <span class='ocrx_word' id='word_1_506' title='bbox 2734 3371 2969 3426; x_wconf 86' lang='lat' dir='ltr'><strong>salutem</strong></span> <span class='ocrx_word' id='word_1_507' title='bbox 3033 3375 3397 3446; x_wconf 82' lang='lat' dir='ltr'><strong>antiquiorem</strong></span> <span class='ocrx_word' id='word_1_508' title='bbox 3453 3386 3622 3441; x_wconf 86' lang='lat' dir='ltr'><strong>armis</strong></span> 
     </span>
    </p>
   </div>
   <div class='ocr_carea' id='block_1_76' title="bbox 2037 3450 3673 3548">
    <p class='ocr_par' dir='ltr' id='par_1_76' title="bbox 2037 3450 3673 3548">
     <span class='ocr_line' id='line_1_76' title="bbox 2037 3450 3673 3548; baseline 0.019 -41"><span class='ocrx_word' id='word_1_509' title='bbox 2037 3452 2267 3523; x_wconf 87' lang='lat' dir='ltr'><strong>habens,</strong></span> <span class='ocrx_word' id='word_1_510' title='bbox 2298 3450 2639 3529; x_wconf 85' lang='lat' dir='ltr'><strong>temporibus</strong></span> <span class='ocrx_word' id='word_1_511' title='bbox 2668 3465 3001 3522; x_wconf 82' lang='lat' dir='ltr'><strong>necesSariis</strong></span> <span class='ocrx_word' id='word_1_512' title='bbox 3045 3469 3126 3524; x_wconf 89' lang='lat' dir='ltr'>sic</span> <span class='ocrx_word' id='word_1_513' title='bbox 3152 3472 3385 3529; x_wconf 83' lang='lat' dir='ltr'><strong>evadere</strong></span> <span class='ocrx_word' id='word_1_514' title='bbox 3414 3479 3620 3548; x_wconf 87' lang='lat' dir='ltr'><strong>possis.</strong></span> <span class='ocrx_word' id='word_1_515' title='bbox 3666 3476 3673 3481; x_wconf 78' lang='grc'><em>’</em></span> 
     </span>
    </p>
   </div>
   <div class='ocr_carea' id='block_1_77' title="bbox 2106 3723 3619 3813">
    <p class='ocr_par' dir='ltr' id='par_1_77' title="bbox 2106 3723 3619 3813">
     <span class='ocr_line' id='line_1_77' title="bbox 2106 3723 3619 3813; baseline 0.021 -37"><span class='ocrx_word' id='word_1_516' title='bbox 2106 3723 2229 3779; x_wconf 77' lang='grc'>169.</span> <span class='ocrx_word' id='word_1_517' title='bbox 2290 3724 2519 3783; x_wconf 89' lang='lat' dir='ltr'><strong>Omnem</strong></span> <span class='ocrx_word' id='word_1_518' title='bbox 2566 3746 2682 3787; x_wconf 87' lang='lat' dir='ltr'>rem</span> <span class='ocrx_word' id='word_1_519' title='bbox 2733 3750 2897 3805; x_wconf 87' lang='lat' dir='ltr'><strong>quam</strong></span> <span class='ocrx_word' id='word_1_520' title='bbox 2944 3745 3279 3813; x_wconf 85' lang='lat' dir='ltr'><strong>susceperis,</strong></span> <span class='ocrx_word' id='word_1_521' title='bbox 3328 3762 3439 3804; x_wconf 89' lang='lat' dir='ltr'>non</span> <span class='ocrx_word' id='word_1_522' title='bbox 3498 3753 3619 3809; x_wconf 86' lang='lat' dir='ltr'><strong>sine</strong></span> 
     </span>
    </p>
   </div>
   <div class='ocr_carea' id='block_1_78' title="bbox 2028 3812 3618 3911">
    <p class='ocr_par' dir='ltr' id='par_1_78' title="bbox 2028 3812 3618 3911">
     <span class='ocr_line' id='line_1_78' title="bbox 2028 3812 3618 3911; baseline 0.02 -45"><span class='ocrx_word' id='word_1_523' title='bbox 2028 3812 2179 3883; x_wconf 83' lang='lat' dir='ltr'><strong>justa</strong></span> <span class='ocrx_word' id='word_1_524' title='bbox 2215 3831 2382 3873; x_wconf 89' lang='lat' dir='ltr'><strong>causa</strong></span> <span class='ocrx_word' id='word_1_525' title='bbox 2420 3818 2662 3890; x_wconf 88' lang='lat' dir='ltr'><strong>incipere</strong></span> <span class='ocrx_word' id='word_1_526' title='bbox 2685 3835 2900 3894; x_wconf 87' lang='lat' dir='ltr'><strong>oportet</strong></span> <span class='ocrx_word' id='word_1_527' title='bbox 2930 3843 2945 3882; x_wconf 89' lang='lat'><strong>:</strong></span> <span class='ocrx_word' id='word_1_528' title='bbox 2974 3832 3069 3886; x_wconf 88' lang='lat' dir='ltr'>sed</span> <span class='ocrx_word' id='word_1_529' title='bbox 3116 3812 3242 3889; x_wconf 85' lang='lat' dir='ltr'><strong>belli</strong></span> <span class='ocrx_word' id='word_1_530' title='bbox 3274 3852 3498 3894; x_wconf 88' lang='lat' dir='ltr'><strong>causam</strong></span> <span class='ocrx_word' id='word_1_531' title='bbox 3525 3843 3618 3911; x_wconf 90' lang='lat' dir='ltr'><strong>ju-</strong></span> 
     </span>
    </p>
   </div>
   <div class='ocr_carea' id='block_1_79' title="bbox 2033 3914 3612 4001">
    <p class='ocr_par' dir='ltr' id='par_1_79' title="bbox 2033 3914 3612 4001">
     <span class='ocr_line' id='line_1_79' title="bbox 2033 3914 3612 4001; baseline 0.02 -44"><span class='ocrx_word' id='word_1_532' title='bbox 2033 3914 2174 3960; x_wconf 84' lang='lat' dir='ltr'><strong>stam</strong></span> <span class='ocrx_word' id='word_1_533' title='bbox 2232 3923 2448 3979; x_wconf 85' lang='lat' dir='ltr'><strong>semper</strong></span> <span class='ocrx_word' id='word_1_534' title='bbox 2499 3928 2620 3969; x_wconf 89' lang='lat' dir='ltr'><strong>esse</strong></span> <span class='ocrx_word' id='word_1_535' title='bbox 2668 3927 2906 3985; x_wconf 85' lang='lat' dir='ltr'><strong>oportet,</strong></span> <span class='ocrx_word' id='word_1_536' title='bbox 2942 3936 3122 3993; x_wconf 89' lang='lat' dir='ltr'><strong>neque</strong></span> <span class='ocrx_word' id='word_1_537' title='bbox 3154 3926 3361 3995; x_wconf 87' lang='lat' dir='ltr'><strong>justam</strong></span> <span class='ocrx_word' id='word_1_538' title='bbox 3410 3935 3612 4001; x_wconf 90' lang='lat' dir='ltr'><strong>solum,</strong></span> 
     </span>
    </p>
   </div>
   <div class='ocr_carea' id='block_1_80' title="bbox 2033 4001 3613 4096">
    <p class='ocr_par' dir='ltr' id='par_1_80' title="bbox 2033 4001 3613 4096">
     <span class='ocr_line' id='line_1_80' title="bbox 2033 4001 3613 4096; baseline 0.017 -44"><span class='ocrx_word' id='word_1_539' title='bbox 2033 4001 2128 4054; x_wconf 83' lang='lat' dir='ltr'>sed</span> <span class='ocrx_word' id='word_1_540' title='bbox 2178 4003 2339 4055; x_wconf 85' lang='lat' dir='ltr'><strong>etiam</strong></span> <span class='ocrx_word' id='word_1_541' title='bbox 2376 4006 2670 4073; x_wconf 86' lang='lat' dir='ltr'><strong>prudenter</strong></span> <span class='ocrx_word' id='word_1_542' title='bbox 2699 4019 3032 4080; x_wconf 89' lang='lat' dir='ltr'><strong>susceptam.</strong></span> <span class='ocrx_word' id='word_1_543' title='bbox 3060 4014 3196 4071; x_wconf 90' lang='lat' dir='ltr'><strong>Tum</strong></span> <span class='ocrx_word' id='word_1_544' title='bbox 3239 4020 3385 4075; x_wconf 90' lang='lat' dir='ltr'><strong>enim</strong></span> <span class='ocrx_word' id='word_1_545' title='bbox 3424 4030 3613 4096; x_wconf 85' lang='lat' dir='ltr'><strong>propi-</strong></span> 
     </span>
    </p>
   </div>
   <div class='ocr_carea' id='block_1_81' title="bbox 2032 4092 3613 4178">
    <p class='ocr_par' dir='ltr' id='par_1_81' title="bbox 2032 4092 3613 4178">
     <span class='ocr_line' id='line_1_81' title="bbox 2032 4092 3613 4178; baseline 0.019 -33"><span class='ocrx_word' id='word_1_546' title='bbox 2032 4092 2141 4148; x_wconf 91' lang='lat' dir='ltr'><strong>tius</strong></span> <span class='ocrx_word' id='word_1_547' title='bbox 2168 4093 2307 4151; x_wconf 89' lang='lat' dir='ltr'><strong>Deus</strong></span> <span class='ocrx_word' id='word_1_548' title='bbox 2341 4112 2538 4168; x_wconf 83' lang='lat' dir='ltr'><strong>magno</strong></span> <span class='ocrx_word' id='word_1_549' title='bbox 2572 4101 2827 4170; x_wconf 85' lang='lat' dir='ltr'><strong>praesidio</strong></span> <span class='ocrx_word' id='word_1_550' title='bbox 2871 4106 2924 4157; x_wconf 91' lang='lat' dir='ltr'>in</span> <span class='ocrx_word' id='word_1_551' title='bbox 2952 4106 3096 4162; x_wconf 90' lang='lat' dir='ltr'><strong>bello</strong></span> <span class='ocrx_word' id='word_1_552' title='bbox 3121 4111 3247 4178; x_wconf 90' lang='lat' dir='ltr'><strong>erit,</strong></span> <span class='ocrx_word' id='word_1_553' title='bbox 3274 4123 3328 4167; x_wconf 89' lang='lat' dir='ltr'>et</span> <span class='ocrx_word' id='word_1_554' title='bbox 3363 4092 3613 4174; x_wconf 80' lang='lat' dir='ltr'><strong>homines</strong></span> 
     </span>
    </p>
   </div>
   <div class='ocr_carea' id='block_1_82' title="bbox 2030 4188 3612 4279">
    <p class='ocr_par' dir='ltr' id='par_1_82' title="bbox 2030 4188 3612 4279">
     <span class='ocr_line' id='line_1_82' title="bbox 2030 4188 3612 4279; baseline 0.018 -41"><span class='ocrx_word' id='word_1_555' title='bbox 2030 4188 2327 4243; x_wconf 83' lang='lat' dir='ltr'><strong>alacriores</strong></span> <span class='ocrx_word' id='word_1_556' title='bbox 2357 4200 2560 4256; x_wconf 90' lang='lat' dir='ltr'><strong>erunt,</strong></span> <span class='ocrx_word' id='word_1_557' title='bbox 2605 4194 2698 4262; x_wconf 89' lang='lat' dir='ltr'>qui</span> <span class='ocrx_word' id='word_1_558' title='bbox 2753 4196 2962 4264; x_wconf 89' lang='lat' dir='ltr'><strong>justam</strong></span> <span class='ocrx_word' id='word_1_559' title='bbox 3010 4214 3235 4257; x_wconf 88' lang='lat' dir='ltr'><strong>causam</strong></span> <span class='ocrx_word' id='word_1_560' title='bbox 3289 4205 3612 4279; x_wconf 74' lang='lat' dir='ltr'><strong>defendunt,</strong></span> 
     </span>
    </p>
   </div>
   <div class='ocr_carea' id='block_1_83' title="bbox 2028 4281 3614 4364">
    <p class='ocr_par' dir='ltr' id='par_1_83' title="bbox 2028 4281 3614 4364">
     <span class='ocr_line' id='line_1_83' title="bbox 2028 4281 3614 4364; baseline 0.017 -31"><span class='ocrx_word' id='word_1_561' title='bbox 2028 4294 2153 4333; x_wconf 92' lang='lat' dir='ltr'>cum</span> <span class='ocrx_word' id='word_1_562' title='bbox 2194 4281 2371 4335; x_wconf 81' lang='lat' dir='ltr'><strong>sciant</strong></span> <span class='ocrx_word' id='word_1_563' title='bbox 2408 4297 2469 4337; x_wconf 90' lang='lat' dir='ltr'>se</span> <span class='ocrx_word' id='word_1_564' title='bbox 2513 4283 2729 4354; x_wconf 67' lang='lat' dir='ltr'><strong>injuria:</strong></span> <span class='ocrx_word' id='word_1_565' title='bbox 2777 4298 3033 4346; x_wconf 88' lang='lat' dir='ltr'><strong>auetores</strong></span> <span class='ocrx_word' id='word_1_566' title='bbox 3058 4308 3168 4349; x_wconf 89' lang='lat' dir='ltr'>non</span> <span class='ocrx_word' id='word_1_567' title='bbox 3201 4311 3346 4364; x_wconf 84' lang='lat' dir='ltr'><strong>esse,</strong></span> <span class='ocrx_word' id='word_1_568' title='bbox 3401 4303 3496 4357; x_wconf 81' lang='lat' dir='ltr'>sed</span> <span class='ocrx_word' id='word_1_569' title='bbox 3535 4304 3614 4359; x_wconf 83' lang='lat' dir='ltr'><strong>in-</strong></span> 
     </span>
    </p>
   </div>
   <div class='ocr_carea' id='block_1_84' title="bbox 342 4368 1938 4443">
    <p class='ocr_par' dir='ltr' id='par_1_84' title="bbox 342 4368 1925 4443">
     <span class='ocr_line' id='line_1_84' title="bbox 342 4368 1925 4443; baseline 0.005 -25"><span class='ocrx_word' id='word_1_570' title='bbox 342 4368 542 4431; x_wconf 82' lang='grc' dir='ltr'>εἰδότες</span> <span class='ocrx_word' id='word_1_571' title='bbox 585 4369 660 4432; x_wconf 84' lang='grc' dir='ltr'>ὡς</span> <span class='ocrx_word' id='word_1_572' title='bbox 702 4371 803 4423; x_wconf 77' lang='grc' dir='ltr'>οὐκ</span> <span class='ocrx_word' id='word_1_573' title='bbox 844 4372 1108 4441; x_wconf 80' lang='grc' dir='ltr'>ἄρχουσιν</span> <span class='ocrx_word' id='word_1_574' title='bbox 1165 4372 1401 4440; x_wconf 86' lang='grc' dir='ltr'>ἀδικίας,</span> <span class='ocrx_word' id='word_1_575' title='bbox 1458 4374 1595 4428; x_wconf 88' lang='grc' dir='ltr'>ἀλλά</span> <span class='ocrx_word' id='word_1_576' title='bbox 1628 4374 1925 4443; x_wconf 87' lang='grc' dir='ltr'>ἀμύνονται</span> 
     </span>
    </p>
   </div>
   <div class='ocr_carea' id='block_1_85' title="bbox 2042 4368 2740 4443">
    <p class='ocr_par' dir='ltr' id='par_1_85' title="bbox 2042 4371 2740 4433">
     <span class='ocr_line' id='line_1_85' title="bbox 2042 4371 2740 4433; baseline 0.016 -11"><span class='ocrx_word' id='word_1_577' title='bbox 2042 4371 2203 4427; x_wconf 60' lang='grc' dir='ltr'>ηυιθὶοε</span> <span class='ocrx_word' id='word_1_578' title='bbox 2232 4371 2484 4431; x_wconf 88' lang='lat' dir='ltr'><strong>homines</strong></span> <span class='ocrx_word' id='word_1_579' title='bbox 2526 4376 2740 4433; x_wconf 88' lang='lat' dir='ltr'><strong>ulcisci.</strong></span> 
     </span>
    </p>
   </div>
   <div class='ocr_carea' id='block_1_86' title="bbox 344 4460 1004 4517">
    <p class='ocr_par' dir='ltr' id='par_1_86' title="bbox 344 4460 1004 4517">
     <span class='ocr_line' id='line_1_86' title="bbox 344 4460 1004 4517; baseline 0.009 -6"><span class='ocrx_word' id='word_1_580' title='bbox 344 4460 484 4512; x_wconf 87' lang='grc' dir='ltr'>κατά</span> <span class='ocrx_word' id='word_1_581' title='bbox 513 4461 623 4513; x_wconf 85' lang='grc' dir='ltr'>τῶν</span> <span class='ocrx_word' id='word_1_582' title='bbox 652 4460 1004 4517; x_wconf 85' lang='grc' dir='ltr'>ἀδικούντων.</span> 
     </span>
    </p>
   </div>
   <div class='ocr_carea' id='block_1_87' title="bbox 417 4533 1938 4635">
    <p class='ocr_par' dir='ltr' id='par_1_87' title="bbox 417 4550 1922 4629">
     <span class='ocr_line' id='line_1_87' title="bbox 417 4550 1922 4629; baseline 0.006 -25"><span class='ocrx_word' id='word_1_583' title='bbox 417 4551 514 4621; x_wconf 84' lang='grc' dir='ltr'>ρο⁴.</span> <span class='ocrx_word' id='word_1_584' title='bbox 560 4553 729 4606; x_wconf 84' lang='grc' dir='ltr'>Ἐπάν</span> <span class='ocrx_word' id='word_1_585' title='bbox 779 4550 838 4608; x_wconf 86' lang='grc' dir='ltr'>δέ</span> <span class='ocrx_word' id='word_1_586' title='bbox 885 4555 1110 4619; x_wconf 84' lang='grc' dir='ltr'>δικαίως</span> <span class='ocrx_word' id='word_1_587' title='bbox 1162 4556 1511 4627; x_wconf 81' lang='grc' dir='ltr'>ἀπάρχεσθαι</span> <span class='ocrx_word' id='word_1_588' title='bbox 1556 4557 1650 4611; x_wconf 78' lang='grc' dir='ltr'>τοῦ</span> <span class='ocrx_word' id='word_1_589' title='bbox 1684 4557 1922 4629; x_wconf 78' lang='grc' dir='ltr'>πολέμου</span> 
     </span>
    </p>
   </div>
   <div class='ocr_carea' id='block_1_88' title="bbox 2042 4533 3607 4635">
    <p class='ocr_par' dir='ltr' id='par_1_88' title="bbox 2100 4555 3607 4635">
     <span class='ocr_line' id='line_1_88' title="bbox 2100 4555 3607 4635; baseline 0.016 -28"><span class='ocrx_word' id='word_1_590' title='bbox 2100 4555 2222 4610; x_wconf 76' lang='grc'>170.</span> <span class='ocrx_word' id='word_1_591' title='bbox 2269 4557 2325 4611; x_wconf 93' lang='lat' dir='ltr'><strong>Si</strong></span> <span class='ocrx_word' id='word_1_592' title='bbox 2364 4558 2518 4627; x_wconf 88' lang='lat' dir='ltr'><strong>juste</strong></span> <span class='ocrx_word' id='word_1_593' title='bbox 2572 4560 2777 4616; x_wconf 83' lang='lat' dir='ltr'><strong>bellum</strong></span> <span class='ocrx_word' id='word_1_594' title='bbox 2837 4563 3247 4635; x_wconf 85' lang='lat' dir='ltr'><strong>inceptaveris,</strong></span> <span class='ocrx_word' id='word_1_595' title='bbox 3302 4575 3607 4631; x_wconf 81' lang='lat' dir='ltr'><strong>exercitum</strong></span> 
     </span>
    </p>
   </div>
   <div class='ocr_carea' id='block_1_89' title="bbox 344 4638 1923 4720">
    <p class='ocr_par' dir='ltr' id='par_1_89' title="bbox 344 4638 1923 4720">
     <span class='ocr_line' id='line_1_89' title="bbox 344 4638 1923 4720; baseline 0.006 -26"><span class='ocrx_word' id='word_1_596' title='bbox 344 4641 566 4714; x_wconf 85' lang='grc' dir='ltr'>μέλλῃς,</span> <span class='ocrx_word' id='word_1_597' title='bbox 587 4638 632 4696; x_wconf 83' lang='grc' dir='ltr'>ὧ</span> <span class='ocrx_word' id='word_1_598' title='bbox 664 4647 958 4715; x_wconf 82' lang='grc' dir='ltr'>στρατηγέ,</span> <span class='ocrx_word' id='word_1_599' title='bbox 981 4647 1085 4719; x_wconf 83' lang='grc' dir='ltr'>χρή</span> <span class='ocrx_word' id='word_1_600' title='bbox 1124 4663 1184 4700; x_wconf 87' lang='grc' dir='ltr'>σε</span> <span class='ocrx_word' id='word_1_601' title='bbox 1212 4649 1312 4719; x_wconf 82' lang='grc' dir='ltr'>τὴν</span> <span class='ocrx_word' id='word_1_602' title='bbox 1343 4649 1601 4720; x_wconf 86' lang='grc' dir='ltr'>στρατιὰν</span> <span class='ocrx_word' id='word_1_603' title='bbox 1639 4651 1923 4704; x_wconf 83' lang='grc' dir='ltr'>διασκευά-</span> 
     </span>
    </p>
   </div>
   <div class='ocr_carea' id='block_1_90' title="bbox 342 4738 1919 4814">
    <p class='ocr_par' dir='ltr' id='par_1_90' title="bbox 342 4738 1919 4814">
     <span class='ocr_line' id='line_1_90' title="bbox 342 4738 1919 4814; baseline 0.008 -27"><span class='ocrx_word' id='word_1_604' title='bbox 342 4751 435 4788; x_wconf 90' lang='grc' dir='ltr'>σαι</span> <span class='ocrx_word' id='word_1_605' title='bbox 465 4738 733 4807; x_wconf 83' lang='grc' dir='ltr'>ἀκριϐῶς,</span> <span class='ocrx_word' id='word_1_606' title='bbox 761 4740 856 4793; x_wconf 79' lang='grc' dir='ltr'>καὶ</span> <span class='ocrx_word' id='word_1_607' title='bbox 888 4739 1026 4811; x_wconf 85' lang='grc' dir='ltr'>μετά</span> <span class='ocrx_word' id='word_1_608' title='bbox 1057 4741 1355 4810; x_wconf 81' lang='grc' dir='ltr'>ἀσφαλείας</span> <span class='ocrx_word' id='word_1_609' title='bbox 1382 4743 1587 4814; x_wconf 84' lang='grc' dir='ltr'>ταύτην</span> <span class='ocrx_word' id='word_1_610' title='bbox 1608 4744 1919 4812; x_wconf 87' lang='grc' dir='ltr'>ἐξαγαγεῖν.</span> 
     </span>
    </p>
   </div>
   <div class='ocr_carea' id='block_1_91' title="bbox 354 4827 1920 4906">
    <p class='ocr_par' dir='ltr' id='par_1_91' title="bbox 354 4827 1920 4906">
     <span class='ocr_line' id='line_1_91' title="bbox 354 4827 1920 4906; baseline 0.005 -25"><span class='ocrx_word' id='word_1_611' title='bbox 354 4827 483 4881; x_wconf 87' lang='grc' dir='ltr'>Ἐἀν</span> <span class='ocrx_word' id='word_1_612' title='bbox 534 4830 645 4900; x_wconf 73' lang='grc' dir='ltr'>γὰρ</span> <span class='ocrx_word' id='word_1_613' title='bbox 693 4831 945 4896; x_wconf 81' lang='grc' dir='ltr'>ἀσθενεῖς</span> <span class='ocrx_word' id='word_1_614' title='bbox 1000 4834 1140 4887; x_wconf 87' lang='grc' dir='ltr'>είσιν</span> <span class='ocrx_word' id='word_1_615' title='bbox 1198 4835 1256 4887; x_wconf 77' lang='grc' dir='ltr'>αι</span> <span class='ocrx_word' id='word_1_616' title='bbox 1303 4835 1601 4904; x_wconf 73' lang='grc' dir='ltr'>πολεμικαὶ</span> <span class='ocrx_word' id='word_1_617' title='bbox 1654 4838 1920 4906; x_wconf 84' lang='grc' dir='ltr'>κινήσεις,</span> 
     </span>
    </p>
   </div>
   <div class='ocr_carea' id='block_1_92' title="bbox 340 4918 1924 4995">
    <p class='ocr_par' dir='ltr' id='par_1_92' title="bbox 340 4918 1924 4995">
     <span class='ocr_line' id='line_1_92' title="bbox 340 4918 1924 4995; baseline 0.002 -22"><span class='ocrx_word' id='word_1_618' title='bbox 340 4918 469 4973; x_wconf 81' lang='grc' dir='ltr'>ὅταν</span> <span class='ocrx_word' id='word_1_619' title='bbox 498 4920 557 4972; x_wconf 81' lang='grc' dir='ltr'>τὸ</span> <span class='ocrx_word' id='word_1_620' title='bbox 589 4921 752 4992; x_wconf 81' lang='grc' dir='ltr'>βάρος</span> <span class='ocrx_word' id='word_1_621' title='bbox 777 4922 1087 4976; x_wconf 87' lang='grc' dir='ltr'>ἀναλάϐωσι</span> <span class='ocrx_word' id='word_1_622' title='bbox 1115 4922 1209 4977; x_wconf 81' lang='grc' dir='ltr'>τοῦ</span> <span class='ocrx_word' id='word_1_623' title='bbox 1255 4923 1518 4995; x_wconf 83' lang='grc' dir='ltr'>πολέμου,</span> <span class='ocrx_word' id='word_1_624' title='bbox 1550 4925 1687 4994; x_wconf 83' lang='grc' dir='ltr'>ταχὺ</span> <span class='ocrx_word' id='word_1_625' title='bbox 1718 4924 1924 4977; x_wconf 71' lang='grc' dir='ltr'>θλίϐον.</span> 
     </span>
    </p>
   </div>
   <div class='ocr_carea' id='block_1_93' title="bbox 340 5013 1922 5086">
    <p class='ocr_par' dir='ltr' id='par_1_93' title="bbox 340 5013 1922 5086">
     <span class='ocr_line' id='line_1_93' title="bbox 340 5013 1922 5086; baseline 0.004 -22"><span class='ocrx_word' id='word_1_626' title='bbox 340 5027 434 5065; x_wconf 82' lang='grc' dir='ltr'>ται</span> <span class='ocrx_word' id='word_1_627' title='bbox 455 5014 550 5065; x_wconf 79' lang='grc' dir='ltr'>καὶ</span> <span class='ocrx_word' id='word_1_628' title='bbox 573 5013 918 5084; x_wconf 82' lang='grc' dir='ltr'>ὑστεροῦσιν.</span> <span class='ocrx_word' id='word_1_629' title='bbox 945 5013 1108 5069; x_wconf 84' lang='grc' dir='ltr'>Ὅθεν</span> <span class='ocrx_word' id='word_1_630' title='bbox 1138 5014 1329 5083; x_wconf 80' lang='grc' dir='ltr'>ὥσπερ</span> <span class='ocrx_word' id='word_1_631' title='bbox 1354 5016 1555 5084; x_wconf 83' lang='grc' dir='ltr'>ἀγαθὸς</span> <span class='ocrx_word' id='word_1_632' title='bbox 1580 5016 1922 5086; x_wconf 85' lang='grc' dir='ltr'>κυϐερνήτης</span> 
     </span>
    </p>
   </div>
   <div class='ocr_carea' id='block_1_94' title="bbox 339 5104 1922 5177">
    <p class='ocr_par' dir='ltr' id='par_1_94' title="bbox 339 5104 1922 5177">
     <span class='ocr_line' id='line_1_94' title="bbox 339 5104 1922 5177; baseline 0.002 -19"><span class='ocrx_word' id='word_1_633' title='bbox 339 5104 449 5158; x_wconf 79' lang='grc' dir='ltr'>ἀπὸ</span> <span class='ocrx_word' id='word_1_634' title='bbox 478 5104 696 5173; x_wconf 78' lang='grc' dir='ltr'>λιμένος</span> <span class='ocrx_word' id='word_1_635' title='bbox 748 5107 1058 5177; x_wconf 76' lang='grc' dir='ltr'>ἐξαρτήσας</span> <span class='ocrx_word' id='word_1_636' title='bbox 1104 5106 1165 5159; x_wconf 83' lang='grc' dir='ltr'>τὸ</span> <span class='ocrx_word' id='word_1_637' title='bbox 1215 5108 1443 5177; x_wconf 74' lang='grc' dir='ltr'>σκάφος,</span> <span class='ocrx_word' id='word_1_638' title='bbox 1481 5108 1577 5161; x_wconf 74' lang='grc' dir='ltr'>καὶ</span> <span class='ocrx_word' id='word_1_639' title='bbox 1629 5108 1807 5162; x_wconf 85' lang='grc' dir='ltr'>πάντα</span> <span class='ocrx_word' id='word_1_640' title='bbox 1854 5108 1922 5161; x_wconf 88' lang='grc' dir='ltr'>τά</span> 
     </span>
    </p>
   </div>
   <div class='ocr_carea' id='block_1_95' title="bbox 339 5196 1919 5270">
    <p class='ocr_par' dir='ltr' id='par_1_95' title="bbox 339 5196 1919 5270">
     <span class='ocr_line' id='line_1_95' title="bbox 339 5196 1919 5270; baseline 0.001 -20"><span class='ocrx_word' id='word_1_641' title='bbox 339 5196 615 5265; x_wconf 79' lang='grc' dir='ltr'>ἀναγκαῖα</span> <span class='ocrx_word' id='word_1_642' title='bbox 648 5200 778 5269; x_wconf 71' lang='grc' dir='ltr'>περὶ</span> <span class='ocrx_word' id='word_1_643' title='bbox 810 5199 943 5253; x_wconf 82' lang='grc' dir='ltr'>αὐτὸ</span> <span class='ocrx_word' id='word_1_644' title='bbox 972 5199 1226 5270; x_wconf 85' lang='grc' dir='ltr'>ποιήσας,</span> <span class='ocrx_word' id='word_1_645' title='bbox 1250 5200 1372 5253; x_wconf 84' lang='grc' dir='ltr'>τότε</span> <span class='ocrx_word' id='word_1_646' title='bbox 1397 5201 1661 5270; x_wconf 83' lang='grc' dir='ltr'>ἐπίτρεπε</span> <span class='ocrx_word' id='word_1_647' title='bbox 1691 5199 1769 5270; x_wconf 80' lang='grc' dir='ltr'>τῷ</span> <span class='ocrx_word' id='word_1_648' title='bbox 1800 5199 1919 5269; x_wconf 86' lang='grc' dir='ltr'>Θεῷ</span> 
     </span>
    </p>
   </div>
   <div class='ocr_carea' id='block_1_96' title="bbox 338 5290 1135 5363">
    <p class='ocr_par' dir='ltr' id='par_1_96' title="bbox 338 5290 1135 5363">
     <span class='ocr_line' id='line_1_96' title="bbox 338 5290 1135 5363; baseline 0.005 -21"><span class='ocrx_word' id='word_1_649' title='bbox 338 5290 403 5343; x_wconf 85' lang='grc' dir='ltr'>τδ</span> <span class='ocrx_word' id='word_1_650' title='bbox 436 5291 645 5362; x_wconf 85' lang='grc' dir='ltr'>πάντης</span> <span class='ocrx_word' id='word_1_651' title='bbox 680 5292 793 5363; x_wconf 72' lang='grc'>(51)</span> <span class='ocrx_word' id='word_1_652' title='bbox 833 5292 1135 5355; x_wconf 84' lang='grc' dir='ltr'>ἐκϐάσεως.</span> 
     </span>
    </p>
   </div>
   <div class='ocr_carea' id='block_1_97' title="bbox 414 5381 1919 5453">
    <p class='ocr_par' dir='ltr' id='par_1_97' title="bbox 414 5381 1919 5453">
     <span class='ocr_line' id='line_1_97' title="bbox 414 5381 1919 5453; baseline 0 -17"><span class='ocrx_word' id='word_1_653' title='bbox 414 5388 548 5451; x_wconf 63' lang='lat' dir='ltr'><strong>ped.</strong></span> <span class='ocrx_word' id='word_1_654' title='bbox 603 5383 787 5453; x_wconf 86' lang='grc' dir='ltr'>Νόμον</span> <span class='ocrx_word' id='word_1_655' title='bbox 823 5383 1011 5446; x_wconf 85' lang='grc' dir='ltr'>ἐπίθες</span> <span class='ocrx_word' id='word_1_656' title='bbox 1065 5381 1279 5453; x_wconf 86' lang='grc' dir='ltr'>σεαυτῷ</span> <span class='ocrx_word' id='word_1_657' title='bbox 1315 5383 1452 5451; x_wconf 83' lang='grc' dir='ltr'>πρὸς</span> <span class='ocrx_word' id='word_1_658' title='bbox 1484 5384 1546 5436; x_wconf 83' lang='grc' dir='ltr'>τὸ</span> <span class='ocrx_word' id='word_1_659' title='bbox 1575 5382 1749 5453; x_wconf 88' lang='grc' dir='ltr'>πέρας</span> <span class='ocrx_word' id='word_1_660' title='bbox 1785 5384 1919 5437; x_wconf 89' lang='grc' dir='ltr'>ἀπο-</span> 
     </span>
    </p>
   </div>
   <div class='ocr_carea' id='block_1_98' title="bbox 339 5474 1919 5547">
    <p class='ocr_par' dir='ltr' id='par_1_98' title="bbox 339 5474 1919 5547">
     <span class='ocr_line' id='line_1_98' title="bbox 339 5474 1919 5547; baseline 0.001 -21"><span class='ocrx_word' id='word_1_661' title='bbox 339 5474 564 5527; x_wconf 81' lang='grc' dir='ltr'>ϐλέπειν</span> <span class='ocrx_word' id='word_1_662' title='bbox 589 5475 691 5545; x_wconf 81' lang='grc' dir='ltr'>τῆς</span> <span class='ocrx_word' id='word_1_663' title='bbox 719 5474 812 5529; x_wconf 82' lang='grc' dir='ltr'>τοῦ</span> <span class='ocrx_word' id='word_1_664' title='bbox 840 5476 1080 5546; x_wconf 79' lang='grc' dir='ltr'>πολέμου</span> <span class='ocrx_word' id='word_1_665' title='bbox 1115 5477 1402 5547; x_wconf 85' lang='grc' dir='ltr'>κινήσεως,</span> <span class='ocrx_word' id='word_1_666' title='bbox 1450 5478 1547 5529; x_wconf 76' lang='grc' dir='ltr'>καὶ</span> <span class='ocrx_word' id='word_1_667' title='bbox 1604 5475 1748 5529; x_wconf 74' lang='grc' dir='ltr'>οὕτω</span> <span class='ocrx_word' id='word_1_668' title='bbox 1786 5476 1919 5528; x_wconf 85' lang='grc' dir='ltr'>ταύ-</span> 
     </span>
    </p>
   </div>
   <div class='ocr_carea' id='block_1_99' title="bbox 278 5564 1914 5638">
    <p class='ocr_par' dir='ltr' id='par_1_99' title="bbox 278 5564 1914 5638">
     <span class='ocr_line' id='line_1_99' title="bbox 278 5564 1914 5638; baseline 0.001 -21"><span class='ocrx_word' id='word_1_669' title='bbox 278 5620 295 5637; x_wconf 51' lang='lat'><strong>.</strong></span> <span class='ocrx_word' id='word_1_670' title='bbox 338 5581 438 5635; x_wconf 86' lang='grc' dir='ltr'>της</span> <span class='ocrx_word' id='word_1_671' title='bbox 465 5564 830 5637; x_wconf 84' lang='grc' dir='ltr'>ἀπάρχεσθαι.</span> <span class='ocrx_word' id='word_1_672' title='bbox 869 5567 1074 5619; x_wconf 82' lang='grc' dir='ltr'>Φαῦλον</span> <span class='ocrx_word' id='word_1_673' title='bbox 1124 5566 1232 5637; x_wconf 88' lang='grc' dir='ltr'>γὰρ</span> <span class='ocrx_word' id='word_1_674' title='bbox 1268 5566 1361 5621; x_wconf 69' lang='grc' dir='ltr'>καὶ</span> <span class='ocrx_word' id='word_1_675' title='bbox 1406 5566 1668 5638; x_wconf 77' lang='grc' dir='ltr'>σφαλερὸν</span> <span class='ocrx_word' id='word_1_676' title='bbox 1700 5566 1914 5638; x_wconf 84' lang='grc' dir='ltr'>κίνησιν</span> 
     </span>
    </p>
   </div>
   <div class='ocr_carea' id='block_1_100' title="bbox 2027 4654 3608 4734">
    <p class='ocr_par' dir='ltr' id='par_1_100' title="bbox 2027 4654 3608 4734">
     <span class='ocr_line' id='line_1_100' title="bbox 2027 4654 3608 4734; baseline 0.014 -33"><span class='ocrx_word' id='word_1_677' title='bbox 2027 4656 2184 4702; x_wconf 91' lang='lat' dir='ltr'><strong>tuum</strong></span> <span class='ocrx_word' id='word_1_678' title='bbox 2234 4662 2489 4706; x_wconf 86' lang='lat' dir='ltr'><strong>accurate</strong></span> <span class='ocrx_word' id='word_1_679' title='bbox 2535 4654 2797 4719; x_wconf 89' lang='lat' dir='ltr'><strong>instrues,</strong></span> <span class='ocrx_word' id='word_1_680' title='bbox 2833 4666 2888 4711; x_wconf 82' lang='lat' dir='ltr'>et</span> <span class='ocrx_word' id='word_1_681' title='bbox 2922 4662 3111 4727; x_wconf 80' lang='lat' dir='ltr'><strong>capias</strong></span> <span class='ocrx_word' id='word_1_682' title='bbox 3154 4671 3277 4717; x_wconf 89' lang='lat' dir='ltr'><strong>tuas</strong></span> <span class='ocrx_word' id='word_1_683' title='bbox 3310 4680 3471 4734; x_wconf 85' lang='lat' dir='ltr'><strong>quam</strong></span> <span class='ocrx_word' id='word_1_684' title='bbox 3523 4662 3608 4723; x_wconf 81' lang='lat' dir='ltr'><strong>tu-</strong></span> 
     </span>
    </p>
   </div>
   <div class='ocr_carea' id='block_1_101' title="bbox 2027 4744 3609 4821">
    <p class='ocr_par' dir='ltr' id='par_1_101' title="bbox 2027 4744 3609 4821">
     <span class='ocr_line' id='line_1_101' title="bbox 2027 4744 3609 4821; baseline 0.013 -26"><span class='ocrx_word' id='word_1_685' title='bbox 2027 4744 2239 4799; x_wconf 88' lang='lat' dir='ltr'><strong>tissime</strong></span> <span class='ocrx_word' id='word_1_686' title='bbox 2294 4747 2501 4813; x_wconf 87' lang='lat' dir='ltr'><strong>poteris</strong></span> <span class='ocrx_word' id='word_1_687' title='bbox 2538 4748 2762 4813; x_wconf 89' lang='lat' dir='ltr'><strong>educes,</strong></span> <span class='ocrx_word' id='word_1_688' title='bbox 2796 4758 2850 4804; x_wconf 89' lang='lat' dir='ltr'>et</span> <span class='ocrx_word' id='word_1_689' title='bbox 2892 4752 3099 4821; x_wconf 89' lang='lat' dir='ltr'><strong>aliquid</strong></span> <span class='ocrx_word' id='word_1_690' title='bbox 3139 4752 3205 4809; x_wconf 91' lang='lat' dir='ltr'>de</span> <span class='ocrx_word' id='word_1_691' title='bbox 3237 4758 3465 4811; x_wconf 83' lang='lat' dir='ltr'><strong>victoria</strong></span> <span class='ocrx_word' id='word_1_692' title='bbox 3493 4776 3609 4817; x_wconf 80' lang='lat' dir='ltr'><strong>me-</strong></span> 
     </span>
    </p>
   </div>
   <div class='ocr_carea' id='block_1_102' title="bbox 2026 4836 3605 4918">
    <p class='ocr_par' dir='ltr' id='par_1_102' title="bbox 2026 4836 3605 4918">
     <span class='ocr_line' id='line_1_102' title="bbox 2026 4836 3605 4918; baseline 0.013 -30"><span class='ocrx_word' id='word_1_693' title='bbox 2026 4836 2133 4891; x_wconf 91' lang='lat' dir='ltr'><strong>lius</strong></span> <span class='ocrx_word' id='word_1_694' title='bbox 2160 4851 2383 4906; x_wconf 88' lang='lat' dir='ltr'><strong>sperare</strong></span> <span class='ocrx_word' id='word_1_695' title='bbox 2419 4842 2625 4909; x_wconf 85' lang='lat' dir='ltr'><strong>poteris</strong></span> <span class='ocrx_word' id='word_1_696' title='bbox 2657 4861 2670 4895; x_wconf 92' lang='lat'><strong>:</strong></span> <span class='ocrx_word' id='word_1_697' title='bbox 2701 4843 3164 4911; x_wconf 89' lang='lat' dir='ltr'><strong>quemadmodum</strong></span> <span class='ocrx_word' id='word_1_698' title='bbox 3198 4849 3534 4918; x_wconf 81' lang='lat' dir='ltr'><strong>gubernator</strong></span> <span class='ocrx_word' id='word_1_699' title='bbox 3574 4871 3605 4910; x_wconf 88' lang='lat' dir='ltr'>a</span> 
     </span>
    </p>
   </div>
   <div class='ocr_carea' id='block_1_103' title="bbox 2028 4932 3604 5010">
    <p class='ocr_par' dir='ltr' id='par_1_103' title="bbox 2028 4932 3604 5010">
     <span class='ocr_line' id='line_1_103' title="bbox 2028 4932 3604 5010; baseline 0.013 -28"><span class='ocrx_word' id='word_1_700' title='bbox 2028 4939 2185 4998; x_wconf 88' lang='lat' dir='ltr'><strong>portu</strong></span> <span class='ocrx_word' id='word_1_701' title='bbox 2241 4932 2461 4988; x_wconf 81' lang='lat' dir='ltr'><strong>solvens</strong></span> <span class='ocrx_word' id='word_1_702' title='bbox 2506 4935 2689 4988; x_wconf 88' lang='lat' dir='ltr'><strong>omnia</strong></span> <span class='ocrx_word' id='word_1_703' title='bbox 2737 4951 2859 5007; x_wconf 70' lang='lat' dir='ltr'><strong>qua:</strong></span> <span class='ocrx_word' id='word_1_704' title='bbox 2909 4935 3054 4991; x_wconf 82' lang='lat' dir='ltr'><strong>facto</strong></span> <span class='ocrx_word' id='word_1_705' title='bbox 3111 4954 3250 5010; x_wconf 87' lang='lat' dir='ltr'><strong>opus</strong></span> <span class='ocrx_word' id='word_1_706' title='bbox 3297 4954 3426 4999; x_wconf 91' lang='lat' dir='ltr'><strong>sunt</strong></span> <span class='ocrx_word' id='word_1_707' title='bbox 3478 4961 3604 5002; x_wconf 90' lang='lat' dir='ltr'>cum</span> 
     </span>
    </p>
   </div>
   <div class='ocr_carea' id='block_1_104' title="bbox 2025 5028 3604 5098">
    <p class='ocr_par' dir='ltr' id='par_1_104' title="bbox 2025 5028 3604 5098">
     <span class='ocr_line' id='line_1_104' title="bbox 2025 5028 3604 5098; baseline 0.013 -23"><span class='ocrx_word' id='word_1_708' title='bbox 2025 5034 2269 5091; x_wconf 71' lang='lat' dir='ltr'><strong>praestat,</strong></span> <span class='ocrx_word' id='word_1_709' title='bbox 2318 5028 2638 5082; x_wconf 87' lang='lat' dir='ltr'><strong>universum</strong></span> <span class='ocrx_word' id='word_1_710' title='bbox 2692 5029 3063 5098; x_wconf 79' lang='lat' dir='ltr'><strong>navigationis</strong></span> <span class='ocrx_word' id='word_1_711' title='bbox 3111 5048 3223 5089; x_wconf 69' lang='lat' dir='ltr'><strong>suae</strong></span> <span class='ocrx_word' id='word_1_712' title='bbox 3252 5037 3458 5092; x_wconf 79' lang='lat' dir='ltr'><strong>exitum</strong></span> <span class='ocrx_word' id='word_1_713' title='bbox 3492 5038 3604 5096; x_wconf 89' lang='lat' dir='ltr'>Deo</span> 
     </span>
    </p>
   </div>
   <div class='ocr_carea' id='block_1_105' title="bbox 2024 5119 2392 5172">
    <p class='ocr_par' dir='ltr' id='par_1_105' title="bbox 2024 5119 2392 5172">
     <span class='ocr_line' id='line_1_105' title="bbox 2024 5119 2392 5172; baseline 0.003 -3"><span class='ocrx_word' id='word_1_714' title='bbox 2024 5119 2392 5172; x_wconf 78' lang='lat' dir='ltr'><strong>commeirdat.</strong></span> 
     </span>
    </p>
   </div>
   <div class='ocr_carea' id='block_1_106' title="bbox 2098 5375 3600 5448">
    <p class='ocr_par' dir='ltr' id='par_1_106' title="bbox 2098 5375 3600 5448">
     <span class='ocr_line' id='line_1_106' title="bbox 2098 5375 3600 5448; baseline 0.006 -18"><span class='ocrx_word' id='word_1_715' title='bbox 2098 5377 2222 5430; x_wconf 78' lang='grc' dir='ltr'>ΠΙ.</span> <span class='ocrx_word' id='word_1_716' title='bbox 2258 5375 2409 5431; x_wconf 78' lang='lat' dir='ltr'><strong>Hanc</strong></span> <span class='ocrx_word' id='word_1_717' title='bbox 2459 5375 2630 5446; x_wconf 83' lang='lat' dir='ltr'><strong>legem</strong></span> <span class='ocrx_word' id='word_1_718' title='bbox 2681 5376 2777 5432; x_wconf 90' lang='lat' dir='ltr'><strong>tibi</strong></span> <span class='ocrx_word' id='word_1_719' title='bbox 2817 5377 2998 5447; x_wconf 89' lang='lat' dir='ltr'><strong>ipsum</strong></span> <span class='ocrx_word' id='word_1_720' title='bbox 3048 5381 3392 5448; x_wconf 66' lang='lat' dir='ltr'><strong>praescribas,</strong></span> <span class='ocrx_word' id='word_1_721' title='bbox 3446 5389 3505 5436; x_wconf 93' lang='lat' dir='ltr'>ut</span> <span class='ocrx_word' id='word_1_722' title='bbox 3548 5385 3600 5440; x_wconf 85' lang='lat' dir='ltr'>in</span> 
     </span>
    </p>
   </div>
   <div class='ocr_carea' id='block_1_107' title="bbox 2030 5471 3600 5543">
    <p class='ocr_par' dir='ltr' id='par_1_107' title="bbox 2030 5471 3600 5543">
     <span class='ocr_line' id='line_1_107' title="bbox 2030 5471 3600 5543; baseline 0.005 -19"><span class='ocrx_word' id='word_1_723' title='bbox 2030 5471 2188 5525; x_wconf 85' lang='lat' dir='ltr'><strong>tinem</strong></span> <span class='ocrx_word' id='word_1_724' title='bbox 2226 5483 2408 5526; x_wconf 89' lang='lat' dir='ltr'><strong>motus</strong></span> <span class='ocrx_word' id='word_1_725' title='bbox 2438 5472 2514 5526; x_wconf 91' lang='lat' dir='ltr'>tui</span> <span class='ocrx_word' id='word_1_726' title='bbox 2546 5471 2723 5531; x_wconf 80' lang='lat' dir='ltr'><strong>bellici</strong></span> <span class='ocrx_word' id='word_1_727' title='bbox 2751 5473 3219 5543; x_wconf 86' lang='lat' dir='ltr'><strong>intuearis,atque</strong></span> <span class='ocrx_word' id='word_1_728' title='bbox 3240 5475 3374 5530; x_wconf 82' lang='lat' dir='ltr'><strong>adeo</strong></span> <span class='ocrx_word' id='word_1_729' title='bbox 3399 5476 3600 5532; x_wconf 89' lang='lat' dir='ltr'><strong>bellum</strong></span> 
     </span>
    </p>
   </div>
   <div class='ocr_carea' id='block_1_108' title="bbox 2020 5563 3599 5649">
    <p class='ocr_par' dir='ltr' id='par_1_108' title="bbox 2020 5563 3599 5636">
     <span class='ocr_line' id='line_1_108' title="bbox 2020 5563 3599 5636; baseline 0.002 -16"><span class='ocrx_word' id='word_1_730' title='bbox 2020 5565 2266 5620; x_wconf 86' lang='lat' dir='ltr'><strong>inchoes.</strong></span> <span class='ocrx_word' id='word_1_731' title='bbox 2296 5563 2479 5636; x_wconf 89' lang='lat' dir='ltr'><strong>Turpe</strong></span> <span class='ocrx_word' id='word_1_732' title='bbox 2507 5566 2653 5621; x_wconf 87' lang='lat' dir='ltr'><strong>enim</strong></span> <span class='ocrx_word' id='word_1_733' title='bbox 2688 5573 2743 5622; x_wconf 90' lang='lat' dir='ltr'>et</span> <span class='ocrx_word' id='word_1_734' title='bbox 2773 5565 3092 5624; x_wconf 87' lang='lat' dir='ltr'><strong>indecorum</strong></span> <span class='ocrx_word' id='word_1_735' title='bbox 3123 5575 3208 5623; x_wconf 87' lang='lat' dir='ltr'>est</span> <span class='ocrx_word' id='word_1_736' title='bbox 3246 5566 3447 5624; x_wconf 87' lang='lat' dir='ltr'><strong>bellum</strong></span> <span class='ocrx_word' id='word_1_737' title='bbox 3492 5569 3599 5625; x_wconf 89' lang='lat' dir='ltr'><strong>ini-</strong></span> 
     </span>
    </p>
   </div>
   <div class='ocr_carea' id='block_1_109' title="bbox 1852 5678 2086 5735">
    <p class='ocr_par' dir='ltr' id='par_1_109' title="bbox 1852 5678 2086 5735">
     <span class='ocr_line' id='line_1_109' title="bbox 1852 5678 2086 5735; baseline -0.009 -2"><span class='ocrx_word' id='word_1_738' title='bbox 1852 5678 2086 5735; x_wconf 62' lang='lat' dir='ltr'>NOTAE.</span> 
     </span>
    </p>
   </div>
   <div class='ocr_carea' id='block_1_110' title="bbox 407 5767 1938 5859">
    <p class='ocr_par' dir='ltr' id='par_1_110' title="bbox 407 5767 1938 5859">
     <span class='ocr_line' id='line_1_110' title="bbox 407 5767 1938 5859; baseline 0.001 -38"><span class='ocrx_word' id='word_1_739' title='bbox 554 5769 1050 5859; x_wconf 44' lang='lat' dir='ltr'><strong>{Epatldizggeb</strong></span> <span class='ocrx_word' id='word_1_740' title='bbox 1092 5774 1383 5857; x_wconf 59' lang='grc' dir='ltr'>παρευρύ.</span> <span class='ocrx_word' id='word_1_741' title='bbox 1450 5771 1794 5829; x_wconf 80' lang='lat' dir='ltr'><strong>scribebatur</strong></span> <span class='ocrx_word' id='word_1_742' title='bbox 1845 5788 1938 5825; x_wconf 70' lang='grc' dir='ltr'>ισι</span> 
     </span>
    </p>
   </div>
   <div class='ocr_carea' id='block_1_111' title="bbox 2042 5767 2654 5859">
    <p class='ocr_par' dir='ltr' id='par_1_111' title="bbox 2042 5770 2654 5842">
     <span class='ocr_line' id='line_1_111' title="bbox 2042 5770 2654 5842; baseline 0.003 -18"><span class='ocrx_word' id='word_1_743' title='bbox 2042 5773 2231 5835; x_wconf 81' lang='grc' dir='ltr'>τιώτας</span> <span class='ocrx_word' id='word_1_744' title='bbox 2262 5787 2356 5825; x_wconf 89' lang='grc' dir='ltr'>σου</span> <span class='ocrx_word' id='word_1_745' title='bbox 2387 5770 2654 5842; x_wconf 83' lang='grc' dir='ltr'>παρευθύ.</span> 
     </span>
    </p>
   </div>
   <div class='ocr_carea' id='block_1_112' title="bbox 410 5839 1360 5911">
    <p class='ocr_par' dir='ltr' id='par_1_112' title="bbox 410 5839 1360 5911">
     <span class='ocr_line' id='line_1_112' title="bbox 410 5839 1360 5911; baseline 0.005 -18"><span class='ocrx_word' id='word_1_746' title='bbox 410 5839 526 5911; x_wconf 83' lang='grc'>(51)</span> <span class='ocrx_word' id='word_1_747' title='bbox 558 5840 818 5906; x_wconf 82' lang='grc' dir='ltr'>Πάντης.</span> <span class='ocrx_word' id='word_1_748' title='bbox 855 5841 1066 5907; x_wconf 81' lang='lat' dir='ltr'><strong>Scribe,</strong></span> <span class='ocrx_word' id='word_1_749' title='bbox 1102 5844 1211 5894; x_wconf 84' lang='grc' dir='ltr'>πᾶν</span> <span class='ocrx_word' id='word_1_750' title='bbox 1242 5843 1360 5911; x_wconf 82' lang='grc' dir='ltr'>τῆς.</span> 
     </span>
    </p>
   </div>
   <div class='ocr_carea' id='block_1_113' title="bbox 654 5936 1303 5998">
    <p class='ocr_par' dir='ltr' id='par_1_113' title="bbox 654 5936 1303 5998">
     <span class='ocr_line' id='line_1_113' title="bbox 654 5936 1303 5998; baseline 0.002 -2"><span class='ocrx_word' id='word_1_751' title='bbox 654 5936 930 5998; x_wconf 57' lang='lat' dir='ltr'><strong>Pauor“</strong></span> <span class='ocrx_word' id='word_1_752' title='bbox 962 5937 1078 5997; x_wconf 73' lang='lat' dir='ltr'><strong>Gn.</strong></span> <span class='ocrx_word' id='word_1_753' title='bbox 1113 5936 1303 5998; x_wconf 75' lang='lat' dir='ltr'><strong>CVII.</strong></span> 
     </span>
    </p>
   </div>
  </div>
