4120 6472
493 375 632 440 1959

1764 374 2039 435 LEUNIS
2080 374 2178 433 PH
2190 373 2542 436 lLOSOPHI

3642 373 3783 439 106i)

492 493 569 545 tio
620 502 860 551 morere,
914 486 1114 541 deinde
1149 500 1372 540 rursum
1413 485 1637 539 domum
1685 486 1988 539 exercitum
2028 499 2087 538 re

2202 484 2296 553 μὲν
2327 485 2659 556 ποιήσασθαι
2715 483 2978 557 πολέμου,
3010 482 3166 549 αὖθις
3198 484 3253 538 δὲ
3289 485 3695 558 ἐπιστραφῆναι
3720 490 3787 545 τὸ

495 586 695 641 infecta
729 583 909 638 statim
944 580 1205 636 reducere
1235 598 1247 633 :
1276 580 1661 649 unusquisque
1686 578 1833 632 enim
1862 578 2085 631 temeri—

494 687 659 733 tatem
692 685 837 730 tuam
871 673 1144 739 irridebit,
1184 673 1372 728 hostes
1402 681 1582 726 autem
1617 669 2085 726 inconsideratam

494 771 898 840 simplicitatem
936 777 1083 821 tu‘nn
1132 776 1507 830 contemnent,
1547 782 1654 823 non
1686 767 1847 835 quasi
1892 765 2087 831 nolles,

494 860 587 915 sed
620 858 774 927 quasi
813 874 920 911 non
964 872 1158 927 posses
1198 870 1324 910 cum
1358 855 1559 911 decoro
1589 862 1644 910 ct
1670 854 1973 926 prudentia
2004 870 2090 909 res

494 962 628 1007 tuas
659 962 914 1005 tractare.

566 1043 690 1097 172.
744 1042 977 1107 Quando
1016 1042 1202 1112 copias
1242 1050 1363 1095 tuas
1397 1039 1464 1093 ad
1520 1039 1725 1095 bellum
1754 1033 1759 1037 ’
1789 1039 2092 1095 educturus

493 1154 577 1203 es,
610 1144 828 1205 oportet
852 1136 1055 1189 liberas
1086 1143 1138 1188 et
1169 1136 1381 1189 solutas
1410 1148 1439 1186 a
1471 1141 1698 1202 peccato
1729 1147 1874 1197 esse,
1909 1140 1961 1186 et
2005 1132 2090 1202 pia

488 1232 750 1301 justaque
780 1238 956 1285 tuente
990 1228 1157 1284 Deum
1186 1230 1391 1292 colere,
1426 1235 1591 1297 atque
1614 1225 1748 1280 adeo
1779 1226 1846 1278 ad
1888 1225 1940 1279 be
1958 1226 2089 1279 llum

496 1326 815 1393 procedere.

574 1508 702 1561 173.
757 1505 892 1561 Cum
940 1506 1089 1558 omni
1148 1504 1286 1558 aciei
1326 1512 1615 1573 apparatu,
1645 1502 1859 1563 ordine,
1901 1500 2091 1555 bellica

500 1599 755 1662 scientia,
792 1600 895 1651 iter
922 1596 1087 1650 faciat
1119 1597 1399 1650 exercitus
1428 1604 1574 1661 tuus,
1608 1608 1923 1664 quanquam
1955 1607 2091 1646 non-

499 1689 629 1744 dum
688 1704 811 1742 cum
864 1688 1116 1742 hostibus
1154 1686 1556 1753 conﬂicturus,
1606 1688 1700 1742 sed
1758 1687 1937 1740 solum
1993 1685 2094 1739 iter

500 1784 876 1853 ingressurus,
915 1789 968 1833 et
1018 1780 1317 1833 multorum
1369 1780 1582 1833 dierum
1627 1779 1766 1832 viam
1806 1777 2092 1833 confectu-

2200 579 2540 647 στράτευμα·
2566 578 2795 640 ἕκαστος
2831 578 2929 646 μὲν
2960 575 3069 645 γὰρ
3102 576 3539 645 καταγελάσεταί
3567 598 3659 633 σου
3683 574 3787 651 τῆς

2197 666 2548 733 προπετείας,
2596 666 2644 719 οἱ
2692 665 2749 718 δὲ
2802 664 2992 735 ἐχθροὶ
3039 668 3520 736 καταφρονήσουσί
3558 686 3652 722 σου
3683 673 3787 741 τῆς

2196 756 2521 824 ἀσφαλείας,
2554 757 2629 820 ὼς
2659 757 2781 828 οὐχὶ
2831 758 2906 827 μὴ
2949 756 3277 828 βουλομένου
3309 759 3423 812 ἀλλ’
3460 761 3522 813 ού
3552 762 3785 833 δυναμέ-

2199 864 2289 900 νου
2317 848 2539 911 δικαίως
2562 848 2659 902 md.
2708 850 3030 920 πρεπόντως
3058 850 3324 905 διαθεῖναι
3353 853 3422 906 τὰ
3457 854 3786 926 πράγματα.

2292 1032 2423 1108 ροβ’.
2474 1034 2670 1091 Ἠνίκα
2721 1037 2779 1090 δέ
2831 1039 2931 1101 τὰς
2976 1040 3235 1109 δυνάμεις
3290 1039 3511 1108 ἐξάγειν
3570 1040 3790 1111 μέλλεις

2200 1130 2336 1200 πρὸς
2382 1128 2640 1199 πόλεμον,
2670 1129 2752 1181 δεῖ
2784 1130 2881 1200 μὲν
2914 1132 3162 1201 καθαρὰς
3190 1132 3362 1197 αὐτὰς
3392 1133 3790 1205 ἐξαμαρτημά-

2199 1238 2307 1274 των
2354 1211 2515 1282 εἶναι,
2550 1221 2863 1292 φροντίσεις
2895 1222 3006 1295 (52)
3040 1223 3098 1277 δέ
3130 1224 3217 1277 διὰ
3266 1224 3374 1278 τῶν
3422 1226 3613 1295 ἱερέων
3654 1227 3792 1280 καθ-

2201 1311 2424 1381 αγνίσαι
2457 1314 2629 1377 αὐτὰς
2664 1312 2730 1367 δι’
2762 1314 3034 1383 εὐλογίας,
3067 1315 3160 1369 καλ⁵
3184 1314 3358 1380 οὕτως
3389 1317 3528 1386 μετά
3555 1317 3791 1384 Θάρσους

2200 1405 2292 1456 ἐπὶ
2327 1404 2425 1472 τῆς
2461 1407 2641 1475 μάχης
2664 1406 3016 1476 ἀποκινῆσαι.

2276 1494 2409 1566 ρογ¹.
2445 1498 2549 1550 Σὺν
2570 1497 2717 1567 πάσῃ
2753 1497 2809 1550 δέ
2843 1501 2901 1551 τέ
2914 1498 2993 1564 55i
3017 1499 3111 1551 καὶ
3142 1492 3411 1570 εὐκοσμίᾳ
3437 1500 3531 1553 καὶ
3553 1504 3619 1571 τῇ
3648 1500 3792 1555 κατά

2201 1589 2437 1660 πόλεμον
2477 1591 2744 1661 ἐμπειρίᾳ
2801 1590 2883 1643 δεῖ
2936 1593 3029 1643 τὸν
3082 1592 3281 1660 σρατὸν
3327 1593 3646 1662 ὁδοιπορεῖν,
3682 1594 3790 1647 κᾶν

2204 1685 2373 1753 μήπω
2421 1683 2592 1754 μέλλῃ
2631 1682 2953 1754 συμϐαλεῖν,
2984 1682 3121 1738 ἀλλά
3153 1685 3245 1737 διὰ
3279 1688 3497 1755 μακρᾶς
3534 1686 3655 1739 ὁδοῦ
3688 1704 3790 1740 πο-

2205 1775 2498 1846 ρεύεσθαι,
2548 1776 2653 1829 κᾶν
2707 1776 2920 1828 πολλῶν
2960 1776 3185 1846 ἡμερῶν
3229 1776 3415 1830 ἀνύειν
3451 1778 3625 1849 μέλλῃ
3671 1778 3791 1830 ὁδὸν

501 1894 597 1935 rus
625 1891 706 1941 es,
763 1877 881 1929 sive
913 1876 966 1927 in
999 1883 1113 1938 tua,
1165 1874 1279 1927 sive
1328 1873 1382 1926 in
1433 1871 1620 1926 hostili
1653 1880 1801 1926 terra
1850 1870 2022 1926 fueris
2078 1890 2089 1925 :

2203 1872 2298 1921 καὶ
2341 1871 2399 1922 ἐν
2432 1872 2497 1940 τῇ
2535 1868 2639 1941 ἰδίᾳ
2672 1867 2827 1939 χώρᾳ
2856 1869 2949 1921 καὶ
2978 1869 3035 1921 ἐν
3064 1871 3130 1939 τῇ
3178 1868 3434 1939 πολεμίᾳ.
3466 1870 3653 1934 Οὕτως
3680 1872 3791 1941 γὰρ

501 1972 577 2024 ita
615 1970 759 2023 enim
793 1965 1050 2021 assucﬁet
1080 1966 1360 2020 exercitus
1384 1966 1438 2019 in
1466 1965 1584 2021 acie
1623 1980 1868 2028 manere,
1903 1973 1959 2019 et
2012 1964 2092 2017 lo-

499 2078 625 2118 cum
665 2075 827 2116 suum
871 2073 1226 2124 conservare,
1256 2067 1311 2113 et
1342 2058 1629 2128 praefectos
1656 2072 1787 2113 suos
1824 2056 2007 2126 sequi,
2042 2064 2099 2109 et

500 2152 568 2207 ad
598 2166 793 2207 omnes
828 2166 931 2206 nec
967 2149 1229 2219 opinatas
1277 2150 1626 2205 incursiones
1668 2148 1910 2205 hostium
1942 2161 2098 2218 para-

500 2252 590 2299 tus
618 2258 743 2299 esse
756 2281 769 2295 .

574 2422 697 2475 174.
744 2420 943 2475 Tutius
983 2422 1086 2475 iter
1119 2419 1283 2475 faciet
1321 2420 1602 2474 exercitus
1638 2427 1788 2483 tuus,
1817 2421 1866 2475 si
1907 2420 2097 2491 paucis

502 2511 834 2581 quibusdam
861 2512 1160 2580 prazmissis
1194 2511 1294 2565 viae
1315 2512 1692 2580 explorentur,
1721 2521 1813 2565 aut
1848 2527 1944 2581 per
1977 2526 2096 2577 eos,

504 2617 646 2672 quos
670 2602 901 2655 Romani
934 2612 1349 2657 mensuratores
1377 2609 1429 2656 et
1462 2602 1843 2657 anticensores
1879 2610 2093 2667 vocant,

505 2695 863 2768 indagentur.

520 2893 525 2898 ·
578 2875 701 2931 175.
745 2874 803 2930 Si
835 2885 1140 2931 exercitum
1169 2882 1320 2929 tuum
1350 2874 1415 2928 ad
1458 2875 1701 2931 laborem
1735 2874 2097 2940 assuefacias,

505 2977 728 3040 paratos
777 2979 830 3023 et
876 2969 1201 3024 obedientes
1230 2983 1327 3023 eos
1358 2967 1459 3023 tibi
1504 2983 1722 3037 semper
1755 2968 2005 3034 habebis,
2043 2976 2100 3022 et

508 3065 682 3117 aciem
721 3071 1030 3126 servantes,
1056 3068 1111 3116 et
1139 3076 1371 3130 corpore
1397 3061 1677 3117 robustos.
1737 3061 1919 3116 Otium
1949 3061 2096 3116 enim

510 3150 770 3221 languida
801 3161 856 3205 et
909 3151 1125 3205 inﬁrma
1166 3150 1297 3204 facit
1331 3164 1586 3219 corpora,
1634 3144 1857 3206 timidas
1889 3152 2095 3206 ell‘cmi—

520 3255 792 3312 natasque
829 3249 1040 3297 mentes
1099 3241 1277 3296 reddit
1315 3258 1328 3295 :
1363 3242 1686 3296 exercitatio
1732 3251 1915 3297 autem
1947 3254 2001 3297 et
2029 3243 2101 3296 la-

510 3335 694 3399 bores,
725 3348 958 3404 corpnra
989 3343 1217 3389 strenua
1257 3348 1322 3388 ac
1361 3333 1613 3400 robuSIa,
1666 3341 1876 3388 mentes
1914 3334 2101 3389 viriles

509 3438 672 3500 atque
728 3428 940 3482 alacres
973 3425 1125 3481 facit.
1159 3425 1303 3481 Ante
1346 3432 1565 3495 tempus
1602 3424 1770 3494 igitur
1819 3426 2003 3479 omnia
2033 3426 2100 3481 ad

511 3536 601 3575 res
653 3519 893 3591 agendas
960 3518 1157 3574 idonea
1207 3527 1605 3589 prmparentur,
1663 3527 1722 3571 ut
1771 3519 2101 3574 necessariis

511 3612 856 3680 temporibus
908 3612 1095 3665 omnia
1154 3610 1209 3665 in
1268 3620 1527 3682 promptu
1570 3612 1704 3666 sint.

582 3702 709 3757 176.
740 3703 992 3758 Audaces
1015 3718 1160 3771 saepe
1183 3704 1385 3758 milites
1412 3704 1646 3773 periisse
1667 3705 1943 3771 novimus,
1972 3704 2100 3774 quia

513 3794 787 3863 praefectis
828 3794 946 3849 suis
1000 3795 1185 3848 minus
1217 3795 1538 3850 obedientes
1580 3794 1808 3851 fuerint.
1843 3798 2025 3863 Quare
2054 3798 2099 3852 si

511 3888 604 3958 qui
654 3888 858 3942 milites
896 3888 1016 3943 sine
1067 3896 1161 3942 tuo
1190 3896 1287 3941 aut
1315 3888 1700 3958 praefectorum
1731 3904 1959 3945 suorum
1993 3891 2100 3944 im-

513 3981 667 4050 perio
717 3981 813 4047 vel_
846 3980 914 4034 ad
971 3980 1328 4050 praedandum
1378 3990 1604 4047 exeunt,
1660 3982 1743 4035 vel
1802 3982 1867 4037 ad
1924 3982 2099 4036 aciem

513 4089 670 4129 suam
700 4073 771 4126 ‘in
801 4087 910 4147 qua
942 4079 1070 4126 sunt
1103 4071 1413 4142 transgredi
1459 4072 1686 4137 audent,
1718 4072 1906 4143 ﬂagris
1944 4087 2101 4126 coer-

513 4171 766 4227 ceantur,
803 4170 857 4217 et
907 4163 1213 4233 puniantur
1248 4166 1347 4220 abs
1392 4174 1466 4232 te,
1503 4166 1664 4236 quasi
1713 4181 1826 4221 suae
1853 4166 2098 4237 ipsorum

514 4254 688 4309 cladis
739 4263 994 4309 auctores
1035 4270 1160 4310 esse
1204 4259 1423 4313 vellent.

590 4346 713 4399 177.
749 4344 1002 4400 Prudens
1053 4348 1100 4401 is
1142 4349 1441 4418 imperator
1486 4361 1570 4406 est
1619 4353 1713 4422 qui
1754 4352 1937 4409 omnia
1969 4369 2101 4411 con-

516 4439 637 4493 silia
693 4439 947 4508 factaque
979 4440 1329 4510 imperatoria
1381 4459 1503 4512 qua:
1543 4445 1727 4500 hostes
1774 4447 2096 4515 moliuntur,

516 4531 780 4587 declinat.
840 4529 966 4587 lizec
1015 4544 1314 4602 cognoscet
1346 4550 1413 4589 ex
1476 4535 1543 4592 iis
1581 4552 1703 4605 quae
1754 4537 1872 4607 ipse
1907 4538 2098 4593 adver-
2134 4533 2179 4589 D

518 4642 614 4680 sus
670 4626 858 4681 hostes
911 4624 1097 4680 facere
1136 4629 1361 4697 cogitat,
1397 4628 1511 4683 haec
1562 4629 1845 4697 provideat
1872 4630 2104 4702 diligen-

517 4726 620 4782 ter,
668 4732 737 4772 ne
797 4717 867 4772 ab
921 4717 1175 4771 hostibus
1226 4719 1493 4786 patiatur.
1543 4719 1909 4788 Experientia:
1954 4725 2101 4777 enim

519 4810 861 4879 singulorum
934 4808 1199 4864 adversus
1265 4810 1406 4864 alios
1463 4811 1793 4877 'intentatre,
1866 4814 2102 4869 aliorum

521 4900 806 4951 hominum
852 4899 1070 4970 ingenia
1131 4898 1201 4952 ad
1251 4901 1530 4954 contraria
1580 4900 1688 4955 illis
1743 4905 2102 4974 excogitanda

521 4990 779 5045 incitant.

591 5082 781 5137 i78.Si
803 5082 933 5153 quid
952 5084 1091 5138 clam
1118 5084 1303 5140 hostes
1336 5085 1515 5142 facere
1536 5089 1796 5153 volueris,
1821 5090 1902 5145 vel
1929 5100 2108 5147 castra

518 5193 760 5245 movere,
812 5178 896 5233 vel
927 5178 1131 5247 aliquid
1162 5180 1306 5232 aliud
1339 5194 1538 5248 genere
1561 5223 1575 5247 ,
1629 5183 1762 5236 nulli
1799 5182 1900 5237 hoc
1929 5186 2112 5240 consi-

521 5274 653 5327 lium
703 5274 810 5328 nisi
861 5272 952 5324 nni
998 5272 1163 5327 alicui
1222 5289 1285 5326 ex
1332 5274 1603 5342 praefectis
1639 5277 1833 5334 credas
1864 5297 1874 5331 :
1906 5280 2108 5336 talibus

519 5366 667 5419 enim
705 5363 1043 5432 temporibus
1078 5366 1333 5433 permulti
1378 5376 1529 5431 sunt,
1580 5370 1671 5437 qui
1711 5374 2101 5428 remunerandi

519 5459 819 5529 ciipiditate
865 5457 1093 5513 consilia
1128 5466 1220 5511 tua
1255 5459 1504 5516 hostibus
1536 5464 1803 5530 prodituri
1830 5480 1977 5525 sunt.

2199 1960 2549 2031 ἐθισθήσεται
2605 1961 2675 2014 τὰ
2734 1961 3122 2032 στρατεύματα
3164 1960 3349 2031 μένειν
3383 1962 3442 2013 ἐν
3484 1962 3659 2031 τάξει,
3696 1968 3793 2018 καὶ

2200 2054 2608 2125 συμφυλάττειν
2642 2054 2710 2108 τὰ
2740 2054 2847 2109 ῖδια
2889 2054 3149 2123 τάγματα
3178 2054 3313 2125 (53),
3354 2055 3448 2107 καί
3474 2055 3791 2110 ἀκολουθεῖν

2198 2150 2311 2210 τοῖς
2353 2146 2613 2218 ἄρχουσιν
2641 2147 2846 2213 αὐτῶν,
2885 2146 3022 2200 ἀλλὰ
3073 2146 3168 2199 καὶ
3204 2147 3343 2217 πρὸς
3375 2147 3474 2211 τὰς
3527 2148 3791 2219 ἐξαίφνης

2199 2238 2498 2310 γινομένας
2527 2238 2824 2302 ἐπιϐουλάς
2851 2238 2909 2291 ἐν
2957 2239 3026 2307 τῇ
3089 2237 3327 2310 πολεμίᾳ
3382 2238 3457 2310 μὴ
3511 2239 3570 2293 ἐν
3608 2238 3793 2311 ἀθρόῳ

2198 2332 2377 2403 καιρῷ
2411 2331 2781 2403 θορυϐεῖσθαι.

2274 2426 2398 2495 ροδ’.
2450 2426 2885 2497 Ἀσφαλέστερον
2915 2427 2971 2481 δὲ
3015 2427 3074 2480 τὸ
3109 2426 3425 2497 στράτευμα
3466 2422 3793 2498 διαϐήσεται

2200 2519 2299 2583 τὰς
2341 2520 2712 2590 προκειμένας
2754 2520 2909 2584 ὁδοὺς
2929 2561 2943 2585 ,
2999 2520 3093 2573 ἐὰν
3122 2520 3211 2573 διά
3237 2536 3399 2573 τινων
3426 2520 3624 2589 ὀλίγων
3654 2537 3795 2592 προο

2200 2611 2527 2674 αποστείλας
2580 2613 2808 2682 ἐρευνᾷς
2840 2614 2939 2675 τὰς
2980 2611 3289 2683 ἔμπροσθεν
3332 2613 3599 2684 τρίϐους,⁴
3625 2614 3794 2683 ἤγουν

2200 2702 2289 2756 διὰ
2313 2704 2420 2756 τῶν
2446 2704 2800 2775 καλουμένων
2822 2707 2887 2775 τῇ
2918 2703 3165 2775 Ῥωμαία
3189 2703 3411 2776 γλώσσῃ
3441 2705 3795 2776 μινσωρατώ·

2204 2814 2314 2867 ρων
2346 2796 2440 2851 καὶ
2468 2795 2764 2851 ἁντικινσώ
2773 2814 2902 2867 ρων.

2274 2896 2401 2959 ροε’.
2457 2890 2584 2942 Ἐὰν
2631 2890 2919 2961 γυμνάσῃς
2963 2888 3282 2961 στράτευμα
3327 2890 3598 2961 συνεχῶς,
3650 2890 3794 2956 ἕξεις

2202 2982 2400 3044 αὐτοὺς
2451 2980 2587 3049 πρὸς
2636 2982 2765 3044 τοὺς
2809 2982 3003 3045 πόνους
3046 2981 3301 3052 ἑτοίμους
3328 3024 3339 3045 ,
3392 2984 3487 3036 καὶ
3514 2982 3612 3052 τὴν
3641 2984 3796 3047 τάξιν

2203 3074 2609 3145 φυλάττοντας,
2662 3075 2757 3127 καὶ
2806 3074 3122 3144 ῥωμαλέους
3153 3073 3214 3128 τὸ
3239 3075 3417 3145 σῶμα.
3458 3075 3521 3129 Ἦ
3558 3077 3656 3145 μὲν
3684 3076 3795 3144 γάρ

2202 3166 2534 3236 ἀνάνδρους,
2591 3166 2684 3218 καὶ
2730 3166 2913 3229 δειλὰς
2959 3166 3059 3228 τὰς
3101 3166 3315 3236 ψυχάς·
3358 3169 3390 3237 ἡ
3424 3166 3481 3219 δὲ
3513 3168 3796 3235 γυμνασία

2204 3259 2298 3313 καὶ
2341 3259 2389 3311 οἱ
2430 3259 2581 3311 πόνοι
2634 3259 2731 3312 καὶ
2774 3258 2844 3312 τὰ
2889 3258 3117 3329 σώματα
3155 3257 3405 3330 εὔρωστα
3431 3259 3541 3331 (54)
3577 3261 3796 3325 καὶτὰς

2202 3353 2381 3424 ψυχὰς
2430 3352 2684 3424 ἀνδρείας
2733 3353 3257 3418 κατασκευάζουσιν.
3309 3354 3501 3425 Χρεών
3553 3372 3612 3407 σε
3664 3354 3793 3421 οὖν,

2203 3440 2248 3498 ὧ
2278 3446 2553 3517 στρατηγὲ
2580 3487 2594 3509 ,
2646 3446 2753 3517 πρὸ
2787 3445 2981 3517 καιροῦ
3015 3446 3181 3511 ὀξέως
3213 3446 3307 3499 τοῦ
3337 3447 3530 3519 καιροῦ
3561 3447 3797 3519 μελετᾷν

2205 3539 2459 3610 ἁρμόδια,
2496 3539 2591 3592 καὶ
2619 3538 2689 3591 τὰ
2714 3540 2962 3610 χρήσιμα
2989 3539 3113 3593 τότε
3143 3538 3451 3606 σκευάζειν,
3478 3540 3563 3593 ὅτε
3586 3540 3646 3593 ού
3670 3557 3801 3593 κατ-

2204 3630 2416 3698 επείγει
2445 3629 2546 3699 τῆς
2572 3631 2933 3700 παρατάξεως
2965 3631 2998 3701 ὴ
3031 3631 3268 3702 ἀνάγκη.

2279 3721 2427 3794 ροςᾌ
2456 3724 2644 3794 Ἴσμεν
2675 3724 2935 3787 πολλάκις
2961 3726 3086 3787 τοὺς
3113 3724 3483 3796 θρασυτέρους
3504 3725 3611 3780 τῶν
3635 3743 3798 3797 στρα-

2203 3814 2414 3867 τιωτῶν
2467 3815 2532 3867 ἐκ
2579 3814 2673 3866 τοῦ
2725 3815 2800 3884 μὴ
2846 3814 3131 3868 πείθεσθαι
3174 3816 3282 3878 τοῖς
3328 3817 3588 3885 ἄρχουσιν
3625 3816 3796 3868 ἀπολ-

2204 3904 2493 3976 λυμένους.
2550 3904 2641 3956 Διὸ
2690 3905 2817 3969 τοὺς
2861 3904 3218 3975 βουλομένους
3257 3905 3351 3959 τοῦ
3387 3907 3619 3975 στρατοῦ
3661 3908 3794 3961 ἄνευ

2202 3998 2303 4067 τῆς
2332 3997 2431 4067 σῆς
2461 3998 2493 4070 ἢ
2525 3996 2617 4051 τοῦ
2646 3996 2906 4067 ἄρχοντος
2937 3997 3119 4051 αὐτῶν
3149 3997 3371 4067 ἐντολῆς
3402 3998 3432 4067 ἢ
3460 3999 3596 4069 πρὸς
3624 4003 3793 4069 πραῖ-

2202 4091 2297 4142 δαν
2332 4090 2586 4152 ἀπιέναι,
2623 4089 2656 4160 ἢ
2688 4090 2786 4160 τῆς
2818 4090 3177 4160 παρατάξεως
3208 4090 3665 4161 παρεξέρχεσθαι,
3695 4093 3795 4145 κό-

2202 4182 2334 4247 λαζε
2365 4183 2587 4246 τούτους
2617 4183 2706 4237 διὰ
2739 4182 3040 4254 μαστίγων,
3067 4184 3160 4237 καὶ
3183 4184 3497 4254 ἀναχαίτιζε
3529 4187 3626 4257 τῆς
3655 4187 3793 4240 ἀτα-

2203 4275 2343 4342 ξίας,
2378 4275 2452 4340 ὠς
2482 4275 2682 4339 αἰτίους
2710 4275 2809 4346 τῆς
2841 4276 3049 4330 ἑαυτῶν
3079 4276 3373 4341 ἀπωλείας.

2276 4371 2411 4440 poti".
2471 4368 2644 4436 Σοφὸς
2692 4367 2844 4422 ἔσται
2893 4368 3195 4441 στρατηγὸς
3234 4370 3638 4440 φυλαττόμενος
3683 4372 3795 4425 ἀπὸ

2205 4459 2424 4512 πάντων
2453 4458 2563 4511 τῶν
2597 4458 2900 4528 μελλόντων
2935 4458 3086 4529 παρά
3111 4458 3219 4512 τῶν
3244 4458 3521 4528 πολεμίων
3542 4460 3791 4527 γίνεσθαι

2206 4552 2701 4622 στρατηγημάτων.
2735 4551 3010 4605 Γνώσεται
3039 4551 3096 4606 δὲ
3126 4551 3297 4605 ταῦτα
3328 4551 3388 4616 ἐξ
3408 4545 3482 4605 ὧν
3513 4556 3605 4605 καὶ
3628 4553 3794 4616 αὐτὸς

2204 4648 2679 4716 καταστρατηγεῖν
2709 4646 2834 4708 τοὺς
2862 4645 3092 4716 ἐχθροὺς
3123 4645 3346 4716 μελετᾷ·
3382 4640 3464 4709 οἷς
3492 4647 3601 4717 γὰρ
3629 4646 3793 4710 αὐτὸς

2204 4738 2464 4805 γινώσκει
2509 4738 2561 4791 τί
2591 4739 2710 4791 δέον
2740 4737 2882 4791 κατά
2907 4738 3020 4790 τῶν
3047 4737 3321 4808 πολεμίων
3350 4740 3545 4803 ποιεῖν,
3582 4738 3795 4799 τούτοις

2204 4830 2476 4906 γνώεεται
2512 4832 2606 4883 καὶ
2636 4836 2689 4883 τί
2718 4830 2823 4901 χρὴ
2856 4829 3005 4901 παρά
3032 4830 3142 4883 τῶν
3169 4830 3441 4901 πολεμίων
3474 4830 3548 4901 μὴ
3575 4831 3791 4884 παθεῖν.

2204 4924 2270 4976 Δί
2294 4922 2402 4993 γὰρ
2439 4923 2566 4977 ἴδιαι
2598 4924 2733 4994 πρὸς
2762 4923 2822 4975 τὸ
2851 4923 3039 4976 λυπεῖν
3064 4924 3255 4988 ἄλλους
3275 4924 3557 4993 ἐμπειρίαι
3580 4922 3795 4989 καὶτὰς

2209 5013 2317 5067 τῶν
2368 5014 2624 5067 ἐναντίων
2682 5012 2924 5076 ἐπινοίας
2976 5014 3099 5068 καθ’
3127 5014 3331 5068 ἑαυτῶν
3378 5016 3790 5085 τεκμαίρονται.

2282 5112 2415 5178 ροη’.
2466 5108 2593 5159 Ἐάν
2635 5123 2767 5159 ποτε
2806 5105 2993 5161 λαθεῖν
3024 5109 3150 5172 τοὺς
3180 5106 3471 5177 πολεμίους
3500 5107 3791 5179 βουληθῇς,

2210 5201 2320 5253 εἴτε
2367 5200 2576 5271 κίνημα
2615 5201 2723 5253 ἀπὸ
2756 5200 3047 5281 ἀπλίκτου,
3084 5203 3193 5254 εἴτε
3227 5201 3393 5271 ἀλλην
3418 5201 3543 5253 τινὰ
3569 5203 3792 5271 πρᾶξιν,

2215 5293 2404 5364 μηδενὶ
2445 5293 2636 5366 θάρρει
2670 5294 2844 5364 ἑτέρῳ
2889 5294 3028 5364 πλὴν
3075 5294 3155 5346 ἐνί
3195 5311 3302 5346 τινι
3345 5293 3455 5347 τῶν
3494 5294 3791 5364 ἀρχόντων.

2212 5388 2277 5441 Et
2310 5389 2418 5458 γάρ
2467 5390 2547 5450 εἰς
2586 5387 2812 5450 πολλοὺς
2842 5386 3133 5457 διαδραμεῖ
3157 5385 3218 5439 τὸ
3245 5384 3543 5456 βούλευμα,
3578 5385 3796 5449 πάντως

2214 5484 2321 5537 ἀπὸ
2388 5481 2496 5535 τῶν
2550 5483 2826 5552 ἀρχόντων
2873 5484 2983 5545 τοῖς
3029 5480 3363 5551 ὑποχειρίοις
3415 5478 3793 5549 παραδίδοται.

2018 5593 2247 5656 NOTAE.

481 5698 504 5723 κ
538 5672 539 5675 “
596 5667 708 5736 (5‘2)
750 5668 1286 5739 Ἐξίιμαρτημάτων
1334 5670 1518 5739 εἶναι,
1547 5683 1909 5751 φρονήσεις,
1947 5688 2093 5748 εει-ξ.

529 5733 759 5787 hebatnr
789 5739 849 5788 ἐξ
881 5739 1214 5788 ductariith
1237 5746 1284 5788 εἰ
1310 5749 1400 5788 καὶ
1436 5750 1742 5788 manu-rima.»
1779 5767 1864 5788 η...

600 5739 759 5816 batur
789 5739 849 5801 ἐξ
881 5739 1214 5811 ἀμαρτὴτων
1237 5746 1284 5795 εἰ
1310 5749 1401 5796 καὶ
1436 5739 1884 5817 φροντίσειςωιοί

598 5804 709 5870 (υό)
745 5806 1030 5872 Τάχματα.
1068 5812 1438 5881 Scribe-batur,
1468 5818 1705 5885 τάματα.

2287 5699 2398 5769 (5i)
2429 5698 2535 5751 Καὶ
2579 5697 2651 5769 τὰ
2672 5696 2919 5767 σώματα
2951 5700 3244 5766 capream.
3272 5696 3668 5764 Scribebatur,
3702 5688 3802 5751 xui

2214 5771 2444 5841 σώματα
2494 5768 2564 5822 τὰ
2597 5768 2765 5838 εὕρ...
