4120 6462
410 365 543 428 1061

1503 370 1840 431 TACTICA.
1882 396 1933 405 ··
1971 371 2474 434 CONSTITUTIO
2509 374 2635 436 XX;

3536 374 3672 437 106?:

407 481 470 530 υἱ
514 478 571 531 δὲ
620 477 853 532 τοιοῦτοι
898 478 1084 551 καιροὶ
1129 479 1358 543 πολλοὺς
1401 479 1716 551 εὑρίσκουσι
1763 482 1889 544 τοὺς
1937 481 2004 534 δι’
2060 482 2255 540 ἐλπίδα
2302 484 2491 557 δώρων
2540 485 2810 557 προδότας
2864 485 3178 557 γινομένους
3221 486 3330 542 τῶν
3372 487 3481 541 σῶν
3547 488 3663 557 βου.

408 569 694 635 λευμάτων
727 571 838 633 τοῖς
865 569 1168 639 πολεμίοις.

483 658 612 728 ροο’.
656 659 880 714 Βέϐαιον
926 661 1024 730 μὲν
1071 659 1225 713 οὐδέν
1274 677 1364 730 μοι
1405 659 1556 713 δοκεί
1593 660 1703 714 τῶν
1735 659 1987 732 ὀνείρων’

2170 659 2293 714 179.
2334 656 2555 713 Nullum
2608 658 2740 713 mihi
2787 658 3121 714 insomnium
3156 661 3375 717 videtur
3417 678 3539 720 esse
3580 664 3675 719 (11·-

410 750 739 806 πλάττὲσθαι
781 753 837 805 δὲ
887 753 981 805 καὶ
1028 752 1235 806 πείθειν
1282 754 1408 817 τοὺς
1449 755 1817 824 στρατιώτας,
1853 753 1994 807 ὥστε

410 847 695 899 πιστεὺειν
720 848 846 905 τοὺς
873 847 997 909 σοὺς
1022 845 1265 915 ὀνείρους
1287 847 1443 915 νίκην
1467 846 1992 916 ἐπαγγελλομένους,

411 939 468 990 ἐν
499 937 676 1007 καιρῷ
705 937 940 1007 μάλιστα
969 937 1207 1007 πολέμου
1234 936 1506 1007 χρήσιμόν
1533 938 1680 990 ἐστιν
1711 938 1803 990 καὶ
1828 938 1995 1004 ἀναγ-

411 1032 587 1082 καῖον.
645 1028 907 1093 Δόξαντες
957 1028 1066 1098 γάρ
1114 1028 1187 1092 ώς
1240 1029 1348 1081 ἀπὸ
1391 1027 1528 1082 Θεοῦ
1578 1029 1851 1100 χρήσιμον
1902 1029 1994 1082 τὸν

411 1117 563 1187 παρά
610 1116 704 1170 σοῦ
748 1116 1130 1187 ἀφηγούμενον
1166 1117 1393 1188 ὄνειρον,
1432 1116 1747 1186 θαρσαλέως
1777 1115 1871 1169 καὶ
1898 1116 1994 1167 άν-

413 1212 761 1282 επιστρόφως
795 1210 937 1264 κατὰ
970 1211 1078 1262 τῶν
1109 1208 1385 1279 πολεμίων
1417 1208 1861 1279 ἐπιχειρήσουσι,
1900 1205 1997 1259 καλ⁸

411 1307 478 1374 τῇ
510 1302 792 1373 προθυμία
825 1301 924 1370 τὴν
954 1301 1205 1372 ἀνδρείαν
1238 1299 1710 1353 διπλασιάσουσιν.

487 1397 597 1467 ρπ’.
667 1395 1074 1467 Ἀπειροκάλως
1133 1393 1520 1447 ἐπακολουθεῖν
1566 1396 1685 1457 ταῖς
1737 1392 1844 1445 τῶν
1894 1408 1996 1444 πο·

412 1490 620 1558 λεμίων
665 1489 1051 1558 ὑποχωρήσεσι
1088 1486 1355 1555 σφαλερὸν
1390 1485 1631 1554 ἡγοῦμαι
1664 1486 1757 1536 καὶ
1792 1482 1996 1552 βλάϐης

413 1582 584 1635 αἴτιον
636 1579 914 1642 πολλάκις.
959 1575 1304 1645 Ἐξεπίτηδες
1343 1575 1451 1646 γὰρ
1502 1576 1660 1629 τοῦτο
1694 1574 1994 1637 ποιοῦντες,

415 1674 584 1728 ἐνίοτε
616 1673 681 1725 δι’
710 1671 1138 1741 ὲγκρυμμάτων,
1171 1669 1203 1739 ἢ
1236 1669 1301 1721 δι’
1329 1668 1701 1739 ὑποστροφῆς,
1720 1668 1814 1719 καὶ
1839 1668 1995 1719 άσυν-

414 1766 634 1827 τάκτοις
681 1763 776 1817 καὶ
814 1761 1288 1831 διεσκεδασμένοις
1326 1760 1694 1830 ἐμπίπτοντες
1731 1760 1843 1820 τοῖς
1871 1755 1997 1809 διώ-

418 1875 572 1911 κουσι
626 1856 871 1926 μεγάλας
914 1854 1202 1925 ποιήσουσι
1234 1854 1334 1913 τὰς
1368 1852 1593 1922 βλάϐας.
1625 1853 1791 1905 Ὅταν
1820 1850 1996 1903 τοίνυν

2098 763 2295 803 mum:
2332 748 2702 819 persuadendi
2757 756 2940 804 tamen
2997 750 3200 806 milites
3255 763 3403 819 sunt,
3459 763 3515 808 ut
3567 760 3675 811 tuis

2098 839 2323 894 credam
2357 839 2674 903 insomniis,
2707 856 2829 909 qua:
2859 841 3096 911 aliquam
3128 842 3373 898 victoriae
3403 861 3553 916 spem
3580 857 3676 903 aut

2097 930 2411 1001 opinionem
2440 930 2635 987 afferre
2662 942 2895 1003 possunt
2929 953 2943 989 :
2978 934 3310 989 videbuntur
3340 938 3484 991 enim
3516 941 3673 1008 quasi

2097 1024 2324 1077 oracula
2364 1037 2395 1076 a
2435 1022 2546 1078 Deo
2597 1025 2845 1080 immissa
2877 1025 3112 1080 militum
3149 1029 3364 1084 animos
3399 1030 3453 1083 in
3486 1030 3673 1086 hostes

2099 1111 2401 1183 impellere,
2424 1120 2478 1168 et
2503 1113 2876 1170 fortitudinem
2910 1116 3157 1186 corporis
3182 1118 3464 1175 alacritate
3492 1137 3673 1176 rerum

2097 1202 2461 1273 gerendarum
2500 1218 2792 1260 exacuere.

2171 1409 2295 1466 180.
2334 1408 2585 1465 Hostium
2641 1419 2875 1466 conatus
2932 1410 3130 1466 inscite
3186 1412 3459 1481 persequi,
3506 1412 3677 1466 lubri-

2098 1518 2220 1558 cum
2268 1504 2427 1559 valde
2456 1513 2510 1560 et
2560 1505 2932 1575 periculosum
2960 1513 3045 1559 est
3082 1522 3097 1558 :
3135 1519 3278 1574 saepe
3312 1505 3457 1559 enim
3489 1505 3675 1560 hostes

2099 1596 2282 1652 dedita
2342 1612 2508 1668 opera
2559 1597 2730 1651 multa
2783 1605 3077 1663 conantur,
3107 1599 3192 1653 vel
3229 1606 3287 1652 ut
3321 1598 3560 1661 insidiis,
3591 1600 3674 1653 vel

2100 1703 2158 1748 ut
2210 1688 2635 1753 reversionibus,
2687 1688 2743 1742 in
2790 1695 2915 1743 tuos
2952 1688 3215 1742 confusos
3270 1688 3677 1757 dissipatosque

2099 1786 2334 1848 irritant,
2371 1791 2428 1838 et
2474 1782 2825 1835 vehementer
2863 1778 3159 1834 admodum
3220 1788 3272 1833 te
3318 1779 3538 1837 laedant.
3572 1779 3674 1834 Uhi

2098 1877 2265 1947 igitur
2289 1873 2557 1941 fugientes
2576 1871 2763 1926 hostes
2781 1870 3107 1940 insequeris,
3125 1885 3195 1925 ne
3213 1870 3483 1926 dissolvas
3505 1872 3675 1927 aciem

419 1948 833 2017 ὑποφευγόντων
875 1945 985 1999 τῶν
1023 1944 1234 2015 ἐχθρῶν
1274 1943 1489 1997 διώκειν
1531 1942 1751 2013 μέλλῃς,
1803 1942 1877 2012 μή
1903 1941 1997 1994 λύε

2104 1970 2276 2025 donec
2323 1965 2565 2035 perfecte
2623 1963 2947 2033 cognoveris
2995 1961 3182 2019 hostes
3233 1963 3299 2018 de
3353 1963 3530 2018 salute
3580 1979 3675 2019 sua

414 2041 511 2110 τὴν
534 2040 685 2104 τάξιν
708 2041 807 2109 τῆς
838 2038 1217 2107 παρατάξεως,
1262 2035 1455 2105 μέχρις
1489 2034 1554 2088 ἂν
1587 2034 1797 2086 τελείαν
1828 2031 1998 2103 λάϐῃς

415 2128 786 2201 πληροφορίαν
810 2129 908 2199 τῆς
937 2126 1043 2182 τῶν
1070 2126 1424 2197 διωκομένων
1453 2124 1798 2180 ἀνελπίστου
1818 2141 1997 2193 σωτηο

418 2223 541 2292 ρίας
579 2221 713 2291 (55).

488 2322 634 2387 ρπα’.
686 2314 1044 2385 Στρατιωτῶν
1074 2314 1401 2385 φρονήματα
1432 2313 1569 2384 πρὸς
1595 2311 1795 2366 δειλίαν
1824 2318 1995 2366 κατά-

416 2408 651 2462 πεσόντα
700 2408 951 2479 ἐχέφρων
996 2408 1301 2478 στρατηγὺς
1347 2406 1571 2461 δύναται
1610 2407 1874 2477 διεγεῖραι
1913 2403 2001 2457 διὰ

414 2501 512 2566 τῆς
550 2500 756 2562 οἰκείας
797 2500 994 2568 ὅψεως,
1033 2498 1330 2568 θαρσαλέος
1360 2500 1546 2559 αὐτοῖς
1578 2497 1672 2551 καὶ
1699 2495 2004 2566 περιχαρής

415 2586 741 2655 φαινόμενος
761 2626 776 2651 ,
827 2590 922 2640 καὶ
955 2587 1090 2657 πρδς
1120 2585 1332 2651 τούτοις
1376 2587 1471 2639 καὶ
1509 2589 1622 2648 τοῖς
1654 2585 1831 2653 λόγοις
1856 2584 2004 2638 ἀλεί-

415 2693 531 2743 φων
562 2677 657 2729 καὶ
686 2678 1054 2748 πιθανώτερος
1085 2678 1391 2747 γινόμενος,
1421 2677 1562 2731 ὥστε
1594 2676 2002 2746 συσχηματίσαι

413 2764 523 2815 τῶν
555 2765 902 2832 στρατιωτῶν
946 2766 1014 2818 τά
1053 2767 1380 2837 φρονήματα
1428 2766 1564 2837 πρὸς
1591 2766 1651 2819 τὸ
1680 2765 1775 2818 τοῦ
1807 2782 2005 2835 στρατ-

414 2852 550 2921 ηγοῦ
584 2853 907 2922 φαινόμενον
937 2855 1158 2924 θάρσος.

489 2942 633 3013 pst-3'.
673 2943 837 3008 Τάξις
866 2945 926 2997 οὐ
959 2946 1055 3015 μία
1082 2947 1197 2998 ἐστὶ
1226 2947 1486 3014 πολέμου,
1524 2946 1659 3001 ἀλλὰ
1687 2946 1879 2999 πολλαὶ
1907 2947 2003 2999 καὶ

414 3037 692 3108 διάφοροι,
746 3039 840 3090 καὶ
884 3039 1034 3108 παρὰ
1063 3040 1187 3101 τοὺς
1217 3039 1538 3108 ὁπλισμοὺς,
1578 3040 1672 3092 καὶ
1704 3041 1854 3108 παρά
1879 3040 2006 3102 τοὺς

420 3130 879 3200 στρατευομένους
904 3169 918 3193 ,
981 3130 1073 3183 καὶ
1102 3130 1252 3201 παρὰ
1282 3132 1407 3193 τοὺς
1436 3130 1872 3200 ἀντιπολεμίους,
1914 3130 2009 3184 καὶ

419 3224 567 3292 παρά
597 3225 722 3285 τοὺς
746 3223 964 3287 τόπους,
991 3224 1081 3275 καὶ
1112 3223 1264 3293 παρὰ
1290 3218 1416 3286 τοὺς
1443 3222 1685 3293 καιρούς.
1712 3224 1928 3277 Τούτων
1950 3224 2006 3276 δὲ

418 3290 518 3377 τὰς
536 3316 813 3387 διαφοράς,
829 3310 872 3370 ὦ
896 3290 1303 3387 στρατηγξὲξὲπλ⁵
1332 3316 1510 3369 αὐτῶν
1539 3290 1646 3369 τῶν
1668 3318 2006 3388 πραγμάτων
2034 3290 2077 3350 c

422 3406 663 3479 μαθήσῃ.
684 3406 755 3460 Οὐ
783 3408 911 3479 γὰρ,
945 3408 1020 3471 ώς
1051 3404 1255 3476 βούλει,
1288 3406 1647 3478 παρατάξεις,
1666 3406 1781 3459 ἀλλ’
1814 3407 1889 3469 ὡς
1914 3408 2006 3459 άν-

417 3497 649 3565 αγκάζει
702 3500 948 3570 ποιήσεις
996 3499 1095 3570 τὴν
1132 3497 1350 3564 ἔκταξιν
1390 3498 1484 3551 καὶ
1524 3497 1618 3550 τοῦ
1646 3498 1877 3569 στρατοῦ
1910 3497 2006 3551 καὶ

417 3583 517 3653 τῆς
548 3585 814 3648 ὁπλίσεως
834 3626 849 3649 ,
885 3586 980 3639 καὶ
1011 3586 1154 3639 κατὰ
1181 3587 1493 3656 πρόσωπον,
1532 3588 1627 3640 καὶ
1655 3589 1718 3640 ὲκ
1745 3586 2003 3656 πλαγίου,

418 3678 511 3728 καὶ
522 3676 763 3741 ὄπισθεν,
779 3678 873 3731 καὶ
889 3678 963 3741 ώς
980 3681 1012 3747 ή
1036 3678 1194 3748 χρεία
1212 3679 1319 3733 τῶν
1333 3679 1676 3750 πραγμάτων
1686 3680 2001 3749 ἀπαιτήσει.

494 3775 640 3835 ρπγν.
672 3770 843 3821 Ὅταν
872 3769 1105 3840 πεζικήν
1136 3771 1426 3841 στρατείαν
1452 3769 1769 3842 παρατάξῃς
1793 3770 1828 3840 ἢ
1846 3771 2007 3824 ὁπλο-

418 3860 600 3929 φόρων
653 3860 860 3931 άνδρῶν
905 3861 1014 3914 τῶν
1056 3862 1366 3933 λεγομένων
1415 3862 1768 3927 σκουτάτων,
1823 3863 1857 3935 ἢ
1895 3862 2004 3916 τῶν

416 3950 587 4019 ψιλῶν
612 3990 628 4016 ,
685 3953 851 4023 ἤγουν
899 3951 1132 4017 τοξοτῶν
1184 3954 1278 4008 καὶ
1328 3954 1720 4024 σφενδονητῶν,
1778 3956 2003 4009 ἀντιπο-

417 4042 710 4112 λεμοῦντες
739 4044 795 4097 δὲ
829 4045 1012 4109 αὐτοῖς
1044 4062 1188 4109 τινες
1223 4045 1458 4114 βάλωσιν
1491 4046 1610 4099 κατ’
1640 4047 1818 4100 αὐτῶν
1850 4047 1884 4117 ἢ
1918 4051 2002 4119 ρι-

416 4135 641 4206 κτάρια,
676 4136 709 4206 ἢ
738 4136 1191 4191 διασσενδοὸόλων
1218 4137 1330 4209 (56)
1364 4140 1459 4191 καὶ
1482 4139 1672 4203 τόξων,
1701 4139 1782 4191 δεῖ
1807 4140 2003 4203 αὐτοὺς

421 4226 527 4280 ὑπὸ
555 4228 893 4299 σκουταρίων
922 4228 1285 4299 τετραγώνων
1313 4229 1606 4300 ὲπιμηκῶν
1638 4229 1745 4284 τῶν
1771 4229 2002 4300 λεγομέ-

421 4336 527 4372 νων
574 4320 783 4390 θυρεῶν
824 4320 968 4391 (57),
1025 4321 1057 4391 ἢ
1112 4322 1314 4392 ἐτέρων
1362 4324 1701 4392 σκουταρίων
1745 4324 1996 4391 μεγάλων

421 4412 742 4481 κεραμῶσαι
773 4413 999 4474 ἑαυτοὺς
1027 4412 1253 4475 ἄνωθεν,
1287 4413 1383 4466 καὶ⁸
1412 4412 1583 4476 οὕτως
1610 4413 1993 4483 προσϐάλλειν·

417 4503 512 4555 καὶ
542 4503 649 4573 γὰρ
680 4503 1093 4574 κεραμωθέντες
1121 4505 1215 4558 καὶ
1247 4504 1574 4575 σκεπόμενοι
1603 4505 1755 4559 οὐδὲν
1783 4505 1999 4560 πάθωσι

417 4595 586 4647 κακὸν
619 4596 722 4650 ὑπὸ
751 4595 863 4649 τῶν
889 4598 1259 4667 πεμπομένων
1290 4597 1461 4667 βελῶν
1490 4601 1612 4651 κατ’
1641 4598 1839 4652 αὐτῶν.

402 4664 417 4712 ⁸
490 4687 627 4757 ρπδ¹.
670 4689 895 4760 Στρατῷ
924 4664 1037 4760 (58)
1071 4664 1345 4760 πολεμίων
1390 4690 1686 4761 μηνοειδῶς
1714 4676 1998 4762 παρατατ-

417 4782 629 4852 τομένῳ
673 4782 851 4854 (αὕτη
902 4784 1010 4855 γάρ
1057 4786 1091 4856 ή
1137 4782 1442 4855 παράταξις
1488 4785 1639 4837 δοκεῖ
1674 4785 1829 4849 τάξιν
1863 4787 1997 4856 ἡμι-

418 4875 641 4928 κυκλίου
670 4876 930 4947 γινομένη
963 4878 1210 4946 ἀσφαλής
1234 4873 1373 4930 εἶναι
1407 4877 1499 4931 καὶ
1524 4860 1821 4948 ἄτρεπτοςβ
1875 4881 2003 4942 τοὺς

419 4967 530 5037 γάρ
564 4968 937 5037 ἐμπίπτοντας
967 4970 1384 5040 ἀντιπολεμίους
1417 4971 1476 5022 ἐν
1500 4970 1579 5040 τῷ
1610 4969 1705 5023 τοῦ
1736 4971 2006 5042 σίγματος

418 5060 720 5131 κοιλώματι
776 5064 841 5115 ὲκ
887 5062 996 5118 τῶν
1046 5062 1198 5118 ἐνθεν
1246 5067 1341 5118 καὶ
1388 5064 1600 5118 ἐκεῖθεν
1642 5064 1740 5128 τὰς
1774 5067 2005 5137 κεραίας

422 5151 718 5217 άπλοῦντες
767 5155 862 5207 καὶ
908 5154 1370 5224 περικυκλοῦντες
1421 5156 1862 5222 ὲναποκλείουσι,
1912 5160 2007 5211 καὶ

420 5242 593 5307 οὕτως
644 5245 1077 5317 δραστικώτερον
1131 5247 1268 5298 κατ’
1319 5247 1498 5301 αὐτῶν
1552 5249 2000 5321 άπομάχονται),

420 5334 559 5401 πρὸς
588 5335 794 5407 ταύτην
822 5334 915 5391 οὖν
948 5338 1551 5408 άντιπαραταττόμενος
1593 5338 1691 5409 τὴν
1743 5341 1997 5411 μηνοειδῆ

418 5423 572 5490 τάξιν
618 5427 701 5488 είς
743 5426 871 5497 τρία.
909 5427 1049 5499 μέρη
1084 5425 1182 5498 τὴν
1214 5426 1313 5496 σὴν
1341 5426 1641 5495 παράταξιν
1669 5426 1991 5499 διαιρήσεις.

2102 2060 2320 2131 penitus
2375 2056 2689 2128 desperare.

2173 2324 2297 2379 181.
2358 2321 2590 2376 Militum
2646 2321 2862 2376 animos
2903 2319 3178 2377 demissos
3222 2328 3277 2375 et
3335 2326 3389 2376 in
3427 2321 3677 2377 timorem

2101 2415 2389 2484 prolapsos
2439 2411 2681 2481 prudens
2733 2412 3031 2480 imperator
3078 2426 3181 2467 suo
3234 2420 3459 2482 aspectu
3529 2412 3674 2467 hila-

2103 2506 2267 2569 rabit,
2301 2512 2355 2559 et
2384 2505 2538 2558 vultu
2574 2504 2717 2566 laeto.
2756 2504 2937 2559 verbis
2962 2504 3125 2558 etiam
3156 2505 3420 2559 suavibus
3456 2504 3677 2558 illorum

2105 2598 2320 2652 animos
2363 2596 2551 2661 leniet,
2594 2605 2670 2651 ut.
2702 2597 2936 2669 militum
2986 2596 3156 2651 animi
3208 2597 3275 2651 ad
3332 2598 3681 2668 imperatoris

2106 2690 2391 2747 audaciam
2433 2690 2654 2745 excitet.

2178 2956 2300 3010 182.
2338 2957 2455 3012 Una
2484 2958 2619 3012 aciei
2650 2958 2861 3013 bellicae
2892 2958 3068 3012 forma
3099 2972 3208 3012 non
3242 2966 3346 3022 est,
3371 2958 3465 3013 sed
3497 2959 3683 3014 multa:

2107 3058 2160 3103 et
2200 3050 2453 3113 diversae,
2496 3066 2594 3120 pro
2624 3051 2888 3105 varietate
2931 3065 3231 3117 armorum,
3278 3052 3534 3116 militum,
3583 3052 3681 3106 hoc

2107 3140 2295 3205 stium,
2332 3141 2603 3207 locorum,
2640 3149 2971 3212 temporum.
3014 3139 3222 3196 Horum
3254 3140 3589 3197 differentias
3616 3156 3685 3196 ex

2110 3231 2246 3302 ipsis
2277 3234 2440 3289 rebus
2478 3235 2687 3304 optime
2726 3249 3046 3304 cognosces.
3088 3231 3207 3288 Non
3244 3235 3390 3288 enim
3420 3233 3685 3304 quemad-

2111 3321 2333 3377 modum
2390 3324 2653 3387 volueris,
2719 3323 2815 3379 sed
2862 3324 3322 3393 quemadmodum
3386 3325 3685 3380 necessitas

2111 3417 2490 3486 postulaverit,
2532 3418 2703 3473 aciem
2757 3418 2999 3473 instrues
3051 3425 3214 3487 atque
3255 3418 3517 3483 armabis,
3566 3424 3684 3472 tum

2110 3517 2255 3571 ante,
2297 3517 2413 3563 tum
2448 3519 2614 3574 retro,
2667 3520 2780 3564 tum
2817 3509 2885 3563 ad
2917 3510 3091 3577 latus;
3134 3516 3188 3565 ct
3224 3511 3681 3581 quemadmodum

2110 3616 2245 3654 usus
2298 3601 2506 3666 tulerit,
2544 3603 2625 3657 sic
2672 3600 2854 3656 omnia
2902 3601 2985 3656 vel
3037 3602 3346 3656 constitues
3395 3602 3479 3656 vel
3532 3616 3683 3657 com-

2109 3691 2366 3747 mutabis.

2175 3781 2300 3837 185.
2341 3780 2445 3837 Ubi
2493 3782 2801 3853 pedestrem
2838 3783 3009 3838 aciem
3052 3784 3400 3849 instruxeris,
3435 3784 3521 3839 vel
3557 3799 3685 3854 gra-

2107 3874 2279 3939 vium,
2314 3874 2406 3944 qni
2468 3876 2667 3930 scutati
2704 3884 2854 3943 sunt,
2895 3878 2978 3931 vel
3016 3877 3237 3943 levium,
3272 3877 3433 3947 cujus
3467 3877 3683 3947 generis

2107 3964 2377 4034 sagittarii
2430 3975 2484 4019 et
2534 3964 2841 4021 funditores
2892 3976 3042 4031 sunt,
3099 3978 3154 4021 et
3212 3968 3420 4033 hostes,
3474 3966 3568 4037 qui
3616 3980 3680 4019 ex

2107 4059 2338 4112 adverso
2368 4065 2636 4127 pugnant,
2667 4059 2754 4113 vel
2783 4057 2969 4114 fundis
3000 4060 3082 4113 vel
3129 4059 3369 4130 arcubus
3415 4059 3517 4113 tela
3549 4072 3685 4111 eou-

2101 4145 2325 4216 jiciunt,
2362 4147 2445 4201 vel
2472 4147 2643 4203 scutis
2671 4147 2973 4216 majoribus
3005 4149 3288 4218 quadratis
3319 4158 3373 4202 et
3411 4149 3681 4218 oblongis,

2105 4239 2198 4308 qui
2255 4239 2429 4309 thyrei
2475 4247 2623 4305 sunt,
2665 4248 2760 4295 aut
2805 4241 3110 4296 minoribus
3155 4243 3367 4311 seipsos
3414 4250 3468 4296 et
3504 4242 3685 4312 capita

2104 4340 2294 4400 tegant
2347 4339 2401 4387 et
2443 4333 2601 4402 quasi
2656 4334 2987 4397 iucrusteut,
3023 4335 3099 4389 ita
3146 4334 3236 4389 [let
3283 4344 3341 4388 ut
3382 4334 3522 4388 nihil
3556 4334 3685 4387 mali

2107 4422 2380 4491 accipiant
2433 4434 2787 4496 quotcunque
2818 4424 2873 4479 in
2929 4426 3054 4482 illos
3108 4427 3214 4481 tela
3249 4425 3645 4496 conjiciuntur.

2179 4688 2304 4743 184.
2347 4687 2603 4744 Exercitu
2646 4689 2889 4745 hostium
2928 4690 3137 4754 lunato,
3169 4689 3223 4743 id
3260 4696 3365 4752 est,
3424 4689 3492 4744 ad
3519 4690 3687 4744 semi-

2110 4780 2304 4834 circuli
2336 4782 2572 4851 speciem
2608 4782 2883 4836 instructo
2911 4782 3060 4851 (nam
3114 4781 3229 4835 haec
3258 4781 3430 4836 forma
3485 4789 3599 4836 tuta
3628 4791 3685 4836 et

2109 4872 2264 4927 firma
2305 4872 2521 4927 videtur
2553 4888 2697 4939 esse,
2730 4880 2786 4927 et
2813 4873 2999 4927 hostes
3031 4872 3157 4926 hinc
3189 4881 3355 4944 atque
3379 4873 3532 4928 illinc
3562 4888 3684 4928 cor-

2107 4980 2217 5020 nua
2262 4966 2564 5022 extendens
2616 4966 2668 5019 in
2719 4964 2955 5020 mediam
3007 4965 3143 5019 aciei
3191 4966 3348 5035 quasi
3406 4966 3448 5020 C
3492 4967 3685 5021 littera:

2106 5059 2400 5114 cavitatem
2457 5058 2738 5125 excipiens
2786 5056 3193 5121 circumcludit,
3239 5065 3294 5111 et
3345 5057 3547 5112 milites
3595 5073 3686 5126 veg

2106 5151 2417 5206 hemeutius
2451 5166 2515 5204 ac
2551 5151 2833 5205 robustius
2862 5149 2931 5203 ad
2994 5150 3345 5220 pugnandum
3396 5164 3522 5203 cum
3574 5149 3683 5202 illis

2106 5241 2321 5312 incitat)
2356 5243 2400 5296 si
2448 5241 2713 5295 adversus
2741 5255 2864 5295 eum
2901 5241 3090 5310 copias
3138 5251 3259 5295 tuas
3306 5240 3681 5309 apparaveris.

2108 5338 2164 5393 in
2206 5344 2318 5389 tres
2356 5342 2538 5402 partes
2580 5332 2870 5388 adversum
2899 5332 3011 5399 duo
3042 5346 3247 5386 cornua
3286 5333 3524 5386 hostium
3564 5331 3680 5385 col-

2096 5425 2316 5483 ‘locabis
2348 5440 2362 5479 :
2409 5423 2642 5479 mediam
2674 5434 2882 5495 partem
2913 5440 3022 5480 non
3063 5425 3355 5480 adversum
3390 5424 3680 5479 caritatem

1920 5588 2148 5645 ΝΟΤᾸΞ..

493 5726 607 5797 (55)
639 5729 955 5797 Σωτηρίας.
996 5694 1371 5793 Scribebatur,
1400 5728 1624 5797 σωρίας.

497 5796 610 5865 (ὅθ)
646 5796 1186 5857 Διασϐενδοϐόλων.
1222 5801 1433 5868 Scribe,
1479 5796 1566 5853 διὰ
1601 5797 1987 5867 σφενδοδόλων.

2172 5725 2284 5795 (57)
2319 5724 2575 5795 Gixpscbtf,
2605 5724 2957 5795 scribebatur
2981 5764 2994 5787 ,
3024 5721 3226 5795 θυρῶν.

2323 5789 2580 5863 III—partit.
2610 5793 2987 5861 Scribebatur,
3024 5789 3306 5862 ’Λτραπῷ.
