4120 6472
438 376 582 455 1063
1619 372 1897 434 LEONIS
1937 371 2409 431 PIllLOSOPHI
3590 376 3728 441 lost

433 493 678 549 hostium
714 490 977 553 instrues,
1014 486 1110 545 sed
1158 488 1225 542 ad
1276 478 1586 543 subsidium
1621 486 1855 542 duarum
1890 502 2012 555 par-

2127 484 2230 537 Καὶ
2266 486 2377 547 τοίς
2408 484 2504 553 μὲν
2530 481 2651 536 δυσὶ
2684 483 2875 553 μέρεσι
2908 483 2987 556 τῷ
3012 501 3071 538 τε
3097 484 3259 556 δεξιῷ
3290 486 3382 538 καὶ
3412 486 3488 557 τῷ
3516 488 3726 542 εὐωνύ-

435 587 572 639 tium
629 584 988 655 pugnantium
1032 582 1359 636 constitues.
1427 580 1615 649 itaque
1663 580 1748 633 vel
1807 580 2024 633 illorum

2128 595 2214 647 μῳ
2267 576 2517 646 ποιήσεις
2566 577 2668 647 τὴν
2704 576 3015 648 προσϐολὴν
3047 577 3192 631 κατά
3218 579 3328 631 τῶν
3354 578 3448 631 δύο
3475 582 3727 649 κεράτων

435 678 660 731 lunatus
716 674 992 730 exercitus
1052 673 1246 728 irritus
1279 674 1407 734 erit,
1445 672 1528 727 vel
1588 671 1766 725 hostis
1799 678 2027 739 cogetur

435 770 570 821 aciei
628 766 859 821 formam
922 772 1287 820 commutare.
1344 763 1443 818 Sin
1491 772 1548 818 tu
1599 763 1913 819 discessum
1971 769 2026 816 et

432 860 616 928 fugam
662 857 856 913 mediae
889 859 1061 927 partis
1107 858 1487 921 simulaveris,
1543 864 1598 910 et
1647 855 1836 910 hostes
1871 855 1938 909 ad
1976 863 2026 909 te

434 951 833 1020 insequendum
869 951 1280 1021 provocaveris,
1303 967 1410 1004 non
1437 949 1599 1003 modo
1624 948 1770 1003 acies
1803 948 2020 1002 illorum

433 1043 789 1103 dissolvetur,
838 1041 936 1096 sed
991 1040 1159 1095 etiam
1215 1039 1446 1094 confuse
1478 1045 1628 1092 tuam
1678 1038 2017 1106 insequetur.

432 1137 621 1202 itaque
645 1135 953 1189 instructus
975 1135 1253 1188 exercitus
1278 1130 1414 1186 "tuus
1442 1130 1759 1185 reversione
1785 1129 2022 1199 quadam

431 1227 611 1280 subita
646 1233 701 1280 et
733 1224 982 1279 conferta
1015 1225 1140 1281 illos
1174 1224 1454 1288 adoriens,
1491 1222 1849 1292 insequentes
1883 1230 1934 1277 te
1968 1220 2023 1275 in

433 1322 617 1389 fugam
664 1318 946 1386 conjiciet.

2121 669 2234 722 τῶν
2266 669 2543 737 πολεμίων
2565 711 2579 733 ,
2614 669 2673 722 τὸ
2703 669 2762 722 δέ
2798 669 2963 738 μέσον
2998 670 3163 741 μέρος
3189 672 3410 741 στήσεις
3445 671 3518 742 μὴ
3552 689 3726 744 προσ-

2124 761 2305 816 ϐαλὼν
2354 764 2419 832 τῇ
2469 762 2777 832 κοιλότητι,
2819 762 2937 816 ἀλλ’
2968 764 3025 815 ἐν
3052 763 3388 836 ὑποϐοηθεία
3418 765 3528 818 τῶν
3558 783 3731 837 προσ-

2124 854 2399 908 ϐαλόντων
2430 854 2524 907 δύο
2554 855 2739 926 μερῶν
2774 856 3083 924 ἱστάμενον.
3124 855 3314 919 Οὕτως
3342 856 3452 927 γάρ
3485 857 3516 928 ἢ
3545 857 3727 928 ἄπρα-

2126 964 2254 1009 κτος
2288 948 2315 1000 ὁ
2349 948 2406 999 ἐν
2435 946 2619 1017 κύκλῳ
2650 946 2760 1000 τῶν
2794 948 3072 1018 πολεμίων
3105 947 3335 1018 στρατὸς
3362 949 3725 1021 ἐναπομείνῃ,

2127 1037 2160 1108 ἦ
2213 1040 2465 1103 κάκεῖνος
2496 1038 2823 1109 προσϐαλὼν
2855 1040 2953 1109 τὴν
2986 1040 3244 1112 μηνοειδῆ
3272 1041 3424 1108 τάξιν
3447 1042 3725 1095 διαλύσειο

2129 1130 2177 1181 εί
2203 1128 2259 1181 δὲ
2285 1128 2635 1199 πλασάμενος
2659 1130 2821 1193 αὐτὸς
2845 1132 3197 1203 ὑποχώρησιν
3219 1132 3317 1186 τοῦ
3340 1134 3506 1203 μέσου
3529 1136 3729 1206 μέρους

2128 1221 2376 1288 κινήσεις
2409 1222 2535 1284 τοὺς
2566 1222 2843 1286 ἐναντίους
2876 1224 3013 1293 πρὸς
3042 1224 3246 1291 δίωξιν,
3282 1225 3343 1278 οὐ
3374 1227 3535 1295 μόνον
3563 1227 3731 1297 λυθή-

2130 1330 2282 1366 σεται
2318 1315 2351 1383 ή
2384 1312 2712 1379 παράταξις,
2746 1315 2881 1368 ἀλλά
2911 1316 3008 1370 καὶ
3038 1316 3396 1381 ἀσυντάκτως
3421 1318 3729 1372 διώκουσαν

426 1408 486 1460 τὺ
546 1410 636 1463 σὺν
688 1410 1002 1481 στράτευμα
1046 1407 1480 1479 συντεταγμένον
1530 1407 1605 1461 δι’
1654 1401 2006 1475 ὑποστροφῆς
2044 1400 2248 1473 ἀθρόας
2284 1405 2541 1475 ἐπιτεθῆς
2567 1405 2771 1471 αὐτοῖς,
2810 1406 2906 1459 καὶ
2934 1407 3324 1479 εὑρεθήσονται
3385 1409 3607 1474 πάντως
3673 1414 3726 1465 οἱ

431 1496 491 1547 σὲ
527 1499 818 1562 διώκοντες
850 1500 1171 1569 διωκόμενοι
1201 1499 1356 1569 παρὰ
1383 1499 1499 1555 σοῦ.

505 1594 629 1647 185.
673 1594 898 1649 Insidiae
947 1608 1140 1649 omnes
1186 1593 1631 1648 vehementiores
1672 1591 1875 1648 habent
1906 1589 2014 1644 hn-

434 1694 595 1755 petus
649 1701 813 1755 quam
867 1693 1073 1741 exterae
1122 1687 1506 1741 incursiones:
1536 1701 1614 1740 em
1661 1694 1842 1739 tamen
1894 1695 2019 1752 qua:

432 1796 464 1834 a
505 1790 659 1852 tergo
705 1780 858 1846 ﬁunt,
891 1780 1048 1850 longe
1086 1780 1610 1835 vehementissima.
1642 1777 1778 1831 Nam
1825 1777 2019 1845 hujus-

2199 1590 2337 1655 ρπε’.
2389 1586 2643 1641 Ἀπασαν
2693 1586 2790 1656 μὲν
2840 1587 3063 1658 ἐνέδραν
3088 1629 3102 1653 ,
3138 1589 3258 1660 ἦτοι
3290 1590 3589 1661 ἐγκρυμμα
3617 1593 3719 1646 ἐπ-

2127 1679 2418 1749 ερχόμενον
2466 1682 2577 1741 τοῖς
2624 1679 2939 1748 πολεμίοις,
2994 1681 3355 1752 ἰσχυροτέραν
3398 1684 3506 1737 τῶν
3549 1684 3728 1739 ἀλλων

2127 1769 2396 1822 ἐπιϐολῶν
2427 1772 2663 1823 ποιεῖται
2689 1770 2790 1840 τὴν
2814 1770 2935 1822 κατ’
2963 1772 3143 1824 αὐτῶν
3174 1772 3450 1827 ἐπίθεσιν·
3492 1776 3729 1845 μάλιστα

434 1871 585 1924 modi
665 1870 904 1926 insidias
943 1871 1240 1941 aliquando
1288 1871 1334 1925 si
1382 1869 1814 1941 comparaveris,
1863 1869 2022 1938 longe

2128 1861 2185 1914 δὲ
2220 1864 2251 1933 ἡ
2291 1862 2432 1914 κατὰ
2463 1860 2636 1915 νώτου
2678 1862 2787 1915 τῶν
2819 1862 3116 1932 πολεμίων.
3172 1865 3444 1936 Τοιαύτην
3472 1866 3565 1919 οῦν
3595 1885 3727 1921 ποτε

436 1961 690 2015 meliores
739 1960 1190 2031 eilicaeioresque
1242 1960 1457 2017 videbis
1526 1975 1649 2016 esse
1694 1960 1764 2015 iis
1815 1973 1940 2029 quae
1994 1973 2024 2012 ιι

2129 1952 2363 2019 ποιήσας
2398 1952 2494 2004 καὶ
2522 1953 2688 2013 αὐτὸς
2716 1953 2942 2023 ἐνέδραν
2962 1995 2977 2019 ,
3015 1956 3109 2007 καὶ
3137 1955 3363 2009 ὄπισθεν
3393 1957 3573 2011 αὐτῶν
3603 1962 3729 2012 ἐπι-

435 2054 608 2111 latere
644 2054 802 2109 ﬁunt.

508 2233 631 2289 186.
670 2232 948 2296 Mandata,
985 2239 1280 2304 praecepta,
1333 2240 1579 2298 tessera,
1628 2248 1693 2287 ac
1725 2232 1830 2287 alia
1858 2231 2025 2302 hujus

434 2327 677 2396 generis,
722 2340 819 2395 per
867 2324 1161 2395 praefectos
1234 2333 1383 2387 tuos,
1426 2334 1479 2379 et
1531 2340 1637 2379 non
1691 2339 1788 2394 per
1823 2332 1874 2379 te
1911 2333 2025 2377 tra-

435 2418 614 2472 denda
649 2418 917 2473 militibus
946 2426 1096 2473 sunt.
1129 2418 1231 2473 Per
1250 2425 1306 2472 te
1337 2418 1482 2472 enim
1514 2418 1621 2471 hoc
1652 2418 1789 2472 velle
1821 2416 2022 2482 facere,

438 2507 674 2575 imperiti
725 2507 964 2561 hominis
1017 2514 1182 2577 atque
1238 2506 1534 2560 admodum
1576 2507 1758 2561 insciti
1825 2517 2021 2562 esset:

436 2614 564 2653 nam
603 2605 657 2653 et
689 2607 905 2665 tempus
956 2599 1189 2652 multum
1235 2599 1291 2652 in
1329 2599 1701 2669 praecipiendo
1729 2615 2025 2655 consume-

438 2698 550 2752 tur,
601 2697 655 2743 et
711 2706 943 2759 magnus
1000 2690 1268 2746 tumultus
1320 2692 1423 2745 erit
1462 2692 1697 2745 militum
1731 2707 1791 2746 se
1833 2700 2027 2746 mutuo

439 2781 918 2852 interrogautium,
973 2792 1027 2837 ct
1084 2781 1340 2837 fortassis
1398 2784 1452 2837 in
1525 2786 2023 2840 commemorandis

437 2873 546 2928 iliis
603 2875 744 2929 alius
806 2873 1081 2929 interdum
1141 2873 1352 2944 aliquid
1416 2874 1677 2945 adiiciet,
1734 2876 1878 2932 alius
1925 2876 2024 2932 de-

439 2968 638 3021 trahet.

468 3172 475 3175 ‘
510 3169 635 3225 187.
668 3170 802 3224 Boni
832 3169 1182 3239 imperatoris
1218 3176 1273 3224 et
1303 3167 1673 3223 admiratione
1725 3167 1875 3238 digni
1914 3175 2019 3231 est,

2128 2041 2307 2105 τεθεὶς
2331 2083 2345 2106 ,
2380 2042 2826 2112 δραστικωτέραν
2859 2046 2956 2097 καὶ
2987 2046 3382 2118 ἐνεργεστέραν
3409 2050 3579 2121 αὐτὴν
3613 2051 3721 2122 ὄψῃ

2128 2134 2422 2205 γινομένην
2454 2134 2561 2188 τῶν
2589 2136 2653 2189 ἐκ
2676 2135 2909 2203 πλαγίου
2944 2138 3383 2208 ὲγκρυμμάτων.

2203 2234 2355 2297 ρπς¹.
2407 2226 2547 2281 Ὑπὸ
2595 2228 2705 2281 τῶν
2750 2229 2925 2284 ἄλλων
2972 2231 3251 2301 ἀρχόντων
3296 2234 3366 2286 τὰ
3411 2236 3729 2305 παραγγέλ-

2131 2336 2277 2388 ματα
2317 2319 2453 2390 πρδς
2480 2320 2572 2375 τὸν
2601 2323 2834 2393 στρατὸν
2867 2324 2952 2376 δεί¹
2977 2324 3261 2391 γίνεσθαι,
3310 2328 3403 2379 καὶ
3436 2329 3506 2381 τά
3535 2329 3725 2383 διατά-

2127 2426 2347 2478 γματα,
2384 2411 2478 2465 καὶ
2509 2412 2577 2465 τὰ
2612 2412 2950 2484 συνθήματα,
2990 2413 3130 2467 ἀλλὰ
3169 2416 3243 2486 μὴ
3274 2416 3363 2470 διὰ
3389 2419 3489 2487 τῆς
3514 2418 3614 2487 σῆς
3641 2422 3727 2471 ἐν·

2127 2501 2434 2571 δοξότητος,
2468 2495 2513 2556 ὦ
2545 2505 2842 2575 στρατηγέ.
2894 2506 2969 2558 Τὸ
2995 2505 3105 2574 γὰρ
3137 2507 3431 2578 κηρύττειν
3462 2526 3520 2563 σε
3549 2509 3726 2564 ταῦτα

2128 2593 2197 2645 δι’
2232 2594 2425 2648 ἐαυτοῦ
2463 2596 2521 2648 ἐν
2546 2595 2769 2668 ὀξύτητι
2800 2598 2997 2668 καιροῦ
3028 2599 3239 2654 ἰδιώτου
3266 2601 3403 2665 ἐστὶ,
3442 2606 3537 2655 καὶ
3568 2603 3727 2657 ἀπεί-

2130 2703 2222 2755 ρου
2277 2685 2399 2738 λίαν
2448 2687 2557 2739 τῶν
2601 2687 2871 2742 δεόντων·
2926 2692 3023 2743 καὶ
3070 2696 3179 2764 γὰρ
3212 2694 3304 2746 καὶ
3337 2695 3529 2764 χρόνος
3557 2696 3726 2760 πολὺς

2130 2777 2188 2828 ἐν
2223 2775 2300 2846 τῷ
2327 2778 2727 2846 παραγγέλλειν
2756 2780 3185 2852 ἀναλωθήσεται,
3212 2785 3307 2837 καὶ
3331 2785 3560 2856 θόρυϐος
3585 2789 3721 2858 ὁμοῦ

2078 2950 2081 2953 ν
2126 2867 2359 2921 πάντων.
2391 2868 2657 2939 ἀλλήλους
2709 2872 3043 2943 ἐρωτώντων
3069 2915 3084 2937 ,
3134 2876 3275 2948 τάχα
3316 2877 3374 2930 δὲ
3416 2879 3509 2932 καὶ
3552 2881 3580 2932 ό
3626 2880 3724 2949 μὲν

2127 2958 2425 3029 προσθήσει
2472 2977 2525 3013 τι
2571 2961 2735 3017 πλέον
2781 2963 2876 3018 τοῦ
2921 2960 3419 3038 παραγγέλματος,
3466 2972 3494 3024 ό
3538 2971 3593 3025 δὲ
3628 2973 3725 3027 καὶ

2127 3052 2474 3122 παραλείψει.

2202 3166 2345 3237 ρπζῆ
2386 3167 2681 3240 Γνώρισμα
2729 3171 2955 3242 γνησίου
3008 3175 3319 3246 στρατηγοῦ
3365 3177 3462 3230 καὶ
3506 3177 3724 3247 θαυμά-

441 3278 607 3333 posse
641 3262 821 3332 potius
869 3260 1126 3317 celeriter
1156 3260 1341 3330 aliqua
1375 3258 1704 3313 necessitate
1747 3262 2024 3326 premente

2127 3255 2315 3320 ζεσθαι
2342 3257 2492 3323 ἀξίου
2523 3260 2582 3315 τὸ
2607 3262 2707 3331 τῆς
2731 3263 2981 3335 ἀνάγκης
3009 3243 3366 3338 ἐπικειμένης
3390 3269 3555 3335 ὀξέως
3580 3243 3723 3323 νοεῖν

439 3355 570 3427 quid
624 3355 860 3409 maxime
890 3368 1027 3424 opus
1058 3351 1207 3407 facto
1243 3353 1313 3406 sit
1344 3344 1675 3415 deliberare,
1701 3365 1862 3420 quam
1898 3356 2025 3404 ante

440 3450 827 3506 necessitatem
848 3449 1259 3523 contingentem
1290 3447 1357 3502 de
1379 3461 1441 3501 ea
1474 3446 1801 3500 deliberare.
1837 3443 2026 3514 Neque

438 3542 584 3597 enim
618 3541 920 3597 deliberare
948 3551 1074 3594 ante
1109 3547 1289 3609 potest
1324 3539 1449 3611 quis
1481 3539 1549 3593 de
1578 3538 1861 3597 omnibus,
1897 3550 2019 3607 quae

440 3633 565 3688 belli
620 3634 913 3688 imminens
964 3649 1127 3689 casus
1173 3631 1366 3688 afferre
1402 3634 1561 3689 solet.

511 3746 636 3803 188.
680 3746 910 3812 Quando
951 3748 1002 3801 in
1037 3749 1179 3814 acie,
1230 3748 1348 3803 sole
1395 3756 1588 3802 contra
1621 3747 1861 3814 lucente,
1899 3762 2024 3802 cum

441 3836 693 3892 hostibus
745 3836 1108 3894 conﬂicturus
1139 3854 1198 3895 es
1236 3838 1556 3909 priusquam
1594 3839 1840 3910 praelium
1878 3857 2028 3896 com-

443 3930 694 3984 mittatur
737 3930 869 4001 jube
927 3931 1130 3986 milites
1175 3946 1399 3987 sursum
1459 3945 1633 3995 arma,
1682 3932 1861 3987 nudos
1915 3933 2029 4004 gla-

442 4020 584 4085 dios,
615 4020 789 4076 ferrea
823 4030 979 4078 scuta
1019 4030 1072 4077 et
1103 4022 1361 4085 illustria,
1385 4028 1437 4075 et
1463 4021 1744 4078 hastarum
1772 4024 2027 4097 cuspides

443 4114 636 4183 tollere
663 4133 675 4168 :
702 4114 816 4168 hazc
841 4113 984 4169 enim
1015 4115 1058 4170 si
1089 4114 1381 4168 admodum
1415 4114 1676 4185 fulgeant,
1708 4116 1760 4170 in
1788 4115 2026 4185 aliquam

443 4203 911 4271 perturbationem
937 4203 1124 4258 hostes
1150 4203 1473 4272 conjiciunt.
1504 4204 1734 4270 Quando
1761 4220 1890 4259 vero
1913 4205 2026 4273 jam

445 4309 642 4348 manus
672 4305 1030 4351 conserturos
1062 4312 1143 4358 es,
1188 4312 1386 4367 magno
1419 4290 1543 4353 cum
1576 4298 1818 4352 clamore
1849 4299 2027 4362 vocis,

442 4394 494 4437 et
517 4398 798 4442 armorum
837 4392 1028 4439 contra
1064 4385 1253 4441 hostes
1285 4387 1648 4452 contendant,
1676 4387 1858 4459 itaque
1889 4402 2028 4457 prae-

444 4476 579 4530 lium
619 4491 742 4531 cum
786 4477 1034 4533 hostibus
1073 4479 1283 4535 ineant.

505 4677 632 4732 i89.
674 4677 1027 4733 Multitudine
1084 4680 1333 4747 equitum
1393 4679 1649 4735 b'ostibus
1704 4682 1752 4736 si
1800 4681 2030 4736 inferior

444 4769 639 4833 lueris,
686 4785 878 4839 aspera
930 4772 1073 4834 loca,
1111 4780 1166 4827 et
1196 4779 1459 4842 angusta,
1482 4781 1536 4826 et
1581 4782 1834 4829 montosa
1866 4774 2027 4844 elige,

364 4846 367 4847 ν
445 4876 543 4930 per
584 4876 696 4929 qua:
726 4864 845 4917 loca
875 4862 1117 4917 hostium
1147 4864 1274 4933 equi
1311 4864 1502 4932 capias
1535 4871 1749 4919 vestras
1776 4866 2029 4936 persequi

447 4965 724 5021 nequeant
766 4955 918 5010 :hoc
944 4956 1088 5011 enim
1134 4958 1188 5011 in
1241 4956 1501 5011 adversos
1549 4971 1713 5012 casus
1761 4958 2029 5012 intuendo

446 5043 801 5099 considerare
855 5046 1149 5117 diligenter
1199 5047 1498 5117 Oportebit,
1533 5046 1680 5116 quod
1740 5048 2027 5117 prudentis

449 5134 799 5205 imperatoris
843 5139 1082 5215 maxime
1100 5139 1383 5210 proprium
1420 5149 1525 5194 est.

521 5337 646 5392 190.
694 5337 864 5408 Magis
903 5339 1038 5394 utile
1075 5345 1236 5409 putes
1283 5353 1426 5403 esse,
1462 5347 1521 5393 ut
1556 5339 1705 5395 acies
1739 5340 1792 5393 in
1839 5339 2026 5407 praelia

452 5434 559 5483 stet
606 5438 660 5485 et
701 5431 1062 5501 periclitetur,
1106 5445 1269 5500 quam
1306 5437 1365 5484 ut
1413 5430 1585 5501 fugiat
1608 5438 1664 5485 et
1696 5434 2024 5501 exagitetur.

453 5519 589 5577 Nam
639 5522 767 5578 dum
818 5532 946 5590 stat,
970 5523 1198 5578 victoria
1231 5525 1415 5594 potius
1444 5523 1715 5593 speunda
1747 5534 1864 5586 est;
1898 5523 2027 5578 dum

2125 3350 2192 3402 τά
2236 3349 2423 3403 δέοντα
2478 3352 2714 3420 μᾶλλον,
2766 3354 2913 3426 ἢπερ
2957 3356 3018 3409 τὸ
3063 3357 3167 3428 πρὸ
3196 3359 3291 3427 τῆς
3317 3359 3561 3431 ἀνάγκης
3594 3361 3725 3431 περὶ

2126 3440 2330 3494 τούτων
2362 3440 2792 3511 βουλεύσασθαι·
2848 3445 2907 3500 ού
2952 3446 3061 3517 γάρ
3091 3448 3318 3503 δυνατὸν
3354 3448 3725 3521 προϐουλεύε-

2129 3532 2284 3595 σθαι,
2335 3534 2384 3587 εί
2431 3534 2526 3589 καὶ
2573 3535 2642 3589 τὰ
2688 3536 2919 3606 μάλιστα
2950 3539 3116 3607 -δέον,
3171 3541 3272 3593 ὅσα
3308 3541 3494 3612 μέλλει
3527 3546 3725 3617 γεννᾷν

2129 3626 2163 3695 ή
2197 3626 2291 3678 τοῦ
2324 3626 2563 3698 πολέμου
2597 3628 2920 3701 ἐπικειμένη
2952 3630 3298 3700 περίστασις.

2202 3740 2350 3813 ρπη’.
2376 3743 2543 3795 Ὅταν
2560 3744 2615 3795 ἐν
2648 3743 2953 3814 παρατάξει
2984 3745 3239 3815 μάλιστα,
3270 3746 3424 3817 ἡλίου
3449 3749 3724 3817 ἀνταυγά-

2134 3829 2340 3896 ζοντος,
2366 3833 2681 3905 προσϐάλῃς
2705 3833 2812 3905 πρὸ
2843 3835 2936 3889 τοῦ
2972 3837 3360 3908 συμπλακῆναι
3389 3839 3490 3910 τὴν
3519 3839 3717 3910 μάχηνν

2131 3924 2319 3977 κέλευε
2355 3926 2484 3989 τοὺς
2516 3925 2855 3999 στρατιώτας
2884 3926 2996 3981 ἄνω
3023 3928 3167 3999 ἔχειν
3198 3929 3264 3983 τὰ
3291 3931 3431 3983 ὅπλα
3460 3933 3557 3983 καὶ
3582 3931 3722 3989 ἀκά-

2092 4078 2093 4081 ,
2129 4016 2305 4070 λυπτα
2330 4057 2344 4081 ,
2384 4016 2511 4087 ξίφη
2546 4035 2605 4070 τε
2642 4017 2831 4071 καὶτὰ
2858 4019 3056 4090 σιδηρᾶ
3088 4021 3387 4092 σκουτάρια
3417 4021 3719 4087 στίλϐοντα,

2130 4108 2225 4162 καὶ
2259 4110 2368 4163 τῶν
2421 4109 2726 4180 κονταρίων
2760 4110 2857 4173 τὰς
2886 4112 3109 4182 λόγχας.
3142 4110 3329 4176 υῦτως
3355 4113 3464 4183 γὰρ
3491 4114 3723 4185 λαμπρά

2132 4201 2285 4271 παρά
2312 4203 2423 4264 τοῖς
2452 4200 2734 4272 πολεμίοις
2761 4203 3087 4272 φαινόμενα,
3117 4204 3456 4274 κατάπληξιν
3481 4207 3718 4276 ποιήσει.

2132 4290 2302 4349 Ὅταν
2330 4291 2385 4345 δὲ
2420 4293 2499 4355 εἰς
2527 4294 2715 4364 χεῖρας
2759 4293 2861 4363 ήδη
2894 4293 3307 4364 συμπλέκεσθαι
3338 4295 3553 4365 μέλλεις
3583 4297 3720 4365 μετὰ

2130 4383 2451 4454 ἀλαλαγμοῦ
2483 4384 2712 4455 σφοδροῦ
2759 4386 2926 4456 ἤγουν
2965 4386 3207 4457 μεγάλης
3238 4386 3423 4455 φωνῆς
3470 4388 3565 4441 καὶ
3596 4386 3721 4456 δρό-

2135 4494 2236 4549 μου
2273 4476 2652 4539 πατάσσοντας
2684 4476 2753 4530 τά
2781 4477 2920 4529 ὅπλα
2955 4475 3097 4530 οὕτω
3127 4476 3225 4550 τὴν
3252 4479 3560 4550 προσϐολὴν
3583 4478 3721 4549 πρὸς

2053 4591 2100 4647 D
2128 4569 2257 4631 τοὺς
2284 4570 2576 4637 πολεμίους
2607 4568 2974 4639 ἀπάρχεσθαι.
3080 4620 3083 4621 ,

2202 4682 2345 4754 prcO',
2364 4684 2500 4737 Ὑπὸ
2525 4683 2634 4738 τῶν
2659 4684 2936 4753 πολεμίων
2966 4684 3055 4737 διὰ
3080 4683 3285 4754 πλῆθος
3313 4681 3493 4737 αὐτῶν
3515 4680 3720 4735 καϐαλ-

2127 4777 2332 4849 λαρίων
2364 4774 2861 4848 πλεονεκτούμενος
2893 4777 3103 4847 τραχέα
3133 4775 3311 4846 χωρία
3344 4774 3591 4841 ἐκλέγου,
3626 4775 3720 4827 καὶ

2131 4860 2353 4933 στενὰρ
2377 4868 2470 4921 καὶ
2516 4868 2780 4937 παρόρια,
2815 4869 2873 4922 ἐν
2903 4862 2984 4930 οἷς
3014 4869 3075 4922 ού
3106 4867 3335 4922 δυνατὸν
3364 4866 3488 4927 τοὺς
3517 4865 3720 4926 ἵππους

2130 4959 2520 5014 τῶνέναντίων
2540 4959 2767 5014 διώκειν
2811 4960 2955 5014 κατὰ
2999 4959 3262 5029 δύναμιν·
3298 4959 3432 5027 ὅπερ
3461 4957 3555 5011 καὶ
3582 4972 3719 5027 προ-

2134 5054 2363 5106 σκοπεῖν
2391 5052 2532 5123 (59)
2564 5068 2622 5104 σε
2654 5052 2761 5122 χρὴ
2801 5051 2938 5121 πρὸς
2974 5050 3231 5121 δευτέραν
3264 5048 3433 5117 τύχην
3472 5045 3559 5100 ἀεὶ
3595 5044 3718 5116 βλέ-

2134 5160 2306 5199 ποντα
2332 5160 2345 5176 ’
2380 5143 2538 5199 τοῦτο
2586 5144 2694 5214 γάρ
2723 5146 2869 5198 ἐστιν
2915 5144 3207 5214 ὲχέφρονος
3245 5140 3477 5211 μάλιστα
3515 5154 3714 5208 στρατ-

2134 5234 2291 5304 ηγοῦ.

2208 5347 2315 5413 PLU-
2374 5345 2665 5415 Συμφέρον
2698 5344 2899 5416 μᾶλλον
2946 5343 3184 5412 γίνωσκε
3224 5335 3386 5405 εῖναι,
3421 5339 3482 5392 τὸ
3516 5339 3719 5403 ἐνηταῖς

2141 5435 2343 5505 μάχαις
2390 5436 2741 5502 ἐνίστασθαι,
2796 5435 2891 5490 καὶ
2936 5432 3268 5490 κινδυνεύειν
3310 5428 3573 5501 ἀνδρείως
3618 5426 3719 5497 τήν

2138 5528 2448 5597 παράταξιν
2502 5530 2836 5599 μαχομένην,
2887 5527 2922 5598 ἢ
2973 5526 3245 5598 φυγόντας
3280 5522 3603 5579 διώκεσθαι·
3655 5520 3716 5573 ἐν

1945 5704 2177 5762 ΝΟΤΑς.

532 5787 643 5857 (59)
672 5794 1066 5858 Προσκοπεῗν.
1104 5794 1475 5864 Scribebatur,
1510 5798 1823 5866 προκοπήν.
