4120 6438
430 406 571 472 1065

1500 419 1835 481 ΤΑΕΤΙΟΑ.
1871 445 1939 457 -
1971 417 2479 483 CONSTITUTIO
2505 425 2631 485 XX.

3567 418 3709 495 lor-‘6

422 524 533 591 γὰρ
600 523 668 591 τῇ
722 520 970 577 ὲνστάσει
1027 527 1229 596 μᾶλλον
1285 528 1385 599 τὴν
1437 534 1711 602 σωτηρίαν
1764 532 1998 597 ἐλπίζειε.

2117 538 2268 601 terga
2325 535 2508 602 vertit,
2572 550 2639 590 ne
2682 550 2809 607 spes
2871 536 3093 607 quidem
3156 541 3265 595 ulla
3324 541 3534 613 reliqua
3590 562 3709 601 esse

422 612 599 683 χρεὼν
621 653 637 679 ,
685 614 821 667 ἀλλὰ
873 616 947 686 μὴ
992 621 1104 683 τοῖς
1135 620 1351 694 ἐχθροῖς
1382 621 1451 677 τὰ
1479 624 1624 679 νῶτα
1648 624 1886 692 διδόντας
1924 645 2016 682 πι-

425 702 636 757 στεύειν
666 705 725 757 τδ
755 705 1046 771 σώζεσθαι.

495 801 640 866 ρίπαα
676 797 788 867 Τῆς
818 799 1000 870 μάχης
1030 802 1127 856 σὺν
1152 802 1272 873 Θεῴ
1300 804 1399 875 τὴν
1420 804 1579 876 νίκην
1610 823 1693 860 σοι
1717 809 2014 880 χαρισαμέ-

421 906 537 958 νης,
564 883 609 943 ὧ
644 892 915 961 στρατηγέ
934 933 949 959 ,
990 893 1108 948 δέον
1139 913 1197 949 σε
1223 896 1662 968 φιλοφρονεῖσθαι
1698 902 1825 965 τοὺς
1857 918 2015 973 στρα-

420 980 621 1044 τιώτας
649 985 761 1047 τοῖς
787 983 899 1037 τῶν
922 986 1198 1057 πολεμίων
1228 988 1514 1062 λαφύροις,
1547 992 1657 1044 εἴτε
1686 993 1823 1045 ὅπλα
1849 995 2008 1058 εἰσὶν,

421 1071 530 1125 εἴτε
569 1074 758 1140 ἵπποι,
813 1075 921 1128 εἴτε
972 1076 1136 1147 ἕτερά
1173 1097 1295 1134 τινα
1328 1081 1441 1152 εἴδη
1464 1123 1478 1147 ,
1524 1084 1618 1136 καὶ⁵
1652 1085 1886 1156 εὐωχίας
1915 1088 2012 1141 καὶ

420 1165 699 1235 τραπέζας
742 1168 927 1232 αὐτοῖς
973 1174 1445 1241 παρασκευάζειν,
1498 1178 1749 1242 καὶτοὺς
1782 1180 1882 1249 μὲν
1911 1180 2009 1234 ἀν-

420 1258 615 1328 δρείως
659 1260 1107 1334 ἀγωνισαμένους
1148 1266 1291 1320 κατὰ
1319 1270 1470 1333 τάξιν
1513 1271 1878 1343 προϐιϐάσαι,
1914 1274 2010 1327 καὶ

419 1347 615 1414 δώροις
644 1355 897 1422 τιμῆσαι.
932 1355 1071 1419 Τοὺς
1098 1356 1154 1410 δὲ
1184 1357 1391 1423 δειλοὺς
1422 1361 1519 1414 καὶ
1544 1362 1854 1433 ἀχρήστους
1877 1366 2009 1419 ἀνα-

418 1443 720 1509 φανέντας,
755 1444 788 1516 ἢ
818 1445 1165 1513 λειποταξίας
1194 1454 1595 1522 πεποιηκότας,
1627 1456 1755 1519 τοὺς
1787 1458 1885 1528 μὲν
1912 1458 2010 1512 κό-

416 1532 546 1599 λαζε
580 1535 827 1602 δεόντως,
862 1540 990 1602 τοὺς
1015 1541 1070 1593 δὲ
1098 1543 1323 1609 ὀνείδιζε
1359 1546 1555 1619 μέχρις
1580 1549 1866 1621 αἰσχύνης.
1897 1550 2007 1604 Οὕ-

416 1643 525 1689 τως
553 1627 659 1697 γὰρ
694 1630 790 1683 καὶ
819 1632 945 1696 τοὺς
971 1632 1181 1698 δειλοὺς
1205 1637 1547 1709 ἀναρῤώσεις
1578 1641 1673 1693 καὶ
1717 1642 2004 1712 διεγερεῖς,

415 1716 512 1769 καὶ
560 1716 689 1780 τοὺς
770 1720 1047 1792 ἀνδρείους
1096 1724 1521 1799 εὐτολμοτέρους
1580 1730 1674 1782 καὶ
1719 1730 2007 1801 εὐθαρσεῖς

417 1808 554 1879 πρὸς
582 1810 678 1873 τὰς
708 1812 971 1877 ἐπιούσας
1004 1816 1184 1886 μάχας
1214 1821 1681 1889 παρασκευάσεις.

489 1897 628 1968 ριιβκ
674 1901 842 1957 ηοταν
891 1876 1035 1959 κατά
1075 1876 1350 1977 πολεμίών
1392 1876 1655 1982 τρόπαιον
1700 1916 1928 1987 στήσῃς,
1962 1909 2008 1971 ὦ
2038 1876 2083 1932 Β

417 1991 691 2059 στρατηγὲ
712 2031 727 2056 ,
783 1994 905 2047 τότε
954 2000 1099 2050 κατὰ
1134 2000 1259 2063 τοὺς
1290 2002 1392 2071 ήδη
1428 2004 1573 2075 παρά
1602 2007 1698 2077 τῆς
1730 2007 2009 2078 βασιλείας

410 2081 668 2146 τεθέντας
696 2086 895 2156 νόμους
920 2088 1049 2155 τῶν,
1077 2091 1151 2154 ὡς
1175 2084 1343 2161 εἰκὸς,
1368 2095 1772 2169 εὑρισκομένων
1796 2101 2009 2154 σκύλων

411 2175 503 2226 τὸν
543 2176 907 2248 διαμερισμὸν
950 2180 1125 2245 οὕτως
1163 2184 1416 2255 ποιήσεις
1442 2228 1455 2252 ,
1492 2188 1633 2243 ὥστε
1663 2190 1724 2243 τὸ
1753 2192 2007 2262 πέμπτον

414 2263 578 2334 μέρος
609 2267 875 2341 άφορὶσῃς
903 2271 981 2340 τῷ
1010 2274 1167 2344 μέρει
1214 2276 1306 2330 τοῦ
1332 2278 1616 2349 δημοσίου,
1648 2282 1709 2335 τὺ
1732 2283 1788 2336 δὲ
1817 2283 2006 2340 λοιπὸν

410 2356 470 2420 ἐξ
498 2357 619 2427 ίσης
649 2361 864 2431 μοίρας.
899 2363 968 2417 Οἵ
991 2383 1046 2418 τε
1076 2368 1339 2438 ἄρχοντες
1370 2373 1464 2424 καὶ
1496 2375 1543 2425 oi
1574 2374 1869 2445 ἀρχόμενοι
1904 2395 2004 2448 με-

412 2450 780 2518 ριζέσθωσαν,
838 2457 1074 2527 ἐπείπερ
1124 2462 1341 2526 κοινοὺς
1397 2466 1656 2527 καὶτοὺς
1686 2468 1909 2537 ἀγῶνας
1945 2472 2003 2524 ὲν

407 2546 522 2607 τοῖς
574 2546 840 2611 κινδύνοις
895 2552 1267 2620 ἀναδέχονται.
1319 2555 1382 2608 Εἰ
1417 2557 1475 2610 δέ
1520 2576 1666 2624 τινες
1702 2563 2003 2632 εὑρεθῶσιν

407 2636 471 2686 ὲκ
520 2637 630 2689 τῶν
669 2641 978 2709 ἀρχόντων,
1019 2644 1050 2716 ἦ
1086 2648 1390 2718 προμάχων
1422 2650 1520 2720 τῆς
1550 2654 1933 2723 παρατάξεως,
1967 2657 2001 2728 ἦ

405 2742 491 2788 τις
524 2728 710 2798 ἕτερος
750 2733 857 2784 τῶν
892 2740 1244 2803 στρατιωτῶν
1285 2741 1559 2812 διαφόρως
1589 2745 1998 2816 ἀνδρισάμενοι,

405 2816 529 2868 τότε
576 2818 639 2871 ὲκ
675 2819 767 2872 τοῦ
808 2823 1099 2892 εἰρημένου
1145 2829 1346 2898 μέρους
1383 2830 1476 2885 τοῦ
1514 2833 1775 2904 δημοσίου
1814 2839 2000 2891 ἄδειαν

407 2908 551 2973 ἕξεις
577 2911 978 2983 φιλοτιμεῖσθαι
1008 2919 1205 2984 αὐτοὺς
1231 2922 1317 2989 ἐφ’
1342 2924 1467 2977 ὅσον
1496 2927 1527 2995 ή
1554 2927 1714 2996 χρεία
1729 2928 1823 2982 καὶ
1847 2931 1908 2983 τὸ
1928 2930 2001 2984 δί-

406 3019 566 3055 καιον
599 3006 843 3060 ἀπαιτεῖ·
880 3008 1024 3063 κατὰ
1048 3011 1102 3064 δὲ
1121 3012 1217 3082 τὴν
1238 3016 1434 3085 μερίδα
1462 3017 1556 3070 τού
1589 3021 1645 3071 ὲν
1675 3020 1753 3090 τῷ
1778 3023 1999 3094 πολέμῳ

405 3092 796 3166 εὑρισκομένου
846 3101 941 3153 καὶ
986 3103 1036 3156 οἱ
1082 3105 1140 3157 ὲν
1179 3105 1257 3177 τῷ
1292 3107 1498 3180 τούλδῳ
1543 3092 1997 3185 καταλειπόμενοι

404 3185 666 3256 λήψονται
699 3192 961 3259 φύλακες.

478 3284 624 3350 ρίτγκ
661 3283 905 3372 Στρατοῦ
936 3288 1248 3357 συμμίκτου
1281 3291 1463 3356 πεζῶν
1493 3296 1582 3348 καὶ
1610 3297 1996 3372 καὸαλλαρίων

406 3372 715 3439 παράταξις
765 3371 877 3430 οἷον
926 3377 1136 3449 θώρακι
1183 3380 1405 3448 ἔοικεν,
1465 3385 1587 3439 ἀντὶ
1641 3388 1741 3459 μὲν
1794 3371 1994 3462 χειρῶν

403 3463 605 3533 ἔχουσα
655 3468 783 3532 τοὺς
828 3468 1018 3539 ψιλοὺς
1066 3472 1236 3542 ήγουν
1272 3475 1493 3542 τοξότας
1538 3481 1634 3533 καὶ
1669 3484 1992 3552 ἀκοντιστάς

404 3557 499 3610 καὶ
532 3560 926 3632 σφενδονήτας,
964 3565 1087 3617 ἀντὶ
1116 3566 1172 3618 δὲ
1206 3569 1384 3623 ποδῶν
1414 3572 1541 3636 τοὺς
1571 3576 1989 3647 καὸαλλαρίους,

403 3651 524 3703 ἀντὶ
558 3653 614 3706 δὲ
650 3654 894 3723 κεφαλῆς
928 3658 986 3709 ὲν
1033 3658 1185 3730 μέσῳ
1215 3662 1325 3715 τῶν
1359 3666 1559 3736 χειρῶν
1588 3668 1648 3721 σὲ
1675 3669 1767 3723 τὸν
1795 3688 1991 3744 στρατ-

403 3744 559 3811 ηγόν.
620 3746 764 3799 Ἀντὶ
816 3749 872 3801 δὲ
936 3748 1030 3801 τοῦ
1071 3751 1230 3806 ἄλλου
1285 3755 1537 3827 σώματος
1591 3763 1719 3826 τοὺς
1764 3764 2021 3832 ὁπλίτας

403 3838 577 3908 ’ήγουν
605 3842 732 3905 τοὺς
766 3846 1113 3910 σκουτάτους,
1148 3849 1273 3911 τοὺς
1308 3851 1403 3903 καὶ
1431 3850 1530 3923 τὴν
1554 3856 1859 3912 πανοπλίαν
1890 3879 1988 3930 φοο

405 3932 651 4001 ροῢντας.
682 3936 781 3988 Διά
804 3937 960 3991 τοῦτο
985 3941 1041 3992 ὲν
1069 3944 1201 3996 πᾶσι
1242 3949 1531 4025 χρεωστεζς
1563 3948 1657 4002 καὶ
1680 3953 1839 4017 αὐτὸς
1860 3974 1991 4026 προ.

316 4034 325 4045 ·
402 4028 541 4078 νοεῖν
586 4029 683 4098 τῆς
714 4030 907 4083 ἑαυτοῦ
938 4033 1239 4103 ἀσφαλείας
1284 4038 1377 4092 καὶ
1408 4041 1503 4094 τοῦ
1538 4046 1768 4114 στρατοῦ
1799 4048 1988 4121 ὥσπερ

400 4119 635 4189 κεφαλὴ,
672 4122 913 4176 κάκεῖνοι
942 4125 1042 4195 τῆς
1073 4126 1174 4193 σῆς
1202 4127 1448 4199 φυλακῆς
1479 4132 1574 4185 καὶ
1600 4136 1894 4206 σωτηρίας.

476 4212 611 4279 ριιδν.
650 4213 759 4267 Καὶ
788 4215 962 4270 ταῦτα
986 4217 1042 4271 δὲ
1069 4219 1304 4290 χρειώδη
1333 4223 1391 4273 ἐν
1415 4225 1593 4294 καιρῷ
1618 4227 1815 4289 αὐτῶν,
1844 4229 1984 4285 ὥστε

398 4305 497 4360 ἐὰν
550 4308 779 4378 στρατὸν
828 4309 966 4380 ἔχων
1029 4311 1248 4366 πλείονα
1296 4312 1461 4388 βούλῃ
1500 4319 1663 4373 αὑτὸν
1735 4321 1824 4374 διά
1866 4342 1985 4378 τινα

398 4402 589 4471 χρείαν
617 4403 796 4472 ὀλίγον
827 4406 1105 4471 ὑποδεῖξαι
1135 4410 1247 4471 τοῖς
1270 4408 1574 4481 πολεμίοις,
1601 4419 1984 4491 κοινοποιήσῃς

397 4494 467 4547 τὰ
516 4496 924 4567 κοντουὸἑρνια,
962 4498 1057 4551 καὶ¹
1092 4499 1171 4563 είς
1206 4499 1335 4568 μίαν
1363 4503 1655 4572 καμάρδαν
1679 4504 1984 4580 λεγομένην

2122 632 2324 694 potest.

2189 807 2311 864 191.
2337 809 2448 866 Deo
2471 810 2566 866 tibi
2593 811 2877 868 victoriam
2905 814 3194 883 largiente,
3219 815 3464 872 hostium
3490 819 3706 888 spoliis,

2117 900 2232 957 sive
2274 904 2402 974 equi
2454 904 2570 960 sive
2616 920 2765 960 arma
2824 908 2955 971 sint,
3015 917 3111 962 aut
3159 909 3265 963 alia
3308 911 3429 980 ejus
3466 914 3704 982 generis,

2116 996 2320 1051 milites
2372 999 2701 1053 munerandi
2758 1008 2909 1064 sunt,
2976 1008 3031 1055 et
3091 1001 3363 1057 conviviis
3416 1005 3706 1075 epulisque

2113 1089 2466 1158 accipiendi:
2517 1090 2685 1161 iique,
2726 1093 2818 1162 qui
2869 1102 3095 1148 strenue
3147 1109 3207 1148 se
3243 1104 3556 1166 gesserunt,
3606 1113 3706 1168 pro

2113 1177 2381 1251 dignitate
2429 1198 2529 1237 sua
2582 1186 2942 1255 provehendi,
2993 1196 3048 1243 et
3089 1188 3254 1244 donis
3300 1190 3701 1245 cobonestandi

2112 1282 2243 1327 sunt
2280 1293 2293 1328 :
2333 1275 2508 1330 timidi
2543 1287 2725 1331 autem
2757 1286 2812 1331 et
2848 1278 3025 1345 ignavi
3066 1287 3118 1333 et
3149 1280 3321 1334 aciem
3358 1281 3701 1345 deserentes,

2114 1365 2198 1420 vel
2249 1368 2401 1436 gravi
2456 1382 2616 1437 pmna
2649 1370 2964 1438 coercendi,
2996 1372 3080 1425 vel
3132 1387 3347 1430 summa
3393 1388 3512 1426 cum
3543 1372 3702 1448 igno-

2111 1460 2280 1513 minia
2316 1462 2636 1530 repellendi.
2682 1464 2862 1533 Atque
2908 1464 3046 1519 adeo
3080 1463 3287 1521 fractos
3319 1467 3504 1521 animo
3536 1474 3701 1536 atque

2110 1550 2429 1607 debilitatos
2496 1554 2674 1625 eriges
2730 1564 2785 1609 et.
2832 1555 3127 1621 excitabis,
3182 1558 3352 1611 fortes
3404 1567 3583 1612 autem
3639 1565 3693 1613 et

2111 1651 2370 1700 strenuos
2414 1645 2479 1700 ad
2527 1646 2817 1702 subeunda
2853 1648 3101 1718 pericula
3154 1649 3448 1704 animabis.

2187 1916 2308 1971 192.
2346 1915 2578 1983 Quando
2609 1917 2677 1973 de
2709 1918 2966 1974 hostibus
3016 1925 3281 1988 tropaeum
3337 1920 3596 1987 collocas,
3630 1937 3696 1975 ex

2114 2010 2323 2081 legibus
2371 2013 2577 2067 nostris
2609 2012 2784 2082 spolia
2831 2011 2900 2065 ad
2930 2012 3075 2067 hunc
3114 2011 3335 2065 modum
3372 2012 3696 2068 distribues.

2110 2103 2366 2170 Quintam
2408 2112 2616 2174 partem
2673 2119 2773 2175 pro
2818 2106 3099 2159 communi
3134 2107 3331 2159 aerario
3373 2106 3693 2175 separabis:

2110 2198 2335 2268 reliqum
2356 2207 2592 2269 quatuor
2615 2205 2796 2268 partes
2834 2198 2976 2253 inter
3002 2200 3288 2268 praefectos
3316 2208 3369 2253 et
3392 2201 3693 2267 subjectos.

2109 2292 2369 2361 quoniam
2419 2292 2661 2362 aequales
2715 2292 2935 2349 labores
2988 2294 3040 2346 in
3094 2294 3237 2347 bello
3286 2302 3570 2363 ceperunt,
3628 2312 3693 2351 ex

2107 2401 2264 2455 aequo
2298 2386 2632 2439 dividantur.
2666 2386 2821 2451 Quod
2856 2388 2902 2441 si
2934 2388 3155 2456 quidam
3185 2403 3249 2441 ex
3288 2388 3561 2457 praefectis
3602 2397 3698 2444 ant

2108 2476 2464 2547 praestitibus,
2508 2485 2600 2530 aut
2632 2478 2775 2533 alius
2837 2478 2963 2547 quis
3025 2494 3088 2534 ex
3143 2480 3413 2535 militibus
3472 2488 3698 2537 strenue

2108 2578 2306 2639 prarter
2350 2578 2576 2625 caeteros
2612 2585 2671 2625 se
2716 2571 2949 2639 gesserit
2981 2570 3034 2623 in
3065 2572 3273 2640 przelio,
3308 2580 3421 2625 tum
3486 2588 3551 2627 ex
3596 2572 3698 2627 bac

2106 2674 2282 2731 parte,
2318 2677 2440 2731 quze
2487 2645 2766 2715 communi
2805 2663 3001 2716 aerario
3050 2664 3333 2727 tribuitur,
3389 2680 3582 2719 secure
3617 2665 3695 2719 illi

2105 2751 2323 2821 aliquod
2356 2767 2554 2807 munus
2595 2751 2768 2815 defer,
2807 2754 2954 2821 quod
3001 2751 3215 2821 justum
3245 2753 3339 2806 tibi
3371 2769 3696 2823 (equumque

2104 2842 2405 2895 videbitur.
2462 2842 2712 2896 Similem
2745 2843 2908 2897 etiam
2942 2845 3035 2912 qui
3073 2844 3142 2898 ad
3178 2845 3563 2913 impedimenta
3598 2862 3668 2900 cu

2104 2933 2390 2987 stodienda
2438 2934 2677 3002 separati
2704 2942 2834 2987 sunt
2874 2936 3181 3005 portionem
3230 2937 3488 3006 habeant,
3523 2955 3586 2997 ac
3617 2940 3693 2996 illi

2102 3025 2195 3095 qui
2244 3025 2296 3078 in
2351 3026 2559 3096 reliqua
2616 3026 2814 3082 militia
2879 3027 3122 3084 fuerunt.

2181 3298 2300 3353 l95.
2344 3298 2634 3356 Exercitus
2687 3315 2751 3355 ex
2803 3300 3047 3371 equitatu
3092 3309 3147 3358 et
3200 3302 3441 3373 peditatu
3493 3305 3690 3363 mistus

2102 3392 2323 3463 corpori
2366 3393 2565 3448 similis
2605 3404 2709 3459 est,
2748 3393 2842 3463 qui
2880 3409 3142 3448 manuum
3171 3395 3291 3451 vice
3320 3396 3484 3451 habet
3518 3398 3687 3463 leves,

2104 3486 2154 3541 id
2202 3493 2306 3550 est,
2351 3486 2687 3555 sagittarios,
2735 3487 3094 3557 jaculatores,
3132 3496 3185 3543 et
3219 3488 3547 3546 funditores.
3582 3492 3689 3547 Pe-

2101 3576 2229 3629 dum
2270 3575 2467 3639 instar,
2514 3578 2751 3645 equites.
2806 3576 3016 3647 Capitis
3058 3587 3263 3646 autem,
3309 3587 3382 3644 te,
3424 3581 3515 3650 qui
3550 3597 3689 3650 prte-

2100 3667 2296 3736 cipuus
2342 3683 2407 3722 ex
2456 3668 2712 3723 omnibus
2754 3684 2835 3725 es.
2889 3668 3248 3740 Reliquorum
3303 3674 3679 3728 membrorum

2100 3759 2293 3820 instar,
2345 3771 2564 3827 graves,
2605 3757 2657 3812 id
2700 3766 2807 3824 est,
2859 3767 3131 3825 scutatos,
3165 3760 3258 3830 qui
3298 3762 3561 3832 integram
3596 3778 3687 3817 ar-

2100 3858 2369 3903 maturam
2403 3859 2638 3919 gestant.
2669 3850 2967 3921 ltaque,tu,
3009 3852 3166 3921 quasi
3198 3865 3383 3922 caput,
3429 3868 3684 3923 magnam

2099 3955 2287 3995 curam
2347 3941 2551 3996 habere
2601 3942 2792 4006 debes,
2845 3954 2958 3997 tttm
2998 3944 3075 3997 tui
3109 3944 3303 4012 ipsius,
3342 3952 3455 3998 tum
3514 3947 3683 4002 totius

2099 4035 2263 4088 etiam
2290 4036 2538 4104 corporis
2574 4053 2586 4089 :
2623 4035 2811 4105 illique
2851 4035 3110 4091 similiter
3143 4046 3257 4091 tum
3296 4038 3395 4105 tui,
3436 4046 3550 4093 tum
3588 4038 3678 4094 sui

2098 4130 2346 4200 ipsorum
2389 4146 2610 4200 quoque
2661 4146 2851 4184 curam
2907 4140 3123 4202 gerant.

2170 4224 2289 4280 194.
2334 4223 2478 4281 Utile
2518 4234 2698 4280 autem
2746 4226 2851 4280 hoc
2904 4225 2957 4279 in
3022 4226 3216 4296 primis
3276 4226 3419 4282 bello
3463 4236 3569 4293 est,
3634 4228 3678 4283 si

2094 4318 2398 4372 exercitum
2452 4333 2711 4387 maguum
2750 4319 2917 4374 certis
2953 4319 3019 4373 de
3050 4320 3233 4373 causis
3292 4320 3558 4376 minorem
3603 4321 3682 4376 vi»

2094 4409 2214 4465 deri
2266 4413 2445 4482 cupis,
2480 4421 2539 4465 ut
2569 4414 2930 4468 contubernia
2972 4415 3118 4469 inter
3159 4430 3217 4470 se
3250 4414 3475 4486 jungas,
3530 4426 3582 4471 et
3625 4418 3679 4471 in

2095 4518 2261 4556 ttnam
2316 4503 2655 4569 camardam,
2688 4520 2852 4575 quam
2888 4514 3107 4569 vocant,
3163 4508 3273 4560 duo
3316 4508 3679 4562 contubernia

398 4586 650 4655 ποιήσεις
680 4587 1079 4657 ἀναπαύεσθαι,
1108 4591 1203 4644 καὶ
1231 4591 1302 4645 τὰ
1325 4593 1463 4648 ὅπλα
1490 4595 1547 4648 δὲ
1575 4598 1854 4669 ἐπάλληλα
1875 4577 1985 4655 θεί-

2101 4593 2370 4660 conferas,
2420 4603 2473 4648 et
2530 4609 2681 4648 arma
2738 4611 2906 4666 prope
2948 4597 3091 4651 inter
3154 4611 3212 4651 se
3283 4598 3409 4666 poni
3458 4597 3674 4666 jubeas.
3720 4673 3725 4677 _

399 4693 487 4731 ναι
537 4679 839 4745 κελεύσεις.
889 4680 1060 4737 Ὅταν
1088 4684 1145 4738 δὲ
1174 4684 1356 4754 ὀλίγον
1380 4685 1511 4759 ἔχῃς
1540 4692 1799 4762 στρατὸν,
1834 4695 1896 4748 τὸ
1926 4696 1985 4748 ἓν

398 4771 807 4843 κοντουδέρνιον
829 4772 1166 4846 διαμερίσεις
1196 4776 1395 4842 εἰς’δύο
1420 4780 1453 4851 ἣ
1478 4783 1573 4834 καὶ
1599 4784 1816 4839 πλείονα
1839 4762 1983 4842 κατὰ

399 4863 742 4933 στρατιώτην
771 4903 786 4927 ,
841 4867 938 4919 καὶ
987 4867 1161 4932 οὕτως
1210 4870 1415 4941 πλῆθος
1463 4875 1742 4942 φανεῖται,
1782 4879 1867 4931 ἵνα
1903 4880 1977 4950 μὴ

397 4951 486 5005 διὰ
532 4953 632 5023 τὴν
679 4955 971 5025 ὀλιγότητα
1019 4961 1494 5033 καταφρονηθεὶς,
1549 4966 1758 5038 ταχέως
1790 4970 1845 5023 δὲ
1891 4968 1985 5024 τοῦ

397 5042 662 5098 άπλίκτου
699 5047 995 5116 μεταστὰς,
1029 5051 1109 5112 εἰς
1133 5051 1219 5104 ἒτε
1231 5070 1320 5122 ρον
1350 5054 1652 5130 ἀπελεύσῃ·
1688 5062 1782 5113 καὶ
1810 5061 1984 5127 οὕτως

396 5137 523 5200 τοὺς
551 5138 848 5208 πολεμίους
878 5141 1212 5211 καταμαθὼν
1243 5147 1333 5198 τὸν
1360 5147 1596 5218 πόλεμον
1628 5152 1895 5225 συνάψῃς.

469 5321 604 5389 ριιέ.
624 5317 756 5373 ’Λπὺ
779 5319 888 5373 τῶν
912 5321 1315 5393 πεπλασμένως
1339 5330 1639 5399 γινομένων
1661 5334 1783 5387 κατ’
1800 5334 1983 5391 αὐτῶν

398 5409 716 5479 προσὸολῶν
764 5412 814 5464 οἱ
853 5412 1188 5483 στρατιῶται
1230 5415 1534 5487 ἐθιζόμενοι
1566 5422 1979 5498 ἁκατάπληκτοι

395 5501 637 5568 γίνονται
672 5504 811 5574 πρὸς
835 5504 905 5559 τὰ
927 5505 1139 5577 ἀληθῆ,
1181 5502 1293 5561 οἷον
1324 5508 1745 5583 ψευδοδοηθείας
1781 5518 1981 5589 μέρους

394 5593 538 5656 τινος
567 5595 896 5669 ἐπελθούσης
927 5598 1067 5654 κατὰ
1096 5600 1281 5672 ἐτέρου
1309 5603 1471 5656 πάλιν
1504 5605 1979 5679 ψευδοπροδοσίας,

395 5684 428 5753 ἤ
463 5684 1003 5759 ψευδοεγκρύμματα
1026 5732 1041 5756 ,
1099 5693 1131 5763 ἢ
1166 5692 1556 5763 ψευδοκτύπων
1596 5698 1688 5751 καὶ
1721 5699 1898 5769 ῆχων,
1942 5703 1975 5777 ἢ

392 5774 896 5847 ψευδοαυτομόλων,
933 5780 966 5849 ἢ
998 5780 1391 5851 ψευδοεφόδων·
1424 5784 1597 5850 οὕτως
1624 5786 1733 5858 γὰρ
1760 5774 1978 5862 ὲθισθήέ

398 5883 602 5933 σονται,
641 5871 733 5922 καὶ
764 5872 865 5925 οὐκ
889 5874 1331 5947 ἐκπλαγήσονται
1359 5877 1618 5951 ἐξαίφνης
1648 5882 1851 5938 τούτων
1883 5886 1976 5939 καὶ

397 5959 610 6032 ἀληθῶς
636 5963 951 6035 γινομένων.

2092 4685 2326 4752 Quando
2389 4702 2618 4756 parvttm
2669 4687 2839 4743 babes
2892 4690 3221 4751 exercitum,
3266 4704 3433 4741 unum
3477 4697 3676 4744 contus

2090 4778 2342 4832 bernium
2398 4780 2448 4833 in
2498 4780 2609 4835 duo
2653 4780 2887 4846 divides,
2925 4789 3021 4835 aut
3061 4781 3226 4835 etiam
3282 4781 3459 4850 plura,
3503 4783 3546 4837 si
3600 4784 3673 4838 ita

2088 4882 2223 4924 usus
2283 4868 2443 4935 ferat,
2482 4880 2647 4941 atque
2696 4871 2833 4926 adeo
2888 4872 3064 4941 major
3123 4889 3389 4930 numerus
3419 4892 3541 4931 esse
3592 4880 3675 4933 vi~

2091 4962 2329 5025 deberis,
2365 4971 2424 5017 ut
2463 4979 2530 5018 nc
2559 4970 2783 5033 propter
2817 4964 3150 5033 paucitatem
3198 4971 3535 5038 contemptui
3578 4970 3677 5023 bo-

2091 5055 2270 5110 stibus
2309 5057 2407 5110 sis.
2456 5055 2724 5111 Celeriter
2756 5062 2936 5109 autem
2974 5056 3043 5110 ab
3087 5072 3198 5112 uno
3246 5058 3369 5115 loco
3420 5063 3474 5114 in
3503 5063 3671 5115 alium

2090 5158 2272 5203 castra
2332 5148 2598 5213 movebis,
2632 5159 2691 5202 ut
2748 5147 2989 5203 hostium
3039 5150 3149 5203 vim
3206 5152 3280 5205 ita
3329 5167 3671 5225 cognoscens

2089 5254 2213 5294 cum
2271 5240 2379 5295 illis
2418 5240 2610 5309 przelio
2654 5238 2906 5298 dimices.

2161 5332 2281 5387 195.
2316 5330 2484 5386 Fictis
2513 5343 2566 5386 et
2597 5332 2872 5390 simulatis
2909 5333 3309 5405 irruptionibus
3345 5335 3545 5393 milites
3577 5353 3670 5394 as-

2088 5424 2344 5489 suefacti,
2396 5424 2612 5480 facilius
2652 5433 2707 5480 et
2742 5425 3022 5483 strenuius
3081 5442 3238 5483 veras
3282 5428 3667 5497 sustinebunt;

2090 5524 2148 5572 ut
2199 5515 2441 5587 praesidii
2498 5523 2654 5585 parte
2705 5513 2874 5570 altera
2951 5525 3142 5570 contra
3199 5518 3424 5572 alteram
3485 5517 3667 5574 dedita

2088 5624 2117 5664 a
2165 5608 2325 5665 nobis
2362 5622 2525 5679 opera
2553 5608 2886 5681 constituta,
2929 5616 3023 5662 aut
3055 5608 3387 5678 proditione,
3424 5610 3696 5683 insidiis,_

2086 5700 2440 5767 clamoribus,
2495 5701 2753 5771 strepitu,
2790 5698 3112 5771 transfugis,
3144 5700 3576 5768 incursionibus,
3611 5710 3668 5759 et

2088 5792 2210 5847 aliis
2238 5791 2549 5862 huiusmodi
2578 5791 2851 5849 simulatis
2877 5802 2931 5847 et
2958 5791 3099 5847 ﬁctis
3120 5792 3432 5857 exercitati,
3456 5806 3486 5847 τι
3520 5795 3666 5850 veris

2085 5885 2505 5951 certaminibus,
2562 5883 2609 5941 si
2667 5882 2887 5954 quando
2931 5883 3199 5951 incidant,
3258 5901 3367 5941 non
3400 5882 3666 5941 abhorre-

2081 5977 2236 6034 bunt.
