4120 6448
436 408 572 477 1067

432 612 615 687 ‘putari
668 612 845 667 debet.
882 609 1112 675 Quando
1165 605 1232 660 ad
1268 606 1384 659 loca
1437 619 1669 658 arenosa
1695 611 1750 658 et
1784 603 2011 657 minime

436 720 695 781 portuosa
748 705 978 759 classem
1052 711 1201 756 tuam
1260 698 1473 753 navalis
1542 697 1713 768 praalii
1762 705 2012 766 tempore

434 802 808 873 applicaturus
861 812 942 860 es,
981 808 1173 849 saccos
1222 792 1420 845 multos
1471 805 1637 844 arena
1686 789 2010 858 complehis,

432 905 485 949 et
529 893 749 947 funibus
778 904 874 943 eos
904 898 1039 957 quot
1071 885 1207 941 satis
1243 898 1365 937 esse
1395 881 1731 941 videbuntur
1787 897 1851 935 ex
1884 894 2015 934 una-

431 990 649 1054 quaque
705 981 915 1035 triremi
956 976 1300 1050 propendere
1352 974 1586 1039 faciens,
1618 974 1781 1045 quasi
1825 974 2017 1029 ferrea:

432 1079 683 1134 anchorae
740 1081 947 1139 essent,
981 1081 1034 1127 et
1085 1072 1176 1126 ubi
1226 1071 1374 1128 hunc
1418 1069 1572 1139 quasi
1625 1076 1842 1135 portum
1911 1067 2014 1121 tihi

432 1169 756 1234 confeceris,
812 1183 875 1227 ex
914 1181 979 1221 eo
1010 1166 1132 1220 loco
1191 1172 1356 1218 noctu
1398 1175 1747 1231 progressus,
1803 1160 2020 1215 consu-

435 1270 607 1316 tutam
644 1236 1018 1313 incursionem
1058 1255 1239 1309 facere
1286 1253 1515 1323 poteris.

504 1352 627 1407 197.
687 1351 828 1404 Loca
885 1350 1031 1406 sicca
1064 1356 1226 1416 atque
1255 1345 1403 1401 arida
1438 1348 1794 1411 transiturus,
1823 1357 2019 1412 aquam

434 1454 694 1512 quantam
728 1450 881 1510 potes
914 1449 1096 1493 tecum
1157 1436 1368 1508 perfer;
1406 1448 1679 1503 noctuque
1717 1451 1746 1489 a
1784 1447 2015 1503 vespera

436 1536 503 1589 ad
556 1549 713 1589 mane
763 1533 866 1591 iter
922 1530 1110 1596 facito,
1152 1530 1297 1585 diem
1347 1536 1537 1587 autem
1602 1537 1772 1581 totum
1831 1538 2023 1605 somno

439 1628 777 1699 requietique
839 1626 969 1693 dato
1023 1643 1036 1678 :
1074 1624 1146 1678 ita
1202 1624 1311 1687 liet,
1348 1631 1409 1676 ut
1456 1622 1639 1675 minus
1672 1620 1918 1687 iumenta
1950 1616 2024 1672 si-

439 1723 599 1783 tiant,
647 1730 700 1775 et
749 1720 885 1775 satis
941 1716 1140 1772 idonea
1200 1716 1298 1770 tibi
1356 1730 1511 1785 aqua:
1557 1713 1714 1784 copia
1764 1712 1857 1767 sit.

510 1905 632 1962 198.
677 1903 954 1974 Auspiciis
992 1901 1265 1959 exercitus
1291 1900 1421 1955 olim
1464 1898 1791 1968 creterisque
1828 1895 2021 1964 unjus-

440 1999 586 2053 modi
627 1994 1062 2051 divinationibus
1094 1994 1336 2052 animum
1382 2000 1439 2048 et
1476 1992 1634 2046 fidem
1684 1989 2019 2044 adhibebat:

442 2099 784 2146 sternutante
817 2096 998 2145 autem
1031 2086 1291 2157 quodam,
1330 2084 1531 2140 milites
1567 2082 1752 2139 statim
1779 2080 2023 2136 demisso

442 2182 627 2237 animo
656 2189 848 2246 erant,
885 2179 1041 2250 quasi
1088 2178 1230 2233 malo
1273 2177 1460 2231 omine
1494 2176 1731 2245 quodam
1765 2173 2021 2241 obiecto;

440 2274 586 2343 quod
638 2274 940 2343 imperator
981 2270 1428 2330 animadvertens
1461 2284 1476 2322 :
1516 2268 1737 2320 Minime
1782 2264 1981 2318 mirum
2006 2299 2021 2324 ,

442 2366 640 2436 ἰιιιμιίι,
666 2374 772 2426 est,
806 2365 852 2425 si
884 2381 950 2420 ex
982 2371 1062 2417 tot
1095 2360 1592 2417 circumstantibus
1629 2373 1770 2411 unus
1804 2364 2024 2412 sternu—

442 2467 538 2512 tet.
575 2454 688 2511 Hoc
717 2456 924 2510 dictum
955 2468 1081 2509 cum
1119 2452 1233 2507 risu
1263 2466 1454 2519 omnes
1476 2455 1835 2518 exceperunt.
1862 2445 2026 2501 Risus

445 2555 625 2600 autem
662 2547 905 2606 victoria:
941 2546 1158 2615 signum
1191 2553 1296 2599 est.
1335 2543 1526 2610 itaque
1572 2540 1812 2610 prudens
1856 2539 2029 2607 impc-

444 2648 595 2694 rator
625 2639 730 2694 hoc
772 2653 931 2693 omen
981 2647 1346 2700 convertens,
1385 2635 1617 2699 militum
1658 2632 1870 2699 animos
1915 2644 2030 2699 ma-

446 2747 688 2799 gnopere
720 2731 1002 2793 excitavit.

517 2822 640 2877 l99.
682 2819 818 2876 Vide
851 2836 959 2891 quo
983 2820 1070 2883 die
1101 2818 1229 2873 anni
1259 2828 1348 2873 aut
1383 2815 1590 2872 mensis
1626 2812 1911 2871 victoriam
1938 2810 2031 2870 ali-

445 2932 607 2986 quam
652 2914 971 2983 reportasti,
1014 2922 1068 2971 et
1099 2913 1289 2968 eodem
1318 2910 1407 2965 die
1436 2911 1630 2962 iterum
1660 2948 1676 2977 ,
1709 2906 1753 2960 si
1787 2906 1861 2959 ita
1895 2919 2030 2961 usus

457 3010 614 3072 ferat,
644 3007 845 3061 bellum
879 3004 1185 3075 suscipias,
1222 3010 1281 3056 ut
1317 3000 1613 3055 alacriores
1658 2997 1860 3051 milites
1896 2997 2030 3058 sint,

447 3111 502 3177 et
529 3101 754 3154 meliore
784 3112 907 3152 cum
935 3112 1033 3166 spe
1062 3096 1310 3165 przclium
1347 3093 1553 3151 ineant,
1594 3099 1647 3144 et
1688 3097 1880 3159 putent
1922 3087 2031 3142 Deo

1680 403 1958 467 LEONIS
1994 402 2461 465 PHILOSOPHI

504 523 629 579 196.
669 518 891 575 Navalis
930 514 1127 572 classis
1178 513 1283 568 hoc
1320 511 1677 577 memorabile
1711 511 2005 569 consilium
2041 518 2085 572 Δ

3556 397 3699 464 1068

2185 517 2333 583 ρίιςτ.
2393 511 2686 583 Ἰστορήσω
2720 528 2800 565 σοι
2844 511 2940 565 καὶ
2973 509 3231 565 ναυτικοῦ
3274 511 3461 565 στόλου
3504 528 3705 583 στρατ-

2114 604 2329 675 ήγημα.
2362 604 2531 659 Ὅταν
2563 603 2672 673 γὰρ
2714 605 2791 667 είς
2820 602 3110 672 ἀλιμένους
3148 604 3243 657 καὶ
3268 603 3592 673 ψαμμώδεις
3616 605 3708 658 τό-

2115 716 2250 762 πους
2283 699 2377 769 τὴν
2408 697 2673 750 ἀπόϐασιν
2706 696 2905 768 μέλλῃς
2936 697 2992 747 ἐν
3017 694 3195 765 καιρῷ
3216 695 3481 765 ναυτικῆς
3507 712 3707 766 στρατ-

2116 791 2280 861 ηγίας
2300 830 2316 853 ,
2369 788 2592 843 εἰόὖτω
2621 788 2796 859 τύχοι,
2827 788 3175 858 ποιήσασθαι,
3209 788 3448 850 σάκκους
3475 787 3706 850 mnos;

2117 884 2414 953 πληρώσας
2441 884 2624 953 ἄμμου
2652 924 2665 947 ,
2700 883 2793 935 καὶ
2825 885 2935 945 τοῖς
2969 882 3224 951 σχοινίοις
3255 882 3566 952 προσδήσας
3597 882 3709 935 ἀπὸ

2120 977 2351 1031 ἑκάστου
2386 977 2663 1047 δρόμωνος
2699 975 3068 1046 ἐκκρεμάσας
3101 974 3227 1037 τοὺς
3256 973 3565 1044 ἀρκοῦντας
3595 977 3707 1028 οἱο-

2118 1070 2202 1125 νεὶ
2238 1070 2463 1140 σιδηρᾶς
2497 1069 2746 1136 ἀγκύρας
2769 1107 2783 1129 ,
2835 1068 2929 1119 καὶ
2964 1065 3140 1132 οὕτως
3168 1066 3262 1119 τὸν
3287 1066 3580 1135 λεγόμενον
3612 1084 3713 1118 πε⁶

2121 1163 2449 1232 λαγολιμένα
2476 1162 2709 1228 ποιήσας
2741 1160 2979 1223 εὐκόλως
3009 1158 3153 1213 κατὰ
3181 1159 3289 1212 τῶν
3313 1160 3494 1212 τόπων
3517 1160 3712 1221 νυκτὸς

2122 1254 2356 1320 ἐξελθὼν
2377 1255 2476 1321 τὴν
2502 1251 2939 1322 βεϐουλευμένην
2965 1267 3045 1303 σοι
3068 1249 3421 1320 καταδρομὴν
3439 1251 3709 1318 ποιήσεις.

2198 1348 2336 1419 pati“.
2396 1347 2608 1409 Τόπους
2656 1344 2913 1415 ἐνύδρους
2960 1342 3171 1413 μέλλων
3212 1341 3343 1393 ποτὲ
3387 1341 3709 1405 διαϐαίνειν,

2127 1441 2270 1511 ’ύδωρ
2302 1440 2400 1509 μὲν
2428 1439 2551 1491 ὅσον
2577 1436 2799 1489 δυνατὸν
2831 1434 3138 1502 συνεπάγου
3164 1451 3179 1465 ο
3220 1433 3436 1502 νύκτωρ
3468 1432 3522 1484 δὲ
3556 1431 3711 1484 ποιοῦ

2124 1533 2222 1605 τὴν
2253 1530 2563 1599 ὁδοιπορίαν
2596 1528 2703 1582 ἀπὺ
2733 1527 2969 1597 ἑσπέρας
3000 1525 3106 1587 ἓως
3135 1524 3280 1596 πρωῒ
3304 1524 3453 1595 ,υτὴν
3483 1524 3538 1577 δὲ
3569 1523 3711 1593 ὴμέ-

2131 1642 2227 1697 ραν
2250 1624 2533 1679 καθεύδειν
2553 1622 2863 1691 προτρέπου
2891 1619 3012 1671 ἀντὶ
3033 1618 3130 1687 τῆς
3152 1618 3364 1681 νυκτός.
3396 1616 3583 1679 υὺτως
3602 1615 3715 1685 γὰρ

2125 1714 2291 1792 ἦττον
2338 1714 2626 1785 διψήσουσι
2678 1712 2745 1765 τὰ
2790 1709 2939 1774 ζῶα,
2981 1709 3077 1762 καί
3111 1708 3394 1779 αὐτάρκης
3433 1724 3517 1759 σοι
3552 1709 3716 1777 γενή-

2132 1826 2283 1865 σεται
2318 1812 2350 1880 ἠ
2386 1808 2479 1862 τοῦ
2503 1807 2695 1869 ὓδατος
2723 1803 2904 1875 χρεία.

2200 1909 2345 1976 ρίτης
2383 1900 2759 1959 υἰωνιστικοῖς
2793 1896 2974 1963 λόγοις
3006 1891 3330 1963 προσέκειτο
3359 1893 3589 1961 στρατὸς
3620 1891 3717 1944 καὶ

2126 1997 2398 2069 σημείοις.
2427 1990 2689 2062 Πταρμοῦ
2717 1990 2773 2042 δὲ
2801 1986 3097 2057 γενομένου
3127 1984 3280 2053 παρὰ
3300 2001 3447 2047 τινος
3472 1982 3717 2051 ἠθύμουν

2124 2094 2174 2144 oi
2203 2086 2530 2159 στρατιῶται
2563 2082 2637 2143 ὡς
2667 2081 2759 2134 ἐπὶ
2786 2075 3012 2149 χαλεπῷ
3033 2074 3379 2144 οἱωνίσματι,
3413 2067 3534 2124 εἷτα
3565 2066 3718 2124 εἶπεν

2124 2187 2153 2238 ὁ
2182 2178 2508 2252 στρατηγὸς,
2563 2177 2638 2228 Οὑ
2674 2171 2986 2242 θαυμαστὸν
3036 2168 3085 2221 εἰ
3124 2165 3394 2220 τοσούτων
3423 2163 3719 2236 πιριεστώ-

2125 2293 2233 2329 των
2267 2270 2347 2336 εἷς
2377 2271 2632 2340 ἔπταρεν.
2674 2266 2785 2319 Καὶ
2817 2261 3008 2316 τούτου
3031 2259 3345 2329 λεχθέντος,
3393 2257 3568 2325 γέλως
3599 2254 3720 2323 ὲγὰ

2127 2383 2246 2418 νετο
2274 2404 2288 2425 ,
2342 2360 2457 2413 ἐστι
2492 2359 2548 2411 δὲ
2591 2359 2617 2410 ὁ
2651 2356 2825 2424 γέλως
2862 2350 3139 2422 σωτηρίας
3170 2347 3469 2419 δηλωτικὸς
3505 2364 3716 2416 σημανο

2126 2459 2315 2511 τικός’
2377 2455 2473 2508 καὶ
2521 2452 2697 2513 οὕτως
2744 2449 2993 2519 ἐχέφρων
3032 2443 3337 2515 στρατηγὸς
3364 2443 3427 2494 τὸ
3451 2441 3723 2510 οἰώνισμα

2130 2545 2426 2618 ἐναλλάξας
2473 2543 2697 2613 οαρρεῖν
2744 2539 2867 2602 τοὺς
2906 2535 3247 2608 στρατιώτας
3277 2530 3716 2604 παρεσκεύασεν»
3759 2550 3771 2560 ·

2205 2813 2347 2886 μεθ’.
2370 2811 2514 2882 Ὅρα
2538 2808 2626 2875 σὺ,
2652 2808 2739 2869 ἵνα
2776 2805 2869 2859 ἐὰν
2901 2804 2959 2857 ἐν
2991 2803 3175 2875 ἡμέρα
3206 2800 3315 2853 τινὶ
3345 2797 3441 2852 τοῦ
3470 2793 3721 2849 ἐνιαυτοῦ

2131 2907 2165 2979 ἢ
2200 2904 2368 2976 μηνὸς
2396 2904 2588 2972 γέγονε
2614 2898 2738 2969 νίκη
2762 2938 2778 2962 ,
2816 2894 3030 2966 μέλλεις
3058 2892 3113 2945 δὲ
3147 2888 3287 2962 πρὸς
3312 2888 3548 2957 πόλεμον
3578 2902 3723 2979 συμ-

2135 2972 2374 3061 δάλλειν,
2414 2994 2531 3063 εἴγε
2556 2991 2778 3046 δυνατόν
2815 3006 2895 3041 σοι
2928 2989 2984 3039 ὲν
3012 2986 3149 3054 αὑτῇ
3178 2985 3241 3053 τῇ
3267 2980 3469 3051 ἡμέρᾳ)
3507 2978 3603 3031 καὶ⁵
3627 2972 3727 3030 αὗ-

2134 3090 2217 3154 θις
2269 3091 2371 3157 τῆς
2423 3085 2602 3154 μάχης
2650 3076 3003 3148 ἀπάρξασθαι
3048 3072 3425 3143 ὲπιτήδευσον,
3460 3068 3601 3120 ὥστε
3636 3067 3727 3118 εὑ-

449 3192 687 3262 propitio
713 3191 903 3244 hostes
930 3188 1122 3242 eodem
1146 3187 1235 3241 die
1267 3201 1325 3239 se
1360 3185 1411 3238 in
1451 3183 1633 3254 fugam
1677 3182 1873 3235 iterum
1909 3195 2030 3234 ver-

2137 3181 2359 3251 θαρσεῖς
2410 3159 2551 3228 εἶναι
2601 3173 2727 3234 τοὺς
2773 3166 3130 3239 στρατιώτας.
3186 3162 3294 3219 Καὶ
3338 3160 3475 3231 μετὰ
3509 3157 3725 3226 ἀγαθῆς

448 3300 632 3340 suros.
669 3284 731 3338 Et
760 3284 825 3337 de
860 3284 981 3338 loco
1024 3282 1077 3335 in
1125 3296 1234 3351 quo
1268 3278 1391 3349 quis
1435 3277 1589 3343 vicit,
1634 3274 1890 3341 similiter
1915 3282 2030 3336 sta-

449 3377 713 3431 tuendum
732 3378 817 3431 est
831 3416 844 3429 .

519 3648 649 3702 200.
692 3645 837 3703 Nihil
891 3653 942 3700 te
990 3658 1138 3714 quon
1172 3658 1319 3697 utine
1364 3641 1488 3696 dico
1520 3639 1822 3710 perturbet.
1864 3636 2035 3692 Verus

453 3748 508 3793 et
545 3746 808 3792 strenuus
853 3736 1157 3806 imperator
1216 3733 1608 3804 Cognoscitur.
1659 3732 1878 3800 quando
1927 3746 2034 3784 non

453 3830 600 3900 quod
625 3830 677 3883 in
718 3844 828 3883 rem
854 3843 1011 3891 suam
1038 3836 1120 3882 est
1152 3828 1371 3897 qumrit,
1407 3825 1501 3880 sed
1535 3825 1678 3894 quod
1710 3840 1775 3879 ex
1806 3840 1905 3879 usu
1940 3840 2038 3892 pu-

455 3924 599 3977 blico
641 3921 874 3974 militum
913 3927 997 3983 est
1046 3919 1181 3976 illud
1227 3902 1485 3989 spectat:
1523 3934 1648 3972 nam
1687 3933 1810 3971 cum
1861 3917 2040 3971 salute

457 4015 674 4085 publica
714 4029 869 4069 suam
903 4028 1125 4082 quoque
1162 4013 1395 4071 salutem
1441 4018 1721 4079 procurat.
1755 4009 1859 4064 Ubi
1892 4008 2037 4062 enim

459 4115 649 4178 pastor
669 4107 814 4177 gregi
844 4122 945 4164 suo
966 4107 1255 4177 diligenter
1276 4104 1565 4174 prospicit,
1589 4103 1635 4158 is
1655 4102 2036 4177 compendium

458 4217 521 4253 ex
551 4216 617 4254 eo
651 4199 813 4255 habet
845 4214 858 4251 :
892 4199 973 4265 sin
1006 4213 1227 4269 gregem
1254 4198 1500 4267 negligit,
1536 4212 1645 4250 non
1678 4195 1840 4249 tundo
1878 4206 2042 4246 verus

462 4303 648 4362 pastor
692 4306 801 4346 non
826 4291 1141 4355 habebitur,
1180 4289 1273 4353 sed
1303 4305 1467 4362 grege
1500 4276 1751 4362 bcglectq
1781 4288 2041 4351 damnum

463 4385 567 4440 sibi
600 4386 718 4452 ipse
746 4385 999 4441 accersit.

532 4562 659 4616 20f.
704 4560 761 4615 Si
816 4561 1067 4623 Ιιοδιίιηιε
1114 4560 1310 4620 classis
1361 4558 1567 4631 fuerit,
1613 4569 1669 4612 tu
1709 4574 1831 4617 cum
1870 4551 2124 4626 copiisD

465 4658 574 4713 tuis
605 4659 911 4714 instructus
935 4658 1181 4711 lunatam
1218 4658 1450 4712 classem
1495 4671 1748 4726 appares,
1773 4662 1826 4713 et
1853 4654 2051 4724 paulu-

467 4749 576 4802 lum
612 4748 959 4811 retrocedere
1016 4748 1069 4801 in
1122 4747 1301 4801 medio
1344 4746 1623 4801 videaris:
1652 4744 1702 4797 id
1752 4745 1895 4798 enim
1940 4756 2050 4796 non

466 4840 693 4891 omnino
723 4840 787 4893 ad
820 4839 1161 4911 fugiendum,
1196 4838 1288 4893 sed
1321 4846 1443 4907 post
1477 4826 1660 4906 fugam
1696 4835 1758 4889 ad
1798 4850 2052 4904 pugnari--

467 4932 596 4984 dum
644 4932 824 5000 potius
873 4932 1052 4999 valet;
1105 4940 1159 4984 et
1205 4939 1425 5000 paratas
1477 4928 1704 4981 habebis
1749 4943 1939 4990 naves,
1994 4934 2053 4980 ιιι

468 5039 687 5076 rursum
715 5022 999 5091 proratim,
1034 5022 1079 5076 si
1114 5022 1163 5076 id
1191 5022 1489 5077 necessitas
1523 5019 1779 5091 postulet,
1812 5018 1933 5070 illos
1967 5017 2049 5070 in-

464 5116 654 5170 vadas.
687 5115 875 5189 Neque
908 5115 1054 5176 enim
1083 5114 1359 5183 audebunt
1393 5113 1447 5165 in
1495 5112 1782 5164 caritatem
1822 5108 1924 5161 loci
1964 5108 2051 5161 in-

468 5208 642 5277 gredi,
676 5207 937 5261 nimirum
966 5206 1017 5260 id
1053 5208 1313 5265 timentes
1351 5221 1417 5259 ne
1440 5203 1952 5278 circuiticlttdatttttr
1983 5203 2053 5275 ab

471 5303 741 5357 hostibus.

538 5489 663 5545 202.
705 5486 947 5552 \Tictoria
977 5485 1074 5542 tibi
1109 5499 1139 5543 a
1170 5482 1279 5539 Deo
1308 5498 1592 5548 concessa,
1627 5499 1692 5537 ne
1722 5483 1905 5541 statim
1936 5489 2055 5547 tur-

470 5583 695 5636 bulente
725 5589 777 5633 ct
812 5580 1042 5633 confuse
1075 5578 1199 5632 illos
1232 5578 1570 5646 insequaris.
1607 5576 1703 5632 sed
1738 5576 1881 5630 inter
1912 5576 2060 5628 inse—

472 5671 752 5736 quendum
783 5688 848 5724 uc
873 5672 1124 5726 conversi
1158 5679 1209 5724 te
1241 5686 1434 5725 rursus
1460 5668 1782 5723 adoriantur
1806 5666 2059 5739 provide.-

478 5758 579 5811 bis.
594 5759 731 5810 Nam
748 5760 918 5813 clTusa
938 5773 989 5814 et
1009 5762 1380 5829 intemperans
1399 5759 2057 5830 insectatio,0pportuao.s

487 5843 553 5911 ad
584 5844 937 5913 oﬂ‘eusioucm
972 5851 1097 5925 facit
1129 5850 1343 5923 cos'qui
1378 5851 1761 5918 insequuntur.

2135 3246 2349 3333 ἐλπίδος
2370 3310 2384 3334 ,
2433 3267 2508 3331 ὡς
2542 3263 2663 3318 κατ’
2700 3263 2874 3330 αὑτὴν
2904 3259 3098 3329 ἑορτὴν
3129 3256 3228 3327 τῆς
3257 3254 3416 3322 νίκης
3450 3251 3543 3304 καὶ
3568 3246 3729 3313 αὖθις

2133 3364 2468 3434 δυναμένους
2505 3358 2647 3427 ἔχειν
2692 3356 2817 3416 τοὺς
2849 3350 3258 3421 προσϐαλόντας
3288 3346 3387 3434 τὴν
3414 3344 3566 3405 θείαν
3596 3342 3728 3413 βοή-

2137 3428 2313 3511 θείαν.
2363 3450 2595 3522 Ὁμοίως
2644 3446 2699 3499 δὲ
2747 3444 2843 3503 καὶ
2891 3445 2984 3501 ἐπὶ
3029 3441 3196 3495 τόπου
3256 3438 3311 3490 ἐν
3346 3428 3391 3505 ᾧ
3428 3433 3729 3505 νενίκηκας

2138 3564 2289 3617 ποτε.

2211 3645 2275 3699 α’.
2295 3633 2533 3705 Θροείτω
2560 3630 2616 3683 δέ
2650 3646 2709 3683 σε
2743 3627 2907 3698 μηῆὲν
2935 3626 2962 3678 ὃ
2990 3624 3167 3696 μέλλω
3193 3624 3393 3692 λέγειν’
3425 3622 3506 3675 ὅτι
3532 3634 3732 3689 στρατ-

2140 3730 2271 3802 ηγὸς
2318 3724 2524 3796 ἀληθὴς
2594 3723 2689 3776 καὶ
2744 3722 2963 3791 ἄριστος
3014 3717 3138 3778 τότε
3187 3715 3545 3784 γινώσκεται,
3604 3712 3732 3764 ὅταν

2146 3826 2223 3896 μὴ
2257 3823 2316 3876 τὸ
2344 3819 2539 3875 δοκοῦν
2572 3816 2723 3888 αύτῷ
2752 3816 2884 3869 ἴδιον
2914 3812 3194 3883 συμφέρον
3224 3809 3518 3882 ἐργάζεται
3548 3805 3731 3876 μόνον,

2142 3917 2280 3972 ἀλλὰ
2312 3916 2407 3969 καὶ
2436 3913 2506 3977 τᾲ
2535 3911 2695 3966 κοινὰ
2731 3909 2827 3963 καὶ
2865 3905 3219 3977 συμφέροντα
3254 3904 3365 3964 τοῖς
3394 3897 3733 3970 ὑποχειρίοις

2143 4006 2614 4082 πραγματεύεται.
2674 4001 2861 4064 Οὕτως
2893 3999 3003 4069 γὰρ
3050 3995 3187 4066 μετὰ
3214 3993 3306 4047 τοῦ
3338 3995 3489 4062 κοινῇ
3527 3988 3738 4059 συμςιί-
3807 4017 3827 4039 ο

2148 4120 2333 4175 ροντος
2385 4101 2480 4153 καὶ
2528 4099 2623 4155 τοῦ
2672 4095 2803 4149 ἰδίου
2845 4092 3124 4156 τεύξεται’
3167 4090 3300 4144 ὅταν
3328 4086 3443 4156 γὰρ,
3472 4086 3499 4137 ὁ
3528 4081 3735 4152 ποιμὴν

2145 4164 2246 4263 τῆς
2272 4193 2507 4260 ποίμνης
2537 4186 2906 4257 ἐπιμελεῖται,
2945 4184 3043 4251 τῆς
3077 4178 3271 4234 ἑαυτοῦ
3303 4176 3571 4248 ὡφελείας
3595 4164 3738 4243 παρ-

2148 4286 2320 4348 αίτιος
2349 4285 2558 4353 γίνεται
2585 4298 2597 4311 ·
2637 4281 2686 4333 εἰ
2720 4280 2775 4332 δὲ
2807 4277 3015 4345 ταύτης
3047 4271 3445 4343 καταμελήσοι,
3478 4269 3540 4322 ού
3576 4267 3738 4337 μόνον

2151 4378 2355 4449 ποιμὴν
2386 4376 2593 4447 ἀληθὴς
2626 4374 2686 4426 οὑ
2714 4371 3022 4439 λογίζεται,
3062 4367 3201 4420 ἀλλὰ
3237 4364 3333 4417 καὶ
3368 4362 3465 4433 τὴν
3500 4360 3738 4428 ποίμνην

2152 4471 2518 4542 ζημιούμενος
2570 4467 2666 4536 τῆς
2707 4464 2768 4530 ἐξ
2797 4463 2963 4531 αὑτῆς
2998 4448 3265 4527 ὠφελείας
3308 4454 3733 4527 στερηθήσεται.

2225 4569 2327 4617 σα’.
2368 4559 2640 4629 Πολεμίου
2675 4558 2803 4611 ποτὲ
2834 4552 3090 4608 ναυτικοῦ
3126 4550 3313 4604 στόλου
3365 4547 3502 4618 μετὰ
3533 4543 3740 4604 οἰκείας

2150 4655 2435 4723 δυνάμεως
2484 4648 2744 4718 ναυτικῆς
2787 4643 3090 4715 ὑποχωρῶν
3133 4638 3437 4710 στρατηγὸς
3477 4633 3734 4707 μηνοειδῆ

2151 4745 2457 4816 παράταξιν
2522 4740 2846 4806 ποιούμενος
2905 4734 3298 4805 ὑποστρεφέτω
3356 4729 3535 4791 πλέων
3595 4724 3742 4781 κατὰ

2153 4839 2439 4911 πρύμναν,
2493 4834 2588 4889 καὶ
2622 4833 2795 4894 οὑτως
2841 4824 3288 4898 ἁποχωρίζεσθαι
3321 4822 3430 4890 τῶν
3462 4817 3739 4887 πολεμίων

2155 4929 2495 5004 βουλευέσθω
2520 4946 2531 4957 ο
2586 4928 2681 4978 καὶ
2715 4924 2823 4992 γὰρ
2856 4922 2918 4974 οὑ
2953 4918 3194 4990 φεύγων,
3232 4914 3369 4969 ἀλλὰ
3401 4909 3740 4983 φυγομαχῶν

2157 5026 2409 5094 ἑτοίμους
2439 5021 2551 5086 ἕξει
2580 5019 2677 5082 τὰς
2707 5015 2838 5080 ναῦς
2859 5058 2872 5079 ,
2912 5016 3005 5068 καὶ
3037 5009 3190 5075 αὖθις
3224 5008 3473 5062 ἐπελθεῖν
3503 5007 3614 5066 τοῖς
3647 5020 3746 5055 πο-

2158 5115 2369 5185 λεμίοις
2429 5111 2572 5167 κατὰ
2625 5107 2884 5178 πρώραν’
2942 5108 3059 5173 εἴγε
3110 5103 3202 5156 καὶ
3236 5100 3428 5153 τούτου
3465 5096 3624 5166 χρεία
3652 5095 3746 5161 γέ-

2159 5186 2476 5276 νηται,ῑτὰς
2508 5199 2736 5271 πρώρας
2768 5198 2905 5269 ἔχων
2937 5195 3075 5265 πρὸς
3102 5190 3320 5253 αὐτούς.
3354 5188 3461 5241 Καὶ
3491 5186 3597 5254 γὰρ
3624 5184 3747 5236 οὐδὲ

2162 5300 2531 5369 Οαρσήσουσιν
2561 5295 2619 5347 ἐν
2646 5292 2723 5362 τῷ
2748 5291 3050 5361 κοιλώματι
3074 5285 3337 5339 εἰσελθεῖν
3358 5281 3454 5351 τὴν
3474 5278 3747 5339 κύκλωσιν

2164 5386 2529 5463 ὑφορώμενοι.

2238 5479 2339 5551 σβῖ
2371 5478 2548 5545 Νίκης
2578 5492 2656 5527 σοι
2688 5472 2836 5544 παρὰ
2864 5471 2996 5524 ε)εοῦ
3024 5467 3326 5538 διδομένης,
3360 5463 3434 5534 μὴ
3463 5459 3750 5530 σφαλερῶς

2169 5573 2261 5632 καὶ
2292 5569 2547 5640 ἀκρατῶς
2580 5567 2740 5619 δίωκε
2770 5567 2896 5627 τοὺς
2924 5561 3239 5630 πολεμίους.
3284 5556 3447 5611 Ἀλλὰ
3472 5554 3750 5623 φυλάσσου

2166 5668 2261 5729 τὰς
2292 5660 2639 5733 ὑποστροφὰς
2670 5657 2868 5712 αὐτῶν.
2906 5656 2970 5709 Ἠ
2996 5655 3103 5724 γὰρ
3136 5652 3382 5723 ἀκρατὴς
3421 5646 3600 5714 δίωξις
3631 5646 3751 5699 δια-

2166 5759 2370 5811 λύουσσ.
2411 5756 2508 5827 τὴν
2544 5754 2693 5820 τάξιν
2734 5748 3149 5813 ἐπιδουλευτοὺς
3194 5744 3412 5816 ποιήσει
3449 5740 3572 5803 τοὺς
3616 5736 3749 5791 διώ-

2168 5866 2380 5925 κοντας.
