4120 6444
407 371 544 440 1069

1493 382 1828 444 TACTICA.
1864 410 1932 423 -
1967 385 2477 450 CONSTITUTIO
2512 390 2640 450 XX.

3532 391 3673 458 1070

453 491 557 556 σγ’.
585 483 871 559 Νουνεχῶς
897 487 1115 559 διέρχου
1146 487 1235 543 διὰ
1260 488 1464 544 στενῶν
1488 491 1693 559 τόπων,
1726 493 1824 548 καὶ
1861 494 1980 565 μάοι

2139 497 2266 553 205.
2308 497 2728 568 Circumspecte
2765 499 2884 555 loca
2924 507 3155 571 angusta
3195 501 3480 558 transibis.
3514 504 3670 570 Quod

381 580 564 642 λιστα,
603 579 905 650 ἀναχωρῶν
936 582 1044 634 ἀπὸ
1070 583 1168 652 τῆς
1203 583 1468 654 πολεμίας
1499 584 1628 647 τοὺς
1657 585 1966 657 εὐρώστους

384 669 474 722 καὶ
507 667 826 738 ρωμαλέους
851 668 960 723 τῶν
1002 673 1355 742 στρατιωτῶν
1385 672 1612 726 ὀπισθεν
1635 675 1694 729 ὲν
1738 677 1804 745 τῇ
1839 675 1968 745 ούρ-

382 761 516 830 αγία
562 761 728 816 τάσσε
754 777 770 792 ⁸
817 763 904 815 ἵνα
946 764 1039 816 καὶ
1067 765 1194 827 τοὺς
1228 766 1634 836 ἐπερχομένους
1676 767 1970 838 πολεμίους

381 852 702 922 ἀμύνωνται
727 853 972 917 ὄπισθεν,
1001 857 1098 908 καὶ
1133 856 1317 926 μηδεὶς
1345 857 1524 930 φεύγῃ
1556 857 1867 930 ἔμπροσθεν
1893 859 1969 932 μὴ

383 944 599 1014 τολμῶν
628 945 920 1016 παρελθεῖν
950 947 1049 1016 τὴν
1081 947 1178 1018 σὴν
1204 947 1522 1020 ἐνδοξότητα
1546 952 1970 1023 παρατεταγμέ-

384 1056 485 1110 νην
519 1040 614 1092 καὶ
641 1038 709 1093 δι’
735 1039 1063 1111 ἀμφοτέρων
1088 1043 1337 1113 τηρεῖται
1361 1043 1394 1113 ἡ
1418 1043 1571 1111 τάξις
1597 1045 1846 1116 ἀσφαλὴς
1877 1045 1971 1100 καὶ

384 1131 685 1204 ἄρρηκτος.

457 1226 554 1279 σδ’.
593 1226 712 1278 Ἵνα
743 1224 936 1298 ῥώμην
981 1228 1124 1282 κατά
1151 1227 1262 1282 τῶν
1299 1229 1576 1300 πολεμίων
1619 1230 1852 1304 ὲνθήσῃς
1895 1229 1972 1302 τῷ

385 1317 761 1390 στρατεύματι
793 1319 1140 1391 παράγγελλε
1171 1321 1390 1386 αὐτοὺς,
1417 1320 1504 1373 ῖνα
1531 1322 1578 1375 εἰ
1605 1321 1704 1391 μὲν
1740 1319 1974 1390 βοῶντες

387 1410 713 1480 ἐπέρχονται
745 1409 931 1474 αὐτοῖς
963 1411 1013 1463 οί
1062 1409 1314 1480 πολέμιοι
1355 1412 1415 1465 έν
1460 1414 1528 1483 τῇ
1579 1412 1824 1484 συμϐολῇ
1874 1413 1974 1482 τῆς

393 1503 577 1574 μάχης
617 1501 884 1573 δέχωνται
907 1501 1108 1566 αὐτοὺς
1143 1502 1284 1573 μετά
1316 1504 1548 1575 σιωπῆς.
1592 1503 1718 1558 Ἐὰν
1741 1505 1797 1557 δὲ
1828 1505 1972 1556 ἐκεῖ·

386 1615 468 1650 νοι
494 1596 604 1666 (60)
646 1596 785 1667 μετά
819 1596 1030 1667 σιωπῆς
1075 1585 1441 1668 ἐπέρχωνται,
1493 1599 1616 1651 τότε
1670 1598 1810 1669 μετά
1844 1598 1975 1670 βοῆς

389 1689 484 1743 καὶ
519 1689 770 1761 κραυγῆς
799 1689 848 1741 οἱ
877 1688 961 1741 σοι
991 1687 1445 1753 ἀντεξελαύνουσι
1471 1690 1592 1743 κατ’
1624 1691 1829 1744 αὐτῶν.

457 1789 554 1836 σε’.
602 1781 773 1835 Ὅταν
801 1781 1015 1862 ἀπορῇς
1075 1781 1406 1847 ὲξοπλίσεως
1447 1781 1557 1835 τῶν
1604 1783 1976 1854 στρατιωτῶν,

2071 590 2118 646 si
2144 590 2214 645 ab
2244 589 2495 647 hostibus
2521 592 2869 658 discesseris,
2895 596 3150 649 robustos
3179 609 3242 648 ac
3270 602 3530 652 strenuos
3561 596 3667 651 mi-

2073 682 2196 738 lites
2223 697 2253 737 a
2281 691 2434 756 tergo
2463 684 2516 738 in
2543 695 2790 740 extremo
2816 686 3058 756 agmine,
3092 701 3257 757 quam
3285 688 3550 759 οὐραγίαν
3575 706 3674 744 vo-

2072 781 2200 828 cant
2221 815 2234 839 ,
2268 775 2567 830 collocabis
2588 816 2603 842 ,
2636 783 2696 830 ut
2738 777 3089 833 incursantes
3121 777 3308 834 hostes
3340 779 3552 850 possint
3585 797 3672 836 re-

2071 866 2273 936 pellere
2306 885 2320 921 :
2351 878 2404 924 et
2435 883 2600 925 nemo
2629 869 2682 924 in
2714 869 3051 924 anteriorem
3085 883 3292 940 partem
3327 872 3501 943 fugiat
3527 912 3540 934 ,
3574 874 3670 928 ubi

2074 967 2130 1014 tu
2153 960 2457 1017 instructus
2487 961 2618 1016 eris.
2650 961 2838 1033 Itaque
2873 962 3135 1033 utrinque
3174 965 3451 1019 exercitus
3481 964 3674 1021 ﬁl'llllls

2075 1064 2140 1105 ac
2173 1051 2418 1108 munitus
2448 1054 2576 1107 erit.

2143 1228 2270 1284 205.
2313 1229 2388 1286 Ut
2433 1230 2602 1285 robur
2641 1231 2910 1286 exercitui
2965 1232 3180 1288 inseras
3226 1229 3481 1302 praecipe,
3526 1243 3582 1284 ut
3628 1233 3676 1286 si

2077 1321 2262 1378 hostes
2291 1337 2417 1377 cum
2445 1323 2688 1379 clamore
2717 1332 2912 1378 contra
2943 1333 3069 1378 tuos
3093 1325 3338 1384 veniant,
3369 1324 3445 1377 tui
3481 1324 3667 1377 statim

2076 1430 2204 1470 cum
2235 1417 2455 1472 silentio
2479 1424 2534 1472 et
2565 1418 2946 1474 taciturnitate
2977 1417 3292 1488 praecedant
3322 1435 3337 1470 :
3368 1418 3453 1470 sin
3487 1417 3563 1469 illi
3597 1417 3643 1471 si

2079 1507 2252 1563 lentes
2281 1523 2346 1563 ac
2380 1508 2532 1563 taciti
2566 1509 2999 1574 ambulaverint,
3030 1519 3142 1563 tum
3174 1509 3417 1564 clamore
3448 1523 3511 1563 ac
3542 1507 3673 1568 strir

2063 1601 2213 1657 .dore
2243 1617 2527 1658 armorum
2562 1603 2641 1657 tui
2671 1603 2796 1659 illos
2827 1602 3111 1659 invadant.

2148 1781 2276 1835 205.
2313 1781 2413 1837 Ubi
2446 1790 2724 1837 armatura
2755 1799 2904 1854 eges,
2933 1783 3000 1839 iis
3032 1783 3320 1851 divitibus,
3353 1799 3461 1838 non
3495 1777 3587 1856 qui
3622 1784 3678 1842 in

385 1875 500 1937 τοῖς
531 1871 788 1942 εὐπόροις
821 1872 940 1942 μὲν,
975 1871 1050 1941 μὴ
1083 1873 1532 1943 στρατευομένοις
1551 1873 1629 1939 δὲ,
1661 1874 1980 1940 κέλευε,ὲάν

2093 1875 2277 1944 ρτωίἰο
2307 1883 2471 1938 sunt,
2504 1876 2598 1930 sed
2633 1877 2723 1946 qui
2757 1892 2785 1930 a
2819 1877 3003 1947 praelio
3035 1877 3269 1943 absunt,
3304 1877 3536 1948 praecipe
3569 1897 3584 1933 :
3619 1887 3680 1937 ut

393 1965 470 2036 μὴ
497 1964 795 2035 βούλωνται
823 1962 1244 2034 στρατεύεσθαι,
1272 1966 1535 2035 παρέχειν
1555 1966 1786 2020 ἕκαστον
1809 1967 1975 2022 ἵππον

386 2061 506 2114 ἀντὶ
530 2059 722 2112 ἑαυτοῦ
759 2059 854 2112 καὶ
883 2059 1055 2131 ἄνδρα
1075 2075 1088 2089 ·
1116 2060 1213 2114 καὶ
1245 2059 1421 2124 οὕτως
1457 2061 1512 2113 οῖ
1535 2077 1594 2113 τε
1620 2061 1852 2132 πένητες
1881 2060 1975 2114 ἀν-

385 2152 558 2222 δρεῖοι
597 2151 1055 2221 ὁπλισθήσονται,
1091 2152 1147 2204 οῖ
1190 2169 1250 2205 τε
1304 2151 1552 2205 πλούσιοι
1586 2152 1681 2206 καὶ
1720 2151 1974 2222 ἄνανδροι

385 2241 731 2314 δουλεύσουσι
759 2241 882 2295 κατ’
913 2242 1136 2313 ἰσότητα
1175 2242 1285 2297 τῶν
1321 2245 1792 2314 στρατευομένων.

458 2312 568 2403 σξη.
597 2338 751 2408 ’Ἅμα
775 2338 888 2400 τοῖς
917 2336 1306 2408 καϐαλλαρίοις
1337 2312 1431 2390 καὶ
1462 2312 1692 2408 πεζιέιὴν
1713 2336 1977 2408 ἐπιφερό-

389 2448 554 2503 μενος
587 2429 850 2502 στρατιὰν
887 2428 1305 2498 συνεποχεῖσοαι
1339 2427 1510 2499 αὐτὴν
1548 2430 1606 2483 ἐν
1647 2430 1756 2491 τοῖς
1789 2428 1978 2492 ἵπποις

386 2523 648 2585 πολλάκις
699 2521 890 2575 κέλευε
949 2520 1192 2590 δηλονότι
1246 2520 1492 2592 ὲλαφρὴν
1538 2520 1790 2585 ὅπλισιν,
1840 2521 1978 2591 ὅπερ

385 2616 504 2670 δέον
530 2616 788 2684 ἔχοντας,
816 2613 914 2667 καὶ
938 2615 1054 2677 τοῖς
1084 2614 1245 2667 ποσὶν
1280 2613 1448 2678 ὀξέως
1485 2615 1706 2685 τρέχειν
1743 2599 1978 2684 δυναμέ-

385 2725 531 2771 νους.
558 2707 768 2770 Οῖτινες
791 2707 849 2758 ὲν
876 2705 1185 2777 ἑπικαίροις
1221 2707 1409 2770 τόποις
1437 2705 1700 2776 εὔρωστοι
1731 2722 1982 2777 καταπη-

385 2800 650 2869 δήσαντες
691 2795 802 2849 ἀπδ
842 2793 952 2847 τῶν
991 2795 1175 2849 ἵππων
1222 2797 1424 2858 τόπους
1472 2795 1713 2868 ὑψηλοὺς
1742 2795 1979 2867 καταλήσ

2085 1967 2130 2020 si
2165 1967 2341 2021 nolint
2375 1967 2440 2021 ad
2476 1983 2626 2022 arma
2663 1971 2885 2035 venire,
2922 1970 3100 2024 virum
3139 1987 3237 2042 pro
3272 1987 3332 2026 se
3365 1987 3680 2043 equumque

2086 2057 2309 2114 mittant
2347 2077 2361 2115 :
2399 2061 2474 2116 ita
2521 2047 2741 2132 quidem
2785 2063 2875 2118 lict
2918 2073 2976 2118 ut
3019 2081 3289 2136 pauperes
3336 2066 3548 2121 strenui
3593 2081 3682 2119 ar-

2087 2160 2326 2218 mentur,
2369 2153 2568 2210 divites
2612 2154 2791 2226 ignavi
2835 2171 2902 2212 ex
2946 2173 3104 2229 mquo
3148 2174 3212 2214 ac
3255 2158 3436 2216 caueri
3480 2159 3575 2231 qui
3622 2159 3679 2215 in

2084 2241 2227 2298 bello
2259 2255 2409 2314 sunt,
2445 2248 2588 2303 bello
2620 2248 2944 2306 inserviant.

2148 2342 2279 2398 206.
2327 2340 2546 2396 Mistum
2579 2357 2643 2398 ex
2679 2341 2956 2413 peditibus
2986 2352 3041 2400 et
3069 2345 3349 2416 equitibus
3385 2344 3430 2400 si
3465 2341 3682 2399 exerci-

2083 2443 2199 2490 tum
2235 2434 2474 2498 habeas,
2513 2435 2662 2490 leves
2701 2436 2857 2508 equis
2897 2452 3142 2508 persa‘pe
3175 2437 3296 2492 vehi
3331 2436 3586 2506 jubebis,
3624 2443 3684 2489 ut

2081 2527 2410 2599 opportunis
2450 2527 2506 2581 in
2550 2527 2686 2582 locis
2726 2528 2898 2598 agiles
2942 2537 3106 2599 atque
3141 2528 3379 2598 expediti
3418 2527 3486 2582 de
3523 2526 3682 2596 cquis

2079 2621 2421 2686 desilientes,
2455 2621 2670 2680 excelsa
2703 2620 2922 2692 altaque
2955 2621 3072 2677 loca
3116 2621 3442 2692 anticipant,
3476 2627 3530 2673 et
3562 2617 3684 2674 fun-

2078 2713 2204 2777 dis,
2263 2713 2524 2785 sagittis,
2576 2713 2917 2784 reliquisque
2975 2715 3145 2768 armis
3200 2722 3447 2777 utantur,
3506 2721 3566 2766 ut
3617 2707 3686 2763 ad

2078 2817 2294 2858 omnem
2334 2803 2571 2857 hostium
2605 2817 2898 2857 occursum
2934 2803 3106 2872 parati
3145 2802 3276 2859 sint.

387 2887 588 2957 ψονται
609 2928 625 2952 ,
657 2887 753 2942 καὶ
791 2883 1112 2960 σφενδόναις,
1140 2889 1472 2958 χρήσονται,
1516 2887 1612 2941 καὶ
1655 2886 1852 2953 τόξοις,
1895 2890 1991 2942 καὶ
2029 2891 2241 2964 ἑτέροις
2267 2893 2474 2958 ὅπλοις,
2508 2893 2540 2964 ἢ
2573 2894 2668 2946 καὶ
2700 2893 2836 2962 πρὸς
2860 2892 3000 2951 ἄλλο,
3022 2911 3073 2946 τι
3135 2893 3245 2945 τῶν
3303 2887 3689 2962 ἐμπιπτόντων

389 2981 755 3054 ἀνδρίσονται.

464 3074 564 3140 σζ’.
616 3073 859 3138 Βεσαίως
907 3072 1274 3142 ἐπιστάμενος
1325 3071 1497 3142 ἄνδρα
1543 3072 1662 3126 τινὰ
1712 3072 1973 3137 πολλάκις

397 3166 820 3242 ἀριστεύσαντα,
855 3165 1235 3236 ἐξαιτούμενον
1265 3165 1322 3218 δὲ
1354 3164 1485 3234 περί
1511 3181 1658 3228 τινος
1703 3165 1977 3236 σωτηρίας

2153 3073 2280 3128 207.
2323 3073 2379 3128 Si
2421 3073 2568 3144 quis,
2610 3073 2704 3145 qui
2746 3081 2970 3130 strenue
3013 3087 3072 3127 se
3111 3072 3164 3126 in
3209 3069 3452 3126 exercitu
3495 3066 3688 3142 gessit,

2089 3166 2297 3237 aliquid
2331 3166 2430 3222 abs
2463 3175 2517 3221 te
2555 3165 2886 3230 contendat,
2921 3165 3004 3220 vel
3037 3164 3104 3219 de
3135 3164 3310 3224 salute
3339 3176 3440 3216 sna
3471 3160 3552 3216 vel
3593 3174 3689 3213 co-

395 3233 675 3332 ῆέαυτοῦ,
701 3259 736 3329 ἢ
766 3259 944 3328 φίλου,
971 3258 1005 3328 ἢ
1041 3233 1358 3326 συγγενοῦς,
1392 3233 1569 3327 χρεών
1603 3273 1683 3321 σε,
1709 3251 1754 3310 ὦ
1785 3233 1980 3327 στρατ-

2092 3233 2262 3330 gnati,
2297 3275 2366 3315 ne
2394 3259 2631 3314 dillicilis
2659 3259 2712 3313 in
2743 3257 3096 3330 pernegando
3128 3255 3226 3317 sis,
3257 3253 3352 3310 sed
3387 3267 3484 3324 pro
3517 3251 3683 3307 rebus

396 3353 535 3424 ηγὲ,
590 3350 714 3406 ἀντὶ
765 3349 978 3403 πολλῶν
1022 3347 1118 3402 καὶ
1173 3347 1426 3420 μεγάλων
1483 3349 1784 3419 παρασχεῖν
1836 3347 1988 3420 αύτῷ

397 3445 690 3516 δυστυχίαν
720 3442 875 3513 φίλου
906 3441 1394 3513 ἐπανορθώσασθαι
1415 3457 1428 3469 ·
1474 3441 1566 3494 καὶ⁸
1607 3441 1664 3494 ὲν
1706 3439 1855 3511 αὐτῷ
1880 3443 1990 3511 γὰρ

398 3542 458 3594 τὸ
488 3539 632 3592 ὅσιον
661 3537 929 3608 ποιήσεις,
960 3535 1055 3588 καὶ
1086 3533 1304 3603 ἑτέρους
1337 3533 1649 3602 ἐπαλείψεις
1680 3533 1990 3603 ἀριστεύειν

401 3630 490 3684 ἐπ’
524 3628 700 3680 ἐλπίδι
734 3627 993 3696 τοιαύτης
1025 3623 1459 3686 ἀνταποδόσεως.

472 3724 576 3789 ση⁹.
619 3719 917 3788 ’Λρχοντος
950 3715 1158 3784 ἀγαθοῦ
1185 3715 1466 3786 τεκμήρια
1497 3717 1591 3769 καὶ
1615 3717 1819 3789 ἀρετῆς
1850 3717 1990 3771 ἀπό-

399 3809 584 3876 δειξις,
633 3809 762 3862 ὅταν
809 3805 1104 3876 ὲθελουσίῳ
1149 3803 1346 3876 γνώμῃ
1399 3804 1694 3859 πείθωνται
1741 3805 1891 3875 αύτῷ
1937 3807 1988 3859 οἱ

403 3904 706 3974 ὑποχεῖριοι
729 3940 742 3963 ,
773 3901 868 3954 καὶ
913 3901 969 3952 ὲν
1000 3901 1114 3963 τοῖς
1155 3898 1560 3969 προσπίπτουσι
1591 3899 1777 3963 πόνοις
1808 3917 1987 3971 παρα-

406 3992 589 4064 μένειν
619 3991 898 4045 ἐθέλωσιν.
931 3991 996 4044 Οἱ
1028 3989 1139 4060 γὰρ
1185 3989 1403 4062 ἀνάγκη
1434 3991 1529 4044 καὶ
1570 3991 1660 4062 βίᾳ
1687 3992 1989 4047 ὑποταττό-

405 4102 558 4155 μενοι
591 4085 704 4147 τοῖς
730 4081 927 4147 ἀνάξια
965 4082 1275 4154 στρατηγοῦ
1319 4084 1456 4154 πρὸς
1488 4084 1687 4147 αὐτοὺς
1716 4085 1989 4155 πράττου-

401 4195 508 4238 σιν,
542 4175 817 4228 ἐπίϐουλοι
859 4174 1096 4244 μᾶλλον,
1144 4174 1258 4228 ἀλλ’
1291 4176 1352 4228 οὐ
1387 4175 1552 4244 φίλοι,
1598 4179 1690 4231 καὶ
1729 4178 1985 4248 φυγάδες,

401 4267 520 4321 ἀλλ’
544 4267 604 4318 ού
644 4263 1152 4334 συγκινδυνεύοντες
1188 4264 1542 4336 όφθήσονται.

473 4356 572 4409 σθ’.
614 4353 916 4426 Στρατηγῷ
953 4353 1147 4424 ἀγαθῷ
1193 4355 1358 4424 μηδὲν
1410 4355 1599 4428 ἓτερον
1647 4357 1990 4429 ἐπιτήδευμα

399 4447 517 4502 δέον
555 4449 818 4513 ἐπαινεῖν,
855 4445 972 4499 ἀλλ’
1002 4445 1034 4518 ἦ
1069 4446 1164 4500 δύο
1189 4444 1395 4509 ταύτας
1425 4462 1438 4476 ⁸
1473 4447 1572 4518 τὴν
1609 4448 1708 4517 μὲν
1745 4464 1986 4519 γεωργι-

401 4537 524 4608 κὴν,
559 4537 635 4600 ὡς
663 4536 969 4607 τρέφουσαν
997 4536 1124 4599 τοὺς
1152 4535 1510 4606 στρατιώτας,
1539 4537 1638 4607 τὴν
1676 4537 1732 4590 δὲ
1757 4525 1985 4608 πολεμι-

402 4629 526 4700 κὴν,
559 4628 633 4692 ὡς
659 4626 980 4682 ὲκδικοῦσαν
1007 4628 1099 4680 καὶ
1125 4628 1504 4697 φυλάττουσαν
1530 4628 1657 4690 τοὺς
1681 4628 1986 4699 τρέφοντας

403 4719 710 4792 γεωργούς.
747 4719 839 4772 Διὺ
871 4718 1072 4790 μᾶλλον
1118 4721 1211 4773 καὶ
1242 4720 1449 4772 τούτων
1477 4719 1586 4772 τῶν
1628 4719 1994 4790 ἐπιτηδευμά-

404 4829 515 4864 των
565 4809 945 4881 ὲπιμελεῖσϐαι
997 4828 1056 4864 σε
1094 4812 1202 4883 χρὴ
1252 4811 1404 4882 παρά
1453 4810 1521 4864 τὰ
1577 4811 1741 4882 ἕτερα
1791 4813 1991 4866 πάντα.

416 4905 631 4958 Ἐκεῖνα
665 4903 765 4973 μὲν
797 4903 906 4974 γάρ
954 4905 1063 4966 είσι
1095 4903 1238 4974 τάχα
1269 4905 1375 4964 καὶ,
1409 4905 1676 4976 περιττὰ,
1727 4902 1903 4958 ταῦτα
1934 4904 1993 4958 δὲ

404 5000 497 5054 καὶ
529 4999 940 5067 ἀναγκαιότατα
966 4999 1062 5052 καὶ
1092 5001 1358 5071 σωτήρια.

479 5101 568 5149 σι’.
607 5095 727 5148 ’Ἵνα
775 5094 832 5147 δὲ
874 5094 968 5146 καὶ
1017 5093 1358 5165 ἐνδοξότερος
1405 5094 1497 5149 καὶ
1549 5094 1826 5165 αἰδέσιμος
1858 5095 1989 5149 ἀνα-

403 5186 720 5252 δείκνυσαι,
773 5185 974 5254 μᾶλλον
1023 5184 1114 5237 τοῦ
1159 5185 1254 5238 σού
1298 5185 1670 5256 συμφέροντος
1716 5187 1777 5240 τὸ
1832 5189 1985 5258 κοινῇ

406 5277 686 5348 συμφέρον
725 5277 1001 5346 προτίμα,
1050 5276 1125 5339 ὡς
1165 5278 1259 5329 καὶ
1296 5275 1408 5330 ἄνω
1445 5295 1548 5332 που
1580 5278 1710 5348 ιοι).
1741 5281 1873 5349 ἡμῖν
1905 5280 1986 5331 sl;-

411 5383 596 5440 ρηται.
666 5366 778 5420 Καὶ
840 5367 950 5438 γὰρ
1007 5367 1212 5436 ἀγαθὸς
1275 5369 1578 5441 στρατηγός
1641 5369 1826 5434 ἐστιν,
1881 5371 1983 5423 οὐκ

404 5460 500 5512 ἐὰν
546 5461 640 5514 τὸν
675 5458 872 5512 ἑαυτοῦ
909 5459 1024 5530 βίον
1064 5458 1246 5523 καλῶς
1278 5459 1535 5528 διεξάγῃ,
1558 5459 1700 5512 ,ἀλλ’
1748 5462 1842 5514 ἐὰν
1889 5462 1984 5515 καὶ

402 5544 480 5605 ὧν
529 5553 688 5624 ἄρχει
724 5553 935 5616 τούτοις
976 5552 1247 5624 σωτηρίας
1293 5551 1464 5615 αἴτιος
1516 5551 1746 5619 γίνεται·
1785 5569 1983 5624 στρατ-

2091 3352 2239 3408 illius
2273 3351 2445 3422 gestis
2467 3391 2481 3417 ,
2515 3351 2622 3406 hoc
2656 3350 2734 3404 illi
2771 3350 2838 3405 de
2873 3349 3051 3404 salute
3086 3346 3246 3401 amici
3285 3356 3376 3400 aut
3410 3359 3518 3401 sua.
3547 3359 3684 3398 con-

2091 3445 2265 3500 dones
2298 3463 2312 3499 :
2347 3459 2472 3498 nam
2504 3452 2558 3499 et
2588 3444 2736 3513 pium
2771 3441 2974 3496 factum
3004 3439 3109 3493 hoc
3137 3439 3274 3502 erit,
3303 3445 3358 3493 et
3387 3437 3527 3492 alios
3555 3435 3681 3491 talis

2089 3536 2557 3592 remunerationis
2607 3549 2705 3606 spe
2759 3532 2828 3587 ad
2886 3547 2973 3588 res
3024 3530 3164 3586 bene
3213 3527 3484 3602 gerendas
3535 3526 3684 3583 exci-

2092 3628 2252 3683 tabis.

2161 3719 2288 3775 208.
2333 3718 2475 3775 Boni
2505 3716 2746 3790 praefecti
2777 3715 3047 3776 indicium
3073 3720 3128 3769 et
3156 3726 3354 3785 magna
3375 3708 3598 3766 virtutis
3625 3707 3693 3763 si.

2090 3811 2381 3884 gniﬁcatio.
2416 3819 2532 3877 est,
2569 3810 2614 3866 si
2645 3809 2880 3880 subjecti
2911 3807 3114 3863 milites
3149 3803 3464 3860 voluntario
3506 3801 3693 3856 animo

2092 3906 2169 3960 illi
2199 3905 2609 3978 obtemperent,
2633 3910 2688 3958 et
2715 3901 2758 3956 si
2791 3902 3011 3956 labores
3037 3905 3234 3969 sponte
3262 3910 3362 3950 sua
3392 3892 3692 3952 subierint,

2090 4004 2146 4052 et
2171 3997 2224 4051 in
2251 3997 2360 4051 illis
2381 3995 2728 4050 duraverint.
2753 3993 2891 4048 Nam
2919 3991 3013 4061 qui
3044 3989 3375 4045 necessitate
3401 3993 3454 4042 et
3480 3985 3528 4038 vi
3558 3981 3686 4039 sub-

2085 4089 2375 4159 jiciuntur,
2401 4087 2493 4161 qui
2524 4087 2746 4161 indigne
2775 4100 2835 4140 se
2859 4100 2923 4142 ac
2952 4091 3149 4139 contra
3175 4097 3337 4153 quam
3369 4078 3688 4150 praefectum

2091 4194 2190 4250 par
2211 4187 2296 4234 est
2319 4188 2539 4250 gerunt,
2565 4177 2642 4232 illi
2669 4176 3040 4239 insidiatores,
3069 4188 3176 4232 non
3204 4169 3393 4236 amici;
3426 4167 3693 4240 perfugae,

2091 4251 2196 4324 non
2231 4269 2604 4339 periclitantes
2630 4266 2935 4321 existimari
2965 4265 3186 4320 debent.

2157 4362 2285 4418 209.
2329 4360 2644 4431 Imperatori
2687 4359 2831 4414 bono
2871 4359 3023 4413 nulla
3069 4355 3250 4412 studia
3296 4356 3369 4410 ita
3414 4352 3690 4410 laudanda

2090 4471 2155 4512 ac
2189 4453 2536 4526 provehenda
2575 4460 2735 4518 sunt,
2767 4467 2832 4507 ae
2866 4450 3206 4522 agricultura
3238 4458 3292 4504 et
3327 4447 3524 4502 militia
3558 4465 3572 4500 :
3607 4445 3690 4500 al-

2092 4555 2210 4601 tera
2251 4559 2373 4612 quae
2417 4541 2811 4612 rempublicam
2856 4548 2910 4596 et
2956 4541 3156 4594 milites
3203 4539 3319 4604 alit,
3361 4537 3530 4591 altera
3571 4551 3694 4604 quae

2094 4635 2486 4706 rempublicam
2518 4633 2782 4698 defendit,
2817 4641 2872 4688 et
2903 4633 3173 4704 agricolas
3205 4631 3522 4693 laborantes
3553 4643 3686 4682 con-

2091 4733 2292 4782 servat.
2331 4725 2517 4794 ltaque
2555 4732 2706 4778 tanto
2743 4723 2919 4792 magis
2952 4721 3034 4776 ha:
3063 4719 3279 4775 caeteris
3311 4727 3440 4772 sunt
3476 4716 3690 4772 artibus

2090 4818 2482 4890 proponendae,
2538 4824 2748 4886 quanto
2803 4815 2909 4868 illa:
2942 4812 3214 4868 interdum
3271 4823 3697 4879 supervacancm

2089 4927 2212 4967 esse
2240 4918 2546 4966 cernuntur
2572 4925 2585 4962 :
2612 4906 2696 4961 hae
2719 4919 2934 4975 semper
2957 4903 3230 4960 salutares
3255 4910 3387 4958 sunt
3415 4909 3470 4956 et
3501 4915 3695 4956 neces-

2093 5002 2276 5058 seriae.

2169 5095 2296 5150 210.
2338 5094 2410 5149 Ut
2449 5089 2835 5162 suscipiendus
2879 5099 2933 5143 et
2975 5088 3282 5142 honoratus
3323 5086 3391 5140 ab
3431 5084 3691 5140 omnibus

2099 5187 2352 5249 habeare,
2385 5197 2734 5248 communem
2764 5181 3061 5237 utilitatem
3097 5179 3174 5234 rei
3205 5179 3451 5249 privatae,
3495 5192 3692 5247 quem-

2095 5277 2386 5334 admodum
2415 5291 2577 5346 supra
2605 5275 2988 5346 prieeepimus,
3015 5281 3306 5342 antepone.
3335 5269 3518 5323 Bonus
3540 5267 3689 5322 enim

2093 5374 2393 5440 imperator
2417 5377 2522 5434 est,
2556 5385 2665 5426 non
2700 5367 2792 5440 qui
2833 5367 2972 5422 bene
3002 5379 3157 5420 suam
3191 5363 3364 5434 ipsius
3393 5360 3558 5414 vitam
3588 5359 3686 5415 de-

2092 5459 2191 5532 git,
2221 5459 2316 5515 sed
2346 5458 2437 5528 qui
2469 5457 2734 5529 subjectis
2764 5457 2881 5514 suis
2915 5463 3108 5511 auctor
3135 5453 3331 5509 salutis
3363 5459 3468 5507 est.
3499 5449 3687 5519 Impe-

2093 5562 2244 5609 rator
2277 5554 2424 5610 enim
2464 5568 2575 5610 non
2615 5554 2737 5610 ideo
2773 5567 2801 5607 a
2847 5550 3003 5609 nobis
3043 5549 3300 5621 deligitur
3340 5557 3395 5603 ut
3439 5543 3544 5602 sibi
3582 5542 3686 5598 soli

1919 5667 2150 5725 NOTAE.

474 5763 586 5836 (QQ)
629 5762 866 5836 Ἐάν-δὲ
887 5764 1124 5836 ἐκεῖνοι..
1161 5763 1328 5836 Athle,
1353 5762 1688 5836 σιωπῶντες.
1719 5760 1980 5836 Necesse!

2085 5763 2128 5821 id
2163 5779 2364 5823 sensus
2395 5764 2584 5836 exigit.

479 5833 590 5900 (δὲ)
625 5833 730 5888 Καὶ
763 5834 886 5890 ἅνω
915 5851 1051 5890 που.
1086 5834 1462 5901 Scribchatur,
1504 5836 1598 5889 καὶ
1623 5834 1735 5890 ἅνω
1757 5833 1871 5889 τοῦ.
