4120 6444
449 341 582 406 1071

1700 345 1975 406 LEONIS
2008 349 2472 416 PHILOSOPIII

3578 338 3720 406 1072

437 452 745 518 Provideat,
778 452 872 508 sed
904 459 963 507 ut
990 453 1172 507 caeteri
1201 453 1292 522 qui
1324 455 1426 516 sub
1459 453 1685 525 imperio
1714 456 1832 525 ejus
1865 467 2015 522 sunt,

2146 463 2257 536 λγὸς
2318 464 2426 536 γὰρ
2477 459 2908 534 προχειρίξεται“
2959 457 3111 528 παρά
3157 456 3260 528 τῆς
3299 453 3576 528 ἡμετέρας
3620 456 3719 526 βαο

439 546 636 601 melius
667 546 830 599 vitam
860 544 1172 600 traducant.
1199 544 1332 599 Nam
1366 545 1488 600 ideo
1517 546 1583 601 ad
1615 547 1862 602 militiam
1891 559 2025 607 euut

440 653 632 692 omnes
674 646 734 692 ut
772 637 876 692 sibi
923 637 1116 691 melius
1159 637 1228 693 sit
1278 656 1291 692 :
1338 647 1390 694 et
1431 640 1856 710 imperatoribus
1900 629 2024 701 ideo

441 729 700 782 obediunt
737 737 795 783 ut
829 728 895 783 ad
928 729 1159 784 salutem
1191 729 1334 784 viam
1367 731 1473 786 illis
1508 732 1740 787 muniat.

2134 556 2378 618 σιλείας,
2431 555 2531 624 οὐχ
2585 554 2672 606 ἵνα
2701 551 2895 607 ἐαυτοῦ
2932 551 3114 614 καλῶς
3161 549 3472 620 ἐπιμεληθῇ
3526 548 3714 618 μόνον,

2129 648 2246 702 ἀλλ’
2286 648 2376 702 ἴνα
2427 648 2520 701 καὶ
2565 647 2616 700 οἱ
2658 643 3083 716 ἐπιμελούμενοι
3136 644 3270 715 παρ’
3320 641 3486 696 αὐτοῦ
3536 641 3721 704 καλῶς
3797 702 3808 708 _

2129 738 2508 807 διεξάγωνται.
2540 737 2651 792 Καὶ
2681 737 2790 808 γὰρ
2821 738 2918 792 καὶ
2951 734 3338 807 στρατεύονται
3372 732 3592 796 πάντες,
3630 732 3722 785 ἶνα

441 821 470 872 ὀ
504 818 616 889 βίος
645 819 826 882 αὐτοῖς
873 821 1079 891 βέλτιον
1119 821 1361 894 ὑπάρχῃ.
1397 824 1508 877 Καὶ
1552 827 1889 896 στρατηγοὺς
1921 827 2167 900 δέχονται
2211 833 2404 887 τούτου
2432 833 2599 887 αὐτοῦ
2630 831 2794 884 ἕνεκα
2819 869 2835 896 ,
2885 829 2972 883 ἵνα
3038 826 3177 899 πρὸς
3247 825 3319 879 ea:
3393 825 3536 879 καλά
3617 828 3720 880 καὶ

443 913 692 981 σωτήρια
723 911 988 980 ἡγεμόνες
1019 911 1203 976 αὐτοῖς
1236 913 1597 982 ὑπάρχουσιν.

511 1003 636 1056 211.
681 1004 967 1060 Exercitus
999 1007 1241 1061 universi
1275 1002 1422 1062 labes
1450 1016 1556 1074 est,
1587 1009 1946 1067 immodestia:
1972 1021 2026 1066 et

2199 1017 2325 1064 σια’.
2381 1010 2545 1080 Λύμη
2602 1005 2836 1078 στρατοῦ
2888 1004 3174 1078 τρυφητὴς
3231 1016 3577 1077 στρατηγὸς,
3625 1005 3723 1058 καὶ

444 1094 594 1149 luxui
632 1095 848 1150 deditus
889 1097 1211 1166 imperator.
1250 1096 1510 1154 Modestia
1545 1102 1689 1154 enim
1727 1111 1782 1157 et
1816 1104 2028 1158 ordinis

2146 1111 2385 1170 ἱτακτος.
2438 1107 2504 1160 Ἢ
2546 1107 2655 1176 γὰρ
2698 1103 2956 1169 εὐταξία,
3003 1103 3098 1156 καὶ
3126 1103 3160 1172 ἡ
3199 1101 3337 1172 μετά
3367 1102 3725 1173 σωφροσύνης

442 1200 568 1240 cum
611 1187 970 1255 temperantia
1012 1189 1388 1255 conservatio,
1430 1191 1700 1246 militibus
1739 1193 1794 1248 in
1837 1194 2030 1264 primis

442 1279 596 1334 utilis
625 1287 730 1336 est.
761 1279 908 1334 Nihil
941 1281 1087 1335 enim
1119 1281 1186 1334 ad
1218 1282 1342 1337 vine
1371 1284 1579 1338 cultmn
1615 1284 1670 1338 in
1703 1285 1846 1339 bello
1878 1286 2030 1342 aliud

443 1371 776 1426 afferendum
803 1385 907 1438 est,
933 1391 1093 1444 quam
1119 1375 1266 1444 quod
1292 1378 1666 1431 necessarium
1692 1387 1778 1433 est
1804 1395 1817 1432 :
1842 1379 2030 1434 luxum

444 1473 630 1516 autem
683 1481 860 1534 neque
910 1466 1108 1520 bellum
1161 1482 1338 1537 neque
1387 1482 1490 1537 pax
1541 1469 1722 1524 sobria
1771 1469 2032 1524 admittit.

444 1553 584 1620 Quid
625 1556 771 1610 enim
809 1573 990 1613 causa:
1021 1567 1105 1613 est
1139 1573 1382 1613 cur'non
1425 1560 1809 1629 turpissimum
1853 1561 1924 1616 sit
1957 1561 2038 1616 vi-

445 1663 567 1702 rum
611 1663 674 1702 ex
716 1663 859 1717 equo
901 1650 1241 1718 cauponari?
1279 1649 1453 1706 Omne
1492 1653 1637 1706 enim
1684 1651 1853 1706 robur
1888 1653 2036 1708 illius

2130 1200 2429 1272 ἐγκράτεια
2455 1239 2470 1265 ,
2507 1197 2744 1268 μάλιστά
2775 1199 2924 1251 ἐστιν
2947 1197 3059 1258 τοῖς
3103 1193 3556 1266 στρατευομένοις
3582 1194 3724 1264 χρή-

2137 1310 2319 1363 σιμος.
2349 1292 2468 1364 Χρὴ
2491 1291 2598 1362 γὰρ
2631 1290 2798 1361 μηδὲν
2822 1289 2949 1344 ἄλλο
2971 1286 3331 1358 ἐπιφέρεσθαι
3363 1287 3498 1354 πρὸς
3528 1287 3725 1356 χρείαν

2139 1383 2396 1456 βρώσεως
2435 1382 2469 1453 ἦ
2499 1383 2599 1452 τῆς
2627 1382 2793 1450 ἄλλης
2829 1379 3042 1450 διαίτης
3079 1378 3218 1449 πλὴν
3246 1379 3355 1432 τῶν
3383 1377 3720 1445 ἀναγκαίων.

2139 1477 2366 1549 Τρυφήν
2395 1477 2503 1547 γὰρ
2541 1474 2666 1529 οὔτε
2705 1475 2963 1542 πόλεμος,
2999 1470 3124 1527 οῦτε
3157 1473 3347 1542 εἰρήνη
3375 1471 3590 1541 δέχεται
3619 1487 3725 1524 σω·

2144 1570 2440 1642 φρονοῦσα·
2478 1567 2594 1632 πῶς
2627 1567 2737 1638 γάρ
2794 1567 2896 1620 οὐκ
2941 1565 3166 1637 αίσχρδν
3200 1565 3370 1636 ἀνδρα
3415 1564 3507 1617 ἐπὶ
3555 1565 3726 1616 ἵππου

2147 1662 2486 1733 καπηλεύειν
2507 1677 2522 1728 ;
2545 1658 2918 1730 διαφθείρεται
2944 1657 3052 1726 γάρ
3083 1657 3117 1726 ἡ
3148 1655 3398 1724 δύναμις,
3432 1654 3526 1706 καὶ
3550 1653 3725 1726 βλάϐη

448 1742 843 1811 corrumpitur,
885 1749 939 1796 et
985 1743 1245 1798 damnum
1291 1759 1400 1799 non
1452 1745 1729 1800 mediocre
1777 1744 2036 1800 infertur.

2148 1753 2208 1807 ού
2261 1751 2433 1823 μικρά
2462 1752 2694 1820 γίνεται.
2742 1749 2834 1802 Διὸ
2866 1747 3141 1817 πανταχοῦ
3172 1747 3271 1816 μὲν
3295 1746 3424 1808 τοὺς
3460 1746 3729 1816 ἄρχοντας

451 1833 636 1900 Itaque
665 1831 950 1902 prmfectos
975 1834 1202 1888 omnino
1227 1834 1532 1889 industrios
1555 1835 1704 1890 viros
1729 1851 1854 1891 esse
1879 1851 2044 1905 Opor-

2149 1842 2397 1914 ἀκριϐεῖς
2428 1838 2569 1895 εἶναι
2595 1841 2677 1894 δεῖ
2702 1838 2798 1893 xai.
2818 1837 3060 1900 δικαίους
3089 1838 3300 1908 ἄρχειν,
3333 1837 3566 1905 μάλιστα
3590 1837 3645 1888 δέ
3669 1838 3729 1888 ἐν

451 1934 544 1988 tet,
572 1925 830 1994 justeque
871 1927 1228 1997 imperantes,
1260 1935 1316 1982 et
1354 1927 1409 1981 in
1450 1943 1509 1982 re
1549 1927 1777 1983 militari
1818 1929 2039 1999 potissi-

2148 1937 2261 1999 τοῖς
2295 1936 2730 2006 στρατιωτικοῖς.
2779 1930 2950 1996 Ὀξείς
2976 1930 3035 1984 δὲ
3065 1931 3114 1982 oi
3147 1930 3349 2000 καιροὶ,
3377 1929 3472 1982 καὶ
3499 1926 3640 1992 ὀξεῖς
3670 1929 3728 1982 αἱ

453 2032 627 2070 mum.
662 2016 914 2073 Subitum
947 2019 1090 2072 enim
1131 2029 1346 2086 tempus
1380 2030 1434 2075 et
1467 2020 1663 2075 subitae
1695 2035 1782 2075 res
1817 2021 1871 2074 in
1903 2021 2039 2076 bello

2150 2028 2379 2099 πράξεις
2397 2027 2674 2094 ὀφείλουσι
2709 2025 2804 2079 καὶ
2833 2025 2926 2078 ἐπὶ⁵
2956 2023 3157 2086 παντὸς
3187 2021 3453 2090 πολέμου,
3489 2020 3726 2088 μάλιστα

451 2116 619 2175 gesta:
662 2123 785 2164 esse
823 2109 1002 2163 solent
1040 2126 1052 2162 :
1099 2110 1260 2179 idque
1293 2111 1564 2182 praecipue
1601 2113 1654 2166 in
1693 2113 1871 2166 navali
1911 2128 2043 2183 pra:-

450 2200 525 2252 lio
573 2201 839 2264 cernitur,
882 2201 1009 2271 quia
1057 2203 1292 2257 navibus
1343 2211 1455 2259 tota
1510 2204 1794 2260 dimicatio
1839 2206 2045 2261 transi-

448 2292 623 2362 genda
653 2303 759 2349 est.

515 2382 644 2436 2:2.
687 2384 988 2439 Sibcllum
1029 2385 1124 2440 tlbi
1163 2401 1288 2440 cum
1329 2389 1572 2442 exercitu
1615 2389 1853 2444 futurum
1896 2400 1975 2446 est
2015 2409 2045 2448 e

451 2475 642 2530 multis
673 2477 990 2545 regionibus
1023 2479 1288 2546 colleczo,
1317 2496 1384 2534 ne
1415 2481 1748 2550 prfestoleris
1779 2481 1956 2537 donec
1985 2484 2041 2538 in

451 2581 621 2618 unum
664 2565 844 2620 locum
879 2581 1300 2640 congregentur,
1336 2573 1430 2626 sed
1460 2571 1692 2648 dispersi
1724 2573 1905 2628 adhuc
1945 2573 2042 2630 abs

452 2665 505 2712 te
529 2659 612 2713 vel
642 2674 742 2714 sua
774 2660 826 2713 in
855 2662 1103 2731 regione,
1131 2662 1212 2717 vcl
1241 2663 1447 2719 aliisin
1477 2663 1613 2719 locis
1641 2675 1936 2736 antequam
1967 2668 2044 2722 si-

453 2751 564 2804 mul
599 2764 885 2820 cogantur,
918 2754 1203 2809 adoricudi
1247 2766 1394 2812 sunt.
1433 2754 1703 2826 Nuncque
1743 2760 1878 2814 adeo
1915 2775 2042 2814 cum

451 2859 514 2898 ex
541 2841 800 2916 Egypto,
833 2845 1010 2917 Syria,
1043 2845 1258 2913 Cilicia,
1289 2847 1514 2903 Barbari
1543 2849 1812 2907 adversus
1842 2850 2044 2906 Roma-

452 2951 552 2990 nas
580 2938 764 3006 copias
791 2953 850 2992 se
878 2939 1194 3003 instruant,
1227 2942 1406 2996 navali
1440 2943 1621 2997 classe
1652 2957 1716 2996 ac
1747 2944 2045 2998 navari-bis

451 3029 665 3100 Cyprus
695 3032 1038 3100 occupanda,
1071 3042 1125 3087 et
1161 3034 1484 3104 priusquam
1521 3034 1810 3090 barbarica
1845 3036 2043 3091 classis

2143 2121 2204 2175 δὲ
2255 2120 2348 2173 τοῦ
2400 2120 2545 2172 κατὰ
2599 2118 2904 2172 θάλασσαν,
2933 2116 3022 2170 διὰ
3064 2114 3373 2184 ναυμαχίας
3422 2117 3502 2178 είς
3546 2113 3729 2185 μάχην

2149 2211 2567 2282 συνισταμένου.

2218 2387 2342 2456 σιβ¹.
2382 2387 2507 2440 Ἐὰν
2533 2386 2775 2459 πολεμῇς
2811 2387 2946 2458 πρὸς
2975 2386 3293 2457 ἀνθρώπους
3317 2387 3382 2439 ἐκ
3409 2385 3618 2440 πολλῶν
3641 2387 3732 2442 τό,

2149 2498 2266 2534 πων
2300 2479 2748 2550 συλλεγομένους,
2789 2473 2834 2534 ὦ
2875 2479 3168 2549 στρατηγέ,
3209 2479 3326 2532 δέον
3355 2496 3414 2533 σε
3452 2479 3529 2550 μὴ
3569 2496 3733 2550 περι-

2151 2573 2333 2643 μένειν
2372 2573 2477 2635 ἕως
2507 2574 2586 2636 είς
2622 2573 2679 2624 ἓν
2729 2571 3089 2642 συναχθῶσιν.
3146 2572 3285 2624 Ἀλλ’
3315 2571 3434 2626 ἔστι
3477 2573 3732 2642 ἐπαρμέ-

2148 2682 2256 2728 νοις
2280 2663 2390 2735 (62)
2415 2665 2618 2728 αὐτοῖς,
2639 2663 2827 2733 ἥκατά
2847 2664 2944 2731 τῆς
2963 2661 3106 2734 [τὴν]
3125 2663 3259 2725 ἰδίας
3273 2662 3457 2734 χώρας
3478 2663 3730 2730 ἕκαστον,

2147 2759 2180 2831 ἢ
2209 2760 2288 2821 είς
2320 2759 2541 2828 ἐτέρους
2573 2757 2795 2820 τόπους,
2831 2756 2963 2827 πρὶν
3001 2756 3034 2826 ἢ
3078 2755 3408 2809 συνέλθωσιν
3437 2757 3728 2826 ἐπιχείρει·

2149 2854 2243 2906 καὶ
2270 2850 2364 2904 νῦν
2403 2851 2460 2904 δὲ
2490 2853 2601 2914 τοῖς
2633 2849 2691 2916 ἐξ
2744 2848 3026 2916 Αἰγύπτου
3056 2849 3150 2902 καὶ
3191 2849 3392 2920 Συρίας
3431 2848 3529 2900 καὶ
3576 2847 3732 2900 Κιλι-

2148 2945 2271 3008 κίας
2303 2943 2714 3014 ἀθροιζομένοις
2752 2941 3057 3012 Βαρϐάροις
3106 2940 3242 3006 πρὸς
3273 2942 3373 3011 τὴν
3410 2940 3553 2994 κατά
3592 2941 3730 2992 Ῥω-

2151 3035 2328 3104 μαίων
2365 3033 2723 3104 ἐκστρατείαν
2765 3034 2884 3087 δέον
2930 3034 3042 3096 τοῖς
3083 3031 3353 3100 πλωΐμοις
3403 3034 3730 3102 στρατηγοῖς

453 3121 508 3175 in
536 3138 704 3176 unum
729 3133 906 3190 coeat,
931 3125 1066 3180 satis
1089 3125 1239 3192 justa
1261 3134 1314 3180 et
1340 3126 1626 3182 commoda
1655 3128 1833 3182 classe
1855 3135 2039 3187 nostra

2150 3128 2246 3180 σὺν
2277 3127 2353 3196 τῷ
2378 3125 2624 3196 ναυτικῷ
2673 3125 2846 3196 στόλῳ
2885 3123 2984 3195 τὴν
3020 3124 3246 3194 Κύπρον
3294 3122 3727 3185 καταλαϐόντας,

453 3229 516 3269 ea
559 3215 802 3284 dispersa
833 3217 1010 3272 adhuc
1045 3217 1347 3272 invadenda
1376 3225 1460 3274 est
1494 3237 1506 3274 :
1541 3219 1623 3274 vel
1654 3219 1974 3290 priusquam
2013 3236 2045 3277 ο

453 3307 676 3380 regione
703 3325 800 3365 sua
827 3319 1044 3376 exeant,
1073 3311 1266 3368 classis
1295 3312 1515 3368 illorum
1543 3313 1590 3369 si
1621 3313 1736 3368 ﬁeri
1764 3321 1944 3384 potest
1969 3315 2044 3369 in-

453 3401 729 3458 cendenda
759 3412 861 3459 cst.

521 3669 649 3722 213.
695 3669 980 3726 Exercitus
1014 3671 1090 3725 lui
1124 3671 1364 3726 universi
1397 3672 1646 3741 corporis
1677 3674 1836 3744 quasi
1875 3675 2047 3730 medi-

454 3775 577 3814 cum
619 3771 670 3815 te
708 3761 950 3816 arbitror
978 3777 1100 3820 esse
1132 3781 1146 3816 :
1179 3763 1364 3834 itaque
1405 3764 1564 3832 quasi
1604 3779 1782 3820 causa:
1823 3766 2043 3820 morbo-

410 3877 416 3882 ι
455 3865 575 3904 rum
602 3851 668 3906 ab
691 3853 935 3906 exercitu
962 3868 1056 3923 per
1084 3860 1137 3908 te
1161 3853 1438 3924 abigendae
1459 3863 1607 3919 sunt,
1636 3856 1831 3921 otium,
1855 3856 2039 3922 luxus,

455 3955 725 4016 sumptus,
757 3947 1202 4018 intemperantia,
1228 3948 1618 4013 divinationes,
1647 3951 1920 4019 auspicia.
1948 3965 2044 4004 au-

453 4039 633 4110 guria,
675 4040 968 4104 insomnia,
1006 4057 1128 4110 qua:
1171 4040 1354 4095 omnia
1403 4041 1506 4097 abs
1551 4049 1604 4095 te
1643 4057 1787 4097 verae
1828 4043 2048 4113 pietatis

454 4131 667 4185 cultore
699 4131 1098 4188 contemnenda
1131 4141 1282 4196 sunt,
1313 4131 1418 4188 nisi
1452 4132 1518 4185 ad
1545 4131 1788 4186 victoria:
1819 4133 2046 4186 simula-

455 4222 658 4277 tionem
692 4225 965 4280 interdum
999 4226 1107 4280 illis
1141 4226 1408 4281 abutaris.
1438 4225 1626 4296 Neque
1655 4227 1801 4280 enim
1837 4241 1934 4295 par
1964 4233 2048 4281 est

457 4321 516 4364 ut
549 4313 614 4368 ad
641 4315 890 4370 victoria:
921 4316 1117 4371 salutis
1149 4333 1300 4386 spem
1330 4318 1601 4388 ejusmodi
1633 4320 1790 4390 signa
1820 4319 2048 4389 impera-

457 4417 602 4459 tores
639 4416 920 4474 quaerant,
953 4409 1046 4462 sed
1081 4411 1337 4465 cautione
1374 4412 1798 4481 provisioneque
1834 4427 1933 4467 sua
1975 4412 2040 4470 ad

454 4517 646 4556 omnes
684 4516 772 4555 res
807 4500 1190 4570 suscipiendas
1223 4512 1486 4571 quantum
1522 4511 1753 4573 possunt
1787 4513 2038 4559 utantur.

455 4591 560 4648 Sed
591 4601 646 4648 et
679 4593 815 4647 lucri
852 4593 1127 4663 cupiditas
1158 4594 1425 4664 ejicienda
1457 4605 1723 4666 quantum
1757 4606 1937 4667 potest
1971 4614 2038 4652 ex

454 4686 697 4740 exercitu
729 4693 812 4740 cst
844 4704 857 4739 :
888 4687 1060 4740 multa
1090 4686 1235 4742 enim
1267 4701 1364 4756 per
1392 4687 1532 4742 hanc
1561 4688 1915 4758 cupiditatem
1946 4691 2038 4743 dc-

453 4779 708 4834 trimenta
740 4780 793 4834 in
824 4780 1071 4834 militiam
1104 4780 1386 4850 importari
1417 4790 1528 4838 tum
1557 4795 1620 4836 ex
1650 4781 1893 4852 antiquis
1924 4791 2039 4836 tum

455 4885 520 4925 ex
558 4873 958 4929 recentioribus
997 4873 1364 4944 scriptoribus
1400 4873 1782 4944 cognovimus.
1822 4874 2044 4929 Divina-

458 4962 699 5018 tionibus
737 4972 919 5018 autem
963 4973 1017 5019 et
1061 4965 1353 5021 insomniis
1400 4965 1619 5035 quidam
1667 4962 1793 5020 freti
1833 4964 2045 5036 decepti

455 5062 613 5122 sunt,
640 5063 694 5111 et
722 5055 952 5112 salutem
982 5037 1140 5114 suam
1173 5057 1374 5115 misere
1403 5057 1794 5128 prodiderunt.

524 5327 652 5392 214.
695 5329 924 5388 Liberos
955 5339 1078 5388 tuos
1109 5340 1163 5388 et
1191 5332 1458 5389 nobilium
1493 5332 1732 5388 virorum
1769 5331 2038 5387 militum-

455 5437 562 5490 quc
599 5421 737 5477 ﬁlios
773 5432 951 5478 tecum
990 5425 1044 5478 in
1081 5425 1430 5496 expeditione
1463 5425 1666 5480 habeas
1705 5443 1717 5480 :
1755 5425 1859 5479 hoc
1891 5423 2035 5479 enim

456 5511 579 5568 illus
617 5514 772 5584 longe
811 5515 1196 5583 prudentiores
1228 5516 1443 5581 reddet,
1478 5517 1526 5571 si
1557 5517 1925 5588 c0guitionem
1961 5515 2038 5571 si-

2149 3219 2254 3288 πρὸ
2283 3218 2375 3272 τοῦ
2412 3218 2750 3287 συναφθῆναι
2776 3217 2874 3280 τὰς
2905 3214 3249 3285 βαρϐαρικὰς
3277 3215 3429 3280 ναῦς,
3468 3217 3731 3269 ἀποστεῖ-

2146 3310 2234 3364 λαι
2269 3311 2388 3362 κατ’
2422 3309 2604 3362 αὐτῶν
2637 3309 2883 3378 πλώϊμον
2917 3305 3148 3374 δύναμιν
3189 3305 3378 3374 ἱκανὴν
3415 3306 3732 3372 καταγωνί-

2151 3395 2345 3449 σασθαι
2386 3395 2482 3464 τὴν
2545 3393 2890 3466 βαρϐαρικὴν
2939 3392 3248 3462 ναυμαχίαν
3299 3394 3414 3445 ἐστὶ
3459 3393 3731 3464 διῃρημέ-

2149 3503 2245 3557 νην
2277 3487 2409 3555 (65),
2439 3486 2469 3554 ἦ
2500 3487 2597 3550 τὰς
2619 3486 2748 3548 ναῦς
2770 3485 2993 3539 ἐκείνων
3017 3483 3306 3554 ἐμπρῆσαι
3332 3484 3438 3556 πρὸ
3465 3483 3558 3538 τοῦ
3589 3486 3732 3538 ἀπο-υ

2150 3578 2381 3631 πλεῦσαι
2411 3580 2509 3646 τῆς
2542 3579 2698 3642 ἰδίας.

2224 3678 2351 3740 σιγ⁹.
2405 3672 2806 3742 Ὑπολαμϐάνω
2848 3689 2904 3724 σε
2945 3673 3127 3741 ίατρδν
3163 3671 3326 3725 οἰονεὶ
3361 3669 3600 3740 μεγάλου
3630 3667 3733 3722 σώ-

2154 3782 2324 3835 ματος
2377 3762 2472 3816 τοῦ
2522 3762 2956 3833 στρατεύματος.
2999 3765 3109 3817 Καὶ
3144 3765 3249 3834 χρή
3300 3779 3358 3815 σε
3405 3761 3594 3830 ὥσπερ
3635 3761 3734 3827 τῆς

2150 3857 2306 3910 νόσου
2340 3855 2437 3918 τὰς
2476 3854 2656 3919 αἰτίας
2696 3853 3006 3918 ἐξελαύνειν
3053 3853 3148 3907 τοῦ
3185 3850 3453 3924 στρατοῦ,
3483 3847 3597 3905 οἷον
3630 3852 3732 3920 ἀρ-

2149 3948 2294 4019 γίαν,
2324 3946 2556 4019 τρυφὴν,
2591 3945 2960 4009 πολυτέλειαν,
2997 3945 3260 4009 ἀσωτίαν,
3301 3942 3437 3996 ἀλλὰ
3476 3942 3568 3996 καὶ
3603 3959 3737 4010 μαν-

2148 4043 2324 4109 τείας,
2359 4042 2456 4096 καὶ
2497 4040 2766 4109 σύμϐολα,
2807 4040 2906 4092 καὶ
2951 4038 3308 4106 οἰωνισμοὺς,
3333 4037 3426 4089 καὶ
3457 4036 3732 4105 ὀνείρους⁶

2153 4135 2387 4206 μάλιστα
2421 4133 2618 4203 εύσεόἦ
2659 4132 2996 4202 τυγχάνοντα
3031 4130 3161 4203 περὶ
3201 4129 3264 4184 τὸ
3294 4129 3449 4182 Θεϊον
3487 4128 3737 4198 παρορᾷν

2151 4245 2210 4280 σε
2251 4227 2379 4298 χρὴ,
2429 4227 2478 4277 εί
2532 4224 2606 4295 μή
2668 4241 2754 4286 τις
2803 4223 3016 4293 ἀνάγκη
3077 4222 3172 4274 καὶ
3219 4220 3426 4274 τούτων
3480 4223 3736 4290 παρεῖναι

2152 4320 2511 4390 προσποίησιν
2536 4317 2670 4388 (64).
2699 4317 2772 4369 Οὐ
2797 4315 2905 4385 γὰρ
2929 4316 3197 4384 προσήκει
3225 4313 3403 4366 ταῦτα
3423 4311 3732 4382 στρατηγῷ,

2150 4410 2270 4464 οὐδὲ
2315 4409 2450 4480 πρὸς
2487 4407 2648 4476 νίκην
2690 4405 2784 4458 καὶ
2833 4403 3107 4473 σωτηρίαν
3156 4401 3248 4455 διὰ
3295 4401 3554 4472 προνοίας
3602 4400 3737 4462 ἰδίας

2148 4505 2349 4574 σημεῖα
2395 4501 2626 4572 κρίνειν,
2661 4498 2797 4552 ἀλλὰ
2845 4498 3094 4568 προνοεῖν
3124 4494 3419 4564 ἀσφαλῶς,
3465 4492 3562 4545 καὶ
3601 4491 3737 4561 πρὸς

2146 4595 2216 4649 τὰ
2243 4593 2580 4667 προκείμενα
2609 4590 2746 4661 μετά
2776 4590 3057 4660 ἀγχινοίας
3080 4587 3175 4640 καὶ
3198 4587 3396 4656 πείρας
3422 4584 3520 4648 τὰς
3539 4581 3734 4637 ἐαυτοῦ

2147 4687 2374 4757 πράξεις
2405 4683 2700 4752 διεξάγειν.
2737 4684 2962 4737 Πάντων
2993 4680 3049 4734 δὲ
3088 4680 3323 4750 μάλιστα
3349 4678 3444 4748 τὴν
3477 4675 3735 4747 πορνείαν

2147 4778 2411 4848 ἐξορίζειν
2453 4775 2632 4846 χρεὼν
2672 4775 2765 4828 τοῦ
2807 4772 3239 4844 στρατεύματος.
3275 4771 3492 4840 Ταύτην
3526 4769 3636 4837 γὰρ
3667 4767 3737 4820 τὰ

2151 4871 2384 4942 μέγιστα
2408 4868 2554 4921 κακά
2578 4867 2806 4934 ἐπάγειν
2835 4866 2930 4918 καὶ
2953 4865 3010 4916 ἐν
3035 4866 3154 4929 ταῖς
3183 4863 3442 4924 παλαιαῖς
3471 4859 3737 4929 ἱστορίαις

2148 4959 2243 5014 καὶ
2271 4961 2327 5012 ἐν
2366 4959 2484 5021 ταῖς
2515 4960 2732 5020 καιναῖς
2768 4958 2882 5020 τοῖς
2909 4955 3315 5026 στρατεύμασιν
3359 4952 3732 5023 ἀνεμάθομεν.

2161 5050 2323 5104 Ἀλλά
2370 5051 2465 5104 καὶ
2505 5047 2754 5119 σημείοις
2798 5047 2945 5108 τινὲς
2999 5046 3093 5099 καὶ
3136 5046 3365 5118 ὀνείροις
3413 5042 3737 5104 πεποιθότες

2150 5144 2410 5206 πολλάκις
2433 5141 2778 5214 ἐψεύσθησαν
2800 5141 2896 5194 καὶ
2919 5139 3200 5194 ἀπώλοντο
3222 5139 3322 5208 τῆς
3354 5137 3581 5191 ἐκείνων
3609 5135 3734 5204 κρί-

2151 5252 2288 5300 σεως
2308 5234 2733 5304 ἀστοχήσαντες.

2219 5326 2336 5380 σιὸ’.
2374 5321 2867 5394 Συνεκστρατεύειν
2911 5320 3052 5392 μετά
3079 5319 3308 5374 σεαυτοῦ
3346 5317 3475 5381 τούς
3511 5332 3570 5370 τε
3607 5313 3737 5376 σοὺς

2147 5419 2300 5480 υἱοὺς
2348 5414 2583 5470 καὶτῶν
2633 5412 2925 5482 ἐπισήμων
2967 5411 3057 5464 ἐπ’
3101 5410 3327 5483 ἀνδρεία
3378 5408 3657 5478 ἀρχόντων
3700 5403 3735 5474 ἦ

2147 5507 2496 5581 στρατιωτῶν
2525 5505 2625 5559 οὐκ
2651 5504 2934 5573 ἀδόκιμον,
2967 5503 3104 5557 ἀλλὰ
3135 5505 3231 5558 καὶ
3261 5505 3462 5574 τρόπον
3487 5498 3622 5570 ἡγοῦ
3633 5515 3735 5570 μαι

2000 5627 2235 5684 NOTAE.

514 5715 647 5805 1(6’2)
685 5719 810 5770 "Et:
841 5719 1264 5787 ἐσπαρμένοις.
1302 5719 1654 5775 Scribebatur
1679 5762 1691 5786 ,
1724 5721 1837 5772 ἔστι
1886 5722 2048 5792 ἐπαρ-

467 5799 668 5842 μ;νοις.

2233 5716 2344 5784 (65)
2389 5715 2545 5769 Ἐστι
2586 5714 2975 5784 διῃρημένην.
3011 5710 3396 5784 Seribc,€1t8.

2221 5781 2333 5849 liii)
2367 5781 2797 5847 Προσποίήονιιὲ.
2830 5785 3209 5847 Srribebatur,
3245 5783 3378 5851 πρὸς
3405 5781 3644 5850 πίνησιν.
