4120 6448
435 324 575 412 1075

1671 352 1948 414 LEONIS
1980 350 2447 414 PHILOSOPIH

3556 351 3694 415 1076

426 465 513 519 vel
548 462 711 517 altam
744 461 999 531 quamvis
1030 461 1307 517 nationem
1328 504 1344 527 ,
1381 471 1442 516 ut
1475 462 2005 532 interrogationibus

2122 480 2156 515 ει
2186 464 2372 533 ὅμοιον
2406 463 2653 534 ἐπράχθη
2712 462 2843 517 ποτὲ
2886 463 2917 537 ἢ
2957 463 3109 535 παρά
3153 464 3239 516 σοὶ
3281 463 3313 533 ἢ
3365 463 3498 534 παρ’
3531 467 3705 536 ἑτέρῳ

428 563 485 610 ιιι
512 570 767 611 sermone
796 564 890 608 tuo
914 553 1151 611 videaris
1182 555 1479 611 multarum
1508 571 1692 612 rerum
1721 572 1930 612 memor
1953 566 2009 613 et

431 650 639 717 peritus
667 661 808 703 esse.

497 740 624 797 220.
666 740 745 793 Ad
782 755 903 809 quae
935 739 1056 795 loca
1089 742 1176 796 vel
1216 741 1471 798 civitates
1504 742 1740 799 classem
1773 745 2012 801 emissu-

430 846 523 885 rus
571 846 632 885 es
679 831 885 886 nemini
935 831 1180 889 indican:
1226 843 1476 905 oportet,
1522 836 1618 890 sed
1667 838 2013 893 occultanda:

2116 554 2258 608 ἔθνει
2298 570 2311 583 ⁸
2342 556 2428 609 ἵνα
2450 556 2508 608 ὲν
2523 558 2644 618 ταῖς
2667 556 2999 627 ἐρωτήσεσιν
3026 556 3120 609 καὶ
3142 555 3455 625 συντυχίαις
3472 556 3707 629 ἐκπλήσο

2117 663 2217 721 σῃς
2246 647 2442 710 αὑτοὺς
2466 647 2541 710 ὼς
2570 648 2712 702 πάνυ
2742 649 3076 718 μνημονικὸς
3105 648 3200 701 καὶ
3240 648 3592 718 πολύπειρος.

2188 746 2291 793 σκ¹.
2325 734 2427 792 Ὦν
2458 740 2621 793 ’ἑνεκα
2658 740 2690 809 ἢ
2715 740 2897 794 τόπων
2921 741 3052 793 ποτὲ
3077 740 3109 810 ἢ
3140 740 3351 793 πόλεων
3392 740 3705 811 ἐκπέμπειν

2120 829 2337 899 μέλλεις
2375 830 2630 883 ναυτικὸν
2663 829 2845 883 στόλον
2872 870 2887 894 ,
2928 829 3195 900 κρύπτειν
3229 847 3288 882 σε
3316 830 3398 882 δεῖ
3435 829 3531 882 καὶ
3575 833 3704 895 τοὺς

428 924 611 979 animo
653 923 906 982 civitates
950 933 1100 989 sunt,
1145 934 1207 980 ut
1252 942 1413 981 nemo
1456 926 1526 981 de
1570 928 1767 983 classis
1815 930 2013 985 itinere

2122 920 2315 984 τόπους
2338 921 2432 974 καὶ
2454 922 2556 984 τὰς
2577 922 2784 983 πόλεις.
2816 920 2957 975 ὥστε
2992 922 3196 991 μηδένα
3227 923 3564 991 προγνῶναι,
3595 922 3702 978 ποῦ

427 1012 725 1081 quidquam
770 1016 1107 1082 praesentiat.
1151 1015 1468 1071 Mandatum
1510 1031 1693 1075 autem
1734 1020 2010 1088 quoddam

2122 1012 2562 1083 μέλλειγίνεσθαι
2594 1014 2624 1065 ό
2670 1012 2999 1075 κατάπλους.
3032 1014 3314 1083 Ἕνταλμα
3351 1015 3409 1067 δὲ
3451 1016 3697 1085 γράψας,

428 1103 626 1157 litteris
658 1106 1018 1172 conscribes,
1053 1107 1196 1175 quod
1237 1108 1328 1162 ubi
1363 1108 1630 1179 scriptum
1668 1109 1833 1165 fuerit
1866 1112 2017 1166 obsi-

2122 1102 2276 1157 τοῢτο
2303 1107 2747 1174 σφραγισάμενος
2782 1104 3043 1173 ἀσφαλῶς
3079 1105 3264 1168 ἐπίδος
3309 1106 3389 1176 τῷ
3442 1107 3709 1161 καθιστα-

427 1195 646 1264 gnabis,
671 1204 726 1251 et
752 1198 1032 1253 navarcho
1059 1199 1268 1263 trades,
1295 1201 1693 1272 pracipiesque
1720 1203 1798 1257 illi
1831 1212 1892 1258 ut
1918 1204 2013 1258 ubi

2122 1197 2270 1266 μένῳ
2299 1196 2453 1266 παρά
2479 1194 2573 1248 σοῦ
2610 1197 2889 1265 ναυάρχῳ,
2928 1194 3017 1249 ἵνα
3046 1196 3187 1249 κατά
3212 1197 3275 1248 τὸ
3304 1196 3543 1266 πέλαγος
3564 1199 3710 1265 ἐξελ-

427 1303 579 1344 mare.
614 1290 899 1361 ingressus
936 1291 1121 1359 fuerit,
1160 1294 1400 1364 sigillum
1446 1296 1679 1364 aperiat,
1712 1307 1769 1352 et
1802 1312 2014 1369 cogno-

2122 1288 2248 1353 θὼν,
2279 1290 2401 1342 τότε
2432 1282 2570 1361 λύσῃ
2597 1289 2697 1359 τὴν
2733 1288 3026 1359 σφραγίδα,
3058 1290 3153 1341 καὶ
3199 1288 3345 1360 μάθῃ
3387 1291 3491 1343 πού
3522 1292 3709 1361 μέλλει

427 1390 545 1436 seat
587 1399 696 1453 quo
738 1385 919 1441 iturus
957 1387 1050 1442 sit.
1092 1387 1171 1442 Ita
1214 1388 1353 1443 clam
1398 1390 1586 1446 hostes
1626 1405 1737 1461 quo
1776 1391 2015 1447 volueris

2122 1382 2467 1454 πορεύεσθαι.
2516 1382 2702 1445 Οὐτως
2730 1382 2839 1454 γὰρ
2874 1383 3111 1452 ποιήσας
3162 1381 3335 1452 λάθῃς
3381 1383 3507 1447 τοὺς
3545 1383 3707 1437 πολε-

428 1490 740 1545 pervenies.

500 1568 625 1621 22L
664 1568 835 1639 Leges
863 1570 1129 1626 militares
1156 1582 1321 1643 atque
1350 1574 1720 1645 imperatoria:
1749 1575 1795 1631 si
1826 1584 2015 1631 custo-

431 1659 671 1725 diantur,
704 1662 941 1719 victores
982 1663 1155 1719 duces
1193 1666 1496 1721 honoratos
1537 1678 1591 1722 et
1632 1668 2017 1722 memorabiles

430 1752 670 1818 faciunt,
702 1761 756 1808 et
787 1755 1008 1823 regibus
1038 1758 1281 1812 lat-titiam
1313 1760 1852 1829 ublectationemque
1881 1759 2017 1815 εσθ-

428 1853 583 1909 runt,
607 1852 662 1898 et
691 1845 758 1899 ad
789 1847 1127 1903 deditionem
1160 1865 1463 1919 pacemque
1494 1853 1683 1908 hostes
1710 1862 1936 1923 COgunt,
1962 1861 2017 1908 et

430 1936 499 1989 ab
518 1937 775 1993 omnibus
800 1940 1308 2007 perturbationibus
1332 1944 1615 2013 subjectos
1640 1953 1863 2001 nostros
1886 1947 2017 2001 libe-

431 2036 577 2091 rant,
603 2029 713 2084 imo
733 2046 863 2085 vero
884 2033 1183 2090 multorum
1211 2034 1478 2090 honormn
1506 2046 1667 2107 atque
1691 2038 2017 2093 salutarium

430 2135 612 2179 causa:
636 2132 785 2187 sunt,
808 2135 862 2178 et
888 2122 983 2179 Dei
1010 2140 1138 2193 erga
1166 2127 1292 2182 illos
1322 2127 1761 2184 benevolentiam
1790 2138 2016 2200 augent,

428 2219 485 2267 et
511 2212 579 2266 ad
609 2214 938 2269 laudandum
968 2215 1136 2271 Deum
1168 2233 1363 2273 omnes
1392 2219 1648 2276 homines
1676 2221 1796 2291 pios
1827 2220 2020 2291 impel-

432 2305 571 2360 lunt.
607 2306 715 2361 llas
747 2308 913 2379 igitur
942 2310 1087 2382 leges
1119 2312 1276 2381 quasi
1315 2314 1601 2379 maximas,
1636 2317 1884 2369 omnium
1920 2317 2019 2371 bo-

432 2414 627 2451 norum
660 2401 961 2456 secundum
994 2402 1160 2457 Deum
1189 2408 1656 2470 conservatrices,
1682 2416 1736 2461 et
1765 2423 2019 2462 commu-

433 2490 521 2549 nis
543 2490 735 2545 salutis
762 2493 1350 2561 prospicientissimas,
1375 2498 1525 2550 omni
1547 2497 2020 2566 diligentia'atque

433 2583 785 2638 observantia
813 2585 984 2650 coles,
1015 2594 1071 2639 et
1101 2594 1231 2642 ante
1260 2588 1445 2641 ciiinia
1476 2589 1694 2643 divinas
1723 2589 1891 2658 leges.
1921 2606 2018 2645 ve-

435 2688 607 2743 raque
664 2674 811 2729 illius
871 2684 1138 2745 praecepta
1196 2677 1398 2744 quibus
1450 2678 1626 2746 pietas
1680 2680 2017 2741 continetur,

434 2781 650 2821 summo
682 2768 863 2822 studio
892 2776 947 2822 et
973 2776 1238 2837 perpetuo
1266 2771 1519 2839 sequaris
1549 2789 1563 2825 :
1595 2770 1667 2824 ita
1700 2772 1845 2824 enim
1878 2773 2020 2840 epti-

436 2873 583 2913 mum
621 2858 908 2927 imperium
944 2858 1065 2917 ﬁet,
1097 2868 1153 2914 et
1187 2859 1297 2917 Deo
1332 2861 1710 2917 universitatis
1746 2862 1875 2931 Regi
1916 2864 2020 2917 Do-

435 2949 692 3019 minoque
720 2961 909 3005 nostro
932 2949 1059 3006 Jesu
1088 2952 1331 3017 Christo,
1356 2960 1410 3008 et
1439 2954 1599 3010 nobis
1625 2955 1716 3024 qui
1745 2970 1840 3024 per
1864 2955 2016 3009 illum

434 3058 748 3112 rcgnamus,
780 3045 1145 3114 complacitus
1175 3045 1305 3102 eris.

763 3224 1144 3296 Argumentum
1186 3225 1311 3280 libri
1348 3228 1402 3280 in
1446 3227 1687 3299 Epilogo.

504 3316 558 3370 l.
592 3314 662 3371 Ut
694 3315 858 3387 igitur
883 3317 1065 3372 omnia
1098 3334 1260 3388 quam
1293 3320 1617 3376 brevissime
1647 3336 1676 3374 a
1708 3322 1866 3376 nobis
1894 3322 2020 3376 uui-

436 3422 597 3461 verso
644 3407 745 3461 hoc
792 3407 933 3461 libro
977 3411 1261 3473 conclusa,
1310 3413 1627 3466 summatim
1681 3420 2018 3481 repetamus,

436 3498 542 3553 hoc
576 3499 628 3552 in
667 3499 860 3568 primis
889 3500 1141 3570 dignitati
1173 3510 1279 3557 tua:
1312 3504 1685 3573 praecipimus,
1720 3514 1777 3559 ut
1806 3520 1915 3575 qua
1950 3505 2021 3561 de

436 3605 606 3645 causa
639 3590 1029 3660 imperatores,
1063 3605 1328 3663 quantum
1364 3603 1518 3665 potes
1550 3597 1782 3663 cilicias,
1819 3606 1877 3651 ut
1902 3613 2023 3651 om-

440 3702 536 3741 nes
563 3687 654 3755 qui
685 3688 787 3742 sub
818 3688 1050 3759 imperio
1081 3698 1177 3745 tuo
1209 3700 1357 3753 sunt,
1389 3692 1557 3745 vitam
1588 3708 1752 3761 quam
1786 3694 2022 3749 maxime

442 3781 790 3849 tranquillam
821 3788 875 3836 et
908 3796 1159 3836 securam
1192 3783 1409 3853 degant.

512 3870 569 3929 2.
608 3872 686 3927 Ae
721 3873 957 3943 primum
992 3873 1261 3942 quidquid
1296 3874 1545 3929 dicturus
1581 3875 1894 3932 facturusve
1927 3892 2020 3942 es,

440 3979 468 4015 a
505 3962 613 4018 Deo
642 3965 973 4035 principium
1005 3966 1224 4029 haheat,
1258 3966 1509 4036 nihilque
1538 3968 1658 4024 sine
1688 3969 1836 4025 illius
1869 3985 2022 4024 com-

440 4059 835 4115 memoratione
865 4073 931 4115 ac
961 4058 1351 4130 deprecatione
1380 4068 1592 4131 agatur.

508 4234 561 4287 5.
593 4234 704 4289 Cur
724 4236 869 4291 enim
895 4252 1004 4292 non
1030 4237 1361 4309 principium
1383 4242 1625 4296 omnium
1652 4258 1834 4299 rerum
1861 4259 2026 4314 agen-

437 4327 629 4379 darum
661 4343 690 4380 a
720 4327 828 4381 Deo
854 4328 1178 4398 capiendum
1207 4331 1302 4395 sit,
1325 4346 1449 4386 cum
1482 4333 1625 4389 Deus
1654 4344 1811 4405 pater
1839 4343 2025 4390 uoster

441 4417 616 4472 factor
640 4427 694 4473 et
728 4420 1008 4489 inspector
1032 4422 1304 4477 dictorqu
1338 4424 1718 4496 factorumque
1748 4428 2017 4495 omnium,

2122 1477 2303 1545 μίους.

2193 1568 2337 1621 σκα’.
2381 1567 2555 1637 Νόμοι
2607 1569 2969 1638 στρατηγικοὶ
3024 1569 3420 1639 φυλαττόμενοι
3456 1572 3713 1635 καὶτοὺς

2127 1661 2472 1732 στρατηγοὺς
2505 1660 2836 1731 νικηφόρους
2862 1662 2956 1714 καὶ
2985 1662 3230 1728 ἐνδόξους
3255 1663 3349 1715 καὶ
3378 1663 3443 1732 δὴ
3478 1666 3571 1717 καὶ
3595 1666 3711 1716 ἀει-

2124 1756 2392 1825 μνήστους
2437 1753 2815 1817 ἀποτελοῦσιν,
2850 1754 2946 1807 καὶ
2988 1757 3102 1820 τοῖς
3140 1756 3484 1825 βασιλεύουσι
3533 1760 3710 1828 χαρᾶς

2120 1849 2214 1901 καὶ⁸
2252 1846 2594 1917 εὐφροσύνης
2640 1847 2803 1900 αῑτιοι
2847 1848 3126 1915 γίνονται,
3181 1849 3275 1901 καὶ
3318 1850 3450 1919 πρὸς
3480 1852 3711 1921 εἰρήνην

2119 1943 2213 1996 καὶ
2252 1941 2535 2011 ὑποταγὴν
2577 1942 2705 2003 τοὺς
2738 1941 3030 2011 πολεμίους
3061 1942 3575 2009 καταναγκάζουσι,
3611 1943 3711 1995 καὶ

2118 2034 2307 2088 κακῶν
2338 2034 2651 2103 ἐλευθερίας
2683 2034 2847 2087 παντὶ
2879 2033 2957 2103 τῷ
2985 2035 3212 2103 ὑπηκόῳ
3239 2036 3536 2103 γινόμενοι.
3571 2035 3710 2104 μᾶλ-

2117 2126 2209 2179 λον
2230 2124 2289 2179 δὲ
2310 2125 2406 2178 καὶ
2433 2126 2653 2193 ἀγαθῶν
2684 2126 2942 2196 εὐπορίαν
2967 2125 3353 2196 προξενοῦντες
3373 2128 3576 2189 αὐτοῖς,
3606 2127 3709 2197 τὴν

2118 2219 2200 2282 είς
2230 2218 2361 2271 Θεὸν
2393 2217 2743 2288 εὐχαριστίαν
2765 2218 2968 2285 ἕξουσι,
2996 2218 3090 2271 καὶ
3118 2220 3255 2288 πρὸς
3282 2216 3588 2286 δοξολογίαν
3608 2220 3711 2270 αὐ-

2116 2310 2212 2364 τοῦ
2246 2314 2425 2364 πᾶσαν
2464 2311 2662 2381 εὐσεϐῆ
2696 2311 2874 2381 ψυχὴν
2933 2309 3258 2381 διεγεροῦσι.
3306 2310 3545 2373 Τούτους
3590 2306 3707 2374 οὖν,

2119 2395 2164 2455 ὦ
2195 2403 2489 2473 στρατηγὲ,
2522 2402 2775 2471 καθάπερ
2812 2402 3065 2473 σωτῆρας
3104 2402 3240 2473 μετὰ
3268 2403 3401 2456 Θεὸν
3436 2405 3530 2455 καὶ
3553 2404 3710 2472 εὐερ·

2121 2493 2285 2561 γέτας
2318 2494 2448 2556 τοὺς
2484 2493 2889 2564 στρατηγικοὺς
2934 2495 3134 2563 νόμους
3169 2495 3258 2548 διά
3299 2495 3502 2556 παντὸς
3549 2511 3711 2565 περι·-

2121 2584 2381 2652 φύλαττε.
2428 2586 2538 2637 Καὶ
2572 2586 2678 2655 πρό
2706 2603 2768 2653 γε
2802 2585 3006 2639 τούτων
3044 2588 3171 2649 τοὺς
3216 2586 3394 2649 θείους
3436 2590 3529 2639 καὶ
3578 2605 3711 2639 mw-

2133 2678 2357 2745 αληθεῐς
2396 2678 2617 2748 νόμους,
2652 2679 2719 2731 δι’
2748 2674 2880 2748 ὦνὴ
2928 2680 3177 2732 εὐσέϐεια
3201 2680 3532 2751 κρατύνεται
3563 2682 3704 2751 (66),

2121 2769 2450 2839 περίθαλπε,
2496 2771 2591 2823 καὶ
2625 2770 3018 2832 ἀνενδοιὰστως
3060 2770 3273 2833 τούτοις
3312 2770 3555 2823 ὑπάκουε
3583 2786 3596 2799 ο
3643 2774 3709 2822 ἐκ

2120 2863 2326 2916 τούτων
2375 2865 2484 2933 γάρ
2539 2864 2735 2934 ἀρίστη
2788 2864 2932 2935 ἀρχὴ
2988 2865 3221 2932 γένοιτο,
3279 2865 3375 2917 καὶ
3414 2864 3710 2933 εὐάρεστος

2120 2955 2333 3025 ὀφθήσῃ
2370 2956 2678 3025 στρατηγὸς
2712 2956 2859 3026 αὑτῷ
2892 2974 2953 3010 τε
2991 2957 3069 3027 τῷ
3113 2957 3235 3028 Θεῷ
3276 2955 3387 3011 τῶν
3430 2957 3566 3009 ὅλων
3611 2959 3710 3009 καὶ

2123 3048 2346 3101 Βασιλεῖ
2374 3048 2469 3101 καὶ
2520 3048 2707 3118 Κυρίῳ
2741 3051 2773 3118 ἠ
2786 3049 2901 3117 μῶν
2944 3049 3120 3121 Ἰησοῦ
3153 3049 3395 3120 Χριστῷ,
3430 3051 3525 3103 καὶ
3572 3050 3713 3119 ἡμῖν

2046 3157 2092 3219 c
2124 3142 2236 3201 τοῖς
2259 3138 2325 3191 δι’
2357 3136 2526 3191 αὐτοῦ
2564 3137 2959 3207 βασιλεύουσιν.

2605 3230 2915 3298 Ὑπόθεσις
2961 3232 3239 3301 ἐπιλόγῳ.

2197 3332 2266 3380 α’.
2302 3328 2397 3388 Ὠς
2426 3329 2483 3380 ὲν
2516 3324 2734 3393 συνόψει
2760 3324 2814 3376 δὲ
2838 3324 2908 3376 τὰ
2938 3324 3313 3395 προειρημένα
3337 3326 3470 3394 ἡμῖν
3493 3325 3709 3377 ἅπαντα

2123 3410 2235 3471 οἷον
2263 3416 2882 3486 ἀνακεφαλαιωσάμενοι
2930 3414 3167 3468 ἐνταῦθα
3219 3416 3712 3485 παρακελευόμεθα

2124 3512 2221 3564 καὶ
2252 3510 2623 3579 ὑποτιθέμεθα
2652 3509 2719 3579 τῇ
2751 3510 2816 3578 σῇ
2851 3507 3176 3575 ἐνδοξότητι.
3211 3508 3299 3572 Ἐξ
3321 3502 3416 3571 ὧν,
3447 3509 3521 3571 ὡς
3558 3510 3711 3581 εἰρη-

2119 3620 2233 3668 ται,
2271 3602 2366 3657 καὶ
2404 3602 2565 3664 αὐτὸς
2607 3600 2913 3671 στρατηγὸς
2955 3600 3293 3669 ἀναδειχθεὶς
3328 3601 3564 3668 ἀγαθὸς,
3606 3604 3713 3655 καὶ

2125 3696 2239 3766 βίον
2269 3694 2683 3749 ἀκινδυνότατόν
2722 3710 2780 3745 τε
2822 3692 2915 3746 καί
2959 3692 3317 3746 ἀλυπώτατσν
3348 3698 3461 3758 τοῖς
3499 3695 3602 3746 ὑπὸ
3648 3696 3707 3746 σὲ

2123 3787 2453 3857 ἀρχομένοις
2486 3786 2842 3856 περιποιήσῃ.

2197 3878 2262 3947 β’.
2301 3881 2412 3933 Καὶ
2442 3878 2660 3949 πρῶτον
2690 3879 2789 3948 μὲν
2823 3879 2929 3931 πᾶν
2958 3878 3095 3948 ὅπερ
3139 3877 3351 3947 μέλλεις
3381 3876 3413 3947 ἢ
3451 3876 3709 3947 λέγειν,ἢ

2124 3971 2384 4038 πράττειν
2416 3970 2523 4023 ἁπδ
2555 3970 2689 4023 Θεοῦ
2735 3970 2982 4041 λάμϐανε
3026 3969 3126 4040 τὴν
3163 3971 3340 4041 ἀρχὴν
3362 4010 3375 4035 ,
3420 3970 3513 4022 καὶ
3546 3970 3714 4039 μηδὲν

2122 4061 2251 4115 ἄνευ
2286 4062 2384 4130 τῆς
2414 4060 2623 4112 ἐκείνου
2664 4061 2887 4132 μνήμης
2910 4077 2971 4113 τε
3009 4060 3104 4113 καὶ
3135 4058 3430 4126 ἐντεύξεως
3458 4060 3591 4129 μήτε
3626 4059 3715 4111 λό-

2122 4170 2221 4222 γου
2253 4152 2391 4223 ἄρξῃ
2423 4154 2561 4223 μήτε
2592 4154 2865 4223 πράξεως.
3344 4196 3351 4201 .

2193 4253 2263 4314 γ’.
2294 4244 2454 4298 Οὕτω
2475 4248 2584 4315 γὰρ
2602 4244 2710 4315 ἐγὼ
2739 4244 2909 4317 κρίνω
2931 4245 3111 4316 χρεὼν
3133 4242 3269 4299 εἶναι
3292 4246 3398 4299 ἀπὸ
3415 4245 3550 4298 Θεοῦ
3574 4244 3708 4312 λαμ-

2122 4338 2308 4393 ϐάνειν
2350 4336 2565 4391 ἅπαντα
2606 4337 2705 4408 τὴν
2751 4339 2949 4407 ἀρχὴν·
2998 4338 3234 4409 καὶγὰρ
3266 4340 3294 4391 ὁ
3340 4337 3474 4399 Θεὸς
3529 4336 3713 4404 πατὴρ

2125 4425 2285 4495 ἡμῶν
2308 4426 2403 4478 καὶ
2432 4426 2664 4497 ποιητὴς
2688 4427 2785 4478 καὶ
2813 4427 3058 4497 ἐπόπτης
3086 4426 3179 4480 καὶ
3213 4428 3322 4480 τῶν
3347 4427 3524 4494 λόγων
3556 4425 3715 4495 ἡμῶν

436 4510 605 4579 judex
647 4512 1041 4582 cogitationum
1081 4516 1325 4570 omnium
1371 4518 1775 4589 notiouumque
1813 4522 2014 4582 cordis,

2124 4520 2218 4572 καὶ
2240 4519 2348 4571 τῶν
2375 4517 2648 4590 πράξεων,
2680 4520 2774 4572 καὶ
2796 4521 3039 4589 κριτικός
3062 4521 3210 4571 ἐστιν
3236 4520 3591 4590 ἐνθυμήσεων
3616 4518 3713 4570 καὶ

444 4603 703 4674 nullaque
734 4614 986 4660 creatura
1021 4606 1204 4663 abdita
1240 4622 1428 4662 coram
1461 4625 1528 4664 eo
1559 4614 1667 4676 sit,
1702 4612 1795 4666 sed
1833 4614 2019 4667 omnia

440 4696 645 4752 nudata
675 4705 731 4752 et
761 4698 1029 4767 explicata
1064 4710 1188 4755 ante
1217 4702 1409 4755 oculos
1437 4702 1560 4769 ejus
1590 4704 1722 4768 sint,
1755 4705 2021 4773 quemad-

437 4787 657 4842 modum
691 4788 1076 4846 divinissimus
1105 4789 1313 4848 Paulus
1344 4794 1626 4863 loquitur?
1657 4797 1846 4867 Itaque
1883 4813 2020 4868 pra:-

435 4886 517 4935 tcr
547 4881 874 4936 sententiam
906 4882 1025 4952 ejus
1056 4883 1189 4939 nihil
1220 4900 1252 4939 a
1282 4885 1441 4942 nobis
1471 4886 1741 4956 agendum
1772 4898 1875 4943 est.

510 5059 565 5113 4.
608 5057 876 5130 (Iognatio
909 5063 1069 5117 enim
1091 5064 1339 5133 quaedam
1375 5080 1405 5119 a
1438 5067 1593 5121 vobis
1628 5081 1750 5120 cum
1790 5069 1882 5123 illo
1914 5079 2019 5134 est,

442 5152 675 5220 talisque
720 5153 947 5211 aﬂ'cctus
989 5158 1169 5226 qualis
1210 5173 1340 5229 erga
1383 5165 1593 5227 patrem
1635 5176 1762 5216 esse
1800 5161 1963 5216 debet
2003 5180 2019 5217 :

440 5260 565 5298 nam
600 5244 748 5301 illius
777 5263 1008 5303 munere
1032 5250 1088 5303 in
1117 5249 1295 5305 lucem
1327 5260 1721 5322 aspectumque
1747 5255 2021 5320 venimus,

441 5353 539 5405 pro
574 5338 664 5393 illo
697 5349 752 5393 et
782 5340 967 5395 vivere
997 5349 1051 5395 et
1086 5344 1223 5396 mori
1258 5342 1555 5408 debemus,
1593 5344 1926 5414 benignitate
1959 5346 2023 5399 il-

443 5431 548 5487 lius
584 5431 805 5495 alimur,
839 5432 893 5486 in
929 5433 1048 5502 ipso
1078 5434 1351 5499 vivimus,
1388 5450 1672 5491 movemur
1704 5444 1758 5491 et
1792 5452 2020 5503 sumus;

443 5528 652 5575 tantum
698 5524 771 5576 illi
814 5523 1123 5588 obedimus,
1159 5536 1425 5595 quantum
1468 5526 1701 5597 subjecti
1742 5527 2019 5595 praelecto,

447 5614 588 5666 servi
624 5615 879 5684 domino,
915 5618 1270 5687 magistratus
1307 5619 1458 5690 regi;
1511 5635 1703 5675 omnes
1742 5621 1888 5677 illius
1924 5637 2021 5679 su-

2126 4613 2349 4666 ὲννοιῶν
2382 4612 2635 4683 καρδίας,
2679 4614 2774 4665 καὶ
2819 4615 2920 4666 οὐκ
2975 4613 3125 4665 ἔστιν
3168 4614 3346 4677 κτίσις
3378 4612 3592 4682 ἀφανὴς
3631 4612 3715 4664 ὲν-

2126 4706 2295 4758 ώπιον
2336 4703 2521 4757 αὐτοῦ.
2551 4705 2733 4757 Πάντα
2781 4704 2839 4757 δὲ
2889 4708 3072 4775 γυμνά
3120 4705 3213 4757 καὶ
3238 4703 3716 4775 τετραχηλισμένα

2124 4800 2236 4860 τοῖς
2267 4796 2566 4865 ὀφθαλμοῖς
2599 4797 2764 4849 αὑτοῦ
2797 4798 2938 4849 κατά
2962 4797 3053 4849 τὸν
3076 4796 3538 4865 θεολογικώτατον
3566 4793 3716 4848 Παῦ-

2124 4889 2236 4942 λον.
2285 4888 2377 4940 Διὸ
2424 4888 2577 4941 οὐδὲν
2621 4889 2722 4959 τῆς
2770 4889 2938 4943 αὐτοῦ
2982 4889 3210 4961 γνώμης
3254 4891 3425 4960 χωρὶς
3456 4889 3717 4960 πράττειν

2119 4982 2434 5049 ὀφείλομεν.

2190 5072 2254 5126 δ’.
2294 5074 2525 5126 Ἐπεται
2572 5073 2678 5143 γάρ
2723 5090 2807 5135 τις
2847 5074 2984 5143 ἡμῖν
3030 5074 3195 5127 οἱονεὶ
3246 5074 3541 5142 συγγένεια
3575 5072 3715 5142 πρὸς

2121 5168 2284 5221 αὐτὸν
2308 5168 2403 5219 καὶ
2434 5169 2636 5237 σχέσις,
2671 5167 2747 5229 ὡς
2772 5168 2862 5220 οἶα
2891 5169 3100 5236 γένοιτο
3126 5168 3446 5239 παισὶηπρὸς
3480 5166 3713 5237 πατέρα.

2124 5259 2235 5311 Καὶ
2264 5258 2375 5328 γὰρ
2408 5259 2539 5327 παρ’
2566 5258 2736 5310 αὐτοῦ
2777 5260 2857 5322 εἰς
2884 5259 2999 5327 φῶς
3034 5260 3127 5312 καὶ
3174 5260 3289 5328 βίον
3329 5258 3589 5330 ἤλθομεν,
3619 5258 3718 5310 καὶ

2131 5351 2271 5419 ὑπὲρ
2302 5351 2470 5403 αὐτοῦ
2513 5351 2607 5403 καὶ
2647 5350 2745 5420 ζῇν
2785 5352 2882 5403 καὶ
2920 5351 3177 5417 θνήσκειν
3220 5351 3530 5419 ὀφείλομεν.
3591 5348 3717 5401 Ἐπὶ

2129 5441 2322 5514 δώροις
2358 5443 2469 5514 γὰρ
2516 5448 2629 5508 τοῖς
2672 5445 2883 5497 ἐκείνου
2934 5444 3281 5514 τρεφόμεθα,
3320 5444 3416 5497 καὶ
3463 5444 3519 5494 ὲν
3564 5439 3717 5509 αὐτῷ

2131 5535 2312 5605 ζῶμεν
2351 5538 2443 5591 καὶ
2475 5538 2772 5609 κινούμεθα
2799 5539 2890 5591 καὶ
2918 5538 3105 5609 ἐσμέν.
3140 5538 3250 5592 Καὶ
3274 5536 3531 5589 τοσοῦτον
3562 5533 3715 5602 αὐτῷ

2133 5626 2450 5699 πειθόμεθα,
2479 5629 2602 5683 ὅσον
2628 5630 2834 5683 ἰδιῶται
2866 5628 3108 5699 ἄρχοντι,
3142 5629 3233 5683 καὶ
3253 5626 3496 5697 Δεσπότῃ
3522 5622 3715 5693 ἀγαθῷ

1976 5712 2207 5773 ΝΟΤΙΕ.

524 5794 635 5861 (liti)
663 5800 1043 5865 lenth‘etaL
1084 5804 1460 5873 Srribcbatur,
1490 5807 1873 5877 ἁκρατύνεται.
