4120 6440
330 384 470 450 1077
496 402 504 412 '

1527 387 1864 450 TACTICA.
1906 411 1975 423 --
2003 382 2403 447 EPILOGUS.

3449 381 3591 445 1078

325 501 524 566 δοῦλοι,
565 498 658 552 καὶ
705 499 968 570 ἄρχοντες
1021 500 1264 556 Βασιλεῖ.
1317 501 1430 556 Καὶ
1482 499 1687 564 πάντες
1735 496 1903 555 αὑτοῦ

2031 513 2153 561 nus,
2181 499 2274 568 qui
2301 495 2548 552 omnium
2577 493 2745 552 habet
2772 494 3062 566 imperium
3088 509 3103 548 :
3131 492 3292 548 nobis
3322 507 3419 564 per
3441 494 3596 550 illum

327 595 514 664 ἐσμεν,
544 591 620 656 ὡς
651 591 790 646 κατά
833 592 1051 647 πάντων
1080 592 1418 664 κεκτημένου
1456 593 1518 645 τὸ
1547 592 1771 664 κράτος.
1802 589 1911 644 Καὶ

325 688 460 758 ἡμῖν
509 683 608 756 μὲν
649 682 709 748 ἐξ
740 684 950 737 ἐκείνου
979 683 1302 746 δεδούλωται
1341 674 1520 738 πάντα
1562 685 1635 737 τά
1668 681 1909 752 ἔμψυχα,

333 780 430 833 καὶ
454 779 524 832 τά
559 777 759 846 ἄψυχα.
799 775 990 846 Ἡμεῖς
1027 775 1086 829 δὲ
1110 777 1276 830 αὐτὸν
1307 775 1704 845 θεραπεύομεν.
1738 775 1848 827 Καὶ
1877 775 1910 845 ἡ

333 869 432 938 μὲν
455 868 649 936 ἄλογος
684 868 834 920 πᾶσα
864 865 1034 936 ἀγέλη
1067 866 1155 935 ὑφ’
1181 866 1339 936 ἡμῶν
1362 865 1763 936 ποιμαινομένη
1784 865 1912 932 άγεα

327 977 443 1025 ται,
478 961 642 1030 ἡμεῖς
667 958 724 1012 δὲ
745 958 851 1012 ὑπὸ
873 959 965 1010 τοῦ
997 957 1135 1010 Θεοῦ
1178 956 1584 1028 ποιμαινόμεθα
1611 954 1704 1010 τοῦ
1740 953 1912 1009 καλοῦ

329 1055 610 1123 ποιμένος,
652 1050 749 1105 καὶ
772 1050 841 1104 δι’
870 1053 1020 1122 ἡμᾶς
1051 1049 1450 1122 φιλανθρώπως
1490 1049 1827 1120 φορέσαντος
1851 1048 1913 1101 τὸ

327 1144 622 1216 ἡμέτερον.

399 1242 463 1290 ε’.
508 1237 616 1288 Καὶ
645 1235 821 1298 οὐδεὶς
860 1233 1083 1305 ἔξαρνός
1123 1251 1255 1288 ποτε
1277 1233 1487 1304 γένοιτο
1511 1232 1594 1288 ὅτι
1619 1231 1734 1286 ἔστι
1757 1231 1910 1296 Θεὸς,

330 1329 380 1382 εί
425 1327 502 1399 μὴ
543 1327 637 1380 καὶ
677 1326 778 1398 τὴν
821 1325 1000 1396 ψυχὴν
1030 1324 1425 1396 διεφθαρμένος
1457 1324 1714 1396 ὑπάρχει.
1760 1323 1915 1376 Μετὰ

329 1422 440 1492 γὰρ
472 1420 586 1492 (G7)
630 1419 700 1472 τὰ
743 1419 920 1472 πάντα
954 1415 1122 1483 Θεοῦ,
1163 1417 1257 1469 καὶ
1296 1415 1460 1478 αὐτὸς
1506 1416 1570 1468 ὲκ
1617 1413 1693 1484 μὴ
1742 1412 1914 1465 ὄντων

329 1512 504 1564 ταῦτα
534 1508 880 1578 παρήγαγεν,
910 1507 1005 1560 καὶ
1034 1507 1212 1560 πάντα
1237 1505 1458 1576 πληροῖ,
1481 1505 1577 1557 καὶ
1605 1503 1784 1557 πάντα
1808 1501 1919 1555 δια-

329 1605 600 1676 πράττει,
643 1601 738 1655 καὶ
766 1601 1080 1670 προνοεῖται
1101 1641 1116 1666 ,
1148 1599 1244 1653 καὶ
1275 1598 1488 1652 διοικεῖ.

406 1692 482 1759 ς’.
521 1692 782 1762 Ἔλεγχος
809 1691 870 1743 δὲ
893 1691 994 1761 τῆς
1022 1688 1280 1760 ἀληθείας
1303 1687 1369 1741 τά
1394 1686 1676 1756 ποιήματα
1704 1679 1872 1736 αὑτοῦ
1896 1697 1911 1712 ·

333 1783 587 1854 οὐρανὸς,
613 1783 706 1835 καὶ
755 1781 825 1836 τὰ
858 1783 916 1835 ἐν
937 1779 1086 1849 αὒτῷ
1113 1796 1127 1811 ·
1167 1780 1261 1849 γῆ,
1280 1780 1377 1832 καὶ
1413 1776 1482 1830 τά
1509 1778 1610 1830 ὅσα
1636 1777 1694 1828 ὲν
1721 1773 1860 1843 αὐτῇ
1895 1786 1908 1800 .

2013 592 2196 648 omnia
2228 590 2475 666 subjecta
2506 597 2668 654 sunt,
2702 596 2816 642 tum
2856 588 3092 642 animata
3117 627 3133 651 ,
3169 599 3281 643 tum
3314 587 3559 646 inanima
3581 628 3598 653 ,

2014 699 2116 738 nos
2141 699 2270 738 vero
2297 683 2448 738 illum
2479 683 2712 737 colimus
2739 697 2754 734 :
2781 680 3035 742 universa
3065 680 3368 735 bestiarum
3398 689 3597 733 natura

2014 791 2042 830 a
2072 776 2231 831 nobis
2258 776 2616 854 gubernatur,
2643 789 2744 832 nos
2766 788 2897 828 vero
2923 772 2992 827 ab
3017 772 3112 832 illo
3141 773 3420 843 pascimur
3448 771 3602 840 prin-

2013 868 2134 936 cipe
2167 877 2488 945 pastorum,
2521 866 2613 938 qui
2648 873 2839 921 nostra
2870 879 3036 920 causa
3065 872 3310 920 nostram
3342 871 3598 918 naturam

2013 956 2215 1012 induit.

2083 1217 2135 1272 5.
2179 1215 2349 1272 Nemo
2384 1223 2567 1278 autem
2602 1214 2697 1285 qui
2733 1219 2919 1269 mente
2951 1211 3244 1285 depravata
3281 1210 3605 1288 perditaque

2015 1324 2126 1369 non
2156 1317 2259 1371 est,
2290 1307 2459 1364 Deum
2490 1323 2615 1365 esse
2644 1322 2846 1382 negare
2873 1314 3073 1377 potest.
3105 1304 3299 1360 Omnia
3331 1303 3476 1360 enim
3509 1303 3604 1366 Dei

2016 1402 2176 1472 plena
2206 1413 2338 1460 sunt
2358 1441 2374 1465 ,
2405 1399 2498 1474 qui
2529 1415 2595 1460 ea
2621 1414 2746 1478 qua:
2774 1414 2884 1453 non
2916 1405 3048 1453 sunt
3073 1396 3263 1454 eduxit
3295 1403 3354 1450 ut
3383 1406 3604 1464 essent,

2015 1492 2109 1560 qtti
2141 1491 2328 1546 omnia
2358 1491 2616 1562 complet,
2648 1490 2833 1546 omnia
2867 1491 3000 1561 agit,
3033 1488 3218 1545 omnia
3253 1487 3524 1561 providet,
3554 1497 3609 1548 et

2017 1582 2391 1640 administrat.

2085 1674 2139 1729 6.
2180 1673 2360 1744 Opera
2391 1690 2658 1730 manuum
2690 1675 2812 1745 ejus
2838 1691 2960 1743 quae
3009 1673 3078 1730 ab
3124 1674 3218 1729 illo
3259 1673 3407 1730 facta
3455 1680 3612 1742 sunt,

2017 1769 2216 1825 coelum
2242 1776 2297 1822 et
2328 1783 2448 1839 quae
2477 1767 2622 1846 cuglo
2651 1767 3033 1832 continentur,
3054 1774 3200 1821 terra
3226 1775 3280 1820 et
3306 1781 3430 1835 qua:
3461 1774 3610 1821 terra

332 1876 430 1929 καὶ
461 1875 642 1944 μέντοι
674 1871 771 1925 καὶ
793 1872 1058 1935 Θάλασσα,
1100 1871 1198 1922 καὶ
1234 1869 1302 1923 τά
1341 1869 1400 1921 ὲν
1447 1867 1632 1938 ἐκείνῃ
1677 1868 1915 1929 ᾶπαντα,

2031 1857 2400 1923 continentur,
2439 1873 2592 1912 mare
2625 1866 2679 1912 et
2715 1861 2838 1927 qua:
2887 1856 3026 1910 mari
3059 1855 3438 1919 continentur,
3466 1854 3612 1908 veri-

332 1963 428 2016 καὶ
468 1964 570 2016 ὅσα
607 1963 664 2019 ὲν
709 1961 893 2024 αὐτοῖς
925 1958 1199 2029 ὠφέλιμα,
1234 1956 1511 2028 μαρτύρια
1553 1955 1654 2023 τῆς
1685 1953 1750 2006 ὲκ
1783 1947 1918 2004 Θεοῦ

331 2058 414 2120 εἰς
453 2056 605 2126 ἡμᾶς
656 2051 984 2124 κηδεμονίας
1009 2067 1070 2104 τε
1102 2049 1194 2103 xa‘t
1231 2047 1488 2119 προνοίας
1519 2043 1918 2100 ἀναδείκνυται.

403 2148 471 2213 ζ’.
503 2148 612 2201 Καὶ
649 2147 813 2208 αὐτὸς
836 2145 931 2198 καὶ
960 2142 1198 2214 βασιλεῖς
1213 2137 1478 2210 καθιστᾷε
1507 2138 1601 2191 καὶ
1623 2136 1730 2206 γάρ
1761 2149 1915 2205 φησι·

332 2244 413 2296 Δι’
445 2240 593 2310 ἐμοῦ
617 2238 904 2303 ,Βασιλεῖς
927 2234 1368 2302 βασιλεύουσι·
1393 2231 1487 2284 καὶ⁹
1517 2227 1819 2304 στρατηγὸς
1847 2223 1916 2277 δι’

334 2335 502 2386 alim}
548 2329 983 2402 προχειρίζεται,
1033 2329 1062 2381 ὁ
1099 2325 1282 2395 πάσης
1330 2321 1508 2394 ἀρχῆς
1545 2320 1794 2384 ἔξουσίας
1825 2316 1922 2369 καὶ

334 2423 545 2492 ἀγαθῆς
582 2420 746 2483 αὑτός
779 2421 928 2471 ἐστιν
978 2416 1172 2509 αἴτιὲς.
1213 2414 1304 2466 Διὸ
1334 2412 1427 2464 καὶ
1476 2409 1583 2482 χρὴ
1615 2410 1689 2479 μὴ
1725 2407 1923 2477 πρότε-

341 2520 430 2590 {iv
457 2533 579 2570 τινα
611 2513 711 2584 τὴν
737 2513 914 2584 ἀρχὴν
960 2500 1317 2575 ὑποδῖὂεσθαι,
1358 2504 1490 2576 πρὶν
1519 2503 1553 2574 ἢ
1585 2503 1674 2555 διά
1703 2502 1803 2570 τῆς
1839 2500 1924 2553 εὐ-

336 2612 437 2683 χῆς
466 2609 561 2663 καὶ
598 2605 894 2670 ἐντεύξεως
930 2602 1067 2674 πρὸς
1095 2601 1260 2655 αὑτὸν
1297 2596 1486 2674 ὥσπερ
1520 2593 1714 2647 ἑαυτὸν
1759 2593 1922 2673 ἀφιε-

339 2704 503 2776 ρώσει
532 2701 611 2772 τῷ
638 2697 779 2769 Θεῷ,
815 2698 913 2750 καὶ
939 2700 1006 2767 τῇ
1040 2694 1252 2748 ἐκείνου
1296 2689 1526 2763 προνοίᾳ
1585 2689 1685 2758 τὴν
1726 2683 1922 2746 ἑαυτοῦ

333 2795 604 2862 διοίκησιν
659 2787 1108 2842 καταπιστεύσει.

407 2891 478 2956 η’.
506 2883 606 2936 Διά
633 2881 791 2935 τοῦτο
814 2879 896 2932 δεῖ
915 2895 974 2930 σε
1009 2877 1186 2930 πάντα
1217 2874 1286 2928 τά
1316 2875 1398 2938 είς
1421 2872 1559 2926 Θεοῦ
1595 2869 1922 2943 θεραπείαν,

336 2973 384 3033 ὦ
423 2973 720 3048 στρατηγὲ,
755 2971 862 3043 πρὸ
899 2969 1010 3024 τῶν
1035 2967 1210 3023 ἄλλων
1262 2967 1520 3020 ἀπάντων
1574 2961 1922 3032 ἐπιτηδεύειν

339 3072 435 3126 καὶ
455 3067 856 3137 διαφυλάττειν,
889 3061 1185 3131 ἐξαιρέτως
1226 3058 1327 3130 τὴν
1355 3058 1436 3121 είς
1479 3056 1606 3119 τοὺς
1653 3056 1821 3125 ἱερεῖς
1863 3067 1926 3104 τε

339 3163 434 3217 καὶ
456 3159 732 3232 ἀρχιερεῖς
759 3154 926 3211 αὑτοῦ
969 3153 1137 3223 τιμὴν
1189 3150 1285 3204 καὶ
1321 3149 1616 3220 θεραπείαν
1647 3143 1664 3176 ³
1691 3145 1929 3208 καὶτοὺς

342 3255 529 3322 ἁγίους
559 3251 724 3305 αὑτοῦ
759 3250 919 3312 ναοὺς
963 3246 1105 3299 ὥστε
1145 3243 1377 3305 ἀσύλους
1398 3239 1560 3306 εἶναι,
1583 3240 1682 3294 καὶ
1715 3239 1790 3310 μὴ
1818 3237 1920 3291 αὐ-

341 3347 452 3400 τῶν
501 3341 916 3416 ἀναρπάζεσθαι
949 3339 1078 3402 τοὺς
1131 3337 1190 3389 ὲν
1229 3337 1416 3398 αὐτοῖς
1473 3331 1923 3404 καταφεύγοντας

342 3439 473 3503 ἄνευ
516 3435 861 3505 διαγνώσεως
882 3435 982 3504 τῆς
1009 3430 1284 3502 ἡμετέρας
1313 3426 1616 3499 βασιλείας.

2023 1958 2190 2005 tatem
2224 1947 2478 2004 Factoris
2524 1948 2792 2014 indicant,
2827 1954 2882 2003 et.
2936 1955 3088 2003 certa
3136 1947 3450 2002 testimonia
3479 1946 3616 2008 dant

2023 2043 2223 2098 divina:
2246 2058 2375 2114 erga
2408 2058 2508 2097 nos
2536 2041 2936 2098 benevolentia:
2967 2053 3022 2096 et
3052 2041 3430 2111 providentius.

2095 2136 2148 2192 7.
2190 2136 2313 2206 ipse
2347 2151 2506 2205 reges
2534 2134 2804 2206 designat,
2875 2136 3010 2190 dicit
3048 2135 3195 2190 enim
3225 2152 3240 2189 :
3275 2133 3379 2189 I’er
3421 2151 3503 2188 me
3533 2151 3616 2188 re—

2021 2245 2108 2299 ges
2158 2229 2441 2298 regnant'.
2493 2224 2860 2297 Imperatores
2917 2227 2986 2281 ab
3039 2241 3106 2282 eo
3164 2226 3464 2297 eliguntur,
3515 2226 3614 2295 qui

2023 2320 2206 2376 omnis
2256 2320 2545 2391 potestatis
2595 2329 2764 2389 atque
2813 2319 3028 2394 imperii
3067 2329 3260 2383 auctor
3288 2328 3396 2374 est.
3426 2317 3617 2387 Itaque

2025 2427 2185 2467 nemo
2235 2410 2524 2480 imperium
2579 2417 2675 2463 aut
2732 2409 3112 2481 magistratum
3163 2410 3219 2463 in
3255 2424 3314 2464 se
3359 2409 3614 2477 recipiat,

2027 2503 2349 2575 priusquam
2402 2518 2566 2573 prece
2615 2509 2670 2558 et
2719 2503 3120 2574 supplicatione
3172 2503 3413 2572 seipsum
3459 2502 3617 2571 quasi

2028 2593 2137 2650 Deo
2170 2595 2604 2681 consecraverit,
2631 2603 2685 2650 et
2709 2594 2860 2650 illius
2885 2594 3246 2670 providentia:
3281 2593 3621 2656 voluntatem

2026 2700 2182 2740 suam
2218 2685 2538 2756 subiecerit.

2099 2864 2154 2920 8.
2195 2864 2328 2930 Quae
2360 2864 2528 2934 igitur
2567 2863 2633 2917 ad
2665 2861 2760 2925 Dei
2795 2863 3004 2924 cultum
3040 2864 3356 2933 pertinent,
3398 2862 3454 2917 itt
3503 2863 3621 2931 priq

2028 2955 2134 3019 mis
2168 2955 2512 3011 observanda
2541 2963 2595 3008 et
2620 2953 3008 3017 constituenda
3041 2961 3202 3019 sunt,
3238 2964 3296 3009 ut
3327 2954 3420 3024 qui
3451 2953 3622 3024 spiri-

2032 3043 2118 3105 tus
2151 3056 2258 3112 est,
2294 3049 2349 3103 in
2381 3048 2578 3118 spiritu
2612 3059 2667 3102 et
2701 3047 2936 3102 veritate
2963 3047 3032 3101 ab
3060 3047 3319 3102 omnibus
3347 3047 3564 3108 colatur
3603 3063 3618 3108 :

2030 3153 2084 3200 et
2114 3157 2238 3213 qua:
2265 3141 2391 3197 fidei
2421 3141 2658 3222 vittaeque
2685 3149 2956 3221 praecepta
2989 3141 3234 3210 reliquit,
3267 3154 3331 3195 ea
3363 3140 3622 3208 precibus

2031 3235 2385 3306 impetremus
2415 3243 2475 3288 ut
2503 3234 2788 3298 faciamus,
2815 3247 2938 3301 qua:
2968 3231 3170 3286 divinis
3192 3230 3416 3286 Litteris
3446 3231 3628 3302 impe-.

2029 3335 2118 3382 rat
2143 3337 2203 3383 ut
2231 3341 2478 3399 agamus,
2508 3335 2563 3380 et
2598 3325 2702 3384 [ide
2734 3327 2786 3378 in
2818 3325 2994 3388 illum,
3017 3339 3206 3379 amore
3236 3339 3301 3379 ac
3328 3326 3625 3380 dilectione

2030 3419 2280 3475 omnium
2313 3418 2369 3476 in
2406 3417 2630 3472 Christo
2658 3413 2790 3479 Iesu
2827 3423 3146 3470 renatorom
3172 3453 3188 3479 ,
3226 3415 3292 3469 ad
3339 3415 3625 3476 Christum

344 3529 738 3602 perfectionem
771 3527 906 3598 legis
934 3525 1270 3596 aspircmus,
1303 3530 1362 3575 ut
1392 3533 1488 3590 per
1515 3519 1667 3573 illum
1705 3516 1761 3571 in
1793 3528 1902 3587 quo
1933 3514 2120 3568 omnia
2153 3512 2264 3568 Deo
2301 3510 2630 3580 complacita
2681 3519 2845 3573 sunt,
2879 3523 2982 3563 nos
3009 3523 3229 3579 quoque
3261 3509 3374 3566 Deo
3409 3508 3596 3579 placea

346 3637 494 3686 mus,
529 3629 584 3676 et
612 3619 882 3691 justitiam
914 3630 1044 3686 erga
1077 3629 1293 3678 omnes,
1320 3613 1495 3668 etiam
1522 3610 1807 3675 inimicos,
1841 3606 2275 3677 aequitatemque
2302 3615 2608 3661 teneamus.

415 3711 484 3767 θ’.
519 3712 631 3766 Kal
656 3710 726 3762 τά
754 3707 879 3779 ἱερά
909 3708 967 3760 δὲ
1008 3705 1120 3758 τῶν
1167 3704 1419 3776 μοναχῶν
1462 3703 1802 3773 ἀσκητήρια,
1835 3701 1931 3752 καὶ

345 3805 472 3866 τοὺς
518 3804 576 3854 ὲν
628 3801 810 3862 αὐτοῖς
844 3798 944 3868 τὴν
991 3795 1318 3866 παρθενείαν
1359 3791 1687 3855 ἀσκοῦντας,
1715 3788 1932 3858 ἀϐλαϐῆ

348 3894 445 3948 καὶ
491 3893 728 3946 ἀϐίαστα
771 3889 866 3943 καὶ
929 3889 1106 3958 σεμνά
1160 3883 1692 3956 διατηρεῖσθαι.Καὶ
1744 3881 1933 3944 ἁπλῶς

349 3989 552 4049 εἰπεῖν,
582 3985 683 4037 ὃσα
711 3981 788 4052 τῷ
830 3979 950 4052 Θεῷ
990 3980 1306 4034 ἀνάκεινται
1339 3975 1792 4048 παραφυλάττειν
1834 3974 1931 4025 ἀν-

363 4077 706 4149 επηρέαστα,
739 4074 833 4127 καὶ
861 4072 1038 4140 τίμια,
1072 4071 1166 4124 καὶ
1199 4069 1457 4138 αἰδέσιμα
1487 4067 1562 4132 ὡς
1600 4069 1731 4136 ἅγια
1757 4065 1934 4120 πάντα

352 4168 449 4223 καὶ
481 4165 556 4236 τῷ
586 4156 727 4235 ἀγίῴ
752 4161 871 4233 Θεῷ
902 4161 1260 4232 ἀνακείμενα.

428 4265 480 4315 ι’.
527 4258 640 4312 Καὶ
701 4255 908 4326 μηδένα
953 4251 1198 4323 βεϐήλων
1258 4249 1291 4320 ἢ
1348 4246 1688 4319 τυθιννικῶν
1741 4247 1933 4317 χεῖρας

353 4351 606 4423 ἐπαίρειν
663 4348 784 4400 κατ’
838 4343 1118 4414 αὐτῶν,ἢ
1187 4341 1362 4404 ἄλλως
1417 4337 1937 4410 ἀποθρασύνεσθαι,

357 4431 504 4516 μήτε
549 4440 795 4501 σεαυτὸν,
840 4439 976 4508 μήτε
1015 4435 1172 4500 ἄλλον
1219 4431 1342 4486 τινὰ
1374 4431 1482 4484 τῶν
1532 4431 1637 4483 ὑπὸ
1677 4430 1775 4499 τὴν
1839 4429 1940 4498 σὴν

355 4534 604 4601 ἐξουσίαν
645 4532 763 4586 οἵαν
792 4531 856 4601 δή
891 4517 1023 4583 ποτέ
1067 4545 1189 4582 τινα
1214 4528 1646 4596 πεπιστευμένον
1673 4523 1869 4596 ἀρχὴν,
1901 4523 1934 4594 ἦ

360 4624 780 4700 στρατιωτικὴν,
817 4623 850 4693 ἢ
886 4621 1214 4692 πολεμικήν.
1258 4619 1400 4684 Ἀλλ’
1431 4614 1571 4670 εἶναι
1613 4618 1812 4678 αὐτοὺς
1861 4614 1937 4678 ὡς

358 4725 546 4792 κτῆμα
579 4717 673 4772 τοῦ
712 4714 849 4768 Θεοῦ
883 4715 1063 4785 πάσης
1118 4711 1323 4784 βλάϐης
1367 4711 1461 4764 καὶ
1495 4709 1757 4778 ἐπηρείας
1788 4705 1941 4767 ἐλευ-

359 4815 569 4886 θέρους.

437 4907 526 4961 ta'.
556 4907 669 4960 Kal.
698 4905 933 4976 μάλιστα
965 4903 1092 4966 τοὺς
1123 4900 1428 4971 ἀρχιερεῖς,
1460 4896 1534 4959 ὡς
1567 4893 1820 4968 Πατέρας
1850 4894 1944 4947 καὶ

362 5003 626 5071 ποιμένας
647 5001 758 5052 τῶν
784 4996 1144 5068 ἀνθρωπίνων
1166 4993 1380 5065 ψυχῶν,
1407 4992 1530 5044 ὅσαι
1559 5007 1618 5042 τε
1644 4988 1942 5059 ἀρχόντων,

361 5102 459 5154 καὶ
491 5101 613 5154 ὅσαι
653 5095 996 5169 ἀρχομένων,
1031 5093 1126 5146 καὶ
1153 5092 1222 5166 τά
1272 5090 1408 5162 πρὸς
1437 5087 1570 5142 Θεὸν
1614 5087 1745 5154 ἡμῖν
1795 5099 1948 5153 μεσι-

360 5194 616 5256 τεύοντας
647 5209 661 5223 ο
688 5192 911 5252 τούτους
952 5187 1040 5241 διὰ
1088 5185 1270 5254 πάσης
1317 5184 1470 5249 ἄγειν
1503 5179 1670 5250 τιμῆς
1718 5179 1814 5230 καὶ
1861 5177 1946 5228 ai-

363 5290 488 5351 δοῦς
515 5330 529 5355 ,
587 5288 682 5340 καὶ
732 5284 896 5356 μηδὲν
937 5281 1024 5350 ἐφ’
1070 5279 1229 5349 ὕϐρει
1283 5275 1490 5329 τούτων
1529 5271 1942 5343 καταδέχεσθαι.

441 5471 530 5544 ιβ’.
553 5473 664 5525 Καὶ
704 5468 812 5537 γὰρ
837 5465 906 5520 τά
935 5467 1012 5527 εἰς
1043 5463 1241 5526 αὐτοὺς
1275 5463 1537 5532 γινόμενα
1565 5460 1644 5522 εἰς
1691 5458 1783 5511 τὸν
1814 5457 1949 5510 Θεὸν

367 5565 722 5635 ἀναφέρεται,
756 5561 887 5645 παρ’
924 5555 988 5628 οὗ
1040 5557 1137 5610 καὶ
1190 5555 1288 5627 τὴν
1335 5552 1749 5630 ἀρχιερωσρνην
1799 5550 1948 5620 εἰλή-

440 5683 461 5714 ³
499 5679 657 5734 i’rov.
690 5691 807 5740 vttt,
841 5677 929 5731 15.

2105 3701 2161 3756 9.
2208 3699 2490 3770 Rcligione
2533 3698 2588 3752 in
2622 3696 2788 3756 Deum
2821 3710 2932 3757 non
2965 3694 3130 3754 modo
3171 3694 3412 3763 cognita,
3437 3707 3626 3754 verum

2030 3793 2197 3850 etiam
2224 3791 2394 3854 culta,
2421 3799 2474 3844 et
2512 3788 2816 3843 honoribus
2849 3787 2960 3856 regi
2997 3783 3298 3840 secundum
3325 3784 3494 3837 Deum
3527 3783 3625 3836 tle-.

2031 3886 2196 3951 latis,
2226 3883 2320 3955 qui
2364 3883 2605 3953 gladium
2638 3896 2669 3935 a
2703 3879 2814 3935 Deo
2863 3878 2969 3935 sibi
3011 3875 3459 3938 commendatum
3515 3889 3626 3934 non

2035 3988 2238 4034 temere
2266 3983 2464 4048 gestat.

2111 4239 2198 4295 10.
2243 4239 2304 4292 Et
2336 4235 2694 4308 profanorum
2725 4235 2809 4290 vel
2849 4231 3261 4304 tyrannicorum
3310 4244 3474 4285 nemo
3510 4243 3631 4282 ma-

2046 4350 2155 4389 nus
2201 4331 2282 4387 eis
2330 4330 2568 4395 inierat;
2617 4336 2714 4382 aut
2759 4326 2920 4380 aliter
2968 4323 3167 4378 audeat
3195 4337 3372 4392 neque
3400 4330 3458 4375 tu
3492 4322 3631 4392 ipsc,

2047 4440 2228 4494 neque
2256 4423 2396 4477 alius
2419 4422 2716 4490 quisquam
2742 4431 2960 4480 eorum,
2987 4415 3081 4486 qui
3115 4415 3219 4470 sub
3247 4425 3336 4468 tua
3362 4423 3635 4484 potestate

2049 4528 2196 4581 sunt,
2230 4516 2604 4587 qualicunque
2637 4512 2966 4582 pratlectura
2999 4509 3049 4563 ei
3073 4507 3282 4562 credita
3314 4505 3635 4567 fuerit,sivc

2049 4609 2328 4675 militaris,
2363 4607 2480 4662 sive
2512 4607 2746 4670 bellica;
2779 4603 2874 4659 sed
2904 4601 3014 4656 sint
3050 4599 3176 4669 ipsi,
3203 4609 3261 4653 ut
3289 4597 3381 4652 Dci
3409 4612 3634 4666 posses-

2048 4705 2153 4772 sio,
2190 4703 2258 4758 ab
2287 4701 2436 4757 omni
2474 4715 2617 4755 noxa
2648 4707 2703 4754 et
2732 4697 2958 4752 laesione
2989 4693 3170 4748 liberi.

2122 4899 2212 4953 ll.
2255 4895 2320 4951 Et
2343 4895 2579 4950 maxime
2609 4889 2920 4963 pontifices,
2953 4897 3209 4956 tanquam
3240 4882 3432 4938 Patres
3456 4890 3510 4938 et
3539 4898 3629 4952 pa-

2049 5003 2230 5051 stores
2289 4991 2658 5045 humanarum
2720 4983 3066 5044 animarum,
3125 4986 3235 5030 tant
3299 4976 3634 5048 principum,

2050 5100 2216 5157 quam
2259 5082 2636 5143 subditorum,
2668 5085 2721 5131 et
2758 5076 2792 5129 ii
2823 5074 2918 5144 qni
2952 5070 3096 5142 apud
3129 5071 3299 5124 Dcunt
3334 5083 3434 5138 pro
3478 5068 3636 5120 nobis

2054 5176 2424 5233 intercedunt.
2460 5172 2572 5223 Hos
2601 5167 2750 5222 omni
2781 5165 2988 5218 honore
3017 5173 3071 5217 et
3101 5161 3404 5215 reverentia
3444 5174 3635 5227 prosc-

2054 5271 2146 5342 qtti
2194 5275 2440 5343 oportet,
2473 5273 2525 5318 et
2568 5275 2758 5316 eorum
2812 5255 2945 5310 niltil
2987 5253 3187 5324 injuria
3222 5257 3278 5305 et
3303 5251 3636 5303 contumelia

2054 5365 2290 5419 allicere.

2129 5457 2216 5512 12.
2256 5453 2474 5510 Etenim
2510 5466 2632 5521 quae
2666 5449 2720 5504 itt
2752 5463 2848 5505 cos
2890 5448 3062 5512 fiunt,
3095 5444 3149 5498 in
3182 5441 3351 5495 Deum
3384 5435 3639 5493 referun-

2059 5561 2169 5616 tur,
2201 5565 2230 5604 a
2274 5563 2384 5620 quo
2414 5554 2469 5603 ct
2495 5543 2876 5618 pontilicatunt
2914 5551 3210 5610 accepere;
3255 5547 3351 5606 pcr
3394 5542 3555 5600 quem
3585 5533 3640 5580 et

1891 5729 2122 5788 NOTA‘J.

441 5848 550 5918 (67)
575 5846 735 5901 Μετὰ
759 5843 887 5916 γάρ.
923 5841 1135 5906 Scribe,
1166 5837 1337 5911 μεστὰ
1363 5837 1488 5907 γάρ.
