4120 6494
454 384 598 451 1079

1677 375 1950 438 LEONIS
1981 372 2439 436 PHILOSOPHI

3576 373 3723 440 1030

452 511 644 567 regere
675 475 910 572 animas,
939 499 992 547 et
1019 505 1117 562 pro
1141 488 1276 562 ipsis
1302 487 1440 559 apud
1472 486 1640 544 Deum
1667 485 2030 549 intercedere,

2159 501 2287 550 met,
2319 485 2385 536 δι’
2427 478 2495 555 ἦς
2545 483 2640 538 καὶ
2685 484 2748 536 τὸ
2789 482 3098 552 ποιμαίνειν
3117 482 3215 547 τὰς
3268 483 3469 555 ψυχὰς,
3496 487 3591 539 καὶ
3646 491 3722 542 τά

452 589 830 643 obtinuerunt.
853 583 1178 638 Sacerdotes
1201 581 1346 635 enim
1383 579 1545 634 veluti
1579 577 1759 640 anima
1782 575 2031 646 qum-dam

453 678 651 733 diffusa
700 685 753 732 et
801 674 1085 728 vivilicans
1140 675 1457 726 universum
1515 667 1812 722 Christiani
1846 664 2033 736 populi

455 785 578 823 cum
633 767 935 837 principum
990 775 1104 819 tum
1166 762 1514 818 subditorum
1562 774 1800 830 corpus,
1837 758 2034 812 ducem

455 875 638 931 regem
687 859 931 913 omnium
983 855 1156 911 Deum
1189 853 1455 924 possidet,
1484 859 1540 908 et
1590 853 1659 907 ab
1714 850 1836 921 ipso
1870 849 2037 904 totius

454 949 702 1019 corporis
736 947 1181 1018 procurationem
1204 942 1543 1006 moderatur,
1565 939 1836 1012 gubernat
1874 948 2039 1020 atque

454 1041 805 1110 circumagit.

525 1215 616 1270 15.
658 1212 867 1267 Deinde
895 1207 1276 1266 sacerdotibus
1301 1205 1421 1271 Dei,
1452 1203 1571 1273 qui,
1602 1212 1870 1272 quantum
1901 1201 1954 1255 in
1981 1213 2045 1255 se

456 1312 565 1370 est,
595 1318 821 1374 pascere
855 1302 1053 1356 debent
1080 1314 1296 1371 gregem
1324 1295 1549 1362 Christi,
1587 1294 1770 1364 aliqua
1795 1293 1850 1346 in
1873 1307 2044 1347 vene-

457 1397 672 1451 ratione
717 1393 960 1458 habitis,
993 1399 1157 1461 atque
1213 1390 1349 1444 adeo
1401 1386 1607 1442 divinis
1660 1384 1783 1439 fidei
1835 1385 2046 1454 legibus

461 1502 676 1542 summa
721 1483 1068 1540 observantia
1113 1482 1376 1551 omnique
1407 1479 1577 1532 animi
1624 1478 1944 1532 inductione
1980 1475 2048 1530 ab

464 1578 725 1632 omnibus
757 1574 1064 1630 observatis
1084 1613 1099 1638 ,
1131 1573 1312 1642 regias
1342 1571 1491 1639 leges
1521 1569 1745 1624 minime
1770 1576 2048 1638 transgre—

465 1669 712 1734 diamini,
741 1675 800 1722 ut
828 1665 1045 1737 justitia
1077 1672 1131 1720 et
1156 1663 1428 1736 judicium
1458 1662 1513 1715 in
1546 1659 1724 1727 medio
1757 1668 1914 1715 terra:
1949 1673 2049 1713 no-

467 1767 595 1814 strae
626 1759 737 1811 ﬁat.

538 1850 626 1904 Μ.
672 1848 959 1902 Militarem
994 1844 1240 1899 laborem
1274 1849 1329 1897 et
1368 1856 1516 1895 arma
1546 1839 1743 1894 bellica
1776 1836 1855 1893 sic
1883 1852 2046 1892 accu-

464 1939 646 2001 rabis,
677 1952 786 1992 non
812 1944 873 1991 ut
913 1936 1174 2003 injuriam
1207 1931 1370 1986 alicui
1402 1930 1631 1994 inferas,
1664 1936 1756 1983 aut
1783 1928 2048 1998 iniustum

467 2030 668 2085 bellum
700 2042 922 2081 moveas
948 2067 963 2092 ,
998 2033 1091 2078 aut
1119 2021 1488 2095 praedationes
1522 2030 1576 2075 et
1610 2021 1827 2089 iniquas
1860 2009 2062 2073 mirer?

468 2137 564 2177 sus
594 2123 837 2191 integros
865 2118 1114 2173 homines
1150 2117 1498 2170 incursiones
1528 2112 1715 2176 iacias,
1746 2111 1841 2167 sed
1877 2119 1935 2166 ut
1962 2126 2050 2166 re-

468 2212 664 2284 ligiose
691 2212 900 2278 vivens,
940 2217 992 2265 et
1023 2224 1148 2264 cum
1182 2207 1436 2262 hostibus
1462 2205 1628 2261 etiam
1653 2245 1667 2269 ,
1697 2215 1962 2276 quantum
1995 2206 2050 2256 in

468 2313 522 2357 te
545 2311 651 2367 est,
685 2316 873 2372 pacem
906 2301 1136 2363 habens,
1168 2299 1241 2351 ita
1267 2298 1354 2369 pie
1376 2305 1429 2352 et
1461 2297 1568 2350 Deo
1608 2294 1936 2364 complacite
1970 2293 2053 2345 vi-

468 2404 579 2450 tam
603 2395 904 2464 transigas,
945 2400 999 2447 ut
1048 2393 1114 2446 ad
1160 2390 1556 2460 injuriosorum
1610 2387 1897 2442 hominum
1943 2386 2051 2438 vim

411 2473 430 2495 ⁸
470 2483 844 2555 depellendam
876 2498 1025 2537 arma
1054 2485 1152 2537 abs
1181 2490 1232 2536 te
1267 2489 1580 2536 sumantur.

542 2575 630 2628 15.
675 2573 731 2627 Si
774 2573 920 2627 enim
954 2573 1117 2626 vitam
1150 2572 1463 2639 religiosam
1497 2585 1559 2622 ac
1595 2569 1736 2638 piam
1771 2567 1970 2638 (legas,
2001 2574 2056 2621 et

467 2667 620 2736 justa
671 2665 738 2719 de
785 2679 950 2718 causa
1003 2663 1208 2717 bellum
1258 2675 1502 2724 moveas,
1533 2661 1700 2714 Deum
1747 2659 1959 2730 justum
2000 2659 2054 2713 in

470 2756 620 2812 omni
652 2754 890 2810 bellandi
922 2755 1135 2808 ratione
1168 2752 1475 2822 adjutorem
1508 2751 1758 2805 habebis.

543 2848 630 2902 16.
677 2845 732 2901 Si
781 2847 923 2900 enim
972 2846 1096 2914 quis
1137 2853 1289 2898 certo
1323 2851 1529 2899 statuat
1558 2858 1668 2896 non
1703 2857 1759 2897 se
1790 2840 2053 2910 iniuriam

371 2955 376 2960 ’
472 2941 636 2994 alicui
667 2939 892 3004 inferre,
921 2931 1015 2992 sed
1049 2937 1251 3005 injuria
1288 2935 1539 2990 alicctum
1567 2949 1690 2989 esse
1711 2974 1724 2997 ,
1753 2942 1808 2987 et
1835 2932 1902 2986 ad
1936 2932 2053 2986 bel-

474 3033 585 3087 lum
623 3032 938 3086 necessario
966 3029 1405 3100 suscipiendum,
1440 3026 1508 3082 ad
1557 3024 1934 3096 depellendam
1968 3024 2055 3078 in-

2075 1734 2124 1794 B

2137 577 2275 650 πρὸς
2319 575 2451 628 Θεὸν
2502 575 2693 637 αὐταῖς
2746 574 3050 644 μεσιτεύειν
3104 575 3449 639 ἀνεδέξαντο.
3489 578 3551 630 Οἱ
3606 577 3720 648 γὰρ

2141 668 2306 738 ίερεῖς
2339 667 2526 736 ὥσπερ
2554 665 2702 737 ψυχή
2721 683 2804 730 τις
2831 665 3209 736 διεσπαρμένῃ
3235 667 3331 721 καὶ
3364 667 3720 736 ξενοκτονοῦσα

2139 760 2258 814 ὅλον
2283 761 2341 814 τὸ
2373 760 2534 831 σῶμα
2577 759 2672 812 τοῦ
2722 760 3111 830 Χριστιανικοῦ
3138 759 3280 812 -λκοῦ
3315 763 3411 814 καὶ
3441 763 3724 832 ἀρχόντων

2144 853 2236 907 καὶ
2257 852 2578 924 ἀρχομένων
2605 851 2946 922 καθέστηκεν
2975 851 3069 906 οὖν
3095 853 3194 906 καὶ
3219 854 3465 922 ἡγεμόνα
3492 853 3586 906 τὸν
3621 855 3721 923 βα-

2143 944 2300 998 σιλέα
2327 943 2436 996 τῶν
2455 944 2713 1022 ἀπάντων
2750 943 2883 998 Θεὸν
2910 945 3250 1013 κεκτημένη,
3287 945 3382 999 καὶ
3427 946 3521 998 ἀπ’
3551 947 3721 1001 αὐτοῦ

2140 1035 2241 1097 τάς
2268 1034 2362 1088 τοῦ
2380 1035 2501 1088 ὅλου
2537 1034 2788 1104 σώματος
2805 1035 3102 1105 διοικήσεις
3117 1035 3596 1106 διαπορθμεύουσα
3627 1040 3726 1093 καὶ

2145 1125 2467 1195 κυϐερνῶσα
2496 1123 2588 1178 καὶ
2625 1127 2990 1195 περιάγουσα.

2216 1226 2306 1286 ιγ’.
2333 1216 2520 1282 Οὕτως
2543 1216 2636 1271 οὐν
2657 1219 2786 1288 περὶ
2831 1217 2964 1270 Θεὸν
2995 1216 3236 1280 εὐσεϐῶς
3284 1217 3380 1270 καὶ
3429 1219 3725 1290 όρθοδόξως

2147 1309 2242 1362 καὶ
2275 1310 2403 1378 περὶ
2442 1309 2567 1371 τοὺς
2597 1308 2803 1362 ἐκείνου
2843 1308 3182 1377 θεράποντας
3213 1306 3576 1376 διακείμενος,
3599 1313 3725 1364 επι-

2151 1400 2312 1471 μελοῦ
2347 1400 2484 1471 μετά
2518 1400 2642 1463 τοὺς
2671 1400 2851 1462 θείους
2876 1402 2974 1470 τῆς
2996 1398 3231 1462 πίστεως
3259 1397 3458 1467 νόμους
3479 1401 3723 1463 καὶτοὺς

2151 1491 2464 1560 βασιλικοὺς
2529 1490 2989 1558 διαφυλάττεσθαι
3049 1489 3248 1558 νόμους
3293 1488 3722 1558 ἀπαραϐάτους·

2149 1580 2289 1633 ὥστε
2323 1583 2497 1634 ποιεῖν
2532 1597 2591 1634 σε
2636 1583 2814 1653 κρῖμα
2843 1581 2938 1635 καὶ
2967 1579 3318 1650 δικαιοσύνην
3343 1582 3400 1636 έν
3459 1581 3610 1653 μέσῳ
3628 1583 3727 1651 τῆς

2152 1672 2258 1744 γῆς
2291 1689 2406 1728 σου.

2197 1855 2310 1912 ἰδ’.
2353 1853 2645 1925 Ἐπιμελοῦ
2686 1855 2745 1909 δὲ
2791 1853 2886 1908 καὶ
2926 1853 3036 1908 τῶν
3087 1853 3471 1936 στρατηγικῶν
3511 1851 3691 1924 ἔργων
3715 1895 3732 1918 ,

2151 1945 2246 2000 καὶ
2279 1945 2390 2000 τῶν
2408 1945 2718 2016 πολεμικῶν
2744 1945 2922 1999 ὅπλων
2951 1959 2965 1974 ·
2993 1945 3090 2014 οὐχ
3110 1945 3196 1997 ἵνα
3227 1943 3515 2016 ἀδικήσῃς,
3555 1945 3589 2014 ἢ
3623 1946 3737 1999 ἀδί-

2152 2054 2250 2091 κου
2283 2037 2519 2108 πολέμου
2550 2037 2846 2110 κατάρξῃ-ς,
2872 2037 2905 2106 ἦ
2939 2036 3195 2107 λῃστείας
3213 2036 3368 2101 τινας
3389 2038 3483 2089 καὶ
3514 2037 3733 2101 ἀδίκους

2153 2129 2296 2183 κατά
2355 2129 2464 2184 τῶν
2516 2130 2666 2184 οὐδὲν
2724 2130 3065 2198 ἠδικηκότων
3108 2127 3410 2197 ἐπιδρομὰς
3464 2129 3722 2199 ποιήσῃς,

2153 2221 2270 2276 ἀλλ’
2298 2221 2388 2274 ἵνα
2417 2222 2512 2275 σὺν
2546 2220 2802 2291 εὐσεϐείᾳ
2831 2220 2961 2285 ζῶν,
3003 2219 3138 2272 ἀλλά
3168 2220 3262 2272 καὶ
3290 2222 3402 2282 τοῖς
3429 2220 3731 2288 πολεμίοις,

2155 2314 2277 2366 ὅσον
2298 2313 2360 2367 τὸ
2401 2314 2498 2366 ἐπὶ
2527 2313 2630 2376 σοὶ,
2658 2313 2987 2383 είρηνεύων,
3012 2311 3106 2364 καὶ
3150 2310 3323 2375 οὕτως
3347 2311 3587 2375 εὐσεϐῶς
3637 2314 3733 2366 καὶ

2157 2407 2462 2477 θεαρέστως
2512 2404 2622 2476 (68)
2664 2403 3102 2477 πολιτευόμενος,
3132 2402 3264 2474 ἔχῃς
3305 2403 3372 2456 τὰ
3411 2403 3555 2456 ὅπλα
3596 2405 3736 2475 πρὸς

2156 2498 2369 2568 ἄμυναν
2398 2497 2506 2550 τῶν
2536 2497 2865 2552 ἀδικούντων
2913 2475 3210 2567 πολεμίων.

2229 2593 2308 2640 ιε’.
2361 2587 2424 2639 Ἡ
2464 2587 2572 2656 γὰρ
2601 2586 2832 2654 εὐσεϐής
2855 2604 2947 2639 σου
2974 2587 3088 2654 ζωὴ
3114 2584 3282 2639 ταῦτα
3313 2585 3734 2654 παραλαϐοῦσα,

2156 2673 2215 2729 εὖ
2241 2673 2336 2732 οἷδ’
2367 2678 2450 2731 ὃτι
2509 2679 2602 2730 καὶ
2629 2677 2760 2731 Θεὸν
2782 2677 2942 2731 αὐτὸν
2965 2677 3104 2748 μετά
3131 2677 3226 2744 τῆς
3258 2676 3604 2747 δικαιοσύνης
3625 2678 3736 2742 ἕξει

2161 2765 2713 2833 συνεκστρατεύοντα.

2234 2864 2329 2923 ις’.
2364 2858 2474 2912 Καὶ
2503 2859 2535 2927 ἡ
2573 2857 2756 2920 πίστις
2785 2855 2876 2910 τοῦ
2904 2855 3002 2928 μὴ,
3027 2857 3237 2910 ἀδικεῖν
3276 2855 3391 2910 ἀλλ’
3429 2857 3738 2910 ἀδικεῖσθαι

2159 2946 2461 3019 στρατηγὸν
2489 2947 2582 3000 καὶ
2629 2946 2874 3018 ἡγεμόνα
2925 2947 2986 3000 τὸ
3038 2947 3192 3000 Θείον
3230 2948 3362 3015 ἕξει,
3399 2947 3494 3001 καὶ
3523 2947 3739 3017 ἀνάγκη

2161 3040 2460 3102 πιστεύειν,
2496 3039 2790 3110 ὄτιδικαίῳ
2824 3039 3048 3110 πολέμῳ
3069 3039 3176 3093 ἀπὸ
3209 3040 3344 3092 Θεοῦ
3379 3039 3650 3109 ὀφείλεται
3675 3038 3739 3094 τὸ

469 3124 673 3194 juriam
714 3130 1072 3192 provocatum
1119 3137 1273 3185 esse,
1310 3122 1357 3176 is
1386 3118 1610 3175 omnino
1638 3118 1864 3173 credere
1895 3116 2056 3169 debet

2163 3133 2316 3196 τέλος
2353 3132 2582 3202 ἀγαθὸν,
2614 3103 2806 3202 ὥσπερ
2829 3131 2908 3202 τῷ
2938 3103 3107 3202 ἀδίκῳ
3128 3130 3188 3183 τὸ
3221 3103 3486 3185 ἐναντίον.

471 3216 622 3285 justo
651 3215 793 3268 bello
819 3214 1022 3268 bonum
1057 3212 1218 3268 ﬁnem
1247 3228 1277 3267 a
1305 3212 1419 3267 Deo
1450 3209 1679 3280 imponi,
1717 3209 1927 3278 injusto
1959 3221 2060 3261 au-
2123 3231 2126 3234 ι

477 3314 587 3362 tem
618 3305 983 3359 contrarium.
2079 3371 2081 3376 ι

546 3395 637 3450 l7.
679 3393 1146 3461 Quemadmodum
1176 3394 1322 3450 enim
1381 3391 1472 3464 qui
1529 3389 1766 3461 iniurius
1799 3399 1914 3455 est,
1951 3403 2062 3445 non

477 3495 659 3558 potest
709 3501 820 3541 non
855 3485 1161 3556 iniquitatis
1191 3497 1302 3538 suae
1333 3497 1548 3553 poenam
1583 3495 1612 3534 a
1645 3481 1760 3534 Deo
1790 3478 1941 3549 justo
1971 3494 2061 3534 rc-

479 3589 705 3650 portare
735 3595 748 3631 :
783 3577 862 3632 sic
897 3577 943 3632 is
974 3576 1068 3646 qui
1103 3575 1362 3645 injuriam
1395 3573 1680 3644 prepulsat
1702 3612 1716 3636 ,
1755 3571 1869 3626 fieri
1917 3571 2064 3626 haud

477 3678 660 3740 potest
703 3669 834 3738 quin
867 3684 896 3720 a
929 3667 1039 3721 Deo
1074 3667 1361 3722 victoriam
1393 3672 1720 3735 assequatur
1752 3682 1765 3718 :
1800 3662 2064 3718 Dominus

478 3758 622 3817 enim
667 3759 849 3830 justus
893 3759 1062 3828 judex
1109 3765 1225 3825 est,
1253 3765 1463 3812 etcum
1509 3756 1726 3827 justitia
1763 3763 2066 3826 pertractat

479 3853 686 3909 omnia.
853 3907 856 3909 ,

549 3945 639 3998 18.
682 3941 856 4010 Hujus
917 3942 995 3994 rei
1054 3939 1230 4010 gratia
1282 3953 1435 3992 arma
1486 3937 1586 3993 abs
1643 3944 1698 3991 te
1754 3926 2063 3991 exercenda

407 4079 420 4092 ,.
479 4045 630 4100 sunt,
655 4036 976 4105 reliquaque
1000 4033 1256 4088 militaris
1288 4030 1566 4086 industria
1598 4030 1704 4085 huc
1732 4028 2064 4085 conferenda

484 4136 589 4182 est.

552 4217 645 4276 19.
683 4217 818 4272 Belli
848 4216 1022 4286 ipsius
1058 4221 1306 4286 tempore
1336 4213 1574 4269 hostium
1607 4220 1830 4268 tuorum
1867 4221 2065 4268 natura

480 4319 536 4368 et
566 4309 893 4365 constitutio
931 4308 1224 4377 diligenter
1255 4306 1353 4362 abs
1383 4317 1436 4362 te
1464 4315 1852 4374 cognoscatur,
1877 4315 2062 4373 utrum

2236 3394 2322 3462 ιζ’.
2357 3395 2567 3467 Ὥσπερ
2613 3394 2722 3465 γὰρ
2749 3396 2838 3448 τὸν
2863 3395 3148 3448 ἀδικοῦντα
3197 3393 3459 3473 ἀδύνατον
3503 3391 3581 3463 μὴ
3629 3411 3740 3446 πα-

2164 3486 2277 3541 θεῖν
2317 3503 2446 3540 ποτε
2489 3485 2588 3556 τὴν
2625 3485 2726 3554 τῆς
2795 3485 3008 3548 ἀδικίας
3057 3487 3249 3554 ποινὴν
3295 3483 3449 3554 παρά
3505 3500 3569 3552 γε
3619 3483 3742 3554 Θεῷ

2165 3581 2350 3650 κριτῇ,
2384 3577 2558 3640 οὕτως
2591 3577 2850 3664 ἀδύνατρν
2889 3577 2982 3628 καὶ
3039 3575 3129 3628 τὸν
3163 3577 3260 3646 τὴν
3289 3575 3500 3627 ἀδικίαν
3540 3574 3744 3643 ἀμυνὰο

2169 3689 2350 3743 μενον,
2383 3671 2477 3724 καὶ
2521 3659 3007 3738 ἀντιπολεμοῦντα,
3039 3669 3113 3739 μὴ
3145 3671 3241 3738 τῆς
3294 3667 3447 3737 παρά
3496 3667 3630 3720 Θεοῦ
3656 3665 3742 3720 νί-

2166 3782 2268 3835 κης
2307 3765 2580 3834 ἐπιτυχεῖν
2609 3778 2623 3792 °
2666 3763 2692 3815 ὁ
2717 3762 2825 3831 γὰρ
2849 3760 2980 3822 Θεὸς
3008 3761 3198 3830 κριτὴς
3226 3758 3456 3822 δίκαιος,
3488 3757 3582 3810 καὶ
3641 3758 3740 3811 σὺν

2165 3858 2291 3931 δίκῃ
2320 3857 2505 3924 ἐξάγει
2535 3856 2605 3908 τά
2626 3855 2936 3926 σύμπαντα.
3544 3912 3548 3917 _

2239 3958 2328 4023 ιη’.
2361 3951 2576 4004 Τούτων
2605 3951 2785 4002 τοίνυν
2811 3949 2969 4019 χάριν
3013 3947 3198 3998 ἀσκεῖν
3229 3962 3288 3996 σε
3331 3943 3413 3996 δεῖ
3439 3943 3618 3997 ὅπλων
3648 3945 3746 3997 καὶ

2166 4041 2472 4113 γυμνασίας
2498 4041 2591 4094 καὶ
2618 4041 2716 4109 τῆς
2762 4040 2926 4108 ἄλλης
2961 4036 3332 4107 στρατηγικῆς
3387 4037 3733 4106 ἐπιμελείας.

2241 4221 2326 4276 ιο’.
2362 4219 2572 4274 Εἰδέναι
2597 4219 2654 4272 δέ
2696 4236 2754 4271 σε
2781 4219 2874 4271 ἐπὶ
2900 4217 3109 4281 τούτοις
3148 4217 3431 4287 βούλομαι,
3472 4219 3554 4271 ὅτι
3577 4218 3658 4272 δεῖ
3685 4237 3744 4272 σε

2167 4314 2226 4366 ὲν
2247 4312 2483 4382 πολέμου
2507 4310 2682 4382 καιρῷ
2707 4311 2814 4364 τῶν
2834 4327 2893 4364 τε
2924 4311 3424 4382 ἀντιπολεμούντων
3457 4311 3552 4381 τὴν
3583 4312 3745 4380 φύσιν

482 4405 702 4458 illorum
743 4401 914 4470 copiae
963 4400 1142 4469 primo
1187 4411 1484 4468 congressu
1516 4398 1935 4467 impetuosiores
1971 4413 2057 4452 ar-

2171 4401 2458 4473 γινώσκειν
2490 4405 2583 4457 καὶ
2617 4405 2716 4474 τὴν
2746 4403 2911 4474 ἄλλην
2951 4405 3307 4470 κατάστασιν,
3339 4406 3432 4458 καὶ
3468 4405 3531 4475 δὴ
3566 4406 3657 4458 καὶ
3684 4406 3745 4458 τὸ

482 4493 870 4562 dentioresque
897 4493 1008 4546 sint
1030 4532 1045 4556 ,
1084 4507 1152 4545 an
1184 4493 1450 4560 patientes
1483 4489 1764 4559 p‘lagarum
1813 4499 1866 4544 et
1917 4491 2057 4545 telo—

480 4601 600 4641 rum
627 4585 805 4650 initio,
827 4591 1015 4654 postea
1038 4594 1223 4638 autem
1255 4583 1322 4636 ad
1352 4581 1597 4651 praelium
1627 4581 2064 4638 dimicationem-

401 4682 404 4685 ’
484 4694 592 4748 que
626 4676 1061 4732 vehementiores
1091 4675 1385 4730 exsistant.

551 4879 642 4934 20.
685 4879 891 4932 Bellum
919 4878 1086 4932 etiam
1138 4877 1314 4947 ipsum
1348 4874 1447 4930 tibi
1481 4871 1925 4945 Cognoscendum
1959 4882 2068 4943 est,

484 4968 734 5038 nunquid
772 4969 955 5032 breve,
993 4975 1212 5036 propter
1245 4967 1583 5021 celeritatem
1644 4963 1979 5030 dimicandi,
2016 4972 2071 5018 et

487 5072 710 5131 propter
738 5071 1078 5114 commeatus
1106 5060 1465 5131 pecuniaeque
1499 5058 1764 5127 inopiam,
1791 5073 1857 5110 an
1890 5057 2072 5126 potius

487 5157 692 5224 impetu
725 5155 1034 5208 animorum
1089 5163 1143 5208 et
1190 5155 1511 5209 incitatione
1553 5153 1730 5208 celere
1760 5150 1987 5207 exsistat
2015 5159 2069 5206 et

489 5247 804 5300 vehemens.

556 5338 648 5393 2i.
691 5337 918 5392 Talibus
960 5335 1014 5390 in
1067 5335 1224 5392 bellis
1260 5350 1359 5407 pro
1392 5335 1631 5390 hostium
1664 5341 1861 5389 natura
1895 5342 1950 5390 et
1980 5349 2072 5388 eo-

490 5437 646 5493 natu,
678 5439 732 5484 et
779 5445 882 5500 pro
936 5428 1214 5484 universis
1267 5429 1485 5481 illorum
1537 5427 1734 5496 copiis,
1764 5425 2068 5481 exercitum

493 5537 642 5578 tuum
674 5522 990 5593 apparabis,
1027 5522 1111 5589 vel
1141 5521 1207 5575 ad
1230 5520 1602 5575 fortitudinem
1630 5518 2074 5586 celeritatemque

495 5615 738 5681 illorum,
768 5613 851 5669 vel
883 5620 1077 5668 contra
1107 5612 1175 5666 ad
1214 5611 1500 5667 audaciam
1529 5610 1895 5679 timoremque
1919 5647 1936 5674 ,
1968 5609 2078 5663 iras

2170 4495 2394 4551 ἐκείνων
2451 4498 2765 4568 στράτευμα
2818 4497 3044 4568 πότερον
3091 4497 3348 4564 όξύτατόν
3409 4500 3553 4552 ἐστιν
3607 4499 3743 4569 πρὸς

2169 4590 2268 4654 τὰς
2304 4592 2701 4661 ἐπιχειρήσεις,
2729 4590 2824 4643 καὶ
2874 4589 3008 4661 πρὸς
3039 4591 3136 4652 τὰς
3169 4590 3389 4662 πρώτας
3417 4592 3592 4661 ὁρμὰς
3617 4593 3747 4662 δρα-

2181 4681 2446 4752 στικὸν,ἢ
2495 4683 2632 4752 πρὸς
2696 4682 3026 4752 μακρόθυμα
3087 4681 3183 4734 καὶ
3240 4683 3564 4753 χρονοτριΕῆ
3611 4684 3748 4754 ἔργα

2177 4771 2377 4844 μᾶλλον
2402 4771 2866 4842 ὲγγεγύμνασται.
3699 4758 3703 4763 ’

2249 4871 2317 4917 κ’.
2353 4863 2475 4934 Χρὴ
2505 4863 2562 4916 δέ
2605 4880 2665 4916 σε
2697 4861 3080 4931 διαγινώσκειν
3136 4865 3228 4916 καὶ
3256 4863 3419 4917 αὐτὸν
3464 4864 3555 4917 τὸν
3595 4864 3753 4917 πόλε-

2177 4975 2299 5027 μον,
2331 4957 2560 5026 πότερον
2593 4957 2944 5026 πολυχρόνιός
2975 4959 3142 5024 ἐστιν,
3167 4957 3260 5009 καὶ
3283 4956 3373 5010 διά
3405 4974 3545 5019 τινος
3573 4957 3750 5010 δαπά-

2173 5065 2269 5117 νης
2331 5048 2710 5118 χρημάτων,ἢ
2743 5047 2943 5118 μᾶλλον
2988 5048 3209 5120 ὀξύτητι
3244 5049 3433 5120 ῥώμης
3478 5049 3754 5120 ὀλιγοχρό-

2175 5156 2285 5204 νιος
2309 5143 2404 5195 καὶ
2443 5140 2868 5211 ἐπιχειρητικός.
2931 5162 2944 5177 ·

2250 5321 2354 5377 κα’.
2404 5323 2493 5376 Ἐν
2547 5322 2603 5375 δὲ
2661 5323 2772 5385 τοῖς
2827 5321 3089 5384 τοιούτοις
3147 5319 3402 5391 πολέμοις
3455 5320 3755 5389 ἀντιπαρα-

2179 5418 2443 5481 σκευάζου
2469 5418 2605 5489 πρὸς
2629 5416 2724 5480 τὰς
2757 5415 2865 5469 τῶν
2892 5415 3148 5469 ἐναντίων
3175 5413 3374 5483 ψυχὰς,
3412 5412 3505 5466 καὶ
3531 5413 3666 5482 πρὸς
3695 5410 3756 5463 τὸ

2179 5511 2298 5564 ὅλον
2327 5509 2505 5564 αὐτῶν
2531 5510 2866 5580 στράτευμα,
2887 5508 3004 5577 ἤτοι
3036 5506 3171 5576 πρὸς
3189 5505 3440 5575 ἀνδρείας
3483 5505 3577 5556 καὶ
3632 5501 3758 5566 ὀξύ-

2183 5600 2439 5674 τητας,ἢ
2495 5599 2590 5654 καὶ
2627 5599 2762 5670 πρὸς
2799 5598 2867 5652 τά
2901 5596 3108 5651 τούτων
3156 5595 3395 5663 ἐναντία,
3426 5595 3595 5664 ἧγουν
3659 5592 3755 5662 φό-

2017 5719 2248 5777 NOTAE.

571 5794 680 5862 (68)
712 5796 824 5850 Καὶ
851 5796 1203 5864 θεαρέστως.
1236 5795 1562 5865 Legebatur,
1595 5794 1690 5849 καὶ
1715 5792 1919 5863 Θεαρ...
