4120 6446
360 366 493 435 1081

1591 370 1928 433 TACTICA.
1966 395 2034 406 --
2068 372 2461 434 EPILOGUS.

3471 378 3611 444 1082

339 502 474 564 σους
496 498 594 552 καὶ
620 456 799 571 θράση
828 498 925 552 καὶ
951 497 1122 570 ὀργάς
1148 499 1245 552 καὶ
1284 498 1560 571 τιμωρίας
1592 500 1687 553 καὶ
1714 498 1917 568 φιλοτι-

2025 508 2080 554 et
2132 501 2435 570 supplicia,
2471 502 2653 559 studia
2708 504 2895 575 gloriae
2943 514 2997 561 et
3053 507 3325 577 ignaviam
3377 512 3615 580 teipsum

345 593 480 663 μίας
529 594 626 644 καὶ
690 591 984 662 ῥᾳθυμίας,
1040 589 1183 644 ὥστε
1223 593 1292 645 τὰ
1345 590 1571 646 τοιαῦτα
1622 590 1768 661 πάθη
1815 590 1926 644 τῶν

342 702 397 738 τε
434 684 543 736 σῶν
598 684 1027 753 στρατευμάτων
1083 684 1115 755 ἢ
1170 684 1408 737 καὶτῶν
1465 684 1741 754 πολεμίων
1762 683 1925 737 δύνα-

343 773 469 827 σθαί
501 790 560 826 σε
587 774 683 827 καὶ
721 772 909 837 αὔξειν
961 774 1059 826 καὶ
1081 774 1393 828 ταπεινοῦν.

412 863 520 936 κβ’.
554 866 666 918 Καὶ
714 865 950 936 μάλιστα
996 866 1065 919 τὰ
1094 870 1248 937 παρὰ
1295 868 1379 920 σοὶ
1403 866 1493 919 διὰ
1522 865 1917 939 παραγγελμά-

337 976 448 1012 των
483 960 751 1028 ὲντέχνων
798 961 896 1012 καὶ
930 961 1350 1031 προσποιήσεως
1381 959 1797 1029 προγνωστικῖκ
1830 957 1924 1011 καὶ

336 1050 437 1117 τῆς
462 1050 595 1120 περὶ
620 1048 681 1101 τὸ
696 1048 859 1101 Θείον
896 1049 1242 1119 ἐπιμελείας,
1268 1050 1480 1118 καὶτῆς
1504 1048 1592 1102 διά
1622 1049 1796 1116 λόγων
1824 1048 1919 1118 δη-

341 1140 633 1210 μηγορίας.
662 1140 849 1192 Ταῦτα
888 1140 945 1192 δὲ
1000 1142 1449 1211 παραφυλάττειν
1492 1141 1633 1223 ῶστε
1676 1140 1923 1208 γίνεσθαι

337 1234 396 1283 ὲν
424 1232 503 1302 τῷ
532 1232 713 1303 χρόνῳ
740 1232 863 1285 καθ’
887 1233 947 1286 ὃν
999 1234 1054 1285 αἱ
1108 1232 1278 1301 ψυχαὶ
1319 1233 1423 1285 ὑπὸ
1452 1232 1545 1285 τοῦ
1576 1232 1737 1300 λόγου
1777 1248 1932 1300 κινη-

338 1322 517 1376 θεῖσαι
550 1324 828 1394 διαμένειν
854 1322 1108 1377 δύνανται
1134 1322 1227 1376 διὰ
1272 1326 1370 1395 τῆς
1405 1327 1624 1394 μνήμης
1664 1322 1801 1394 πρὸς
1833 1320 1932 1393 τὴν

334 1413 582 1468 διάθεσιν
614 1414 717 1484 τῆς
771 1417 1074 1485 κινήσεως·
1103 1414 1242 1470 ἀλλὰ
1295 1416 1369 1485 μὴ
1410 1416 1565 1486 παρὰ
1615 1415 1715 1478 τὰς
1757 1413 1932 1482 ἀνάγ-

340 1524 445 1570 κας
498 1507 690 1573 αὑτὰς,
726 1508 815 1560 ὅτε
855 1507 994 1578 πρὸς
1034 1505 1097 1560 τὸ
1148 1506 1511 1578 διαμάχεσθαι
1576 1505 1931 1577 παρασκευά-

2034 592 2403 661 comparabis,
2438 603 2492 648 et
2518 595 2832 665 hujusmodi
2866 596 3182 653 affectiones
3210 601 3379 654 animi
3417 604 3533 659 sive
3561 606 3615 659 in

2034 691 2131 738 tuo
2157 687 2422 753 exercitu,
2445 687 2562 743 sive
2594 689 2649 743 in
2682 688 2923 744 hostium
2949 690 3126 760 cepiis
3153 691 3284 757 sint,
3304 693 3387 748 vel
3417 709 3619 766 augere

2034 775 2121 830 vel
2150 776 2396 833 minuere
2422 781 2622 849 possis.

2101 866 2192 922 22.
2235 868 2515 941 Praecepta
2550 880 2736 927 autem
2786 885 2879 928 tua
2926 875 3300 946 potissimum,
3336 873 3630 934 simulatitf

2032 958 2470 1027 praedictionum,
2498 962 2677 1017 cultus
2701 965 2943 1030 divinus,
2965 966 3186 1021 disertaa
3214 969 3614 1025 cohortationis

2032 1055 2142 1102 tua:
2172 1059 2478 1119 opportune
2506 1069 2605 1123 per
2641 1063 2856 1125 tempus
2886 1058 3276 1126 adhibeantur,
3313 1070 3371 1115 ut
3404 1072 3616 1119 mentes

2032 1140 2277 1193 omnium
2308 1142 2559 1196 oratione
2590 1155 2871 1213 permota,
2891 1146 3216 1203 voluntariae
3250 1150 3301 1203 in
3335 1150 3438 1205 hoc
3470 1160 3618 1207 statu

2030 1227 2338 1299 aﬂ‘ectuque
2368 1234 2697 1300 consistant,
2731 1252 2911 1308 neque
2957 1243 3291 1297 necessitate
3346 1243 3501 1298 inviti
3549 1246 3616 1300 ad

2030 1325 2404 1382 dimicandum
2438 1334 2848 1400 pertrahantur.
2885 1335 2989 1401 Qui
3018 1338 3162 1391 enim
3194 1338 3399 1394 milites
3435 1341 3618 1394 minus

2034 1418 2100 1471 ad
2132 1421 2485 1487 pugnandum
2516 1427 2691 1494 parati
2727 1436 2878 1491 sunt,
2912 1428 3077 1483 iidem
3109 1430 3488 1486 confusionem
3525 1447 3621 1485 or-

2016 1507 2181 1564 .dmis
2208 1520 2265 1563 et
2291 1515 2763 1580 perturbationem
2797 1518 2850 1573 in
2884 1520 3075 1589 praalio
3102 1520 3355 1575 afferunt.

339 1597 546 1660 ζονται.
576 1600 870 1670 Συμϐαίνει
923 1601 1030 1671 γὰρ
1064 1602 1485 1674 ἀπαρασκεύους
1510 1599 2002 1670 διαγωνιζομένους
2059 1602 2187 1666 τοὺς
2251 1607 2588 1676 στρατιώτας
2637 1611 2889 1678 ἀτάκτως
2956 1615 3102 1688 ἔχειν
3165 1620 3304 1691 πρὸς
3369 1622 3460 1678 τὸν
3513 1627 3616 1697 τῆς

343 1697 522 1768 μάχης
571 1697 833 1753 κίνδυνον.

410 1788 520 1858 κγ’.
554 1792 677 1862 Χρὴ
712 1790 804 1844 οὖν
837 1792 942 1862 πρὸ
979 1792 1087 1845 τῶν
1119 1791 1387 1847 κινδύνων
1420 1790 1788 1862 μεθαρμόζειν
1816 1791 1916 1854 τάς

336 1880 519 1952 ψυχὰς
567 1882 677 1933 τῶν
729 1884 1076 1951 στρατιωτῶν
1119 1881 1255 1955 πρὸς
1290 1883 1390 1946 τὰς
1434 1882 1716 1952 παρούσας
1762 1881 1922 1946 δόξας

343 1971 650 2041 χρησίμως,
680 1972 818 2026 ἀλλὰ
867 1975 960 2026 καὶ
996 1975 1096 2036 τὰς
1139 1975 1248 2029 τῶν
1299 1976 1698 2045 ἀντιπολεμίων
1745 1973 1924 2046 ψυχὰς

345 2061 710 2139 καταδουλοῦν
740 2063 1005 2134 ἐντέχνως
1063 2063 1144 2127 εἷς
1172 2083 1233 2117 τε
1267 2066 1466 2135 φόϐους
1513 2066 1609 2118 καὶ
1654 2065 1925 2135 ῥᾳθυμίας

342 2152 437 2204 καὶ
468 2152 759 2221 μαλακίας,
792 2155 887 2207 καὶ
916 2155 1038 2209 τότε
1068 2156 1407 2211 ἐπιτίθεσθαι
1438 2158 1642 2220 αὐτοῖς,
1667 2156 1760 2209 καὶ
1794 2156 1923 2209 ἄνευ

341 2243 545 2307 παντὸς
571 2245 732 2298 ὄκνου
753 2245 1139 2317 διαμάχεσθαι.
1163 2249 1450 2319 Μηδαμῶς
1471 2248 1732 2311 δὲ’ἄλλως
1761 2248 1925 2301 δυνα-

340 2333 431 2386 τόν
463 2349 524 2385 σε
576 2337 964 2405 περιγενέσθαι
990 2338 1098 2392 τῶν
1135 2340 1417 2404 ἐναντίων,
1444 2340 1494 2391 εί
1543 2339 1619 2410 μὴ
1659 2340 1923 2410 πρότερον

336 2426 422 2488 τίς
439 2426 686 2495 ἀνάγκας
718 2429 914 2494 αὐτοὺς
943 2433 1320 2513 περιστήσεις.

411 2517 510 2573 κδ’.
543 2521 695 2591 Μηδὲ
736 2522 890 2591 ἄγειν
929 2524 1023 2588 είς
1063 2524 1339 2587 τοιούτους
1387 2524 1687 2589 κινδύνους,
1736 2524 1797 2589 ἒξ
1846 2516 1921 2578 ὧν

342 2608 611 2679 βελτίονες
664 2613 866 2684 μᾶλλον
922 2615 1137 2670 ἔσονται
1186 2619 1236 2670 οἱ
1292 2617 1494 2689 ἐχθροὶ,
1557 2617 1689 2688 παρ’
1741 2615 1769 2669 ὃ
1802 2615 1925 2689 βού-

339 2701 543 2758 λονται.

410 2880 512 2936 κε’.
552 2883 688 2936 mas
722 2883 935 2946 πίστεις
974 2884 1085 2936 είσλ⁸
1119 2886 1213 2938 καὶ
1239 2884 1544 2956 ὁμολογίαι,
1580 2888 1789 2951 ταύτας
1818 2889 1920 2958 χρή
2024 2902 2029 2903 ’

340 2988 404 3025 σε
436 2972 727 3041 φυλάττειν
756 2974 1173 3045 άπαραΰάτους.

412 3063 526 3130 κς-’.
579 3065 669 3119 Ἐν
705 3067 760 3121 δὲ
803 3070 924 3131 ταῖς
954 3068 1064 3121 τῶν
1094 3070 1436 3140 πραγμάτων
1491 3070 1751 3123 ὲκὸάσεσι
1805 3070 1923 3124 δέον

343 3174 403 3210 σε
444 3160 583 3229 μήτε
616 3160 948 3233 εὐτυχοῦντα
976 3161 1071 3213 καὶ
1105 3160 1205 3231 τῆς
1254 3160 1365 3214 τῶν
1393 3161 1666 3230 πολεμίων
1696 3163 1923 3231 ἀτυχίας

2092 1787 2184 1843 25.
2230 1787 2537 1861 Antequam
2588 1793 2760 1863 igitur
2806 1798 3052 1867 pericula
3110 1801 3341 1858 subeant
3388 1806 3613 1875 milites,

2029 1883 2197 1936 animi
2230 1884 2444 1937 illorum
2480 1885 2553 1939 ita
2581 1891 2951 1956 pertractandi
2985 1901 3149 1959 sunt,
3190 1902 3247 1947 ut
3288 1896 3355 1950 ad
3399 1912 3614 1953 omnem

2028 1975 2288 2043 impetum
2353 1978 2738 2034 sustinendum
2786 1982 2994 2038 alacres
3027 1986 3138 2039 sint
3178 2006 3190 2040 :
3227 1988 3464 2044 hostium
3514 2006 3614 2047 au-

2027 2074 2134 2121 tem
2183 2076 2396 2124 mentes
2446 2072 2836 2138 pet-turbanda:
2871 2082 3020 2141 sunt,
3052 2086 3105 2131 ct
3152 2078 3205 2132 in
3239 2078 3611 2146 formidinem,

2023 2159 2338 2227 mollitiem,
2395 2162 2949 2237 desperationemque
3008 2170 3386 2240 conjiciendre,
3450 2184 3616 2245 atque

2025 2250 2162 2305 adeo
2207 2260 2319 2306 tum
2376 2253 2658 2310 adoriendi
2695 2256 2903 2322 hostes,
2932 2266 2985 2313 et
3038 2260 3159 2316 sine
3206 2262 3317 2316 ulla
3354 2263 3614 2322 dilatione

2025 2342 2342 2398 invadendi.
2376 2344 2532 2400 Nulla
2565 2348 2709 2402 enim
2737 2350 2842 2404 alia
2873 2352 3087 2407 ratione
3120 2354 3305 2411 hostes
3341 2358 3612 2427 sperabis,

2025 2434 2132 2486 nisi
2165 2434 2218 2488 in
2254 2437 2474 2506 aliquas
2506 2440 2794 2508 angustias
2830 2441 2957 2497 illos
2989 2445 3142 2513 prius
3169 2445 3426 2501 deducas.

2093 2525 2185 2578 2'5.
2222 2526 2412 2598 Neque
2445 2529 2499 2583 in
2538 2530 2858 2601 hujusmodi
2910 2536 3153 2603 pericula
3198 2537 3386 2593 hostes
3422 2539 3616 2610 impel-

2026 2616 2229 2684 lantur,
2272 2620 2585 2689 inquibus,
2617 2632 2677 2677 ut
2728 2624 2783 2677 in
2836 2624 3140 2695 desperatis
3190 2630 3358 2685 rebus
3394 2633 3612 2700 .solent,

2024 2713 2302 2779 meliores,
2335 2732 2497 2785 quam
2538 2716 2760 2774 illorum
2796 2731 2991 2778 natura
3019 2722 3145 2789 fert,
3175 2733 3229 2781 et
3260 2726 3615 2797 impetuosio-

2026 2818 2113 2859 res
2138 2806 2267 2862 sint.

2095 2896 2187 2950 25.
2229 2897 2323 2951 Sin
2360 2899 2591 2956 induciae
2623 2902 2942 2975 foederaque
2972 2892 3104 2973 sint,
3140 2908 3292 2964 nullo
3328 2912 3488 2967 modo
3514 2913 3613 2971 abs

2024 2998 2077 3041 te
2105 2989 2398 3069 violentur.

2092 3079 2182 3133 9.6.
2228 3080 2302 3135 Ex
2336 3098 2515 3138 rerum
2548 3097 2741 3142 eventu
2792 3090 2837 3144 si
2872 3106 3132 3163 prospera
3183 3094 3281 3150 tibi
3327 3096 3509 3153 omnia
3557 3111 3613 3157 et

2025 3176 2265 3225 secunda
2304 3177 2435 3239 sint,
2468 3186 2521 3231 et
2576 3179 2817 3234 hostium
2872 3183 3104 3239 victoria
3158 3196 3366 3257 potitus
3418 3191 3609 3258 fueris,

340 3251 649 3321 κρατοῦντα
687 3254 830 3323 μέγα
868 3257 1086 3324 φρονεῖν
1141 3253 1563 3325 διαπράξασθαι,
1595 3254 1731 3325 μηδὲ
1783 3255 1919 3324 πρὸς

2027 3278 2094 3317 ne
2122 3265 2284 3321 nimis
2324 3268 2506 3321 animo
2535 3270 2779 3326 elferaris
2814 3289 2828 3326 :
2867 3291 3041 3344 neque
3073 3276 3127 3331 in
3160 3279 3322 3334 rebus
3356 3286 3610 3352 gerendis

338 3343 411 3397 τὰ
464 3347 913 3416 κατεργασθέντα
964 3348 1367 3418 ὲναπομένοντα
1398 3348 1508 3401 τῶν
1560 3348 1737 3401 πόνων
1779 3350 1919 3419 ἀμε-

340 3434 474 3500 λεῖν,
499 3436 613 3490 ἀλλ’
634 3439 714 3500 εἰς
730 3439 798 3492 τὰ
824 3438 1097 3510 μακρόθεν
1114 3440 1207 3493 καὶ
1231 3439 1539 3510 ἔμπροσθεν
1563 3440 1917 3506 ἀποϐλέπειν,

340 3526 437 3580 καὶ
468 3528 819 3599 βουλεύεσθαι
849 3531 901 3585 τί
946 3532 1051 3603 χρὴ
1079 3534 1254 3586 ποιεῖν
1277 3550 1293 3564 ο
1328 3533 1465 3603 μήτε
1525 3532 1588 3604 δὴ
1639 3533 1919 3604 δυστυχῶν

342 3618 575 3688 φανερὸς
605 3618 757 3687 γίνου
785 3619 861 3682 ὼς
891 3621 1420 3691 καταπεπληγμένος
1447 3622 1584 3693 μήτε
1614 3626 1728 3686 τοῖς
1754 3640 1920 3693 στρα-

340 3706 565 3772 τιώταις
598 3710 733 3779 μήτε
760 3713 874 3774 τοῖς
893 3711 1197 3782 πολεμίοις.

412 3798 516 3863 κζ’.
555 3800 717 3854 Ἀλλὰ
751 3801 887 3871 μηδὲ
939 3803 1076 3873 πρὸς
1114 3804 1242 3866 τοὺς
1276 3804 1545 3875 πολέμους
1570 3805 1682 3876 (69)
1711 3805 1917 3873 διάλυε,

339 3891 401 3944 ἐν
430 3886 511 3954 οἷς
543 3896 756 3963 καιροῖς
786 3892 1013 3957 δυνατὸς
1068 3894 1336 3964 ὑπάρχεις
1398 3895 1522 3948 κατ’
1573 3895 1753 3948 αὐτῶν
1796 3897 1921 3949 ἀντ-

344 3981 495 4056 έχειν
525 3982 617 4035 καὶ
651 3981 1215 4051 καταγωνίσασθαι,εί
1242 3985 1315 4055 μὴ
1338 3982 1810 4055 βεϐαίανείρήνην
1826 3986 1919 4038 καὶ

341 4073 595 4145 ὲπωφελῆ
622 4076 670 4128 oi
698 4076 930 4129 ἑναντίοι
972 4076 1289 4146 αἰτήσονται
1310 4092 1323 4105 ·
1356 4076 1589 4145 μεγάλαι
1623 4076 1731 4147 γὰρ
1759 4076 1918 4129 ἔλατ·

338 4160 534 4224 τώσεις
555 4163 815 4228 πολλάκις
841 4164 906 4217 ὲκ
927 4164 1023 4218 τοῦ
1053 4164 1298 4218 τοιούτου
1323 4167 1527 4235 τρόπου
1549 4165 1809 4233 γίνονται.

409 4261 516 4325 κη’.
543 4255 737 4322 Χρεὼν
783 4256 839 4309 δέ
882 4274 941 4309 σε
973 4256 1067 4310 καὶ
1098 4255 1160 4309 τὸ
1208 4256 1524 4328 στράτευμα
1574 4257 1655 4320 είς
1682 4256 1918 4327 πόλεμον

338 4347 551 4416 ἐξάγειν
578 4348 655 4419 μὴ
681 4348 868 4412 ἀτελὲς
896 4348 983 4402 διὰ
1006 4349 1064 4401 τὸ
1087 4348 1310 4417 πλῆθος,
1347 4348 1482 4419 μηδὲ
1502 4347 1610 4401 τῶν
1640 4348 1916 4419 συνεργῶν

335 4439 543 4512 τεχνῶν
571 4442 666 4495 καὶ
696 4441 1039 4511 πραγμάτων
1084 4439 1534 4510 ἀπολειπόμενον,
1571 4440 1696 4512 μηδ’
1747 4442 1916 4511 ἄλλην

340 4533 613 4604 μηδεμίαν
636 4533 757 4605 ἔχον
786 4534 1102 4600 ἐλάττωσιν,
1140 4533 1198 4600 ἐξ
1248 4526 1309 4586 οὗ
1367 4532 1598 4603 μάλιστα
1638 4512 1915 4605 τρόπουχοί

337 4626 496 4676 κακοὶ
514 4627 812 4694 στρατηγοὶ
843 4625 1241 4679 διαϐάλλονται.

407 4715 512 4770 κθ’.
547 4718 668 4789 Χρὴ
698 4718 755 4771 δέ
792 4734 852 4771 σε
887 4718 1177 4773 σπουδαῖον
1210 4717 1574 4787 ἀναφανῆναι,
1615 4717 1710 4771 καὶ
1759 4716 1917 4788 μάλιο

338 4826 441 4863 στα
504 4812 565 4863 ἐν
610 4813 678 4883 τῇ
740 4812 1050 4883 διοικητικῇ
1114 4810 1342 4883 προνοίᾳ
1399 4809 1509 4863 τῶν
1566 4810 1915 4882 στρατευμά-

335 4920 464 4957 των.

406 4996 470 5050 λ’.
518 4997 628 5050 Καὶ
660 4998 762 5059 τὰς
803 4996 1049 5060 δαπάνας
1090 4999 1169 5059 είς
1224 4997 1285 5048 τδ
1334 4993 1555 5049 δυνατὸν
1587 4993 1772 5061 ὀλίγας
1820 4993 1916 5047 καὶ

337 5088 772 5159 συνεσταλμένας
796 5090 1057 5155 κελεύειν,
1086 5088 1268 5141 καὶτὰ
1287 5087 1423 5142 ἄλλα
1443 5086 1512 5139 τὰ
1535 5083 1689 5137 κοινὰ
1718 5082 1915 5135 διασώ-

336 5179 451 5242 ζειν
474 5181 775 5251 ἐμπείρως.

405 5272 507 5326 λα’.
550 5273 660 5326 Καὶ
691 5274 782 5326 ἐπὶ
813 5273 1024 5336 τούτοις
1091 5271 1319 5344 μελετᾷν
1362 5278 1423 5323 σε
1474 5272 1613 5341 μετὰ
1649 5270 1813 5324 πόνου
1846 5267 1915 5321 τὰ

337 5359 527 5415 δέοντα
588 5362 647 5420 ἐν
686 5380 745 5415 τε
800 5365 911 5425 τοίς
966 5362 1213 5432 ἀρχαίοις
1255 5360 1346 5413 καὶ
1388 5362 1501 5422 τοῖς
1554 5359 1718 5424 νέοις,
1772 5357 1915 5411 ὥστε

338 5455 610 5525 ἱστορικὸν
639 5453 779 5510 εῖναι
809 5458 1026 5511 πάντων
1053 5456 1163 5509 τῶν
1212 5454 1353 5509 κατὰ
1391 5453 1650 5523 πόλεμον,
1678 5454 1772 5506 καὶ
1811 5451 1913 5523 ἐμ-

334 5562 525 5617 πειρον
561 5549 807 5603 παλαιῶν
839 5548 1317 5622 στρατηγημάτων
1342 5548 1444 5600 ὅσα
1465 5546 1775 5614 ἀξιάγαστα
1805 5562 1899 5615 γε-

334 5640 576 5709 γόνασιν.

2022 3353 2093 3406 ita
2127 3356 2316 3411 tardus
2346 3359 2447 3423 sis,
2482 3367 2539 3413 ut
2586 3370 2708 3429 post
2762 3364 2917 3418 initia
2965 3368 3307 3433 negotiorum
3359 3372 3609 3429 confecta

2023 3445 2468 3517 circumspicias,
2499 3461 2553 3505 et
2582 3453 2852 3509 deliberes
2883 3456 3011 3526 quid
3045 3459 3301 3532 deinceps
3334 3464 3606 3533 agendum

2024 3535 2095 3589 sit
2130 3555 2142 3589 :
2178 3554 2277 3592 nec
2310 3555 2503 3594 rursus
2559 3544 2604 3596 si
2654 3547 2900 3600 adversa:
2935 3561 3019 3602 res
3052 3550 3456 3620 ingravescant,
3491 3565 3607 3609 stu-

2020 3629 2185 3698 pidus
2211 3638 2264 3685 et
2296 3634 2561 3688 attonitus
2600 3635 2683 3689 vel
2715 3637 2825 3693 tuis
2868 3641 2950 3694 vel
2980 3640 3233 3699 hostibus
3260 3646 3519 3705 videaris.

2090 3808 2183 3862 27.
2226 3807 2332 3863 Sed
2363 3825 2543 3880 neque
2574 3812 2643 3867 iis
2674 3818 3016 3885 temporibus
3047 3819 3180 3875 cede
3213 3821 3469 3881 hostibus
3514 3826 3605 3883 ubi

2023 3901 2231 3970 poteris
2268 3901 2376 3957 illis
2408 3903 2688 3971 resistere,
2723 3916 2777 3959 et
2822 3906 3165 3967 incursiones
3215 3913 3429 3969 illorum
3476 3933 3606 3986 pro—

2020 3992 2245 4061 pellere,
2279 3993 2385 4048 nisi
2443 4008 2632 4065 pacem
2685 3994 2895 4054 hostes
2925 4001 3113 4055 utilem
3163 4018 3229 4057 ex
3279 4014 3330 4059 te
3363 4016 3550 4076 petant
3589 4026 3603 4065 :

2020 4096 2233 4153 magna:
2260 4085 2403 4139 enim
2436 4100 2618 4141 rerum
2668 4086 2999 4147 offensiones
3025 4091 3343 4164 hujusmodi
3377 4113 3443 4153 ex
3469 4115 3605 4155 eau-

2018 4174 2099 4228 'sis
2129 4176 2410 4232 oriuntur.
2508 4172 2515 4182 ’

2090 4266 2185 4323 28.
2228 4269 2518 4324 Exercitus
2573 4279 2702 4327 tuus
2757 4268 2825 4325 ad
2884 4272 3085 4329 bellum
3138 4265 3457 4336 educendus
3498 4289 3601 4349 est,

2021 4361 2424 4415 multitudinem
2453 4362 2659 4429 justam
2693 4364 2921 4431 habens,
2949 4368 3161 4424 oazteris
3192 4371 3359 4425 armis
3390 4373 3604 4430 bellicis

2023 4449 2246 4504 minime
2276 4450 2539 4516 defectus,
2570 4453 2830 4522 nullaque
2862 4455 2966 4509 alia
3000 4470 3058 4511 re
3089 4458 3156 4511 ad
3185 4459 3384 4514 beilum
3412 4478 3597 4518 ncces-

2020 4542 2163 4595 saria
2190 4541 2489 4598 destitutus
2523 4564 2535 4598 :
2567 4544 2765 4615 quibus
2800 4546 2853 4600 in
2881 4547 3043 4603 rebus
3080 4551 3205 4603 mali
3242 4552 3600 4622 imperatores

1938 4611 1992 4671 D
2021 4632 2279 4689 facillime
2314 4636 2770 4705 reprehensiones
2800 4638 3022 4694 habent.

2087 4725 2178 4781 29.
2220 4726 2529 4783 Industrius
2578 4728 2869 4783 admodum
2920 4731 3088 4787 debes
3140 4746 3285 4798 esse,
3324 4737 3598 4806 prazcipue

2018 4827 2198 4870 autem
2233 4816 2289 4871 in
2314 4817 2384 4872 iis
2413 4817 2868 4874 administrandis
2906 4834 3027 4890 quae
3060 4820 3125 4876 ad
3152 4826 3598 4893 procurationem
3650 4877 3670 4900 ,

2016 4908 2093 4963 rei
2125 4907 2330 4963 bellica:
2357 4909 2653 4979 pertinent.

2085 4999 2172 5056 30.
2217 5000 2480 5071 Sumptus
2533 5016 2695 5072 quam
2746 5001 3003 5058 minimos
3036 5013 3090 5058 et
3126 5001 3367 5077 frugales
3399 5009 3600 5064 admit-

2014 5100 2116 5159 tes,
2146 5101 2199 5147 et
2232 5108 2345 5147 rem
2371 5106 2715 5147 communem
2746 5092 3036 5164 diligenter
3064 5098 3373 5153 asservabis
3400 5117 3413 5153 :
3441 5099 3600 5155 dein-

2014 5185 2081 5240 de
2109 5199 2230 5253 qua:
2260 5183 2404 5240 facto
2434 5201 2569 5257 Opus
2604 5194 2754 5251 sunt,
2792 5186 2975 5241 omnia
3011 5203 3263 5245 accures.

2086 5275 2174 5329 3|.
2215 5275 2403 5346 Itaque
2440 5274 2703 5330 historias
2753 5278 3107 5347 antiquorum
3141 5286 3195 5332 et
3228 5280 3597 5334 recentiorum

2017 5365 2312 5436 diligenter
2347 5382 2674 5437 cognoscas,
2708 5379 2763 5424 et
2814 5372 3058 5424 omnium
3096 5370 3362 5425 factorum
3416 5372 3601 5427 consi-

2022 5456 2332 5526 liorumque
2368 5456 2886 5529 imperatoriorum,
2920 5475 3040 5532 quae
3088 5462 3252 5535 é'gna
3289 5463 3602 5536 c0gnitione

2008 5557 2137 5604 sunt
2158 5590 2171 5615 ,
2205 5548 2472 5604 rationem
2509 5559 2719 5607 teneas.

1860 5729 2072 5788 NOTAE
2083 5773 2098 5789 .

410 5824 524 5896 (69)
552 5825 882 5897 Πολέμους.
906 5825 1116 5897 Scribe,
1144 5827 1456 5897 πολεμίους.
