  <div class='ocr_page' id='page_1' title='image "/cluster/home/n/w/nwhite01/storage/ocr_20150623/107/coo.31924054870112/587.png"; bbox 0 0 4120 6452; ppageno 0'>
   <div class='ocr_carea' id='block_1_1' title="bbox 508 373 646 437">
    <p class='ocr_par' dir='ltr' id='par_1_1' title="bbox 508 373 646 437">
     <span class='ocr_line' id='line_1_1' title="bbox 508 373 646 437; baseline -0.014 0"><span class='ocrx_word' id='word_1_1' title='bbox 508 373 646 437; x_wconf 83' lang='grc'>1083</span> 
     </span>
    </p>
   </div>
   <div class='ocr_carea' id='block_1_2' title="bbox 1767 357 2532 426">
    <p class='ocr_par' dir='ltr' id='par_1_2' title="bbox 1767 357 2532 426">
     <span class='ocr_line' id='line_1_2' title="bbox 1767 357 2532 426; baseline -0.008 1"><span class='ocrx_word' id='word_1_2' title='bbox 1767 363 2043 426; x_wconf 89' lang='lat' dir='ltr'><strong>LEONIS</strong></span> <span class='ocrx_word' id='word_1_3' title='bbox 2070 357 2532 423; x_wconf 84' lang='lat' dir='ltr'><strong>PHILOSOPHI</strong></span> 
     </span>
    </p>
   </div>
   <div class='ocr_carea' id='block_1_3' title="bbox 3632 355 3779 421">
    <p class='ocr_par' dir='ltr' id='par_1_3' title="bbox 3632 355 3779 421">
     <span class='ocr_line' id='line_1_3' title="bbox 3632 355 3779 421; baseline -0.027 0"><span class='ocrx_word' id='word_1_4' title='bbox 3632 355 3779 421; x_wconf 77' lang='grc' dir='ltr'><strong>ιοει</strong></span> 
     </span>
    </p>
   </div>
   <div class='ocr_carea' id='block_1_4' title="bbox 577 437 2096 553">
    <p class='ocr_par' dir='ltr' id='par_1_4' title="bbox 577 478 2089 553">
     <span class='ocr_line' id='line_1_4' title="bbox 577 478 2089 553; baseline -0.007 -12"><span class='ocrx_word' id='word_1_5' title='bbox 577 486 670 542; x_wconf 72' lang='lat'><strong>32.</strong></span> <span class='ocrx_word' id='word_1_6' title='bbox 709 483 866 552; x_wconf 86' lang='lat' dir='ltr'><strong>Quod</strong></span> <span class='ocrx_word' id='word_1_7' title='bbox 901 483 947 538; x_wconf 99' lang='lat' dir='ltr'><strong>si</strong></span> <span class='ocrx_word' id='word_1_8' title='bbox 979 482 1104 553; x_wconf 88' lang='lat' dir='ltr'><strong>quis</strong></span> <span class='ocrx_word' id='word_1_9' title='bbox 1133 482 1219 537; x_wconf 83' lang='lat' dir='ltr'><strong>vel</strong></span> <span class='ocrx_word' id='word_1_10' title='bbox 1246 481 1439 537; x_wconf 77' lang='lat' dir='ltr'><strong>artifex</strong></span> <span class='ocrx_word' id='word_1_11' title='bbox 1477 479 1561 535; x_wconf 78' lang='lat' dir='ltr'><strong>vel</strong></span> <span class='ocrx_word' id='word_1_12' title='bbox 1595 479 1847 549; x_wconf 87' lang='lat' dir='ltr'><strong>plebeius</strong></span> <span class='ocrx_word' id='word_1_13' title='bbox 1879 478 2089 549; x_wconf 88' lang='lat' dir='ltr'><strong>aliquid</strong></span> 
     </span>
    </p>
   </div>
   <div class='ocr_carea' id='block_1_5' title="bbox 2195 437 3789 553">
    <p class='ocr_par' dir='ltr' id='par_1_5' title="bbox 2258 437 3789 548">
     <span class='ocr_line' id='line_1_5' title="bbox 2258 437 3789 548; baseline 0.001 -18"><span class='ocrx_word' id='word_1_14' title='bbox 2258 476 2361 547; x_wconf 85' lang='grc' dir='ltr'><strong>λβ’.</strong></span> <span class='ocrx_word' id='word_1_15' title='bbox 2392 478 2503 531; x_wconf 71' lang='grc' dir='ltr'><strong>Καὶ</strong></span> <span class='ocrx_word' id='word_1_16' title='bbox 2532 478 2689 541; x_wconf 92' lang='grc' dir='ltr'><strong>εί¹τις</strong></span> <span class='ocrx_word' id='word_1_17' title='bbox 2721 476 3118 545; x_wconf 73' lang='grc' dir='ltr'><strong>ἱπαγγέλλεταί</strong></span> <span class='ocrx_word' id='word_1_18' title='bbox 3161 494 3245 531; x_wconf 88' lang='grc' dir='ltr'><strong>σοι</strong></span> <span class='ocrx_word' id='word_1_19' title='bbox 3277 476 3407 548; x_wconf 76' lang='grc' dir='ltr'><strong>περὶ</strong></span> <span class='ocrx_word' id='word_1_20' title='bbox 3424 437 3789 548; x_wconf 50' lang='grc' dir='ltr'><strong>,στρατηγίας</strong></span> 
     </span>
    </p>
   </div>
   <div class='ocr_carea' id='block_1_6' title="bbox 510 572 2095 649">
    <p class='ocr_par' dir='ltr' id='par_1_6' title="bbox 510 572 2095 649">
     <span class='ocr_line' id='line_1_6' title="bbox 510 572 2095 649; baseline -0.006 -15"><span class='ocrx_word' id='word_1_21' title='bbox 510 593 622 649; x_wconf 66' lang='grc' dir='ltr'><strong>ιιι-ω</strong></span> <span class='ocrx_word' id='word_1_22' title='bbox 664 592 723 633; x_wconf 87' lang='lat' dir='ltr'><strong>se</strong></span> <span class='ocrx_word' id='word_1_23' title='bbox 768 577 907 631; x_wconf 86' lang='lat' dir='ltr'><strong>ferat</strong></span> <span class='ocrx_word' id='word_1_24' title='bbox 941 576 1217 629; x_wconf 89' lang='lat' dir='ltr'><strong>dicturum</strong></span> <span class='ocrx_word' id='word_1_25' title='bbox 1248 574 1395 643; x_wconf 90' lang='lat' dir='ltr'><strong>quod</strong></span> <span class='ocrx_word' id='word_1_26' title='bbox 1429 573 1497 628; x_wconf 86' lang='lat' dir='ltr'><strong>ad</strong></span> <span class='ocrx_word' id='word_1_27' title='bbox 1534 588 1647 627; x_wconf 89' lang='lat' dir='ltr'><strong>rem</strong></span> <span class='ocrx_word' id='word_1_28' title='bbox 1685 572 1979 626; x_wconf 72' lang='lat' dir='ltr'><strong>militarem</strong></span> <span class='ocrx_word' id='word_1_29' title='bbox 2011 579 2095 625; x_wconf 83' lang='lat' dir='ltr'><strong>at-</strong></span> 
     </span>
    </p>
   </div>
   <div class='ocr_carea' id='block_1_7' title="bbox 509 663 2095 740">
    <p class='ocr_par' dir='ltr' id='par_1_7' title="bbox 509 663 2095 740">
     <span class='ocr_line' id='line_1_7' title="bbox 509 663 2095 740; baseline -0.006 -15"><span class='ocrx_word' id='word_1_30' title='bbox 509 685 620 740; x_wconf 91' lang='lat' dir='ltr'><strong>que</strong></span> <span class='ocrx_word' id='word_1_31' title='bbox 652 667 1060 739; x_wconf 74' lang='lat' dir='ltr'><strong>imperatoriam</strong></span> <span class='ocrx_word' id='word_1_32' title='bbox 1102 666 1359 735; x_wconf 76' lang='lat' dir='ltr'><strong>pertinet,</strong></span> <span class='ocrx_word' id='word_1_33' title='bbox 1395 665 1544 721; x_wconf 90' lang='lat' dir='ltr'><strong>illum</strong></span> <span class='ocrx_word' id='word_1_34' title='bbox 1579 664 1806 718; x_wconf 87' lang='lat' dir='ltr'><strong>admitte</strong></span> <span class='ocrx_word' id='word_1_35' title='bbox 1838 663 2095 730; x_wconf 82' lang='lat' dir='ltr'><strong>libenter,</strong></span> 
     </span>
    </p>
   </div>
   <div class='ocr_carea' id='block_1_8' title="bbox 508 756 1522 828">
    <p class='ocr_par' dir='ltr' id='par_1_8' title="bbox 508 756 1522 828">
     <span class='ocr_line' id='line_1_8' title="bbox 508 756 1522 828; baseline -0.005 -12"><span class='ocrx_word' id='word_1_36' title='bbox 508 771 562 816; x_wconf 87' lang='lat' dir='ltr'><strong>ct</strong></span> <span class='ocrx_word' id='word_1_37' title='bbox 595 776 782 815; x_wconf 89' lang='lat' dir='ltr'><strong>eorum</strong></span> <span class='ocrx_word' id='word_1_38' title='bbox 804 775 923 828; x_wconf 69' lang='lat' dir='ltr'><strong>quae</strong></span> <span class='ocrx_word' id='word_1_39' title='bbox 953 759 1197 828; x_wconf 88' lang='lat' dir='ltr'><strong>loquitur</strong></span> <span class='ocrx_word' id='word_1_40' title='bbox 1222 757 1390 827; x_wconf 77' lang='lat' dir='ltr'><strong>judex</strong></span> <span class='ocrx_word' id='word_1_41' title='bbox 1422 756 1522 812; x_wconf 85' lang='lat' dir='ltr'><strong>sis.</strong></span> 
     </span>
    </p>
   </div>
   <div class='ocr_carea' id='block_1_9' title="bbox 474 847 2095 917">
    <p class='ocr_par' dir='ltr' id='par_1_9' title="bbox 474 847 2095 917">
     <span class='ocr_line' id='line_1_9' title="bbox 474 847 2095 917; baseline -0.004 -11"><span class='ocrx_word' id='word_1_42' title='bbox 474 866 505 895; x_wconf 68' lang='grc' dir='ltr'><strong>ο</strong></span> <span class='ocrx_word' id='word_1_43' title='bbox 580 853 671 905; x_wconf 79' lang='lat'><strong>53.</strong></span> <span class='ocrx_word' id='word_1_44' title='bbox 712 850 1014 904; x_wconf 85' lang='lat' dir='ltr'><strong>Consilium</strong></span> <span class='ocrx_word' id='word_1_45' title='bbox 1063 849 1159 902; x_wconf 84' lang='lat' dir='ltr'><strong>tibi</strong></span> <span class='ocrx_word' id='word_1_46' title='bbox 1212 863 1337 903; x_wconf 91' lang='lat' dir='ltr'><strong>cum</strong></span> <span class='ocrx_word' id='word_1_47' title='bbox 1370 850 1595 904; x_wconf 85' lang='lat' dir='ltr'><strong>senibus</strong></span> <span class='ocrx_word' id='word_1_48' title='bbox 1626 847 1957 917; x_wconf 86' lang='lat' dir='ltr'><strong>capiendum</strong></span> <span class='ocrx_word' id='word_1_49' title='bbox 1988 852 2095 911; x_wconf 88' lang='lat' dir='ltr'><strong>est,</strong></span> 
     </span>
    </p>
   </div>
   <div class='ocr_carea' id='block_1_10' title="bbox 507 938 2097 1009">
    <p class='ocr_par' dir='ltr' id='par_1_10' title="bbox 507 938 2097 1009">
     <span class='ocr_line' id='line_1_10' title="bbox 507 938 2097 1009; baseline -0.003 -12"><span class='ocrx_word' id='word_1_50' title='bbox 507 955 562 997; x_wconf 90' lang='lat' dir='ltr'><strong>et</strong></span> <span class='ocrx_word' id='word_1_51' title='bbox 598 943 664 995; x_wconf 92' lang='lat' dir='ltr'><strong>iis</strong></span> <span class='ocrx_word' id='word_1_52' title='bbox 696 941 790 1009; x_wconf 87' lang='lat' dir='ltr'><strong>qui</strong></span> <span class='ocrx_word' id='word_1_53' title='bbox 839 940 915 995; x_wconf 86' lang='lat' dir='ltr'><strong>rei</strong></span> <span class='ocrx_word' id='word_1_54' title='bbox 949 940 1159 994; x_wconf 73' lang='lat' dir='ltr'><strong>bellica:</strong></span> <span class='ocrx_word' id='word_1_55' title='bbox 1200 940 1362 1009; x_wconf 85' lang='lat' dir='ltr'><strong>periti</strong></span> <span class='ocrx_word' id='word_1_56' title='bbox 1408 947 1557 1004; x_wconf 86' lang='lat' dir='ltr'><strong>sunt,</strong></span> <span class='ocrx_word' id='word_1_57' title='bbox 1590 949 1642 994; x_wconf 90' lang='lat' dir='ltr'><strong>et</strong></span> <span class='ocrx_word' id='word_1_58' title='bbox 1675 940 1767 1007; x_wconf 92' lang='lat' dir='ltr'><strong>qui</strong></span> <span class='ocrx_word' id='word_1_59' title='bbox 1802 940 1982 1008; x_wconf 88' lang='lat' dir='ltr'><strong>aliqua</strong></span> <span class='ocrx_word' id='word_1_60' title='bbox 2012 938 2097 993; x_wconf 90' lang='lat' dir='ltr'><strong>di-</strong></span> 
     </span>
    </p>
   </div>
   <div class='ocr_carea' id='block_1_11' title="bbox 507 1031 2100 1103">
    <p class='ocr_par' dir='ltr' id='par_1_11' title="bbox 507 1031 2100 1103">
     <span class='ocr_line' id='line_1_11' title="bbox 507 1031 2100 1103; baseline -0.001 -16"><span class='ocrx_word' id='word_1_61' title='bbox 507 1034 715 1103; x_wconf 76' lang='lat' dir='ltr'><strong>gnitate</strong></span> <span class='ocrx_word' id='word_1_62' title='bbox 748 1047 813 1086; x_wconf 91' lang='lat' dir='ltr'><strong>ac</strong></span> <span class='ocrx_word' id='word_1_63' title='bbox 848 1031 1137 1087; x_wconf 85' lang='lat' dir='ltr'><strong>nobilitate</strong></span> <span class='ocrx_word' id='word_1_64' title='bbox 1171 1031 1486 1101; x_wconf 71' lang='lat' dir='ltr'><strong>praelucent,</strong></span> <span class='ocrx_word' id='word_1_65' title='bbox 1513 1041 1570 1085; x_wconf 89' lang='lat' dir='ltr'><strong>et</strong></span> <span class='ocrx_word' id='word_1_66' title='bbox 1589 1033 1679 1100; x_wconf 91' lang='lat' dir='ltr'><strong>qui</strong></span> <span class='ocrx_word' id='word_1_67' title='bbox 1706 1046 1832 1085; x_wconf 90' lang='lat' dir='ltr'><strong>cum</strong></span> <span class='ocrx_word' id='word_1_68' title='bbox 1864 1032 2100 1085; x_wconf 80' lang='lat' dir='ltr'><strong>benevo-</strong></span> 
     </span>
    </p>
   </div>
   <div class='ocr_carea' id='block_1_12' title="bbox 510 1121 2099 1194">
    <p class='ocr_par' dir='ltr' id='par_1_12' title="bbox 510 1121 2099 1194">
     <span class='ocr_line' id='line_1_12' title="bbox 510 1121 2099 1194; baseline -0.001 -15"><span class='ocrx_word' id='word_1_69' title='bbox 510 1127 681 1179; x_wconf 79' lang='lat' dir='ltr'><strong>lentia</strong></span> <span class='ocrx_word' id='word_1_70' title='bbox 711 1123 1005 1177; x_wconf 86' lang='lat' dir='ltr'><strong>consilium</strong></span> <span class='ocrx_word' id='word_1_71' title='bbox 1039 1121 1198 1178; x_wconf 76' lang='lat' dir='ltr'><strong>lidele</strong></span> <span class='ocrx_word' id='word_1_72' title='bbox 1234 1123 1289 1177; x_wconf 94' lang='lat' dir='ltr'><strong>in</strong></span> <span class='ocrx_word' id='word_1_73' title='bbox 1320 1123 1488 1179; x_wconf 83' lang='lat' dir='ltr'><strong>rebus</strong></span> <span class='ocrx_word' id='word_1_74' title='bbox 1522 1125 1777 1194; x_wconf 78' lang='lat' dir='ltr'><strong>gerendis</strong></span> <span class='ocrx_word' id='word_1_75' title='bbox 1812 1122 1943 1179; x_wconf 86' lang='lat' dir='ltr'><strong>dare</strong></span> <span class='ocrx_word' id='word_1_76' title='bbox 1972 1136 2099 1192; x_wconf 89' lang='lat' dir='ltr'><strong>pos-</strong></span> 
     </span>
    </p>
   </div>
   <div class='ocr_carea' id='block_1_13' title="bbox 508 1224 659 1271">
    <p class='ocr_par' dir='ltr' id='par_1_13' title="bbox 508 1224 659 1271">
     <span class='ocr_line' id='line_1_13' title="bbox 508 1224 659 1271; baseline -0.02 0"><span class='ocrx_word' id='word_1_77' title='bbox 508 1224 659 1271; x_wconf 87' lang='lat' dir='ltr'><strong>sunt.</strong></span> 
     </span>
    </p>
   </div>
   <div class='ocr_carea' id='block_1_14' title="bbox 579 1307 2100 1377">
    <p class='ocr_par' dir='ltr' id='par_1_14' title="bbox 579 1307 2100 1377">
     <span class='ocr_line' id='line_1_14' title="bbox 579 1307 2100 1377; baseline 0 -17"><span class='ocrx_word' id='word_1_78' title='bbox 579 1308 670 1362; x_wconf 75' lang='grc'><strong>54.</strong></span> <span class='ocrx_word' id='word_1_79' title='bbox 715 1307 771 1361; x_wconf 85' lang='grc' dir='ltr'><strong>1η</strong></span> <span class='ocrx_word' id='word_1_80' title='bbox 820 1307 1084 1377; x_wconf 85' lang='lat' dir='ltr'><strong>periculis</strong></span> <span class='ocrx_word' id='word_1_81' title='bbox 1133 1307 1349 1363; x_wconf 88' lang='lat' dir='ltr'><strong>bellicis</strong></span> <span class='ocrx_word' id='word_1_82' title='bbox 1382 1322 1665 1376; x_wconf 85' lang='lat' dir='ltr'><strong>nunquam</strong></span> <span class='ocrx_word' id='word_1_83' title='bbox 1701 1307 1970 1370; x_wconf 87' lang='lat' dir='ltr'><strong>dimices,</strong></span> <span class='ocrx_word' id='word_1_84' title='bbox 2005 1315 2100 1361; x_wconf 89' lang='lat' dir='ltr'><strong>aut</strong></span> 
     </span>
    </p>
   </div>
   <div class='ocr_carea' id='block_1_15' title="bbox 512 1398 2097 1468">
    <p class='ocr_par' dir='ltr' id='par_1_15' title="bbox 512 1398 2097 1468">
     <span class='ocr_line' id='line_1_15' title="bbox 512 1398 2097 1468; baseline -0.001 -15"><span class='ocrx_word' id='word_1_85' title='bbox 512 1416 706 1455; x_wconf 89' lang='lat' dir='ltr'><strong>manus</strong></span> <span class='ocrx_word' id='word_1_86' title='bbox 732 1416 994 1455; x_wconf 84' lang='lat' dir='ltr'><strong>conseras</strong></span> <span class='ocrx_word' id='word_1_87' title='bbox 1016 1442 1029 1464; x_wconf 90' lang='lat'><strong>,</strong></span> <span class='ocrx_word' id='word_1_88' title='bbox 1065 1400 1161 1455; x_wconf 83' lang='lat' dir='ltr'><strong>sed</strong></span> <span class='ocrx_word' id='word_1_89' title='bbox 1199 1400 1513 1453; x_wconf 89' lang='lat' dir='ltr'><strong>cautionem</strong></span> <span class='ocrx_word' id='word_1_90' title='bbox 1546 1399 1625 1453; x_wconf 92' lang='lat' dir='ltr'><strong>tui</strong></span> <span class='ocrx_word' id='word_1_91' title='bbox 1662 1398 1838 1466; x_wconf 87' lang='lat' dir='ltr'><strong>ipsius</strong></span> <span class='ocrx_word' id='word_1_92' title='bbox 1868 1398 2097 1468; x_wconf 81' lang='lat' dir='ltr'><strong>diligen-</strong></span> 
     </span>
    </p>
   </div>
   <div class='ocr_carea' id='block_1_16' title="bbox 510 1488 2098 1561">
    <p class='ocr_par' dir='ltr' id='par_1_16' title="bbox 510 1488 2098 1561">
     <span class='ocr_line' id='line_1_16' title="bbox 510 1488 2098 1561; baseline 0 -18"><span class='ocrx_word' id='word_1_93' title='bbox 510 1498 620 1544; x_wconf 86' lang='lat' dir='ltr'><strong>tem</strong></span> <span class='ocrx_word' id='word_1_94' title='bbox 652 1492 875 1554; x_wconf 79' lang='lat' dir='ltr'><strong>habeas,</strong></span> <span class='ocrx_word' id='word_1_95' title='bbox 903 1502 959 1545; x_wconf 92' lang='lat' dir='ltr'><strong>et</strong></span> <span class='ocrx_word' id='word_1_96' title='bbox 989 1492 1251 1546; x_wconf 78' lang='lat' dir='ltr'><strong>universo</strong></span> <span class='ocrx_word' id='word_1_97' title='bbox 1279 1491 1544 1545; x_wconf 81' lang='lat' dir='ltr'><strong>exercitui</strong></span> <span class='ocrx_word' id='word_1_98' title='bbox 1572 1491 1899 1561; x_wconf 71' lang='lat' dir='ltr'><strong>praescribas</strong></span> <span class='ocrx_word' id='word_1_99' title='bbox 1921 1530 1937 1554; x_wconf 90' lang='lat'><strong>,</strong></span> <span class='ocrx_word' id='word_1_100' title='bbox 1965 1488 2098 1561; x_wconf 89' lang='lat' dir='ltr'><strong>quid</strong></span> 
     </span>
    </p>
   </div>
   <div class='ocr_carea' id='block_1_17' title="bbox 509 1581 1710 1653">
    <p class='ocr_par' dir='ltr' id='par_1_17' title="bbox 509 1581 1710 1653">
     <span class='ocr_line' id='line_1_17' title="bbox 509 1581 1710 1653; baseline 0.001 -18"><span class='ocrx_word' id='word_1_101' title='bbox 509 1583 810 1653; x_wconf 80' lang='lat' dir='ltr'><strong>gerendum</strong></span> <span class='ocrx_word' id='word_1_102' title='bbox 851 1583 904 1636; x_wconf 93' lang='lat' dir='ltr'><strong>in</strong></span> <span class='ocrx_word' id='word_1_103' title='bbox 942 1583 1195 1636; x_wconf 83' lang='lat' dir='ltr'><strong>universa</strong></span> <span class='ocrx_word' id='word_1_104' title='bbox 1229 1581 1589 1636; x_wconf 86' lang='lat' dir='ltr'><strong>dimicatione</strong></span> <span class='ocrx_word' id='word_1_105' title='bbox 1616 1583 1710 1637; x_wconf 89' lang='lat' dir='ltr'><strong>sit.</strong></span> 
     </span>
    </p>
   </div>
   <div class='ocr_carea' id='block_1_18' title="bbox 582 1670 2096 1741">
    <p class='ocr_par' dir='ltr' id='par_1_18' title="bbox 582 1670 2096 1741">
     <span class='ocr_line' id='line_1_18' title="bbox 582 1670 2096 1741; baseline -0.002 -14"><span class='ocrx_word' id='word_1_106' title='bbox 582 1674 671 1727; x_wconf 81' lang='lat'><strong>55.</strong></span> <span class='ocrx_word' id='word_1_107' title='bbox 714 1672 1087 1728; x_wconf 90' lang='lat' dir='ltr'><strong>Consiliorum</strong></span> <span class='ocrx_word' id='word_1_108' title='bbox 1116 1682 1170 1727; x_wconf 91' lang='lat' dir='ltr'><strong>et</strong></span> <span class='ocrx_word' id='word_1_109' title='bbox 1196 1670 1466 1726; x_wconf 83' lang='lat' dir='ltr'><strong>factorum</strong></span> <span class='ocrx_word' id='word_1_110' title='bbox 1495 1671 1973 1741; x_wconf 88' lang='lat' dir='ltr'><strong>imperatoriorum</strong></span> <span class='ocrx_word' id='word_1_111' title='bbox 2000 1687 2096 1726; x_wconf 81' lang='lat' dir='ltr'><strong>ex-</strong></span> 
     </span>
    </p>
   </div>
   <div class='ocr_carea' id='block_1_19' title="bbox 511 1764 2095 1834">
    <p class='ocr_par' dir='ltr' id='par_1_19' title="bbox 511 1764 2095 1834">
     <span class='ocr_line' id='line_1_19' title="bbox 511 1764 2095 1834; baseline 0 -17"><span class='ocrx_word' id='word_1_112' title='bbox 511 1765 780 1834; x_wconf 69' lang='lat' dir='ltr'><strong>cogitator</strong></span> <span class='ocrx_word' id='word_1_113' title='bbox 806 1764 884 1819; x_wconf 86' lang='lat' dir='ltr'><strong>sis</strong></span> <span class='ocrx_word' id='word_1_114' title='bbox 904 1805 918 1829; x_wconf 89' lang='lat'><strong>,</strong></span> <span class='ocrx_word' id='word_1_115' title='bbox 950 1770 1006 1819; x_wconf 89' lang='lat' dir='ltr'><strong>et</strong></span> <span class='ocrx_word' id='word_1_116' title='bbox 1037 1764 1092 1819; x_wconf 91' lang='lat' dir='ltr'><strong>in</strong></span> <span class='ocrx_word' id='word_1_117' title='bbox 1123 1764 1572 1833; x_wconf 78' lang='lat' dir='ltr'><strong>aggressionibus</strong></span> <span class='ocrx_word' id='word_1_118' title='bbox 1598 1764 1710 1819; x_wconf 88' lang='lat' dir='ltr'><strong>tuis</strong></span> <span class='ocrx_word' id='word_1_119' title='bbox 1742 1765 1918 1820; x_wconf 88' lang='lat' dir='ltr'><strong>solers</strong></span> <span class='ocrx_word' id='word_1_120' title='bbox 1942 1764 2095 1820; x_wconf 76' lang='lat' dir='ltr'><strong>exsi-</strong></span> 
     </span>
    </p>
   </div>
   <div class='ocr_carea' id='block_1_20' title="bbox 514 1856 2093 1929">
    <p class='ocr_par' dir='ltr' id='par_1_20' title="bbox 514 1856 2093 1929">
     <span class='ocr_line' id='line_1_20' title="bbox 514 1856 2093 1929; baseline 0.003 -21"><span class='ocrx_word' id='word_1_121' title='bbox 514 1867 650 1919; x_wconf 79' lang='lat' dir='ltr'><strong>stas,</strong></span> <span class='ocrx_word' id='word_1_122' title='bbox 690 1865 804 1910; x_wconf 90' lang='lat' dir='ltr'><strong>tum</strong></span> <span class='ocrx_word' id='word_1_123' title='bbox 857 1856 1077 1925; x_wconf 77' lang='lat' dir='ltr'><strong>quando</strong></span> <span class='ocrx_word' id='word_1_124' title='bbox 1129 1857 1317 1913; x_wconf 82' lang='lat' dir='ltr'><strong>hostes</strong></span> <span class='ocrx_word' id='word_1_125' title='bbox 1361 1857 1681 1924; x_wconf 83' lang='lat' dir='ltr'><strong>invasurus,</strong></span> <span class='ocrx_word' id='word_1_126' title='bbox 1712 1865 1828 1912; x_wconf 89' lang='lat' dir='ltr'><strong>tum</strong></span> <span class='ocrx_word' id='word_1_127' title='bbox 1874 1858 2093 1929; x_wconf 85' lang='lat' dir='ltr'><strong>quando</strong></span> 
     </span>
    </p>
   </div>
   <div class='ocr_carea' id='block_1_21' title="bbox 515 1948 1212 2004">
    <p class='ocr_par' dir='ltr' id='par_1_21' title="bbox 515 1948 1212 2004">
     <span class='ocr_line' id='line_1_21' title="bbox 515 1948 1212 2004; baseline 0 -1"><span class='ocrx_word' id='word_1_128' title='bbox 515 1950 583 2004; x_wconf 84' lang='lat' dir='ltr'><strong>ab</strong></span> <span class='ocrx_word' id='word_1_129' title='bbox 618 1950 725 2003; x_wconf 86' lang='lat' dir='ltr'><strong>illis</strong></span> <span class='ocrx_word' id='word_1_130' title='bbox 758 1948 1099 2003; x_wconf 84' lang='lat' dir='ltr'><strong>invadendus</strong></span> <span class='ocrx_word' id='word_1_131' title='bbox 1128 1962 1212 2003; x_wconf 91' lang='lat' dir='ltr'><strong>es.</strong></span> 
     </span>
    </p>
   </div>
   <div class='ocr_carea' id='block_1_22' title="bbox 585 2038 2092 2108">
    <p class='ocr_par' dir='ltr' id='par_1_22' title="bbox 585 2038 2092 2108">
     <span class='ocr_line' id='line_1_22' title="bbox 585 2038 2092 2108; baseline 0 -14"><span class='ocrx_word' id='word_1_132' title='bbox 585 2040 675 2094; x_wconf 76' lang='lat'><strong>56.</strong></span> <span class='ocrx_word' id='word_1_133' title='bbox 716 2038 798 2093; x_wconf 78' lang='lat' dir='ltr'><strong>Ad</strong></span> <span class='ocrx_word' id='word_1_134' title='bbox 835 2039 1172 2108; x_wconf 86' lang='lat' dir='ltr'><strong>repellendas</strong></span> <span class='ocrx_word' id='word_1_135' title='bbox 1204 2038 1446 2094; x_wconf 90' lang='lat' dir='ltr'><strong>hostium</strong></span> <span class='ocrx_word' id='word_1_136' title='bbox 1483 2039 1831 2095; x_wconf 88' lang='lat' dir='ltr'><strong>incursiones</strong></span> <span class='ocrx_word' id='word_1_137' title='bbox 1871 2038 2092 2105; x_wconf 87' lang='lat' dir='ltr'><strong>habilis,</strong></span> 
     </span>
    </p>
   </div>
   <div class='ocr_carea' id='block_1_23' title="bbox 515 2131 2092 2203">
    <p class='ocr_par' dir='ltr' id='par_1_23' title="bbox 515 2131 2092 2203">
     <span class='ocr_line' id='line_1_23' title="bbox 515 2131 2092 2203; baseline 0.001 -18"><span class='ocrx_word' id='word_1_138' title='bbox 515 2133 581 2185; x_wconf 86' lang='lat' dir='ltr'><strong>ad</strong></span> <span class='ocrx_word' id='word_1_139' title='bbox 618 2132 1054 2188; x_wconf 87' lang='lat' dir='ltr'><strong>machinationes</strong></span> <span class='ocrx_word' id='word_1_140' title='bbox 1085 2132 1335 2188; x_wconf 85' lang='lat' dir='ltr'><strong>hostibus</strong></span> <span class='ocrx_word' id='word_1_141' title='bbox 1365 2131 1674 2188; x_wconf 80' lang='lat' dir='ltr'><strong>inferendas</strong></span> <span class='ocrx_word' id='word_1_142' title='bbox 1708 2132 1915 2203; x_wconf 82' lang='lat' dir='ltr'><strong>gravis,</strong></span> <span class='ocrx_word' id='word_1_143' title='bbox 1947 2140 2001 2188; x_wconf 89' lang='lat' dir='ltr'><strong>et</strong></span> <span class='ocrx_word' id='word_1_144' title='bbox 2027 2131 2092 2186; x_wconf 84' lang='lat' dir='ltr'><strong>ad</strong></span> 
     </span>
    </p>
   </div>
   <div class='ocr_carea' id='block_1_24' title="bbox 514 2222 2039 2293">
    <p class='ocr_par' dir='ltr' id='par_1_24' title="bbox 514 2222 2039 2293">
     <span class='ocr_line' id='line_1_24' title="bbox 514 2222 2039 2293; baseline 0.001 -16"><span class='ocrx_word' id='word_1_145' title='bbox 514 2223 570 2277; x_wconf 90' lang='lat' dir='ltr'><strong>id</strong></span> <span class='ocrx_word' id='word_1_146' title='bbox 613 2224 761 2293; x_wconf 90' lang='lat' dir='ltr'><strong>quod</strong></span> <span class='ocrx_word' id='word_1_147' title='bbox 792 2222 1035 2277; x_wconf 85' lang='lat' dir='ltr'><strong>luturum</strong></span> <span class='ocrx_word' id='word_1_148' title='bbox 1073 2232 1158 2279; x_wconf 83' lang='lat' dir='ltr'><strong>est</strong></span> <span class='ocrx_word' id='word_1_149' title='bbox 1187 2226 1371 2279; x_wconf 89' lang='lat' dir='ltr'><strong>animo</strong></span> <span class='ocrx_word' id='word_1_150' title='bbox 1402 2223 1814 2293; x_wconf 88' lang='lat' dir='ltr'><strong>anticipandum</strong></span> <span class='ocrx_word' id='word_1_151' title='bbox 1842 2224 2039 2280; x_wconf 88' lang='lat' dir='ltr'><strong>solcrs.</strong></span> 
     </span>
    </p>
   </div>
   <div class='ocr_carea' id='block_1_25' title="bbox 582 2315 2093 2385">
    <p class='ocr_par' dir='ltr' id='par_1_25' title="bbox 582 2315 2093 2385">
     <span class='ocr_line' id='line_1_25' title="bbox 582 2315 2093 2385; baseline 0 -16"><span class='ocrx_word' id='word_1_152' title='bbox 582 2315 672 2370; x_wconf 74' lang='lat'><strong>37.</strong></span> <span class='ocrx_word' id='word_1_153' title='bbox 712 2315 793 2370; x_wconf 83' lang='lat' dir='ltr'><strong>Ad</strong></span> <span class='ocrx_word' id='word_1_154' title='bbox 826 2326 1065 2370; x_wconf 86' lang='lat' dir='ltr'><strong>tesseras</strong></span> <span class='ocrx_word' id='word_1_155' title='bbox 1108 2316 1375 2385; x_wconf 85' lang='lat' dir='ltr'><strong>quasdam</strong></span> <span class='ocrx_word' id='word_1_156' title='bbox 1415 2324 1607 2370; x_wconf 90' lang='lat' dir='ltr'><strong>contra</strong></span> <span class='ocrx_word' id='word_1_157' title='bbox 1648 2316 1839 2371; x_wconf 82' lang='lat' dir='ltr'><strong>hostes</strong></span> <span class='ocrx_word' id='word_1_158' title='bbox 1872 2315 2093 2384; x_wconf 78' lang='lat' dir='ltr'><strong>excogi-</strong></span> 
     </span>
    </p>
   </div>
   <div class='ocr_carea' id='block_1_26' title="bbox 515 2406 2098 2477">
    <p class='ocr_par' dir='ltr' id='par_1_26' title="bbox 515 2406 2098 2477">
     <span class='ocr_line' id='line_1_26' title="bbox 515 2406 2098 2477; baseline 0 -18"><span class='ocrx_word' id='word_1_159' title='bbox 515 2408 711 2461; x_wconf 84' lang='lat' dir='ltr'><strong>tandas</strong></span> <span class='ocrx_word' id='word_1_160' title='bbox 739 2407 972 2477; x_wconf 77' lang='lat' dir='ltr'><strong>diligens</strong></span> <span class='ocrx_word' id='word_1_161' title='bbox 1004 2416 1059 2461; x_wconf 89' lang='lat' dir='ltr'><strong>et</strong></span> <span class='ocrx_word' id='word_1_162' title='bbox 1093 2407 1373 2471; x_wconf 87' lang='lat' dir='ltr'><strong>assiduus,</strong></span> <span class='ocrx_word' id='word_1_163' title='bbox 1399 2406 1709 2477; x_wconf 86' lang='lat' dir='ltr'><strong>prudentia,</strong></span> <span class='ocrx_word' id='word_1_164' title='bbox 1748 2407 1987 2475; x_wconf 76' lang='lat' dir='ltr'><strong>ingenio,</strong></span> <span class='ocrx_word' id='word_1_165' title='bbox 2014 2406 2098 2459; x_wconf 88' lang='lat' dir='ltr'><strong>in-</strong></span> 
     </span>
    </p>
   </div>
   <div class='ocr_carea' id='block_1_27' title="bbox 514 2498 1953 2569">
    <p class='ocr_par' dir='ltr' id='par_1_27' title="bbox 514 2498 1953 2569">
     <span class='ocr_line' id='line_1_27' title="bbox 514 2498 1953 2569; baseline 0 -17"><span class='ocrx_word' id='word_1_166' title='bbox 514 2498 730 2553; x_wconf 89' lang='lat' dir='ltr'><strong>dustria</strong></span> <span class='ocrx_word' id='word_1_167' title='bbox 758 2500 974 2553; x_wconf 63' lang='lat' dir='ltr'><strong>caeteris</strong></span> <span class='ocrx_word' id='word_1_168' title='bbox 1002 2499 1263 2555; x_wconf 88' lang='lat' dir='ltr'><strong>omnibus</strong></span> <span class='ocrx_word' id='word_1_169' title='bbox 1290 2499 1565 2569; x_wconf 71' lang='lat' dir='ltr'><strong>prazl‘ectis</strong></span> <span class='ocrx_word' id='word_1_170' title='bbox 1596 2498 1953 2554; x_wconf 84' lang='lat' dir='ltr'><strong>antecedens.</strong></span> 
     </span>
    </p>
   </div>
   <div class='ocr_carea' id='block_1_28' title="bbox 586 2675 2094 2743">
    <p class='ocr_par' dir='ltr' id='par_1_28' title="bbox 586 2675 2094 2743">
     <span class='ocr_line' id='line_1_28' title="bbox 586 2675 2094 2743; baseline -0.002 -14"><span class='ocrx_word' id='word_1_171' title='bbox 586 2676 677 2730; x_wconf 81' lang='lat'><strong>‘58.</strong></span> <span class='ocrx_word' id='word_1_172' title='bbox 719 2676 963 2743; x_wconf 86' lang='lat' dir='ltr'><strong>Corpore</strong></span> <span class='ocrx_word' id='word_1_173' title='bbox 1000 2677 1298 2739; x_wconf 88' lang='lat' dir='ltr'><strong>robustus,</strong></span> <span class='ocrx_word' id='word_1_174' title='bbox 1329 2684 1380 2730; x_wconf 85' lang='lat' dir='ltr'><strong>et</strong></span> <span class='ocrx_word' id='word_1_175' title='bbox 1415 2675 1481 2731; x_wconf 87' lang='lat' dir='ltr'><strong>ad</strong></span> <span class='ocrx_word' id='word_1_176' title='bbox 1516 2690 1734 2730; x_wconf 87' lang='lat' dir='ltr'><strong>omnem</strong></span> <span class='ocrx_word' id='word_1_177' title='bbox 1763 2681 2094 2728; x_wconf 88' lang='lat' dir='ltr'><strong>armaturam</strong></span> 
     </span>
    </p>
   </div>
   <div class='ocr_carea' id='block_1_29' title="bbox 516 2765 2097 2836">
    <p class='ocr_par' dir='ltr' id='par_1_29' title="bbox 516 2765 2097 2836">
     <span class='ocr_line' id='line_1_29' title="bbox 516 2765 2097 2836; baseline -0.003 -14"><span class='ocrx_word' id='word_1_178' title='bbox 516 2767 777 2822; x_wconf 92' lang='lat' dir='ltr'><strong>utendam</strong></span> <span class='ocrx_word' id='word_1_179' title='bbox 808 2768 1003 2822; x_wconf 90' lang='lat' dir='ltr'><strong>habilis</strong></span> <span class='ocrx_word' id='word_1_180' title='bbox 1037 2776 1201 2836; x_wconf 87' lang='lat' dir='ltr'><strong>atque</strong></span> <span class='ocrx_word' id='word_1_181' title='bbox 1229 2767 1517 2836; x_wconf 74' lang='lat' dir='ltr'><strong>expeditus</strong></span> <span class='ocrx_word' id='word_1_182' title='bbox 1552 2784 1566 2821; x_wconf 91' lang='lat'>:</span> <span class='ocrx_word' id='word_1_183' title='bbox 1598 2765 1771 2820; x_wconf 80' lang='lat' dir='ltr'><strong>forma</strong></span> <span class='ocrx_word' id='word_1_184' title='bbox 1805 2766 2003 2819; x_wconf 88' lang='lat' dir='ltr'><strong>decora</strong></span> <span class='ocrx_word' id='word_1_185' title='bbox 2032 2778 2097 2818; x_wconf 89' lang='lat' dir='ltr'><strong>ac</strong></span> 
     </span>
    </p>
   </div>
   <div class='ocr_carea' id='block_1_30' title="bbox 516 2855 2097 2923">
    <p class='ocr_par' dir='ltr' id='par_1_30' title="bbox 516 2855 2097 2923">
     <span class='ocr_line' id='line_1_30' title="bbox 516 2855 2097 2923; baseline -0.003 -12"><span class='ocrx_word' id='word_1_186' title='bbox 516 2860 755 2923; x_wconf 84' lang='lat' dir='ltr'><strong>liberali,</strong></span> <span class='ocrx_word' id='word_1_187' title='bbox 785 2858 933 2913; x_wconf 90' lang='lat' dir='ltr'><strong>omni</strong></span> <span class='ocrx_word' id='word_1_188' title='bbox 967 2873 1245 2912; x_wconf 88' lang='lat' dir='ltr'><strong>armorum</strong></span> <span class='ocrx_word' id='word_1_189' title='bbox 1275 2858 1688 2912; x_wconf 87' lang='lat' dir='ltr'><strong>constructione</strong></span> <span class='ocrx_word' id='word_1_190' title='bbox 1733 2855 1969 2910; x_wconf 81' lang='lat' dir='ltr'><strong>decorus</strong></span> <span class='ocrx_word' id='word_1_191' title='bbox 2011 2862 2097 2907; x_wconf 86' lang='lat' dir='ltr'><strong>at-</strong></span> 
     </span>
    </p>
   </div>
   <div class='ocr_carea' id='block_1_31' title="bbox 515 2947 2096 3020">
    <p class='ocr_par' dir='ltr' id='par_1_31' title="bbox 515 2947 2096 3020">
     <span class='ocr_line' id='line_1_31' title="bbox 515 2947 2096 3020; baseline 0.001 -18"><span class='ocrx_word' id='word_1_192' title='bbox 515 2966 622 3018; x_wconf 88' lang='lat' dir='ltr'><strong>que</strong></span> <span class='ocrx_word' id='word_1_193' title='bbox 672 2948 923 3016; x_wconf 89' lang='lat' dir='ltr'><strong>illustris,</strong></span> <span class='ocrx_word' id='word_1_194' title='bbox 960 2957 1119 3005; x_wconf 70' lang='lat' dir='ltr'><strong>aetate</strong></span> <span class='ocrx_word' id='word_1_195' title='bbox 1157 2947 1381 3017; x_wconf 83' lang='lat' dir='ltr'><strong>ﬂorens,</strong></span> <span class='ocrx_word' id='word_1_196' title='bbox 1417 2965 1648 3020; x_wconf 88' lang='lat' dir='ltr'><strong>corpore</strong></span> <span class='ocrx_word' id='word_1_197' title='bbox 1696 2958 1859 3019; x_wconf 89' lang='lat' dir='ltr'><strong>atque</strong></span> <span class='ocrx_word' id='word_1_198' title='bbox 1909 2948 2096 3004; x_wconf 86' lang='lat' dir='ltr'><strong>animo</strong></span> 
     </span>
    </p>
   </div>
   <div class='ocr_carea' id='block_1_32' title="bbox 515 3053 800 3097">
    <p class='ocr_par' dir='ltr' id='par_1_32' title="bbox 515 3053 800 3097">
     <span class='ocr_line' id='line_1_32' title="bbox 515 3053 800 3097; baseline 0.004 -1"><span class='ocrx_word' id='word_1_199' title='bbox 515 3053 800 3097; x_wconf 87' lang='lat' dir='ltr'><strong>strenuus.</strong></span> 
     </span>
    </p>
   </div>
   <div class='ocr_carea' id='block_1_33' title="bbox 2198 565 3793 638">
    <p class='ocr_par' dir='ltr' id='par_1_33' title="bbox 2198 565 3793 638">
     <span class='ocr_line' id='line_1_33' title="bbox 2198 565 3793 638; baseline 0.003 -19"><span class='ocrx_word' id='word_1_200' title='bbox 2198 584 2250 620; x_wconf 89' lang='grc' dir='ltr'><strong>τι</strong></span> <span class='ocrx_word' id='word_1_201' title='bbox 2282 568 2459 620; x_wconf 81' lang='grc' dir='ltr'><strong>εἰπεῖν</strong></span> <span class='ocrx_word' id='word_1_202' title='bbox 2492 567 2524 636; x_wconf 86' lang='grc' dir='ltr'>ἢ</span> <span class='ocrx_word' id='word_1_203' title='bbox 2551 565 2823 636; x_wconf 80' lang='grc' dir='ltr'><strong>τεχνίτης,</strong></span> <span class='ocrx_word' id='word_1_204' title='bbox 2852 568 2885 638; x_wconf 82' lang='grc' dir='ltr'>ἢ</span> <span class='ocrx_word' id='word_1_205' title='bbox 2930 566 3166 637; x_wconf 75' lang='grc' dir='ltr'><strong>ἰδιώτης,</strong></span> <span class='ocrx_word' id='word_1_206' title='bbox 3193 568 3413 621; x_wconf 88' lang='grc' dir='ltr'><strong>πάντων</strong></span> <span class='ocrx_word' id='word_1_207' title='bbox 3465 567 3652 635; x_wconf 82' lang='grc' dir='ltr'><strong>ἄκουε,</strong></span> <span class='ocrx_word' id='word_1_208' title='bbox 3692 570 3793 623; x_wconf 76' lang='grc' dir='ltr'><strong>καὶ</strong></span> 
     </span>
    </p>
   </div>
   <div class='ocr_carea' id='block_1_34' title="bbox 2198 656 3091 730">
    <p class='ocr_par' dir='ltr' id='par_1_34' title="bbox 2198 656 3091 730">
     <span class='ocr_line' id='line_1_34' title="bbox 2198 656 3091 730; baseline 0.006 -20"><span class='ocrx_word' id='word_1_209' title='bbox 2198 658 2351 725; x_wconf 80' lang='grc' dir='ltr'><strong>γίνου</strong></span> <span class='ocrx_word' id='word_1_210' title='bbox 2380 657 2490 710; x_wconf 86' lang='grc' dir='ltr'><strong>τῶν</strong></span> <span class='ocrx_word' id='word_1_211' title='bbox 2518 656 2835 726; x_wconf 85' lang='grc' dir='ltr'><strong>λεγομένων</strong></span> <span class='ocrx_word' id='word_1_212' title='bbox 2870 660 3091 730; x_wconf 82' lang='grc' dir='ltr'><strong>κριτής.</strong></span> 
     </span>
    </p>
   </div>
   <div class='ocr_carea' id='block_1_35' title="bbox 2270 834 3792 915">
    <p class='ocr_par' dir='ltr' id='par_1_35' title="bbox 2270 834 3792 915">
     <span class='ocr_line' id='line_1_35' title="bbox 2270 834 3792 915; baseline 0.008 -29"><span class='ocrx_word' id='word_1_213' title='bbox 2270 834 2375 901; x_wconf 83' lang='grc' dir='ltr'><strong>λγ’.</strong></span> <span class='ocrx_word' id='word_1_214' title='bbox 2404 835 2883 906; x_wconf 79' lang='grc' dir='ltr'><strong>Συμὸουλεύεσθαι</strong></span> <span class='ocrx_word' id='word_1_215' title='bbox 2911 837 2970 890; x_wconf 84' lang='grc' dir='ltr'><strong>δέ</strong></span> <span class='ocrx_word' id='word_1_216' title='bbox 2990 855 3051 891; x_wconf 89' lang='grc' dir='ltr'><strong>σε</strong></span> <span class='ocrx_word' id='word_1_217' title='bbox 3077 839 3184 909; x_wconf 83' lang='grc' dir='ltr'><strong>χρὴ</strong></span> <span class='ocrx_word' id='word_1_218' title='bbox 3212 839 3351 909; x_wconf 82' lang='grc' dir='ltr'><strong>μετά</strong></span> <span class='ocrx_word' id='word_1_219' title='bbox 3371 838 3645 912; x_wconf 77' lang='grc' dir='ltr'><strong>γερόντων</strong></span> <span class='ocrx_word' id='word_1_220' title='bbox 3669 843 3792 915; x_wconf 70' lang='grc' dir='ltr'><strong>ἅμα</strong></span> 
     </span>
    </p>
   </div>
   <div class='ocr_carea' id='block_1_36' title="bbox 2198 927 3789 1009">
    <p class='ocr_par' dir='ltr' id='par_1_36' title="bbox 2198 927 3789 1009">
     <span class='ocr_line' id='line_1_36' title="bbox 2198 927 3789 1009; baseline 0.008 -30"><span class='ocrx_word' id='word_1_221' title='bbox 2198 927 2484 1009; x_wconf 66' lang='grc' dir='ltr'><strong>ἐμπείρων</strong></span> <span class='ocrx_word' id='word_1_222' title='bbox 2515 928 2825 999; x_wconf 80' lang='grc' dir='ltr'>γενομένων</span> <span class='ocrx_word' id='word_1_223' title='bbox 2866 931 2977 985; x_wconf 78' lang='grc' dir='ltr'><strong>τῶν</strong></span> <span class='ocrx_word' id='word_1_224' title='bbox 3001 934 3145 986; x_wconf 80' lang='grc' dir='ltr'><strong>κατὰ</strong></span> <span class='ocrx_word' id='word_1_225' title='bbox 3181 934 3421 1001; x_wconf 83' lang='grc' dir='ltr'><strong>πόλεμον</strong></span> <span class='ocrx_word' id='word_1_226' title='bbox 3451 936 3651 1006; x_wconf 72' lang='grc' dir='ltr'><strong>ἔργων,</strong></span> <span class='ocrx_word' id='word_1_227' title='bbox 3690 940 3789 991; x_wconf 80' lang='grc' dir='ltr'><strong>καὶ</strong></span> 
     </span>
    </p>
   </div>
   <div class='ocr_carea' id='block_1_37' title="bbox 2198 1020 3793 1096">
    <p class='ocr_par' dir='ltr' id='par_1_37' title="bbox 2198 1020 3793 1096">
     <span class='ocr_line' id='line_1_37' title="bbox 2198 1020 3793 1096; baseline 0.006 -22"><span class='ocrx_word' id='word_1_228' title='bbox 2198 1020 2473 1092; x_wconf 81' lang='grc' dir='ltr'><strong>ἀξιώμασι</strong></span> <span class='ocrx_word' id='word_1_229' title='bbox 2522 1023 2955 1094; x_wconf 86' lang='grc' dir='ltr'><strong>διαπρεπόντων,</strong></span> <span class='ocrx_word' id='word_1_230' title='bbox 3018 1026 3115 1079; x_wconf 74' lang='grc' dir='ltr'><strong>καὶ</strong></span> <span class='ocrx_word' id='word_1_231' title='bbox 3155 1029 3294 1096; x_wconf 79' lang='grc' dir='ltr'><strong>μετὰ</strong></span> <span class='ocrx_word' id='word_1_232' title='bbox 3345 1028 3559 1093; x_wconf 79' lang='grc' dir='ltr'>εὐνοίας</span> <span class='ocrx_word' id='word_1_233' title='bbox 3592 1032 3649 1083; x_wconf 80' lang='grc' dir='ltr'><strong>ὲν</strong></span> <span class='ocrx_word' id='word_1_234' title='bbox 3676 1034 3793 1095; x_wconf 80' lang='grc' dir='ltr'><strong>τοῖς</strong></span> 
     </span>
    </p>
   </div>
   <div class='ocr_carea' id='block_1_38' title="bbox 2198 1108 3641 1195">
    <p class='ocr_par' dir='ltr' id='par_1_38' title="bbox 2198 1108 3641 1195">
     <span class='ocr_line' id='line_1_38' title="bbox 2198 1108 3641 1195; baseline 0.008 -30"><span class='ocrx_word' id='word_1_235' title='bbox 2198 1114 2515 1184; x_wconf 72' lang='grc' dir='ltr'><strong>πράγμασι,</strong></span> <span class='ocrx_word' id='word_1_236' title='bbox 2558 1117 2685 1186; x_wconf 77' lang='grc' dir='ltr'><strong>περὶ</strong></span> <span class='ocrx_word' id='word_1_237' title='bbox 2713 1108 2789 1170; x_wconf 82' lang='grc' dir='ltr'><strong>ὧν</strong></span> <span class='ocrx_word' id='word_1_238' title='bbox 2816 1118 2882 1171; x_wconf 70' lang='grc' dir='ltr'><strong>ἂν</strong></span> <span class='ocrx_word' id='word_1_239' title='bbox 2920 1118 2953 1187; x_wconf 77' lang='grc' dir='ltr'><strong>ἡ</strong></span> <span class='ocrx_word' id='word_1_240' title='bbox 3045 1117 3229 1195; x_wconf 68' lang='grc' dir='ltr'><strong>βουλὴ,</strong></span> <span class='ocrx_word' id='word_1_241' title='bbox 3260 1119 3641 1191; x_wconf 63' lang='grc' dir='ltr'><strong>διακειμένωνι</strong></span> 
     </span>
    </p>
   </div>
   <div class='ocr_carea' id='block_1_39' title="bbox 2269 1294 3789 1376">
    <p class='ocr_par' dir='ltr' id='par_1_39' title="bbox 2269 1294 3789 1376">
     <span class='ocr_line' id='line_1_39' title="bbox 2269 1294 3789 1376; baseline 0.007 -29"><span class='ocrx_word' id='word_1_242' title='bbox 2269 1294 2363 1351; x_wconf 87' lang='grc' dir='ltr'><strong>λδ’.</strong></span> <span class='ocrx_word' id='word_1_243' title='bbox 2400 1297 2489 1349; x_wconf 85' lang='grc' dir='ltr'><strong>Δεῖ</strong></span> <span class='ocrx_word' id='word_1_244' title='bbox 2520 1296 2580 1350; x_wconf 82' lang='grc' dir='ltr'><strong>δέ</strong></span> <span class='ocrx_word' id='word_1_245' title='bbox 2611 1314 2671 1350; x_wconf 86' lang='grc' dir='ltr'><strong>σε</strong></span> <span class='ocrx_word' id='word_1_246' title='bbox 2716 1298 2775 1352; x_wconf 82' lang='grc' dir='ltr'><strong>ἐν</strong></span> <span class='ocrx_word' id='word_1_247' title='bbox 2824 1298 2937 1361; x_wconf 76' lang='grc' dir='ltr'><strong>τοῖς</strong></span> <span class='ocrx_word' id='word_1_248' title='bbox 2965 1298 3236 1363; x_wconf 77' lang='grc' dir='ltr'><strong>κινδύνοις</strong></span> <span class='ocrx_word' id='word_1_249' title='bbox 3269 1300 3371 1371; x_wconf 82' lang='grc' dir='ltr'><strong>τῆς</strong></span> <span class='ocrx_word' id='word_1_250' title='bbox 3403 1303 3584 1374; x_wconf 84' lang='grc' dir='ltr'><strong>μάχης</strong></span> <span class='ocrx_word' id='word_1_251' title='bbox 3624 1305 3698 1376; x_wconf 82' lang='grc' dir='ltr'><strong>μὴ</strong></span> <span class='ocrx_word' id='word_1_252' title='bbox 3724 1306 3789 1358; x_wconf 86' lang='grc' dir='ltr'><strong>ὲκ</strong></span> 
     </span>
    </p>
   </div>
   <div class='ocr_carea' id='block_1_40' title="bbox 2196 1387 3784 1463">
    <p class='ocr_par' dir='ltr' id='par_1_40' title="bbox 2196 1387 3784 1463">
     <span class='ocr_line' id='line_1_40' title="bbox 2196 1387 3784 1463; baseline 0.006 -24"><span class='ocrx_word' id='word_1_253' title='bbox 2196 1387 2379 1457; x_wconf 76' lang='grc' dir='ltr'><strong>χειρὸς</strong></span> <span class='ocrx_word' id='word_1_254' title='bbox 2406 1388 2698 1457; x_wconf 88' lang='grc' dir='ltr'><strong>μάχεσθαι,</strong></span> <span class='ocrx_word' id='word_1_255' title='bbox 2737 1389 2874 1444; x_wconf 82' lang='grc' dir='ltr'><strong>ἀλλά</strong></span> <span class='ocrx_word' id='word_1_256' title='bbox 2922 1391 3174 1461; x_wconf 83' lang='grc' dir='ltr'><strong>φυλακὴν</strong></span> <span class='ocrx_word' id='word_1_257' title='bbox 3196 1391 3345 1461; x_wconf 77' lang='grc' dir='ltr'><strong>ἔχειν</strong></span> <span class='ocrx_word' id='word_1_258' title='bbox 3372 1394 3503 1463; x_wconf 81' lang='grc' dir='ltr'><strong>περὶ</strong></span> <span class='ocrx_word' id='word_1_259' title='bbox 3535 1397 3784 1461; x_wconf 81' lang='grc' dir='ltr'><strong>σεαυτὸν,</strong></span> 
     </span>
    </p>
   </div>
   <div class='ocr_carea' id='block_1_41' title="bbox 2197 1476 3789 1551">
    <p class='ocr_par' dir='ltr' id='par_1_41' title="bbox 2197 1476 3789 1551">
     <span class='ocr_line' id='line_1_41' title="bbox 2197 1476 3789 1551; baseline 0.003 -21"><span class='ocrx_word' id='word_1_260' title='bbox 2197 1477 2294 1530; x_wconf 70' lang='grc' dir='ltr'><strong>καὶ</strong></span> <span class='ocrx_word' id='word_1_261' title='bbox 2322 1476 2567 1546; x_wconf 81' lang='grc' dir='ltr'><strong>ἑρμηνέα</strong></span> <span class='ocrx_word' id='word_1_262' title='bbox 2589 1477 2835 1545; x_wconf 87' lang='grc' dir='ltr'><strong>γίνεσθαι</strong></span> <span class='ocrx_word' id='word_1_263' title='bbox 2859 1478 2952 1531; x_wconf 82' lang='grc' dir='ltr'><strong>τοῦ</strong></span> <span class='ocrx_word' id='word_1_264' title='bbox 2977 1478 3210 1548; x_wconf 82' lang='grc' dir='ltr'><strong>στρατοῦ</strong></span> <span class='ocrx_word' id='word_1_265' title='bbox 3233 1479 3376 1531; x_wconf 83' lang='grc' dir='ltr'><strong>κατὰ</strong></span> <span class='ocrx_word' id='word_1_266' title='bbox 3401 1482 3500 1550; x_wconf 81' lang='grc' dir='ltr'><strong>τὴν</strong></span> <span class='ocrx_word' id='word_1_267' title='bbox 3521 1480 3670 1551; x_wconf 84' lang='grc' dir='ltr'><strong>ὥραν</strong></span> <span class='ocrx_word' id='word_1_268' title='bbox 3686 1480 3789 1550; x_wconf 75' lang='grc' dir='ltr'><strong>τῆς</strong></span> 
     </span>
    </p>
   </div>
   <div class='ocr_carea' id='block_1_42' title="bbox 2198 1566 3361 1641">
    <p class='ocr_par' dir='ltr' id='par_1_42' title="bbox 2198 1566 3361 1641">
     <span class='ocr_line' id='line_1_42' title="bbox 2198 1566 3361 1641; baseline 0.004 -23"><span class='ocrx_word' id='word_1_269' title='bbox 2198 1566 2379 1637; x_wconf 85' lang='grc' dir='ltr'><strong>μάχης</strong></span> <span class='ocrx_word' id='word_1_270' title='bbox 2408 1568 2544 1638; x_wconf 76' lang='grc' dir='ltr'><strong>πρὸς</strong></span> <span class='ocrx_word' id='word_1_271' title='bbox 2558 1567 2658 1638; x_wconf 85' lang='grc' dir='ltr'><strong>τὴν</strong></span> <span class='ocrx_word' id='word_1_272' title='bbox 2679 1570 3118 1637; x_wconf 86' lang='grc' dir='ltr'><strong>κατεπείγουσαν</strong></span> <span class='ocrx_word' id='word_1_273' title='bbox 3147 1570 3361 1641; x_wconf 77' lang='grc' dir='ltr'><strong>χρείαν.</strong></span> 
     </span>
    </p>
   </div>
   <div class='ocr_carea' id='block_1_43' title="bbox 2265 1657 3786 1734">
    <p class='ocr_par' dir='ltr' id='par_1_43' title="bbox 2265 1657 3786 1734">
     <span class='ocr_line' id='line_1_43' title="bbox 2265 1657 3786 1734; baseline 0.003 -24"><span class='ocrx_word' id='word_1_274' title='bbox 2265 1657 2359 1712; x_wconf 86' lang='grc' dir='ltr'><strong>λε’.</strong></span> <span class='ocrx_word' id='word_1_275' title='bbox 2400 1659 2597 1725; x_wconf 78' lang='grc' dir='ltr'><strong>Ὀξέως</strong></span> <span class='ocrx_word' id='word_1_276' title='bbox 2642 1662 2928 1732; x_wconf 87' lang='grc' dir='ltr'><strong>ποιητικόν</strong></span> <span class='ocrx_word' id='word_1_277' title='bbox 2978 1680 3037 1715; x_wconf 88' lang='grc' dir='ltr'><strong>τε</strong></span> <span class='ocrx_word' id='word_1_278' title='bbox 3081 1658 3224 1716; x_wconf 75' lang='grc' dir='ltr'><strong>εἶναι</strong></span> <span class='ocrx_word' id='word_1_279' title='bbox 3284 1665 3786 1734; x_wconf 78' lang='grc' dir='ltr'><strong>στρατηγημάτων,</strong></span> 
     </span>
    </p>
   </div>
   <div class='ocr_carea' id='block_1_44' title="bbox 2196 1749 3789 1825">
    <p class='ocr_par' dir='ltr' id='par_1_44' title="bbox 2196 1749 3789 1825">
     <span class='ocr_line' id='line_1_44' title="bbox 2196 1749 3789 1825; baseline 0.005 -24"><span class='ocrx_word' id='word_1_280' title='bbox 2196 1749 2293 1801; x_wconf 86' lang='grc' dir='ltr'><strong>καὶ</strong></span> <span class='ocrx_word' id='word_1_281' title='bbox 2317 1750 2572 1821; x_wconf 76' lang='grc' dir='ltr'><strong>ἀγχίνουν</strong></span> <span class='ocrx_word' id='word_1_282' title='bbox 2588 1753 2645 1805; x_wconf 77' lang='grc' dir='ltr'><strong>ἐν</strong></span> <span class='ocrx_word' id='word_1_283' title='bbox 2666 1756 2786 1816; x_wconf 83' lang='grc' dir='ltr'><strong>ταῖς</strong></span> <span class='ocrx_word' id='word_1_284' title='bbox 2808 1756 3221 1824; x_wconf 83' lang='grc' dir='ltr'><strong>ὲπιχειρήσεσιν</strong></span> <span class='ocrx_word' id='word_1_285' title='bbox 3244 1755 3531 1825; x_wconf 85' lang='grc' dir='ltr'><strong>ὑπάρχειν,</strong></span> <span class='ocrx_word' id='word_1_286' title='bbox 3549 1756 3643 1809; x_wconf 71' lang='grc' dir='ltr'><strong>καὶ</strong></span> <span class='ocrx_word' id='word_1_287' title='bbox 3654 1757 3789 1809; x_wconf 82' lang='grc' dir='ltr'><strong>ὅταν</strong></span> 
     </span>
    </p>
   </div>
   <div class='ocr_carea' id='block_1_45' title="bbox 2126 1823 3789 1917">
    <p class='ocr_par' dir='ltr' id='par_1_45' title="bbox 2126 1823 3789 1917">
     <span class='ocr_line' id='line_1_45' title="bbox 2126 1823 3789 1917; baseline 0.004 -23"><span class='ocrx_word' id='word_1_288' title='bbox 2126 1823 2170 1882; x_wconf 72' lang='grc' dir='ltr'><strong><em>Β</em></strong></span> <span class='ocrx_word' id='word_1_289' title='bbox 2197 1840 2361 1904; x_wconf 80' lang='grc' dir='ltr'><strong>αὐτὸς</strong></span> <span class='ocrx_word' id='word_1_290' title='bbox 2404 1843 2745 1898; x_wconf 77' lang='grc' dir='ltr'><strong>ἐπιτίθεσθαι</strong></span> <span class='ocrx_word' id='word_1_291' title='bbox 2793 1844 2972 1915; x_wconf 85' lang='grc' dir='ltr'><strong>βούλει</strong></span> <span class='ocrx_word' id='word_1_292' title='bbox 3011 1848 3124 1910; x_wconf 85' lang='grc' dir='ltr'><strong>τοῖς</strong></span> <span class='ocrx_word' id='word_1_293' title='bbox 3174 1848 3479 1917; x_wconf 83' lang='grc' dir='ltr'><strong>πολεμίοις,</strong></span> <span class='ocrx_word' id='word_1_294' title='bbox 3532 1847 3629 1901; x_wconf 73' lang='grc' dir='ltr'><strong>καὶ</strong></span> <span class='ocrx_word' id='word_1_295' title='bbox 3654 1849 3789 1901; x_wconf 80' lang='grc' dir='ltr'><strong>ὅταν</strong></span> 
     </span>
    </p>
   </div>
   <div class='ocr_carea' id='block_1_46' title="bbox 2198 1932 3529 2008">
    <p class='ocr_par' dir='ltr' id='par_1_46' title="bbox 2198 1932 3529 2008">
     <span class='ocr_line' id='line_1_46' title="bbox 2198 1932 3529 2008; baseline 0.006 -24"><span class='ocrx_word' id='word_1_296' title='bbox 2198 1932 2649 1988; x_wconf 75' lang='grc' dir='ltr'><strong>ἐπιϐουλεύεσθαι</strong></span> <span class='ocrx_word' id='word_1_297' title='bbox 2676 1936 2878 2008; x_wconf 83' lang='grc' dir='ltr'><strong>μέλλῃς</strong></span> <span class='ocrx_word' id='word_1_298' title='bbox 2905 1938 3057 2008; x_wconf 76' lang='grc' dir='ltr'><strong>παρὰ</strong></span> <span class='ocrx_word' id='word_1_299' title='bbox 3085 1937 3194 1991; x_wconf 85' lang='grc' dir='ltr'><strong>τῶν</strong></span> <span class='ocrx_word' id='word_1_300' title='bbox 3226 1938 3529 2008; x_wconf 89' lang='grc' dir='ltr'><strong>πολεμίων.</strong></span> 
     </span>
    </p>
   </div>
   <div class='ocr_carea' id='block_1_47' title="bbox 2269 2018 3784 2101">
    <p class='ocr_par' dir='ltr' id='par_1_47' title="bbox 2269 2018 3784 2101">
     <span class='ocr_line' id='line_1_47' title="bbox 2269 2018 3784 2101; baseline 0.006 -25"><span class='ocrx_word' id='word_1_301' title='bbox 2269 2018 2379 2089; x_wconf 82' lang='grc' dir='ltr'><strong>λς’.</strong></span> <span class='ocrx_word' id='word_1_302' title='bbox 2416 2026 2550 2080; x_wconf 73' lang='lat' dir='ltr'><strong>&quot;Eoo</strong></span> <span class='ocrx_word' id='word_1_303' title='bbox 2579 2026 2746 2080; x_wconf 78' lang='grc' dir='ltr'><strong>δὲκαὶ</strong></span> <span class='ocrx_word' id='word_1_304' title='bbox 2772 2029 2829 2083; x_wconf 72' lang='grc' dir='ltr'><strong>ἐν</strong></span> <span class='ocrx_word' id='word_1_305' title='bbox 2860 2031 2973 2090; x_wconf 81' lang='grc' dir='ltr'><strong>τοῖς</strong></span> <span class='ocrx_word' id='word_1_306' title='bbox 2997 2028 3290 2097; x_wconf 87' lang='grc' dir='ltr'><strong>αἰφνιδίοις</strong></span> <span class='ocrx_word' id='word_1_307' title='bbox 3322 2030 3510 2098; x_wconf 80' lang='grc' dir='ltr'><strong>φόὁοις</strong></span> <span class='ocrx_word' id='word_1_308' title='bbox 3525 2030 3784 2101; x_wconf 78' lang='grc' dir='ltr'><strong>εὔπορος,</strong></span> 
     </span>
    </p>
   </div>
   <div class='ocr_carea' id='block_1_48' title="bbox 2199 2118 3789 2193">
    <p class='ocr_par' dir='ltr' id='par_1_48' title="bbox 2199 2118 3789 2193">
     <span class='ocr_line' id='line_1_48' title="bbox 2199 2118 3789 2193; baseline 0.004 -22"><span class='ocrx_word' id='word_1_309' title='bbox 2199 2118 2291 2171; x_wconf 74' lang='grc' dir='ltr'><strong>καὶ</strong></span> <span class='ocrx_word' id='word_1_310' title='bbox 2344 2118 2482 2189; x_wconf 82' lang='grc' dir='ltr'><strong>πρὸς</strong></span> <span class='ocrx_word' id='word_1_311' title='bbox 2535 2120 2636 2185; x_wconf 49' lang='grc' dir='ltr'><strong>τάς</strong></span> <span class='ocrx_word' id='word_1_312' title='bbox 2694 2120 2803 2175; x_wconf 83' lang='grc' dir='ltr'><strong>τῶν</strong></span> <span class='ocrx_word' id='word_1_313' title='bbox 2872 2121 3150 2192; x_wconf 85' lang='grc' dir='ltr'><strong>πολεμίων</strong></span> <span class='ocrx_word' id='word_1_314' title='bbox 3212 2124 3549 2193; x_wconf 79' lang='grc' dir='ltr'><strong>κακουργίας</strong></span> <span class='ocrx_word' id='word_1_315' title='bbox 3606 2124 3789 2187; x_wconf 81' lang='grc' dir='ltr'><strong>δεινὸς</strong></span> 
     </span>
    </p>
   </div>
   <div class='ocr_carea' id='block_1_49' title="bbox 2198 2212 3427 2286">
    <p class='ocr_par' dir='ltr' id='par_1_49' title="bbox 2198 2212 3427 2286">
     <span class='ocr_line' id='line_1_49' title="bbox 2198 2212 3427 2286; baseline 0.006 -22"><span class='ocrx_word' id='word_1_316' title='bbox 2198 2212 2459 2282; x_wconf 82' lang='grc' dir='ltr'><strong>προῖδεῖν,</strong></span> <span class='ocrx_word' id='word_1_317' title='bbox 2501 2214 2596 2267; x_wconf 75' lang='grc' dir='ltr'><strong>καὶ</strong></span> <span class='ocrx_word' id='word_1_318' title='bbox 2623 2213 2683 2266; x_wconf 79' lang='grc' dir='ltr'><strong>τὸ</strong></span> <span class='ocrx_word' id='word_1_319' title='bbox 2713 2213 2906 2284; x_wconf 83' lang='grc' dir='ltr'><strong>μέλλον</strong></span> <span class='ocrx_word' id='word_1_320' title='bbox 2926 2214 3427 2286; x_wconf 88' lang='grc' dir='ltr'><strong>προστοχάσασθαι.</strong></span> 
     </span>
    </p>
   </div>
   <div class='ocr_carea' id='block_1_50' title="bbox 2271 2302 3788 2379">
    <p class='ocr_par' dir='ltr' id='par_1_50' title="bbox 2271 2302 3788 2379">
     <span class='ocr_line' id='line_1_50' title="bbox 2271 2302 3788 2379; baseline 0.005 -22"><span class='ocrx_word' id='word_1_321' title='bbox 2271 2304 2369 2368; x_wconf 75' lang='grc' dir='ltr'><strong>λζ’.</strong></span> <span class='ocrx_word' id='word_1_322' title='bbox 2403 2302 2556 2358; x_wconf 81' lang='grc' dir='ltr'><strong>Εῐναι</strong></span> <span class='ocrx_word' id='word_1_323' title='bbox 2578 2306 2637 2358; x_wconf 87' lang='grc' dir='ltr'><strong>δέ</strong></span> <span class='ocrx_word' id='word_1_324' title='bbox 2667 2323 2726 2358; x_wconf 90' lang='grc' dir='ltr'><strong>σε</strong></span> <span class='ocrx_word' id='word_1_325' title='bbox 2774 2304 2882 2377; x_wconf 84' lang='grc' dir='ltr'><strong>χρὴ</strong></span> <span class='ocrx_word' id='word_1_326' title='bbox 2909 2308 3002 2360; x_wconf 77' lang='grc' dir='ltr'><strong>καὶ</strong></span> <span class='ocrx_word' id='word_1_327' title='bbox 3033 2306 3170 2377; x_wconf 80' lang='grc' dir='ltr'><strong>πρὸς</strong></span> <span class='ocrx_word' id='word_1_328' title='bbox 3194 2305 3265 2359; x_wconf 86' lang='grc' dir='ltr'><strong>τὰ</strong></span> <span class='ocrx_word' id='word_1_329' title='bbox 3318 2306 3660 2379; x_wconf 77' lang='grc' dir='ltr'><strong>συνθήματα,</strong></span> <span class='ocrx_word' id='word_1_330' title='bbox 3686 2310 3788 2364; x_wconf 83' lang='grc' dir='ltr'><strong>ὅσα</strong></span> 
     </span>
    </p>
   </div>
   <div class='ocr_carea' id='block_1_51' title="bbox 2198 2395 3787 2472">
    <p class='ocr_par' dir='ltr' id='par_1_51' title="bbox 2198 2395 3787 2472">
     <span class='ocr_line' id='line_1_51' title="bbox 2198 2395 3787 2472; baseline 0.004 -23"><span class='ocrx_word' id='word_1_331' title='bbox 2198 2396 2341 2449; x_wconf 85' lang='grc' dir='ltr'><strong>κατὰ</strong></span> <span class='ocrx_word' id='word_1_332' title='bbox 2365 2396 2475 2449; x_wconf 83' lang='grc' dir='ltr'><strong>τῶν</strong></span> <span class='ocrx_word' id='word_1_333' title='bbox 2507 2395 2784 2466; x_wconf 86' lang='grc' dir='ltr'><strong>πολεμίων</strong></span> <span class='ocrx_word' id='word_1_334' title='bbox 2810 2400 3141 2469; x_wconf 77' lang='grc' dir='ltr'><strong>ἐπινοήσεις,</strong></span> <span class='ocrx_word' id='word_1_335' title='bbox 3174 2397 3423 2452; x_wconf 81' lang='grc' dir='ltr'><strong>σύντονον</strong></span> <span class='ocrx_word' id='word_1_336' title='bbox 3462 2405 3558 2454; x_wconf 81' lang='grc' dir='ltr'><strong>καὶ</strong></span> <span class='ocrx_word' id='word_1_337' title='bbox 3591 2404 3787 2472; x_wconf 72' lang='grc' dir='ltr'><strong>ἐπιμε-</strong></span> 
     </span>
    </p>
   </div>
   <div class='ocr_carea' id='block_1_52' title="bbox 2198 2474 3786 2565">
    <p class='ocr_par' dir='ltr' id='par_1_52' title="bbox 2198 2474 3786 2565">
     <span class='ocr_line' id='line_1_52' title="bbox 2198 2474 3786 2565; baseline 0.003 -23"><span class='ocrx_word' id='word_1_338' title='bbox 2198 2488 2472 2555; x_wconf 80' lang='grc' dir='ltr'><strong>λέστατον,</strong></span> <span class='ocrx_word' id='word_1_339' title='bbox 2510 2491 2722 2543; x_wconf 81' lang='grc' dir='ltr'><strong>συνέσει</strong></span> <span class='ocrx_word' id='word_1_340' title='bbox 2751 2509 2811 2543; x_wconf 88' lang='grc' dir='ltr'><strong>τε</strong></span> <span class='ocrx_word' id='word_1_341' title='bbox 2834 2491 2930 2543; x_wconf 68' lang='grc' dir='ltr'><strong>καὶ</strong></span> <span class='ocrx_word' id='word_1_342' title='bbox 2960 2474 3121 2559; x_wconf 66' lang='grc' dir='ltr'><strong>φύσει</strong></span> <span class='ocrx_word' id='word_1_343' title='bbox 3158 2490 3252 2542; x_wconf 76' lang='grc' dir='ltr'><strong>καὶ</strong></span> <span class='ocrx_word' id='word_1_344' title='bbox 3284 2493 3575 2565; x_wconf 74' lang='grc' dir='ltr'><strong>ἐπιμελείᾳ</strong></span> <span class='ocrx_word' id='word_1_345' title='bbox 3599 2494 3786 2564; x_wconf 76' lang='grc' dir='ltr'><strong>διαφέ-</strong></span> 
     </span>
    </p>
   </div>
   <div class='ocr_carea' id='block_1_53' title="bbox 2202 2580 3053 2653">
    <p class='ocr_par' dir='ltr' id='par_1_53' title="bbox 2202 2580 3053 2653">
     <span class='ocr_line' id='line_1_53' title="bbox 2202 2580 3053 2653; baseline 0.006 -22"><span class='ocrx_word' id='word_1_346' title='bbox 2202 2596 2363 2652; x_wconf 88' lang='grc' dir='ltr'><strong>ροντα</strong></span> <span class='ocrx_word' id='word_1_347' title='bbox 2390 2580 2498 2632; x_wconf 82' lang='grc' dir='ltr'><strong>τῶν</strong></span> <span class='ocrx_word' id='word_1_348' title='bbox 2521 2581 2626 2634; x_wconf 83' lang='grc' dir='ltr'><strong>ὐπὸ</strong></span> <span class='ocrx_word' id='word_1_349' title='bbox 2657 2581 2717 2635; x_wconf 73' lang='grc' dir='ltr'><strong>σὲ</strong></span> <span class='ocrx_word' id='word_1_350' title='bbox 2753 2582 3053 2653; x_wconf 79' lang='grc' dir='ltr'><strong>ἀρχόντων.</strong></span> 
     </span>
    </p>
   </div>
   <div class='ocr_carea' id='block_1_54' title="bbox 2270 2662 3785 2748">
    <p class='ocr_par' dir='ltr' id='par_1_54' title="bbox 2270 2662 3785 2748">
     <span class='ocr_line' id='line_1_54' title="bbox 2270 2662 3785 2748; baseline 0.008 -27"><span class='ocrx_word' id='word_1_351' title='bbox 2270 2669 2372 2740; x_wconf 84' lang='grc' dir='ltr'><strong>λη’.</strong></span> <span class='ocrx_word' id='word_1_352' title='bbox 2408 2670 2516 2722; x_wconf 78' lang='grc' dir='ltr'><strong>Καὶ</strong></span> <span class='ocrx_word' id='word_1_353' title='bbox 2540 2671 2620 2742; x_wconf 81' lang='grc' dir='ltr'><strong>τῷ</strong></span> <span class='ocrx_word' id='word_1_354' title='bbox 2652 2662 2865 2742; x_wconf 88' lang='grc' dir='ltr'><strong>σώματι</strong></span> <span class='ocrx_word' id='word_1_355' title='bbox 2913 2674 2970 2727; x_wconf 82' lang='grc' dir='ltr'><strong>δὲ</strong></span> <span class='ocrx_word' id='word_1_356' title='bbox 3001 2676 3283 2746; x_wconf 71' lang='grc' dir='ltr'><strong>ῥωμαλέον</strong></span> <span class='ocrx_word' id='word_1_357' title='bbox 3342 2676 3437 2730; x_wconf 69' lang='grc' dir='ltr'><strong>καὶ</strong></span> <span class='ocrx_word' id='word_1_358' title='bbox 3479 2677 3619 2748; x_wconf 79' lang='grc' dir='ltr'><strong>πρὸς</strong></span> <span class='ocrx_word' id='word_1_359' title='bbox 3674 2679 3785 2733; x_wconf 69' lang='grc' dir='ltr'><strong>πᾶ-</strong></span> 
     </span>
    </p>
   </div>
   <div class='ocr_carea' id='block_1_55' title="bbox 2202 2762 3785 2839">
    <p class='ocr_par' dir='ltr' id='par_1_55' title="bbox 2202 2762 3785 2839">
     <span class='ocr_line' id='line_1_55' title="bbox 2202 2762 3785 2839; baseline 0.004 -24"><span class='ocrx_word' id='word_1_360' title='bbox 2202 2778 2300 2815; x_wconf 89' lang='grc' dir='ltr'><strong>σαν</strong></span> <span class='ocrx_word' id='word_1_361' title='bbox 2330 2762 2567 2829; x_wconf 83' lang='grc' dir='ltr'><strong>ὅπλισιν,</strong></span> <span class='ocrx_word' id='word_1_362' title='bbox 2605 2763 2746 2817; x_wconf 82' lang='grc' dir='ltr'><strong>ὥστε</strong></span> <span class='ocrx_word' id='word_1_363' title='bbox 2792 2765 3025 2836; x_wconf 84' lang='grc' dir='ltr'><strong>χρῆσθαι</strong></span> <span class='ocrx_word' id='word_1_364' title='bbox 3068 2769 3204 2839; x_wconf 52' lang='grc' dir='ltr'><strong>αὐτῇ</strong></span> <span class='ocrx_word' id='word_1_365' title='bbox 3256 2770 3502 2832; x_wconf 83' lang='grc' dir='ltr'><strong>δυνατῶς</strong></span> <span class='ocrx_word' id='word_1_366' title='bbox 3547 2771 3641 2823; x_wconf 77' lang='grc' dir='ltr'><strong>καὶ</strong></span> <span class='ocrx_word' id='word_1_367' title='bbox 3683 2771 3785 2823; x_wconf 64' lang='grc' dir='ltr'><strong>ἀνι</strong></span> 
     </span>
    </p>
   </div>
   <div class='ocr_carea' id='block_1_56' title="bbox 2199 2832 3785 2931">
    <p class='ocr_par' dir='ltr' id='par_1_56' title="bbox 2199 2832 3785 2931">
     <span class='ocr_line' id='line_1_56' title="bbox 2199 2832 3785 2931; baseline 0.006 -26"><span class='ocrx_word' id='word_1_368' title='bbox 2199 2854 2565 2923; x_wconf 74' lang='grc' dir='ltr'><strong>εμποδίστως,</strong></span> <span class='ocrx_word' id='word_1_369' title='bbox 2593 2858 2689 2909; x_wconf 85' lang='grc' dir='ltr'><strong>καί</strong></span> <span class='ocrx_word' id='word_1_370' title='bbox 2717 2832 2964 2928; x_wconf 76' lang='grc' dir='ltr'><strong>εὐτρεπῆ</strong></span> <span class='ocrx_word' id='word_1_371' title='bbox 3012 2859 3068 2912; x_wconf 64' lang='grc' dir='ltr'><strong>δὲ</strong></span> <span class='ocrx_word' id='word_1_372' title='bbox 3084 2832 3372 2914; x_wconf 43' lang='grc' dir='ltr'><strong>Ἐντεῦθεν</strong></span> <span class='ocrx_word' id='word_1_373' title='bbox 3396 2852 3648 2929; x_wconf 76' lang='grc' dir='ltr'><strong>γίνεσθαι</strong></span> <span class='ocrx_word' id='word_1_374' title='bbox 3683 2862 3785 2931; x_wconf 80' lang='grc' dir='ltr'><strong>τὴν</strong></span> 
     </span>
    </p>
   </div>
   <div class='ocr_carea' id='block_1_57' title="bbox 2198 2945 3779 3023">
    <p class='ocr_par' dir='ltr' id='par_1_57' title="bbox 2198 2945 3779 3023">
     <span class='ocr_line' id='line_1_57' title="bbox 2198 2945 3779 3023; baseline 0.004 -25"><span class='ocrx_word' id='word_1_375' title='bbox 2198 2945 2394 3010; x_wconf 78' lang='grc' dir='ltr'><strong>εἰδέαν,</strong></span> <span class='ocrx_word' id='word_1_376' title='bbox 2425 2947 2518 3002; x_wconf 74' lang='grc' dir='ltr'><strong>καὶ</strong></span> <span class='ocrx_word' id='word_1_377' title='bbox 2551 2950 2986 3005; x_wconf 68' lang='grc' dir='ltr'><strong>κατεσκευάσθαι</strong></span> <span class='ocrx_word' id='word_1_378' title='bbox 3028 2954 3094 3023; x_wconf 85' lang='grc' dir='ltr'><strong>τῇ</strong></span> <span class='ocrx_word' id='word_1_379' title='bbox 3127 2953 3429 3023; x_wconf 82' lang='grc' dir='ltr'><strong>παντευχίᾳ</strong></span> <span class='ocrx_word' id='word_1_380' title='bbox 3457 2954 3564 3007; x_wconf 84' lang='grc' dir='ltr'><strong>τῶν</strong></span> <span class='ocrx_word' id='word_1_381' title='bbox 3592 2954 3779 3006; x_wconf 75' lang='grc' dir='ltr'><strong>ὅπλων</strong></span> 
     </span>
    </p>
   </div>
   <div class='ocr_carea' id='block_1_58' title="bbox 2199 3040 3785 3116">
    <p class='ocr_par' dir='ltr' id='par_1_58' title="bbox 2199 3040 3785 3116">
     <span class='ocr_line' id='line_1_58' title="bbox 2199 3040 3785 3116; baseline 0.005 -25"><span class='ocrx_word' id='word_1_382' title='bbox 2199 3040 2379 3103; x_wconf 85' lang='grc' dir='ltr'><strong>καλῶς</strong></span> <span class='ocrx_word' id='word_1_383' title='bbox 2416 3041 2509 3094; x_wconf 76' lang='grc' dir='ltr'><strong>καὶ</strong></span> <span class='ocrx_word' id='word_1_384' title='bbox 2532 3043 2824 3113; x_wconf 79' lang='grc' dir='ltr'><strong>εὐπρεπῶς</strong></span> <span class='ocrx_word' id='word_1_385' title='bbox 2851 3045 2947 3098; x_wconf 71' lang='grc' dir='ltr'><strong>καί⁸</strong></span> <span class='ocrx_word' id='word_1_386' title='bbox 2966 3045 3309 3111; x_wconf 71' lang='grc' dir='ltr'><strong>ἅπόνως,,ὡς</strong></span> <span class='ocrx_word' id='word_1_387' title='bbox 3350 3047 3616 3113; x_wconf 88' lang='grc' dir='ltr'><strong>γενναίων</strong></span> <span class='ocrx_word' id='word_1_388' title='bbox 3680 3046 3785 3116; x_wconf 78' lang='grc' dir='ltr'><strong>τὴν</strong></span> 
     </span>
    </p>
   </div>
   <div class='ocr_carea' id='block_1_59' title="bbox 2123 3128 3617 3216">
    <p class='ocr_par' dir='ltr' id='par_1_59' title="bbox 2123 3128 3617 3216">
     <span class='ocr_line' id='line_1_59' title="bbox 2123 3128 3617 3216; baseline 0.009 -39"><span class='ocrx_word' id='word_1_389' title='bbox 2123 3158 2167 3216; x_wconf 73' lang='lat' dir='ltr'><strong>C</strong></span> <span class='ocrx_word' id='word_1_390' title='bbox 2199 3128 2436 3198; x_wconf 80' lang='grc' dir='ltr'><strong>ἠλικίαν,</strong></span> <span class='ocrx_word' id='word_1_391' title='bbox 2464 3130 2558 3182; x_wconf 78' lang='grc' dir='ltr'><strong>καὶ</strong></span> <span class='ocrx_word' id='word_1_392' title='bbox 2588 3130 2684 3200; x_wconf 81' lang='grc' dir='ltr'><strong>τὴν</strong></span> <span class='ocrx_word' id='word_1_393' title='bbox 2715 3132 2894 3203; x_wconf 74' lang='grc' dir='ltr'><strong>ψυχὴν</strong></span> <span class='ocrx_word' id='word_1_394' title='bbox 2921 3134 3012 3187; x_wconf 75' lang='grc' dir='ltr'><strong>καί¹</strong></span> <span class='ocrx_word' id='word_1_395' title='bbox 3040 3134 3099 3187; x_wconf 78' lang='grc' dir='ltr'><strong>τὸ</strong></span> <span class='ocrx_word' id='word_1_396' title='bbox 3133 3136 3292 3205; x_wconf 84' lang='grc' dir='ltr'><strong>σῶμα</strong></span> <span class='ocrx_word' id='word_1_397' title='bbox 3321 3135 3617 3205; x_wconf 77' lang='grc' dir='ltr'><strong>εὔρωστον.</strong></span> 
     </span>
    </p>
   </div>
   <div class='ocr_carea' id='block_1_60' title="bbox 587 3222 2097 3294">
    <p class='ocr_par' dir='ltr' id='par_1_60' title="bbox 587 3222 2097 3294">
     <span class='ocr_line' id='line_1_60' title="bbox 587 3222 2097 3294; baseline -0.003 -15"><span class='ocrx_word' id='word_1_398' title='bbox 587 3224 676 3280; x_wconf 76' lang='grc'><strong>59.</strong></span> <span class='ocrx_word' id='word_1_399' title='bbox 717 3225 1014 3279; x_wconf 80' lang='lat' dir='ltr'><strong>Ahstinens</strong></span> <span class='ocrx_word' id='word_1_400' title='bbox 1076 3225 1318 3294; x_wconf 74' lang='lat' dir='ltr'><strong>pecunia:</strong></span> <span class='ocrx_word' id='word_1_401' title='bbox 1347 3263 1363 3290; x_wconf 94' lang='lat'><strong>,</strong></span> <span class='ocrx_word' id='word_1_402' title='bbox 1422 3226 1713 3279; x_wconf 79' lang='lat' dir='ltr'><strong>continens</strong></span> <span class='ocrx_word' id='word_1_403' title='bbox 1762 3222 2097 3291; x_wconf 83' lang='lat' dir='ltr'><strong>voluptatum</strong></span> 
     </span>
    </p>
   </div>
   <div class='ocr_carea' id='block_1_61' title="bbox 517 3314 2098 3383">
    <p class='ocr_par' dir='ltr' id='par_1_61' title="bbox 517 3314 2098 3383">
     <span class='ocr_line' id='line_1_61' title="bbox 517 3314 2098 3383; baseline -0.002 -12"><span class='ocrx_word' id='word_1_404' title='bbox 517 3316 787 3383; x_wconf 87' lang='lat' dir='ltr'><strong>omnium,</strong></span> <span class='ocrx_word' id='word_1_405' title='bbox 820 3316 1125 3371; x_wconf 88' lang='lat' dir='ltr'><strong>laboriosus</strong></span> <span class='ocrx_word' id='word_1_406' title='bbox 1176 3322 1245 3369; x_wconf 85' lang='lat' dir='ltr'><strong>ad</strong></span> <span class='ocrx_word' id='word_1_407' title='bbox 1286 3332 1374 3371; x_wconf 87' lang='lat' dir='ltr'><strong>res</strong></span> <span class='ocrx_word' id='word_1_408' title='bbox 1424 3316 1771 3383; x_wconf 85' lang='lat' dir='ltr'><strong>tolerandas,</strong></span> <span class='ocrx_word' id='word_1_409' title='bbox 1826 3316 1983 3369; x_wconf 79' lang='lat' dir='ltr'><strong>fortis</strong></span> <span class='ocrx_word' id='word_1_410' title='bbox 2030 3314 2098 3368; x_wconf 91' lang='lat' dir='ltr'><strong>ad</strong></span> 
     </span>
    </p>
   </div>
   <div class='ocr_carea' id='block_1_62' title="bbox 517 3406 2096 3480">
    <p class='ocr_par' dir='ltr' id='par_1_62' title="bbox 517 3406 2096 3480">
     <span class='ocr_line' id='line_1_62' title="bbox 517 3406 2096 3480; baseline -0.001 -17"><span class='ocrx_word' id='word_1_411' title='bbox 517 3409 761 3480; x_wconf 86' lang='lat' dir='ltr'><strong>pericula</strong></span> <span class='ocrx_word' id='word_1_412' title='bbox 795 3406 1141 3471; x_wconf 69' lang='lat' dir='ltr'><strong>sustinenda,</strong></span> <span class='ocrx_word' id='word_1_413' title='bbox 1177 3406 1483 3477; x_wconf 86' lang='lat' dir='ltr'><strong>intrepidus</strong></span> <span class='ocrx_word' id='word_1_414' title='bbox 1512 3408 1579 3461; x_wconf 91' lang='lat' dir='ltr'><strong>ad</strong></span> <span class='ocrx_word' id='word_1_415' title='bbox 1610 3406 1932 3461; x_wconf 87' lang='lat' dir='ltr'><strong>discrimina</strong></span> <span class='ocrx_word' id='word_1_416' title='bbox 1966 3406 2096 3463; x_wconf 89' lang='lat' dir='ltr'><strong>sub-</strong></span> 
     </span>
    </p>
   </div>
   <div class='ocr_carea' id='block_1_63' title="bbox 515 3497 2097 3570">
    <p class='ocr_par' dir='ltr' id='par_1_63' title="bbox 515 3497 2097 3570">
     <span class='ocr_line' id='line_1_63' title="bbox 515 3497 2097 3570; baseline -0.001 -15"><span class='ocrx_word' id='word_1_417' title='bbox 515 3502 691 3555; x_wconf 82' lang='lat' dir='ltr'><strong>eunda</strong></span> <span class='ocrx_word' id='word_1_418' title='bbox 715 3541 729 3567; x_wconf 92' lang='lat'><strong>,</strong></span> <span class='ocrx_word' id='word_1_419' title='bbox 762 3501 828 3554; x_wconf 88' lang='lat' dir='ltr'><strong>ad</strong></span> <span class='ocrx_word' id='word_1_420' title='bbox 856 3497 1035 3570; x_wconf 81' lang='lat' dir='ltr'><strong>justas</strong></span> <span class='ocrx_word' id='word_1_421' title='bbox 1071 3517 1157 3556; x_wconf 88' lang='lat' dir='ltr'><strong>res</strong></span> <span class='ocrx_word' id='word_1_422' title='bbox 1186 3500 1587 3569; x_wconf 84' lang='lat' dir='ltr'><strong>persequendas</strong></span> <span class='ocrx_word' id='word_1_423' title='bbox 1619 3500 1835 3567; x_wconf 83' lang='lat' dir='ltr'><strong>alacris,</strong></span> <span class='ocrx_word' id='word_1_424' title='bbox 1872 3514 2097 3569; x_wconf 79' lang='lat' dir='ltr'><strong>magna-</strong></span> 
     </span>
    </p>
   </div>
   <div class='ocr_carea' id='block_1_64' title="bbox 518 3584 2095 3656">
    <p class='ocr_par' dir='ltr' id='par_1_64' title="bbox 518 3584 2095 3656">
     <span class='ocr_line' id='line_1_64' title="bbox 518 3584 2095 3656; baseline -0.001 -13"><span class='ocrx_word' id='word_1_425' title='bbox 518 3590 701 3644; x_wconf 82' lang='lat' dir='ltr'><strong>nimus</strong></span> <span class='ocrx_word' id='word_1_426' title='bbox 736 3590 790 3643; x_wconf 90' lang='lat' dir='ltr'><strong>in</strong></span> <span class='ocrx_word' id='word_1_427' title='bbox 824 3589 987 3643; x_wconf 83' lang='lat' dir='ltr'><strong>rebus</strong></span> <span class='ocrx_word' id='word_1_428' title='bbox 1018 3603 1140 3641; x_wconf 92' lang='lat' dir='ltr'><strong>cum</strong></span> <span class='ocrx_word' id='word_1_429' title='bbox 1190 3584 1457 3641; x_wconf 87' lang='lat' dir='ltr'><strong>militibus</strong></span> <span class='ocrx_word' id='word_1_430' title='bbox 1493 3587 1786 3652; x_wconf 89' lang='lat' dir='ltr'><strong>obeundis,</strong></span> <span class='ocrx_word' id='word_1_431' title='bbox 1818 3586 2095 3656; x_wconf 81' lang='lat' dir='ltr'><strong>gerendis,</strong></span> 
     </span>
    </p>
   </div>
   <div class='ocr_carea' id='block_1_65' title="bbox 520 3674 2097 3748">
    <p class='ocr_par' dir='ltr' id='par_1_65' title="bbox 520 3674 2097 3748">
     <span class='ocr_line' id='line_1_65' title="bbox 520 3674 2097 3748; baseline -0.002 -14"><span class='ocrx_word' id='word_1_432' title='bbox 520 3696 717 3748; x_wconf 83' lang='lat' dir='ltr'><strong>magna</strong></span> <span class='ocrx_word' id='word_1_433' title='bbox 750 3681 802 3733; x_wconf 92' lang='lat' dir='ltr'><strong>in</strong></span> <span class='ocrx_word' id='word_1_434' title='bbox 841 3678 1246 3734; x_wconf 81' lang='lat' dir='ltr'><strong>existimatione</strong></span> <span class='ocrx_word' id='word_1_435' title='bbox 1276 3674 1569 3739; x_wconf 54' lang='lat' dir='ltr'><strong>ex’sistens.</strong></span> <span class='ocrx_word' id='word_1_436' title='bbox 1604 3692 1713 3732; x_wconf 88' lang='lat' dir='ltr'><strong>non</strong></span> <span class='ocrx_word' id='word_1_437' title='bbox 1744 3686 1966 3747; x_wconf 83' lang='lat' dir='ltr'><strong>propter</strong></span> <span class='ocrx_word' id='word_1_438' title='bbox 2002 3694 2097 3746; x_wconf 78' lang='lat' dir='ltr'><strong>ge-</strong></span> 
     </span>
    </p>
   </div>
   <div class='ocr_carea' id='block_1_66' title="bbox 518 3769 2098 3839">
    <p class='ocr_par' dir='ltr' id='par_1_66' title="bbox 518 3769 2098 3839">
     <span class='ocr_line' id='line_1_66' title="bbox 518 3769 2098 3839; baseline -0.002 -13"><span class='ocrx_word' id='word_1_439' title='bbox 518 3772 669 3827; x_wconf 78' lang='lat' dir='ltr'><strong>neris</strong></span> <span class='ocrx_word' id='word_1_440' title='bbox 716 3772 1089 3836; x_wconf 86' lang='lat' dir='ltr'><strong>nobilitatem,</strong></span> <span class='ocrx_word' id='word_1_441' title='bbox 1123 3770 1397 3825; x_wconf 75' lang='lat' dir='ltr'><strong>civitatem</strong></span> <span class='ocrx_word' id='word_1_442' title='bbox 1447 3781 1541 3824; x_wconf 89' lang='lat' dir='ltr'><strong>aut</strong></span> <span class='ocrx_word' id='word_1_443' title='bbox 1582 3770 1970 3839; x_wconf 87' lang='lat' dir='ltr'><strong>rempublicam</strong></span> <span class='ocrx_word' id='word_1_444' title='bbox 2028 3769 2098 3823; x_wconf 89' lang='lat' dir='ltr'><strong>ab</strong></span> 
     </span>
    </p>
   </div>
   <div class='ocr_carea' id='block_1_67' title="bbox 517 3860 2096 3924">
    <p class='ocr_par' dir='ltr' id='par_1_67' title="bbox 517 3860 2096 3924">
     <span class='ocr_line' id='line_1_67' title="bbox 517 3860 2096 3924; baseline -0.003 -6"><span class='ocrx_word' id='word_1_445' title='bbox 517 3864 642 3918; x_wconf 88' lang='lat' dir='ltr'><strong>aliis</strong></span> <span class='ocrx_word' id='word_1_446' title='bbox 674 3862 1129 3923; x_wconf 88' lang='lat' dir='ltr'><strong>administratam,</strong></span> <span class='ocrx_word' id='word_1_447' title='bbox 1154 3861 1248 3915; x_wconf 89' lang='lat' dir='ltr'><strong>sed</strong></span> <span class='ocrx_word' id='word_1_448' title='bbox 1276 3876 1373 3916; x_wconf 87' lang='lat' dir='ltr'><strong>sua</strong></span> <span class='ocrx_word' id='word_1_449' title='bbox 1402 3861 1624 3924; x_wconf 74' lang='lat' dir='ltr'><strong>virtute,</strong></span> <span class='ocrx_word' id='word_1_450' title='bbox 1653 3869 1707 3914; x_wconf 91' lang='lat' dir='ltr'><strong>et</strong></span> <span class='ocrx_word' id='word_1_451' title='bbox 1735 3860 1787 3914; x_wconf 90' lang='lat' dir='ltr'><strong>in</strong></span> <span class='ocrx_word' id='word_1_452' title='bbox 1813 3860 1962 3913; x_wconf 90' lang='lat' dir='ltr'><strong>omni</strong></span> <span class='ocrx_word' id='word_1_453' title='bbox 1992 3874 2096 3914; x_wconf 91' lang='lat' dir='ltr'><strong>usu</strong></span> 
     </span>
    </p>
   </div>
   <div class='ocr_carea' id='block_1_68' title="bbox 517 3954 2097 4024">
    <p class='ocr_par' dir='ltr' id='par_1_68' title="bbox 517 3954 2097 4024">
     <span class='ocr_line' id='line_1_68' title="bbox 517 3954 2097 4024; baseline -0.002 -14"><span class='ocrx_word' id='word_1_454' title='bbox 517 3956 716 4012; x_wconf 87' lang='lat' dir='ltr'><strong>bellico</strong></span> <span class='ocrx_word' id='word_1_455' title='bbox 748 3955 991 4023; x_wconf 77' lang='lat' dir='ltr'><strong>diligenti</strong></span> <span class='ocrx_word' id='word_1_456' title='bbox 1027 3954 1316 4010; x_wconf 77' lang='lat' dir='ltr'><strong>sedulitate</strong></span> <span class='ocrx_word' id='word_1_457' title='bbox 1347 3955 1575 4024; x_wconf 74' lang='lat' dir='ltr'><strong>gloriam</strong></span> <span class='ocrx_word' id='word_1_458' title='bbox 1620 3954 1721 4008; x_wconf 91' lang='lat' dir='ltr'><strong>sibi</strong></span> <span class='ocrx_word' id='word_1_459' title='bbox 1769 3967 2097 4023; x_wconf 87' lang='lat' dir='ltr'><strong>comparans</strong></span> 
     </span>
    </p>
   </div>
   <div class='ocr_carea' id='block_1_69' title="bbox 516 4045 2095 4116">
    <p class='ocr_par' dir='ltr' id='par_1_69' title="bbox 516 4045 2095 4116">
     <span class='ocr_line' id='line_1_69' title="bbox 516 4045 2095 4116; baseline -0.003 -11"><span class='ocrx_word' id='word_1_460' title='bbox 516 4050 899 4105; x_wconf 70' lang='lat' dir='ltr'><strong>benevolentia</strong></span> <span class='ocrx_word' id='word_1_461' title='bbox 963 4063 1029 4102; x_wconf 88' lang='lat' dir='ltr'><strong>ac</strong></span> <span class='ocrx_word' id='word_1_462' title='bbox 1093 4047 1262 4101; x_wconf 88' lang='lat' dir='ltr'><strong>animi</strong></span> <span class='ocrx_word' id='word_1_463' title='bbox 1314 4045 1747 4116; x_wconf 82' lang='lat' dir='ltr'><strong>promptitudine</strong></span> <span class='ocrx_word' id='word_1_464' title='bbox 1796 4062 1810 4098; x_wconf 89' lang='lat'><strong>:</strong></span> <span class='ocrx_word' id='word_1_465' title='bbox 1868 4054 2095 4100; x_wconf 66' lang='lat' dir='ltr'><strong>caeteros</strong></span> 
     </span>
    </p>
   </div>
   <div class='ocr_carea' id='block_1_70' title="bbox 515 4136 2092 4210">
    <p class='ocr_par' dir='ltr' id='par_1_70' title="bbox 515 4136 2092 4210">
     <span class='ocr_line' id='line_1_70' title="bbox 515 4136 2092 4210; baseline -0.004 -12"><span class='ocrx_word' id='word_1_466' title='bbox 515 4160 709 4199; x_wconf 68' lang='lat' dir='ltr'><strong>omnes</strong></span> <span class='ocrx_word' id='word_1_467' title='bbox 740 4143 794 4195; x_wconf 92' lang='lat' dir='ltr'><strong>in</strong></span> <span class='ocrx_word' id='word_1_468' title='bbox 830 4138 1060 4210; x_wconf 81' lang='lat' dir='ltr'><strong>singulis</strong></span> <span class='ocrx_word' id='word_1_469' title='bbox 1107 4139 1341 4207; x_wconf 78' lang='lat' dir='ltr'><strong>negotiis</strong></span> <span class='ocrx_word' id='word_1_470' title='bbox 1384 4136 1752 4206; x_wconf 86' lang='lat' dir='ltr'><strong>suscipiendis</strong></span> <span class='ocrx_word' id='word_1_471' title='bbox 1801 4151 2092 4206; x_wconf 88' lang='lat' dir='ltr'><strong>superans,</strong></span> 
     </span>
    </p>
   </div>
   <div class='ocr_carea' id='block_1_71' title="bbox 515 4228 2095 4305">
    <p class='ocr_par' dir='ltr' id='par_1_71' title="bbox 515 4228 2095 4305">
     <span class='ocr_line' id='line_1_71' title="bbox 515 4228 2095 4305; baseline -0.004 -16"><span class='ocrx_word' id='word_1_472' title='bbox 515 4244 571 4289; x_wconf 89' lang='lat' dir='ltr'><strong>et</strong></span> <span class='ocrx_word' id='word_1_473' title='bbox 604 4234 825 4305; x_wconf 80' lang='lat' dir='ltr'><strong>perinde</strong></span> <span class='ocrx_word' id='word_1_474' title='bbox 852 4248 915 4286; x_wconf 88' lang='lat' dir='ltr'><strong>ac</strong></span> <span class='ocrx_word' id='word_1_475' title='bbox 944 4231 1010 4285; x_wconf 91' lang='lat' dir='ltr'><strong>de</strong></span> <span class='ocrx_word' id='word_1_476' title='bbox 1043 4229 1268 4299; x_wconf 79' lang='lat' dir='ltr'><strong>privatis</strong></span> <span class='ocrx_word' id='word_1_477' title='bbox 1298 4228 1463 4284; x_wconf 88' lang='lat' dir='ltr'><strong>rebus</strong></span> <span class='ocrx_word' id='word_1_478' title='bbox 1497 4229 1769 4297; x_wconf 79' lang='lat' dir='ltr'><strong>negOtium</strong></span> <span class='ocrx_word' id='word_1_479' title='bbox 1798 4238 1964 4295; x_wconf 89' lang='lat' dir='ltr'><strong>esset,</strong></span> <span class='ocrx_word' id='word_1_480' title='bbox 1994 4244 2095 4299; x_wconf 90' lang='lat' dir='ltr'><strong>pu-</strong></span> 
     </span>
    </p>
   </div>
   <div class='ocr_carea' id='block_1_72' title="bbox 516 4324 1539 4383">
    <p class='ocr_par' dir='ltr' id='par_1_72' title="bbox 516 4324 1539 4383">
     <span class='ocr_line' id='line_1_72' title="bbox 516 4324 1539 4383; baseline -0.014 -1"><span class='ocrx_word' id='word_1_481' title='bbox 516 4326 692 4382; x_wconf 66' lang='lat' dir='ltr'><strong>blicos</strong></span> <span class='ocrx_word' id='word_1_482' title='bbox 721 4327 935 4378; x_wconf 85' lang='lat' dir='ltr'><strong>labores</strong></span> <span class='ocrx_word' id='word_1_483' title='bbox 970 4324 1209 4377; x_wconf 85' lang='lat' dir='ltr'><strong>tolerans</strong></span> <span class='ocrx_word' id='word_1_484' title='bbox 1536 4380 1539 4383; x_wconf 96' lang='lat'><em>_</em></span> 
     </span>
    </p>
   </div>
   <div class='ocr_carea' id='block_1_73' title="bbox 486 4406 2093 4483">
    <p class='ocr_par' dir='ltr' id='par_1_73' title="bbox 486 4406 2093 4483">
     <span class='ocr_line' id='line_1_73' title="bbox 486 4406 2093 4483; baseline -0.003 -12"><span class='ocrx_word' id='word_1_485' title='bbox 486 4406 495 4417; x_wconf 80' lang='grc'><em>’</em></span> <span class='ocrx_word' id='word_1_486' title='bbox 588 4418 681 4472; x_wconf 79' lang='grc'><strong>40.</strong></span> <span class='ocrx_word' id='word_1_487' title='bbox 724 4415 970 4469; x_wconf 86' lang='lat' dir='ltr'><strong>Discrtus</strong></span> <span class='ocrx_word' id='word_1_488' title='bbox 1002 4423 1263 4483; x_wconf 64' lang='lat' dir='ltr'><strong>praeterea</strong></span> <span class='ocrx_word' id='word_1_489' title='bbox 1292 4419 1345 4465; x_wconf 88' lang='lat' dir='ltr'><strong>et</strong></span> <span class='ocrx_word' id='word_1_490' title='bbox 1380 4411 1642 4482; x_wconf 87' lang='lat' dir='ltr'><strong>eloquens</strong></span> <span class='ocrx_word' id='word_1_491' title='bbox 1684 4410 1781 4476; x_wconf 89' lang='lat' dir='ltr'><strong>sis,</strong></span> <span class='ocrx_word' id='word_1_492' title='bbox 1813 4418 1867 4465; x_wconf 91' lang='lat' dir='ltr'><strong>et</strong></span> <span class='ocrx_word' id='word_1_493' title='bbox 1898 4412 2093 4466; x_wconf 85' lang='lat' dir='ltr'><strong>certis-</strong></span> 
     </span>
    </p>
   </div>
   <div class='ocr_carea' id='block_1_74' title="bbox 2271 3218 3785 3301">
    <p class='ocr_par' dir='ltr' id='par_1_74' title="bbox 2271 3218 3785 3301">
     <span class='ocr_line' id='line_1_74' title="bbox 2271 3218 3785 3301; baseline 0.007 -28"><span class='ocrx_word' id='word_1_494' title='bbox 2271 3222 2371 3275; x_wconf 77' lang='lat'><strong>).0&#39;.</strong></span> <span class='ocrx_word' id='word_1_495' title='bbox 2408 3218 2629 3276; x_wconf 80' lang='grc' dir='ltr'><strong>Εῐναιδέ</strong></span> <span class='ocrx_word' id='word_1_496' title='bbox 2660 3241 2721 3277; x_wconf 90' lang='grc' dir='ltr'><strong>σε</strong></span> <span class='ocrx_word' id='word_1_497' title='bbox 2747 3226 2981 3295; x_wconf 87' lang='grc' dir='ltr'><strong>μάλιστα</strong></span> <span class='ocrx_word' id='word_1_498' title='bbox 3009 3227 3353 3299; x_wconf 77' lang='grc' dir='ltr'><strong>καὶὲγκρατῆ</strong></span> <span class='ocrx_word' id='word_1_499' title='bbox 3370 3231 3669 3301; x_wconf 86' lang='grc' dir='ltr'><strong>χρημάτων</strong></span> <span class='ocrx_word' id='word_1_500' title='bbox 3687 3229 3785 3283; x_wconf 77' lang='grc' dir='ltr'><strong>καὶ</strong></span> 
     </span>
    </p>
   </div>
   <div class='ocr_carea' id='block_1_75' title="bbox 2200 3312 3786 3392">
    <p class='ocr_par' dir='ltr' id='par_1_75' title="bbox 2200 3312 3786 3392">
     <span class='ocr_line' id='line_1_75' title="bbox 2200 3312 3786 3392; baseline 0.004 -27"><span class='ocrx_word' id='word_1_501' title='bbox 2200 3312 2403 3381; x_wconf 76' lang='grc' dir='ltr'><strong>ἡδονῶν</strong></span> <span class='ocrx_word' id='word_1_502' title='bbox 2423 3315 2672 3382; x_wconf 83' lang='grc' dir='ltr'><strong>ἁπασῶν,</strong></span> <span class='ocrx_word' id='word_1_503' title='bbox 2699 3316 2984 3386; x_wconf 83' lang='grc' dir='ltr'><strong>φιλόπονον</strong></span> <span class='ocrx_word' id='word_1_504' title='bbox 3000 3318 3056 3371; x_wconf 74' lang='grc' dir='ltr'><strong>δὲ</strong></span> <span class='ocrx_word' id='word_1_505' title='bbox 3081 3320 3217 3389; x_wconf 79' lang='grc' dir='ltr'><strong>πρὸς</strong></span> <span class='ocrx_word' id='word_1_506' title='bbox 3232 3320 3329 3384; x_wconf 76' lang='grc' dir='ltr'><strong>τὰς</strong></span> <span class='ocrx_word' id='word_1_507' title='bbox 3352 3322 3669 3392; x_wconf 82' lang='grc' dir='ltr'><strong>καρτερίας,</strong></span> <span class='ocrx_word' id='word_1_508' title='bbox 3684 3322 3786 3374; x_wconf 59' lang='grc' dir='ltr'><strong>ἀι.-</strong></span> 
     </span>
    </p>
   </div>
   <div class='ocr_carea' id='block_1_76' title="bbox 2201 3404 3785 3483">
    <p class='ocr_par' dir='ltr' id='par_1_76' title="bbox 2201 3404 3785 3483">
     <span class='ocr_line' id='line_1_76' title="bbox 2201 3404 3785 3483; baseline 0.006 -26"><span class='ocrx_word' id='word_1_509' title='bbox 2201 3404 2375 3474; x_wconf 86' lang='grc' dir='ltr'><strong>δρεῖον</strong></span> <span class='ocrx_word' id='word_1_510' title='bbox 2404 3405 2459 3457; x_wconf 84' lang='grc' dir='ltr'><strong>δὲ</strong></span> <span class='ocrx_word' id='word_1_511' title='bbox 2490 3405 2624 3476; x_wconf 76' lang='grc' dir='ltr'><strong>πρὸς</strong></span> <span class='ocrx_word' id='word_1_512' title='bbox 2642 3408 2765 3470; x_wconf 78' lang='grc' dir='ltr'><strong>τοὺς</strong></span> <span class='ocrx_word' id='word_1_513' title='bbox 2805 3408 3105 3476; x_wconf 82' lang='grc' dir='ltr'><strong>κινδύνους,</strong></span> <span class='ocrx_word' id='word_1_514' title='bbox 3137 3410 3232 3463; x_wconf 71' lang='grc' dir='ltr'><strong>καὶ</strong></span> <span class='ocrx_word' id='word_1_515' title='bbox 3263 3412 3341 3482; x_wconf 83' lang='grc' dir='ltr'><strong>μὴ</strong></span> <span class='ocrx_word' id='word_1_516' title='bbox 3364 3411 3785 3483; x_wconf 72' lang='grc' dir='ltr'><strong>ταρασσόμενον</strong></span> 
     </span>
    </p>
   </div>
   <div class='ocr_carea' id='block_1_77' title="bbox 2200 3495 3785 3575">
    <p class='ocr_par' dir='ltr' id='par_1_77' title="bbox 2200 3495 3785 3575">
     <span class='ocr_line' id='line_1_77' title="bbox 2200 3495 3785 3575; baseline 0.006 -27"><span class='ocrx_word' id='word_1_517' title='bbox 2200 3495 2257 3550; x_wconf 85' lang='grc' dir='ltr'><strong>ὲν</strong></span> <span class='ocrx_word' id='word_1_518' title='bbox 2285 3499 2397 3560; x_wconf 87' lang='grc' dir='ltr'><strong>τοῖς</strong></span> <span class='ocrx_word' id='word_1_519' title='bbox 2416 3497 2643 3565; x_wconf 79' lang='grc' dir='ltr'><strong>ἀγῶσιν,</strong></span> <span class='ocrx_word' id='word_1_520' title='bbox 2671 3500 2955 3569; x_wconf 82' lang='grc' dir='ltr'><strong>φιλότιμον</strong></span> <span class='ocrx_word' id='word_1_521' title='bbox 2985 3503 3116 3573; x_wconf 79' lang='grc' dir='ltr'><strong>περὶ</strong></span> <span class='ocrx_word' id='word_1_522' title='bbox 3139 3503 3237 3566; x_wconf 83' lang='grc' dir='ltr'><strong>τὰς</strong></span> <span class='ocrx_word' id='word_1_523' title='bbox 3265 3504 3494 3575; x_wconf 81' lang='grc' dir='ltr'><strong>πράξεις</strong></span> <span class='ocrx_word' id='word_1_524' title='bbox 3518 3504 3614 3567; x_wconf 82' lang='grc' dir='ltr'><strong>τάς</strong></span> <span class='ocrx_word' id='word_1_525' title='bbox 3642 3504 3785 3575; x_wconf 80' lang='grc' dir='ltr'><strong>μετὰ</strong></span> 
     </span>
    </p>
   </div>
   <div class='ocr_carea' id='block_1_78' title="bbox 2198 3587 3783 3666">
    <p class='ocr_par' dir='ltr' id='par_1_78' title="bbox 2198 3587 3783 3666">
     <span class='ocr_line' id='line_1_78' title="bbox 2198 3587 3783 3666; baseline 0.007 -27"><span class='ocrx_word' id='word_1_526' title='bbox 2198 3587 2563 3657; x_wconf 79' lang='grc' dir='ltr'><strong>δικαιοσύνης,</strong></span> <span class='ocrx_word' id='word_1_527' title='bbox 2589 3590 2965 3661; x_wconf 75' lang='grc' dir='ltr'><strong>μεγαλόψυχον</strong></span> <span class='ocrx_word' id='word_1_528' title='bbox 2991 3593 3048 3647; x_wconf 83' lang='grc' dir='ltr'><strong>δὲ</strong></span> <span class='ocrx_word' id='word_1_529' title='bbox 3075 3595 3134 3648; x_wconf 76' lang='grc' dir='ltr'><strong>ὲν</strong></span> <span class='ocrx_word' id='word_1_530' title='bbox 3153 3598 3266 3659; x_wconf 85' lang='grc' dir='ltr'><strong>τοῖς</strong></span> <span class='ocrx_word' id='word_1_531' title='bbox 3285 3596 3467 3666; x_wconf 66' lang='grc' dir='ltr'><strong>ἔργοις</strong></span> <span class='ocrx_word' id='word_1_532' title='bbox 3498 3599 3612 3660; x_wconf 75' lang='grc' dir='ltr'><strong>τοῖς</strong></span> <span class='ocrx_word' id='word_1_533' title='bbox 3643 3597 3783 3663; x_wconf 83' lang='grc' dir='ltr'><strong>πρὸς</strong></span> 
     </span>
    </p>
   </div>
   <div class='ocr_carea' id='block_1_79' title="bbox 2198 3680 3782 3757">
    <p class='ocr_par' dir='ltr' id='par_1_79' title="bbox 2198 3680 3782 3757">
     <span class='ocr_line' id='line_1_79' title="bbox 2198 3680 3782 3757; baseline 0.008 -28"><span class='ocrx_word' id='word_1_534' title='bbox 2198 3680 2324 3740; x_wconf 77' lang='grc' dir='ltr'><strong>τοὺς</strong></span> <span class='ocrx_word' id='word_1_535' title='bbox 2351 3680 2711 3749; x_wconf 85' lang='grc' dir='ltr'><strong>στρατιώτας,</strong></span> <span class='ocrx_word' id='word_1_536' title='bbox 2749 3683 2966 3754; x_wconf 78' lang='grc' dir='ltr'><strong>ἀξίωμα</strong></span> <span class='ocrx_word' id='word_1_537' title='bbox 3014 3685 3206 3757; x_wconf 74' lang='grc' dir='ltr'><strong>ἔχοντα</strong></span> <span class='ocrx_word' id='word_1_538' title='bbox 3266 3689 3390 3741; x_wconf 84' lang='grc' dir='ltr'><strong>άντί</strong></span> <span class='ocrx_word' id='word_1_539' title='bbox 3419 3689 3628 3752; x_wconf 88' lang='grc' dir='ltr'><strong>πόλεως</strong></span> <span class='ocrx_word' id='word_1_540' title='bbox 3681 3690 3782 3741; x_wconf 73' lang='grc' dir='ltr'><strong>καὶ</strong></span> 
     </span>
    </p>
   </div>
   <div class='ocr_carea' id='block_1_80' title="bbox 2199 3770 3782 3851">
    <p class='ocr_par' dir='ltr' id='par_1_80' title="bbox 2199 3770 3782 3851">
     <span class='ocr_line' id='line_1_80' title="bbox 2199 3770 3782 3851; baseline 0.009 -30"><span class='ocrx_word' id='word_1_541' title='bbox 2199 3770 2390 3837; x_wconf 82' lang='grc' dir='ltr'><strong>γένους</strong></span> <span class='ocrx_word' id='word_1_542' title='bbox 2424 3774 2519 3824; x_wconf 74' lang='grc' dir='ltr'><strong>καὶ</strong></span> <span class='ocrx_word' id='word_1_543' title='bbox 2544 3773 2817 3838; x_wconf 82' lang='grc' dir='ltr'><strong>πολιτείας</strong></span> <span class='ocrx_word' id='word_1_544' title='bbox 2844 3777 3251 3850; x_wconf 79' lang='grc' dir='ltr'><strong>εὐνομουμένης</strong></span> <span class='ocrx_word' id='word_1_545' title='bbox 3296 3780 3395 3850; x_wconf 72' lang='grc' dir='ltr'><strong>τὴν</strong></span> <span class='ocrx_word' id='word_1_546' title='bbox 3418 3782 3625 3834; x_wconf 89' lang='grc' dir='ltr'><strong>οἰκείαν</strong></span> <span class='ocrx_word' id='word_1_547' title='bbox 3647 3782 3782 3851; x_wconf 79' lang='grc' dir='ltr'><strong>ἁρε-</strong></span> 
     </span>
    </p>
   </div>
   <div class='ocr_carea' id='block_1_81' title="bbox 2197 3860 3784 3943">
    <p class='ocr_par' dir='ltr' id='par_1_81' title="bbox 2197 3860 3784 3943">
     <span class='ocr_line' id='line_1_81' title="bbox 2197 3860 3784 3943; baseline 0.007 -27"><span class='ocrx_word' id='word_1_548' title='bbox 2197 3860 2319 3931; x_wconf 83' lang='grc' dir='ltr'><strong>τὴν,</strong></span> <span class='ocrx_word' id='word_1_549' title='bbox 2354 3864 2450 3917; x_wconf 73' lang='grc' dir='ltr'><strong>καὶ</strong></span> <span class='ocrx_word' id='word_1_550' title='bbox 2470 3863 2547 3935; x_wconf 81' lang='grc' dir='ltr'><strong>τῷ</strong></span> <span class='ocrx_word' id='word_1_551' title='bbox 2593 3866 2844 3936; x_wconf 83' lang='grc' dir='ltr'><strong>προέχειν</strong></span> <span class='ocrx_word' id='word_1_552' title='bbox 2871 3868 3127 3923; x_wconf 83' lang='grc' dir='ltr'><strong>ἁπάντων</strong></span> <span class='ocrx_word' id='word_1_553' title='bbox 3157 3873 3216 3923; x_wconf 82' lang='grc' dir='ltr'><strong>ὲν</strong></span> <span class='ocrx_word' id='word_1_554' title='bbox 3266 3874 3331 3943; x_wconf 75' lang='grc' dir='ltr'><strong>τῇ</strong></span> <span class='ocrx_word' id='word_1_555' title='bbox 3372 3873 3515 3925; x_wconf 76' lang='grc' dir='ltr'><strong>κατὰ</strong></span> <span class='ocrx_word' id='word_1_556' title='bbox 3543 3872 3784 3942; x_wconf 86' lang='grc' dir='ltr'><strong>πόλεμον</strong></span> 
     </span>
    </p>
   </div>
   <div class='ocr_carea' id='block_1_82' title="bbox 2197 3955 3781 4032">
    <p class='ocr_par' dir='ltr' id='par_1_82' title="bbox 2197 3955 3781 4032">
     <span class='ocr_line' id='line_1_82' title="bbox 2197 3955 3781 4032; baseline 0.006 -24"><span class='ocrx_word' id='word_1_557' title='bbox 2197 3955 2482 4025; x_wconf 72' lang='grc' dir='ltr'><strong>ἐμπειρία,</strong></span> <span class='ocrx_word' id='word_1_558' title='bbox 2519 3956 2703 4029; x_wconf 76' lang='grc' dir='ltr'><strong>εὐνοίᾳ</strong></span> <span class='ocrx_word' id='word_1_559' title='bbox 2729 3975 2789 4009; x_wconf 90' lang='grc' dir='ltr'><strong>τε</strong></span> <span class='ocrx_word' id='word_1_560' title='bbox 2834 3960 2927 4013; x_wconf 76' lang='grc' dir='ltr'><strong>καὶ</strong></span> <span class='ocrx_word' id='word_1_561' title='bbox 2952 3959 3231 4032; x_wconf 81' lang='grc' dir='ltr'><strong>φιλοτιμίᾳ</strong></span> <span class='ocrx_word' id='word_1_562' title='bbox 3269 3964 3327 4015; x_wconf 84' lang='grc' dir='ltr'><strong>ὲν</strong></span> <span class='ocrx_word' id='word_1_563' title='bbox 3369 3966 3484 4025; x_wconf 83' lang='grc' dir='ltr'><strong>τοῖς</strong></span> <span class='ocrx_word' id='word_1_564' title='bbox 3509 3965 3781 4032; x_wconf 79' lang='grc' dir='ltr'><strong>παροῦσιν</strong></span> 
     </span>
    </p>
   </div>
   <div class='ocr_carea' id='block_1_83' title="bbox 2196 4046 3781 4125">
    <p class='ocr_par' dir='ltr' id='par_1_83' title="bbox 2196 4046 3781 4125">
     <span class='ocr_line' id='line_1_83' title="bbox 2196 4046 3781 4125; baseline 0.004 -24"><span class='ocrx_word' id='word_1_565' title='bbox 2196 4046 2284 4101; x_wconf 79' lang='grc' dir='ltr'><strong>ἀεὶ</strong></span> <span class='ocrx_word' id='word_1_566' title='bbox 2318 4046 2642 4117; x_wconf 76' lang='grc' dir='ltr'><strong>πράγμασιν</strong></span> <span class='ocrx_word' id='word_1_567' title='bbox 2683 4047 2810 4112; x_wconf 83' lang='grc' dir='ltr'><strong>τοὺς</strong></span> <span class='ocrx_word' id='word_1_568' title='bbox 2856 4049 3051 4114; x_wconf 79' lang='grc' dir='ltr'><strong>ἄλλους</strong></span> <span class='ocrx_word' id='word_1_569' title='bbox 3096 4053 3351 4117; x_wconf 85' lang='grc' dir='ltr'><strong>νικῶντα,</strong></span> <span class='ocrx_word' id='word_1_570' title='bbox 3388 4054 3484 4106; x_wconf 79' lang='grc' dir='ltr'><strong>καὶ</strong></span> <span class='ocrx_word' id='word_1_571' title='bbox 3529 4054 3607 4117; x_wconf 82' lang='grc' dir='ltr'><strong>ὡς</strong></span> <span class='ocrx_word' id='word_1_572' title='bbox 3639 4055 3781 4125; x_wconf 80' lang='grc' dir='ltr'><strong>ὑπὲρ</strong></span> 
     </span>
    </p>
   </div>
   <div class='ocr_carea' id='block_1_84' title="bbox 2201 4138 3783 4216">
    <p class='ocr_par' dir='ltr' id='par_1_84' title="bbox 2201 4138 3783 4216">
     <span class='ocr_line' id='line_1_84' title="bbox 2201 4138 3783 4216; baseline 0.005 -27"><span class='ocrx_word' id='word_1_573' title='bbox 2201 4138 2349 4191; x_wconf 84' lang='grc' dir='ltr'><strong>ἰδίων</strong></span> <span class='ocrx_word' id='word_1_574' title='bbox 2384 4141 2726 4212; x_wconf 80' lang='grc' dir='ltr'><strong>πραγμάτων</strong></span> <span class='ocrx_word' id='word_1_575' title='bbox 2759 4142 2887 4205; x_wconf 78' lang='grc' dir='ltr'><strong>τοὺς</strong></span> <span class='ocrx_word' id='word_1_576' title='bbox 2911 4143 3123 4206; x_wconf 80' lang='grc' dir='ltr'><strong>κοινοὺς</strong></span> <span class='ocrx_word' id='word_1_577' title='bbox 3152 4143 3429 4208; x_wconf 84' lang='grc' dir='ltr'><strong>κινδύνους</strong></span> <span class='ocrx_word' id='word_1_578' title='bbox 3449 4145 3783 4216; x_wconf 79' lang='grc' dir='ltr'><strong>ἀναδεχόμεο</strong></span> 
     </span>
    </p>
   </div>
   <div class='ocr_carea' id='block_1_85' title="bbox 2196 4245 2305 4284">
    <p class='ocr_par' dir='ltr' id='par_1_85' title="bbox 2196 4245 2305 4284">
     <span class='ocr_line' id='line_1_85' title="bbox 2196 4245 2305 4284; baseline 0.018 -2"><span class='ocrx_word' id='word_1_579' title='bbox 2196 4245 2305 4284; x_wconf 87' lang='grc' dir='ltr'><strong>νον.</strong></span> 
     </span>
    </p>
   </div>
   <div class='ocr_carea' id='block_1_86' title="bbox 2271 4407 3778 4485">
    <p class='ocr_par' dir='ltr' id='par_1_86' title="bbox 2271 4407 3778 4485">
     <span class='ocr_line' id='line_1_86' title="bbox 2271 4407 3778 4485; baseline 0.007 -26"><span class='ocrx_word' id='word_1_580' title='bbox 2271 4412 2343 4476; x_wconf 81' lang='grc' dir='ltr'><strong>μ’.</strong></span> <span class='ocrx_word' id='word_1_581' title='bbox 2382 4407 2614 4479; x_wconf 85' lang='grc' dir='ltr'><strong>Προσέτι</strong></span> <span class='ocrx_word' id='word_1_582' title='bbox 2668 4408 2725 4462; x_wconf 76' lang='grc' dir='ltr'><strong>δὲ</strong></span> <span class='ocrx_word' id='word_1_583' title='bbox 2780 4408 3151 4481; x_wconf 78' lang='grc' dir='ltr'><strong>δημηγορικόν</strong></span> <span class='ocrx_word' id='word_1_584' title='bbox 3214 4429 3274 4466; x_wconf 87' lang='grc' dir='ltr'><strong>σε</strong></span> <span class='ocrx_word' id='word_1_585' title='bbox 3318 4409 3459 4467; x_wconf 80' lang='grc' dir='ltr'><strong>εἶναι</strong></span> <span class='ocrx_word' id='word_1_586' title='bbox 3516 4416 3646 4485; x_wconf 85' lang='grc' dir='ltr'><strong>χρὴ,</strong></span> <span class='ocrx_word' id='word_1_587' title='bbox 3679 4418 3778 4470; x_wconf 70' lang='grc' dir='ltr'><strong>καὶ</strong></span> 
     </span>
    </p>
   </div>
   <div class='ocr_carea' id='block_1_87' title="bbox 516 4498 2096 4579">
    <p class='ocr_par' dir='ltr' id='par_1_87' title="bbox 516 4503 2095 4568">
     <span class='ocr_line' id='line_1_87' title="bbox 516 4503 2095 4568; baseline -0.004 -3"><span class='ocrx_word' id='word_1_588' title='bbox 516 4510 671 4565; x_wconf 88' lang='lat' dir='ltr'><strong>simis</strong></span> <span class='ocrx_word' id='word_1_589' title='bbox 701 4506 1008 4561; x_wconf 86' lang='lat' dir='ltr'><strong>rationibus</strong></span> <span class='ocrx_word' id='word_1_590' title='bbox 1036 4508 1087 4559; x_wconf 93' lang='lat' dir='ltr'><strong>in</strong></span> <span class='ocrx_word' id='word_1_591' title='bbox 1114 4519 1173 4560; x_wconf 90' lang='lat' dir='ltr'><strong>re</strong></span> <span class='ocrx_word' id='word_1_592' title='bbox 1198 4520 1320 4559; x_wconf 78' lang='lat' dir='ltr'><strong>vera</strong></span> <span class='ocrx_word' id='word_1_593' title='bbox 1349 4517 1531 4568; x_wconf 88' lang='lat' dir='ltr'><strong>utens,</strong></span> <span class='ocrx_word' id='word_1_594' title='bbox 1564 4503 1670 4559; x_wconf 87' lang='lat' dir='ltr'><strong>nisi</strong></span> <span class='ocrx_word' id='word_1_595' title='bbox 1698 4503 1787 4556; x_wconf 81' lang='lat' dir='ltr'><strong>ubi</strong></span> <span class='ocrx_word' id='word_1_596' title='bbox 1821 4504 2095 4558; x_wconf 87' lang='lat' dir='ltr'><strong>interdum</strong></span> 
     </span>
    </p>
   </div>
   <div class='ocr_carea' id='block_1_88' title="bbox 2195 4498 3779 4579">
    <p class='ocr_par' dir='ltr' id='par_1_88' title="bbox 2201 4498 3779 4579">
     <span class='ocr_line' id='line_1_88' title="bbox 2201 4498 3779 4579; baseline 0.008 -29"><span class='ocrx_word' id='word_1_597' title='bbox 2201 4498 2647 4570; x_wconf 60' lang='grc' dir='ltr'><strong>ἀγωνιστὴν,«καὶ</strong></span> <span class='ocrx_word' id='word_1_598' title='bbox 2678 4503 2790 4562; x_wconf 85' lang='grc' dir='ltr'><strong>τοῖς</strong></span> <span class='ocrx_word' id='word_1_599' title='bbox 2812 4502 3202 4572; x_wconf 81' lang='grc' dir='ltr'><strong>ἀληθεστάτοις</strong></span> <span class='ocrx_word' id='word_1_600' title='bbox 3226 4506 3332 4558; x_wconf 89' lang='grc' dir='ltr'><strong>τῶν</strong></span> <span class='ocrx_word' id='word_1_601' title='bbox 3360 4506 3532 4575; x_wconf 82' lang='grc' dir='ltr'><strong>λόγων</strong></span> <span class='ocrx_word' id='word_1_602' title='bbox 3563 4510 3779 4579; x_wconf 82' lang='grc' dir='ltr'><strong>χρώμε-</strong></span> 
     </span>
    </p>
   </div>
   <div class='ocr_carea' id='block_1_89' title="bbox 517 4589 2096 4659">
    <p class='ocr_par' dir='ltr' id='par_1_89' title="bbox 517 4589 2096 4659">
     <span class='ocr_line' id='line_1_89' title="bbox 517 4589 2096 4659; baseline -0.007 -6"><span class='ocrx_word' id='word_1_603' title='bbox 517 4600 585 4653; x_wconf 90' lang='lat' dir='ltr'><strong>ad</strong></span> <span class='ocrx_word' id='word_1_604' title='bbox 618 4596 941 4653; x_wconf 82' lang='lat' dir='ltr'><strong>excitandos</strong></span> <span class='ocrx_word' id='word_1_605' title='bbox 966 4594 1197 4648; x_wconf 91' lang='lat' dir='ltr'><strong>militum</strong></span> <span class='ocrx_word' id='word_1_606' title='bbox 1225 4593 1458 4659; x_wconf 83' lang='lat' dir='ltr'><strong>animos,</strong></span> <span class='ocrx_word' id='word_1_607' title='bbox 1477 4600 1531 4646; x_wconf 90' lang='lat' dir='ltr'><strong>et</strong></span> <span class='ocrx_word' id='word_1_608' title='bbox 1554 4591 1621 4644; x_wconf 92' lang='lat' dir='ltr'><strong>ad</strong></span> <span class='ocrx_word' id='word_1_609' title='bbox 1654 4602 1862 4645; x_wconf 86' lang='lat' dir='ltr'><strong>mentes</strong></span> <span class='ocrx_word' id='word_1_610' title='bbox 1882 4589 2096 4643; x_wconf 87' lang='lat' dir='ltr'><strong>illorum</strong></span> 
     </span>
    </p>
   </div>
   <div class='ocr_carea' id='block_1_90' title="bbox 519 4668 2099 4762">
    <p class='ocr_par' dir='ltr' id='par_1_90' title="bbox 519 4668 2099 4762">
     <span class='ocr_line' id='line_1_90' title="bbox 519 4668 2099 4762; baseline -0.007 -16"><span class='ocrx_word' id='word_1_611' title='bbox 519 4668 775 4762; x_wconf 63' lang='lat' dir='ltr'><strong>praesenti</strong></span> <span class='ocrx_word' id='word_1_612' title='bbox 802 4703 982 4743; x_wconf 90' lang='lat' dir='ltr'><strong>rerum</strong></span> <span class='ocrx_word' id='word_1_613' title='bbox 1017 4686 1413 4757; x_wconf 88' lang='lat' dir='ltr'><strong>opportunitati</strong></span> <span class='ocrx_word' id='word_1_614' title='bbox 1444 4684 1737 4755; x_wconf 88' lang='lat' dir='ltr'><strong>aptandas,</strong></span> <span class='ocrx_word' id='word_1_615' title='bbox 1766 4683 1986 4737; x_wconf 86' lang='lat' dir='ltr'><strong>mentiri</strong></span> <span class='ocrx_word' id='word_1_616' title='bbox 2015 4682 2099 4735; x_wconf 89' lang='lat' dir='ltr'><strong>in-</strong></span> 
     </span>
    </p>
   </div>
   <div class='ocr_carea' id='block_1_91' title="bbox 520 4778 2098 4848">
    <p class='ocr_par' dir='ltr' id='par_1_91' title="bbox 520 4778 2098 4848">
     <span class='ocr_line' id='line_1_91' title="bbox 520 4778 2098 4848; baseline -0.004 -10"><span class='ocrx_word' id='word_1_617' title='bbox 520 4786 730 4839; x_wconf 86' lang='lat' dir='ltr'><strong>terdum</strong></span> <span class='ocrx_word' id='word_1_618' title='bbox 761 4794 816 4838; x_wconf 87' lang='lat' dir='ltr'><strong>et</strong></span> <span class='ocrx_word' id='word_1_619' title='bbox 845 4782 1024 4836; x_wconf 80' lang='lat' dir='ltr'><strong>[ictam</strong></span> <span class='ocrx_word' id='word_1_620' title='bbox 1058 4780 1360 4835; x_wconf 91' lang='lat' dir='ltr'><strong>orationem</strong></span> <span class='ocrx_word' id='word_1_621' title='bbox 1396 4778 1657 4834; x_wconf 86' lang='lat' dir='ltr'><strong>adhibere</strong></span> <span class='ocrx_word' id='word_1_622' title='bbox 1685 4786 1956 4847; x_wconf 85' lang='lat' dir='ltr'><strong>oporteat,</strong></span> <span class='ocrx_word' id='word_1_623' title='bbox 1989 4793 2098 4848; x_wconf 87' lang='lat' dir='ltr'><strong>quo</strong></span> 
     </span>
    </p>
   </div>
   <div class='ocr_carea' id='block_1_92' title="bbox 444 4869 1936 4930">
    <p class='ocr_par' dir='ltr' id='par_1_92' title="bbox 444 4869 1936 4930">
     <span class='ocr_line' id='line_1_92' title="bbox 444 4869 1936 4930; baseline -0.004 0"><span class='ocrx_word' id='word_1_624' title='bbox 444 4870 464 4891; x_wconf 80' lang='lat'><strong>&#39;</strong></span> <span class='ocrx_word' id='word_1_625' title='bbox 517 4877 714 4930; x_wconf 68' lang='lat' dir='ltr'><strong>melius</strong></span> <span class='ocrx_word' id='word_1_626' title='bbox 741 4874 795 4927; x_wconf 89' lang='lat' dir='ltr'><strong>in</strong></span> <span class='ocrx_word' id='word_1_627' title='bbox 832 4872 1167 4928; x_wconf 88' lang='lat' dir='ltr'><strong>contrariam</strong></span> <span class='ocrx_word' id='word_1_628' title='bbox 1200 4870 1522 4925; x_wconf 85' lang='lat' dir='ltr'><strong>sententiam</strong></span> <span class='ocrx_word' id='word_1_629' title='bbox 1558 4869 1936 4924; x_wconf 84' lang='lat' dir='ltr'><strong>traducantur.</strong></span> 
     </span>
    </p>
   </div>
   <div class='ocr_carea' id='block_1_93' title="bbox 584 4962 2098 5035">
    <p class='ocr_par' dir='ltr' id='par_1_93' title="bbox 584 4962 2098 5035">
     <span class='ocr_line' id='line_1_93' title="bbox 584 4962 2098 5035; baseline -0.003 -14"><span class='ocrx_word' id='word_1_630' title='bbox 584 4967 675 5022; x_wconf 74' lang='grc'><strong>41.</strong></span> <span class='ocrx_word' id='word_1_631' title='bbox 718 4964 859 5035; x_wconf 83' lang='lat' dir='ltr'><strong>Erga</strong></span> <span class='ocrx_word' id='word_1_632' title='bbox 894 4965 1015 5021; x_wconf 91' lang='lat' dir='ltr'><strong>illos</strong></span> <span class='ocrx_word' id='word_1_633' title='bbox 1046 4964 1141 5033; x_wconf 83' lang='lat' dir='ltr'><strong>qui</strong></span> <span class='ocrx_word' id='word_1_634' title='bbox 1184 4964 1239 5017; x_wconf 92' lang='lat' dir='ltr'><strong>in</strong></span> <span class='ocrx_word' id='word_1_635' title='bbox 1284 4963 1428 5017; x_wconf 89' lang='lat' dir='ltr'><strong>bello</strong></span> <span class='ocrx_word' id='word_1_636' title='bbox 1472 4962 1830 5027; x_wconf 86' lang='lat' dir='ltr'><strong>ceciderunt,</strong></span> <span class='ocrx_word' id='word_1_637' title='bbox 1866 4968 1921 5016; x_wconf 88' lang='lat' dir='ltr'><strong>et</strong></span> <span class='ocrx_word' id='word_1_638' title='bbox 1969 4977 2098 5033; x_wconf 80' lang='lat' dir='ltr'><strong>erga</strong></span> 
     </span>
    </p>
   </div>
   <div class='ocr_carea' id='block_1_94' title="bbox 516 5050 2099 5122">
    <p class='ocr_par' dir='ltr' id='par_1_94' title="bbox 516 5050 2099 5122">
     <span class='ocr_line' id='line_1_94' title="bbox 516 5050 2099 5122; baseline 0.001 -16"><span class='ocrx_word' id='word_1_639' title='bbox 516 5052 693 5107; x_wconf 89' lang='lat' dir='ltr'><strong>bonos</strong></span> <span class='ocrx_word' id='word_1_640' title='bbox 740 5053 888 5107; x_wconf 76' lang='lat' dir='ltr'><strong>viros</strong></span> <span class='ocrx_word' id='word_1_641' title='bbox 932 5053 1309 5122; x_wconf 88' lang='lat' dir='ltr'><strong>potissimum,</strong></span> <span class='ocrx_word' id='word_1_642' title='bbox 1349 5050 1707 5118; x_wconf 78' lang='lat' dir='ltr'><strong>magniﬁcus,</strong></span> <span class='ocrx_word' id='word_1_643' title='bbox 1741 5050 2006 5114; x_wconf 88' lang='lat' dir='ltr'><strong>liberalis,</strong></span> <span class='ocrx_word' id='word_1_644' title='bbox 2044 5062 2099 5107; x_wconf 89' lang='lat' dir='ltr'><strong>et</strong></span> 
     </span>
    </p>
   </div>
   <div class='ocr_carea' id='block_1_95' title="bbox 518 5138 2119 5208">
    <p class='ocr_par' dir='ltr' id='par_1_95' title="bbox 518 5138 2119 5208">
     <span class='ocr_line' id='line_1_95' title="bbox 518 5138 2119 5208; baseline -0.001 -12"><span class='ocrx_word' id='word_1_645' title='bbox 518 5142 807 5197; x_wconf 84' lang='lat' dir='ltr'><strong>muniﬁcus</strong></span> <span class='ocrx_word' id='word_1_646' title='bbox 831 5143 931 5208; x_wconf 90' lang='lat' dir='ltr'><strong>sis,</strong></span> <span class='ocrx_word' id='word_1_647' title='bbox 962 5152 1015 5195; x_wconf 88' lang='lat' dir='ltr'><strong>et</strong></span> <span class='ocrx_word' id='word_1_648' title='bbox 1040 5141 1277 5195; x_wconf 89' lang='lat' dir='ltr'><strong>honores</strong></span> <span class='ocrx_word' id='word_1_649' title='bbox 1310 5139 1417 5193; x_wconf 92' lang='lat' dir='ltr'><strong>illis</strong></span> <span class='ocrx_word' id='word_1_650' title='bbox 1441 5149 1553 5193; x_wconf 89' lang='lat' dir='ltr'><strong>tum</strong></span> <span class='ocrx_word' id='word_1_651' title='bbox 1582 5138 1818 5206; x_wconf 88' lang='lat' dir='ltr'><strong>beando,</strong></span> <span class='ocrx_word' id='word_1_652' title='bbox 1839 5147 1953 5193; x_wconf 90' lang='lat' dir='ltr'><strong>tum</strong></span> <span class='ocrx_word' id='word_1_653' title='bbox 1983 5155 2119 5207; x_wconf 10' lang='lat' dir='ltr'><strong>nte-7</strong></span> 
     </span>
    </p>
   </div>
   <div class='ocr_carea' id='block_1_96' title="bbox 518 5232 1674 5306">
    <p class='ocr_par' dir='ltr' id='par_1_96' title="bbox 518 5232 1674 5306">
     <span class='ocr_line' id='line_1_96' title="bbox 518 5232 1674 5306; baseline -0.004 -15"><span class='ocrx_word' id='word_1_654' title='bbox 518 5237 768 5292; x_wconf 84' lang='lat' dir='ltr'><strong>morabili</strong></span> <span class='ocrx_word' id='word_1_655' title='bbox 803 5236 1084 5306; x_wconf 89' lang='lat' dir='ltr'><strong>sepultura</strong></span> <span class='ocrx_word' id='word_1_656' title='bbox 1118 5232 1401 5288; x_wconf 75' lang='lat' dir='ltr'><strong>alliciendo</strong></span> <span class='ocrx_word' id='word_1_657' title='bbox 1429 5232 1674 5290; x_wconf 86' lang='lat' dir='ltr'><strong>habebis.</strong></span> 
     </span>
    </p>
   </div>
   <div class='ocr_carea' id='block_1_97' title="bbox 587 5416 2091 5489">
    <p class='ocr_par' dir='ltr' id='par_1_97' title="bbox 587 5416 2091 5489">
     <span class='ocr_line' id='line_1_97' title="bbox 587 5416 2091 5489; baseline 0.003 -20"><span class='ocrx_word' id='word_1_658' title='bbox 587 5416 676 5470; x_wconf 65' lang='grc'><strong>42.</strong></span> <span class='ocrx_word' id='word_1_659' title='bbox 718 5416 980 5487; x_wconf 68' lang='grc' dir='ltr'><strong>Ᾱίετοιοε</strong></span> <span class='ocrx_word' id='word_1_660' title='bbox 1011 5432 1172 5486; x_wconf 89' lang='lat' dir='ltr'><strong>quam</strong></span> <span class='ocrx_word' id='word_1_661' title='bbox 1195 5416 1611 5489; x_wconf 85' lang='lat' dir='ltr'><strong>diligentissime</strong></span> <span class='ocrx_word' id='word_1_662' title='bbox 1642 5419 1824 5474; x_wconf 89' lang='lat' dir='ltr'><strong>sanari</strong></span> <span class='ocrx_word' id='word_1_663' title='bbox 1848 5418 2091 5483; x_wconf 88' lang='lat' dir='ltr'><strong>curabis,</strong></span> 
     </span>
    </p>
   </div>
   <div class='ocr_carea' id='block_1_98' title="bbox 516 5509 2093 5581">
    <p class='ocr_par' dir='ltr' id='par_1_98' title="bbox 516 5509 2093 5581">
     <span class='ocr_line' id='line_1_98' title="bbox 516 5509 2093 5581; baseline 0.003 -19"><span class='ocrx_word' id='word_1_664' title='bbox 516 5526 643 5577; x_wconf 76' lang='lat' dir='ltr'><strong>erga</strong></span> <span class='ocrx_word' id='word_1_665' title='bbox 682 5523 950 5578; x_wconf 88' lang='lat' dir='ltr'><strong>pauperes</strong></span> <span class='ocrx_word' id='word_1_666' title='bbox 985 5509 1053 5563; x_wconf 88' lang='lat' dir='ltr'><strong>de</strong></span> <span class='ocrx_word' id='word_1_667' title='bbox 1092 5519 1185 5563; x_wconf 92' lang='lat' dir='ltr'><strong>tuo</strong></span> <span class='ocrx_word' id='word_1_668' title='bbox 1229 5511 1490 5576; x_wconf 88' lang='lat' dir='ltr'><strong>liberalis,</strong></span> <span class='ocrx_word' id='word_1_669' title='bbox 1527 5513 1714 5581; x_wconf 78' lang='lat' dir='ltr'><strong>gloria:</strong></span> <span class='ocrx_word' id='word_1_670' title='bbox 1764 5528 1877 5565; x_wconf 89' lang='lat' dir='ltr'><strong>non</strong></span> <span class='ocrx_word' id='word_1_671' title='bbox 1928 5512 2093 5567; x_wconf 85' lang='lat' dir='ltr'><strong>nimis</strong></span> 
     </span>
    </p>
   </div>
   <div class='ocr_carea' id='block_1_99' title="bbox 518 5602 2094 5672">
    <p class='ocr_par' dir='ltr' id='par_1_99' title="bbox 518 5602 2094 5672">
     <span class='ocr_line' id='line_1_99' title="bbox 518 5602 2094 5672; baseline 0.003 -21"><span class='ocrx_word' id='word_1_672' title='bbox 518 5608 801 5668; x_wconf 80' lang='lat' dir='ltr'><strong>expetens,</strong></span> <span class='ocrx_word' id='word_1_673' title='bbox 831 5610 884 5655; x_wconf 92' lang='lat' dir='ltr'><strong>ct</strong></span> <span class='ocrx_word' id='word_1_674' title='bbox 928 5602 1170 5655; x_wconf 83' lang='lat' dir='ltr'><strong>liberalis</strong></span> <span class='ocrx_word' id='word_1_675' title='bbox 1202 5610 1316 5657; x_wconf 91' lang='lat' dir='ltr'><strong>tum</strong></span> <span class='ocrx_word' id='word_1_676' title='bbox 1353 5603 1407 5656; x_wconf 94' lang='lat' dir='ltr'><strong>in</strong></span> <span class='ocrx_word' id='word_1_677' title='bbox 1443 5604 1674 5672; x_wconf 84' lang='lat' dir='ltr'><strong>privatis</strong></span> <span class='ocrx_word' id='word_1_678' title='bbox 1710 5612 1822 5658; x_wconf 91' lang='lat' dir='ltr'><strong>tum</strong></span> <span class='ocrx_word' id='word_1_679' title='bbox 1859 5603 1911 5656; x_wconf 94' lang='lat' dir='ltr'><strong>in</strong></span> <span class='ocrx_word' id='word_1_680' title='bbox 1944 5618 2094 5658; x_wconf 85' lang='lat' dir='ltr'><strong>com-</strong></span> 
     </span>
    </p>
   </div>
   <div class='ocr_carea' id='block_1_100' title="bbox 523 5689 1627 5748">
    <p class='ocr_par' dir='ltr' id='par_1_100' title="bbox 523 5689 1627 5748">
     <span class='ocr_line' id='line_1_100' title="bbox 523 5689 1627 5748; baseline 0.007 -11"><span class='ocrx_word' id='word_1_681' title='bbox 523 5689 779 5742; x_wconf 88' lang='lat' dir='ltr'><strong>munibus</strong></span> <span class='ocrx_word' id='word_1_682' title='bbox 805 5690 1085 5743; x_wconf 89' lang='lat' dir='ltr'><strong>hominum</strong></span> <span class='ocrx_word' id='word_1_683' title='bbox 1117 5692 1627 5748; x_wconf 85' lang='lat' dir='ltr'><strong>consuetudinibus.</strong></span> 
     </span>
    </p>
   </div>
   <div class='ocr_carea' id='block_1_101' title="bbox 592 5774 2093 5855">
    <p class='ocr_par' dir='ltr' id='par_1_101' title="bbox 592 5774 2093 5855">
     <span class='ocr_line' id='line_1_101' title="bbox 592 5774 2093 5855; baseline 0.011 -32"><span class='ocrx_word' id='word_1_684' title='bbox 592 5774 681 5827; x_wconf 71' lang='grc'><strong>45,</strong></span> <span class='ocrx_word' id='word_1_685' title='bbox 722 5776 905 5845; x_wconf 79' lang='lat' dir='ltr'><strong>Neque</strong></span> <span class='ocrx_word' id='word_1_686' title='bbox 935 5781 1344 5846; x_wconf 84' lang='lat' dir='ltr'><strong>contentiosus,</strong></span> <span class='ocrx_word' id='word_1_687' title='bbox 1377 5798 1553 5851; x_wconf 83' lang='lat' dir='ltr'><strong>neque</strong></span> <span class='ocrx_word' id='word_1_688' title='bbox 1595 5785 1885 5849; x_wconf 83' lang='lat' dir='ltr'><strong>curiosus,</strong></span> <span class='ocrx_word' id='word_1_689' title='bbox 1916 5798 2093 5855; x_wconf 89' lang='lat' dir='ltr'><strong>neque</strong></span> 
     </span>
    </p>
   </div>
   <div class='ocr_carea' id='block_1_102' title="bbox 2197 4593 3779 4669">
    <p class='ocr_par' dir='ltr' id='par_1_102' title="bbox 2197 4593 3779 4669">
     <span class='ocr_line' id='line_1_102' title="bbox 2197 4593 3779 4669; baseline 0.006 -24"><span class='ocrx_word' id='word_1_690' title='bbox 2197 4608 2287 4645; x_wconf 90' lang='grc' dir='ltr'><strong>νον</strong></span> <span class='ocrx_word' id='word_1_691' title='bbox 2344 4595 2470 4663; x_wconf 82' lang='grc' dir='ltr'><strong>περί</strong></span> <span class='ocrx_word' id='word_1_692' title='bbox 2509 4593 2605 4665; x_wconf 84' lang='grc' dir='ltr'><strong>τὴν</strong></span> <span class='ocrx_word' id='word_1_693' title='bbox 2639 4593 2917 4663; x_wconf 82' lang='grc' dir='ltr'><strong>ἀλήθειαν.</strong></span> <span class='ocrx_word' id='word_1_694' title='bbox 2952 4596 3097 4665; x_wconf 80' lang='grc' dir='ltr'><strong>Πλὴν</strong></span> <span class='ocrx_word' id='word_1_695' title='bbox 3130 4597 3257 4650; x_wconf 81' lang='grc' dir='ltr'><strong>ὅσον</strong></span> <span class='ocrx_word' id='word_1_696' title='bbox 3314 4600 3620 4669; x_wconf 82' lang='grc' dir='ltr'><strong>συμφέρειν</strong></span> <span class='ocrx_word' id='word_1_697' title='bbox 3653 4602 3779 4654; x_wconf 78' lang='grc' dir='ltr'><strong>οὐδὲ</strong></span> 
     </span>
    </p>
   </div>
   <div class='ocr_carea' id='block_1_103' title="bbox 2199 4683 3780 4759">
    <p class='ocr_par' dir='ltr' id='par_1_103' title="bbox 2199 4683 3780 4759">
     <span class='ocr_line' id='line_1_103' title="bbox 2199 4683 3780 4759; baseline 0.006 -24"><span class='ocrx_word' id='word_1_698' title='bbox 2199 4684 2605 4753; x_wconf 69' lang='grc' dir='ltr'><strong>ὲπιψεύδεσθαι,</strong></span> <span class='ocrx_word' id='word_1_699' title='bbox 2646 4684 2788 4738; x_wconf 83' lang='grc' dir='ltr'><strong>ὣστε</strong></span> <span class='ocrx_word' id='word_1_700' title='bbox 2841 4687 2918 4749; x_wconf 82' lang='grc' dir='ltr'><strong>είς</strong></span> <span class='ocrx_word' id='word_1_701' title='bbox 2950 4687 3079 4739; x_wconf 83' lang='grc' dir='ltr'><strong>ἄλλο</strong></span> <span class='ocrx_word' id='word_1_702' title='bbox 3122 4683 3255 4757; x_wconf 77' lang='grc' dir='ltr'><strong>ἦθος</strong></span> <span class='ocrx_word' id='word_1_703' title='bbox 3296 4691 3632 4759; x_wconf 82' lang='grc' dir='ltr'><strong>μεταστῆσαι</strong></span> <span class='ocrx_word' id='word_1_704' title='bbox 3680 4694 3780 4746; x_wconf 79' lang='grc' dir='ltr'><strong>καὶ</strong></span> 
     </span>
    </p>
   </div>
   <div class='ocr_carea' id='block_1_104' title="bbox 2198 4780 3890 4858">
    <p class='ocr_par' dir='ltr' id='par_1_104' title="bbox 2198 4780 3890 4858">
     <span class='ocr_line' id='line_1_104' title="bbox 2198 4780 3890 4858; baseline 0.007 -27"><span class='ocrx_word' id='word_1_705' title='bbox 2198 4780 2417 4848; x_wconf 76' lang='grc' dir='ltr'><strong>κινῆσαι</strong></span> <span class='ocrx_word' id='word_1_706' title='bbox 2460 4781 2558 4844; x_wconf 76' lang='grc' dir='ltr'><strong>τὰς</strong></span> <span class='ocrx_word' id='word_1_707' title='bbox 2604 4782 2711 4835; x_wconf 83' lang='grc' dir='ltr'><strong>τῶν</strong></span> <span class='ocrx_word' id='word_1_708' title='bbox 2756 4784 3065 4837; x_wconf 83' lang='grc' dir='ltr'><strong>ἀκουόντων</strong></span> <span class='ocrx_word' id='word_1_709' title='bbox 3116 4786 3296 4855; x_wconf 74' lang='grc' dir='ltr'><strong>ψυχάς</strong></span> <span class='ocrx_word' id='word_1_710' title='bbox 3336 4789 3625 4858; x_wconf 83' lang='grc' dir='ltr'><strong>χρήσιμον,</strong></span> <span class='ocrx_word' id='word_1_711' title='bbox 3684 4788 3781 4841; x_wconf 80' lang='grc' dir='ltr'><strong>καὶ</strong></span> <span class='ocrx_word' id='word_1_712' title='bbox 3873 4798 3890 4812; x_wconf 81' lang='grc'>⁸</span> 
     </span>
    </p>
   </div>
   <div class='ocr_carea' id='block_1_105' title="bbox 2201 4874 3491 4950">
    <p class='ocr_par' dir='ltr' id='par_1_105' title="bbox 2201 4874 3491 4950">
     <span class='ocr_line' id='line_1_105' title="bbox 2201 4874 3491 4950; baseline 0.006 -25"><span class='ocrx_word' id='word_1_713' title='bbox 2201 4874 2442 4943; x_wconf 76' lang='grc' dir='ltr'><strong>βελτίους</strong></span> <span class='ocrx_word' id='word_1_714' title='bbox 2462 4876 2684 4944; x_wconf 78' lang='grc' dir='ltr'><strong>ποιῆσαι</strong></span> <span class='ocrx_word' id='word_1_715' title='bbox 2720 4876 2857 4943; x_wconf 83' lang='grc' dir='ltr'><strong>πρὸς</strong></span> <span class='ocrx_word' id='word_1_716' title='bbox 2886 4877 2977 4929; x_wconf 82' lang='grc' dir='ltr'><strong>τὸν</strong></span> <span class='ocrx_word' id='word_1_717' title='bbox 3009 4878 3253 4947; x_wconf 84' lang='grc' dir='ltr'><strong>παρόντα</strong></span> <span class='ocrx_word' id='word_1_718' title='bbox 3279 4880 3491 4950; x_wconf 73' lang='grc' dir='ltr'><strong>καιρόν.</strong></span> 
     </span>
    </p>
   </div>
   <div class='ocr_carea' id='block_1_106' title="bbox 2271 4964 3779 5042">
    <p class='ocr_par' dir='ltr' id='par_1_106' title="bbox 2271 4964 3779 5042">
     <span class='ocr_line' id='line_1_106' title="bbox 2271 4964 3779 5042; baseline 0.005 -23"><span class='ocrx_word' id='word_1_719' title='bbox 2271 4964 2385 5037; x_wconf 87' lang='grc' dir='ltr'><strong>μα’.</strong></span> <span class='ocrx_word' id='word_1_720' title='bbox 2420 4967 2555 5038; x_wconf 79' lang='grc' dir='ltr'><strong>Περὶ</strong></span> <span class='ocrx_word' id='word_1_721' title='bbox 2590 4968 2646 5020; x_wconf 81' lang='grc' dir='ltr'><strong>δὲ</strong></span> <span class='ocrx_word' id='word_1_722' title='bbox 2692 4970 2820 5031; x_wconf 80' lang='grc' dir='ltr'><strong>τοὺς</strong></span> <span class='ocrx_word' id='word_1_723' title='bbox 2849 4970 2908 5021; x_wconf 86' lang='grc' dir='ltr'><strong>ὲν</strong></span> <span class='ocrx_word' id='word_1_724' title='bbox 2951 4972 3070 5032; x_wconf 85' lang='grc' dir='ltr'><strong>ταῖς</strong></span> <span class='ocrx_word' id='word_1_725' title='bbox 3102 4970 3304 5039; x_wconf 87' lang='grc' dir='ltr'><strong>μάχαις</strong></span> <span class='ocrx_word' id='word_1_726' title='bbox 3336 4971 3779 5042; x_wconf 78' lang='grc' dir='ltr'><strong>ἀποθνήσκοντας</strong></span> 
     </span>
    </p>
   </div>
   <div class='ocr_carea' id='block_1_107' title="bbox 2200 5060 3775 5132">
    <p class='ocr_par' dir='ltr' id='par_1_107' title="bbox 2200 5060 3775 5132">
     <span class='ocr_line' id='line_1_107' title="bbox 2200 5060 3775 5132; baseline 0.003 -21"><span class='ocrx_word' id='word_1_727' title='bbox 2200 5060 2625 5131; x_wconf 79' lang='grc' dir='ltr'><strong>μεγαλοπρεπὴς</strong></span> <span class='ocrx_word' id='word_1_728' title='bbox 2657 5061 2839 5128; x_wconf 73' lang='grc' dir='ltr'><strong>γενοῦ,</strong></span> <span class='ocrx_word' id='word_1_729' title='bbox 2875 5062 2970 5114; x_wconf 75' lang='grc' dir='ltr'><strong>καὶ</strong></span> <span class='ocrx_word' id='word_1_730' title='bbox 3002 5062 3304 5131; x_wconf 79' lang='grc' dir='ltr'><strong>φιλότιμος,</strong></span> <span class='ocrx_word' id='word_1_731' title='bbox 3335 5062 3428 5115; x_wconf 78' lang='grc' dir='ltr'><strong>καὶ</strong></span> <span class='ocrx_word' id='word_1_732' title='bbox 3463 5062 3775 5132; x_wconf 76' lang='grc' dir='ltr'><strong>τιμητικὸς,</strong></span> 
     </span>
    </p>
   </div>
   <div class='ocr_carea' id='block_1_108' title="bbox 2198 5151 3777 5223">
    <p class='ocr_par' dir='ltr' id='par_1_108' title="bbox 2198 5151 3777 5223">
     <span class='ocr_line' id='line_1_108' title="bbox 2198 5151 3777 5223; baseline 0.001 -20"><span class='ocrx_word' id='word_1_733' title='bbox 2198 5151 2432 5220; x_wconf 85' lang='grc' dir='ltr'><strong>μάλιστα</strong></span> <span class='ocrx_word' id='word_1_734' title='bbox 2481 5154 2609 5223; x_wconf 73' lang='grc' dir='ltr'><strong>περὶ</strong></span> <span class='ocrx_word' id='word_1_735' title='bbox 2661 5156 2786 5216; x_wconf 74' lang='grc' dir='ltr'><strong>τοὺς</strong></span> <span class='ocrx_word' id='word_1_736' title='bbox 2831 5153 3071 5219; x_wconf 71' lang='grc' dir='ltr'><strong>ἀγαθοὺς</strong></span> <span class='ocrx_word' id='word_1_737' title='bbox 3108 5153 3327 5221; x_wconf 75' lang='grc' dir='ltr'><strong>ἄνδρας,</strong></span> <span class='ocrx_word' id='word_1_738' title='bbox 3375 5154 3537 5219; x_wconf 80' lang='grc' dir='ltr'><strong>δόξαν</strong></span> <span class='ocrx_word' id='word_1_739' title='bbox 3591 5154 3777 5217; x_wconf 87' lang='grc' dir='ltr'><strong>αὐτοῖς</strong></span> 
     </span>
    </p>
   </div>
   <div class='ocr_carea' id='block_1_109' title="bbox 2193 5241 3775 5313">
    <p class='ocr_par' dir='ltr' id='par_1_109' title="bbox 2193 5241 3775 5313">
     <span class='ocr_line' id='line_1_109' title="bbox 2193 5241 3775 5313; baseline 0.001 -19"><span class='ocrx_word' id='word_1_740' title='bbox 2193 5241 2278 5294; x_wconf 79' lang='grc' dir='ltr'><strong>διὰ</strong></span> <span class='ocrx_word' id='word_1_741' title='bbox 2301 5242 2393 5294; x_wconf 82' lang='grc' dir='ltr'><strong>τοῦ</strong></span> <span class='ocrx_word' id='word_1_742' title='bbox 2431 5242 2779 5313; x_wconf 75' lang='grc' dir='ltr'><strong>μακαρισμοῦ</strong></span> <span class='ocrx_word' id='word_1_743' title='bbox 2810 5244 3027 5312; x_wconf 78' lang='grc' dir='ltr'><strong>καὶτῆς</strong></span> <span class='ocrx_word' id='word_1_744' title='bbox 3057 5243 3279 5313; x_wconf 81' lang='grc' dir='ltr'><strong>ἐντίμου</strong></span> <span class='ocrx_word' id='word_1_745' title='bbox 3306 5244 3485 5313; x_wconf 79' lang='grc' dir='ltr'><strong>ταφῆς</strong></span> <span class='ocrx_word' id='word_1_746' title='bbox 3517 5259 3775 5313; x_wconf 69' lang='grc' dir='ltr'><strong>περιποιο</strong></span> 
     </span>
    </p>
   </div>
   <div class='ocr_carea' id='block_1_110' title="bbox 2193 5332 2441 5401">
    <p class='ocr_par' dir='ltr' id='par_1_110' title="bbox 2193 5332 2441 5401">
     <span class='ocr_line' id='line_1_110' title="bbox 2193 5332 2441 5401; baseline 0.012 -18"><span class='ocrx_word' id='word_1_747' title='bbox 2193 5332 2252 5383; x_wconf 88' lang='grc' dir='ltr'><strong>ού</strong></span> <span class='ocrx_word' id='word_1_748' title='bbox 2263 5349 2419 5401; x_wconf 85' lang='grc' dir='ltr'><strong>μενος</strong></span> <span class='ocrx_word' id='word_1_749' title='bbox 2430 5373 2441 5386; x_wconf 94' lang='grc'><strong>.</strong></span> 
     </span>
    </p>
   </div>
   <div class='ocr_carea' id='block_1_111' title="bbox 2266 5423 3777 5495">
    <p class='ocr_par' dir='ltr' id='par_1_111' title="bbox 2266 5423 3777 5495">
     <span class='ocr_line' id='line_1_111' title="bbox 2266 5423 3777 5495; baseline -0.002 -17"><span class='ocrx_word' id='word_1_750' title='bbox 2266 5423 2373 5493; x_wconf 66' lang='grc' dir='ltr'><strong>μ.βῖ</strong></span> <span class='ocrx_word' id='word_1_751' title='bbox 2413 5425 2533 5478; x_wconf 83' lang='grc' dir='ltr'><strong>Τῶν</strong></span> <span class='ocrx_word' id='word_1_752' title='bbox 2583 5426 2878 5479; x_wconf 86' lang='grc' dir='ltr'><strong>νοσούντων</strong></span> <span class='ocrx_word' id='word_1_753' title='bbox 2914 5425 3333 5495; x_wconf 74' lang='grc' dir='ltr'><strong>θεραπευτικὸς,</strong></span> <span class='ocrx_word' id='word_1_754' title='bbox 3390 5426 3519 5495; x_wconf 74' lang='grc' dir='ltr'><strong>περὶ</strong></span> <span class='ocrx_word' id='word_1_755' title='bbox 3549 5424 3676 5485; x_wconf 81' lang='grc' dir='ltr'><strong>τοὺς</strong></span> <span class='ocrx_word' id='word_1_756' title='bbox 3710 5424 3777 5475; x_wconf 84' lang='grc' dir='ltr'><strong>ἀ-</strong></span> 
     </span>
    </p>
   </div>
   <div class='ocr_carea' id='block_1_112' title="bbox 2192 5514 3775 5586">
    <p class='ocr_par' dir='ltr' id='par_1_112' title="bbox 2192 5514 3775 5586">
     <span class='ocr_line' id='line_1_112' title="bbox 2192 5514 3775 5586; baseline -0.001 -19"><span class='ocrx_word' id='word_1_757' title='bbox 2192 5515 2388 5584; x_wconf 81' lang='grc' dir='ltr'><strong>πόρους</strong></span> <span class='ocrx_word' id='word_1_758' title='bbox 2414 5517 2643 5586; x_wconf 79' lang='grc' dir='ltr'><strong>εῠπορος</strong></span> <span class='ocrx_word' id='word_1_759' title='bbox 2665 5522 2729 5572; x_wconf 81' lang='grc' dir='ltr'><strong>ὲκ</strong></span> <span class='ocrx_word' id='word_1_760' title='bbox 2756 5518 2864 5571; x_wconf 81' lang='grc' dir='ltr'><strong>τῶν</strong></span> <span class='ocrx_word' id='word_1_761' title='bbox 2896 5518 3063 5580; x_wconf 85' lang='grc' dir='ltr'><strong>ἰδίων,</strong></span> <span class='ocrx_word' id='word_1_762' title='bbox 3084 5518 3410 5586; x_wconf 80' lang='grc' dir='ltr'><strong>,ἀφιλόδοξος</strong></span> <span class='ocrx_word' id='word_1_763' title='bbox 3440 5516 3494 5569; x_wconf 85' lang='grc' dir='ltr'><strong>δὲ</strong></span> <span class='ocrx_word' id='word_1_764' title='bbox 3510 5517 3604 5569; x_wconf 72' lang='grc' dir='ltr'><strong>καὶ</strong></span> <span class='ocrx_word' id='word_1_765' title='bbox 3617 5514 3775 5569; x_wconf 67' lang='grc' dir='ltr'><strong>ἔλευ-</strong></span> 
     </span>
    </p>
   </div>
   <div class='ocr_carea' id='block_1_113' title="bbox 2192 5606 3773 5678">
    <p class='ocr_par' dir='ltr' id='par_1_113' title="bbox 2192 5606 3773 5678">
     <span class='ocr_line' id='line_1_113' title="bbox 2192 5606 3773 5678; baseline 0 -21"><span class='ocrx_word' id='word_1_766' title='bbox 2192 5606 2373 5676; x_wconf 77' lang='grc' dir='ltr'><strong>θέριος</strong></span> <span class='ocrx_word' id='word_1_767' title='bbox 2406 5608 2465 5659; x_wconf 79' lang='grc' dir='ltr'><strong>ὲν</strong></span> <span class='ocrx_word' id='word_1_768' title='bbox 2490 5611 2608 5671; x_wconf 86' lang='grc' dir='ltr'><strong>ταῖς</strong></span> <span class='ocrx_word' id='word_1_769' title='bbox 2636 5608 2796 5672; x_wconf 86' lang='grc' dir='ltr'><strong>ἰδίαις</strong></span> <span class='ocrx_word' id='word_1_770' title='bbox 2815 5610 2909 5661; x_wconf 70' lang='grc' dir='ltr'><strong>καὶ</strong></span> <span class='ocrx_word' id='word_1_771' title='bbox 2934 5610 2993 5659; x_wconf 81' lang='grc' dir='ltr'><strong>ὲν</strong></span> <span class='ocrx_word' id='word_1_772' title='bbox 3021 5610 3140 5671; x_wconf 81' lang='grc' dir='ltr'><strong>ταῖς</strong></span> <span class='ocrx_word' id='word_1_773' title='bbox 3166 5611 3318 5678; x_wconf 86' lang='grc' dir='ltr'><strong>κοινῇ</strong></span> <span class='ocrx_word' id='word_1_774' title='bbox 3342 5606 3773 5676; x_wconf 82' lang='grc' dir='ltr'><strong>συνερχομέναις</strong></span> 
     </span>
    </p>
   </div>
   <div class='ocr_carea' id='block_1_114' title="bbox 2187 5698 2447 5768">
    <p class='ocr_par' dir='ltr' id='par_1_114' title="bbox 2187 5698 2447 5768">
     <span class='ocr_line' id='line_1_114' title="bbox 2187 5698 2447 5768; baseline 0.008 -18"><span class='ocrx_word' id='word_1_775' title='bbox 2187 5698 2447 5768; x_wconf 80' lang='grc' dir='ltr'><strong>ὁμιλίαις.</strong></span> 
     </span>
    </p>
   </div>
   <div class='ocr_carea' id='block_1_115' title="bbox 2264 5784 3769 5862">
    <p class='ocr_par' dir='ltr' id='par_1_115' title="bbox 2264 5784 3769 5862">
     <span class='ocr_line' id='line_1_115' title="bbox 2264 5784 3769 5862; baseline -0.006 -17"><span class='ocrx_word' id='word_1_776' title='bbox 2264 5784 2489 5857; x_wconf 80' lang='grc' dir='ltr'><strong>μγ’.Μὴ</strong></span> <span class='ocrx_word' id='word_1_777' title='bbox 2535 5787 2752 5861; x_wconf 81' lang='grc' dir='ltr'><strong>δύσερις</strong></span> <span class='ocrx_word' id='word_1_778' title='bbox 2809 5789 3060 5858; x_wconf 76' lang='grc' dir='ltr'><strong>ύτιὲιρχῃς</strong></span> <span class='ocrx_word' id='word_1_779' title='bbox 3133 5788 3271 5857; x_wconf 79' lang='grc' dir='ltr'><strong>μηδὲ</strong></span> <span class='ocrx_word' id='word_1_780' title='bbox 3332 5785 3769 5862; x_wconf 71' lang='grc' dir='ltr'><strong>πολυπράγμων,</strong></span> 
     </span>
    </p>
   </div>
  </div>
