4120 6444
376 368 523 434 1085

1589 368 1925 428 TACTICA.
1959 393 2025 402 ——
2057 368 2457 431 EPILOGUS.
2532 356 2537 369 ’

3509 382 3646 444 1086

372 482 509 557 μηδέ
543 479 859 548 πολύλογος,
894 480 959 549 τῇ
991 478 1049 532 δὲ
1081 477 1267 548 ἐσθῆτι
1301 475 1539 547 μέτριος,
1566 478 1662 530 καὶ¹
1690 478 1768 549 τῷ
1813 479 1949 549 σχή-

2065 479 2278 547 loquax.
2311 478 2550 547 Vestitu,
2604 479 2819 546 habitu,
2860 482 3081 539 incessu
3118 486 3469 555 moderatus;
3505 490 3646 545 invi-

372 594 523 647 ματι,
560 571 748 641 καὶτῷ
771 570 1086 641 βαδίσματι.
1137 571 1247 623 Kal
1284 569 1488 640 μᾶλλον
1520 569 1631 622 τῶν
1658 569 1834 623 ἄλλων
1886 570 1949 622 τὸ

366 666 724 732 ἀνεπίφθονον
778 662 1192 733 παραφύλαττε,
1225 661 1364 714 ὥστε
1423 662 1501 733 μὴ
1550 661 1947 731 δάκνεσθαιτῷ

366 759 547 829 φθόνῳ
593 756 723 827 περὶ
791 754 918 816 τοὺς
982 756 1391 823 συστρατήγους
1429 771 1480 805 τι
1525 751 1946 823 κατορθοῦντας,

365 848 503 903 ἀλλὰ
542 844 739 915 ζηλοῦν
770 844 973 915 μᾶλλον
1033 842 1128 898 καὶ
1178 842 1461 914 μιμεῖσθαι
1494 843 1590 897 καὶ¹
1648 840 1949 909 συναγωνίο

365 942 557 1007 ζεσθαι
578 942 690 1004 τοῖς
725 936 1179 1011 στρατευομένοις
1208 936 1345 1007 προς
1378 935 1593 989 ἅπαντα
1618 936 1686 987 τὰ
1736 933 1947 1004 συμφέ-

370 1053 550 1108 ροντα.

441 1125 544 1197 μδκ
572 1123 664 1195 Τῷ
693 1124 750 1177 δὲ
784 1120 975 1192 ἀγαθῷ
1010 1120 1304 1192 στρατηγῷ
1331 1118 1490 1191 χρέος
1513 1118 1659 1173 ἐστὶν
1686 1116 1821 1187 προς
1839 1116 1948 1169 πᾶν

366 1218 518 1281 ἔθνος
535 1219 569 1271 ά
576 1236 604 1289 ρ
611 1215 914 1287 μοζομένῳ,
934 1213 1224 1285 διαφόρους
1242 1212 1377 1284 πρὸς
1394 1206 1624 1266 ἕκαστον
1638 1210 1735 1273 τὰς
1750 1225 1949 1281 στρατ-

364 1309 526 1378 ηγίας
550 1305 903 1359 ἐπινοεῖσθαι.

443 1562 546 1638 με’.
577 1566 639 1623 Εἰ
669 1567 727 1621 δέ
758 1579 887 1622 ποτε
921 1569 1015 1623 καὶ
1049 1567 1349 1639 ναυαρχίας
1403 1567 1780 1637 ἐπιστήσεται,
1813 1566 1951 1622 ami-

372 1677 569 1729 μαντον
601 1658 691 1730 τὴν
719 1658 813 1712 τοῦ
849 1659 1037 1712 στόλου
1084 1659 1237 1724 τάξιν
1277 1660 1616 1730 διαφυλάξει,
1668 1660 1953 1730 ἐμπείρως

2056 570 2199 624 diam
2233 586 2296 625 ex
2330 572 2583 625 omnibus
2614 572 2781 627 rebus
2810 587 3024 630 summe
3051 575 3257 643 devita,
3292 593 3471 648 neque
3500 580 3648 635 mili—

2055 660 2205 715 tibus
2254 670 2477 716 strenue
2530 678 2645 718 rem
2697 664 2936 734 aliquam
2968 670 3291 737 gerentibus
3319 686 3383 726 ea
3416 680 3469 727 te
3504 688 3654 726 mor-

2054 755 2201 817 deat,
2239 754 2337 809 sed
2383 756 2569 811 laudes
2599 771 2695 811 eos
2727 758 2911 826 potius
2939 766 2993 813 et
3020 760 3291 829 imiteris,
3328 774 3383 820 et
3418 765 3649 835 adiuves

2056 846 2122 902 ad
2157 849 2384 905 honesta
2415 849 2600 905 omnia
2630 850 3007 922 suscipienda.
3036 850 3041 853 ’

2122 1110 2212 1167 44.
2255 1101 2715 1183 Unumquemque
2750 1112 3139 1186 imperatorem
3186 1135 3288 1190 par
3332 1129 3421 1177 est
3448 1123 3644 1180 adven

2052 1198 2344 1262 sus'nllam
2380 1208 2655 1262 nationem
2684 1209 2888 1264 bellum
2925 1212 3313 1282 suscipientem
3333 1257 3348 1279 ,
3380 1217 3645 1285 c0gitare,

2049 1306 2107 1353 et
2128 1312 2483 1367 cognoscere,
2520 1315 2770 1368 quaenam
2807 1300 2977 1355 forma
3024 1303 3159 1358 aciei
3195 1304 3413 1359 illorum
3464 1307 3557 1373 sit,
3590 1319 3647 1362 et

2051 1389 2255 1460 quibus
2305 1390 2651 1459 potissimum
2723 1391 2977 1449 artificiis
3036 1396 3644 1468 machinationibusque

2053 1480 2109 1537 in
2147 1476 2290 1538 bello
2322 1492 2577 1539 utuntur.

2122 1576 2213 1631 45.
2258 1577 2354 1631 Sin
2394 1578 2572 1631 navali
2622 1578 2793 1634 classi
2843 1579 3194 1649 praeficiatur,
3229 1582 3534 1651 provideat,
3584 1592 3646 1639 ut

2053 1683 2122 1726 ne
2164 1669 2362 1726 classis
2396 1670 2676 1740 aliquibus
2716 1671 2821 1725 sali
2854 1673 3278 1741 tempestatibus
3299 1674 3558 1739 iactetur,
3590 1684 3648 1728 ct

369 1751 507 1821 ἔχων
544 1749 645 1821 τῆς
674 1750 768 1803 τοῦ
804 1750 965 1821 ἀέρος
1019 1752 1212 1821 φορᾶς,
1271 1752 1365 1804 καὶ
1413 1752 1511 1816 τὰς
1544 1751 1805 1822 οὐραγίας
1833 1748 1947 1821 (70)

2065 1771 2349 1828 astrorum,
2384 1762 2640 1832 aerisque
2674 1771 2855 1819 motus
2881 1763 3154 1819 observet.
3192 1765 3396 1819 Ultima
3426 1766 3644 1835 agmina

366 1842 447 1907 δὲ,
479 1842 598 1911 ἦτοι
622 1841 750 1904 τούς
769 1840 1222 1911 ὀπισθοφύλακας
1249 1842 1528 1905 εὐτάκτως
1564 1842 1839 1910 συνάγειν,
1867 1842 1956 1896 ἵνα

2065 1854 2278 1920 classis,
2298 1863 2396 1909 aut
2421 1854 2557 1910 aciei
2586 1854 2839 1910 ordinate
2862 1853 2930 1909 ad
2961 1870 3022 1909 se
3047 1856 3293 1926 colligat,
3310 1872 3378 1911 ne
3404 1857 3649 1911 locorum

374 1935 449 2005 μὴ
476 1933 579 1987 ὐπὸ
606 1933 795 1997 τόπου,
821 1934 854 2003 ἢ
889 1933 994 1985 ὐπὸ
1018 1932 1189 2003 ζάλης
1235 1932 1551 1997 θαλαττίας,
1601 1934 1633 2004 ἢ
1661 1933 1766 1987 ὐπὸ
1795 1933 1956 1988 πολε-

375 2024 513 2095 μίων
531 2022 968 2093 ἀναγκαζόμενοι
987 2022 1315 2093 φθείροιντο.

447 2114 564 2186 μς’.
592 2118 685 2167 Δεῖ
706 2116 764 2169 δέ
797 2132 856 2167 σε
877 2115 1192 2184 γινώσκειν,
1222 2109 1268 2169 ὧ
1288 2116 1585 2187 στρατηγέ,
1618 2116 1714 2169 καὶ
1742 2115 1799 2182 ἐξ
1817 2117 1958 2170 ὅσων

371 2207 589 2277 τρόπων
610 2207 662 2258 al
700 2206 869 2276 μάχαι
893 2206 1355 2262 συνάπτονται.Ἢ
1386 2208 1493 2276 γὰρ
1518 2209 1581 2261 ἐκ
1601 2207 1958 2279 παρατάξεως

372 2298 514 2352 κατὰ
550 2297 861 2369 πρόσωπον,
896 2298 929 2368 ἢ
977 2299 1041 2351 ἐκ
1072 2297 1488 2368 παραλογισμοῦ
1520 2300 1662 2352 κατὰ
1710 2299 1955 2369 μέθοδον,

372 2391 405 2461 ἢ
429 2390 609 2443 τόπων
632 2389 1127 2458 ἁποστερίσκοντας
1147 2389 1379 2461 ὀχυρῶν,
1402 2390 1436 2459 ἢ
1473 2390 1655 2461 χώραν
1680 2391 1737 2456 ἐξ
1768 2390 1958 2460 ἐφόδου

373 2481 713 2552 φθείροντας,
745 2480 779 2550 ἢ
805 2480 1203 2551 δενδροτομίας,
1228 2480 1261 2552 ἢ
1284 2481 1649 2552 σιτοφθορίας,
1678 2481 1710 2551 ἢ
1735 2478 1961 2550 δώματα

374 2574 853 2646 ἐμπυρίζοντας,ἧ
882 2572 1298 2645 λεηλατοῦντας,
1329 2570 1956 2643 ἦαίχμαλωτίζοντας,ἥ

375 2662 583 2716 ὑδάτων
643 2661 1114 2735 ἀποστεροῦντας,
1165 2662 1199 2733 ἢ
1253 2661 1314 2726 ἐξ
1372 2661 1595 2733 ἐνέδρας
1652 2660 1960 2732 ἐπερχομέ-

373 2771 515 2818 νους.

451 2933 555 3005 μζῖ
601 2933 970 2987 Συνάπτονται
1025 2932 1081 2985 δὲ
1131 2935 1187 2986 αἱ
1228 2931 1402 3003 μάχαι
1434 2934 1499 2984 ἐκ
1539 2932 1769 2995 τούτων,
1831 2930 1960 2982 ὅταν

377 3027 658 3098 αἰφνιδίως
688 3026 883 3096 ἐπιστῇ
930 3026 1247 3096 στράτευμα
1290 3021 1681 3093 στρατεύματι,
1727 3022 1956 3089 καὶσπο-

376 3120 551 3189 ταμὺν
591 3117 922 3171 διαϐαίνοντι
964 3116 1041 3186 τῷ
1094 3115 1334 3186 πολεμίῳ
1403 3116 1715 3177 συνάπτειν,
1753 3113 1849 3166 καὶ
1886 3112 1961 3175 ὡς

391 3211 614 3286 στενούς
649 3209 848 3271 τόπους
876 3207 934 3275 ἐξ
965 3207 1305 3278 εὐρυχωρίας
1334 3203 1841 3276 μεταλλασσομένῳ,
1870 3206 1962 3257 καὶ

382 3304 492 3357 ἀπὸ
519 3302 721 3355 στενῶν
747 3302 928 3354 τόπων
957 3297 1409 3370 είςέὐρυχωρίαν
1438 3296 1844 3366 καθισταμένῳ,
1873 3296 1966 3349 καί⁵

382 3396 551 3467 μήπω
579 3391 1015 3463 συντεταγμένῳ.
1037 3392 1146 3446 Kal
1170 3390 1295 3444 ὅταν
1322 3388 1633 3461 μεταλλαγῇ
1654 3388 1765 3460 (7|)
1793 3387 1965 3457 ἁθρόα

380 3487 475 3540 τοῦ
503 3484 771 3555 στρατοῦν
797 3482 906 3536 τῶν
942 3481 1217 3553 πολεμίων
1272 3481 1525 3551 γένηται,
1564 3479 1660 3532 καὶ
1718 3479 1848 3575 ὅταν
1908 3479 1965 3530 ἐν

381 3579 569 3641 τόποις
603 3574 1042 3630 κατακλεισθῶσι
1070 3573 1545 3641 δυσδιεξοδεύτοις,
1573 3575 1668 3625 καὶ
1693 3568 1822 3624 ὅταν
1851 3568 1961 3623 τῶν

386 3672 704 3739 ἀναγκαίων
730 3669 1107 3741 άπορήσωσιν,
1144 3667 1238 3721 καὶ
1266 3668 1395 3721 ὅταν
1418 3667 1498 3729 είς
1526 3665 1679 3719 νόσον
1716 3663 1776 3717 τὸ
1802 3661 1967 3733 στρά-

385 3780 563 3834 τευμα
585 3762 695 3816 τῶν
722 3762 983 3817 ἐναντίων
1012 3760 1253 3831 ἐμπέσῃ,
1287 3758 1380 3813 καὶ
1402 3760 1533 3813 ὅταν
1562 3757 1667 3811 ὑπὸ
1698 3756 1967 3827 χειμῶνος

387 3853 716 3925 παραλόγως
764 3852 1191 3925 ὲνοχληθῶσινῆ
1231 3850 1663 3921 ἐναπολειφθῶσι
1708 3850 1962 3921 χειμῶνι,

386 3949 480 4000 καὶ
509 3947 640 3999 ὅταν
661 3945 770 3999 ἀπὸ
798 3944 906 3998 τῶν
930 3944 1210 4016 ήμερινῶν
1244 3944 1421 3997 πόνων
1444 3944 1513 3998 τὰ
1541 3940 1770 4013 σώματα
1798 3942 1966 3995 κατά-

386 4056 548 4093 κοποι
593 4039 878 4108 γενόμενοι
927 4037 1105 4092 άσιτοί
1171 4039 1276 4090 εἱσι
1308 4037 1409 4089 καὶ
1462 4035 1841 4107 νηστεύοντες.
1896 4035 1967 4087 Ἢ

387 4130 612 4201 πορείας
645 4130 865 4201 μακρᾶς
897 4127 1243 4199 ἐμπεσούσης
1287 4127 1381 4181 καὶ
1424 4127 1593 4190 κόπος
1616 4126 1725 4180 τῶν
1758 4126 1968 4194 ἀλόγων

388 4224 482 4276 καὶ
506 4222 718 4291 ἀνδρῶν
765 4223 1016 4292 γένηται,
1042 4222 1075 4291 ἢ
1117 4222 1246 4276 ὅταν
1283 4222 1555 4293 ἄγρυπνοι
1582 4220 1849 4289 γένωνται
1881 4219 1971 4273 διά

388 4332 544 4380 τινας
570 4315 769 4379 αἰτίας.
816 4316 904 4369 Ἐν
933 4314 990 4367 δέ
1022 4316 1129 4379 τοῖς
1165 4316 1442 4376 ναυτικοῖς
1473 4314 1643 4384 μάχαι
1669 4313 1969 4365 συνάπτον-

386 4424 478 4461 ται
510 4408 543 4479 ἢ
574 4410 703 4463 ὅταν
742 4410 793 4461 oi.
835 4408 1086 4477 πολέμιοι
1139 4407 1557 4476 ναυαγήσωσιν,
1603 4404 1636 4475 ἦ
1690 4405 1817 4460 ὅταν
1862 4405 1968 4459 ὑπὸ

389 4501 660 4572 χειμῶνος
695 4498 1212 4570 ταλαιπωρηθῶσιν.

464 4599 578 4663 μη’.
610 4594 701 4645 Δεῖ
727 4592 783 4646 δὲ
808 4592 1009 4645 εἰδέναι
1030 4591 1101 4644 τὰ
1133 4589 1357 4644 τοιαῦτα
1382 4589 1473 4642 τὸν
1503 4590 1829 4660 στρατηγὸν,
1872 4588 1967 4641 καὶ

391 4685 460 4738 τὰ
492 4686 556 4737 ἐκ
584 4683 789 4737 τούτων
820 4682 1039 4737 ἐναντία
1062 4682 1346 4753 γινόμενα,
1372 4682 1597 4751 προσέτι
1628 4680 1685 4734 δέ
1715 4681 1808 4733 καὶ
1842 4680 1966 4742 τούς

391 4777 843 4847 καταμερισμούς
864 4776 957 4829 τοῦ
982 4775 1237 4846 στρατοῦ,
1261 4774 1355 4828 καὶ
1378 4776 1475 4835 τὰς
1497 4773 1851 4844 παρατάξεις,
1875 4772 1969 4823 καὶ

396 4869 493 4928 τάς
521 4866 864 4937 παραγωγάς
888 4867 997 4921 τῶν
1022 4866 1250 4932 τάξεων,
1280 4867 1374 4919 ἵνα
1398 4865 1466 4919 δι’
1502 4866 1698 4933 ὀλίγων
1734 4863 1967 4917 πείθων-

392 4974 504 5013 ται.
541 4960 752 5013 Είδέναι
804 4959 861 5011 δὲ
901 4961 996 5013 καὶ
1050 4962 1119 5014 τὰ
1161 4960 1278 5031 εἴδη
1324 4959 1432 5013 τῶν
1466 4956 1969 5030 παραγγελμάτων.

468 5050 577 5120 μθ’.
617 5049 727 5103 Kal
773 5049 911 5121 πρὸς
958 5049 1056 5119 μὲν
1108 5051 1208 5115 τὰς
1259 5050 1720 5123 ἁπηριθμημένας
1752 5050 1973 5119 ἁπάσης

395 5140 494 5210 τῆς
528 5141 708 5212 μάχης
754 5140 1009 5204 ἐπιϐολὰς
1041 5141 1306 5211 νουνεχῶς
1335 5142 1648 5195 ἐπιϐάλλειν
1685 5157 1743 5194 σε
1789 5157 1972 5211 παραυ

397 5231 755 5303 κελευόμεθα,
787 5226 833 5285 ὦ
864 5232 1160 5303 στρατηγὲ,
1208 5231 1438 5286 καθόσον
1473 5233 1784 5303 ἐπινοήσεις
1829 5231 1973 5286 ἐνδέ-

394 5325 589 5395 χεσθαι
618 5327 716 5389 τάς
746 5328 1113 5396 ὲγχειρὴσεις,
1150 5324 1513 5394 φυλάττεσθαι
1554 5325 1611 5378 δὲ
1663 5323 1758 5377 ἀπ’
1793 5324 1971 5377 αὐτῶν

395 5417 493 5478 τὰς
517 5417 625 5470 τῶν
688 5418 963 5489 πολεμίων
1022 5416 1317 5478 ἐπιθέσεις.
1376 5418 1485 5469 Καὶ
1526 5417 1663 5488 πρὸς
1697 5417 1876 5470 πάντα
1907 5420 1976 5471 τά

396 5508 644 5575 τοιαῦτα,
685 5512 734 5563 εἰ
763 5510 905 5564 οὕτω
936 5508 1110 5581 τύχοι,
1143 5508 1486 5580 ἐμπίπτοντα
1535 5525 1593 5560 σε
1624 5509 1848 5576 φεύγειν
1874 5507 1973 5571 τὰς

396 5601 764 5676 ἐγχειρήσας·
792 5603 827 5657 δι
873 5603 982 5674 γάρ
1032 5603 1240 5674 ἑτέροις
1276 5601 1543 5673 δράσεις,
1577 5600 1644 5653 δι’
1680 5600 1860 5655 αὐτῶν
1902 5599 1973 5653 τά

2059 1945 2500 2016 importunitate,
2532 1954 2627 1999 aut
2658 1955 2980 2017 tempestate
3008 1948 3286 2003 maritima
3306 1983 3325 2015 ,
3353 1956 3449 2002 aut
3479 1947 3652 2003 hosti-

2060 2037 2165 2094 bus
2189 2052 2452 2108 oppressa
2479 2047 2725 2107 pereant.

2128 2127 2218 2183 46.
2264 2128 2722 2198 Cognoscendum
2752 2128 2852 2184 tibi
2883 2139 3144 2199 praeterea
3169 2138 3277 2194 est,
3298 2130 3503 2201 quibus
3533 2144 3655 2185 nio-

2059 2220 2146 2276 dis
2200 2221 2387 2291 praelia
2435 2221 2884 2285 committuntur,
2920 2224 3004 2277 vel
3053 2224 3107 2276 in
3162 2224 3283 2277 acie
3310 2223 3379 2279 ad
3415 2223 3650 2277 frontem

2061 2311 2350 2375 instructa,
2381 2313 2463 2367 vel
2495 2328 2560 2367 es
2588 2312 2715 2366 dolo
2742 2312 2979 2381 quadam
3016 2313 3381 2375 circuitione,
3415 2314 3497 2367 vel
3530 2313 3651 2366 loca

2061 2405 2384 2473 occupando
2432 2405 2756 2471 munitiora,
2790 2404 2872 2460 vel
2910 2406 3186 2476 regionem
3220 2405 3538 2461 incursione
3563 2402 3652 2457 di-

2062 2492 2334 2563 ripiendo,
2366 2492 2449 2559 vel
2482 2493 2629 2563 ligna
2658 2492 2923 2549 caedendo
2942 2533 2958 2560 ,
2991 2494 3076 2548 vel
3105 2494 3291 2564 fruges
3317 2493 3651 2563 populando,

2061 2583 2145 2637 vel
2174 2582 2318 2637 aedes
2348 2580 2691 2636 incendendo
2714 2619 2730 2645 ,
2774 2580 2859 2636 vel
2893 2596 3057 2653 agros
3090 2584 3392 2649 vastando,
3428 2583 3515 2636 vel
3563 2597 3655 2636 ca-

2062 2674 2241 2745 ptivos
2275 2672 2627 2737 abducendo,
2660 2662 2751 2727 vel
2801 2686 2978 2743 aquas
3020 2672 3243 2729 illorum
3290 2671 3653 2736 detrahendo,

2064 2765 2148 2820 vel
2192 2764 2405 2820 insidiis
2440 2764 2762 2831 adoriendo,
2795 2764 2937 2821 bella
2983 2779 3109 2821 cum
3160 2764 3416 2821 hostibus
3447 2779 3656 2833 gerun-

2062 2864 2174 2910 tur.

2134 2945 2222 2998 47.
2263 2942 2699 2998 Committuntur
2736 2944 2903 2998 etiam
2934 2960 3129 3014 pugna:
3149 2945 3204 3000 in
3245 2945 3411 3012 bello,
3434 2946 3655 3016 quando

2063 3034 2249 3091 subito
2308 3033 2520 3088 invadit
2580 3036 2856 3090 exercitus
2908 3036 3251 3102 exercitum,
3309 3046 3365 3091 et
3421 3037 3648 3091 fluvium

2067 3134 2445 3182 transeuntem
2480 3126 2693 3181 hostem
2728 3126 2978 3182 adoritur
3000 3166 3018 3194 ,
3058 3136 3114 3182 et
3159 3144 3191 3182 e
3225 3129 3487 3197 spatiosis
3516 3128 3654 3183 locis

2069 3224 2123 3277 in
2152 3233 2443 3291 angustum
2472 3214 2774 3292 compellit,
2802 3232 2857 3277 et
2891 3239 2955 3278 ex
2993 3224 3248 3293 angustis
3276 3224 3414 3277 locis
3444 3226 3498 3277 in
3527 3237 3650 3292 spa-

2067 3311 2294 3367 tiosiora
2342 3312 2555 3367 hostem
2604 3310 2848 3366 nondum
2912 3312 3253 3367 instructum
3297 3312 3526 3379 educit,
3594 3322 3646 3366 et

2065 3404 2287 3473 quando
2334 3404 2689 3456 connuutatio
2725 3403 2907 3458 subita
2946 3412 3031 3458 cst
3061 3403 3182 3473 ejus
3220 3405 3315 3475 qui
3350 3404 3538 3459 hostes
3572 3405 3651 3457 vi-

2065 3506 2238 3559 cerat,
2266 3504 2321 3550 et
2351 3496 2576 3566 quando
2603 3496 2655 3549 iu
2693 3496 2831 3551 locis
2864 3496 3221 3551 includuntur.
3243 3498 3311 3551 ad
3339 3496 3653 3553 exeundum

2064 3586 2098 3642 d
2126 3585 2406 3650 llicilibus,
2436 3598 2490 3642 et
2519 3588 2741 3658 quando
2776 3587 2940 3644 rebus
2970 3590 3299 3644 necessariis
3331 3589 3650 3644 destituun-

2066 3687 2177 3744 tur,
2213 3687 2269 3733 et
2312 3678 2532 3749 quando
2563 3679 2618 3733 in
2652 3680 2892 3749 aliquam
2930 3678 3289 3736 offensionem
3319 3679 3656 3736 valetudinis

2065 3769 2308 3825 hostium
2355 3770 2526 3840 copiae
2578 3770 2805 3837 cadunt,
2853 3771 3077 3842 quando
3105 3770 3435 3827 adventante
3467 3771 3657 3825 hieme

2066 3863 2307 3932 graviter
2356 3863 2777 3932 perturbantur,
2827 3871 2922 3916 aut
2962 3862 3083 3933 ipsa
3129 3861 3186 3917 in
3230 3848 3414 3917 hieme
3454 3859 3653 3915 defecti

2068 3956 2404 4011 necessariis
2437 3963 2598 4019 sunt,
2626 3953 2849 4025 quando
2876 3954 3092 4010 diurnis
3118 3953 3404 4009 laboribus
3436 3953 3653 4018 lassati,

2068 4047 2253 4101 inedia
2318 4046 2449 4112 cibi,
2486 4046 2844 4117 potionisque
2870 4053 3165 4100 vexantur.
3200 4042 3295 4099 Vel
3329 4045 3375 4100 si
3406 4046 3510 4098 iter
3537 4060 3656 4098 ma-

2070 4156 2236 4210 gnum
2282 4141 2601 4209 contingat,
2662 4148 2778 4192 tum
2806 4138 3079 4205 homines,
3109 4148 3222 4192 tum
3258 4138 3509 4206 jumenta
3541 4136 3652 4191 las-

2071 4244 2285 4299 sentnr,
2335 4234 2417 4287 vel
2451 4231 2670 4301 quando
2707 4231 2873 4286 nimis
2917 4230 3113 4301 vigiles
3145 4230 3311 4285 certis
3355 4228 3421 4284 de
3472 4230 3657 4283 causis

2073 4334 2221 4388 sunt,
2272 4326 2353 4379 vel
2388 4326 2608 4394 quando
2646 4323 2890 4393 praelium
2930 4323 3123 4377 navale
3159 4321 3267 4376 illis
3302 4321 3525 4387 accidit,
3573 4320 3659 4374 vel

2072 4416 2293 4486 quando
2332 4416 2519 4471 hostes
2570 4416 2921 4486 naufragium
2973 4413 3245 4479 fecerint,
3302 4413 3391 4494 vel.
3420 4413 3647 4483 quando

1993 4526 2047 4586 D
2075 4507 2257 4561 hieme
2287 4510 2694 4560 excruciantur.

2142 4598 2231 4653 48.
2277 4597 2402 4653 llzec
2431 4598 2637 4664 omnia,
2675 4598 2985 4667 horumque
3025 4596 3308 4651 contraria
3353 4594 3655 4664 imperator

2071 4698 2391 4761 cognoscat.
2413 4689 2721 4745 Divisioues
2755 4699 3017 4760 praetcrea
3044 4687 3339 4750 exercitus,
3359 4684 3653 4740 deductio-

2072 4801 2172 4840 nes
2195 4784 2464 4849 acierum,
2504 4793 2562 4837 ut
2586 4783 2747 4838 facile
2777 4783 3176 4851 obtemperent,
3203 4792 3403 4849 genera
3435 4791 3657 4849 quoque

2073 4875 2465 4930 mandatorum
2509 4883 2870 4945 cognoscant.

2152 5052 2244 5107 49.
2287 5050 2492 5108 Praeter
2523 5052 2623 5106 has
2657 5049 2948 5121 praedictas
2979 5064 3176 5107 omnes
3218 5050 3346 5107 belli
3393 5050 3661 5121 irruptio-

2082 5158 2216 5209 nes,
2273 5141 2574 5213 prudenter
2623 5148 2684 5195 nt
2730 5141 2917 5195 hostes
2961 5140 3233 5211 adoriaris
3282 5141 3657 5212 praecipimus,

2081 5241 2350 5303 quantum
2408 5233 2605 5288 subita:
2652 5248 2837 5289 rerum
2872 5234 3264 5303 aggressiones
3306 5232 3658 5303 prudentiam

2083 5326 2374 5382 admittere
2429 5336 2685 5396 possunt.
2748 5324 2998 5379 llostimu
3054 5333 3240 5379 autem
3306 5324 3659 5380 incursiones

2083 5427 2353 5488 quantum
2386 5428 2540 5488 potes
2566 5416 2799 5479 devites.
2842 5424 2899 5471 et
2929 5415 3114 5471 omnia
3142 5414 3492 5485 huiusmodi,
3535 5430 3659 5483 qur

2083 5508 2323 5565 incidere
2351 5517 2604 5580 possunt,
2638 5508 2949 5579 propulses.
3002 5508 3133 5574 Quae
3184 5508 3328 5563 enim
3372 5511 3426 5561 in
3468 5507 3658 5563 hostes

2080 5602 2285 5657 inferre
2312 5602 2546 5672 cOgites,
2579 5602 2770 5657 eadem
2798 5616 2941 5672 saepe
2972 5616 3202 5657 numero
3236 5600 3305 5656 ab
3336 5600 3445 5655 i-llis
3481 5599 3659 5669 patie-

1911 5712 2142 5769 ΝΟΤᾸῨ..

467 5818 579 5891 (7U)
598 5816 706 5873 Καὶ
726 5818 1146 5888 τὰςούραγιάς.
1170 5814 1544 5881 Scribebatur,
1569 5812 1667 5877 τὰς
1688 5810 1967 5882 οὐρανίας.

2154 5812 2270 5882 (7|)
2302 5811 2489 5865 Ὅταν
2516 5808 2818 5882 {telluri}.
2848 5809 3061 5879 Scribe,
3091 5810 3221 5865 ὅταν
3249 5808 3583 5881 μεταλλαγή.
