4120 6494
432 414 568 483 1037

1688 413 1963 475 LEOle
1992 412 2093 475 PH
2106 416 2121 473 Ι
2134 411 2455 474 LOSOl’lll

3549 403 3687 468 1083

430 539 531 603 ris,
575 546 632 593 et
673 534 797 590 aliis
841 548 1063 604 quoque
1124 531 1455 604 quibusdam
1508 530 1889 587 molitionihus
1939 531 2042 593 ab,

2151 548 2270 599 μοια
2304 529 2498 591 πάθοις
2531 526 2693 581 πάλιν
2726 525 2815 594 ὑφ’
2841 510 3044 596 ἐτέρων
3075 525 3142 578 δι’
3174 522 3351 579 αἰτῶν
3376 522 3513 590 (ἿΞ),
3544 526 3593 575 εί
3631 524 3709 593 μὴ

432 629 686 685 hostibus
742 625 1059 690 invadet-is,
1133 625 1239 679 nisi
1310 634 1512 690 caute,
1584 632 1640 679 et
1707 623 2011 697 prudenter

2151 620 2232 673 ίαν
2268 618 2433 684 ὀξέως
2471 618 2565 672 καὶ
2607 617 2876 686 νουνεχῶς
2916 616 3183 687 ἐπιϐάλῃς
3221 617 3334 679 τοῖς
3375 614 3708 685 ἐμπίπτουσι

433 718 882 788 circumspicias,
934 726 989 772 et
1036 732 1159 787 quae
1205 716 1352 771 facto
1391 731 1532 786 opus
1579 724 1709 771 sunt
1758 716 1867 771 illis
1914 732 2015 786 op-

432 828 629 884 ponas.

502 907 589 961 50.
613 905 681 959 lis
706 905 833 958 anni
855 901 1197 973 temporibus
1215 900 1472 957 excursio
1502 898 1774 964 facienda,
1794 899 2016 970 quando

434 997 625 1065 fruges
656 1005 810 1051 sunt.

505 1090 594 1145 51.
636 1091 691 1142 ln
719 1089 840 1143 acie
872 1087 1197 1144 instruenda
1227 1086 1401 1141 solem
1439 1098 1467 1138 a
1503 1092 1679 1155 tergo,
1716 1090 1770 1137 et
1794 1089 2017 1136 ventum

436 1182 644 1237 habeas
665 1222 680 1247 ,
710 1191 766 1236 et
793 1180 849 1235 in
889 1180 1133 1235 hostium
1161 1177 1340 1233 oculis
1375 1183 1669 1247 utrumque
1696 1175 2019 1231 collocabis.

509 1431 863 1501 52.'Vocalis
896 1445 951 1499 in
992 1444 1320 1501 mandandis
1344 1445 1515 1502 rebus
1538 1445 1671 1513 eris,
1711 1445 2019 1511 animosus,

398 1546 399 1549 ‘
442 1537 775 1593 concinnam
819 1536 1028 1592 habens
1052 1550 1265 1591 vocem.

514 1713 602 1767 53.
647 1711 911 1766 Naturam
969 1711 1097 1766 belli
1145 1718 1288 1766 artes
1332 1712 1467 1781 ipsae
1513 1709 1795 1779 adjuvant,
1857 1709 2022 1778 cujus

2118 712 2212 765 καὶ
2254 711 2528 782 ἀντιτιθῇς
2557 712 2676 773 ταῖς
2701 708 2968 776 ἀνάγκαις
3004 708 3072 761 τά
3100 707 3310 760 δέοντα.

2191 887 2254 943 ν’.
2302 889 2391 942 Ἐν
2424 889 2479 942 δὲ
2506 888 2721 949 τούτοις
2769 891 2882 953 τοῖς
2918 888 3134 961 χρόνοις
3187 886 3281 940 τοῦ
3314 886 3561 941 ἐνιαυτοῦ
3592 887 3713 940 δέον

2121 998 2180 1034 σε
2210 981 2308 1044 τάς
2338 981 2695 1051 ἐκστρατείας
2721 981 3017 1047 ποιεῖσθαι,
3050 982 3179 1034 ὅταν
3214 980 3352 1031 εἰσὶν
3381 979 3429 1030 οί
3481 976 3708 1048 καρποί.

2193 1072 2299 1128 να’.
2344 1075 2434 1126 Ἐν
2459 1074 2516 1128 δὲ
2546 1075 2663 1137 ταῖς
2694 1075 2918 1128 στάσεσι
2946 1072 3055 1127 τῶν
3084 1072 3445 1142 παρατάξεων
3470 1070 3538 1124 τά
3566 1074 3716 1124 ἐναν-

2120 1166 2212 1218 τία
2242 1170 2528 1236 πνεύματα
2559 1164 2702 1221 κατά
2733 1165 2903 1219 νώτου
2930 1165 3224 1229 ποιεῖσθαι,
3253 1167 3349 1218 καὶ
3371 1166 3463 1218 τὸν
3486 1166 3638 1235 ἥλιον
3657 1166 3717 1220 δὲ

2122 1252 2385 1318 ὡσαύτως
2419 1255 2563 1308 κατὰ
2592 1255 2692 1321 τὰς
2724 1254 3029 1326 πολεμικὰς
3080 1255 3319 1323 ἀγωνίας
3354 1257 3411 1308 ὲν
3456 1254 3577 1325 ὅψει
3605 1255 3716 1311 τῶν

2122 1348 2385 1401 ἐναντίων
2412 1350 2608 1402 ποιεῖν.

2198 1437 2297 1509 νβ’.
2336 1436 2490 1492 Εἶναι
2532 1439 2588 1491 δέ
2622 1458 2681 1493 σε
2720 1440 2803 1493 δεῖ
2846 1440 3232 1511 μεγαλόφωνον
3259 1441 3316 1492 ἐν
3348 1442 3460 1503 τοῖς
3497 1457 3715 1511 παραγ-

2124 1532 2432 1603 γέλμασιν,
2494 1533 2592 1587 καὶ
2638 1534 2941 1606 εὐθαρσὲς,
2996 1535 3092 1587 καὶ
3154 1532 3395 1603 ἐμμελὲς
3445 1532 3591 1603 ἔχειν
3654 1535 3717 1587 τὸ

2127 1621 2373 1693 φθέγμα.

2205 1713 2309 1784 νγ’.
2340 1715 2673 1787 Συνεργοῦσι
2705 1716 2760 1769 δὲ
2784 1718 2849 1786 τῇ
2878 1715 3037 1784 φύσει
3056 1713 3151 1768 τοῦ
3195 1714 3449 1786 πολέμου,
3478 1710 3635 1771 αὗται
3661 1717 3717 1769 αἱ

438 1802 659 1873 generis
708 1808 838 1856 sunt
894 1800 1204 1870 disciplina
1246 1798 1539 1865 armandi,
1571 1800 1850 1854 rationum
1888 1800 2020 1855 sub-

2151 1808 2332 1877 ’ἐχναι,
2366 1803 2477 1861 οἷον
2503 1808 2780 1880 ὁπλιτικὴ,
2814 1807 3121 1879 λογιστικὴ,
3145 1809 3559 1881 ἀρχιτεκτονικὴ
3578 1808 3715 1879 (75),

441 1895 843 1959 dueendarum,
889 1893 1132 1948 aeierum
1170 1892 1647 1958 instruendarum,
1681 1892 2024 1948 architectu-

442 2002 538 2049 rae,
570 1996 870 2051 astrorum,
902 1987 1212 2042 medicina.

516 2079 605 2133 54.
653 2078 956 2147 Disciplina
1001 2078 1253 2133 armandi
1307 2078 1411 2133 hoc
1459 2079 1516 2134 in
1558 2093 1617 2135 se
1656 2080 1935 2146 continet,
1970 2087 2030 2133 ut

441 2186 675 2240 corpora
732 2171 906 2226 armis
961 2171 1306 2235 moderatis,
1366 2172 1614 2237 idoneis,
1678 2171 1881 2238 ﬁrmis,
1935 2187 2031 2227 er-

442 2263 647 2332 quisite
712 2261 982 2318 confectis
1034 2270 1314 2334 tegantur.
1384 2262 1649 2334 Eligenda
1710 2260 2027 2332 huiusmodi

444 2370 677 2426 corpora
704 2364 852 2421 sunt,
890 2369 1013 2427 quae
1036 2355 1106 2411 ad
1134 2370 1291 2411 arma
1318 2355 1604 2427 -capienda
1640 2354 1838 2410 idonea
1875 2364 2027 2412 sunt.

516 2538 611 2592 55.
650 2536 924 2602 Quantus,
960 2534 1255 2606 qualisque
1291 2547 1572 2591 armorum
1602 2548 1742 2590 usus
1770 2548 1895 2590 esse
1935 2533 2033 2590 de-

450 2629 600 2691 beat,
657 2627 1155 2683 demonstrandum
1209 2627 1478 2683 militibus
1536 2636 1656 2690 est,
1725 2627 2036 2696 horumque

450 2718 905 2785 exercitationes,
963 2724 1019 2772 et
1074 2718 1465 2773 contentiones
1526 2716 1592 2771 ad
1650 2730 1866 2773 omnem
1934 2728 2034 2772 ne-

453 2814 767 2867 cessitatem
799 2851 814 2879 ,
869 2820 926 2867 et
989 2811 1390 2881 apparitionem
1441 2810 1613 2880 prtelii
1684 2809 2038 2866 ostendendae

455 2912 606 2957 Slﬂll.

525 2994 612 3049 56.
657 2992 805 3047 Cura
851 2992 1018 3047 etiam
1068 2991 1142 3046 sit
1195 2989 1514 3055 honorum,
1563 2988 1932 3060 dignitatum,
1985 2994 2041 3042 et

455 3086 808 3141 abundantia:
835 3085 1219 3155 pecuniarum,
1253 3083 1458 3153 quibus
1492 3097 1669 3145 arma,
1706 3080 2040 3151 reliquaeque

2129 1900 2528 1970 ἀστρονομικὴ,
2568 1900 2840 1971 ίερατικὴ,
2886 1902 3125 1971 ἰατρική.

2209 1990 2304 2048 νδ’.
2332 1994 2511 2063 Ἔργα
2543 1993 2599 2045 δὲ
2653 1994 2754 2063 τῆς
2786 1994 3097 2060 ὁπλιτικῆς,
3153 1992 3295 2046 ὥστε
3327 1994 3721 2063 περιφράττειν

2128 2084 2198 2138 τά
2229 2084 2462 2155 σώματα
2508 2083 2695 2148 ὅπλοις
2746 2085 3082 2156 συμμέτροις
3134 2085 3231 2137 καὶ
3283 2086 3579 2155 άρμόζουσι
3624 2087 3720 2137 καὶ

2136 2177 2378 2246 ἰσχυροῖς
2414 2176 2510 2229 καὶ
2541 2175 2782 2246 ἀκριϐῶς
2817 2175 3221 2246 εἰργασμένοις,
3255 2175 3351 2227 καὶ
3384 2175 3720 2243 εὐπρέπειαν

2133 2267 2436 2337 παρέχουσι
2470 2266 2578 2319 τῶν
2608 2266 2884 2337 φερόντων
2922 2265 3063 2319 αύτά
3116 2266 3409 2335 σωμάτων.
3466 2265 3724 2329 Ἐκλέξα-

2136 2358 2259 2412 σθαι
2298 2359 2353 2411 δὲ
2399 2359 2610 2412 δεῖκαὶ
2648 2358 2719 2411 τά
2778 2357 3027 2429 σώματα,
3081 2358 3182 2411 ὅσα
3229 2357 3366 2430 πρὸς
3415 2359 3725 2412 πανοπλίαν

2137 2452 2492 2523 ἁρμόζουσιν.

2209 2548 2301 2596 νεθ.
2335 2546 2427 2595 Δεῖ
2456 2543 2512 2596 δέ
2543 2561 2599 2596 σε
2628 2542 3009 2596 ὑποδεικνύναι
3045 2546 3160 2608 τοῖς
3211 2544 3575 2614 στρατιώταις
3607 2543 3727 2608 οἵας

2138 2634 2234 2687 καὶ
2268 2634 2396 2697 ὅσας
2431 2629 2569 2689 εἶναι
2604 2635 2709 2708 χρὴ
2739 2634 2849 2688 τῶν
2879 2635 3059 2689 ὅπλων
3092 2637 3191 2699 τὰς
3222 2637 3466 2709 χρήσεις,
3508 2637 3603 2689 καὶ
3628 2640 3727 2699 τάς

2143 2724 2373 2795 μελέτας
2405 2725 2629 2789 τούτων,
2662 2726 2758 2780 καὶ⁸
2783 2726 2963 2790 πάσας
2988 2726 3087 2790 τάς
3111 2727 3350 2796 ἀγωνίας
3384 2728 3522 2799 πρὸς
3547 2730 3728 2783 πᾶσαν

2141 2815 2413 2885 συσκευὴν
2440 2814 2537 2869 καὶ
2566 2815 2872 2885 γυμνασίαν
2903 2813 3041 2885 πρὸς
3067 2816 3165 2878 τὰς
3205 2817 3404 2886 μάχας.

2212 2997 2320 3055 νς’.
2354 2990 2665 3062 Φροντίζειν
2698 2991 2753 3045 δὲ
2777 2993 2870 3046 καὶ
2896 2992 3072 3063 τιμῶν
3101 2994 3194 3047 καὶ
3223 2994 3419 3046 οὐσιῶν
3441 2995 3534 3046 καὶ
3561 2994 3729 3049 εὐπο-

2146 3080 2287 3154 ρίας.
2332 3082 2419 3148 Ἐξ
2445 3075 2519 3135 ῶν
2548 3083 2603 3135 αί
2633 3083 2854 3151 κτήσεις
2876 3082 2984 3135 τῶν
3018 3082 3197 3137 ὅπλων
3237 3083 3331 3136 καὶ
3375 3086 3429 3135 αἱ
3469 3083 3707 3138 δαπάναι

456 3194 714 3251 expensas
751 3179 1075 3234 necessariae
1092 3175 1415 3231 adhibendae
1444 3173 1886 3245 suppeditentur.
1915 3172 2039 3228 llaec

2151 3175 2199 3229 αἱ
2235 3173 2364 3245 περὶ
2398 3175 2467 3228 τά
2494 3174 2723 3245 σώματα
2761 3170 3031 3245 ἀρκοῦσαι
3063 3173 3299 3228 ἔσονται.
3326 3175 3512 3230 Ταῦτα
3540 3177 3636 3248 μὲν
3657 3177 3730 3233 τὰ

459 3273 529 3328 de
549 3284 831 3326 armatura
862 3272 1151 3327 hactenus.

533 3368 622 3422 57.
663 3366 977 3437 Disciplina:
1005 3365 1239 3420 rationis
1270 3361 1639 3419 subducenda:
1679 3376 1881 3417 munus
1913 3359 2040 3426 erit,

462 3459 763 3515 exercitum
792 3460 846 3511 in
872 3457 1261 3523 contubernia,
1304 3455 1474 3519 acies,
1507 3461 1738 3518 turmas,
1772 3451 2039 3521 drungos,

463 3552 741 3615 cohortes,
769 3549 1114 3620 quincurias,
1133 3547 1410 3613 decurias,
1445 3544 1744 3608 centurias,
1772 3543 2043 3613 reliquas-

465 3658 573 3713 que
601 3651 808 3712 partes,
841 3648 1007 3711 atque
1029 3640 1175 3694 acies
1198 3636 1462 3703 dividere,
1486 3646 1649 3707 atque
1680 3650 1745 3691 ex
1775 3636 1844 3691 iis
1865 3636 2046 3690 omni-

464 3737 569 3791 bus
601 3750 698 3789 eos
723 3747 1002 3803 separare,
1034 3738 1087 3786 et
1112 3739 1245 3800 quot
1292 3741 1473 3785 eaStra
1504 3728 1838 3795 custodiant,
1864 3731 1957 3799 qui
1988 3739 2045 3784 ct

468 3835 602 3896 quot
632 3828 876 3880 minores
908 3834 1064 3887 natu,
1134 3832 1188 3877 et
1221 3822 1611 3893 provectiores,
1639 3823 1840 3892 quique
1863 3822 2045 3876 claudi

469 3928 622 3985 sunt,
656 3926 749 3971 aut
778 3924 1001 3987 propter
1045 3913 1425 3986 aegritudinem
1464 3914 1807 3983 languentes,
1842 3914 2047 3983 quique

470 4010 536 4065 ad
570 4010 784 4065 civilem
818 4010 1201 4079 magistratum
1230 4046 1245 4072 ,
1282 4013 1337 4061 ct
1367 4004 1434 4059 ad
1468 4018 1582 4059 rem
1639 4003 1915 4074 publicam
1956 4018 2050 4073 ge-

472 4104 697 4160 rendam
739 4101 936 4157 delecti
967 4106 1141 4167 sunt;
1170 4111 1403 4167 corpora
1438 4106 1698 4167 prteterea
1733 4095 1985 4150 florentia
2018 4107 2048 4148 a

472 4196 748 4263 languidis
796 4207 1108 4259 secernere,
1159 4199 1213 4245 et
1266 4192 1463 4245 horum
1512 4204 1734 4261 quoque
1782 4189 2049 4242 rationem

476 4290 677 4343 habere
726 4296 842 4341 tum
893 4284 1316 4354 magnitudinis,
1358 4289 1471 4337 tum
1519 4281 1807 4352 parvitatis
1855 4293 2053 4349 corpo-

474 4396 627 4445 rum;
681 4378 972 4449 prael‘ectus
1028 4384 1289 4446 provecta
1339 4383 1498 4429 aetate
1544 4373 1794 4428 homines
1849 4372 2053 4426 consti-

477 4483 651 4539 tuere,
699 4471 991 4525 stationem
1035 4477 1153 4522 tum
1180 4467 1325 4537 quod
1379 4466 1444 4520 ad
1478 4465 1898 4535 longitudinem,
1936 4473 2049 4517 tum

477 4569 621 4641 quod
657 4568 722 4622 ad
748 4563 1094 4619 altitudinem
1148 4566 1359 4630 spectat
1408 4557 1718 4623 collocare;
1748 4554 1896 4625 quali
1927 4567 2051 4609 cum

476 4675 727 4725 numero,
772 4667 827 4714 et
856 4657 1054 4728 quibus
1085 4668 1210 4709 cum
1262 4651 1514 4722 partibus
1544 4664 1888 4718 unaquaeque
1927 4661 2054 4717 pars

477 4754 543 4809 ad
570 4751 914 4808 necessarios
937 4756 1120 4802 motus
1142 4744 1270 4799 belli
1299 4743 1692 4799 constituatur.
1722 4738 1846 4795 llaec
1869 4739 2055 4793 omnia

477 4846 643 4918 hujus
676 4843 984 4914 disciplina:
1012 4848 1163 4897 sunt.

550 5106 642 5163 58.
686 5105 985 5175 Disciplina
1018 5103 1259 5157 sci-erum
1294 5095 1742 5154 instruendarum
1775 5086 1975 5148 haec'in
2002 5109 2061 5148 se

481 5201 687 5258 habet:
721 5198 926 5255 formas
978 5196 1221 5251 acierum
1272 5194 1658 5249 demonstrare
1682 5230 1697 5255 ,
1731 5187 1930 5259 quibus
1967 5197 2060 5240 aut

483 5292 711 5349 invadas
765 5290 926 5351 alios,
974 5295 1069 5340 aut
1124 5286 1193 5341 ab
1240 5285 1364 5339 aliis
1419 5281 1697 5348 invadere,
1733 5289 1787 5334 et
1837 5290 1958 5349 quae
1991 5277 2056 5331 ad

486 5386 724 5442 hostium
771 5384 1032 5452 impetum
1076 5376 1460 5447 excipiendum
1494 5374 1677 5429 valent
1707 5410 1722 5437 ,
1755 5378 1809 5426 et
1840 5384 1960 5439 quae
1989 5368 2057 5422 ad

486 5478 903 5550 impressionem
951 5474 1007 5529 in
1037 5474 1222 5530 hostes
1254 5468 1561 5526 faciendam
1603 5467 1900 5522 maximum
1932 5476 2054 5517 mo-

2142 3264 2414 3321 ὁπλιτικά.

2213 3356 2310 3421 νζ’.
2339 3357 2668 3424 Λογιπικῆς
2694 3356 2752 3410 δὲ
2791 3355 2952 3427 ἔργον
2990 3357 3162 3421 ἐστὶν,
3198 3360 3340 3413 ὥστε
3391 3360 3636 3431 μερίζειν
3664 3360 3730 3413 τὸ

2148 3450 2460 3522 στράτευμα
2485 3452 2623 3503 κατά
2655 3450 3064 3522 κοντουὸἐρνια,
3098 3454 3194 3506 καὶ
3222 3454 3405 3519 τάξεις
3430 3456 3523 3508 καὶ
3557 3455 3723 3524 τούρ-

2149 3561 2275 3615 μας,
2318 3546 2414 3597 καὶ
2440 3545 2761 3615 δρούγγους,
2788 3546 2879 3598 καὶ
2913 3542 3102 3615 βάνδα,
3146 3546 3242 3601 καὶ
3276 3547 3604 3618 κενταρχίας
3645 3564 3729 3613 τε,

2147 3638 2243 3690 καὶ
2300 3637 2618 3709 δεκαρχίας,
2659 3638 2755 3691 καὶ
2804 3639 3160 3709 πενταρχίας,
3215 3640 3310 3693 καὶ
3363 3641 3489 3705 τοὺς
3537 3640 3731 3704 ἄλλους

2148 3727 2415 3799 ἀριθμοὺς
2451 3730 2547 3781 καὶ
2576 3712 2705 3791 ὅλας
2735 3729 3094 3801 παρατάξεις,
3130 3731 3223 3784 καὶ
3264 3731 3484 3785 πάντων
3524 3732 3732 3787 τούτων

2148 3820 2418 3873 ποιεῖσθαι
2448 3821 2737 3891 διαίρεσιν,
2789 3822 2931 3884 τίνες
2961 3823 3056 3875 καὶ
3077 3823 3190 3876 ὅσοι
3213 3824 3281 3876 τὰ
3319 3824 3531 3895 κάστρα
3559 3824 3735 3893 φυλά-

2152 3909 2355 3977 ξουσιν,
2393 3913 2488 3966 καὶ
2522 3913 2671 3975 τίνες
2724 3914 2819 3966 καὶ
2848 3915 2960 3967 ὅσοι
3016 3910 3184 3984 νέοιῆ
3218 3915 3470 3986 γέροντές
3514 3917 3671 3982 εἰσιν,
3698 3916 3735 3987 ἢ

2150 4005 2425 4075 ἀνάπηροι
2460 4006 2526 4059 τὰ
2558 4005 2716 4075 μέλη,
2751 4005 2784 4077 ἢ
2814 4005 2903 4059 διά
2940 4006 3096 4060 νόσου
3155 4004 3427 4071 ἀδύνατοι,
3474 4009 3569 4061 καὶ
3622 4009 3738 4062 ὅσοι

2152 4096 2252 4165 τῆς
2291 4096 2577 4166 πολιτικῆς
2610 4098 2805 4169 ἀρχῆς,
2839 4100 2870 4171 ἢ
2904 4099 3034 4169 περὶ
3077 4099 3145 4152 τὰ
3173 4098 3408 4167 δημόσια
3436 4100 3739 4169 πράγματα.

2152 4189 2499 4258 τεταγμένοι.
2542 4188 2727 4241 Ταῦτα
2788 4189 3101 4258 λογιστικῆς
3161 4189 3301 4241 εἰσι·
3350 4184 3625 4259 διακρῖναι
3676 4189 3737 4243 δὲ

2154 4283 2247 4336 καὶ
2303 4280 2658 4342 ἐπιλέξασθαι
2712 4281 2773 4334 τὸ
2821 4281 3007 4335 λοιπὸν
3042 4281 3111 4335 τά
3150 4279 3470 4352 ἀκμάζοντα
3508 4282 3740 4353 σώματα

2158 4375 2338 4444 πάσης
2366 4373 2466 4444 τῆς
2498 4375 2779 4443 στρατιᾶς,
2808 4375 2899 4427 καὶ
2932 4373 3138 4427 τούτων
3167 4373 3258 4427 τὸν
3290 4373 3578 4446 μερισμὸν,
3605 4372 3740 4426 ὁπό-

2160 4483 2243 4518 σοι
2268 4466 2374 4519 εἰσ¹ι
2402 4466 2543 4518 κατά
2574 4482 2633 4517 τε
2672 4465 2902 4536 μέγεθος
2931 4467 3025 4519 καὶ
3048 4466 3407 4537 σμικρότητα.
3450 4466 3560 4518 Καὶ⁸
3589 4465 3739 4527 ὅπως

2159 4557 2427 4626 ἄρχοντας
2484 4555 2579 4608 ἐπὶ
2637 4556 2847 4621 τούτοις
2897 4558 3169 4626 μεγάλους
3218 4556 3317 4620 τάς
3384 4558 3605 4629 ἡλικίας
3658 4557 3741 4609 δεῖ

2160 4645 2452 4706 ποιεῖσθαι,
2489 4645 2583 4697 καὶ
2606 4645 2724 4709 πῶς
2765 4645 2835 4699 τὰ
2894 4646 3022 4717 περὶ
3070 4646 3169 4717 τὴν
3210 4648 3398 4701 στάσιν
3444 4646 3500 4699 ἓν
3555 4664 3613 4700 τε
3660 4646 3741 4717 τῷ

2165 4736 2331 4806 μήκει
2362 4736 2460 4789 καὶ
2492 4735 2570 4806 τῷ
2604 4737 2759 4808 βάθει
2810 4738 3085 4808 γινόμενοι
3138 4738 3527 4810 ταχθήσονται,
3556 4740 3650 4792 καὶ
3682 4741 3741 4792 ὲν

2163 4828 2338 4891 ποίοις
2370 4827 2625 4898 ἀριθμοῖς
2654 4827 2863 4882 ’ἐκαστα
2885 4828 2994 4883 τῶν
3023 4828 3206 4902 μερῶν
3244 4830 3337 4883 καὶ
3366 4829 3467 4883 ποῦ
3501 4847 3741 4884 κατατα-

2162 4920 2423 4991 γήσονται
2455 4920 2591 4990 πρὸς
2617 4921 2715 4984 τὰς
2744 4921 2802 4974 ὲν
2824 4908 3193 4991 ταῖςχρείαις
3234 4922 3541 4991 ἀναγκαίας
3585 4925 3741 4995 κινήο

2161 5028 2273 5071 σεις
2294 5028 2307 5042 ο
2344 5011 2437 5063 καὶ
2460 5007 2631 5065 ταῦτα
2663 5012 2761 5082 μὲν
2787 5012 2887 5081 τῆς
2913 5010 3246 5083 λογιστικῆς.

2229 5109 2332 5173 νηὀ
2367 5102 2478 5173 Τῆς
2508 5103 2565 5156 δὲ
2598 5103 2868 5173 τακτικῆς
2919 5102 3078 5175 ἔργον
3106 5106 3274 5169 ἐστὶν,
3315 5106 3456 5160 ὥστε
3490 5106 3558 5159 τὰ
3606 5107 3741 5176 σχή..
3782 5144 3787 5145 ,

2162 5210 2313 5263 ματα
2345 5192 2455 5246 τῶν
2480 5195 2779 5264 ταγμάτοιν
2806 5195 2997 5259 δεῖξαι.
3054 5197 3141 5249 Ἐν
3176 5192 3255 5260 οἷς
3295 5199 3328 5270 ἢ
3375 5199 3742 5267 ἐγχειρεῖσθαι

2169 5286 2479 5356 συμϐαίνει,
2526 5288 2619 5341 καὶ
2654 5290 2782 5342 ποῖα
2809 5289 3057 5360 χρήσιμα
3112 5289 3248 5360 πρὸς
3291 5290 3351 5343 τὸ
3387 5288 3741 5359 ὑποδέχεσθαι

2168 5379 2443 5449 πολεμίων
2489 5380 2778 5452 ἐπιφορὰς,
2818 5382 2910 5433 καὶ
2940 5383 3067 5434 ποῖα
3095 5382 3230 5451 πρὸς
3262 5382 3322 5433 τὸ
3356 5382 3679 5453 ἐπέρχεσθαι
3705 5381 3741 5452 ἦ

2166 5471 2479 5542 ἀμύνασθαι
2514 5471 2777 5541 πέφυκεν,
2829 5473 2924 5527 καὶ
2959 5472 3099 5545 μετά
3143 5474 3295 5527 ποίου
3332 5472 3534 5544 τρόπου
3566 5474 3743 5542 γίνον-

1993 5605 2233 5664 ΝυΤίΕ.

564 5712 675 5793 (7:2)
717 5711 836 5793 Ὗςρῖ
885 5707 1099 5789 ἐτέρωςν
1139 5705 1215 5758 δι’
1268 5700 1800 5793 αὐτῶις.1ΡρεῑῐἘῐι]θ
1860 5695 1972 5762 illa,
1998 5696 2067 5749 δι’

495 5771 699 5840 αὐτῶν,
732 5771 873 5833 male
903 5771 1130 5845 repetita
1163 5788 1383 5834 censeo,
1407 5784 1461 5825 et
1493 5771 1742 5845 delenda.

568 5837 1045 5915 (ἹδγΛογιο-τιιὶὴ,
1085 5840 1557 5911 ἀρχιτεκτονική.
1587 5837 1779 5895 Scribe
1802 5850 1907 5893 una
1933 5851 2065 5893 voce

2173 5701 2432 5770 amplius,
2464 5702 2769 5774 λογιστική,
2802 5700 3055 5772 τακτικὴ,
3105 5701 3543 5774 ἀρχιτεκτονική.
3590 5700 3747 5758 Patet

2172 5788 2234 5827 ex
2263 5774 2640 5843 sequentibus.
2814 5776 2817 5779 ⁷
