4120 6438
384 339 405 404 ι
416 338 524 404 089

1606 345 1943 406 TACTICA.
1984 370 2054 380 -
2090 348 2491 412 EPILOGUS.

3522 355 3664 425 1090

379 475 470 510 ται
500 454 708 509 ἕκαστα
737 472 750 487 ·
779 456 874 508 καὶ
898 454 1060 519 ποὶας
1091 455 1337 519 ὁπλίσεις
1390 456 1471 509 δεῖ
1508 456 1777 510 ποιεῖσθαι
1828 456 1965 510 κατὰ

2079 468 2322 512 mentum
2353 461 2578 527 habent,
2611 462 3071 531 quemadmodum
3102 464 3321 535 singula
3348 466 3503 535 flant,
3526 486 3660 541 1ua-

385 550 491 603 τῶν
540 549 824 613 ἐναντίων,
880 549 974 601 καὶ
1014 549 1132 611 πῶς
1179 548 1590 618 μετακινεῖσοαι
1639 549 1739 613 τὰς
1789 549 1971 615 τάξεις

381 641 628 706 δυνατὸν,
657 642 750 695 καί
776 645 834 695 έν
854 643 960 695 τίνι
991 643 1163 713 τόπῳ,
1182 642 1278 694 καὶ
1306 644 1435 696 ποτε
1466 645 1754 714 χρηστέον.
1786 645 1970 699 Ταῦτα

385 736 485 802 μὲν
516 736 609 787 καὶ
644 735 742 806 τῆς
772 736 1058 806 τακτικῆς.

453 914 552 970 νϐ’.
586 914 698 986 Τῆς
720 914 779 969 δὲ
816 915 1266 989 ἀρχιτεκτονικῆς
1301 920 1450 972 ἐστιν
1488 919 1560 973 τὰ
1590 920 1699 974 τῶν
1744 938 1971 991 στρατο-

382 1010 562 1063 πέδων
598 1010 691 1063 καὶ
732 1010 1020 1077 φοσσάτων
1051 1013 1307 1081 σχήματα
1337 1012 1457 1082 ῆτοι
1490 1013 1601 1066 τῶν
1649 1014 1966 1085 ἀπλήκτων,

382 1101 501 1164 πῶς
535 1102 617 1155 δεῖ
638 1100 813 1155 ταῦτα
848 1103 1164 1171 περιλαϐεῖν
1216 1104 1305 1157 διὰ
1337 1106 1607 1173 φοσσάτου
1637 1107 1670 1177 ἢ
1702 1107 1968 1175 χάρακος,

384 1192 601 1245 καὶτὸν
645 1191 848 1245 ἔσωθεν
890 1192 1057 1246 τόπον
1110 1192 1427 1264 διαρερίσαι
1488 1195 1842 1264 συμμέτρως,
1876 1198 1970 1249 καὶ

382 1284 614 1351 ποιῆσαι
641 1283 910 1350 διεξόδους
933 1286 1031 1349 τὰς
1060 1286 1434 1357 ἁρμοζούσας,
1458 1289 1553 1339 καὶ
1581 1287 1641 1340 τὸ
1663 1287 1835 1352 δεῖξαι
1862 1287 1971 1341 διαο

383 1379 635 1448 στήματα
668 1377 922 1448 μεγίστου
955 1378 1319 1449 στρατοπέδου
1362 1378 1450 1431 διὰ
1476 1379 1572 1432 τοῦ
1625 1380 1834 1449 μήκους
1875 1381 1969 1435 καὶ

381 1469 672 1542 ἐλαχίστης
698 1471 861 1525 πάλιν
882 1472 971 1526 διὰ
995 1472 1279 1542 συστολῆς,
1301 1474 1389 1527 ὅτε
1409 1474 1599 1544 καιρὸς
1622 1473 1721 1542 τῆς
1737 1475 1967 1527 ἑκάστου

379 1565 564 1636 χρείας
605 1566 774 1619 ὲστίνο
814 1565 1137 1634 ἐκλέγεσθαι
1187 1565 1243 1619 δὲ
1276 1566 1366 1620 καὶ
1409 1566 1608 1629 τόπους
1635 1566 1747 1620 ὅσοι
1780 1566 1856 1638 μὴ
1887 1569 1969 1620 εὑ-

380 1658 759 1711 επιϐούλευτοί
802 1660 908 1712 εἰσι
948 1660 1061 1722 τοῖς
1091 1658 1393 1729 πολεμίοις,
1449 1659 1544 1712 καὶ
1572 1660 1686 1713 ὅσοι
1729 1660 1969 1713 εὐαπάλ-

376 1752 564 1807 λακτοι
599 1753 657 1804 ἐν
685 1755 803 1815 ταῖς
838 1752 1209 1824 ὑποστροφαῖς
1243 1755 1339 1807 καὶ
1367 1756 1485 1817 ταῖς
1510 1752 1883 1817 ἁναζεύξεσιν.

2077 550 2180 605 lem
2217 564 2556 608 armaturam
2589 556 2857 611 adversus
2890 557 3105 617 hostem
3138 557 3435 628 fabricare,
3462 578 3660 634 quem-

2074 646 2371 702 admodum
2411 651 2558 705 acies
2608 651 2818 704 moveri
2872 650 3129 717 debeant,
3181 668 3293 723 quo
3346 656 3490 721 loco,
3523 666 3659 713 tem-

2076 754 2316 808 poreque
2382 744 2667 796 utendum.
2740 742 2921 813 Atque
2982 743 3097 798 haec
3146 742 3215 799 de
3281 744 3508 802 aciebus
3569 749 3656 802 in-

2074 832 2377 887 struendis.

2142 924 2232 980 59.
2277 925 2676 983 Architectura:
2719 937 2803 983 cst
2848 938 3161 986 castrorum
3212 930 3419 988 formas
3454 931 3658 988 descri-

2074 1018 2223 1082 bere,
2269 1017 2735 1087 quemadmodum
2785 1019 2930 1077 fossa
2956 1060 2973 1085 ,
3010 1032 3106 1076 aut
3141 1022 3287 1079 vallo
3321 1023 3655 1094 obsepienda

2072 1119 2233 1176 sunt;
2275 1111 2544 1165 interiora
2583 1112 2702 1167 loca
2739 1123 2886 1184 apte,
2909 1114 3319 1185 distributoque
3340 1116 3652 1186 seiungere,

2070 1203 2255 1257 exitus
2279 1203 2518 1272 aperire,
2550 1206 2775 1259 maximi
2803 1207 3084 1263 exercitus
3106 1208 3421 1273 intervalla,
3441 1209 3653 1263 minimi

2070 1301 2255 1347 autem
2305 1296 2593 1364 angustias
2645 1304 2854 1364 tenere,
2907 1298 3001 1352 ubi
3060 1301 3401 1355 utrorumvis
3451 1300 3656 1372 aliquis

2070 1403 2206 1443 usus
2236 1388 2423 1452 fuerit,
2464 1389 2583 1444 loca
2611 1391 2835 1461 eligere,
2868 1406 2991 1463 qua)
3026 1393 3269 1448 hostium
3299 1394 3522 1451 insidiis
3547 1398 3654 1449 ml-

2071 1480 2220 1533 nime
2269 1491 2623 1551 appetantur,
2676 1499 2911 1555 quasque
2953 1487 3010 1540 in
3059 1485 3496 1551 reversionibus,
3535 1486 3653 1543 dis-

2065 1571 2569 1646 junctionibusque
2595 1575 2791 1632 idonea
2816 1591 2942 1634 esse
2969 1588 3221 1649 possunt.

450 1845 511 1910 ξ’.
545 1811 864 1917 Προσὲτι-δὲ
898 1811 1208 1917 μηχανικῆς
1234 1847 1351 1899 ἐστι
1390 1811 1963 1917 τεινχίσματα-πὸλεων

2141 1843 2230 1899 60.
2272 1842 2449 1911 Hujus
2478 1846 2613 1899 artis
2647 1854 2910 1913 prmtcrea
2939 1855 3092 1913 sunt,
3120 1832 3310 1904 muros
3340 1849 3648 1916 civitatum,

379 1938 413 2009 ἢ
441 1937 616 1992 ἄλλων
644 1938 919 2009 φρουρίων
948 1938 1086 2007 πρὸς
1136 1937 1237 2000 τὰς
1276 1937 1387 1990 τῶν
1415 1939 1688 2006 πολεμίων
1715 1941 1962 2010 μηχανὰς

378 2030 802 2099 ἀκαταγὼνιστα
852 2033 1289 2099 κατασκευάσαι,
1334 2033 1430 2088 καὶ
1481 2033 1587 2087 ὑπὸ
1644 2034 1852 2087 ὑδάτων
1895 2033 1963 2089 ἂν

377 2125 677 2195 ἐπαγωγῆς
725 2125 1000 2180 ἀνάλωτα.
1048 2126 1160 2179 Καὶ
1209 2126 1341 2197 περὶ
1399 2126 1468 2179 τὰ
1495 2126 1650 2196 τείχη
1690 2127 1746 2180 δὲ
1786 2145 1960 2182 κατα-

378 2217 578 2280 σκευὰς
628 2218 854 2286 ποιῆσαι
883 2216 980 2269 καὶ
1011 2217 1432 2288 παρασκευάσαι
1463 2215 1676 2270 ὅπλισιν
1698 2234 1711 2248 ·
1752 2212 1863 2271 οἷον
1892 2219 1963 2271 τὰ

376 2312 649 2382 λεγόμενα
708 2311 1063 2381 μαγγανικὰ,
1117 2311 1213 2364 καὶ
1273 2309 1711 2380 τοξοόολίστρας,
1747 2312 1841 2364 καὶ
1892 2313 1962 2365 τὰ

374 2404 511 2459 ἄλλα
541 2405 638 2457 ὅλα
664 2404 804 2459 ὅπλα
833 2403 935 2457 ὅσα
962 2402 1101 2473 πρὸς
1124 2404 1481 2473 τειχομαχίαν
1515 2402 1835 2468 ἀντίκειται,
1867 2407 1962 2458 καὶ

376 2498 574 2567 ἐτέρας
603 2495 802 2567 δὲ(74)
846 2497 985 2566 πρὸς
1030 2496 1388 2565 τειχομαχίας
1446 2496 1745 2567 ἐπιτήδεια.
1777 2494 1961 2550 Ταῦτα

377 2590 478 2658 μὲν
517 2589 615 2643 καὶ
642 2589 745 2658 τῆς
779 2586 1257 2660 ἀρχιτεκτονικῆς.

442 2681 544 2747 ξαν.
579 2681 694 2749 Τῆς
720 2680 777 2733 δὲ
827 2680 1196 2751 ἀστρονομίας
1241 2678 1404 2747 εἰσὶν,
1439 2680 1567 2743 τοὺς
1616 2682 1843 2763 καιρούς
1866 2681 1960 2735 τοῦ

338 2830 341 2833 _
374 2772 624 2826 ἐνιαυτοῦ
651 2772 960 2841 προλέγειν,
985 2774 1042 2824 ἐν
1087 2767 1169 2835 οἷς
1200 2774 1487 2843 χειμώνων
1520 2774 1616 2826 καὶ
1662 2776 1963 2844 καυμάτων

378 2864 676 2935 μεταϐολαὶ
706 2863 973 2932 γίνονται,
996 2864 1029 2934 ἦ
1057 2864 1267 2917 ὑδάτων
1299 2864 1547 2934 ὀμϐρίων
1573 2868 1904 2934 μεταφοραί,
1927 2866 1960 2937 ἢ

376 2956 708 3026 πνευμάτων
755 2956 1012 3020 ἐξαισίων
1047 2955 1312 3026 κινήσεις,
1346 2955 1406 3018 ἐξ
1448 2948 1525 3009 ὧν
1572 2957 1963 3026 στρατεύματα

375 3048 643 3111 πολλάκις
690 3049 772 3111 είς
838 3047 1129 3116 μεγίστους
1178 3045 1465 3109 κινδύνους
1527 3046 1805 3101 ἐνέπεσον.
1851 3046 1961 3101 Καὶ

376 3140 601 3209 περὶτὰ
642 3140 788 3211 μέρη
818 3140 875 3192 δὲ
902 3141 1004 3202 τῆς
1041 3137 1256 3208 ἡμέρας
1276 3138 1371 3235 καὶ
1412 3137 1762 3235 τῆςκνυκτὸς..
1794 3137 1958 3235 ἀκρι-
1991 3174 2037 3235 C

378 3231 487 3294 εῶς
513 3231 744 3301 διαιρεῖν
772 3230 897 3293 τοὺς
930 3230 1167 3299 καιροὺς
1204 3227 1342 3299 πρὸς
1381 3227 1482 3291 τὰς
1512 3226 1663 3298 ὥρας
1692 3226 1805 3279 τῶν
1837 3228 1963 3279 ἐπι-

378 3325 582 3391 θέσεων
618 3324 712 3376 καὶ
743 3323 879 3393 πρὸς
914 3322 1016 3384 τὰς
1046 3322 1408 3384 ἀναπαύσεις,
1462 3322 1522 3374 ὲν
1561 3314 1651 3384 αἶς
1674 3322 1964 3391 ἀστοχοῦν-

376 3432 468 3468 ται
496 3415 608 3487 (75)
642 3414 903 3478 πολλάκις
931 3415 1203 3485 ἄχρηστον
1237 3413 1338 3484 τὴν
1372 3411 1603 3482 δύναμίν
1623 3428 1768 3474 τινες
1789 3413 1965 3481 ἀπερ-

376 3506 655 3574 γάζονται.
692 3506 828 3577 Περί
867 3523 926 3559 τε
958 3506 1201 3576 σεισμῶν
1235 3507 1329 3559 καὶ
1377 3504 1484 3559 τῶν
1512 3502 1691 3559 ἄλλων
1721 3504 1965 3574 σημείων

377 3599 445 3652 τά
486 3597 749 3668 μέλλοντα
794 3596 1125 3668 δηλοποιεῖν,
1162 3598 1195 3669 ἢ
1232 3597 1329 3649 καὶ
1364 3595 1499 3664 πρὸς
1548 3594 1610 3646 τὸ
1659 3594 1960 3663 συμφέρον,

376 3688 474 3749 τὰς
531 3687 855 3756 ἐπιφανείας
938 3686 1203 3757 ἐντέχνως
1264 3682 1712 3755 μεταρυθμίζειν.
1779 3684 1965 3737 Πάντα

376 3778 550 3832 ταῦτα
600 3779 699 3850 τῆς
732 3776 1092 3849 ἀστρολογίας
1123 3777 1284 3831 είσίν.

455 3871 553 3941 ξβν.
583 3872 693 3941 Τῆς
725 3870 1106 3943 δὲιίερατικῆς
1152 3870 1300 3923 ἐστιν
1336 3868 1418 3932 τὸ,
1480 3867 1663 3931 καλῶς
1716 3866 1787 3920 τὰ
1842 3866 1964 3921 θεῖα

376 3962 634 4035 χρῆσθαι,
672 3964 765 4018 καὶ
792 3963 970 4017 ταῦτα
1010 3960 1278 4015 ἐπιτελεῖν
1308 3959 1679 4023 ἀδιαλείπτως
1700 3960 1768 4014 τὰ
1801 3976 1965 4031 στρα-

374 4055 625 4126 τεύματα
673 4054 915 4119 εὐσεϐῶς
944 4072 1003 4108 τε
1047 4054 1143 4107 καὶ
1170 4051 1482 4123 θεαρέστως
1525 4051 1668 4106 κατὰ
1726 4050 1816 4105 τδν
1858 4069 1965 4103 πα-

379 4147 674 4219 ραδοθέντα
706 4146 908 4216 θεσμὸν
947 4145 1158 4201 ἄνωθεν
1207 4147 1321 4208 τοῖς
1369 4142 1652 4196 εὐσεϐοῦσι
1693 4143 1963 4214 Χριστια-

376 4243 507 4305 νοῖς,
548 4240 637 4294 διά
686 4257 743 4294 τε
786 4238 1141 4310 ἰερολογιῶν,
1194 4237 1292 4291 καὶ
1354 4234 1681 4306 ἱερουργιῶν
1724 4236 1816 4289 καὶ
1853 4235 1963 4288 τῶν

378 4332 556 4386 ἄλλων
595 4330 771 4401 εὐχῶν
812 4330 905 4383 καὶ
938 4330 1176 4402 δεήσεων
1231 4329 1368 4399 πρὸς
1412 4327 1506 4379 τὸν
1537 4326 1670 4379 Θεὸν
1729 4324 1962 4389 ἐκτενῶς

375 4425 702 4495 γινομένων,
727 4425 823 4478 καὶ
854 4422 991 4494 πρὸς
1016 4421 1114 4493 τὴν
1134 4424 1514 4493 πανάχραηντον
1541 4418 1704 4472 αὑτοῦ
1732 4418 1965 4490 Μητέρα

2070 1944 2165 1990 aut
2192 1936 2561 1992 munitionum
2590 1938 2660 1993 ab
2683 1939 2925 1994 hostium
2971 1941 3482 1998 machinationibus
3512 1943 3654 1997 inte-

2071 2041 2198 2100 gros
2242 2045 2485 2096 servare,
2535 2039 2633 2085 aut
2679 2046 2946 2101 aquarum
2996 2034 3388 2090 inundationes
3427 2036 3498 2091 ab
3538 2037 3651 2093 illis

2070 2124 2354 2193 repellere,
2406 2139 2564 2179 arma
2610 2125 2679 2178 ad
2713 2141 2900 2181 muros
2929 2127 3306 2185 defendendos
3344 2143 3559 2199 parare,
3591 2139 3653 2187 ut

2071 2214 2417 2284 manganica,
2440 2216 2854 2284 toxobolistras,
2880 2227 2932 2271 et
2966 2219 3178 2289 reliqua
3216 2221 3383 2290 hujus
3404 2222 3647 2293 generis.

2068 2321 2413 2376 quaecunque
2462 2309 2547 2362 vel
2593 2308 2661 2361 ad
2714 2322 2904 2364 muros
2950 2308 3354 2376 defendendos,
3402 2313 3487 2367 vel
3544 2326 3651 2380 op-

2070 2397 2393 2465 pugnandos
2443 2406 2698 2467 spectare
2742 2400 2942 2465 solent,
2986 2410 3152 2471 atque
3199 2400 3316 2458 haee
3367 2401 3437 2459 de
3465 2403 3651 2459 arcblo'

2069 2495 2301 2544 tectura.

2138 2672 2230 2726 61.
2274 2674 2639 2728 Αεινοηοηιίαι
2684 2683 2771 2730 est
2820 2676 3281 2746 tempestivitates
3327 2676 3455 2731 anui
3511 2690 3653 2748 praes

2070 2763 2274 2829 dicere,
2324 2764 2606 2834 inquibus
2640 2766 2904 2836 frigorum
2930 2806 2945 2831 ,
2976 2776 3030 2821 et
3057 2768 3302 2822 calorum
3336 2778 3652 2824 commuta-

2070 2855 2248 2908 tiones
2282 2855 2441 2918 iiuut,
2489 2864 2584 2909 aut
2616 2857 2899 2923 imbrium,
2933 2867 2990 2912 et
3031 2874 3298 2929 aquarum
3340 2860 3657 2929 pluviarum‘

2071 2945 2371 3015 proluvies,
2402 2946 2487 3000 vel
2513 2955 2805 3001 ventorum
2843 2948 3147 3017 ingentium
3175 2949 3361 3016 ﬂatus,
3389 2964 3420 3005 e
3446 2951 3651 3020 quibus
3746 2950 3753 2954 ’

2070 3036 2250 3106 magni
2282 3038 2559 3092 exercitus
2610 3038 2665 3091 in
2701 3054 2917 3094 summa
2959 3056 3103 3111 saepe
3132 3041 3458 3097 discrimina
3488 3059 3657 3100 vene-‘

2073 3136 2227 3194 runt;
2260 3127 2365 3182 diei
2424 3130 2715 3200 noctisque
2740 3142 2924 3200 partes
2951 3133 3025 3187 ita
3057 3133 3349 3189 commode
3380 3134 3650 3201 dividere,

2068 3227 2130 3272 ut
2162 3220 2419 3288 requietis
2453 3236 2516 3275 ac
2574 3222 2914 3278 incursionis
2962 3233 3211 3294 tempora
3258 3225 3520 3282 facillime
3552 3242 3657 3283 co-‘

2067 3321 2425 3380 gnoscantnr,
2462 3314 2665 3382 quibus
2710 3330 2821 3368 non
2856 3317 3189 3382 observatis,
3232 3320 3516 3374 universae
3553 3335 3651 3376 co-

2066 3403 2283 3472 piarum
2342 3420 2572 3458 summa:
2617 3421 2762 3476 smpe
2817 3408 2871 3462 i'n
2923 3409 3090 3464 rebus
3137 3411 3521 3480 aggredienalis
3574 3413 3651 3467 ir-

2066 3495 2189 3549 rita:
2234 3505 2395 3564 atque
2439 3496 2633 3553 inanes
2684 3498 2939 3565 fuerunt;
2974 3508 3134 3555 terrae
3170 3511 3372 3568 motus,
3406 3503 3649 3573 reliquo-

2065 3601 2299 3657 rumque
2346 3589 2654 3659 signorum,
2709 3600 2764 3645 et
2810 3598 3192 3659 portentorum
3241 3605 3472 3651 BVCIIlUS
3515 3611 3652 3667 prtu-

2066 3689 2396 3747 monstrare,
2442 3682 2644 3753 illaque
2691 3684 2758 3739 ad
2805 3691 3030 3740 nostros
3066 3687 3272 3742 milites
3321 3688 3652 3745 animandos

2066 3773 2386 3829 transferre.
2415 3772 2521 3829 Sed
2553 3775 2621 3831 de
2652 3776 2947 3848 astrologia
2974 3778 3130 3833 satis.

2136 3866 2226 3922 62.
2280 3866 2582 3923 Sacrarum
2622 3884 2810 3924 rerum
2855 3870 3104 3926 scientiae
3134 3878 3244 3935 est,
3273 3871 3414 3927 bene
3442 3873 3652 3930 divinis

2066 3960 2166 4024 uti,
2198 3969 2253 4016 et
2285 3960 2371 4016 his
2404 3961 2752 4017 incessanter
2780 3962 2998 4031 operari
3031 3963 3281 4018 exercitu
3328 3965 3438 4033 pie,
3476 3973 3534 4020 et
3572 3966 3649 4021 ita

2065 4060 2127 4107 ut
2174 4050 2286 4107 Deo
2338 4052 2616 4123 placeant,
2646 4055 2802 4123 juxta
2832 4054 3005 4125 legem
3034 4054 3511 4124 piis‘Cbristianis
3557 4073 3652 4112 su-

2065 4146 2251 4217 perius
2279 4147 2557 4212 traditam,
2584 4162 2681 4217 per
2706 4162 2899 4204 sacros
2929 4163 3237 4212 sermones,
3272 4157 3327 4205 et
3353 4151 3649 4216 sacrificia,

2065 4248 2119 4294 et
2143 4239 2280 4294 alias
2308 4239 2612 4302 orationes,
2661 4246 2717 4293 et
2750 4250 2943 4309 preces
2976 4238 3045 4293 ad
3094 4238 3266 4295 Deum
3317 4241 3563 4304 assidue,
3595 4251 3652 4297 et

2066 4332 2133 4387 ad
2179 4331 2300 4401 ejus
2354 4331 2741 4386 intemeratam
2804 4326 3168 4397 Matrem,'et
3230 4330 3539 4402 Deiparam,
3597 4346 3665 4389 ρι’

2066 4433 2288 4480 sanctos
2332 4423 2455 4493 ejus
2497 4422 2759 4487 famulos,
2804 4423 3005 4489 factas,
3053 4423 3259 4495 quibus
3313 4426 3652 4496 propitiatur

375 4518 471 4573 καὶ
504 4518 787 4583 Θεοτόκον,
820 4518 916 4572 καὶ
952 4516 1080 4579 τοὺς
1142 4514 1332 4583 ἁγίους
1382 4512 1549 4568 αὑτοῦ
1595 4512 1957 4584 Θεράποντας.

2068 4517 2230 4580 Deus;
2248 4524 2303 4573 et
2331 4532 2431 4587 per
2460 4516 2623 4571 ﬁdem
2654 4516 2853 4572 salutis
2878 4516 3079 4572 animae
3107 4516 3346 4573 militum
3374 4516 3667 4574 ﬁrmiom'

387 4610 481 4676 Ἐξ
512 4596 587 4666 ὧν
610 4609 846 4664 ἱλεοῦται
864 4608 926 4664 τὸ
948 4608 1124 4674 Θεῖον,
1147 4607 1244 4660 καὶ
1268 4607 1355 4660 διὰ
1374 4605 1470 4677 τὴν
1499 4605 1686 4658 πίστιν
1711 4607 1810 4672 τῆς
1845 4621 1953 4658 σω-

374 4702 570 4775 τηρίας
600 4704 656 4758 αί
676 4702 848 4774 ψυχαὶ
874 4701 983 4759 τῶν
1014 4697 1363 4772 στρατιωτῶν
1391 4697 1794 4769 εὑρωστὸτεραι
1816 4696 1953 4767 πρὸς

373 4796 501 4860 τοὺς
535 4794 815 4858 κινδύνους
847 4790 1394 4865 παρασκευάζονται.

447 4885 549 4957 ξγ’.
575 4888 686 4957 Τῆς
714 4886 771 4939 δέ
795 4884 1045 4956 ἰατρικῆς
1080 4885 1218 4950 ἐστι,
1252 4882 1380 4952 περὶ
1403 4881 1472 4934 τὰ
1496 4878 1635 4949 έλκη
1660 4876 1731 4932 τά
1759 4880 1823 4933 ἐκ
1844 4879 1955 4932 τῶν

373 4979 708 5050 τραυμάτων
765 4977 1049 5047 γινόμενα,
1096 4976 1190 5031 καὶ
1239 4974 1369 5046 περὶ
1416 4974 1516 5035 τὰς
1568 4971 1785 5043 πληγάς
1834 4973 1959 5026 ὅσαι

374 5073 485 5126 ἀπὺ
513 5070 678 5125 λίθων
704 5070 738 5143 ἦ
767 5069 877 5124 ἀπὸ
907 5067 1078 5139 βελῶν
1106 5067 1138 5138 ἢ
1170 5068 1337 5120 άλλου
1393 5065 1542 5130 τινὸς
1575 5063 1742 5118 ὅπλου
1780 5062 1960 5131 γίνονο

375 5181 490 5231 ται,
525 5165 732 5219 τούτων
757 5148 997 5218 πάντων
1033 5161 1303 5231 φάρμακα
1333 5159 1479 5231 ἔχειν
1532 5157 1959 5230 θεραπευτικὴν,

2064 4611 2131 4667 ad
2165 4609 2407 4683 pericula
2438 4608 2729 4666 subeunda
2768 4616 3057 4680 parantur.

2138 4872 2227 4929 63.
2270 4871 2561 4937 Medicina,
2616 4871 2823 4933 ulcera,
2849 4869 2994 4940 'qua:
3041 4882 3109 4923 ex
3151 4867 3477 4923 vulneribus
3524 4878 3647 4924 orta

2067 4975 2219 5034 sunt,
2245 4967 2331 5022 vel
2364 4967 2579 5037 plagas,
2607 4979 2729 5036 quae
2759 4961 3057 5032 lapidibus,
3091 4969 3187 5015 aut
3217 4960 3369 5028 telis,
3402 4969 3499 5016 aut
3522 4958 3649 5017 aliis

2063 5060 2381 5131 huiusmodi
2432 5059 2597 5114 rebus
2634 5054 2979 5125 inﬂiguntur,
3030 5063 3217 5118 sanat,
3259 5061 3318 5107 et
3348 5053 3647 5123 pharmaea

2061 5154 2130 5210 iis
2155 5161 2345 5225 parata
2381 5151 2568 5206 habet.
2623 5146 3029 5220 IEgritudines,
3065 5161 3187 5217 qua:
3214 5161 3282 5202 ex
3314 5146 3520 5210 calore,
3550 5156 3668 5201 aut~

378 5260 479 5313 καὶ
499 5242 814 5330 ἐπιστήμην
846 5255 1119 5326 ἰατρικήν.
1174 5240 1330 5305 Ἀλλ⁹’
1348 5252 1449 5304 ὅσα
1493 5251 1778 5321 νοσήματα
1807 5250 1963 5303 κοινὰ

2068 5246 2286 5317 frigore,
2320 5242 2534 5305 labore,
2563 5250 2833 5311 aquarum
2870 5235 3198 5303 mutatione,
3228 5237 3474 5292 locorum
3511 5235 3643 5300 situ,

381 5350 703 5420 συμϐαίνειν
746 5348 907 5403 εἴωθε
940 5346 1194 5417 διαψύχει
1220 5343 1358 5415 (76),
1404 5343 1499 5397 καὶ
1543 5343 1830 5415 καύματα,
1866 5342 1960 5395 καὶ

378 5443 578 5509 πόνους
601 5484 617 5510 ,
652 5443 747 5499 καί⁵
780 5440 989 5496 ὑδάτων
1033 5436 1371 5510 μεταϐολάς,
1412 5435 1508 5489 καὶ
1549 5435 1729 5491 τύπων
1759 5433 1955 5501 Θέσεις,

2061 5338 2205 5394 aeris
2237 5335 2517 5407 temperie,
2564 5332 2814 5406 corporis
2860 5329 3089 5388 curandi
3136 5328 3487 5402 negligentia,
3540 5326 3645 5384 ali-

2072 5426 2385 5490 mentOrum
2417 5428 2805 5502 improbitate,
2837 5440 3107 5485 novarum
3146 5424 3391 5497 frugum,
3432 5432 3489 5480 et
3530 5418 3649 5478 fru-

1906 5600 1913 5605 ’
1930 5610 2160 5670 ΝΟΤκΕ.

450 5711 563 5789 (ῃ)
594 5711 705 5789 Καὶ
732 5712 940 5789 έτέρεις
964 5710 1050 5765 δέ.
1083 5708 1294 5789 ξοτιιτε,
1332 5694 1427 5789 καὶ
1458 5706 1619 5789 ιτέρα
1642 5706 1723 5765 δέ.

446 5780 559 5856 (75)
605 5782 1052 5851 Ἀστοχοῦνται.
1083 5780 1294 5846 Scribe,
1326 5780 1704 5851 ἀστοχοῦντες.

695 5879 968 5940 Ρλτῐιοι..
1009 5879 1124 5939 Gn.
1146 5873 1246 5941 CV
1253 5876 1334 5938 ll.

2139 5705 2252 5779 (76)
2293 5706 2602 5777 Διαψύχει.
2635 5702 2846 5771 Scribe,
2877 5700 2965 5758 διὰ
2997 5699 3166 5772 ψύχη.

3291 5855 3367 5917 35
