  <div class='ocr_page' id='page_1' title='image "/cluster/home/n/w/nwhite01/storage/ocr_20150623/107/coo.31924054870112/592.png"; bbox 0 0 4120 6434; ppageno 0'>
   <div class='ocr_carea' id='block_1_1' title="bbox 361 352 502 420">
    <p class='ocr_par' dir='ltr' id='par_1_1' title="bbox 361 352 502 420">
     <span class='ocr_line' id='line_1_1' title="bbox 361 352 502 420; baseline 0.014 -2"><span class='ocrx_word' id='word_1_1' title='bbox 361 352 502 420; x_wconf 78' lang='lat'>1093</span> 
     </span>
    </p>
   </div>
   <div class='ocr_carea' id='block_1_2' title="bbox 1555 352 2441 420">
    <p class='ocr_par' dir='ltr' id='par_1_2' title="bbox 1555 352 2441 420">
     <span class='ocr_line' id='line_1_2' title="bbox 1555 352 2441 420; baseline 0.008 -7"><span class='ocrx_word' id='word_1_2' title='bbox 1555 352 1895 413; x_wconf 76' lang='lat' dir='ltr'>TACTICA.</span> <span class='ocrx_word' id='word_1_3' title='bbox 1941 378 2002 389; x_wconf 87' lang='lat'><strong>-</strong></span> <span class='ocrx_word' id='word_1_4' title='bbox 2037 353 2441 420; x_wconf 83' lang='lat' dir='ltr'>EPILOGUS.</span> 
     </span>
    </p>
   </div>
   <div class='ocr_carea' id='block_1_3' title="bbox 3502 361 3638 426">
    <p class='ocr_par' dir='ltr' id='par_1_3' title="bbox 3502 361 3638 426">
     <span class='ocr_line' id='line_1_3' title="bbox 3502 361 3638 426; baseline 0.029 -4"><span class='ocrx_word' id='word_1_5' title='bbox 3502 361 3638 426; x_wconf 63' lang='lat'>1094</span> 
     </span>
    </p>
   </div>
   <div class='ocr_carea' id='block_1_4' title="bbox 360 465 1940 542">
    <p class='ocr_par' dir='ltr' id='par_1_4' title="bbox 360 465 1940 542">
     <span class='ocr_line' id='line_1_4' title="bbox 360 465 1940 542; baseline -0.001 -20"><span class='ocrx_word' id='word_1_6' title='bbox 360 465 569 542; x_wconf 75' lang='grc' dir='ltr'>βιϐλίου</span> <span class='ocrx_word' id='word_1_7' title='bbox 597 467 811 532; x_wconf 80' lang='grc' dir='ltr'>τούτου,</span> <span class='ocrx_word' id='word_1_8' title='bbox 859 469 953 522; x_wconf 65' lang='grc' dir='ltr'>καὶ</span> <span class='ocrx_word' id='word_1_9' title='bbox 1003 470 1123 525; x_wconf 88' lang='grc' dir='ltr'>λίαν</span> <span class='ocrx_word' id='word_1_10' title='bbox 1161 469 1432 538; x_wconf 75' lang='grc' dir='ltr'>ὠφέλιμα·</span> <span class='ocrx_word' id='word_1_11' title='bbox 1465 469 1592 522; x_wconf 80' lang='grc' dir='ltr'>ὅταν</span> <span class='ocrx_word' id='word_1_12' title='bbox 1625 470 1733 540; x_wconf 81' lang='grc' dir='ltr'>γὰρ</span> <span class='ocrx_word' id='word_1_13' title='bbox 1765 471 1822 522; x_wconf 88' lang='grc' dir='ltr'>ἐν</span> <span class='ocrx_word' id='word_1_14' title='bbox 1850 468 1940 520; x_wconf 74' lang='grc' dir='ltr'>αυ-</span> 
     </span>
    </p>
   </div>
   <div class='ocr_carea' id='block_1_5' title="bbox 2047 465 3636 542">
    <p class='ocr_par' dir='ltr' id='par_1_5' title="bbox 2048 469 3636 540">
     <span class='ocr_line' id='line_1_5' title="bbox 2048 469 3636 540; baseline 0.006 -18"><span class='ocrx_word' id='word_1_15' title='bbox 2048 470 2272 532; x_wconf 82' lang='lat' dir='ltr'>tavcris,</span> <span class='ocrx_word' id='word_1_16' title='bbox 2306 469 2352 524; x_wconf 89' lang='lat' dir='ltr'>si</span> <span class='ocrx_word' id='word_1_17' title='bbox 2385 470 2493 523; x_wconf 83' lang='lat' dir='ltr'>illis</span> <span class='ocrx_word' id='word_1_18' title='bbox 2518 470 2709 525; x_wconf 77' lang='lat' dir='ltr'>iisdem</span> <span class='ocrx_word' id='word_1_19' title='bbox 2743 471 2930 528; x_wconf 77' lang='lat' dir='ltr'>hostes</span> <span class='ocrx_word' id='word_1_20' title='bbox 2956 484 3206 540; x_wconf 88' lang='lat' dir='ltr'>utantur,</span> <span class='ocrx_word' id='word_1_21' title='bbox 3242 475 3402 531; x_wconf 79' lang='lat' dir='ltr'>facile</span> <span class='ocrx_word' id='word_1_22' title='bbox 3435 476 3636 532; x_wconf 84' lang='lat' dir='ltr'>borum</span> 
     </span>
    </p>
   </div>
   <div class='ocr_carea' id='block_1_6' title="bbox 355 561 1939 634">
    <p class='ocr_par' dir='ltr' id='par_1_6' title="bbox 355 561 1939 634">
     <span class='ocr_line' id='line_1_6' title="bbox 355 561 1939 634; baseline -0.001 -22"><span class='ocrx_word' id='word_1_23' title='bbox 355 561 436 630; x_wconf 83' lang='grc' dir='ltr'>τῷ</span> <span class='ocrx_word' id='word_1_24' title='bbox 480 561 725 630; x_wconf 78' lang='grc' dir='ltr'>ἀκριϐῶς</span> <span class='ocrx_word' id='word_1_25' title='bbox 785 564 1220 634; x_wconf 70' lang='grc' dir='ltr'>στρατηγήματά</span> <span class='ocrx_word' id='word_1_26' title='bbox 1297 581 1358 616; x_wconf 81' lang='grc' dir='ltr'>τε</span> <span class='ocrx_word' id='word_1_27' title='bbox 1413 563 1510 616; x_wconf 67' lang='grc' dir='ltr'>καὶ</span> <span class='ocrx_word' id='word_1_28' title='bbox 1587 563 1939 631; x_wconf 72' lang='grc' dir='ltr'>διατάγματα</span> 
     </span>
    </p>
   </div>
   <div class='ocr_carea' id='block_1_7' title="bbox 2051 562 3075 634">
    <p class='ocr_par' dir='ltr' id='par_1_7' title="bbox 2051 562 3075 634">
     <span class='ocr_line' id='line_1_7' title="bbox 2051 562 3075 634; baseline 0.006 -20"><span class='ocrx_word' id='word_1_29' title='bbox 2051 562 2258 630; x_wconf 78' lang='lat' dir='ltr'>peritus</span> <span class='ocrx_word' id='word_1_30' title='bbox 2292 562 2568 615; x_wconf 85' lang='lat' dir='ltr'>contraria</span> <span class='ocrx_word' id='word_1_31' title='bbox 2604 579 2872 632; x_wconf 86' lang='lat' dir='ltr'>usurpare</span> <span class='ocrx_word' id='word_1_32' title='bbox 2903 576 3075 634; x_wconf 89' lang='lat' dir='ltr'>potes.</span> 
     </span>
    </p>
   </div>
   <div class='ocr_carea' id='block_1_8' title="bbox 358 651 3639 730">
    <p class='ocr_par' dir='ltr' id='par_1_8' title="bbox 358 651 3639 730">
     <span class='ocr_line' id='line_1_8' title="bbox 358 651 3639 730; baseline 0.002 -24"><span class='ocrx_word' id='word_1_33' title='bbox 358 652 501 722; x_wconf 79' lang='grc' dir='ltr'>ὑπὲρ</span> <span class='ocrx_word' id='word_1_34' title='bbox 562 651 655 704; x_wconf 82' lang='grc' dir='ltr'>σοῦ</span> <span class='ocrx_word' id='word_1_35' title='bbox 719 654 1116 723; x_wconf 80' lang='grc' dir='ltr'>κατανοήσεις,</span> <span class='ocrx_word' id='word_1_36' title='bbox 1173 656 1295 706; x_wconf 87' lang='grc' dir='ltr'>τότε</span> <span class='ocrx_word' id='word_1_37' title='bbox 1357 655 1467 724; x_wconf 81' lang='grc' dir='ltr'>ἄρα</span> <span class='ocrx_word' id='word_1_38' title='bbox 1514 654 1608 707; x_wconf 75' lang='grc' dir='ltr'>καὶ</span> <span class='ocrx_word' id='word_1_39' title='bbox 1653 654 1834 706; x_wconf 73' lang='grc' dir='ltr'>εἴποτε</span> <span class='ocrx_word' id='word_1_40' title='bbox 1882 654 1994 714; x_wconf 82' lang='grc' dir='ltr'>τοῖς</span> <span class='ocrx_word' id='word_1_41' title='bbox 2027 652 2213 716; x_wconf 75' lang='grc' dir='ltr'>αὐτοῖς</span> <span class='ocrx_word' id='word_1_42' title='bbox 2278 653 2326 704; x_wconf 73' lang='lat' dir='ltr'>oi.</span> <span class='ocrx_word' id='word_1_43' title='bbox 2366 653 2616 724; x_wconf 76' lang='grc' dir='ltr'>πολέμιοι</span> <span class='ocrx_word' id='word_1_44' title='bbox 2664 657 2978 727; x_wconf 81' lang='grc' dir='ltr'>χρήσονται,</span> <span class='ocrx_word' id='word_1_45' title='bbox 3039 659 3239 730; x_wconf 73' lang='grc' dir='ltr'>ῥᾳδίως</span> <span class='ocrx_word' id='word_1_46' title='bbox 3293 659 3363 714; x_wconf 74' lang='grc' dir='ltr'>τὰ</span> <span class='ocrx_word' id='word_1_47' title='bbox 3418 659 3639 713; x_wconf 82' lang='grc' dir='ltr'>ἐναντία</span> 
     </span>
    </p>
   </div>
   <div class='ocr_carea' id='block_1_9' title="bbox 356 743 1355 815">
    <p class='ocr_par' dir='ltr' id='par_1_9' title="bbox 356 743 1355 815">
     <span class='ocr_line' id='line_1_9' title="bbox 356 743 1355 815; baseline 0 -17"><span class='ocrx_word' id='word_1_48' title='bbox 356 744 566 798; x_wconf 75' lang='grc' dir='ltr'>τούτων</span> <span class='ocrx_word' id='word_1_49' title='bbox 592 743 734 796; x_wconf 76' lang='grc' dir='ltr'>κατὰ</span> <span class='ocrx_word' id='word_1_50' title='bbox 761 745 988 798; x_wconf 78' lang='grc' dir='ltr'>ἐκείνων</span> <span class='ocrx_word' id='word_1_51' title='bbox 1018 746 1355 815; x_wconf 75' lang='grc' dir='ltr'>ἐπινοήσεις.</span> 
     </span>
    </p>
   </div>
   <div class='ocr_carea' id='block_1_10' title="bbox 426 835 1949 910">
    <p class='ocr_par' dir='ltr' id='par_1_10' title="bbox 426 835 1949 910">
     <span class='ocr_line' id='line_1_10' title="bbox 426 835 1949 910; baseline 0 -18"><span class='ocrx_word' id='word_1_52' title='bbox 426 835 490 892; x_wconf 90' lang='lat' dir='ltr'>o&#39;.</span> <span class='ocrx_word' id='word_1_53' title='bbox 523 838 709 890; x_wconf 82' lang='grc' dir='ltr'>Ταῦτα</span> <span class='ocrx_word' id='word_1_54' title='bbox 754 837 862 908; x_wconf 79' lang='grc' dir='ltr'>γάρ</span> <span class='ocrx_word' id='word_1_55' title='bbox 895 841 1039 893; x_wconf 71' lang='grc' dir='ltr'>κατὰ</span> <span class='ocrx_word' id='word_1_56' title='bbox 1093 841 1156 892; x_wconf 83' lang='grc' dir='ltr'>τὸ</span> <span class='ocrx_word' id='word_1_57' title='bbox 1188 840 1409 894; x_wconf 83' lang='grc' dir='ltr'>δυνατὸν</span> <span class='ocrx_word' id='word_1_58' title='bbox 1456 839 1520 892; x_wconf 77' lang='grc' dir='ltr'>ἐκ</span> <span class='ocrx_word' id='word_1_59' title='bbox 1564 857 1622 892; x_wconf 86' lang='grc' dir='ltr'>τε</span> <span class='ocrx_word' id='word_1_60' title='bbox 1679 841 1779 910; x_wconf 82' lang='grc' dir='ltr'>τῆς</span> <span class='ocrx_word' id='word_1_61' title='bbox 1843 839 1949 893; x_wconf 82' lang='grc' dir='ltr'>τῶν</span> 
     </span>
    </p>
   </div>
   <div class='ocr_carea' id='block_1_11' title="bbox 357 931 1947 1003">
    <p class='ocr_par' dir='ltr' id='par_1_11' title="bbox 357 931 1947 1003">
     <span class='ocr_line' id='line_1_11' title="bbox 357 931 1947 1003; baseline -0.004 -12"><span class='ocrx_word' id='word_1_62' title='bbox 357 931 564 984; x_wconf 79' lang='grc' dir='ltr'>πόλεων</span> <span class='ocrx_word' id='word_1_63' title='bbox 595 931 706 1001; x_wconf 78' lang='lat'>(79)</span> <span class='ocrx_word' id='word_1_64' title='bbox 743 932 962 1001; x_wconf 79' lang='grc' dir='ltr'>πείρας,</span> <span class='ocrx_word' id='word_1_65' title='bbox 1006 933 1081 995; x_wconf 83' lang='grc' dir='ltr'>ὡς</span> <span class='ocrx_word' id='word_1_66' title='bbox 1119 934 1360 1003; x_wconf 72' lang='grc' dir='ltr'>εἴρηται,</span> <span class='ocrx_word' id='word_1_67' title='bbox 1396 934 1490 986; x_wconf 79' lang='grc' dir='ltr'>καὶ</span> <span class='ocrx_word' id='word_1_68' title='bbox 1527 935 1590 985; x_wconf 82' lang='grc' dir='ltr'>ἐκ</span> <span class='ocrx_word' id='word_1_69' title='bbox 1639 933 1750 986; x_wconf 83' lang='grc' dir='ltr'>τῶν</span> <span class='ocrx_word' id='word_1_70' title='bbox 1791 933 1947 1002; x_wconf 85' lang='grc' dir='ltr'>εἰρη-</span> 
     </span>
    </p>
   </div>
   <div class='ocr_carea' id='block_1_12' title="bbox 359 1023 1946 1096">
    <p class='ocr_par' dir='ltr' id='par_1_12' title="bbox 359 1023 1946 1096">
     <span class='ocr_line' id='line_1_12' title="bbox 359 1023 1946 1096; baseline 0.003 -22"><span class='ocrx_word' id='word_1_71' title='bbox 359 1023 539 1091; x_wconf 77' lang='grc' dir='ltr'>μένων</span> <span class='ocrx_word' id='word_1_72' title='bbox 584 1024 735 1094; x_wconf 68' lang='grc' dir='ltr'>παρὰ</span> <span class='ocrx_word' id='word_1_73' title='bbox 806 1025 915 1078; x_wconf 85' lang='grc' dir='ltr'>τῶν</span> <span class='ocrx_word' id='word_1_74' title='bbox 988 1025 1254 1096; x_wconf 87' lang='grc' dir='ltr'>ἀρχαίων,</span> <span class='ocrx_word' id='word_1_75' title='bbox 1314 1028 1394 1088; x_wconf 80' lang='grc' dir='ltr'>είς</span> <span class='ocrx_word' id='word_1_76' title='bbox 1445 1025 1631 1095; x_wconf 78' lang='grc' dir='ltr'>κοινὴν</span> <span class='ocrx_word' id='word_1_77' title='bbox 1675 1025 1946 1094; x_wconf 80' lang='grc' dir='ltr'>ὠφέλειαν</span> 
     </span>
    </p>
   </div>
   <div class='ocr_carea' id='block_1_13' title="bbox 357 1114 1944 1189">
    <p class='ocr_par' dir='ltr' id='par_1_13' title="bbox 357 1114 1944 1189">
     <span class='ocr_line' id='line_1_13' title="bbox 357 1114 1944 1189; baseline 0.002 -23"><span class='ocrx_word' id='word_1_78' title='bbox 357 1114 819 1186; x_wconf 80' lang='grc' dir='ltr'>προτεθείκαμεν,</span> <span class='ocrx_word' id='word_1_79' title='bbox 844 1115 970 1169; x_wconf 69' lang='grc' dir='ltr'>οὔτε</span> <span class='ocrx_word' id='word_1_80' title='bbox 1015 1116 1246 1181; x_wconf 78' lang='grc' dir='ltr'>κάλλους</span> <span class='ocrx_word' id='word_1_81' title='bbox 1281 1116 1480 1182; x_wconf 79' lang='grc' dir='ltr'>λέξεως</span> <span class='ocrx_word' id='word_1_82' title='bbox 1532 1119 1944 1189; x_wconf 79' lang='grc' dir='ltr'>φροντίσαντες,</span> 
     </span>
    </p>
   </div>
   <div class='ocr_carea' id='block_1_14' title="bbox 355 1206 1943 1280">
    <p class='ocr_par' dir='ltr' id='par_1_14' title="bbox 355 1206 1943 1280">
     <span class='ocr_line' id='line_1_14' title="bbox 355 1206 1943 1280; baseline 0.003 -23"><span class='ocrx_word' id='word_1_83' title='bbox 355 1206 431 1269; x_wconf 84' lang='grc' dir='ltr'>ὡς</span> <span class='ocrx_word' id='word_1_84' title='bbox 458 1208 516 1259; x_wconf 90' lang='grc' dir='ltr'>ἐν</span> <span class='ocrx_word' id='word_1_85' title='bbox 542 1207 684 1278; x_wconf 78' lang='grc' dir='ltr'>ἀρχῇ</span> <span class='ocrx_word' id='word_1_86' title='bbox 714 1225 814 1260; x_wconf 90' lang='grc' dir='ltr'>που</span> <span class='ocrx_word' id='word_1_87' title='bbox 849 1210 982 1278; x_wconf 79' lang='grc' dir='ltr'>ἡμῖν</span> <span class='ocrx_word' id='word_1_88' title='bbox 1007 1208 1222 1280; x_wconf 84' lang='grc' dir='ltr'>εἴρηται</span> <span class='ocrx_word' id='word_1_89' title='bbox 1255 1211 1348 1262; x_wconf 83' lang='grc' dir='ltr'>τοῦ</span> <span class='ocrx_word' id='word_1_90' title='bbox 1376 1211 1779 1279; x_wconf 80' lang='grc' dir='ltr'>συντάγματος,</span> <span class='ocrx_word' id='word_1_91' title='bbox 1817 1208 1943 1261; x_wconf 68' lang='grc' dir='ltr'>οὔτε</span> 
     </span>
    </p>
   </div>
   <div class='ocr_carea' id='block_1_15' title="bbox 358 1299 1944 1371">
    <p class='ocr_par' dir='ltr' id='par_1_15' title="bbox 358 1299 1944 1371">
     <span class='ocr_line' id='line_1_15' title="bbox 358 1299 1944 1371; baseline 0.002 -21"><span class='ocrx_word' id='word_1_92' title='bbox 358 1299 460 1369; x_wconf 80' lang='grc' dir='ltr'>τῆς</span> <span class='ocrx_word' id='word_1_93' title='bbox 523 1299 694 1368; x_wconf 77' lang='grc' dir='ltr'>ἄλλης</span> <span class='ocrx_word' id='word_1_94' title='bbox 731 1301 1104 1370; x_wconf 85' lang='grc' dir='ltr'>ἐμπεριέργου</span> <span class='ocrx_word' id='word_1_95' title='bbox 1173 1301 1502 1365; x_wconf 81' lang='grc' dir='ltr'>συντάξεως,</span> <span class='ocrx_word' id='word_1_96' title='bbox 1541 1301 1658 1352; x_wconf 82' lang='grc' dir='ltr'>ἀλλ’</span> <span class='ocrx_word' id='word_1_97' title='bbox 1696 1300 1729 1371; x_wconf 75' lang='grc' dir='ltr'>ἢ</span> <span class='ocrx_word' id='word_1_98' title='bbox 1783 1299 1944 1371; x_wconf 87' lang='grc' dir='ltr'>μόνον</span> 
     </span>
    </p>
   </div>
   <div class='ocr_carea' id='block_1_16' title="bbox 355 1389 1943 1463">
    <p class='ocr_par' dir='ltr' id='par_1_16' title="bbox 355 1389 1943 1463">
     <span class='ocr_line' id='line_1_16' title="bbox 355 1389 1943 1463; baseline 0.001 -22"><span class='ocrx_word' id='word_1_99' title='bbox 355 1389 412 1442; x_wconf 81' lang='grc' dir='ltr'>δὲ</span> <span class='ocrx_word' id='word_1_100' title='bbox 441 1390 640 1455; x_wconf 81' lang='grc' dir='ltr'>ἁπλαῖς</span> <span class='ocrx_word' id='word_1_101' title='bbox 683 1391 777 1444; x_wconf 72' lang='grc' dir='ltr'>καὶ</span> <span class='ocrx_word' id='word_1_102' title='bbox 803 1394 1010 1454; x_wconf 82' lang='grc' dir='ltr'>κοιναῖς</span> <span class='ocrx_word' id='word_1_103' title='bbox 1047 1393 1385 1463; x_wconf 78' lang='grc' dir='ltr'>χρησάμενοι</span> <span class='ocrx_word' id='word_1_104' title='bbox 1438 1393 1560 1455; x_wconf 84' lang='grc' dir='ltr'>ταῖς</span> <span class='ocrx_word' id='word_1_105' title='bbox 1613 1391 1819 1457; x_wconf 76' lang='grc' dir='ltr'>λέξεσι,</span> <span class='ocrx_word' id='word_1_106' title='bbox 1847 1391 1943 1443; x_wconf 78' lang='grc' dir='ltr'>καὶ</span> 
     </span>
    </p>
   </div>
   <div class='ocr_carea' id='block_1_17' title="bbox 355 1483 1943 1565">
    <p class='ocr_par' dir='ltr' id='par_1_17' title="bbox 355 1483 1943 1565">
     <span class='ocr_line' id='line_1_17' title="bbox 355 1483 1943 1565; baseline 0 -29"><span class='ocrx_word' id='word_1_107' title='bbox 355 1484 572 1547; x_wconf 72' lang='grc' dir='ltr'>ὁποίαις</span> <span class='ocrx_word' id='word_1_108' title='bbox 599 1483 801 1554; x_wconf 80' lang='grc' dir='ltr'>μᾶλλον</span> <span class='ocrx_word' id='word_1_109' title='bbox 852 1485 886 1554; x_wconf 84' lang='grc' dir='ltr'>ή</span> <span class='ocrx_word' id='word_1_110' title='bbox 939 1485 1315 1556; x_wconf 80' lang='grc' dir='ltr'>στρατιωτικὴ</span> <span class='ocrx_word' id='word_1_111' title='bbox 1384 1486 1645 1557; x_wconf 85' lang='grc' dir='ltr'>συνήθεια</span> <span class='ocrx_word' id='word_1_112' title='bbox 1705 1483 1943 1565; x_wconf 70' lang='grc' dir='ltr'>χρῆαθαι</span> 
     </span>
    </p>
   </div>
   <div class='ocr_carea' id='block_1_18' title="bbox 357 1572 575 1627">
    <p class='ocr_par' dir='ltr' id='par_1_18' title="bbox 357 1572 575 1627">
     <span class='ocr_line' id='line_1_18' title="bbox 357 1572 575 1627; baseline 0.005 -1"><span class='ocrx_word' id='word_1_113' title='bbox 357 1572 575 1627; x_wconf 73' lang='grc' dir='ltr'>εἴωθεν.</span> 
     </span>
    </p>
   </div>
   <div class='ocr_carea' id='block_1_19' title="bbox 423 1663 1943 1738">
    <p class='ocr_par' dir='ltr' id='par_1_19' title="bbox 423 1663 1943 1738">
     <span class='ocr_line' id='line_1_19' title="bbox 423 1663 1943 1738; baseline -0.003 -18"><span class='ocrx_word' id='word_1_114' title='bbox 423 1664 520 1722; x_wconf 84' lang='grc' dir='ltr'>οα’.</span> <span class='ocrx_word' id='word_1_115' title='bbox 558 1668 700 1720; x_wconf 86' lang='grc' dir='ltr'>Ὅσα</span> <span class='ocrx_word' id='word_1_116' title='bbox 721 1668 776 1721; x_wconf 71' lang='grc' dir='ltr'>δὲ</span> <span class='ocrx_word' id='word_1_117' title='bbox 794 1668 1068 1738; x_wconf 80' lang='grc' dir='ltr'>κεφάλαια</span> <span class='ocrx_word' id='word_1_118' title='bbox 1091 1667 1256 1738; x_wconf 82' lang='grc' dir='ltr'>’ἐτερα</span> <span class='ocrx_word' id='word_1_119' title='bbox 1279 1666 1370 1729; x_wconf 74' lang='grc' dir='ltr'>τά,</span> <span class='ocrx_word' id='word_1_120' title='bbox 1396 1665 1472 1728; x_wconf 82' lang='grc' dir='ltr'>ὡς</span> <span class='ocrx_word' id='word_1_121' title='bbox 1491 1664 1660 1728; x_wconf 82' lang='grc' dir='ltr'>είκὸς,</span> <span class='ocrx_word' id='word_1_122' title='bbox 1684 1663 1943 1718; x_wconf 73' lang='grc' dir='ltr'>ἁπάντων</span> 
     </span>
    </p>
   </div>
   <div class='ocr_carea' id='block_1_20' title="bbox 351 1755 1940 1832">
    <p class='ocr_par' dir='ltr' id='par_1_20' title="bbox 351 1755 1940 1832">
     <span class='ocr_line' id='line_1_20' title="bbox 351 1755 1940 1832; baseline -0.005 -19"><span class='ocrx_word' id='word_1_123' title='bbox 351 1763 422 1814; x_wconf 71' lang='grc' dir='ltr'>τά</span> <span class='ocrx_word' id='word_1_124' title='bbox 481 1763 540 1814; x_wconf 78' lang='grc' dir='ltr'>ἐν</span> <span class='ocrx_word' id='word_1_125' title='bbox 592 1762 810 1832; x_wconf 71' lang='grc' dir='ltr'>ἑκάστῳ</span> <span class='ocrx_word' id='word_1_126' title='bbox 864 1761 1108 1831; x_wconf 79' lang='grc' dir='ltr'>πολέμου</span> <span class='ocrx_word' id='word_1_127' title='bbox 1169 1759 1346 1830; x_wconf 78' lang='grc' dir='ltr'>καιρῷ</span> <span class='ocrx_word' id='word_1_128' title='bbox 1422 1759 1456 1829; x_wconf 63' lang='lat' dir='ltr'><strong>ﬁ</strong></span> <span class='ocrx_word' id='word_1_129' title='bbox 1510 1773 1657 1818; x_wconf 83' lang='grc' dir='ltr'>τινος</span> <span class='ocrx_word' id='word_1_130' title='bbox 1731 1755 1940 1808; x_wconf 77' lang='grc' dir='ltr'>ἐκείνου</span> 
     </span>
    </p>
   </div>
   <div class='ocr_carea' id='block_1_21' title="bbox 366 1846 1938 1925">
    <p class='ocr_par' dir='ltr' id='par_1_21' title="bbox 366 1846 1938 1925">
     <span class='ocr_line' id='line_1_21' title="bbox 366 1846 1938 1925; baseline -0.006 -19"><span class='ocrx_word' id='word_1_131' title='bbox 366 1854 724 1923; x_wconf 79' lang='grc' dir='ltr'>παρασκευῆς</span> <span class='ocrx_word' id='word_1_132' title='bbox 756 1855 850 1906; x_wconf 74' lang='grc' dir='ltr'>καὶ</span> <span class='ocrx_word' id='word_1_133' title='bbox 875 1853 1112 1925; x_wconf 78' lang='grc' dir='ltr'>μάλιστα</span> <span class='ocrx_word' id='word_1_134' title='bbox 1134 1853 1192 1904; x_wconf 86' lang='grc' dir='ltr'>ἐν</span> <span class='ocrx_word' id='word_1_135' title='bbox 1240 1851 1320 1921; x_wconf 81' lang='grc' dir='ltr'>τῷ</span> <span class='ocrx_word' id='word_1_136' title='bbox 1345 1850 1443 1903; x_wconf 84' lang='grc' dir='ltr'>νῦν</span> <span class='ocrx_word' id='word_1_137' title='bbox 1473 1851 1606 1919; x_wconf 87' lang='grc' dir='ltr'>ήμῖν</span> <span class='ocrx_word' id='word_1_138' title='bbox 1631 1846 1938 1917; x_wconf 76' lang='grc' dir='ltr'>ἐνοχλοῦντι</span> 
     </span>
    </p>
   </div>
   <div class='ocr_carea' id='block_1_22' title="bbox 356 1941 1937 2018">
    <p class='ocr_par' dir='ltr' id='par_1_22' title="bbox 356 1941 1937 2018">
     <span class='ocr_line' id='line_1_22' title="bbox 356 1941 1937 2018; baseline -0.006 -18"><span class='ocrx_word' id='word_1_139' title='bbox 356 1946 692 2018; x_wconf 82' lang='grc' dir='ltr'>Σαρακηνῶν</span> <span class='ocrx_word' id='word_1_140' title='bbox 722 1947 887 2010; x_wconf 70' lang='grc' dir='ltr'>ἔθνει,</span> <span class='ocrx_word' id='word_1_141' title='bbox 936 1946 1004 1998; x_wconf 86' lang='grc' dir='ltr'>δι’</span> <span class='ocrx_word' id='word_1_142' title='bbox 1053 1947 1210 2014; x_wconf 85' lang='grc' dir='ltr'>ὅπερ,</span> <span class='ocrx_word' id='word_1_143' title='bbox 1270 1944 1344 2007; x_wconf 86' lang='grc' dir='ltr'>ὼς</span> <span class='ocrx_word' id='word_1_144' title='bbox 1377 1941 1593 2013; x_wconf 76' lang='grc' dir='ltr'>εἴρηταί</span> <span class='ocrx_word' id='word_1_145' title='bbox 1651 1955 1755 1994; x_wconf 88' lang='grc' dir='ltr'>που</span> <span class='ocrx_word' id='word_1_146' title='bbox 1783 1942 1937 2008; x_wconf 81' lang='grc' dir='ltr'>ἡμῖν,</span> 
     </span>
    </p>
   </div>
   <div class='ocr_carea' id='block_1_23' title="bbox 358 2029 1944 2104">
    <p class='ocr_par' dir='ltr' id='par_1_23' title="bbox 358 2029 1944 2104">
     <span class='ocr_line' id='line_1_23' title="bbox 358 2029 1944 2104; baseline -0.005 -16"><span class='ocrx_word' id='word_1_147' title='bbox 358 2037 455 2088; x_wconf 81' lang='grc' dir='ltr'>καὶ</span> <span class='ocrx_word' id='word_1_148' title='bbox 482 2036 544 2088; x_wconf 80' lang='grc' dir='ltr'>τὸ</span> <span class='ocrx_word' id='word_1_149' title='bbox 579 2035 754 2104; x_wconf 84' lang='grc' dir='ltr'>παρὸν</span> <span class='ocrx_word' id='word_1_150' title='bbox 787 2035 1145 2088; x_wconf 80' lang='grc' dir='ltr'>συντέτακται</span> <span class='ocrx_word' id='word_1_151' title='bbox 1181 2031 1406 2102; x_wconf 78' lang='grc' dir='ltr'>βιὸλίον.</span> <span class='ocrx_word' id='word_1_152' title='bbox 1440 2032 1500 2083; x_wconf 82' lang='grc' dir='ltr'>Εἰ</span> <span class='ocrx_word' id='word_1_153' title='bbox 1531 2032 1625 2082; x_wconf 83' lang='grc' dir='ltr'>καὶ</span> <span class='ocrx_word' id='word_1_154' title='bbox 1661 2031 1735 2099; x_wconf 81' lang='grc' dir='ltr'>μὴ</span> <span class='ocrx_word' id='word_1_155' title='bbox 1767 2029 1944 2082; x_wconf 84' lang='grc' dir='ltr'>πάντα</span> 
     </span>
    </p>
   </div>
   <div class='ocr_carea' id='block_1_24' title="bbox 361 2119 1941 2195">
    <p class='ocr_par' dir='ltr' id='par_1_24' title="bbox 361 2119 1941 2195">
     <span class='ocr_line' id='line_1_24' title="bbox 361 2119 1941 2195; baseline -0.005 -17"><span class='ocrx_word' id='word_1_156' title='bbox 361 2125 650 2179; x_wconf 77' lang='grc' dir='ltr'>συλλαϐεῖν</span> <span class='ocrx_word' id='word_1_157' title='bbox 677 2125 1036 2195; x_wconf 84' lang='grc' dir='ltr'>ἐδυνήθημεν,</span> <span class='ocrx_word' id='word_1_158' title='bbox 1068 2124 1182 2178; x_wconf 75' lang='grc' dir='ltr'>ἀλλ’</span> <span class='ocrx_word' id='word_1_159' title='bbox 1207 2123 1269 2174; x_wconf 72' lang='grc' dir='ltr'>ἐκ</span> <span class='ocrx_word' id='word_1_160' title='bbox 1288 2140 1346 2174; x_wconf 89' lang='grc' dir='ltr'>τε</span> <span class='ocrx_word' id='word_1_161' title='bbox 1372 2122 1481 2174; x_wconf 86' lang='grc' dir='ltr'>τῶν</span> <span class='ocrx_word' id='word_1_162' title='bbox 1511 2119 1941 2191; x_wconf 81' lang='grc' dir='ltr'>γεγραμμένων,</span> 
     </span>
    </p>
   </div>
   <div class='ocr_carea' id='block_1_25' title="bbox 352 2213 1942 2288">
    <p class='ocr_par' dir='ltr' id='par_1_25' title="bbox 352 2213 1942 2288">
     <span class='ocr_line' id='line_1_25' title="bbox 352 2213 1942 2288; baseline -0.006 -16"><span class='ocrx_word' id='word_1_163' title='bbox 352 2219 417 2272; x_wconf 67' lang='grc' dir='ltr'>εκ</span> <span class='ocrx_word' id='word_1_164' title='bbox 447 2236 507 2272; x_wconf 83' lang='grc' dir='ltr'>τε</span> <span class='ocrx_word' id='word_1_165' title='bbox 551 2219 646 2288; x_wconf 79' lang='grc' dir='ltr'>τῆς</span> <span class='ocrx_word' id='word_1_166' title='bbox 681 2218 1064 2288; x_wconf 76' lang='grc' dir='ltr'>προλαὸοὑσης</span> <span class='ocrx_word' id='word_1_167' title='bbox 1100 2217 1318 2285; x_wconf 82' lang='grc' dir='ltr'>πείρας.</span> <span class='ocrx_word' id='word_1_168' title='bbox 1371 2216 1467 2267; x_wconf 80' lang='grc' dir='ltr'>καὶ</span> <span class='ocrx_word' id='word_1_169' title='bbox 1515 2215 1686 2282; x_wconf 77' lang='grc' dir='ltr'>αὐτῆς</span> <span class='ocrx_word' id='word_1_170' title='bbox 1739 2213 1795 2265; x_wconf 74' lang='grc' dir='ltr'>δὲ</span> <span class='ocrx_word' id='word_1_171' title='bbox 1842 2213 1942 2282; x_wconf 75' lang='grc' dir='ltr'>τῆς</span> 
     </span>
    </p>
   </div>
   <div class='ocr_carea' id='block_1_26' title="bbox 352 2306 1942 2380">
    <p class='ocr_par' dir='ltr' id='par_1_26' title="bbox 352 2306 1942 2380">
     <span class='ocr_line' id='line_1_26' title="bbox 352 2306 1942 2380; baseline -0.005 -16"><span class='ocrx_word' id='word_1_172' title='bbox 352 2311 460 2364; x_wconf 81' lang='grc' dir='ltr'>τῶν</span> <span class='ocrx_word' id='word_1_173' title='bbox 488 2311 831 2380; x_wconf 81' lang='grc' dir='ltr'>πραγμάτων</span> <span class='ocrx_word' id='word_1_174' title='bbox 879 2309 1096 2378; x_wconf 79' lang='grc' dir='ltr'>φύσεως</span> <span class='ocrx_word' id='word_1_175' title='bbox 1144 2307 1500 2378; x_wconf 74' lang='grc' dir='ltr'>στοχάζεσθαί</span> <span class='ocrx_word' id='word_1_176' title='bbox 1553 2324 1611 2360; x_wconf 87' lang='grc' dir='ltr'>σε</span> <span class='ocrx_word' id='word_1_177' title='bbox 1635 2306 1778 2372; x_wconf 75' lang='grc' dir='ltr'>δέον,</span> <span class='ocrx_word' id='word_1_178' title='bbox 1847 2306 1942 2357; x_wconf 77' lang='grc' dir='ltr'>καὶ</span> 
     </span>
    </p>
   </div>
   <div class='ocr_carea' id='block_1_27' title="bbox 349 2398 1942 2474">
    <p class='ocr_par' dir='ltr' id='par_1_27' title="bbox 349 2398 1942 2474">
     <span class='ocr_line' id='line_1_27' title="bbox 349 2398 1942 2474; baseline -0.004 -19"><span class='ocrx_word' id='word_1_179' title='bbox 349 2401 426 2466; x_wconf 81' lang='grc' dir='ltr'>ὡς</span> <span class='ocrx_word' id='word_1_180' title='bbox 451 2402 675 2457; x_wconf 85' lang='grc' dir='ltr'>δυνατὸν</span> <span class='ocrx_word' id='word_1_181' title='bbox 706 2400 1046 2474; x_wconf 75' lang='grc' dir='ltr'>ἁρμόζεσθαι</span> <span class='ocrx_word' id='word_1_182' title='bbox 1092 2403 1206 2463; x_wconf 91' lang='grc' dir='ltr'>τοῖς</span> <span class='ocrx_word' id='word_1_183' title='bbox 1235 2399 1634 2470; x_wconf 80' lang='grc' dir='ltr'>άναφυομένοις</span> <span class='ocrx_word' id='word_1_184' title='bbox 1678 2414 1691 2427; x_wconf 78' lang='grc'><strong><em>⁸</em></strong></span> <span class='ocrx_word' id='word_1_185' title='bbox 1728 2400 1789 2451; x_wconf 82' lang='grc' dir='ltr'>οὑ</span> <span class='ocrx_word' id='word_1_186' title='bbox 1832 2398 1942 2465; x_wconf 83' lang='grc' dir='ltr'>γὰρ</span> 
     </span>
    </p>
   </div>
   <div class='ocr_carea' id='block_1_28' title="bbox 351 2489 1942 2565">
    <p class='ocr_par' dir='ltr' id='par_1_28' title="bbox 351 2489 1942 2565">
     <span class='ocr_line' id='line_1_28' title="bbox 351 2489 1942 2565; baseline -0.004 -18"><span class='ocrx_word' id='word_1_187' title='bbox 351 2489 506 2565; x_wconf 72' lang='grc' dir='ltr'>οἶμαι</span> <span class='ocrx_word' id='word_1_188' title='bbox 530 2495 782 2558; x_wconf 68' lang='grc' dir='ltr'>δυνατὸν,</span> <span class='ocrx_word' id='word_1_189' title='bbox 815 2494 940 2548; x_wconf 81' lang='grc' dir='ltr'>οὔτε</span> <span class='ocrx_word' id='word_1_190' title='bbox 980 2494 1128 2564; x_wconf 79' lang='grc' dir='ltr'>ἡμᾶς</span> <span class='ocrx_word' id='word_1_191' title='bbox 1170 2490 1294 2544; x_wconf 73' lang='grc' dir='ltr'>οὔτε</span> <span class='ocrx_word' id='word_1_192' title='bbox 1335 2493 1460 2544; x_wconf 83' lang='grc' dir='ltr'>τινὰ</span> <span class='ocrx_word' id='word_1_193' title='bbox 1503 2492 1689 2559; x_wconf 73' lang='grc' dir='ltr'>ἕτερον</span> <span class='ocrx_word' id='word_1_194' title='bbox 1723 2489 1942 2542; x_wconf 75' lang='grc' dir='ltr'>ἅπαντα</span> 
     </span>
    </p>
   </div>
   <div class='ocr_carea' id='block_1_29' title="bbox 351 2581 1938 2659">
    <p class='ocr_par' dir='ltr' id='par_1_29' title="bbox 351 2581 1938 2659">
     <span class='ocr_line' id='line_1_29' title="bbox 351 2581 1938 2659; baseline -0.006 -18"><span class='ocrx_word' id='word_1_195' title='bbox 351 2587 605 2658; x_wconf 75' lang='grc' dir='ltr'>γράφειν,</span> <span class='ocrx_word' id='word_1_196' title='bbox 648 2588 848 2659; x_wconf 77' lang='grc' dir='ltr'>ἢπρὸς</span> <span class='ocrx_word' id='word_1_197' title='bbox 889 2587 1107 2640; x_wconf 71' lang='grc' dir='ltr'>ἅπαντα</span> <span class='ocrx_word' id='word_1_198' title='bbox 1151 2587 1219 2640; x_wconf 80' lang='grc' dir='ltr'>τὰ</span> <span class='ocrx_word' id='word_1_199' title='bbox 1272 2585 1538 2655; x_wconf 80' lang='grc' dir='ltr'>μέλλοντα</span> <span class='ocrx_word' id='word_1_200' title='bbox 1569 2581 1938 2650; x_wconf 77' lang='grc' dir='ltr'>ἀναφύεσθαι.</span> 
     </span>
    </p>
   </div>
   <div class='ocr_carea' id='block_1_30' title="bbox 347 2670 1945 2753">
    <p class='ocr_par' dir='ltr' id='par_1_30' title="bbox 347 2670 1945 2753">
     <span class='ocr_line' id='line_1_30' title="bbox 347 2670 1945 2753; baseline -0.008 -15"><span class='ocrx_word' id='word_1_201' title='bbox 347 2683 493 2739; x_wconf 78' lang='grc' dir='ltr'>ὥστε</span> <span class='ocrx_word' id='word_1_202' title='bbox 546 2679 1066 2753; x_wconf 80' lang='grc' dir='ltr'>παραφυλάττεσθαι</span> <span class='ocrx_word' id='word_1_203' title='bbox 1097 2678 1353 2732; x_wconf 79' lang='grc' dir='ltr'>ἁπάντων</span> <span class='ocrx_word' id='word_1_204' title='bbox 1391 2675 1639 2746; x_wconf 79' lang='grc' dir='ltr'>ἀπείρων</span> <span class='ocrx_word' id='word_1_205' title='bbox 1668 2675 1837 2727; x_wconf 65' lang='grc' dir='ltr'>ὄντων</span> <span class='ocrx_word' id='word_1_206' title='bbox 1865 2670 1945 2742; x_wconf 69' lang='grc' dir='ltr'>τῷ</span> 
     </span>
    </p>
   </div>
   <div class='ocr_carea' id='block_1_31' title="bbox 353 2767 1942 2846">
    <p class='ocr_par' dir='ltr' id='par_1_31' title="bbox 353 2767 1942 2846">
     <span class='ocr_line' id='line_1_31' title="bbox 353 2767 1942 2846; baseline -0.008 -16"><span class='ocrx_word' id='word_1_207' title='bbox 353 2778 539 2846; x_wconf 73' lang='grc' dir='ltr'>μέτρῳ</span> <span class='ocrx_word' id='word_1_208' title='bbox 569 2775 678 2828; x_wconf 83' lang='grc' dir='ltr'>τῶν</span> <span class='ocrx_word' id='word_1_209' title='bbox 741 2771 1136 2843; x_wconf 82' lang='grc' dir='ltr'>ἐμπιπτουσῶν</span> <span class='ocrx_word' id='word_1_210' title='bbox 1179 2773 1442 2826; x_wconf 73' lang='grc' dir='ltr'>ἑκάστοτε</span> <span class='ocrx_word' id='word_1_211' title='bbox 1473 2767 1746 2838; x_wconf 80' lang='grc' dir='ltr'>διαφόρων</span> <span class='ocrx_word' id='word_1_212' title='bbox 1782 2783 1942 2836; x_wconf 84' lang='grc' dir='ltr'>περι-</span> 
     </span>
    </p>
   </div>
   <div class='ocr_carea' id='block_1_32' title="bbox 353 2869 622 2922">
    <p class='ocr_par' dir='ltr' id='par_1_32' title="bbox 353 2869 622 2922">
     <span class='ocr_line' id='line_1_32' title="bbox 353 2869 622 2922; baseline 0 -3"><span class='ocrx_word' id='word_1_213' title='bbox 353 2869 622 2922; x_wconf 82' lang='grc' dir='ltr'>στάσεων.</span> 
     </span>
    </p>
   </div>
   <div class='ocr_carea' id='block_1_33' title="bbox 421 3035 1936 3116">
    <p class='ocr_par' dir='ltr' id='par_1_33' title="bbox 421 3035 1936 3116">
     <span class='ocr_line' id='line_1_33' title="bbox 421 3035 1936 3116; baseline -0.007 -17"><span class='ocrx_word' id='word_1_214' title='bbox 421 3043 520 3116; x_wconf 85' lang='grc' dir='ltr'>οβ’.</span> <span class='ocrx_word' id='word_1_215' title='bbox 548 3042 686 3097; x_wconf 74' lang='grc' dir='ltr'>Οὔτε</span> <span class='ocrx_word' id='word_1_216' title='bbox 718 3042 827 3111; x_wconf 82' lang='grc' dir='ltr'>γὰρ</span> <span class='ocrx_word' id='word_1_217' title='bbox 868 3041 1132 3103; x_wconf 79' lang='grc' dir='ltr'>ὡσαύτως</span> <span class='ocrx_word' id='word_1_218' title='bbox 1163 3040 1252 3093; x_wconf 72' lang='grc' dir='ltr'>ἀεὶ</span> <span class='ocrx_word' id='word_1_219' title='bbox 1279 3038 1404 3092; x_wconf 71' lang='grc' dir='ltr'>οὔτε</span> <span class='ocrx_word' id='word_1_220' title='bbox 1453 3037 1656 3108; x_wconf 81' lang='grc' dir='ltr'>ὁμοίως</span> <span class='ocrx_word' id='word_1_221' title='bbox 1685 3036 1792 3089; x_wconf 79' lang='grc' dir='ltr'>ὑπὸ</span> <span class='ocrx_word' id='word_1_222' title='bbox 1826 3035 1936 3089; x_wconf 81' lang='grc' dir='ltr'>τῶν</span> 
     </span>
    </p>
   </div>
   <div class='ocr_carea' id='block_1_34' title="bbox 353 3131 1936 3204">
    <p class='ocr_par' dir='ltr' id='par_1_34' title="bbox 353 3131 1936 3204">
     <span class='ocr_line' id='line_1_34' title="bbox 353 3131 1936 3204; baseline -0.006 -13"><span class='ocrx_word' id='word_1_223' title='bbox 353 3137 613 3192; x_wconf 72' lang='grc' dir='ltr'>ἐναντίοιν</span> <span class='ocrx_word' id='word_1_224' title='bbox 643 3136 717 3188; x_wconf 82' lang='grc' dir='ltr'>τὰ</span> <span class='ocrx_word' id='word_1_225' title='bbox 761 3135 988 3188; x_wconf 81' lang='grc' dir='ltr'>ἐκείνων</span> <span class='ocrx_word' id='word_1_226' title='bbox 1042 3131 1423 3204; x_wconf 78' lang='grc' dir='ltr'>ἐγχειροῦνται</span> <span class='ocrx_word' id='word_1_227' title='bbox 1477 3131 1936 3201; x_wconf 86' lang='grc' dir='ltr'>στρατηγήματα.</span> 
     </span>
    </p>
   </div>
   <div class='ocr_carea' id='block_1_35' title="bbox 2122 833 3636 911">
    <p class='ocr_par' dir='ltr' id='par_1_35' title="bbox 2122 833 3636 911">
     <span class='ocr_line' id='line_1_35' title="bbox 2122 833 3636 911; baseline 0.007 -24"><span class='ocrx_word' id='word_1_228' title='bbox 2122 833 2211 887; x_wconf 84' lang='grc'>70.</span> <span class='ocrx_word' id='word_1_229' title='bbox 2258 833 2383 888; x_wconf 69' lang='grc' dir='ltr'>Ιίιιξο</span> <span class='ocrx_word' id='word_1_230' title='bbox 2416 843 2596 889; x_wconf 89' lang='lat' dir='ltr'>autem</span> <span class='ocrx_word' id='word_1_231' title='bbox 2630 850 2730 905; x_wconf 87' lang='lat' dir='ltr'>pro</span> <span class='ocrx_word' id='word_1_232' title='bbox 2752 837 2966 891; x_wconf 71' lang='lat' dir='ltr'>ratione</span> <span class='ocrx_word' id='word_1_233' title='bbox 2993 836 3197 905; x_wconf 77' lang='lat' dir='ltr'>ingenii</span> <span class='ocrx_word' id='word_1_234' title='bbox 3229 839 3401 893; x_wconf 79' lang='lat' dir='ltr'>nostri</span> <span class='ocrx_word' id='word_1_235' title='bbox 3435 843 3636 911; x_wconf 89' lang='lat' dir='ltr'>partim</span> 
     </span>
    </p>
   </div>
   <div class='ocr_carea' id='block_1_36' title="bbox 2051 928 3637 1004">
    <p class='ocr_par' dir='ltr' id='par_1_36' title="bbox 2051 928 3637 1004">
     <span class='ocr_line' id='line_1_36' title="bbox 2051 928 3637 1004; baseline 0.007 -22"><span class='ocrx_word' id='word_1_236' title='bbox 2051 943 2154 982; x_wconf 90' lang='lat' dir='ltr'>usu</span> <span class='ocrx_word' id='word_1_237' title='bbox 2189 928 2405 992; x_wconf 88' lang='lat' dir='ltr'>bellico,</span> <span class='ocrx_word' id='word_1_238' title='bbox 2440 929 2638 998; x_wconf 78' lang='lat' dir='ltr'>partim</span> <span class='ocrx_word' id='word_1_239' title='bbox 2668 944 2732 984; x_wconf 78' lang='lat' dir='ltr'>ex</span> <span class='ocrx_word' id='word_1_240' title='bbox 2772 932 3141 1000; x_wconf 78' lang='lat' dir='ltr'>scriptoribus</span> <span class='ocrx_word' id='word_1_241' title='bbox 3188 935 3431 1004; x_wconf 75' lang='lat' dir='ltr'>antiquis</span> <span class='ocrx_word' id='word_1_242' title='bbox 3463 937 3637 993; x_wconf 83' lang='lat' dir='ltr'>colle-</span> 
     </span>
    </p>
   </div>
   <div class='ocr_carea' id='block_1_37' title="bbox 2048 1020 3638 1085">
    <p class='ocr_par' dir='ltr' id='par_1_37' title="bbox 2048 1020 3638 1085">
     <span class='ocr_line' id='line_1_37' title="bbox 2048 1020 3638 1085; baseline 0.006 -11"><span class='ocrx_word' id='word_1_243' title='bbox 2048 1028 2157 1085; x_wconf 89' lang='lat' dir='ltr'>cta,</span> <span class='ocrx_word' id='word_1_244' title='bbox 2188 1020 2256 1074; x_wconf 84' lang='lat' dir='ltr'>ad</span> <span class='ocrx_word' id='word_1_245' title='bbox 2285 1035 2632 1076; x_wconf 84' lang='lat' dir='ltr'>communem</span> <span class='ocrx_word' id='word_1_246' title='bbox 2672 1022 2964 1077; x_wconf 83' lang='lat' dir='ltr'>utilitatem</span> <span class='ocrx_word' id='word_1_247' title='bbox 2996 1023 3143 1078; x_wconf 86' lang='lat' dir='ltr'>hunc</span> <span class='ocrx_word' id='word_1_248' title='bbox 3175 1025 3229 1078; x_wconf 92' lang='lat' dir='ltr'>in</span> <span class='ocrx_word' id='word_1_249' title='bbox 3277 1025 3477 1080; x_wconf 87' lang='lat' dir='ltr'>librutn</span> <span class='ocrx_word' id='word_1_250' title='bbox 3503 1043 3638 1083; x_wconf 88' lang='lat' dir='ltr'>con-</span> 
     </span>
    </p>
   </div>
   <div class='ocr_carea' id='block_1_38' title="bbox 2047 1113 3635 1184">
    <p class='ocr_par' dir='ltr' id='par_1_38' title="bbox 2047 1113 3635 1184">
     <span class='ocr_line' id='line_1_38' title="bbox 2047 1113 3635 1184; baseline 0.006 -18"><span class='ocrx_word' id='word_1_251' title='bbox 2047 1113 2297 1176; x_wconf 86' lang='lat' dir='ltr'>tulimus,</span> <span class='ocrx_word' id='word_1_252' title='bbox 2341 1128 2518 1183; x_wconf 88' lang='lat' dir='ltr'>neque</span> <span class='ocrx_word' id='word_1_253' title='bbox 2546 1116 2823 1169; x_wconf 87' lang='lat' dir='ltr'>curiosam</span> <span class='ocrx_word' id='word_1_254' title='bbox 2857 1114 3096 1184; x_wconf 82' lang='lat' dir='ltr'>aliquam</span> <span class='ocrx_word' id='word_1_255' title='bbox 3127 1117 3420 1171; x_wconf 82' lang='lat' dir='ltr'>verborum</span> <span class='ocrx_word' id='word_1_256' title='bbox 3453 1118 3635 1176; x_wconf 90' lang='lat' dir='ltr'>inani-</span> 
     </span>
    </p>
   </div>
   <div class='ocr_carea' id='block_1_39' title="bbox 2045 1207 3633 1277">
    <p class='ocr_par' dir='ltr' id='par_1_39' title="bbox 2045 1207 3633 1277">
     <span class='ocr_line' id='line_1_39' title="bbox 2045 1207 3633 1277; baseline 0.004 -18"><span class='ocrx_word' id='word_1_257' title='bbox 2045 1213 2212 1261; x_wconf 83' lang='lat' dir='ltr'>tatem</span> <span class='ocrx_word' id='word_1_258' title='bbox 2241 1207 2653 1277; x_wconf 89' lang='lat' dir='ltr'>conqnirentes,</span> <span class='ocrx_word' id='word_1_259' title='bbox 2707 1208 2802 1262; x_wconf 88' lang='lat' dir='ltr'>sed</span> <span class='ocrx_word' id='word_1_260' title='bbox 2844 1209 3029 1262; x_wconf 88' lang='lat' dir='ltr'>verbis</span> <span class='ocrx_word' id='word_1_261' title='bbox 3065 1216 3276 1261; x_wconf 88' lang='lat' dir='ltr'>tantum</span> <span class='ocrx_word' id='word_1_262' title='bbox 3313 1212 3633 1265; x_wconf 88' lang='lat' dir='ltr'>communi-</span> 
     </span>
    </p>
   </div>
   <div class='ocr_carea' id='block_1_40' title="bbox 2045 1299 3637 1374">
    <p class='ocr_par' dir='ltr' id='par_1_40' title="bbox 2045 1299 3637 1374">
     <span class='ocr_line' id='line_1_40' title="bbox 2045 1299 3637 1374; baseline 0.002 -19"><span class='ocrx_word' id='word_1_263' title='bbox 2045 1300 2148 1356; x_wconf 88' lang='lat' dir='ltr'>bus</span> <span class='ocrx_word' id='word_1_264' title='bbox 2183 1301 2474 1371; x_wconf 83' lang='lat' dir='ltr'>planisque</span> <span class='ocrx_word' id='word_1_265' title='bbox 2533 1301 2639 1365; x_wconf 88' lang='lat' dir='ltr'>usi,</span> <span class='ocrx_word' id='word_1_266' title='bbox 2694 1301 2988 1357; x_wconf 89' lang='lat' dir='ltr'>militarem</span> <span class='ocrx_word' id='word_1_267' title='bbox 3022 1299 3240 1356; x_wconf 87' lang='lat' dir='ltr'>dicendi</span> <span class='ocrx_word' id='word_1_268' title='bbox 3273 1299 3504 1357; x_wconf 81' lang='lat' dir='ltr'>formam</span> <span class='ocrx_word' id='word_1_269' title='bbox 3537 1318 3637 1374; x_wconf 85' lang='lat' dir='ltr'>po-</span> 
     </span>
    </p>
   </div>
   <div class='ocr_carea' id='block_1_41' title="bbox 2047 1395 2796 1453">
    <p class='ocr_par' dir='ltr' id='par_1_41' title="bbox 2047 1395 2796 1453">
     <span class='ocr_line' id='line_1_41' title="bbox 2047 1395 2796 1453; baseline -0.004 -1"><span class='ocrx_word' id='word_1_270' title='bbox 2047 1397 2324 1453; x_wconf 81' lang='lat' dir='ltr'>tissimuin</span> <span class='ocrx_word' id='word_1_271' title='bbox 2369 1395 2543 1452; x_wconf 89' lang='lat' dir='ltr'>secuti</span> <span class='ocrx_word' id='word_1_272' title='bbox 2585 1410 2796 1450; x_wconf 87' lang='lat' dir='ltr'>sumus.</span> 
     </span>
    </p>
   </div>
   <div class='ocr_carea' id='block_1_42' title="bbox 2121 1661 3633 1736">
    <p class='ocr_par' dir='ltr' id='par_1_42' title="bbox 2121 1661 3633 1736">
     <span class='ocr_line' id='line_1_42' title="bbox 2121 1661 3633 1736; baseline 0 -16"><span class='ocrx_word' id='word_1_273' title='bbox 2121 1667 2207 1721; x_wconf 84' lang='lat'>7|.</span> <span class='ocrx_word' id='word_1_274' title='bbox 2249 1667 2604 1736; x_wconf 62' lang='lat' dir='ltr'>Qum-cunque</span> <span class='ocrx_word' id='word_1_275' title='bbox 2645 1677 2826 1720; x_wconf 85' lang='lat' dir='ltr'>autem</span> <span class='ocrx_word' id='word_1_276' title='bbox 2864 1661 2991 1728; x_wconf 86' lang='lat' dir='ltr'>alia,</span> <span class='ocrx_word' id='word_1_277' title='bbox 3025 1665 3108 1719; x_wconf 76' lang='lat' dir='ltr'>vel</span> <span class='ocrx_word' id='word_1_278' title='bbox 3139 1665 3205 1719; x_wconf 85' lang='lat' dir='ltr'>ad</span> <span class='ocrx_word' id='word_1_279' title='bbox 3244 1673 3460 1735; x_wconf 84' lang='lat' dir='ltr'>tempus</span> <span class='ocrx_word' id='word_1_280' title='bbox 3502 1664 3633 1720; x_wconf 86' lang='lat' dir='ltr'>belli</span> 
     </span>
    </p>
   </div>
   <div class='ocr_carea' id='block_1_43' title="bbox 2049 1756 3634 1833">
    <p class='ocr_par' dir='ltr' id='par_1_43' title="bbox 2049 1756 3634 1833">
     <span class='ocr_line' id='line_1_43' title="bbox 2049 1756 3634 1833; baseline -0.003 -19"><span class='ocrx_word' id='word_1_281' title='bbox 2049 1761 2298 1833; x_wconf 76' lang='lat' dir='ltr'>gerendi,</span> <span class='ocrx_word' id='word_1_282' title='bbox 2335 1760 2418 1814; x_wconf 76' lang='lat' dir='ltr'>rel</span> <span class='ocrx_word' id='word_1_283' title='bbox 2450 1760 2675 1814; x_wconf 82' lang='lat' dir='ltr'>alterius</span> <span class='ocrx_word' id='word_1_284' title='bbox 2714 1759 2948 1826; x_wconf 84' lang='lat' dir='ltr'>alicujus</span> <span class='ocrx_word' id='word_1_285' title='bbox 3003 1767 3298 1826; x_wconf 75' lang='lat' dir='ltr'>apparatus</span> <span class='ocrx_word' id='word_1_286' title='bbox 3341 1756 3634 1812; x_wconf 83' lang='lat' dir='ltr'>adversum</span> 
     </span>
    </p>
   </div>
   <div class='ocr_carea' id='block_1_44' title="bbox 2053 1849 3636 1919">
    <p class='ocr_par' dir='ltr' id='par_1_44' title="bbox 2053 1849 3636 1919">
     <span class='ocr_line' id='line_1_44' title="bbox 2053 1849 3636 1919; baseline -0.003 -14"><span class='ocrx_word' id='word_1_287' title='bbox 2053 1855 2192 1908; x_wconf 86' lang='lat' dir='ltr'>ullas</span> <span class='ocrx_word' id='word_1_288' title='bbox 2246 1854 2519 1917; x_wconf 86' lang='lat' dir='ltr'>nationes,</span> <span class='ocrx_word' id='word_1_289' title='bbox 2553 1858 2608 1905; x_wconf 88' lang='lat' dir='ltr'>et</span> <span class='ocrx_word' id='word_1_290' title='bbox 2653 1849 2963 1904; x_wconf 77' lang='lat' dir='ltr'>Saracenos</span> <span class='ocrx_word' id='word_1_291' title='bbox 2995 1850 3368 1919; x_wconf 83' lang='lat' dir='ltr'>potissimum,</span> <span class='ocrx_word' id='word_1_292' title='bbox 3395 1863 3636 1919; x_wconf 87' lang='lat' dir='ltr'>quorum</span> 
     </span>
    </p>
   </div>
   <div class='ocr_carea' id='block_1_45' title="bbox 2051 1944 3634 2017">
    <p class='ocr_par' dir='ltr' id='par_1_45' title="bbox 2051 1944 3634 2017">
     <span class='ocr_line' id='line_1_45' title="bbox 2051 1944 3634 2017; baseline -0.003 -18"><span class='ocrx_word' id='word_1_293' title='bbox 2051 1947 2226 2017; x_wconf 75' lang='lat' dir='ltr'>gratia</span> <span class='ocrx_word' id='word_1_294' title='bbox 2253 1947 2340 1999; x_wconf 86' lang='lat' dir='ltr'>hic</span> <span class='ocrx_word' id='word_1_295' title='bbox 2369 1945 2506 1998; x_wconf 89' lang='lat' dir='ltr'>liber</span> <span class='ocrx_word' id='word_1_296' title='bbox 2534 1959 2563 1997; x_wconf 88' lang='lat' dir='ltr'>a</span> <span class='ocrx_word' id='word_1_297' title='bbox 2593 1959 2700 2008; x_wconf 87' lang='lat' dir='ltr'>me,</span> <span class='ocrx_word' id='word_1_298' title='bbox 2728 1951 2790 1998; x_wconf 85' lang='lat' dir='ltr'>ut</span> <span class='ocrx_word' id='word_1_299' title='bbox 2825 1952 2952 1998; x_wconf 83' lang='lat' dir='ltr'>ante</span> <span class='ocrx_word' id='word_1_300' title='bbox 2978 1944 3113 2008; x_wconf 83' lang='lat' dir='ltr'>dixi,</span> <span class='ocrx_word' id='word_1_301' title='bbox 3143 1944 3493 2013; x_wconf 83' lang='lat' dir='ltr'>conscriptus</span> <span class='ocrx_word' id='word_1_302' title='bbox 3525 1951 3634 2006; x_wconf 86' lang='lat' dir='ltr'>est,</span> 
     </span>
    </p>
   </div>
   <div class='ocr_carea' id='block_1_46' title="bbox 2049 2034 3636 2106">
    <p class='ocr_par' dir='ltr' id='par_1_46' title="bbox 2049 2034 3636 2106">
     <span class='ocr_line' id='line_1_46' title="bbox 2049 2034 3636 2106; baseline -0.004 -13"><span class='ocrx_word' id='word_1_303' title='bbox 2049 2037 2292 2106; x_wconf 82' lang='lat' dir='ltr'>suscepti</span> <span class='ocrx_word' id='word_1_304' title='bbox 2321 2048 2485 2105; x_wconf 86' lang='lat' dir='ltr'>caput</span> <span class='ocrx_word' id='word_1_305' title='bbox 2529 2038 2829 2105; x_wconf 82' lang='lat' dir='ltr'>pertinent,</span> <span class='ocrx_word' id='word_1_306' title='bbox 2871 2049 2957 2098; x_wconf 83' lang='lat' dir='ltr'>ea,</span> <span class='ocrx_word' id='word_1_307' title='bbox 2990 2049 3308 2106; x_wconf 85' lang='lat' dir='ltr'>quanquam</span> <span class='ocrx_word' id='word_1_308' title='bbox 3349 2035 3453 2088; x_wconf 81' lang='lat' dir='ltr'>hoc</span> <span class='ocrx_word' id='word_1_309' title='bbox 3491 2034 3636 2088; x_wconf 86' lang='lat' dir='ltr'>libro</span> 
     </span>
    </p>
   </div>
   <div class='ocr_carea' id='block_1_47' title="bbox 2047 2128 3634 2195">
    <p class='ocr_par' dir='ltr' id='par_1_47' title="bbox 2047 2128 3634 2195">
     <span class='ocr_line' id='line_1_47' title="bbox 2047 2128 3634 2195; baseline -0.003 -11"><span class='ocrx_word' id='word_1_310' title='bbox 2047 2138 2303 2184; x_wconf 83' lang='lat' dir='ltr'>contenta</span> <span class='ocrx_word' id='word_1_311' title='bbox 2341 2145 2450 2182; x_wconf 92' lang='lat' dir='ltr'>non</span> <span class='ocrx_word' id='word_1_312' title='bbox 2486 2136 2637 2192; x_wconf 90' lang='lat' dir='ltr'>sunt,</span> <span class='ocrx_word' id='word_1_313' title='bbox 2692 2129 2745 2182; x_wconf 93' lang='lat' dir='ltr'>in</span> <span class='ocrx_word' id='word_1_314' title='bbox 2780 2128 2849 2182; x_wconf 90' lang='lat' dir='ltr'>iis</span> <span class='ocrx_word' id='word_1_315' title='bbox 2889 2136 3093 2192; x_wconf 83' lang='lat' dir='ltr'>tamen,</span> <span class='ocrx_word' id='word_1_316' title='bbox 3148 2129 3193 2183; x_wconf 90' lang='lat' dir='ltr'>si</span> <span class='ocrx_word' id='word_1_317' title='bbox 3229 2128 3355 2195; x_wconf 89' lang='lat' dir='ltr'>quis</span> <span class='ocrx_word' id='word_1_318' title='bbox 3388 2142 3446 2182; x_wconf 91' lang='lat' dir='ltr'>se</span> <span class='ocrx_word' id='word_1_319' title='bbox 3473 2141 3634 2181; x_wconf 79' lang='lat' dir='ltr'>exer-</span> 
     </span>
    </p>
   </div>
   <div class='ocr_carea' id='block_1_48' title="bbox 2046 2220 3635 2288">
    <p class='ocr_par' dir='ltr' id='par_1_48' title="bbox 2046 2220 3635 2288">
     <span class='ocr_line' id='line_1_48' title="bbox 2046 2220 3635 2288; baseline -0.002 -13"><span class='ocrx_word' id='word_1_320' title='bbox 2046 2229 2190 2285; x_wconf 86' lang='lat' dir='ltr'>ceat,</span> <span class='ocrx_word' id='word_1_321' title='bbox 2220 2237 2322 2274; x_wconf 90' lang='lat' dir='ltr'>usu</span> <span class='ocrx_word' id='word_1_322' title='bbox 2355 2222 2540 2288; x_wconf 89' lang='lat' dir='ltr'>aliquo</span> <span class='ocrx_word' id='word_1_323' title='bbox 2576 2220 2737 2283; x_wconf 85' lang='lat' dir='ltr'>belli,</span> <span class='ocrx_word' id='word_1_324' title='bbox 2773 2229 2826 2273; x_wconf 90' lang='lat' dir='ltr'>et</span> <span class='ocrx_word' id='word_1_325' title='bbox 2857 2228 3068 2273; x_wconf 76' lang='lat' dir='ltr'>natura:</span> <span class='ocrx_word' id='word_1_326' title='bbox 3097 2235 3278 2273; x_wconf 90' lang='lat' dir='ltr'>rerum</span> <span class='ocrx_word' id='word_1_327' title='bbox 3316 2227 3635 2288; x_wconf 85' lang='lat' dir='ltr'>perscruta-</span> 
     </span>
    </p>
   </div>
   <div class='ocr_carea' id='block_1_49' title="bbox 2049 2311 3637 2382">
    <p class='ocr_par' dir='ltr' id='par_1_49' title="bbox 2049 2311 3637 2382">
     <span class='ocr_line' id='line_1_49' title="bbox 2049 2311 3637 2382; baseline -0.002 -16"><span class='ocrx_word' id='word_1_328' title='bbox 2049 2314 2198 2367; x_wconf 89' lang='lat' dir='ltr'>tione</span> <span class='ocrx_word' id='word_1_329' title='bbox 2247 2312 2406 2366; x_wconf 80' lang='lat' dir='ltr'>facile</span> <span class='ocrx_word' id='word_1_330' title='bbox 2445 2327 2510 2366; x_wconf 86' lang='lat' dir='ltr'>ea</span> <span class='ocrx_word' id='word_1_331' title='bbox 2567 2327 2690 2382; x_wconf 74' lang='lat' dir='ltr'>qua:</span> <span class='ocrx_word' id='word_1_332' title='bbox 2752 2311 3139 2366; x_wconf 85' lang='lat' dir='ltr'>desiderantur</span> <span class='ocrx_word' id='word_1_333' title='bbox 3178 2311 3434 2382; x_wconf 78' lang='lat' dir='ltr'>colligere</span> <span class='ocrx_word' id='word_1_334' title='bbox 3479 2325 3637 2365; x_wconf 87' lang='lat' dir='ltr'>com—</span> 
     </span>
    </p>
   </div>
   <div class='ocr_carea' id='block_1_50' title="bbox 2048 2402 3636 2474">
    <p class='ocr_par' dir='ltr' id='par_1_50' title="bbox 2048 2402 3636 2474">
     <span class='ocr_line' id='line_1_50' title="bbox 2048 2402 3636 2474; baseline -0.002 -18"><span class='ocrx_word' id='word_1_335' title='bbox 2048 2403 2499 2474; x_wconf 82' lang='lat' dir='ltr'>preliendcreque</span> <span class='ocrx_word' id='word_1_336' title='bbox 2527 2404 2750 2470; x_wconf 91' lang='lat' dir='ltr'>poterit.</span> <span class='ocrx_word' id='word_1_337' title='bbox 2785 2404 2972 2474; x_wconf 77' lang='lat' dir='ltr'>Neque</span> <span class='ocrx_word' id='word_1_338' title='bbox 3001 2404 3150 2458; x_wconf 91' lang='lat' dir='ltr'>enim</span> <span class='ocrx_word' id='word_1_339' title='bbox 3186 2402 3301 2457; x_wconf 78' lang='lat' dir='ltr'>fieri</span> <span class='ocrx_word' id='word_1_340' title='bbox 3331 2411 3532 2471; x_wconf 88' lang='lat' dir='ltr'>potcst,</span> <span class='ocrx_word' id='word_1_341' title='bbox 3574 2409 3636 2454; x_wconf 91' lang='lat' dir='ltr'>ut</span> 
     </span>
    </p>
   </div>
   <div class='ocr_carea' id='block_1_51' title="bbox 2046 2494 3636 2566">
    <p class='ocr_par' dir='ltr' id='par_1_51' title="bbox 2046 2494 3636 2566">
     <span class='ocr_line' id='line_1_51' title="bbox 2046 2494 3636 2566; baseline -0.002 -16"><span class='ocrx_word' id='word_1_342' title='bbox 2046 2512 2147 2564; x_wconf 67' lang='lat' dir='ltr'>ego</span> <span class='ocrx_word' id='word_1_343' title='bbox 2201 2505 2296 2549; x_wconf 87' lang='lat' dir='ltr'>aut</span> <span class='ocrx_word' id='word_1_344' title='bbox 2358 2497 2651 2566; x_wconf 83' lang='lat' dir='ltr'>quisquam</span> <span class='ocrx_word' id='word_1_345' title='bbox 2704 2497 2871 2560; x_wconf 85' lang='lat' dir='ltr'>alius,</span> <span class='ocrx_word' id='word_1_346' title='bbox 2930 2503 3364 2565; x_wconf 88' lang='lat' dir='ltr'>quantocunque</span> <span class='ocrx_word' id='word_1_347' title='bbox 3416 2494 3636 2562; x_wconf 67' lang='lat' dir='ltr'>ingenio</span> 
     </span>
    </p>
   </div>
   <div class='ocr_carea' id='block_1_52' title="bbox 2047 2589 3639 2659">
    <p class='ocr_par' dir='ltr' id='par_1_52' title="bbox 2047 2589 3639 2659">
     <span class='ocr_line' id='line_1_52' title="bbox 2047 2589 3639 2659; baseline -0.002 -15"><span class='ocrx_word' id='word_1_348' title='bbox 2047 2589 2470 2659; x_wconf 88' lang='lat' dir='ltr'>eruditioneque</span> <span class='ocrx_word' id='word_1_349' title='bbox 2503 2591 2596 2656; x_wconf 89' lang='lat' dir='ltr'>sit,</span> <span class='ocrx_word' id='word_1_350' title='bbox 2630 2589 2818 2643; x_wconf 89' lang='lat' dir='ltr'>omnia</span> <span class='ocrx_word' id='word_1_351' title='bbox 2845 2591 3266 2658; x_wconf 85' lang='lat' dir='ltr'>complectatur,</span> <span class='ocrx_word' id='word_1_352' title='bbox 3293 2601 3639 2657; x_wconf 63' lang='lat' dir='ltr'>quacunque</span> 
     </span>
    </p>
   </div>
   <div class='ocr_carea' id='block_1_53' title="bbox 2048 2682 3634 2750">
    <p class='ocr_par' dir='ltr' id='par_1_53' title="bbox 2048 2682 3634 2750">
     <span class='ocr_line' id='line_1_53' title="bbox 2048 2682 3634 2750; baseline -0.002 -15"><span class='ocrx_word' id='word_1_353' title='bbox 2048 2683 2320 2738; x_wconf 88' lang='lat' dir='ltr'>industria</span> <span class='ocrx_word' id='word_1_354' title='bbox 2376 2698 2443 2738; x_wconf 89' lang='lat' dir='ltr'>ac</span> <span class='ocrx_word' id='word_1_355' title='bbox 2491 2684 2717 2738; x_wconf 79' lang='lat' dir='ltr'>solertia</span> <span class='ocrx_word' id='word_1_356' title='bbox 2766 2684 3004 2737; x_wconf 86' lang='lat' dir='ltr'>humana</span> <span class='ocrx_word' id='word_1_357' title='bbox 3070 2682 3482 2750; x_wconf 74' lang='lat' dir='ltr'>excogltantur,</span> <span class='ocrx_word' id='word_1_358' title='bbox 3536 2687 3634 2734; x_wconf 81' lang='lat' dir='ltr'>aut</span> 
     </span>
    </p>
   </div>
   <div class='ocr_carea' id='block_1_54' title="bbox 2049 2773 3634 2845">
    <p class='ocr_par' dir='ltr' id='par_1_54' title="bbox 2049 2773 3634 2845">
     <span class='ocr_line' id='line_1_54' title="bbox 2049 2773 3634 2845; baseline -0.003 -16"><span class='ocrx_word' id='word_1_359' title='bbox 2049 2776 2191 2830; x_wconf 78' lang='lat' dir='ltr'>viam</span> <span class='ocrx_word' id='word_1_360' title='bbox 2220 2775 2444 2841; x_wconf 86' lang='lat' dir='ltr'>doceas,</span> <span class='ocrx_word' id='word_1_361' title='bbox 2475 2792 2585 2845; x_wconf 87' lang='lat' dir='ltr'>qua</span> <span class='ocrx_word' id='word_1_362' title='bbox 2618 2778 2730 2831; x_wconf 78' lang='lat' dir='ltr'>haec</span> <span class='ocrx_word' id='word_1_363' title='bbox 2763 2783 3084 2840; x_wconf 84' lang='lat' dir='ltr'>caveantur,</span> <span class='ocrx_word' id='word_1_364' title='bbox 3117 2790 3238 2844; x_wconf 64' lang='lat' dir='ltr'>quae</span> <span class='ocrx_word' id='word_1_365' title='bbox 3277 2773 3494 2827; x_wconf 79' lang='lat' dir='ltr'>inﬁnita</span> <span class='ocrx_word' id='word_1_366' title='bbox 3544 2780 3634 2826; x_wconf 82' lang='lat' dir='ltr'>st-</span> 
     </span>
    </p>
   </div>
   <div class='ocr_carea' id='block_1_55' title="bbox 2045 2863 3632 2938">
    <p class='ocr_par' dir='ltr' id='par_1_55' title="bbox 2045 2863 3632 2938">
     <span class='ocr_line' id='line_1_55' title="bbox 2045 2863 3632 2938; baseline -0.001 -18"><span class='ocrx_word' id='word_1_367' title='bbox 2045 2882 2154 2936; x_wconf 89' lang='lat' dir='ltr'>que</span> <span class='ocrx_word' id='word_1_368' title='bbox 2227 2868 2494 2921; x_wconf 89' lang='lat' dir='ltr'>immensa</span> <span class='ocrx_word' id='word_1_369' title='bbox 2545 2883 2748 2937; x_wconf 75' lang='lat' dir='ltr'>genere</span> <span class='ocrx_word' id='word_1_370' title='bbox 2803 2869 3080 2938; x_wconf 85' lang='lat' dir='ltr'>rebusque</span> <span class='ocrx_word' id='word_1_371' title='bbox 3137 2863 3632 2922; x_wconf 75' lang='lat' dir='ltr'>circumstantibus</span> 
     </span>
    </p>
   </div>
   <div class='ocr_carea' id='block_1_56' title="bbox 2046 2965 2196 3013">
    <p class='ocr_par' dir='ltr' id='par_1_56' title="bbox 2046 2965 2196 3013">
     <span class='ocr_line' id='line_1_56' title="bbox 2046 2965 2196 3013; baseline -0.007 0"><span class='ocrx_word' id='word_1_372' title='bbox 2046 2965 2196 3013; x_wconf 86' lang='lat' dir='ltr'>sunt.</span> 
     </span>
    </p>
   </div>
   <div class='ocr_carea' id='block_1_57' title="bbox 2117 3047 3633 3120">
    <p class='ocr_par' dir='ltr' id='par_1_57' title="bbox 2117 3047 3633 3120">
     <span class='ocr_line' id='line_1_57' title="bbox 2117 3047 3633 3120; baseline 0.001 -18"><span class='ocrx_word' id='word_1_373' title='bbox 2117 3051 2207 3104; x_wconf 67' lang='lat'>72.</span> <span class='ocrx_word' id='word_1_374' title='bbox 2249 3047 2438 3120; x_wconf 84' lang='lat' dir='ltr'>Neque</span> <span class='ocrx_word' id='word_1_375' title='bbox 2466 3051 2612 3105; x_wconf 89' lang='lat' dir='ltr'>enim</span> <span class='ocrx_word' id='word_1_376' title='bbox 2645 3051 2928 3116; x_wconf 85' lang='lat' dir='ltr'>similiter,</span> <span class='ocrx_word' id='word_1_377' title='bbox 2977 3050 3284 3119; x_wconf 84' lang='lat' dir='ltr'>eodemque</span> <span class='ocrx_word' id='word_1_378' title='bbox 3314 3047 3481 3104; x_wconf 87' lang='lat' dir='ltr'>modo</span> <span class='ocrx_word' id='word_1_379' title='bbox 3525 3049 3633 3104; x_wconf 82' lang='lat' dir='ltr'>bo-</span> 
     </span>
    </p>
   </div>
   <div class='ocr_carea' id='block_1_58' title="bbox 2046 3142 3634 3215">
    <p class='ocr_par' dir='ltr' id='par_1_58' title="bbox 2046 3142 3634 3215">
     <span class='ocr_line' id='line_1_58' title="bbox 2046 3142 3634 3215; baseline -0.002 -18"><span class='ocrx_word' id='word_1_380' title='bbox 2046 3144 2217 3197; x_wconf 86' lang='lat' dir='ltr'>stium</span> <span class='ocrx_word' id='word_1_381' title='bbox 2245 3144 2502 3210; x_wconf 88' lang='lat' dir='ltr'>consilia,</span> <span class='ocrx_word' id='word_1_382' title='bbox 2524 3142 2780 3215; x_wconf 83' lang='lat' dir='ltr'>factaque</span> <span class='ocrx_word' id='word_1_383' title='bbox 2815 3143 3174 3213; x_wconf 88' lang='lat' dir='ltr'>imperatoria</span> <span class='ocrx_word' id='word_1_384' title='bbox 3198 3143 3269 3197; x_wconf 88' lang='lat' dir='ltr'>ab</span> <span class='ocrx_word' id='word_1_385' title='bbox 3302 3142 3415 3196; x_wconf 88' lang='lat' dir='ltr'>illis</span> <span class='ocrx_word' id='word_1_386' title='bbox 3445 3142 3634 3197; x_wconf 78' lang='lat' dir='ltr'>susci-</span> 
     </span>
    </p>
   </div>
   <div class='ocr_carea' id='block_1_59' title="bbox 351 3223 1940 3311">
    <p class='ocr_par' dir='ltr' id='par_1_59' title="bbox 351 3223 1940 3296">
     <span class='ocr_line' id='line_1_59' title="bbox 351 3223 1940 3296; baseline -0.006 -11"><span class='ocrx_word' id='word_1_387' title='bbox 351 3232 446 3286; x_wconf 80' lang='grc' dir='ltr'>Διὸ</span> <span class='ocrx_word' id='word_1_388' title='bbox 501 3230 626 3284; x_wconf 64' lang='grc' dir='ltr'>οὐδὲ</span> <span class='ocrx_word' id='word_1_389' title='bbox 683 3228 910 3283; x_wconf 86' lang='grc' dir='ltr'>δύναταί</span> <span class='ocrx_word' id='word_1_390' title='bbox 974 3242 1060 3291; x_wconf 85' lang='grc' dir='ltr'>τις</span> <span class='ocrx_word' id='word_1_391' title='bbox 1114 3223 1499 3296; x_wconf 82' lang='grc' dir='ltr'>τεκμήρασθαι</span> <span class='ocrx_word' id='word_1_392' title='bbox 1558 3223 1627 3277; x_wconf 78' lang='grc' dir='ltr'>τά</span> <span class='ocrx_word' id='word_1_393' title='bbox 1678 3223 1940 3294; x_wconf 80' lang='grc' dir='ltr'>μέλλοντα</span> 
     </span>
    </p>
   </div>
   <div class='ocr_carea' id='block_1_60' title="bbox 2047 3223 3630 3311">
    <p class='ocr_par' dir='ltr' id='par_1_60' title="bbox 2047 3235 3630 3309">
     <span class='ocr_line' id='line_1_60' title="bbox 2047 3235 3630 3309; baseline -0.001 -18"><span class='ocrx_word' id='word_1_394' title='bbox 2047 3239 2300 3309; x_wconf 90' lang='lat' dir='ltr'>piuntur;</span> <span class='ocrx_word' id='word_1_395' title='bbox 2363 3239 2551 3308; x_wconf 83' lang='lat' dir='ltr'>itaque</span> <span class='ocrx_word' id='word_1_396' title='bbox 2598 3255 2666 3294; x_wconf 90' lang='lat' dir='ltr'>ne</span> <span class='ocrx_word' id='word_1_397' title='bbox 2716 3241 2832 3294; x_wconf 65' lang='lat' dir='ltr'>haec</span> <span class='ocrx_word' id='word_1_398' title='bbox 2878 3239 3125 3309; x_wconf 88' lang='lat' dir='ltr'>quidem,</span> <span class='ocrx_word' id='word_1_399' title='bbox 3187 3251 3312 3308; x_wconf 69' lang='lat' dir='ltr'>qua:</span> <span class='ocrx_word' id='word_1_400' title='bbox 3357 3235 3425 3291; x_wconf 90' lang='lat' dir='ltr'>ad</span> <span class='ocrx_word' id='word_1_401' title='bbox 3471 3249 3630 3290; x_wconf 78' lang='lat' dir='ltr'>usum</span> 
     </span>
    </p>
   </div>
   <div class='ocr_carea' id='block_1_61' title="bbox 355 3315 1940 3392">
    <p class='ocr_par' dir='ltr' id='par_1_61' title="bbox 355 3315 1940 3392">
     <span class='ocr_line' id='line_1_61' title="bbox 355 3315 1940 3392; baseline -0.008 -12"><span class='ocrx_word' id='word_1_402' title='bbox 355 3325 630 3392; x_wconf 71' lang='grc' dir='ltr'>ἀναγκαῖα</span> <span class='ocrx_word' id='word_1_403' title='bbox 692 3322 830 3392; x_wconf 80' lang='grc' dir='ltr'>πρὸς</span> <span class='ocrx_word' id='word_1_404' title='bbox 870 3320 1068 3391; x_wconf 82' lang='grc' dir='ltr'>χρῆσιν</span> <span class='ocrx_word' id='word_1_405' title='bbox 1117 3318 1401 3372; x_wconf 77' lang='grc' dir='ltr'>ἑκάστοτε.</span> <span class='ocrx_word' id='word_1_406' title='bbox 1458 3315 1597 3369; x_wconf 83' lang='grc' dir='ltr'>Ἀλλ’</span> <span class='ocrx_word' id='word_1_407' title='bbox 1662 3315 1782 3368; x_wconf 79' lang='grc' dir='ltr'>οὐδὲ</span> <span class='ocrx_word' id='word_1_408' title='bbox 1840 3317 1940 3388; x_wconf 72' lang='grc' dir='ltr'>μιᾷ.</span> 
     </span>
    </p>
   </div>
   <div class='ocr_carea' id='block_1_62' title="bbox 350 3407 1938 3486">
    <p class='ocr_par' dir='ltr' id='par_1_62' title="bbox 350 3407 1938 3486">
     <span class='ocr_line' id='line_1_62' title="bbox 350 3407 1938 3486; baseline -0.001 -23"><span class='ocrx_word' id='word_1_409' title='bbox 350 3414 548 3486; x_wconf 75' lang='grc' dir='ltr'>γνώμῃ</span> <span class='ocrx_word' id='word_1_410' title='bbox 611 3412 1070 3484; x_wconf 81' lang='grc' dir='ltr'>στρατηγοῦνται,</span> <span class='ocrx_word' id='word_1_411' title='bbox 1127 3409 1268 3463; x_wconf 73' lang='grc' dir='ltr'>ἀλλὰ</span> <span class='ocrx_word' id='word_1_412' title='bbox 1327 3408 1580 3478; x_wconf 86' lang='grc' dir='ltr'>ποικίλης</span> <span class='ocrx_word' id='word_1_413' title='bbox 1629 3407 1796 3477; x_wconf 75' lang='grc' dir='ltr'>οὔσης</span> <span class='ocrx_word' id='word_1_414' title='bbox 1838 3407 1938 3477; x_wconf 85' lang='grc' dir='ltr'>τῆς</span> 
     </span>
    </p>
   </div>
   <div class='ocr_carea' id='block_1_63' title="bbox 355 3498 1937 3579">
    <p class='ocr_par' dir='ltr' id='par_1_63' title="bbox 355 3498 1937 3579">
     <span class='ocr_line' id='line_1_63' title="bbox 355 3498 1937 3579; baseline -0.006 -17"><span class='ocrx_word' id='word_1_415' title='bbox 355 3509 508 3579; x_wconf 74' lang='grc' dir='ltr'>παρὰ</span> <span class='ocrx_word' id='word_1_416' title='bbox 533 3506 643 3560; x_wconf 84' lang='grc' dir='ltr'>τῶν</span> <span class='ocrx_word' id='word_1_417' title='bbox 691 3505 952 3559; x_wconf 82' lang='grc' dir='ltr'>ἐναντίων</span> <span class='ocrx_word' id='word_1_418' title='bbox 999 3503 1368 3574; x_wconf 73' lang='grc' dir='ltr'>ἐγχειρήσεως</span> <span class='ocrx_word' id='word_1_419' title='bbox 1385 3500 1522 3571; x_wconf 85' lang='grc'>(80),</span> <span class='ocrx_word' id='word_1_420' title='bbox 1554 3501 1647 3554; x_wconf 76' lang='grc' dir='ltr'>καὶ</span> <span class='ocrx_word' id='word_1_421' title='bbox 1687 3498 1937 3568; x_wconf 83' lang='grc' dir='ltr'>διάφοροι</span> 
     </span>
    </p>
   </div>
   <div class='ocr_carea' id='block_1_64' title="bbox 354 3590 1934 3670">
    <p class='ocr_par' dir='ltr' id='par_1_64' title="bbox 354 3590 1934 3670">
     <span class='ocr_line' id='line_1_64' title="bbox 354 3590 1934 3670; baseline -0.008 -16"><span class='ocrx_word' id='word_1_422' title='bbox 354 3603 402 3654; x_wconf 83' lang='grc' dir='ltr'>οῖ</span> <span class='ocrx_word' id='word_1_423' title='bbox 428 3599 625 3670; x_wconf 85' lang='grc' dir='ltr'>τρόποι</span> <span class='ocrx_word' id='word_1_424' title='bbox 674 3597 784 3650; x_wconf 81' lang='grc' dir='ltr'>τῶν</span> <span class='ocrx_word' id='word_1_425' title='bbox 830 3595 1306 3665; x_wconf 79' lang='grc' dir='ltr'>άντεγχειρήσεων</span> <span class='ocrx_word' id='word_1_426' title='bbox 1336 3593 1618 3661; x_wconf 81' lang='grc' dir='ltr'>ὀφείλουσι</span> <span class='ocrx_word' id='word_1_427' title='bbox 1652 3590 1934 3658; x_wconf 77' lang='grc' dir='ltr'>γίνεσθαιο</span> 
     </span>
    </p>
   </div>
   <div class='ocr_carea' id='block_1_65' title="bbox 353 3682 1937 3762">
    <p class='ocr_par' dir='ltr' id='par_1_65' title="bbox 353 3682 1937 3762">
     <span class='ocr_line' id='line_1_65' title="bbox 353 3682 1937 3762; baseline -0.009 -15"><span class='ocrx_word' id='word_1_428' title='bbox 353 3691 660 3762; x_wconf 83' lang='grc' dir='ltr'>πανοῦργος</span> <span class='ocrx_word' id='word_1_429' title='bbox 685 3690 794 3761; x_wconf 83' lang='grc' dir='ltr'>γὰρ</span> <span class='ocrx_word' id='word_1_430' title='bbox 820 3689 915 3742; x_wconf 80' lang='grc' dir='ltr'>καὶ</span> <span class='ocrx_word' id='word_1_431' title='bbox 941 3687 1324 3757; x_wconf 81' lang='grc' dir='ltr'>ἁκατάληπτος</span> <span class='ocrx_word' id='word_1_432' title='bbox 1348 3686 1382 3755; x_wconf 85' lang='grc' dir='ltr'>ή</span> <span class='ocrx_word' id='word_1_433' title='bbox 1430 3682 1752 3754; x_wconf 83' lang='grc' dir='ltr'>ἀνθρωπεία</span> <span class='ocrx_word' id='word_1_434' title='bbox 1776 3682 1937 3750; x_wconf 74' lang='grc' dir='ltr'>φύσις</span> 
     </span>
    </p>
   </div>
   <div class='ocr_carea' id='block_1_66' title="bbox 354 3777 1936 3856">
    <p class='ocr_par' dir='ltr' id='par_1_66' title="bbox 354 3777 1936 3856">
     <span class='ocr_line' id='line_1_66' title="bbox 354 3777 1936 3856; baseline -0.008 -16"><span class='ocrx_word' id='word_1_435' title='bbox 354 3785 714 3856; x_wconf 77' lang='grc' dir='ltr'>ὑπάρχουσα,</span> <span class='ocrx_word' id='word_1_436' title='bbox 763 3783 935 3838; x_wconf 77' lang='grc' dir='ltr'>πολλὰ</span> <span class='ocrx_word' id='word_1_437' title='bbox 985 3782 1081 3836; x_wconf 79' lang='grc' dir='ltr'>καὶ</span> <span class='ocrx_word' id='word_1_438' title='bbox 1123 3779 1472 3851; x_wconf 78' lang='grc' dir='ltr'>βουλεύσεται</span> <span class='ocrx_word' id='word_1_439' title='bbox 1520 3777 1617 3830; x_wconf 71' lang='grc' dir='ltr'>καὶ</span> <span class='ocrx_word' id='word_1_440' title='bbox 1665 3777 1936 3846; x_wconf 84' lang='grc' dir='ltr'>ἐγχειρεῖν</span> 
     </span>
    </p>
   </div>
   <div class='ocr_carea' id='block_1_67' title="bbox 353 3875 1018 3947">
    <p class='ocr_par' dir='ltr' id='par_1_67' title="bbox 353 3875 1018 3947">
     <span class='ocr_line' id='line_1_67' title="bbox 353 3875 1018 3947; baseline -0.006 -15"><span class='ocrx_word' id='word_1_441' title='bbox 353 3879 482 3947; x_wconf 78' lang='grc' dir='ltr'>παρ’</span> <span class='ocrx_word' id='word_1_442' title='bbox 517 3877 737 3938; x_wconf 76' lang='grc' dir='ltr'>ἐλπίδας</span> <span class='ocrx_word' id='word_1_443' title='bbox 771 3875 1018 3930; x_wconf 85' lang='grc' dir='ltr'>δύναται.</span> 
     </span>
    </p>
   </div>
   <div class='ocr_carea' id='block_1_68' title="bbox 422 3961 1964 4040">
    <p class='ocr_par' dir='ltr' id='par_1_68' title="bbox 422 3961 1964 4040">
     <span class='ocr_line' id='line_1_68' title="bbox 422 3961 1964 4040; baseline -0.006 -16"><span class='ocrx_word' id='word_1_444' title='bbox 422 3969 527 4040; x_wconf 72' lang='grc' dir='ltr'>τογ’.</span> <span class='ocrx_word' id='word_1_445' title='bbox 558 3969 723 4025; x_wconf 88' lang='grc' dir='ltr'>Ὅθεν</span> <span class='ocrx_word' id='word_1_446' title='bbox 776 3969 873 4023; x_wconf 72' lang='grc' dir='ltr'>καὶ</span> <span class='ocrx_word' id='word_1_447' title='bbox 907 3967 1184 4040; x_wconf 77' lang='grc' dir='ltr'>ἁρμοδίως</span> <span class='ocrx_word' id='word_1_448' title='bbox 1213 3967 1308 4021; x_wconf 77' lang='grc' dir='ltr'>καὶ</span> <span class='ocrx_word' id='word_1_449' title='bbox 1339 3962 1661 4035; x_wconf 80' lang='grc' dir='ltr'>καταχρὲως</span> <span class='ocrx_word' id='word_1_450' title='bbox 1703 3961 1821 4016; x_wconf 73' lang='grc' dir='ltr'>δέον</span> <span class='ocrx_word' id='word_1_451' title='bbox 1849 3961 1964 4015; x_wconf 77' lang='grc' dir='ltr'>ἀεί’</span> 
     </span>
    </p>
   </div>
   <div class='ocr_carea' id='block_1_69' title="bbox 356 4053 1937 4134">
    <p class='ocr_par' dir='ltr' id='par_1_69' title="bbox 356 4053 1937 4134">
     <span class='ocr_line' id='line_1_69' title="bbox 356 4053 1937 4134; baseline -0.008 -16"><span class='ocrx_word' id='word_1_452' title='bbox 356 4081 440 4132; x_wconf 87' lang='grc' dir='ltr'>σε,</span> <span class='ocrx_word' id='word_1_453' title='bbox 463 4057 510 4117; x_wconf 76' lang='grc' dir='ltr'><strong>ὦ</strong></span> <span class='ocrx_word' id='word_1_454' title='bbox 543 4062 838 4134; x_wconf 71' lang='grc' dir='ltr'>πρατηγέ,</span> <span class='ocrx_word' id='word_1_455' title='bbox 869 4063 939 4131; x_wconf 77' lang='grc' dir='ltr'>τῇ</span> <span class='ocrx_word' id='word_1_456' title='bbox 976 4060 1112 4130; x_wconf 73' lang='grc' dir='ltr'>πρὸς</span> <span class='ocrx_word' id='word_1_457' title='bbox 1147 4059 1279 4112; x_wconf 78' lang='grc' dir='ltr'>Θεὸν</span> <span class='ocrx_word' id='word_1_458' title='bbox 1305 4058 1489 4127; x_wconf 88' lang='grc' dir='ltr'>δεήσει</span> <span class='ocrx_word' id='word_1_459' title='bbox 1535 4054 1816 4125; x_wconf 76' lang='grc' dir='ltr'>σχολάζειν</span> <span class='ocrx_word' id='word_1_460' title='bbox 1841 4053 1937 4107; x_wconf 76' lang='grc' dir='ltr'>καὶ</span> 
     </span>
    </p>
   </div>
   <div class='ocr_carea' id='block_1_70' title="bbox 354 4145 1938 4221">
    <p class='ocr_par' dir='ltr' id='par_1_70' title="bbox 354 4145 1938 4221">
     <span class='ocr_line' id='line_1_70' title="bbox 354 4145 1938 4221; baseline -0.006 -10"><span class='ocrx_word' id='word_1_461' title='bbox 354 4159 454 4221; x_wconf 82' lang='grc' dir='ltr'>τὰς</span> <span class='ocrx_word' id='word_1_462' title='bbox 482 4155 649 4218; x_wconf 77' lang='grc' dir='ltr'>αὐτοῦ</span> <span class='ocrx_word' id='word_1_463' title='bbox 685 4154 907 4216; x_wconf 79' lang='grc' dir='ltr'>ἐντολὰς</span> <span class='ocrx_word' id='word_1_464' title='bbox 936 4152 1228 4220; x_wconf 82' lang='grc' dir='ltr'>φυλάττειν</span> <span class='ocrx_word' id='word_1_465' title='bbox 1256 4165 1270 4179; x_wconf 88' lang='grc'><strong>·</strong></span> <span class='ocrx_word' id='word_1_466' title='bbox 1307 4149 1393 4202; x_wconf 80' lang='grc' dir='ltr'>ἵνα</span> <span class='ocrx_word' id='word_1_467' title='bbox 1417 4146 1484 4201; x_wconf 87' lang='grc' dir='ltr'>δι’</span> <span class='ocrx_word' id='word_1_468' title='bbox 1513 4146 1677 4199; x_wconf 77' lang='grc' dir='ltr'>αὑτοῦ</span> <span class='ocrx_word' id='word_1_469' title='bbox 1711 4145 1938 4201; x_wconf 83' lang='grc' dir='ltr'>δύνασαι</span> 
     </span>
    </p>
   </div>
   <div class='ocr_carea' id='block_1_71' title="bbox 356 4238 1936 4317">
    <p class='ocr_par' dir='ltr' id='par_1_71' title="bbox 356 4238 1936 4317">
     <span class='ocr_line' id='line_1_71' title="bbox 356 4238 1936 4317; baseline -0.007 -15"><span class='ocrx_word' id='word_1_470' title='bbox 356 4253 451 4302; x_wconf 73' lang='grc' dir='ltr'>καὶ</span> <span class='ocrx_word' id='word_1_471' title='bbox 475 4249 597 4302; x_wconf 75' lang='grc' dir='ltr'>κατ’</span> <span class='ocrx_word' id='word_1_472' title='bbox 625 4244 836 4317; x_wconf 77' lang='grc' dir='ltr'>ἐχθρῶν</span> <span class='ocrx_word' id='word_1_473' title='bbox 863 4244 975 4316; x_wconf 81' lang='lat'><strong>(8|)</strong></span> <span class='ocrx_word' id='word_1_474' title='bbox 1015 4244 1293 4310; x_wconf 78' lang='grc' dir='ltr'>πίζεσθαι,</span> <span class='ocrx_word' id='word_1_475' title='bbox 1343 4241 1440 4294; x_wconf 74' lang='grc' dir='ltr'>καὶ</span> <span class='ocrx_word' id='word_1_476' title='bbox 1481 4238 1643 4301; x_wconf 74' lang='grc' dir='ltr'>αὐτὸς</span> <span class='ocrx_word' id='word_1_477' title='bbox 1691 4239 1936 4312; x_wconf 76' lang='grc' dir='ltr'>ἀϐλαϐὴς</span> 
     </span>
    </p>
   </div>
   <div class='ocr_carea' id='block_1_72' title="bbox 358 4332 3318 4411">
    <p class='ocr_par' dir='ltr' id='par_1_72' title="bbox 358 4332 3318 4411">
     <span class='ocr_line' id='line_1_72' title="bbox 358 4332 3318 4411; baseline -0.003 -15"><span class='ocrx_word' id='word_1_478' title='bbox 358 4344 477 4411; x_wconf 69' lang='grc' dir='ltr'>ἅμα</span> <span class='ocrx_word' id='word_1_479' title='bbox 503 4341 615 4404; x_wconf 89' lang='grc' dir='ltr'>τοῖς</span> <span class='ocrx_word' id='word_1_480' title='bbox 650 4339 754 4392; x_wconf 80' lang='grc' dir='ltr'>ὑπὸ</span> <span class='ocrx_word' id='word_1_481' title='bbox 790 4339 850 4392; x_wconf 77' lang='grc' dir='ltr'>σὲ</span> <span class='ocrx_word' id='word_1_482' title='bbox 896 4338 1301 4410; x_wconf 76' lang='grc' dir='ltr'>περισώζεσθαι</span> <span class='ocrx_word' id='word_1_483' title='bbox 1342 4334 1438 4388; x_wconf 80' lang='grc' dir='ltr'>καὶ</span> <span class='ocrx_word' id='word_1_484' title='bbox 1485 4333 1583 4404; x_wconf 79' lang='grc' dir='ltr'>τὴν</span> <span class='ocrx_word' id='word_1_485' title='bbox 1627 4332 1685 4386; x_wconf 82' lang='grc' dir='ltr'>ὲν</span> <span class='ocrx_word' id='word_1_486' title='bbox 1724 4333 1949 4407; x_wconf 79' lang='grc' dir='ltr'>Χριστῷ</span> <span class='ocrx_word' id='word_1_487' title='bbox 1986 4335 2066 4407; x_wconf 82' lang='grc' dir='ltr'>τῷ</span> <span class='ocrx_word' id='word_1_488' title='bbox 2108 4333 2349 4407; x_wconf 77' lang='grc' dir='ltr'>ἀληθινῷ</span> <span class='ocrx_word' id='word_1_489' title='bbox 2382 4334 2504 4405; x_wconf 86' lang='grc' dir='ltr'>Θεῷ</span> <span class='ocrx_word' id='word_1_490' title='bbox 2555 4334 2652 4389; x_wconf 79' lang='grc' dir='ltr'>καὶ</span> <span class='ocrx_word' id='word_1_491' title='bbox 2696 4335 2910 4406; x_wconf 86' lang='grc' dir='ltr'>βασιλεῖ</span> <span class='ocrx_word' id='word_1_492' title='bbox 2959 4333 3056 4388; x_wconf 79' lang='grc' dir='ltr'>τοῦ</span> <span class='ocrx_word' id='word_1_493' title='bbox 3113 4333 3318 4398; x_wconf 78' lang='grc' dir='ltr'>παντδς</span> 
     </span>
    </p>
   </div>
   <div class='ocr_carea' id='block_1_73' title="bbox 2047 3326 3630 3403">
    <p class='ocr_par' dir='ltr' id='par_1_73' title="bbox 2047 3326 3630 3403">
     <span class='ocr_line' id='line_1_73' title="bbox 2047 3326 3630 3403; baseline -0.004 -15"><span class='ocrx_word' id='word_1_494' title='bbox 2047 3349 2263 3403; x_wconf 87' lang='lat' dir='ltr'>semper</span> <span class='ocrx_word' id='word_1_495' title='bbox 2311 3331 2626 3387; x_wconf 87' lang='lat' dir='ltr'>necessaria</span> <span class='ocrx_word' id='word_1_496' title='bbox 2653 3338 2808 3394; x_wconf 77' lang='lat' dir='ltr'>sunt,</span> <span class='ocrx_word' id='word_1_497' title='bbox 2843 3329 3088 3383; x_wconf 88' lang='lat' dir='ltr'>indicare</span> <span class='ocrx_word' id='word_1_498' title='bbox 3117 3329 3244 3398; x_wconf 90' lang='lat' dir='ltr'>quis</span> <span class='ocrx_word' id='word_1_499' title='bbox 3273 3335 3494 3398; x_wconf 81' lang='lat' dir='ltr'>potest;</span> <span class='ocrx_word' id='word_1_500' title='bbox 3533 3326 3630 3382; x_wconf 82' lang='lat' dir='ltr'>sed</span> 
     </span>
    </p>
   </div>
   <div class='ocr_carea' id='block_1_74' title="bbox 2045 3418 3631 3491">
    <p class='ocr_par' dir='ltr' id='par_1_74' title="bbox 2045 3418 3631 3491">
     <span class='ocr_line' id='line_1_74' title="bbox 2045 3418 3631 3491; baseline -0.006 -13"><span class='ocrx_word' id='word_1_501' title='bbox 2045 3438 2172 3478; x_wconf 90' lang='lat' dir='ltr'>cum</span> <span class='ocrx_word' id='word_1_502' title='bbox 2221 3437 2398 3491; x_wconf 88' lang='lat' dir='ltr'>neque</span> <span class='ocrx_word' id='word_1_503' title='bbox 2439 3435 2550 3474; x_wconf 87' lang='lat' dir='ltr'>una</span> <span class='ocrx_word' id='word_1_504' title='bbox 2598 3429 2780 3475; x_wconf 83' lang='lat' dir='ltr'>mente</span> <span class='ocrx_word' id='word_1_505' title='bbox 2830 3434 3026 3473; x_wconf 86' lang='lat' dir='ltr'>omnes</span> <span class='ocrx_word' id='word_1_506' title='bbox 3075 3418 3443 3487; x_wconf 82' lang='lat' dir='ltr'>imperatores</span> <span class='ocrx_word' id='word_1_507' title='bbox 3479 3423 3631 3480; x_wconf 84' lang='lat' dir='ltr'>sunt,</span> 
     </span>
    </p>
   </div>
   <div class='ocr_carea' id='block_1_75' title="bbox 2047 3509 3634 3583">
    <p class='ocr_par' dir='ltr' id='par_1_75' title="bbox 2047 3509 3634 3583">
     <span class='ocr_line' id='line_1_75' title="bbox 2047 3509 3634 3583; baseline -0.007 -13"><span class='ocrx_word' id='word_1_508' title='bbox 2047 3513 2142 3570; x_wconf 89' lang='lat' dir='ltr'>sed</span> <span class='ocrx_word' id='word_1_509' title='bbox 2176 3529 2385 3583; x_wconf 75' lang='lat' dir='ltr'>magnae</span> <span class='ocrx_word' id='word_1_510' title='bbox 2418 3512 2712 3566; x_wconf 77' lang='lat' dir='ltr'>varietates</span> <span class='ocrx_word' id='word_1_511' title='bbox 2741 3526 2925 3565; x_wconf 89' lang='lat' dir='ltr'>rerum</span> <span class='ocrx_word' id='word_1_512' title='bbox 2967 3509 3037 3563; x_wconf 85' lang='lat' dir='ltr'>ab</span> <span class='ocrx_word' id='word_1_513' title='bbox 3065 3509 3319 3563; x_wconf 83' lang='lat' dir='ltr'>hostibus</span> <span class='ocrx_word' id='word_1_514' title='bbox 3346 3515 3634 3576; x_wconf 83' lang='lat' dir='ltr'>suscepta-</span> 
     </span>
    </p>
   </div>
   <div class='ocr_carea' id='block_1_76' title="bbox 2047 3598 3633 3670">
    <p class='ocr_par' dir='ltr' id='par_1_76' title="bbox 2047 3598 3633 3670">
     <span class='ocr_line' id='line_1_76' title="bbox 2047 3598 3633 3670; baseline -0.004 -12"><span class='ocrx_word' id='word_1_515' title='bbox 2047 3620 2169 3658; x_wconf 91' lang='lat' dir='ltr'>rum</span> <span class='ocrx_word' id='word_1_516' title='bbox 2215 3613 2382 3668; x_wconf 90' lang='lat' dir='ltr'>sunt,</span> <span class='ocrx_word' id='word_1_517' title='bbox 2427 3603 2662 3658; x_wconf 68' lang='lat' dir='ltr'>diversae</span> <span class='ocrx_word' id='word_1_518' title='bbox 2691 3603 2857 3657; x_wconf 87' lang='lat' dir='ltr'>etiam</span> <span class='ocrx_word' id='word_1_519' title='bbox 2895 3615 3078 3656; x_wconf 90' lang='lat' dir='ltr'>rerum</span> <span class='ocrx_word' id='word_1_520' title='bbox 3128 3599 3513 3670; x_wconf 78' lang='lat' dir='ltr'>aggressiones</span> <span class='ocrx_word' id='word_1_521' title='bbox 3559 3598 3633 3652; x_wconf 86' lang='lat' dir='ltr'>ad</span> 
     </span>
    </p>
   </div>
   <div class='ocr_carea' id='block_1_77' title="bbox 2045 3690 3633 3751">
    <p class='ocr_par' dir='ltr' id='par_1_77' title="bbox 2045 3690 3633 3751">
     <span class='ocr_line' id='line_1_77' title="bbox 2045 3690 3633 3751; baseline -0.004 0"><span class='ocrx_word' id='word_1_522' title='bbox 2045 3711 2142 3751; x_wconf 87' lang='lat' dir='ltr'>eos</span> <span class='ocrx_word' id='word_1_523' title='bbox 2174 3693 2464 3749; x_wconf 73' lang='lat' dir='ltr'>moliendae</span> <span class='ocrx_word' id='word_1_524' title='bbox 2493 3702 2642 3749; x_wconf 90' lang='lat' dir='ltr'>sunt.</span> <span class='ocrx_word' id='word_1_525' title='bbox 2678 3693 2877 3748; x_wconf 77' lang='lat' dir='ltr'>Astuta</span> <span class='ocrx_word' id='word_1_526' title='bbox 2910 3693 3058 3747; x_wconf 89' lang='lat' dir='ltr'>enim</span> <span class='ocrx_word' id='word_1_527' title='bbox 3090 3699 3146 3748; x_wconf 86' lang='lat' dir='ltr'>et</span> <span class='ocrx_word' id='word_1_528' title='bbox 3178 3691 3356 3747; x_wconf 90' lang='lat' dir='ltr'>solers</span> <span class='ocrx_word' id='word_1_529' title='bbox 3387 3690 3633 3744; x_wconf 83' lang='lat' dir='ltr'>humana</span> 
     </span>
    </p>
   </div>
   <div class='ocr_carea' id='block_1_78' title="bbox 2046 3783 3632 3858">
    <p class='ocr_par' dir='ltr' id='par_1_78' title="bbox 2046 3783 3632 3858">
     <span class='ocr_line' id='line_1_78' title="bbox 2046 3783 3632 3858; baseline -0.004 -15"><span class='ocrx_word' id='word_1_530' title='bbox 2046 3798 2246 3843; x_wconf 85' lang='lat' dir='ltr'>natura</span> <span class='ocrx_word' id='word_1_531' title='bbox 2270 3802 2398 3842; x_wconf 90' lang='lat' dir='ltr'>cum</span> <span class='ocrx_word' id='word_1_532' title='bbox 2430 3788 2525 3855; x_wconf 85' lang='lat' dir='ltr'>sit,</span> <span class='ocrx_word' id='word_1_533' title='bbox 2559 3787 2730 3842; x_wconf 87' lang='lat' dir='ltr'>multa</span> <span class='ocrx_word' id='word_1_534' title='bbox 2754 3787 3090 3858; x_wconf 75' lang='lat' dir='ltr'>excogitare,</span> <span class='ocrx_word' id='word_1_535' title='bbox 3121 3785 3294 3840; x_wconf 87' lang='lat' dir='ltr'>multa</span> <span class='ocrx_word' id='word_1_536' title='bbox 3327 3783 3508 3840; x_wconf 86' lang='lat' dir='ltr'>moliri</span> <span class='ocrx_word' id='word_1_537' title='bbox 3528 3795 3632 3838; x_wconf 85' lang='lat' dir='ltr'>nec</span> 
     </span>
    </p>
   </div>
   <div class='ocr_carea' id='block_1_79' title="bbox 2045 3881 2500 3949">
    <p class='ocr_par' dir='ltr' id='par_1_79' title="bbox 2045 3881 2500 3949">
     <span class='ocr_line' id='line_1_79' title="bbox 2045 3881 2500 3949; baseline -0.004 -15"><span class='ocrx_word' id='word_1_538' title='bbox 2045 3881 2267 3948; x_wconf 86' lang='lat' dir='ltr'>opinata</span> <span class='ocrx_word' id='word_1_539' title='bbox 2303 3888 2500 3949; x_wconf 87' lang='lat' dir='ltr'>potest.</span> 
     </span>
    </p>
   </div>
   <div class='ocr_carea' id='block_1_80' title="bbox 2117 3967 3631 4042">
    <p class='ocr_par' dir='ltr' id='par_1_80' title="bbox 2117 3967 3631 4042">
     <span class='ocr_line' id='line_1_80' title="bbox 2117 3967 3631 4042; baseline -0.001 -16"><span class='ocrx_word' id='word_1_540' title='bbox 2117 3972 2208 4026; x_wconf 79' lang='lat'>75.</span> <span class='ocrx_word' id='word_1_541' title='bbox 2251 3970 2408 4027; x_wconf 87' lang='lat' dir='ltr'>Unde</span> <span class='ocrx_word' id='word_1_542' title='bbox 2440 3988 2538 4042; x_wconf 91' lang='lat' dir='ltr'>par</span> <span class='ocrx_word' id='word_1_543' title='bbox 2565 3979 2652 4026; x_wconf 88' lang='lat' dir='ltr'>est</span> <span class='ocrx_word' id='word_1_544' title='bbox 2686 3979 2740 4025; x_wconf 85' lang='lat' dir='ltr'>te</span> <span class='ocrx_word' id='word_1_545' title='bbox 2764 4009 2780 4035; x_wconf 94' lang='lat'>,</span> <span class='ocrx_word' id='word_1_546' title='bbox 2825 3970 3146 4038; x_wconf 86' lang='lat' dir='ltr'>imperator,</span> <span class='ocrx_word' id='word_1_547' title='bbox 3182 3967 3415 4039; x_wconf 83' lang='lat' dir='ltr'>supplici</span> <span class='ocrx_word' id='word_1_548' title='bbox 3447 3975 3631 4024; x_wconf 87' lang='lat' dir='ltr'>mento</span> 
     </span>
    </p>
   </div>
   <div class='ocr_carea' id='block_1_81' title="bbox 2046 4060 3628 4135">
    <p class='ocr_par' dir='ltr' id='par_1_81' title="bbox 2046 4060 3628 4135">
     <span class='ocr_line' id='line_1_81' title="bbox 2046 4060 3628 4135; baseline -0.004 -15"><span class='ocrx_word' id='word_1_549' title='bbox 2046 4079 2265 4135; x_wconf 87' lang='lat' dir='ltr'>semper</span> <span class='ocrx_word' id='word_1_550' title='bbox 2311 4063 2422 4118; x_wconf 83' lang='lat' dir='ltr'>Deo</span> <span class='ocrx_word' id='word_1_551' title='bbox 2458 4078 2650 4134; x_wconf 86' lang='lat' dir='ltr'>preces</span> <span class='ocrx_word' id='word_1_552' title='bbox 2699 4061 2984 4126; x_wconf 85' lang='lat' dir='ltr'>adhibere,</span> <span class='ocrx_word' id='word_1_553' title='bbox 3030 4068 3086 4116; x_wconf 87' lang='lat' dir='ltr'>et</span> <span class='ocrx_word' id='word_1_554' title='bbox 3127 4061 3183 4115; x_wconf 89' lang='lat' dir='ltr'>in</span> <span class='ocrx_word' id='word_1_555' title='bbox 3226 4060 3482 4116; x_wconf 88' lang='lat' dir='ltr'>omnibus</span> <span class='ocrx_word' id='word_1_556' title='bbox 3525 4073 3628 4114; x_wconf 87' lang='lat' dir='ltr'>au-</span> 
     </span>
    </p>
   </div>
   <div class='ocr_carea' id='block_1_82' title="bbox 2046 4151 3626 4226">
    <p class='ocr_par' dir='ltr' id='par_1_82' title="bbox 2046 4151 3626 4226">
     <span class='ocr_line' id='line_1_82' title="bbox 2046 4151 3626 4226; baseline -0.004 -15"><span class='ocrx_word' id='word_1_557' title='bbox 2046 4157 2187 4211; x_wconf 86' lang='lat' dir='ltr'>ctori</span> <span class='ocrx_word' id='word_1_558' title='bbox 2221 4155 2441 4220; x_wconf 86' lang='lat' dir='ltr'>salutis,</span> <span class='ocrx_word' id='word_1_559' title='bbox 2476 4169 2576 4226; x_wconf 89' lang='lat' dir='ltr'>pro</span> <span class='ocrx_word' id='word_1_560' title='bbox 2607 4155 2677 4212; x_wconf 88' lang='lat' dir='ltr'>iis</span> <span class='ocrx_word' id='word_1_561' title='bbox 2713 4169 2839 4225; x_wconf 66' lang='lat' dir='ltr'>quia:</span> <span class='ocrx_word' id='word_1_562' title='bbox 2890 4154 3136 4210; x_wconf 79' lang='lat' dir='ltr'>maxime</span> <span class='ocrx_word' id='word_1_563' title='bbox 3166 4151 3438 4209; x_wconf 83' lang='lat' dir='ltr'>salutaria</span> <span class='ocrx_word' id='word_1_564' title='bbox 3491 4161 3626 4208; x_wconf 89' lang='lat' dir='ltr'>sunt</span> 
     </span>
    </p>
   </div>
   <div class='ocr_carea' id='block_1_83' title="bbox 2044 4239 2380 4311">
    <p class='ocr_par' dir='ltr' id='par_1_83' title="bbox 2044 4239 2380 4311">
     <span class='ocr_line' id='line_1_83' title="bbox 2044 4239 2380 4311; baseline -0.009 -14"><span class='ocrx_word' id='word_1_565' title='bbox 2044 4239 2380 4311; x_wconf 83' lang='lat' dir='ltr'>supplicare.</span> 
     </span>
    </p>
   </div>
   <div class='ocr_carea' id='block_1_84' title="bbox 3398 4332 3626 4404">
    <p class='ocr_par' dir='ltr' id='par_1_84' title="bbox 3398 4332 3626 4404">
     <span class='ocr_line' id='line_1_84' title="bbox 3398 4332 3626 4404; baseline -0.022 -15"><span class='ocrx_word' id='word_1_566' title='bbox 3398 4332 3626 4404; x_wconf 79' lang='grc' dir='ltr'>αξωνίῳ,</span> 
     </span>
    </p>
   </div>
   <div class='ocr_carea' id='block_1_85' title="bbox 359 4424 3150 4506">
    <p class='ocr_par' dir='ltr' id='par_1_85' title="bbox 359 4424 3150 4506">
     <span class='ocr_line' id='line_1_85' title="bbox 359 4424 3150 4506; baseline -0.002 -17"><span class='ocrx_word' id='word_1_567' title='bbox 359 4433 633 4506; x_wconf 71' lang='grc' dir='ltr'>σωτηρίαν</span> <span class='ocrx_word' id='word_1_568' title='bbox 663 4433 758 4487; x_wconf 72' lang='grc' dir='ltr'>καὶ</span> <span class='ocrx_word' id='word_1_569' title='bbox 796 4432 954 4504; x_wconf 88' lang='grc' dir='ltr'>νίκην</span> <span class='ocrx_word' id='word_1_570' title='bbox 1016 4432 1224 4488; x_wconf 76' lang='grc' dir='ltr'>ἄνωθεν</span> <span class='ocrx_word' id='word_1_571' title='bbox 1253 4429 1639 4502; x_wconf 73' lang='grc' dir='ltr'>ὑποδέχεσθαι,</span> <span class='ocrx_word' id='word_1_572' title='bbox 1679 4424 1724 4500; x_wconf 82' lang='grc' dir='ltr'>ᾧ</span> <span class='ocrx_word' id='word_1_573' title='bbox 1749 4433 1783 4502; x_wconf 84' lang='grc' dir='ltr'>ή</span> <span class='ocrx_word' id='word_1_574' title='bbox 1811 4429 1938 4498; x_wconf 79' lang='grc' dir='ltr'>δόξα</span> <span class='ocrx_word' id='word_1_575' title='bbox 1978 4431 2071 4484; x_wconf 77' lang='grc' dir='ltr'>καὶ</span> <span class='ocrx_word' id='word_1_576' title='bbox 2101 4429 2163 4484; x_wconf 77' lang='grc' dir='ltr'>τὸ</span> <span class='ocrx_word' id='word_1_577' title='bbox 2185 4430 2387 4500; x_wconf 86' lang='grc' dir='ltr'>κράτος</span> <span class='ocrx_word' id='word_1_578' title='bbox 2416 4431 2498 4494; x_wconf 84' lang='grc' dir='ltr'>είς</span> <span class='ocrx_word' id='word_1_579' title='bbox 2525 4433 2652 4496; x_wconf 77' lang='grc' dir='ltr'>τοὺς</span> <span class='ocrx_word' id='word_1_580' title='bbox 2680 4431 2907 4494; x_wconf 68' lang='grc' dir='ltr'>αἰῶνας.</span> <span class='ocrx_word' id='word_1_581' title='bbox 2955 4430 3150 4501; x_wconf 79' lang='grc' dir='ltr'>’Δμήν.</span> 
     </span>
    </p>
   </div>
   <div class='ocr_carea' id='block_1_86' title="bbox 1883 4615 2116 4674">
    <p class='ocr_par' dir='ltr' id='par_1_86' title="bbox 1883 4615 2116 4674">
     <span class='ocr_line' id='line_1_86' title="bbox 1883 4615 2116 4674; baseline 0 -2"><span class='ocrx_word' id='word_1_582' title='bbox 1883 4615 2116 4674; x_wconf 63' lang='lat' dir='ltr'>NOTAE.</span> 
     </span>
    </p>
   </div>
   <div class='ocr_carea' id='block_1_87' title="bbox 435 4716 1704 4788">
    <p class='ocr_par' dir='ltr' id='par_1_87' title="bbox 435 4716 1704 4788">
     <span class='ocr_line' id='line_1_87' title="bbox 435 4716 1704 4788; baseline -0.006 -13"><span class='ocrx_word' id='word_1_583' title='bbox 435 4719 551 4788; x_wconf 81' lang='lat'>(79)</span> <span class='ocrx_word' id='word_1_584' title='bbox 594 4719 716 4774; x_wconf 78' lang='grc' dir='ltr'><em>Τῶν</em></span> <span class='ocrx_word' id='word_1_585' title='bbox 739 4723 1000 4777; x_wconf 66' lang='grc' dir='ltr'>πολεων.</span> <span class='ocrx_word' id='word_1_586' title='bbox 1039 4719 1253 4784; x_wconf 83' lang='lat' dir='ltr'>Scribe,</span> <span class='ocrx_word' id='word_1_587' title='bbox 1293 4720 1402 4773; x_wconf 82' lang='grc' dir='ltr'>τῶν</span> <span class='ocrx_word' id='word_1_588' title='bbox 1429 4716 1704 4788; x_wconf 79' lang='grc' dir='ltr'>πολέμων.</span> 
     </span>
    </p>
   </div>
   <div class='ocr_carea' id='block_1_88' title="bbox 435 4787 1850 4864">
    <p class='ocr_par' dir='ltr' id='par_1_88' title="bbox 435 4787 1850 4864">
     <span class='ocr_line' id='line_1_88' title="bbox 435 4787 1850 4864; baseline -0.001 -18"><span class='ocrx_word' id='word_1_589' title='bbox 435 4787 548 4864; x_wconf 81' lang='grc'>(80)</span> <span class='ocrx_word' id='word_1_590' title='bbox 594 4792 1046 4862; x_wconf 79' lang='grc' dir='ltr'>Ἐγχειρήσεως.</span> <span class='ocrx_word' id='word_1_591' title='bbox 1087 4792 1459 4856; x_wconf 81' lang='lat' dir='ltr'>Scribebatur,</span> <span class='ocrx_word' id='word_1_592' title='bbox 1494 4787 1850 4859; x_wconf 71' lang='grc' dir='ltr'>ἐγχειρήτως.</span> 
     </span>
    </p>
   </div>
   <div class='ocr_carea' id='block_1_89' title="bbox 2122 4708 3434 4797">
    <p class='ocr_par' dir='ltr' id='par_1_89' title="bbox 2122 4708 3434 4797">
     <span class='ocr_line' id='line_1_89' title="bbox 2122 4708 3434 4797; baseline -0.008 -26"><span class='ocrx_word' id='word_1_593' title='bbox 2122 4715 2236 4787; x_wconf 88' lang='grc'>(81)</span> <span class='ocrx_word' id='word_1_594' title='bbox 2281 4713 2405 4797; x_wconf 76' lang='grc' dir='ltr'>Τῷν</span> <span class='ocrx_word' id='word_1_595' title='bbox 2431 4713 2682 4784; x_wconf 74' lang='grc' dir='ltr'>ἐχθρῶν.</span> <span class='ocrx_word' id='word_1_596' title='bbox 2721 4712 3094 4776; x_wconf 85' lang='lat' dir='ltr'>Scribebatur,</span> <span class='ocrx_word' id='word_1_597' title='bbox 3128 4709 3208 4780; x_wconf 82' lang='grc' dir='ltr'>τῷ</span> <span class='ocrx_word' id='word_1_598' title='bbox 3234 4708 3434 4780; x_wconf 77' lang='grc' dir='ltr'>ὲχρῶν.</span> 
     </span>
    </p>
   </div>
  </div>
