4120 6446
1699 348 1978 409 LEONIS
2015 346 2485 409 PHILOSOPHI

455 342 594 411 1095
1699 348 1978 409 LEONIS
2015 346 2485 409 PHILOSOPHI
3604 348 3751 417 ωσι

487 494 3541 530 W

986 673 1175 787 AD
1258 673 1770 788 LEONIS
1846 672 2478 839 AUGUSTI
2571 674 3205 791 TACTICA

1754 915 2421 1005 APPENDIX.

532 1274 828 1347 Sequentia
862 1277 1043 1350 capita
1069 1273 1477 1348 praemittuntur
1498 1270 1904 1341 Programmati
1935 1269 2253 1324 academico
2282 1267 2574 1325 Turicensi
2621 1270 2751 1324 anni
2779 1267 2938 1325 I854.
2990 1287 3008 1322 ι
3057 1268 3305 1343 Duplicis
3341 1279 3471 1326 sunt
3502 1273 3748 1343 generis,

451 1368 628 1441 inquit
673 1371 902 1429 Editor:
936 1380 1032 1428 aut
1085 1372 1151 1427 ad
1190 1379 1436 1426 veterum
1470 1368 1785 1427 Graecorum
1819 1367 2315 1438 Macedonumque,
2373 1378 2469 1431 aut
2497 1367 2565 1423 ad
2608 1367 2967 1423 recentiorem
2999 1367 3427 1439 Byzantinorum
3453 1383 3569 1425 rem
3605 1370 3751 1424 mili-

454 1477 628 1519 tarem
671 1474 945 1537 spectant.
986 1464 1053 1519 Et
1084 1465 1177 1520 illa
1220 1442 1441 1535 quidem
1498 1464 1680 1534 (capp.
1716 1462 1806 1525 50,
1827 1461 1916 1528 54,
1948 1463 2008 1516 41
2038 1469 2093 1515 et
2120 1459 2212 1525 42,
2243 1461 2313 1516 55
2333 1468 2388 1541 et
2417 1460 2534 1529 54),
2580 1461 2835 1529 quamvis
2861 1461 3022 1531 plane
3061 1461 3187 1517 novi
3211 1477 3320 1533 non
3358 1462 3588 1533 multum
3613 1478 3750 1519 sane

450 1557 747 1624 praebeant,
782 1556 925 1610 haud
961 1555 1227 1610 inutiliter
1255 1563 1585 1609 tamencum
1629 1552 2022 1622 Asclepiodoti,
2048 1549 2251 1605 [Eliani
2317 1559 2372 1606 et
2410 1550 2692 1623 Byzantini
2712 1551 2982 1624 Anonymi
3034 1554 3393 1610 relationibus
3423 1570 3750 1627 comparen-

456 1657 568 1703 tur.
615 1648 741 1704 llatc
776 1665 907 1705 vero
928 1649 1112 1721 (capp.
1138 1647 1229 1712 35,
1273 1646 1365 1715 58,
1399 1648 1490 1714 59,
1516 1647 1609 1712 45,
1636 1644 1730 1714 50)
1764 1661 1922 1716 aeque
1957 1645 2202 1701 breviter
2235 1660 2302 1700 ac
2326 1644 2567 1700 dilucide
2599 1646 2772 1714 prima
2806 1645 3119 1718 Byzantium
3144 1648 3355 1704 militia:
3384 1646 3746 1705 fundamenta

450 1741 954 1812 comprehendunt,
983 1757 1108 1812 qua:
1155 1739 1209 1795 in
1246 1738 1517 1804 Mauricii,
1583 1736 1932 1793 Constantini
1992 1746 2046 1791 et
2086 1735 2249 1790 editis
2294 1733 2496 1791 Leonis
2560 1734 2801 1791 Tacticis
2832 1737 3069 1806 sparsim
3110 1752 3213 1793 nec
3267 1739 3388 1795 sine
3423 1741 3746 1797 dillicultate

450 1843 729 1908 1eguntur.
770 1854 789 1888 ι
841 1832 1025 1890 Monet
1056 1842 1317 1903 praeterea
1365 1829 1578 1894 Editor,
1638 1844 1698 1885 se
1743 1827 1951 1883 codicis
1982 1826 2271 1897 scripturae
2296 1840 2513 1896 semper
2561 1825 2861 1884 adhaesisse
2914 1839 2970 1883 et
3021 1828 3155 1884 nihil
3198 1831 3505 1894 novavisse,
3544 1834 3744 1888 sedvel

450 1934 581 1987 talia
611 1930 901 2000 reliquisse
928 1928 1113 2000 qualia
1140 1937 1270 1985 sunt
1286 1926 1627 1989 δαιπότατοι,
1664 1923 1976 1996 κρίϐαντες,
2020 1923 2037 1977 ί

2138 1922 2362 1993 ξνσωρες
2388 1938 2403 1987 ;
2448 1923 2575 1993 quis
2606 1938 2735 1980 vero
2764 1930 2820 1978 et
2843 1924 2998 1994 cuias
3029 1924 3100 1979 sit
3133 1924 3301 1980 codex
3339 1940 3448 1994 quo
3470 1941 3605 1981 usus
3630 1935 3741 1991 est,

449 2025 677 2081 omnino
705 2032 866 2080 tacet.
896 2022 1409 2093 interpretationem
1435 2016 1688 2074 Latinam
1714 2016 2049 2073 addidimus.

446 2338 598 2397 CAP.
662 2335 880 2392 XXXII.
931 2365 1005 2376 —-
1034 2335 1414 2392 Ordinationes
1470 2335 1703 2403 peditum
1739 2333 1883 2402 apud
1912 2349 2028 2387 eos-

1088 2407 1208 2462 dem
1237 2406 1519 2481 [Graecos].

2139 2329 2389 2384 ΚΕΦΑΛ.
2429 2326 2551 2382 AB'.
2577 2324 3037 2394 -Παρατάξεις
3067 2323 3259 2386 πεζῶν
3308 2326 3436 2379 κατ’
3482 2328 3731 2394 αὐτούς,

1126 2423 1208 2462 em
1237 2422 1519 2462 lbeBCOSI.

521 2499 778 2554 Peditum
814 2513 1163 2569 unaquaeque
1183 2478 1326 2569 legio
1358 2478 1596 2568 quatuor
1616 2504 1955 2551 armatorum
1980 2485 2037 2548 et

2211 2488 2333 2540 Τῶν
2362 2487 2603 2550 πεζικῶν
2625 2485 2922 2556 ταγμάτων
2953 2483 3187 2537 ἕκαστον
3214 2482 3273 2550 ἐξ
3304 2484 3518 2557 ἀνδρῶν
3544 2478 3614 2559 ἦν
3646 2503 3739 2541 τι·

448 2600 788 2645 scutatorum
823 2589 1065 2644 millibus
1080 2588 1445 2659 etnonaginta
1458 2602 1552 2644 sex
1566 2588 1885 2652 constabat;
1917 2602 2037 2641 sex-

2141 2580 2531 2651 τρακισχιλίων
2582 2579 3003 2648 ὲννενηκονταὲξ
3045 2578 3460 2649 συνιστάμενον,
3494 2580 3740 2634 ὁπλιτῶν

448 2682 629 2737 decim
660 2683 715 2735 in
749 2681 960 2751 legione
994 2680 1249 2746 ordines;
1277 2694 1445 2750 porro
1474 2680 1611 2735 ordo
1650 2682 1885 2750 quisque
1932 2684 2036 2733 du-

447 2785 738 2829 centorum
784 2781 838 2828 et
869 2772 1273 2844 quinquaginta
1304 2787 1402 2827 sex
1428 2774 1690 2828 virorum.
1717 2771 1885 2837 Quem
1908 2786 2039 2826 vero

446 2861 747 2931 perfectum
787 2861 1058 2918 vocabant
1083 2862 1408 2926 exercitum,
1459 2873 1700 2932 quatuor
1730 2861 2039 2931 legionibus

444 2954 736 3009 constabat
777 2970 791 3007 :
827 2956 1173 3011 dividebatur
1225 2966 1408 3011 autem
1458 2957 1512 3011 in
1543 2958 1793 3013 dextram
1815 2969 1868 3012 et
1897 2958 2039 3013 sini-

444 3054 618 3100 stram
651 3055 886 3116 partem,
908 3046 1147 3102 medium
1181 3063 1401 3119 quoque
1427 3049 1683 3104 dextrum
1713 3060 1768 3105 et
1800 3052 2036 3105 medium

444 3139 732 3194 sinistrum
763 3155 777 3192 :
814 3139 961 3194 unde
993 3140 1266 3195 sexdecim
1313 3140 1479 3195 millia
1510 3149 1563 3195 et
1600 3145 1830 3197 trecenti
1883 3154 2040 3198 oclo-

444 3232 594 3299 ginta
660 3238 897 3299 quatuor
934 3231 1060 3285 viri.
1128 3232 1286 3301 Apud
1339 3234 1598 3303 antiquos
1661 3248 1825 3304 porro
1890 3236 2040 3289 utilis

444 3332 566 3378 erat
596 3322 689 3378 ille
710 3338 1002 3391 numerus,
1033 3322 1305 3394 siquidem
1330 3326 1387 3379 in
1430 3326 1568 3382 duas
1582 3328 1824 3397 aequales
1858 3338 2041 3398 partes

444 3411 871 3477 fueritdivisus,
904 3427 1086 3483 neque
1123 3414 1245 3469 ideo
1299 3416 1563 3471 alterutra
1612 3432 1742 3487 pars
1800 3434 2039 3487 unquam

442 3507 500 3561 in
528 3508 793 3565 unitatem
823 3508 1068 3564 desierit.
1114 3509 1196 3563 Ad
1233 3509 1521 3566 dimidium
1566 3520 1751 3568 autem
1790 3524 2033 3569 scutato-

2144 2674 2402 2728 ἁπάντων
2457 2672 2551 2727 καὶ
2612 2671 2998 2740 ὰσπιδοφόρων
3025 2688 3039 2701 ·
3096 2667 3208 2740 εἶχε
3263 2670 3320 2723 δὲ
3375 2671 3627 2741 ὀρδίνους
3677 2674 3753 2726 τὸ

2140 2767 2330 2837 τάγμα
2361 2765 2559 2829 δεκαέξ
2587 2781 2600 2795 ·
2632 2768 2660 2817 ὁ
2690 2764 2745 2817 δὲ
2767 2765 2977 2834 δρδινος
3008 2764 3067 2830 ἐξ
3093 2762 3325 2835 ἀνδρῶν,
3353 2758 3749 2835 ἦνδιιίκοσίων¹

2144 2854 2571 2927 πεντηκονταέξ.
2609 2854 2673 2907 Ἢ
2726 2854 2907 2908 τοίνυν
2936 2854 3119 2908 τελεία
3165 2856 3296 2925 παρ’
3327 2854 3517 2911 αὐτῶν
3537 2857 3743 2913 ualeo-

2146 2949 2285 3020 μένη
2316 2947 2628 3021 παράταξις
2678 2949 2746 3001 ὲκ
2787 2948 3090 3019 ταγμάτων
3147 2949 3437 3022 τεσσάρων
3482 2946 3552 3021 ἧν
3606 2969 3735 3007 συν-

2148 3041 2415 3112 ισταμένη
2438 3058 2451 3071 ·
2484 3039 2713 3111 διῄρητο
2740 3040 2800 3092 δὲ
2842 3043 2924 3103 είς
2958 3039 3131 3107 δεξιὸν
3161 3040 3258 3094 καὶ
3290 3042 3605 3114 ἀριστερὸν,
3636 3044 3737 3113 μέ-

2146 3151 2240 3187 σον
2268 3133 2442 3198 δεξιὸν
2472 3135 2567 3187 καὶ
2599 3135 2768 3205 μέσον
2809 3132 3121 3205 ἀριστερὸν,
3153 3133 3229 3195 ὡς
3260 3129 3401 3188 εἶναι
3425 3135 3608 3187 λοιπὸν
3631 3138 3738 3205 τὴν

2143 3225 2451 3295 παράταξιν
2474 3225 2681 3294 ταύτην
2706 3224 2767 3290 ἐξ
2796 3225 3011 3297 ἀνδρῶν
3040 3226 3338 3280 ἑκκαίδεκα
3364 3226 3615 3297 χιλιάδων
3636 3229 3735 3281 καὶ

2143 3319 2474 3388 τριακοσίων
2520 3317 2851 3388 ὁγδοήκοντα
2911 3319 3219 3389 τεσσάρων.
3282 3320 3567 3390 Χρήσιμος
3614 3320 3673 3374 δὲ
3706 3322 3743 3373 δ

2144 3409 2377 3481 ἀριθμὸς
2405 3405 2559 3473 οὗτος
2607 3411 2666 3461 ἐν
2708 3412 2829 3472 ταῖς
2886 3411 3227 3481 παρατάξεσι
3280 3410 3433 3480 παρά
3475 3413 3587 3473 τοῖς
3627 3427 3736 3464 πα-

2144 3506 2316 3570 λαιοῖς
2343 3501 2433 3577 ἦν,
2461 3506 2557 3560 ἅτε
2605 3505 2670 3576 δὴ
2696 3506 2890 3559 τούτου
2922 3508 3002 3568 είς
3044 3505 3139 3559 δύο
3166 3508 3260 3560 ῐσα
3284 3506 3673 3577 διαιρουμένου
3714 3506 3733 3536 ¹

448 3612 574 3651 rum
633 3608 799 3653 erant
828 3614 1042 3668 semper
1077 3599 1136 3653 in
1190 3599 1505 3670 huiusmodi
1540 3602 1787 3656 exercitu
1850 3602 2037 3657 leviter

2150 3602 2420 3672 μηδέποτε
2480 3602 2561 3664 είς
2625 3601 2830 3671 μονάδα
2880 3601 3196 3670 καταλῆγον
3246 3600 3477 3672 θάτερον
3516 3600 3755 3672 {xcv-ro:

445 3691 669 3755 armati,
707 3699 836 3747 octo
900 3692 1070 3745 millia
1115 3693 1332 3747 scilicet
1374 3702 1433 3749 et
1482 3705 1704 3748 centum
1741 3696 2037 3766 nonaginta

2148 3694 2334 3764 μέρος.
2369 3688 2499 3762 Εἶχε
2556 3692 2612 3744 δὲ
2666 3692 2761 3744 καὶ
2818 3690 3013 3761 ψιλοὺς
3064 3694 3098 3762 ἡ
3140 3691 3573 3778 παράταξιςῌε
3604 3693 3738 3755 τοὺς

444 3780 557 3835 duo
589 3798 601 3833 :
637 3781 729 3851 qui
755 3781 1051 3851 separatim
1078 3796 1294 3851 semper
1325 3782 1691 3852 poeebantur,
1722 3784 1777 3838 id
1812 3794 1922 3848 est,
1955 3785 2039 3840 vel

443 3887 638 3941 parum
672 3882 801 3927 ante
830 3880 1157 3940 scutatores,
1194 3874 1260 3928 ad
1282 3877 1690 3945 persequendos
1737 3877 1926 3933 hostes
1982 3879 2038 3932 in

445 3963 628 4035 fugam
646 3963 797 4020 forte
837 3980 1159 4029 conversos,
1220 3966 1301 4019 vel
1334 3982 1400 4021 ex
1433 3976 1668 4039 utroque
1722 3971 1913 4036 latere,
1957 3970 2039 4025 vel

444 4052 607 4107 etiam
630 4068 802 4122 pone,
842 4054 1301 4123 quemadmodum
1335 4056 1653 4125 requirebat
1708 4062 2036 4116 necessitas.

445 4141 618 4198 Totus
670 4147 853 4214 itaque
900 4147 1178 4202 exercitus
1212 4158 1336 4202 erat
1380 4148 1570 4218 viginti
1622 4155 1863 4220 quatuor
1914 4152 2040 4206 mil-

447 4237 581 4289 lium
606 4246 659 4292 et
687 4238 1118 4310 quingentorum
1152 4240 1500 4311 septuaginta
1523 4256 1642 4297 sex.
1666 4242 1790 4298 Alio
1818 4255 2039 4316 quoque

447 4331 609 4385 modo
642 4332 945 4387 exercitum
1013 4333 1401 4403 disponebant.
1451 4333 1737 4392 Sexdecim
1794 4353 2037 4409 namque

455 4423 625 4478 millia
649 4431 702 4478 et
751 4430 1032 4480 trecentos
1061 4425 1341 4496 octoginta
1367 4437 1625 4495 quatuor,
1648 4446 1805 4499 quos,
1843 4443 1902 4486 ut
1945 4433 2033 4487 di-

445 4515 647 4579 ximus,
701 4513 1005 4586 perfectum
1068 4519 1375 4588 exercitum
1437 4520 1728 4589 vocabant,
1783 4523 1837 4579 in
1892 4524 2032 4581 duas

446 4614 634 4674 partes
720 4606 1009 4677 aequaliter
1079 4607 1416 4676 dividebant,
1498 4614 1757 4684 utrinque
1823 4618 2036 4674 scilicet

448 4705 714 4764 ponentes
745 4707 872 4754 octo
900 4699 1069 4755 millia
1097 4707 1152 4756 et
1192 4710 1416 4757 centum
1471 4706 1767 4775 nonaginta
1792 4707 1925 4774 duo,
1975 4720 2034 4764 et

446 4805 619 4843 cornu
640 4791 890 4845 dextrum
913 4790 1157 4849 dicentes
1179 4802 1233 4849 et
1254 4809 1429 4849 cornu
1449 4794 1677 4863 laevum,
1703 4805 1758 4853 et
1782 4798 2031 4855 dextram

445 4878 682 4935 frontem
718 4890 929 4951 partem
963 4898 1135 4939 cornu
1171 4885 1349 4941 dextri
1385 4888 1742 4959 anteriorem,
1768 4893 2032 4948 caudam-

444 4987 553 5039 que
590 4972 839 5027 dextram
880 4985 1088 5045 partem
1148 4978 1510 5048 posteriorem
1544 4995 1559 5046 ;
1588 4995 1764 5037 cornu
1811 4997 2033 5055 quoque

441 5064 793 5174 lteri-partes
854 5068 1101 5137 singulas
1158 5072 1276 5141 pari
1311 5072 1526 5130 ratione
1578 5074 2029 5134 denominabant.
2060 5114 2105 5174 α

445 5157 696 5227 Spatium
736 5175 865 5216 vero
905 5162 1038 5216 illud
1076 5178 1188 5233 quo
1222 5163 1368 5220 inter
1397 5180 1457 5221 se
1480 5182 1689 5223 cornua
1727 5168 2028 5237 distabant,

442 5251 539 5304 ubi
560 5254 741 5306 stabat
764 5242 900 5317 dux,
928 5268 992 5308 os
1012 5262 1066 5309 et
1099 5255 1415 5311 umbilicum
1448 5261 1726 5315 exercitus
1750 5261 2027 5319 dicebant.

444 5343 754 5411 Separatim
812 5344 978 5400 etiam
1041 5346 1234 5401 leviter
1290 5358 1535 5405 armatos
1586 5360 1715 5407 octo
1754 5354 1922 5410 millia
1970 5365 2027 5413 et

440 5442 665 5487 centum
700 5436 995 5507 nonaginta
1030 5437 1144 5491 duo
1175 5437 1230 5491 in
1277 5437 1369 5492 illa
1432 5442 1781 5499 ordinatione
1832 5448 2021 5502 eodem

441 5542 553 5594 quo
582 5529 695 5598 jam
731 5529 973 5586 diximus
1000 5532 1162 5585 modo
1206 5533 1504 5600 ponebant.
1550 5536 1904 5592 Intervallum
1939 5540 2024 5594 in-

2146 3788 2365 3857 ἡμίσεις
2394 3786 2482 3839 ἀεὶ
2513 3784 2624 3838 τῶν
2655 3785 3040 3857 άσπιδοφόρων
3058 3772 3504 3856 ὀκτακισχιλίους
3535 3784 3738 3838 ἑκατὸν

2143 3880 2505 3951 ἐννενήκοντα
2568 3878 2662 3931 δύο
2719 3878 2956 3949 δηλαδή·
3018 3878 3358 3949 παρέταττον
3396 3878 3456 3932 δὲ
3504 3877 3737 3943 τούτους

2100 3984 2113 3993 ’
2142 3973 2264 4027 καθ’
2300 3972 2528 4035 ἑαυτοὺς
2558 3972 2647 4025 ἀεὶ
2683 3971 2778 4026 καὶ
2837 3972 2963 4044 ἰδίᾳ,
2996 3971 3029 4041 ἢ
3080 3973 3275 4043 μικρὸν
3304 3972 3412 4026 τῶν
3438 3958 3737 4042 ἀσπιδοφό-

2145 4082 2256 4137 ρων
2301 4064 2614 4135 ἔμπροσθεν
2659 4063 2795 4135 πρὸς
2864 4064 2925 4117 τὸ
2969 4063 3189 4118 διώκειν
3220 4065 3538 4135 ’τραπέντας
3600 4065 3736 4130 ἴσως

2141 4157 2268 4220 τοὺς
2303 4156 2597 4227 πολεμίους
2627 4157 2660 4227 ἢ
2696 4158 2790 4210 καί
2821 4156 3165 4228 ἑκατέρωθεν
3196 4158 3454 4228 τούτωνῆ
3478 4157 3731 4223 ὄπισθεν,

2140 4251 2216 4315 ὡς
2262 4252 2516 4304 ἀπαιτεῖν
2565 4246 2712 4321 εἶχεν
2748 4252 2783 4322 η
2837 4251 3016 4323 χρεία.
3068 4252 3441 4306 Συνεποσοΰτο
3472 4252 3657 4306 τοίνυν
3693 4254 3728 4322 ἠ

2139 4344 2452 4416 παράταξις
2483 4344 2674 4398 ἅπασα
2720 4345 2801 4407 είς
2853 4345 3026 4398 εἰκοσι
3057 4344 3335 4417 τέσσαρας
3363 4344 3608 4416 χιλιάδας
3636 4346 3730 4397 καὶ

2139 4439 2457 4506 ἑξακοσίους
2510 4439 2971 4509 ἑϐδομηκονταέξ.
3008 4440 3354 4521 Παρέταττον
3381 4441 3441 4495 δὲ
3481 4441 3575 4493 καὶ
3603 4440 3753 4511 τρόοί

2139 4551 2241 4589 πον
2265 4533 2474 4604 ἕτερον.
2501 4533 2640 4595 Τοὺς
2674 4532 2774 4603 μὲν
2808 4533 3133 4604 εἰρημένους
3151 4532 3553 4604 ἑξακισχιλίους
3588 4531 3729 4604 πρὸς

2137 4627 2265 4691 τοὺς
2298 4629 2319 4658 ⁸
2356 4627 2490 4680 δέκα
2549 4626 2644 4680 καὶ
2687 4626 3037 4697 τριακοσίους
3064 4624 3399 4697 ὀγδοήκοντα
3429 4626 3721 4696 τέσσαρας,

2136 4717 2230 4781 οὓς
2257 4717 2324 4788 δὴ
2345 4718 2438 4769 καὶ
2468 4717 2684 4771 τελείαν
2725 4716 3054 4787 παράταξιν,
3110 4716 3188 4780 ὡς
3239 4716 3477 4788 ἔφημεν,
3527 4718 3576 4770 oi
3614 4732 3725 4769 πα-

2136 4809 2280 4862 λαιοὶ
2338 4808 2733 4879 κατωνόμαξον
2791 4810 2834 4877 ³,
2893 4811 2975 4872 είς
3032 4808 3126 4863 δύο
3187 4808 3279 4864 ἴσα
3329 4811 3574 4883 διῄρουν,
3621 4809 3727 4863 ἀνὰ

2136 4903 2557 4974 ὀκτακισχιλίων
2609 4903 2812 4976 δηλαδὴ
2879 4904 2974 4957 καὶ
3025 4903 3221 4957 ἑκατὸν
3270 4902 3728 4975 ὲννενηκονταδύο

2138 4994 2375 5067 ἀνδρῶν,
2428 4998 2523 5049 καὶ
2576 4995 2639 5048 τὸ
2681 4996 2781 5066 μὲν
2840 4994 3016 5061 δεξιὸν
3052 4997 3281 5052 ἐκάλουν
3334 4997 3524 5069 κέρας,
3562 4996 3624 5050 τὸ
3664 4995 3724 5051 δὲ
3776 5036 3780 5039 Α

2138 5086 2446 5159 ἀριστερὸν,
2494 5087 2677 5155 δεξιὰν
2723 5087 2781 5141 δὲ
2841 5089 3084 5163 κεφαλὴν
3136 5091 3198 5144 τὸ
3248 5090 3362 5145 ἄνω
3402 5091 3568 5161 μέρος
3626 5087 3722 5143 τοῦ

2134 5177 2311 5244 δεξιοῦ
2340 5179 2593 5250 κέρατος,
2625 5180 2793 5251 οὐρὰν
2851 5180 2917 5234 δὲ
2954 5181 3215 5246 ὡσαύτως
3255 5180 3436 5248 δεξιὰν
3481 5183 3543 5237 τὸ
3570 5183 3724 5237 κάτω

2134 5269 2327 5322 τούτου
2355 5286 2369 5299 ·
2392 5270 2482 5324 τὸν
2529 5271 2692 5326 αὑτὸν
2748 5271 2805 5324 δὲ
2838 5272 3039 5343 τρόπον
3082 5274 3273 5328 καὶτὰ
3298 5274 3394 5330 τοῦ
3429 5266 3721 5349 ἀριστεᾷοὖ

2134 5358 2430 5413 ἐκαλοῦντο
2466 5360 2631 5431 μέρη.
2669 5361 2746 5414 Τὸ
2771 5361 2829 5414 δὲ
2854 5362 3058 5432 μεταξὺ
3083 5363 3193 5416 τῶν
3224 5363 3318 5418 δύο
3345 5365 3515 5419 τῶνδε
3550 5367 3720 5437 κερά-

2133 5466 2242 5502 των
2267 5450 2565 5522 διάστημα,
2599 5451 2727 5505 ἔνθα
2754 5453 2847 5506 καὶ
2884 5455 2913 5507 ὁ
2942 5455 3249 5525 στρατηγὸς
3303 5457 3510 5523 ἵστατο,
3544 5457 3722 5526 στόμα

2134 5542 2228 5595 καὶ
2250 5543 2528 5615 ὀμφαλὺνδ
2557 5546 2654 5616 τῇς
2678 5546 3035 5617 παρατάξεως
3063 5545 3268 5617 ἔλεγον.
3291 5547 3431 5613 Τοὺς
3458 5566 3508 5620 ,η
3536 5549 3717 5620 μέντοι

1756 5697 1985 5753 νιιιιΑι
2024 5699 2433 5759 LECTIONES.

521 5813 541 5844 ¹
578 5814 773 5870 luserit
810 5822 851 5871 Β
895 5825 1008 5877 καί.
1089 5829 1109 5857 ³

1133 5830 1242 5890 τοῖς
1278 5830 1394 5899 (sed
1428 5833 1525 5901 ita,
1588 5846 1645 5890 ut
1699 5852 1806 5893 non
1854 5839 2068 5898 tlill'crat
2105 5858 2132 5897 a
2165 5844 2256 5900 τοῦ
2269 5845 2308 5916 ε)
2341 5845 2400 5901 B.
2479 5848 2530 5922 δ’
2561 5849 2943 5920 κατανόμαζον
2972 5850 3033 5909 B.
3112 5852 3132 5886 ι
3159 5853 3403 5925 δμῳαλον
3432 5855 3493 5911 Β.
