4120 6434
355 398 498 471 109⁵1

1568 408 1756 467 TACT
1768 406 1905 467 [ΕΑ.
1934 432 2004 445 --
2028 404 2433 467 APPENDIX.

3491 407 3647 470 1038.

353 518 451 571 καὶ
474 513 592 588 ρίιβ⁹
622 512 857 586 ιψιλοὺς
921 517 1028 588 ιδία
1078 518 1357 572 κάνταῦθα
1410 519 1503 571 καὶ
1562 517 1686 571 καθ’
1721 520 1930 582 ἑαυτοὺς

2051 534 2217 588 super
2249 533 2360 589 quo
2402 518 2454 571 in
2505 524 2885 572 transversum
2940 522 3339 586 separabantur
3390 515 3649 587 li'giOIIOS‘

351 610 599 671 ιταττον,
649 608 727 673 ὡς
772 609 1080 679 φθάσαντες
1120 608 1353 680 ἔφημεν.
1395 611 1681 681 Διάστημα
1707 611 1765 664 δὲ
1799 612 1943 666 κατὰ

351 702 585 771 πλάγιον
620 701 660 732 ”⁶
713 702 773 755 ἐν
821 701 1000 754 τοῖσδε
1031 703 1145 764 τοῖς
1182 703 1429 772 τάγμασι
1470 702 1607 774 πρὸς
1636 703 1844 773 ἄλληλα
1876 704 1937 757 ού

352 794 515 848 πλέον
545 790 617 864 ἦν
643 793 879 865 ὀργυιῶν
900 794 1071 847 ὀκτώ.

350 888 606 941 ΚΕΦΔΛ.
636 884 761 942 ΛΓ.
785 886 1234 954 -Παρατὰξεις
1264 886 1496 941 ἱππέων
1535 890 1662 942 κατ’
1693 889 1935 956 αὐτούς.

424 1049 489 1105 οι
518 1047 575 1103 δὲ
598 1047 790 1109 ἱππεῖς
809 1044 1053 1108 σπανίως
1084 1045 1181 1115 μὲν
1213 1045 1336 1101 καθ’
1362 1047 1588 1109 ἑαυτοὺς
1612 1047 1934 1117 ἐπολέμουν·

347 1138 529 1208 ὀλίγον
551 1138 663 1209 γάρ
705 1132 775 1209 ἦν
813 1137 946 1209 παρ’
975 1136 1203 1207 Ἕλλησι
1237 1138 1299 1189 τὸ
1345 1137 1569 1192 ίππικόν
1588 1155 1604 1172 ·
1648 1139 1738 1192 ὅτε
1769 1139 1815 1193 δ’
1841 1133 1936 1192 οὖν

348 1232 484 1303 πρὸς
504 1229 845 1301 ἱππομαχίαν
868 1225 1215 1294 καθίσταντο,
1236 1229 1362 1293 τοὺς
1393 1231 1492 1300 μὲν
1516 1230 1937 1300 καταφράκτους

346 1319 483 1394 ὀμοῦ
509 1322 607 1376 σὺν
637 1323 751 1385 τοῖς
770 1320 1090 1392 δορυφόροις
1137 1323 1215 1383 είς
1257 1320 1353 1375 δύο
1404 1322 1624 1395 διῄρουν
1653 1323 1933 1393 τάγματα,

283 1404 294 1432 ⁸
350 1415 517 1485 μέσον
548 1413 725 1479 δεξιὸν
765 1414 859 1467 καὶ
893 1415 1060 1485 μέσον
1101 1415 1410 1487 ἀριστερὸν,
1437 1416 1562 1477 τοὺς
1586 1416 1631 1469 δ’
1662 1416 1935 1487 ἐλαφροὺς

346 1506 717 1579 καλουμένους
751 1506 1075 1569 ἀκοντιστάς
1121 1506 1322 1578 δηλαδὴ
1354 1509 1447 1560 καὶ
1477 1507 1700 1575 τοξότας
1726 1509 1805 1571 είς
1839 1508 1935 1563 δύο

346 1600 510 1668 ιτερα
539 1600 559 1631 ⁷
614 1598 788 1665 δεξιὸν
832 1600 926 1652 καὶ
978 1600 1291 1669 ἀριστερὸν,
1335 1600 1594 1669 προΐεσαν
1622 1599 1677 1653 δὲ
1735 1601 1935 1673 μικρὸν

344 1688 455 1741 τῶν
480 1689 888 1758 καταφράκτων
910 1687 1243 1760 ἔμπροσθεν,
1271 1690 1348 1752 ὡς
1379 1688 1487 1742 ἀπὸ
1522 1690 1761 1761 ὀργυιῶν
1786 1692 1933 1746 ὀκτὼ

350 1782 603 1850 μάλιστα.
636 1782 710 1834 Τὸ
742 1780 927 1851 μέντοι
973 1781 1150 1852 πάχος
1181 1783 1291 1836 τῶν
1334 1785 1636 1854 ταγμάτων
1672 1785 1733 1838 ού
1769 1786 1930 1840 πλέον

2047 625 2155 665 nou
2196 619 2314 663 erat
2343 608 2577 678 amplius
2600 623 2773 678 qualn
2805 606 2952 663 ulnis
2979 618 3129 664 octo.

2042 873 2194 931 CAP.
2232 871 2473 931 XXXIII.
2512 906 2582 917 --
2614 874 2993 1001 Ordizaliones
3031 877 3268 945 equitum
3319 879 3463 947 apud
3508 896 3633 934 eos-

2787 963 2888 1001 em.

2787 963 2867 1002 em
2875 988 2888 1001 .

2111 1036 2259 1094 Raro
2305 1039 2520 1111 equites
2601 1040 2895 1110 separatim
2952 1041 3317 1107 dimicabant;
3378 1042 3629 1097 inodicus

2041 1132 2187 1186 enim
2222 1142 2343 1187 erat
2378 1132 2524 1202 apud
2586 1130 2809 1189 Graecos
2870 1134 3203 1204 equitatus;
3257 1134 3475 1206 quoties
3526 1152 3626 1188 au-

2042 1234 2147 1279 tem
2179 1225 2246 1278 ad
2281 1233 2590 1296 equestrem
2647 1241 2887 1297 pugnam
2916 1226 3301 1293 deveniebant,
3333 1227 3627 1296 cataphra-

2039 1324 2157 1371 ctos
2180 1331 2304 1371 cum
2339 1315 2668 1387 doryplioris
2715 1317 2878 1372 simul
2912 1319 2966 1373 in
3026 1318 3165 1373 duas
3196 1319 3439 1386 legiones
3483 1320 3625 1375 divi-

2038 1409 2263 1475 debant,
2303 1409 2633 1465 inmedium
2697 1409 2905 1466 scilicet
2967 1411 3219 1465 dextrum
3276 1418 3330 1465 et
3383 1412 3623 1465 medium

2040 1499 2261 1566 laevum;
2295 1515 2435 1571 quos
2465 1508 2646 1556 autem
2671 1500 2878 1556 celeres
2933 1501 3224 1564 vocabant,
3264 1500 3316 1555 id
3347 1509 3451 1567 est,
3476 1501 3626 1573 jacu-

2037 1590 2239 1645 latores
2261 1600 2314 1644 ct
2346 1591 2677 1662 sagittarios,
2700 1589 2755 1645 in
2795 1591 2933 1645 duas
2964 1591 3167 1660 pariter
3195 1590 3461 1661 legiones,
3486 1590 3623 1647 dex-

2036 1691 2176 1736 tram
2225 1681 2475 1738 videlicet
2522 1693 2576 1738 et
2631 1682 2840 1749 laevam,
2894 1698 3033 1753 quas
3066 1693 3193 1741 ante
3237 1683 3623 1754 cataphractos

2035 1773 2101 1829 ad
2135 1774 2293 1830 ulnas
2322 1782 2444 1831 octo
2473 1775 2742 1831 sistebant
2784 1784 2844 1829 nt
2884 1775 3143 1828 maxime.
3171 1773 3471 1847 Legionum
3497 1792 3622 1845 pro-

346 1866 415 1943 ἦν
440 1870 665 1941 ὀρδίνων
685 1871 991 1943 τεσσάρων,
1023 1871 1118 1924 δύο
1152 1872 1253 1943 μὲν
1283 1875 1349 1927 ἐκ
1386 1876 1496 1928 τῶν
1519 1876 1930 1947 καταφράκτων

2040 1860 2283 1919 funditas
2318 1874 2555 1933 quatuor
2584 1873 2794 1918 tantum
2826 1865 3079 1918 ordinum
3108 1876 3248 1931 erat,
3281 1866 3516 1922 duorum
3550 1867 3624 1921 vi-

346 1961 456 2016 τῶν
478 1963 558 2024 είς
584 1962 903 2033 προμάχους
930 1960 1253 2028 τελούντων,
1280 1963 1373 2017 δύο
1401 1962 1446 2018 δ’
1480 1963 1637 2027 αὖθις
1658 1965 1767 2018 τῶν
1800 1965 1924 2018 ἐλα-

346 2054 501 2125 φρῶν
525 2053 877 2123 καλουμένων
898 2072 911 2085 ·
943 2046 1092 2109 οὗτοι
1149 2055 1206 2107 δὲ
1255 2056 1349 2110 καὶ
1378 2056 1739 2127 οὐραγοῦντες
1760 2054 1923 2130 ἦσαν.

346 2145 634 2215 Διάστημα
662 2144 718 2197 δὲ
750 2145 892 2198 κατά
921 2145 1156 2214 πλάγιον
1184 2147 1205 2177 ⁸
1237 2147 1294 2199 ἐν
1318 2150 1431 2210 ταῖς
1472 2149 1720 2227 ἱππικοῖς
1747 2151 1926 2203 τοῖσδε

344 2236 593 2305 τάγμασι
647 2236 784 2307 πρὸς
837 2236 1042 2306 ἄλληλα
1070 2238 1308 2309 ὀργυιῶν
1344 2234 1415 2309 ἦν
1465 2239 1639 2294 εἴκοσι
1666 2240 1924 2310 μάλιστα.

345 2326 505 2380 Κατὰ
539 2326 726 2398 μέντοι
748 2326 809 2381 τὸ
842 2328 948 2381 τῶν
988 2328 1214 2399 ὀρδίνων
1248 2329 1423 2399 μῆκος
1467 2330 1561 2385 δύο
1593 2333 1692 2402 μὲν
1726 2334 1785 2385 ἐν
1815 2336 1926 2396 τοῖς

345 2418 754 2488 καταφράκτοις
813 2418 904 2471 τὸν
959 2420 1057 2490 τῆς
1114 2421 1341 2490 ὀργυιᾶς
1387 2423 1606 2492 ἐπεῖχον
1651 2424 1836 2489 τόπον,
1871 2429 1928 2478 ἐν

346 2508 403 2560 δέ
433 2511 547 2571 τοῖς
572 2506 829 2580 ἐλαφροῖς
862 2509 1175 2582 λεγομένοις
1196 2511 1422 2582 ὀργυιάς
1445 2514 1662 2584 ἐπεῖχεν
1698 2515 1929 2578 ἕκαστος

344 2599 507 2653 τόπον
530 2601 572 2656 θ.
1269 2650 1275 2656 .

345 2690 599 2746 ΚΕΦΔΔ.
644 2690 764 2748 AA'.
832 2725 903 2734 —
956 2696 1326 2771 Παρατᾲξεις
1385 2698 1649 2768 στρατοῦ
1705 2702 1929 2771 συμμί-

807 2781 952 2819 κτου
986 2767 1028 2797 ¹⁰
1055 2768 1181 2820 κατ’
1226 2767 1466 2834 αὐτούς.

418 2848 737 2926 Συμμίκτου
789 2854 845 2908 δὲ
880 2852 1114 2925 στρατοῦ
1147 2860 1487 2922 συνεστῶτος
1522 2862 1587 2912 ἐκ
1612 2859 1795 2925 πεζῶν
1828 2861 1926 2930 δη-

345 2942 477 3018 λαδὴ
510 2946 860 3013 καὶίππέων,
891 2950 1018 3013 ’τοὺς
1066 2951 1165 3019 μὲν
1219 2951 1420 3015 πεζοὺς
1471 2953 1592 3006 καθ’
1631 2952 1729 3006 ἕνα
1756 2952 1927 3022 δήπου

346 3042 458 3096 τῶν
480 3042 788 3114 εἰρημένων
821 3042 865 3074 ’⁸
898 3042 1238 3115 παρέταττον
1262 3044 1483 3115 τρόπον,
1511 3045 1639 3109 τοὺς
1662 3044 1708 3096 δ’
1740 3043 1928 3108 ἱππεῖς

342 3133 379 3204 η
401 3134 503 3204 τῆς
531 3134 764 3206 πεζικῆς
790 3134 1151 3205 παρατάξεως
1171 3133 1508 3206 ἔμπροσθεν,
1537 3136 1570 3205 ἢ
1602 3134 1697 3189 καλ⁵
1722 3134 1929 3205 ταύτης

2040 1957 2236 2014 dclicet
2285 1972 2351 2012 ex
2405 1958 2777 2028 cataphractis
2827 1968 3088 2028 tanquam
3140 1961 3516 2030 antesignanis
3570 1969 3623 2014 et

2037 2046 2271 2103 duorum
2294 2064 2361 2103 ex
2407 2048 2681 2105 celeribus
2716 2051 2807 2120 qui
2849 2061 3155 2105 extremum
3229 2066 3420 2122 agmen
3459 2052 3623 2109 duce-

2040 2143 2191 2195 bant.
2242 2139 2593 2195 lntervallum
2649 2152 2833 2195 autem
2881 2142 3026 2195 inter
3056 2142 3177 2195 illas
3205 2151 3490 2212 equestres
3539 2142 3618 2196 le-

2035 2232 2224 2302 giones
2256 2230 2441 2301 viginti
2476 2231 2726 2286 ulnarum
2759 2240 2895 2285 erat.
2923 2232 3077 2297 Quod
3111 2248 3237 2288 vero
3265 2232 3330 2287 ad
3365 2233 3621 2287 ordinum

2041 2322 2434 2393 longitudinem
2469 2323 2684 2388 attinet,
2719 2322 2883 2382 unius
2907 2324 3050 2376 ulnae
3111 2324 3350 2393 spatium
3381 2323 3494 2380 bini
3525 2338 3620 2380 ca-

2043 2417 2362 2485 taphracta},
2393 2414 2600 2471 celeres
2634 2416 2833 2486 singuli
2863 2417 3228 2487 occupabant.

2038 2698 2193 2755 CAP.
2260 2698 2497 2753 XXXIV.
2522 2730 2592 2739 —
2624 2698 2790 2771 Mixti
2840 2701 3097 2755 exercitus
3130 2699 3270 2771 apud
3298 2700 3506 2757 eosdem
3538 2720 3628 2756 or-

2709 2770 3025 2823 dinutiones.

2117 2859 2403 2915 Exercitus
2447 2860 2601 2913 mixti
2648 2859 2857 2928 pedites
2890 2860 3077 2928 aliquo
3104 2874 3171 2915 ex
3212 2861 3485 2929 praedictis
3507 2877 3624 2917 mo-

2039 2952 2143 3016 dis,
2180 2952 2391 3022 equites
2422 2966 2552 3004 vero
2578 2958 2671 3003 aut
2709 2958 2840 3004 ante
2876 2958 2969 3003 aut
3015 2965 3155 3019 pone
3180 2952 3502 3019 peditatum,
3563 2964 3625 3009 ut

2043 3044 2353 3116 postulabat
2423 3052 2639 3111 tempus
2682 3049 2777 3095 aut
2807 3042 3035 3111 urgebat
3076 3042 3404 3107 necessitas,
3432 3043 3622 3115 dispo-

2044 3138 2263 3201 nebant,
2289 3136 2372 3190 vel
2390 3134 2550 3189 etiam
2578 3134 2645 3188 ad
2671 3142 2977 3188 extremum
3006 3132 3265 3204 quodque
3313 3134 3478 3201 latus,
3510 3151 3622 3206 quo

343 3216 592 3289 επισθεν,
621 3223 696 3289 ὡς
742 3226 771 3278 ὀ
825 3224 1018 3297 καιρὸς
1049 3225 1235 3293 ἐκάλει
1282 3225 1527 3296 δηλονότι
1557 3224 1654 3279 καὶ
1698 3225 1731 3295 ἡ
1767 3224 1926 3296 χρεία

2044 3226 2260 3283 facilius
2287 3227 2343 3281 in
2402 3227 2589 3281 hostes
2617 3233 2989 3294 erumperent,
3027 3225 3355 3296 faciliusque
3384 3242 3444 3282 se
3478 3228 3621 3282 reci-

345 3318 704 3389 κατήπειγεν,
748 3316 784 3387 ἢ
837 3316 931 3369 καὶ
978 3318 1107 3388 περὶ
1155 3318 1293 3371 αὐτὰ
1327 3316 1395 3370 τά
1417 3315 1518 3386 τῆς
1567 3315 1930 3387 παρατάξεως

344 3409 623 3479 ἁκρότατα
649 3406 872 3471 τούτους
894 3406 1139 3474 ἔταττον,
1174 3408 1248 3471 ὡς
1288 3408 1354 3461 ἂν
1387 3408 1585 3479 ῥᾳδίως
1618 3409 1663 3440 ¹¹
1699 3409 1798 3477 μὲν
1831 3409 1930 3472 τάς

359 3500 505 3555 κατὰ
528 3499 639 3554 τῶν
670 3499 881 3571 ἐχθρῶν
907 3500 1195 3564 ἐπελάσεις
1242 3498 1407 3566 οὕτω,
1447 3500 1643 3572 ῥᾳδίως
1673 3501 1731 3555 δέ
1767 3502 1809 3533 ’³
1838 3502 1931 3555 καὶ

344 3593 443 3660 τάς
475 3596 857 3666 ὑποχωρήσεις
912 3597 1170 3659 ποιοῖντο,
1218 3596 1556 3666 πονήσαντες
1592 3613 1653 3649 τε
1688 3596 1790 3667 ἤδη
1839 3598 1931 3650 καὶ

349 3688 426 3758 μὴ
454 3683 561 3742 οἷοί
602 3703 663 3742 τε
724 3686 878 3750 ὀντες
928 3686 1020 3739 τδν
1050 3687 1290 3756 πόλεμον
1311 3687 1592 3758 διαφέρειν
1616 3687 1838 3750 ἀλύπως
1865 3688 1929 3743 ἂν

345 3779 443 3831 καὶ
473 3779 570 3832 σὺν
590 3777 766 3831 οὐδενὶ
798 3778 946 3847 πόνῳ
968 3780 1097 3848 περὶ
1116 3778 1215 3846 τὴν
1234 3777 1500 3847 οὐραγίαν
1520 3776 1835 3833 διασωθεῖεν
1862 3778 1926 3833 ¹⁶.

345 3868 559 3940 Ὥσπερ
590 3868 653 3922 δέ
671 3868 779 3941 ἄρα
805 3868 904 3941 τὴν
935 3868 1232 3939 εἰρημένην
1248 3868 1462 3921 τελείαν
1490 3870 1722 3941 πεζικὴν
1753 3870 1931 3940 παρά-

342 3955 496 4027 ταξιν
528 3962 610 4027 είς
666 3962 962 4017 ἑκκαίδεκα
1007 3961 1252 4032 χιλιάδας
1284 3962 1418 4031 πρὸς
1448 3964 1562 4025 τοῖς
1590 3963 1930 4031 τριακοσίοις

341 4053 677 4126 ὀγδοήκοντά
734 4071 793 4108 τε
858 4053 955 4107 καὶ
1008 4054 1304 4124 τέσσαρσιν
1346 4054 1388 4087 ⁸⁸
1441 4054 1671 4118 ὁπλίτας
1718 4055 1932 4127 ἔφημεν

343 4143 781 4217 συμποσοῦσθαι,
810 4145 935 4207 τοὺς
956 4143 1015 4197 δέ
1045 4160 1110 4211 γε
1159 4144 1349 4214 ψιλοὺς
1393 4147 1474 4208 είς
1507 4144 1567 4198 τὸ
1600 4145 1773 4215 ἥμισυ
1807 4144 1933 4197 τούς

339 4234 452 4289 των
474 4276 492 4301 ,
526 4236 606 4299 είς
633 4252 680 4306 ,η
722 4234 925 4306 δηλαδὴ
971 4234 1069 4289 καὶ
1104 4233 1148 4306 ρ’
1195 4236 1238 4267 ⁸⁵
1284 4236 1756 4307 ἐννενηκονταδύο,
1790 4237 1935 4292 οὕτω

341 4325 410 4398 δὴ
432 4326 678 4389 καὶτοὺς
708 4327 895 4390 ίππεῖς
916 4326 997 4391 είς
1014 4325 1077 4379 τὺ
1097 4326 1272 4397 ἥμισυ
1294 4327 1402 4380 τῶν
1418 4326 1590 4397 ψιλῶν
1612 4346 1680 4381 πε
1689 4328 1930 4400 ριίστων,

341 4420 424 4484 ιξς
489 4416 631 4487 ,δι-ις’
678 4418 945 4490 δηλονότι,
1007 4418 1084 4482 ὡς
1134 4417 1547 4490 ωμποσοῦσθαι
1596 4419 1784 4475 λοιπὸν
1835 4423 1935 4492 τὴν

268 4556 271 4561 λ
341 4508 652 4581 σύμμικτον
694 4509 901 4582 ταύτην
955 4509 1261 4581 παράταξιν
1314 4510 1396 4573 είς
1447 4508 1694 4580 χιλιάδας
1726 4509 1812 4580 κη’
1839 4513 1936 4566 καὶ⁸

2037 3327 2245 3389 perent,
2274 3328 2434 3389 atque
2468 3318 2534 3373 ad
2573 3317 2804 3372 caudam
2835 3318 3163 3381 incolumes,
3192 3318 3371 3388 pressi
3400 3333 3500 3375 nec
3520 3320 3622 3373 im-

2040 3421 2225 3482 petum
2269 3411 2509 3466 hostiuin
2560 3410 2821 3476 ferentes,
2858 3418 3285 3466 reverterentur.
3340 3410 3493 3465 Sicut
3524 3426 3619 3481 pe-

2038 3505 2212 3559 ditum
2268 3503 2545 3573 perfectus
2599 3502 2875 3559 exercitus
2908 3501 3223 3568 constabat,
3286 3502 3451 3558 sicuti
3504 3501 3617 3572 jam

2037 3596 2293 3659 diximus,
2324 3595 2602 3653 sexdecim
2632 3601 2972 3649 armatorum
3004 3594 3246 3650 millibus
3273 3606 3327 3649 et
3359 3580 3622 3651 tr'eceutis

2039 3690 2313 3763 octoginta
2340 3699 2581 3761 quatuor
2602 3689 2934 3744 cumleviter
2956 3688 3183 3743 armatis
3212 3688 3278 3742 ad
3307 3687 3595 3741 dimidium

2037 3793 2162 3838 octo
2186 3784 2399 3839 scilicet
2432 3772 2677 3838 millibus
2717 3789 2770 3837 et
2799 3789 3019 3837 centum
3056 3780 3351 3849 nonaginta
3380 3779 3621 3847 duobus,

2038 3877 2113 3931 ita
2129 3876 2407 3947 equitibus
2420 3876 2487 3930 ad
2502 3874 2785 3930 dimidium
2806 3874 2996 3928 leviter
3012 3884 3366 3938 armatorum,
3385 3882 3623 3941 quatuor

2036 3971 2246 4026 scilicet
2274 3970 2515 4025 millibus
2544 3979 2597 4023 et
2618 3968 2908 4040 nonaginta
2922 3981 3047 4034 sex;
3076 3968 3222 4021 unde
3240 3966 3445 4019 mixtus
3460 3980 3620 4020 exer—

2037 4059 2183 4114 citus
2214 4066 2340 4113 octo
2386 4066 2440 4113 et
2479 4057 2668 4128 viginti
2710 4056 2952 4113 millibus
2993 4066 3048 4112 et
3071 4055 3346 4112 sexcentis
3394 4064 3619 4124 septua-

2036 4152 2186 4222 ginta
2246 4151 2482 4207 duobus.
2538 4180 2607 4190 ——-
2634 4149 2755 4204 Tali
2801 4149 2987 4214 modo,
3040 4158 3099 4205 ut
3129 4149 3395 4213 diximus,
3435 4146 3616 4203 Maneo

2036 4243 2206 4299 dones
2254 4252 2309 4298 et
2336 4243 2582 4299 universi
2618 4242 2796 4299 Graeci
2851 4241 3209 4297 armabantur
3240 4249 3296 4297 et
3340 4240 3620 4296 exercitus

2036 4335 2419 4403 instruebant;
2482 4349 2633 4390 nunc
2691 4345 2874 4391 autem
2934 4335 3125 4404 paucis
3194 4332 3489 4389 dicendum
3553 4332 3623 4386 de

2039 4436 2315 4481 armatura
2374 4435 2430 4483 et
2464 4425 2910 4483 ordinationibus
2961 4426 3169 4482 nostris
3224 4436 3283 4480 et.»
3338 4423 3621 4480 Romano-

2036 4530 2182 4571 rum.

341 4603 541 4677 χοβ¹¹⁷.
575 4605 686 4660 Καὶ
726 4602 869 4660 οὕτω
920 4606 1040 4677 μὲν,
1070 4605 1148 4669 ὡς
1196 4604 1356 4675 ἔφην,
1415 4604 1473 4657 οἴ
1525 4622 1584 4658 τε
1632 4606 1945 4671 Μακεδόνες
1983 4610 2081 4664 καὶ
2126 4612 2187 4665 τὸ
2231 4612 2545 4685 Ἑλληνικὸν
2574 4614 2722 4668 ἆπαν
2750 4611 3059 4678 ὡπλίζοντόν
3105 4628 3165 4665 τε
3206 4611 3299 4665 καὶ
3344 4609 3623 4681 παρετάτ-

338 4716 523 4756 τοντο’
572 4699 703 4773 περὶ
766 4700 823 4754 δέ
874 4698 985 4754 τῶν
1043 4698 1363 4771 καθἰήμᾶς
1426 4696 1522 4751 καὶ
1599 4697 1927 4770 Ῥωμαϊκῶν
1963 4701 2247 4775 ὁπλισμῶν
2306 4722 2368 4760 τε
2423 4707 2520 4761 καὶ
2600 4706 2961 4779 παρατάξεων
3005 4707 3124 4774 μετ’
3159 4692 3316 4772 ὀλίγα
3399 4703 3622 4757 λεκτέον

339 4793 546 4849 λοιπόν.

340 4887 593 4945 ΚΕΦΔΛ.
621 4889 850 4963 ᾹΕἎ-
879 4888 1010 4963 Πῶς
1056 4888 1208 4963 κατὰ
1244 4886 1610 4963 ,Ῥωμαίους
1630 4888 1688 4944 οἲ
1720 4906 1783 4963 τε
1817 4889 1927 4963 τοῦ

2037 4890 2186 4948 CAP.
2220 4891 2441 4947 XXXV.
2468 4920 2540 4933 —
2569 4890 2850 4963 Dugnmet
2881 4887 3151 4963 agminum
3200 4900 3318 4963 qua:
3348 4883 3445 4938 sub
3493 4884 3621 4954 ipsis

408 4960 674 5028 στρατοῦ
731 4959 1025 5029 ἡγεμόνες
1066 4959 1165 5013 καί
1197 4956 1270 5013 τὰ
1306 4957 1407 5013 ὑπ’
1434 4959 1663 5025 αὐτοὺς
1702 4961 1926 5029 ὀνομά-

410 5028 607 5092 ζονται
637 5030 926 5092 τάγματα.

439 5048 607 5085 σίνται
637 5046 926 5102 τάγματα.

412 5122 635 5195 Πρῶτος
679 5124 778 5193 μέν
808 5122 872 5193 δὴ
904 5120 1011 5176 τῶν
1034 5121 1317 5192 ἡγεμόνων
1348 5122 1606 5177 ἁπάντων
1627 5122 1657 5174 ὀ
1718 5138 1920 5194 στρατ-

340 5215 474 5288 ηγός
494 5218 643 5270 ἐστιν
666 5217 732 5248 η’
749 5212 869 5270 εἷτα
885 5216 934 5269 οἱ
958 5214 1306 5286 τουρμάρχαι
1334 5216 1384 5269 οἱ
1413 5215 1509 5270 καὶ
1533 5214 1808 5285 μεράρχαι
1838 5214 1927 5266 λε-

340 5306 587 5380 γόμενοι,
632 5307 754 5379 μεθ’
800 5306 893 5373 οὒς
924 5308 972 5361 oi
997 5306 1371 5378 δρουγγάριοι,
1421 5307 1540 5360 εἶτα
1568 5307 1617 5359 οἱ
1650 5306 1914 5378 κόμητες,

2271 4972 2428 5017 erant
2465 4963 2606 5031 apud
2633 4960 2900 5014 Romanos
2918 4957 3400 5011 denominationes.

2120 5118 2331 5175 Ducum
2413 5115 2659 5173 omnium
2726 5112 2935 5183 primus
2991 5117 3077 5166 cst
3144 5118 3441 5179 strategus,
3492 5116 3618 5179 post

2029 5208 2381 5273 turmarchtc,
2431 5204 2521 5275 qui
2548 5204 2716 5258 etiam
2753 5201 3054 5257 mcrarcbaa
3075 5241 3090 5265 ,
3121 5209 3244 5269 post
3276 5216 3416 5270 quos
3440 5200 3615 5254 drun-

2024 5301 2191 5375 garii,
2222 5299 2420 5356 deinde
2457 5295 2711 5363 comites,
2768 5302 2893 5366 post
2950 5300 3133 5349 autem
3176 5291 3488 5349 centarclne
3512 5290 3616 5362 (illi

1627 5438 1868 5496 VARUE
1906 5436 2317 5496 LECTlONES.

414 5584 436 5616 '
467 5582 543 5656 ει,
581 5580 710 5657 (sic)
758 5586 821 5643 Β.
900 5584 1312 5655 ⁶καταπλάγιον
1338 5586 1399 5640 Β.
1477 5587 1497 5617 ⁷
1526 5584 1655 5653 ἓτρλ
1698 5584 1835 5656 (sic)
1866 5585 1926 5640 B.
2004 5585 2026 5617 ⁸
2054 5583 2427 5652 καταπλάγιον
2456 5581 2518 5637 Β.
2594 5582 2616 5613 ⁹
2646 5581 2863 5658 ἐπεῖχεν
2888 5576 3120 5629 ἕκαστον
3137 5574 3289 5698 ςξίίεὲ)
3316 5580 3526 5629 tantum
3539 5572 3612 5628 Β.

423 5657 734 5698 amuuamm'i
764 5656 819 5698 Β
903 5658 944 5689 Η
972 5658 1264 5698 sim-mlum:
1290 5656 1407 5698 (and
1428 5673 1457 5698 η
1477 5657 1682 5698 invnrr.
1706 5656 1924 5698 gnrinll
1951 5655 2005 5698 R,
2078 5657 2122 5687 "
2155 5654 2352 5698 ὁαδίωξ
2373 5654 2429 5698 Ia
2459 5666 2623 5698 snner
2644 5670 2690 5698 ω
2715 5655 2980 5698 sci-tntum
3007 5654 3062 5698 et
3082 5663 3127 5698 ω
3172 5661 3293 5698 mea
3321 5646 3612 5698 suberecta

344 5657 391 5689 ”
423 5656 734 5726 συμμικτοῦ
764 5656 825 5714 Β.
903 5658 944 5689 ⁸⁸
972 5659 1095 5727 είρη

344 5657 391 5689 ⁸⁸
423 5656 734 5735 σύμμικτοῦ
764 5656 825 5714 Β.
903 5658 944 5689 ⁸⁸
972 5658 1264 5741 εἰρημένον
1289 5656 1408 5781 gsed
1425 5673 1457 5739 ρ
1477 5657 1683 5711 incorr.
1706 5656 1924 5777 εει-ξπ.)

343 5728 742 5798 translossuml
767 5728 830 5783 B.
909 5727 951 5758 ”
983 5727 1171 5798 ραοίας
1202 5730 1284 5796 (se
1362 5745 1398 5781 α
1423 5742 1480 5783 tn
1513 5745 1558 5779 ω
1605 5728 1776 5798 corr.)
1840 5726 1867 5778 ἐ

1362 5745 1398 5781 α
1423 5728 1480 5783 in
1513 5745 1558 5779 ω
1605 5728 1776 5793 corr.)

1950 5655 2011 5711 Β.
2078 5657 2122 5725 θ’
2153 5649 2352 5725 ῥαδίως
2373 5654 2429 5725 (α
2459 5666 2623 5725 super
2644 5670 2690 5704 ω
2715 5649 2980 5725 scriptum
3007 5654 3064 5725 et
3082 5649 3293 5725 mulinea
3321 5649 3620 5725 suberecta

1937 5728 2035 5796 μὲν
2068 5714 2186 5795 (sed
2216 5714 2688 5796 utrttii‘tilue:linca
2722 5714 3072 5796 transﬁ‘gum)
3110 5716 3167 5770 δὲ
3303 5784 3325 5796 ﬂ
3354 5715 3396 5745 “
3426 5714 3613 5796 διασο-

3172 5647 3293 5700 inea
3321 5646 3612 5699 suberecta

343 5797 487 5852 θεῖεν
523 5795 582 5852 Β.
662 5784 785 5855 ηἰιι
816 5784 1106 5869 τέσσαρσϊν
1140 5784 1266 5869 (sic)
1295 5800 1379 5853 σῖν
1411 5799 1552 5855 linea
1586 5784 1855 5853 subducta
1887 5784 2159 5855 notatum.
2238 5796 2282 5827 ¹⁶
2313 5784 2439 5862 ῥΒῙ
2504 5793 2546 5825 ’⁷
2567 5790 2612 5864 χ’
2642 5790 2736 5863 οη⁹
2768 5790 2829 5845 Β.
2870 5853 2879 5859 _
2905 5786 2947 5821 ‘5
2974 5787 3275 5865 στρατηγὸς
3302 5784 3449 5841 ἐστιν
3482 5784 3542 5837 Β.
