4120 6446
465 405 606 470 1099

1738 399 2020 463 LEONIS
2057 394 2515 461 PHILOSOPHI

3618 390 3763 460 uno

460 535 595 574 vero
645 516 998 574 centuriones
1050 515 1420 587 dicebantur),
1471 525 1661 587 postea
1715 531 1937 585 quoque
1984 514 2063 569 lo-

2173 512 2295 583 μεθ’
2324 511 2416 576 οὓς
2445 513 2487 544 ¹⁹
2522 511 2571 563 οί
2622 509 2912 581 κένταρχοι
2953 509 3265 580 (καλοῦνται
3301 508 3359 562 66
3393 503 3540 565 οὗτοι
3589 511 3684 563 καὶ
3707 505 3758 536 ’⁸

460 612 645 680 cliagi,
695 610 981 665 decarcliae
1034 615 1089 664 et
1145 609 1459 680 pentarchte
1504 618 1560 664 et
1627 619 1889 680 praterea
1961 604 2057 678 qui

461 702 750 757 tetrarchae
799 701 1160 756 vocabantur.
1225 700 1452 770 Legioni
1512 700 1812 770 unicuique
1871 699 2059 753 deser-

462 795 617 847 viunt
642 792 1007 860 bandophori,
1041 791 1414 858 mandatores,
1435 791 1742 859 dtepotataa,
1775 791 2057 844 cribantes

460 894 514 939 et
543 883 635 954 qui
663 883 731 938 ad
767 883 981 938 tuldum
1013 883 1305 952 dicuntur;
1341 893 1608 954 praeterea
1640 899 1861 954 quoque
1902 898 2058 937 men-

461 994 616 1034 sorcs
657 994 754 1035 seu
783 987 1220 1042 mensuratores,
1249 978 1446 1033 medici
1495 979 1662 1033 etiam
1697 987 1751 1032 et
1794 977 2058 1032 buccina-

462 1084 630 1126 tores.
693 1071 984 1140 Strategus
1017 1086 1184 1142 porro
1216 1070 1483 1125 exercitui
1519 1073 1779 1126 universo
1817 1079 2052 1141 prasest,

460 1165 558 1235 qui
587 1179 751 1219 omne
811 1165 1104 1234 imperium
1151 1179 1181 1217 a
1239 1161 1442 1218 Nostra
1501 1162 1786 1233 Majestate
1848 1163 2060 1232 accepit

464 1258 749 1321 traditum,
787 1257 1153 1327 omnibusque
1186 1255 1310 1311 ideo
1350 1255 1584 1310 ducibus
1641 1263 1885 1326 praestat.
1919 1254 2058 1308 Tur-

463 1349 702 1405 marclia:
733 1357 844 1404 tres
895 1349 996 1405 sub
1029 1364 1088 1404 se
1144 1349 1387 1419 drungos
1450 1347 1686 1414 habent;
1722 1349 2060 1423 drungarius

463 1455 595 1495 vero
645 1442 860 1512 drungo
896 1441 990 1494 uni
1051 1449 1289 1511 praeest;
1335 1440 1582 1509 drungus
1616 1447 1800 1492 autem
1835 1432 2060 1494 esti-ol-

466 1535 632 1589 lectio
659 1534 905 1589 virorum
942 1548 1120 1607 usque
1156 1532 1224 1587 ad
1257 1533 1360 1588 tria
1385 1534 1590 1599 millia;
1626 1547 1861 1603 namque
1893 1535 2056 1586 trium

466 1628 697 1682 miilium
739 1628 990 1682 collectio
1025 1643 1134 1682 non
1185 1639 1271 1683 est
1311 1627 1422 1697 jam
1453 1627 1720 1697 drungus,
1766 1627 1859 1682 sed
1889 1643 2061 1698 neque

466 1721 651 1775 minus
693 1736 858 1791 quam
899 1721 1086 1787 mille;
1122 1721 1195 1775 ita
1229 1731 1288 1776 ut
1321 1721 1500 1777 tribus
1538 1722 1827 1775 minimum
1891 1720 2059 1776 milli-

466 1813 570 1867 bus
592 1813 779 1882 praesit
832 1811 1144 1866 turmarclia
1183 1818 1237 1866 et
1284 1811 1352 1865 ad
1399 1825 1676 1866 summum
1724 1825 1918 1865 novem
1941 1811 2062 1865 mil-

2166 605 2605 675 έκατόνταρχοι)·
2659 605 2796 674 μετὰ
2817 603 3040 665 τούτους
3089 602 3314 673 λοχαγοὶ
3359 603 3454 656 καὶ
3494 602 3763 672 δέκαρχοι

2165 699 2262 753 καὶ
2299 699 2618 768 πένταρχοι,
2642 698 2722 750 ἔτι
2745 714 2808 766 γε
2841 698 2948 768 μὴν
2973 696 3109 767 πρὸς
3143 695 3356 758 τούτοις
3383 695 3434 747 oi
3461 694 3756 765 τέτραρχος

2166 790 2512 860 καλούμενοι.
2566 789 2872 861 ’Υπηρέται
2929 788 2985 840 δὲ
3038 787 3160 840 καθ’
3203 787 3437 841 ἕκαστον
3486 787 3674 855 τάγμα
3704 786 3765 838 οἶ

2167 901 2228 938 τε
2261 883 2585 954 βανδοφόροι
2615 883 2710 936 καὶ
2737 884 2787 936 οί
2819 881 3193 952 μανδάτωρες,
3233 878 3553 932 δαιπότατοί
3579 895 3636 932 τε
3659 879 3764 932 καὶ

2167 976 2458 1047 κρίὸαντες
2515 977 2608 1028 καὶ
2651 976 2700 1028 οἱ
2752 974 2846 1028 ἐπὶ
2876 972 2970 1026 τοῦ
3010 971 3232 1024 τούλδου
3263 970 3630 1041 καλούμενοι·
3661 971 3764 1024 καὶ

2167 1070 2307 1142 πρὸς
2335 1069 2545 1132 τούτοις
2574 1070 2624 1122 oi
2662 1068 2948 1138 λεγόμενοι
2995 1065 3267 1136 μίνσωρες
3296 1064 3330 1134 ἢ
3379 1061 3758 1132 μινσουράτω-

2171 1181 2286 1237 ρες,
2343 1163 2521 1235 ἰατροί
2569 1180 2629 1216 τε
2680 1164 2774 1215 καὶ
2841 1159 3232 1231 βυκινάτωρες.
3291 1155 3608 1227 Στρατηγδς
3653 1155 3756 1226 μὲν

2167 1253 2259 1311 οὖν
2286 1259 2434 1311 ἐστιν
2464 1258 2491 1309 6
2517 1253 2610 1308 τοῦ
2646 1253 2880 1324 στρατοῦ
2903 1253 3104 1314 παντὸς
3121 1249 3511 1321 ἀφηγούμενος
3536 1249 3631 1303 καὶ
3653 1249 3758 1318 τὴν

2169 1350 2352 1402 πᾶσαν
2379 1347 2553 1420 ἀρχὴν
2582 1347 2733 1418 παρὰ
2762 1346 2864 1416 τῆς
2915 1337 3380 1415 βασιλείας-ημῶν
3416 1344 3756 1413 ἐπιτετραμ-

2172 1444 2334 1513 μένος
2356 1442 2450 1495 καὶ
2477 1441 2586 1494 τῶν
2609 1438 2898 1510 ἡγεμόνων
2945 1437 3034 1490 διὰ
3066 1435 3226 1490 τοῦτο
3269 1435 3490 1489 πάντων
3510 1436 3762 1502 ἐξουσιά-

2169 1534 2279 1598 ζων
2301 1551 2316 1566 ο
2351 1534 2706 1605 τουρμάρχης
2731 1530 2786 1583 δὲ
2809 1534 2837 1584 6
2870 1532 3020 1602 τρεῖς
3045 1531 3087 1562 ¹¹
3113 1528 3417 1601 δρούγγους
3457 1529 3546 1597 ὑφ’
3570 1528 3763 1582 ἑαυτὸν

2169 1625 2310 1696 έχων
2333 1641 2348 1656 ο
2375 1625 2738 1695 δρουγγάριος
2798 1623 2855 1675 δὲ
2890 1625 2916 1676 6
2949 1622 3218 1693 δρούγγου
3253 1621 3440 1692 ἄρχων
3478 1619 3595 1683 ἑνός
3624 1633 3640 1648 ⁸
3668 1621 3759 1690 εἴη

2168 1715 2212 1768 δ’
2250 1715 2316 1770 ἂν
2349 1715 2617 1786 δροῦγγος
2649 1717 2695 1745 ’³
2735 1715 2796 1767 τὸ
2851 1713 3016 1784 μέχρι
3067 1712 3177 1764 τῶν
3205 1711 3524 1783 τρισχιλίων
3551 1711 3768 1782 ἀνδρῶν

2172 1805 2459 1876 σύστημα,
2500 1804 2624 1859 οὔτε
2661 1805 2718 1859 δὲ
2760 1804 2868 1858 τῶν
2903 1804 3218 1876 τρισχιλίων
3258 1803 3516 1857 ἐπέκεινα
3567 1805 3652 1876 εἴη
3697 1803 3768 1859 ἂν

466 1903 653 1969 libus;
685 1903 1021 1976 drungarius
1049 1919 1178 1959 vero
1206 1903 1414 1974 pariter
1448 1904 1592 1958 mille
1623 1904 2063 1960 minimumiviris

2172 1897 2457 1967 δροῦγγος,
2485 1897 2608 1951 οὕτε
2644 1899 2750 1970 μὴν
2781 1898 2891 1952 τῶν
2948 1897 3138 1970 χιλίων
3187 1896 3431 1963 ἔλαττον,
3481 1897 3625 1952 ὥστε
3679 1901 3764 1969 εἴη

465 2002 521 2048 et
580 1993 648 2048 ad
677 2010 954 2049 summum
987 1995 1167 2048 tribus
1190 1993 1456 2049 millibus.
1489 1993 1691 2049 Comes
1723 1997 1888 2050 unius
1903 1994 2068 2049 bandi

467 2086 578 2139 dux
618 2103 630 2140 :
660 2085 797 2156 apud
823 2096 1032 2140 veteres
1070 2084 1290 2154 quidem
1334 2083 1550 2141 bandus
1581 2087 1804 2156 prOprie
1856 2093 1910 2142 et
1939 2101 2068 2156 spe—

467 2177 681 2231 cialiter
721 2176 1008 2230 dicebatur
1064 2175 1401 2240 flammulus,
1467 2177 1769 2246 improprie
1807 2191 1938 2232 vero
1973 2193 2070 2246 ag-

469 2285 591 2321 men
619 2267 983 2322 ducentorum
1017 2268 1263 2322 virorum
1297 2283 1475 2338 usque
1513 2267 1579 2323 ad
1606 2268 2066 2340 quadringentos,

467 2360 729 2428 quoniam
774 2359 1140 2414 ducentorum
1200 2369 1254 2413 et
1287 2360 1523 2430 amplius
1577 2361 1821 2416 virorum
1872 2378 2067 2432 agmen

468 2456 691 2524 (lignum
720 2457 893 2507 visum
925 2463 1009 2506 est
1036 2453 1179 2522 quod
1211 2455 1491 2523 proprium
1521 2454 1746 2511 haberet
1775 2456 1969 2511 ducem
2015 2466 2069 2512 et

475 2548 715 2600 liandum
753 2540 1027 2615 efﬁceret;
1056 2563 1242 2602 comes
1297 2549 1481 2618 itaque
1521 2548 1739 2604 duobus
1783 2550 2067 2604 minimum

472 2638 784 2692 centarcliis
816 2646 1072 2707 przeerat.
1125 2637 1284 2692 Nunc
1314 2649 1498 2693 autem
1520 2640 1661 2694 inter
1693 2641 1904 2711 pedites
1933 2643 2069 2697 lian-

471 2729 577 2784 dus
630 2738 713 2784 est
764 2743 958 2799 agmen
999 2730 1367 2784 ducentorum
1398 2739 1452 2784 et
1485 2732 1723 2800 amplius
1777 2748 1952 2802 usque
2001 2733 2069 2788 ad

471 2821 905 2896 quadringentos
982 2821 1048 2875 ad
1100 2838 1416 2888 summum;
1470 2823 1614 2878 inter
1666 2825 1880 2896 equites
1915 2842 2066 2892 vero,

471 2914 872 2985 quinquaginta
933 2916 1182 2969 virorum
1250 2916 1562 2983 minimum,
1624 2918 1720 2972 sed
1772 2920 2069 2988 procedere

472 3016 654 3076 potest
695 3023 868 3078 usque
899 3007 964 3062 ad
999 3017 1272 3064 trecentos
1302 3018 1355 3063 et
1387 2991 1816 3081 quinquaginta.
1862 3021 1959 3066 aut
1997 3011 2067 3068 ad

475 3116 752 3154 summum
779 3101 1232 3174 quadringentos,
1267 3103 1413 3172 quod
1441 3103 1580 3158 idem
1613 3103 1726 3158 fere
1740 3114 1902 3162 estac
1920 3107 2068 3178 quod

475 3209 624 3248 nunc
693 3193 950 3263 :illagium
1034 3194 1237 3251 dicitur
1289 3210 1303 3248 :
1353 3195 1515 3251 hodie
1579 3198 1726 3251 enim
1802 3197 2065 3270 allaglum

475 3286 678 3351 dicitur
725 3303 918 3358 agmen
957 3287 1198 3343 virorum
1236 3288 1659 3361 quinquaginta,
1706 3292 1930 3363 quodin
1959 3310 2062 3350 suo

475 3395 674 3450 genere
701 3380 767 3434 ad
796 3390 1018 3435 centum
1048 3381 1448 3454 quinquaginta
1481 3386 1762 3455 pervenit;
1785 3401 1905 3456 quae
1931 3403 2063 3442 vero

475 3477 530 3527 in
571 3481 762 3528 nostro
793 3474 1022 3543 imperio
1053 3475 1247 3547 allagia
1277 3477 1540 3532 dicuntur
1573 3477 1639 3533 ad
1672 3489 1942 3536 trecentos
1983 3481 2063 3534 vi-

475 3566 609 3638 ginti
676 3574 771 3621 a'ut
827 3567 989 3621 etiam
1057 3568 1493 3640 quinquaginta,
1557 3578 1613 3625 et
1663 3570 1730 3625 ad
1785 3587 2062 3626 summum

476 3657 931 3726 quadringentos,
953 3657 1099 3712 sicut
1125 3659 1424 3716 etiamnum
1474 3665 1620 3732 apud
1653 3661 1916 3720 Thracios
1938 3675 2065 3720 sunt

481 3749 727 3804 virorum
756 3758 1128 3805 trecentorum
1159 3761 1212 3806 et
1244 3752 1459 3824 viginti,
1491 3761 1546 3809 et
1571 3755 1712 3826 apud
1730 3755 2064 3814 Cliarsianos

477 3849 848 3899 trecentorum
917 3849 971 3897 et
1027 3843 1631 3916 quinquaginta;apud
1686 3845 2064 3902 Occidentales

477 3935 924 4006 autemquaedam
980 3945 1107 3991 sunt
1147 3937 1697 4009 quadringentorum.
1757 3939 2063 3996 Centarclia

478 4043 575 4081 seu
606 4028 855 4084 centurio
896 4027 1100 4084 dicitur
1134 4030 1228 4098 qui
1259 4039 1483 4085 centum
1515 4031 1648 4087 viris
1673 4043 1889 4103 praeest,
1921 4034 2065 4088 sicut

479 4128 534 4172 et
562 4121 1030 4190 pentecontarcha
1064 4121 1159 4191 qui
1187 4123 1609 4196 quinquaginta.
1641 4124 1951 4198 Lochagus.
1997 4127 2066 4183 iis

480 4208 572 4277 qui
592 4209 893 4264 secundum
919 4211 1151 4281 agminis
1171 4213 1599 4281 profunditatem
1620 4232 1715 4272 seu
1735 4217 2066 4276 densitatem

479 4309 632 4356 stunt
689 4318 854 4372 :qute
907 4303 1256 4376 profunditas
1319 4308 1593 4362 sexdecim
1654 4309 1722 4364 ad
1789 4326 2065 4366 summum

481 4401 568 4450 est
597 4392 879 4454 virorum;
939 4396 1157 4467 proprie
1215 4398 1360 4452 enim
1407 4399 1602 4456 lochus
1650 4400 1858 4456 dicitur
1897 4403 2066 4461 series

482 4487 721 4540 virorum
758 4487 1054 4555 sexdecim,
1089 4490 1390 4560 improprie
1420 4502 1602 4549 autem
1645 4511 1822 4565 usque
1855 4498 1922 4552 ad
1966 4498 2067 4554 tri-

2170 1990 2238 2044 ἂν
2266 1991 2294 2042 6
2331 1990 2431 2061 μὲν
2463 1990 2822 2062 τουρμάρχης
2851 1989 3168 2061 τρισχιλίων
3228 1990 3442 2061 ἀνδρῶν
3493 1991 3677 2062 ἄρχων
3703 1994 3766 2045 τὸ

2171 2079 2417 2147 ἔλαττον,
2451 2081 2510 2134 τὸ
2551 2080 2610 2133 δὲ
2664 2081 2920 2134 πλεῖστον
2951 2080 3388 2151 ἐννακισχιλίων,
3421 2083 3449 2134 6
3481 2081 3535 2134 δὲ
3562 2082 3760 2151 δρουγ-

2172 2174 2364 2244 γάριος
2393 2174 2655 2237 ὡσαύτως
2678 2175 2739 2227 τὸ
2797 2174 2897 2244 μὲν
2929 2173 3153 2228 έλαττον
3201 2174 3410 2246 χιλίων,
3445 2175 3764 2245 τρισχιλίων

2170 2264 2228 2317 δέ
2259 2281 2321 2334 γε
2347 2264 2441 2318 καὶ
2466 2265 2513 2296 ’³
2547 2265 2608 2317 1:6
2642 2265 2899 2318 πλεῖστον
2922 2278 2938 2293 ·
2981 2264 3160 2334 κόμης
3187 2264 3244 2317 δὲ
3285 2266 3313 2317 6
3353 2264 3548 2334 βάνδου
3578 2265 3766 2336 ἄρχων

2171 2356 2309 2420 ἑνός.
2339 2356 2440 2427 Εἴη
2479 2356 2526 2410 δ’
2556 2355 2622 2410 ἂν
2645 2355 2786 2409 κατὰ
2845 2357 2973 2421 τοὺς
3017 2357 3284 2422 παλαιοὺς
3336 2356 3528 2427 βάνδον
3559 2358 3766 2429 κυρίως

2177 2451 2273 2520 μὲν
2303 2451 2364 2503 τὸ
2403 2451 2688 2514 ἰδιωτικῶς
2718 2450 3054 2522 καλούμενον
3095 2451 3428 2520 φλάμουλον,
3482 2470 3765 2526 καταχρη-

2174 2545 2372 2606 στικῶς
2396 2544 2452 2596 δὲ
2485 2544 2545 2597 τὸ
2566 2543 2675 2596 τῶν
2723 2544 3012 2598 διακοσίων
3035 2545 3128 2597 καὶ
3166 2545 3328 2615 μέχρι
3359 2544 3472 2600 τῶν
3497 2563 3765 2618 τετρακο-

2174 2634 2304 2687 σίων
2335 2635 2542 2705 άνδρῶν
2570 2636 2826 2699 συνεστὸς
2851 2638 2900 2666 ³⁸
2933 2635 3138 2705 πλῆθος
3181 2636 3420 2704 ἐλέγετο,
3448 2636 3525 2701 ὡς
3561 2639 3768 2704 ἀξιολό-

2171 2742 2271 2794 γου
2301 2725 2394 2778 τοῦ
2421 2725 2530 2778 τῶν
2580 2726 2873 2780 διακοσίων
2904 2729 2998 2781 καὶ
3030 2730 3291 2783 ἐπέκεινα
3319 2729 3365 2760 ’⁸
3417 2731 3769 2801 συστήματος

2171 2821 2324 2884 ὄντος
2372 2821 2582 2885 λοιπὸν,
2638 2820 2780 2874 ὥστε
2835 2823 2930 2876 καὶ
2981 2823 3160 2894 ἀρχὴν
3205 2840 3328 2878 τινα
3383 2824 3512 2879 καθ’
3566 2825 3766 2880 ἑαυτοῦ

2174 2915 2538 2986 ύπεμφαίνειν
2575 2915 2738 2970 τοῦτο
2785 2915 2883 2970 καὶ
2939 2916 3132 2985 βάνδον
3177 2917 3404 2990 ἀνιστᾷν
3433 2919 3588 2983 ἴδιον,
3624 2919 3768 2974 ὥστε

2170 3004 2237 3078 ἦν
2261 3009 2327 3062 ἂν
2359 3008 2386 3060 6
2405 3008 2582 3079 κόμης
2611 3009 2705 3062 δύο
2730 3009 3048 3079 κεντάρχων
3074 3011 3261 3082 ἄρχων
3287 3011 3348 3065 τὸ
3378 3012 3622 3067 ἔλαττον.
3649 3011 3769 3068 Νῦν

2169 3099 2228 3152 δὲ
2263 3098 2452 3169 βάνδον
2483 3098 2578 3152 ἐπὶ
2611 3098 2711 3168 μὲν
2742 3097 2984 3164 πεζικῶν
3011 3101 3308 3171 ταγμάτων
3345 3101 3407 3156 τδ
3436 3101 3543 3156 τῶν
3584 3102 3770 3158 διακο-

2173 3190 2304 3245 σίων
2333 3191 2547 3262 ἀνδρῶν
2571 3192 2665 3246 καὶ
2695 3193 2954 3246 ἐπέκεινα
2980 3192 3031 3223 ³⁸
3065 3191 3322 3266 σύστημα
3348 3193 3510 3269 μέχρι
3537 3194 3646 3248 τῶν
3678 3211 3772 3249 τε·

2170 3283 2479 3347 τρακοσίων
2496 3284 2554 3338 τὸ
2575 3284 2852 3352 πλεῖστον,
2880 3284 2975 3339 ἐπὶ
2991 3284 3177 3354 μέντοι
3195 3302 3258 3353 γε
3297 3288 3344 3317 ³⁷
3383 3285 3494 3340 τῶν
3527 3287 3770 3344 ἱππικῶν

2170 3375 2233 3429 τὸ
2288 3376 2404 3430 τῶν
2431 3379 2778 3449 πεντήκοντα
2823 3377 2925 3447 μὲν
2948 3378 3008 3430 τὸ
3029 3377 3335 3448 ἐλάχιστον,
3366 3379 3678 3452 προκόπτον
3709 3380 3770 3434 6t

2175 3469 2340 3540 μέχρι
2356 3469 2452 3522 καὶ
2471 3469 2799 3542 τριακοσίων
2819 3471 3210 3543 πεντήκονταῆ
3229 3471 3290 3524 τὸ
3311 3471 3563 3528 πλεῖστον
3575 3488 3771 3542 τετρα-

2173 3563 2391 3629 κοσίων,
2416 3563 2579 3617 ταύτό
2596 3565 2643 3595 ’⁸
2664 3581 2780 3628 πως
2797 3562 2855 3617 ὃν
2874 3563 2950 3634 τῷ
2968 3563 3063 3618 νῦν
3085 3565 3328 3636 άλλαγίῳ
3347 3564 3393 3595 ³⁸
3411 3564 3731 3638 καλουμένῳ
3749 3579 3766 3596 ο

2172 3656 2427 3724 ἀλλάγιον
2437 3657 2545 3728 γὰρ
2561 3657 2778 3726 λέγεται
2797 3656 2895 3726 μὲν
2907 3656 3108 3727 ἀρτίως
3126 3656 3292 3710 καὶτὸ
3306 3657 3413 3710 τῶν
3429 3659 3772 3730 πεντήκοντα

2179 3750 2452 3820 σύστημα,
2473 3750 2687 3822 πρόεισι
2703 3749 2833 3804 δὲτὸ
2850 3750 2948 3822 μὲν
2968 3750 3234 3804 ίδιωτικὸν
3248 3751 3339 3803 καὶ
3357 3751 3517 3822 μέχρι
3533 3751 3640 3804 τῶν
3658 3757 3704 3820 ρ’
3723 3751 3770 3782 ³⁸

2179 3844 2540 3914 πεντήκοντα,
2565 3843 2633 3897 τὰ
2664 3843 2721 3896 δέ
2748 3859 2812 3910 γε
2837 3845 2934 3914 τῆς
2961 3841 3234 3912 βασιλείας
3269 3842 3426 3913 ἡμῶν
3457 3842 3773 3914 καλούμενα

2176 3933 2410 4002 ἀλλάγια
2424 3935 2518 3988 καὶ
2539 3935 2702 4006 μέχρι
2726 3933 2835 3988 τῶν
2861 3931 2939 3987 τκ’
2958 3934 3002 3966 ³⁸
3025 3935 3119 3988 καὶ
3136 3941 3211 3986 τν⁹
3235 3935 3280 3966 ³³
3301 3934 3334 4006 ἢ
3360 3935 3485 4004 τόγε
3518 3936 3770 3989 πλεῖστον

2174 4023 2240 4092 υ’,
2277 4028 2437 4081 ὁποῖα
2462 4027 2556 4080 νῦν
2584 4029 2690 4080 είσι
2715 4026 2774 4080 τὸ
2800 4027 2899 4097 μὲν
2944 4026 3054 4080 τῶν
3094 4026 3422 4098 Θρᾳκησίων
3449 4025 3553 4092 τκ’.
3606 4027 3667 4082 τὸ
3711 4028 3769 4082 δέ

2173 4135 2237 4188 γε
2265 4118 2374 4172 τῶν
2405 4120 2735 4191 Χαρσιανῶν
2781 4119 3116 4191 τριακοσίων
3142 4119 3207 4187 ν’,
3241 4121 3335 4174 καὶ
3364 4120 3474 4174 τῶν
3497 4121 3770 4191 ἑσπερίων

2172 4211 2469 4282 ταγμάτων
2484 4211 2637 4276 αὖθις
2654 4213 2771 4267 ένια
2791 4215 2956 4284 μέχρι
2978 4215 3071 4267 καὶ
3091 4214 3535 4284 τεσσαρακοσίων
3555 4213 3770 4283 ἀνδρῶν

2174 4302 2273 4374 τὴν
2315 4304 2577 4358 σύστασιν
2630 4303 2841 4375 έχουσι.
2902 4306 3218 4376 Κένταρχος
3258 4306 3316 4358 δὲ
3361 4305 3609 4358 καλεῖται
3669 4306 3771 4358 καὶ

2176 4397 2479 4470 κεντηρίων
2510 4399 2539 4450 6
2567 4397 2990 4468 ἑκατόνταρχος,
3020 4397 3213 4469 ὥσπερ
3240 4397 3304 4468 δὴ
3331 4399 3428 4452 καὶ
3455 4399 3764 4468 πεντηκόν-

2177 4507 2376 4562 ταρχος
2412 4492 2440 4544 6
2468 4493 2806 4562 πεντήκοντα
2835 4490 3048 4561 ἀνδρῶν
3077 4490 3462 4562 ἀφηγούμενος
3483 4508 3496 4520 ·
3531 4490 3766 4560 λοχαγὸς

483 4579 634 4648 ginta
702 4578 813 4635 duo
868 4580 1072 4636 dicitur
1101 4581 1266 4638 etiam
1302 4585 1498 4641 loclius
1533 4605 1547 4642 :
1577 4588 1842 4660 locbagus
1882 4600 2063 4647 autem

2178 4581 2234 4635 δὲ
2284 4585 2312 4636 6
2379 4582 2488 4636 τῶν
2542 4579 2686 4637 κατὰ
2750 4583 2809 4635 τὸ
2857 4581 2952 4636 τοῦ
2984 4583 3262 4652 τάγματος
3315 4580 3542 4654 βάθοςῆ
3591 4583 3766 4652 πάχος

482 4683 713 4728 vocatur
751 4681 1085 4740 protostates
1132 4683 1188 4729 et
1229 4678 1582 4746 promachus.
1637 4679 1914 4738 Decarcha
1940 4700 2069 4739 vero

484 4763 686 4820 dicitur
733 4782 844 4820 non
901 4769 1120 4838 quidem
1169 4771 1262 4841 qui
1321 4771 1506 4826 decem
1556 4774 1760 4842 presit,
1825 4777 1920 4830 sed
1975 4778 2068 4846 qui

485 4857 696 4925 primus
737 4867 820 4913 est
853 4858 996 4914 inter
1041 4860 1228 4916 decem
1265 4878 1278 4915 :
1311 4861 1400 4918 ubi
1449 4863 1592 4917 enim
1641 4871 1772 4917 sunt
1833 4864 2065 4931 decem,

487 4963 632 5003 unus
671 4964 867 5005 novem
916 4953 1128 5008 caeteris
1181 4965 1411 5024 praeest;
1470 4955 1617 5010 sicut
1667 4963 1722 5010 ct
1770 4958 2067 5026 pentarc’ha

489 5057 598 5095 non
629 5042 873 5113 quinque
901 5054 1118 5114 praeest,
1150 5047 1244 5101 sed
1267 5057 1348 5102 est
1392 5047 1603 5116 primus
1631 5047 1770 5103 inter
1795 5049 2064 5118 quinque,

2177 4674 2604 4746 παρισταμένων
2657 4675 3028 4746 ἡγεμονεύων,
3078 4675 3106 4728 ὃ
3137 4676 3203 4747 δὴ
3247 4677 3484 4746 μάλιστα
3522 4675 3632 4729 άπὸ
3661 4676 3760 4728 ἁν-

2175 4766 2317 4835 δρῶν
2357 4769 2658 4836 συνέστηκε
2687 4766 2731 4798 ³⁸
2767 4766 2961 4831 δεκαέξ
2987 4784 2999 4794 ·
3027 4767 3183 4836 λόχος
3211 4766 3322 4837 γὰρ
3353 4767 3414 4819 τὸ
3435 4767 3544 4820 τῶν
3567 4767 3769 4832 δεκαέξ

2175 4859 2388 4930 ἀνδρῶν
2425 4858 2679 4930 σύστημα
2705 4859 2924 4928 λέγεται
2949 4859 3176 4931 κυρίως,
3212 4858 3673 4930 καταχρηστικῶς
3705 4860 3769 4914 δὲ

2177 4954 2272 5006 καὶ
2299 4952 2359 5005 τὸ
2377 4952 2543 5023 μέχρι
2561 4952 2670 5006 τῶν
2691 4951 2986 5023 τριάκοντα
3009 4951 3102 5004 δύο
3128 4953 3173 4984 ³³
3197 4951 3353 5022 λόχος
3372 4951 3619 5004 καλεῖται
3635 4969 3646 4980 ·
3667 4949 3768 5004 όδὲ

2177 5045 2241 5116 δὴ
2275 5045 2506 5115 λοχαγὸς
2538 5047 2632 5099 καὶ
2657 5045 3052 5115 πρωτοστάτης
3075 5045 3169 5097 καὶ
3199 5045 3483 5116 πρόμαχος
3514 5044 3761 5112 λέγεται.

486 5140 541 5185 et
572 5133 777 5202 pariter
835 5133 1106 5189 tetrarclia
1135 5150 1148 5185 :
1181 5149 1287 5189 non
1346 5134 1610 5206 lochagus
1656 5145 1836 5190 autem
1887 5137 2063 5191 solum

2174 5138 2448 5208 Δέκαρχος
2477 5137 2534 5190 δὲ
2563 5137 2809 5191 καλεῖται
2843 5139 2942 5207 οὐχ
2970 5139 2998 5190 6
3021 5138 3153 5191 δέκα
3175 5137 3360 5208 ἄρχων
3383 5137 3617 5208 ἀνδρῶν,
3645 5135 3764 5190 ἀλλ’

488 5224 686 5278 dicitur
708 5232 1040 5296 protostates
1071 5233 1124 5279 et
1151 5228 1504 5296 promachus,
1563 5226 1655 5281 sed
1683 5235 1736 5279 et
1771 5225 2063 5296 aliquando

2173 5231 2202 5282 6
2234 5231 2279 5262 ³⁸
2311 5233 2376 5282 ἐκ
2401 5230 2509 5283 τῶν
2546 5230 2679 5286 δέκα
2703 5230 2919 5300 πρῶτος
2941 5246 2956 5262 ο
2986 5230 3118 5283 δέκα
3156 5229 3267 5299 γὰρ
3299 5229 3468 5283 ὄντων
3497 5231 3525 5282 6
3552 5222 3630 5292 εἷς
3653 5228 3767 5282 τῶν

490 5317 549 5371 ﬁt
583 5326 641 5374 ut
681 5319 951 5376 decarcha
985 5319 1149 5374 etiam
1199 5333 1264 5375 eo
1285 5321 1522 5396 nomine.
1541 5327 1767 5375 vocetur
1797 5337 1812 5386 ;
1845 5320 2070 5390 quando

2179 5319 2385 5374 λοιπῶν
2431 5321 2587 5391 ἄρχει
2611 5321 2787 5388 ἐννέα,
2823 5322 3012 5390 ὥσπερ
3053 5320 3117 5390 δὴ
3152 5323 3246 5373 καὶ
3275 5322 3579 5393 πένταρχος
3601 5323 3698 5393 οὐχ
3737 5324 3768 5376 6

1775 5479 2012 5538 VARI/5
2048 5481 2454 5542 LECTIONES.

563 5617 606 5701 f9
635 5615 812 5701 Verba
832 5615 1247 5701 0.1.5POU‘YyﬁpEOt
1267 5643 1332 5652 --
1358 5614 1606 5701 μετῇ-οὒς
1631 5615 1832 5701 emissa
1861 5618 1914 5672 in
1943 5627 2091 5674 textu
2114 5621 2234 5701 ead.
2266 5624 2432 5701 m._ad
2463 5639 2638 5701 marg:
2669 5627 2993 5701 adscriptam
3043 5631 3088 5662 ὀ
3125 5633 3172 5685 οἱ
3199 5631 3260 5686 Β.
3335 5633 3378 5665 ²¹
3409 5631 3553 5701 (τῆς,
3576 5632 3770 5687 stibio-

491 5698 613 5738 cato
645 5705 674 5737 τ
716 5691 817 5749 εἷς,
851 5685 990 5738 linea
1021 5685 1431 5745 transfossnm).
1472 5685 1531 5738 B.

492 5767 648 5808 γεται
799 5758 850 5786 ³⁵
879 5755 1152 5808 συνεστώς
1183 5756 1240 5808 Β.
1304 5758 1348 5786 ³⁸
1385 5759 1531 5808 ἑπικε

492 5767 648 5814 γεται

1636 5689 1680 5718 ²¹
1702 5687 1848 5769 lli-ad:
1875 5705 1950 5769 in.
2006 5693 2233 5769 ascript.
2285 5693 2565 5769 ad__marg.
2584 5687 2713 5767 "69a
2742 5699 2833 5750 τὸν
2853 5687 3156 5769 ’δροῦγγον.

799 5758 850 5786 ³⁵
879 5755 1152 5827 συνεστώς
1304 5758 1348 5786 ³⁵
1385 5759 1638 5810 ἑπικεινα
1697 5757 1836 5827 (sic)
1875 5759 1930 5810 Β.
2009 5761 2055 5791 ’⁸
2088 5755 2336 5818 ἐπ’ίκεινα
2363 5763 2418 5816 Β.
2481 5755 2566 5827 μ’ίτ
2603 5755 2787 5827 μέντοι
2823 5771 2895 5827 γε’

587 5821 704 5901 ςέᾱῖ
733 5838 805 5872 m.
852 5825 1076 5901 ascript.
1129 5826 1208 5901 ad.
1237 5840 1409 5893 marg.
1447 5829 1552 5901 ς’)ρα
1580 5828 1657 5901 τὰ.
1681 5821 1790 5878 τῶν
1819 5821 2027 5901 ίππέων
2047 5831 2298 5901 ἀλλάγια·

497 5885 558 5944 Β,
598 5885 728 5938 Ead.
779 5904 855 5938 m.
894 5885 1118 5960 ascript.
1143 5893 1210 5946 ad
1240 5885 1410 5961 marg.
1444 5885 1545 5960 ὅρα
1578 5896 1757 5947 τοίνυν
1785 5898 1872 5953 τὸν
1905 5899 2154 5970 λοχαγόν.

3270 5703 3320 5775 ³³
3349 5703 3406 5756 δέ
3434 5720 3496 5775 γε
3522 5702 3766 5775 καηλέο

2398 5770 2442 5866 lio
2480 5823 2501 5843 υ
2603 5769 2796 5866 philoa
2823 5770 3323 5866 yejopévafé'ro'tg.
3387 5773 3471 5866 “’9
3500 5768 3666 5866 ταινέό
3697 5772 3763 5829 Β.

2477 5835 2619 5914 ῥΒὶξ
2690 5838 2733 5914 ’ξ
2754 5837 2796 5914 τ’
2821 5835 2957 5914 κ’ςΒζ
3038 5843 3082 5873 ³²
3114 5839 3156 5894 τ’
3179 5843 3222 5892 ν’
3248 5843 3322 5914 Βἒ
3387 5844 3432 5876 ³³
3464 5843 3763 5914 συνέστησε

2261 5905 2306 5935 ³³
2342 5906 2656 5974 τριάκονδύο
2715 5910 2841 5979 (sic)
2871 5909 2927 5964 Β.
3028 5913 3072 5950 ³⁵
3103 5915 3130 5965 ό
3161 5928 3271 5968 οω-
3300 5913 3360 5966 B-
