4120 6452
442 383 584 450 1103

1682 392 1957 452 LEONIS
1983 390 2449 454 PHILOSOPHI

3571 392 3710 464 1-104

434 522 562 561 eum
587 505 816 562 dimidio
855 525 867 562 :
913 508 1107 564 similis
1134 510 1287 563 color
1311 516 1366 564 et
1413 510 1629 579 signum
1657 510 1890 580 singulis
1925 526 2015 564 cu-

2128 511 2407 581 ὲχέτωσαν
2434 511 2489 564 δὲ
2525 511 2725 582 μέρους
2753 511 2986 565 ἑκάστου
3036 513 3091 565 αἱ
3119 511 3345 576 ἁσπέδες
3380 512 3474 566 καὶ
3511 514 3714 584 χρῶμα

430 600 636 670 jusque
670 599 844 669 partis
872 600 1101 670 clypcis,
1134 601 1324 655 media:
1376 601 1607 667 scilicet,
1636 601 1861 667 deum,
1898 603 2026 658 sini.

437 702 566 748 stne
597 701 647 746 ct
678 698 1021 745 cmterarunn
1059 690 1291 747 Lancea:
1345 693 1535 747 decem
1584 694 1896 748 cubitorum
1931 706 2027 749 aut

435 782 722 837 minimum
756 792 902 850 octo,
927 800 1049 839 cum
1069 785 1390 855 ουειιίιίίὺυε
1405 786 1692 840 dodrantis
1707 789 1867 842 unius
1896 804 2021 842 cum

434 872 683 928 dimidio.
715 873 936 944 Spicula
969 892 1076 931 non
1104 893 1168 931 ex
1200 877 1362 945 lignis
1385 881 1562 932 securi
1595 880 1814 941 excisis,
1843 880 1938 932 sed
1958 896 2022 933 ex

433 965 748 1034 quercubus
780 982 972 1023 recens
1004 969 1203 1032 acutis,
1234 971 1318 1023 vel
1343 970 1548 1027 craniis
1585 972 1664 1025 vel
1697 971 2021 1035 arlzicidiis,

434 1067 495 1109 ut
540 1057 750 1124 dicunt,
785 1060 870 1115 vel
903 1061 1101 1128 quovis
1156 1063 1286 1116 alio.
1321 1062 1589 1119 Praeterea
1622 1064 1812 1119 loricia
1846 1063 2025 1119 ferant

434 1158 529 1204 aut
554 1151 718 1206 etiam
751 1152 967 1207 cllbana
997 1155 1112 1210 sive
1139 1154 1334 1218 ferrea,
1361 1156 1475 1211 sive
1511 1172 1732 1220 cornea,
1767 1172 1888 1227 qua!
1918 1158 2022 1211 nisi

434 1251 755 1312 suppetant,
790 1261 1028 1315 suppara
1088 1247 1325 1303 habeant
1372 1264 1496 1302 cum
1544 1249 1803 1304 bambace
1844 1260 1893 1305 et
1927 1266 2025 1303 cu-

434 1334 602 1389 cullio
643 1336 710 1391 ad
746 1352 924 1408 genua
972 1341 1285 1409 pendentia,
1353 1341 1705 1411 manicasque
1772 1342 2023 1396 habentia

437 1442 613 1497 usque
642 1428 709 1482 ad
741 1429 1012 1494 cubitum,
1059 1432 1321 1487 scissuris
1379 1442 1628 1501 patentes
1660 1433 1867 1487 circum
1893 1434 2021 1488 bra-

435 1522 560 1576 chia
607 1521 676 1576 ad
703 1524 1033 1580 emittendas
1067 1540 1295 1590 manus;
1330 1526 1624 1595 alligentur
1653 1538 1833 1582 autem
1884 1544 2025 1597 pone

440 1616 700 1669 humeros
738 1615 968 1670 manicas
1020 1616 1381 1673 muliebribus
1415 1619 1615 1673 ﬁbulis.
1650 1618 2023 1675 Femoralibus

437 1718 565 1758 vero
596 1705 1023 1775 praecingantur.
1062 1707 1112 1761 id
1144 1718 1249 1772 est,
1269 1709 1464 1777 gladiis
1501 1710 1668 1763 altera
1713 1719 1867 1779 parte
1893 1727 2024 1765 acu-

438 1798 509 1853 tis
565 1797 920 1853 dodrantium
971 1814 1097 1853 cum
1138 1802 1334 1870 capulo
1392 1812 1649 1871 quatuor.
1683 1804 2023 1874 Chiropsella

435 1903 657 1959 quoque
683 1892 813 1952 sint,
843 1907 964 1960 quae
989 1893 1282 1946 manicillia
1318 1893 1598 1961 dicuntur,
1618 1905 1672 1949 ct
1702 1897 2019 1965 podopsella

434 1996 609 2045 aenea,
643 1982 841 2039 deinde
869 1984 1034 2053 galeae
1062 1985 1277 2041 eximiae
1310 1987 1437 2043 tutis
1475 1988 1528 2043 in
1549 1989 1703 2058 apice
1726 1990 2018 2055 distinctae,

436 2075 644 2130 similes
672 2086 851 2132 autem
883 2077 1012 2132 tul‘ae
1042 2094 1184 2148 pone
1214 2079 1478 2136 humeros
1504 2082 1557 2136 in
1591 2082 1799 2138 loriciis
1830 2094 1884 2139 et
1921 2085 2020 2139 cli-

438 2164 616 2219 banis.
649 2165 852 2221 Eorum
883 2174 1065 2223 tamen
1097 2170 1189 2240 qui
1243 2170 1489 2240 peltasta:
1533 2181 1822 2239 vocantur,
1854 2174 2019 2229 levio-

436 2272 565 2327 rem
591 2267 923 2313 armaturam
949 2275 1074 2317 esse
1096 2271 1331 2331 oportet.
1368 2262 1534 2319 Scuta
1552 2267 1751 2321 etenim
1794 2268 2017 2322 orbicu-

438 2346 572 2401 laz-ia
634 2348 836 2404 debent
886 2351 1087 2407 habere
1127 2355 1294 2409 trium
1346 2356 1414 2410 ad
1467 2372 1742 2412 summum
1775 2358 2015 2415 dodran-

437 2441 574 2494 tium
608 2450 702 2494 aut
732 2444 967 2514 oblonga
999 2444 1350 2501 dodrantium
1384 2461 1639 2518 quatuor,
1663 2451 1886 2507 lanceas
1916 2469 2015 2507 au-

435 2540 544 2584 tem
575 2532 884 2588 cubitorum
908 2544 1032 2590 octo
1063 2545 1117 2591 et
1144 2538 1329 2605 jacula
1371 2540 1603 2595 missilia
1658 2542 1802 2598 ulnae
1855 2547 2017 2600 tlltills

434 2638 560 2678 cum
614 2626 773 2680 tcrtia
829 2636 982 2697 parte
1030 2629 1272 2696 circiter,
1319 2647 1428 2686 non
1486 2634 1723 2703 amplius
1765 2637 2017 2692 videlicet

432 2731 597 2785 quam
630 2718 919 2774 duodecim
946 2721 1291 2776 dodrantium
1314 2738 1437 2778 cum
1467 2727 1725 2795 cuspide;
1764 2730 2016 2787 thoraces

431 2821 654 2878 quoque
684 2809 862 2865 hamis
894 2812 1039 2865 inter
1072 2828 1131 2867 se.
1171 2814 1443 2869 consertis
1504 2816 1691 2871 loricia
1725 2820 1934 2874 scilicet
1962 2832 2015 2875 et

431 2897 649 2952 clibana
700 2907 793 2953 aut
830 2900 1003 2955 ferrea
1036 2902 1198 2957 ambo
1225 2910 1319 2956 aut
1351 2918 1575 2979 cornea,
1608 2906 1692 2961 vel
1738 2908 1780 2961 si
1800 2907 2011 2971 desint,

431 3004 666 3060 suppara
701 2992 964 3061 spissiora
1021 3008 1087 3048 ex
1131 2993 1255 3049 lana
1286 2997 1369 3050 vel
1400 2998 1636 3062 cuculla,
1674 3000 1815 3053 sicut
1848 3016 2012 3070 supra

431 3080 697 3146 diximus.
732 3092 1104 3154 [metereaque
1158 3087 1438 3141 femoralia
1465 3096 1519 3142 et
1552 3090 1741 3158 galeas
1773 3106 1800 3143 a
1832 3090 2013 3145 fronte

431 3183 672 3243 apertas.
720 3174 954 3230 Velitum
992 3185 1172 3231 autem
1210 3178 1324 3233 haec
1385 3179 1457 3234 sit
1488 3187 1766 3233 armatura
1800 3196 1813 3233 :
1849 3197 2015 3251 super

431 3267 682 3323 humeris
753 3266 1040 3338 pharetras
1096 3277 1314 3339 portent
1375 3270 1671 3340 marsupiis
1710 3272 2015 3330 instructas

430 3359 656 3430 triginta
684 3360 767 3414 vel
799 3361 1162 3431 quadraginta
1199 3362 1307 3417 tela
1340 3365 1775 3428 continentibus,
1814 3383 2013 3423 nervos

427 3449 778 3520 insupcrduo
800 3449 1016 3505 tubulos
1052 3451 1261 3521 ligneos
1287 3467 1411 3506 cum
1426 3454 1548 3510 telis
1576 3455 1760 3525 parvis
1791 3463 1842 3510 et
1862 3456 2014 3511 simi-

427 3542 572 3598 libus
637 3545 936 3614 marsupiis
995 3562 1009 3599 :
1066 3559 1189 3614 quae
1216 3559 1382 3615 parva
1422 3547 1527 3601 tela
1553 3548 1775 3618 quidam
1813 3560 2014 3604 vocant

428 3648 641 3689 menas.
705 3632 965 3689 Perutilia
1017 3644 1196 3690 autem
1256 3638 1571 3707 hujusmodi
1612 3641 1719 3695 tela
1749 3642 1800 3697 in
1870 3643 2013 3698 bello

426 3726 688 3794 quoniam
724 3726 1041 3795 longissime
1062 3729 1300 3783 arcubus
1335 3732 1630 3787 mittuntur
1668 3742 1721 3787 et
1761 3734 2013 3793 hostibus

428 3825 558 3873 sunt
582 3818 879 3873 invisibilia
913 3821 984 3875 ob
1013 3822 1359 3887 brevitatem,
1394 3832 1449 3876 et
1481 3825 1561 3878 sic
1609 3825 1893 3880 celerrime
1924 3828 2012 3881 in-

429 3908 729 3974 terﬁciunt,
750 3918 1128 3981 praetereaque
1157 3912 1409 3967 hostibus
1427 3922 1649 3984 prapter
1680 3917 2009 3984 imperitiam

425 4002 813 4058 suntinutilia.
871 4002 1061 4058 Jacula
1095 4019 1314 4075 quoque
1342 4015 1395 4061 et
1419 4016 1571 4060 scuta
1605 4008 1938 4063 orbicularia
1955 4019 2012 4066 et

425 4094 711 4151 femoralia
753 4112 851 4152 seu
886 4112 1111 4153 secures
1169 4097 1224 4152 in
1257 4099 1528 4154 coriaceis
1568 4099 1803 4163 loculis;
1840 4102 2009 4172 aliqui

422 4201 615 4243 eorum
649 4187 844 4243 fundas
865 4205 957 4244 sex
989 4190 1363 4255 dodrantium,
1384 4205 1483 4245 nec
1517 4191 1789 4259 minores;
1818 4208 2011 4252 eorum

421 4292 604 4336 vestes
637 4297 747 4336 non
773 4284 884 4337 sint
918 4285 1141 4349 talares,
1188 4285 1284 4341 sed
1338 4286 1405 4339 ad
1436 4300 1609 4355 genua
1665 4294 1878 4341 tantum
1911 4291 2011 4342 de-

426 4372 717 4438 scendant,
750 4383 805 4429 et
839 4376 1209 4431 calceamenla
1250 4376 1373 4431 laxe
1397 4378 1636 4447 ligentur
1668 4397 1681 4433 :
1720 4379 2011 4433 commoda

420 4465 629 4521 etenim
653 4480 717 4521 ea
760 4466 945 4521 omnia
970 4474 1025 4521 et
1055 4467 1292 4522 maxime
1314 4468 1365 4522 in
1394 4469 1705 4529 itineribus.
1728 4469 2008 4525 Sitautem

2128 604 2223 656 καὶ
2253 606 2482 674 σημεῖον
2532 603 2720 667 ταυτδ,
2768 604 2863 657 τοῦ
2909 604 3075 674 μέσον
3132 604 3352 674 δηλαδὴ,
3389 604 3482 657 τοῦ
3509 604 3711 669 δεξιοῦ.

2125 694 2219 748 τοῦ
2274 694 2562 766 ἀριστεροῦ
2607 698 2702 749 καὶ
2743 696 2853 748 τῶν
2903 695 3126 750 λοιπῶν.
3173 696 3383 766 Δὸρατα
3426 695 3483 748 δὲ
3526 695 3714 760 αὐτοῖς

2127 789 2367 841 ἔστωσαν
2395 789 2679 859 δεκαπήχη
2710 789 2743 858 ἢ
2776 788 2869 841 καὶ
2896 790 3189 859 ὀκταπηχη
3235 789 3296 841 τὸ
3337 788 3578 854 ἔλαττον,
3610 792 3714 853 τὰς

2137 881 2340 948 oti/pi;
2375 880 2565 951 ἔχοντα
2602 881 2879 950 σπιθαμῆς
2927 883 3057 950 μιᾶς
3087 882 3225 949 πρὸς
3254 883 3320 952 τῇ
3356 881 3615 951 ἡμισείᾳ·
3641 883 3713 936 τὰ

2134 971 2318 1042 μέντοι
2356 972 2620 1041 μεναύλια
2650 971 2725 1041 μὴ
2750 971 2857 1026 ἀπὸ
2895 970 3212 1041 πελεκητῶν
3241 971 3486 1023 ἔστωσαν
3510 970 3710 1036 ξύλων,

2126 1063 2241 1118 ἄλλ’
2272 1063 2380 1118 ἀπὸ
2403 1063 2647 1117 νεακέων
2668 1063 2847 1134 δρυῶν
2874 1063 2905 1133 ἦ
2934 1062 3176 1133 κρανιῶν
3204 1062 3236 1131 ἢ
3264 1062 3373 1115 τῶν
3393 1062 3709 1132 λεγομένων

2126 1154 2474 1228 ἀρτζικιδέων
2520 1156 2553 1226 ἦ
2611 1156 2798 1227 ἐτέρου
2851 1155 2995 1208 τοίου
3038 1155 3182 1218 τινός
3204 1156 3270 1209 ⁵¹.
3319 1156 3467 1226 Πρὸς
3499 1156 3714 1220 τούτοις

2127 1246 2359 1318 λωρίκια
2411 1245 2750 1316 φορείτωσαν
2797 1245 2831 1314 ἦ
2886 1246 2981 1297 καὶ
3032 1245 3284 1298 κλιϐάνια
3324 1246 3421 1299 καὶ
3458 1245 3635 1300 ταῦτα
3673 1248 3708 1316 ἢ

2128 1340 2325 1410 σιδηρᾶ
2350 1339 2397 1371 ⁸³
2426 1338 2456 1408 ἢ
2488 1338 2772 1408 κεράτινα,
2820 1338 3028 1391 τούτων
3067 1338 3125 1390 δὲ
3170 1339 3245 1407 μὴ
3276 1337 3446 1390 ὄντων
3474 1338 3710 1392 καδάδια

2128 1434 2409 1502 ἐχέτωσαν
2446 1430 2585 1501 μετὰ
2637 1430 2926 1500 βαμϐἀκης
2951 1431 3047 1483 καὶ
3088 1429 3436 1483 κουκουλλίου
3462 1432 3509 1465 ⁸⁸
3546 1431 3711 1501 μέχρι

2125 1524 2369 1591 γονάτων
2413 1522 2705 1591 φθάνοντα,
2766 1522 2837 1574 τὰ
2898 1521 3123 1591 μανίκια
3177 1522 3338 1590 μέχρι
3384 1522 3495 1575 τῶν
3523 1521 3715 1589 ἀγκὼέ

2127 1632 2232 1666 νων
2255 1614 2301 1645 ⁸⁸
2324 1613 2517 1682 ἔχοντα
2545 1611 2821 1681 σχίσματά
2849 1627 2907 1663 τε
2969 1612 3098 1681 περὶ
3125 1611 3224 1676 τὰς
3256 1613 3457 1675 ὠλένας
3491 1611 3629 1684 πρὸς
3647 1613 3713 1664 τὸ

2128 1703 2336 1756 ἐκεῖθεν
2396 1701 2683 1755 ἐκϐάλλειν
2742 1701 2842 1761 τὰς
2895 1703 3117 1772 χεῖρας’
3173 1704 3482 1773 κρατείσθω
3531 1704 3589 1757 δὲ
3640 1704 3713 1758 τὰ

2134 1796 2360 1866 μανίκια
2414 1795 2502 1847 διὰ
2580 1794 3022 1864 κομποθηλύκων
3080 1794 3191 1847 τῶν
3249 1793 3415 1864 ὤμων
3460 1795 3707 1850 ὄπισθεν.

2058 1859 2100 1914 Β
2131 1859 2533 1942 ἶωννύσθωσαν
2567 1887 2622 1940 δὲ
2652 1859 2747 1940 καὶ
2778 1859 3105 1958 παραμήρια
3128 1887 3257 1957 ξίφη
3293 1859 3496 1957 δηλαδὴ
3526 1887 3712 1957 ἐτερό-

2132 1996 2306 2050 στομα
2335 1977 2626 2048 σπιθαμῶν
2682 1980 2820 2049 μετὰ
2868 1978 2971 2047 τῆς
3010 1979 3203 2048 κώπης
3234 1980 3281 2012 ⁸⁸
3316 1980 3486 2032 ὄντων
3515 1978 3711 2031 τεσσά-

2131 2088 2272 2142 ρων·
2306 2069 2635 2142 χειρόψελλά
2663 2087 2722 2123 τε
2753 2070 2937 2133 αὐτοῖς
2963 2070 3231 2136 ἔστωσαν,
3269 2071 3304 2124 ἃ
3334 2070 3398 2140 δὴ
3433 2071 3525 2123 καὶ
3551 2086 3705 2140 μανι-

2128 2164 2315 2217 κέλλια
2366 2164 2635 2231 λέγονται,
2664 2163 2743 2215 ἔτι
2767 2178 2826 2214 τε
2863 2163 2955 2215 καὶ
2989 2161 3291 2231 ποδόψελλα
3319 2162 3420 2214 εἶτ’
3446 2158 3537 2215 οὖν
3566 2161 3703 2231 χαλ-

2126 2255 2379 2319 κότουδα,
2404 2254 2500 2307 καὶ
2530 2252 2758 2323 κόρυθες
2790 2252 2994 2305 τέλειαι
3024 2254 3067 2284 ⁵⁷
3089 2252 3286 2321 τουφία
3318 2253 3538 2322 ἔχουσαι
3560 2250 3708 2304 κατὰ

2126 2348 2225 2413 τὴν
2250 2347 2496 2417 κορυφήν
2516 2361 2529 2375 °
2572 2346 2641 2399 τὰ
2678 2346 2735 2399 δὲ
2789 2343 2932 2398 αὐτὰ
2956 2344 3153 2411 τουφία
3184 2345 3280 2397 καὶ
3313 2347 3371 2397 ἐν
3398 2346 3513 2406 τοῖς
3540 2343 3709 2412 λωρι-

2126 2441 2266 2502 κίοις
2315 2439 2455 2491 ἔστω
2504 2440 2597 2491 καὶ
2646 2437 2945 2500 κλιϐανεοις
2985 2437 3093 2489 τῶν
3125 2436 3294 2508 ὤμων
3329 2434 3557 2489 ἄνωθεν.
3583 2434 3709 2487 Τῶν

2129 2531 2314 2601 μέντοι
2380 2529 2739 2585 πελταστῶν
2785 2530 3138 2600 καλουμένων
3190 2528 3566 2600 ἐλαφροτέραν
3604 2527 3707 2595 τὴν

2125 2625 2402 2689 ἐξόπλισιν
2441 2625 2696 2694 ποιητέον
2717 2640 2729 2652 ·
2768 2623 2995 2686 ἀσπίδες
3028 2624 3137 2693 γὰρ
3167 2622 3349 2684 αὐτοῖς
3384 2621 3708 2690 περιφερεῖς

2124 2717 2368 2770 ἔστωσαν
2401 2716 2696 2787 σπιθαμῶν
2714 2715 2883 2786 τριῶν
2918 2714 3174 2784 μάλιστα,
3212 2714 3248 2784 ἢ
3277 2712 3374 2766 καὶ
3405 2710 3707 2781 ἐπιμήκεις

2122 2810 2579 2880 τετρασπίθαμοι,
2617 2808 2818 2879 δόρατά
2864 2824 2925 2860 τε
2976 2808 3265 2876 ὁκταπήχη
3323 2804 3420 2857 καὶ
3474 2804 3705 2857 ἀκόντια

2123 2903 2223 2955 εἴτ’
2276 2902 2370 2955 οὖν
2423 2901 2686 2973 ριπτάρια
2711 2897 2939 2971 ὀργυιᾶς
2974 2900 3102 2970 μιᾶς·
3130 2898 3271 2968 πρὸς
3299 2896 3378 2967 τῷ
3416 2896 3586 2966 τρίτῳ
3610 2894 3703 2961 ἔγ-

2121 3013 2304 3067 γιστα,
2348 2993 2423 3065 μὴ
2464 2994 2624 3047 πλέον
2660 2993 2859 3064 δηλαδὴ
2912 2991 3203 3061 σπιθαμῶν
3227 2989 3437 3043 δώδεκα
3470 2988 3702 3041 ἕκαστον

2122 3089 2220 3141 σὺν
2261 3089 2327 3158 τῇ
2378 3088 2548 3156 αἰχμῇ
2574 3102 2588 3116 ⁸
2644 3084 2893 3156 θώρακες
2934 3085 2989 3139 δὲ
3022 3083 3344 3137 ἁλυσιδωτοὶ
3369 3082 3437 3147 ⁸⁸,
3464 3079 3698 3150 λωρίκια

2040 3216 2085 3278 C
2119 3180 2322 3251 δηλαδὴ
2349 3182 2443 3233 καὶ
2463 3179 2738 3245 κλιϐάνια,
2774 3178 2808 3250 ἢ
2855 3179 3050 3248 σιδηρᾶ
3086 3178 3132 3210 ⁵³
3156 3177 3322 3246 ἄμφω
3348 3176 3382 3248 ἢ
3411 3174 3503 3227 καὶ
3532 3174 3696 3278 κξρά-

2116 3289 2259 3335 τινα,
2290 3272 2322 3343 ἢ
2353 3270 2559 3324 τούτων
2594 3270 2668 3340 μὴ
2684 3270 2854 3323 ὄντων
2884 3268 3122 3323 καῦἀδια
3148 3268 3434 3340 παχύτατα
3460 3269 3524 3320 ἐκ
3554 3264 3709 3336 pag;

2117 3363 2293 3432 ϐάκης
2339 3364 2435 3415 καὶ
2497 3362 2869 3428 κουκουλλίου,
2923 3363 2999 3425 ὼς
3047 3361 3253 3417 ἄνωθεν
3302 3360 3535 3431 ἔφημεν,
3560 3358 3697 3429 πρὸς

2115 3453 2326 3518 τούτοις
2356 3455 2684 3524 παραμήρια
2718 3454 2812 3519 καὶ
2855 3452 3089 3522 κόρυθες
3124 3452 3363 3514 ἀσκεπὲς
3393 3450 3613 3520 ἔχουσαι
3636 3447 3699 3501 τὸ

2115 3547 2427 3617 πρόσωπον.
2482 3545 2603 3598 Τῶν
2628 3545 2684 3597 δὲ
2704 3544 2875 3613 ψιλῶν
2924 3544 3235 3613 λεγομένων
3265 3539 3367 3596 ὧδέ
3412 3559 3530 3605 πως
3556 3540 3700 3593 ἔστω

2113 3639 2381 3709 ὀπλισμός
2406 3654 2420 3667 ·
2454 3638 2583 3709 περὶ
2618 3637 2857 3709 μὲντοὺς
2879 3636 3060 3708 ὤμους
3095 3637 3466 3706 τοξοφάρετρα
3497 3634 3699 3704 βαστα-

2115 3732 2361 3796 ζέτωσαν
2393 3728 2673 3800 κούκουρα
2702 3728 2917 3799 ἔχοντες
2942 3727 3045 3780 ἀνὰ
3073 3723 3426 3797 τριάκονταῆ
3457 3722 3553 3775 καὶ
3575 3737 3699 3774 τεσ-

2115 3822 2425 3894 σαράκοντα
2446 3822 2656 3885 ὀϊστοὺς
2702 3820 3005 3892 χωροῦντα,
3048 3818 3328 3887 ἐχέτωσαν
3361 3816 3418 3870 δὲ
3448 3818 3543 3869 καὶ
3570 3832 3696 3868 νευ-

2116 3915 2220 3986 ρὰς
2283 3915 2387 3968 ἀνὰ
2457 3914 2550 3967 δύο
2606 3914 2701 3967 καὶ
2756 3912 3067 3983 σωληνάρια
3109 3909 3293 3975 ξύλινα
3322 3909 3459 3980 μετὰ
3484 3908 3700 3979 μικρῶν

2111 4006 2340 4058 ἕκαστον
2369 4004 2483 4036 ⁸⁰·⁶¹
2508 4002 2704 4057 ὀϊστῶν
2720 4003 2816 4057 καὶ
2852 4002 3165 4074 κουκούρων
3178 4001 3464 4055 τοιούτων·
3496 4002 3622 4062 τοὺς
3638 3998 3697 4053 δὲ

2116 4096 2345 4169 μικροὺς
2362 4096 2635 4158 τοιούτους
2661 4096 2875 4159 ὀϊστοὺς
2891 4096 2985 4148 καὶ
3015 4096 3180 4166 μένας
3208 4093 3434 4147 καλοῦσί
3461 4110 3604 4155 τινες
3624 4094 3694 4151 ⁶¹.

2110 4188 2377 4259 Χρήσιμα
2399 4187 2455 4240 δὲ
2516 4186 2588 4238 τὰ
2648 4186 2777 4256 βέλη
2820 4185 2995 4239 ταῦτα
3035 4184 3178 4237 κατὰ
3207 4184 3300 4236 τὸν
3325 4182 3586 4253 πόλεμον,
3610 4184 3695 4236 ὅτι

2109 4299 2172 4335 τε
2189 4283 2235 4314 ⁸³
2268 4280 2612 4353 πορρωτάτω
2651 4280 2740 4334 διὰ
2763 4279 2871 4333 τῶν
2896 4280 3067 4345 τόξων
3115 4280 3446 4349 πέμπονται,
3480 4276 3577 4329 καὶ
3610 4276 3695 4328 ὅτι

2109 4372 2317 4427 ἀθέατα
2355 4374 2467 4435 τοῖς
2522 4370 2804 4442 πολεμίοις
2839 4372 2949 4424 εἰσὶ
3004 4370 3094 4423 διὰ
3124 4370 3224 4439 τὴν
3258 4369 3577 4440 βραχύτητα
3599 4366 3698 4420 καὶ

2109 4461 2200 4517 διὰ
2250 4462 2410 4516 τοῦτο
2473 4464 2706 4543 τάχιστα
2748 4461 3089 4532 ἀναιροῦσιν,
3154 4461 3332 4523 ἄλλως
3378 4477 3437 4513 τε
3485 4458 3581 4513 καὶ
3611 4458 3693 4511 ὅτι

422 4556 653 4626 insuper
712 4556 767 4612 in
821 4557 932 4612 illis
973 4558 1216 4628 peditum
1266 4559 1573 4629 legionibus
1638 4576 1737 4629 pro
1775 4561 2006 4632 singulis

2116 4558 2225 4619 τοῖς
2278 4553 2565 4624 πολεμίοις
2608 4554 2670 4606 οὐ
2705 4552 3103 4623 χρησιμεύουσι
3128 4550 3305 4604 ταῦτα
3353 4549 3421 4603 τὰ
3465 4549 3594 4621 βέλη
3624 4544 3695 4599 δι’

424 4644 731 4702 decarchiis
758 4647 1063 4718 plaustrum
1115 4664 1281 4703 unum
1335 4651 1531 4703 molam
1565 4650 1745 4706 ferens
1776 4667 2004 4706 manua-

431 4737 560 4805 lem,
611 4739 927 4808 aseiamque
973 4741 1263 4811 bipennem
1295 4750 1351 4797 et
1407 4742 1617 4812 ligones
1647 4744 1783 4798 duos
1836 4756 2001 4815 atque

420 4828 732 4885 ventilabra
760 4841 813 4887 et
844 4832 1084 4887 cilicium
1110 4841 1164 4886 et
1208 4834 1469 4902 junceuui
1497 4835 1792 4904 cophinum
1823 4846 1877 4891 et
1893 4851 2000 4891 cae-

418 4929 561 4985 tera,
588 4932 848 4991 praeterea
880 4940 1103 4994 quoque
1158 4927 1395 4979 securim
1429 4940 1493 4978 ac
1521 4925 1716 4981 falcem
1741 4937 1794 4981 et
1829 4929 2002 4983 tribu-

422 5004 506 5064 Id!
537 5010 750 5069 ferreos
777 5014 1068 5083 colligatos
1108 5016 1280 5069 clavis
1316 5015 1514 5069 ferreis
1540 5032 1634 5086 per
1662 5018 1807 5072 dicta
1836 5019 2004 5087 sphe-

419 5111 634 5158 comata
668 5113 729 5159 ut
756 5106 974 5161 facilius
997 5108 1288 5162 mittantur
1316 5116 1370 5163 et
1389 5124 1582 5165 rursus
1608 5111 1958 5166 retrahantur
1984 5128 2001 5177 ;

422 5194 560 5249 ierat
581 5196 745 5252 etiam
776 5198 1082 5266 plaustrum
1131 5200 1388 5270 quodque
1446 5217 1610 5259 arcus
1673 5205 2027 5259 necessitate

420 5285 605 5352 plures
634 5294 690 5342 et
740 5288 871 5349 tela,
918 5298 1319 5359 paxamataque
1370 5305 1434 5345 ac
1464 5291 1654 5347 tritum
1692 5294 1901 5349 milium
1952 5303 2006 5349 et

419 5393 764 5451 quascunque
806 5382 1117 5436 necessaria
1139 5396 1168 5435 a
1200 5382 1357 5437 nobis
1391 5385 1622 5441 omissa.

2110 4645 2390 4730 ᾀπειρίανι
2438 4644 2499 4697 Οί
2543 4643 2589 4697 δ’
2622 4642 2777 4696 αὐτοὶ
2807 4641 2953 4711 ψιλοὶ
2990 4642 3085 4696 καὶ
3126 4641 3351 4695 ἀκόντια
3379 4641 3695 4713 φερέτωσαν

2111 4739 2207 4794 καὶ
2237 4737 2559 4791 ἀσπιδίσκια
2591 4735 2901 4806 στρογγύλα
2937 4736 3031 4789 καὶ
3063 4733 3447 4805 παραμήριαῆ
3478 4730 3696 4796 τςικού-

2081 4821 2202 4900 ’ρια
2232 4830 2320 4884 διὰ
2357 4829 2641 4901 θηκαρίων
2671 4827 3050 4898 βασταζόμενα
3070 4826 3413 4899 δερματίνων
3440 4842 3454 4856 ·
3486 4824 3693 4877 τούτων

2105 4924 2161 4977 δὲ
2187 4923 2317 4975 ἔνιοι
2368 4921 2464 4974 καὶ
2503 4920 2795 4989 σφενδόνας
2826 4921 3101 4989 ἐχέτωσαν
3140 4920 3240 4972 οὐκ
3280 4919 3536 4980 ἐλάττους
3566 4907 3692 4968 σπι-

2104 5016 2297 5086 θαμῶν
2329 5015 2408 5083 ἓξ.
2457 5014 2671 5085 Ἱμάτια
2698 5014 2755 5066 δὲ
2783 5014 2968 5077 αὐτοῖς
2995 5014 3071 5084 μὴ
3100 5012 3332 5083 ποδήρη,
3366 5010 3499 5064 ἀλλὰ
3528 5010 3693 5081 μέχρι

2103 5113 2348 5183 γονάτων
2388 5112 2533 5168 ἔστω
2582 5112 2855 5180 φθάνοντα
2920 5115 3019 5165 καὶ
3075 5112 3400 5181 ὑποδήματα
3452 5108 3691 5178 μετρίως

2103 5206 2468 5277 καθηλωμένα
2490 5221 2507 5238 ο
2560 5206 2733 5258 ταῦτα
2794 5204 2905 5274 γὰρ
2953 5207 3201 5275 χρήσιμα
3229 5204 3324 5257 καὶ
3354 5202 3594 5272 μάλιστα
3630 5202 3689 5253 ἐν

2106 5300 2229 5362 ταῖς
2258 5297 2614 5369 ὁδοιπορίαις.
2650 5298 2832 5350 Ἔστω
2859 5298 2916 5351 δὲ
2950 5297 3088 5367 πρὸς
3130 5295 3339 5358 τούτοις
3364 5297 3421 5348 ἐν
3448 5296 3564 5357 τοῖς
3593 5310 3688 5346 πε-

2113 5390 2286 5455 ζικοῖς
2316 5390 2494 5444 τοῖσδε
2520 5390 2763 5460 τάγμασι
2797 5389 2893 5443 καὶ
2928 5388 3070 5442 κατὰ
3105 5389 3400 5459 δεκαρχίαν
3429 5387 3613 5457 ἅμαξα
3641 5386 3688 5418 ⁸⁵

423 5475 525 5543 μία
553 5464 882 5549 χειρὸμνλον
905 5478 1145 5553 φέρουσα
1174 5480 1267 5533 καὶ
1295 5472 1484 5552 ἀξίνην
1509 5482 1605 5536 καὶ
1631 5483 1881 5538 πελέκιον
1903 5450 1997 5538 καὶ
2034 5450 2283 5556 ὀρύττας-
2301 5487 2395 5541 δύο
2416 5488 2509 5542 καὶ
2540 5450 2686 5540 πτύα
2721 5486 2817 5541 καὶ
2845 5486 3078 5540 κιλίκιον
3116 5488 3209 5540 καὶ
3243 5450 3488 5554 κόφινον
3560 5450 3687 5537 σκέ-

1680 5636 1910 5694 VARIAC
1947 5640 2354 5707 LECTIONES,

492 5761 538 5792 “
559 5765 847 5844 τοιούτω-ξς
874 5767 931 5844 8:
1012 5770 1058 5844 ξ³
1083 5771 1276 5844 σιδηρά
1295 5771 1371 5844 Β,
1414 5773 1466 5844 4⁵⁵
1500 5775 1816 5827 κουκουλίου
1856 5775 1912 5828 Β.
1992 5778 2036 5808 ⁵⁵
2066 5778 2310 5844 ὰγκὸνων
2341 5777 2397 5831 Β.

1335 5843 1377 5873 ⁸⁸
1407 5842 1449 5875 ⁶¹
1490 5843 1718 5907 ἕκαστος
1748 5844 1808 5903 Β.
1870 5848 1910 5876 δ’
1941 5842 2162 5900 καλοῦσῐ
2194 5849 2335 5912 τῖνές
2362 5851 2419 5902 Β.

421 5832 579 5889 mw.
610 5832 667 5883 Β.
777 5838 822 5867 ³³
850 5837 1043 5906 σιδηρᾶ
1067 5842 1159 5892 καὶ
1191 5832 1251 5894 Β.

2496 5781 2540 5813 ⁸⁸
2566 5779 2741 5844 κάπης
2778 5778 2837 5835 Β.
2914 5778 2958 5812 δ’
2994 5781 3194 5836 τελείαι
3229 5780 3289 5835 Β.
3400 5780 3445 5813 ⁸⁸
3466 5778 3695 5833 ἁλυσιιο,

2526 5851 2569 5882 ’³
2599 5850 2654 5903 τὲ
2810 5853 2872 5921 7“
2898 5852 3044 5921 ἂμαξ
3073 5851 3132 5905 Β.
