4120 6434
342 362 480 433 “05

1521 373 1863 437 meum.
1894 402 1965 415 -
2001 364 2411 441 APPENDIX.

3477 384 3496 448 1
3514 386 3614 451 1.06
3632 356 3637 365 ’

338 474 546 546 παρνόν
578 490 637 528 τι
667 477 762 529 καὶ
792 476 861 533 τὰ
884 477 1068 545 λοιπά,
1108 480 1246 551 πρὸς
1285 481 1836 556 τούτοις-τζικούριον
1874 487 1969 539 καὶ
2007 486 2236 557 φαλκίον
2284 490 2330 522 ⁸⁸
2365 489 2615 559 τριϐόλιά
2657 507 2716 544 τε
2780 493 2975 561 σιδηρὶ
3017 492 3106 548 διὰ
3141 474 3250 549 τῶν
3300 494 3616 566 λεγομένων

337 569 726 641 σφηκωμάτων
785 572 1158 645 ἀποδεδομένα
1198 575 1355 647 ἥλοις
1422 578 1666 651 σιδηροῖς
1708 579 1846 646 πρὸς
1877 580 1940 635 τὸ
1979 583 2179 652 ῥᾳδίως
2202 582 2341 638 αύτά
2373 582 2663 654 ῥίπτεσθαι
2721 586 2818 639 καὶ
2868 582 3026 651 αὖθις
3089 586 3458 656 συνάγεσθαι⁹
3515 603 3617 656 φε-

340 662 481 731 ρέτω
504 662 561 715 δὲ
589 662 700 716 τῶν
745 663 974 734 ἁμαξῶν
1024 666 1231 737 ἑκάστη
1263 666 1359 721 καὶ
1418 666 1550 732 τόξα
1592 668 1697 739 τῆς
1731 669 1921 741 χρείας
1961 671 2135 725 πλείω
2161 673 2257 725 καὶ
2286 673 2503 735 ὀϊστοὺς
2553 673 2890 744 παξαμάτας
2929 692 2989 729 τε
3028 676 3123 730 καὶ
3192 677 3429 749 κέγχρον
3482 676 3618 749 άλη-

336 758 609 828 λεσμένην
642 757 689 791 ⁸⁵
712 758 808 812 καὶ
832 758 934 813 ὅσα
963 758 1075 813 τῶν
1104 760 1305 830 χρειῶν
1334 760 1379 814 δ’
1410 762 1726 834 ἐτεραήμῖν
1759 765 2236 835 παραλέλειπται.’

337 873 591 929 ΚΕΦΑΛ.
626 876 840 929 ΛΘἎ-
883 874 1216 948 Ὀπλισμὸς
1242 878 1472 934 ἱππέων
1510 884 1640 935 κατ’
1675 883 1918 951 αὐτούς.

2037 883 2179 940 CAP.
2239 883 2485 942 XXXIX.
2527 916 2587 927 --
2656 885 2915 957 Equitum
2976 895 3264 941 armatura
3314 886 3459 956 apud
3501 902 3618 943 eos-

407 1057 551 1122 τοὺς
611 1057 660 1111 δ’
712 1058 1148 1123 ίππεῖςντοῦτον
1204 1060 1492 1115 ὁπλιστέον
1543 1060 1635 1116 τὸν
1676 1062 1878 1132 τρόπον
1904 1076 1918 1092 ⁸

336 1148 563 1213 ἀσπίδες
594 1149 697 1220 μὲν
727 1151 842 1214 τοῖς
886 1149 1295 1221 καταφράκτοις
1342 1151 1591 1206 ἔστωσαν
1627 1152 1923 1224 ἐπιμήκεις

338 1241 634 1313 σπιθαμῶν
670 1241 912 1313 μάλιστα
972 1242 1259 1315 τεσσάρων
1286 1244 1381 1297 καὶ
1410 1244 1690 1316 ἡμισείας,
1722 1244 1925 1317 δόρατά

336 1350 397 1389 τι
442 1332 735 1404 όκταπήχη
770 1333 1180 1404 φλαμουλίσκια
1222 1333 1418 1406 ἔχοντα
1442 1336 1537 1389 καὶ
1570 1335 1776 1409 αίχμὰς
1799 1354 1925 1392 σπι-

339 1428 652 1498 θαμιαίους,
694 1426 789 1481 καὶ
840 1427 975 1500 πρὸς
1007 1425 1259 1498 θὼρακές
1298 1444 1359 1481 τε
1401 1428 1725 1483 ἀλυσιδωτοὶ
1760 1429 1805 1461 ⁸⁷
1832 1430 1924 1483 τέ-

337 1517 472 1571 λειοι
508 1518 673 1588 μέχρι
710 1517 811 1586 μὲν
868 1517 1228 1590 ἀστραγάλων
1281 1517 1583 1587 διήκοντες,
1634 1518 1922 1590 ἀνασειρό-

341 1618 496 1679 μενοι
525 1609 583 1662 δέ
607 1608 697 1662 διὰ
718 1592 932 1680 λωρίων
962 1610 1057 1663 καὶ
1083 1608 1407 1680 κρικέλωνῆ
1440 1609 1693 1665 κλιϐάνια
1729 1609 1925 1681 σιδηρᾶ

339 1700 372 1769 ἢ
402 1700 495 1754 καὶ
528 1700 791 1770 κεράτινα
818 1700 853 1772 ἢ
896 1699 994 1754 καὶ
1022 1700 1351 1772 ἐπιλωρίκια
1386 1701 1579 1773 μακρά
1611 1701 1749 1772 μετά
1781 1702 1925 1773 βαμ-

339 1788 518 1856 ϐάκης
580 1790 676 1844 καὶ
737 1788 1089 1843 κουκουλλίου
1119 1789 1186 1855 ⁸⁸,
1240 1788 1516 1860 σχίσματα
1547 1789 1739 1861 ἔχοντα
1795 1791 1925 1861 περὶ

340 1881 439 1945 τὰς
461 1880 687 1946 ὠλένας,
722 1880 799 1944 ὡς
843 1880 959 1935 ἀνω
998 1896 1104 1933 που
1136 1880 1370 1950 ἐφημεν,
1420 1880 1839 1935 ἐπανωκλίσανά
1867 1900 1925 1936 τε

342 1974 482 2045 πρὸς
512 1972 726 2037 τούτοις
768 1972 967 2044 τουφία
1024 1975 1123 2028 εἴτ’
1186 1970 1281 2028 οὖν
1332 1974 1579 2040 λισέλους
1640 1974 1771 2046 περὶ
1799 1976 1926 2038 τοὺς

341 2065 525 2136 ὤμους
549 2063 741 2137 ἔχοντα
766 2082 782 2101 ο
827 2066 1191 2140 ἀπεωρείσθω
1217 2067 1263 2099 ⁸³
1303 2066 1361 2119 δέ
1388 2066 1499 2119 τῶν
1552 2067 1733 2120 αὐτῶν
1760 2066 1926 2137 ὤμων

342 2157 437 2213 καὶ
456 2158 584 2229 ξίφη
613 2157 847 2229 δίστομα
878 2157 1170 2229 σπιθαμῶν
1216 2157 1346 2212 ὄντα
1389 2159 1437 2191 ⁷⁸
1470 2159 1703 2229 μάλιστα
1735 2159 1927 2214 τεσσά-

2735 957 2878 1011 dem.

2097 1064 2323 1139 Equites
2365 1066 2472 1123 hoc
2502 1067 2667 1123 modo
2713 1067 2919 1123 armari
2941 1074 3195 1139 oportet:
3230 1065 3649 1137 Cataphractis,

2025 1158 2138 1214 sint
2167 1165 2325 1214 scuta
2353 1158 2707 1215 dodrantium
2743 1161 2811 1214 ad
2855 1174 3135 1215 summum
3196 1166 3431 1229 quatuor
3490 1172 3617 1214 cum

2025 1248 2274 1315 dimidio,
2334 1248 2537 1323 lancea:
2584 1256 2767 1306 autem
2799 1249 3111 1305 cubitorum
3163 1257 3291 1303 octo
3335 1248 3618 1303 ﬂammula

2025 1338 2289 1397 habentes
2316 1347 2371 1394 et
2416 1339 2674 1411 cuspides
2730 1339 3018 1397 dodrantis
3048 1326 3237 1404 tinius,
3267 1348 3323 1396 et
3359 1339 3619 1395 thoraces

2028 1426 2206 1483 hamis
2228 1427 2369 1485 inter
2395 1443 2455 1484 se
2501 1430 2780 1485 consertis
2820 1430 2886 1484 ad
2922 1428 3228 1501 spondylos
3260 1429 3619 1486 devenientes

2027 1518 2274 1590 lorisque
2331 1528 2386 1575 et
2444 1518 2664 1576 annulis
2702 1520 2879 1591 ligati,
2935 1522 3019 1576 vel
3067 1521 3288 1576 clibana
3318 1520 3495 1577 ferrea
3526 1528 3623 1576 aut

2027 1625 2250 1674 cornea,
2278 1610 2362 1666 vel
2381 1611 2546 1666 etiam
2579 1611 2860 1681 epiloricia
2885 1610 3047 1681 longa
3102 1625 3227 1665 cum
3268 1610 3533 1666 hambace
3566 1617 3623 1666 et

2028 1700 2289 1766 cucullio,
2327 1698 2556 1759 ﬁssuras
2616 1700 2873 1757 habentia
2903 1701 3113 1756 circum
3149 1701 3396 1767 brachia,
3455 1701 3623 1760 siculi

2030 1806 2199 1861 supra
2242 1790 2510 1856 diximus,
2545 1800 2715 1863 alque
2762 1790 3161 1863 epanoclibana
3204 1791 3353 1848 tufas
3414 1792 3621 1848 circum

2030 1882 2294 1939 humeros
2349 1890 2405 1939 et
2440 1884 2637 1941 libelos
2690 1884 2971 1941 habentia.
3001 1884 3428 1957 Suspendantur
3452 1885 3619 1941 simul

2030 1974 2100 2030 ab
2146 1975 2390 2032 humeris
2439 1976 2606 2049 gladii
2664 1978 2938 2048 ancipites
2963 1976 3315 2033 dodrantium
3364 1985 3423 2032 ut
3447 1977 3625 2031 maxi-

2028 2084 2118 2125 me
2141 2077 2382 2140 quatuor
2408 2071 2617 2141 absque
2645 2071 2864 2143 capulo,
2921 2072 3210 2125 minimum
3268 2077 3450 2125 autem
3486 2084 3625 2140 qna—

2032 2171 2156 2215 tuor
2179 2176 2305 2217 cum
2333 2160 2553 2232 capulo,
2586 2171 2641 2218 et
2670 2163 2839 2219 simul
2889 2163 3013 2219 aliis
3043 2160 3242 2235 gladiis
3275 2162 3445 2215 altera
3474 2170 3627 2233 parte

344 2267 456 2321 ρων
488 2250 589 2320 τῆς
611 2249 807 2319 κώπης
829 2252 1021 2323 χωρὶς,
1044 2252 1113 2306 τά
1132 2252 1177 2305 δ’
1203 2252 1464 2322 ἐλάχιστα
1492 2252 1766 2324 τέσσαρας
1795 2252 1932 2318 μετά

2039 2253 2240 2317 acutis,
2267 2253 2606 2321 ancipitibus
2656 2253 2999 2325 longitudine
3034 2254 3341 2325 aequalibus
3391 2254 3627 2324 precin-

341 2344 440 2412 τῆς
466 2342 663 2414 κώπης
686 2357 705 2375 ο
747 2343 843 2397 καὶ
881 2343 1049 2415 lupa.
1087 2344 1145 2398 δὲ
1191 2344 1502 2415 μονόστομα
1549 2345 1678 2414 ξίφη
1708 2347 1823 2407 τοῖς
1843 2344 1925 2396 δι-

345 2437 569 2507 στόμοις
617 2436 859 2507 ίσομήκη
912 2436 1467 2506 παραζωννύσθωσαν
1502 2438 1552 2490 οί
1593 2438 1766 2498 αὐτοὶ,
1803 2434 1927 2508 ἀδὴ

344 2528 439 2581 καὶ
468 2529 804 2599 παραμήρια
831 2527 1107 2598 λέγονται.
1139 2530 1254 2585 Καὶ
1291 2530 1389 2592 τὰς
1422 2528 1522 2599 μὲν
1550 2531 1744 2600 χεῖρας
1771 2528 1926 2582 ὁπλι-

345 2619 591 2683 ζέτωσαν
624 2622 738 2684 τοῖς
783 2622 1177 2693 χειροψέλλοις,
1238 2623 1365 2686 τοὺς
1405 2622 1451 2676 δ’
1505 2620 1571 2675 αὖ
1618 2621 1786 2685 πόδας
1811 2624 1922 2685 τοῖς

348 2711 693 2784 ποδοψέλλοις
730 2713 1175 2785 ὀνομαζομένοις,
1234 2719 1329 2769 καὶ
1371 2714 1648 2786 τούτοιςῆ
1685 2715 1925 2785 σιδηροῖς

347 2802 383 2874 ἢ
419 2802 650 2871 ξυλίνοις
698 2802 859 2875 ἢκαὶ
919 2807 984 2859 ἐκ
1044 2804 1253 2876 βύρσης
1292 2805 1677 2877 είργασμένοις
1720 2805 1922 2874 βοείας.

350 2895 486 2967 Περὶ
514 2896 571 2950 δὲ
596 2897 697 2960 τὰς
725 2896 1048 2969 ἐφεστρίδας
1073 2897 1372 2969 βαρδούκια
1396 2909 1600 2961 πάντες
1630 2896 1927 2967 ἐχέτωσαν,

350 2986 451 3039 εἴτ’
504 2987 598 3043 οὖν
642 2990 688 3022 "
747 2989 1162 3063 σιδηροραύδια,
1222 2990 1319 3043 καὶ
1362 2988 1730 3057 σελοπούγγια
1795 2991 1934 3056 πρὸς

2029 2354 2245 2415 ganlur,
2277 2348 2372 2413 qui
2398 2344 2680 2402 femoralia
2706 2345 2991 2413 dicuntur,
3028 2361 3225 2401 manus
3278 2361 3409 2401 suas
3444 2345 3626 2401 chiro-

2030 2439 2236 2509 pselliis
2267 2441 2537 2505 muniant,
2567 2439 2843 2510 pedesque
2870 2437 3245 2508 podopsclliis,
3281 2437 3366 2493 vel
3405 2436 3624 2503 ferreis,

2034 2531 2119 2586 vel
2151 2532 2344 2601 ligneis
2376 2538 2470 2587 aut
2496 2546 2559 2587 ex
2589 2529 2803 2586 bovinis
2855 2529 3109 2602 pellibus.
3176 2528 3393 2584 Circum
3453 2529 3623 2583 sellas

2037 2623 2223 2678 clavos
2249 2622 2432 2678 cuncti
2460 2623 2698 2678 habeant
2714 2628 2769 2677 et
2791 2618 3172 2676 sideroraudia
3189 2626 3244 2674 et
3269 2618 3418 2673 sella!
3434 2632 3629 2673 saccu-

2038 2714 2120 2769 los
2157 2715 2211 2769 in
2248 2717 2450 2785 quibus
2502 2715 2611 2769 duo
2662 2722 2757 2768 aut
2791 2712 2899 2767 tria
2942 2718 3258 2782 paxamata,
3292 2710 3378 2765 vel
3418 2710 3630 2764 milium

2037 2806 2248 2871 tritum,
2312 2806 2458 2862 sicut
2510 2806 2775 2873 vigesimo
2836 2803 3015 2873 capite
3057 2801 3528 2859 fusiusdiximus.
3571 2802 3630 2857 In

2034 2896 2311 2964 capitibus
2346 2896 2533 2965 galeas
2572 2894 2776 2965 pariter
2810 2895 3021 2950 ferreas
3045 2895 3289 2965 integras
3305 2895 3465 2967 signo
3494 2895 3633 2949 insi-

2036 2989 2217 3057 gnitas
2250 2998 2304 3041 et
2339 2988 2471 3042 tutis
2534 2985 2795 3056 desuper.
2856 2982 3063 3040 Ferant
3102 3000 3325 3056 quoque
3368 2986 3476 3040 tela
3528 2986 3632 3040 tri-

349 3078 564 3143 τούτοις
593 3080 698 3136 ἀνά
743 3081 839 3136 δύο
876 3082 910 3154 ἢ
942 3083 1038 3137 καὶ
1069 3082 1240 3149 τριῶν
1291 3081 1485 3153 ἔχοντα
1520 3081 1858 3152 παξαμάτων
1900 3080 1931 3149 ἣ

2037 3080 2181 3148 ginta
2236 3087 2331 3133 aut
2384 3077 2752 3149 quadraginta
2814 3079 2867 3131 in
2904 3077 3202 3147 marsupiis
3242 3093 3255 3129 :
3289 3077 3397 3132 tela
3450 3088 3631 3131 autem

351 3170 587 3244 κέγχρου
638 3173 1040 3246 ἀληλεσμένης,
1092 3174 1167 3239 ὡς
1191 3175 1250 3228 ἐν
1278 3174 1358 3246 τῷ
1386 3173 1615 3246 εἰκοστῷ
1651 3172 1934 3243 κεφαλαίῳ

351 3259 778 3331 πλατυκώτερον
808 3282 876 3318 πε
886 3266 940 3337 ρὶ
983 3265 1181 3319 τούτου
1227 3266 1567 3337 εἰρήκαμεν·
1594 3263 1725 3335 περὶ
1751 3264 1808 3316 δὲ
1836 3265 1936 3328 τὰς

352 3354 601 3425 κεφαλὰς
665 3356 905 3429 κόρυθας
949 3358 1216 3421 ὡσαύτως
1267 3359 1494 3429 σιδηρᾶς
1515 3357 1731 3421 τελείας
1771 3373 1934 3409 σεσα-

355 3452 640 3522 μιωμένας
672 3453 868 3524 τουφία
899 3456 993 3510 καὶ
1013 3454 1218 3518 ταύτας
1240 3454 1471 3526 ἐχούσας
1490 3454 1698 3511 ἀνωθεν
1723 3472 1738 3488 ο
1770 3456 1936 3525 φερέ-

352 3558 534 3598 τωσαν
561 3544 619 3597 δὲ
641 3546 736 3599 καλ⁸
766 3546 1041 3618 κούκουρα
1068 3548 1170 3601 ἀνὰ
1196 3547 1240 3601 λ’
1272 3548 1303 3619 ἢ
1337 3545 1388 3618 μ’
1415 3549 1631 3612 ὀϊστοὺς
1650 3545 1937 3621 χωροῦντα

353 3632 582 3690 ἕκαστον
604 3652 618 3666 ·
656 3637 706 3690 οἱ
760 3638 944 3707 μέντοι
978 3640 1150 3694 ὀϊστοὶ
1181 3640 1286 3694 ἀνά
1332 3638 1378 3694 θ’
1424 3640 1739 3694 παλαιστῶν
1767 3640 1937 3695 ἔστω-

356 3712 455 3779 σαν
499 3726 597 3781 καὶ
649 3726 726 3799 μὴ
783 3729 1041 3782 ἐλάττον’
1097 3729 1229 3797 τόξα
1268 3748 1329 3784 τε
1369 3729 1506 3784 πολὺ
1529 3729 1629 3800 τῆς
1648 3730 1939 3799 δυνάμεως

356 3816 747 3890 ἐλασσούμενα,
811 3819 1128 3876 παλαιστῶν
1168 3818 1265 3875 καὶ
1314 3821 1492 3876 ταῦτα
1546 3821 1741 3889 δεκάὲξ
1781 3822 1813 3891 ἢ
1879 3820 1940 3874 τὸ

356 3906 584 3964 ἔλασσον
614 3918 685 3966 ιε’·
709 3911 849 3982 μετά
896 3912 1007 3967 τῶν
1044 3913 1232 3984 θηκῶν
1290 3915 1501 3967 αὐτῶν*
1535 3914 1709 3985 ἐχέτω
1740 3913 1795 3966 δὲ
1819 3913 1942 3967 ἐκα-

360 4018 486 4065 στος
540 4004 622 4068 είς
659 4005 727 4058 τὰ
776 4004 888 4059 τῶν
919 4007 1238 4077 κουκούρων
1272 4006 1517 4078 ζωνάρια
1544 4006 1640 4061 καὶ
1671 4007 1818 4078 ρίνον
1847 4006 1943 4060 καὶ

360 4093 607 4149 σουσλίον
638 4099 734 4150 καὶ
763 4099 1033 4171 μαχαίρια
1058 4099 1153 4153 καὶ
1173 4098 1373 4153 κόλλαν
1402 4100 1496 4155 καὶ
1515 4099 1681 4172 ἕτερα
1715 4099 1944 4153 τοιαῦτα

357 4184 468 4239 τῶν
496 4187 794 4256 χρειωδῶν.
836 4190 900 4245 Ol
956 4190 1141 4261 μέντοι
1172 4190 1355 4244 αὐτῶν
1394 4190 1555 4245 ¹ίπτιςοι
1588 4207 1945 4262 προμετωπι-

357 4276 493 4341 δίοις
522 4279 616 4333 καὶ
653 4282 1030 4353 περιστηθίοις
1063 4282 1159 4336 xal.
1197 4284 1560 4349 κατανωτίοις
1609 4282 1941 4337 σκεπάσθω-

361 4385 463 4424 σαν
496 4370 539 4404 ⁷³
569 4370 604 4442 ἢ
644 4370 927 4442 λωρικίοις
956 4373 990 4444 ἢ
1028 4373 1332 4438 κλιϐάνοις,
1361 4374 1457 4428 καὶ
1485 4373 1757 4445 τούτοιςῆ
1794 4373 1944 4444 σιδη-

365 4463 535 4534 ροίςῆ
567 4464 665 4517 καὶ
687 4464 776 4518 διὰ
812 4464 1063 4536 κεράτων
1110 4465 1651 4537 συμπεπλεγμένοις.
1707 4463 1948 4531 Ὀπλιζέο

364 4552 582 4608 σθωσαν
613 4554 668 4608 δέ
705 4556 799 4610 καὶ
815 4558 860 4610 oi
889 4556 1180 4629 δορυφόροι
1201 4558 1316 4620 τοῖς
1332 4558 1540 4627 ὁμοίοις
1558 4556 1743 4628 σχεδὸν
1762 4555 1948 4620 ὅπλοις

361 4643 473 4697 τῶν
502 4648 934 4717 καταφράκτων,
966 4649 1355 4720 ἐλαφροτέροις
1399 4648 1584 4719 μέντοι
1613 4647 1824 4703 τούτων
1852 4647 1949 4700 καὶ

2042 3185 2235 3225 novem
2272 3170 2579 3240 palmorum
2613 3169 2748 3235 sint,
2812 3182 2915 3224 nec
2942 3168 3166 3234 minus;
3200 3183 3365 3224 arcus
3395 3185 3525 3225 vero
3542 3185 3634 3224 ro-

2037 3263 2169 3317 bore
2219 3261 2392 3316 multo
2431 3260 2694 3326 minores,
2744 3259 3019 3315 sexdecim
3044 3268 3139 3313 aut
3156 3259 3444 3314 minimum
3471 3261 3634 3330 quin-

2036 3355 2210 3409 decim
2237 3353 2567 3423 palmorum,
2600 3367 2726 3406 cum
2759 3352 2938 3407 thecis
2960 3354 3101 3418 suis;
3126 3351 3435 3431 habeatque
3454 3367 3628 3408 unus-

2036 3444 2272 3515 quisque
2302 3444 2356 3497 in
2386 3443 2792 3513 marsupiorum
2818 3440 3274 3512 cingula,pellem
3299 3450 3351 3494 et
3375 3439 3633 3495 subulam

2039 3546 2091 3594 et
2120 3538 2414 3593 novaculas
2426 3543 2480 3592 et
2495 3536 2681 3606 gluten
2704 3543 2966 3590 etczetera
2988 3532 3327 3589 necessaria.
3345 3530 3482 3601 Equi
3506 3547 3636 3587 vero

2040 3643 2229 3685 eorum
2264 3626 2612 3688 frontalibus.
2660 3626 3143 3697 pectoralihusque
3186 3631 3242 3680 et
3279 3624 3637 3679 dorsualibus

2040 3721 2381 3784 muniantur,
2418 3729 2512 3775 aut
2544 3719 2752 3774 loriciis
2788 3726 2881 3772 aut
2901 3718 3137 3772 clibanis
3168 3717 3284 3772 sive
3307 3714 3505 3771 ferreis
3524 3715 3640 3771 sive

2041 3812 2276 3868 corneis.
2338 3811 2605 3866 Armandi
2688 3808 2987 3881 doryphori
3040 3807 3250 3864 eisdem
3296 3796 3427 3862 'l'ere
3472 3820 3638 3875 quam

2041 3908 2429 3976 cataphractae,
2451 3904 2547 3960 sed
2571 3905 2874 3960 levioribus
2902 3903 3168 3969 armis,'et
3196 3902 3381 3958 minus
3403 3899 3594 3956 solidis
3618 3918 3635 3965 ;

2042 4003 2284 4057 inermes
2310 4013 2533 4071 quoque
2546 4013 2738 4053 eorum
2758 3996 2908 4066 equi,
2937 4002 3159 4067 propter
3188 3982 3489 4065 impetuset
3509 3994 3642 4050 sub-

2044 4093 2356 4149 ductiones.
2421 4088 2548 4146 llzec
2572 4090 2641 4145 de
2682 4089 2789 4145 his.
2853 4087 3015 4143 lnter
3045 4101 3141 4142 eos
3166 4094 3351 4141 autem
3383 4085 3641 4155 quileves

2043 4195 2314 4241 vocantur
2362 4182 2602 4255 equites.
2629 4180 2999 4253 iaculatorum
3059 4178 3296 4250 quisque
3343 4176 3483 4234 ferat
3530 4175 3643 4232 duo

2045 4280 2128 4336 vel
2151 4280 2257 4333 tria
2286 4278 2469 4349 jacula
2495 4260 2848 4332 dodrantium
2890 4274 3183 4331 duodecim
3218 4281 3278 4329 ut
3312 4273 3551 4328 maxime
3589 4278 3645 4327 et

2047 4373 2271 4443 insuper
2286 4373 2532 4427 lanceam
2552 4370 2864 4426 cubitorum
2884 4377 3010 4425 octo
3027 4379 3083 4423 et
3098 4369 3393 4439 oblongum
3426 4376 3646 4424 scutum

2047 4466 2397 4522 dodrantium
2426 4465 2541 4520 fere
2575 4472 2814 4535 quatuor
2846 4470 2943 4517 ant
2990 4461 3302 4517 orbiculare
3352 4459 3518 4513 trium
3543 4458 3644 4513 do-

2048 4558 2351 4623 drantium,
2384 4557 2568 4629 galeas
2613 4564 2880 4626 praeterea
2926 4554 2981 4609 in
3019 4554 3257 4609 circuitu
3302 4549 3508 4606 nudas.
3543 4549 3645 4605 Sa—

2051 4652 2257 4724 gittarii
2295 4665 2426 4705 vero
2469 4647 2747 4718 marsupia
2792 4655 2847 4701 et
2889 4659 3056 4699 arcus
3096 4644 3295 4699 robore
3347 4642 3634 4707 minores;

362 4729 527 4806 ἦττον
550 4740 1002 4812 στεγανωτέροις,
1036 4741 1133 4796 καὶ
1168 4741 1219 4795 οἱ
1271 4740 1432 4794 ἱδπποι
1467 4739 1526 4794 δέ
1569 4740 1708 4811 πρὸς
1738 4738 1932 4802 τούτοις

2055 4748 2114 4795 ut
2142 4753 2311 4808 supra
2361 4736 2629 4801 diximus,
2667 4734 2736 4790 ad
2768 4732 3040 4788 tractandi
3071 4731 3395 4787 facilitatem
3436 4741 3492 4786 et
3536 4730 3645 4785 lm-

364 4829 547 4883 αύτῶν
578 4831 768 4885 ἄοπλοι
813 4831 1058 4888 ἔστωσαν
1102 4834 1193 4889 διά
1232 4851 1293 4889 τε
1320 4832 1368 4865 ⁷³
1404 4834 1505 4898 τὰς
1535 4831 1827 4894 ἐπελάσεις
1854 4829 1932 4883 κα¹

2053 4830 2249 4902 primis
2287 4828 2608 4900 iaculandi;
2653 4825 2939 4883 femoralia
2967 4838 3191 4894 quoque
3221 4830 3278 4879 et
3315 4822 3499 4894 galeas
3533 4839 3645 4880 non

365 4916 525 4988 αὖθις
575 4923 975 4996 ὑποχωρήσεις.
1026 4928 1137 4980 Καὶ
1167 4927 1343 4981 ταῦτα
1381 4925 1482 4996 μὲν
1535 4925 1665 4995 περὶ
1711 4921 1932 4977 τούτωνε

2054 4924 2319 4995 integras,
2379 4922 2527 4978 sella:
2551 4918 2830 4989 marsupia
2859 4916 3021 4971 simul
3072 4931 3102 4969 a
3141 4916 3382 4971 zonariis
3434 4931 3650 4971 marsu-

364 5013 479 5070 τῶν
503 5016 559 5070 δέ
584 5015 757 5086 ψιλῶν
780 5016 1136 5086 καλουμένων
1175 5020 1388 5073 ἱππέων
1416 5020 1464 5073 oi
1496 5016 1596 5088 μὲν
1627 5017 1932 5070 ἀκοντισταῖ

2053 5014 2489 5088 piorumaliqua
2521 5010 2962 5068 necessariorum
2988 5023 3281 5080 suspensa,
3314 5016 3373 5064 ut
3388 5008 3457 5064 de
3494 5016 3645 5063 cata;

368 5107 473 5161 ἀνὰ
506 5107 660 5179 δύοῆ
696 5109 791 5163 καὶ
834 5107 1006 5181 τριῶν
1046 5110 1261 5180 φερέτω
1289 5111 1527 5175 ἕκαστος
1560 5109 1787 5164 ἀκόντια
1816 5125 1932 5161 σπι-

2059 5105 2313 5177 pliractis
2346 5104 2686 5160 disserentes
2712 5100 2988 5157 diximus.

370 5198 561 5269 θαμῶν
598 5200 837 5270 μάλιστα
875 5200 963 5272 ιβ’,
993 5182 1090 5255 καὶ
1121 5200 1257 5272 πρὸς
1274 5201 1487 5265 τούτοις
1515 5201 1644 5274 δόρυ
1665 5200 1951 5270 ὀκτάπηχυ
1992 5198 2086 5252 καὶ
2107 5196 2309 5251 ἀσπίδα
2338 5195 2584 5265 ἐπιμήκη
2622 5190 2914 5263 σπιθαμῶν
2968 5192 3249 5264 τεττάρων
3316 5188 3547 5258 ἔγγιστα
3609 5187 3644 5258 ἧ

370 5297 466 5350 καὶ
495 5301 769 5373 περιφερῆ
799 5299 1168 5369 τρισπίθαμον
1206 5298 1309 5351 καὶ»
1342 5296 1584 5369 κόρυθας
1608 5300 1701 5353 ἐπὶ
1739 5300 1955 5362 τούτοις
1992 5296 2258 5358 ἀσκεπεῖς
2320 5293 2393 5346 τὰ
2458 5290 2682 5363 κύκλῳ·
2718 5291 2767 5344 οἱ
2800 5288 2855 5343 δὲ
2884 5287 3104 5355 τοξόται
3139 5285 3419 5357 κούκουρά
3443 5301 3501 5339 τε
3525 5283 3649 5355 ἐχέ-

370 5411 556 5451 τωσαν
578 5396 673 5452 καὶ
695 5395 829 5461 τόξα
853 5397 953 5468 τῆς
990 5393 1278 5467 δυνάμεως
1316 5394 1712 5467 ἐλασσούμενα,
1736 5396 1812 5461 ὡς
1845 5396 1958 5451 ἄνω
1998 5411 2101 5447 που
2127 5391 2361 5464 ἔφημεν,
2387 5388 2476 5444 διά
2534 5386 2598 5441 τὸ
2647 5384 2932 5456 εύάγωγόν
2961 5402 3023 5439 τε
3061 5384 3159 5438 καὶ
3224 5380 3484 5452 εὔστοχον
3542 5378 3652 5449 μά-

1671 5546 1908 5604 νΑΒιΑξ
1942 5544 2350 5603 LECTIONES.

1154 5710 1162 5724 .
1262 5671 1308 5703 “
1341 5669 1713 5792 ἀληθεεὶμένον
1754 5667 1814 5722 Β.
1926 5667 1969 5699 ⁸⁷
1996 5662 2347 5719 ἀλυσειδωτοὶ
2376 5660 2436 5716 Β.
2554 5658 2598 5689 ⁵⁸
2615 5653 2927 5711 κουκουλίου
2952 5654 3032 5750 Β..
3122 5653 3171 5686 ⁸⁸
3202 5650 3643 5723 ἀπεωρεῖσθωυ.

1154 5741 1204 5792 ie
1242 5741 1464 5792 quidem
1576 5780 1590 5792 .
1728 5740 1771 5771 ⁷*
1806 5735 2197 5792 σκεπέσθωσαν
2256 5733 2316 5789 Β.
2429 5734 2474 5765 ⁷³
2512 5730 2644 5792 πρός
2704 5741 2786 5792 τε,
2842 5740 3120 5792 superscr.
3194 5723 3282 5779 διά
3340 5739 3399 5777 τε
3464 5723 3643 5779 eadem

829 5723 868 5775 ἦ
902 5723 1078 5798 irai»
1114 5723 1204 5797 hic
1242 5723 1465 5813 quidem
1530 5723 1590 5795 εξ.
1728 5740 1771 5771 τ’
1806 5735 2197 5792 σκεπέσθωσαν
2256 5733 2316 5789 Β.
2429 5734 2474 5765 ⁷³
2512 5730 2644 5803 πρός
2704 5741 2786 5794 τε,
2842 5740 3120 5797 superscr.
3194 5723 3282 5779 διά
3340 5739 3399 5777 τε
3464 5723 3657 5779 eadem

446 5670 492 5701 “
525 5685 722 5728 ocorr.
788 5688 854 5727 cx
904 5691 951 5726 ω
993 5672 1047 5726 in
1101 5669 1162 5724 ll.

373 5738 420 5771 ⁷⁵
454 5738 622 5793 ὄντων
656 5741 717 5798 Β.

377 5826 539 5866 manu
589 5808 649 5867 Β.
