4120 6466
464 366 488 433 1
508 369 606 435 l07

1702 375 1980 453 LEONIS
2024 375 2492 441 PHILOSOPHI

3601 378 3749 453 nos

458 489 643 551 λιστα,
673 485 1006 561 παραμήριά
1033 503 1091 542 τι
1148 486 1245 543 καὶ⁵
1289 485 1531 559 κόρυθας
1554 486 1633 561 μὴ
1653 488 1896 555 τελείας,
1928 489 2333 561 σελλοπούγγιά
2363 508 2423 548 τι
2451 492 2747 560 ὡσαύτως,
2796 492 2894 553 καὶ
2914 496 3045 569 περὶ
3088 494 3089 497 “
3113 497 3183 551 τά
3251 497 3363 552 τῶν
3420 499 3745 574 κουκούριυν

462 579 705 652 ζωνάρια
739 579 850 634 τῶν
876 579 1153 651 χρειωδῶν
1182 581 1564 654 ἀπηωρημένα
1592 582 1740 647 τινὰ,
1769 579 1846 647 ὡς
1875 584 1935 639 δν
1965 580 2044 652 τῷ
2081 584 2211 653 περὶ
2238 584 2349 640 τῶν
2369 587 2778 658 καταφράκτων
2800 588 3014 659 ἔφημεν
3034 588 3201 662 λόγῳ.

511 675 667 731 CAP.
690 674 830 732 XLI.
847 704 917 718 -—
942 673 1224 731 Exercitus
1254 686 1493 733 motuum
1519 676 1999 737 denominatious.

2163 679 2400 737 KEOAA.
2460 680 2597 737 ΜΔΖ
2650 712 2723 728 --
2779 684 3133 761 ὀνομᾳσίαι
3184 686 3493 757 κινήσεων
3555 705 3750 761 στρα-

530 829 720 886 Flexio
745 830 812 886 ad
836 830 1107 897 lanceam,
1142 830 1304 887 llexio
1338 831 1407 888 ad
1435 846 1677 905 scutum,
1731 832 1784 889 in
1809 832 2045 889 frontem

462 923 785 993 procedere.
827 924 893 978 ad
924 939 1097 979 cornu
1118 924 1437 995 procedere,
1462 940 1723 997 epagoge,
1750 941 2045 1000 paragoge,

461 1016 755 1080 tnetabole.
809 1016 1151 1091 epistrophe,
1198 1018 1553 1089 anastmphe,
1606 1020 2046 1095 antiperispasis,

461 1108 820 1179 exallagmns,
852 1109 1387 1182 hyperphalangisis,
1422 1112 1838 1183 hypercerosis,
1870 1113 1925 1168 in
1952 1130 2047 1169 or-

459 1199 590 1254 dlne
622 1200 1204 1273 procederejungere,
1231 1202 1651 1273 diplaslasmus,
1673 1206 1917 1273 entaxis,
1948 1206 2049 1279 hy-

460 1292 703 1361 potaxis,
736 1292 1007 1363 protaxls,
1035 1293 1318 1367 parabole,
1374 1295 1600 1367 systole.
1628 1294 1818 1352 Flexlo
1840 1298 1907 1352 ad
1928 1298 2050 1353 lan-

460 1398 615 1440 ceam
663 1384 888 1451 dicitur,
939 1386 1383 1457 uniuscujusque
1431 1388 1499 1444 ad
1531 1388 1780 1444 dextram
1813 1400 1996 1451 motus
2033 1434 2049 1463 ,

461 1475 624 1531 ﬂexio
662 1475 728 1532 ad
767 1487 1008 1545 scutum,
1056 1477 1123 1533 ad
1183 1478 1464 1534 sinistram
1501 1494 1517 1549 ;
1570 1480 1624 1534 in
1659 1480 1894 1536 frontem
1925 1498 2051 1556 pro-

465 1567 685 1635 cedere,
718 1584 843 1625 cum
907 1569 1185 1639 parataxis
1215 1573 1464 1642 procedit
1487 1573 1696 1629 habens
1722 1573 2051 1633 convenien-

466 1670 577 1717 tem
608 1662 1040 1734 longitudinem:
1069 1664 1135 1720 ad
1161 1681 1334 1721 cornu
1367 1678 1572 1733 autem,
1611 1682 1780 1740 quum
1825 1676 2052 1740 prepter

466 1756 713 1811 locorum
781 1759 1069 1827 angustias
1128 1758 1391 1828 praecedit
1460 1759 1739 1827 dextrum,
1801 1762 2053 1832 sequitur

463 1848 728 1912 medium,
782 1864 925 1920 pone
977 1850 1183 1909 incedit
1223 1851 1415 1929 laevum
1452 1872 1465 1907 :
1512 1869 1685 1913 cornu
1715 1854 1918 1915 etenim
1956 1871 2054 1912 vo-

462 1949 642 2007 catur,
708 1948 769 1995 ut
837 1940 1041 2001 dictum
1100 1949 1188 1999 est
1228 1943 1502 2001 universae
1546 1953 1877 2017 parataxeos
1923 1963 2053 2020 pars

2572 796 2585 808 .
2880 772 3011 811 του.

2224 842 2419 908 Κλίσις
2448 845 2541 899 ἐπὶ
2570 844 2722 917 δόρυ,
2750 846 2928 912 κλίσις
2966 848 3052 900 ἐπ’
3081 848 3310 914 ἀσπίδα,
3354 851 3448 906 ἐπὶ
3483 853 3751 923 μέτωπον

2154 934 2508 1005 πορεύεσθαι,
2541 937 2632 989 ἐπὶ
2670 938 2841 1008 κέρας
2881 937 3233 1009 πορεύεσθαι,
3263 940 3551 1014 ἐπαγωγὴ,
3594 961 3747 1017 παρ-

2154 1026 2370 1101 αγωγὴ,
2422 1027 2696 1103 μεταϐολὴ
2723 1030 2792 1096 ⁷⁸,
2847 1030 3175 1107 ἐπιστροφὴ,
3224 1031 3565 1107 ἀναστροφὴ,
3596 1038 3751 1093 ἀντι-

2155 1120 2511 1193 οιτερίσπασις⁹
2556 1104 2913 1192 ἐξαλλαγμὸς,
2961 1123 3461 1195 ὐπερφαλάγγισις,
3480 1104 3487 1107 ν
3508 1104 3750 1201 ὐπερκὲ-

2160 1228 2348 1282 ρωσις,
2390 1212 2626 1284 στοιχεῖν
2654 1213 2721 1277 ",
2769 1212 2995 1282 ζυγοῦν,
3043 1216 3463 1288 διπλασιασμὸς,
3505 1217 3746 1288 ἔνταξις,

2158 1302 2439 1368 ὑπόταξις,
2489 1303 2787 1376 πρόταξις,
2853 1306 3192 1379 παρεκὸολὴ,
3244 1308 3496 1381 συστολὴ.
3551 1310 3747 1375 κλίσις

2159 1396 2257 1467 μὲν
2291 1392 2385 1450 οὖν
2416 1395 2510 1450 ἐπὶ
2549 1396 2731 1469 δόρυή
2760 1399 2806 1429 ⁷⁸
2838 1398 2932 1451 ἐπὶ
2979 1398 3131 1466 δεξιά
3169 1400 3403 1455 ἑκάστου
3450 1401 3643 1474 ἀνδρὸς
3667 1404 3747 1457 κί-
3769 1441 3780 1450 .

2157 1508 2312 1561 νησις
2347 1489 2587 1560 λέγεται,
2616 1491 2790 1555 κλίσις
2816 1490 2859 1545 δ’
2882 1492 2968 1544 ἐπ’
2991 1492 3195 1546 ἀσπίδα
3219 1494 3251 1565 ἠ
3272 1492 3359 1547 ἐπ’
3387 1494 3656 1565 ἀριστερά
3674 1495 3745 1525 ⁷⁷·

2157 1583 2250 1638 ἐπὶ
2294 1582 2548 1655 μέτωπον
2592 1583 2946 1653 ¹νωρεύεσθαι,
2983 1585 3067 1638 ὅτι
3107 1584 3170 1637 τδ
3222 1584 3502 1657 προσῆκον
3546 1584 3749 1657 ἔχουσα

2158 1674 2336 1746 μῆκος
2368 1676 2401 1747 ἠ
2430 1671 2739 1747 παράταξις
2780 1677 3050 1748 πρόεισιν,
3103 1678 3196 1735 ἐπὶ
3230 1678 3399 1745 κέρας
3435 1679 3515 1747 δὲ,
3546 1681 3635 1737 ὅτε
3659 1682 3752 1737 διὰ

2158 1766 2495 1823 στενοτάτων
2530 1767 2713 1827 τόπων
2759 1769 3174 1840 προηγούμενον
3224 1770 3324 1843 μὲν
3353 1770 3467 1842 ἔχει
3501 1773 3546 1805 ⁷⁸
3574 1772 3633 1827 τὺ
3657 1774 3753 1829 δε-

2159 1858 2270 1924 ξιὸν
2306 1862 2342 1932 η
2365 1860 2694 1933 παράταξις,
2736 1862 3004 1933 ἑπόμενον
3029 1862 3086 1918 δὲ
3112 1862 3173 1917 τὸ
3211 1864 3398 1937 μέσον,
3428 1863 3660 1921 ὕστατον
3689 1866 3751 1920 δὲ

2156 1952 2220 2005 τὸ
2247 1953 2537 2025 ἀριστερὸν
2579 1954 2771 2026 (κέρας
2794 1957 2925 2027 γάρ,
2965 1955 3043 2020 ὡς
3080 1954 3318 2028 ἔφημεν,
3350 1956 3413 2012 τὸ
3443 1957 3750 2029 ἀκρότατον

462 2041 741 2101 extrema;
796 2049 1059 2107 epagoge,
1130 2051 1255 2091 cum
1344 2037 1606 2112 lochagos
1701 2040 2056 2112 promachoso

2163 2048 2343 2117 πάσης
2375 2045 2736 2118 παρατάξεως
2780 2047 3044 2118 λέγεται).
3097 2048 3420 2119 Ἐπαγωγὴ,
3470 2050 3558 2105 ὅτε
3601 2049 3748 2105 κατά

464 2141 576 2195 que
609 2134 663 2180 et
686 2124 978 2187 eaudarios
1012 2130 1069 2181 in
1113 2143 1215 2186 suo
1249 2128 1443 2185 ordine
1464 2129 1626 2185 habet
1644 2130 1907 2204 phalanx.
1940 2131 2054 2187 Ile-

465 2218 673 2281 tahole.
725 2234 849 2275 cum
876 2228 1179 2281 retrorsum
1208 2222 1366 2280 miles
1394 2238 1452 2279 se
1473 2225 1635 2281 vertit
1660 2242 1676 2291 ;
1706 2228 2054 2299 epistrophe,

464 2325 591 2364 cum
615 2325 778 2365 omne
814 2326 1011 2382 agmen
1070 2319 1335 2386 tanquam
1357 2330 1505 2371 unus
1546 2315 1711 2372 homo
1768 2334 1829 2375 se
1844 2320 2005 2375 vertit
2040 2335 2055 2387 ;

466 2402 822 2475 anastrophe,
848 2419 973 2459 eum
1010 2406 1078 2462 ad
1110 2407 1511 2481 praecedentem
1541 2410 1770 2481 ﬁguram
1819 2412 2058 2468 reverti-

464 2505 599 2562 tur;
659 2498 1105 2571 antiperispasis,
1148 2519 1274 2559 cum
1333 2504 1617 2577 inopinato
1656 2507 1718 2565 fit
1778 2516 1961 2564 motus
1990 2509 2058 2565 ad

466 2588 824 2662 decipiendos
875 2593 1064 2651 hostes
1125 2595 1179 2649 in
1243 2596 1426 2668 aliqua
1490 2610 1646 2671 parte
1687 2610 2057 2671 superantes;

466 2683 833 2755 exallagmus,
865 2700 990 2739 cum
1025 2688 1313 2758 promaehi
1350 2692 1582 2745 caudam
1608 2692 1835 2763 capiunt
1861 2700 1914 2746 et
1941 2693 2061 2749 vice

468 2788 629 2831 versa
670 2774 913 2830 caudarii
942 2776 1081 2831 ﬁunt
1141 2779 1466 2850 promachi;
1498 2781 2011 2857 hyperphalangisis
2041 2822 2057 2849 .

468 2881 595 2924 cum
628 2866 917 2942 phalangis
945 2867 1100 2924 frons
1131 2885 1196 2925 ex
1231 2880 1465 2943 utraque
1497 2880 1655 2943 parte
1692 2874 1835 2928 ultra
1869 2874 2061 2929 hostes

469 2963 819 3033 extenditur;
843 2964 1230 3036 hypercerosis
1254 2973 1462 3033 autem,
1486 2980 1612 3021 eum
1644 2982 1711 3021 ex
1751 2966 1919 3023 altera
1947 2976 2063 3023 tan-

470 3063 585 3108 tum
606 3061 790 3126 parte;
818 3055 871 3109 in
895 3055 1088 3113 ordine
1113 3058 1431 3131 procedere.
1457 3074 1581 3114 cum
1600 3059 2059 3116 directoinvicem

473 3155 605 3202 sunt
634 3148 837 3205 milites
875 3150 1179 3208 sezundum
1207 3152 1443 3222 agminis
1476 3151 1931 3224 profunditatem.
1964 3169 2060 3209 seu

471 3239 824 3307 densitatem,
861 3240 913 3297 id
948 3250 1052 3308 est,
1088 3242 1298 3314 lochagi
1327 3259 1451 3301 cum
1474 3244 1672 3302 mediis
1686 3254 1741 3300 et
1760 3244 2060 3313 caudariis;

471 3333 705 3407 iungere
760 3349 885 3391 cum
918 3334 1135 3395 directo
1203 3344 1335 3395 sunt
1368 3338 1462 3406 qui
1512 3338 1815 3396 secundum
1851 3338 2064 3397 ordinis

2161 2138 2262 2211 τὴν
2302 2138 2511 2195 οἰκείαν
2564 2139 2719 2204 τάξιν
2744 2141 2777 2209 ἡ
2814 2139 3026 2208 φάλαγξ
3072 2139 3199 2205 τούς
3237 2158 3298 2197 τε
3350 2141 3611 2217 λοχαγοὺς
3638 2140 3746 2196 εἴτ’

2162 2227 2257 2284 οὐν
2292 2232 2610 2302 προμάχους
2641 2233 2735 2289 καὶ
2762 2232 2889 2296 τοὺς
2908 2232 3181 2303 οὐραγοὺς
3211 2231 3325 2303 ἔχει
3349 2271 3366 2291 .
3442 2271 3460 2289 .
3537 2272 3555 2288 .
3632 2269 3650 2287 .
3729 2272 3746 2288 .

2164 2416 2450 2488 Μεταϐολὴ
2479 2415 2541 2468 τὸ
2576 2415 3034 2489 μεταστραφῆναι
3062 2415 3155 2471 τὸν
3191 2416 3534 2488 στρατιώτην
3572 2416 3666 2468 ἐπὶ
3689 2416 3751 2471 τὸ

2164 2507 2390 2561 δπισθεν
2408 2524 2420 2537 θ
2450 2508 2757 2579 ἐπιστροφὴ
2783 2506 2844 2561 τὸ
2868 2508 3271 2581 ἐπιστραφῆναι
3303 2508 3451 2565 ἅπαν
3481 2508 3543 2563 τὸ
3566 2509 3751 2580 τάγμα

2166 2603 2241 2663 ὡς
2273 2602 2370 2657 ’ἐνα
2402 2601 2691 2672 ἄνθρωπον
2714 2618 2728 2632 ⁸
2763 2603 3080 2676 ἀναστροφὴ
3114 2603 3171 2658 δὲ
3207 2604 3267 2658 τὸ
3300 2604 3748 2673 ἀποκαταστῆναι

2166 2693 2326 2751 τοῦτο
2364 2694 2523 2758 αὖθις
2556 2695 2638 2759 εἰς
2664 2694 2725 2749 τὸ
2765 2694 3034 2767 πρότερον
3074 2695 3280 2766 σχῆμα,
3324 2694 3751 2764 Ἀντιπερίσπα-

2170 2801 2276 2852 σις,
2303 2784 2395 2839 ὅτε
2423 2783 2575 2856 παρά
2605 2784 2934 2856 προσδοκίαν
2971 2785 3180 2855 γίνεται
3210 2784 3258 2815 ⁸⁸
3286 2784 3503 2857 κίνησις
3551 2785 3645 2840 ἐπὶ
3674 2783 3755 2856 τῷ

2168 2876 2550 2949 ἀπατηθέντας
2577 2876 2829 2931 ἐντεῦθεν
2852 2876 2983 2942 τοὺς
3006 2877 3303 2949 πολεμίους
3326 2875 3593 2940 ἐνδοῦναι,
3625 2875 3752 2930 καθ’

2167 2969 2197 3023 ὃ
2228 2967 2619 3038 ἀγωνιζόμενοι
2649 2968 2814 3041 μέρος
2843 2968 3119 3039 ἰσχύουσιν
3145 2987 3159 3002 ο
3199 2968 3565 3040 ἐξαλλαγμδς,
3586 2969 3678 3023 ὅτε
3701 2968 3753 3021 οἱ

2172 3060 2273 3131 μὲν
2297 3060 2571 3131 πρόμαχοι
2597 3061 2946 3131 οὐραγοῦσιν,
2969 3064 3019 3116 οί
3047 3062 3105 3119 δὲ
3135 3060 3501 3132 οὐραγῶντες
3530 3060 3751 3132 πρόμα-

2168 3144 2563 3224 χοινγίνονται.
2613 3151 3145 3224 ’Υπερφαλάγγισις,
3188 3153 3277 3206 ὅτε
3328 3152 3427 3222 τῆς
3470 3150 3753 3221 φάλαγγος

2172 3246 2427 3316 μέτωπον
2478 3242 2539 3310 ἐξ
2589 3244 2852 3318 ἐκατέρου
2905 3244 3105 3317 μέρους
3155 3244 3598 3317 ὐπερεκτείνεται
3640 3240 3753 3297 τῶν

2171 3337 2447 3408 πολεμίων
2469 3353 2484 3369 ο
2519 3335 2903 3409 ὐπερκέρωσις
2940 3338 3018 3404 δὲ,
3051 3338 3141 3395 ὅτε
3175 3337 3338 3409 μόνον
3361 3338 3420 3405 ἐξ
3446 3336 3564 3400 ἑνὸς
3590 3337 3755 3408 ὑπερ-

476 3427 871 3495 longitudinem
908 3438 1057 3487 stant
1098 3430 1325 3504 :jugum
1351 3432 1498 3487 enim
1514 3442 1746 3491 vocatur
1782 3434 2057 3504 agminum

2170 3429 2407 3483 τείνεται
2442 3428 2661 3500 μέρους.
2692 3428 2933 3500 Στοιχεϊν
2959 3429 3017 3483 δὲ
3043 3429 3106 3482 τὸ
3143 3428 3231 3484 ἐπ’
3256 3428 3471 3492 εὐθείας
3501 3426 3756 3499 ἀλληλοις

477 3519 782 3578 secundum
818 3521 1219 3590 longitudinem
1262 3522 1434 3591 ordo;
1487 3523 1895 3597 diplasiasmns,
1931 3540 2057 3581 cum

477 3614 587 3668 duo
627 3613 770 3672 lochi
827 3630 973 3671 unus
992 3615 1172 3673 ﬁunt:
1227 3616 1374 3688 quod
1413 3618 1494 3673 vel
1547 3616 1854 3675 secundum
1885 3618 2062 3688 longi-

478 3703 724 3763 tudinem
786 3704 869 3760 vel
898 3705 1198 3761 secundum
1230 3706 1668 3776 profunditatem
1704 3707 1767 3762 ﬁt
1798 3719 1814 3775 ',
1842 3706 2060 3765 entaxis

478 3807 606 3849 cum
641 3792 835 3851 velites
870 3793 1017 3852 inter
1054 3795 1294 3869 hoplitas
1342 3796 1622 3855 sistuntnr
1660 3796 1912 3867 permixti
1974 3797 2062 3852 vir

478 3886 547 3944 ad
573 3886 788 3956 virum;
817 3887 1108 3962 hypotaxis
1128 3903 1282 3953 vero,
1302 3904 1426 3945 cum
1451 3890 1683 3945 seorsim
1712 3888 1904 3945 velites
1918 3903 2062 3961 pone

478 3979 716 4048 hoplitas
775 3990 1094 4053 ponuntur;
1144 3983 1396 4052 protaxis
1426 3988 1632 4046 autem,
1691 3996 1815 4035 cum
1877 3988 2058 4048 ante;

476 4070 759 4143 parabole,
785 4087 911 4127 cum
964 4072 1019 4131 in
1059 4072 1222 4130 latius
1254 4071 1574 4129 extenditur
1631 4071 1787 4129 frons
1828 4070 2062 4142 phalan-

480 4161 605 4235 gis;
638 4162 848 4235 systole
877 4172 1061 4221 autem
1093 4177 1218 4219 cum
1240 4162 1295 4217 in
1329 4163 1483 4233 prius
1506 4162 1874 4221 contrahitur.

2165 3518 2460 3589 εἶναιτοὺς
2500 3520 2644 3576 κατὰ
2683 3521 2847 3593 βάθος
2885 3520 2987 3575 εἶτ’
3014 3517 3108 3577 οὖν
3138 3522 3182 3553 ⁸¹
3216 3523 3390 3594 πάχος
3427 3520 3755 3592 ἱσταμένους

2164 3612 2261 3667 τοῦ
2299 3613 2601 3684 τάγματος,
2636 3612 2767 3676 τοὺς
2795 3613 3063 3685 λοχαγοὺς
3096 3612 3297 3684 δηλαδὴ
3341 3611 3482 3683 μετά
3511 3611 3619 3665 τῶν
3657 3610 3758 3680 μέ-

2168 3721 2276 3756 σων
2305 3703 2535 3757 καὶτῶν
2571 3702 2857 3774 οὐραγῶν·
2891 3701 3091 3773 ζυγοῦν
3141 3701 3202 3756 τὸ
3239 3701 3326 3755 ἐπ’
3364 3700 3584 3765 εὐθείας
3613 3694 3757 3754 εἷναι

2167 3793 2294 3857 τοὺς
2326 3794 2470 3851 κατά
2498 3792 2559 3847 τδ
2586 3792 2677 3847 τοῦ
2710 3792 2922 3866 ὁρδίνου
2965 3792 3141 3866 μῆκος
3166 3792 3407 3856 ἑστῶτας
3437 3789 3621 3859 (ζυγὸς
3646 3789 3757 3863 γάρ

2165 3888 2195 3942 ὁ
2221 3888 2331 3942 τῶν
2359 3887 2655 3959 ταγμάτων
2698 3886 2847 3942 κατά
2877 3889 3051 3961 μῆκος
3100 3885 3313 3960 δρδινος
3349 3884 3617 3954 λέγεται).
3662 3884 3756 3935 Δις-

2168 3980 2512 4051 πλασιασμδς
2540 3978 2621 4047 δὲ,
2655 3980 2744 4034 ὅτε
2765 3980 2817 4033 oi
2843 3979 2938 4033 δύο
2979 3980 3127 4051 λόχοι
3176 3979 3418 4050 γίνονται
3450 3969 3531 4043 εἷς
3552 3991 3569 4008 ⁸
3596 3974 3758 4030 τοῦτο

2166 4071 2223 4126 δὲ
2251 4071 2285 4144 ἢ
2317 4071 2459 4126 κατά
2481 4075 2656 4144 μῆκος
2685 4071 2719 4144 ἢ
2753 4072 2896 4127 κατὰ
2942 4071 3109 4142 βάθος
3150 4071 3269 4125 ἐστὶ
3319 4070 3635 4142 γινόμενον·
3668 4066 3756 4121 εν-

2159 4163 2313 4233 ταξις
2349 4163 2430 4233 δὲ,
2465 4163 2555 4218 ὅτε
2587 4163 2633 4197 ⁸¹
2674 4164 2727 4219 οι
2760 4164 2908 4241 ψιλοὶ
2936 4165 3081 4239 μετά
3107 4164 3217 4219 τῶν
3260 4160 3501 4218 ὁπλιτῶν
3551 4160 3757 4233 ἀναμὶξ

476 4255 766 4311 τάττονται
796 4258 934 4328 ἀνὴρ
984 4254 1113 4330 παρ’
1144 4256 1344 4327 ἄνδρα⁶
1374 4257 1633 4327 ὑπόταξις
1677 4256 1755 4322 δὲ,
1790 4258 1879 4312 ὅτε
1909 4257 2229 4329 μονομερῶς
2255 4260 2303 4313 οἱ
2330 4258 2476 4330 ψιλοὶ
2503 4260 2614 4315 τῶν
2682 4260 2923 4316 ὁπλιτῶν
2976 4261 3204 4319 ὄπισθεν
3270 4263 3552 4321 ῐστανται·
3616 4267 3760 4333 πρό-

477 4347 631 4419 ταξις
659 4348 735 4413 δὲ,
764 4350 853 4403 ὅτε
882 4348 991 4402 τῶν
1038 4346 1275 4406 ὁπλιτῶν
1319 4346 1632 4420 ἔμπροσθεν
1700 4341 1845 4402 οὗτοι
1884 4347 2173 4403 τάττονται
2208 4348 2253 4381 ⁸³
2280 4368 2293 4381 ·
2382 4350 2725 4425 παρεκσολὴ,
2765 4354 2862 4440 ὅτε
2885 4352 2947 4407 τὸ
2979 4352 3079 4425 τῆς
3155 4354 3439 4429 φάλαγγος
3501 4354 3758 4428 μέτωπον

477 4444 559 4506 εἰς
591 4441 755 4498 πλέον
789 4441 964 4513 μῆκος
999 4442 1323 4507 ἐκτείνεται,
1363 4441 1594 4514 συστολὴ
1631 4441 1691 4496 δὲ
1714 4440 1776 4495 τὸ
1801 4440 2064 4513 ἔμπαλιν,

763 4530 921 4592 CAP.
959 4529 1119 4586 XLII.
1150 4563 1219 4573 —
1249 4531 1775 4607 Phalangis‘ﬁgurm.

547 4625 1021 4698 Quadrangularis
1079 4627 1338 4699 phalanx,
1364 4626 1755 4698 aequilateralis
1793 4624 2057 4697 phalanx,

479 4718 1098 4795 transversappbalanx,
1146 4728 1295 4777 recta
1330 4718 1588 4790 phalanx,
1631 4718 1854 4787 obliqua
1920 4717 2061 4789 pha-

479 4814 629 4876 lanx.
664 4812 883 4869 bifrons
929 4811 1190 4881 phalanx,
1217 4810 1445 4868 adversa
1466 4810 1733 4879 phalanx.
1770 4807 2062 4877 Quadran-

479 4902 690 4973 gularis
719 4900 921 4959 dicitur
954 4901 1193 4975 phalanx
1228 4916 1353 4974 quae
1386 4910 1623 4972 quatuor
1654 4898 1918 4957 lateribus
1941 4907 2056 4960 ter-

480 4988 878 5061 minatur,non
905 5001 1088 5050 autem
1121 4994 1448 5065 mqualibus,
1472 4992 1567 5050 sed
1593 4992 1827 5065 oblonga
1858 4992 2061 5063 ﬁgura;

478 5085 892 5149 :rquilateralis,
944 5100 1070 5156 qua:
1127 5084 1181 5143 in
1224 5093 1463 5159 quatuor
1511 5086 1777 5145 lateribus
1829 5084 2062 5156 aequalia

480 5176 646 5234 habet
670 5180 915 5247 agmina.
938 5189 995 5237 et
1027 5178 1357 5251 quadratum
1379 5194 1572 5251 agmen
1593 5188 1854 5246 vocatur;
1885 5189 2067 5235 trans-

479 5285 639 5327 versa
692 5271 955 5341 phalanx,
988 5287 1111 5343 quae
1127 5270 1364 5328 frontem
1397 5274 1572 5328 multo
1598 5273 1906 5344 longiorem
1923 5287 2060 5343 pro-

479 5362 749 5417 funditate
765 5362 927 5419 habet
941 5370 995 5418 et
1014 5362 1316 5419 secundum
1347 5362 1743 5434 longitudinem
1780 5362 2060 5436 quadran-

478 5455 727 5527 gularem
776 5470 836 5512 se
858 5454 1022 5512 elIicit
1054 5473 1069 5512 :
1104 5452 1251 5527 quod
1291 5455 1548 5527 perutile,
1584 5455 1641 5511 in
1700 5454 2059 5527 parataxibus

2090 4853 2138 4911 D

2305 4531 2560 4588 ΚΕΦΑΛ.
2593 4528 2730 4607 MB'.
2760 4562 2832 4573 —
2856 4528 3267 4602 Σχηματισμοῑ
3289 4528 3621 4603 φάλαγγος.

2240 4624 2476 4680 Πλαισία
2510 4621 2745 4693 φάλαγξ,
2779 4622 3101 4694 ῑσόπλευρος
3144 4620 3378 4691 φάλαγξ,
3420 4620 3621 4691 πλαγία
3652 4619 3758 4690 φάο

2167 4716 2325 4788 λαγξ,
2358 4715 2516 4788 ὀρθία
2550 4712 2787 4785 φάλαγξ,
2818 4713 2950 4786 λοξὴ
2999 4708 3235 4783 φάλαγξ,
3271 4712 3619 4785 ἀμφίστομος
3651 4712 3758 4783 φά-

2166 4808 2326 4879 λαγξ,
2352 4808 2675 4879 ἀντίστομος
2708 4806 2945 4879 φάλαγξ.
2972 4806 3084 4862 Καὶ
3130 4806 3356 4861 πλαισία
3390 4805 3607 4877 λέγεται
3646 4805 3755 4876 φά-

2164 4899 2303 4970 λαγξ
2324 4901 2358 4971 ἡ
2386 4900 2452 4953 ὲκ
2484 4898 2768 4971 τεσσάρων
2800 4897 2900 4970 μὲν
2944 4897 3199 4970 πλευρῶν
3229 4899 3567 4970 συγκειμένη
3612 4897 3758 4970 πλὴν

2163 4993 2265 5046 οὐκ
2294 4992 2354 5046 ὲν
2395 4991 2723 5062 ἰσοπλεύρῳ,
2765 4989 2882 5043 ἀλλ’
2916 4990 2976 5045 ὲν
3024 4989 3289 5061 ὲπιμήκει
3326 4992 3602 5061 σχήματι·
3647 4991 3758 5044 ίσό-

2163 5086 2399 5156 πλευρος
2427 5084 2483 5140 δὲ
2527 5086 2561 5157 ἡ
2597 5084 2663 5137 ὲκ
2696 5081 2980 5155 τεσσάρων
3026 5081 3215 5155 μερῶν
3253 5083 3345 5135 ίσα
3389 5082 3458 5136 τά
3494 5082 3756 5154 τάγματα

2164 5177 2386 5252 ἔχουσα,
2411 5175 2576 5231 τοῦτο
2598 5175 2657 5229 δὲ
2685 5177 2783 5231 καὶ
2821 5174 3065 5230 πλινθίον
3098 5174 3376 5231 καλεῖται·
3410 5171 3619 5241 πλαγία
3648 5173 3756 5243 φάο

2164 5270 2359 5343 λαγξή
2392 5269 2455 5327 τὸ
2485 5269 2737 5339 μέτωπον
2766 5267 2901 5323 πολύ
2935 5267 3122 5339 μεῖζον
3147 5265 3243 5320 τοῦ
3276 5266 3475 5339 βάθους
3508 5265 3751 5319 ἐκτεινό-

2170 5378 2331 5434 μενον
2359 5360 2559 5430 ἐχουσα
2586 5361 2682 5417 καὶ
2712 5359 2808 5414 ἐπὶ
2840 5359 3002 5430 μήκει
3038 5355 3246 5428 ταύτην
3284 5355 3514 5410 ποιοῦσα
3551 5355 3752 5426 τετρά-

2165 5467 2359 5521 γωνον,
2388 5450 2418 5504 ὃ
2445 5449 2511 5522 δὴ
2537 5450 2808 5521 χρήσιμον
2834 5451 2895 5504 ὲν
2928 5450 3047 5513 ταῖς
3086 5446 3429 5519 παρατάξεσι
3474 5445 3711 5519 μάλιστα
3729 5462 3745 5476 ·

1854 5590 2086 5649 νΑΒΙᾹΞ
2120 5588 2529 5648 LECTIONES.

552 5712 897 5793 τξοκαταόολὴ
932 5715 990 5770 Β.
1068 5715 1113 5747 ⁷³
1147 5714 1409 5793 στοιχεῖον
1434 5712 1496 5793 ΒΖ
1572 5713 1625 5793 τί
1653 5712 1684 5784 ἢ
1709 5710 1767 5766 Β.
1811 5781 1845 5793 Δ,
1868 5709 1899 5790 ’ς

481 5781 774 5853 ςτριῇοαιὶο
806 5781 1002 5853 hausta
1057 5793 1161 5852 est,
1223 5781 1434 5841 nullum
1484 5785 1539 5842 in
1588 5781 2022 5853 BJvestigiuut.

484 5846 529 5879 ⁸³
565 5849 862 5906 τάττωνται
888 5851 948 5907 Β.

1868 5709 1915 5741 ’⁷
1938 5706 2205 5782 ἀριστερά
2249 5707 2309 5761 Β.
2404 5706 2450 5738 ⁷⁸
2480 5705 2575 5781 ἔχη
2609 5704 2670 5761 Β.
2745 5705 2790 5739 τ’
2817 5694 3034 5777 Aperta:
3078 5705 3291 5788 lacunae
3315 5717 3423 5777 qua

1868 5781 2022 5852 tium.
2118 5779 2164 5811 '°
2190 5779 2417 5852 γίνηται
2458 5775 2520 5833 Β.
2635 5778 2675 5811 ⁸³
2715 5775 2891 5833 εῐτουν
2918 5776 3006 5833 hic
3034 5776 3255 5849 quidem
3278 5774 3337 5832 B.

2635 5715 2675 5811 fl;
2746 5715 2790 5739 "
2817 5715 3034 5777 Aperta:
3079 5715 3291 5788 lacunae
3315 5717 3423 5777 qua
3451 5715 3749 5807 paragoga:

2715 5775 2891 5833 εῐτουν
2918 5776 3006 5833 hic
3034 5776 3255 5849 quidem
3278 5774 3337 5832 B.
3481 5776 3499 5806 ²
3520 5774 3649 5830 ὅταν
3679 5771 3742 5827 Β.
