4120 6436
301 335 439 402 1117

1473 341 1807 400 TACTICA.
1839 366 1910 376 —
1933 342 2340 410 APPENDIX.

3451 345 3585 410 1118

264 446 558 519 “στρατιὰν
615 447 694 510 είς
730 447 966 516 ἀλλάγια
1014 450 1390 519 καταμερίσαι
1429 449 1646 518 ἑκάστῳ
1677 467 1736 502 τε
1787 451 1882 504 τά·

1994 439 2203 513 cantes.
2228 456 2299 509 ab
2363 455 2651 511 obsidione
2701 457 2982 514 lassentnr
3022 460 3257 514 facilius.
3316 459 3580 529 Maiorem

294 556 464 611 γματι
492 540 592 610 τὴν
639 541 852 595 οἰκείαν
881 541 1147 605 ἀποτάξαι
1200 542 1411 613 χρείαν,
1442 541 1519 605 ὡς
1567 543 1633 596 ἂν
1664 544 1739 612 μὴ
1772 544 1880 596 ἀπὸ

297 634 430 704 μιᾶς
465 631 831 701 πολεμοῦντες
881 633 1082 697 πάντες
1115 634 1312 704 ῥᾳδίως
1363 635 1502 705 πρὸς
1531 635 1633 704 τὴν
1663 635 1881 706 πολιορ-

295 724 420 781 κίαν
445 724 891 795 ἀπαγορεύσωσι.
928 727 1170 796 Στρα-ὸν
1199 726 1254 780 δὲ
1306 727 1405 780 σὺν
1431 727 1580 798 αύτῷ
1627 727 1882 781 πλεῖστον

291 819 322 870 ό
344 816 650 886 στρατηγὸς
675 815 816 886 ῑχων
847 818 944 870 καὶ
974 819 1190 887 νύκτωρ
1207 817 1304 871 καὶ
1335 818 1456 888 μεθ’
1489 819 1708 890 ἡμέραν
1740 819 1883 872 κατὰ

289 907 546 978 διαδοχὴν
579 907 878 972 ἀπαύστως
910 908 1139 963 ποιείτω
1169 909 1270 973 τὰς
1302 910 1610 982 προσϐολὰς
1641 911 1738 964 καὶ
1775 911 1882 981 μά-

291 1000 453 1051 λιστα
479 999 536 1051 ἐν
563 998 742 1064 νυκτὶ,
772 1000 863 1053 ὅτε
891 1000 956 1071 δὴ
984 1001 1078 1054 καὶ
1110 1003 1166 1054 αί
1194 1001 1484 1072 ἐπιδρομαὶ
1511 1003 1652 1055 κατὰ
1679 1003 1813 1054 πολὺ
1838 1001 1880 1033 ⁸³

292 1089 668 1161 φοϐερώτεροι
709 1094 822 1155 τοῖς
871 1092 1356 1164 πολιορκουμένοις
1391 1094 1660 1159 δοκοῦσιν,
1709 1095 1884 1158 ἄλλως

288 1200 352 1236 τε
377 1186 475 1237 καὶ
509 1185 614 1237 ὑπὸ
642 1185 753 1239 τῶν
806 1186 1048 1254 συνεχῶν
1078 1186 1395 1256 προσϐολῶν
1423 1187 1662 1250 ἀνέσεως
1692 1186 1885 1258 καιρὸν

295 1276 372 1345 μὴ
396 1276 610 1346 ἔχοντες
633 1279 682 1329 oi
701 1277 953 1346 πολέμιοι
986 1279 1080 1331 καὶ
1109 1280 1198 1332 διὰ
1227 1278 1386 1332 τοῦτο
1414 1280 1520 1332 ὑπό
1547 1296 1608 1332 τε
1633 1280 1818 1333 κόπων
1840 1280 1884 1312 ⁸³

293 1368 400 1422 ὑπό
438 1386 495 1421 τε
529 1369 840 1439 ἀγρυπνίας
866 1370 1328 1440 κατειργασμένοι
1361 1372 1537 1442 ῥᾷστα
1567 1371 1635 1425 ἂν
1663 1373 1757 1424 καὶ
1785 1371 1885 1443 τὴν

294 1459 450 1514 πίλιν
473 1461 568 1514 καὶ
586 1462 726 1529 σφᾶς
758 1461 960 1524 αὐτοὺς
985 1461 1296 1532 παραδοῖεν.
1333 1463 1589 1532 Ἀριστον
1608 1463 1664 1515 δὲ
1684 1464 1742 1516 ἐν
1770 1479 1885 1516 τει-

294 1552 535 1622 χομαχίᾳ
580 1551 642 1606 τὸ
684 1553 865 1606 πᾶσαν
893 1552 1028 1624 ὁμοῦ
1057 1555 1390 1626 προσφέρειν
1416 1557 1696 1626 μηχανήν·
1734 1555 1790 1608 οἵ
1824 1573 1884 1608 τε

293 1645 474 1697 τοίνυν
526 1643 739 1708 τοξόται
793 1645 889 1698 καὶ
927 1646 1244 1701 ἀκοντισταὶ
1295 1647 1598 1718 χαλαζηδὸν
1656 1647 1727 1700 τὰ
1755 1647 1883 1718 βέλη

295 1739 438 1792 κατὰ
468 1737 578 1792 τῶν
612 1739 712 1801 τὰς
760 1738 1021 1804 ἐπάλξεις
1058 1741 1100 1774 ’⁸⁸
1146 1741 1461 1812 τηρούντων
1490 1742 1880 1812 πεμπέτωσαν,

1990 548 2272 601 exercitus
2323 563 2511 602 secum
2575 551 2784 606 habens
2834 562 3041 621 partem
3102 554 3211 607 dux
3246 554 3362 623 ipse
3419 563 3584 608 noctu

1983 637 2191 706 diuque
2246 639 2491 694 vicissim
2569 641 2690 697 sine
2738 644 3151 699 intermissione
3208 645 3492 715 impetum,
3529 657 3585 700 et

1985 731 2038 784 in
2061 731 2253 800 primis
2288 747 2386 801 per
2444 743 2664 788 noctem
2722 736 2908 800 iaciat,
2959 753 3026 792 co
3080 737 3290 791 scilicet
3341 747 3587 808 tempore

1984 839 2095 895 quo
2131 825 2494 880 terribiliores
2558 828 2806 885 obsessis
2846 829 3101 884 videntur
3153 831 3532 899 aggressiones
3565 871 3583 898 ,

1984 916 2258 985 praecipue
2287 919 2458 972 etiam
2492 928 2551 972 ut
2578 921 2862 977 continuis
2912 922 3210 990 impetibus
3299 922 3532 977 lacessiti
3566 963 3584 988 ,

1985 1007 2444 1078 remissionisque
2485 1017 2706 1080 tempus
2736 1026 2844 1067 non
2885 1013 3151 1069 habentes
3209 1021 3264 1070 et
3302 1015 3586 1069 laboribus

1981 1109 2038 1155 et
2089 1101 2290 1170 vigiliis
2326 1103 2482 1156 fracti
2539 1105 2728 1158 urbem
2792 1108 2977 1161 hostes
3029 1115 3080 1162 et
3109 1108 3322 1176 seipsos
3362 1108 3584 1163 facilius

1983 1193 2208 1248 dedant.
2257 1192 2543 1264 Optimum
2582 1212 2712 1251 vero
2763 1207 2848 1252 est
2881 1199 2936 1253 in
2995 1199 3376 1254 obsidionibus
3420 1215 3586 1254 omne

1983 1281 2368 1340 machinarum
2400 1303 2574 1357 genus
2621 1289 2910 1344 adbibere.
2975 1288 3262 1361 Sagittai-ii
3291 1293 3479 1361 itaque
3519 1301 3576 1347 et

1980 1377 2317 1448 iaculatores
2352 1379 2405 1432 in
2449 1382 2988 1450 propugnaculorum
3045 1384 3303 1440 custodes
3335 1385 3580 1439 telorum

1984 1466 2217 1523 imbrem
2259 1468 2584 1533 immittam,
2634 1473 2834 1526 arietes
2868 1487 3088 1542 quoque
3129 1485 3317 1528 muros
3360 1472 3581 1536 feriant,

1981 1568 2038 1614 et
2097 1559 2192 1630 qui
2249 1562 2304 1614 in
2353 1562 2722 1617 testudinibus
2777 1572 2908 1618 sunt
2965 1577 3252 1618 murorum
3301 1565 3584 1634 perforent

1986 1651 2376 1720 fundamenta;
2408 1655 2574 1709 scalae
2600 1657 2764 1710 etiam
2799 1657 3097 1711 adet-antur
3133 1657 3433 1727 quaelignis
3463 1669 3583 1712 ere-

1984 1744 2088 1797 ctis
2119 1744 2389 1813 impositae
2430 1745 2605 1801 muris
2633 1749 2966 1807 annulonum
3001 1763 3104 1819 ope
3139 1750 3578 1815 admoveantur;

297 1832 394 1884 καὶ
419 1832 471 1883 oi
503 1830 648 1900 κριοὶ
696 1830 764 1883 τὰ
809 1833 963 1902 τείχη
996 1832 1374 1899 τυπτέτωσαν,
1417 1835 1510 1889 καὶ
1561 1837 1608 1888 oi
1652 1835 1711 1887 ἐν
1765 1836 1882 1898 ταῖς

1987 1837 2083 1906 qui
2113 1847 2296 1893 autem
2328 1849 2456 1893 sunt
2493 1840 2545 1893 in
2583 1841 2828 1894 turribus
2853 1841 3045 1912 ligneis
3079 1843 3452 1912 cylindrorum
3478 1855 3581 1912 ope

293 1922 554 1991 χελώναις
580 1922 846 1986 ὡσαύτως
868 1924 992 1988 τοὺς
1015 1922 1302 1993 θεμελίους
1324 1925 1781 1996 ὑπορυττέτωσαν
1812 1925 1878 1980 ⁸⁵.

297 2016 390 2070 καὶ
421 2016 478 2068 αἱ
510 2015 778 2086 κλίμακες
806 2016 1273 2087 προσαγέσθωσαν
1316 2015 1496 2083 ξύλοις
1525 2017 1728 2088 ὀρθίοις
1757 2019 1882 2071 ἐπι·-

296 2107 548 2178 κείμεναι
597 2109 693 2162 καὶ
719 2107 810 2162 διὰ
860 2108 1074 2178 τροχῶν
1103 2108 1147 2140 δ’
1173 2110 1286 2172 τοῖς
1323 2109 1526 2180 τείχεσι
1566 2109 1881 2180 προσπελά-

295 2198 506 2263 ζουσαι,
541 2201 636 2255 καὶ
689 2201 740 2254 οἱ
793 2201 888 2255 ἐπὶ
942 2199 1052 2254 τῶν
1085 2199 1310 2266 ξυλίνων
1354 2201 1410 2254 δὲ
1464 2201 1690 2272 πύργων
1720 2202 1764 2234 ⁸⁸
1791 2203 1881 2256 διὰ

295 2289 597 2362 κυλίνδρων
649 2291 912 2358 ὡσαύτως
956 2295 1069 2357 τοῖς
1123 2293 1325 2364 τείχεσι
1372 2294 1776 2362 πλησιάσαντες
1822 2293 1881 2360 ἐξ

295 2382 629 2454 ὑπερδεξίων
653 2384 1006 2454 βαλλέτωσαν
1028 2403 1041 2416 ·
1076 2385 1171 2440 καὶ
1203 2387 1254 2456 oi
1285 2386 1385 2458 μὲν
1420 2388 1566 2458 κριοὶ
1598 2388 1652 2440 οἵ
1692 2404 1752 2440 τε
1793 2385 1883 2451 ξύ-

291 2473 431 2526 λινοι
489 2473 692 2546 πύργοι
741 2475 970 2546 βύρσαις
1017 2477 1280 2548 νεοδόρων
1330 2477 1470 2547 βοῶν
1512 2480 1881 2549 περιφραγκί-

296 2562 534 2628 σθωσαν,
565 2565 620 2618 αἱ
656 2565 710 2618 δὲ
747 2565 980 2635 χελῶναι
1013 2566 1170 2638 πηλῷ
1216 2567 1620 2638 διαχρίσθωσαν
1646 2570 1686 2599 ετ
1742 2569 1884 2622 ἄνω-

295 2656 407 2719 θεν,
441 2656 534 2709 καὶ
566 2657 796 2725 σπόγγοι
822 2657 878 2712 δέ
903 2657 1014 2722 ὖξει
1058 2659 1337 2731 διάδροχοι
1368 2659 1413 2692 ⁸⁸
1445 2662 1674 2723 ταύταις
1703 2662 1882 2714 ἐπιτι-

298 2745 575 2799 θέσθωσαν
622 2747 823 2812 ἔξωθεν
857 2750 1182 2819 (ἀποτρέποι
1213 2755 1321 2820 γὰρ
1354 2752 1420 2804 ἂν
1450 2753 1492 2783 ⁸9
1526 2751 1588 2804 τὸ
1637 2751 1757 2816 ὅξος
1785 2753 1883 2822 τὴν

296 2838 388 2892 τοῦ
423 2839 593 2910 πυρὸς
617 2840 818 2910 ἐρωὴν,
853 2841 1093 2911 μάλιστα
1129 2842 1225 2894 τοῦ
1251 2842 1420 2912 ὑγροῦ
1451 2841 1786 2914 καλουμένου
1813 2845 1879 2908 ⁸⁸,

295 2932 387 2984 τόν
416 2949 476 2985 τε
504 2933 858 3003 ἐπιχεόμενον
897 2933 1146 3002 μόλιϐδον
1185 2934 1218 3004 ἦ
1254 2935 1458 2987 πίσσαν
1488 2935 1525 3004 ἢ
1570 2935 1882 3005 βρασσόμε-

296 3039 388 3076 νον
420 3021 596 3078 ἑλαιον
622 3024 704 3076 ὅτι
738 3024 971 3094 τάχιστα
1015 3025 1329 3080 σϐέννυσι⁸¹
1363 3025 1454 3078 τοῦ
1489 3025 1678 3090 ὓδατος
1709 3042 1881 3096 προσ-

1987 1931 2056 1985 ad
2084 1931 2286 1986 moenia
2316 1933 2556 1986 admotis
2617 1933 2852 2001 desuper
2873 1934 3057 2001 jacula
3093 1935 3335 1988 mittant.
3362 1934 3578 1987 Arietes

1989 2029 2170 2076 autem
2203 2033 2257 2077 et
2290 2033 2469 2077 turres
2525 2023 2668 2092 ligna
2714 2024 2948 2092 pellibus
2979 2024 3143 2078 boum
3193 2038 3385 2079 recens
3415 2038 3580 2078 exco‘

1989 2114 2253 2168 riatorum
2326 2115 2682 2183 supervestiri
2769 2115 3006 2179 debent,
3081 2116 3386 2170 testudines
3447 2124 3581 2169 vero

1988 2207 2121 2260 limo
2140 2207 2374 2276 desuper
2415 2208 2602 2276 inungi
2634 2217 2688 2261 et
2721 2209 2966 2261 exterius
2996 2209 3242 2279 spongiis
3273 2217 3430 2262 aceto
3463 2220 3580 2260 ma-

1987 2295 2132 2350 didis
2179 2296 2595 2364 circumoperiri
2645 2313 2660 2348 :
2703 2302 2918 2348 acetum
2963 2295 3108 2349 enim
3167 2295 3273 2348 vim
3324 2293 3469 2364 ignis
3523 2301 3580 2346 et

1991 2391 2292 2456 praesertim
2365 2389 2488 2458 ejus
2545 2388 2638 2456 qui
2699 2388 2942 2457 liquidus
2994 2388 3194 2442 dicitur
3248 2395 3303 2440 et
3363 2387 3579 2455 liquens

1987 2481 2274 2548 plumbum
2313 2490 2366 2534 et
2387 2480 2562 2548 picem
2598 2490 2654 2533 et
2676 2481 2858 2533 oleum
2913 2480 3130 2534 fervens
3183 2479 3356 2532 multo
3380 2475 3580 2532 melius

1989 2583 2132 2635 aqua
2164 2567 2340 2622 eﬂ'usa
2375 2568 2692 2638 restinguit.
2728 2566 3278 2637 Jubeanturquoque
3311 2568 3577 2636 sagittarii

1985 2658 2437 2730 iaculatoresque
2479 2667 2532 2715 et
2561 2660 2860 2729 petrobola:
2879 2661 3124 2715 universi
3180 2661 3361 2730 ignem
3415 2674 3579 2727 quam

1989 2752 2505 2820 frequentissimum
2555 2753 2608 2806 in
2659 2752 2899 2808 hostium
2932 2753 3128 2808 domos
3176 2767 3303 2806 cum
3337 2752 3461 2807 telis
3522 2757 3580 2806 et

1989 2842 2269 2910 lapidibus
2319 2844 2554 2898 servatis
2610 2844 2972 2899 validioribus
3015 2844 3193 2898 ventis
3281 2833 3574 2912 projicere.

1990 2933 2204 2997 Quibus
2232 2933 2493 2988 omnibus
2517 2933 2807 2988 industriis
2825 2935 3104 3003 perterriti
3157 2935 3342 2988 hostes
3379 2941 3434 2986 et
3453 2945 3578 2987 om.

1989 3026 2154 3080 nibus
2205 3027 2568 3096 desperantes
2596 3027 2777 3080 serius
2822 3025 3040 3082 tandem
3100 3027 3362 3096 oppidum
3405 3035 3460 3080 et
3489 3039 3579 3080 seo

297 3115 597 3186 φερόμενον
653 3116 941 3188 μᾶλλον)·
1003 3118 1431 3189 παραγγελλέτω
1484 3118 1530 3148 ⁸²
1605 3119 1663 3172 δὲ
1744 3118 1880 3171 πᾶσι

1992 3117 2143 3187 ipsos
2175 3116 2391 3172 tradent
2413 3126 2508 3172 aut
2537 3117 2694 3172 inviti
2713 3133 2744 3172 α
2769 3117 3196 3189 propugnaculis
3225 3116 3575 3172 descendent.

295 3177 541 3273 τοξόταις
596 3177 940 3274 ἀκοντισταῖς
997 3228 1059 3264 τε
1085 3177 1215 3266 ικαὶ.
1250 3210 1599 3282 πετροϐόλοις
1631 3210 1744 3283 πῦρ
1791 3211 1881 3266 διὰ

1986 3177 2157 3279 dapto
2181 3219 2365 3266 autem
2390 3211 2547 3280 juxta
2591 3209 2722 3266 belli
2769 3177 2916 3281 leges
2945 3177 3199 3280 “oppido,
3229 3209 3576 3272 cunctismi‘

296 3300 407 3353 τῶν
441 3301 751 3374 ἀφιεμένων
811 3303 984 3373 βελῶν
1018 3303 1050 3376 ἢ
1090 3303 1255 3357 λίθων
1287 3306 1402 3368 τοῖς
1445 3304 1555 3357 τῶν
1605 3301 1880 3374 πολεμίων

1986 3301 2166 3362 titibus
2200 3317 2296 3371 per
2340 3302 2695 3357 mandatores
2738 3301 3070 3357 denuntiare
3109 3301 3308 3357 ducem
3362 3309 3580 3370 oportet

299 3393 683 3463 καταπέμπειν
731 3396 1000 3468 οίκήμασι
1035 3397 1082 3428 ⁸³
1125 3395 1491 3466 σφοδρότατον
1538 3394 1882 3465 ἐπιτηρήσα-

1986 3394 2216 3449 hostium
2242 3395 2358 3462 ipso
2389 3393 2654 3448 idiomate
2705 3403 2769 3448 ut
2800 3393 3014 3448 nullum
3033 3394 3238 3452 civium
3311 3395 3576 3448 inermem

301 3501 386 3538 σιν
410 3485 633 3556 ἄνεμον.
667 3487 766 3540 Διὰ
794 3489 901 3540 τῶν
935 3488 1245 3558 εἰρημένων
1283 3489 1465 3541 τοίνυν
1493 3487 1882 3558 στρατηγημά-

1986 3486 2246 3540 occidant
2281 3484 2376 3540 sed
2409 3499 2507 3539 eos
2547 3492 2759 3540 tantum
2813 3485 2908 3554 qui
2962 3485 3157 3538 armati
3211 3491 3307 3538 aut
3336 3484 3576 3555 gladium

299 3595 408 3632 των
435 3578 534 3642 τὰς
587 3577 766 3649 ψυχὰς
794 3578 873 3650 τῷ
934 3580 1083 3652 φόίῳ
1121 3579 1579 3645 κατασεισθὲντες
1626 3584 1722 3638 καὶ
1771 3583 1882 3644 τοῖς

1987 3585 2272 3648 portantes
2330 3583 2672 3631 occurrent:
2714 3575 2806 3628 illa
2834 3575 2982 3630 enim
3016 3574 3203 3629 audita
3252 3574 3577 3638 monitione,

299 3669 441 3734 ὅλοις
470 3671 955 3742 ἀπαγορεύσαντες
1001 3675 1049 3725 oi
1106 3671 1358 3741 πολέμιοι
1392 3671 1426 3742 ἢ
1462 3673 1564 3743 τὴν
1606 3674 1763 3728 πόλιν
1794 3671 1882 3727 καὶ

1989 3667 2165 3723 hostis
2194 3666 2430 3736 quisque
2460 3680 2614 3721 arma
2640 3667 2897 3736 deponet,
2933 3666 3203 3721 servitute
3227 3666 3462 3720 libenter
3489 3677 3581 3720 ac-

303 3760 442 3828 ςφᾶς
472 3760 668 3824 αὐτοὺς
696 3760 794 3829 όψέ
831 3777 960 3812 ποτε
1011 3758 1427 3830 παραδώσουσιν
1457 3761 1490 3831 ἢ
1530 3761 1627 3814 καὶ
1661 3761 1882 3828 ἄκοντες

1989 3767 2171 3831 cepta,
2201 3769 2256 3813 et
2283 3760 2365 3814 sic
2383 3759 2669 3829 oppidum,
2698 3757 3028 3814 cedentibus
3053 3758 3440 3824 bellatoribus,
3457 3756 3580 3812 siue

301 3849 411 3902 τῶν
437 3850 715 3916 ἐπάλξεων
743 3851 1138 3922 ἀποδήσονται.
1174 3851 1490 3922 Ληφθείσης
1521 3853 1704 3923 μέντοι
1729 3849 1882 3908 πολέ-

1993 3852 2240 3923 periculo
2270 3852 2376 3906 erit
2406 3862 2652 3922 captum.

303 3960 406 4021 μου
429 3943 578 4014 νόμῳ
622 3943 720 4014 τῆς
745 3943 790 3976 ³³
814 3942 1024 4006 πόλεως
1045 3941 1364 3996 διαλαλείτω
1387 3943 1522 3998 πᾶσι
1548 3944 1912 4014 στρατιώταις
1949 3943 2039 3999 όιὰ
2094 3943 2462 4014 μανδατὼρων
2506 3947 2534 3998 ό
2575 3944 2884 4014 στρατηγὸς
2919 3942 3060 3998 κατὰ
3097 3942 3196 4016 τὴν
3243 3942 3356 3996 τῶν
3421 3940 3580 3996 πολε⁵

305 4036 443 4095 μίων
495 4037 770 4092 διάλεκτον
798 4037 874 4101 ὡς
929 4038 1004 4108 μή
1053 4054 1176 4091 τινα
1224 4035 1332 4092 τῶν
1388 4038 1625 4093 πολιτῶν
1680 4040 1879 4095 ἄοπλον
1917 4040 2046 4093 ὄντα
2075 4038 2333 4105 κτείνειν⁹
2365 4041 2413 4093 εί
2449 4040 2524 4110 μή
2557 4039 2609 4092 τί
2657 4055 2723 4108 γε
2781 4039 2830 4070 ⁸⁵
2902 4037 3246 4108 ὡπλισμένος
3279 4038 3326 4071 ⁸⁸
3354 4052 3442 4100 τις
3486 4034 3577 4106 ab;

301 4126 396 4178 καὶ
444 4123 595 4196 ξίφος
648 4127 828 4197 φέρων
853 4143 866 4157 ο
898 4127 997 4197 τῆς
1033 4130 1142 4198 γὰρ
1195 4127 1476 4192 διαλαλιᾶς
1521 4128 1728 4200 ταύτης
1772 4129 1879 4182 τῶν
1917 4128 2199 4200 πολεμίων
2233 4127 2450 4182 ἁκούων
2483 4129 2716 4194 ἕκαστος
2744 4128 2854 4183 τῶν
2887 4129 3070 4184 ὃπλων
3136 4129 3412 4198 ἀφέμενος
3475 4127 3578 4198 τὴν

300 4215 545 4270 δουλείαν
571 4216 861 4288 αἱρήσεται
896 4218 938 4250 ⁸⁷
973 4217 1232 4289 ἄσμενος,
1279 4220 1374 4273 καὶ
1404 4219 1546 4272 οὕτω
1576 4220 1684 4273 τῶν
1717 4220 1971 4292 μαχίμων
1998 4220 2360 4276 ἐπιλιπόντων
2393 4219 2693 4284 ἀκινδύνως
2716 4220 2781 4273 ἂν
2814 4221 2848 4291 ὴ
2881 4221 3036 4284 πόλις
3069 4220 3327 4292 ληφθείη.

302 4309 553 4380 ΚΕΦᾹᾼ.
583 4309 712 4362 NE'.
745 4336 811 4380 έ-
850 4308 984 4374 Πῶς
1019 4308 1134 4378 χρὴ
1187 4310 1284 4363 διὰ
1325 4310 1549 4380 τάχους
1596 4314 1882 4380 φρούριον

1991 4310 2145 4367 CAP.
2174 4305 2285 4365 LV.
2318 4341 2386 4351 —-
2421 4311 2699 4376 Quomodo
2728 4312 2970 4368 celeriter
3001 4313 3245 4366 construi
3292 4312 3457 4378 possit
3481 4327 3576 4379 op-

372 4377 588 4453 xtlﬁs‘tr
618 4379 779 4453 παρὰ
805 4380 950 4445 τοὺς
969 4377 1106 4453 ’τῶν
1131 4377 1433 4450 «estcuius;
1467 4377 1648 4450 ὅρούςί
1689 4377 1882 4451 κείμε-

2058 4385 2244 4452 pidum
2287 4397 2451 4450 prope
2492 4381 2723 4436 hostium
2780 4384 2912 4452 ﬁnes
2969 4382 3164 4453 absque
3196 4377 3407 4452 gentilis
3454 4377 3579 4436 belli

369 4465 482 4504 νον
507 4449 801 4518 δημοσίου
830 4450 1097 4520 πολέμου
1131 4449 1333 4519 χωρίς.
1500 4449 1509 4450 ί
1779 4449 1789 4451 ἡ

2059 4449 2312 4523 periculo.

373 4542 456 4594 Τὰ
511 4541 611 4612 μὲν
663 4543 857 4612 πρῶτα
914 4543 982 4598 δι’
1041 4543 1238 4596 ἑαυτοῦ
1300 4545 1408 4615 χρὴ
1461 4544 1879 4616 κατασκοπῆσαι

2058 4539 2246 4599 Primo
2299 4543 2520 4614 quidem
2571 4541 2819 4601 locorum
2868 4544 3037 4599 situm
3097 4547 3214 4614 ipse
3244 4537 3578 4612 investigare

305 4634 396 4688 τὸν
423 4633 728 4705 στρατηγὸν
757 4635 856 4705 τὴν
907 4635 1004 4690 τοῦ
1035 4637 1202 4689 τόπου
1251 4635 1400 4690 θέσιν
1445 4638 1540 4689 καὶ
1561 4637 1652 4690 τὸν
1680 4637 1882 4709 όχυρὼ·

1989 4631 2152 4688 debet
2185 4631 2318 4698 dux,
2349 4641 2406 4687 et
2445 4633 2625 4688 locum
2665 4631 3100 4689 munitissimum
3141 4634 3346 4703 eligere
3389 4632 3478 4686 ubi
3502 4633 3575 4687 sit

301 4743 462 4799 τερον
491 4727 814 4793 ἐκλέξασθαι
874 4729 1060 4796 τόπον,
1095 4730 1190 4784 καὶ⁵
1221 4728 1350 4783 ἔνθα
1387 4729 1610 4784 δυνατόν
1645 4732 1794 4784 ἐστιν
1825 4733 1882 4784 ἐν

1992 4724 2254 4795 possibile
2285 4725 2428 4779 intra
2455 4724 2576 4781 dies
2597 4725 2665 4781 ad
2689 4741 2967 4780 summum
3001 4723 3289 4779 duodecim
3333 4723 3573 4792 spatium

302 4819 628 4874 δυοκαίδεκα
690 4820 754 4873 τὸ
806 4820 1057 4874 πλεῖστον
1089 4822 1323 4892 ἡμέραις
1369 4822 1402 4894 ἢ
1448 4822 1632 4894 ξηροῖς
1665 4824 1882 4894 πρῶτον

1992 4815 2267 4871 subiciens
2297 4815 2464 4872 siccis
2490 4815 2729 4886 primum
2756 4813 3030 4884 lapidibus
3052 4814 3137 4870 vel
3171 4813 3455 4880 lateribus,
3487 4813 3574 4870 vel

302 4909 526 4980 λίθοιςῆ
561 4909 804 4972 πλίνθοις
855 4909 888 4980 ἢ
919 4908 1095 4975 ξύλοις
1129 4912 1315 4983 κύκλῳ
1361 4915 1452 4967 τὸν
1473 4914 1648 4984 χῶρον
1674 4915 1882 4967 ἐκεῖνον

1992 4907 2158 4977 lignis
2195 4908 2667 4963 circumclaudere
2701 4924 2716 4974 ;
2749 4904 2948 4962 deinde
3012 4906 3347 4976 comparatis
3401 4905 3575 4961 omni-

303 5002 689 5071 διαληφθῆναι·
721 4999 839 5056 εἶτα
861 5004 930 5056 τὰ
947 5005 1081 5074 πρὸς
1103 5007 1291 5075 χρείαν
1313 5006 1509 5070 ίκανῶς
1534 5023 1882 5076 παρεσκευα-

1986 5002 2480 5066 ωειιοοειεατίἰδ,
2517 5009 2645 5055 ante
2670 5000 2856 5055 omnia
2907 5000 3117 5070 pedites
3152 5001 3349 5055 armati
3371 4999 3574 5058 debent

307 5096 506 5166 σμένον
536 5095 584 5128 ³⁸
617 5099 713 5152 καὶ
761 5097 868 5168 πρὸ
914 5097 1025 5150 τῶν
1067 5097 1242 5152 ἄλλων
1286 5100 1511 5163 ὁπλίτας
1534 5099 1732 5163 πεζοὺς
1757 5099 1882 5162 τοὺς

1995 5090 2184 5149 hostes
2216 5093 2270 5148 in
2301 5107 2543 5149 errorem
2568 5092 2849 5157 inducere,
2880 5091 3114 5163 quadam
3137 5092 3348 5149 scilicet
3362 5093 3575 5148 exerci-

308 5188 410 5256 μέν
459 5188 753 5261 πολεμίους
809 5189 878 5243 δι’
912 5189 1216 5258 ἀποστολῆς
1272 5192 1532 5263 στρατιᾶς
1575 5191 1767 5262 ἐτέρας
1795 5188 1882 5254 ἐξ·

1990 5193 2082 5240 tus
2112 5200 2267 5257 parte
2289 5183 2555 5257 proiecta,
2582 5185 2744 5257 quasi
2776 5185 2833 5239 in
2865 5187 3148 5242 voluntate
3179 5186 3405 5243 haberet
3439 5185 3571 5240 alibi

307 5279 616 5350 απατῆσαι,
645 5281 723 5346 ὡς
765 5281 998 5354 ἀλλαχοῦ
1023 5279 1284 5352 φρούριον
1320 5280 1436 5351 ἔχοι
1459 5281 1598 5354 πρὸς
1625 5281 1820 5354 βουλῆς
1836 5280 1882 5313 ⁸⁵

1990 5279 2250 5350 oppidum
2282 5289 2642 5348 construere;
2673 5279 2870 5336 ducem
2902 5279 3114 5337 interea
3139 5288 3354 5351 oportet
3376 5278 3568 5336 iisdem

1577 5439 1809 5502 VARIE
1835 5442 2248 5503 LECTIONES.

1960 5588 2007 5622 “
2030 5589 2310 5657 ἐπιτάξεις
2337 5588 2462 5658 (sic)
2511 5589 2567 5644 in
2619 5597 2770 5644 textu
2820 5596 2874 5646 ct
2912 5588 3144 5644 alterum
3189 5586 3256 5641 ad
3290 5601 3464 5656 marg.
3502 5583 3566 5658 ρ.

308 5657 357 5744 ἒξ
387 5656 970 5744 ύπρκρῖπτέτιωσανβ.
1022 5662 1088 5744 ,δέ’
1121 5660 1513 5744 διατροχῶνηβ.
1590 5660 1636 5692 ⁸⁸
1666 5659 1854 5744 πόρων
1878 5659 1964 5744 8.“
2023 5654 2524 5744 δ”-δισχριῖέσθωσαν
2566 5659 2623 5713 Β.
2737 5659 2783 5744 ξ’
2801 5659 3131 5744 διριόοχοιὶΒ.
3261 5654 3472 5744 avom.

307 5726 356 5800 ξ’
387 5725 687 5800 καλομένου
721 5729 778 5783 Β.
894 5729 936 5760 ⁸³
984 5725 1256 5783 σσέννωσί
1286 5725 1344 5784 li.
1423 5731 1468 5761 ⁵¹
1501 5725 1894 5800 παραγγελέτω
1926 5729 1986 5786 Β.
2069 5731 2116 5761 ⁸³
2143 5725 2411 5798 οἰκήμασι
2442 5747 2588 5786 corr.
2619 5745 2684 5785 ex
2716 5725 3010 5799 οἱκούμασι
3128 5799 3135 5800 7
3166 5729 3234 5800 κδ’
3254 5729 3351 5800 τῆς
3394 5727 3478 5784 bis
3507 5725 3567 5778 Β.

314 5799 361 5831 ⁸³
402 5796 600 5870 μήτιγε
627 5803 686 5853 Β.
752 5801 796 5833 ³⁸
825 5800 1231 5871 ὁπλισμένοςΒ.
1308 5802 1352 5835 ⁸⁷
1385 5796 1670 5872 αἱρήσεται
1707 5800 1763 5852 Β.
1843 5796 2449 5870 ⁵⁸’παρασκευασμένον
2483 5801 2542 5856 Β,
2631 5801 2675 5835 '9
2715 5800 2827 5871 εχει
2877 5796 3224 5870 προσδουλῆς
3257 5796 3318 5853 Βς

377 5583 424 5619 ⁵⁸
447 5587 725 5642 καταπολὺ
749 5587 806 5643 Β.
887 5587 932 5621 δ’
972 5589 1158 5643 κόπων
1223 5603 1370 5646 corr.
1425 5603 1494 5644 ex
1558 5587 1760 5642 κὼπων
1785 5589 1847 5643 Β.
