4120 6450
370 413 510 480 1125
1292 413 1668 475 ORACULA.
1704 407 1775 449 -‘-
1813 413 2189 477 VETERUM
2216 416 2707 481 TESTIMONIA.
3507 420 3648 491 me,

330 538 336 554 '
376 525 439 579 τὸ
469 526 529 579 δὲ
563 522 981 596 προαγόρευμα,
1011 523 1209 591 ΑΙΜΑ,
1247 524 1276 578 ὃ
1310 525 1411 595 τῆς
1446 525 1720 598 συλλαϐῆς
1750 526 1957 581 διιστά-

2024 554 2036 587 ι
2066 530 2110 583 A
2141 529 2357 587 Mannel
2389 542 2444 587 et
2491 531 2636 588 ﬁlius
2660 533 2782 602 ejus
2812 535 2951 592 alter
2983 536 3207 595 Alexius
3237 539 3383 597 baud
3414 543 3651 600 obscuro

372 632 546 687 μενον
596 617 691 670 καὶ
728 615 868 669 κατὰ
922 619 1187 687 στοιχεῖον
1242 615 1663 688 ἀναλεγόμενον,
1714 618 1804 671 διὰ
1860 619 1961 689 μὲν

922 619 1187 687 στοιχεῖον
1242 615 1663 688 ἀναλεγόμενον,
1714 618 1804 671 διὰ
1860 619 1961 689 μὲν
2068 622 2543 692 signiﬁcabantur.

373 705 472 759 τοῦ
516 708 561 759 Λ
603 704 794 775 σαφῶς
841 706 1128 777 ὑπέγραφε
1173 707 1263 760 τὸν
1305 707 1564 774 Ἀλέξιον,
1599 707 1686 761 διὰ
1716 708 1775 762 δὲ
1807 708 1902 762 τοῦ
1937 711 2080 764 Ῑτὸν
2117 713 2391 786 Ἰωάννην,
2430 716 2520 773 διά
2545 717 2601 772 δὲ
2627 719 2735 775 τῶν
2758 720 2957 791 ἐφεξῆς
3009 721 3104 776 δύο
3161 724 3509 797 γραμμάτων
3561 726 3654 782 τὸν

324 783 330 809 ⁷
374 798 634 871 Μανουὴλ
681 797 775 852 καὶ
808 797 902 851 τὸν
945 797 1007 864 ἐξ
1052 799 1264 852 ἐκείνου
1302 799 1465 854 πάλιν
1498 800 1960 871 παραληψόμενον
1986 803 2087 874 τὴν
2110 806 2307 879 ἀρχήν.

1058 891 1233 957 Idem,
1265 893 1331 947 de
1360 894 1579 961 imperio
1610 893 1845 948 Joannis
1890 893 2174 963 Comneni,
2216 917 2338 973 pag.
2374 903 2444 957 27
2472 916 2522 959 et
2550 904 2641 973 28,
2672 905 2802 960 edit.
2830 904 2959 977 Reg.

449 982 639 1038 Ὑετοῦ
669 980 727 1036 δὲ
748 982 1166 1053 κατενεχθέντος
1189 985 1478 1054 ῥαγδαίου,
1511 985 1609 1039 καὶ
1637 986 1736 1057 τῆς
1766 986 1954 1041 κοιλά-

2137 991 2431 1049 Enimvero
2477 997 2615 1053 valle
2668 999 2722 1052 in
2775 1013 2881 1069 qua
2928 1008 3109 1055 castra
3155 1000 3410 1068 habebat,
3451 1002 3654 1075 ingenti

366 1077 457 1141 δος
514 1076 864 1148 καταρῤύτου
916 1075 1239 1147 γενομένης,
1291 1077 1379 1147 ἐφ’
1408 1072 1476 1149 ἧς
1525 1078 1953 1149 ὲστρατοπεδεύέ

2065 1084 2249 1153 pluvia
2331 1081 2813 1155 inttndata,'etiam
2855 1090 3092 1145 lectulus
3130 1092 3251 1162 ejus
3301 1072 3653 1163 itnpetuvde-

370 1187 522 1235 σατο,
546 1170 583 1240 ἦ
603 1186 661 1222 τε
692 1167 956 1238 βασιλέως
980 1168 1137 1240 κλίνη
1162 1169 1495 1241 μετεφέρετο
1511 1171 1646 1241 πρὸς
1662 1171 1725 1223 τὸ
1749 1172 1956 1242 καταρ-

2064 1175 2342 1232 currentis
2372 1192 2527 1247 aqua:
2557 1187 2644 1234 est
2694 1187 2943 1247 avectus,
2972 1197 3099 1237 cum
3138 1182 3273 1238 illud
3304 1186 3609 1254 oraculum,

369 1262 569 1333 ρεῦσαν
621 1259 816 1325 ὓδατος
873 1260 1061 1332 μέρος,
1096 1262 1193 1316 καὶ
1247 1262 1411 1327 αὐτὸς
1442 1258 1511 1334 ἦν
1541 1262 1635 1316 ἐπὶ
1674 1262 1949 1333 πόματος

368 1352 509 1423 ἔχων
533 1352 593 1406 τὸ
615 1352 824 1421 φάσκον
849 1350 993 1406 οὕτω
1022 1353 1322 1424 χρησμῴδη
1333 1371 1430 1424 μα,

373 1450 414 1500 Τ
413 1446 584 1512 όποις
603 1444 655 1498 δ’
676 1446 745 1499 ἐν
774 1444 980 1514 ὑγροῖς
1012 1444 1111 1498 καὶ
1132 1445 1271 1514 παρ’
1292 1446 1517 1500 ἐλπίδα
1554 1449 1775 1516 πέσῃς.

1568 1449 1775 1516 πέσῃς,
2199 1434 2371 1491 Cades
2403 1437 2618 1509 aquosis
2640 1436 3032 1507 improvisus'in
3064 1440 3195 1494 locis

367 1538 432 1590 0i
470 1537 527 1591 δὲ
566 1535 666 1600 τάς
721 1535 829 1590 τῶν
876 1535 1145 1607 βασιλέων
1197 1537 1447 1609 διαδοχὰς
1509 1538 1606 1593 καὶ
1639 1537 1958 1608 μεταθέσεις

2064 1525 2298 1582 subinde
2327 1527 2382 1582 in
2410 1542 2507 1584 ore
2530 1528 2776 1585 haberet.
2810 1528 2913 1596 Qui
2943 1545 3073 1585 vero
3112 1533 3502 1600 imperatorum
3528 1547 3657 1588 suc-

368 1625 829 1697 φιλοκρινοῦντες,
856 1627 952 1681 καὶ
986 1626 1146 1681 τοῦτο
1198 1627 1375 1699 πέρας
1431 1629 1714 1702 εἰληφέναι
1750 1629 1958 1698 ἔλεγον·

2068 1618 2353 1675 ccssiones
2384 1629 2438 1674 et
2469 1622 2805 1677 mutationes
2856 1623 3255 1694 pervestigant,
3308 1622 3445 1678 illud
3487 1624 3657 1680 etiam

1997 1722 2037 1777 Β
2066 1716 2263 1764 eventu
2305 1711 2725 1781 comprobatum
2756 1727 2881 1768 esse
2920 1711 3107 1767 ferunt
3141 1731 3155 1768 :

475 1808 544 1862 Ὠ
568 1806 698 1874 πῶς
727 1807 961 1877 γενήσῃ
981 1806 1196 1879 ,βρῶμα
1226 1808 1440 1864 δεινῶν
1463 1810 1773 1878 κοράκων.1

1672 1813 1773 1866 nr!
2174 1801 2290 1857 Heu
2319 1804 2492 1859 corvis
2530 1820 2654 1859 esca
2680 1805 2786 1860 eris
2818 1806 2976 1860 miser
3005 1807 3299 1863 ueracibus.

367 1899 445 1969 πῆ
489 1900 588 1970 μὲν
639 1900 697 1963 ἐς
734 1901 805 1953 τά
863 1900 1074 1971 μέλανα
1117 1902 1213 1956 καὶ
1248 1900 1468 1966 σίζοντα
1504 1902 1722 1973 σιδήρια
1757 1901 1821 1956 τὸ
1858 1920 1963 1956 πα-

2068 1894 2127 1950 Id
2157 1894 2445 1949 oraculum
2491 1896 2692 1967 partim
2747 1897 2813 1953 ad
2854 1898 3011 1968 nigra
3050 1907 3104 1953 et
3153 1899 3445 1955 stridentia
3482 1899 3658 1956 ferra-

365 1991 628 2061 λαίφατον
677 1991 837 2045 τοῦτο
884 1991 1068 2062 λόγιον
1122 1994 1337 2065 ἀφορᾷν
1397 1993 1837 2065 ἰσχυριζόμενοι,
1893 1995 1961 2049 δι’

2066 1994 2269 2052 menta,
2303 1986 2502 2056 quibus
2563 2002 2762 2045 manus
2819 1988 2940 2061 ejus
2974 2001 3096 2045 usta
3145 2000 3314 2058 esset,
3343 1991 3541 2061 partim
3589 1990 3659 2047 ad

365 2074 441 2134 ὧν
461 2081 491 2134 ὁ
520 2080 732 2153 καυτὴρ
755 2084 822 2154 τῇ
852 2084 1001 2155 χειρὶ
1027 2083 1124 2138 τοῦ
1164 2084 1431 2155 βασιλέως
1464 2087 1848 2156 ἐπενήνεκται,
1881 2087 1957 2158 πῆ

2065 2088 2494 2148 cognomentum
2570 2082 2839 2138 montium
2917 2083 3195 2154 pertinere
3258 2085 3657 2142 existimantes.

365 2170 425 2224 δὲ
473 2172 532 2235 ἐς
586 2171 647 2226 τὸ
692 2172 805 2227 τῶν
839 2172 1048 2244 βουνῶν
1097 2174 1484 2247 προσώνυμον,
1516 2176 1603 2245 ἐφ’
1647 2169 1723 2230 ὦν
1748 2176 1958 2239 ἐκεῖνος

2068 2171 2417 2229 vocabantur
2445 2184 2629 2230 autem
2662 2175 2916 2247 κοράκων
2947 2175 3171 2246 φωλεοὶ,
3226 2177 3344 2233 sive
3367 2192 3657 2233 corvorum

366 2260 779 2333 κατεσκηνώκει
808 2261 869 2316 τὸ
892 2264 1285 2335 προφοίὸασμα
1314 2263 1668 2330 ἀπολύοντες.
2069 2264 2207 2320 nidi.

898 2355 1072 2421 Idem,
1115 2357 1209 2411 lib.
1245 2373 1319 2412 vn
1362 2356 1427 2412 de
1468 2355 1722 2413 Manuele
1757 2356 2027 2413 Comneno
2061 2356 2295 2415 Joannis
2340 2360 2477 2431 ﬁlio,
2521 2376 2645 2431 pag.
2693 2360 2796 2416 M5
2844 2360 2971 2416 edit.
3002 2360 3130 2433 Reg.

435 2443 547 2497 Τοῦ
580 2444 699 2515 βίου
722 2443 856 2515 γοῦν
888 2444 1032 2498 οὕτω
1054 2444 1150 2499 καὶ
1178 2446 1277 2516 τῆς
1303 2445 1585 2516 βασιλείας
1632 2444 1959 2517 μεθίσταται

2139 2448 2231 2504 Sic
2259 2449 2424 2519 igitur
2452 2454 2519 2505 eti
2551 2451 2660 2505 vita
2705 2461 2760 2505 et
2806 2450 3041 2521 imperio
3080 2452 3245 2515 cedit.
3275 2454 3422 2523 quod
3488 2470 3663 2512 annos

364 2536 660 2607 τριάκοντα
693 2539 788 2591 καὶ
818 2535 964 2590 ὀκτὼ
991 2538 1217 2607 χρόνους
1246 2537 1486 2606 γεγονὼς
1523 2540 1581 2593 ὲν
1616 2541 1684 2610 τῇ
1711 2538 1960 2610 βασιλείᾳ

2068 2538 2294 2610 triginta
2325 2546 2455 2593 octo
2484 2539 2838 2609 gubernavit,
2886 2542 3060 2597 tribus
3096 2544 3379 2599 mensibus
3402 2544 3659 2616 demptis,

365 2626 661 2682 λειπόντων
709 2628 897 2701 μηνῶν
949 2627 1144 2701 τριῶν.
1182 2629 1326 2702 Πρὸς
1357 2629 1425 2700 ἢν
1454 2626 1610 2702 οἴμαι
1644 2631 1958 2701 παράτασιν

2068 2627 2137 2683 ad
2161 2629 2309 2699 quod
2337 2629 2552 2700 imperii
2596 2630 2837 2700 spatium
2864 2632 3302 2689 vetustissimum
3366 2635 3502 2690 illud
3531 2652 3660 2693 ora-

363 2719 464 2787 τῆς
493 2719 666 2790 ἀρχῆς
690 2722 785 2773 καὶ
809 2720 872 2773 τὸ
905 2720 1270 2777 παλαιότατον
1302 2723 1480 2777 έκεῖνο
1516 2722 1698 2791 λόγιον
1720 2722 1956 2793 ἀφορᾷν,

1153 2738 1270 2777 κτον
1302 2723 1480 2777 έκεῖνο
1516 2722 1698 2791 λόγιον
1720 2722 1956 2793 ἀφορᾷν,
2066 2722 2254 2776 culum
2280 2720 2526 2777 alludere
2563 2721 2780 2778 videtur

363 2809 394 2862 ὃ
416 2809 639 2875 διέξεισι
659 2810 882 2863 οὑτωσί·

483 2900 637 2954 Ἀλλ’
665 2899 902 2969 ὑστάτη
936 2915 1012 2955 σε
1038 2901 1324 2971 κερδανεῖ
1350 2903 1508 2971 λαϐὴ
1536 2904 1727 2971 λόγου
1758 2921 1772 2935 ·

365 2991 400 3061 ἡ
432 2990 541 3061 γάρ
565 2991 850 3047 τελευταία
876 2992 971 3047 τοῦ
1001 2994 1270 3065 ὀνόματος
1303 2995 1543 3067 συλλαϐὴ
1566 2996 1657 3049 τὸν
1688 2993 1833 3048 ὀκτὼ
1861 2994 1957 3047 καὶ

2062 3001 2189 3042 nam
2238 2985 2308 3056 η).
2355 2994 2633 3057 postrema
2673 2987 2882 3057 syllaba
2930 2987 3168 3043 nominis
3211 2986 3480 3046 Manuelis
3508 2993 3651 3063 apud

1986 2862 2033 2922 C
2214 2855 2419 2911 Ultima
2468 2865 2519 2911 te
2561 2857 2844 2925 preliendet
2892 2858 3103 2929 syllaba
3144 2860 3419 2925 nominis;

365 3083 661 3152 τριάκοντα
685 3084 1107 3157 διασημαίνεται
1136 3086 1393 3158 ἀριθμόν.
1566 3078 1573 3083 ’

2063 3078 2283 3134 Graecos
2316 3085 2529 3131 tantum
2576 3092 2868 3133 numerum
2897 3081 3302 3150 complectitur.

1317 3177 1708 3234 Constantinus
1755 3175 2060 3244 Manasses,
2096 3188 2222 3242 pag.
2258 3171 2359 3227 110
2421 3170 2553 3226 edit.
2588 3168 2716 3242 Reg.

381 3267 439 3321 Ὀ
459 3267 516 3322 δὲ
544 3266 985 3340 φιλοσοφώτατος
1001 3270 1060 3323 ὲν
1089 3267 1373 3339 βασιλεῦσι
1400 3270 1583 3335 Λέων,
2077 3261 2428 3334 Ἀλέξανδρον
2453 3261 2546 3315 τὸν
2571 3262 2799 3333 ἀδελφὸν
2835 3263 2929 3317 καὶ
2959 3264 3127 3319 παῖδα
3152 3267 3583 3339 Κωνσταντῖνον,

370 3358 692 3435 Ιιεριπεσὼν
722 3364 842 3425 ταῖς
867 3364 1123 3431 φυσικαῖς
1152 3361 1247 3416 τοῦ
1283 3362 1537 3432 σώματος
1558 3360 1851 3431 ἀνάγκαις,
2065 3355 2237 3410 Τοῦτο
2262 3356 2357 3409 καὶ
2385 3354 2548 3426 μόνον
2581 3356 2893 3427 προσειπὼν
2922 3360 3115 3422 πνοαῖς
3146 3360 3202 3411 ὲν
3224 3362 3343 3423 ταῖς
3374 3362 3656 3433 ἐσχάταις.

369 3454 481 3508 Καὶ
511 3454 654 3523 νόσῳ
689 3454 1089 3525 χειμαζόμενος
1118 3454 1364 3510 κίνδυνον
1398 3455 1707 3526 ὲπαγούσῃ,
2064 3448 2279 3503 Βλέπω
2294 3447 2392 3501 καὶ
2406 3446 2515 3502 τὸν
2529 3449 2954 3518 Ἀλέξανδρον,
2970 3452 3049 3517 ὡς
3065 3452 3401 3524 κακοδότην
3413 3459 3657 3524 χρόνον,

371 3547 512 3619 Ἤδη
534 3546 671 3618 πρὸς
694 3546 812 3610 ετος
839 3548 1085 3602 εικοστδν
1106 3548 1204 3603 σὺν
1231 3548 1377 3620 ἕκτῳ
1396 3548 1637 3612 διιούνας
2062 3541 2226 3594 Μετὰ
2254 3538 2380 3608 τρὶς
2419 3540 2518 3593 καὶ
2551 3539 2697 3594 δέκα
2726 3541 3231 3615 μηνῶν-,ἄντικρυς
3256 3547 3429 3616 τούτῳ
3460 3547 3660 3616 λέγων.

369 3637 443 3690 Τδ
463 3637 664 3707 κράτος
692 3636 752 3690 τδ
783 3636 1055 3708 βασίλειον
1092 3640 1187 3692 καὶ
1208 3641 1308 3710 τὴν
1346 3640 1636 3710 Ῥωμαίων
1655 3638 1850 3709 τύχην,
2069 3630 2195 3683 Ὀτι
2222 3628 2481 3683 τοσοῦτον
2511 3628 2732 3686 ἔσεσθαι
2764 3631 2822 3685 τὸ
2854 3631 3055 3702 κράτος
3096 3633 3471 3706 Ἀλεξάνδρου.

374 3728 483 3780 Καὶ
514 3727 743 3781 συνιδὼν
773 3728 867 3780 τόν
895 3728 1125 3783 θάνατον
1161 3731 1256 3783 καὶ
1285 3731 1383 3802 τὴν
1410 3731 1501 3785 τοῦ
1522 3732 1758 3803 σκήνους
1784 3729 1958 3796 λύσιν,
2067 3722 2179 3776 Καὶ
2210 3720 2341 3791 γοῦν
2368 3722 2431 3776 οὐ
2455 3722 2839 3778 διαπέπτωκεν
2873 3727 2901 3779 ό
2931 3725 3112 3796 λόγος,
3137 3727 3256 3781 θῦδὲ
3290 3728 3536 3798 σφάλλει-

370 3818 661 3892 Κράτορας
700 3818 1086 3874 ἀναδείκνυται
1119 3822 1470 3886 αύτάνακτας
1505 3825 1816 3893 κατάρχους
2079 3816 2140 3868 Ὀ
2167 3816 2275 3887 γὰρ
2324 3816 2696 3889 Ἀλέξανδρος.
2737 3828 2847 3875 etc.

432 3950 451 3983 ι
476 3933 611 3988 Cum
631 3940 813 3987 autem
838 3931 1200 3989 doctissimus
1220 3934 1621 4004 imperatorum’
1647 3933 1758 3988 Leo
1777 3931 1970 3987 morbo
1998 3933 2288 3997 correptus
2320 3926 2625 3997 periculum
2645 3928 2938 3985 minitante
2963 3945 2978 3982 :
3013 3929 3400 3987 administrato
3421 3930 3535 4001 jam
3562 3944 3659 4002 per

369 4022 563 4091 viginti
589 4036 684 4076 sex
717 4036 894 4075 annos
933 4020 1309 4076 Romanorum
1356 4022 1615 4092 imperio,
1658 4028 1894 4076 mortem
1942 4018 2048 4075 sibi
2078 4016 2367 4071 imminere
2400 4027 2679 4083 cerneret,
2729 4019 3107 4074 Alexandrum
3152 4018 3377 4076 fratrem
3419 4030 3474 4075 et
3507 4017 3653 4075 Con-

374 4115 678 4168 stantinum
738 4114 909 4168 lilium
960 4113 1329 4184 imperatores
1377 4123 1550 4179 creat,
1594 4114 1699 4168 boc
1738 4115 1857 4169 solo
1909 4113 1964 4167 in
2004 4108 2273 4165 extremis
2331 4110 2797 4179 respirationibus
2856 4114 3239 4181 pronuntiato.
3285 4113 3653 4167 Alexandrum

366 4200 533 4252 etiam
592 4198 745 4267 (proli
796 4213 1019 4267 parcum
1072 4198 1467 4267 malignumque
1519 4199 1804 4269 tempus!)
1860 4206 1977 4266 post
2029 4197 2282 4252 tredecim
2336 4215 2539 4253 menses
2598 4200 2769 4255 video.
2816 4198 3047 4256 Volebat
3108 4214 3288 4257 autem
3343 4204 3657 4274 signiﬁcare

370 4300 603 4354 regnum
669 4284 974 4340 Alexandri
1022 4286 1301 4340 tantillum
1359 4287 1624 4356 temporis
1663 4286 2018 4355 duraturum,
2075 4300 2199 4355 quae
2262 4301 2398 4343 sane
2448 4284 2650 4344 Leonis
2688 4304 2793 4343 vox
2839 4290 3065 4344 minime
3125 4304 3265 4345 vana
3314 4290 3441 4347 fuit.
3504 4289 3644 4347 Nam

364 4368 697 4432 Alexander,
732 4387 750 4420 ι
779 4377 887 4423 etc.

1412 4458 1651 4515 Joannes
1688 4464 1920 4526 Tzetzes,
1972 4461 2212 4518 Cliiliad.
2252 4466 2307 4530 9,
2350 4484 2484 4523 vers.
2526 4467 2652 4523 657.

370 4549 510 4621 Περὶ
532 4549 859 4622 χρησμῶν’
904 4550 1066 4616 Βοῦς
1115 4549 1341 4621 ,βοήσει
1389 4568 1454 4605 τε
1491 4550 1591 4607 καὶ
1632 4552 1853 4622 ταῦρος
1885 4554 1978 4681 6:1
1983 4558 2350 4681 dgpnwiaei'
2384 4562 2504 4628 καί,
2566 4563 2717 4617 Οὐαί
2764 4577 2867 4617 σοι
2932 4557 2980 4619 ὦ
3046 4562 3372 4632 ἐπτάλοφε,
3445 4566 3534 4622 ὅτι
3581 4571 3655 4624 οὺ

1859 4644 1915 4681 κι
2068 4645 2179 4681 sic.

1855 4644 2179 4696 χιλιασεις.

367 4717 633 4789 Χρησμδς
674 4714 744 4791 ἦν
794 4719 1168 4793 περιφόρητος
1218 4715 1888 4783 Κωνσταντινουπολίταις
1991 4727 1994 4779 ξ

1849 4737 1888 4783 ις
1991 4725 2035 4779 D
2067 4719 2364 4779 Oraculum
2399 4732 2519 4781 erat
2550 4725 2818 4797 iactatum
2847 4725 3476 4796 ConstantinOpolitanis

368 4812 512 4865 Αὐτὸ
540 4814 623 4875 τὺ,
643 4812 780 4875 Βοῦς
805 4813 994 4883 βοήσει
1022 4830 1083 4866 τε
1106 4812 1201 4887 καὶ
1230 4810 1433 4882 ταῦρός
1465 4827 1525 4862 τε
1549 4808 1836 4881 θρηνήσει.

2071 4813 2185 4869 Hoc
2216 4815 2422 4887 ipsum,
2455 4818 2563 4875 Bos
2591 4818 2876 4885 clamabit,
2909 4825 3073 4887 atque
3108 4825 3302 4874 taurus
3330 4819 3578 4890 cjulabit.

384 4902 479 4955 Ἐκ
504 4901 695 4956 τούτου
722 4901 853 4970 γοῦν
908 4903 1241 4957 ἀνέπλαττον
1290 4902 1384 4955 καὶ
1416 4900 1705 4971 συμφορὰς
1731 4904 1829 4957 καὶ
1864 4904 1961 4971 φό-

2066 4908 2145 4963 Ex
2176 4909 2281 4966 boc
2331 4919 2514 4968 autem
2566 4912 2842 4968 ﬁnxerunt
2888 4918 2943 4966 et
2990 4910 3335 4968 calamitates
3385 4926 3548 4982 atque
3572 4918 3655 4971 'ti-

1701 4993 1886 5067 [ϐους.

3425 5008 3652 5080 [inore-5.

1226 5083 1406 5142 Paulo
1439 5099 1557 5157 post
1588 5105 1709 5144 vero
1741 5089 1954 5146 Tzetzes
1988 5093 2083 5148 hoc
2120 5097 2401 5152 oraculum
2432 5098 2509 5152 ita
2538 5097 2794 5167 explicat.

368 5180 508 5236 Βοῦν
543 5181 643 5253 μὲν
671 5180 832 5251 ἡμεῖς
865 5177 964 5250 τὴν
983 5176 1204 5248 θήλειαν
1230 5178 1331 5249 τὴν
1361 5182 1471 5235 τῶν
1493 5182 1632 5252 βοῶν
1664 5183 1963 5258 καλοῦμεν.

1886 5204 1963 5241 εν.
2069 5192 2269 5249 Bovem
2294 5209 2398 5252 nos
2430 5195 2653 5265 quidem
2687 5195 2947 5255 feminam
2993 5202 3197 5259 bonum
3231 5218 3513 5264 vocamus.

369 5273 583 5343 Ταῦρον
609 5274 812 5345 κυρίως
828 5272 884 5325 δὲ
910 5271 1048 5344 βοῶν
1073 5270 1163 5323 τὸν
1184 5270 1386 5341 ἄρσενα
1416 5274 1722 5346 καλοῦμεν,

2068 5282 2311 5339 Taurum
2343 5292 2527 5341 autem
2556 5287 2776 5359 prOprie
2808 5289 3011 5348 bouum
3056 5308 3264 5348 marem
3297 5308 3579 5359 vocamus,

370 5367 476 5420 Τὸν
505 5366 706 5438 ταῦρον
732 5364 920 5418 τοῦτον
949 5364 993 5418 δ’
1033 5363 1230 5417 Ἰταλὸν
1261 5364 1485 5419 καλοῦσι
1515 5368 1564 5420 οἱ
1599 5369 1820 5424 Λατίνοι

1753 5388 1820 5424 i0:
2065 5374 2310 5432 Taurum
2337 5385 2521 5433 autem
2549 5379 2697 5435 hunc
2719 5380 2914 5437 Italum
2952 5393 3149 5440 vocant
3179 5385 3380 5442 Latini.

381 5455 446 5513 Ἦ
476 5458 605 5530 βοῦς
640 5460 672 5528 ὴ
709 5457 957 5531 ἡμετέρα
982 5456 1062 5522 δὲ,
1092 5457 1264 5527 ἤγουν
1292 5459 1325 5529 ἡ
1351 5459 1767 5514 Κωνσταντίνου

1732 5478 1767 5513 υ
2070 5465 2172 5523 Bos
2207 5467 2375 5539 igitur
2399 5478 2616 5537 nostra,
2636 5487 2833 5544 nempe
2857 5475 2990 5530 urbs
3016 5475 3359 5532 Constantini

384 5555 452 5608 Ἥ
475 5556 540 5608 ὲκ
577 5554 688 5607 τῶν
712 5553 932 5625 ταύρων
976 5551 1196 5606 Ἰταλῶν
1238 5552 1528 5623 Ῥωμαίων
1551 5556 1873 5630 ἐκτισμένη,
1950 5560 1957 5569 ‘

1674 5557 1873 5630 σμένη,
1950 5560 1957 5569 ‘
2066 5559 2324 5616 Cantabit
2357 5561 2654 5618 classicum
2685 5573 2877 5620 contra
2910 5565 3256 5622 adversarios
3285 5583 3300 5634 ;

372 5648 567 5717 Βοήσει
593 5647 655 5699 τὸ
687 5645 983 5716 πολεμικὸν
1014 5644 1154 5699 κατὰ
1182 5646 1292 5699 τῶν
1327 5645 1662 5703 ἀντιπάλων.

2069 5651 2290 5709 Taurus
2313 5661 2496 5711 autem
2528 5655 2719 5722 Italus,
2741 5658 3017 5713 exercitus
3050 5658 3266 5713 scilicet
3297 5658 3647 5731 Latinorum,

380 5741 439 5791 Ὀ
474 5737 676 5811 ταῦρος
698 5738 752 5791 δὲ
786 5740 813 5792 ό
858 5737 1081 5802 Ἰταλὸς,
1118 5737 1349 5808 στρατὸς
1374 5740 1402 5792 ό
1432 5738 1543 5794 τῶν
1574 5741 1846 5809 Λατίνων,

1747 5760 1846 5809 ων,
2070 5742 2135 5800 Et
2162 5746 2421 5819 pallescet
2460 5748 2635 5806 multo
2670 5750 2889 5821 timore,
2923 5760 3087 5823 atque
3122 5753 3374 5824 ejulabit.

367 5832 482 5889 Kal
508 5831 772 5905 ὠχριάσει
806 5831 884 5904 τῷ
916 5829 1096 5903 πολλῷ
1119 5830 1211 5886 τοῦ
1232 5830 1421 5902 φόϐου,
1465 5832 1562 5889 καὶ
1592 5833 1880 5908 θρηνήσει.
