4120 6448
437 369 575 439 1139
1684 363 1965 426 LEONIS
1992 362 2459 426 PHILOSOPHI
3567 362 3713 432 1H0

1641 475 2027 533 ORACULUM
2058 474 2177 530 XIV
2200 476 2370 547 (icone
2411 474 2521 547 ﬂ);

1015 595 1436 652 Prwhonoratio.
2042 607 2095 665 Α

2042 607 2095 665 Α
2724 593 3108 665 Προτίμησις.

544 688 682 744 Ecce
708 687 910 743 iterum
942 685 1107 740 homo
1140 701 1171 741 e
1200 687 1380 756 primo
1407 699 1607 756 genere

2199 683 2334 738 Ἰδοὺ
2370 684 2533 739 πάλιν
2556 685 2843 757 ἄνθρωπος
2865 689 2931 740 ὲκ
2964 684 3184 758 πρώτου
3214 682 3425 754 γένους,

537 781 823 837 Occultato
855 778 1083 834 inﬁnitis
1113 779 1275 834 annis
1304 779 1358 833 in
1392 788 1538 833 terra
2119 775 2164 829 Κ

2119 775 2433 847 Κρυσέντος
2457 777 2538 841 είς
2571 777 2674 847 γῆν
2699 777 3169 849 τρισαναρίθμους
3203 775 3460 845 κύκλους,

535 872 726 928 Nudus
758 870 1111 941 progreditur
1159 886 1225 926 ex
1261 870 1502 926 obscura
1535 877 1692 940 petra
2122 865 2162 918 Γ

1566 877 1692 923 >etra
2122 865 2333 937 Γυμνδς
2352 867 2601 937 πρόεισιν
2628 870 2692 923 ὲκ
2715 870 2923 939 πέτρας
2949 869 3193 941 ἀνηλίου,

533 965 601 1019 Et
635 965 863 1024 alterius
904 962 1203 1033 splendidae
1242 963 1367 1017 vitae
1406 962 1626 1017 initium
1656 960 1811 1016 facit.
2120 958 2160 1011 K

1660 960 1811 1016 facit.
2120 957 2233 1011 Καὶ
2256 958 2509 1031 δευτέρου
2541 960 2854 1031 λάμποντος
2883 960 3115 1031 ἄρχεται
3148 959 3287 1030 βίου,

532 1054 715 1124 Imago
753 1068 912 1108 novat
943 1055 1071 1109 vita:
1096 1053 1399 1110 verissimae
2121 1050 2159 1103 E

2121 1050 2301 1104 Εἰκὼν
2335 1050 2641 1115 παλιζωῖας
2666 1051 3065 1123 ἀληθεστάτης.

532 1143 736 1199 Verum
771 1143 888 1215 pari
925 1144 1089 1200 modo
1122 1145 1348 1214 paribus
1377 1143 1595 1198 duobus
1624 1141 1920 1213 duplicatis
2121 1143 2159 1195 Il

1570 1158 1595 1198 s
1624 1141 1920 1213 duplicatis
2121 1142 2269 1210 Πλὴν
2296 1142 2551 1213 ἀρτιάκις
2578 1143 2783 1215 ἀρτίων
2812 1143 3190 1211 διπλουμένων

532 1234 779 1305 Solibus,
812 1235 1096 1293 delitescet
1127 1242 1382 1292 mortuus
1422 1234 1478 1290 in
1509 1241 1686 1306 petra.
2118 1234 2159 1287 T

2118 1234 2240 1289 Τῶν
2264 1236 2451 1307 ἡλίων,
2475 1234 2662 1290 ὕπεισι
2698 1235 2818 1308 (45)
2847 1236 3041 1308 νεκρὸς
3070 1236 3175 1307 τὴν
3209 1237 3442 1309 πέτραν.

1612 1343 2001 1403 ORACULUM
2051 1346 2144 1403 XV
2175 1348 2346 1419 (icone
2384 1348 2500 1417 15).

1123 1466 1354 1522 Electio.
2690 1474 3106 1542 Προχείρισις.

423 1558 628 1628 Accipe
661 1558 766 1615 hoc
794 1557 1021 1625 donum,
1057 1573 1125 1613 ne
1153 1573 1344 1623 renue,
1377 1573 1411 1613 o
1445 1573 1635 1623 senex,

2192 1561 2347 1630 Δέξαι
2373 1563 2434 1616 τὸ
2461 1563 2656 1636 δῶρον,
2684 1565 2759 1635 μὴ
2789 1564 3043 1617 κατόκνιι
3078 1582 3190 1635 μοι,
3225 1564 3429 1637 γέρων.

424 1649 650 1720 Accipe,
684 1651 1007 1714 fortissime,
1050 1657 1105 1704 et
1139 1649 1301 1705 linem
1331 1650 1644 1716 considera,

2130 1652 2291 1707 Ἀλλά
2316 1653 2517 1719 λαϐὼν,
2547 1655 2831 1724 κράτιστε,
2859 1655 2956 1709 τοῦ
2987 1656 3178 1719 τέλους
3204 1656 3351 1726 ἔχου.

425 1736 492 1791 Ει
523 1738 590 1793 ad
620 1738 829 1808 optima
865 1738 1044 1807 dirige
1076 1736 1368 1807 imperium

2113 1744 2224 1798 Καὶ
2255 1746 2393 1817 πρὸς
2424 1745 2589 1800 καλὸν
2618 1746 2811 1801 εῦθυνε
2839 1748 2939 1818 τὴν
2970 1749 3370 1818 σκηπτουχίαν,

425 1830 653 1900 Aliaque
682 1831 867 1886 omnia
900 1846 1008 1885 non
1039 1838 1291 1883 metuens
1314 1836 1553 1899 tempus.
2044 1894 2052 1911 ‘

2044 1894 2084 1911 η
2112 1838 2174 1891 T’
2201 1837 2336 1892 ἀλλα
2359 1855 2418 1891 τε
2445 1838 2645 1899 πάντα,
2686 1838 2761 1908 μὴ
2788 1838 3044 1903 δεδοικὼς
3077 1841 3173 1894 τὸν
3200 1830 3413 1911 χρόνον.

426 1894 641 1977 Etenim
673 1922 911 1992 desuper
940 1923 1043 1977 hoc
1067 1920 1332 1991 accepisti
1428 1894 1445 1899 -
2044 1894 2053 1949 Ῑ

2044 1894 2086 1949 Β
2116 1929 2226 1985 Καὶ
2248 1929 2357 2000 γὰρ
2395 1929 2603 1983 ἀνωθεν
2628 1894 2820 1983 τοῦτον
2848 1894 3075 2002 εἴληχας
3106 1894 3287 2002 μόνον.

426 2013 758 2085 Triplicibus
814 2014 1015 2085 quippe
1060 2012 1413 2086 processibus
1480 2012 1821 2070 circumacto
1868 2021 2013 2068 tem-

1773 2021 1821 2070 to
1868 2021 2013 2068 tent-
2116 2023 2372 2094 Τριτταῖς
2394 2022 2451 2075 δὲ
2477 2024 2680 2092 παγαῖς
2710 2022 3151 2094 ἐγκυκλουμένου
3178 2026 3400 2096 χρόνου,

1830 2100 2012 2174 imre.

425 2197 601 2254 Unius
622 2199 847 2256 decadis
883 2200 1042 2257 stella
1068 2200 1316 2272 impleta,

2114 2202 2260 2266 Μιᾶς
2287 2201 2510 2266 δεκάδος
2542 2201 2772 2273 ἀστέρος
2800 2201 3206 2279 πληρουμένου,

423 2292 681 2349 Feliciter
717 2309 935 2350 morere
962 2294 1261 2350 sacerdoti.

2113 2294 2310 2356 Καλῶς
2334 2293 2558 2348 τελεύτα
2593 2294 2671 2365 τῷ
2705 2294 3119 2366 καθιερωμένῳ.

418 2383 559 2449 Quid
591 2400 722 2440 vero
759 2386 1171 2457 obstupefactus
1206 2386 1454 2441 nuntium
1489 2382 1695 2454 accipis
1717 2382 1743 2436 ?

1489 2382 1695 2454 accipis
1717 2382 1743 2436 ?
2110 2385 2177 2439 Τί
2203 2385 2261 2439 δὲ
2275 2384 2528 2457 τεθηπὼς
2558 2386 2818 2455 ἀγγελίαν
2849 2387 3069 2458 εἰσδέχη
3096 2404 3109 2454 ς

422 2478 715 2549 Relinque,
743 2479 944 2545 amice,
980 2479 1220 2534 hominis
1252 2478 1677 2535 habitationem.

1587 2492 1677 2535 nn.
2114 2477 2305 2545 Ἄφες,
2334 2478 2547 2548 ἀριστε,
2580 2477 2680 2549 τὴν
2703 2478 2872 2549 φυτοῦ
2907 2480 3214 2534 κατοικίαν.

423 2569 666 2640 Sequere
690 2577 747 2625 te
779 2578 1069 2625 vocantem
1101 2570 1167 2623 ad
1201 2569 1539 2638 propositam
1573 2565 1829 2637 gloriam.

1725 2579 1829 2619 am.
2116 2569 2294 2622 Ἐπου
2319 2568 2573 2622 καλοῦντι
2603 2570 2738 2640 πρὸς
2766 2572 3136 2642 προκειμένην
3170 2572 3352 2637 δόξαν.

419 2661 559 2716 Cum
584 2676 713 2717 vero
744 2661 978 2716 honeste
1009 2660 1321 2731 impleveris
1341 2659 1555 2729 imperii
1587 2659 1666 2711 tui
1698 2657 1875 2718 diem,

1701 2657 1875 2718 diem,
2109 2659 2308 2723 Καλῶς
2336 2658 2382 2712 δ’
2418 2658 2622 2721 ἀνύσας
2652 2660 2750 2732 τὴν
2779 2661 2837 2715 ιν
2860 2663 3055 2733 ἀρχαῖς
3086 2664 3328 2734 ἡμέραν,

424 2752 626 2806 Sancto
666 2750 771 2805 tiae
802 2751 967 2821 imple
992 2751 1307 2805 universam
1342 2749 1702 2813 creationem,
1880 2736 1889 2747 ’

1690 2788 1702 2813 ,
1880 2736 1889 2747 ’
2111 2749 2296 2803 Καλοῦ
2327 2750 2515 2816 τέλους
2551 2751 2830 2822 ἔμπλησον
2863 2753 3085 2808 ἃπασαν
3114 2756 3317 2810 κτίσιν.

418 2841 486 2896 Et
507 2840 574 2897 ad
615 2841 983 2897 habitationes
1014 2839 1365 2910 proficiscere
1397 2840 1675 2894 caelestes.

1604 2854 1675 2893 es.
2110 2843 2221 2896 Καὶ
2247 2842 2384 2913 πρὸς
2415 2841 2584 2912 μονὰς
2613 2842 2765 2895 ὅδευε
2796 2844 2895 2907 τὰς
2923 2844 3231 2916 οὐρανίους.

418 2931 553 2988 Nam
581 2933 634 2988 in
669 2941 719 2989 te
737 2940 821 2989 est
849 2933 1176 3005 principium
1206 2932 1475 2988 bonorum
1500 2940 1553 2987 et
1582 2930 1723 2985 linis.

1715 2970 1723 2984 .
2122 2932 2214 2987 'Ev
2242 2932 2327 2986 eoi.
2349 2933 2456 3004 γὰρ
2484 2931 2631 3005 ἀρχὴ
2655 2932 2766 2987 τῶν
2792 2934 3015 3002 ἀγαθῶν
3046 2937 3145 2990 καὶ
3166 2937 3342 3003 τέλος.

1590 3044 1974 3101 omcuwn
2003 3044 2121 3103 xv:
2159 3048 2328 3118 (icone
2364 3047 2478 3118 l6).

1117 3160 1185 3216 P.
1237 3160 1302 3216 Ρ.
2037 3167 2081 3224 C
2799 3166 2870 3222 Π.
2926 3166 2995 3219 Π.

417 3258 655 3314 Felicem
686 3254 855 3310 vitam
886 3251 1114 3323 attigisti
1144 3269 1209 3308 ex
1240 3252 1563 3323 ignominia.

1517 3267 1563 3306 a.
2182 3254 2362 3307 Καλοῦ
2392 3254 2508 3324 βίου
2544 3254 2802 3325 τέτευχας
2830 3256 2889 3321 ἐξ
2912 3254 3144 3322 ἀδοξίας.

415 3351 461 3403 Α
485 3351 689 3404 virtute
718 3356 898 3401 autem
935 3347 1079 3417 plus,
1104 3361 1268 3415 quam
1297 3361 1324 3398 a
1359 3345 1575 3401 fortuna
1616 3345 1878 3400 habuisti.

1800 3345 1878 3400 ni.
2124 3346 2212 3409 ἐξ
2238 3346 2441 3415 ἀρετῆς
2467 3344 2512 3397 δ’
2538 3344 2779 3415 ἔσχηκας
2811 3348 3062 3417 εὐτυχεῖς
3097 3347 3261 3401 πλέον
3292 3350 3427 3419 (ω’

418 3439 523 3493 Sed
557 3454 663 3493 non
699 3439 944 3502 omnino,
967 3438 1158 3502 amice,
1180 3438 1493 3492 lucrifacics
1527 3438 1757 3508 gratiam
1794 3455 1806 3491 :

2121 3437 2260 3491 Ἀλλ’
2291 3438 2400 3490 οὐδ’
2430 3438 2586 3499 ὅλως,
2625 3439 2836 3506 ἄριστε,
2862 3439 3139 3508 κερδανεῖς
3170 3441 3327 3510 χάριν
3357 3442 3495 3511 (45).

416 3529 619 3584 Invidia
653 3530 795 3584 enim
819 3529 1158 3599 praeveniens
1189 3536 1318 3582 ante
1343 3528 1567 3598 objiciet
1590 3528 1682 3581 tibi
1708 3528 1993 3582 damnum.

1882 3545 1993 3582 um.
2106 3529 2305 3591 Φθόνος
2325 3529 2536 3598 φθάσας
2558 3529 2666 3600 γὰρ
2693 3532 2978 3601 προκρινεῖ
3008 3548 3090 3583 σοι
3128 3534 3227 3603 τὴν
3260 3532 3465 3607 βλάϐην
3485 3554 3508 3569 ’-

416 3619 536 3674 Νοιι
562 3627 744 3674 tamen
771 3620 1055 3675 aberrabis
1090 3634 1120 3673 a
1153 3635 1389 3690 superna
1424 3620 1762 3674 haereditate.

1611 3620 1762 3674 itatc.
2108 3620 2224 3674 Οὐκ
2244 3620 2569 3690 ἀστοχήσεις
2599 3620 2697 3690 τῆς
2730 3621 2843 3674 ἄνω
2876 3620 3230 3693 κληρουχίας.

1929 3795 2157 3852 NOTAE.

484 3901 597 3974 (45)
648 3899 770 3954 Τῶν
817 3901 1011 3968 ἡλίων
1048 3899 1274 3956 ὕπεισι.
1325 3899 1460 3956 Cod.
1507 3900 1685 3955 Amst.
1722 3900 1814 3954 τὸν
1846 3900 2001 3973 ἥλιον

2115 3900 2711 3974 Antiqnnsuiut‘erprcs
2776 3903 2849 3957 ita
2902 3905 3067 3959 vertit
3114 3922 3127 3958 :
3180 3904 3339 3973 Atqui
3388 3918 3489 3955 non
3547 3902 3693 3964 dolo.

412 3972 628 4028 ἄπεισι.
1065 4039 1074 4041 _
1200 4038 1220 4041 _
1872 3972 1875 3973 ⁷
2110 3972 2325 4038 optime,
2368 3972 2461 4024 tibi
2506 3972 2615 4026 hmc
2649 3974 2823 4041 gratia
2865 3984 3025 4039 parta
3073 3984 3171 4029 est.
3206 3972 3437 4029 Videtur
3467 3988 3600 4038 ergo
3640 3978 3695 4027 in

490 4042 599 4115 με)
636 4039 1169 4115 Εὺτιξχεῖς-πὲζέον.
1199 4038 1362 4115 [λοσε.
1390 4042 1424 4111 ἦ
1452 4042 1623 4115 τύχης
1658 4042 1873 4115 πλέονῼᾲ
2108 4061 2117 4093 ε

2108 4042 2300 4096 codice
2325 4042 2448 4112 ejus
2489 4058 2589 4113 pro
2621 4038 2732 4095 οὔδ’
2762 4038 2900 4108 ὅλως
2928 4046 3201 4115 scriptum
3236 4045 3432 4109 fuisse,
3458 4043 3692 4107 ἀδόλως.

485 4113 597 4184 (45)
633 4112 795 4167 Ἀλλ’
825 4111 952 4165 οὐδ’
982 4111 1159 4177 ὅλως,
1192 4111 1422 4180 ἄριστε,
1455 4111 1765 4181 κερδανεῖς
1798 4113 1995 4183 χάριν.

498 4472 827 4553 Hactenus
864 4489 935 4533 ea
969 4490 1113 4553 quae
1152 4490 1229 4533 ex
1267 4489 1385 4553 mis.
1421 4472 1639 4553 codice
1669 4472 1922 4553 Georgii
1958 4473 2198 4553 Douzze
2228 4472 2428 4533 Janus
2470 4473 2847 4552 Rutgersius
2887 4474 3038 4537 Var.
3074 4474 3246 4538 Lect.
3288 4475 3399 4536 lib.
3438 4494 3498 4546 v,
3532 4491 3585 4535 c.
3624 4476 3687 4548 8,

414 4551 658 4630 primus
689 4552 904 4614 Graece
945 4551 1006 4613 et
1043 4552 1263 4631 Latine
1304 4552 1384 4631 Ain
1431 4551 1638 4631 lucem
1678 4551 1899 4631 edidit.
1938 4551 2486 4631 Graculumivero
2548 4551 2737 4631 prosa
2791 4553 3084 4615 oratione
3142 4556 3478 4631 scriptum,
3510 4553 3686 4629 quod

417 4629 925 4719 praecedentibus
976 4629 1374 4719 rhythmicis
1408 4629 1750 4719 .suhjungi,
1786 4647 1859 4690 ex
1900 4630 2120 4719 chndice
2154 4648 2272 4691 ms.
2303 4629 2716 4719 Bibliotheca;
2752 4629 3380 4719 Amsterodamensis
3412 4634 3678 4719 desum-

417 4707 595 4787 ptum
629 4717 749 4781 est,
784 4727 995 4787 neque
1030 4707 1210 4771 antea
1239 4708 1422 4769 ullibi
1465 4707 1879 4787 fuiteditum.
1917 4707 2217 4769 Continet
2254 4716 2466 4769 autem
2505 4710 2918 4787 Paraphrasin
2960 4711 3674 4771 ulLimorum‘undeciin

413 4786 834 4849 Oraculorum
888 4786 1148 4862 Leonis,
1213 4787 1453 4865 quibus
1485 4786 1716 4869 agitur
1763 4789 1841 4869 de
1892 4804 2023 4869 quo
2068 4788 2286 4869 nescio
2334 4787 2554 4850 futuro
2589 4786 2838 4869 optimo
2875 4788 3285 4869 imperatore,
3315 4788 3426 4869 qui
3470 4807 3502 4849 a
3537 4789 3669 4850 Deo

415 4870 681 4937 electus,
710 4869 979 4945 etquasi
1018 4884 1051 4930 e
1089 4876 1291 4927 morte
1326 4867 1699 4938 suscitatus,
1761 4866 2117 4945 imperium,
2162 4866 2949 4943 ConstantinOpolitanum
3010 4866 3362 4945 adepturus
3420 4875 3583 4939 erat,
3617 4873 3678 4929 et

413 4946 771 5028 Graacorum
809 4944 1016 5028 mores
1048 4946 1533 5028 reformaturus.
1573 4945 1884 5028 Caeterum
1921 4945 2067 5028 quis
2106 4944 2299 5028 hujus
2336 4948 2769 5028 Hapeepdeewi
2795 4953 3016 5006 auctor
3052 4948 3160 5019 sit,
3194 4944 3480 5028 uond_u_m
3521 4947 3678 5028 satis

415 5022 568 5083 mihi
602 5030 896 5086 constat:
930 5024 993 5084 id
1027 5024 1335 5085 duntaxat
1409 5018 1975 5102 persuasissimum
2024 5018 2248 5092 habeo,
2294 5037 2411 5084 nec
2466 5018 2772 5102 Scholarii
2823 5040 2962 5085 eam
3002 5018 3168 5095 esse,
3205 5042 3325 5087 nec
3355 5023 3678 5096 Rhuzani.

418 5119 699 5183 quorum
732 5102 1212 5183 Explicationes
1248 5099 1713 5167 Vaticiniorum
1753 5102 2623 5181 ConstantinOpolitanorum
2651 5099 3002 5183 aliquoties
3057 5103 3206 5168 citat
3245 5102 3573 5168 Meursius
3608 5103 3678 5166 in

414 5181 749 5246 Glossario
782 5181 1343 5245 Graeco-barbaro.
2754 5186 2757 5191 λ
