4120 6452
389 357 530 423 1143

1668 353 1865 415 LEON
1878 354 1947 412 ιδ
1974 352 2105 412 PH]
2118 350 2439 413 LOSOPIII

3538 348 3677 417 1144

383 484 455 529 tia
495 491 511 541 ;
558 470 871 543 prudentia,
943 466 1416 537 divinationisque
1478 464 1832 536 participatio
1916 471 1971 517 et

2084 461 2414 532 πολυῖστωρ,
2452 460 2546 513 καὶ
2594 461 2797 531 μᾶλλον
2830 461 2987 528 εἰδὼς
3018 462 3154 534 (52),
3188 466 3551 536 προορατικδς
3580 459 3677 521 καὶ

382 565 813 622 coinmunicatio
840 583 853 631 ;
883 562 1159 619 demissus
1219 575 1391 617 nasus
1421 577 1437 626 ;
1476 558 1621 614 oculi
1658 558 1726 613 ad
1766 557 1967 612 malum

382 657 556 711 erecti
607 660 948 724 ;pattpertas
982 694 996 718 ,
1070 650 1305 707 sordida:
1375 650 1675 717 laceraeque
1764 656 1965 710 vestes.

387 758 673 818 propterea
724 745 870 815 quod
931 744 1058 800 aliis
1103 743 1405 799 studuerit.
1453 742 1570 796 Erit
1613 741 1760 796 enim
1793 740 1969 806 mitis,

386 842 685 903 humanus,
728 838 994 901 liberalis,
1027 836 1436 907 magnanimus,
1475 834 1764 897 terribilis,
1800 848 1970 904 gene-

383 945 568 986 rosus.
597 930 833 1001 Insignis
861 930 979 1000 ejus
1007 929 1199 983 dextra
1217 943 1283 983 eo
1306 926 1455 998 quod
1489 926 1544 980 in
1573 925 1819 995 scapulis
1850 924 1973 979 dua:

381 1033 592 1078 catena:
624 1040 638 1089 ;
675 1022 743 1076 ad
793 1022 1100 1092 onmplatas
1140 1021 1205 1092 (ἓ)
1245 1022 1369 1075 duae
1403 1034 1691 1089 purpureae
1729 1033 1969 1084 cruces;

385 1114 439 1168 in
482 1126 703 1183 pectore
754 1123 936 1167 autent
995 1121 1051 1167 et
1097 1112 1163 1167 ad
1208 1112 1408 1167 collum
1454 1110 1712 1179 αὑτοφίον
1740 1109 1808 1180 (7)
1839 1124 1972 1179 pra:-

384 1214 531 1261 tcrea
573 1215 779 1260 catenae
812 1205 866 1259 in
898 1205 1166 1260 lateribus
1192 1244 1207 1269 ,
1242 1205 1294 1259 in
1324 1203 1539 1275 jugulo,
1576 1203 1629 1258 in
1668 1202 1971 1257 femoribus

387 1299 765 1370 brachiisque.
791 1296 1003 1354 Nomen
1029 1298 1379 1369 imperatoris
1411 1297 1467 1353 in
1498 1296 1759 1369 gentibus
1782 1296 1973 1350 occul-

386 1399 583 1458 tatum,
607 1391 789 1447 simile
816 1390 1012 1446 ultimo
1040 1390 1173 1455 diei,
1212 1390 1467 1459 septimo,
1518 1389 1719 1444 litteris
1761 1388 1971 1443 conﬂa-

387 1492 503 1537 tum
528 1498 652 1553 qua:
710 1489 842 1537 sunt
894 1495 925 1535 a
970 1480 1145 1551 prima
1196 1480 1379 1534 iittcra
1431 1477 1583 1533 verbi
1646 1478 1974 1531 ὀκτωκαιδε-

386 1574 560 1645 κάτῳ,
589 1575 704 1628 sive
722 1573 1014 1627 verborum
1057 1569 1449 1644 τριακοσιοστῷ
1469 1568 1690 1640 πρώτῳ.
1716 1569 1973 1624 Pietatem

387 1663 897 1731 divinationenique
952 1661 1085 1716 colit
1139 1677 1155 1715 :
1205 1676 1329 1716 eum
1399 1675 1530 1715 vero
1576 1660 1828 1715 homines
1878 1674 1977 1729 pro

390 1754 566 1808 nihilo
606 1761 1020 1823 reputaverunt,
1062 1752 1269 1807 scilicet
1303 1766 1582 1821 nunquam
1613 1752 1823 1805 utilem.
1870 1749 1975 1803 lm-

2075 553 2416 623 προφητείας
2478 553 2724 624 μετέχων
2781 554 2932 627 (55),
2962 556 3057 609 καὶ
3108 556 3422 627 μεταδιδούς
3449 573 3464 589 ο
3494 559 3527 627 ἠ
3588 560 3677 628 ῥὶς

2073 644 2238 699 αὐτοῦ
2275 646 2646 717 έπικεκυφυῖα
2674 663 2687 676 '
2738 648 2785 700 οί
2829 647 3101 718 ὀφθαλμοὶ
3133 649 3403 719 μετέωροι
3432 664 3447 677 ³
3476 648 3673 717 πένης,

2074 740 2454 811 κεκαρμένος,
2500 740 2596 793 καὶ
2652 738 2820 811 ῥάκια
2868 740 3250 810 ἐνδεδυμένος,
3306 740 3395 794 διὰ
3460 741 3523 794 τὸ
3574 742 3677 810 μὲν

2074 830 2663 902 χρησιμεύειν.Ἐσται
2697 832 2754 885 δὲ
2792 832 2975 903 πραῢς
3001 834 3095 887 καὶ
3114 832 3499 904 φιλάνθρωπος
3534 833 3672 904 (54),

2076 921 2460 990 εὐμετάδοτος,
2526 922 2924 993 μεγαλόψυχος,
2987 924 3244 997 φοϐερὸς,
3300 928 3571 994 γενναῖος.
3608 925 3677 980 Ἥ

2075 1012 2225 1079 δεξιὰ
2260 1012 2427 1067 αὑτοῦ
2481 1015 2694 1085 άρμοὺς
2722 1015 2816 1069 δύο
2845 1016 3033 1088 σειράς
3055 1034 3067 1046 '
3106 1018 3202 1071 καὶ
3239 1020 3507 1089 σταυροὺς
3534 1034 3677 1087 πορ-

2078 1104 2287 1176 φυροῦς
2313 1105 2453 1177 ἔχων
2476 1108 2570 1161 ἐπὶ
2593 1108 2721 1171 τοὺς
2753 1107 2849 1162 δύο
2877 1108 3238 1179 ὠμοπλάτας,
3267 1111 3361 1163 ἐπὶ
3404 1109 3500 1162 τοῦ
3545 1109 3677 1179 στή-

2080 1193 2205 1257 θους
2239 1193 2297 1247 δὲ
2323 1195 2417 1247 καὶ
2444 1195 2535 1247 ἐπὶ
2561 1195 2653 1249 τὸν
2679 1196 2884 1266 αὐχένα
2909 1198 3187 1266 αὑτόφιον.
3211 1199 3408 1269 Σειράς
3442 1200 3536 1252 ἐπὶ
3564 1199 3677 1253 τῶν

2078 1286 2351 1357 πλευρῶν,
2379 1288 2475 1341 καὶ
2507 1288 2601 1341 ἐπὶ
2645 1288 2741 1341 τοῦ
2770 1290 3067 1361 τραχήλου,
3119 1290 3214 1343 καὶ
3273 1292 3368 1344 ἐπὶ
3413 1290 3521 1344 τῶν
3568 1308 3680 1361 μη-

2081 1379 2192 1449 ρῶν
2242 1379 2338 1433 καὶ
2392 1378 2723 1451 βραχιόνωνο
2755 1381 2817 1434 τὸ
2844 1380 2900 1435 δὲ
2930 1381 3103 1452 δνομα
3142 1381 3236 1436 τοῦ
3286 1382 3551 1452 βασιλέως
3582 1400 3678 1437 κε-

2079 1472 2398 1540 κρυμμένον
2432 1472 2501 1547 ,ἐν
2556 1472 2671 1534 τοῖς
2730 1470 2931 1526 ἔθνεσι.
2989 1473 3202 1542 Ὁμοιοῖ
3250 1474 3307 1528 δὲ
3346 1478 3413 1547 τῇ
3473 1476 3678 1547 ἐσχάτῃ

2078 1562 2263 1632 ἡμέρᾳ
2295 1564 2361 1633 τῇ
2419 1563 2644 1637 ἑϐδόμῃ.
2680 1564 2958 1635 Γράφεται
2986 1565 3043 1618 δὲ
3076 1566 3169 1619 καὶ
3186 1566 3294 1620 ἀπὸ
3323 1566 3417 1619 τοῦ
3455 1566 3679 1638 πρώτου

2079 1653 2411 1724 γράμματος
2473 1657 2533 1708 ὲν
2592 1656 2670 1727 τῷ
2738 1657 3234 1730 ὀκτωκαιδεκάτῳ,
3302 1660 3423 1729 ήτοι
3481 1662 3539 1713 ἐν
3596 1660 3680 1731 τῷ

2080 1745 2483 1817 τριακοσιοστῷ
2548 1746 2771 1819 πρώτῳ.
2844 1748 3138 1805 Φυλάττων
3205 1751 3539 1818 θεοσέϐειαν,
3583 1755 3681 1807 καὶ

389 1853 554 1915 ponet
610 1843 879 1900 Dominus
957 1857 1180 1899 manum
1263 1857 1423 1897 suam
1500 1843 1552 1897 in
1606 1842 1789 1912 capite
1850 1841 1973 1910 ejus

2084 1838 2420 1909 προφητείαν
2440 1856 2454 1870 ·
2482 1840 2545 1893 ὃν
2592 1840 2813 1895 ἐδόκουν
2844 1843 2895 1894 οἱ
2926 1842 3207 1914 ἄνθρωποι
3232 1844 3307 1907 ὡς
3351 1845 3504 1899 οὐδὲν
3525 1846 3679 1911 ὄντα,

391 1939 657 2009 illumque
689 1937 831 1993 ‘oleo
895 1947 1066 2007 unget
1117 1937 1172 1991 in
1226 1934 1504 2006 supremis
1552 1934 1773 2000 diebus,
1826 1934 1971 1989 unde

2084 1930 2170 1982 καὶ
2200 1933 2281 1994 είς
2335 1930 2491 1985 οὐδὲν
2540 1932 2970 2004 χρησιμεύοντα.
3017 1936 3305 2008 Ἐπιθήσει
3343 1938 3547 2008 Κύριος
3580 1938 3682 2005 τὴν

389 2038 585 2085 unctus
611 2028 909 2084 scribetur.
944 2025 1267 2095 Egredietur
1290 2042 1356 2082 ex
1391 2025 1704 2089 lsmaelitis,
1726 2033 1780 2080 et
1806 2040 1972 2094 super

2084 2025 2236 2094 χεῖρα
2268 2024 2434 2077 αὐτοῦ
2462 2026 2557 2079 ἐπὶ
2583 2025 2682 2097 τὴν
2708 2026 2956 2097 κορυφὴν
2990 2027 3180 2094 αὑτοῦ,
3226 2030 3319 2083 καὶ
3361 2030 3543 2100 χρίσει
3574 2030 3680 2086 αύ-

388 2139 487 2179 eos
543 2122 968 2189 dominabitur;
1006 2122 1117 2178 illis
1161 2122 1309 2177 enim
1362 2122 1417 2175 in
1474 2121 1671 2175 diebus
1718 2118 1973 2173 homines

2084 2115 2167 2169 τὸν
2196 2115 2374 2171 ἔλαιον
2404 2119 2485 2183 είς
2510 2117 2577 2171 τὰ
2620 2118 2748 2184 τέλη
2784 2120 2895 2174 τῶν
2921 2120 3166 2193 ήμερῶν,
3202 2122 3261 2186 ὃς
3297 2122 3680 2194 γραφθήσεται

389 2222 770 2280 conterentur,
802 2213 970 2269 facies
1031 2228 1163 2270 suas
1212 2213 1282 2268 ad
1329 2222 1529 2268 terram
1588 2218 1974 2283 prosternent,

391 2307 669 2376 pulverem
720 2322 889 2377 super
940 2308 1121 2376 capita
1161 2320 1261 2361 sua
1317 2303 1621 2368 ell‘undcnt,
1671 2305 1977 2359 clamantes

389 2398 457 2452 ad
493 2396 785 2452 Dominum
812 2397 936 2453 coeli
971 2406 1025 2453 et
1053 2405 1235 2453 terrae.
1285 2394 1441 2451 Tunc
1476 2395 1736 2450 exaudiet
1793 2393 1978 2448 Domi-

392 2506 497 2546 nus
538 2506 732 2560 preces
762 2505 979 2553 eorum,
1030 2506 1194 2546 aures
1230 2490 1296 2545 ad
1341 2490 1551 2543 incolas
1598 2500 1759 2543 terra:
1815 2487 1978 2542 incli-

393 2595 553 2645 nans,
583 2593 856 2648 suumque
882 2580 985 2634 sub
1013 2579 1254 2633 humana
1303 2578 1479 2634 forma
1512 2580 1694 2633 mittet
1742 2578 1980 2632 archan-

393 2671 598 2740 gelum,
637 2670 757 2740 qui,
792 2678 1086 2740 postquam
1116 2685 1215 2740 per
1250 2670 1463 2724 insulas
1500 2676 1754 2724 versatus
1785 2668 1979 2731 fuerit,

396 2762 643 2817 inveniet
694 2768 974 2827 sanctum,
1030 2768 1272 2816 mactum
1328 2761 1627 2825 hominem,
1676 2759 1815 2814 nulli
1875 2759 1980 2814 ho-

395 2854 529 2909 mini
566 2854 771 2917 visum,
812 2855 946 2909 nulli
979 2856 1264 2926 cognitum
1309 2871 1323 2922 ;
1358 2856 1549 2911 utilem
1592 2863 1647 2910 et
1674 2854 1927 2910 inutilem
1963 2871 1979 2921 ;

394 2947 706 3000 mendicum
760 2954 817 3002 et
867 2961 978 3001 non
1018 2962 1292 3018 egenum;
1332 2947 1753 3003 misericordem
1787 2956 1843 3001 et
1876 2945 1983 2999 mi-

395 3038 756 3094 sericordiam
811 3048 1174 3105 moventem;
1228 3040 1439 3095 nudum
1488 3047 1544 3095 et
1578 3039 1693 3094 lino
1740 3037 1984 3109 pretioso

2084 2207 2441 2279 ἡλειμμένος,
2469 2211 2563 2263 καὶ
2594 2210 2938 2275 ἐξελεύσεται
2970 2213 3112 2267 κατὰ
3149 2214 3257 2267 τῶν
3301 2213 3679 2285 Ἰσμαηλιτῶν.

2078 2299 2189 2353 Καὶ
2219 2302 2487 2371 κρατήσει
2517 2304 2739 2368 αὐτοὺς,
2773 2304 2857 2357 ὅτι
2887 2305 2945 2358 ὲν
2993 2307 3114 2369 ταῖς
3140 2305 3380 2376 ἡμέραις
3432 2306 3681 2369 ἐκείναις

2080 2392 2433 2463 θλιὸήσονται
2462 2396 2511 2448 οἱ
2546 2394 2849 2467 ἄνθρωποι,
2900 2398 2993 2451 καὶ
3026 2398 3259 2452 δώσουσι
3305 2399 3375 2452 τὰ
3412 2399 3682 2471 πρόσωπα

2080 2484 2263 2537 αὐτῶν
2290 2486 2384 2538 ἐπὶ
2419 2487 2518 2556 τῆς
2566 2488 2689 2558 γῆς,
2727 2491 2825 2542 καὶ
2855 2490 2985 2559 χοῦν
3035 2490 3280 2544 πάσουσν
3315 2491 3411 2545 ἐπὶ
3455 2491 3556 2554 τὰς
3589 2509 3683 2545 κεσ-

2081 2576 2258 2646 φαλὰς
2307 2577 2513 2645 αὐτῶν,
2570 2580 2668 2633 καὶ
2706 2579 2965 2651 βοήσουσι
3022 2583 3159 2651 πρὸς
3190 2582 3398 2655 Κύριον
3423 2583 3515 2637 τὸν
3549 2583 3685 2636 Θεὸν

2080 2666 2176 2721 τοῦ
2209 2668 2441 2739 ούρανοῦ
2498 2670 2595 2722 καὶ
2650 2670 2753 2740 τῆς
2792 2672 2915 2741 γῆς,
2959 2673 3057 2725 καὶ
3109 2673 3233 2726 τότε
3301 2672 3683 2727 είσακούσεται

2081 2758 2292 2830 Κύριος
2334 2760 2434 2831 τῆς
2476 2761 2716 2835 δεήσεως
2771 2764 2970 2831 αὐτῶν,
3004 2765 3100 2818 καὶ
3150 2765 3309 2835 θήσει
3346 2766 3415 2820 τὰ
3441 2759 3555 2820 ὦτα
3590 2766 3685 2819 ἐπὶ

2081 2850 2209 2912 τοὺς
2233 2849 2626 2915 κατοικοῦντας
2654 2851 2753 2922 τὴν
2797 2854 2903 2922 γῆν
2924 2896 2938 2920 ,
2975 2854 3072 2908 καὶ
3102 2854 3393 2908 ἀποστελεῖ
3433 2856 3524 2908 τὸν
3549 2856 3686 2927 ἀρχ-

2084 2939 2316 3009 άγγελον
2349 2942 2516 2995 αὑτοῦ
2548 2944 2607 2998 ὲν
2640 2945 2884 3016 σχήματι
2926 2944 3217 3017 ἀνθρώπου
3238 2986 3252 3011 ,
3289 2947 3385 2999 καὶ
3420 2946 3683 3018 αύλισθή-

2088 3051 2243 3088 σεται
2278 3035 2337 3087 ὲν
2400 3038 2524 3101 ταῖς
2587 3039 2777 3108 νήσοις
2813 3039 2948 3111 (55).
2994 3039 3105 3093 Καὶ
3134 3040 3355 3110 εὑρήσει
3381 3040 3476 3093 τὸν
3529 3039 3685 3109 ἅγιον

397 3134 704 3197 vestitum;
747 3149 982 3205 corpore
1052 3142 1332 3189 mortuum
1398 3144 1455 3189 et
1533 3134 1718 3188 valido
1785 3132 1979 3204 spiritu

2090 3126 2279 3189 αὐτοῦ,
2310 3126 2401 3180 τὸν
2427 3127 2760 3199 ήλειμμένον
2785 3131 2916 3202 παρ’
2954 3130 3170 3195 οὐδενὸς
3206 3130 3558 3202 βλεπόμενον,
3588 3132 3684 3186 καὶ

399 3230 718 3293 viventem;
780 3243 976 3283 sanum
1036 3234 1091 3283 et
1148 3226 1863 3297 inﬁrmum;imperantem
1926 3238 1984 3281 et

399 3318 532 3372 nihil
567 3319 936 3387 proﬁcientem
978 3336 995 3387 ;
1040 3320 1288 3390 ignarum
1324 3327 1380 3374 et
1434 3319 1604 3372 multa
1661 3318 1927 3373 scientem
1967 3335 1982 3384 ;

398 3411 657 3466 omnibus
720 3411 1019 3465 obscurum
1102 3412 1491 3482 ignotumque,
1538 3408 1649 3465 Deo
1693 3416 1878 3463 autem
1931 3416 1986 3464 et

401 3499 506 3554 sibi
539 3498 933 3567 manifestum;
960 3502 1147 3555 servili
1178 3501 1499 3557 conditione
1546 3501 1847 3562 viventem.
1885 3499 1985 3556 sed

400 3605 597 3659 genere
632 3591 901 3660 imperiali
933 3601 1114 3646 ortum
1142 3591 1526 3661 ;impcratoris
1552 3590 1744 3655 lilium,
1774 3590 1986 3659 ipsumo

401 3697 511 3751 quc
561 3682 750 3751 gloriae
802 3684 1216 3753 imperatorem.
1265 3682 1490 3738 Sedebit
1521 3692 1706 3738 autem
1748 3683 1802 3736 in
1857 3696 1986 3736 arce

403 3774 674 3845 Byzantii.
736 3775 897 3845 longe
935 3775 1005 3830 ab
1035 3774 1374 3830 occidentali
1425 3786 1603 3845 porta,
1643 3776 1697 3829 in
1731 3774 1987 3843 sigmatis

402 3866 649 3937 regione.
726 3865 879 3922 Illius
932 3864 1189 3922 educatio
1233 3881 1301 3921 ex
1362 3866 1653 3921 nativitate
1701 3864 1986 3937 octoginta

400 3960 647 4014 calculos
694 3959 902 4015 habens
960 3974 1159 4015 nomen
1198 3959 1342 4029 ejus.
1398 3959 1495 4015 Est
1526 3957 1674 4015 enim
1708 3973 1738 4013 a
1775 3957 1989 4013 duode-

402 4051 543 4104 cima
578 4051 761 4106 littera
798 4068 813 4117 ;
842 4051 1077 4106 alterum
1114 4059 1302 4105 autem
1330 4065 1359 4104 a
1386 4051 1569 4121 prima
1615 4050 1799 4106 littera
1844 4048 1990 4105 scri-

410 4141 562 4197 bitur
610 4142 665 4196 in
724 4142 894 4197 verbo
947 4140 1427 4211 ὀκτωκαιδεκάτῳ.
1474 4139 1590 4195 Erit
1643 4140 1990 4197 assimilatus

410 4233 523 4289 Deo
577 4234 885 4290 Altissimo.
928 4232 1078 4288 Patri
1131 4232 1253 4303 ejus
1310 4248 1513 4289 nomen
1562 4232 1832 4288 divinum.
1882 4232 1985 4288 Cui

406 4324 739 4396 profundum
775 4326 1073 4397 ingenium.
1108 4325 1241 4381 Sine
1267 4334 1419 4396 patre
1434 4334 1520 4382 est
1546 4334 1602 4380 et
1634 4328 1755 4382 sine
1784 4337 1985 4393 matre,

407 4419 529 4473 sine
561 4418 900 4489 genealogia.
956 4417 1134 4472 Simul
1182 4427 1238 4471 et
1290 4435 1356 4472 ex
1407 4434 1517 4472 una
1564 4435 1737 4475 uxore
1787 4420 1992 4476 liberos

2090 3219 2243 3289 παρὰ
2280 3219 2507 3288 μηδενὸς
2546 3222 2965 3293 γνωριζόμενον,
2991 3224 3083 3276 τὸν
3121 3224 3356 3294 χρηστὸν
3388 3224 3484 3278 καὶ
3511 3223 3686 3296 ἄχρη-

2096 3326 2258 3374 στον,
2298 3312 2391 3364 τὸν
2414 3311 2632 3383 πτωχὸν
2671 3316 2767 3366 καὶ
2823 3314 2898 3385 μὴ
2929 3314 3329 3387 ύστερούμενον
3378 3317 3529 3387 (56),
3591 3318 3687 3371 τὸν

2093 3401 2370 3467 ἐλεοῦντα,
2421 3405 2517 3457 καὶ
2548 3404 2871 3475 ἐλεούμενον
2895 3448 2911 3472 ,
2941 3407 3033 3461 τὸν
3080 3408 3289 3478 γυμνὸν
3326 3410 3420 3462 καὶ
3455 3408 3686 3479 βύσσινα

2088 3495 2463 3564 ἠμφιεσμένον
2516 3496 2607 3549 τὸν
2646 3497 2839 3568 νεκρὸν
2904 3499 3035 3553 ὄντα
3062 3500 3141 3571 τῷ
3188 3500 3424 3571 σώματι,
3460 3501 3556 3554 καὶ
3605 3501 3687 3555 εύ-

2090 3603 2261 3641 πνουν
2294 3589 2390 3641 καὶ
2432 3589 2612 3653 ζῶντα
2643 3590 2721 3659 τῷ
2761 3591 3036 3663 πνεύματι
3060 3610 3075 3624 ·
3118 3594 3177 3647 ’0
3208 3594 3393 3664 άρτιος
3432 3595 3526 3649 καὶ
3551 3596 3686 3648 κυλ-

2089 3678 2253 3741 λὺς,ὁ
2279 3681 2665 3753 προκατάρξας
2718 3683 2814 3737 καὶ
2869 3686 2949 3747 εἰς
2987 3684 3141 3738 οὐδὲν
3204 3687 3580 3757 χρησιμεύων.
3624 3689 3687 3740 Ὀ

2090 3772 2264 3841 ἀδαὴς
2292 3774 2386 3826 κα)⁵
2415 3774 2587 3828 πολλὰ
2620 3775 2777 3839 είδώς
2809 3792 2823 3807 ’
2857 3776 2919 3830 '0
2949 3779 3064 3842 τοῖς
3093 3778 3227 3831 πᾶσι
3257 3780 3556 3844 σκοτεινὸς,
3587 3780 3687 3834 καὶ

2090 3865 2326 3934 ἀφανὴς,
2360 3865 2439 3937 τῷ
2467 3866 2523 3919 δὲ
2546 3866 2665 3938 Θεῷ
2704 3869 2798 3921 καὶ
2824 3870 3008 3938 έαυτῷ
3066 3870 3375 3944 φανερός·ὀ
3406 3874 3469 3925 ὲκ
3489 3873 3690 3941 μοίρας

2090 3957 2377 4030 δουλικῆς,
2404 3961 2498 4014 κα).
2529 3962 2595 4014 ἐκ
2625 3961 2815 4029 γένους
2847 3961 3124 4032 βασιλικοῦ
3147 3965 3516 4034 καταγόμενος
3546 3965 3685 4036 (5Ἰ),

2091 4047 2365 4115 Βασιλέως
2399 4051 2515 4114 υίὸς
2533 4053 2627 4105 καὶ
2660 4053 2824 4116 αὐτὸς
2855 4053 3111 4123 βασιλεὺς
3153 4056 3254 4126 τῆς
3280 4056 3439 4127 δόξης
3461 4074 3476 4088 ’
3500 4073 3689 4110 κατοι-

2093 4140 2207 4194 κῶν
2235 4142 2295 4194 ὲν
2327 4141 2404 4212 τῷ
2456 4143 2611 4214 άκρῳ
2658 4145 2758 4216 τῆς
2810 4144 3156 4213 Βυζαντίδος,
3185 4147 3294 4201 ἀπὸ
3322 4152 3422 4219 τῆς
3467 4148 3691 4217 δυτικῆς

2093 4232 2194 4299 τῆς
2245 4230 2452 4296 πόλεως
2517 4233 2694 4302 πύλης
2723 4234 2837 4304 (58)
2864 4236 3093 4307 πλησίον
3130 4238 3225 4290 τοῦ
3259 4237 3524 4307 σίγματος
3553 4238 3686 4307 (59).

2094 4322 2270 4376 Αὐτοῦ
2324 4325 2357 4393 ή
2401 4324 2681 4395 ἀνατροφή
2731 4327 2797 4379 ὲκ
2840 4326 3031 4394 γένους
3082 4329 3415 4399 ὁγδοήκοντα
3475 4329 3691 4399 ψήφους

2096 4415 2235 4485 ἔχων
2264 4416 2323 4469 τὸ
2344 4416 2515 4487 ὄνομα
2548 4417 2735 4471 αὐτοῦ.
2768 4420 2924 4471 Ἔστι
2973 4419 3030 4472 δὲ
3060 4421 3153 4473 κα).
3183 4421 3291 4473 ἀπὸ
3322 4419 3417 4473 τοῦ
3453 4420 3693 4473 δωδεκά-

406 4510 672 4581 suscepit,
709 4508 850 4565 lilios
879 4508 1103 4579 quidem
1143 4516 1197 4563 et
1233 4508 1396 4563 tilias.
1468 4510 1576 4565 ista
1616 4519 1800 4566 autem
1847 4510 1979 4567 libe-

2098 4525 2188 4561 του
2220 4508 2486 4580 στοιχείου
2508 4524 2522 4538 ·
2545 4510 2605 4565 τὸ
2631 4510 2688 4563 δὲ
2732 4511 2921 4581 ἕτερον
2956 4513 3227 4583 γράφεται
3267 4513 3377 4567 ἀπὸ
3412 4511 3507 4566 τοῦ
3539 4510 3692 4583 πρώ-

1894 4623 2128 4680 ΝΟΤᾸΕ.

477 4738 588 4809 (39.)
626 4737 862 4803 Πολιὸς,
909 4738 1277 4804 πολυῖστωρ,
1310 4736 1409 4791 καὶ
1460 4735 1631 4807 μάλα
1656 4736 1850 4807 εἰδώς.
1892 4736 1996 4794 lie-

408 4811 571 4879 spicit
599 4809 664 4861 ad
701 4810 834 4861 illud
862 4809 1076 4863 oraculi
1116 4813 1246 4863 noni
1276 4825 1291 4862 :
1444 4840 1447 4841 ν

486 4898 583 4964 Ὠς
615 4898 770 4967 ἄγαν
799 4899 1067 4967 πρέσϐυς
1094 4897 1192 4951 καὶ
1224 4896 1437 4962 πολιὸς
1463 4896 1755 4967 ἐχέφρων.

477 4990 592 5061 (55)
620 4990 1021 5057 Προορατικὸς
1051 4990 1151 5061 καί
1181 4989 1547 5061 προφητείας
1569 4988 1861 5057 μετέχων.
1890 4987 1998 5045 [ιε’-

410 5065 572 5131 spicnt
601 5061 667 5114 ad
703 5062 849 5115 hunc
873 5061 1088 5115 oraculi
1115 5060 1311 5114 decimi
1351 5060 1498 5115 tertii
1530 5076 1747 5114 versum
1774 5075 1787 5112 :

484 5153 556 5207 Τὸ
582 5153 819 5223 μέλλον
846 5154 1144 5218 ὀξύτατον
1180 5152 1402 5207 εἰδέναι
1429 5152 1695 5222 μᾶλλον.

481 5246 593 5310 (Si)
632 5248 846 5299 Ἔσται
884 5246 953 5299 δὲ
997 5245 1192 5313 πραῢς
1235 5246 1334 5299 καὶ
1380 5245 1829 5315 φιλάνθρωπος,
1883 5251 1989 5299 etc.

414 5317 663 5388 Respicit
700 5317 766 5370 ad
797 5317 931 5372 illud
957 5318 1169 5371 oraculi
1192 5317 1389 5371 decimi
1425 5317 1572 5370 tertii
1606 5332 1619 5366 :

482 5410 902 5477 Μηνόκρανον,
924 5410 1227 5478 μείλιχον,
1266 5408 1485 5476 πραῢν,
1519 5408 1807 5476 ὑψίνουν.

489 5500 562 5569 (Ι)
590 5503 670 5555 An
700 5501 1065 5573 τρ;κόνδολος,
1089 5511 1166 5555 ter
1192 5501 1503 5573 articulatos
1548 5501 1741 5573 digitos
1785 5500 1998 5573 habens.

492 5574 603 5638 (55)
640 5571 745 5625 Kal
797 5572 1239 5639 αὐλισθήσετιιι
1295 5571 1364 5626 ἐν
1404 5572 1533 5637 ταῖς
1588 5571 1827 5636 νήσοις.
1886 5571 2002 5625 lluc

424 5637 557 5692 facit
588 5637 678 5694 illc
706 5643 833 5694 noni
867 5637 1077 5696 oraculi
1112 5658 1305 5697 versus
1337 5658 1351 5693 :

507 5708 734 5763 Ἐλθὼν
764 5712 831 5763 δὲ
865 5714 1095 5777 δισσῶς
1138 5715 1244 5778 τὰς
1277 5712 1512 5779 νήσους
1553 5711 1998 5778 ἑπταταύλους.

2176 4738 2288 4809 (56)
2344 4738 2475 4809 Τὸῃ
2503 4738 2748 4806 πτωχὸν
2786 4738 2906 4809 καίᾷ
2928 4739 3015 4807 μὴ
3066 4739 3539 4807 ὐστερούμενον.
3572 4737 3694 4795 llttc

2101 4807 2377 4880 pertinent
2427 4808 2518 4861 illa
2559 4809 2770 4862 oraculi
2802 4807 3079 4863 undecimi
3122 4813 3293 4865 verba
3328 4826 3341 4862 :
3381 4811 3415 4879 ἡ
3462 4810 3685 4880 πτωχοῦ

2099 4882 2125 4929 ὲ
2136 4878 2489 4947 πικράτησις.
3334 4932 3341 4939 ,

2172 4967 2285 5036 (57)
2320 4966 2382 5038 f0
2414 4965 2483 5019 ἐκ
2510 4967 2724 5035 μοίρας
2753 4966 3046 5038 δουκικῆς
3099 4968 3199 5023 καὶ
3238 4969 3309 5023 ἐκ
3339 4968 3691 5038 τένουςηβα-

2100 5036 2343 5117 σιλιριοῦ
2393 5040 2822 5108 καταγόμενος.
2883 5036 3003 5094 lluc
3054 5040 3290 5111 pertinet
3337 5036 3429 5096 ille
3477 5036 3693 5097 oracul-

2100 5114 2243 5163 scxti
2278 5122 2467 5163 versus
2495 5125 2509 5160 :

2173 5200 2373 5265 Μόνος
2402 5200 2688 5269 ἀναχθεὶς
2718 5201 2787 5264 ἐξ
2817 5200 3165 5271 ἀνακτόρων
3189 5202 3434 5269 κλέους.

2176 5294 2288 5362 (58)
2326 5293 2463 5346 Ἀπὸ
2490 5292 2601 5361 τῆς
2627 5292 2883 5361 δυτικῆς
2912 5294 3024 5361 τῆς
3048 5295 3281 5360 πόλεως
3311 5295 3536 5363 πύλης.
3570 5292 3691 5349 Huc

2102 5363 2238 5418 facit
2269 5366 2357 5418 ille
2381 5378 2574 5418 versus
2612 5364 2810 5419 decimi
2842 5366 2990 5419 tertii
3021 5366 3231 5420 oraculi
3267 5383 3281 5419 :

2180 5482 2377 5536 Ἀπιτε
2405 5480 2653 5551 σπουδῇ
2682 5481 2833 5551 πρὸς
2860 5480 3100 5550 δυσμὰς
3129 5480 3509 5552 ἐπτιιλόφου.

2182 5574 2295 5644 (59)
2333 5576 2607 5641 Πλησίον
2659 5573 2768 5627 τοῦ
2796 5575 3110 5642 σίγματος.
3175 5574 3247 5631 Dc
3284 5576 3385 5633 hoc
3415 5578 3538 5633 loco
3569 5577 3690 5634 vide

2109 5662 2260 5703 nicas
2291 5646 2358 5701 ad
2386 5646 2657 5701 Cudinum
2691 5647 3095 5702 adtiotationcs.
