4120 6442
386 415 543 481 1145

1286 424 1654 487 ORACULA.
1683 453 1749 464 ·-
1771 428 2117 491 ANONYMI
2143 430 2687 493 PARAPHRASIS.

3502 410 3670 499 11:6

401 544 494 581 του
551 530 880 602 γράμματος
930 535 990 589 ἐν
1050 537 1128 609 τῷ
1189 539 1663 614 ὀκτωκαιδεκάτῳ.
1712 545 1907 600 Ἔσται
1934 546 1972 599 δὲ

2097 563 2282 603 rerum
2326 544 2727 620 mulierumque
2788 550 3008 605 nomina
3043 560 3303 608 constant
3331 564 3393 608 ex
3444 552 3669 609 littteris

401 619 836 690 ἀφωμοιωμένος
870 623 949 695 τῷ
973 625 1092 697 Θεῷ
1120 628 1198 699 τῷ
1231 629 1463 702 ὑψίστῳ.
1494 633 1566 685 Τὸ
1597 633 1652 686 δὲ
1676 634 1847 705 ὄνομα
1890 637 1986 691 τοῦ

404 711 620 781 Πατρὸς
650 714 815 768 αὐτοῦ
851 716 1120 783 θεῖον.Ὄς
1148 723 1294 775 ἐστιν
1317 723 1537 793 ύψίνους
1560 744 1574 759 ·
1600 727 1714 782 ἔστι
1746 729 1803 783 δὲ
1830 731 1988 786 ἀπά-

402 818 542 874 τωρ,
558 806 814 878 ἀμήτωρ,
838 810 933 861 καὶ
960 810 1389 885 ἀγενεαλόγητος
1410 831 1424 844 °
1445 816 1560 886 ἅμα
1577 818 1634 872 δὲ
1659 821 1754 874 καὶ
1770 824 1988 893 τρικόν-

399 894 557 966 δηλος
572 898 703 966 (59‘)
726 900 791 952 ἐκ
810 901 1094 966 συνουσίας
1112 906 1307 969 παῖδας
1322 909 1554 980 ποιήσας
1581 916 1812 980 γυναῖκα
1833 918 1985 987 μίαν,

398 987 526 1051 τοὺς
561 990 659 1057 μὲν
681 989 1052 1062 ἄῤῥενας,τὰς
1071 994 1125 1047 δὲ
1149 995 1387 1067 θηλείας.
1407 1001 1517 1054 Καὶ
1535 1003 1706 1057 ταῦτα
1728 1005 1835 1059 τῶν
1858 1008 1987 1061 παί-

394 1074 500 1129 δων
534 1078 627 1165 καὶ
668 1080 778 1133 τῶν
796 1082 1071 1148 γυναικῶν
1096 1086 1162 1138 τὰ
1187 1087 1428 1157 ὀνόματα
1465 1088 1581 1162 ἅμα
1611 1099 1686 1162 μ’,
1709 1093 1785 1163 ξδ’,
1820 1095 1888 1165 γ’,
1914 1096 1985 1164 α’,

395 1171 466 1230 α’,
495 1164 567 1232 α’,
604 1173 636 1220 ι’
683 1170 793 1223 Καὶ
822 1170 973 1227 ἔσται
1005 1173 1061 1227 δὲ
1102 1174 1235 1245 δῆλα
1266 1177 1441 1235 ταῦτα
1481 1183 1589 1236 ἀπὸ
1617 1185 1712 1238 τοῦ
1758 1164 1985 1259 σημείου

393 1256 487 1309 τοῦ
536 1256 724 1329 ὄνυχος
773 1261 867 1314 τοῦ
911 1262 1088 1329 δεξιοῦ
1150 1267 1349 1334 ποδός,
1392 1271 1485 1325 καὶ
1520 1274 1627 1327 ἀπὸ
1682 1276 1776 1330 τοῦ
1810 1256 1985 1344 δεξιοῦ

394 1346 672 1441 ὀφθαλμοῦ
701 1351 887 1419 αὐτοῦ,
919 1354 979 1418 ὃς
1000 1358 1117 1410 ἐστι
1154 1360 1411 1426 στρεϐλὸς
1433 1363 1712 1437 ὀφθαλμὸς
1740 1369 1841 1439 τῆς
1862 1387 1987 1441 πορ-

394 1436 564 1529 νείας.
624 1442 736 1496 Καὶ
783 1442 939 1512 ἅγιος
999 1445 1076 1517 τῷ
1123 1450 1349 1523 Κυρίῳ·
1390 1454 1576 1521 ἐλαίας
1616 1436 1760 1529 ἔχων
1798 1436 1885 1525 ἐίς
1917 1436 1987 1516 τὰ

393 1527 541 1595 δεξιὰ
598 1532 763 1604 μέρη,
796 1535 876 1599 είς
904 1554 963 1590 τε
1010 1539 1072 1592 τὸ
1128 1541 1430 1613 ύπομάζιον
1470 1561 1485 1577 ·
1522 1549 1616 1602 καὶ
1650 1527 1851 1620 μᾶλλον
1888 1554 1983 1607 τοῦ

393 1620 740 1690 ὡμοπλάτου,
795 1627 888 1680 ἐπί
932 1646 991 1682 τε
1047 1630 1138 1685 τοῦ
1198 1634 1374 1706 μηροῦ
1435 1641 1528 1693 καὶ
1566 1641 1658 1694 τοῦ
1697 1641 1856 1710 ὠτός,
1891 1647 1985 1700 καὶ

392 1710 486 1763 ἐπὶ
531 1711 854 1806 τηνᾷδεξιὰν
900 1718 1071 1791 ὀφρὺν
1104 1721 1194 1776 διὰ
1241 1725 1302 1778 τὸ
1357 1728 1455 1799 τῆς
1484 1729 1854 1806 ὲλεημοσύνης
1889 1736 1986 1806 μέ-

392 1817 541 1898 τρον.
581 1804 1010 1878 Ἐξερυθραίνων
1048 1814 1121 1867 τὰ
1154 1818 1299 1887 μήλα
1352 1823 1582 1892 χαρίεις.
1632 1804 1899 1898 Εύμήκης
1924 1828 1984 1881 τὸ

2091 640 2416 697 notantibus
2476 658 2734 699 numeros
2799 644 2891 710 ιο,
2925 645 2979 710 4,
3025 645 3078 709 5,
3118 645 3171 710 1,
3218 647 3270 710 1,
3312 647 3362 709 l,
3397 646 3497 713 l0;
3549 663 3670 717 quae

2092 733 2383 788 manifeSta
2431 743 2594 790 erunt
2627 750 2694 791 ex
2730 736 2919 805 unguli
2959 737 3113 807 pedis
3153 738 3331 792 dextri
3385 740 3566 811 signo,
3613 754 3671 797 et

2090 840 2155 880 ex
2228 826 2425 881 dextro
2478 829 2661 890 oculo,
2725 829 2819 896 qui
2889 838 2977 883 est
3038 839 3299 885 versutus
3358 831 3667 886 meretricis

2056 926 2059 927 '
2092 918 2309 972 oculus.
2353 916 2593 989 Sanctus
2622 926 2751 973 ante
2787 918 2952 973 Deum
2985 927 3089 974 est.
3118 917 3306 974 Olivas
3358 919 3567 974 habens
3610 920 3667 974 in

2095 1010 2287 1066 dextra
2336 1011 2590 1082 corporis
2629 1019 2807 1082 parte,
2844 1012 3035 1068 subter
3084 1012 3377 1077 mamillas,
3431 1027 3669 1083 praeser-

2105 1103 2203 1158 tim
2252 1103 2306 1157 in
2363 1102 2639 1174 omoplata
2674 1100 2740 1174 (?)
2766 1102 3021 1169 Femore,
3060 1118 3212 1167 aure,
3239 1113 3291 1157 et
3322 1103 3389 1158 ad
3412 1103 3668 1159 dextrum

2088 1194 2448 1266 supercilium
2491 1197 2799 1250 secundum
2830 1195 3204 1250 miserationis
3230 1195 3479 1266 gradum.
3523 1194 3669 1249 Sua-

2088 1287 2233 1341 viter
2248 1287 2402 1356 genis
2427 1285 2785 1341 erubescens.
2811 1283 3057 1355 Longum
3081 1287 3131 1341 ei
3153 1294 3398 1340 mentum
3424 1295 3668 1357 tnystace

2088 1391 2437 1436 coronatum.
2459 1378 2724 1445 Blandus,
2757 1377 3070 1445 melliﬂuus,
3098 1380 3254 1451 nigro
3268 1380 3489 1449 capillo,
3516 1389 3669 1433 aute-

2088 1470 2234 1523 riore
2273 1466 2473 1537 capitis
2529 1475 2686 1537 parte
2741 1468 2954 1533 calvus,
3015 1481 3204 1531 senex,
3238 1468 3433 1530 victor,
3470 1468 3667 1521 trium-

2088 1558 2286 1628 phans.
2320 1556 2431 1612 Rex
2463 1572 2650 1629 regum
2683 1559 2946 1627 Optimus.
2990 1555 3255 1615 Habitans
3285 1561 3339 1614 in
3374 1560 3665 1630 tetrapylo,

2089 1650 2142 1702 in
2218 1648 2531 1703 humidiore
2591 1648 2844 1719 sigmatis
2900 1655 3074 1719 parte,
3138 1649 3194 1703 in
3253 1650 3422 1704 maris
3480 1650 3666 1706 littore

2099 1754 2335 1810 aquoso,
2386 1738 2647 1795 inferiore
2676 1746 2731 1794 et
2762 1754 3012 1795 cmuoso.
3044 1739 3127 1793 Illi
3162 1739 3463 1809 egredienti
3517 1739 3665 1794 foras

2086 1831 2208 1885 duae
2245 1837 2439 1901 port:e,
2492 1846 2599 1885 una
2633 1830 2853 1901 quidem
2901 1845 3091 1895 aurea,
3137 1831 3308 1886 altera
3354 1829 3501 1900 ligno
3532 1846 3664 1886 con-

395 1892 603 1995 γιξνειον
629 1898 1061 1995 μεσηλιωμένον,
1075 1904 1214 1975 ἔχων
1239 1909 1335 1981 τὴν
1350 1912 1564 1985 ὑπήνην
1582 1916 1698 1985 ἄμα
1714 1892 1972 1992 λιτῇ-κρατί.

2089 1923 2211 1978 ﬂata
2276 1932 2597 1993 armataque
2643 1923 2708 1994 (?)
2757 1920 2956 1981 Omnia
3019 1938 3239 1980 sursum
3294 1924 3665 1995 deorsumque

392 1984 649 2084 Μείλιχος
699 1990 1050 2084 μελισταγὴς,
1107 1999 1398 2073 μελάθριξ,
1449 1984 1851 2077 ἀναφάλαντος,
1886 2030 1987 2084 γη-

396 2076 568 2174 eam.
587 2081 834 2174 νίκητὴς,
862 2087 1241 2161 τροπαιοῦχος.
1280 2095 1447 2163 Ἀναξ
1463 2076 1712 2154 ἀνάκτων
1741 2076 1982 2174 ἄριστος.

2087 2015 2246 2085 νόγία
2277 2016 2588 2086 suspendit.
2626 2016 2686 2070 Ei
2715 2014 3134 2071 tabernaculum
3170 2013 3389 2070 duabus
3411 2014 3660 2070 clausum

2086 2109 2263 2181 portis
2322 2110 2377 2164 in
2437 2123 2541 2164 axe
2588 2108 2959 2164 vertentibus.
3013 2107 3276 2164 Dextrum
3322 2108 3485 2162 limen
3539 2108 3663 2177 pla-

393 2164 680 2271 Κατοικιῦν
709 2174 767 2271 εν
811 2177 876 2246 τῇ
911 2182 1235 2255 τετραπύλῳ
1273 2185 1368 2240 ἐπὶ
1413 2189 1474 2243 τὸ
1511 2164 1847 2264 ψυχρότερον
1887 2164 1972 2267 μέ-

2085 2218 2253 2266 num,
2289 2201 2722 2257 versicoloribus
2765 2209 3003 2257 stratum
3062 2201 3337 2271 lapidibus
3391 2208 3661 2271 quaterno

392 2276 485 2355 ρος
529 2260 625 2313 τοῦ
670 2262 955 2334 σίγματος,
990 2271 1086 2324 καὶ
1117 2275 1174 2325 ὲν
1213 2275 1290 2345 τῷ
1311 2280 1529 2350 νοτιαίῳ
1559 2260 1714 2354 μείρει
1755 2260 1853 2355 τῆς
1885 2260 1983 2343 θα·-

390 2349 617 2451 λάσσης,
640 2354 732 2451 καὶ
762 2358 821 2410 ὲν
858 2359 1010 2433 τόπῳ
1043 2365 1241 2436 ἀσήμῳ
1292 2369 1387 2422 καὶ
1428 2349 1752 2446 βορὸορῶδει
1779 2349 1980 2451 ’-ἐξερ-

390 2445 619 2544 χομὲνου
643 2448 706 2501 ὲκ
739 2452 836 2544 τῆς
860 2452 1035 2525 πύλης
1067 2458 1166 2527 τῆς
1201 2462 1458 2532 χρυσέας,
1479 2469 1573 2521 καὶ
1602 2468 1700 2540 τῆς
1722 2445 1979 2544 ξυλοκέρ-

388 2550 519 2589 κουο
548 2538 727 2593 πάντα
777 2543 846 2596 τὰ
903 2546 1306 2619 ἀντακάταντα,
1365 2538 1827 2631 κατάντα,ήνόγια
1852 2538 1981 2637 κρε-

389 2635 517 2724 μεί·
562 2634 623 2724 τὸ
658 2636 715 2690 δὲ
753 2640 1016 2713 σκήνωμα
1052 2645 1191 2716 ἔχων
1224 2649 1499 2721 ἡνωμένον
1528 2656 1591 2708 ἐκ
1629 2654 1722 2710 δύο
1758 2634 1981 2724 ἀξωπυ-

387 2721 515 2819 λῶν.
563 2722 816 2819 Ἠᾲδεξιὰ
846 2730 947 2801 μὲν
995 2734 1115 2798 ὁδὸς
1152 2737 1402 2805 πλατεῖα,
1459 2745 1553 2799 καὶ
1598 2721 1973 2819 λιθόστρωτος,

388 2812 588 2911 ἔχουσα
648 2816 830 2884 λίθους
897 2823 1062 2894 ξεφὺς
1123 2830 1218 2882 καὶ
1277 2834 1668 2902 τετραδιαίους.
1710 2812 1977 2911 ’θηριώδης

386 2906 759 3002 κείμενοςκαὶ
804 2911 1074 2987 θηριώδης
1108 2918 1299 2984 στύλος
1341 2924 1620 2996 τέταρτος,
1648 2931 1743 2983 καὶ
1784 2906 1976 3002 ’διφρο-

386 2995 555 3068 λάπης
609 3000 816 3076 θηλυκὴ
849 3004 1062 3062 ἵσταται
1096 3009 1353 3065 ἀπέναντι
1388 2995 1491 3083 τῆς
1546 3017 1753 3087 σκηνῆς
1780 2995 1969 3076 αὑτοῦ.

385 3090 497 3143 Καὶ
526 3096 719 3163 κρατεί
746 3096 1007 3166 στέφανον
1024 3101 1242 3170 κράζων
1263 3103 1360 3175 τὴν
1390 3105 1558 3178 τύχην
1584 3109 1680 3162 τοῦ
1713 3111 1972 3166 ὲκλεκτοῦ

2082 2295 2613 2365 ordinetlispositis.
2666 2292 2748 2348 Ad
2803 2292 3063 2349 draconis
3120 2295 3349 2347 formam
3403 2292 3659 2347 coluuma

2081 2398 2277 2458 quarta
2299 2396 2403 2444 est.
2442 2386 2677 2442 Currum
2705 2400 2872 2457 agens
2902 2386 3098 2441 mulier
3147 2396 3271 2440 ante
3335 2385 3661 2439 tabernacu-

2084 2481 2194 2535 lum
2214 2489 2337 2537 stat.
2370 2478 2545 2534 llomo
2588 2493 2852 2533 coronam
2903 2478 2961 2532 in
3012 2476 3193 2532 fronte
3242 2491 3440 2547 gerens
3486 2478 3660 2531 fortu-

2081 2587 2203 2626 nam
2224 2574 2383 2627 electi
2416 2570 2768 2642 imperatoris
2811 2571 3135 2641 proclamat.
3173 2570 3661 2625 Antetabernacu-

2079 2664 2191 2718 lum
2205 2672 2387 2718 statua
2414 2664 2505 2718 Dei
2523 2663 2765 2718 hominis
2785 2662 3051 2717 immolati
3070 2670 3123 2717 ct
3141 2662 3375 2725 adorati,
3398 2677 3533 2715 zona
3552 2676 3659 2716 una

2080 2754 2285 2819 cincta,
2308 2753 2471 2823 cujus
2494 2768 2695 2808 nomen
2722 2753 3079 2821 insculptum.
3115 2750 3319 2804 Bellum
3354 2751 3661 2821 bellicaque

2076 2842 2342 2897 ﬂavorum
2420 2841 2749 2911 populorum
2798 2847 3051 2905 exercet,
3104 2839 3394 2909 funditque
3441 2842 3658 2898 cruoris

2076 2937 2131 2989 iu
2175 2943 2338 2990 terrae
2387 2935 2638 2999 calicem,
2692 2932 2934 2987 ferarum
2989 2945 3233 3001 reginam
3302 2934 3356 2985 iu
3390 2932 3578 2995 dorso,
3602 2942 3657 2987 et

2073 3026 2128 3082 in
2154 3033 2378 3096 pectore
2405 3024 2531 3080 belli
2566 3025 2783 3094 signum
2823 3023 3035 3078 habens
3064 3023 3358 3077 delineata.
3402 3023 3659 3080 Sinistra:

2071 3134 2204 3174 vero
2260 3126 2434 3189 port:e
2489 3118 2659 3172 limen
2727 3125 2969 3181 arctum,
3031 3115 3335 3171 detersum.
3382 3114 3537 3171 Unda
3569 3132 3657 3174 re-

701 3185 987 3299 :A‘itévaint
1016 3193 1114 3299 τῆς
1147 3197 1351 3267 σκηνῆς
1377 3198 1541 3299 αὐτοῦ
1572 3200 1774 3299 ἵδρυμα
1808 3204 1968 3258 θεαν-

2076 3210 2329 3266 dundans
2395 3209 2709 3280 profunda,
2762 3223 3135 3280 magnumque
3203 3222 3409 3265 sonans
3455 3219 3653 3265 contra

382 3272 568 3343 ὁρικὸν
631 3274 909 3348 θυόμενον,
954 3282 1049 3335 καὶ
1105 3286 1581 3358 προσκυνούμενον
1607 3330 1623 3355 ,
1657 3272 1749 3345 ὑπ’
1798 3294 1966 3348 αὑτοῦ

2076 3312 2408 3375 praeruptum
2443 3302 2812 3374 septemcollis
2839 3301 2990 3357 urbis
3019 3301 3172 3356 littus
3200 3300 3360 3356 irruit
3400 3302 3651 3372 rugiens-

383 3362 522 3434 ἔχων
574 3362 751 3436 ζώνην
804 3369 973 3438 μίαν*
1014 3374 1109 3427 καὶ
1161 3375 1221 3428 τὸ
1267 3376 1439 3447 ὄνομα
1497 3380 1661 3435 αὐτοῦ
1708 3383 1966 3451 γλυπτόν.

379 3457 566 3527 Φέρων
598 3476 656 3512 τε
682 3461 773 3515 τὸν
829 3462 1087 3535 πόλεμον,
1132 3469 1225 3521 καὶ
1278 3470 1386 3522 τῶν
1430 3470 1637 3535 ξανθῶν
1664 3476 1761 3539 τὰς
1794 3494 1970 3547 μηχα-

380 3550 476 3613 νάς
500 3550 647 3622 (60),
691 3554 789 3619 τὰς
857 3556 1042 3627 χύσεις
1093 3560 1199 3613 τῶν
1238 3563 1485 3633 αἱμάτων
1529 3565 1643 3638 (61)
1695 3569 1775 3633 είς
1821 3571 1971 3624 κυλί-

379 3659 499 3695 κιον
533 3647 590 3698 ὲν
618 3649 683 3719 τῇ
716 3650 785 3719 γῇ
808 3652 1169 3723 ἐστρωμένον.
1190 3656 1369 3726 Ἔχων
1394 3658 1508 3732 ςὲπὶ
1562 3660 1657 3714 τοῦ
1687 3662 1838 3716 νότου
1875 3664 1968 3719 τὸν

378 3736 617 3807 ἄρχοντα
664 3741 772 3794 τῶν
821 3742 1046 3814 θηρίων,
1097 3749 1191 3801 καὶ
1240 3750 1334 3804 ἐπὶ
1356 3750 1449 3804 τοῦ
1496 3753 1726 3822 στήθους
1753 3755 1845 3810 τὸν
1874 3757 1966 3811 τοῦ

381 3828 616 3898 στρατοῦ
642 3832 833 3889 τύπον.
863 3836 1158 3909 Εὐωνύμου
1187 3839 1245 3893 δὲ
1276 3841 1474 3913 μέρους
1494 3845 1588 3898 τοῦ
1609 3848 1967 3918 σκηνώματός

378 3919 543 4013 αύτοῦ
571 3922 687 3986 ὁδὸς
724 3925 1066 3997 ὲστενωμένη
1090 3968 1105 3993 ,
1140 3932 1382 4006 ρυμίσκη
1406 3951 1419 3965 ⁸
1447 3938 1542 3990 καὶ
1566 3936 1754 4003 ὓδατος
1784 3941 1966 4013 πλημ-

381 4012 548 4083 μύρα,
576 4015 669 4067 καὶ
702 4015 914 4085 βαθεῖα,
966 4022 1060 4074 καὶ
1109 4024 1553 4099 πλημμυροῦσα,
1597 4032 1692 4085 καὶ
1730 4012 1964 4105 ἡχοῦσα,

377 4105 471 4200 καὶ
514 4108 886 4200 κυμαινόμενα
940 4113 1031 4166 ἐπὶ
1056 4115 1154 4185 τὴν
1206 4117 1512 4193 ἁκρότομον
1563 4124 1835 4181 θάλασσαν
1863 4128 1965 4200 τῆς

376 4195 701 4292 ἑπταλόφου,
735 4202 829 4255 καὶ
853 4205 1095 4274 ποταμὸς
1146 4206 1494 4281 βρυχώμενος
1547 4216 1656 4268 ἀπὸ
1692 4217 1793 4287 τῆς
1823 4195 1967 4292 σιδη-

380 4289 476 4356 ρὶς
498 4290 804 4381 ἀκροτόμου
836 4294 1158 4353 ἀναδίδοται.
1195 4300 1294 4364 Ὃς
1332 4303 1481 4357 ἐστιν
1512 4306 1753 4373 ὲλάτινος
1790 4289 1962 4381 πεφυξ

375 4380 608 4451 τευμένη
667 4385 725 4435 ἐν
766 4386 831 4456 τῇ
857 4387 1024 4441 αὑτοῦ
1077 4392 1363 4463 γεννήσει·
1392 4394 1532 4465 ἔχων
1587 4380 1961 4470 παρακλόνους

375 4471 560 4564 επάνω
591 4474 768 4529 αὐτῶν
808 4476 916 4532 τῶν
962 4480 1241 4549 ἐλατίνων,
1301 4485 1466 4543 καλιὰ
1511 4490 1698 4561 ὀρνέου
1746 4493 1959 4564 ἐπέχων

2071 3412 2179 3467 que
2218 3396 2380 3466 longo
2397 3393 2567 3451 ﬂuctu
2602 3408 2631 3447 a
2657 3396 2773 3463 ripa
2824 3393 2999 3447 ferrea
3037 3391 3258 3462 refugit.
3283 3390 3451 3448 Pinus
3484 3403 3566 3449 est
3595 3394 3651 3448 in

2069 3486 2263 3542 eodem
2299 3501 2364 3541 ac
2396 3486 2488 3541 ille
2525 3494 2772 3555 tempore
2816 3492 2943 3539 nata
2970 3485 3229 3541 surculos
3250 3501 3316 3540 ex
3337 3486 3631 3541 altissimis

2070 3581 2240 3637 ramis
2261 3579 2540 3635 emittens.
2568 3577 2781 3645 Quibus
2805 3580 2922 3633 avis
2940 3578 3105 3635 nidus
3134 3578 3356 3634 insidet.
3376 3578 3650 3648 Apparent

2070 3672 2365 3729 levissima:
2444 3672 2629 3728 avium
2712 3672 3210 3743 columbarumque
3260 3672 3498 3743 species.
3569 3672 3647 3727 lbi

2067 3764 2239 3820 turris
2274 3764 2544 3823 altissima
2584 3772 2640 3820 et
2684 3764 2888 3820 mwnia
2947 3763 3313 3819 formidanda.
3365 3765 3445 3819 Illi
3477 3766 3651 3821 servit

2068 3858 2233 3914 homo
2266 3859 2427 3929 nigro
2473 3858 2801 3914 vestimento
2853 3857 3101 3912 indutus.
3146 3856 3494 3913 Miserantem
3541 3860 3648 3911 mi-

2068 3961 2344 4008 serantur.
2401 3951 2560 4007 lllum
2616 3952 2757 4007 male
2807 3950 3054 4005 dicerent.
3105 3950 3494 4017 blanditorem,
3548 3953 3646 4022 qui

2069 4046 2291 4116 prOprie
2317 4044 2503 4113 lupus.
2536 4042 2597 4099 In
2629 4044 2820 4098 eodem
2855 4041 3052 4096 ordine
3093 4050 3353 4097 nascetur
3387 4042 3644 4109 lllustris,

2066 4144 2387 4191 servaturos
2417 4151 2636 4190 omnem
2676 4135 2936 4205 pietatem
2984 4150 3315 4205 onmemque
3347 4136 3646 4191 divinatio-

2067 4241 2214 4282 nem.
2250 4225 2367 4281 Non
2400 4227 2689 4297 praefectus
2730 4226 3039 4297 prophetis,
3082 4240 3263 4297 neque
3308 4228 3365 4282 in
3422 4228 3532 4283 ulla
3584 4244 3646 4283 re

2066 4317 2238 4381 utilis,
2268 4332 2429 4387 quem
2467 4316 2719 4372 homines
2745 4316 3127 4387 despiciebant
3171 4319 3329 4389 quasi
3366 4330 3643 4375 mortuum

2063 4406 2448 4477 inutilemque.
2534 4406 2817 4461 ltevelabit
2886 4405 3030 4462 Deus
3091 4415 3145 4462 et
3200 4407 3413 4462 clarum
3477 4408 3645 4465 faciet

2065 4500 2369 4556 unctumin
2402 4500 2614 4555 ultimis
2635 4498 2853 4563 diebus,
2892 4509 3119 4553 unctum
3147 4513 3176 4553 a
3215 4509 3403 4556 ventre
3445 4502 3640 4556 matris

373 4562 573 4662 λαμοῦ.
609 4567 790 4662 Ἐχων
826 4570 1090 4641 βλαστοὺς
1124 4579 1217 4631 καὶ
1254 4579 1398 4643 ίδέας
1420 4580 1647 4653 ὀρνέων,
1681 4585 1774 4638 καὶ
1801 4562 1956 4657 περι-

2076 4592 2186 4647 )leo
2203 4599 2419 4647 sancto.
2445 4589 2539 4645 Sic
2567 4562 3013 4646 manifestabitur
3030 4605 3046 4643 :
3065 4590 3348 4660 apparebit
3366 4592 3517 4646 sidus
3541 4607 3637 4662 per

376 4657 616 4751 στερῶνο
649 4662 707 4713 ὲν
755 4654 799 4730 ᾧ
836 4667 931 4719 καὶ
983 4665 1193 4738 πύργος
1239 4671 1519 4751 μέγιστος,
1578 4676 1671 4728 καὶ
1720 4654 1960 4749 θηριώδη

372 4747 551 4819 τείχη.
575 4752 1001 4827 ᾼιακονούμενος
1032 4760 1137 4813 ὑπὸ
1171 4763 1498 4833 μελανδύτου
1518 4748 1545 4798 η’
1580 4768 1746 4822 ὲλεῶν
1774 4747 1842 4823 τε
1870 4772 1966 4824 καὶ

373 4841 691 4913 ἐλεούμενος
718 4862 733 4877 ο
759 4846 872 4902 ἔστι
900 4851 957 4904 δὲ
978 4853 1289 4926 δυσώνυμος
1317 4858 1543 4929 κήλησις
1568 4860 1733 4914 αὐτοῦ
1759 4861 1962 4934 θηριώ-

2062 4694 2175 4740 tres
2232 4684 2353 4740 dies
2410 4692 2632 4755 tresque
2667 4684 2831 4741 horas
2867 4684 3070 4747 noctis,
3125 4683 3400 4739 interdum
3440 4699 3470 4738 a
3505 4683 3640 4754 (die

2061 4775 2201 4831 festo
2232 4775 2253 4845 )
2284 4774 2473 4830 Matris
2502 4773 2799 4840 Altissimi,
2832 4788 2941 4829 non
2969 4789 3073 4828 una
3113 4790 3143 4829 e
3174 4773 3400 4845 (notis)
3446 4775 3639 4845 plane-

2060 4871 2152 4933 tis,
2204 4885 2376 4940 usque
2402 4872 2467 4926 ad
2503 4871 2701 4926 festum
2751 4869 3016 4926 salutaris
3058 4868 3263 4926 Christi
3310 4873 3636 4928 nativitatis.

376 4941 545 5005 νυμος
580 4935 761 5002 λύκος,
788 4942 883 4994 καὶ
917 4946 1055 5016 αὐτῇ
1084 4950 1150 5017 τῇ
1179 4948 1331 5016 τάξει
1377 4951 1618 5020 πέφυκεν
1659 4952 1959 5027 ίλούστριος

2076 4958 2123 5012 St
2155 4960 2172 5029 (
2201 4960 2457 5015 audietur
2484 4960 2502 5029 )
2529 4974 2706 5030 praei-0
2740 4960 2891 5014 clara
2921 4975 3051 5015 voce
3087 4962 3361 5027 clamans,
3393 4978 3639 5020 evocans

375 5028 664 5096 φυλάττειν
708 5033 888 5086 πᾶσαν
933 5033 1263 5105 θεοσέϐειαν,
1309 5042 1404 5095 καὶ
1479 5046 1833 5115 προφητείαν.
1865 5049 1957 5113 ,ού

2076 5059 2107 5103 ει
2138 5053 2386 5107 revelatis
2413 5051 2870 5121 speratunt.Tutu
2900 5053 3136 5123 populus
3164 5054 3355 5110 videns
3374 5055 3637 5110 audiens-

376 5121 783 5193 προρητάρξας,
852 5126 946 5179 καὶ
997 5127 1075 5191 είς
1104 5129 1268 5201 μηδὲν
1297 5134 1768 5203 χρησιμεύσας,ὃν
1800 5136 1952 5203 ἐξου-

370 5210 559 5267 δένουν
587 5216 635 5267 οἱ
658 5214 933 5288 ἄνθρωποι
965 5218 1039 5283 ὡς
1071 5220 1262 5290 νεκρὸν
1289 5223 1439 5289 ὄντα,
1475 5225 1569 5277 καὶ
1607 5228 1775 5296 μηδὲν
1812 5246 1949 5301 χρη-

375 5308 685 5377 σιμεύοντα.
733 5311 1097 5383 Ἀποκαλύψει
1134 5316 1162 5367 ό
1202 5314 1333 5378 Θεὸς
1390 5316 1483 5370 καὶ
1524 5319 1831 5389 ὲμφανίσει,
1855 5326 1949 5379 καὶ

2058 5159 2166 5214 que
2219 5152 2496 5199 tonantem
2552 5144 2822 5214 praeconis
2892 5160 3082 5201 vocem
3157 5148 3633 5213 commovebitur,

2058 5251 2398 5305 surgcnsque
2448 5252 2571 5290 cum
2630 5236 2813 5292 laetitia
2851 5246 2905 5292 et
2942 5246 3087 5293 metu
3119 5254 3180 5294 se
3205 5248 3484 5308 speratum
3519 5253 3632 5293 non

2061 5343 2292 5383 noscere
2365 5328 2627 5383 clamabit
2695 5344 3089 5400 ;omnesque,
3164 5339 3455 5402 postquam
3522 5330 3632 5385 fer-

1926 5461 2159 5521 NOTIE.

374 5567 580 5693 belli?)
610 5569 693 5626 An
735 5570 1102 5642 τρικόνδυλος,
1152 5581 1232 5627 ter
1280 5568 1590 5633 articulatos
1632 5577 1824 5652 digitos
1848 5580 1947 5635 Ita-

445 5707 556 5792 (ορ.)
590 5709 699 5763 Καί
727 5710 846 5767 τῶν
1139 5714 1247 5784 τὰς
1266 5718 1563 5788 μηχανάς.
1618 5721 1736 5778 Iluc
1770 5725 1940 5792 perti-

375 5780 800 5919 ggtci‘ﬂseversus
838 5787 1052 5844 oraculi
1079 5786 1146 5843 de
1176 5780 1939 5851 résiitiiiionéConsmi'itiuo-

2139 5582 2317 5636 Ἀλλά
2338 5600 2410 5637 σε
2450 5584 2825 5654 πυρίστατον
2854 5584 2952 5639 καί
2986 5584 3213 5649 ξανθὸν
3234 5583 3432 5654 γένος.

2049 5652 2280 5723 Videtur
2309 5664 2491 5708 autem
2525 5655 2672 5723 loqui
2714 5657 2781 5709 de
2814 5653 3045 5711 Latinis.

2121 5722 2376 5796 (Gling
2412 5722 2619 5791 χύσεεζ
2643 5725 2763 5779 τῶν
2788 5725 3069 5794 αἱμάτων.
3110 5725 3354 5796 Respicit
3379 5724 3446 5781 ad
3480 5724 3629 5786 hunc

2052 5794 2258 5849 oraculi
2289 5796 2466 5848 octavi
2493 5809 2715 5850 versum
2744 5812 2757 5850 :

2125 5863 2353 5934 Σφαγαὶ
2387 5866 2497 5933 γὰρ
2518 5865 2586 5920 ἐν
2612 5867 2709 5919 σὐὶ
2738 5867 2835 5949 καὶ
2872 5867 3203 5936 προχύσεις
3234 5868 3519 5939 αἱμάτων.
