4120 6454
2688 281 2771 297 r‘,

462 394 597 461 114⁷1
1729 397 2004 459 LEONIS
2031 396 2059 457 Ι

2170 397 2463 459 LOSOPH
2470 398 2497 458 Ι
3602 402 3743 469 1148

461 518 655 566 venter
677 508 1040 565 clamaverint
1063 507 1263 581 Κύριε,
1290 507 1537 580 ἐλέησον,
1561 507 1808 564 vultibus
1842 518 2042 563 terram

2164 509 2328 580 (ρίσει
2392 508 2554 565 αὐτὸν
2613 508 2796 565 ἔλαιον
2824 510 2905 575 εἰς
2960 510 3031 565 τὰ
3064 511 3193 583 τέλη
3225 512 3335 567 τῶν
3367 513 3628 585 ήμερῶνο
3683 519 3746 580 ὃς

460 602 747 667 ferientes,
784 602 1177 671 pulveremque
1217 617 1385 671 supra
1442 601 1624 671 capita
1669 600 2038 668 ell‘undentes,

2164 604 2299 654 ἑστιν
2340 600 2670 672 ήλειμμένος
2718 601 2828 655 ἀπὸ
2866 603 3105 673 γαστρὸς
3144 603 3327 657 ἐλαίου
3350 604 3506 672 ἁγίου
3548 606 3742 662 αὐτοῦ.

460 702 688 765 propter
716 693 1095 748 imminentem
1122 692 1260 761 ipsis
1290 693 1706 749 tribulationem
1736 705 1957 765 gement
1988 705 2043 751 et

2164 690 2706 763 ’Δποκαλυφθήσεται
2728 692 2784 746 δὲ
2816 693 2991 757 οὓτως
3010 710 3024 723 ·
3050 695 3351 766 φανήσεται
3379 696 3556 769 ἀστὴρ
3610 700 3748 769 ήμέ-

461 788 693 851 ﬂebunt,
721 784 1074 841 lnvocabitur
1100 786 1246 842 Deus
1269 787 1360 857 qui
1388 787 1621 856 benigne
1645 800 1835 856 preces
1852 802 2043 843 eorum

2164 800 2249 847 >ας
2300 786 2473 853 τρεῖς,
2512 783 2608 837 καὶ
2648 783 2844 848 νυκτὸς
2900 784 3052 854 ῶρας
3075 792 3145 854 γ’,
3191 786 3355 855 μέσον
3391 788 3491 857 τῆς
3534 788 3747 852 πόλεως

463 876 756 946 suscipiet,
816 862 1215 948 mansuetoque
1256 877 1418 933 oculo
1447 885 1610 932 terrae
1642 878 1855 934 incolas
1896 877 2046 949 aspi-

2164 876 2220 929 Ξω
2242 875 2344 945 τῆς
2372 876 2597 947 Μητρὸς
2628 876 2724 929 τοῦ
2768 876 3049 946 Ὑψίστου.
3101 877 3158 930 Ὁ
3183 878 3239 931 δὲ
3262 878 3438 951 ἀστήρ
3465 879 3560 933 οὐκ
3595 879 3746 933 ἐστιν

460 970 571 1021 ciet
612 984 632 1033 ;
667 977 722 1023 et
763 968 909 1023 inter
950 982 1146 1023 omnes
1194 968 1403 1024 electos
1452 968 1663 1025 electus
1689 977 2043 1041 agnoscetur.

2164 985 2213 1021 :x
2268 968 2379 1021 τῶν
2428 966 2741 1039 πλανήτων,
2778 969 2894 1021 ἀλλ’
2930 969 2963 1041 ἢ
2996 969 3071 1033 ὡς
3106 969 3362 1039 ἐμφαίνει
3406 972 3486 1034 είς
3513 971 3612 1042 τήν
3640 989 3747 1024 σω-

463 1057 752 1115 Videbitur
779 1060 834 1114 in
867 1060 1008 1115 caelo
1040 1070 1147 1130 per
1184 1062 1445 1117 nebulam
1484 1061 1639 1117 orbis
1675 1062 1833 1129 solis,
1884 1062 2047 1133 quasi

2164 1060 2337 1130 εήριον
2364 1059 2621 1131 γέννησιν
2649 1060 2744 1114 τοῦ
2782 1061 3045 1132 Χριστοῦ.
3091 1062 3203 1114 Kal.
3231 1061 3409 1132 κήρυξ
3447 1063 3584 1133 βοῶν
3611 1080 3747 1135 τρα-

458 1156 650 1210 aestiva
687 1170 813 1211 area
852 1170 949 1211 sex
983 1155 1160 1210 bobus
1194 1156 1324 1210 trita
1372 1170 1609 1226 magnus
1642 1156 1779 1228 (61‘)
1805 1155 2047 1213 Interius

2164 1150 2256 1214 θῶς
2286 1150 2399 1222 (ϐξ)
2440 1167 2456 1184 ο
2499 1152 2559 1206 ἐν
2610 1153 2735 1215 ταῖς
2788 1152 2972 1223 τρισὶν
3034 1153 3271 1224 ἡμέραις
3328 1153 3613 1208 ἀνακαλῶν
3651 1156 3749 1207 καὶ

464 1256 647 1301 autem
693 1247 748 1300 in
794 1260 1067 1315 suspenso
1116 1246 1286 1301 stabit
1320 1246 1623 1311 exercitus,
1668 1252 1724 1302 et
1756 1260 1788 1299 a
1822 1245 2046 1302 sinistra

469 1340 707 1397 militum
766 1349 1200 1411 purpuratorum
1260 1354 1426 1395 arcus
1484 1348 1697 1403 tensus,
1761 1340 1941 1410 qualis
1993 1340 2050 1394 in

462 1434 630 1489 rebus
659 1435 866 1490 nostris
897 1433 1231 1489 constitutus
1262 1432 1365 1487 fuit
1389 1432 1457 1488 ad
1488 1442 1808 1503 perpetuum
1827 1432 2051 1489 faederis

466 1526 721 1596 perpetui
756 1526 1000 1593 signum.
1031 1523 1263 1578 Cunctis
1311 1538 1441 1577 vero
1483 1533 1763 1594 speratum
1798 1523 2051 1579 inﬁcian-

464 1617 616 1671 tibus
649 1614 937 1684 frangetur
981 1627 1147 1670 arcus
1178 1629 1246 1668 ex
1279 1614 1546 1668 inclinata
1593 1621 1750 1685 parte
1790 1630 1913 1684 quae
1961 1621 2048 1670 est

467 1712 523 1764 in
556 1709 699 1763 ccelo
750 1708 1041 1762 inuolucro
1076 1707 1482 1777 perfectissima
1514 1713 1569 1761 et
1602 1706 2051 1762 manifestabitur

464 1802 521 1856 in
568 1800 879 1854 structione
924 1799 1125 1853 domus
1176 1798 1293 1852 veri
1343 1796 1719 1868 imperatoris.
1758 1796 1916 1852 Tunc
1953 1811 2054 1868 po-

2149 1243 2552 1299 ἀνακαλύπτων
2569 1244 2663 1300 τὸν
2689 1246 3065 1318 ἐλπιζόμενον.
3084 1246 3217 1301 Τότε
3241 1249 3268 1301 6
3286 1247 3455 1317 δῆμος
3480 1246 3622 1317 όρῶν
3652 1249 3749 1303 καὶ

2149 1336 2365 1391 ἀκούων
2384 1338 2484 1410 τὴν
2514 1337 2611 1392 τοῦ
2640 1338 2998 1411 κηρύγματος
3034 1339 3306 1411 βροντώδη
3332 1339 3515 1411 φωνὴν
3550 1341 3728 1396 ἐκπλα

2150 1428 2442 1497 γήσονται·
2478 1428 2574 1482 καὶ
2606 1425 2961 1497 ἐξεστηκότες
2978 1428 3096 1499 ἅμα
3124 1430 3190 1498 τῇ
3218 1429 3362 1498 χαρᾷ
3379 1427 3572 1498 καὶτῷ
3598 1427 3749 1498 φόϐῳ

2154 1520 2253 1591 βοή
2262 1536 2447 1573 σουσιν
2468 1521 2683 1589 ἀγνοεῖν
2700 1521 2790 1575 τὸν
2813 1520 3187 1592 ἐλπιζόμενον·
3212 1520 3332 1573 τότε
3350 1518 3602 1588 ὁρώντων
3620 1520 3750 1573 πάν-

2150 1630 2283 1677 των,
2299 1611 2396 1665 καὶ
2410 1611 2491 1679 τὸ,
2535 1611 2707 1684 Κύριε
2730 1652 2745 1677 ,
2768 1612 3012 1683 ἐλέησον,
3041 1612 3282 1684 θερμῶς,
3308 1612 3546 1676 ἐκτενῶς
3594 1612 3733 1683 βοῶν

2152 1720 2282 1759 των·
2312 1706 2406 1759 καὶ
2447 1706 2514 1759 τά
2550 1706 2783 1775 μέτωπα
2812 1704 2992 1759 αὐτῶν
3024 1706 3104 1768 είς
3129 1706 3228 1776 τήν
3264 1704 3370 1775 γῆν
3394 1704 3749 1776 κρούσαντες,

2154 1799 2249 1851 καὶ
2278 1796 2408 1869 χοῦν
2433 1798 2514 1862 είς
2532 1797 2631 1861 τὰς
2655 1797 2899 1866 κεφαλὰς
2914 1796 3095 1851 αὐτῶν
3122 1797 3418 1861 πάσαντες,
3445 1798 3540 1849 καὶ
3568 1795 3753 1849 στενά-

462 1892 579 1963 puli
620 1891 854 1963 gloriam
909 1892 1020 1946 Deo
1075 1890 1375 1947 reddentes
1418 1858 1488 1945 ad
1532 1905 1722 1946 arcum
1773 1858 2052 1946 summum

2164 1858 2351 1955 ξαντες
2390 1858 2506 1943 καὶ*
2538 1858 2749 1959 δάκρυα
2776 1858 3042 1959 κύσαντες
3070 1890 3160 1943 διὰ
3217 1889 3319 1959 τὴν
3371 1858 3633 1942 ἐπιοῦσαν
3660 1887 3733 1941 αὐ

462 1985 796 2040 festinanter
868 1992 1119 2051 current,
1163 1983 1644 2055 suscipientesque
1674 1984 2053 2040 venerandum

2164 1985 2266 2047 τοῖς
2328 1983 2529 2054 θλίψιν.
2582 1982 3080 2055 Παρακληθήσεται
3116 1981 3177 2035 τδ
3209 1980 3352 2035 θεῖον
3386 1982 3479 2034 καὶ
3504 1978 3753 2050 εὐμενῶς

465 2079 929 2150 grandzevumque
989 2094 1175 2149 regem
1232 2093 1359 2133 cum
1418 2076 1789 2148 lampadibus,
1855 2076 2057 2148 palmis

2164 2072 2509 2147 προσδέξεται
2555 2076 2654 2146 τὴν
2683 2075 2867 2145 δέησιν
2887 2074 3101 2129 αὐτῶνθ
3135 2076 3229 2128 καὶ
3249 2074 3375 2145 ίλέῳ
3404 2075 3613 2145 ὄμματι
3632 2076 3755 2127 ἐπι-

465 2185 773 2243 magnaque
829 2187 1024 2242 pompa
1072 2170 1141 2243 [?]
1174 2168 1510 2242 (ὠφραδῶν),
1532 2178 1590 2224 ut
1620 2170 1702 2227 sic
1732 2169 1901 2226 variis
1929 2185 2055 2227 cum

2164 2167 2343 2238 ϐλέψει
2368 2168 2461 2222 ἐπὶ
2479 2170 2604 2229 τούς
2628 2166 3016 2230 κατοικοῦντας
3045 2167 3143 2237 τήν
3163 2167 3269 2238 γῆν
3287 2183 3301 2198 ·
3322 2166 3412 2220 διὰ
3441 2167 3567 2229 τούς
3590 2182 3735 2220 κατα

466 2263 803 2319 testimoniis
838 2265 1021 2319 lerant
1053 2264 1106 2319 in
1146 2278 1403 2334 magnam
1437 2263 1593 2319 Sion.

2164 2260 2464 2332 ληφθέντας
2517 2261 2640 2315 τότε
2668 2260 2961 2324 ἐκλεκτοὺς
2985 2259 3362 2331 γνωσθήσεται
3393 2261 3422 2313 6
3447 2258 3707 2324 ἐκλεκτός
3725 2273 3741 2289 ⁸

462 2358 797 2430 ὀραθήσεται
837 2358 896 2411 ἐν
933 2358 1012 2429 τῷ
1062 2358 1281 2429 οὐρανῷ
1337 2356 1574 2428 νεφῶδες
1629 2356 1917 2429 στερέωμα
1967 2355 2060 2411 τοῦ
2095 2357 2252 2443 ήλίου
2278 2398 2292 2422 ,
2321 2357 2443 2428 ἔχον
2494 2355 2554 2409 τὸ
2606 2356 2834 2427 μέγεθος
2870 2356 3061 2425 ὥσπερ
3083 2354 3287 2419 ἆλωνος
3316 2355 3535 2426 θερινῆς
3563 2354 3755 2409 ἀλωῶν

463 2449 572 2504 τῶν
607 2450 764 2520 βωῶν
817 2450 899 2517 ἐξ,
961 2451 1207 2505 κάτωθεν
1234 2451 1291 2503 δὲ
1337 2448 1782 2521 κρεμασθήσεται
1829 2448 2057 2520 στρατὸς
2091 2448 2391 2519 εὐωνύμως
2414 2447 2473 2501 δέ
2495 2446 2591 2501 τοῦ
2631 2448 2865 2519 στρατοῦ
2891 2446 2986 2501 τοῦ
3029 2446 3334 2517 πορφύρου,
3397 2445 3757 2516 ἐκτεταμένον

464 2538 640 2603 τόξον,
672 2535 785 2592 οἷον
813 2540 1020 2594 διέθετο
1051 2543 1165 2604 τοῖς
1220 2540 1542 2611 πράγμασιν
1567 2541 1725 2611 ἡμῶν
1779 2542 1860 2605 είς
1910 2540 2178 2612 διαθήκην
2232 2540 2477 2594 αἰώνιονο
2519 2540 2859 2608 ἀγνοούντων
2894 2541 2951 2594 δέ
2984 2540 3203 2595 πάντων
3253 2540 3345 2593 τὸν
3375 2537 3755 2607 ἐλπιζόμενον,

464 2632 945 2702 ἀνακλασθήσεται
982 2631 1043 2685 τὺ
1082 2631 1234 2698 τόξον
1274 2632 1361 2686 διά
1385 2631 1477 2685 τοῦ
1514 2632 1768 2685 νωτιαίου
1802 2633 2002 2704 μέρους
2031 2634 2059 2686 ὃ
2086 2634 2234 2687 ἐστιν
2270 2633 2657 2704 εὐτελούμενον
2712 2637 2771 2688 ἐν
2814 2633 2893 2704 τῷ
2937 2633 3192 2705 είλήματι
3223 2630 3317 2685 τοῦ
3367 2631 3621 2703 οὐρανοῦ.
3648 2623 3761 2685 Καὶ

465 2723 812 2794 δειχθήσεται
844 2724 910 2793 τῇ
961 2722 1109 2776 θέσει
1138 2723 1238 2793 τῆς
1292 2723 1486 2786 καλιάς
1539 2723 1635 2777 τοῦ
1664 2724 1919 2795 ἀληθινοῦ
1970 2725 2273 2796 βασιλέωςο
2311 2725 2433 2779 τότε
2472 2728 2520 2781 oi
2570 2727 2690 2781 λαοὶ
2754 2726 2936 2791 δόντες
2982 2727 3141 2792 δόξαν
3180 2725 3260 2797 τῷ
3310 2725 3432 2796 Θεῷ
3484 2724 3761 2797 δρομαίως

467 2812 795 2866 σπεύσουσιν
850 2811 944 2865 ἐπὶ
1008 2811 1070 2864 τὸ
1119 2812 1289 2883 ἀκρον
1336 2812 1431 2866 τοῦ
1478 2814 1670 2880 τόξουο
1725 2815 1821 2868 καὶ
1888 2814 2146 2879 λαϐόντες
2197 2815 2290 2869 τὸν
2353 2815 2721 2888 πολυτίμητον
2772 2818 2866 2872 καὶ
2910 2817 3143 2889 γηραιὸν
3192 2816 3552 2890 ἀνακτορίδήν
3620 2814 3761 2887 μετὰ

464 2911 790 2982 λαμπάδων,
818 2908 914 2964 καὶ
943 2908 1134 2980 βαῖων,
1168 2911 1261 2964 καὶ
1291 2910 1559 2983 ὠφραδῶν
1583 2928 1597 2942 ⁸
1635 2912 1717 2966 ὅτι
1741 2912 2001 2977 ποικίλως
2028 2914 2237 2986 φερῶσι
2260 2912 2326 2967 ἂν
2350 2914 2512 2969 αὐτὸν
2530 2916 2590 2968 ἐν
2615 2918 2683 2987 τῇ
2712 2916 2922 2987 μεγάλῃ
2953 2914 3113 2970 Σιών.

536 3028 675 3083 Cum
719 3035 901 3082 autem
956 3027 1167 3082 venerit
1215 3040 1382 3082 verus
1432 3026 1736 3097 imperator
1789 3036 1917 3084 ante
1963 3027 2061 3083 do-

481 3135 633 3175 mum
684 3133 839 3174 suam
896 3118 1038 3173 inter
1092 3118 1230 3173 duas
1287 3119 1535 3189 apsides,
1584 3129 1639 3175 et
1702 3121 1884 3191 imago
1936 3120 2059 3191 ejus

472 3211 528 3264 in
590 3209 763 3263 altum
826 3206 992 3262 fuerit
1044 3215 1268 3275 erecta,
1310 3209 1464 3266 sidus
1519 3210 1666 3281 quod
1727 3193 2131 3282 apparueratc

473 3301 789 3358 eﬂ‘undetur
839 3300 895 3355 in
926 3300 1047 3370 ejus
1078 3316 1246 3356 manu
1277 3313 1331 3358 et
1372 3303 1527 3357 illum
1564 3303 1845 3374 spirituali
1893 3310 2062 3374 unget

470 3395 700 3452 lumine.
732 3392 921 3449 Prarco
942 3403 1122 3448 autem
1151 3409 1287 3449 voce
1318 3402 1542 3460 tonans,
1596 3394 1692 3451 sed
1748 3410 1857 3451 non
1887 3396 2060 3459 visus,

470 3505 502 3544 e
535 3490 679 3544 caelo
730 3488 878 3544 dicet
932 3488 1137 3558 populo
1171 3506 1187 3541 :
1217 3486 1396 3542 lslene
1450 3487 1607 3543 vobis
1652 3486 1878 3559 placet?
1906 3486 2063 3543 Tunc

471 3594 664 3634 omnes
696 3587 865 3643 metu,
888 3587 1148 3644 tremore,
1172 3586 1397 3649 stupore
1423 3580 1815 3650 corripientur,
1839 3588 2064 3636 tonante

473 3671 746 3742 praeconis
768 3684 907 3726 voce
938 3688 952 3725 :
987 3670 1063 3725 ita
1094 3680 1148 3724 ut
1172 3680 1397 3740 pectora
1421 3669 1715 3726 tundentes
1733 3686 1859 3727 cum
1887 3672 2065 3743 lacry-

475 3763 586 3819 mis
642 3773 697 3819 et
731 3763 1049 3833 gemitibus,
1097 3778 1403 3834 manusque
1445 3764 1513 3818 ad
1563 3764 1765 3819 cwlum
1815 3764 2064 3821 tollentes

478 3855 854 3926 respondeant
886 3873 899 3908 :
928 3855 1113 3922 Certe,
1173 3855 1423 3921 Domine,
1474 3856 1603 3927 quia
1652 3856 1872 3921 dedisti,
1903 3856 2064 3912 nobis

474 3949 531 4003 in
581 3948 757 4019 gratia
798 3957 883 4003 est
917 3965 932 4014 ;
967 3956 1023 4002 et
1057 3948 1236 4013 illum,
1272 3958 1561 4019 postquam
1585 3949 1934 4005 adoraverint
1958 3990 1974 4015 ,
2006 3950 2064 4005 in

475 4053 732 4111 magnam
776 4039 907 4094 Sion
945 4040 1231 4096 inducent.
1266 4040 1446 4095 Portae
1495 4050 1677 4096 autem
1704 4081 1719 4109 ,
1756 4056 1882 4096 cum
1941 4040 2064 4096 illas

474 4146 642 4193 orans
685 4132 1028 4201 sigillaverit,
1067 4132 1285 4188 cunctis
1314 4131 1631 4189 videntibus
1663 4133 2065 4204 orantibusque

475 4225 815 4294 aperientur.
874 4225 979 4292 Qui
1058 4226 1171 4281 illic
1242 4235 1399 4283 erant
1467 4228 1705 4297 primum
1779 4228 2061 4283 conterriti

475 4313 732 4387 fugient;
772 4317 891 4382 sed,
922 4326 1216 4389 postquam
1264 4321 1569 4386 oraverint,
1623 4320 1678 4374 in
1736 4320 1885 4375 celsa
1940 4320 2063 4374 loca

473 4404 865 4473 revertentur,
912 4424 1036 4464 eum
1087 4411 1472 4482 imperatorem
1528 4412 1854 4475 salutantes,
1901 4424 2065 4480 gene-

2239 3032 2352 3087 Kal.
2388 3033 2517 3085 ὅταν
2545 3030 2603 3084 δὲ
2656 3029 2788 3104 ἔλθῃ
2828 3030 2857 3083 6
2890 3028 3144 3100 ἀληθινὸς
3184 3028 3438 3099 βασιλεὺς
3495 3030 3761 3086 ἀπέναντι

2164 3120 2264 3190 τῆς
2295 3119 2489 3183 καλιᾶς
2541 3117 2708 3172 αὐτοῦ
2760 3117 3036 3188 ἀναμέσον
3068 3116 3165 3170 δύο
3212 3118 3437 3187 ἀψίδων,
3481 3120 3576 3172 καὶ
3607 3119 3779 3175 ἰνδάλ-

2166 3226 2334 3280 ματος
2381 3208 2608 3280 ἐφίψους
2640 3209 2751 3281 (65)
2799 3207 3113 3281 ἱσταμένου,
3147 3210 3175 3264 6
3208 3209 3400 3278 φανεὶς
3442 3210 3618 3281 ἀστὴρ
3652 3212 3764 3266 ἀπὸ

2163 3302 2256 3357 τοῦ
2276 3303 2450 3369 δεξιοῦ
2472 3304 2671 3375 μέρους
2691 3303 2786 3357 τοῦ
2814 3303 3050 3375 στρατοῦ
3082 3303 3444 3375 ἐκχυθήσεται
3474 3303 3570 3359 καὶ
3598 3304 3765 3359 δώσει

2164 3396 2327 3450 αὐτὸν
2376 3397 2459 3461 είς
2488 3396 2587 3461 τάς
2612 3398 2821 3468 χεῖρας,
2854 3397 2949 3450 καὶ
2981 3396 3161 3468 χρίσει
3201 3396 3365 3451 αὐτὸν
3402 3396 3518 3466 φῶς
3549 3399 3759 3469 νοερόν.

2164 3487 2278 3543 Καὶ
2309 3490 2338 3542 6
2359 3488 2535 3561 κήρυξ
2565 3488 2987 3561 βροντοφωνῶν,
3014 3488 3110 3542 καὶ
3138 3486 3212 3560 μὴ
3259 3487 3606 3558 φαινόμενος,
3652 3488 3765 3542 ἀπὸ

2164 3580 2259 3634 τοῦ
2302 3579 2534 3652 οὐρανοῦ
2591 3580 2729 3653 πρὸς
2773 3580 2866 3635 τὸν
2910 3578 3040 3635 λαὸν
3100 3581 3250 3652 εῐπτγ
3318 3581 3570 3652 ’Δρεστδς
3631 3580 3765 3650 ὐμῖν

2164 3667 2321 3738 οὗτός
2350 3675 2504 3739 ἐστι;
2543 3674 2666 3728 τότε
2684 3674 2915 3745 λήψεται
2953 3674 3162 3738 πάντας
3192 3674 3375 3744 φόϐος,
3419 3674 3513 3728 καὶ
3565 3676 3767 3746 τρόμος

2166 3768 2263 3821 καὶ
2326 3767 2583 3831 ἔκστασις
2628 3769 2709 3831 είς
2746 3767 2847 3838 τήν
2898 3765 2993 3821 τοῦ
3036 3769 3392 3838 κηρύγματος
3450 3766 3767 3837 βροντιαίαν

2166 3859 2373 3929 φωνήν.
2422 3858 2535 3913 Καὶ
2580 3852 2683 3911 εἷθ’
2713 3856 2889 3921 οὐτως
2955 3856 3254 3921 τύπτοντες
3296 3858 3365 3911 τά
3405 3857 3573 3928 στήθη
3624 3860 3768 3929 μετά

2166 3948 2420 4020 δακρύων
2468 3947 2565 4001 καὶ
2621 3948 2979 4016 στεναγμῶν,
3019 3952 3118 4011 τάς
3166 3951 3355 4019 χεῖρας
3402 3947 3483 4012 είς
3533 3948 3766 4018 οὐρανὸν

2165 4041 2400 4112 ἄραντες
2437 4040 2669 4093 εἴπωσι·
2702 4039 2832 4105 Ναὶ,
2882 4039 3076 4112 Κύριε,
3101 4040 3183 4096 ὅτι
3218 4042 3283 4095 οὐ
3319 4039 3525 4105 ἔδωκας
3578 4040 3766 4108 αὐτὸν,

2166 4130 2397 4200 ἀρεστὸς
2434 4131 2571 4200 ήμῖν
2600 4131 2716 4184 ἐστι
2737 4146 2754 4163 ο
2786 4130 2881 4186 καὶ
2911 4131 3389 4203 προσκυνήσαντες
3420 4132 3601 4199 αὐτὸν,
3632 4133 3770 4189 ἀνά-

2170 4219 2352 4286 ξουσιν
2391 4222 2554 4276 αὐτὸν
2599 4225 2678 4287 είς
2706 4222 2808 4295 τὴν
2869 4223 3112 4295 μεγάλην
3137 4223 3297 4279 Σιών.
3334 4224 3446 4278 Kal.
3470 4226 3771 4297 προσευξά-

2171 4331 2353 4385 μενος,
2373 4317 2468 4369 καὶ
2506 4315 2817 4385 σφραγίσας
2856 4316 2957 4380 τάς
3004 4316 3181 4380 πύλας
3228 4317 3643 4389 ἀνοιχθήσονται
3673 4318 3770 4371 εὐ-

2169 4407 2529 4477 στρεμμένων
2552 4408 2769 4461 πάντων
2794 4408 2888 4461 καὶ
2921 4408 3176 4482 δρώντων
3196 4426 3212 4441 ·
3235 4411 3286 4464 οί
3332 4410 3391 4464 δέ
3421 4411 3598 4465 ἐκεῖσε
3615 4410 3773 4476 ὅντες

475 4495 556 4551 ris
601 4495 729 4566 jure
785 4498 1165 4568 possidentem
1213 4518 1227 4568 ;
1273 4512 1326 4556 et
1380 4501 1581 4557 deinde
1634 4517 1758 4557 cum
1825 4501 2059 4556 canticis

2170 4499 2386 4568 φύγωσι
2442 4499 2584 4570 μετά
2620 4498 2821 4553 πολλοῦ
2843 4500 2939 4555 τοῦ
2975 4502 3164 4571 φόϐου,
3200 4503 3295 4557 καὶ
3333 4503 3771 4573 προσευξάμενοι

476 4588 628 4643 illum
653 4598 821 4645 noctu
857 4590 1061 4647 ducent
1093 4594 1161 4647 ad
1196 4591 1485 4663 palatium,
1528 4591 1690 4662 cujus
1723 4592 1877 4663 signa
1940 4608 2061 4646 mu-

476 4678 764 4736 tabuntur.
825 4678 945 4735 Duo
995 4689 1159 4737 erunt
1214 4680 1434 4737 itineris
1476 4679 1648 4735 duces
1698 4680 1899 4749 angeli,
1956 4677 2059 4731 liu-

480 4786 644 4825 mana
674 4774 1054 4828 cunuchorum
1078 4773 1271 4845 llgura,
1302 4772 1549 4830 vestibus
1573 4773 1713 4828 albis
1735 4772 1934 4837 induti,
1960 4771 2056 4841 qui

475 4860 543 4916 ad
598 4877 762 4919 aures
814 4862 938 4934 ejus
994 4866 1125 4935 quid
1176 4864 1486 4920 faciendum
1542 4863 1614 4919 sit
1662 4863 2057 4919 susurrabunt.

475 4950 631 5007 Multi
674 4962 854 5007 autem
917 4954 974 5009 in
1032 4971 1158 5011 eum
1216 4970 1413 5012 manus
1492 4954 1723 5026 injicere
1779 4953 2055 5019 volentes,

475 5048 614 5104 visis
682 5049 879 5122 signis,
922 5050 993 5106 ab
1053 5052 1262 5122 angelis
1299 5051 1768 5122 prohibebuntur,
1797 5058 1852 5104 et
1904 5049 2049 5103 intra

477 5154 538 5195 se
587 5139 773 5196 dicent
820 5160 833 5197 :
883 5159 902 5193 ι
940 5140 1037 5197 Dei
1066 5142 1462 5213 benignitatem
1502 5158 1613 5199 non
1655 5140 2052 5197 intelleximus.

474 5229 722 5300 Propriis
776 5233 990 5288 catenis
1063 5234 1536 5304 constringimurl,
1596 5242 1913 5305 peccatores
1975 5234 2055 5288 le-

477 5322 637 5391 gibus
715 5323 1073 5392 reluctantes,
1148 5326 1255 5397 ipsi
1328 5326 1662 5397 inclytorum
1745 5326 2057 5390 nominum,

473 5425 529 5472 et
579 5417 783 5475 tributa
819 5433 945 5474 cum
1001 5419 1184 5491 impiis
1238 5418 1623 5475 sacerdotibus
1678 5419 1988 5490 exigentes.
2025 5438 2045 5471 ι

2094 4550 2143 4611 D

2174 4590 2610 4654 ἀναϐιϐάσαντες
2633 4591 2718 4661 ἐφ’
2750 4590 2955 4663 ὑψηλοῦ
2975 4592 3141 4645 τόπδυ
3175 4592 3479 4647 καλέσωσιν
3510 4592 3639 4647 αὐτὸ
3671 4591 3772 4662 βα-

2173 4682 2324 4735 σιλέα
2355 4682 2552 4752 ἔχοντα
2583 4682 2745 4735 αὐτὸν
2772 4684 2836 4735 ἐκ
2873 4682 3066 4751 γένους
3087 4724 3102 4749 ,
3138 4679 3239 4737 εἷθ’
3279 4683 3452 4748 οὕτως
3488 4686 3773 4757 ὑμνήσαν-

2171 4791 2261 4837 τες
2293 4774 2737 4844 ὑποστρέψαντες
2759 4774 2965 4839 οἴκαδε,
2998 4776 3093 4829 καὶ
3135 4777 3309 4839 οῦτως
3343 4775 3565 4841 ἄξουσιν
3608 4780 3667 4831 ἐν
3693 4779 3776 4848 τῷ

2167 4867 2417 4936 παλατίῳ
2475 4866 2693 4932 νυκτὸς,
2742 4869 2837 4921 καὶ
2886 4867 3341 4939 ἀλλοιωθήσηνται
3392 4870 3462 4923 τά
3517 4873 3718 4941 σημεῖα
3757 4888 3773 4902 θ

2178 4958 2534 5029 Ὀδηγήσυυσι
2562 4959 2619 5012 δὲ
2646 4960 2809 5012 αὐτὸν
2842 4959 2936 5012 καὶ
2983 4958 3077 5012 δύο
3102 4959 3323 5029 ἄγγελοι
3370 4961 3428 5013 ἐν
3460 4960 3777 5031 ὁμοιώματι

2165 5051 2457 5123 ἀνθρώπου
2511 5051 2841 5125 λευκοφόρου
2880 5052 3137 5125 εὐνούχου
3157 5068 3172 5084 ο
3206 5053 3300 5108 καὶ
3331 5055 3410 5117 είς
3433 5054 3502 5107 τά
3535 5048 3652 5108 ὦτα
3676 5056 3772 5108 αὐο

2168 5146 2261 5200 τοῦ
2287 5145 2579 5217 λαλήσουσι
2601 5148 2653 5200 τί
2679 5137 2865 5217 μέλλει
2890 5148 3167 5218 πράττειν.
3202 5146 3393 5200 Πολλοὶ
3414 5147 3471 5201 δὲ
3501 5147 3587 5200 ἐπ’
3611 5147 3779 5203 αὐεὸν

2172 5237 2506 5309 θελήσαντες
2531 5239 2810 5294 ἐπιϐαλεῖν
2857 5240 2957 5305 τάς
3017 5243 3228 5311 χεῖρας,
3259 5239 3360 5293 οὐκ
3419 5239 3779 5292 ἐπιόἀλλουσι

2180 5332 2477 5403 βλέποντες
2504 5334 2570 5386 τὰ
2598 5336 2801 5405 σημεῖα
2832 5334 2929 5388 καὶ
2954 5314 3316 5404 κρατούμενοι
3342 5334 3445 5387 ὐπὸ
3474 5334 3583 5387 τῶν
3610 5318 3778 5402 ἀγγέο

2174 5422 2287 5479 λων
2318 5426 2548 5478 είπωσιν
2564 5427 2621 5480 ἐν
2641 5427 2873 5490 ἑαυτοῖςο
2896 5419 2970 5480 Οὐ
2998 5426 3269 5497 ήκούομεν
3285 5424 3521 5497 χρηστὸν
3542 5425 3776 5497 Κυρίου.

2022 5553 2255 5614 NOTAE.

547 5667 680 5739 (δι’)
703 5660 1212 5740 Vel,majnitudine
1232 5684 1371 5724 area:
1403 5670 1597 5726 aestiva:
1628 5686 1720 5725 sea:
1746 5670 1908 5726 bobus
1932 5670 2072 5725 trita:

479 5749 679 5802 a’quus.

2264 5673 2473 5748 ιςῆρυξ
2504 5674 2746 5748 ᾀφανὴς
2776 5677 2902 5746 τρὶς
2926 5678 3257 5748 ἀνακράξει
3283 5678 3455 5748 μέγα.

2260 5745 2371 5816 (65)
2415 5745 2814 5819 Ἰνδάλμᾳτλῡςί
2847 5745 3131 5817 cpiti-ove.
3184 5745 3501 5819 Legi-inium
3558 5746 3777 5803 videtur

1034 5809 1205 5893 ,ῥοῶν
1242 5810 1499 5881 τρανῶς.
1545 5814 1665 5870 Huc
1697 5812 1934 5885 pertinet
1966 5811 2059 5886 illi

2184 5804 2444 5893 ἐφίπτου.
2478 5819 2563 5893 yol
2598 5804 2681 5893 ἐφ’
2711 5804 3314 5893 ξύψρυςῗίσὲαμένου,ῗι1
3346 5828 3448 5889 est,
3499 5827 3558 5875 ut
3608 5818 3773 5890 paulo

484 5871 696 5927 oraculi
725 5871 938 5952 decimi
956 5871 1107 5933 tertii
1135 5871 1333 5937 versus
1362 5897 1381 5938 :

1323 5960 1403 5975 ιιι-δε

2192 5895 2316 5957 post
2343 5890 2441 5978 ait,
2476 5887 2561 5957 ἐφ’
2598 5887 2803 5966 ὑψηλοῦ
2839 5890 3028 5947 τόπου.
