4120 6454
437 409 575 472 1159

1854 410 2197 469 ANUNYMI

3561 408 3697 471 1160

1534 718 2040 795 AUCTORIS
2116 722 2585 797 ANONYMI

1168 889 1275 948 01;]
1328 889 1647 940 CREDITUB
1675 890 1828 939 ESSE
1854 890 2238 943 FRANCISCUS
2282 892 2615 944 PATRICIL'S
2652 893 2951 943 DAIMATA

833 1063 1867 1218 EXPOSITIO
2011 1066 3307 1226 ORACULORUM

1663 1336 2135 1394 IMPERATORIS
2192 1340 2441 1398 LEONIS

427 1485 524 1547 Uti
551 1504 617 1544 es
641 1487 824 1545 Graeco
860 1489 914 1544 in
952 1489 1202 1544 Latinum
1228 1499 1277 1543 et
1309 1490 1576 1560 uulgarem
1611 1489 1634 1543 Ι
1646 1491 1810 1543 talum
1844 1509 2135 1549 sermonem
2164 1496 2452 1563 translata,
2475 1512 2613 1549 arma
2646 1497 2800 1565 1596,
2840 1498 3041 1554 Brixiae
3073 1500 3126 1552 in
3161 1498 3329 1553 lucem
3358 1499 3686 1568 prodierunt.

769 1792 1074 1849 EPIGRAM
1087 1793 1272 1850 MATA
1314 1794 1599 1851 FIGURAE
1637 1796 1679 1853 Ι.

424 1885 487 1940 Α.
524 1882 591 2007 in
635 1886 805 1968 med-io
863 1890 1194 1958 geminorum
1249 1905 1550 1954 carrorum,
1589 1899 1640 1943 et
1699 1890 1997 1944 volatilium

496 1970 528 2006 a
566 1971 810 2007 sumens.

378 1974 380 1976 '
496 1970 810 2009 aosumerts.

425 2020 484 2075 Β.
519 2022 586 2076 Et
628 2023 919 2097 linearibus
970 2027 1156 2095 ﬁguris
1201 2030 1393 2080 notans
1433 2037 1634 2094 tempus
1682 2029 1873 2097 quibus
1920 2045 2001 2082 re-

492 2094 722 2148 manebit
755 2094 1066 2163 patrinwuii
1099 2097 1245 2163 ﬁnis,
1269 2112 1409 2151 ursa:
1434 2108 1610 2149 autem
1646 2094 1857 2151 euersor
1890 2115 2001 2152 ser-

489 2176 616 2242 pens
664 2164 825 2216 miser
855 2165 1001 2219 solus
1054 2181 1072 2218 :

485 2247 636 2284 mum
672 2248 969 2287 εονυοηιηι.

416 2298 482 2352 C.
514 2298 763 2375 §ecunda
795 2306 969 2370 proles
1007 2304 1122 2357 alia
1152 2304 1349 2367 bellua,
1375 2306 1697 2375 supinusque
1739 2307 1808 2359 ad
1833 2307 1995 2360 nteri-

488 2368 629 2445 diem
649 2368 885 2445 serpens.
934 2375 1155 2445 supinus
1206 2376 1379 2444 nigro,
1408 2368 1457 2429 et
1492 2368 1641 2445 niger
1684 2386 1847 2440 totus,
1885 2378 1999 2431 luce

488 2441 987 2514 miserud‘eliter;
1020 2441 1287 2509 adempta.
1324 2444 1534 2497 Etenim
1550 2441 1749 2514 'genusﬂ
1782 2461 1845 2499 ea:
1885 2446 1997 2500 an

491 2506 706 2573 familia
726 2510 929 2583 irifnnte
946 2512 1151 2583 ducens
1173 2506 1471 2583 miserabili
1496 2506 1665 2566 cla'de.
1712 2513 1780 2566 Te
1821 2515 1997 2583 ipsum

488 2591 599 2629 una
629 2592 745 2632 eum
783 2581 999 2634 civitate
1028 2582 1235 2648 perdes,
1265 2591 1315 2635 et
1348 2582 1425 2637 tui
1471 2585 1697 2651 gemitus
1747 2581 1907 2637 testas
1948 2596 1997 2638 et

488 2659 598 2702 κν.

992 2738 1428 2799 ΕΧΡΟΒΙΤΙΟ.

482 2845 620 2903 Cum
678 2848 1008 2920 signiﬁcatio
1067 2854 1342 2923 serpentis
1386 2855 1443 2909 in
1499 2854 1733 2909 maxima
1768 2870 1997 2911 venera—

414 2939 563 2994 tione
629 2940 818 2995 habita
865 2942 1033 2998 fuerit
1086 2944 1233 3014 apud
1297 2947 1555 3017 antiquos
1608 2945 1912 3015 Romanos,
1942 2957 1995 3005 et

414 3037 602 3098 postea
637 3032 783 3101 apud
841 3032 1084 3102 Graecos,
1137 3046 1191 3089 et
1233 3034 1568 3107 Egyptios;
1609 3040 1869 3108 quoniam
1897 3055 1997 3109 pro

414 3130 672 3192 serpente
719 3124 814 3179 illo
848 3125 1225 3196 intelligebant
1256 3128 1419 3182 deum
1450 3127 1833 3200 Aiseulapium
1867 3130 1998 3199 Epi-
2033 3151 2074 3205 Β

412 3213 647 3270 daturum
672 3231 695 3270 ε
723 3218 846 3271 ideo
876 3216 1050 3272 Graeci
1085 3218 1190 3272 sub
1218 3227 1470 3288 serpente
1509 3219 1714 3275 coloris
1761 3219 1992 3275 subﬂavi

412 3303 653 3377 depicta,
715 3322 905 3363 eorum
964 3308 1268 3365 dominium
1329 3310 1619 3367 ostendere
1679 3311 1991 3379 voluerunt,

412 3394 576 3450 sicuti
622 3394 732 3451 sub
782 3397 966 3469 aquila
1029 3397 1334 3454 Romanum
1394 3400 1683 3471 imperium
1750 3402 1994 3458 ostendi-

413 3493 526 3551 tur,
569 3494 624 3542 et
644 3488 749 3543 sub
777 3488 952 3545 tribus
980 3489 1125 3546 Iunis
1163 3490 1465 3546 Turcarum
1499 3494 1813 3563 imperium,
1847 3496 1991 3566 quod

410 3584 497 3630 est
525 3577 762 3646 primum
798 3578 1016 3650 signum
1053 3583 1239 3651 magni
1271 3581 1578 3639 Sulthanis.
1603 3582 1835 3654 Propter
1865 3585 1988 3651 hoc,

412 3668 468 3721 in
500 3669 677 3737 prima
714 3669 885 3738 ﬁgura
918 3670 1007 3723 ubi
1028 3671 1299 3739 aspicitur
1339 3687 1591 3742 serpens,
1652 3674 1994 3744 signiﬁcatur

409 3756 617 3813 Graecia
648 3757 863 3824 amicta,
899 3775 1021 3829 qua:
1046 3772 1170 3829 post
1200 3761 1440 3817 Leonem
1471 3763 1862 3834 Philosophum
1893 3767 1995 3820 im-

410 3858 719 3918 peratorem
774 3850 1451 3922 Constantinopolitanum
1509 3856 1664 3910 valde
1717 3856 1819 3911 fuit
1874 3866 1991 3913 tur-

409 3940 560 4007 bata,
594 3950 649 3997 et
691 3943 760 3997 ab
804 3943 1060 4011 internis,
1087 3952 1144 3999 et
1202 3946 1271 4000 ab
1316 3946 1584 4012 externis,
1614 3954 1669 4003 et
1701 3964 1732 4002 a
1775 3949 1988 4015 vicinis,

404 4040 463 4085 et
488 4030 594 4086 hoc
630 4047 727 4101 per
750 4047 927 4090 annos
962 4042 1271 4090 trecentum
1301 4044 1355 4092 et
1385 4044 1521 4103 tres,
1543 4039 1596 4092 id
1619 4048 1725 4103 est,
1751 4041 1819 4095 ab
1844 4054 1990 4096 anno

407 4123 894 4195 sioningentesimo
937 4134 992 4181 et
1021 4128 1215 4198 quinto
1243 4143 1273 4182 a
1301 4128 1522 4185 Christo
1554 4141 1683 4185 nato
1717 4146 1890 4202 usque
1920 4133 1988 4187 ad

410 4214 765 4271 utilissimum
799 4217 1238 4275 ducentesimum
1280 4231 1690 4293 oetavum,quo
1720 4231 1987 4293 tempore,

406 4313 474 4358 ιιι
501 4304 697 4359 recitat
728 4304 1016 4376 Egnatius,
1045 4309 1198 4365 luere
1226 4311 1452 4383 triginta
1491 4312 1871 4383 imperatores,
1905 4314 1991 4368 in-

408 4393 665 4463 cipiendo
693 4395 765 4449 ab
804 4399 925 4466 ipso
954 4396 1137 4454 Leone
1162 4416 1337 4468 usque
1382 4404 1446 4457 ad
1480 4404 1819 4459 MurciIllum
1856 4405 1983 4459 ulti-

408 4498 560 4538 mum
615 4481 866 4544 Graecum
929 4488 1347 4559 imperatorem,
1417 4492 1471 4547 in
1550 4494 1710 4549 tertia
1773 4495 1986 4566 imperii
2013 4480 2057 4537 (ἶ

410 4578 740 4643 niutatione,
765 4580 892 4636 dico
922 4581 1083 4635 tertia
1118 4583 1450 4648 mutatione;
1480 4585 1606 4653 quia
1635 4587 1805 4655 prima
1835 4588 1987 4643 Grae-

382 4680 598 4727 corum
624 4666 755 4734 luit,
782 4669 1007 4740 quando
1036 4671 1347 4728 Alexander
1378 4672 1606 4743 Magnus
1654 4675 1706 4729 in
1749 4692 1843 4732 eos
1889 4678 1986 4733 de-

404 4757 531 4813 tulit
569 4758 857 4829 imperium
901 4777 1053 4816 anno
1100 4765 1488 4831 trecentesimo
1534 4767 1799 4822 vicesimo
1830 4778 1987 4823 sexto

406 4860 537 4907 ante
562 4849 844 4907 Christum
868 4864 1093 4919 natum,
1135 4855 1279 4909 unde
1320 4859 1557 4912 mutatio
1581 4859 1685 4913 ista
1722 4877 1826 4914 una
1858 4876 1984 4916 cum

406 4940 630 4997 nomine
660 4941 935 5011 imperiali
966 4958 1142 5013 usque
1170 4944 1237 4998 ad
1268 4955 1498 5001 mortem
1521 4946 1755 5017 Philippi
1789 4952 1989 5018 perdu-

407 5029 573 5095 ravit,
603 5031 856 5086 videlicet
880 5047 977 5101 per
1022 5047 1197 5088 armos
1236 5034 1534 5090 ducentum
1578 5038 1800 5104 triginta
1824 5039 1987 5109 quin-

407 5134 538 5187 que,
581 5135 693 5191 quo
734 5129 980 5191 tempore
1033 5125 1201 5191 coepit
1240 5127 1482 5179 secunda
1526 5126 1822 5196 imperialis
1868 5147 1987 5184 mu-

404 5210 542 5266 tatio
630 5212 736 5270 sub
798 5210 1177 5269 Romanorum
1233 5214 1515 5283 dominio;
1568 5232 1679 5287 quo
1738 5227 1987 5289 tempore

406 5299 636 5373 Magnus
682 5300 1083 5359 Constantinus
1117 5304 1441 5374 Byzantium
1484 5309 1767 5363 transtulit
1807 5312 1983 5381 impe-

411 5393 561 5447 rium
584 5391 913 5459 Rullianum,
935 5404 993 5448 et
1016 5394 1094 5448 ab
1119 5396 1238 5465 ipso
1272 5397 1467 5453 civitas
1515 5398 1661 5454 dicta
1702 5401 1802 5455 fuit
1838 5402 1986 5458 Con-

404 5486 795 5557 stantinopolis
820 5503 835 5551 ;
864 5487 1238 5555 perseveravit
1286 5488 1432 5543 istud
1469 5488 1778 5547 Roinanunt
1815 5495 1986 5567 impe-

405 5574 568 5638 rium,
627 5576 771 5647 quod
827 5577 1047 5632 tenebat
1093 5578 1320 5648 gradum
1367 5580 1693 5638 orientalem
1733 5593 1786 5640 et
1834 5589 1981 5642 occi—

402 5664 677 5725 dentalem
706 5682 882 5736 usque
910 5667 977 5721 ad
1017 5667 1390 5725 Theodosium
1421 5674 1828 5743 imperatorem,
1864 5691 1984 5748 post

404 5769 569 5822 quem
589 5758 827 5813 divisum
861 5759 963 5813 fuit
995 5760 1283 5829 imperium
1312 5760 1637 5831 Bainanum,
1667 5778 1722 5823 et
1749 5770 1981 5826 Arcadio

404 5847 594 5898 datum
641 5844 742 5899 fuit
788 5850 1079 5915 orientale,
1114 5861 1165 5904 et
1206 5852 1404 5909 divisio
1457 5858 1567 5911 haec
1620 5859 1717 5913 fuit
1750 5862 1807 5914 in
1837 5877 1979 5915 anno

1118 2182 1150 2219 ο
1201 2166 1411 2235 quando
1442 2167 1608 2236 fueris
1660 2184 1781 2221 esca
1818 2169 2002 2222 imma-

2032 1805 2075 1860 Α
2108 1804 2494 1855 trecentesimo
2522 1802 2879 1869 nonagesimo
2917 1811 3148 1870 octavo;
3186 1805 3256 1858 ob
3284 1804 3335 1858 id
3369 1815 3555 1874 postea
3591 1808 3694 1862 im-

2114 1903 2397 1961 peratores
2428 1894 3025 1961 Constantinopolitani
3064 1896 3239 1949 vocati
3273 1905 3400 1950 sunt
3430 1895 3689 1951 Orienta-

2110 1981 2211 2046 les,
2258 1983 2488 2036 Romani
2546 1998 2674 2037 vero
2734 1981 3137 2046 Occidentales,
3187 1986 3279 2053 qui
3326 2001 3422 2055 per
3472 1987 3691 2056 aliquod

2112 2081 2330 2140 tempus
2357 2078 2651 2126 cessarunt
2682 2079 2905 2141 propter
2942 2071 3242 2126 Gothorum
3275 2072 3595 2139 adventum,
3627 2084 3681 2129 et

2110 2163 2402 2231 imperium
2450 2166 2501 2216 in
2550 2163 2782 2216 Galliam
2818 2164 2918 2215 fuit
2948 2164 3186 2217 delatum
3223 2165 3419 2221 Carolo
3456 2165 3687 2236 Magno;

2107 2264 2163 2307 et
2209 2255 2290 2309 sic
2343 2270 2519 2324 usque
2572 2254 2639 2308 ad
2698 2255 2951 2309 Carolum
3001 2254 3254 2325 Magnum
3301 2257 3589 2326 imperavit
3636 2259 3691 2312 in

2105 2341 2385 2398 Orientem
2406 2352 2526 2409 post
2545 2343 2911 2398 Theodosium
2940 2343 3212 2412 juniorem
3230 2345 3686 2409 LValentinianus,

2110 2440 2306 2492 tertius
2336 2436 2533 2491 deinde
2574 2434 2795 2490 Flavius
2832 2434 3082 2491 Valerius
3123 2436 3445 2501 Martianus,
3488 2438 3542 2491 in
3582 2453 3693 2507 quo

2107 2528 2272 2583 desiit
2303 2530 2596 2599 imperium
2621 2528 2753 2592 CP.,
2778 2530 2909 2599 quia
2952 2540 3070 2599 post
3108 2528 3438 2584 Martianum
3474 2539 3691 2585 creatus

2105 2630 2190 2675 est
2239 2619 2351 2675 Leo
2410 2621 2624 2690 primus
2673 2620 2741 2675 de
2794 2622 2963 2690 stirpe
2998 2620 3220 2687 Graeca;
3273 2621 3417 2676 mide
3458 2623 3690 2677 mutatio

2109 2711 2498 2781 imperatorum
2532 2710 2891 2770 Orientalium
2924 2712 3292 2766 Romanorum
3319 2714 3373 2766 in
3414 2714 3688 2767 Martiano

2104 2801 2289 2865 desiit,
2320 2810 2372 2855 et
2400 2802 2500 2855 hoc
2532 2810 2695 2871 pacto
2731 2803 2899 2871 erepit
2931 2804 3088 2856 tertia
3118 2803 3350 2857 mutatio
3384 2804 3688 2872 imperiali:

2106 2892 2160 2944 in
2221 2890 2414 2945 Graeco
2464 2893 2733 2963 sanguine
2786 2894 2932 2947 circa
2978 2908 3179 2949 annum
3222 2893 3691 2965 quadringentesi-

2107 2995 2253 3034 mum
2301 2983 2702 3051 sexagesimum
2748 2982 2802 3037 in
2837 2982 3016 3037 Leone
3047 2984 3245 3053 primo,
3284 2993 3338 3038 et
3367 2985 3445 3039 sic
3470 3001 3563 3055 per
3604 2987 3689 3040 vi-

2102 3072 2238 3139 ginti
2268 3072 2513 3141 quinque
2566 3073 2924 3144 imperatores
2975 3076 3030 3128 in
3091 3073 3422 3145 Nicephoro,
3481 3076 3533 3130 id
3579 3086 3686 3140 est,

2107 3173 2230 3233 post
2260 3165 2475 3232 imperii
2504 3165 2921 3220 translationem
2968 3167 3021 3221 in
3063 3166 3331 3232 Galliam;
3367 3168 3461 3222 sed
3495 3177 3683 3223 secuta

2103 3262 2187 3308 est
2231 3255 2395 3308 etiam
2450 3266 2571 3323 post
2624 3254 2984 3324 Nicephorum
3029 3257 3191 3310 tertia
3243 3258 3357 3311 haec
3388 3258 3685 3327 imperialis

2098 3344 2286 3400 Gra‘ca
2317 3347 2548 3399 mutatio
2590 3362 2765 3415 usque
2789 3347 2856 3401 ad
2886 3347 3211 3403 Murcililum
3233 3349 3559 3418 (secundum
3584 3351 3686 3405 ali-

2100 3436 2265 3503 quos)
2300 3435 2702 3504 sexagesimum
2738 3436 3123 3505 imperatorem
3156 3437 3323 3507 hujus
3356 3440 3529 3494 tertiae
3564 3454 3685 3492 mu-

2096 3524 2325 3578 tationis
2355 3526 2409 3577 in
2441 3525 2708 3594 sanguine
2734 3524 2945 3591 Graeco,
2979 3534 3035 3580 et
3060 3527 3113 3580 in
3147 3527 3266 3596 ipso
3298 3527 3463 3582 desiit
3493 3528 3680 3599 stirpis

2094 3612 2296 3667 Graecae
2330 3614 2620 3683 imperium
2649 3631 2662 3679 ;
2694 3616 2840 3669 unde
2870 3615 3160 3686 hucusque
3213 3617 3530 3673 ostenditur
3576 3619 3681 3674 im-

2095 3706 2304 3773 perium
2329 3702 2579 3757 (:rmcum
2613 3705 2715 3759 sub
2747 3704 2915 3774 ﬁgura
2962 3708 3235 3776 serpentis
3281 3709 3357 3777 (et
3413 3717 3679 3777 quantum

2093 3805 2211 3849 erat
2251 3794 2603 3866 duraturum)
2658 3796 2753 3864 qui
2796 3812 2828 3849 a
2870 3796 3084 3851 duobus
3136 3798 3452 3855 volatilibus
3500 3813 3681 3854 caecus

2094 3886 2362 3940 redditur.
2408 3887 2639 3955 Pr0pler
2695 3887 2799 3941 hoc
2862 3888 2994 3942 dicit
3070 3888 3421 3959 Epigramma
3481 3891 3576 3947 A:
3614 3890 3679 3944 In

2094 3980 2265 4034 medio
2294 3980 2621 4048 geminorum
2674 3995 2949 4032 corvorum
3000 3990 3048 4035 et
3097 3981 3393 4036 volatilium
3434 3983 3678 4038 absume-

2092 4072 2167 4125 ris
2194 4086 2213 4124 :
2242 4072 2402 4141 quasi
2434 4070 2581 4124 dicat
2610 4086 2623 4122 :
2658 4069 2702 4124 Ο
2740 4071 3027 4140 imperium
3065 4070 3337 4141 Graecum,
3372 4074 3679 4131 absumeris

2094 4161 2239 4214 inter
2295 4161 2435 4215 duos
2489 4176 2708 4227 corvos,
2752 4171 2845 4217 aut
2881 4164 3169 4230 volatiles;
3200 4165 3252 4219 id
3303 4174 3408 4231 est,
3458 4167 3674 4221 alienos

2097 4257 2416 4319 potentatus
2450 4249 2543 4317 qui
2592 4258 2645 4304 te
2691 4250 2997 4320 expellent;
3054 4259 3109 4306 et
3159 4252 3233 4305 ita
3292 4251 3532 4323 Egyptii
3581 4269 3680 4325 per

2095 4352 2323 4391 corvum
2385 4337 2759 4408 intelligehant
2812 4337 3070 4393 infamem
3119 4340 3525 4411 expulsionem,
3588 4343 3675 4396 in-

2092 4428 2232 4497 quit,
2261 4427 2410 4497 quod
2440 4428 2691 4498 expulsio
2730 4430 2835 4483 erit
2891 4430 3126 4484 duorum
3155 4445 3446 4486 corvorum
3473 4450 3487 4486 :
3515 4442 3569 4488 et
3598 4433 3675 4487 ita

2092 4517 2192 4571 fuit
2227 4534 2244 4582 ;
2281 4516 2540 4586 quoniam
2597 4518 2734 4572 alter
2786 4534 2976 4573 eorum
3036 4520 3136 4573 fuit
3186 4520 3531 4588 Murcilllus,
3578 4525 3673 4595 qui

2092 4609 2328 4664 credens
2359 4608 2613 4663 Graecum
2652 4609 2941 4679 imperium
2970 4625 3266 4681 occupare,
3308 4613 3554 4667 Alexium
3581 4614 3676 4682 ju-

2090 4714 2284 4755 venem
2369 4700 2755 4769 imperatorem
2830 4703 3066 4769 occidit;
3144 4704 3239 4759 sed
3312 4706 3428 4775 ipse
3486 4708 3672 4761 statim

2090 4802 2288 4863 captus
2333 4790 2433 4844 fuit
2484 4806 2512 4843 a
2543 4792 2761 4847 Venetis
2788 4800 2841 4848 et
2875 4792 3067 4858 Gallis,
3109 4805 3164 4849 et
3213 4795 3537 4866 Byzantium
3570 4797 3670 4852 du-

2088 4895 2234 4947 ctus,
2294 4884 2463 4938 variis
2516 4883 2853 4940 cruciatibus
2916 4895 3200 4951 mortuus,
3260 4896 3315 4943 et
3374 4891 3674 4960 castigatus

2088 4973 2303 5026 acerbe.
2336 4970 2444 5025 Sed
2491 4971 2707 5025 interim
2754 4973 2902 5041 quod
2937 4975 3245 5031 Murciﬁlus
3292 4977 3475 5046 fugam
3512 4994 3674 5048 cepe-

2089 5072 2194 5127 rat,
2226 5078 2355 5119 eece
2388 5063 2673 5119 secundus
2696 5077 2921 5130 corvus,
2954 5066 3007 5120 id
3048 5076 3151 5133 est,
3188 5067 3493 5124 Balduinus
3516 5067 3675 5123 Flau-

2088 5157 2221 5212 drite
2252 5172 2459 5233 comes,
2511 5158 2602 5228 qui
2640 5158 2947 5213 dominium
2979 5168 3033 5214 et
3077 5162 3264 5216 urbem
3299 5165 3463 5232 cepit,
3496 5173 3551 5217 et
3590 5164 3672 5217 sic

2091 5247 2192 5302 fuit
2223 5250 2521 5318 imperator
2550 5258 2794 5313 creatus,
2838 5258 2896 5305 ut
2925 5250 3058 5306 dicit
3085 5250 3376 5321 Egnatius,
3402 5264 3457 5308 et
3483 5254 3600 5307 alii.

2420 5378 2926 5436 EPIGRAMMATA
2964 5381 3250 5436 FIGURIE
3291 5383 3358 5439 ll.

2088 5494 2151 5545 Α.
2188 5490 2413 5561 Duplex,
2466 5492 2674 5557 triplex,
2724 5495 2917 5548 etenim
2964 5496 3077 5548 avis
3120 5511 3274 5549 eaues
3332 5493 3667 5562 crueigerula

2155 5564 2265 5615 avis
2294 5578 2555 5632 equusque
2588 5578 2772 5616 rursus
2809 5567 3065 5633 corniger.

2088 5649 2148 5701 Β.
2184 5649 2473 5715 Maximus,
2529 5652 2807 5721 aviumque
2861 5669 2955 5706 rea:
2997 5656 3166 5717 solus,
3204 5651 3289 5706 hic
3329 5663 3469 5705 certe
3522 5655 3667 5706 acci-

2158 5722 2305 5793 piens
2365 5736 2616 5793 regnum,
2654 5738 2680 5773 e
2706 5722 2938 5775 ‘meridie
2978 5724 3032 5776 in
3078 5740 3209 5793 equo
3252 5724 3501 5793 quieverit
3547 5740 3667 5776 cor-

2008 5812 2060 5868 D
2160 5792 2359 5868 iugero,
2408 5805 2511 5842 uno
2561 5791 2667 5856 die,
2721 5794 2892 5848 sidere
2915 5794 3019 5848 diei
3054 5791 3389 5861 percensenti!
3431 5794 3659 5847 medium

2158 5861 2285 5928 poli.
