4120 6446
414 435 548 499 1161

1367 436 1895 499 ΟΗΛΟΟΕΟἎΠᾸῙ
1945 438 2216 499 LEONIS
2297 441 2722 504 EXPOSITIO.

3555 452 3686 521 1162

409 548 474 600 C.
520 544 747 629 Monade
791 544 1018 612 duplicis
1064 542 1466 629 appellationis,
1519 544 1634 597 sola
1678 546 1869 629 prima
1908 561 1991 597 ra-
2029 550 2076 606 Α
2110 557 2292 605 ratore
2349 559 2475 620 post
2506 550 2826 607 Michaelem
2875 553 3240 629 Palmologum
3282 556 3682 619 Viterbiensem

482 619 667 670 mentis
723 630 1084 675 numerorum,
1124 624 1332 681 postero
1356 622 1624 683 "tempore,
1664 623 1721 667 ut
1774 625 1822 669 et
1856 621 1992 667 bona

477 703 601 755 pars
661 687 908 755 temporis
969 684 1224 747 exsistis,
1298 686 1515 752 quando
1566 685 1761 737 tenebis
1825 685 1995 737 crucis

481 754 775 823 imaginem,
822 754 1071 813 mediam,
1125 761 1175 807 et
1219 755 1401 806 audax
1447 770 1611 823 quam
1659 756 1907 816 maxime,
1944 762 1994 823 et

478 821 613 879 celer
639 842 714 889 es,
742 836 790 878 et
823 824 889 877 ad
921 824 1055 877 bella
1088 835 1384 891 promptus.
1427 821 1470 875 Ο
1502 824 1663 892 Byza?
1701 841 1882 892 genus,
1905 821 1996 878 sed

478 895 546 951 ad
582 907 876 949 extremum
908 897 1117 947 occasio
1146 893 1307 961 fatua:
1336 893 1543 946 lucrum
1567 894 1748 961 faciet.

999 981 1425 1037 EXPOSITIO.

479 1079 676 1150 Aquila
716 1092 843 1132 cum
880 1091 1044 1129 cruce
1072 1091 1273 1129 novum
1312 1075 1699 1145 imperatorem
1742 1075 1989 1141 denotat,

409 1169 464 1224 id
495 1178 601 1231 est,
635 1167 960 1222 Baltluinum
1003 1166 1405 1235 supradictum,
1446 1167 1537 1235 qtti
1589 1167 1737 1220 circa
1788 1181 1991 1220 annum

408 1259 760 1315 millesimum
810 1257 1253 1311 ducentesimum
1299 1267 1577 1321 octavum,
1630 1257 1839 1311 auxilio
1889 1255 1996 1311 Ve-

411 1362 664 1407 netorum
698 1358 751 1405 et
783 1348 1062 1404 Gallorum
1097 1355 1319 1402 creatus
1362 1357 1447 1402 est
1502 1348 1649 1401 illius
1683 1347 1787 1400 loci
1820 1347 1993 1417 impe-

410 1448 581 1506 rator,
632 1440 891 1511 quoniam
925 1439 1069 1494 inter
1120 1439 1270 1509 ipsos
1319 1436 1424 1493 fuit
1475 1445 1719 1508 pactum,
1761 1437 1807 1493 si
1851 1435 1993 1491 Galli

408 1539 666 1587 crearent
733 1529 1021 1584 Dominum
1074 1530 1455 1600 temporalem,
1504 1528 1692 1584 Veneti
1740 1536 1991 1583 crearent

408 1622 699 1678 Dominum
746 1620 1125 1691 spiritualem;
1173 1621 1319 1674 unde
1367 1618 1507 1673 Galli
1568 1628 1828 1674 crearunt
1869 1617 1995 1671 Bal-

408 1714 639 1769 duinum
674 1728 739 1769 ex
782 1712 1062 1767 Gallorum
1092 1712 1262 1782 stirpe
1310 1713 1692 1782 imperatorem
1722 1712 1994 1767 Constan-

406 1806 852 1876 tinopolitanum,
896 1805 1085 1861 Veneti
1114 1820 1243 1860 vero
1285 1803 1555 1860 Thomam
1602 1804 1990 1860 Maurocenum

408 1896 556 1951 illius
604 1896 845 1951 civitatis
898 1896 1272 1966 patriarcham
1330 1895 1601 1951 fecerunt.
1652 1895 1759 1949 Ista
1820 1896 1989 1966 ligura
2022 1892 2065 1946 Β

405 1989 646 2043 ostendit
668 1996 884 2059 tempus
911 1988 1075 2057 hujus
1102 1988 1316 2057 imperii
1372 1989 1424 2041 in
1460 1998 1688 2042 externa
1716 1988 1885 2058 stirpe
1934 1987 1989 2042 in

408 2078 516 2135 illis
561 2079 742 2134 verbis
789 2080 1201 2149 epigrammatis
1232 2079 1295 2139 Α,
1331 2079 1529 2149 duplex
1578 2080 1794 2148 triplex,
1828 2087 1981 2145 etc.;

407 2172 562 2242 quasi
587 2173 769 2228 dicere
807 2173 954 2236 velit,
987 2172 1188 2241 duplex
1227 2172 1444 2241 triplex,
1479 2172 1583 2226 hoc
1613 2180 1732 2236 est,
1755 2186 1849 2226 sex
1888 2173 1993 2226 im-

407 2274 691 2335 peratores
717 2277 842 2319 cum
881 2264 1041 2332 signo
1073 2263 1270 2333 aquila
1309 2278 1531 2319 crucem
1564 2263 1791 2318 ferentis
1827 2271 1991 2319 erunt

406 2358 460 2411 in
497 2356 749 2427 imperio.
789 2353 856 2409 Et
906 2355 979 2410 ita
1027 2354 1151 2421 l'uit,
1191 2355 1453 2426 quoniam
1506 2360 1610 2412 sub
1654 2358 1838 2427 aquila
1885 2360 1990 2411 ista

404 2448 769 2519 crucigerula,
792 2463 915 2518 quae
946 2464 1041 2502 sex
1073 2462 1284 2518 pennas
1338 2449 1478 2519 gerit
1509 2450 1561 2502 in
1612 2450 1773 2513 collo,
1805 2458 1991 2504 osten-

404 2541 609 2595 duntur
636 2556 732 2596 sex
761 2541 1143 2609 imperatores,
1198 2539 1251 2594 id
1301 2549 1408 2604 cst,
1445 2540 1769 2606 Balduinus,
1797 2538 1992 2595 Henri-

403 2648 525 2697 cus,
560 2632 779 2697 Petrus,
827 2632 1123 2698 llubertus,
1172 2640 1227 2686 et
1262 2629 1501 2686 Joannes
1542 2633 1815 2688 Brennius
1841 2640 1991 2687 tutor

404 2740 531 2779 cum
566 2723 836 2779 Balduino
871 2724 1174 2779 secundum
1220 2724 1534 2789 nonnullos,
1578 2733 1633 2780 et
1663 2726 1756 2796 qui
1794 2736 1982 2795 postea

404 2812 704 2871 succedere
729 2813 976 2879 deberet,
1007 2815 1224 2868 videtur
1262 2813 1317 2869 in
1354 2815 1749 2885 epigrammate
1788 2815 1852 2881 Β,
1884 2816 1978 2870 ubi

404 2907 609 2961 dicitur
640 2923 653 2959 :
688 2903 962 2958 Maximus
1014 2905 1290 2975 aviumque
1328 2920 1423 2959 rex
1454 2905 1625 2968 solus,
1654 2918 1786 2970 etc.;
1828 2908 1988 2976 quasi

401 2996 591 3052 dicere
623 2995 756 3051 velit
793 3014 806 3050 :
850 2993 1079 3065 Magnus
1107 3004 1161 3050 et
1197 2995 1351 3050 solus
1384 2997 1565 3049 avium
1603 3010 1698 3050 rex
1732 2997 1836 3051 erit
1876 2996 1987 3062 ille,

402 3088 495 3159 qui
526 3088 708 3159 capiet
738 3086 1045 3143 dominium
1071 3086 1345 3153 Graecum,
1396 3087 1492 3143 sed
1546 3096 1829 3144 transacto
1869 3104 1987 3144 me-

401 3180 564 3245 ridie,
607 3179 661 3234 id
683 3190 787 3245 est,
819 3195 914 3250 per
945 3179 1092 3234 aliud
1150 3195 1376 3249 parvum
1405 3190 1623 3251 tempus
1654 3184 1898 3251 quiescet
1930 3183 1985 3236 in

401 3286 547 3343 equo
567 3271 873 3341 cornigero,
906 3279 961 3326 et
996 3272 1070 3325 ita
1121 3271 1247 3336 fuit,
1278 3271 1537 3339 quoniam
1573 3272 1767 3343 Aquila
1797 3289 1983 3330 cessa-

403 3363 480 3418 vit
507 3364 563 3418 iu
592 3361 862 3418 Balduino
886 3363 1149 3418 secundo.

712 3472 1215 3529 EPIGRAMMATA
1271 3473 1559 3530 FIGURAE
1602 3474 1688 3531 111.

403 3587 467 3640 Α.
493 3584 789 3641 Sulthanus
816 3585 1186 3654 Mechemetes,
1232 3588 1276 3643 is
1331 3590 1423 3658 qui
1457 3587 1984 3660 Constantinopolim

472 3668 728 3723 capturus
753 3667 852 3710 est.

402 3727 463 3778 Β.
508 3724 577 3799 In
631 3728 773 3799 locis
810 3727 1064 3791 humidis,
1096 3736 1145 3783 et
1193 3739 1387 3796 prreler
1433 3734 1576 3799 spem
1624 3731 1819 3797 cades;
1847 3732 1900 3785 in
1933 3741 1982 3785 te

472 3797 611 3866 enim
656 3797 866 3849 initium
898 3807 947 3851 et
978 3799 1099 3866 ﬁnis
1129 3816 1291 3852 cornu
1321 3810 1421 3856 est.

400 3864 463 3919 C.
498 3865 664 3938 Fama
710 3864 1104 3938 vulgatumest,
1140 3870 1276 3938 quod
1311 3886 1462 3923 aures
1506 3869 1704 3935 habes;
1737 3882 1784 3925 et
1808 3873 1984 3925 hinnis

472 3936 606 3988 citra
634 3953 870 3991 antorem
906 3936 1253 4004 habenarum,
1294 3940 1348 3992 id
1379 3950 1476 4007 est,
1506 3941 1705 3996 laxatis
1737 3942 1979 3997 habenis.

976 4026 1399 4086 EXPOSITIO.

473 4114 772 4172 Videbatur
800 4117 947 4188 quod
974 4118 1184 4175 Graecia
1217 4121 1532 4192 relinquens
1554 4122 1857 4178 dominium
1888 4140 1985 4179 ex-

398 4218 617 4265 ternum
650 4211 862 4280 Aquila:
902 4211 957 4265 in
989 4210 1259 4267 Balduino
1308 4216 1571 4280 secundo,
1604 4224 1659 4271 et
1698 4216 1865 4270 alium
1892 4234 1985 4270 no-

398 4314 528 4353 vum
571 4307 627 4353 et
657 4299 921 4364 nativum.
953 4303 1232 4371 accipiens
1281 4303 1586 4360 dominium
1619 4306 1672 4360 in
1725 4304 1986 4362 Michaele

400 4387 705 4461 Palteologo
733 4390 852 4461 (sed
880 4391 1211 4448 intermedio
1247 4396 1519 4465 imperiali
1558 4401 1860 4454 secundum
1885 4400 1984 4453 ali-

403 4495 543 4551 quos
572 4483 772 4549 Alexii,
829 4484 1045 4554 Angeli,
1110 4483 1616 4556 Theodorilascori,
1649 4502 1704 4546 et
1752 4489 1983 4546 Joannis

2098 656 2244 696 armo
2275 641 2488 698 Domini
2516 645 2811 701 millesimo
2848 648 3389 720 quadringentesimo
3413 657 3685 729 quinqua-

2100 733 2308 803 gesimo
2340 736 2521 801 tertio,
2555 744 2610 791 et
2656 738 2757 791 ista
2792 741 3162 808 perseverabit
3190 759 3288 813 per
3335 756 3543 816 septem
3578 749 3683 802 im-

2095 830 2380 892 peratores
2412 824 2846 882 Maucmetanos.
2881 829 3167 896 Quomodo
3200 843 3381 888 autem
3417 850 3682 901 pervene-

2094 917 2167 971 rit
2212 916 2496 987 imperium
2538 920 2686 977 istud
2743 922 2794 976 iu
2832 923 3156 992 Mechemet,
3186 927 3377 983 dicunt
3427 928 3682 985 Historia”:

2095 1008 2536 1078 Ottomanorum,
2568 1023 2623 1069 et
2670 1015 2996 1080 Turcarum,
3044 1027 3099 1073 et
3159 1018 3495 1082 Graecorum.
3529 1022 3680 1091 quod

2096 1099 2323 1155 Michael
2360 1101 2697 1176 Palatologus
2727 1108 2948 1178 reliquit
2977 1108 3378 1176 Andronicum,
3405 1113 3494 1183 qui
3542 1112 3681 1168 duos

2098 1195 2238 1250 lilios
2259 1197 2485 1261 habens,
2534 1197 2916 1268 Calojannem,
2970 1204 3022 1255 et
3076 1199 3509 1269 Etnmanuelem,
3554 1204 3682 1257 reli-

2096 1286 2214 1355 quit
2252 1294 2488 1341 tutorem
2536 1286 2803 1343 Joannem
2851 1290 3317 1359 Cautztcuzenuut,
3368 1293 3459 1361 qui
3521 1293 3681 1349 Calo-

2090 1377 2244 1446 janni
2289 1378 2453 1433 ﬁliam
2490 1380 2545 1434 in
2589 1382 2996 1437 matrimonium
3050 1384 3340 1440 collocavit
3379 1402 3394 1449 ;
3429 1386 3524 1441 sed
3557 1396 3678 1442 orta

2095 1469 2445 1527 dissensione
2483 1474 2628 1529 inter
2658 1474 3097 1531 Cattlacuzennm
3132 1484 3186 1531 et
3220 1492 3504 1547 generum,
3536 1478 3678 1533 Can-

2095 1569 2394 1619 tacuzenus
2441 1580 2703 1635 generum
2752 1570 2985 1638 expulit,
3037 1584 3097 1625 se
3154 1570 3541 1641 imperatorem
3590 1571 3674 1626 l'a-

2094 1655 2281 1719 ciens;
2309 1661 2404 1712 sed
2429 1658 2758 1727 Calojannes
2805 1661 2858 1715 in
2910 1671 3111 1716 statum
3141 1662 3453 1728 restitutus,
3480 1661 3682 1718 Canta-

2095 1766 2362 1807 cuzenum
2396 1754 2644 1811 multavit
2671 1755 2887 1820 exsilio,
2916 1757 3007 1828 qui
3050 1772 3109 1812 se
3147 1758 3472 1813 monachum
3521 1757 3672 1814 fecit.

2099 1841 2195 1896 Hic
2226 1843 2557 1911 Calojannes
2599 1846 3007 1903 Emmanuelem
3062 1847 3270 1915 habuit,
3312 1851 3402 1920 qui
3436 1856 3558 1920 post
3585 1866 3682 1919 pa-

2096 1942 2233 1988 trem
2295 1937 2471 1991 tenuit
2525 1938 2835 2005 imperium,
2879 1947 2932 1993 ct
2994 1950 3202 2008 septem
3266 1939 3458 1994 habuit
3510 1941 3677 2003 lilios,

2090 2021 2395 2089 Joannem,
2444 2024 2850 2091 Andronicum,
2917 2025 3304 2087 Theodorum.
3360 2028 3680 2084 Constantio

2092 2128 2245 2172 num.
2268 2112 2622 2182 Demetrium,
2643 2114 2931 2180 Thomam,
2956 2127 3009 2169 et
3045 2115 3389 2172 Michaelent.
3410 2116 3681 2186 Tempore

2092 2203 2253 2260 istius
2280 2204 2652 2262 Emmanuelis
2681 2207 3030 2277 imperatoris
3065 2210 3265 2264 accidit
3287 2209 3430 2276 quod
3473 2209 3683 2266 Maelio.

2094 2312 2200 2352 met
2220 2298 2525 2355 Turcarum
2560 2299 2882 2371 imperator,
2923 2313 3204 2371 postquam
3230 2318 3260 2355 ε
3293 2301 3512 2357 Venetis
3540 2304 3678 2358 mari

2092 2390 2408 2464 proﬂigatus
2457 2400 2628 2456 esset,
2680 2404 2730 2446 et
2778 2409 2898 2448 ειιιιι
2934 2394 3069 2464 ipsis
3107 2393 3304 2450 deinde
3356 2408 3540 2463 pacem
3582 2394 3680 2448 ha.

2090 2483 2265 2547 beret,
2296 2493 2407 2536 uta
2441 2481 2611 2539 l‘ratre
2643 2484 2887 2540 Mustai‘a:
2921 2486 3326 2556 aggrederetur,
3361 2487 3451 2553 qui
3487 2497 3676 2553 postea

2096 2572 2412 2627 Salonicum
2482 2575 2747 2643 aufugit:
2793 2576 2938 2644 quod
2996 2576 3304 2646 intelligens
3356 2575 3676 2641 Mechemet.

2098 2681 2221 2720 cum
2260 2667 2507 2722 exercitu
2544 2667 2765 2738 petebat
2806 2667 3053 2723 Mustal‘ae
3084 2669 3541 2739 gubernatorem;
3580 2669 3677 2740 qui

2100 2772 2226 2813 cum
2256 2756 2595 2815 Emmanueli
2619 2758 2809 2814 Graeco
2842 2745 3159 2826 imperatori
3185 2761 3251 2814 de
3286 2762 3389 2814 hoc
3422 2761 3679 2831 scripsis-

2094 2858 2202 2911 set,
2236 2863 2560 2919 responsum
2617 2850 2739 2904 tulit
2777 2849 3131 2915 huiusmodi:
3169 2851 3312 2919 quod
3351 2848 3675 2931 Emmanuel

2094 2947 2149 2993 ct
2184 2938 2543 2995 Mechemeles
2591 2940 2896 2996 concordes
2937 2940 3123 3008 fuere;
3171 2952 3225 2996 et
3271 2943 3523 3011 promisit
3563 2941 3679 2997 Mu-

2096 3030 2293 3085 slal‘am
2326 3047 2549 3088 carcere
2588 3033 2961 3099 detenturum,
3000 3035 3054 3088 in
3101 3049 3211 3109 quo
3244 3036 3543 3108 permansit
3592 3051 3678 3091 us-

2090 3137 2196 3192 que
2244 3125 2310 3178 ad
2359 3136 2586 3181 mortem
2623 3124 2977 3207 Mechemetis
3006 3128 3193 3198 primi.
3238 3127 3468 3200 Propter
3503 3128 3669 3184 istam

2009 3247 2055 3310 ρ
2089 3214 2402 3270 Grzecnrum
2462 3219 2732 3272 actionem
2786 3227 2997 3273 tantum
3051 3230 3242 3275 auctus
3285 3228 3367 3274 est
3406 3234 3560 3274 sutor
3616 3219 3675 3275 in

2094 3303 2499 3369 Mt-chemelcm,
2533 3316 2591 3360 ut
2623 3306 2770 3360 omni
2804 3322 2995 3362 eorum
3028 3306 3280 3376 petitioni
3315 3309 3614 3365 assentiret
3647 3325 3665 3363 :

2090 3397 2233 3451 unde
2260 3404 2371 3450 tam
2402 3398 2561 3453 valde
2600 3397 2788 3452 ﬂoruit
2814 3396 3025 3455 Graecia
3050 3399 3101 3454 in
3131 3399 3219 3455 illa
3256 3401 3671 3470 tranquillitate.

2090 3496 2149 3541 ut
2180 3497 2437 3559 tanquam
2467 3504 2605 3542 nova
2628 3504 2831 3559 sponsa
2867 3489 2923 3544 in
2952 3490 3065 3547 etio
3086 3500 3141 3546 et
3166 3491 3349 3561 quiete
3380 3506 3671 3561 permane-

2089 3582 2195 3639 ret,
2237 3575 2343 3629 nisi
2391 3574 2710 3632 Emmanuel
2752 3576 3053 3649 imperator
3094 3578 3216 3633 ﬂliis
3252 3595 3477 3650 regnum
3529 3582 3672 3636 divi-

2088 3668 2271 3733 sisset,
2310 3684 2540 3738 quorutn
2589 3668 2965 3725 dissensiones
3008 3687 3173 3729 causa
3204 3671 3357 3729 fuere
3394 3674 3673 3743 augmenti

2088 3760 2525 3827 Ottomanorum,
2573 3770 2628 3814 et
2688 3763 2925 3831 propria:
2977 3763 3355 3833 perditionis:
3406 3763 3665 3834 quoniam

2086 3850 2346 3905 defuncto
2375 3849 2751 3915 Etumanuele,
2788 3851 3027 3907 JOannes
3082 3854 3478 3924 primogenitus
3526 3854 3673 3923 cepit

2088 3942 2419 4012 imperium;
2456 3952 2511 3995 et
2541 3952 2657 4010 post
2684 3931 2869 4010 ipsum
2896 3960 3020 3999 cum
3047 3944 3439 4002 Constantinus
3479 3947 3531 4002 in
3569 3963 3669 4019 pa-

2086 4034 2245 4087 ciilco
2270 4032 2513 4086 dominio
2542 4044 2689 4089 esset
2723 4035 3075 4102 constitutus,
3114 4045 3166 4091 ct
3200 4036 3372 4093 Graeci
3402 4054 3523 4093 cum
3557 4038 3669 4095 Mo-

2087 4123 2335 4177 chemete
2391 4124 2631 4177 secundo
2689 4122 2866 4179 {tedas
2915 4128 3343 4195 percussissent,
3410 4144 3516 4184 non
3571 4130 3666 4185 diu

2088 4217 2390 4285 permansit
2447 4218 2498 4271 in
2535 4219 2624 4272 illa
2683 4219 3096 4288 tranquillitate,
3129 4222 3255 4290 quia
3302 4219 3668 4278 Mechemctes

2088 4313 2360 4378 superbus
2397 4322 2449 4365 et
2484 4311 2719 4380 invidus,
2767 4314 2972 4370 hedera
3015 4329 3125 4369 non
3171 4316 3515 4383 respiciens,
3557 4317 3670 4373 imo

2086 4392 2195 4454 illis
2247 4403 2561 4471 postpositis
2611 4422 2717 4461 una
2785 4426 2908 4462 cum
2963 4408 3171 4478 legibus
3222 4418 3277 4463 et
3316 4408 3667 4477 juramcntis,

2087 4497 2554 4563 propugnaculum
2580 4500 2781 4563 erexit,
2808 4502 2952 4571 quod
2998 4501 3299 4555 vocabatur
3338 4501 3663 4571 Bogazator,

400 4574 796 4647 Deplobatarii)
825 4586 974 4632 esset
1014 4586 1273 4648 tanquam
1323 4595 1463 4635 nova
1500 4597 1721 4651 sponsa,
1756 4596 1976 4638 ostensa
2012 4615 2058 4673 ο
2086 4598 2196 4653 quo
2217 4586 2510 4654 completo,
2538 4601 2598 4641 se
2625 4587 2941 4645 Grrecornm
2968 4590 3181 4646 hostem
3211 4591 3420 4646 detexit
3457 4609 3470 4646 :
3496 4594 3668 4664 t-mpit

401 4680 499 4734 per
534 4666 681 4719 illam
717 4667 1071 4735 juvenculam
1096 4667 1411 4725 Graecorum
1439 4687 1591 4726 more
1628 4673 1897 4740 indutam,
1926 4684 1981 4729 et

397 4756 605 4823 laetam;
633 4758 727 4812 sed
776 4758 869 4812 illa
899 4759 1083 4815 latitia
1113 4776 1143 4814 a
1197 4763 1425 4816 meridie
1454 4766 1671 4821 sublata
1711 4768 1833 4834 fuit,
1871 4769 1981 4823 sic-

398 4849 476 4903 uti
520 4848 729 4902 dictum
762 4860 847 4905 est
878 4854 949 4906 ab
992 4868 1137 4924 equo
1174 4856 1486 4927 cornigero,
1521 4874 1551 4912 a
1583 4875 1693 4929 quo
1720 4863 1980 4932 depressa

397 4941 551 4995 fuit:
607 4956 779 5010 quare
828 4944 1164 5014 epigramma
1231 4946 1277 5000 Β
1326 4947 1640 5017 juvencula:
1695 4954 1831 5007 dicit
1870 4973 1884 5010 :
1918 4954 1980 5009 In

400 5032 531 5087 locis
553 5031 806 5099 humidis,
831 5044 880 5089 et
929 5049 1122 5104 praeter
1150 5055 1292 5108 spem
1320 5041 1497 5107 cades,
1522 5054 1628 5098 etc.
1657 5061 1672 5109 ;
1704 5051 1861 5115 quasi
1896 5048 1979 5102 di-

396 5138 522 5180 cere
555 5124 760 5180 vellet:
804 5126 862 5181 In
889 5126 1028 5183 locis
1068 5127 1333 5197 humidis,
1370 5134 1473 5188 hoc
1506 5143 1613 5201 est,
1649 5137 1702 5190 in
1748 5138 1979 5195 feliciuri

396 5224 641 5288 tempore
675 5217 753 5272 tui
783 5217 1037 5286 dominii,
1068 5235 1101 5275 o
1132 5218 1364 5289 Graecia,
1402 5241 1524 5295 qua:
1553 5235 1763 5284 tantum
1797 5239 1850 5286 te
1879 5246 1978 5287 ex-

397 5309 567 5377 tollis,
610 5309 810 5377 cades;
849 5311 948 5367 sed
999 5314 1164 5382 scias,
1198 5318 1341 5384 quod
1379 5318 1432 5373 in
1467 5330 1518 5376 te
1560 5323 1891 5393 principium
1923 5337 1980 5381 et

394 5402 519 5455 linis
550 5409 635 5456 est
667 5416 862 5467 cornu,
894 5404 997 5461 hoc
1028 5416 1133 5471 est,
1169 5409 1314 5477 quod
1346 5410 1398 5464 in
1427 5420 1478 5467 te
1514 5412 1615 5467 fuit
1647 5418 1975 5488 principium

394 5507 589 5559 cornu,
629 5494 681 5547 id
730 5504 832 5561 est,
870 5496 1199 5565 dominium,
1260 5502 1315 5555 in
1373 5513 1425 5559 te
1455 5506 1623 5560 etiam
1675 5510 1784 5563 erit
1825 5511 1972 5569 ﬁnis.

392 5582 496 5638 Sed
530 5585 653 5652 quis
679 5584 895 5641 futurus
925 5599 1074 5645 esset
1113 5590 1203 5647 hic
1253 5594 1464 5663 primus
1494 5601 1748 5669 corniger
1775 5619 1974 5673 equus,

389 5673 631 5730 declarat
671 5678 1003 5748 epigramma
1033 5680 1099 5745 Α,
1138 5682 1328 5741 dicens
1369 5703 1383 5740 :
1429 5686 1727 5746 Sultlumus
1760 5692 1973 5751 Meche-

392 5774 549 5820 metes
585 5769 674 5837 qui
706 5772 875 5837 capiet
906 5769 1444 5846 Constantinopolim,
1494 5782 1545 5835 id
1600 5794 1705 5847 cst,
1749 5785 1972 5843 Sultha-

400 5873 501 5911 nus
547 5856 910 5921 Mcchcmetes
944 5872 1048 5923 erit
1107 5868 1217 5932 ille,
1260 5872 1350 5939 qui
1398 5872 1685 5943 imperium
1718 5877 1967 5936 Graecum

390 5953 698 6021 occupabit,
733 5958 823 6025 qui
867 5959 1030 6017 desiit
1071 5962 1121 6017 in
1170 5963 1532 6023 Constantino
1569 5972 1761 6040 quinto
1794 5974 1964 6045 impc-

2085 4677 2231 4732 enim
2266 4684 2545 4754 regionem
2590 4683 3253 4753 Coustantiuopolitanam
3291 4686 3490 4741 damno
3548 4685 3664 4741 alii-

2084 4784 2243 4840 cere;
2279 4781 2333 4828 et
2367 4790 2491 4831 cum
2532 4776 2768 4830 maximo
2788 4778 3033 4832 exercitu
3064 4777 3347 4833 civitatem
3378 4777 3667 4835 obsidione

2085 4870 2291 4917 teneret
2344 4874 2508 4935 atque
2553 4866 2766 4935 magnis
2817 4867 3155 4929 bombardis.
3192 4884 3336 4925 anno
3373 4869 3663 4927 millesimo

2083 4954 2624 5025 quadringentesimo
2643 4960 3116 5031 ’quinquagesimo
3166 4962 3329 5018 tertio
3384 4963 3663 5019 civitatem

2083 5052 2137 5097 ct
2158 5044 2458 5100 dominium
2510 5046 2699 5102 habuit
2732 5067 2744 5102 :
2792 5060 2910 5103 erat
2951 5054 3151 5122 quippe
3183 5051 3543 5108 Mecltemetes
3576 5050 3662 5106 vir

2082 5130 2483 5198 fraudulentus,
2518 5141 2573 5188 et
2606 5137 2882 5206 deceptor,
2932 5139 3075 5208 quod
3105 5138 3342 5201 diceret,
3376 5139 3537 5194 tidem
3568 5154 3663 5195 so-

2082 5218 2193 5272 lntn
2228 5236 2258 5275 a
2301 5221 2696 5277 mercatoribus
2719 5226 3071 5287 servandam.
3108 5240 3219 5279 non
3252 5239 3281 5279 a
3322 5225 3665 5296 principibus

2081 5310 2431 5376 cupientibus
2471 5326 2700 5382 magnos
2754 5310 2870 5366 ﬁeri
2913 5330 2927 5366 :
2973 5314 3284 5369 eratetiam
3332 5314 3417 5367 vir
3469 5327 3662 5383 sagax,

2082 5398 2422 5469 ingeniosus,
2460 5412 2515 5459 et
2538 5403 2979 5471 Christianorum
3020 5406 3194 5461 hostis
3225 5406 3550 5463 acerrimus.

2390 5540 2893 5601 EPIGRAMMATA
2943 5544 3225 5601 ΡιϐυΒιΕ
3264 5544 3357 5605 ιν.

2077 5653 2143 5706 Δ.
2176 5654 2465 5710 Sulthanus
2492 5658 2759 5717 Pazaites.

2079 5723 2139 5778 Β.
2176 5725 2600 5803 Secundus‘bos.
2639 5743 2687 5786 et
2716 5733 2839 5801 ﬁnis
2890 5734 3249 5803 Arctotrophi,
3278 5734 3332 5789 id
3374 5745 3474 5799 est,
3523 5751 3665 5791 ursa

2151 5799 2396 5862 nutricis,
2436 5800 2609 5869 ﬁgura
2636 5799 2864 5856 ostendit
2896 5805 3070 5869 locum
3101 5799 3149 5859 et
3183 5820 3375 5861 mores.

2642 5892 2921 5950 EXI’OSI
2932 5894 3072 5953 T10.

2148 5980 2383 6040 Dcnotat
2426 5996 2619 6057 quarta
2664 5988 2834 6059 ligura
2867 6006 3245 6053 successorem
3279 5993 3657 6062 Mecbetnetls.
