4120 6448
391 418 531 483 1165

695 529 1199 585 EPIGRAMMATA
1240 530 1525 586 FlGURiE

376 623 699 705 A._thirna
735 641 952 705 auroque
998 626 1270 695 colligens,
1302 636 1350 678 et
1398 626 1630 705 aﬂiigens
1671 627 1950 694 prwmium

445 698 726 764 injustitia:
756 698 1069 759 pessimum,
1099 714 1202 766 qua
1236 706 1462 765 tempore
1490 698 1722 750 medium
1746 709 1953 749 astrum

449 768 614 820 visum
647 768 807 835 fuerit
841 767 1136 836 uigricaus.

961 876 1387 933 EXPOSITIO.

443 988 569 1042 lstis
623 997 865 1057 quatuor
916 989 1104 1058 figuris
1155 991 1495 1060 conspicitur
1539 991 1695 1051 ruina
1737 990 1951 1062 imperii

370 1080 713 1146 Ottomauni,
755 1082 877 1135 ideo
904 1082 1148 1136 ostendit
1171 1085 1404 1152 septima
1440 1084 1611 1155 figura
1640 1083 1953 1141 Constanti-

370 1173 612 1242 nopolim
663 1173 1051 1244 depopulatam
1082 1192 1097 1229 :
1131 1191 1303 1246 quare
1335 1177 1732 1249 epigrammate
1766 1179 1811 1234 Β
1866 1180 1951 1234 vi.

369 1266 528 1319 detur
564 1264 806 1320 civitatis
854 1267 1123 1336 ploratus,
1154 1278 1318 1338 atque
1360 1271 1441 1324 sic
1478 1271 1823 1340 relinquetur
1858 1288 1951 1328 va-

370 1372 469 1409 cua
495 1356 653 1410 sedes
686 1357 1012 1424 imperialis,
1039 1358 1203 1413 sicuti
1240 1359 1461 1414 videtur
1493 1360 1547 1415 in
1574 1376 1721 1415 noua
1741 1361 1947 1432 figura;

368 1447 465 1501 sed
492 1447 710 1515 quando
730 1447 835 1501 hoc
868 1448 1113 1503 futurum
1138 1450 1227 1513 sit,
1253 1451 1493 1506 ostendit
1518 1454 1854 1523 epigramma
1880 1455 1945 1519 Α,

368 1537 536 1606 ipsius
587 1552 745 1592 nonae
792 1536 1023 1607 ﬁgura},
1060 1538 1297 1595 dicens:
1344 1540 1436 1596 Va:
1484 1543 1600 1607 tibi,
1627 1544 1942 1611 septicollis,

362 1629 575 1696 quando
608 1630 921 1687 vicesimum
960 1630 1280 1685 elementum
1307 1632 1504 1700 faustis
1537 1636 1949 1689 acclamationi—

363 1724 456 1775 bus
487 1723 778 1791 excipietur
816 1723 874 1776 iu
914 1734 1007 1777 tua
1036 1728 1263 1788 moenia;
1300 1726 1488 1791 idest,
1528 1724 1615 1781 Vae
1652 1728 1774 1793 tibi,
1803 1728 1946 1783 Con-

363 1814 750 1880 sumtinopolis
799 1814 1102 1883 septicollis
1134 1815 1275 1883 (ipsa
1310 1814 1458 1869 dicta
1488 1824 1572 1870 est
1614 1817 1941 1885 sqiticollis,

1373 419 1895 480 ORACULORUM
1940 416 2214 476 LEOle
2252 418 2675 482 EXPOSlTlO.

3517 434 3654 494 1156

1985 552 2030 607 Α
2062 559 2214 605 tuum
2246 554 2643 622 quiescentem,
2672 556 2772 609 hoc
2798 564 2901 623 est,
2937 558 3030 628 qui
3057 576 3122 614 ex
3153 560 3379 633 antiqua
3415 572 3467 617 et
3500 580 3592 634 rrg
3622 582 3648 617 a

2058 650 2227 710 stirpe
2256 644 2525 713 originem
2562 648 2767 701 trahat.

2356 733 2854 791 EPIGRAMMATA
2899 738 3005 793 ΗΟ
3019 739 3183 794 ΕΒΔΞ
3231 742 3346 796 Xll.

2055 826 2118 877 A.
2159 824 2371 878 Petram
2401 827 2658 902 incolens,
2688 846 2784 899 age
2804 832 2911 884 Imc
2934 834 3063 884 milii
3091 833 3298 902 hospes,
3332 837 3531 890 relictis
3566 838 3644 891 la-

2127 899 2321 964 crgmis
2366 898 2578 969 ritaqu
2623 898 2821 969 agresti
2866 912 2916 955 et
2952 898 3201 957 solitaria
3227 946 3242 966 ,
3274 921 3324 957 et
3358 910 3471 959 nire
3498 925 3644 960 mor-

2130 978 2251 1022 tuus
2277 978 2327 1023 at
2364 967 2631 1037 afﬂictus,
2660 967 2838 1027 nudus
2884 989 3071 1029 rursus
3101 975 3214 1031 redi
3248 978 3318 1031 ad
3350 994 3587 1045 superos.

2635 1063 2914 1122 EXPOSI
2921 1066 2963 1121 T
2970 1065 2999 1121 Ι
3006 1066 3071 1121 0.

2126 1153 2357 1210 Videtur
2385 1156 2440 1211 in
2490 1160 2745 1231 praesenti
2770 1159 2965 1229 ﬁgura,
2992 1161 3143 1230 quod
3174 1162 3311 1219 dum
3342 1166 3642 1234 requiritur

2052 1244 2136 1298 vir
2167 1248 2428 1314 superius
2478 1250 2694 1315 dictus,
2739 1267 2875 1309 ecce
2908 1253 3108 1309 atilicta
3148 1257 3473 1326 septicohlis.
3519 1275 3641 1328 qua:

2050 1339 2245 1397 dolens
2299 1360 2499 1403 versus
2523 1346 2883 1415 juveneulam
2930 1350 3078 1407 illam
3110 1352 3266 1417 dicit,
3300 1352 3521 1408 Petram
3557 1357 3639 1409 ἐκ·

2050 1434 2252 1498 colens,
2275 1445 2413 1503 etc.,
2460 1442 2627 1509 quasi
2658 1444 2840 1498 dicere
2883 1445 3035 1509 velit,
3065 1445 3150 1501 Ad
3179 1462 3271 1502 me
3299 1449 3639 1517 septicollem

2047 1541 2168 1594 (pta:
2190 1527 2242 1579 iu
2273 1529 2374 1585 hac
2397 1541 2547 1598 petra
2574 1532 2767 1591 clausa
2801 1550 2950 1600 sum,
2974 1535 3157 1602 idest,
3186 1538 3241 1591 in
3263 1538 3367 1593 hac
3384 1537 3649 1595 alllietiow

2051 1631 2141 1678 ne,
2175 1619 2383 1679 venias,
2407 1637 2440 1675 ο
2462 1622 2701 1689 advena,
2732 1624 3000 1695 depositis
3032 1627 3361 1695 lacrymiset
3395 1630 3508 1689 vim
3541 1645 3633 1689 80-

2049 1709 2228 1767 litaria
2265 1723 2486 1782 propter
2508 1717 2702 1785 jugum
2735 1717 3197 1780 Maucmetanum.
3224 1732 3443 1788 propter
3470 1737 3634 1788 quem

2048 1800 2190 1855 vivis
2220 1800 2475 1869 afﬂictus,
2511 1812 2565 1859 et
2593 1813 2858 1874 tanquam
2888 1816 3141 1865 mortuus
3176 1824 3194 1862 :
3224 1817 3354 1869 huic
3402 1824 3631 1879 respou-

362 1905 486 1970 quia
519 1906 917 1961 Constantinus
950 1906 1178 1977 Magnus
1200 1947 1215 1972 ,
1249 1921 1372 1961 cum
1409 1907 1483 1963 ibi
1517 1909 1807 1979 imperium
1834 1908 1932 1962 Ro-

2045 1890 2136 1946 det
2178 1895 2476 1961 juvencula
2523 1898 2619 1955 illa
2684 1899 2826 1971 (qua:
2881 1899 3157 1957 advenam
3184 1911 3243 1959 et
3282 1902 3630 1971 peregrinum

344 2013 583 2053 ,matutm
638 1998 963 2066 detulisset,
1000 1998 1290 2058 distribuit
1336 2000 1501 2056 etiam
1554 2002 1828 2057 civitatem
1887 2003 1940 2057 in

355 2086 577 2141 eosdem
602 2087 849 2152 ordines,
890 2089 1068 2144 tribus
1098 2099 1153 2144 et
1192 2088 1393 2156 officia,
1418 2092 1564 2146 sicut
1589 2103 1733 2147 esset
1763 2092 1938 2148 Roma

363 2179 474 2246 ipsa
525 2194 647 2248 qua:
689 2179 852 2234 habet
890 2192 1101 2250 septem
1132 2182 1347 2253 colles),
1389 2186 1612 2252 quando
1670 2186 1941 2242 videbitur

363 2270 676 2323 vicesimum
738 2271 1072 2326 eieineutum
1125 2274 1179 2328 in
1234 2276 1344 2330 tuis
1392 2277 1653 2342 maniis,
1703 2278 1806 2332 hoc
1857 2290 1945 2335 est

360 2361 475 2417 'l'au
507 2362 591 2414 vel
636 2360 779 2429 Taf,
804 2363 949 2433 quod
987 2364 1322 2420 elementum
1354 2376 1438 2422 est
1478 2370 1846 2441 symbologica
1880 2372 1942 2424 ll-

362 2467 492 2517 gura
516 2454 885 2509 sanctissima:
910 2456 1115 2521 crucis,
1147 2466 1201 2512 et
1222 2468 1446 2528 propter
1466 2461 1569 2514 hoc
1599 2462 1940 2518 habitatores

357 2546 592 2601 civitatis
641 2550 814 2603 coacti
867 2559 1031 2603 erunt
1080 2566 1204 2607 sese
1259 2553 1314 2607 in
1377 2556 1565 2625 fugam
1628 2559 1939 2627 praecipites

357 2638 506 2700 dare,
554 2639 703 2706 quod
739 2654 929 2708 aperte
959 2641 1165 2696 dicitur
1197 2643 1248 2697 iu
1281 2647 1489 2700 decima
1521 2648 1696 2718 figura
1745 2652 1801 2704 in
1832 2653 1943 2720 epi-

355 2738 655 2797 grammate
678 2731 748 2792 Α,
774 2733 866 2786 ubi
898 2733 978 2787 sic
1014 2734 1245 2793 habetur
1280 2757 1293 2791 :
1330 2738 1544 2806 Optima
1579 2759 1796 2813 qumque
1829 2747 1938 2799 col-

353 2822 519 2890 ligens
546 2860 562 2885 ,
594 2831 647 2875 et
681 2825 912 2893 aﬂigens
960 2828 1245 2894 praemium
1291 2831 1573 2900 injustitite
1623 2839 1932 2903 pessimum,

350 2928 454 2979 quo
484 2922 716 2983 tenapore
749 2920 982 2971 medium
1018 2930 1226 2973 astrum
1248 2923 1418 2975 visunt
1448 2923 1608 2991 fuerit
1643 2927 1932 2994 nigricans,

359 3005 407 3057 id
440 3014 545 3070 est,
584 3008 802 3075 quando
848 3008 1124 3064 videbitur
1167 3012 1252 3068 Sol
1286 3013 1461 3083 niger,
1491 3020 1595 3068 hoc
1620 3023 1724 3079 est,
1772 3016 1951 3071 εικῆ-π

354 3103 470 3150 stus
498 3106 689 3151 contra
725 3098 971 3155 infideles
1006 3103 1202 3157 iratus.

654 3212 1157 3270 EPlGliAMMATA
1201 3217 1488 3272 FIGURAE
1530 3218 1621 3274 XI.

353 3326 417 3380 Α.
456 3325 668 3400 Versus,
700 3345 828 3397 quos
857 3332 1078 3400 angelus
1110 3333 1429 3401 imperatori
1455 3334 1693 3387 dicturus
1722 3346 1821 3391 est.

351 3414 407 3469 li.
449 3415 700 3493 Mortuus
733 3430 967 3488 aspectu,
1003 3421 1228 3488 solutus,
1277 3434 1469 3476 norunt
1495 3425 1667 3489 multi,
1692 3428 1927 3493 quamvis

421 3503 571 3563 nemo
614 3489 850 3563 vide_t_ut
885 3508 1068 3544 somno
1123 3497 1386 3547 excitatus
1435 3496 1685 3548 continuo
1704 3489 1929 3563 sceptra

425 3559 623 3626 regina:
653 3558 863 3627 quidem
894 3563 1191 3629 occupabit.

349 3651 410 3701 (Σ.
440 3647 643 3731 Alfi-(nco
686 3652 1056 3731 inconspicuus
1107 3665 1187 3708 ter
1233 3661 1926 3731 ntagnumrvoeiferabitur:

421 3717 571 3793 Abite
592 3723 869 3793 confestim
916 3725 984 3775 ad
1025 3741 1243 3778 occasus
1292 3717 1927 3793 semicollis,'inveuietis

422 3791 609 3868 uirum
643 3790 990 3868 familiarem,
1034 3809 1309 3864 meumque
1338 3790 1716 3868 necessarium,
1750 3804 1927 3857 ducite

421 3855 558 3910 hunc
591 3855 651 3911 in
680 3862 877 3931 regiam
907 3855 1144 3925 domum.

933 3951 1206 4012 EXPOSI
1216 3958 1363 4015 T10.

421 4036 629 4091 Relicta
666 4038 937 4110 imperiali
975 4053 1105 4102 sede
1139 4065 1311 4107 vacua
1338 4093 1353 4117 ,
1389 4068 1545 4123 ecce,
1585 4055 1718 4109 dicit
1748 4057 1927 4127 Ange-

346 4128 436 4182 lus
462 4130 857 4199 epigrammate
893 4134 955 4200 B,
991 4137 1238 4194 Mortuus
1272 4155 1507 4211 aspectu,
1543 4147 1771 4207 solutus,
1814 4158 1921 4202 etc.

344 4218 512 4285 Quasi
547 4221 732 4277 dicere
755 4224 949 4303 vellet,
975 4225 1135 4297 Ecce,
1163 4247 1196 4285 ο
1226 4231 1459 4300 Graecia,
1488 4247 1738 4293 mortuus
1768 4254 1927 4308 aspe-

344 4322 458 4372 ctu,
484 4320 539 4366 et
573 4312 814 4379 solutus,
859 4331 1023 4385 quem
1071 4323 1226 4377 multi
1277 4334 1496 4380 tuorum
1527 4339 1923 4398 cognoverunt,

342 4402 594 4469 quamvis
622 4417 726 4457 non
751 4406 1027 4475 viderint;
1066 4411 1116 4463 id
1148 4425 1255 4477 est,
1289 4416 1363 4467 tui
1402 4432 1525 4471 eum
1554 4419 1695 4472 fama
1720 4435 1925 4490 cogno-

344 4503 556 4559 verunt,
589 4497 846 4563 quamvis
871 4502 1048 4558 oculis
1083 4518 1193 4558 non
1227 4507 1486 4574 viderint,
1524 4509 1629 4563 iste
1663 4521 1922 4580 tanquam

2048 2001 2231 2054 regem
2255 1989 2544 2057 ostendit),
2566 1990 2829 2057 Quamvis
2866 1992 2948 2053 sis
2978 1992 3149 2057 nuda,
3182 1991 3629 2049 oCethtantino-

2050 2079 2214 2146 polis,
2244 2088 2298 2132 et
2340 2096 2463 2152 rege
2495 2084 2760 2151 spoliata,
2787 2095 3017 2154 propter
3039 2086 3251 2149 cladem
3276 2101 3439 2154 quam
3467 2102 3628 2156 passa

2045 2184 2123 2233 es,
2157 2171 2365 2225 redibis
2390 2180 2573 2228 tamen
2614 2173 2819 2228 iterum
2852 2175 2922 2229 ad
2954 2175 3161 2242 lucem,
3192 2192 3314 2245 qua:
3346 2178 3437 2231 lux
3476 2178 3629 2233 nulla

2046 2260 2150 2313 alia
2173 2271 2258 2315 cst
2291 2262 2401 2315 nisi
2423 2261 2581 2318 Jesus
2607 2252 2887 2330 Christus,
2916 2266 3008 2336 qui
3037 2266 3225 2323 dixit:
3252 2266 3364 2337 Ego
3386 2284 3503 2321 sum
3534 2268 3628 2320 lux

2047 2351 2273 2415 utnndi;
2327 2352 2449 2407 ideo
2478 2361 2780 2420 revertens,
2822 2372 2855 2409 ο
2894 2357 3111 2421 civitas,
3145 2360 3215 2413 ad
3253 2358 3626 2417 Christianam

2045 2442 2389 2511 religionem,
2435 2444 2816 2501 Maucmetana
2885 2451 3134 2518 expulsa,
3189 2451 3388 2504 iterum
3445 2451 3625 2507 lucida

2046 2534 2140 2589 lies
2169 2536 2273 2588 sub
2301 2538 2418 2588 sole
2452 2538 2776 2603 splendente
2804 2539 3013 2595 Christi
3041 2540 3377 2598 Salvatoris.

2328 2627 2824 2685 EPIGRAMMATA
2870 2630 3027 2689 FIGU
3040 2632 3159 2689 ΒᾸΞ.
3198 2634 3340 2691 Χιιι.

2043 2717 2107 2769 Α.
2146 2716 2277 2793 Ecce
2299 2737 2485 2773 rursus
2509 2722 2663 2793 homo
2691 2740 2757 2779 ea:
2783 2726 2954 2792 prima
2984 2727 3151 2793 stirpe
3167 2727 3375 2779 occulta
3404 2730 3458 2781 in
3484 2731 3624 2782 mul—

2115 2799 2192 2839 los
2216 2791 2623 2861 inrmnterabiles
2655 2791 2842 2847 annos.
2881 2791 3271 2861 Nudttsprodit
3305 2812 3369 2848 ea:
3400 2800 3622 2853 obscuro

2110 2870 2156 2931 et
2192 2859 2517 2931 (mtt’briCOShl
2560 2866 2782 2931 tumulo,
2820 2874 2867 2915 et
2901 2859 3131 2916 secunda
3176 2866 3481 2931 splendente
3514 2871 3621 2922 vita

2110 2928 2294 2993 incipit
2322 2943 2368 2981 et
2406 2930 2563 2989 venit.
2600 2929 2791 2999 Imago
2817 2947 3006 2986 rursus
3035 2928 3482 2995 vitmttcrisaitna.

2609 3019 3053 3077 EXPOSITIO.

2110 3107 2412 3164 Declaratio
2458 3110 2675 3182 Figura:
2724 3113 2797 3167 Χ]
2856 3116 3217 3173 conﬁrmatur
3271 3118 3622 3176 demensum-

1954 3237 1998 3295 α
2037 3200 2185 3256 tione
2217 3206 2729 3295 praesentistiguraa,
2755 3208 2947 3264 dicens
2976 3211 3313 3281 epigramma
3346 3213 3388 3265 Α
3423 3229 3442 3267 :
3483 3214 3619 3270 Ecce

2038 3304 2224 3345 rursus
2253 3290 2430 3355 homo,
2473 3302 2581 3347 etc.
2620 3294 2788 3359 Quasi
2833 3296 3016 3351 dicere
3044 3299 3193 3365 velit,
3226 3300 3363 3356 Ecce
3399 3304 3617 3358 noviter

2035 3395 2182 3434 unus
2227 3383 2320 3450 qui
2362 3383 2528 3438 trahit
2571 3387 2839 3454 originem
2893 3403 2923 3441 a
2963 3390 3135 3459 prima
3191 3392 3361 3460 stirpe
3412 3402 3527 3458 tua,
3582 3412 3616 3450 ο

2032 3470 2564 3544 Constantinopolis,
2616 3478 2711 3531 sed
2747 3480 2964 3533 occulta
3014 3496 3110 3549 per
3137 3481 3383 3537 infinitos
3416 3499 3615 3551 annos,

2032 3560 2215 3629 idest,
2250 3580 2374 3620 cum
2405 3568 2688 3623 transierit
2728 3586 2796 3624 ex
2850 3586 2961 3623 uno
2988 3572 3041 3625 in
3094 3572 3260 3627 alium
3306 3591 3403 3645 per
3444 3579 3615 3634 multa

2030 3656 2252 3721 saacula,
2282 3666 2337 3712 et
2373 3660 2591 3714 occulta
2618 3660 2673 3713 in
2732 3661 3014 3715 hominum
3052 3663 3482 3734 imaginatione,
3518 3671 3611 3737 qui

2030 3746 2211 3801 nudus
2241 3748 2357 3802 exit
2402 3764 2432 3803 e
2463 3751 2693 3817 tumulo,
2740 3752 2790 3807 id
2837 3761 2943 3816 est,
2980 3754 3071 3823 qui
3110 3757 3318 3825 primus
3348 3758 3416 3813 ab
3468 3763 3615 3815 anti-

2028 3838 2311 3908 quissimis
2354 3842 2593 3898 statibus
2653 3845 2719 3899 ad
2787 3860 2924 3900 nova
2982 3846 3225 3905 donuitia
3280 3851 3413 3916 exit,
3469 3854 3614 3907 unde

2028 3929 2348 3999 splendente
2403 3932 2646 3987 secunda
2692 3935 2821 4001 vita,
2869 3935 2927 3989 id
2952 3944 3057 4000 est,
3098 3938 3319 4007 cognito
3350 3942 3499 4010 quod
3539 3943 3612 3997 sit

2030 4021 2132 4089 (uti
2178 4030 2544 4081 monstratum
2576 4025 2685 4097 est)
2711 4041 2777 4079 ex
2806 4026 2981 4096 prima
3010 4029 3160 4099 regia
3190 4031 3363 4100 stirpe
3398 4040 3479 4086 tot
3508 4049 3609 4105 po-

2027 4111 2303 4180 pulorum.
2332 4122 2385 4169 et
2422 4123 2679 4185 tanquam
2725 4128 3076 4175 resnrrectus
3122 4121 3196 4175 ad
3220 4122 3383 4176 aliam
3416 4122 3606 4190 vitam,

2028 4198 2081 4252 id
2119 4208 2223 4263 est,
2275 4200 2343 4253 ad
2391 4203 2676 4272 antiquum
2728 4212 2934 4259 statum
2985 4207 3183 4276 incipit:
3224 4213 3505 4281 cognosci,
3553 4224 3610 4266 et

2025 4290 2223 4347 iterum
2263 4296 2449 4347 vivere
2504 4294 2570 4347 ad
2627 4297 2975 4351 verissimam
3022 4299 3151 4359 vita}
3191 4301 3511 4371 imaginem,
3550 4305 3604 4358 id

2024 4388 2131 4444 est,
2161 4380 2229 4434 ad
2263 4382 2629 4451 principalem
2652 4386 3089 4443 dominationem
3120 4392 3264 4458 regis
3283 4402 3343 4446 et
3367 4394 3608 4462 impera.-

2029 4474 2185 4527 toris.
2224 4473 2318 4528 llle
2367 4484 2553 4545 autem
2580 4477 2746 4537 homo
2774 4494 2841 4535 ex
2885 4480 3113 4550 antiqua
3149 4484 3601 4553 stirpecumde-

341 4599 372 4638 a
393 4601 587 4643 somno
608 4592 1053 4662 expergefactus,
1088 4599 1274 4659 statim
1310 4564 1524 4670 sceptra
1558 4564 1789 4660 Graeciae.
1811 4604 1919 4660 Re-
1952 4587 1997 4641 D
2027 4564 2159 4620 beat
2202 4567 2421 4670 esseni"
2477 4583 2703 4670 occaéu’
2734 4580 2914 4670 pm?“
2959 4573 3361 4670 imiimgiﬂlwd
3408 4577 3605 4632 deum

341 4676 481 4743 gina:
509 4681 835 4751 occUpabit;
872 4683 969 4738 sed
1007 4685 1103 4739 ubi
1130 4686 1221 4740 vir»
1246 4688 1348 4743 iste
1381 4693 1706 4759 reperietur,
1728 4704 1915 4753 osten-

341 4766 415 4819 dit
446 4769 779 4838 epigramma
809 4773 851 4828 C
894 4772 1087 4831 dicens
1115 4792 1129 4829 :
1159 4776 1345 4833 Prch
1373 4781 1747 4851 inconspicua:
1778 4788 1920 4840 voci-

344 4856 622 4925 (arabitur,
650 4870 755 4913 etc.
798 4861 967 4930 llujus
1001 4878 1233 4934 possent
1264 4871 1380 4925 fieri
1411 4873 1637 4929 diversa:
1663 4878 1919 4933 conside-

341 4948 603 5004 rationes.
632 4949 777 5004 Dicit
805 4954 949 5007 enim
975 4959 1333 5029 epigramma,
1364 4965 1514 5034 quod
1546 4965 1650 5022 iste
1680 4984 1786 5023 non
1812 4970 1919 5025 erit

306 5110 310 5121 .
340 5039 394 5090 iu
428 5039 663 5096 humana
709 5045 1153 5104 consideratione
1177 5090 1192 5117 ,
1222 5063 1276 5107 et
1314 5056 1458 5124 quod
1487 5058 1597 5111 erit
1623 5058 1677 5111 in
1714 5074 1918 5115 occasu

343 5132 581 5191 civitatis
617 5136 941 5206 septicollis,
988 5151 1042 5197 et
1070 5142 1234 5197 homo
1267 5145 1576 5214 familiaris,
1603 5150 1656 5205 id
1682 5162 1787 5219 est,
1820 5170 1917 5210 ca-

340 5224 579 5281 tholicus
612 5237 668 5281 et
716 5229 890 5286 fidelis
915 5272 929 5298 ,
982 5244 1036 5288 et
1067 5237 1210 5304 quod
1250 5240 1354 5293 erit
1383 5243 1595 5297 amicus
1619 5282 1634 5307 ,
1690 5260 1815 5299 cum
1850 5262 1917 5303 ex

339 5317 566 5388 antiquo
596 5330 651 5374 et
702 5323 1052 5380 nobilissimo
1102 5331 1369 5400 sanguine
1396 5335 1704 5402 proveniat.
1738 5336 1916 5404 Hunc,

339 5408 485 5463 dicet
515 5410 738 5466 divinus
770 5431 972 5485 praeco,
1007 5421 1241 5487 qumrite
1287 5422 1340 5476 in
1391 5439 1615 5492 occasu,
1670 5436 1727 5483 et
1775 5431 1920 5487 inter

341 5509 658 5572 magnates;
716 5515 771 5561 et
809 5511 955 5577 quod
989 5512 1177 5580 (sicuti
1229 5515 1371 5569 dicit
1409 5517 1604 5589 ﬁgura)
1638 5520 1693 5575 in
1725 5536 1920 5579 somno

340 5592 611 5659 quiescat,
667 5595 883 5653 funebri
920 5608 978 5655 et
1006 5604 1233 5673 antiqua
1286 5617 1439 5663 veste
1468 5610 1710 5677 indutus,
1757 5629 1919 5684 super

339 5685 447 5740 duo
476 5687 745 5746 triformia
782 5695 1037 5751 animalia
1065 5716 1080 5765 ;
1109 5698 1167 5753 id
1195 5708 1299 5765 cst,
1320 5704 1549 5773 quatrite
1580 5721 1703 5762 eum
1739 5709 1795 5762 in
1821 5725 1915 5764 oc-

338 5775 573 5842 cidente,
609 5798 720 5838 non
750 5785 807 5839 in
836 5788 1051 5845 oriente
1078 5792 1338 5860 civitatis,
1375 5798 1505 5866 quia
1540 5799 1612 5853 ibi
1639 5815 1747 5853 non
1775 5804 1914 5866 erit;

337 5883 498 5937 quem
532 5872 845 5945 invenietis,
880 5889 938 5935 ut
968 5896 1155 5952 supra,
1188 5884 1240 5941 iu
1271 5900 1462 5944 somno
1493 5896 1751 5958 tanquam
1775 5908 1921 5949 mor-

2030 4669 2153 4709 esse
2186 4670 2253 4711 ex
2283 4655 2465 4726 stirpe,
2513 4661 2682 4735 regia,
2745 4659 2981 4730 antiqua.
3019 4663 3459 4732 Austriaeorum,
3505 4671 3601 4737 qui

2022 4754 2150 4801 sunt
2179 4746 2230 4799 in
2263 4762 2461 4803 occasu
2495 4751 2820 4818 septicoliis.

2307 4839 2815 4897 EPIGRAMMAT‘A
2852 4842 3136 4902 FiGUlUE
3175 4846 3313 4901 XIV.

2022 4928 2087 4980 A.
2120 4926 2201 5006 [in
2236 4928 2421 5006 lupum
2446 4932 2538 5006 qui
2561 4947 2703 5006 auem
2732 4935 2973 5006 cupiebat
3001 4937 3276 5004 devorare,
3303 4950 3484 5006 pastor
3511 4958 3599 4994 oc-

2093 4998 2251 5061 cidet,
2277 5010 2326 5052 et
2359 4998 2625 5053 hominem
2653 4998 2897 5058 inveniet.

2023 5066 2084 5120 B.
2119 5068 2212 5123 Sic
2235 5070 2414 5137 perdet
2443 5071 2869 5139 quifoccupa‘vit.

2590 5162 3033 5223 EXPOSITIO.

2093 5247 2167 5302 Ex
2199 5248 2285 5303 his
2312 5264 2433 5321 qua:
2462 5250 2516 5307 in
2547 5255 2930 5325 superioribus
2971 5257 3167 5329 figuris
3188 5261 3337 5317 dicta
3383 5274 3517 5319 sunt
3553 5278 3605 5321 et

2022 5354 2086 5393 cx
2127 5344 2379 5410 praesenti
2411 5343 2606 5411 figura,
2634 5344 2985 5403 manifestum
3015 5347 3481 5407 Ottomanuorum
3511 5370 3574 5407 es

2022 5429 2225 5484 cidium
2275 5433 2647 5501 conspicitur;
2694 5434 2983 5490 dicebatur
3018 5438 3070 5490 iu
3124 5440 3517 5509 epigrammate
3562 5444 3601 5496 (ἰ

2024 5530 2190 5579 sextae
2218 5523 2425 5593 figurae,
2456 5524 2743 5581 Trimestre
2775 5530 3008 5595 spatium
3035 5530 3131 5582 tibi.
3152 5534 3474 5599 prazsoribo;
3505 5551 3600 5604 per

2024 5622 2136 5667 tres
2184 5630 2404 5671 menses
2436 5615 2700 5671 debemus
2732 5618 3033 5689 intelligere
3074 5629 3187 5675 tres
3230 5623 3597 5693 imperatores

2024 5712 2151 5773 post
2175 5704 2547 5772 Solimanum;
2585 5708 2639 5762 hi
2675 5716 2857 5765 autem
2890 5711 3041 5767 fuere
3078 5711 3339 5779 Solimus,
3363 5716 3598 5771 Amara-

2025 5801 2167 5863 thcs,
2192 5810 2246 5855 et
2277 5800 2640 5859 Mcchemetes
2665 5808 2755 5875 qui
2792 5824 2939 5863 nunc
2971 5810 3224 5877 imperat,
3277 5822 3484 5867 etcum
3525 5813 3598 5869 sit

2025 5893 2218 5949 tertius
2266 5894 2493 5962 mensis,
2526 5911 2621 5963 per
2673 5914 3014 5963 consequens
3063 5903 3165 5957 erit
3202 5902 3327 5959 linis
3361 5903 3600 5961 imperii.
