3992 6204
512 348 564 387 xv
1002 328 1017 337 '
1855 318 2430 381 PROLEGOMENA.

3706 330 3742 373 ι
3749 328 3795 375 ’.ἰ

516 448 839 516 imperator,
887 456 1110 500 causam
1166 442 1235 498 ah
1291 442 1521 503 eis,cur
1570 454 1677 495 non
1713 436 2075 498 comederent,
2109 448 2161 505 Α
2187 443 2324 489 seta
2352 432 2550 487 Photio
2581 431 2871 496 diaconus,
2926 443 3066 499 opus
3100 434 3248 497 erat;
3300 436 3355 483 et
3389 429 3477 484 lex
3531 438 3647 485 erat
3689 449 3787 489 ec-

518 536 961 608 pereontabatur.
994 535 1064 587 At
1104 534 1183 587 illi
1221 532 1427 602 perfusi
1463 530 1721 601 lacrymis
1757 545 1773 582 :
1805 527 1981 593 Quem
2003 526 2081 577 ci-

2185 525 2519 590 clesiastica,
2551 531 2615 577 ut
2639 521 2885 578 ordinati
2919 536 2950 574 a
2972 518 3171 573 Photio
3194 527 3482 574 cessarent
3532 523 3783 583 omnino,

514 606 657 690 bum,
706 624 977 693 inquittnt,
1010 639 1039 676 ο
1072 621 1300 686 domine,
1353 620 1696 681 comedenms,
1725 630 1845 669 cum
1876 615 2082 667 ratione
2186 631 2287 671 nec
2309 616 2509 686 majori
2538 613 2717 684 gradu
2753 613 3126 669 (levarentur.
3153 606 3314 667 Unde
3365 612 3419 665 in
3459 612 3645 668 codice
3672 615 3785 669 Co-

513 714 727 785 prtediti
760 713 948 779 simus,
979 721 1027 765 et
1051 712 1253 766 domini
1285 709 1451 764 nostri
1496 709 1720 762 studiosi
1752 707 2039 760 habeantur
2059 702 2089 758 ?'

518 807 661 861 Nam
692 806 788 859 Itoc
817 805 1021 859 animal
1056 806 1260 857 ratione
1288 819 1472 856 carens
1503 818 1657 855 suum
1698 799 1971 854 dominum
2006 814 2085 850 re-

514 898 716 969 quirit;
752 914 845 951 nos
877 906 1050 949 autem
1081 895 1229 964 genio
1260 893 1613 962 indulgentes,
1661 892 1953 953 dominum,
1994 889 2085 958 qui

516 986 649 1039 nihil
683 986 936 1054 peccavit,
982 982 1131 1037 obliti
1176 997 1379 1036 sumus.
1432 980 1537 1044 Qui
1586 981 1632 1033 si
1677 994 1918 1048 peccasse
1960 995 2087 1029 con-

514 1079 767 1143 vincitur,
798 1086 847 1130 et
893 1077 949 1129 in
983 1084 1250 1143 parentem
1292 1073 1561 1127 dexteram
1614 1088 1869 1134 armasse,
1910 1086 2086 1124 omnes

515 1184 607 1221 nos
642 1181 803 1219 manu
841 1173 1026 1218 nostra
1075 1178 1193 1217 eum
1225 1161 1623 1230 interﬁciemus,
1662 1176 1822 1229 neque
1854 1160 1966 1229 ejus
1992 1175 2090 1213 un-

513 1270 673 1325 quam
704 1252 1033 1322 explebimur
1060 1253 1321 1322 sanguine
1349 1268 1367 1306 :
1403 1253 1450 1305 si
1481 1267 1603 1305 vero
1626 1250 1697 1305 de
1718 1250 1907 1320 quibus
1930 1264 2089 1304 accu-

514 1358 666 1402 satus
698 1355 799 1413 est,
830 1347 1161 1399 calumniam
1183 1344 1446 1414 coarguit,
1479 1342 1653 1412 quoad
1677 1341 1863 1412 lingua
1885 1341 2089 1394 calam-

513 1440 669 1492 nians
710 1446 920 1489 tantum
950 1436 1005 1488 in
1032 1435 1203 1503 ipsum
1236 1432 1467 1500 poterit?
1492 1430 1729 1486 Mollitus
1768 1432 1933 1501 igitur
2004 1437 2090 1483 ta-

512 1529 658 1583 libus
684 1526 868 1582 verbis
909 1524 1233 1593 imperator,
1263 1530 1398 1575 tunc
1449 1520 1603 1590 ipsos
1652 1517 1845 1574 sedere
1900 1518 2089 1588 jussit,

514 1632 684 1689 seque
740 1632 857 1671 rem
916 1614 1240 1685 diligentius
1300 1610 1599 1682 spopondit
1645 1610 2091 1683 exploraturum.

512 1710 701 1779 Neque
740 1723 872 1764 sane
906 1707 1079 1761 multo
1129 1710 1257 1775 post
1300 1703 1368 1759 ad
1387 1719 1547 1759 suum
1584 1701 1857 1773 ingenium
1877 1700 2094 1757 rediens

2186 704 2463 760 lumnensi
2498 718 2650 758 num.
2697 700 2771 757 45'
2810 702 3052 771 signato,
3092 710 3217 769 post
3262 701 3521 757 recitatas
3560 702 3780 759 litteras

2189 796 2462 867 Stephani
2522 809 2673 866 papae
2724 794 2792 848 ad
2854 793 3115 848 Basilium
3151 792 3558 862 imperatorem,
3594 791 3781 849 Photii

2192 890 2562 953 defensorem,
2590 888 2883 956 subjicitur
2915 904 2929 939 :
2959 906 2977 938 ι
3016 885 3140 940 llaec
3171 886 3406 955 epistola
3432 887 3497 939 ad
3517 886 3780 943 Basilium

2200 982 2586 1051 imperatorem
2620 979 2788 1034 missa
2823 978 2947 1043 fuit,
2984 977 3077 1031 sed
3106 976 3254 1030 illam
3285 979 3495 1049 accepit
3520 979 3629 1034 Leo
3654 979 3781 1048 ejus

2192 1072 2356 1137 illius,
2391 1086 2515 1126 cum
2546 1070 2657 1139 jam
2692 1078 2844 1140 pater
2875 1070 2983 1123 vita
3014 1068 3235 1124 iunctus
3259 1080 3428 1125 esset.
3456 1089 3476 1122 ι
3513 1071 3616 1136 Qui
3648 1086 3777 1126 cum

2191 1164 2437 1234 epistolae
2459 1162 2567 1217 vim
2598 1161 2984 1224 intellexisset,
3020 1170 3072 1215 et
3098 1161 3285 1215 omnia
3315 1160 3493 1217 Photii
3524 1162 3777 1217 facinora

2192 1252 2558 1324 cognovisset,
2592 1252 2997 1324 quamprimum
3040 1252 3318 1308 revocavit
3347 1269 3540 1309 omnes
3590 1269 3778 1310 sacer-

2197 1345 2353 1401 dotes
2382 1345 2652 1407 veritatis,
2672 1343 2771 1414 qui
2793 1357 2823 1397 a
2853 1342 3075 1407 Photio,
3107 1342 3458 1400 anathemate
3483 1344 3772 1409 damnato,

2200 1450 2393 1507 graves
2430 1435 2579 1505 passi
2631 1432 2849 1489 fuerant
2894 1433 3336 1503 persecutiones,
3376 1440 3432 1489 et
3474 1432 3648 1503 ejecto
3690 1439 3778 1504 ty-

2205 1541 2380 1581 ranno
2432 1532 2486 1581 et
2530 1526 2784 1580 invasere
2814 1523 3035 1590 Photio,
3075 1523 3301 1578 fratrem
3350 1540 3507 1580 suum
3564 1540 3780 1595 germa-

2201 1615 2671 1683 numintroduxit,
2694 1616 2959 1670 advocato
2986 1616 3147 1670 etiam
3179 1613 3455 1687 Styliano,
3484 1615 3773 1672 Neocaesa-

2204 1722 2308 1762 rete
2337 1706 2704 1775 metr0polita,
2732 1712 3095 1775 cognomento
3125 1706 3305 1775 Mapa,
3338 1712 3393 1760 et
3432 1705 3554 1759 aliis
3576 1707 3693 1775 ejus
3717 1707 3773 1761 in

517 1802 813 1873 (reveritus
838 1815 908 1855 ne
947 1798 1092 1854 forte
1127 1806 1323 1852 natura
1359 1796 1532 1864 magis
1558 1810 1756 1865 expers
1790 1808 1913 1848 esse
1943 1807 2094 1847 com-
2129 1782 2168 1837 Β
2199 1795 2580 1867 persecutione
2604 1797 3097 1863 commilitonibus,
3126 1799 3418 1870 episcopis,
3440 1802 3773 1872 prapositis,

516 1893 912 1958 miserationis,
957 1906 1122 1962 quam
1174 1889 1389 1944 avicula
1430 1884 1729 1955 videretur)
1777 1900 1807 1940 e
1845 1884 2093 1939 custodia

516 1985 775 2040 eductum
809 1981 912 2037 sibi
941 1986 1142 2051 praesto
1164 1990 1283 2033 esse
1298 1977 1453 2047 jubet
1499 1972 1696 2039 lilium,
1725 1973 2093 2045 ademptaque

517 2076 567 2131 ei
606 2073 819 2145 lugubri
849 2079 1019 2136 veste,
1060 2081 1114 2125 et
1166 2080 1529 2139 supervacua,
1564 2081 1684 2137 quae
1716 2066 1772 2120 in
1807 2065 1956 2120 luctu
1992 2081 2079 2120 es-

515 2174 787 2229 creverat,
848 2176 1030 2225 coma,
1080 2161 1378 2232 pristinum
1432 2158 1481 2214 ei
1546 2156 1763 2229 imperii
1825 2159 2087 2213 honorem

514 2256 775 2313 restituit.
806 2252 993 2324 Neque
1038 2266 1174 2308 sane
1216 2252 1388 2306 multo
1426 2259 1547 2322 post
1575 2249 1866 2306 diarrhma:
1900 2250 2095 2303 morbo

514 2356 825 2419 correptus,
852 2346 1103 2401 instituto
1128 2342 1343 2398 lnerede
1397 2350 1451 2397 et
1481 2356 1810 2397 successore
1852 2340 1962 2395 tilio
1990 2356 2091 2395 suo

514 2444 720 2508 Leone,
748 2440 985 2495 ﬁliorum
1022 2437 1385 2508 snperstitum
1416 2445 1549 2491 natu
1566 2436 1829 2501 maximo,
1852 2436 2088 2491 decessit

512 2549 543 2588 e
570 2532 713 2597 vita;
738 2538 902 2600 atque
948 2540 1059 2583 una
1098 2542 1223 2583 cum
1264 2528 1583 2583 haereditate
1613 2527 1787 2582 eidem
1840 2527 1951 2580 litin
1987 2542 2087 2582 suo

514 2622 684 2677 Leoni
742 2620 1062 2690 imperatori
1092 2621 1309 2690 egregia
1342 2620 1547 2673 monita
1592 2618 1812 2689 scriptis
1844 2619 2082 2689 reliquit,

512 2712 798 2783 sexaginta
856 2724 951 2767 sex
1016 2710 1293 2781 capitibus
1358 2710 1782 2779 comprehensa,
1851 2723 2084 2779 quormn

510 2803 791 2874 principes
812 2801 1010 2855 litterae
1028 2799 1429 2872 haneeliiciunt
1453 2800 1777 2855 sententiam
1806 2818 1817 2853 :
1843 2798 2089 2853 Basilius

513 2893 569 2944 in
598 2890 813 2945 Christo
840 2886 1199 2942 Romanorum
1220 2888 1531 2956 imperator,
1554 2886 1737 2952 Leoni,
1762 2888 1925 2941 chara
1946 2888 2083 2956 filio,

509 2991 559 3036 ct
587 2982 801 3051 imperii
821 2978 1051 3050 collegas.
1073 2976 1411 3049 Exstantque
1450 2994 1481 3033 e
1524 2976 1712 3033 Graec
1748 2978 1899 3034 fonte
1919 2979 1974 3033 in
2001 2979 2082 3032 al-

510 3083 669 3124 veum
686 3068 1001 3125 Latinitatis
1015 3065 1262 3123 deductae
1278 3068 1419 3137 apud
1441 3066 2079 3138 MargarinumBigneum

509 3169 659 3216 tomo
688 3158 732 3214 V
763 3159 1107 3214 Bibliotheca:
1138 3126 1365 3214 veterum
1393 3157 1509 3212 PP.
1538 3126 1593 3213 in
1631 3160 1757 3214 fine.
1788 3126 2078 3214 Euvautem
2104 3126 2149 3188 Ο

510 3253 720 3308 monita
752 3250 858 3307 Leo
891 3253 1186 3321 accipiens,
1216 3262 1270 3304 et
1302 3246 1585 3304 custodire
1617 3249 1899 3313 laborans,
1934 3263 2080 3303 con-

511 3354 734 3402 secutus
790 3352 872 3399 est
903 3358 1012 3414 pra:
1036 3344 1276 3407 caeteris,
1306 3342 1485 3412 inquit
1510 3340 1780 3395 Batonius
1814 3340 1913 3411 (6),
1949 3341 2077 3395 illud

508 3439 724 3509 insigne
760 3448 981 3501 nomen,
1016 3442 1075 3490 ut
1110 3435 1371 3489 meruerit
1418 3441 1779 3503 cognomento
1826 3430 2076 3487 Philoso-

508 3526 650 3603 phus
682 3529 970 3601 appellari,
1018 3528 1175 3597 quasi
1231 3541 1328 3597 per
1387 3538 1510 3580 eum
1563 3524 1709 3578 illam
1761 3523 2075 3579 felicitatem

507 3622 787 3679 Orientale
841 3621 912 3677 sit
963 3620 1254 3690 imperium
1309 3625 1703 3679 consecutum,
1778 3629 1940 3684 quam
1990 3614 2079 3669 ille

508 3714 785 3784 pollicitus
818 3720 905 3769 est
957 3712 1201 3781 sapiens,
1240 3708 1283 3763 si
1322 3708 1404 3763 vel
1461 3705 1775 3777 philosophi
1828 3715 2075 3776 regnent,

507 3802 591 3859 vel
624 3804 669 3857 si
710 3814 864 3871 reges
893 3800 1369 3870 philosophentur.

575 3890 847 3947 Defuncto
890 3891 1076 3961 itaque
1123 3889 1329 3942 Basilio
1371 3888 1721 3957 imperatore,
1758 3888 1949 3941 eodem
1988 3887 2077 3940 die

506 3985 615 4039 Leo
662 3984 785 4052 ejus
820 3982 965 4034 lilius
1024 3978 1313 4049 imperium
1365 3976 1758 4031 moderandum
1792 3978 2072 4045 suscepit:

506 4073 600 4145 qui
633 4084 758 4128 mox
788 4070 1077 4145 occasione
1113 4076 1351 4137 captata,
1390 4067 1535 4137 quod
1576 4065 1808 4122 Photius
1841 4068 2075 4137 patriar-

506 4144 609 4219 cha
632 4144 1277 4230 ConStantinopolitanus
1302 4199 1317 4223 ,
1353 4174 1478 4214 cum
1511 4158 1891 4213 Santahareno
1938 4172 2072 4212 con-

508 4257 692 4313 silium
728 4254 947 4310 iniisset
973 4254 1039 4307 de
1068 4250 1317 4322 eligendo
1337 4248 1392 4305 in
1428 4253 1814 4322 imperatorem
1843 4261 2075 4320 cognato

508 4346 682 4418 ipsius
711 4344 911 4409 Photii,
946 4360 1070 4398 eum
1106 4356 1135 4398 e
1167 4342 1369 4397 throno
1399 4342 1678 4411 deposuit,
1708 4328 2074 4412 relegavitque

2196 1888 2551 1959 presbyteris,
2611 1888 2881 1951 diacouis,
2907 1898 2961 1944 et
2988 1889 3106 1944 aliis
3133 1889 3348 1957 pietatis
3379 1892 3771 1959 sectatoribus,

2194 1980 2271 2033 ait
2302 1980 2410 2035 illis
2443 1997 2458 2033 ε
2494 1978 2755 2033 Nostrum
2784 1994 2848 2034 ea:
2877 1979 2986 2034 Deo
3018 1981 3314 2049 imperium,
3341 1995 3595 2049 perpensa
3626 1984 3767 2037 veri-

2196 2080 2322 2135 tate,
2351 2072 2586 2142 iniquum
2641 2072 2796 2126 illum
2826 2072 3087 2127 hominem
3130 2072 3383 2126 Photium
3429 2089 3460 2127 a
3499 2075 3619 2128 sede
3669 2090 3766 2143 pa.

2195 2162 2477 2217 triarchali
2513 2162 2687 2231 ejecit,
2718 2172 2766 2216 et
2815 2172 3044 2217 vestram
3088 2164 3498 2232 persecutionem
3526 2164 3767 2218 sedavit:

2193 2270 2285 2309 nec
2318 2256 2436 2308 ullo
2482 2265 2637 2323 pacto
2668 2272 2849 2325 cogam
2897 2273 3214 2327 quemquam
3262 2266 3489 2312 uestrum
3533 2266 3588 2310 ut
3619 2257 3771 2311 inriti

2191 2358 2309 2396 cum
2360 2341 2453 2396 illo
2502 2344 2932 2406 communicatis;
2978 2344 3103 2413 quin
3146 2344 3322 2411 potius
3376 2359 3475 2397 oro
3512 2345 3763 2408 pietatem

2191 2447 2415 2490 vestram
2466 2444 2523 2487 ut
2578 2437 2971 2490 communicetis
3018 2453 3137 2491 cum
3195 2426 3537 2506 fratre'mco,
3584 2446 3633 2490 et
3664 2439 3766 2505 ﬁat

2189 2546 2351 2582 unum
2386 2530 2539 2582 ovile.
2592 2529 2686 2583 Sin
2752 2539 2927 2584 autem
2981 2530 3295 2583 inconsultis
3348 2527 3618 2587 Romanis,
3668 2529 3760 2597 qni

2192 2619 2443 2674 Pltotium
2477 2621 2879 2687 damnaverunt,
2916 2621 3194 2676 nolueritis
3233 2621 3395 2691 fratri
3433 2637 3545 2674 meo
3574 2635 3763 2674 conve-

2188 2712 2322 2776 nire,
2356 2713 2606 2783 quoniam
2635 2712 2876 2766 rideltcet
2906 2728 2937 2763 a
2962 2709 3152 2765 Photio
3195 2711 3453 2764 diaconus
3477 2710 3579 2778 fuit
3612 2710 3763 2763 ordi-

2187 2812 2384 2869 natus;
2416 2804 2609 2871 venite,
2644 2803 2944 2858 scribamus
2975 2810 3023 2855 et
3072 2802 3346 2856 mittamus
3387 2817 3494 2855 una
3538 2799 3762 2854 Romam

2186 2894 2257 2947 ad
2298 2895 2632 2963 pontiﬁcem,
2696 2904 2753 2947 ut
2805 2894 3068 2962 dispenset
3110 2896 3491 2948 absolutionem
3542 2894 3762 2948 anathe-

2185 2988 2344 3040 matis
2376 2987 2440 3041 iis
2471 2987 2561 3057 qui
2610 3004 2641 3039 a
2684 2986 2877 3040 Photio
2914 2986 3137 3055 fuerant
3174 2985 3436 3040 ordinati.
3471 3005 3488 3036 ι
3525 2984 3761 3055 Scripsit

2186 3076 2352 3147 igitur
2382 3086 2668 3147 pr0pterca
2699 3077 2996 3148 imperator
3026 3076 3094 3130 ad
3124 3075 3466 3141 Pontiﬁcem,
3503 3077 3762 3131 similiter

2183 3168 2347 3222 etiam
2374 3167 2527 3239 Mapa
2551 3168 2893 3239 metropolita
2922 3169 3207 3233 Caesareae,
3234 3177 3289 3225 et
3310 3170 3430 3239 ejus
3462 3171 3616 3225 socii.
3644 3168 3755 3224 Sed

2184 3276 2307 3315 cum
2349 3259 2542 3315 horum
2579 3260 2634 3315 in
2682 3263 2963 3331 praecitato
3019 3261 3211 3317 codice
3259 3272 3481 3317 exstent
3536 3262 3756 3327 litterae,

2185 3350 2380 3408 Leonis
2407 3361 2590 3408 tamen
2621 3353 3028 3408 desiderantur.
3057 3353 3326 3409 Caeterum
3358 3354 3509 3425 quod
3530 3354 3755 3423 peteba-

2183 3454 2290 3511 tur,
2328 3452 2387 3498 ιιι
2418 3445 2832 3514 dispensaretnr
2864 3462 2987 3501 cum
3019 3446 3297 3516 Stephano
3320 3488 3333 3508 ,
3364 3462 3621 3518 germano
3650 3445 3757 3498 im‘

2180 3536 2474 3605 peratoris,
2506 3536 2600 3607 qui
2650 3536 3102 3593 subdiaconatum
3147 3539 3483 3609 suscepisset
3529 3552 3559 3591 a
3602 3537 3756 3592 Plio-

2180 3628 2277 3693 tio,
2328 3625 2704 3697 dispensatum
2738 3628 2912 3686 fuisse
2942 3639 3017 3695 et,
3054 3638 3112 3683 ut
3142 3629 3401 3699 oportuit,
3431 3628 3507 3683 rei
3530 3628 3755 3682 consul-

2180 3730 2295 3775 tum
2347 3720 2415 3775 ah
2482 3721 2600 3791 ipso
2666 3721 2913 3778 Romano
2957 3723 3247 3793 pontiﬁce,
3298 3721 3751 3778 existimandum.

2176 3810 2313 3865 Nam
2349 3811 2437 3868 ille
2467 3809 2697 3877 sedisse,
2735 3822 2902 3883 atque
2934 3829 3057 3869 cum
3110 3813 3229 3884 ipso
3263 3813 3405 3869 idem
3440 3811 3758 3881 Stephanus

2177 3917 2314 3972 papa
2345 3902 2782 3958 communicasse
2824 3904 3116 3959 invenitur.

2248 3989 2460 4048 Interea
2515 3992 2733 4048 Andrea
2786 3995 3132 4049 exercituum
3186 3990 3461 4063 prazfecto,
3515 3990 3754 4058 aliisque

2178 4088 2474 4143 senatoriis
2505 4088 2638 4143 viris
2690 4087 2879 4142 multis
2918 4086 3297 4159 Chrysopolim
3345 4084 3409 4138 ad
3451 4082 3747 4151 Philippici

2178 4180 2574 4234 monasterium
2602 4179 2803 4245 missis,
2826 4192 2951 4233 cum
2982 4190 3127 4234 coetu
3159 4168 3518 4239 sacerdotum,
3551 4174 3748 4229 caereis

2180 4263 2580 4335 facibus,atque
2603 4265 2965 4329 aromatibus,
3009 4264 3241 4335 cadaver
3267 4260 3548 4316 Michaelis
3577 4260 3753 4329 impc—

2178 4352 2792 4423 ratoris(quiBasilium
2825 4362 3213 4425 patremsuum
3276 4352 3330 4406 in
3390 4349 3562 4405 lilium
3620 4350 3756 4405 ado-

506 4442 561 4494 in
613 4436 1006 4493 monasterium
1050 4430 1439 4498 Armenorum,
1473 4434 1529 4488 in
1574 4432 1808 4503 ejusque
1862 4432 2067 4496 locum,

2188 4450 2446 4514 ptaverat,
2474 4455 2529 4502 et
2552 4445 2857 4501 diademate
2898 4446 3167 4514 cinxerat)
3193 4445 3451 4515 sepulcro
3476 4441 3659 4507 educi,
3693 4443 3748 4495 in

504 4540 824 4603 germanum
861 4543 1045 4596 suum,
1092 4530 1314 4584 nomine
1353 4527 1712 4598 Stephanum,
1765 4528 2074 4598 subrogan-

502 4626 632 4680 dum
656 4621 888 4680 curavit.
917 4618 1272 4691 lmpostorem
1306 4634 1435 4673 vero
1459 4619 1611 4671 illum
1636 4615 2070 4673 Santabarenum

504 4714 687 4786 flagris
717 4724 943 4773 caesum,
971 4709 1149 4765 oculis
1182 4710 1436 4779 privavit,
1482 4715 1537 4763 et
1595 4706 1837 4762 Athenas
1886 4708 1939 4761 in
1981 4723 2073 4762 ex-

504 4807 687 4861 silium
717 4802 907 4869 misit;
946 4801 1218 4857 hominem
1256 4807 1403 4855 secta
1446 4797 1801 4855 Manichannn
1826 4800 2073 4868 ,profes-

504 4899 658 4954 sione
701 4914 923 4970 magum
952 4936 967 4956 .
1021 4892 1371 4951 simulatione
1416 4907 1547 4947 vero
1578 4892 1976 4957 Christianum,
2018 4903 2071 4947 et

502 4989 843 5061 imposturis,
892 4988 1094 5058 quibus
1137 4985 1401 5039 miracula
1455 4981 1763 5049 aﬂ'ectabat,
1801 4999 1830 5037 a
1869 4985 2071 5039 Basilio

503 5080 835 5149 imperatore
894 5079 1163 5134 creditum
1221 5086 1498 5131 sanctum.
1556 5074 1757 5129 Verum
1818 5075 2068 5144 pluribus

500 5174 665 5229 annis
694 5172 897 5243 elapsis
930 5171 1207 5227 hominem
1244 5169 1313 5223 ab
1369 5166 1569 5223 exsilio
1615 5174 1935 5221 revocatum
1977 5169 2068 5222 be-

500 5262 666 5330 nigne
709 5259 1055 5315 tractandum
1089 5256 1327 5313 curavit.
1368 5255 1540 5310 Porro
1580 5255 1906 5309 substitutio
1950 5253 2068 5310 Ste-

500 5350 667 5419 phani
722 5350 777 5402 in
813 5348 996 5402 locum
1027 5346 1203 5400 Photii
1236 5344 1380 5400 haud
1413 5345 1486 5398 ita
1522 5343 1900 5414 perfunctorie
1925 5343 2066 5401 facta

497 5450 603 5507 cst,
667 5440 978 5496 inconsulto
1025 5437 1271 5493 Romano
1319 5437 1585 5509 pontifice
1634 5436 1916 5506 Stephano
1978 5436 2063 5493 Vl.

497 5525 629 5582 Nam
658 5531 727 5583 ab
750 5543 837 5591 eo,
882 5537 939 5581 ut
973 5527 1407 5596 dispensaretur,
1441 5523 1584 5596 quod
1619 5528 1901 5585 ordinatus
1927 5527 2062 5583 fuis-

2182 4550 2309 4589 area
2359 4537 2675 4607 cupressina
2731 4537 2881 4607 poni,
2937 4536 3401 4606 imperatoriaque
3462 4532 3755 4601 splendore

2181 4627 2437 4692 velatum,
2466 4627 2995 4697 Constantinopolim
3016 4624 3125 4681 Leo
3147 4625 3329 4681 ali‘erri
3354 4624 3541 4694 jussit,
3562 4622 3752 4690 ibique

2179 4733 2300 4772 cum
2331 4728 2494 4773 cantu
2525 4728 2580 4775 et
2627 4719 2846 4790 hymnis
2873 4727 3183 4789 exceptum,
3220 4730 3392 4787 usque
3450 4712 3518 4767 ad
3572 4714 3753 4768 aedem

2176 4807 2556 4877 Apostolorum
2579 4808 2774 4864 deduci
2811 4808 3101 4875 ordinavit,
3136 4809 3191 4863 in
3214 4823 3315 4878 qua
3345 4806 3400 4861 in
3437 4820 3756 4859 marmorea

2176 4912 2301 4950 arca
2343 4898 2641 4969 repositum
2684 4908 2790 4963 est,
2844 4900 3238 4955 comitantibus
3294 4911 3544 4967 pompam
3585 4894 3753 4951 etiam

2175 4988 2436 5043 fratribus
2498 4990 2865 5060 imperatoris,
2932 4989 3269 5055 Alexandro,
3324 4999 3380 5044 et
3437 4986 3755 5058 patriarcha

2174 5076 2471 5145 Stephano.

2242 5166 2378 5221 Cum
2408 5166 2578 5237 Hagio
2608 5166 3004 5239 Langobardi:
3034 5170 3169 5236 dux,
3206 5170 3352 5239 regis
3382 5166 3625 5222 Francia!
3656 5180 3761 5236 ge-

2172 5272 2289 5323 ner,
2321 5260 2540 5329 cognita
2583 5261 2771 5317 Basilii
2800 5262 3149 5332 imperatoris
3184 5272 3384 5323 morte,
3423 5276 3451 5314 a
3488 5260 3763 5315 societate

2170 5349 2542 5408 Romanorum
2588 5354 2918 5410 descivisset
2975 5355 3192 5425 sibique
3243 5363 3413 5409 totam
3484 5352 3760 5407 ditionem

2172 5444 2523 5509 vindicasset,
2567 5454 2759 5500 contra
2810 5459 2934 5502 eum
2970 5444 3081 5501 Leo
3110 5445 3539 5500 Constantinum
3574 5440 3759 5510 patri-

2173 5535 2315 5590 cium
2351 5551 2551 5612 mensae
2598 5538 2916 5607 praelectum
2942 5553 3066 5593 cum
3097 5533 3547 5593 Occidentalibus
3602 5528 3765 5586 misit

1998 5623 2225 5680 l‘OTAi.
2276 5671 2283 5679 .

566 5714 640 5783 (6)
671 5715 933 5772 Baronius
961 5716 1026 5771 ad
1059 5731 1183 5770 ann.
1227 5714 1345 5769 885.
