3992 6204
245 275 332 326 nu
1508 266 1551 326 ν
1562 269 1631 336 ΙῘΪ
1638 268 1680 324 Α
1711 265 1790 336 ΠΕ

1899 264 1985 326 ElS
2027 267 2180 339 IMP.

3378 292 3405 328 Χ
3418 292 3467 332 LV

258 375 430 456 copiis,
461 374 588 428 licet
615 373 918 432 commissa
965 391 1146 447 pugna
1179 377 1577 442 Constantinus
1605 394 1803 442 suceu-
1832 386 1879 450 Α
1908 380 2205 450 ignoraret,
2247 381 2370 438 loco
2402 383 2773 452 patriarcham
2805 385 3093 447 Nicolaum
3126 402 3328 457 movet,
3369 397 3470 452 Ec.

245 465 420 528 buerit,
449 461 646 536 vixque
691 459 903 520 caedem
951 462 1070 537 ipse
1102 465 1360 529 evaserit,
1395 466 1640 520 exercitu
1684 480 1782 521 suo

248 550 499 607 occidione
551 548 755 604 deleto.
793 546 943 606 Duos
973 557 1156 604 tamen
1184 550 1520 608 fortissimos
1537 551 1707 608 duces
1736 553 1798 607 in.

250 641 492 698 Orientem
546 639 758 698 emisit.
821 639 1166 700 Eustathium
1199 643 1388 715 stirpis
1431 645 1790 714 Argyrorum,

251 744 292 787 et
337 729 700 786 Andronicum
748 746 949 800 genere
1002 731 1282 796 Ducicam,
1335 734 1432 800 qui
1480 735 1685 796 multas
1727 735 1793 789 de

259 821 488 894 Agannis
539 822 804 877 victorias
848 829 1220 891 reportarem.
1281 822 1392 879 Sed
1427 839 1557 879 cum
1590 825 1789 880 bellum

259 913 544 966 acerrimum
578 911 729 966 inter
758 909 1023 982 Bulgaros
1047 923 1103 972 et,
1133 913 1368 976 Leonem
1419 924 1663 970 nostrum
1695 932 1792 972 ex-

263 1006 452 1057 citatum
479 1014 651 1068 esset,
699 1004 956 1074 idemque
1009 1020 1106 1075 per
1153 1006 1336 1076 plures
1378 1023 1550 1066 annos
1591 1023 1790 1078 propa-

263 1102 463 1162 gatum:
514 1091 732 1160 Turcas
782 1101 838 1154 ct
908 1094 1197 1168 llungaros
1258 1098 1521 1154 adversus
1570 1099 1790 1153 eosdem

263 1184 436 1240 vocavit
465 1183 590 1247 Leo,
615 1185 878 1241 Sitneone
908 1186 1277 1256 Bulgamrum.
1299 1202 1426 1263 rege
1454 1189 1791 1244 validissime

267 1276 529 1330 resistente.
559 1273 644 1328 Ex
683 1291 795 1344 quo
833 1275 1038 1334 factum
1093 1288 1199 1344 est,
1235 1288 1292 1332 ut
1325 1279 1597 1337 dissoluto
1647 1281 1791 1336 inter

270 1367 482 1436 Bulgaros
541 1376 594 1420 et
674 1365 1344 1438 Constantiimpolitauum
1403 1373 1788 1442 imperatorem

271 1458 390 1527 pacis
417 1456 648 1528 vinculo,
682 1472 842 1524 sique
903 1457 1205 1528 spiritualis
1246 1458 1596 1529 praefectura.
1626 1476 1788 1530 quam

275 1546 410 1602 Gnaei
436 1549 523 1602 sibi
543 1549 992 1615 vindicaverunt,
1015 1565 1046 1604 e
1064 1550 1244 1605 medio
1271 1551 1574 1617 tolleretur,
1597 1553 1788 1610 iidem-

283 1653 366 1708 que
380 1637 558 1710 bulqari
577 1637 851 1692 Romam:
875 1636 1142 1701 Ecclesia,
1170 1655 1199 1692 a
1221 1655 1328 1720 qua
1355 1641 1514 1700 donis
1561 1648 1614 1696 et
1638 1642 1788 1697 blan-

1899 472 2188 541 clesiaeque
2240 475 2447 533 ﬁnibus
2489 477 2714 552 expellit
2745 487 2804 533 ut
2860 481 3180 540 mendacem
3209 525 3224 544 ,
3265 493 3320 538 et
3369 494 3464 558 qut

1900 565 2186 625 multoties
2237 566 2458 635 quidem
2530 567 2896 637 jurejurando
2965 573 3340 632 confirmasset
3406 597 3476 636 ac

1899 655 2244 723 promisisset
2271 672 2336 718 se.
2359 656 2925 730 iniperatorigratiam
2957 677 3130 730 poenae
3165 665 3464 734 facturum,

1899 759 1963 804 ac
1987 745 2212 802 totidem
2242 748 2460 806 vici-bus
2486 749 2735 808 animum
2766 759 3054 816 mutasset,
3088 770 3312 826 remque
3337 759 3478 814 data.

1898 852 2069 908 opera
2121 840 2455 894 extraheret.
2499 840 2633 908 Ejus
2685 841 2806 897 loco
2849 845 3228 913 patriareltam.
3259 852 3467 905 constiv

1900 930 2005 983 tuit
2033 937 2248 998 patrem
2283 946 2446 986 suum
2483 933 2821 1000 spiritualem
2863 935 3244 1007 Euthymium,
3285 942 3463 994 virum

1900 1021 2095 1075 multis
2132 1022 2293 1078 annis
2341 1023 2746 1079 exercitatione
2792 1025 3038 1084 solitaria
3086 1030 3464 1097 nobilitatum,

1899 1111 2136 1182 denique
2165 1112 2469 1182 prophetici
2508 1114 2738 1183 spiritus
2769 1114 3117 1184 participem.
3141 1117 3194 1172 Is
3223 1120 3472 1188 impera-

1899 1211 2072 1258 torem
2121 1218 2152 1259 a
2183 1219 2348 1274 pretia
2399 1203 2529 1259 facit
2586 1205 2918 1271 immunem,
2963 1218 3128 1276 atque
3164 1224 3192 1262 a
3239 1212 3477 1265 vinculo-

1900 1294 2162 1347 diuturno
2211 1288 2432 1358 liberat,
2476 1301 2532 1348 et
2572 1293 2640 1350 ad
2672 1295 3118 1349 communionem
3149 1295 3406 1353 admittit.
3442 1320 3466 1351 ι

1899 1382 2024 1437 lltec
2051 1382 2149 1437 ibi.
2181 1380 2293 1436 Leo
2315 1387 2498 1436 autem
2528 1379 2871 1448 Allatius,de
2903 1380 3164 1436 Ecclesiae
3197 1381 3467 1439 Occiden-

1897 1473 2022 1528 talis
2077 1481 2131 1528 et
2171 1472 2466 1529 Orientalis
2516 1482 2779 1542 perpetua
2830 1473 3215 1536 consensione,
3254 1475 3351 1530 lib.
3403 1491 3462 1537 ii,

1895 1579 2020 1634 cap.
2067 1565 2120 1627 7,
2154 1579 2308 1621 num.
2339 1565 2395 1630 3,
2433 1579 2546 1620 rem
2577 1565 2633 1618 in
2670 1563 2818 1618 hunc
2866 1563 3092 1620 modum
3118 1580 3184 1620 ex
3221 1565 3467 1635 antiquis

1898 1655 2272 1710 monumentis
2313 1661 2546 1710 narrat:
2585 1673 2609 1708 ι
2652 1652 2766 1709 Leo
2813 1653 2998 1710 Basilii
3030 1655 3196 1719 ﬁlius,
3234 1655 3374 1726 quod
3399 1672 3464 1711 ex

297 1728 416 1781 tm“
451 1728 734 1793 Graecorum
794 1729 1160 1796 desciverant.
1198 1747 1262 1786 se
1307 1741 1501 1804 Sponte
1547 1733 1788 1804 subjice-
1815 1737 1862 1796 B
1895 1747 2070 1802 tribus
2112 1746 2292 1802 ductis
2337 1747 2604 1802 uxoribus
2641 1747 2822 1803 nullos
2868 1748 3186 1804 sustulisset
3240 1750 3463 1813 liberos.

303 1828 402 1878 rent.

336 1906 476 1965 Fuere
515 1910 685 1966 Leoni
722 1926 921 1967 uxores
959 1913 1186 1968 omnino
1227 1925 1481 1986 quatuor,
1521 1930 1656 1986 quas
1696 1929 1790 1974 0r-

277 1998 377 2055 dine
427 2010 476 2054 et
518 2005 824 2060 successive
873 2003 1055 2070 duxit,
1103 2021 1215 2062 non
1261 2020 1291 2059 a
1326 2006 1551 2066 libidine
1583 2007 1788 2072 victus,

269 2093 353 2147 sed
387 2093 585 2164 ingenti
631 2095 968 2166 procreanda:
1007 2096 1215 2154 sobolis
1247 2097 1539 2163 desiderio,
1569 2113 1679 2170 quo
1723 2098 1789 2151 li-

269 2191 423 2245 beros
468 2207 529 2252 ex
569 2201 793 2249 senatos
821 2193 1184 2263 conspiceret.
1233 2192 1419 2252 Prima
1471 2192 1571 2247 fuit
1613 2192 1790 2248 Theo—

274 2283 494 2350 phanen,
526 2299 618 2336 seu
668 2282 1028 2354 Theophanis,
1080 2284 1438 2342 Constantini
1480 2284 1591 2338 lilia
1637 2301 1650 2337 :
1705 2299 1790 2339 se-

271 2374 427 2426 cunda
456 2373 555 2430 Zoe
583 2374 798 2436 Zautzae
826 2378 934 2431 tilia
959 2397 972 2432 :
1009 2379 1168 2444 tertia
1189 2375 1426 2432 Eudocia
1455 2373 1748 2446 Opsiciana
1773 2393 1788 2441 ;

261 2478 456 2538 quarta,
496 2469 599 2525 Zoe
637 2471 1070 2542 Carbonopsina,
1129 2488 1195 2527 ex
1229 2487 1334 2540 qua
1372 2470 1540 2524 lilium
1571 2470 1788 2540 Purpu-

262 2562 474 2628 rigenam
498 2575 588 2614 seu
619 2559 1187 2636 Porpbyrogennetam
1213 2561 1422 2632 genuit,
1454 2561 1545 2616 cui
1586 2577 1786 2618 nomen

259 2651 571 2707 Constantini
618 2652 825 2709 datum.
863 2653 1081 2709 Ultimae
1108 2663 1290 2710 tamen
1341 2654 1535 2710 uxoris
1567 2654 1792 2726 nuptias

258 2740 483 2798 Nicotaus
530 2745 842 2816 patriarcha
889 2744 1213 2801 benedicere
1263 2747 1562 2809 recusavit,
1611 2746 1705 2801 sed
1735 2753 1789 2801 et

259 2831 492 2888 Thomam
539 2835 951 2908 presbyterum,
997 2835 1092 2907 qui
1141 2836 1442 2904 benedixit,
1480 2837 1788 2910 presbyteri

259 2924 436 2982 honore
475 2929 738 2997 privavit,
789 2930 924 2998 quin
963 2930 1187 3000 insuper
1243 2931 1313 2985 ab
1387 2931 1642 3003 ingressu
1698 2943 1790 2984 cc-

255 3017 408 3074 clesia
434 3018 821 3094 imperatorem
857 3022 1156 3092 prohibuit.
1189 3022 1259 3076 At
1298 3023 1572 3094 quomodo
1599 3038 1659 3078 se
1685 3021 1788 3076 lia-

257 3106 405 3164 buerit
446 3111 829 3184 quadrigamia
877 3113 982 3168 ista
1024 3111 1222 3169 Leonis
1252 3113 1307 3169 in
1331 3114 1625 3184 conjugum
1659 3127 1787 3168 suc-

253 3199 488 3268 cessione,
525 3204 621 3258 sic
667 3202 854 3276 accipe
884 3219 949 3258 ex
977 3205 1323 3274 praeambulis
1352 3205 1703 3260 Constantini
1733 3204 1788 3258 in

252 3285 700 3364 Porphyrogenito
725 3292 790 3350 ad
813 3293 1058 3354 edictum
1085 3296 1305 3352 unionis
1322 3297 1421 3366 (7).
1447 3316 1465 3347 ε
1489 3294 1789 3367 Imperator

254 3377 328 3436 ille
347 3380 701 3440 doctissimus
723 3382 831 3438 Leo
861 3385 1096 3455 primam,
1111 3386 1328 3456 quidem
1352 3401 1575 3445 uxorem
1600 3385 1789 3440 habuit

253 3480 458 3530 tantum
507 3473 1001 3544 TheOphauonem,
1048 3491 1112 3532 ex
1159 3493 1266 3547 qua
1306 3478 1478 3531 tiliam
1522 3491 1783 3545 procrea-

258 3563 440 3629 vit,sed
471 3580 536 3620 ea
604 3564 715 3620 cito
761 3566 926 3621 rebus
975 3566 1232 3624 humanis
1286 3567 1547 3623 excessit.
1599 3567 1789 3638 Itaque

255 3667 348 3706 enin
386 3655 496 3709 lucc
540 3663 744 3711 sancta
785 3657 980 3716 mulier
1020 3657 1319 3729 migrasset
1350 3656 1418 3712 ad
1457 3656 1785 3723 Dominum,

263 3739 358 3798 loc
378 3748 606 3819 styliani
641 3746 909 3813 Tzautzaa,
937 3748 1028 3817 qui
1062 3763 1129 3803 ex
1159 3749 1483 3819 proceribus
1509 3755 1563 3803 et
1592 3748 1788 3804 amicis

248 3835 566 3906 imperatoris
616 3846 754 3905 erat,
794 3840 918 3894 ﬁlite
956 3840 1226 3911 jungitur.
1258 3841 1356 3895 Illa
1383 3855 1607 3914 quoque
1634 3838 1785 3894 brevi

247 3928 478 3994 temporis
522 3929 720 3998 spatio
782 3928 900 3983 sine
957 3930 1144 3986 liberis
1213 3931 1512 3995 exstincta,
1569 3929 1791 3990 tertiam

243 4015 375 4071 duxit
429 4035 674 4075 uxorem
734 4019 1056 4086 Eudociam,
1127 4037 1193 4076 ex
1239 4017 1446 4094 Opsicii
1505 4020 1789 4096 provincia

244 4107 501 4169 oriundam
533 4111 678 4166 olim
708 4111 854 4166 dicta
886 4111 1132 4176 Maeonia,
1170 4111 1360 4170 ferinae
1398 4112 1622 4170 nomine
1651 4111 1792 4170 sele-

241 4207 384 4271 ctam,
428 4218 556 4273 quae
612 4202 666 4256 in
720 4203 995 4274 puerperii
1041 4203 1322 4260 doloribus
1370 4217 1476 4258 una
1517 4219 1642 4260 cum
1685 4204 1793 4258 in-

241 4288 365 4348 fante
405 4295 681 4351 moritur.
718 4293 1018 4365 Imperator
1063 4302 1246 4354 autem
1295 4293 1558 4350 iuell‘abili
1596 4293 1789 4350 dolore

1894 1836 2101 1892 sobolis
2131 1837 2395 1891 habenda:
2442 1838 2742 1902 desiderio,
2767 1847 3017 1908 quartam
3064 1855 3284 1910 quoque
3310 1840 3475 1894 duxit

1893 1928 2038 1984 Zoen
2087 1927 2584 1999 Carbonopsinam,
2634 1944 2758 1997 qum
2800 1931 2850 1983 ei
2901 1931 3111 1999 peperit
3142 1931 3465 1986 Constanti-

1892 2035 2044 2074 num.
2071 2017 2224 2073 llanc
2246 2019 2316 2074 ob
2348 2033 2570 2075 causam
2600 2035 2629 2072 a
2655 2020 2970 2090 patriarcha
3015 2029 3070 2076 et
3095 2022 3217 2079 aliis
3239 2037 3464 2078 excom-

1893 2109 2227 2163 municalur.
2261 2110 2396 2163 Cum
2423 2125 2550 2164 vero
2611 2110 2678 2165 de
2725 2111 3075 2167 absolutione
3121 2129 3233 2168 non
3261 2131 3465 2170 convc-

1892 2203 2056 2264 nirct,
2095 2201 2222 2254 aliis
2247 2215 2371 2255 eam
2413 2216 2529 2255 non
2572 2200 2782 2256 diutius
2830 2202 3256 2271 protrahendum
3312 2220 3454 2260 assc-

1891 2292 2165 2356 rentibus,
2207 2292 2328 2346 aliis
2363 2305 2476 2346 non
2512 2290 2965 2354 assentientibus,
3016 2307 3210 2360 magna
3235 2293 3462 2348 dissidin

1893 2381 2039 2438 inter
2064 2399 2161 2438 eos
2191 2391 2312 2438 orta
2344 2391 2510 2446 sunt;
2554 2381 2784 2450 ideoque
2811 2382 2876 2436 ad
2912 2383 3190 2452 pontificis
3225 2383 3459 2438 Romani

1892 2474 2162 2545 judicium
2211 2479 2554 2530 concurrunt
2586 2490 2599 2526 :
2647 2487 2677 2524 a
2722 2487 2832 2541 quo
2859 2487 2987 2526 cum
3020 2482 3236 2542 quarta:
3261 2473 3462 2530 Leonis

1892 2566 2095 2636 nuptiae
2133 2563 2589 2635 approbarentur,
2640 2564 2958 2633 patriarcha
2995 2580 3103 2618 non
3151 2565 3470 2618 assentiens

1890 2656 1946 2710 in
1982 2655 2235 2710 exsilium
2271 2655 2526 2719 mittitur,
2568 2661 2623 2709 et
2655 2654 2983 2725 Euthymius
3031 2656 3083 2709 in
3126 2656 3248 2724 ejus
3284 2658 3470 2718 locum

1894 2746 2262 2817 subrogatur;
2301 2750 2402 2816 qui
2434 2747 2508 2800 ita
2541 2756 2824 2802 annuente
2841 2762 3064 2802 summo.
3087 2747 3344 2818 pontiﬁce
3369 2749 3467 2802 im.

1893 2846 2201 2909 peratorem
2263 2853 2296 2892 a
2347 2838 2572 2892 vinculo
2604 2838 2818 2900 liberat,
2845 2845 2899 2892 et
2935 2838 2991 2892 in
3018 2839 3463 2894 communionem

1893 2929 2150 2984 admittit.
2184 2948 2206 2980 ι
2238 2929 2517 2984 Hactenus
2559 2929 2626 2983 de
2672 2929 2853 2984 Leone
2885 2929 3014 2983 Leo.
3063 2928 3270 2984 Cretera
3326 2931 3466 2983 tanti

1893 3019 2156 3091 principis
2189 3027 2308 3072 acta
2337 3032 2758 3088 prosequamur.

1963 3115 2098 3166 Cum
2151 3112 2452 3182 aliquando
2494 3112 2791 3180 imperator
2841 3110 2953 3165 Leo
3014 3127 3121 3166 una
3183 3128 3308 3166 cum
3354 3113 3465 3167 Zoe

1892 3221 2064 3260 uxore
2095 3220 2194 3260 sua
2243 3205 2298 3267 iu
2346 3202 2555 3273 praedio
2589 3210 2799 3272 ageret,
2833 3201 2978 3272 quod
3021 3203 3268 3256 Dnmiani
3299 3218 3464 3258 voca-

1891 3305 2001 3363 tur,
2038 3304 2094 3351 et
2120 3294 2462 3351 domesticus
2493 3294 2822 3364 quibusdam
2857 3294 2984 3350 aliis
3012 3295 3468 3364 conspirantibus

1891 3388 1939 3443 ei
1988 3387 2220 3444 insidias
2259 3396 2498 3443 strueret
2528 3403 2542 3442 :
2594 3385 2701 3440 Zoe
2735 3400 3015 3440 murmura
3050 3385 3468 3453 conjuratornm

1892 3478 2195 3543 inaudivit;
2271 3478 2575 3547 statimque
2633 3475 2745 3532 Leo
2789 3477 3091 3542 excitatus,
3161 3491 3466 3531 conscenso

1891 3571 2108 3641 navigio
2140 3586 2172 3624 a
2200 3569 2468 3625 Fontibus
2518 3570 2576 3624 in
2621 3569 2885 3638 palatium
2911 3567 3124 3635 trajecit
3149 3606 3165 3631 ,
3207 3582 3272 3620 ac
3295 3566 3467 3619 Joan-

1890 3678 2012 3716 nent
2049 3663 2275 3732 quidem
2317 3662 2484 3730 Biglm
2519 3660 2902 3728 Drungarium,
2933 3657 3079 3725 quod
3127 3657 3197 3710 ab
3225 3671 3290 3709 eo
3320 3657 3464 3710 indi-

1891 3754 2124 3821 ligenter
2152 3758 2299 3811 esset
2327 3751 2658 3811 custoditus,
2688 3749 2811 3801 loco
2847 3748 3036 3800 movit.

1962 3840 2134 3894 Porro
2164 3837 2401 3893 Basilius
2429 3837 2776 3908 imperatoris
2819 3837 3064 3907 Epeieta,
3107 3853 3232 3892 cum
3261 3839 3463 3900 caedem

1893 3930 2061 3986 Leoni
2111 3929 2556 3997 machinaretur,
2598 3944 2861 3984 arcanum
2899 3946 3060 3986 suum
3093 3929 3346 3986 Samonte
3373 3947 3466 3986 ex-

1894 4022 2076 4094 posuit
2099 4022 2460 4086 cubiculario,
2491 4022 2702 4092 origine
2732 4022 3002 4090 Agareno.
3046 4021 3316 4077 Samonas
3351 4032 3466 4077 sta-

1894 4117 1989 4172 tim
2023 4114 2340 4186 imperatori
2373 4122 2541 4169 totam
2581 4113 2903 4168 insidiarum
2937 4114 3204 4167 rationem
3237 4113 3462 4168 detexit.

1896 4207 2197 4278 Imperator
2227 4207 2372 4261 illico
2399 4206 2659 4261 Basilium
2692 4205 2748 4258 in
2774 4204 3148 4258 Macedoniam
3184 4192 3464 4268 amandat,

1895 4298 2058 4352 veluti
2097 4296 2221 4351 Zoa‘.
2254 4295 2621 4365 imperatricis
2652 4294 2832 4348 amita)
2861 4308 2995 4357 suae,
3024 4308 3054 4348 e
3089 4293 3228 4348 vivis
3280 4309 3467 4362 egres-

239 4394 521 4455 oorreptns,
557 4383 715 4454 quod
753 4385 932 4442 nullos
974 4386 1291 4450 sustulisset
1328 4385 1553 4450 liberos,
1593 4400 1785 4441 eorum
1823 4403 1866 4458 ι)
1899 4402 1992 4453 sae,
2043 4387 2117 4441 ibi
2167 4386 2317 4455 justa
2363 4393 2707 4440 curaturum.
2756 4384 2926 4439 Paulo
2970 4391 3094 4451 post
3151 4390 3464 4438 revocatum

241 4474 628 4541 lignendmum
691 4473 962 4530 desiderio
1028 4482 1285 4546 quartam
1347 4490 1568 4545 quoque
1632 4476 1792 4538 duxit

239 4576 434 4621 uxorem
479 4564 666 4620 Zoam
708 4563 1137 4635 Carbonopsinze
1178 4565 1367 4630 ﬁliam,
1402 4580 1524 4634 qua:
1555 4565 1606 4629 ei
1642 4564 1788 4630 Con-

238 4657 515 4718 stantinum
591 4653 752 4724 parit.
799 4653 1000 4716 Verum
1047 4657 1361 4725 patriarcha
1411 4654 1691 4722 Nicolaus,
1736 4662 1790 4710 et

239 4743 643 4815 metropolitani
682 4743 1068 4813 imperatorem
1101 4744 1170 4813 ab
1202 4743 1445 4810 Ecclesia
1479 4753 1792 4816 segregant,

237 4846 442 4904 eamque
485 4835 939 4905 segregationem
986 4835 1236 4889 nonnulli
1273 4836 1590 4906 pontilicum
1640 4836 1792 4896 brevi

235 4927 397 4993 spatio
425 4925 835 4992 deliniendam,
866 4942 974 4982 non
1015 4927 1071 4982 in
1118 4929 1336 4998 longum
1368 4935 1582 4998 tempus
1607 4935 1794 4986 exten-

235 5013 452 5078 dendum
506 5015 762 5083 aiebant,
792 5017 900 5070 illis
947 5017 1005 5072 in
1051 5018 1156 5070 hoc
1192 5032 1302 5072 non
1343 5018 1794 5082 assentientibus.

235 5103 407 5179 Itaque
436 5106 684 5172 dissidia
715 5107 858 5168 inter
890 5122 986 5170 eos
1017 5116 1176 5175 erant
1234 5122 1545 5192 magnaque
1573 5107 1794 5174 seditio:

235 5209 381 5270 atque
434 5202 839 5271 imperatorem
913 5215 1236 5272 magnopere
1293 5200 1673 5270 deprecantem
1743 5210 1799 5257 et

236 5301 470 5354 amntem
500 5291 604 5358 alii
634 5289 991 5359 recipiebant,
1027 5291 1120 5356 alii
1149 5291 1553 5354 contumaciter
1581 5291 1797 5362 rejicie-

236 5379 366 5438 bant.
409 5383 566 5446 Cum
607 5390 787 5442 autem
824 5382 1079 5454 princeps
1114 5383 1230 5454 ipse
1255 5384 1496 5455 prudens
1518 5397 1686 5449 esset.
1715 5395 1797 5440 at-

237 5486 328 5539 que
375 5473 538 5539 unde
585 5472 860 5540 discordia
909 5475 1228 5545 pontiﬁcum
1280 5489 1400 5540 orta
1439 5485 1605 5543 esset,
1647 5477 1792 5536 haud

1897 4474 2246 4544 inquisitioni
2299 4473 2562 4536 subdidit,
2613 4472 3039 4539 convictumque
3076 4487 3175 4540 per
3227 4469 3462 4528 mediam

1898 4565 2087 4620 urbem
2131 4565 2188 4619 in
2236 4563 2517 4632 triumpho
2568 4563 2743 4629 duxit,
2791 4563 3146 4632 Athenasque
3179 4561 3460 4630 relegavit.

1898 4655 2030 4710 Inde
2077 4655 2335 4710 universo
2380 4663 2572 4710 senatu
2603 4665 2930 4719 convocato,
2963 4669 3086 4724 quae
3113 4659 3272 4707 erant
3297 4667 3326 4704 a
3355 4651 3458 4714 Sa-

1898 4763 2058 4803 mona
2095 4749 2199 4818 ipsi
2231 4748 2409 4803 delata
2440 4746 2644 4802 indicia
2670 4748 2920 4816 exponit,
2961 4757 3197 4812 eumque
3243 4750 3464 4797 senato-

1898 4856 1985 4896 res
2047 4841 2296 4905 laudant,
2353 4848 2407 4894 ct
2445 4853 2662 4896 summo
2705 4839 2929 4907 dignum
2977 4835 3186 4889 honore
3221 4849 3466 4903 pronun-

1899 4934 2058 4988 tiant.
2093 4932 2158 4986 Et
2193 4933 2484 4988 Samonam
2517 4932 2625 4986 Leo
2657 4931 2844 4987 statim
2876 4926 3314 4997 Protospatharii
3349 4941 3468 4982 mu-

1900 5041 2034 5080 nere
2061 5027 2306 5089 decorat,
2339 5023 2556 5093 sibique
2585 5021 2909 5078 Iamiliarem
2939 5019 3183 5074 asciscit.

1965 5114 2102 5169 Cum
2150 5113 2571 5169 Constantinum
2619 5108 2923 5165 Andronici
2959 5109 3127 5164 tilium
3172 5108 3464 5177 quamdam

1902 5205 1972 5261 ad
2009 5205 2414 5276 expeditionem
2443 5217 2568 5259 cum
2611 5201 2784 5271 capiis
2829 5200 3130 5269 ablegaret,
3177 5213 3274 5267 per
3302 5198 3468 5253 tricli-

1903 5298 2055 5352 nium
2089 5295 2362 5350 hominem
2411 5295 2674 5356 edocens,
2710 5291 2886 5346 oculis
2922 5291 2975 5344 in
3001 5289 3203 5346 Christi
3258 5304 3322 5348 ac
3346 5289 3470 5344 Dei-

1903 5400 2048 5456 parte
2101 5385 2368 5456 imagines
2408 5381 2627 5447 delixis,
2659 5397 2783 5452 qua:
2835 5397 3002 5454 supra
3059 5393 3268 5451 portam
3313 5390 3469 5435 erant

1902 5479 2210 5544 collocatae,
2264 5475 2350 5532 bis
2389 5473 2566 5532 verbis
2599 5491 2733 5532 usus
2761 5482 2845 5533 cst
2883 5494 2896 5530 :
2950 5474 3171 5536 Caveto,
3205 5471 3471 5528 Constan-

1743 5569 1971 5629 NOTAE.

317 5665 368 5732 ἲ)
397 5664 570 5736 Apud
604 5664 890 5723 Baroniuin
919 5669 981 5723 ad
1015 5685 1103 5723 an.
1141 5668 1344 5726 Christi
1384 5670 1498 5725 90L
