4070 6210
433 301 504 342 ιν
1762 259 2337 329 PROLEGOMENA.

434 406 566 466 tiae,
595 412 792 454 nomen
825 409 892 450 ne
923 392 1026 449 tibi
1050 400 1203 447 tuum
1234 389 1500 458 imponat,
1527 396 1665 439 neve
1694 383 1866 437 fretus
1893 380 2007 443 illo,
2038 379 2088 439 Α
2112 383 2203 427 aut
2278 372 2441 425 irasci
2468 410 2481 434 ,
2540 373 2827 439 imperator
2878 386 2897 424 :

436 493 738 563 potiturum
768 497 821 542 te
852 486 1223 540 Romanorum
1256 478 1485 549 imperio
1515 486 1673 546 putes
1699 493 1711 527 :
1742 487 1864 526 nam
1892 486 2013 524 meo

436 584 554 638 lilio
584 577 952 637 Constantino
1004 569 1277 628 divinitus
1327 569 1616 639 imperium
1670 571 2010 620 reservatum

437 683 554 739 est;
586 671 730 742 quod
757 669 1009 739 equidem
1045 673 1383 736 perspectum
1421 660 1613 722 habeo,
1646 654 2011 726 signiﬁcatqu

440 759 573 814 mihi
608 741 822 813 divinis
868 756 937 809 ab
967 752 1286 808 hominibus
1329 748 1515 801 futura
1561 742 1927 815 prospiciendi
1965 741 2017 794 vi

439 847 705 920 praeditis.
757 843 1105 914 Quapropter
1164 838 1306 892 scire
1355 834 1525 889 debes
1570 840 1926 894 eventurum,
1956 835 2014 880 ut

439 940 486 994 si
520 935 868 1010 tyrannidem
923 933 989 985 ad
1021 942 1073 985 te
1121 940 1314 997 rapere
1342 932 1576 978 conatus
1623 921 1815 983 fueris,
1852 925 2015 987 caput

438 1039 595 1085 tuum
639 1026 849 1094 absque
900 1034 1134 1088 corpore
1167 1032 1261 1085 per
1295 1015 1438 1068 hanc
1476 1013 1653 1082 ipsam
1686 1019 1897 1080 portam
1923 1010 2015 1061 in-

440 1116 741 1189 grediatur.
779 1110 915 1164 Huic
940 1106 1207 1161 vatisinio
1243 1105 1503 1172 deinceps
1530 1109 1763 1157 eventus
1791 1115 2017 1169 respon-

439 1212 540 1266 dit.
571 1208 706 1262 Nam
759 1209 883 1274 post
930 1200 1128 1256 Leonis
1162 1198 1372 1253 obitum
1402 1194 1803 1250 Constantinus
1835 1202 2017 1263 tyran-

441 1297 622 1352 nidem
653 1291 938 1350 aliectans,
986 1286 1207 1342 occisus
1238 1290 1343 1351 est,
1391 1297 1455 1336 ac
1482 1276 1744 1349 deinceps
1782 1290 1900 1333 erat
1932 1280 2014 1331 vi-

439 1389 573 1444 dere
625 1390 917 1441 cruentum
975 1386 1149 1449 caput
1200 1376 1322 1446 ejus
1368 1389 1463 1443 per
1504 1372 1651 1426 illam
1686 1378 1896 1442 portam
1930 1371 2013 1425 in-

441 1477 600 1535 ferri.

508 1569 727 1625 Accidit
757 1567 809 1621 id
840 1562 1107 1633 temporis
1155 1561 1428 1614 maximus
1461 1557 1594 1612 solis
1623 1553 1887 1615 deiectus.
1922 1565 2021 1606 eu-

438 1662 531 1732 jus
577 1673 748 1714 causa
800 1653 1213 1710 Pantaleontem
1270 1647 1645 1720 Synadensem
1700 1641 2014 1713 pontiﬁcem

3602 260 3697 317 xvi

2954 386 3078 424 nam
3149 381 3292 426 rates
3365 373 3537 430 David
3597 380 3697 434 hoc

2116 468 2211 519 tibi
2239 466 2444 518 adversi
2466 472 2770 516 eventurum
2797 462 3047 530 pra-dixit
3077 464 3172 516 hoc
3196 481 3345 518 versu
3377 485 3389 519 :
3422 484 3441 518 ι
3474 470 3692 534 Quanta

2115 556 2437 626 matignatus
2487 564 2561 608 cst
2599 554 2845 606 inimicus
2898 554 2951 606 in
2982 564 3166 607 sancto
3212 564 3305 610 tuo
3332 573 3349 609 :
3390 570 3439 612 et
3470 563 3690 628 gloriati

2113 656 2235 701 sunt
2276 648 2366 717 qui
2395 645 2615 699 oderunt
2649 655 2718 709 te,
2752 646 2805 696 in
2840 645 3010 697 medio
3044 646 3396 701 solemnitatis
3439 660 3543 702 tua:
3570 651 3626 703 ‘?
3669 672 3687 704 ι

2117 738 2269 802 Noli,
2323 753 2522 807 quwso,
2581 736 2863 805 oppetiisse
2908 736 3002 788 tibi
3050 737 3170 790 vitte
3202 738 3363 805 linem
3411 742 3692 809 arbitrari,

2116 845 2206 883 nec
2234 830 2470 881 animum
2521 837 2667 880 tuum
2714 826 3064 896 cogitatiovde
3125 838 3293 883 morte
3331 832 3537 896 subeat,
3568 844 3692 888 nam

2117 921 2211 974 tibi
2261 932 2371 973 tam
2419 920 2538 974 vita:
2568 936 2725 987 quam
2760 920 2966 988 imperii
2992 919 3168 973 decem
3212 922 3382 976 adhuc
3436 927 3565 978 anni
3590 943 3692 980 ca:-

2117 1014 2235 1067 lesti
2270 1030 2302 1066 a
2329 1028 2489 1065 manu
2521 1012 2755 1066 concessi
2779 1020 2922 1065 sunt.

2186 1104 2310 1158 Haec
2342 1104 2435 1158 ille
2488 1102 2654 1167 fatus,
2708 1101 2966 1156 obticuit.
3020 1101 3207 1172 Neque
3234 1105 3407 1176 multo
3437 1115 3557 1176 post
3590 1108 3695 1161 im-

2117 1202 2356 1264 perator,
2390 1202 2442 1247 et
2491 1192 2659 1245 animi
2698 1191 2889 1246 dolore
2936 1192 3204 1247 liberatus
3243 1205 3348 1257 est,
3393 1207 3447 1250 et
3476 1211 3540 1250 ex
3571 1199 3692 1250 vul-

2118 1300 2246 1339 nere
2292 1284 2598 1339 convaluit.
2633 1281 2801 1336 Marci
2848 1283 3070 1352 quidem
3112 1286 3435 1339 vaticinium
3470 1288 3695 1342 minime

2119 1374 2290 1429 fuisse
2316 1388 2513 1428 vanum
2548 1381 2776 1427 eventus
2815 1374 3235 1441 comprobavit;
3271 1389 3395 1427 nam
3428 1386 3546 1443 post
3598 1377 3693 1430 dc-

2118 1480 2235 1519 rem
2296 1480 2471 1519 annos
2520 1480 2585 1520 eo
2644 1465 2764 1533 ipso
2807 1473 3057 1519 mortuus
3087 1472 3170 1518 est
3201 1466 3306 1530 die,
3334 1482 3447 1536 quo
3479 1468 3693 1538 plagam

2121 1558 2263 1610 hanc
2297 1556 2525 1626 accepit.

2186 1647 2663 1717 Constantinopoli
2714 1647 2768 1700 in
2812 1646 3073 1702 honorem
3113 1647 3300 1717 prima:
3349 1664 3461 1703 sua:
3508 1651 3696 1704 uxoris

443 1731 513 1807 ad
557 1766 617 1806 se
666 1751 967 1818 imperator
997 1742 1305 1804 arcessivit,
1354 1738 1629 1792 hominem
1669 1731 2017 1789 astronomia:

2135 1741 2493 1811 l‘hcophania:
2538 1741 2967 1811 pulcherrimum
3014 1741 3081 1796 de
3128 1741 3245 1809 ejus
3290 1744 3508 1797 nomine
3553 1753 3696 1797 teni-

444 1839 705 1909 peritum.
735 1837 793 1890 is
818 1842 1062 1903 rogatus,
1103 1843 1264 1899 quem
1307 1828 1454 1882 illius
1504 1824 1726 1894 eclipsis
1762 1820 2012 1875 effectum

446 1928 565 1984 fore
612 1933 901 1989 statueret,
969 1919 1292 1991 respondit,
1348 1916 1502 1972 alteri
1553 1916 1622 1969 ab
1689 1914 2018 1982 imperatore

446 2035 696 2092 persona:
748 2031 939 2072 casum
994 2012 1286 2067 adversum
1326 2006 1603 2080 portendi.
1666 2004 1806 2070 Quin
1849 2003 2015 2056 etiam

449 2113 713 2168 Samonas
740 2110 1051 2180 Agarenus,
1087 2118 1115 2158 a
1144 2102 1325 2158 Leone
1356 2100 1533 2156 olIicio
1565 2096 1891 2152 cubicularii
1927 2112 2019 2151 or-

445 2212 634 2268 natus,
665 2215 826 2272 quem
859 2197 1045 2253 Basilii
1078 2194 1317 2267 Epeictaa
1363 2191 1596 2246 insidias
1640 2189 1816 2244 eidem
1851 2188 2015 2242 Leoni

448 2296 719 2349 detexisse
739 2290 1030 2345 docuimus
1050 2328 1064 2353 ,
1090 2286 1393 2356 sapientem
1419 2283 1563 2338 hunc
1588 2282 1762 2335 virum
1784 2279 2021 2351 peculia.

447 2382 584 2436 riter
622 2377 937 2440 abductum,
979 2374 1046 2428 de
1086 2388 1143 2427 re
1191 2379 1302 2426 tota
1346 2369 1641 2431 consuluit,
1684 2376 1737 2422 et
1778 2368 2017 2420 iuturum

450 2470 694 2544 agnovit,
725 2466 919 2536 utipsi
952 2463 1233 2519 calamitas
1270 2460 1578 2525 accideret;
1618 2473 1805 2512 verum
1840 2458 2020 2513 omni-

452 2576 525 2618 no
554 2559 703 2616 Junii
750 2557 916 2612 tertio
962 2554 1051 2609 die
1098 2552 1309 2609 salvum
1340 2564 1655 2617 evasurum,
1700 2563 1803 2604 nec
1849 2548 1917 2603 ab
1955 2563 2021 2603 eo

453 2666 696 2725 tempore
758 2648 1058 2722 quidquam
1113 2646 1191 2701 illi
1238 2644 1315 2700 rei
1369 2643 1613 2698 molesta:
1669 2648 2018 2696 eventurum.

453 2744 705 2802 Nondum
760 2741 1062 2813 praestitum
1118 2739 1222 2791 hoc
1270 2743 1488 2804 tempus
1539 2731 1854 2796 advenerat,
1898 2748 2021 2787 cum

455 2836 723 2891 Samonas
766 2845 797 2887 e
847 2829 971 2884 loco
1017 2841 1120 2883 suo
1169 2824 1499 2879 deturbatur
1563 2830 1726 2889 atque
1778 2821 2023 2887 raditur;

457 2939 583 2981 nam
607 2930 661 2979 et
684 2918 983 2978 calumniis
1016 2917 1403 2987 imperatorem
1451 2912 1854 2969 circumvenire
1886 2913 2026 2966 fcre-

458 3018 642 3082 batur,
678 3022 733 3070 et
757 3009 1060 3067 insolenter
1087 3013 1259 3062 semet
1292 3018 1502 3076 gerere.

2127 1839 2296 1908 plum,
2343 1837 2584 1891 vicinum
2634 1834 2759 1889 Addi
2801 1835 3175 1905 apostolorum
3223 1835 3513 1889 aediﬁcavit
3559 1834 3689 1900 Leo,

2124 1930 2177 1982 in
2202 1942 2374 1997 eoque
2409 1942 2610 1997 corpus
2641 1927 2788 1980 illius
2821 1926 3063 1995 reposuit
3093 1942 3107 1991 ;
3146 1939 3353 1993 magna
3384 1927 3526 1979 enim
3560 1943 3692 1980 san-

2123 2018 2332 2073 ctitatis
2385 2016 2583 2072 femina
2645 2017 2829 2070 habita
2883 2027 2969 2070 est
3017 2015 3390 2084 Thespliania,
3440 2016 3575 2070 adeo
3634 2026 3693 2071 ut

2124 2108 2364 2164 edidisse
2428 2123 2647 2178 quoque
2686 2107 2953 2162 miracula
3001 2106 3226 2170 feratur,
3254 2122 3486 2175 quorum
3519 2109 3696 2176 gratia

2128 2194 2485 2254 ubideiuncta
2510 2207 2615 2262 est,
2644 2198 2788 2252 inter
2803 2204 3026 2251 sanctos
3052 2211 3080 2248 a
3104 2194 3312 2249 Graecis
3332 2193 3694 2249 adnumerata

2127 2300 2232 2357 est,
2259 2288 2346 2345 die
2376 2289 2441 2343 i6
2469 2288 2747 2354 Decemb.,
2801 2288 2905 2342 hoc
2936 2287 3117 2356 elogio
3143 2304 3156 2340 :

2199 2401 2382 2457 Beata:
2428 2401 2793 2464 Tlteophanite,
2816 2399 3002 2453 Leonis
3034 2399 3414 2463 sapientissimi
3450 2397 3700 2465 principis

2609 2487 2832 2538 sponsis,
2866 2473 3136 2524 memoria.

2204 2586 2222 2620 ι
2251 2568 2415 2622 Beata
2470 2564 2828 2635 Theophania
2885 2564 3439 2633 Constantinopoieos
3471 2563 3614 2618 fetus
3647 2570 3701 2615 et

2132 2660 2339 2730 regina,
2369 2656 2716 2712 Constantini
2752 2655 2859 2709 ﬁlia
2895 2654 2996 2709 fuit
3039 2654 3293 2717 illustris,
3335 2653 3498 2705 trium
3530 2653 3704 2720 impe-

2136 2759 2379 2805 ratorum
2411 2747 2833 2814 consanguinea.
2861 2744 3029 2812 Cujus
3059 2754 3230 2797 mater
3257 2744 3411 2794 Anna
3444 2740 3704 2795 similiter

2131 2850 2249 2896 erat
2280 2838 2505 2903 sterilis,
2544 2845 2601 2890 nt
2631 2838 2719 2890 illa
2748 2836 2899 2905 prior
2929 2834 3080 2887 Anna
3110 2832 3383 2886 Samuelis
3427 2830 3708 2900 prophetae

2134 2932 2388 3004 genitrix.
2441 2930 2553 2984 Sed
2582 2944 2705 2984 cum
2757 2931 2873 2982 viro
2916 2927 3237 2997 frequenter
3268 2939 3433 2980 orans
3459 2932 3703 2977 sanctam

2136 3024 2410 3077 dominam
2443 3027 2689 3075 nostram
2726 3018 2818 3074 Dei
2863 3017 3218 3083 Genitrlcem,
3251 3031 3372 3086 quze
3401 3012 3707 3083 praesertim

531 3107 669 3163 cm“
722 3103 809 3159 die
855 3100 1198 3157 Ρθηῑθθθδίπ
1226 3110 1408 3162 “emt
1446 3110 1514 3151 ⁸³
1551 3095 1773 3166 antiqua
1798 3094 2025 3164 imperi"
2057 3083 2097 3139 ο
2131 3114 2197 3168 ad
2240 3112 2393 3168 Bassi
2445 3111 2748 3173 colebatur,
2808 3117 3059 3164 sanetam
3128 3083 3375 3174 concepit
3416 3101 3707 3169 Theopha-

461 3211 641 3255 torum
663 3193 1089 3256 consuetudine,
1111 3187 1340 3246 solemni
1372 3203 1497 3243 cum
1532 3201 1730 3258 pompa
1758 3186 1823 3241 ad
1851 3187 2027 3241 eccle-

462 3294 602 3349 siam
651 3288 840 3344 Sancti
866 3285 1027 3341 Mocii
1060 3281 1323 3351 martyris
1352 3280 1673 3352 procederet
1704 3277 1834 3342 Leo,
1869 3287 2032 3347 atque

464 3376 751 3453 templum,
794 3377 1020 3448 jamjam
1072 3375 1249 3431 sacris
1295 3371 1481 3443 jannis
1526 3370 1761 3437 vicinus,
1821 3368 2031 3438 ingredi

466 3474 627 3529 vellet
662 3489 675 3524 :
719 3472 801 3526 vir
846 3467 1067 3539 quidam
1116 3464 1395 3529 immanis,
1430 3462 1497 3520 iis
1526 3461 1723 3517 similis
1752 3459 1846 3531 qui
1875 3459 2034 3514 malis

466 3585 504 3622 a
545 3564 721 3636 geniis
756 3564 1032 3634 agitantur
1063 3599 1078 3624 ,
1123 3565 1234 3610 tam
1276 3555 1519 3627 gestibus
1566 3568 1728 3624 quam
1770 3553 1919 3607 vultu
1951 3552 2036 3606 in-

467 3663 751 3720 constans,
790 3652 846 3706 in
900 3650 1285 3719 imperatorem
1316 3644 1630 3714 prosiliens,
1672 3643 1821 3714 gravi
1846 3656 1909 3696 ac
1944 3656 2036 3694 va-

471 3746 579 3801 lida
614 3746 767 3799 clava
809 3749 973 3811 caput
1022 3738 1144 3808 ejus
1181 3735 1510 3797 verberavit,
1535 3734 1782 3803 adeoque
1828 3730 2034 3794 subito,

473 3844 537 3891 ut
561 3835 738 3906 ipsum
760 3830 1143 3892 interiecisset,
1162 3827 1218 3880 ni
1237 3842 1362 3894 pars
1378 3833 1620 3879 estrema
1647 3824 1814 3878 clavae
1836 3823 1889 3876 in
1911 3838 2037 3878 sus-

387 3963 401 3976 .
473 3940 700 3997 pensum
747 3919 1134 3977 candelabrum
1176 3917 1433 3982 impacta,
1466 3913 1550 3967 vel
1598 3911 1881 3965 dimidiam
1924 3911 2039 3964 im-

474 4023 635 4085 petus
676 4012 786 4065 vim
832 4007 1127 4061 amisisset.
1158 4001 1297 4056 Tum
1334 4001 1402 4056 de
1456 3999 1650 4055 Leonis
1700 4000 1881 4070 capite
1908 4014 2043 4069 pro-

476 4104 647 4159 liuere
680 4097 904 4169 sanguis
934 4094 1211 4164 copiosus,
1238 4099 1293 4145 et
1331 4089 1431 4145 viri
1458 4088 1735 4159 principes
1766 4087 1820 4140 in
1856 4086 2037 4156 (ngam

478 4209 601 4253 sese
635 4190 927 4258 conjicere.
969 4185 1037 4240 Et
1078 4184 1207 4254 quia
1233 4182 1399 4236 frater
1433 4179 1555 4250 ejus
1596 4177 1904 4260 Alexandra:
1930 4192 2040 4231 non

479 4285 688 4349 aderat,
719 4280 859 4352 apud
886 4279 1178 4350 plerosque
1205 4271 1447 4343 suspicio
1477 4268 1729 4334 invaluit,
1755 4283 1879 4323 eum
1911 4267 2045 4322 insi-

479 4377 692 4432 diarum
726 4371 897 4426 fuisse
927 4366 1233 4423 conscium.
1272 4361 1377 4417 Sed
1409 4360 1502 4433 qui
1536 4359 1589 4414 id
1632 4358 1847 4414 facinus
1880 4373 2046 4413 ausus

484 4474 683 4537 fuerat,
752 4464 1179 4538 comprehensus
1238 4468 1573 4527 coactusque
1628 4454 1909 4513 tormentis
1979 4453 2048 4508 ad

483 4565 874 4621 iudicationem
919 4571 1110 4613 eorum
1141 4568 1283 4624 quos
1318 4552 1581 4606 facinoris
1606 4548 1861 4605 conscios
1888 4547 2049 4600 habe-

482 4667 590 4725 ret,
623 4654 763 4711 nihil
787 4652 972 4706 dicere
1001 4653 1233 4718 poterat.
1282 4643 1474 4697 morbo
1502 4641 1739 4711 graviter
1777 4638 2049 4693 hominem

440 4777 447 4783 ί
484 4758 735 4806 vexante.
779 4740 1134 4810 Tandemque
1174 4735 1427 4791 manibus
1476 4748 1541 4787 ac
1586 4732 1815 4802 pedibus
1861 4745 2054 4801 ampu-

486 4841 638 4906 tatis,
690 4840 745 4892 in
804 4834 940 4891 circi
990 4829 1160 4886 funda
1213 4834 1607 4889 crematur,-et
1658 4822 1921 4880 solemnis
1964 4822 2055 4875 iila

491 4930 770 5004 processio
802 4942 867 4983 eo
898 4934 1138 4996 tempore
1186 4918 1370 4976 desiit.
1404 4916 1529 4971 llaec
1565 4930 1687 4969 cum
1718 4914 1804 4969 vir
1832 4912 2055 4983 quidam

491 5031 738 5087 sanctus,
769 5020 971 5091 quique
1010 5016 1196 5072 diviiio
1229 5010 1429 5082 spiritu
1482 5008 1661 5063 futura
1697 5006 2058 5077 prospiceret,

494 5131 559 5170 ac
592 5112 762 5169 variis
789 5109 951 5166 donis
978 5113 1207 5161 ornatus
1246 5110 1419 5165 esset,
1442 5099 1663 5154 nomine
1692 5097 1927 5161 Marcus,
1956 5096 2059 5150 im-

495 5213 801 5278 peratorem
844 5200 993 5272 gravi
1040 5196 1229 5252 dolore
1274 5197 1589 5261 correptum
1643 5197 1911 5251 cerneret,
1950 5186 2063 5240 exi-

497 5298 810 5352 stimantem
869 5288 1070 5360 aliquid
1117 5285 1351 5355 amplius
1416 5280 1544 5337 mali
1617 5285 2062 5341 consecuturum,

499 5385 681 5440 verbis
730 5380 1055 5437 medicinam
1097 5376 1147 5431 ei
1201 5374 1429 5437 iaciens,
1477 5380 1737 5441 tanquam
1782 5368 2064 5439 mitigante

499 5477 742 5532 dolorem
777 5473 1097 5545 pharmace,
1121 5466 1258 5522 dixit
1287 5484 1302 5522 :
1342 5464 1473 5520 Noli
1501 5465 1595 5519 hoc
1634 5462 1863 5531 iniquius
1903 5460 2063 5530 ferre,

576 5653 592 5686 ⁸
623 5619 768 5710 Psai.
796 5663 985 5714 uxm,
1013 5653 1105 5709 23.

2135 3207 2302 3267 niam,
2338 3211 2392 3259 et
2421 3210 2605 3257 natam
2641 3194 2957 3255 virtutibus
2994 3197 3281 3260 instruxit,
3317 3198 3527 3249 litteras
3564 3209 3705 3262 quo-

2133 3312 2239 3365 que
2266 3295 2493 3349 docens.
2531 3292 2667 3345 Cum
2700 3306 2829 3345 vero
2861 3288 3098 3344 Basilius
3129 3287 3359 3341 illustris
3413 3287 3719 3354 imperator

2135 3388 2247 3441 ﬁlio
2297 3385 2465 3440 Leoni
2534 3381 2946 3453 sapientissimo
2990 3379 3151 3434 veliet
3200 3391 3425 3432 uxorem
3477 3375 3712 3444 conjun-

2136 3497 2282 3551 gere,
2316 3495 2415 3534 nec
2469 3479 2573 3532 hac
2621 3476 2899 3531 meliorem
2950 3473 3244 3538 inveniret,
3293 3471 3467 3540 ipsam
3495 3469 3571 3523 illi
3614 3471 3710 3523 dc-

2138 3570 2444 3641 sponsavit.
2486 3569 2783 3630 Coronata,
2816 3573 2871 3619 et
2911 3564 3223 3632 imperatrix
3255 3553 3472 3624 éﬂ‘ecta,
3513 3574 3710 3629 panpe-

2141 3678 2261 3716 rum
2300 3668 2481 3714 tamen
2512 3674 2616 3713 non
2635 3654 3078 3717 obliviscebatur,
3107 3650 3202 3707 sed
3223 3652 3439 3705 solitam
3471 3650 3710 3704 retinens

2142 3754 2423 3815 virtutem,
2463 3759 2517 3805 et
2559 3751 2987 3816 elecmosynam,
3034 3743 3166 3810 Deo,
3199 3744 3291 3812 qui
3319 3742 3423 3797 sibi
3450 3741 3712 3795 rcielorum

2138 3858 2357 3915 quoque
2416 3841 2641 3896 donavit
2697 3852 2944 3907 regnum,
2970 3835 3058 3905 pie
3097 3833 3483 3889 l'amulabatur.
3521 3850 3540 3881 ›
3588 3829 3715 3883 "me

2141 3935 2238 3990 ibi.
2688 4000 2703 4009 ,

2210 4024 2356 4080 Idem
2405 4023 2517 4078 Leo
2566 4007 2710 4075 aliud
2740 4034 2959 4090 quoque
3015 4016 3267 4085 templum
3311 4009 3553 4065 condidit
3586 4007 3713 4059 diro

2142 4117 2350 4171 Lazaro
2378 4128 2618 4178 sacrum,
2654 4112 2819 4180 inque
2847 4125 2912 4166 eo
2964 4108 3155 4163 Lazari
3198 4114 3251 4159 et
3289 4102 3469 4157 Maria:
3496 4098 3713 4169 Magda-

2147 4206 2281 4260 lenee
2320 4198 2595 4272 reliquias
2661 4200 2875 4270 Epheso
2925 4199 3118 4252 allatas
3162 4192 3424 4249 condidit.
3466 4188 3524 4243 in
3561 4186 3717 4251 urbe,

2146 4310 2267 4365 quae
2298 4294 2364 4348 ad
2404 4292 2771 4348 Charsianum
2821 4289 3073 4347 sublimis
3120 4293 3262 4347 erat,
3294 4284 3348 4337 in
3387 4291 3538 4353 parte
3561 4276 3723 4332 meri—

2148 4381 2373 4444 dionali,
2418 4380 2559 4442 loco,
2602 4379 2689 4433 cui
2724 4376 2905 4431 Farraa
2949 4388 3170 4435 nomen,
3204 4384 3403 4439 magno
3452 4362 3726 4435 impendio

2150 4469 2475 4525 instauravit
2524 4467 2779 4536 templum
2816 4466 3003 4521 Sancti
3044 4462 3267 4516 Thomas
3291 4457 3542 4529 apostoli,
3580 4452 3733 4522 quod

2153 4559 2463 4614 incendium
2505 4558 2560 4610 in
2603 4555 2842 4610 cinerem
2899 4569 2961 4609 ac
2994 4551 3235 4606 favillam
3280 4550 3580 4615 redegerat.
3618 4542 3727 4596 Sed

2153 4657 2207 4705 et
2252 4650 2305 4702 in
2336 4646 2553 4701 'Nossiis
2606 4644 2998 4699 monasterium
3058 4639 3348 4696 aediﬁcavit
3393 4634 3459 4688 de
3504 4632 3729 4687 nomine

2154 4738 2484 4803 Servatoris,
2525 4737 2687 4807 idque
2726 4750 2852 4791 cum
2901 4732 3193 4804 Euthymio
3226 4726 3538 4800 patriarcha
3578 4723 3734 4778 dedi-

2158 4828 2321 4882 cavit.

2229 4918 2433 4973 Statuit
2468 4918 2611 4972 inter
2641 4917 2770 4982 alia,
2804 4925 2864 4970 ut
2897 4913 3077 4985 pridie
3117 4912 3238 4981 ejus
3276 4906 3386 4963 diei
3439 4920 3551 4976 quo
3598 4919 3742 4973 pra:-

2158 5010 2293 5065 lium
2327 5018 2384 5064 et
2424 5020 2701 5064 certamen
2736 5018 2885 5063 esset
2932 5003 3255 5069 ineundum,
3290 5012 3488 5054 curare
3518 4995 3737 5051 deberet

2161 5102 2269 5156 dux
2308 5101 2588 5156 exercitus
2631 5116 2728 5171 per
2767 5097 3107 5156 sacerdotem
3168 5095 3483 5148 universum
3527 5084 3740 5143 exerci-

2161 5197 2277 5244 tum
2317 5189 2525 5259 expiari
2558 5202 2698 5258 aqua
2750 5187 2990 5252 lustrali,
3022 5187 3104 5240 vel
3143 5180 3468 5244 benedicta;
3509 5184 3560 5230 et
3598 5186 3739 5243 prato

2168 5292 2348 5345 terea,
2399 5288 2456 5333 ut
2500 5280 2773 5350 quotidie,
2825 5293 2987 5333 mane
3030 5286 3083 5331 et
3140 5287 3396 5344 vespere,
3450 5267 3743 5322 universus

2171 5372 2441 5428 exercitus
2472 5372 2655 5427 dicere
2681 5371 2903 5426 deberet
2933 5368 3242 5440 Trisagium
3276 5367 3558 5435 hymnum.

2243 5461 2454 5529 Mariae,
2506 5462 2747 5534 Virginis
2794 5457 3280 5531 incomparabilis,
3329 5468 3394 5509 ac
3435 5449 3529 5507 Dei
3574 5442 3752 5504 Geni-

2158 5582 2236 5603 υε.
