3992 6204
462 182 493 205 η

320 240 439 295 Iul
462 268 471 275 -

1612 241 1785 303 VITA
1823 240 2095 301 LEONIS
2144 243 2297 303 IMP.

3458 248 3590 314 xvm

321 348 907 409 utcis'sacrosauctm,
962 360 1125 416 quam
1158 361 1390 418 magnus
1417 346 1766 418 eximiusque
1798 350 1916 403 l'uei-
1946 350 1990 407 Α
2022 365 2142 402 num
2163 351 2613 417 apostolumorbis
2635 353 3074 421 Paulum,oratiu
3096 362 3366 417 una.—In
3388 370 3589 437 glorio-

323 442 395 496 rit
437 448 653 503 orator,
694 453 761 492 ex
791 438 861 492 iis
890 452 1018 507 qua:
1054 438 1250 507 scripsi
1286 440 1338 493 in
1374 438 1684 495 Caesaribus
1717 438 1911 493 Maria-

322 532 408 586 nis
437 526 572 598 cap.
604 527 661 591 8,
700 534 867 597 atque
905 542 969 581 ex
1018 526 1465 583 luculéntissimis
1496 528 1619 597 ejus
1644 528 1912 584 orationi-

323 621 445 686 bus,
483 622 541 674 in
579 618 825 672 Mariana
862 616 1202 673 BibliOtheca
1242 619 1600 684 enumeratis,
1642 628 1805 689 atque
1855 619 1911 672 in

325 713 426 767 hoc
473 708 693 764 Mariali
735 708 1013 772 adductis,
1044 724 1183 780 quas
1229 710 1347 779 ipse
1393 710 1461 765 de
1495 710 1614 781 ejus
1662 710 1817 767 festis
1858 720 1912 764 et

327 804 585 860 laudibus
631 816 743 856 non
789 802 970 855 solum
1007 801 1256 871 piissime
1310 803 1739 873 doctissimeque
1770 804 1911 858 scri-

328 897 452 967 psit,
487 892 588 949 sed
632 907 701 947 ex
741 891 1029 963 superiore
1059 890 1285 956 loco,‘et
1322 892 1374 946 in
1404 893 1735 948 circumfusa
1772 893 1912 947 mul-

331 986 582 1041 titudinis
623 998 836 1040 corona
873 998 1070 1053 magno
1101 998 1226 1038 cum
1274 984 1465 1054 plausu
1506 985 1665 1052 dixit,
1699 986 1911 1055 perspi-

335 1096 485 1135 cuum
540 1084 653 1133 est.
705 1075 913 1147 Dignus
962 1084 1253 1147 propterea
1295 1076 1388 1146 qui
1432 1078 1575 1131 inter
1608 1078 1911 1147 praecipuos

334 1167 566 1238 Deiparze
602 1164 855 1236 Virginis
890 1165 1402 1234 encomiastasjure
1426 1165 1621 1222 incrito
1657 1184 1910 1223 numere-

340 1274 432 1327 tur,
451 1270 662 1331 atquea
684 1258 1255 1329 Gracia,eloqueutia:
1286 1262 1563 1328 quondam
1594 1263 1835 1326 alumna,
1861 1271 1913 1317 et

339 1354 515 1406 artium
534 1359 768 1420 parente
787 1350 1143 1419 optimarum,
1165 1351 1334 1405 multo
1351 1351 1587 1421 jactetur
1605 1352 1909 1418 honestius,

342 1459 481 1513 quam
500 1442 534 1497 ii
555 1442 656 1513 qui
677 1441 749 1497 ab
770 1441 960 1496 eadem
976 1442 1105 1495 olim
1123 1457 1249 1497 cum
1274 1441 1420 1497 fastu
1442 1442 1852 1498 memorabantu
1865 1461 1908 1498 r.

345 1532 456 1588 Vica
498 1548 797 1589 munerum
825 1542 878 1587 et
907 1532 1266 1596 oblationum,
1306 1549 1445 1603 quas
1484 1533 1663 1589 Maria:
1692 1552 1756 1590 ex
1791 1536 1912 1591 ani-

353 1640 431 1682 tuo
458 1624 732 1689 oderebat,
774 1624 848 1679 ab
884 1624 998 1695 ipsa
1034 1626 1364 1693 postulabat,
1390 1641 1497 1680 non
1524 1627 1647 1682 vita:
1678 1628 1913 1700 longitu-

2013 459 2127 495 sum
2144 445 2449 513 prophetam
2474 444 2673 513 Etiam,
2695 451 2870 504 oratio
2891 454 3163 508 una.—In
3180 457 3464 526 gloriosam
3486 462 3590 515 Do-

2014 538 2145 591 mini
2180 536 2735 608 Transﬁgurationem,
2771 544 3046 599 orationes
3070 556 3198 601 tres.
3236 550 3371 603 —In
3406 550 3592 606 Decol-

2014 631 2263 686 lationem
2286 636 2650 702 pra‘cursoris,
2686 636 2861 691 oratio
2885 638 3159 693 una.—~In
3186 644 3590 699 Exaltationem

2014 718 2069 772 S.
2099 719 2305 787 Crucis,
2330 725 2505 778 oratio
2526 726 2796 780 una.—In
2818 727 3188 784 admirabilem
3232 742 3278 793 et
3303 734 3593 803 gloriosum

2015 808 2225 865 Domini
2238 813 2553 884 discipulum
2568 816 2842 883 Thomam,
2862 821 3140 878 orationes
3153 824 3595 891 dmin—Quando

2013 902 2202 955 domus
2245 905 2581 973 imperatoris
2622 908 2727 976 fuit
2772 922 3100 977 consecrata,
3138 915 3315 970 oratio
3364 932 3494 971 una.
3526 947 3595 957 -—

2017 992 2083 1046 In
2117 996 2358 1049 sanetum
2382 993 2643 1051 Joannem
2678 992 3140 1070 Chrysostomum,
3162 1002 3346 1061 oratio
3378 1022 3595 1062 una.—

2022 1082 2085 1137 In
2119 1086 2563 1157 fulgentissimum
2603 1090 2857 1146 Ecclesia:
2900 1094 3073 1148 lumen
3123 1095 3431 1161 Nicolaum,
3465 1114 3592 1156 ora-

2015 1178 2090 1231 tio
2124 1193 2251 1232 una.
2284 1210 2352 1219 —
2394 1180 2456 1234 In
2496 1180 2558 1236 S.
2605 1181 2958 1251 Stephanum,
3011 1188 3357 1251 oratiouna.
3411 1221 3483 1230 —
3528 1189 3593 1244 In

2014 1265 2113 1322 SS.
2146 1267 2395 1349 Lumina,
2415 1272 2595 1327 oratio
2636 1289 2763 1327 una.
2788 1306 2854 1313 —
2878 1273 2943 1328 In
2974 1275 3032 1330 S.
3068 1275 3382 1331 Clementem
3416 1281 3592 1349 Ancy-

2015 1374 2225 1423 ranum,
2256 1346 2430 1417 Oratio
2458 1380 2585 1418 ttna.
2614 1396 2682 1405 ——
2717 1364 2781 1419 In
2816 1366 3105 1436 gloriosum
3136 1379 3421 1440 martyrem
3455 1371 3592 1440 Try~

2012 1451 2253 1518 phonem,
2289 1455 2465 1509 oratio
2501 1471 2625 1512 una.
2656 1488 2723 1497 ———
2756 1457 2823 1511 In
2867 1460 3040 1527 capite
3092 1463 3446 1516 sacratissimi
3492 1462 3591 1517 Je-

2004 1541 2172 1609 junii,
2201 1547 2477 1603 orationes
2513 1556 2647 1604 tres.
2672 1580 2745 1591 —
2778 1550 2843 1603 In
2869 1551 3063 1619 festum
3098 1552 3436 1620 Palmarum,
3468 1570 3563 1609 ora
3594 1592 3595 1595 η

2017 1636 2093 1689 tio
2124 1640 2250 1692 una.
2280 1670 2348 1679 —
2382 1640 2450 1693 In
2485 1639 2776 1695 Sabbatum
2822 1634 3084 1709 sanctum,
3129 1633 3309 1701 oratio
3361 1663 3487 1700 una.
3524 1678 3594 1688 ~—

368 1718 513 1773 dinctl
542 1718 668 1788 (non
701 1717 852 1773 enim
884 1718 1019 1772 adeo
1049 1734 1167 1772 eam
1206 1719 1445 1784 amabat,
1475 1736 1648 1790 neque
1681 1723 1905 1778 iusatia-
1942 1707 1983 1762 Β
2014 1724 2219 1793 Oratio,
2268 1730 2344 1782 vel
2378 1728 2617 1796 Epistula
2646 1734 2967 1801 parwnetica
2999 1707 3281 1800 catholica,
3323 1738 3388 1789 ad
3427 1750 3594 1805 quos-

365 1809 440 1863 bili
471 1808 742 1865 desiderio
773 1810 939 1880 hujus
968 1826 1170 1865 amarae
1209 1812 1594 1883 navigationis,
1644 1825 1698 1870 ct
1736 1831 1900 1887 quam

350 1901 673 1970 conjunctam
720 1902 905 1969 habet,
950 1902 1271 1974 agitationis
1326 1905 1683 1978 tenebatur),
1712 1909 1804 1963 sed
1861 1909 1907 1965 si

346 1993 414 2050 ita
440 1994 740 2060 decretum,
775 2006 835 2051 ut
876 2011 943 2051 ex
993 1997 1096 2053 bac
1131 1999 1241 2053 vita
1288 1998 1708 2067 subduceretur,
1748 2001 1910 2072 largi-3

347 2095 521 2149 retur,
546 2087 628 2139 uti
663 2095 1007 2156 peccatorum
1049 2092 1293 2159 pendere
1337 2090 1639 2158 levaretur;
1681 2093 1826 2162 quod
1861 2095 1908 2150 si

358 2175 562 2232 diutius
599 2178 653 2232 in
697 2192 845 2233 carne
889 2180 1228 2236 manendum
1262 2190 1430 2247 esset,
1467 2184 1813 2249 concederet,
1853 2196 1910 2241 ut

361 2263 623 2345 fructuose
662 2283 872 2339 gregem
926 2279 1197 2341 pasceret,
1234 2271 1512 2343 simulque
1559 2291 1744 2331 secum
1792 2279 1909 2347 ipsa

350 2370 599 2426 pasceret,
630 2359 854 2422 duceret
888 2362 1234 2430 eteduceret,
1267 2364 1520 2421 neinillo
1542 2382 1767 2438 operum
1803 2384 1912 2423 om-

347 2449 487 2503 nium
517 2461 773 2506 accurato
789 2454 1061 2519 examine,
1080 2465 1301 2525 propter
1316 2457 1589 2527 subditos,
1612 2459 1913 2515 damnatio-

345 2537 425 2594 nis
455 2541 721 2596 sententia
769 2545 1033 2600 adversus
1055 2560 1115 2600 se
1137 2544 1399 2602 ferretur.
1421 2545 1567 2602 Nihil
1595 2566 1777 2615 suum,
1812 2551 1907 2607 sed

346 2629 593 2701 linguam,
628 2634 958 2700 orationem,
989 2644 1043 2691 et
1094 2651 1342 2707 regnum,
1378 2645 1432 2693 et
1465 2639 1511 2694 si
1554 2641 1698 2709 quod
1738 2641 1908 2711 aliud,

341 2720 389 2775 id
440 2736 604 2778 omne
660 2725 832 2780 beatae
881 2725 1123 2797 Virginis
1190 2742 1339 2785 cura:
1411 2738 1466 2785 et
1518 2731 1909 2790 benevolentia:

339 2827 525 2869 munus
554 2812 816 2871 ducebat.
849 2815 913 2872 Et
940 2826 1001 2872 ut
1030 2826 1347 2874 servaretur
1376 2820 1593 2878 insidiis
1618 2824 1906 2894 rapacium

337 2902 562 2959 terarum
597 2908 871 2977 superior,
902 2910 1319 2982 nutrireturque
1347 2913 1401 2967 in
1428 2913 1662 2971 viviﬁcis
1685 2917 1907 2987 pascuis

334 2994 558 3065 pietatis,
600 3008 653 3053 et
691 3013 816 3053 cum
862 3016 1003 3070 opus
1054 3009 1203 3059 esset
1240 3003 1368 3059 hinc
1395 3004 1687 3076 emigrare,
1718 3007 1773 3061 in
1813 3022 1906 3062 sa-
1932 3039 1977 3101 ρ

333 3088 603 3145 lutaribus
640 3091 799 3147 atriis
833 3092 1073 3161 quietem
1118 3096 1553 3164 nancisceretur,
1599 3098 1692 3153 ubi
1742 3099 1905 3153 timor

330 3180 519 3246 nullus,
558 3183 732 3238 nulla!
781 3183 973 3248 turbae,
1021 3193 1117 3240 aut
1169 3188 1485 3253 sollicitudo
1539 3190 1901 3256 insidiarum,

329 3271 413 3326 sed
458 3274 631 3343 plena
681 3276 924 3345 requies,
957 3285 1012 3332 ct
1061 3282 1455 3350 tranquillitas,
1485 3290 1541 3338 et
1587 3285 1901 3351 exsultatio,

326 3363 565 3421 eamdem
628 3366 842 3422 beatam
895 3369 1169 3440 Virginem
1224 3372 1591 3431 intentissime
1642 3376 1903 3447 depreca-

324 3452 491 3509 batur.
540 3457 737 3526 lpsam
767 3458 955 3521 ,etiam
1005 3461 1219 3516 beatam
1266 3461 1541 3535 Virginem
1578 3466 1899 3536 adiutricem

323 3560 465 3601 suam
512 3548 841 3619 appellans,
877 3566 938 3607 se
978 3568 1194 3624 semper
1226 3569 1256 3609 a
1289 3558 1467 3626 puero
1499 3557 1566 3613 ab
1610 3574 1675 3613 ea
1721 3571 1904 3628 prote-

324 3646 458 3692 ctum
492 3640 881 3709 gloriabatur;
920 3659 1083 3714 quam
1127 3646 1354 3717 insuper
1396 3649 1557 3705 enixe
1594 3652 1808 3718 orabat,
1843 3662 1902 3708 ut

325 3741 373 3782 se
416 3745 653 3801 semper
694 3742 1023 3804 protegeret,
1060 3750 1159 3792 nec
1209 3752 1310 3793 sua
1363 3738 1685 3795 defensioue
1730 3741 1901 3797 desti-

324 3825 489 3875 tueret
521 3838 537 3875 :
585 3820 684 3876 sed
719 3822 822 3878 alis
870 3824 1391 3897 obtegens,.quibus
1430 3830 1515 3883 ab-
1541 3830 1697 3885 initio
1730 3828 1909 3897 lavit,

320 3906 439 3963 vita
484 3924 727 3964 cursum
775 3912 842 3966 ad
892 3913 1156 3982 optimum
1211 3917 1469 3989 dirigeret
1496 3917 1680 3985 linem,
1737 3919 1900 3975 simul

322 3998 726 4058 administrans
796 4003 1120 4074 imperium,
1187 4009 1333 4078 quod
1398 4009 1897 4067 administrandum

321 4089 427 4159 ipsa
474 4102 775 4162 sequestra
830 4094 1074 4163 dederat,
1116 4113 1343 4154 servans
1379 4100 1439 4158 .ei
1496 4101 1751 4157 eximiam
1802 4103 1899 4158 ﬁlii

321 4183 397 4237 sui
434 4184 846 4251 hereditatem,
880 4196 934 4242 et
968 4189 1259 4258 perlicieas
1293 4192 1462 4260 (quod
1505 4193 1763 4250 omnibus
1808 4194 1901 4251 ille

323 4272 676 4344 praeferebat)
726 4276 910 4347 populi
956 4279 1042 4333 sui
1088 4280 1269 4357 electi,
1308 4283 1489 4353 gentis
1517 4293 1725 4340 sanctae
1748 4287 1897 4341 salu-

2012 1833 2226 1889 cunque
2271 1820 2525 1876 videlicet
2575 1822 2780 1880 Christi
2827 1826 3011 1881 ﬁdeles
3057 1828 3287 1894 scripta,
3344 1828 3594 1882 hortato-

2010 1910 2091 1965 ria
2128 1911 2213 1978 fad
2261 1913 2398 1969 bene
2448 1916 2745 1989 sancteque
2791 1919 3101 1983 vivendum,
3144 1916 3375 1989 quanta
3419 1919 3590 1975 che-

2011 2001 2129 2055 rico
2191 2002 2354 2059 Metio
2416 2002 2712 2060 Latinitate
2778 2008 3033 2061 donatam
3099 2008 3257 2063 allert
3320 2010 3589 2063 Baronius

2013 2088 2133 2143 loco
2183 2104 2347 2157 supra
2394 2090 2650 2160 allegato.
2692 2091 2825 2157 Quae
2869 2094 3033 2147 etiam
3077 2086 3361 2150 orationes
3400 2112 3590 2151 omnes

2012 2176 2365 2246 reperiuntur
2413 2177 2603 2234 Graece
2659 2195 2791 2235 mss.
2834 2182 2889 2234 in
2943 2180 3130 2235 Sicilia
3167 2182 3222 2236 in
3258 2183 3590 2238 bibliotheca

2011 2268 2544 2327 Archimandritatus
2580 2272 2637 2326 S.
2680 2272 3003 2337 Salvatoris,
3042 2281 3102 2326 ut
3157 2268 3303 2342 patet
3334 2289 3398 2328 ex
3436 2284 3592 2328 cata-

2013 2360 2135 2430 logo
2157 2362 2316 2417 dictae
2342 2362 2688 2417 bibliotheca:
2706 2362 2969 2418 Messanae
2988 2377 3090 2417 con
3101 2362 3239 2418 lecto
3258 2378 3404 2419 anno
3429 2364 3583 2419 l563.

2083 2452 2189 2509 Sed
2222 2461 2277 2509 et
2307 2454 2358 2508 in
2386 2452 2719 2509 bibliotheca
2772 2453 3030 2508 Bavarica
3058 2464 3274 2510 exstant
3312 2457 3416 2511 sub
3440 2456 3589 2525 ejus—

2012 2542 2134 2597 dcm
2168 2542 2367 2600 Leonis
2404 2548 2649 2610 nomine,
2682 2544 3053 2609 Graecemss.,
3086 2556 3145 2601 ut
3178 2542 3246 2601 in'
3273 2562 3373 2602 suo
3409 2547 3589 2617 Appa-

2014 2644 2135 2687 ratu
2168 2652 2340 2703 sacro,
2372 2634 2519 2690 tomo
2555 2637 2619 2701 ll,
2649 2644 2883 2692 testatur
2933 2637 3268 2695 Possevinus
3300 2658 3311 2693 :
3368 2639 3588 2711 llynmi,

2012 2735 2067 2779 et
2103 2726 2236 2780 Acta
2266 2727 2515 2797 quaedam
2549 2727 2777 2793 Christi,
2809 2735 2863 2784 ct
2908 2714 3051 2785 liber
3090 2729 3164 2783 De
3204 2729 3391 2784 bellico
3426 2746 3588 2800 appa-

2013 2826 2157 2871 ratu.
2902 2854 2909 2866 -
3056 2894 3059 2897 ἢ

2085 2910 2150 2963 Et
2182 2912 2401 2981 quidem
2438 2910 2574 2965 Acta
2612 2910 2817 2967 Christi
2865 2912 3119 2983 prodiere
3158 2911 3213 2965 in
3254 2910 3453 2979 lucem,
3484 2910 3588 2968 La-

2013 2998 2125 3054 tine
2155 2999 2294 3055 facta
2325 3016 2354 3053 a
2383 2999 2587 3055 Jacobo
2614 2998 2872 3056 Gretsero
2909 3000 3115 3055 Societ.
3145 2998 3274 3054 lesu
3306 3001 3586 3072 theologo,

2008 3104 2073 3144 ex
2110 3089 2325 3145 oilicina
2354 3090 2549 3144 Adami
2583 3089 2840 3155 Sartorii,
2871 3106 3018 3145 anno
3053 3090 3211 3151 1600,
3248 3091 3584 3161 lngolstadii.

2008 3179 2172 3235 Liber
2195 3187 2376 3235 autem
2404 3180 2479 3236 De
2508 3191 2772 3251 apparatu
2797 3181 3004 3248 bellico,
3033 3180 3295 3252 quoniam
3323 3198 3353 3238 a
3377 3182 3589 3239 Jonnuc

2007 3271 2189 3327 Chcco
2240 3287 2436 3329 versus
2492 3274 2566 3328 ita
2622 3274 2824 3341 fuerat,
2864 3283 2923 3357 ut
2973 3291 3096 3345 qua:
3146 3277 3211 3331 ad
3268 3278 3585 3357 religionem

2008 3365 2354 3434 spectabant,
2407 3366 2492 3421 vel
2538 3368 2756 3437 dempta
2788 3384 2819 3433 ,λ
2857 3354 2941 3424 vel
2993 3354 3289 3439 depravata
3344 3378 3529 3426 essent
3569 3387 3584 3425 :

2007 3454 2279 3511 Antonius
2328 3454 2660 3511 Posscvinus
2708 3458 2947 3527 primum
3005 3458 3225 3527 quidem
3273 3459 3325 3512 iu
3377 3476 3391 3512 ι
3445 3460 3587 3513 libro

2008 3545 2221 3601 selectae
2284 3560 2398 3600 suae
2460 3545 2804 3601 Bibliotheca:
2867 3561 2930 3601 ex
2997 3547 3186 3625 Graeco
3248 3549 3584 3617 exemplari,

2006 3644 2190 3692 astum
2249 3644 2305 3690 et
2348 3636 2503 3692 dolos
2547 3634 2873 3705 interpretis
2913 3636 3153 3689 haeretici
3203 3638 3441 3691 ostendit
3502 3649 3587 3692 at-

2006 3740 2113 3794 que
2154 3724 2462 3779 emendavit
2497 3723 2519 3777 ί
2551 3722 2749 3778 deinde
2803 3724 2931 3777 item
2975 3724 3028 3776 in
3074 3723 3346 3793 Apparatu
3380 3743 3481 3782 suo
3514 3728 3584 3782 ad

2006 3815 2313 3868 Humanam
2368 3812 2686 3880 Historiam,
2734 3829 2969 3870 excusso
3022 3814 3265 3872 Venetiis
3315 3820 3582 3885 auctiora,

2006 3921 2075 3961 ne
2117 3904 2240 3975 quis
2303 3906 2439 3958 tanti
2479 3906 2825 3976 imperatoris
2878 3898 3101 3963 nomine
3141 3898 3263 3964 cum
3321 3912 3584 3968 militibus

2013 4008 2234 4064 quoque
2284 3992 2560 4059 abutatur.
2594 3993 2890 4062 quasi‘ncc
2934 4008 3152 4050 sacrum
3195 3996 3375 4054 missa:
3413 4002 3583 4055 sacri—

2004 4086 2210 4151 ﬁcium,
2253 4086 2655 4155 nec'reliquus
2707 4082 3282 4145 ortbodoxus‘cultus
3329 4107 3396 4146 eo
3447 4100 3584 4147 tem-

2003 4191 2135 4246 pore
2187 4175 2575 4232 exstitissent:
2613 4191 2849 4246 quorum
2904 4177 2993 4232 ille
3049 4193 3157 4232 non
3202 4188 3311 4234 tam
3357 4182 3584 4235 ruentia-

2004 4282 2127 4324 nem
2183 4265 2342 4333 facit,
2394 4283 2557 4338 quam
2612 4266 2865 4321 hortatur
2916 4268 3084 4322 utin
3142 4270 3581 4340 expeditionibus

321 4370 444 4419 tem.
479 4362 606 4419 Sed
655 4373 847 4433 preter
901 4367 1192 4426 Orationes
1246 4371 1299 4425 in
1352 4386 1743 4430 sacrosanctae.
1772 4376 1894 4432 Dci-

2011 4359 2273 4431 rationem
2306 4359 2653 4429 potissimum
2687 4359 2941 4414 habeant.

318 4465 457 4520 parte
523 4452 750 4508 laudem
812 4457 1893 4529 commendationemqucelucubratas,

319 4539 468 4607 plura
496 4539 674 4595 etiam
704 4540 807 4596 alia
838 4544 1277 4613 praestantissimi
1309 4544 1508 4617 ingenii
1541 4557 1895 4603 monumenta

320 4646 437 4685 cum
472 4630 660 4701 gloria
692 4634 998 4689 transmisit
1042 4635 1110 4689 ad
1164 4642 1414 4706 posteros
1456 4639 1896 4708 sapientissimus

320 4722 647 4794 imperator.
688 4723 918 4781 Exstant
955 4728 1102 4783 enim
1142 4728 1248 4784 sub
1294 4729 1412 4798 ejus
1459 4732 1682 4785 nomine
1732 4732 1785 4787 in
1816 4733 1898 4788 bi-

320 4812 613 4871 bliotheca:
654 4814 927 4873 Vaticanze
980 4818 1267 4874 codicibus
1317 4817 1503 4875 Graece
1544 4837 1675 4877 mss.
1712 4832 1771 4877 ut
1813 4839 1898 4878 re-

324 4903 419 4961 lert
448 4906 746 4973 Batonius,
781 4918 925 4965 toruo
951 4910 997 4965 Χ
1030 4912 1095 4966 ad
1132 4926 1335 4967 annum
1367 4912 1570 4971 Christi
1603 4913 1751 4979 9H,:

387 4996 628 5053 Centum
659 5008 712 5054 et
739 5002 995 5057 tredecim
1026 5002 1262 5059 Novella:
1288 5004 1702 5061 Constitutiones
1728 5008 1897 5063 diver-

323 5102 501 5143 sorum
558 5102 1012 5161 argumentorum.
1046 5125 1115 5136 —-
1174 5095 1446 5165 Praecepta
1504 5098 1755 5161 moralia,
1790 5116 1896 5154 una

324 5196 440 5232 cum
507 5181 962 5247 interpretatione.
1028 5216 1096 5224 —
1158 5185 1236 5241 De
1299 5188 1624 5243 instruendis
1685 5191 1895 5245 aciebus

324 5270 772 5332 Commentarius.
817 5305 886 5319 -
923 5276 1256 5350 Enigmata.
1300 5310 1369 5321 —
1410 5278 1476 5333 In
1524 5281 1895 5336 admirabilem

323 5370 366 5411 et
400 5361 697 5431 gloriosam
735 5365 1103 5424 Ascensionem
1158 5370 1373 5426 Domini
1425 5372 1603 5425 oratio
1660 5388 1787 5427 una.
1829 5405 1897 5414 —

329 5445 391 5501 in
442 5448 706 5519 Spiritum
754 5467 1035 5521 sanctum,
1098 5462 1235 5529 quod
1296 5463 1513 5531 propria
1579 5464 1897 5517 auctoritate

328 5541 664 5607 adoptionem
719 5545 950 5610 ﬁliorum
1004 5550 1099 5602 Dei
1150 5551 1447 5606 hominibus
1505 5554 1728 5623 largitus
1782 5565 1893 5619 est,

329 5633 509 5687 oratio
524 5633 790 5689 una.-In
808 5654 984 5695 omnes
998 5653 1207 5699 sanctos
1226 5646 1403 5702 oratio
1425 5662 1552 5701 una.
1577 5676 1643 5686 ——
1668 5644 1732 5700 In
1750 5664 1895 5716 utag-

2072 4452 2249 4522 Ilujus
2280 4452 2444 4506 etiam
2476 4468 2539 4506 ex
2578 4451 2934 4506 meditatione
2961 4452 3189 4506 extremi
3216 4453 3405 4521 judicii
3433 4453 3577 4507 Can-

2002 4538 2161 4591 ticum
2195 4538 2635 4606 compunctionis,
2671 4538 2816 4606 quod
2848 4553 2914 4592 ex
2954 4538 3284 4595 bibliotheca
3317 4541 3574 4596 Bavarica

2000 4628 2197 4685 Latine
2240 4644 2271 4684 e
2301 4627 2491 4685 Graeco
2532 4628 2767 4686 reddidit
2814 4628 3055 4687 Jacobus
3108 4631 3408 4699 Pontanus,
3445 4648 3575 4703 pro-

1999 4722 2101 4776 diit
2149 4722 2469 4793 lngolstadii
2526 4721 2670 4793 apud
2733 4720 3001 4777 Adamum
3062 4723 3368 4777 Sertorium
3430 4740 3577 4778 anno

1956 4856 1959 4857 ν
2000 4813 2158 4869 1605.
2196 4814 2251 4867 In
2288 4814 2615 4870 Bibliotheca
2640 4824 2818 4871 autem
2854 4822 3080 4869 veterum
3124 4812 3265 4881 PP.,
3296 4828 3441 4872 torno
3481 4818 3575 4883 ΙΙΙ,

1998 4912 2177 4960 exstat
2217 4906 2459 4974 Epistola
2511 4906 2577 4960 ad
2630 4920 2808 4977 regem
2859 4904 3256 4961 Saracenorum
3310 4910 3376 4964 de
3413 4909 3575 4965 Chri-

2000 4996 2192 5049 stiana:
2243 4994 2363 5048 ﬁdei
2417 4996 2644 5049 veritate
2691 5001 2743 5047 et
2792 4990 3193 5047 Saracenorum
3255 4994 3581 5065 impietate,

2001 5088 2104 5143 hac
2153 5087 2507 5157 inscriptione
2540 5104 2553 5139 :
2588 5083 2779 5138 Leonis
2802 5123 2815 5145 ,
2871 5094 3213 5153 cognomento
3251 5086 3573 5154 philosophi,

2001 5179 2334 5246 imperatoris
2379 5172 2979 5241 Constantinopolitani,
2999 5172 3067 5225 ad
3111 5171 3368 5226 Omarum
3405 5174 3573 5228 δανα-

2001 5287 2247 5325 certorum
2284 5285 2474 5339 regem.
2508 5270 2571 5320 de
2593 5267 2715 5335 ﬁdei
2744 5264 3064 5320 Christiante
3095 5268 3313 5321 veritate
3347 5285 3408 5321 ac
3459 5286 3573 5338 mg-

1998 5364 2193 5429 steriis,
2222 5372 2269 5416 et
2302 5362 2365 5415 de
2394 5361 2555 5415 variis
2585 5360 2978 5414 Saracenorum
3021 5360 3303 5415 hwresibus
3338 5370 3391 5415 et
3430 5360 3573 5413 blas-

1999 5458 2251 5527 phemiis,
2298 5454 2688 5523 Symphoriano
2760 5453 3039 5523 Camperio
3096 5452 3455 5523 Lugdunensi,
3509 5469 3574 5507 ea:

2000 5548 2293 5604 Chaldaica
2326 5548 2377 5599 in
2419 5546 2653 5615 linguam
2711 5545 2955 5598 Latinam
2991 5546 3285 5613 interprete.
3323 5545 3426 5599 Sed
3464 5562 3571 5599 non

2000 5643 2213 5708 dubito,
2246 5642 2378 5712 quin
2417 5641 2517 5695 alia
2551 5642 2704 5711 plura
2739 5640 2791 5694 in
2836 5641 2959 5697 aliis
2994 5640 3338 5696 bibliothecis
3366 5640 3571 5693 lateant
