3992 6204
250 229 380 274 XXIII

247 331 516 388 dedecore
556 325 761 382 adicias
815 343 826 378 :

253 421 612 485 lineamenta,
654 418 728 472 ita
781 434 968 490 regum
1012 419 1102 474 filii
1155 422 1312 490 quasi
1375 423 1507 476 viva:
1557 424 1821 494 imagines

251 526 465 586 patrum
500 514 729 568 virtutes
756 512 959 568 referre
991 514 1209 568 debent.
1342 584 1344 586 ν

548 605 625 660 De
654 607 853 659 honore
879 595 1242 660 sacerdotibus
1273 606 1539 662 habendo.

326 699 524 753 Sanam
571 699 709 754 habe
731 709 966 755 mentem
1011 699 1065 754 in
1113 701 1201 767 iis,
1237 717 1359 771 quae
1392 703 1459 756 ad
1511 713 1669 760 rectm
1701 705 1822 761 fidei

256 789 572 845 doctrinam
613 790 908 858 pertinent,
941 800 994 844 et
1030 806 1247 846 summo
1288 793 1495 848 honore
1531 810 1826 865 proseque-

258 898 318 937 re
371 890 602 936 matrem
666 889 815 936 tuam
863 882 1190 947 Ecclesiam,
1244 900 1365 953 qua:
1405 894 1458 940 te
1517 887 1570 939 in
1620 885 1824 956 Spiritu

258 987 448 1032 sancto
473 976 719 1040 laetavil,
752 984 806 1031 et
835 985 926 1030 tuo
979 977 1142 1046 capiti
1190 977 1257 1032 ad
1291 977 1386 1034 Dei
1420 995 1514 1049 per
1541 975 1822 1037 Chi-istum

254 1066 469 1120 laudem
521 1066 732 1136 imperii
763 1072 1256 1135 coronamineeum
1291 1071 1573 1139 imposuit.
1608 1071 1668 1128 Si
1683 1074 1824 1127 enim

257 1167 397 1220 quos
441 1165 634 1209 natura
671 1155 763 1208 libi
824 1156 974 1209 dedit
1034 1167 1287 1226 parentes
1332 1160 1501 1216 debes
1562 1163 1824 1229 revereri,

258 1244 432 1298 multo
459 1245 632 1313 magis
661 1260 754 1300 eos
819 1246 911 1314 qui
945 1253 999 1300 te
1029 1249 1083 1301 in
1140 1249 1333 1318 spiritu
1383 1249 1471 1305 Dei
1499 1264 1824 1322 genuerunt,
1862 1263 1868 1270 '

258 1335 406 1388 omni
435 1335 656 1405 pietatis
689 1337 863 1417 ofﬁcio
891 1339 1071 1410 colere
1100 1341 1267 1406 debes
1293 1360 1314 1408 ,ε
1343 1343 1435 1397 'illi
1487 1338 1631 1398 enim
1664 1345 1828 1399 dura-

259 1431 439 1478 turam
477 1426 545 1480 ad
602 1437 822 1498 tempus
845 1429 1010 1483 vitam
1073 1431 1258 1489 liberis
1294 1450 1389 1503 per
1417 1437 1826 1504 generationem

259 1514 687 1586 impertiuntur;
725 1520 812 1576 isti
863 1538 994 1577 vero
1033 1537 1291 1578 azternam
1335 1541 1431 1594 per
1457 1528 1831 1596 regeneratio~

259 1620 382 1660 nem
417 1607 742 1679 largiuntur.
785 1611 1004 1669 llonora
1039 1630 1169 1685 ergo
1204 1614 1526 1682 Ecclesiam,
1561 1625 1622 1672 ut
1652 1627 1706 1673 tu
1747 1619 1829 1672 vi-

1568 223 2072 286 PliOLEGOMEX
2081 227 2140 286 Ᾱ.

815 343 826 378 :
867 327 1030 383 sicuti
1075 329 1220 385 enim
1263 330 1498 400 pictores
1519 350 1811 402 corporum

1953 355 2068 390 :voo'.
2101 340 2305 402 είκὸνες
2332 341 2426 409 τῆς
2460 341 2565 395 τῶν
2595 343 2846 414 πατέρων
2904 345 3322 404 ἀναδείκνυσοαι
3373 356 3504 425 ἀρέ-

3369 224 3514 292 xxiv

1928 431 2043 497 τῆς.

2412 611 2548 678 Περὶ
2593 610 2765 680 τιμῆς
2804 613 3024 680 ἱερέων.

2001 693 2144 748 Σῶον
2175 696 2262 766 ἔχε
2294 698 2353 750 τὸ
2391 700 2642 770 φρόνημα
2674 700 2809 768 πρὸς
2844 701 2911 754 τὰ
2937 702 3195 772 ὀρθόὸοξα
3239 706 3507 778 δόγματα,

1929 789 2024 840 καὶ
2055 788 2189 858 τίμα
2219 789 2492 858 περισσῶς
2521 790 2618 860 τὴν
2660 791 2871 862 μητέρα
2899 809 2993 845 σου
3025 793 3122 864 τὴν
3157 796 3506 865 Ἐκκλησίαν,

1929 880 2053 949 ἣτις
2083 881 2141 931 ἐν
2177 880 2315 950 ἁγίῳ
2348 881 2624 951 Πνεύματί
2656 899 2714 934 σε
2740 882 3116 952 ἐτιθηνήσατο,
3143 889 3238 941 καὶ
3271 891 3365 943 σὺν
3385 894 3509 961 ἐμοὶ

1927 971 2016 1024 διὰ
2051 965 2290 1042 Χρίστοῦ
2322 975 2380 1025 ὲν
2415 971 2535 1042 Θεῷ
2578 976 2645 1043 τῇ
2667 1048 2672 1049 ν
2694 974 2901 1049 κεφαλῇ
2939 993 3034 1029 σου
3082 979 3144 1031 τὸ
3189 983 3382 1049 στέφος
3409 984 3505 1036 ἐπ-

1931 1062 2239 1131 έθηκεν.Ἐί
2285 1056 2565 1133 γὰρ’τοῦς
2617 1048 2912 1133 σαρκικοῦς
2942 1071 3121 1133 γονεῖς
3162 1048 3395 1137 ὀφείλεις
3425 1074 3509 1124 al-

1928 1153 2136 1205 δεῖσθαι
2185 1154 2276 1206 καὶ
2319 1155 2505 1224 τιμᾷν,
2537 1154 2716 1224 πολλῷ
2764 1155 2925 1208 πλέον
2964 1158 3089 1221 τοὺς
3135 1162 3192 1212 ὲν
3240 1163 3512 1231 πνεύματι

1930 1243 2064 1297 Θεοῦ
2116 1261 2174 1297 σε
2221 1245 2620 1314 γεγεννηκότας
2665 1247 2994 1322 ὑπερτιμ-ᾷν.
3015 1251 3242 1304 Ἐκεῖνοι
3276 1252 3373 1321 μὲν
3405 1254 3512 1322 γὰρ

1933 1332 2268 1405 πρόσκαιρον
2303 1331 2399 1406 τὴν
2425 1327 2570 1406 ζωὴν
2604 1323 2721 1400 ’τοῖς
2750 1337 2960 1400 τέκνοις
2991 1340 3305 1410 χαρίζονται
3324 1358 3338 1372 ο
3367 1337 3510 1398 οὗτοι

1894 1445 1896 1447 δ
1930 1425 1986 1477 δὲ
2016 1425 2115 1496 τὴν
2143 1425 2360 1478 αἰώνιον
2413 1426 2557 1496 ζωὴν
2581 1426 2670 1479 διὰ
2714 1428 2811 1497 τῆς
2855 1429 3268 1500 ἀναγεννὴσεως
3315 1432 3510 1501 προξε-

1933 1517 2101 1571 νοῦσι.
2122 1518 2362 1588 Τίμησον
2385 1514 2477 1571 οῦν
2506 1519 2967 1590 τὴνἙκκλησίαν,
2994 1520 3080 1574 ἵνα
3103 1524 3341 1592 τιμηοῇς
3363 1525 3516 1595 παρὰ

1931 1609 2024 1662 τοῦ
2054 1610 2211 1672 Θεοῦ,
2246 1611 2340 1663 καὶ
2367 1611 2492 1672 τοὺς
2523 1611 2688 1681 ίερεῖς
2730 1612 2880 1665 αἰδοῦ
2907 1653 2920 1676 ,
2959 1611 3047 1666 οἷα
3079 1615 3319 1684 πατέρας
3351 1633 3515 1667 πνευ-

266 1699 459 1756 cissim
517 1717 548 1756 a
583 1703 694 1773 Deo
740 1705 793 1760 in
848 1707 1054 1762 honore
1086 1701 1358 1773 habeai-e;
1397 1695 1456 1762 et
1512 1710 1830 1763 sacerdotes

1953 1700 2204 1762 ιατικοὺς
2224 1739 2239 1763 ,
2267 1701 2359 1753 καὶ
2394 1700 2620 1770 μεσίτας
2651 1703 2806 1772 ἡμῶν
2839 1703 2977 1774 πρὸς
3017 1704 3106 1757 τὸν
3139 1703 3290 1756 Θεὸν.
3311 1705 3374 1756 Ἡ
3405 1705 3516 1774 γὰρ

258 1793 380 1862 ejus
409 1810 658 1853 reverere
681 1807 936 1868 tanquam
966 1800 1282 1869 spirituales
1317 1811 1519 1870 patres,
1550 1809 1603 1856 et
1630 1800 1826 1876 deprc-

1953 1793 2043 1845 τῶν
2072 1793 2261 1872 ἱερέων
2287 1792 2420 1863 τιμὴ
2449 1794 2528 1856 είς
2550 1793 2680 1846 Θεὸν
2709 1794 3282 1866 ἀναφέρεται.”Ωσπερ
3300 1795 3406 1864 γὰρ
3427 1795 3513 1848 διὰ

259 1891 478 1940 calores
533 1903 633 1957 pro
693 1889 856 1945 nobis
910 1891 1052 1958 apud
1110 1888 1300 1942 Deum.
1354 1885 1711 1946 llonorenlm
1736 1889 1828 1956 qui

1953 1880 1992 1934 τὲ
2013 1882 2145 1941 toi);
2160 1881 2286 1944 σοὺς
2317 1881 2594 1951 ὑπηρέτας
2608 1882 2869 1951 τιμᾶσθαι
2900 1883 3120 1946 δίκαιον,
3147 1884 3285 1937 οὕτω
3306 1883 3398 1936 καὶ
3422 1883 3509 1936 διὰ

260 1976 641 2035 sacerdotibus
679 1980 912 2035 habetur
961 1981 1028 2034 ad
1076 1981 1242 2036 Deum
1307 1981 1586 2036 refertur:
1618 1987 1672 2035 et
1714 1979 1826 2034 sic-

1953 1973 2063 2025 9εδν
2092 1973 2216 2038 τοὺς
2250 1972 2414 2025 αὐτοῦ
2453 1974 2621 2042 ίερείς
2650 1975 2834 2044 τιμᾷν,
2870 1975 3016 2028 ὅσιόν
3038 1976 3088 2028 τί
3283 1977 3387 2027 Καὶ
3411 1974 3510 2026 ὣσ-

260 2077 317 2118 ιιι
366 2078 588 2138 propter
616 2078 714 2134 κιο,
745 2070 1051 2126 ministros
1080 2068 1204 2126 tuos
1256 2071 1309 2125 in
1352 2062 1576 2125 honore
1626 2071 1830 2126 habere

1953 2085 1996 2120 τε
2007 2055 2082 2137 pi]
2104 2067 2183 2131 εἰς
2199 2057 2393 2128 αὐτοὺς
2408 2055 2540 2137 τι
2555 2067 2647 2119 ἐπὶ
2679 2066 2771 2118 τὸν
2797 2066 2930 2119 Θεὸν
2945 2065 3240 2129 ἀναϐαίνει,
3261 2065 3402 2117 οῦτω
3422 2077 3514 2127 xu),

254 2151 466 2230 justam
524 2168 630 2228 est,
681 2162 752 2215 ita
801 2169 853 2215 et
886 2169 1107 2230 propter
1153 2159 1323 2214 Deum
1367 2161 1677 2217 sacerdotes
1704 2162 1826 2231 ejus

1953 2180 1959 2231 ι
1991 2160 2070 2222 εἰς
2093 2157 2288 2220 αὐτοὺς
2320 2157 2511 2227 ἀτιμία
2528 2157 2705 2227 πολλῷ
2725 2158 2886 2211 πλέον
2912 2157 3001 2210 τὸν
3027 2157 3157 2210 Θεὸν
3175 2155 3514 2227 παροργίζει.

259 2251 439 2307 colere
469 2259 636 2322 atque
694 2253 988 2308 observare
1042 2253 1134 2322 jus
1198 2252 1390 2322 fasque
1435 2260 1538 2308 cst.
1597 2251 2070 2318 Quemadmodum
2133 2259 2315 2305 autem
2384 2251 2564 2304 honor
2629 2251 2720 2319 qui
2777 2251 2859 2304 eis
2909 2249 3147 2304 habetur
3200 2250 3268 2302 ad
3330 2251 3496 2302 ticum

259 2343 514 2413 pertinet,
575 2344 914 2412 itaeorunt.
957 2345 1289 2399 contumelia
1354 2352 1408 2398 et
1469 2355 1815 2412 contemptus
1866 2346 2026 2416 longe
2078 2345 2242 2400 etiam
2303 2344 2522 2414 gravius
2563 2343 2683 2414 ejus
2713 2345 2846 2398 iram
2884 2353 3164 2413 provocat.

519 2436 598 2490 De
629 2452 876 2504 supremo
900 2437 1110 2506 judicio
1150 2447 1198 2491 et
1233 2439 1594 2493 retributione.
1814 2470 1822 2499 τ

333 2527 662 2582 Persuasum
740 2526 880 2581 habe
940 2510 1283 2596 corruptioni
1344 2517 1640 2582 obnoxium
1702 2544 1830 2584 esse

262 2617 548 2682 mundum,
585 2617 788 2686 quippe
824 2616 916 2687 qni
945 2625 1127 2670 ortum
1169 2617 1398 2681 habuit;
1427 2617 1521 2672 sed
1556 2628 1678 2688 post
1710 2634 1833 2674 cor-

263 2711 573 2780 ruptionem
634 2724 828 2765 rursus
891 2709 960 2764 ad
1031 2709 1409 2778 incorruptam
1460 2709 1828 2780 integritatem

261 2816 384 2855 esse
413 2814 756 2854 reversurum
784 2815 799 2865 ;
855 2799 992 2854 nihil
1023 2800 1208 2855 "enim
1277 2816 1466 2856 eorum
1497 2817 1619 2871 quae
1658 2817 1687 2855 a
1721 2801 1832 2858 Deo

262 2885 444 2946 creata
494 2895 622 2946 sunt
667 2891 722 2945 in
774 2891 1004 2947 nihilum
1058 2885 1331 2962 unquam'
1373 2893 1563 2960 abibit,
1621 2893 1838 2950 etiamsi

266 2984 475 3052 peccati
509 2986 694 3055 lapsus
719 2993 772 3039 et
802 2977 901 3039 nos
931 2993 984 3040 et
1007 3002 1221 3041 onmem
1261 2987 1425 3042 simul
1453 2982 1693 3042 creatam
1727 2973 1833 3044 na-I

267 3083 447 3128 turam
491 3074 712 3128 mortali
750 3074 1102 3130 dissolutioni
1157 3076 1513 3145 adjudieavit.
1547 3074 1621 3129 Ea
1655 3085 1839 3131 autem

2005 2499 2008 2501 ς
2175 2439 2314 2506 Περὶ
2355 2439 2606 2506 κρίσεως
2643 2439 2741 2492 καί
2781 2437 3265 2503 ἁνταποδόσεως.

2009 2527 2146 2580 Ἱσθι
2175 2527 2452 2580 πιστεύειν
2486 2528 2576 2581 τὶν
2604 2529 2806 2596 κόσμον
2851 2523 2990 2579 εἶναι
3035 2527 3293 2597 φθαρτὸν,
3326 2523 3516 2592 ἐπειδὴ

1935 2622 2030 2675 καὶ
2060 2622 2249 2690 γέγονε
2271 2637 2284 2652 ·
2327 2621 2464 2690 μετὰ
2493 2621 2549 2674 δὲ
2574 2620 2671 2690 τὴν
2703 2619 2931 2690 φθορὰν,
2961 2621 3040 2682 είς
3071 2621 3382 2689 ἀφθαρσίαν
3415 2617 3519 2671 πά-

1935 2713 2017 2766 λιν
2049 2714 2530 2782 μεταποιούμενον.
2565 2712 2730 2765 Οὐδὲν
2759 2711 2867 2782 γὰρ
2914 2711 3022 2763 τῶν
3073 2711 3224 2781 παρὰ
3253 2710 3388 2762 Θεοῦ
3418 2727 3516 2778 γε-

1945 2807 2181 2874 γονότων
2213 2809 2294 2868 είς
2326 2805 2386 2858 τὸ
2421 2803 2495 2875 μὴ
2526 2804 2585 2856 ὃν
2615 2804 2876 2875 χωρήσει,
2907 2803 3011 2856 κᾶν
3037 2804 3096 2855 τὸ
3127 2804 3225 2872 τῆς
3249 2802 3521 2872 ἁμαρτίας

1947 2897 2297 2972 παράπτωμα
2351 2901 2467 2969 ἅμα
2495 2901 2626 2970 ἡμῖν
2657 2899 2751 2952 καὶ
2782 2900 2961 2952 πᾶσαν
2991 2896 3089 2968 τὴν
3115 2897 3291 2950 κτίσιν
3321 2898 3383 2965 τῇ
3411 2894 3523 2947 δια-

1945 2993 2096 3046 λύσει
2129 2989 2931 3060 συγκατεδίκασεν.ἈφΘαρτον
2964 2988 3020 3042 δὲ
3053 2989 3154 3058 τὴν
3196 2986 3374 3040 κτίσιν
3419 2985 3525 3037 πά-

1946 3083 2049 3148 λιν,
2082 3084 2248 3154 ἤγουν
2299 3081 2390 3134 τὸν
2424 3077 2665 3150 κόσμον,
2695 3077 3150 3148 ἀπεκδεχόμενος,
3178 3077 3271 3129 καὶ
3317 3074 3524 3143 νεκρῶν

266 3158 480 3221 ratione
538 3167 1013 3237 incorruptibilem
1059 3183 1182 3223 esse
1236 3170 1498 3224 mundum
1546 3169 1842 3224 admittens

1953 3176 2244 3230 ἀνάστασιν
2271 3171 2543 3243 ὁμολόγει,
2572 3171 2664 3224 καὶ
2706 3154 2887 3240 κρίσιν
2933 3168 3148 3222 δικαίαν
3175 3168 3283 3220 τῶν
3311 3167 3525 3234 ἑκάστῳ

267 3257 530 3314 confitere
553 3259 717 3314 etiam
749 3268 998 3314 mortuos
1023 3260 1093 3314 ab
1118 3259 1311 3316 inferis
1340 3261 1665 3316 excitandos
1693 3276 1840 3324 esse,

266 3359 320 3404 et
351 3347 553 3422 jn’sta'm‘
583 3343 1250 3423 exspeetajndieationem
1275 3354 1528 3407 omnium
1547 3369 1670 3424 qua:
1694 3352 1843 3421 quis-

267 3459 374 3513 que
435 3446 489 3498 in
541 3445 652 3498 vita
693 3460 794 3498 sua
833 3432 1078 3514 gesserit
1112 3461 1125 3498 :
1156 3445 1291 3498 nihil
1328 3445 1471 3499 enim
1502 3445 1626 3506 mali
1665 3445 1844 3514 impu-

271 3536 448 3590 nitum
483 3534 727 3590 divinam
771 3535 1042 3606 justitiam
1088 3536 1333 3607 effugiet,
1370 3535 1508 3590 nihil
1559 3536 1689 3591 horti
1735 3551 1844 3590 non

271 3642 375 3682 suo
401 3627 626 3694 prmnio
655 3629 982 3682 coronatum
1033 3627 1243 3682 latebit.
1281 3625 1373 3680 Sic
1423 3626 1571 3680 enim
1606 3634 1847 3682 statuere

272 3716 413 3788 apud
443 3725 495 3768 te
523 3717 713 3778 debes.
735 3734 910 3786 neque
934 3718 1224 3773 interitura
1254 3733 1377 3774 esse
1403 3733 1644 3787 unquam
1673 3717 1848 3772 bono-

274 3822 394 3859 rum
427 3805 642 3867 merita;
671 3821 845 3874 neque
866 3807 1133 3859 malorum
1188 3809 1453 3876 supplicia
1497 3810 1655 3869 finem
1692 3808 1850 3862 habi-

276 3907 420 3957 tura,
447 3894 723 3962 quoniam
747 3881 980 3961 utraque
1002 3886 1265 3963 perpetuo
1311 3895 1575 3948 duratura
1605 3903 1756 3962 sunt,
1797 3904 1850 3949 et

275 3987 527 4043 neutrius
563 3984 688 4039 linis
719 3985 865 4037 ullus
902 3983 1120 4037 futurus
1144 3993 1247 4037 est.
1843 3985 1848 3992 ‘

707 4115 714 4124 .
786 4074 908 4129 vDe
929 4059 1278 4145 eleemosyna.

349 4168 602 4223 Limitem
648 4167 810 4222 etiam
855 4166 1046 4221 mortis
1073 4183 1217 4237 saepe
1253 4174 1434 4222 movet
1475 4167 1848 4238 eleemosyna,

279 4262 442 4318 sicuti
462 4260 623 4331 vulgo
650 4260 860 4324 fertur;
903 4259 1012 4312 vita
1045 4259 1189 4313 enim
1225 4265 1405 4329 potest
1446 4260 1552 4314 emi
1594 4259 1850 4329 pecunia,

279 4370 405 4412 cum
459 4360 681 4424 propter
719 4353 885 4407 vitam
931 4351 1274 4422 salutemque
1328 4360 1572 4408 nostram
1621 4351 1764 4406 Deus
1795 4367 1854 4408 se

281 4446 605 4503 muneribus
640 4445 780 4500 flecti
811 4445 1070 4516 patiatur.
1100 4444 1330 4501 Divitias
1359 4460 1488 4516 ergo
1521 4445 1849 4511 eaducasin

282 4548 428 4594 terra
463 4530 848 4610 'profundens,
905 4538 1242 4592 immortales
1300 4539 1397 4592 tibi
1453 4552 1747 4594 coacervas
1797 4539 1852 4591 in

281 4631 425 4686 creto
451 4669 466 4694 ,
508 4638 566 4684 ut
603 4628 768 4685 etiam
825 4641 948 4698 qua:
987 4627 1312 4698 isthiesunt
1344 4627 1487 4682 bona
1515 4627 1852 4696 assequaris.

286 4720 579 4775 Enimvero
646 4735 838 4790 reapse
915 4719 1280 4774 inexhaustus
1339 4729 1424 4777 est
1481 4720 1856 4777 beneficentia:

285 4814 580 4867 thesaurus
601 4828 615 4876 ;
640 4813 769 4865 dum
795 4811 942 4866 enim
963 4811 1297 4883 dispergitur
1323 4813 1619 4882 colligitur,
1650 4813 1853 4868 etdum

285 4905 522 4960 donatur
550 4903 815 4971 recipitur
842 4919 858 4957 :
891 4919 1070 4972 neque
1098 4904 1273 4957 solum
1298 4919 1392 4958 eos
1427 4904 1519 4975 qui
1553 4905 1704 4959 illum
1731 4919 1857 4974 pos-

287 4995 467 5052 sident
487 4993 684 5048 divites
716 4993 803 5046 hic
834 4994 1020 5062 cllicit,
1057 4996 1150 5051 sed
1181 4995 1291 5050 illic
1313 4997 1476 5052 etiam
1516 4996 1726 5053 beatos.

680 5173 755 5227 De
783 5173 1061 5244 diligentia
1089 5184 1138 5230 et
1173 5175 1467 5246 vigilantia.

360 5266 417 5320 In
443 5271 624 5319 mente
649 5277 864 5332 semper
884 5265 1078 5319 habeto
1103 5277 1387 5336 parentum
1412 5278 1627 5322 tuorum
1657 5281 1854 5332 mores,

292 5369 348 5416 ct
380 5358 448 5413 ad
498 5369 686 5410 eorum
714 5354 1020 5422 exemplum
1061 5357 1224 5412 vitam
1258 5367 1402 5414 tuam
1439 5359 1682 5414 studiose
1710 5374 1860 5413 com-

297 5453 523 5524 ponito;
551 5460 728 5514 neque
761 5443 906 5498 enim
935 5447 1232 5502 oscitanter
1261 5466 1360 5504 nos
1389 5462 1484 5504 aut
1520 5451 1784 5521 ignaviter
1806 5452 1857 5505 in

294 5542 463 5600 rebus
501 5533 755 5608 gerendis
795 5551 1113 5602 versamur;
1163 5539 1254 5594 scd
1290 5552 1348 5592 ut
1377 5543 1480 5593 vita
1508 5552 1693 5596 nostra
1716 5543 1862 5596 velut

293 5633 514 5694 virtutis
537 5632 714 5702 imago
739 5628 836 5684 tibi
871 5640 1206 5702 proponatur
1231 5633 1421 5688 sedulo
1447 5634 1678 5704 agimus,
1727 5637 1865 5691 iner-

1948 3263 2296 3336 βεϐιωμένων
2324 3262 2583 3332 ἀνάμενε.
2614 3261 2780 3314 Οὐδὲν
2825 3258 2933 3331 γὰρ
2983 3257 3154 3311 κακὸν
3182 3257 3525 3328 ἀτιμώρητον

1945 3359 2044 3430 τὴν
2074 3357 2222 3412 Θείαν
2255 3355 2605 3425 διαφεύξεται.
2634 3353 2791 3425 δίκην
2812 3394 2826 3417 ,
2851 3352 2970 3406 οὐδέ
3003 3369 3066 3421 γε
3099 3351 3259 3404 καλὸν
3288 3350 3526 3418 ἀστεφά-

1947 3443 2114 3504 νωτον
2141 3440 2390 3519 διαλάθῃ.
2442 3448 2598 3517 Μήτε
2628 3447 2735 3516 γὰρ
2765 3445 2833 3498 τὰ
2864 3445 2973 3498 τῶν
3013 3443 3235 3512 ἀγαθῶν
3267 3443 3406 3513 γέρα
3436 3441 3528 3494 λο·

1947 3536 2098 3610 γίζου
2148 3539 2336 3610 ονητὰ,
2375 3539 2512 3610 μήτε
2560 3537 2666 3608 μὴν
2716 3535 2815 3598 τὰς
2863 3535 2968 3589 τῶν
3017 3534 3235 3604 φαύλων
3280 3531 3528 3595 κολάσεις

1947 3633 2098 3695 τέλος
2146 3629 2391 3696 δέξεσθαί
2439 3627 2945 3698 ποτε..Ἀμφότερα
2995 3626 3099 3694 γὰρ
3144 3624 3366 3677 αἰωνίαν
3417 3621 3527 3690 ἔχει

1949 3725 2046 3796 τὴν
2082 3723 2363 3796 διαμονὴν,
2392 3721 2487 3776 καὶ
2526 3721 2582 3774 ὲν
2619 3717 2946 3790 ἀμφοτέροις
2972 3717 3124 3772 ἔσται
3145 3717 3213 3803 ,τὸ
3234 3709 3526 3784 ἀτελεύτη-

1951 3833 2065 3869 τον.

2431 4077 2569 4144 Περὶ
2609 4075 3046 4144 ἐλεημοσύνης.

2025 4169 2154 4222 Λύει
2195 4170 2287 4222 καὶ
2335 4168 2482 4244 ὅρον⁴
2509 4163 2738 4222 θανάτου
2787 4169 2818 4238 ή
2871 4164 3203 4236 ἐλεημοσύνη
3250 4161 3528 4225 πολλάκις,

1957 4263 2096 4313 κατὰ
2125 4261 2183 4313 τὸ
2212 4260 2419 4329 φάσκον
2465 4248 2646 4332 ῥητόν.
2699 4261 2806 4313 Καὶ
2837 4259 3131 4329 χρημάτων
3159 4256 3288 4325 γὰρ,
3318 4254 3394 4317 ὡς
3423 4254 3531 4306 ἐοι-

1957 4370 2073 4419 κεν,
2110 4353 2257 4406 ἐστὶν
2281 4352 2464 4424 ὠνητὴ
2493 4355 2525 4423 ἡ
2557 4351 2689 4421 ζωὴ,
2721 4349 2922 4404 ὁπόταν
2948 4351 2976 4402 ὁ
2999 4348 3130 4411 Θεὸς
3158 4345 3246 4400 διὰ
3273 4344 3372 4414 τὴν
3397 4345 3534 4412 ἡμε-

1958 4445 2119 4516 τέραν
2169 4443 2312 4515 ζωὴν
2347 4445 2442 4498 καὶ
2479 4443 2751 4514 σωτηρίαν
2795 4441 3147 4512 δωρολήπτης
3297 4434 3535 4488 Πλοῦτον

1959 4538 2053 4592 οῦν
2105 4537 2413 4606 σκορπίζων
2462 4536 2654 4605 θνητὸν
2702 4534 2795 4588 ἐπὶ
2847 4535 2969 4602 γῆς.
3002 4531 3231 4585 πλοῦτον
3280 4528 3532 4593 συνάγεις

1961 4629 2224 4684 ἀθάνατον
2265 4627 2321 4679 ὲν
2355 4626 2588 4698 οὐρανῷ,
2619 4627 2714 4680 καὶ
2741 4622 3164 4695 προσπορίζεταί
3213 4636 3294 4672 σοι
3327 4617 3422 4670 καὶ
3465 4614 3533 4667 τὰ

1962 4719 2193 4774 ἐνταῦθα
2220 4717 2419 4787 ἀγαθά.
2455 4719 2566 4772 Καὶ
2613 4717 2722 4788 γὰρ
2768 4716 2983 4787 ἀληθῶς
3027 4710 3368 4780 ἀδαπάνητός
3415 4711 3534 4760 ἔστι

1960 4812 2056 4882 τῆς
2083 4811 2327 4874 εὐποιίας
2357 4811 2386 4863 ὁ
2417 4808 2646 4872 πλοῦτος
2664 4825 2677 4839 ·
2718 4807 3144 4878 σκορπιζόμενος
3167 4804 3274 4874 γὰρ
3304 4800 3538 4867 συνάγεο

1963 4921 2072 4968 ται,
2103 4904 2196 4957 καὶ
2227 4903 2500 4973 διδόμενος
2529 4901 2692 4956 πάλιν
2720 4900 3057 4972 λαμϐάνεται
3078 4915 3091 4928 ·
3132 4897 3226 4951 καὶ
3271 4896 3332 4948 οῦ
3381 4893 3540 4964 μόνον

1964 4995 2209 5048 ἐντεῦθεν
2259 4994 2384 5057 τοὺς
2427 4994 2794 5064 κεκτημένους
2835 4991 2997 5046 αὐτὸν
3042 4989 3330 5052 πλουσίους
3376 4986 3537 5049 ποιεῖ,

1963 5085 2097 5138 ἀλλὰ
2128 5085 2378 5139 κάκεῖθεν
2408 5085 2782 5156 μακαριστοὺς
2809 5083 3180 5137 ἀποδείκνυσι.

2193 5178 2333 5244 Περὶ
2370 5177 2713 5245 ἐπιμελείας
2749 5176 2847 5230 καὶ
2884 5176 3313 5246 ἐγρηγόρσεως.

2039 5268 2168 5336 Ἔχε
2199 5265 2340 5318 κατὰ
2368 5266 2492 5318 νοῦν
2529 5267 2656 5326 τοὺς
2687 5264 2936 5331 γονικούς
2968 5280 3061 5316 σου
3097 5263 3332 5334 τρόπους
3359 5260 3539 5328 διηνε-

1967 5358 2098 5423 κῶς,
2127 5358 2219 5410 καὶ
2249 5357 2461 5419 τούτοις
2491 5356 2583 5408 τὸν
2632 5356 2722 5408 σὺν
2754 5356 2869 5425 βίον
2914 5353 3191 5422 ἐπιμελῶς
3221 5349 3541 5419 κατάρτιξε.

1970 5450 2102 5504 Οὐδὲ
2145 5448 2254 5520 γὰρ
2287 5446 2564 5516 ὀλιγώρως
2593 5449 2750 5518 ἡμεῖς
2770 5491 2783 5512 ,
2817 5449 2933 5501 οὐδὲ
2967 5446 3226 5518 ῥᾳθύμως
3258 5444 3387 5514 περὶ
3419 5441 3545 5502 τοὺς

1972 5541 2184 5609 ἀγῶνας
2235 5537 2608 5607 διατελοῦμεν,
2636 5539 2768 5594 ἀλλὰ
2809 5540 2910 5604 τῆς
2963 5539 3164 5610 ἀρετῆς
3208 5535 3416 5596 εἰκόνες
3461 5547 3548 5584 σοι

1976 5631 2292 5707 προκεῖσθαι
2343 5630 2779 5703 φιλονεικοῦμεν·
2810 5630 3069 5701 ἐπίψογον
3115 5627 3214 5698 μὲν
3255 5625 3346 5679 τὸν
3390 5623 3550 5677 ὄκνον
