3992 6204
375 292 505 331 XXX!

1681 271 2267 335 PROLEGOMENA.

3477 290 3638 331 κικιι

371 394 615 465 ergolux
655 398 745 445 tua
777 389 1063 461 Splendida
1095 398 1149 444 et
1196 389 1342 445 clara
1385 390 1438 443 in
1476 389 1651 443 oculis
1688 397 1944 452 tuorum;

2065 390 2363 460 ὐπξχεῖρα,
2401 390 2494 443 καὶ
2525 390 2704 462 ἀγαθὴ
2735 391 2894 461 γενοῦ
2926 394 3036 457 τοῖς
3070 393 3331 465 ὑπηκόοις
3357 395 3541 451 είκὼν.
3574 399 3643 452 ΕΞ

371 498 426 542 et
452 496 570 542 esto
606 485 848 556 perfecta
881 486 1059 554 imago
1091 484 1312 538 virtutis
1345 484 1424 539 eis
1473 483 1563 553 qui
1602 481 1705 537 sub
1737 490 1829 535 tua
1858 481 1942 533 di-

373 582 519 634 tione
552 578 777 643 vivunt;
807 576 912 630 nisi
943 576 1085 629 enim
1120 574 1440 644 pudicitiam
1466 573 1583 643 ipse
1614 573 1942 635 servaveris,

380 685 488 740 qua
526 670 705 724 fronte
732 684 850 736 eos,
876 668 967 738 qui
994 674 1101 721 tua:
1141 656 1503 721 dominationi
1541 663 1775 733 subjeCti
1815 669 1946 717 sunt

374 763 439 815 ad
498 778 617 816 eam
657 762 983 816 servandam
1035 755 1457 814 cohortaberis?
1497 755 1631 809 Nam
1684 771 1807 826 qua:
1865 755 1947 808 fa-

373 857 607 909 cientem
637 865 688 909 te
717 854 977 917 viderint,
1008 853 1074 906 ad
1101 849 1290 906 eadem
1321 863 1542 918 quoque
1578 846 1827 902 facienda
1857 846 1943 900 in-

373 949 729 1002 citabuntur:
784 948 962 1002 solent
1018 945 1159 999 enim
1204 942 1271 996 ad
1306 941 1617 1010 exemplum
1672 939 1945 1011 principis

374 1034 576 1093 mutari
607 1040 863 1109 subjecti.
903 1028 1210 1105 Sicutergo
1248 1032 1353 1088 nisi
1420 1034 1476 1087 in
1504 1032 1756 1087 animum
1782 1031 1947 1086 indu-

374 1132 520 1185 xeris
544 1139 691 1185 recte
719 1132 880 1183 vitam
907 1128 1214 1191 instituere,
1234 1127 1416 1195 gravis
1444 1126 1759 1181 detrimenti
1778 1139 1945 1179 causa

374 1223 641 1290 subjectis
673 1221 785 1275 eris
814 1241 828 1275 :
870 1220 943 1273 ita
982 1221 1027 1274 si
1082 1219 1402 1288 pudicitiam
1437 1232 1561 1273 eum
1593 1217 1808 1271 caeteris
1831 1218 1945 1270 vir-

375 1311 583 1364 Iutihus
647 1310 912 1374 colueris,
956 1302 1151 1363 salutis
1188 1308 1397 1362 'au’ctor'
1452 1308 1710 1363 universo
1745 1307 1947 1377 populo

374 1400 504 1465 eris,
542 1408 593 1453 et
631 1400 755 1453 inde
787 1415 904 1453 eam
934 1397 1239 1453 mercedem
1282 1397 1511 1463 referes,
1546 1392 1605 1452 nt
1629 1398 1945 1453 no'n'solum

373 1500 425 1545 te
462 1490 570 1543 Deo
619 1491 867 1559 dignum,
930 1489 1026 1543 sed
1058 1505 1154 1544 eos
1186 1490 1353 1543 etiam
1400 1490 1490 1560 qui
1535 1489 1632 1544 tibi
1684 1489 1950 1546 obediuut

371 1584 697 1654 praestitisse
742 1582 1031 1652 judieeris.
1218 1590 1221 1594 ‘
1348 1590 1351 1595 '

703 1687 707 1691 '
767 1666 1087 1743 De’pietale
1132 1692 1255 1744 erga
1287 1684 1553 1743 parentes.

442 1768 713 1823 Coronam
752 1782 779 1819 a
820 1768 927 1822 Deo
949 1768 1130 1822 datam
1161 1766 1227 1821 de
1272 1782 1443 1820 manu
1484 1764 1601 1820 mea
1629 1766 1943 1835 suscepisti.

376 1861 560 1915 Redde
592 1844 722 1931 ergo
767 1860 1020 1914 donatori
1076 1874 1277 1913 munus
1327 1874 1393 1913 co
1432 1859 1677 1929 dignum.
1726 1857 1943 1912 Honora

376 1953 543 2007 Deum
590 1953 681 2021 qui
719 1960 771 2005 te
822 1950 1109 2005 honoravit
1159 1965 1253 2014 per
1288 1950 1550 2005 honorem
1582 1965 1741 2018 quem
1801 1949 1945 2019 patri

374 2053 470 2098 tuo
497 2044 742 2098 deferes:
806 2058 893 2097 me
925 2052 1105 2097 autem
1144 2042 1443 2097 lionorabis
1483 2057 1590 2111 non
1620 2042 1811 2097 eodem
1855 2036 1947 2112 pe-

374 2137 527 2190 nitus
553 2136 713 2188 modo
742 2149 851 2203 quo
902 2133 1131 2203 subjecti
1168 2133 1394 2195 faciunt,
1425 2148 1618 2203 nempe
1646 2144 1739 2188 aut
1765 2150 1945 2204 genu-

374 2224 599 2279 ﬂectens
643 2234 739 2278 aut
784 2225 927 2279 latus
978 2239 1158 2278 meum
1198 2224 1434 2292 stipans,
1477 2232 1572 2278 aut
1620 2214 1751 2278 mihi
1810 2225 1950 2280 bene

382 2330 653 2385 precaus:
694 2315 795 2385 ista
821 2314 966 2369 enim
1020 2314 1268 2385 principe
1300 2316 1418 2367 viro
1452 2329 1558 2368 non
1622 2315 1759 2369 satis
1783 2315 1946 2384 digna

374 2413 536 2470 sunt;
581 2404 675 2459 sed
714 2403 897 2473 potius
949 2403 1211 2457 virtutem
1260 2402 1469 2465 colens,
1525 2391 1945 2474 temperantiam

374 2510 634 2565 sequens,
673 2509 855 2549 mores
892 2503 1018 2547 tuos
1076 2507 1373 2553 exornans.
1431 2493 1738 2548 litterarum
1768 2495 1950 2549 studia

375 2601 701 2656 capessens,
732 2586 935 2655 quibus
956 2584 1125 2639 animi
1146 2585 1411 2654 juvenum
1455 2587 1630 2641 excoli
1669 2587 1869 2653 solent,
1900 2596 1954 2642 ct

376 2685 437 2730 ut
470 2676 524 2729 in
559 2691 774 2729 summa
806 2675 983 2743 dicam
1014 2677 1088 2731 ita
1130 2684 1183 2731 te
1228 2668 1579 2746 comparans,
1625 2689 1683 2734 ut
1717 2686 1955 2732 terreno

378 2769 484 2824 hoc
503 2768 733 2838 imperio
757 2767 954 2838 dignus
979 2768 1236 2832 habeare,
1263 2784 1325 2822 ac
1356 2770 1621 2823 caelorum
1643 2771 1786 2840 regis
1814 2771 1949 2823 ima-

379 2862 557 2930 ginem
595 2867 981 2930 repraesentes.
1034 2863 1084 2917 ls
1125 2864 1271 2915 enim
1315 2861 1467 2916 solus
1498 2862 1695 2916 merito
1733 2863 1952 2917 vocabi-

379 2964 471 3007 tur
502 2954 681 3022 imago
719 2951 808 3007 Dei
838 2968 867 3008 a
899 2969 1009 3023 quo
1042 2953 1096 3007 in
1139 2955 1292 3023 regni
1328 2953 1470 3007 solio
1513 2954 1819 3009 collocatus
1843 2964 1953 3018 est,

2048 482 2157 551 γὰρ
2190 484 2351 545 αὐτὸς
2376 484 2473 554 τὴν
2504 484 2725 550 ἁγνείαν
2772 484 2831 537 οὐ
2862 486 3147 555 τηρήσεις,
3186 488 3325 556 ποίῳ
3356 490 3643 559 προσώπῳ

2048 572 2174 632 τοὺς
2206 572 2311 625 ὑπὸ
2342 572 2399 625 σὲ
2429 574 2632 645 ταύτην
2662 575 2804 645 ἔχειν
2833 576 3212 648 νουθετήσειςς
3246 581 3313 630 "A
3338 581 3447 651 γὰρ
3479 582 3545 635 ἀν
3576 600 3641 635 σε

2049 662 2358 731 πράττοντα
2386 665 2653 743 θεωρῶσι,
2676 668 2743 720 τὰ
2766 668 2907 721 αὐτὰ
2927 670 3020 722 καὶ
3049 670 3201 723 αὐτοὶ
3226 672 3489 742 πράττειν
3512 692 3643 728 συν-

2048 753 2328 823 ενεχθῶσι⁹
2355 756 2566 826 πέφυκε
2590 760 2697 827 γάρ
2731 777 2848 823 πως
2873 762 2990 823 ταῖς
3020 761 3215 831 ἀρχαῖς
3244 765 3639 833 συμμεταϐάλ-

2048 846 2237 901 λεσθαι
2280 850 2341 901 τὸ
2388 849 2873 920 ὑπήκοον.”Ωσπερ
2921 847 3013 904 οὖν
3036 891 3051 915 ,
3079 856 3127 905 εί
3161 854 3235 923 μὴ
3271 855 3451 919 καλῶς
3485 856 3643 926 βιοῦν

2052 945 2313 1013 προαιρῇ,
2344 943 2444 1012 τῆς
2472 943 2579 996 τῶν
2607 944 2861 1015 ὑπηκόων
2892 940 3095 1015 βλάϐης
3122 948 3295 1010 αἴτιος
3351 948 3638 1020 ὑπάρξεις,

2051 1033 2194 1088 οὕτω
2217 1036 2315 1105 τὴν
2344 1036 2566 1104 ἁγνείαν
2592 1038 2729 1105 μετὰ
2754 1037 2863 1089 τῶν
2884 1037 3087 1092 λοιπῶν
3120 1039 3334 1108 ἀρετῶν
3361 1040 3636 1107 ὲξασκῶν,

2053 1126 2310 1193 πρόξενος
2334 1126 2426 1180 τοῦ
2456 1126 2585 1181 λαοῦ
2611 1145 2711 1203 ’σου
2741 1129 2938 1192 παντὸς
2973 1129 3072 1199 τῆς
3103 1131 3377 1201 σωτηρίας
3405 1133 3637 1206 γενήσῃ,

2052 1219 2147 1270 καὶ
2179 1219 2351 1287 μέγαν
2386 1219 2597 1289 σεαυτῷ
2639 1222 2729 1274 τὸν
2775 1222 2962 1289 μισθὸν
2998 1221 3247 1275 ἐντεῦθεν
3275 1228 3637 1298 περιποιήσει,

2050 1308 2129 1378 τῷ
2162 1308 2235 1380 μὴ
2274 1311 2433 1379 μόνον
2466 1312 2689 1365 σεαυτὸν
2719 1312 2867 1379 ἀξιον
2899 1313 3067 1378 Θεοῦ,
3094 1313 3229 1368 ἀλλὰ
3255 1315 3350 1369 καὶ
3378 1317 3502 1380 τούς
3530 1318 3641 1371 ὑπὸ

2053 1403 2211 1468 χεῖρα
2238 1398 2489 1467 γενέσθαι
2520 1402 2985 1472 παρασκευάζειν.

2532 1668 2673 1736 Περὶ
2712 1670 2887 1741 τιμῆς
2926 1673 3173 1742 γονέων.

2125 1754 2397 1824 Στέφανον
2444 1757 2509 1809 ἐκ
2565 1758 2701 1812 Θεοῦ
2748 1760 2836 1812 διὰ
2881 1761 2979 1830 τῆς
3024 1764 3163 1834 ἐμῆς
3212 1764 3377 1830 ἐδέξω
3433 1771 3641 1839 χειρός.

2060 1846 2325 1915 Ἀμειψαι
2374 1847 2452 1919 τῷ
2479 1849 2747 1923 ,δεδωκότι
2780 1852 2841 1905 τὸ
2873 1852 3124 1920 ἀντάξιον
3169 1854 3360 1927 δῶρον.
3391 1859 3634 1929 Τίμησον

2056 1937 2188 1990 Θεὸν
2212 1938 2300 1991 τόν
2328 1955 2386 1990 σε
2413 1940 2719 2009 τιμήσαντα
2763 1941 2849 1995 διὰ
2879 1943 2975 2013 τῆς
3024 1946 3104 2008 είς
3138 1944 3229 1999 τὸν
3272 1950 3629 2019 γεγεννηκότα

2056 2029 2237 2097 τιμῆς.
2259 2028 2388 2098 Ἐμὲ
2419 2030 2474 2081 δὲ
2499 2032 2771 2102 τιμήσεις,
2802 2034 2864 2086 οὐ
2912 2035 3164 2107 καθάπερ
3209 2039 3352 2101 τινὲς
3383 2041 3488 2094 τῶν
3516 2042 3631 2094 ὑπ-

2057 2120 2238 2189 ηκόων
2257 2161 2271 2183 ,
2300 2119 2331 2190 ἢ
2368 2120 2681 2187 γονυπετῶν
2706 2163 2720 2186 ,
2750 2124 2782 2193 ἢ
2818 2123 3165 2195 δωροψορῶν,
3196 2127 3227 2197 ἢ
3261 2130 3594 2199 ἐπευφημῶν
3615 2147 3630 2162 ·

2059 2211 2253 2276 ἀνάξια
2280 2212 2387 2280 γὰρ
2416 2210 2587 2288 ταῦτα
2617 2213 2880 2283 βασιλέως
2918 2218 3108 2288 ἀνδρός
3127 2234 3139 2247 ⁶
3173 2219 3306 2272 ἀλλά
3342 2220 3515 2291 τιμῶν
3542 2222 3643 2291 μὲν

2059 2303 2159 2373 τὴν
2205 2303 2427 2375 ἀρετὴν,
2463 2298 2659 2358 ἀσκῶν
2692 2306 2748 2358 δὲ
2781 2306 2879 2374 τὴν
2923 2309 3300 2381 σωφροσύνην,
3329 2314 3550 2383 κοσμῶν
3582 2315 3641 2368 δέ

2064 2410 2158 2447 σου
2188 2393 2247 2446 τὸ
2274 2390 2425 2465 ἦθος,
2444 2396 2778 2464 ⁴σπουδάζων
2822 2398 2880 2450 δὲ
2929 2400 3056 2470 περὶ
3085 2402 3212 2464 τοὺς
3245 2402 3455 2469 λόγους,
3494 2400 3575 2467 οἷς
3602 2407 3638 2474 ἡ

2057 2487 2168 2540 τῶν
2209 2488 2344 2541 νέων
2394 2489 2793 2556 καλλωπίζεται
2845 2492 3037 2566 γνώμη
3064 2512 3077 2526 ·
3124 2496 3217 2548 καὶ
3266 2496 3453 2559 ἁπλῶς
3500 2497 3645 2551 οὕτω

2063 2578 2286 2630 σεαυτὸν
2311 2580 2743 2651 παρασκευάζων
2767 2581 2915 2646 ἀξιον
2946 2582 3250 2652 βασιλεύειν
3270 2584 3378 2637 τῶν
3401 2586 3493 2639 ἐπὶ
3515 2587 3642 2656 γῆς,

2064 2670 2158 2721 καὶ
2188 2670 2371 2724 εἰκόνα
2396 2672 2489 2724 τοῦ
2522 2672 2785 2742 βασιλέως
2826 2674 2934 2728 τῶν
2964 2676 3231 2747 οὐρανῶν.
3269 2679 3445 2741 Μόνος
3476 2680 3583 2751 γὰρ
3612 2680 3643 2730 ὁ

2059 2761 2158 2829 τῆς
2190 2761 2389 2830 ἀρετῆς
2419 2763 2701 2831 ἐφικέσθαι
2729 2764 3022 2835 δυνάμενος
3056 2768 3219 2820 εἰκὼν
3244 2769 3336 2821 τοῦ
3368 2772 3609 2840 καταστή
3629 2803 3645 2812 -

2064 2866 2255 2913 σαντος
2296 2852 2458 2904 αὐτὸν
2507 2853 2640 2906 Θεοῦ
2680 2855 2905 2918 δικαίως
2959 2856 3313 2928 κληθήσεται,
3344 2860 3441 2913 καὶ
3499 2861 3648 2926 μετὰ

2063 2942 2194 2995 Θεὸν
2225 2944 2375 3014 παρὰ
2403 2945 2511 3001 τῶν
2544 2947 2800 3017 ὑπηκόων
2824 2950 3047 3014 εἰκότως
3076 2952 3515 3022 ἀγαπηθήσεται,
3545 2954 3645 3006 κιιλ⁵

385 3044 478 3113 qui
505 3034 1175 3101 omnimodamvirtutem
1215 3034 1594 3113 amplexatur:
1623 3039 1779 3113 isque
1813 3040 1954 3113 apti;

2065 3033 2137 3098 ὡς
2186 3036 2481 3108 εὐεργέτης
2532 3040 2707 3105 κοινὸς
2758 3042 2952 3095 ἑαυτοῦ
2979 3060 3035 3096 τε
3068 3044 3293 3099 καὶτῶν
3332 3044 3426 3100 ὑπ’
3454 3045 3641 3113 αὐτὸν,

381 3137 612 3207 mojure
635 3138 877 3193 secundo
909 3139 1030 3193 loco
1067 3146 1190 3207 post
1234 3137 1401 3191 Deum
1439 3150 1468 3189 a
1495 3135 1761 3204 subjectis
1802 3152 1958 3192 ama-

380 3230 549 3291 bitur.
574 3239 626 3284 et
651 3240 908 3300 tanquam
959 3229 1027 3284 de
1074 3244 1133 3284 se
1183 3229 1409 3298 suiSque
1454 3227 1659 3296 Optime
1728 3229 1957 3284 meritus

381 3322 527 3377 onmi
566 3322 775 3379 honore
800 3323 1001 3392 dignus
1025 3320 1338 3377 habebitur.

566 3400 569 3401 ν
757 3406 766 3414 ’
860 3396 861 3399 η
978 3412 1056 3467 De
1112 3402 1347 3480 iustitia.

454 3505 1006 3561 Administrationem
1043 3503 1196 3574 regni
1230 3512 1288 3557 ut
1341 3507 1491 3559 omni
1536 3506 1962 3574 reprehensione

380 3614 609 3654 vacuant
682 3608 932 3669 praestes,
980 3613 1101 3668 qua»:
1155 3598 1210 3651 in
1247 3596 1371 3671 aliis
1429 3598 1790 3677 reprehendis
1848 3599 1961 3652 haec

383 3692 502 3762 ipse
536 3691 719 3747 facere
750 3707 819 3747 ne
849 3678 1093 3746 andea’s:
1138 3686 1275 3745 sunt
1303 3676 1447 3744 enim
1483 3676 1811 3761 plerumque
1832 3685 1963 3745 sub?

383 3782 482 3833 diti
515 3783 579 3835 ad
610 3782 925 3850 principum
964 3784 1212 3837 actiones
1251 3781 1645 3837 examinandas
1687 3766 1962 3838 acerrimi.

386 3874 443 3928 Si
477 3875 623 3928 enim
648 3874 700 3927 id
721 3874 1013 3940 diligenter
1050 3876 1453 3939 observaveris,
1486 3875 1597 3929 duo
1635 3877 1825 3930 istbare
1862 3893 1966 3931 ma-

384 3966 515 4020 ximi
550 3960 808 4035 momenti
835 3964 1123 4019 Commoda
1170 3968 1568 4037 consequeris:
1618 3975 1670 4020 tc
1706 3970 1853 4020 enim
1888 3960 1962 4021 ir?

386 4057 786 4127 reprehensum
815 4056 1081 4111 adversus
1111 4056 1619 4111 omnesealumnias
1654 4061 1962 4126 przestabis,

384 4157 437 4202 et
474 4146 755 4213 subjectos
787 4130 913 4200 tuos
949 4161 1057 4199 non
1085 4145 1321 4199 dicendo
1345 4145 1543 4209 solum,
1564 4146 1658 4201 sed
1681 4147 1853 4219 etiam
1880 4159 1963 4201 ta-

384 4239 557 4293 cendo
591 4238 846 4293 virtutem
886 4252 1103 4291 omnem
1142 4251 1401 4291 exercere
1448 4237 1691 4293 docebis.
1725 4237 1781 4291 Si
1834 4255 1963 4293 vero

2058 3125 2224 3193 ἀξίως
2251 3129 2633 3199 τιμηθήσεται.

2558 3421 2695 3485 Περὶ
2735 3420 3145 3487 δικαιοσύνης.

2136 3510 2253 3562 Ἵνα
2303 3527 2394 3564 σου
2442 3510 2541 3580 τὴν
2590 3510 2871 3581 βασιλείαν
2926 3512 3211 3581 ἄμεμπτον
3263 3512 3596 3588 διαφυλάξῃς
3625 3556 3645 3581 ,

2064 3604 2207 3673 ἅπερ
2232 3603 2295 3656 ἂν
2324 3604 2529 3675 ἑτέροις
2554 3605 2881 3673 πράττουσιν
2906 3606 3457 3673 ἐπιτιμήσεις,ταῦτα
3478 3607 3650 3676 πράτ-

2061 3713 2175 3747 τειν
2205 3690 2366 3759 αὐτὸς
2398 3688 2858 3766 μῆέπιχειρήσῃς
2880 3711 2892 3725 °
2926 3688 3095 3747 δεινὸν
3137 3695 3245 3764 γάρ
3288 3711 3407 3757 πως
3450 3697 3509 3748 τὸ
3543 3699 3651 3750 ὑπ-

2064 3788 2227 3856 ήκοον
2256 3785 2355 3849 τάς
2388 3787 2495 3838 τῶν
2530 3787 2807 3855 ἀρχόντων
2841 3787 3062 3856 πράξεις
3089 3786 3411 3854 λογοθετεῖν.
3443 3788 3506 3840 Εἰ
3536 3790 3649 3861 γὰρ

2062 3880 2218 3931 τοῦτο
2251 3878 2515 3949 φυλάξῃς.
2541 3879 2633 3931 δύο
2657 3880 2829 3932 ταῦτα
2874 3879 3104 3947 μέγιστα
3133 3881 3519 3951 κατορθώσεις,
3552 3882 3648 3935 καὶ

2065 3971 2288 4022 σεαυτὸν
2331 3969 2661 4040 ἀνέγκλητον
2696 3969 2896 4033 παντὸς
2932 3969 3125 4040 μώμου
3156 3970 3521 4043 διατηρήσεις,
3550 3972 3646 4024 καὶ

2064 4060 2188 4122 τοὺς
2214 4060 2316 4111 ὑπὸ
2347 4062 2501 4129 χεῖρα
2527 4060 2779 4125 διδάξεις,
2810 4062 2903 4114 καὶ
2939 4063 3159 4113 σιωπῶν
3186 4063 3280 4113 καὶ
3309 4063 3502 4132 λέγων,
3537 4066 3640 4116 πᾶ-

2064 4166 2163 4200 σαν
2196 4151 2383 4202 ἀσκεῖν
2412 4151 2633 4220 ἀρετήν.
2666 4150 2727 4202 ΕΞ
2770 4151 2825 4202 δὲ
2853 4150 3091 4214 ἐναντία,
3126 4147 3200 4202 ὦν
3234 4151 3431 4218 λέγεις,
3466 4153 3643 4222 πράτ-

2060 4258 2193 4305 τεις,
2215 4240 2355 4305 ἕξεις
2382 4259 2474 4310 σου
2500 4243 2802 4312 κατήγορον
2832 4241 2926 4313 τὴν
2956 4243 3289 4313 συνείδησιν·
3319 4243 3442 4295 εἰδὲ
3470 4244 3645 4311 λέγων

383 4331 549 4386 dictis
583 4331 691 4383 tuis
726 4329 870 4383 facta
901 4328 1125 4383 minime
1155 4328 1514 4398 respondent,
1563 4330 1955 4385 aceUSatricem

2068 4334 2266 4400 ἀγαθὰ,
2290 4334 2550 4402 τὲινὸμοια
2580 4334 2839 4403 πράττεις
2857 4374 2872 4398 ,
2909 4334 3049 4401 ἕξεις
3075 4336 3201 4396 τοὺς
3230 4334 3648 4403 λογοθετοῦντάς

386 4426 463 4479 tui
497 4424 899 4479 conscientiam
933 4423 1198 4479 habebis:
1252 4436 1302 4499 at
1327 4426 1370 4478 si
1429 4424 1630 4494 probos
1681 4440 1961 4482 sermones

386 4515 595 4570 similes
622 4516 867 4569 actiones
922 4523 1357 4591 consequantur,
1411 4531 1505 4569 eos
1536 4502 1627 4585 qui
1668 4525 1719 4570 te
1771 4514 1967 4591 oliseré

384 4618 535 4673 vant,
566 4619 672 4662 tum
710 4588 996 4676 probitatis
1028 4616 1080 4661 et
1131 4617 1300 4661 testes
1344 4608 1509 4661 simul
1540 4619 1592 4660 et
1660 4588 1964 4663 imitatores

386 4700 611 4754 habebis
653 4700 801 4753 omni
831 4697 1159 4767 exceptione
1187 4698 1448 4766 majores.

870 4848 873 4855 γ
941 4790 1016 4843 De
1045 4790 1415 4869 beneﬁcentia.

460 4881 682 4937 Nullius
712 4900 904 4939 eorum
936 4885 1029 4952 qui
1058 4894 1148 4938 aut
1178 4870 1179 4883 “
1208 4899 1238 4937 a
1277 4895 1326 4939 te
1379 4900 1606 4939 munera
1665 4872 1973 4956 postulant,

390 4982 484 5025 aut
508 4972 802 5041 dignitates
835 4976 1117 5039 ambiunt,
1148 4990 1330 5029 mores
1381 4974 1477 5029 tibi
1520 4976 1731 5032 lateant
1761 4995 1774 5031 :
1814 4993 1966 5032 emn-

390 5080 497 5133 que
544 5065 680 5121 satis
709 5081 804 5121 eos
832 5070 1198 5137 perspexeris,
1220 5068 1447 5123 benefac
1474 5068 1740 5123 duntaxat
1765 5069 1926 5126 bonis
1954 5089 1965 5123 ι

390 5157 459 5209 ab
513 5156 594 5213 eis
658 5157 804 5211 enim
855 5168 1171 5228 perpetuam
1226 5160 1460 5229 recipies
1504 5144 1964 5223 benevolentiam.

391 5261 513 5316 quae
542 5248 694 5301 nttllo
722 5263 966 5319 unquam
995 5261 1244 5320 tempore
1287 5250 1611 5305 vaeillatura
1662 5253 1752 5306 sit.
1798 5252 1968 5307 Bene.

393 5338 575 5392 licium
601 5339 745 5392 enim
809 5340 951 5409 apud
1008 5342 1184 5395 virum
1226 5344 1431 5397 bonum
1478 5344 1808 5398 collocatum
1850 5346 1968 5400 the-

392 5446 590 5485 saurus
613 5438 696 5486 est
736 5432 900 5487 nullis
939 5434 1256 5501 raptoribus
1314 5437 1610 5503 obnoxius,
1646 5438 1741 5506 qui
1773 5439 1960 5493 multi-

393 5521 589 5590 plicem
628 5520 880 5575 collatori
941 5521 1113 5576 refert
1173 5525 1438 5592 gratiam:
1490 5530 1585 5596 qui
1635 5516 1819 5581 autem
1864 5528 1968 5581 im-

393 5611 566 5681 probo
616 5611 753 5666 bene
803 5604 1304 5685 facit‘serpentem
1361 5614 1413 5666 in
1474 5615 1596 5669 sinu
1645 5618 1763 5680 alit,
1812 5617 1968 5689 isque

396 5704 795 5776 aliquantisper
822 5704 995 5775 ipsius
1023 5706 1207 5761 calore
1254 5705 1490 5772 fovetur,
1521 5709 1615 5763 sed
1659 5708 1839 5764 oblata
1878 5724 1969 5764 oe-

2068 4435 2180 4477 cou'
2203 4425 2292 4476 τὸν
2342 4424 2453 4496 βίον
2491 4426 2625 4495 ὁμοῦ
2680 4428 2774 4479 καὶ
2810 4428 3121 4497 μάρτυρας,
3155 4428 3249 4479 καὶ
3281 4430 3521 4496 μιμητάς
3552 4443 3647 4478 σου

2062 4515 2161 4585 τῆς
2193 4515 2597 4584 καλοκαγαθίας
2624 4517 3097 4588 άπαραγράπτους
3125 4516 3289 4581 ἕξεις.

2586 4785 2720 4851 Περὶ
2755 4786 3125 4855 εὐεργεσίας.

2116 4877 2458 4930 ΔΛεινθανὲτω
2484 4894 2540 4929 σε
2570 4879 2754 4947 μηδεὶς
2773 4877 2878 4929 τῶν
2911 4879 3060 4949 παρὰ
3082 4878 3175 4930 σού
3203 4877 3407 4949 δωρεάς
3438 4876 3655 4931 αἰτούν-

2068 4986 2192 5031 των,
2224 4968 2255 5038 ἧ
2285 4965 2570 5037 ἀξιώματα
2608 4966 3031 5037 ἐπιζητούντων,
3093 4968 3188 5020 καὶ
3238 4968 3461 5032 τούτους
3515 4970 3652 5022 ἀνα-

2069 5059 2381 5129 λαμϐάνων,
2403 5062 2529 5122 τοὺς
2555 5059 2794 5127 ἀγαθοὺς
2825 5055 2883 5112 εὖ
2917 5059 3273 5125 ποίει.”Εξεις
3299 5062 3408 5132 γάρ
3438 5062 3523 5113 ἀεὶ
3554 5063 3656 5130 τὴν

2069 5149 2281 5202 εὔνοιαν
2326 5149 2637 5211 διαπαντὸς,
2689 5148 2721 5218 ἢ
2783 5147 2983 5217 μᾶλλον
3033 5148 3228 5211 εἰπεῖν,
3291 5147 3652 5200 ἀδιάπτωτον.

2075 5241 2306 5303 Ἀσυλςς
2331 5242 2438 5310 γὰρ
2465 5241 2738 5311 θησαυρὸς
2768 5240 2897 5311 παρ’
2930 5239 3088 5311 ἀνδρὶ
3115 5239 3412 5310 σπουδαίῳ,
3436 5239 3529 5292 καὶ
3558 5254 3659 5289 πο-

2072 5333 2447 5403 λυπλασίωνή
2492 5332 2651 5403 χάρις
2682 5332 2811 5403 παρ’
2863 5333 3047 5395 αὐτοῖς
3093 5332 3458 5401 ἑποφεΰιεται.
3499 5330 3558 5382 ’0
3586 5328 3659 5387 ,δὲ

2074 5426 2199 5486 τούς
2228 5426 2429 5486 κακοὺς
2464 5424 2788 5490 εὐεργετῶν,
2837 5424 3127 5490 ὲγκὸλπιον
3150 5421 3265 5493 ἔχει
3302 5422 3391 5476 τὸν
3417 5421 3563 5491 ὅφιν,
3598 5423 3661 5475 ἐν

2076 5515 2253 5585 καιρῷ
2284 5515 2381 5583 μὲν
2414 5515 2771 5581 θαλπόμενοι),
2812 5516 2868 5567 ὲν
2918 5515 3095 5586 καιρῷ
3141 5515 3196 5567 δὲ
3232 5514 3321 5566 τὸν
3359 5514 3662 5584 εὐεργέτην

2078 5609 2268 5676 ἰοϐόλῳ
2289 5608 2523 5677 δήγματι
2545 5607 2909 5678 ἀμυνόμενον.
2936 5609 3149 5681 Ὥσπερ
3169 5609 3280 5677 γὰρ
3307 5607 3357 5659 οἱ
3388 5606 3662 5675 ἀλλότριοι

2080 5702 2237 5763 κύνες
2269 5700 2375 5753 τῶν
2435 5700 2746 5762 σιτιζόντων
2775 5700 2939 5765 ξένων
2981 5698 3436 5764 καθυλακτοῦσεν,
3487 5697 3663 5771 οὕτως
