3992 6204
171 322 336 367 xxxnt
969 307 1252 369 BASILII
1279 308 1434 371 IMP.
1478 308 1923 371 PAR/ENESIS
1949 310 2049 371 AD
2083 311 2392 374 LEONEM
2430 314 2721 376 FlLIUM.
3293 329 3456 373 xxx“

165 428 209 481 ei
232 423 402 485 κακοὶ
428 421 578 486 τοὺς
601 416 975 489 ὠφελοῦντας.
1025 420 1216 493 ὥσπερ
1252 423 1380 485 τοὺς
1416 419 1771 492 βλάπτοντας.

1883 424 2109 481 casione
2135 434 2405 481 venenato
2451 442 2642 483 morsu
2694 425 3099 485 benefactorem
3156 445 3318 487 suum
3370 450 3459 490 re-

166 517 459 573 ἀδικοῦσιν.
498 512 781 583 ’Δγαθοὺς
834 511 947 583 1&9
976 511 1305 584 εὐεργετῶν,
1347 513 1491 578 ἕξεις
1551 513 1771 567 σεαυτὸν

1888 522 2169 567 munerat.
2194 512 2351 569 Sicut
2372 515 2517 569 enim
2546 529 2713 571 canes
2732 515 2927 574 alienis
2967 518 3135 575 etiam
3162 521 3350 577 cibum
3371 523 3462 579 ol-

170 606 535 668 πολλαπλοῦν,
557 607 665 660 καὶ
682 604 866 677 κτήσῃ
890 604 1021 674 μίαν
1048 603 1226 676 ψυχὴν
1256 605 1468 658 πολλῶν
1495 605 1664 674 φίλων
1685 605 1771 659 καὶ

1884 601 2193 660 ferentibus
2224 605 2525 671 oblatrant,
2556 608 2628 661 ita
2664 608 2918 665 homines
2952 613 3200 681 perversi
3228 614 3461 683 perinde

173 700 452 769 ὀφθαλμῶν
486 696 692 766 κύκλῳ
721 695 1258 767 διαφυλαττομένην.

1883 710 1982 750 eos
1999 696 2092 765 qui
2126 699 2265 751 bene
2285 696 2350 752 de
2376 698 2513 768 ipsis
2537 709 2821 756 merentur
2852 701 3155 771 offendunt,
3180 713 3343 775 atque
3361 720 3461 762 eos

176 793 255 862 qui
283 791 445 844 male.
476 787 682 842 Bonos
712 800 846 855 ergo
874 785 1155 841 beneﬂciis
1194 787 1295 841 tibi
1354 787 1680 843 devinciens
1713 798 1765 842 te
1806 785 1988 856 ipsum
2018 786 2430 855 quodammodo
2517 790 2881 861 multiplicem
2967 793 3218 862 habebis,
3263 812 3460 869 nempe

182 885 329 937 vitam
358 896 530 936 unam
586 879 779 935 multis
808 879 1021 933 circum
1068 878 1244 934 oculis
1273 871 1574 951 multisque
1624 878 1984 951 vigilantibus
2003 878 2201 936 amicis
2235 881 2593 936 custoditam.

785 972 925 1040 Περὶ
949 973 1169 1041 φίλων.

252 1064 518 1128 Ἐκείνους
560 1064 771 1133 κτῆσαι
799 1062 991 1133 φίλους
1016 1061 1113 1116 καὶ
1141 1062 1483 1135 θεράποντας
1504 1064 1773 1118 οίκειοτά-
1810 1115 1822 1126 ,

188 1175 313 1219 τους.
341 1157 547 1219 οἵτινες
581 1153 785 1223 ἀγαθοὶ
841 1153 939 1207 καὶ
984 1153 1120 1224 πρὸς
1153 1154 1375 1225 ἑτέρους
1410 1154 1658 1225 φίλουςῆ
1689 1154 1775 1207 δε-

192 1250 365 1309 σπότας
394 1246 808 1315 προγεγονότες
842 1243 1205 1315 τυγχάνουσιν
1222 1262 1236 1276 ’
1260 1245 1297 1299 ἆ
1323 1246 1433 1317 1&9
1453 1247 1512 1299 ἐν
1542 1246 1775 1309 ἐκείνοις

194 1342 511 1409 εἰργάσαντο,
544 1337 730 1391 ταῦτα
776 1338 875 1391 καὶ
904 1339 986 1400 εἰς
1010 1336 1071 1389 σὲ
1130 1336 1360 1405 ποιῆσαι
1392 1337 1492 1389 οὐκ
1519 1336 1773 1407 ,ἀποκνή-

200 1434 415 1488 εονσιῧο
451 1432 566 1503 μὲν
586 1432 717 1503 ξγάρ
749 1430 1044 1494 σπουδαῖος
1068 1431 1198 1503 περὶ
1229 1431 1356 1493 τοὺς
1381 1430 1553 1485 πάλαι
1585 1429 1775 1500 φίλους

200 1524 427 1592 γεγονὼς,
448 1522 756 1586 σπουδαῖος
795 1521 864 1576 ἂν
912 1518 1170 1593 καὶπερὶ
1196 1520 1255 1576 σὲ
1278 1520 1532 1591 γενέσθαι
1554 1537 1776 1575 πιστευ-

207 1613 431 1685 θήσεται·
463 1616 495 1668 ό
536 1614 597 1667 δὲ
655 1615 778 1676 τοῖς
815 1611 1110 1683 προτέροις
1163 1610 1351 1682 φίλοις
1398 1611 1432 1682 ἢ
1487 1612 1775 1675 δεσπόταις

214 1707 451 1776 ἄχρηστός
470 1724 532 1760 τε
550 1706 652 1759 καὶ
679 1704 933 1777 ῥᾴθυμος
963 1701 1229 1772 γεγονὼς,
1266 1703 1431 1775 σχολῇ
1459 1718 1523 1771 γε
1547 1703 1677 1773 περ)⁸
1714 1703 1773 1756 σὲ

230 1799 469 1862 σπουδαῖος
486 1800 577 1853 καὶ
612 1795 894 1868 χρήσιμός
917 1810 1048 1848 ποτε
1079 1794 1399 1865 ὀφθήσεται.

527 1885 671 1954 Περὶ
700 1884 1042 1952 ὑπεροψίας
1072 1882 1413 1952 χρημάτων.

283 1975 501 2046 nam
529 1977 632 2045 μὲν
654 1976 751 2027 καὶ
777 1972 1086 2027 ἀδούλωτον
1134 1973 1198 2025 τὸ
1224 1972 1322 2026 τοῦ
1363 1971 1630 2042 βασιλέως
1658 1972 1771 2026 δει-

206 2070 341 2123 κνύει
366 2070 653 2140 φρόνημα,
696 2068 757 2120 οὒ
782 2065 1034 2121 τοσοῦτον
1082 2064 1246 2134 δγκος
1291 2064 1387 2119 τοῦ
1437 2062 1770 2135 ἀξιώματος,

205 2158 325 2209 ὅσον
377 2159 417 2227 ἡ
450 2156 561 2209 τῶν
616 2155 897 2225 χρημάτων
952 2153 1241 2225 ὑπεροψία.
1310 2153 1383 2207 Εν
1435 2154 1612 2225 τούτῳ
1664 2154 1773 2225 γὰρ

203 2248 410 2319 μᾶλλον
450 2247 512 2301 τὸ
572 2247 787 2315 εὐγενὲς
809 2246 969 2300 αὑτοῦ
1019 2247 1121 2317 τῆς
1144 2245 1333 2317 ψυχῆς
1357 2247 1769 2317 καταφαίνεται.

211 2340 505 2411 Ὑπεροῴία
560 2339 618 2393 δὲ
645 2339 936 2411 χρημάτων
993 2341 1056 2393 οὐ
1107 2339 1170 2393 τὸ
1211 2340 1390 2411 μάτην
1422 2343 1536 2403 τοῖς
1580 2339 1772 2411 βαλαν-

202 2432 325 2494 τίοις
349 2407 786 2495 ἐναποτίθεσθαι,
813 2429 954 2483 ἀλλὰ
985 2430 1051 2481 τὸ
1075 2407 1316 2499 δαψιλῶς
1346 2407 1412 2481 ⁷ιὶν
1439 2432 1562 2493 ταῖς
1580 2407 1768 2497 ἀναγῖ

218 2521 389 2583 uolat;
422 2519 639 2590 χρείαις
669 2517 811 2570 αὐτά
840 2519 1119 2586 χορηγεῖν.
1136 2518 1437 2585 Ἀναγκαῖα
1461 2517 1519 2571 δὲ
1562 2517 1771 2587 βασιλεῖ

214 2608 301 2662 καὶ
330 2608 521 2679 μᾶλλον
542 2606 658 2659 τῶν
686 2604 863 2659 ἀλλων
888 2604 1075 2674 φίλους
1104 2600 1163 2659 εὖ
1199 2608 1396 2671 ποιεῖν,
1415 2607 1507 2660 καὶ
1539 2605 1769 2678 ἐχθροὺς

208 2696 495 2767 ἀμύνεσθαι,
527 2688 610 2749 ὧν
650 2694 983 2766 ἀμφοτέρων
1006 2694 1066 2748 τὸ
1100 2695 1397 2766 κατορθοῦν
1426 2697 1460 2767 ἡ
1491 2696 1601 2749 τῶν
1628 2714 1767 2767 χρη-

220 2785 380 2853 μάτων
408 2784 637 2854 δαπάνη.
669 2784 734 2836 Ei
783 2779 880 2836 οῦν
932 2784 1027 2837 καὶ
1058 2784 1221 2848 αὐτὸς
1252 2783 1457 2855 ὑψηλὸς
1504 2786 1562 2837 ὲν
1600 2786 1766 2838 πᾶσιν

228 2869 353 2927 εἶναι
384 2873 563 2944 βούλει,
601 2872 702 2928 καὶ
748 2873 984 2944 μάλιστα
1041 2875 1098 2927 ἐν
1158 2874 1395 2938 συνέσει,
1448 2874 1766 2946 ὑπερόπτης

227 2966 349 3032 γίνου
365 2967 683 3037 χρημάτων·
720 2967 844 3018 ἐπεὶ
866 2965 990 3019 οὐδὲ
1032 2965 1149 3018 ἐστι
1177 2966 1247 3018 τά
1293 2965 1492 3019 σαυτοῦ
1527 2966 1633 3020 ἴδια
1673 2966 1762 3033 σά,

217 3056 441 3111 amco»
470 3058 780 3112 συνδούλων
807 3057 917 3111 τῶν
959 3057 1089 3123 σῶν,
1114 3060 1210 3111 καὶ
1239 3057 1476 3127 μάλιστα
1499 3058 1611 3111 τῶν
1662 3074 1762 3110 πε-
1790 3093 1834 3153 c

213 3149 359 3215 νήτων
383 3152 470 3203 καὶ
504 3150 700 3217 ξένων.
759 3148 963 3219 Φάνηθι
1002 3148 1180 3201 τοίνυν
1211 3148 1339 3210 ἴδιος
1381 3147 1675 3218 εὐεργέτης
1704 3147 1763 3200 ὲν

207 3242 301 3303 τοῖς
328 3244 539 3309 amt-Ioh,
566 3242 671 3295 καὶ
699 3240 873 3304 οὕτως
905 3239 1107 3309 ὑψηλὸς
1139 3238 1237 3312 ἔσῃ
1284 3239 1379 3293 καὶ
1400 3237 1762 3309 περίϐλεπτος

208 3331 257 3383 ιν
279 3334 542 3403 φρονήσει.

779 3595 919 3663 Περὶ
951 3595 1157 3665 μέθης.

255 3686 546 3750 Συνουτῑας
595 3686 695 3750 τὰς
744 3687 803 3740 ἐν
855 3689 1042 3750 πότοις
1088 3685 1356 3738 εὐλαϐοῦ·
1392 3683 1528 3756 μέθη
1556 3684 1666 3755 γὰρ
1693 3686 1761 3755 τῇ

198 3780 452 3849 φρονήσει
478 3778 716 3832 ἐναντίον
746 3795 801 3832 τι
829 3781 1019 3849 χρῆμα
1049 3781 1143 3832 καὶ
1172 3777 1625 3848 πολέμιον.’οταν
1653 3775 1762 3847 γὰρ

196 3870 358 3933 όνοῦς
380 3869 490 3923 ὑπὸ
514 3868 605 3922 τοῦ
627 3869 773 3922 οτνου
794 3869 1125 3940 τυραννηθῇ.
1148 3869 1342 3922 ταυτόν
1359 3884 1412 3920 τι
1432 3867 1628 3937 πάσχει
1650 3868 1763 3930 τοῖς

200 3963 407 4030 ’φαύλοις
435 3961 692 4031 ἡνιόχοις,
717 3960 766 4013 οἳ
797 3960 857 4013 τὸ
882 3959 1034 4031 ἅρμα
1056 3960 1323 4031 κυδερνᾷν
1351 3955 1758 4023 ἀδυνατοῦντες,

197 4056 274 4108 καὶ
309 4053 541 4114 ἑαυτοὺς
564 4052 811 4114 καὶτοὺς
840 4050 1041 4114 ἵππους
1069 4043 1171 4103 ὧδε
1190 4051 1414 4103 κάκεῖσε
1436 4049 1763 4120 περιφέρου-

196 4161 261 4207 σι,
289 4144 384 4197 καὶ
413 4142 631 4212 γέλωτα
651 4143 762 4204 τοῖς
784 4141 952 4213 ὁρῶσι
975 4140 1231 4212 μέγιστον
1250 4139 1591 4210 ἐμποιοῦσιν.
1607 4138 1764 4192 Οὕτω

192 4238 241 4290 δὲ
285 4234 607 4307 πασχούσης
654 4235 754 4304 τῆς
792 4233 1064 4298 διανοίας,
1088 4232 1303 4302 ἀνάγκη
1330 4230 1425 4285 καὶ
1454 4231 1554 4301 τὴν
1584 4229 1763 4301 ψυχὴν

195 4329 353 4381 πολλά
381 4325 766 4396 σφαλλομένην
790 4323 1073 4380 διατελεῖν.

744 4417 885 4487 Περὶ
919 4416 1206 4483 κτήσεως.

253 4511 477 4583 Ῥᾳδίως
527 4511 705 4581 κτήσῃ
747 4509 919 4578 φίλον,
948 4508 1008 4562 δν
1039 4508 1105 4563 ἂν
1134 4506 1401 4579 βουληθῇς
1423 4545 1441 4571 ,
1504 4508 1555 4559 εἰ
1586 4504 1768 4573 ἀγαθά

197 4619 303 4655 τινα
326 4602 515 4670 λέγεις
551 4599 683 4670 περὶ
706 4597 873 4654 αὐτοῦ
898 4598 1131 4662 ἀπόντος
1162 4598 1257 4651 ἐπὶ
1277 4596 1386 4651 τῶν
1410 4594 1769 4665 ἑπαγγελλόν-

203 4710 293 4745 an
324 4689 483 4761 αὐτῷ
503 4706 519 4721 ·
550 4690 696 4760 ἀρχὴ
724 4689 855 4759 γὰρ,
884 4688 961 4752 ὡς
986 4687 1150 4754 ἔοικε,
1189 4686 1372 4757 φιλίας
1404 4686 1504 4757 μὲν
1527 4684 1764 4749 ἔπαινος,

193 4786 385 4855 ἔχθρας
420 4785 484 4839 δὲ
529 4784 699 4854 ψόγος
744 4782 1092 4838 ἔστίν.Ἀλλά
1121 4782 1218 4835 καὶ⁵
1254 4781 1346 4845 οὓς
1376 4782 1476 4853 ἠδη
1504 4782 1768 4851 κέκτησαι

193 4876 391 4943 φίλους,
420 4876 474 4927 εί
523 4872 703 4943 βούλει
729 4873 892 4927 πλέον
920 4871 1266 4942 ἐφέλκεσθαι,
1294 4872 1502 4924 ἐπαίνει
1528 4870 1769 4933 ἀπόντας

186 4969 276 5020 ἐπὶ
316 4966 430 5019 τῶν
479 4964 786 5035 παρόντων.
814 4964 923 5017 Καὶ
955 4964 1065 5033 1&9
1103 4961 1246 5016 οὕτω
1273 4961 1483 5026 δόξειας
1518 4961 1582 5013 ἂν
1612 4961 1770 5012 ἐπαι-

188 5064 295 5113 τεῖν
322 5061 422 5113 καὶ
455 5058 586 5121 τοὺς
612 5058 885 5127 παρόντας
915 5056 1011 5110 ἐπὶ
1049 5056 1159 5109 τῶν
1199 5055 1467 5109 ἀπόντων.
1500 5049 1771 5124 Δοκίμαξε

189 5152 239 5204 ἃ
268 5154 398 5215 τοὺς
424 5151 641 5219 φίλους,
670 5149 730 5202 ἐν
749 5165 808 5201 τε
835 5151 952 5212 ταῖς
979 5148 1245 5217 ἀνάγκαις
1272 5146 1365 5201 καὶ
1387 5147 1505 5208 ταῖς
1531 5147 1774 5216 δυσπρα-

188 5243 330 5311 γξαις
349 5259 364 5272 ο
406 5242 521 5295 τῶν
548 5241 664 5313 γὰρ
687 5240 1104 5311 εὐημερούντων
1124 5281 1138 5306 ,
1169 5240 1313 5309 φίλοι
1339 5236 1542 5292 πολλοί.
1570 5235 1774 5290 Κάκεί-

185 5350 305 5397 von;
332 5332 568 5403 ἀληθεῖς
596 5331 784 5401 φίλους
823 5330 1038 5399 λογίζου
1059 5371 1073 5394 ,
1098 5331 1215 5385 ὅσοι
1247 5329 1322 5399 μὴ
1358 5328 1580 5399 κέρδους
1612 5326 1777 5379 ἓνεκα

188 5425 456 5493 φιλοῦσιν,
488 5422 635 5477 ἀλλά
662 5422 729 5476 δι’
752 5422 925 5491 αὐτὴν
958 5421 1059 5492 τὴν
1100 5419 1302 5492 ἀρετὴν
1328 5418 1426 5489 τῆς
1451 5418 1695 5487 ἀγάπης.
1713 5416 1779 5469 Ἡ

187 5520 287 5588 γὰρ
310 5518 497 5579 ἄλλως
524 5514 684 5584 φιλία
706 5513 786 5584 τῷ
814 5512 995 5584 καιρῷ
1030 5511 1378 5577 δουλεύουσα,
1406 5507 1648 5581 ἐμπορία
1670 5524 1775 5571 τις,

184 5609 293 5663 ἀλλ’
325 5610 389 5664 οῦ
426 5607 621 5677 φιλία,
654 5606 829 5677 ταύτῃ
850 5604 1145 5673 λογίζεται.

582 5789 857 5849 Ριτιιοι..
895 5786 1013 5847 Gn.
1049 5786 1234 5849 CVII.

1795 4394 1843 4474 n

2520 973 2596 1027 De
2625 975 2833 1029 amicis.

1947 1061 2089 1133 Opta
2118 1062 2219 1118 tibi
2250 1078 2346 1119 eos
2373 1064 2605 1131 amicos,
2648 1073 2702 1120 et
2735 1065 2962 1121 intimos
2994 1066 3313 1136 familiares,
3358 1072 3458 1142 qui

1876 1164 2066 1209 sancte
2095 1169 2219 1209 cum
2237 1155 2363 1210 aliis
2389 1156 2691 1211 amicitiam
2725 1158 3019 1226 coluerint,
3052 1169 3105 1215 et
3127 1161 3249 1216 aliis
3277 1163 3457 1219 domi-

1876 1246 1964 1299 nis
2017 1244 2233 1301 lidelem
2265 1260 2488 1315 operam
2543 1248 2887 1303 navaverint.
2934 1248 3090 1315 Quod
3139 1252 3286 1305 enim
3331 1252 3458 1308 aliis

1877 1335 2272 1403 praestiterunt,
2303 1335 2447 1388 idem
2473 1335 2639 1390 etiam
2691 1346 2956 1406 prastare
2992 1339 3088 1393 tibi
3117 1354 3226 1393 non
3260 1355 3460 1410 grava-

1876 1423 2192 1489 buntur;et
2220 1425 2315 1494 qui
2372 1425 2551 1479 bonus
2576 1440 2704 1495 erga
2742 1435 2952 1482 veteres
2991 1429 3199 1483 amicos
3224 1429 3456 1483 exstite-

1876 1516 1973 1581 rit,
2005 1515 2185 1571 bonus
2222 1531 2349 1587 erga
2369 1525 2422 1571 te
2449 1517 2617 1571 etiam
2662 1516 2887 1576 futurus
2943 1520 3144 1574 merito
3173 1521 3453 1575 credetur.

1877 1605 1981 1673 Qui
2014 1616 2193 1661 autem
2228 1607 2509 1676 prioribus
2575 1609 2771 1665 amicis
2802 1618 2899 1664 aut
2940 1612 3189 1680 patronis
3221 1612 3456 1682 ignavus

1878 1705 2045 1768 atque
2072 1697 2287 1753 inutilis
2316 1707 2445 1754 ante
2475 1697 2663 1763 fuerit,
2696 1698 2788 1754 vix
2840 1716 3084 1771 unquam
3135 1713 3326 1772 postea
3359 1701 3457 1757 bo-

1876 1802 1982 1842 nus
2004 1801 2132 1857 erga
2162 1797 2211 1842 te
2234 1796 2399 1856 atque
2432 1788 2585 1842 utilis
2618 1789 2745 1843 erit.

2321 1876 2400 1932 De
2430 1888 2730 1947 contemptu
2756 1882 3014 1949 pecunia.

1946 1965 2240 2024 Excelsum
2283 1977 2447 2039 atque
2477 1970 2747 2024 invictum
2780 1970 3049 2041 principis
3074 1971 3318 2026 animum
3341 1986 3456 2029 non

1875 2056 2015 2112 adeo
2079 2058 2397 2128 magnitudo
2452 2059 2741 2128 dignitatis
2794 2060 3037 2115 ostendit
3090 2074 3156 2115 ac
3210 2063 3455 2130 pecunia

1875 2154 2263 2218 contemptus:
2310 2148 2367 2203 in
2417 2148 2524 2204 hoc
2567 2149 2713 2204 enim
2762 2150 3000 2205 maxime
3044 2150 3241 2204 anima
3275 2150 3454 2220 ipsius

1874 2238 2219 2308 generositas
2261 2238 2549 2294 elucescit.
2581 2237 2835 2294 Pecunia
2871 2246 3054 2294 autem
3102 2246 3454 2311 contemptus

1874 2344 1985 2385 non
2016 2330 2071 2385 in
2095 2344 2161 2386 eo
2184 2332 2434 2386 cernitur
2461 2346 2587 2385 cum
2641 2332 2696 2385 in
2731 2345 2930 2386 saccos
2963 2330 3232 2386 inutiliter
3253 2347 3456 2401 conge-

1875 2401 2017 2476 rit°ur
2056 2431 2112 2477 et
2150 2424 2464 2492 seponitur.
2501 2424 2598 2480 sed
2651 2440 2777 2479 cum
2818 2424 3046 2496 largiter
3081 2425 3136 2479 in
3179 2440 3315 2481 usus
3356 2441 3453 2482 ne-

1871 2513 2149 2568 cessarios
2176 2514 2530 2584 expenditur.
2564 2511 2954 2568 Necessarium
2994 2520 3178 2567 autem
3226 2519 3334 2577 est,
3384 2528 3453 2567 ac

1872 2604 1989 2674 regi
2019 2603 2391 2673 potissimum,
2413 2604 2620 2660 amicos
2649 2604 2973 2676 promereri,
3002 2613 3169 2674 atque
3197 2603 3451 2660 inimicos

1869 2696 2176 2763 vindicare,
2205 2712 2443 2767 quorum
2489 2706 2785 2768 utrumque
2817 2706 2965 2751 recte
3010 2695 3212 2761 facere,
3250 2695 3297 2752 is
3347 2694 3446 2750 de-

1869 2802 2017 2841 mum
2052 2802 2217 2842 verus
2236 2795 2322 2843 est
2347 2786 2596 2858 pecunia
2630 2794 2905 2856 sumptus.
2942 2784 3001 2840 Si
3065 2799 3204 2856 ergo~
3223 2785 3279 2839 in
3330 2798 3449 2840 om-

1868 2876 2032 2933 nibus
2077 2879 2350 2943 excellere
2388 2878 2495 2944 vis,
2538 2893 2604 2933 ac
2677 2880 2731 2932 in
2786 2878 3080 2949 prudentia
3136 2875 3449 2947 prasertitn

1867 2976 2033 3039 atque
2076 2969 2322 3036 solertia,
2352 2976 2703 3040 contemptor
2730 2976 2851 3023 esto
2896 2968 3233 3022 divitiarum.
3259 2965 3448 3036 Neque

1868 3060 2014 3114 enim
2045 3060 2162 3129 ipsa
2185 3070 2277 3115 tua
2308 3061 2537 3131 pecunia
2570 3060 2794 3132 proprie
2836 3069 2928 3115 tua
2978 3059 3150 3116 solius
3189 3068 3295 3125 est,
3348 3062 3447 3116 sed

1868 3151 2177 3207 communis
2200 3167 2485 3207 servorum
2510 3160 2753 3217 tuorum,
2784 3158 2841 3205 et
2889 3150 3114 3221 inopum
3155 3159 3321 3221 atque
3347 3151 3449 3205 bo-

1866 3244 2092 3314 spitum.
2124 3240 2233 3297 Fac
2280 3243 2447 3315 igitur
2504 3253 2563 3298 ut
2615 3250 2669 3298 te
2720 3240 3029 3297 beneﬁcum
3094 3241 3449 3310 peculiariter

1865 3334 2129 3390 exhibeas
2150 3334 2206 3389 in
2227 3350 2295 3390 eo
2312 3333 2460 3405 quod
2490 3348 2779 3390 commune
2797 3340 2917 3399 est;
2940 3339 3103 3402 atque
3125 3331 3201 3387 ita
3223 3331 3447 3387 demum

1865 3427 1976 3482 eris
1999 3426 2167 3483 animi
2202 3425 2584 3499 magnitudine
2623 3441 2688 3481 ac
2710 3424 3017 3496 'prudentia
3056 3423 3450 3481 commendan-

1868 3515 1994 3571 dus.

2464 3607 2541 3661 De
2570 3606 2842 3660 ebrietate.

1938 3698 2148 3769 Refuge
2174 3698 2607 3754 comessationes
2666 3696 2721 3750 in
2749 3696 2954 3765 quibus
2999 3692 3317 3763 indulgetur
3345 3708 3444 3764 po-

1865 3787 2045 3843 culis:
2078 3785 2316 3840 ebrietas
2373 3785 2518 3838 enim
2579 3782 2801 3837 inimica
2856 3789 2942 3838 est
2968 3781 3276 3853 prudentia
3312 3782 3443 3837 :ubi

1864 3879 2011 3935 enim
2074 3891 2227 3933 mens
2254 3889 2284 3930 a
2324 3874 2452 3931 vino
2496 3874 2853 3947 opprimitur,
2897 3874 3041 3930 idem
3070 3874 3120 3930 ei
3153 3874 3443 3945 contingit,

1865 3970 2012 4041 quod
2041 3967 2311 4039 imperitis
2342 3966 2774 4038 aurigatoribus,
2802 3967 2900 4038 qui
2924 3981 3052 4022 eum
3096 3980 3284 4038 regere
3314 3981 3447 4037 cur-1

1866 4076 1987 4115 rum
2039 4059 2312 4125 nesciant,
2350 4066 2407 4113 et
2436 4072 2496 4114 se
2523 4065 2579 4113 et
2636 4071 2769 4113 suos
2819 4072 2992 4128 equos
3048 4057 3156 4111 huc
3206 4057 3447 4126 illucque

1866 4153 2267 4222 circumagunt,
2295 4158 2349 4205 et
2374 4148 2785 4219 spectatoribus
2830 4163 3061 4219 magnos
3116 4148 3262 4203 risus
3290 4149 3447 4203 exci-

1867 4254 2002 4299 tant.
2040 4242 2272 4309 Quando
2325 4249 2509 4297 autem
2560 4254 2715 4295 mens
2745 4239 2818 4292 ita
2840 4238 3031 4295 aﬂ'ecta
3056 4248 3164 4304 est,
3201 4239 3316 4293 ﬁeri
3350 4254 3445 4294 ne-

1867 4336 1986 4406 quit
2028 4334 2160 4405 quin
2201 4333 2422 4387 animus
2451 4332 2623 4386 multa
2653 4337 2990 4400 prapostere
3021 4326 3211 4383 faciat.

2303 4421 2380 4474 De
2416 4421 2587 4473 amico
2633 4417 3017 4486 comparando.

1948 4510 2051 4566 Ubi
2080 4510 2231 4565 voles
2267 4508 2427 4563 facile
2488 4507 2788 4577 quemlibet
2828 4504 3066 4560 amicum
3090 4503 3189 4558 tibi
3220 4518 3444 4573 compa-

1877 4602 2045 4667 rabis,
2078 4600 2123 4655 si
2143 4599 2211 4654 de
2236 4613 2303 4654 eo
2318 4600 2544 4654 absente
2574 4597 2713 4653 bene
2729 4596 2938 4652 dixeris
2969 4608 3155 4650 coram
3179 4593 3322 4660 aliis,
3351 4595 3446 4663 qui

1872 4693 1924 4749 ei
1953 4691 2319 4748 renuntiaturi
2368 4698 2499 4746 sunt
2537 4707 2550 4743 :
2584 4689 2799 4744 initium
2838 4690 2982 4744 enim
3025 4686 3282 4745 amicitia
3333 4683 3448 4740 fere

1876 4786 2117 4842 laudatio
2148 4792 2253 4851 est,
2286 4784 2589 4839 inimicitia
2638 4797 2792 4845 vero,
2823 4779 3178 4850 vituperatio.
3205 4777 3272 4831 Et
3304 4793 3446 4847 quos

1871 4878 1986 4947 jam
2033 4877 2205 4932 habes
2234 4875 2463 4940 amicos,
2488 4890 2584 4931 eos
2608 4874 2653 4928 si
2683 4873 2859 4943 magis
2905 4870 3188 4926 devincire
3216 4869 3315 4924 tibi
3345 4885 3446 4926 vo-

1879 4970 1977 5037 les,
2012 4968 2173 5023 lauda
2202 4968 2457 5023 absentes
2483 4980 2666 5022 coram
2690 4964 2812 5019 aliis
2835 4977 3024 5017 eorum
3057 4961 3281 5027 amicis;
3319 4975 3446 5016 nam

1878 5063 1955 5118 ita
1990 5061 2267 5116 videberis
2303 5065 2603 5129 praesentes
2638 5057 2805 5112 etiam
2858 5052 3091 5109 laudare
3122 5052 3179 5107 in
3202 5053 3448 5109 absenti-

1880 5154 2006 5210 bus.
2037 5153 2256 5207 Amicos
2285 5158 2467 5206 autem
2498 5149 2553 5204 in
2582 5144 2855 5218 angustiis
2904 5155 3069 5216 atque
3118 5146 3172 5199 in
3200 5144 3449 5201 adversis

1882 5246 2048 5302 rebus
2075 5245 2334 5316 explora;
2374 5240 2615 5297 felicium
2680 5238 2825 5294 enim
2859 5238 3019 5293 multi
3073 5246 3204 5294 sunt
3234 5236 3396 5292 amici
3430 5255 3447 5294 :

1870 5338 1967 5395 sed
2008 5351 2106 5392 eos
2145 5336 2352 5392 amicos
2386 5349 2544 5388 veros
2585 5332 2871 5402 iudicato,
2910 5333 3004 5405 qui
3065 5342 3118 5390 te
3164 5350 3272 5389 non
3313 5334 3451 5391 lucri

1870 5440 2037 5481 causa
2075 5423 2326 5493 diligunt,
2372 5421 2465 5478 sed
2514 5431 2731 5491 propter
2777 5423 2950 5492 ipsam
2986 5423 3237 5479 amicitia
3278 5424 3453 5477 virtu-

1873 5525 1981 5571 tem
2023 5531 2037 5567 :
2085 5514 2188 5568 alia
2247 5513 2391 5567 enim
2448 5513 2704 5568 amicitia:
2750 5513 2987 5585 species,
3047 5531 3168 5584 qua
3218 5514 3448 5584 tempori

1872 5607 2057 5673 servit,
2094 5620 2201 5660 non
2233 5614 2341 5661 tam
2383 5606 2644 5675 amicitia,
2683 5620 2841 5676 quam
2874 5606 3169 5677 negotiatio
3199 5605 3447 5677 quaedam

1876 5714 1996 5757 esse
2028 5707 2269 5769 putatur.

3120 5786 3154 5846 b
