4070 6210
454 346 599 391 ίκικν

925 435 1001 487 De
1033 429 1217 499 opibus
1241 437 1292 480 et
1325 422 1575 477 avaritia.
2067 419 2108 469 Α

482 562 490 567 ·
535 543 665 609 Quae
685 535 750 590 ad
767 532 1071 601 augendam
1103 536 1216 577 rem
1226 518 1501 590 publicam
1527 510 1782 566 conferre
1802 509 2036 576 possunt

462 649 525 692 ea
573 629 832 704 perlicere
882 635 952 677 ne
995 613 1292 672 cuncter-is.

465 694 670 797 optime
728 709 1163 773 administrahis,
1187 705 1230 760 si
1261 699 1507 773 pecuniae
1567 694 1795 766 publicae
1850 701 2040 743 curam

468 777 785 884 diligentem
815 801 1069 866 habebis,
1091 796 1187 853 sed
1214 804 1334 862 qua:
1371 789 1532 860 iustis
1557 782 1863 840 nationibus
1888 777 2043 833 colli-

473 874 640 977 gitur,
655 916 764 956 non
782 913 848 952 cx
865 889 1220 964 oppressione
1249 891 1344 936 ant
1377 878 1636 949 lacrymis
1659 874 2044 934 subditorum;

474 964 705 1070 pecunia
726 990 871 1046 enim
906 986 951 1040 si
977 984 1127 1053 justo
1169 977 1390 1046 cogitur
1422 970 1652 1024 multum
1704 964 1859 1019 aﬂ‘ert
1891 977 2046 1018 emo-

478 1051 729 1146 iumenti,
753 1089 807 1135 et
836 1051 1040 1132 nervos
1065 1067 1297 1139 imperio
1323 1063 1510 1125 addit;
1537 1059 1634 1115 sed
1667 1069 1787 1126 quae
1814 1070 1878 1108 ex
1916 1051 2047 1107 sub-

479 1141 1009 1238 ditorumvlacrymls
1059 1167 1226 1229 atque
1279 1152 1571 1222 iniquitate
1605 1159 1831 1202 corrasa
1865 1141 2050 1200 fuerit,

480 1270 646 1324 etiam
696 1263 846 1332 iuste
867 1234 880 1238 ⁷
903 1255 1197 1311 collectam
1247 1242 1544 1314 dissipabit
1576 1258 1590 1294 :
1622 1239 1858 1292 attrahet
1909 1234 2052 1288 enim

486 1361 678 1421 Deum,
697 1326 798 1423 qui
828 1348 1057 1420 iustitiae
1084 1345 1232 1412 leges
1285 1336 1536 1394 condidit
1558 1333 1625 1387 ad
1669 1326 2054 1385 vindicandam

487 1449 767 1519 iniuriam.
805 1442 952 1512 ignis
982 1451 1110 1494 vero
1136 1449 1245 1489 non
1283 1435 1356 1487 ita
1395 1427 1652 1484 celeriter
1684 1424 1892 1493 paleam
1926 1432 2060 1470 con-

486 1510 676 1603 sumit,
710 1542 771 1590 nt
800 1510 942 1588 male
960 1538 1015 1584 et
1052 1525 1257 1596 iniuste
1283 1530 1557 1590 congesta:
1585 1529 1718 1585 opes
1744 1515 1907 1568 etiam
1941 1510 2061 1576 iure

487 1627 776 1702 paratasin
819 1620 1117 1695 perniciem
1141 1629 1328 1672 secum
1361 1611 1662 1680 abripiunt.

844 1713 918 1766 De
946 1709 1163 1764 lenitate
1193 1715 1242 1760 et
1281 1698 1710 1757 mansuetudine.

1759 297 2052 363 PROLEG
2060 296 2166 356 OM
2174 294 2269 354 EN
2279 295 2345 350 Α.

3557 283 3721 325 ικινι

2439 397 2573 464 Περὶ
2619 394 2887 449 πλούτου
2925 391 3018 444 καὶ
3061 388 3442 452 πλεονεξίας.

2208 492 2307 549 Ὧν
2352 495 2514 547 ἕνεκα
2560 493 2657 559 τὴν
2710 485 2987 539 πολιτείαν
3037 483 3298 552 ὑψώσεις,
3328 480 3539 532 τούτων
3565 480 3730 548 χάριν

1348 608 1480 662 Rem
1533 613 1711 658 autem
1762 597 2036 668 publicam

2199 592 2313 643 πιεῖν
2344 588 2417 658 μὴ
2444 581 2955 648 κατόκνει.”Αριττα
2974 575 3032 628 δὲ
3053 574 3114 626 τὸ
3145 573 3389 642 ὑπήκοον
3411 570 3725 633 διασώσεις,

2143 682 2190 734 εί
2222 679 2519 750 χρημάτων
2566 669 2841 741 δημοσίων
2891 667 3087 734 κτῆσιν
3133 662 3408 732 ἐπιμελῶς
3459 663 3732 728 ποιήσεις,

2145 772 2280 824 ἀλλὰ
2307 770 2406 837 τὴν
2437 769 2500 819 ἐκ
2520 763 2744 816 δικαίων
2767 757 3078 826 πορισμῶν,
3098 755 3220 824 οὐχὶ
3245 754 3302 807 δὲ
3329 753 3434 821 τὴν
3462 753 3518 817 ἐξ
3544 751 3732 804 ἀδίκω

2149 861 2508 929 συναγωγὴν,
2557 855 2678 909 οὐδὲ
2730 851 2829 922 τὴν
2887 852 2951 902 ἐκ
2999 849 3252 917 δακρύων
3310 845 3736 914 συλλεγομένην.

2152 956 2423 1025 Χρήματα
2451 951 2548 1021 μὲν
2572 949 2701 1018 γὰρ,
2732 946 2779 998 εἰ
2828 943 2925 1013 μὲν
2959 941 3187 1003 δικαίως
3220 940 3537 1006 συνάγεται,
3567 937 3738 990 πολλά

2153 1050 2242 1100 τὸν
2276 1043 2608 1114 κεκτημένον
2639 1041 2843 1110 ὀνήσει,
2880 1037 2975 1089 καὶ
3023 1035 3178 1104 ίσχὺς
3211 1035 3279 1103 τῇ
3327 1031 3575 1102 βασιλείᾳ
3604 1048 3742 1100 χρη-

2159 1141 2374 1210 ματίσει
2391 1152 2404 1165 ·
2513 1133 2570 1186 δὲ
2601 1131 2661 1195 ἐξ
2679 1106 2891 1190 ἀδικίας
2917 1125 3012 1178 καὶ⁸
3037 1121 3294 1193 δακρύων
3317 1119 3624 1191 πορίζεται,
3649 1119 3744 1171 καὶ
3853 1106 3862 1124 ’

2156 1231 2223 1284 τὰ
2246 1226 2466 1288 δικαίως
2512 1218 2900 1290 συνειλεγμένα
2928 1214 3262 1284 ὲξαφανίζει,
3306 1211 3403 1266 καὶ
3431 1211 3564 1264 Θεὸν
3595 1210 3745 1263 ἀντί-

2159 1317 2307 1368 δικον
2333 1313 2423 1365 τὸν
2450 1309 2550 1363 τοῦ
2574 1307 2783 1361 δικαίου
2805 1303 3105 1373 νομοθέτην
3125 1302 3447 1354 ἐπισπᾶται.
3468 1299 3580 1367 Οὐχ
3601 1297 3746 1351 οὕτω

2162 1407 2267 1476 γὰρ
2312 1404 2425 1473 πῦρ
2467 1401 2717 1470 ἀφανίζει
2759 1399 2973 1469 χόρτον,
3006 1396 3082 1458 ὼς
3131 1396 3161 1447 ὁ
3206 1392 3391 1455 κακῶς
3420 1391 3516 1444 καὶ
3545 1389 3748 1451 ἀδίκως

2166 1495 2504 1566 συνηγμένος
2534 1491 2784 1554 πλοῦτος,
2816 1488 3024 1542 καὶτὸν
3055 1484 3235 1547 καλῶς
3259 1485 3356 1538 καὶ
3381 1483 3605 1545 δικαίως
3637 1483 3746 1533 ἐπιι

2168 1583 2510 1652 σωρευθέντα
2534 1579 2765 1631 πλοῦτον
2792 1575 3222 1647 προσαπόλλυσι.

2399 1673 2538 1742 Περὶ
2573 1667 2988 1740 μακροθυμίας
3021 1666 3119 1720 καὶ
3160 1664 3518 1732 πραότητος.

563 1807 622 1862 in
663 1802 945 1873 subiectos
1000 1809 1126 1853 tuos
1181 1808 1246 1848 ne
1297 1790 1633 1845 criminosus
1682 1784 1792 1846 sis;
1841 1778 2068 1832 molesta

2243 1767 2332 1836 Μὴ
2367 1763 2509 1837 ᾖσθα
2544 1762 2808 1832 φιλαίτιος
2855 1762 2915 1811 ἐν
2956 1760 3067 1820 τοῖς
3095 1756 3202 1808 ὑπὸ
3232 1756 3422 1824 χεῖριο
3454 1753 3595 1824 βαρὺ
3619 1756 3750 1823 γάρ’

2260 1856 2302 1873 ,ι
2370 1857 2384 1873 ε
2462 1856 2472 1870 .
2553 1871 2592 1873 γε
2645 1849 2906 1873 -__._.___-._.
2956 1850 3013 1873 ι..
3045 1845 3587 1873 --τ-ι.....--...,..,..τ-.
3620 1860 3724 1873 νη

494 1900 641 1958 enim
665 1911 752 1952 res
779 1902 864 1950 est
901 1909 915 1946 :
942 1904 1117 1960 neque
1149 1888 1206 1942 in
1236 1880 1629 1954 congressibus
1686 1883 1970 1945 promptus
1996 1869 2073 1924 sis

497 1992 566 2047 ad
598 1989 738 2044 alios
763 1984 1139 2054 obiurgandus
1164 1996 1182 2045 ;
1211 1976 1404 2032 odiosa
1442 1972 1645 2041 quippe
1681 1981 1771 2021 res
1800 1972 1886 2019 est
1928 1977 1944 2015 :
1981 1975 2075 2013 ne-

499 2094 606 2150 que
636 2078 810 2132 risum
835 2051 1199 2128 immoderate
1218 2065 1454 2122 effusum
1488 2073 1612 2115 ama
1641 2073 1658 2123 ;
1700 2054 1839 2109 male
1870 2051 2066 2106 morati

500 2170 740 2228 hominis
764 2174 849 2221 est
880 2181 894 2218 :
927 2162 1024 2218 sed
1053 2159 1192 2215 lenis
1229 2164 1350 2212 esto
1384 2155 1440 2208 in
1462 2166 1558 2206 eos
1591 2149 1684 2218 qui
1720 2143 2074 2208 oﬂ‘enderint,

501 2266 748 2320 clemens
771 2260 824 2313 in
867 2250 1328 2323 castigationibus
1358 2245 1712 2302 delictorum,
1755 2237 1938 2308 gravis
1963 2249 2078 2289 mo-

503 2356 680 2419 ribus,
711 2350 862 2406 mitis
914 2355 1192 2407 sermone,
1255 2338 1436 2393 facilis
1470 2335 1645 2396 aditu,
1679 2328 1914 2384 aﬂ‘abilis
1955 2340 2084 2380 con-

505 2457 700 2517 gressu
731 2459 747 2496 :
784 2441 900 2494 haec
929 2433 1078 2490 enim
1139 2431 1322 2487 omnia
1380 2426 1705 2498 populorum
1760 2418 2086 2476 benevolen~

507 2515 640 2590 tiam
685 2530 786 2585 tibi
847 2522 1266 2584 conciliabunt,
1305 2517 1401 2588 qui
1457 2522 1743 2586 propterea
1806 2516 2013 2578 patrem
2037 2515 2090 2558 te

510 2621 694 2693 potius
717 2629 884 2689 quam
921 2616 1311 2682 imperatorem
1338 2606 1714 2678 appellabunt.

940 2703 1013 2756 De
1043 2702 1262 2755 veritate
1290 2708 1337 2751 et
1373 2695 1668 2749 mendacio.

585 2795 806 2854 Maximi
837 2791 1057 2866 pendito
1093 2798 1149 2844 et
1173 2801 1426 2841 veracem
1475 2799 1599 2838 esse
1647 2782 1700 2834 in
1737 2791 2016 2839 sermone,
2043 2783 2096 2828 ct

519 2903 746 2946 veraces
793 2885 1043 2941 homines
1073 2881 1130 2935 in
1155 2878 1585 2933 familiaritatem
1642 2873 1936 2927 admittere
1975 2885 1993 2921 ι
2023 2867 2095 2920 ita

518 2984 666 3040 enim
723 2980 911 3036 ﬁrmus
969 2984 1027 3030 et
1076 2978 1342 3028 constans
1383 2969 1436 3022 in
1470 2966 1730 3022 omnibus
1760 2973 1815 3018 et
1849 2961 2011 3016 factis
2047 2968 2100 3016 et

2179 1856 2312 1926 μηδὲ
2366 1856 2594 1924 ἑτοίμως
2641 1849 2906 1920 ἐπιτιμῶν
2954 1850 3014 1900 ὲν
3045 1849 3163 1906 ταῖς
3190 1845 3587 1911 ἀναστροφαῖς·
3620 1860 3756 1911 φορ-

2176 1949 2326 2002 τικὸν
2355 1948 2481 2016 γάρ·
2534 1945 2670 2015 μηδὲ
2698 1945 2907 2012 γέλωτα
2930 1940 3146 2010 ἀκρατῆ
3179 1936 3372 2006 στέργε
3391 1953 3412 2010 ﬂ
3429 1934 3754 1988 ἀπαίδευτον

2179 2042 2308 2112 γάρ·
2346 2040 2482 2095 ἀλλὰ
2523 2037 2615 2089 ἔσο
2662 2034 3013 2106 μακρόθυμος
3053 2031 3154 2100 μὲν
3199 2029 3291 2082 ἐπὶ
3334 2029 3444 2090 τοῖς
3477 2026 3751 2088 πταίουσι,

2184 2111 2557 2202 φιλάνθρωπος
2598 2127 2656 2181 δὲ
2687 2128 2744 2178 ὲν
2784 2127 2897 2188 τοῖς
2929 2121 3257 2190 ἐπιτιμίοις,
3290 2117 3486 2189 σεμνὸς
3516 2116 3580 2168 τδ
3607 2111 3762 2184 ἦθος,

2187 2225 2360 2295 πρᾶος
2394 2221 2488 2274 τὸν
2523 2219 2702 2287 λόγον,
2729 2218 2935 2287 ἥμερος
2972 2215 3027 2266 δὲ
3053 2213 3148 2267 καὶ⁸
3178 2210 3492 2281 ὁμιλητικὸς
3525 2207 3618 2260 τδν
3642 2206 3770 2278 τρό-

2187 2333 2286 2368 πον
2306 2331 2318 2345 ·
2353 2311 2527 2366 ταῦτα
2553 2311 2662 2380 γὰρ
2690 2310 2908 2362 ᾶπαντα
2934 2305 3166 2374 ποθητόν
3198 2320 3256 2354 σε
3282 2302 3502 2371 ποιήσει
3530 2300 3641 2360 τοῖς
3666 2296 3772 2349 ὑπὸ

2188 2408 2365 2476 χεῖρα,
2399 2406 2493 2456 καὶ
2524 2402 2736 2470 πατέρα
2770 2398 2968 2468 μᾶλλον
3000 2397 3032 2465 ἢ
3064 2394 3287 2464 βασιλέα
3332 2389 3617 2444 καλεῖσθαι
3666 2405 3773 2441 παο

2197 2494 2552 2565 ρασκευάσει.

2547 2669 2681 2737 Περί
2709 2669 2996 2736 ἀληθείας
3009 2665 3108 2719 καὶ
3130 2663 3421 2735 ψεύδους.

2279 2767 2477 2837 Ἀληθῆ
2518 2766 2675 2834 λόγον
2707 2764 2849 2834 ἔχειν
2887 2762 3016 2834 περὶ
3043 2761 3298 2814 πλείστου
3327 2755 3506 2816 ποιοῦ.
3545 2753 3641 2806 καὶ
3683 2751 3786 2805 αύ-

2198 2861 2288 2922 τὸς
2332 2859 2496 2930 ἔχειν,
2547 2857 2640 2911 καὶ
2692 2857 2911 2925 ἑτέρους
2967 2846 3093 2916 τοὺς
3144 2851 3367 2921 ἔχοντας
3398 2844 3779 2930 ¹οἰκειοῦσθαι.

2203 2925 2494 3020 Οὕτω-γὰρ
2528 2949 2744 3020 βέϐαιός
2769 2964 2830 3000 τε
2859 2943 3000 3000 εἶναι
3057 2945 3230 3009 δόξεις
3259 2925 3405 3010 πρὸς⁸
3427 2937 3644 2992 ἅπαντά
3685 2953 3788 2987 σου

519 3073 686 3130 dictis
737 3064 1167 3127 existimaberis,
1195 3071 1252 3117 et
1304 3074 1487 3115 veram
1515 3073 1580 3113 ac
1625 3072 1730 3110 non
1785 3061 2093 3123 suspectam

2204 3046 2272 3097 τὰ
2302 3044 2576 3113 λεγόμενα
2630 3043 2724 3094 καὶ
2779 3038 3148 3109 πραττόμενα,
3181 3033 3276 3087 καὶ
3332 3031 3640 3085 ἀνύποπτον
3689 3028 3793 3080 καὶ

2212 3138 2232 3145 Α
2278 3137 2302 3145 ρ
2351 3137 2362 3145 .
2500 3134 2511 3145 ι
2617 3135 2629 3145 ι
2731 3133 2744 3145 ι
2851 3132 2901 3145 \u
3037 3129 3062 3140 ι·
3140 3127 3154 3145 ε
3197 3144 3200 3145 ,
3295 3126 3390 3145 l,.__
3419 3124 3444 3145 Ω
3476 3121 3762 3145 _--_.‘.L£--_

522 3175 742 3219 tuorum
774 3160 827 3213 in
860 3166 917 3212 te
964 3153 1400 3211 benevolentiam
1467 3148 1754 3204 retinebis.
1807 3145 1864 3199 Si
1919 3152 2093 3197 autem

2207 3137 2432 3207 βεϐαίαν
2461 3134 2559 3206 τὴν
2583 3135 2662 3197 είς
2697 3133 2755 3185 σὲ
2787 3132 2972 3202 φιλίαν
2996 3129 3104 3181 τῶν
3134 3126 3392 3196 ὑπηκόων
3415 3121 3790 3193 διαφυλάξεις.

523 3254 784 3311 vanitatis
810 3259 866 3306 et
887 3248 1160 3304 mendacii
1191 3248 1247 3300 in
1285 3243 1661 3314 suspicionem
1699 3239 1940 3301 veneris,
1965 3237 2106 3290 indi-

527 3361 632 3418 gna
664 3345 848 3399 facere
879 3337 1236 3410 imperatoria
1284 3335 1574 3404 maiestate
1646 3345 1752 3401 qua
1788 3338 1986 3382 auctus
2022 3342 2103 3389 es,

528 3435 898 3497 convinceris,
945 3430 1255 3498 eﬂ‘tciesque
1283 3434 1342 3481 ut
1367 3423 1596 3494 subiecti
1635 3419 2000 3481 formidolosi,
2043 3432 2106 3471 ac

531 3541 715 3582 rerum
743 3522 987 3578 omnium
1023 3517 1219 3572 incerti
1252 3516 1401 3576 sint;
1436 3521 1700 3582 quantum
1751 3509 1895 3561 enim
1947 3519 2107 3558 verax

485 3614 490 3618 ’
531 3614 708 3670 oratio
733 3609 1017 3665 amabilem
1047 3605 1322 3660 hominem
1351 3601 1552 3664 reddit,
1587 3603 1801 3651 tantum
1832 3592 2105 3648 mendacii

532 3704 897 3775 deprehensa,
945 3698 1232 3752 autetiam
1286 3700 1566 3761 suspecta,
1614 3688 1885 3748 odiosum,
1921 3683 2016 3753 qui
2050 3698 2110 3735 ea

541 3796 717 3848 utitur
739 3792 889 3844 facit.

1057 3957 1134 4012 De
1172 3952 1598 4024 magistratibus.

616 4049 1109 4121 Prazstantissimus
1153 4044 1492 4101 medicorum
1527 4041 1618 4096 ille
1643 4049 1750 4105 est,
1785 4039 1879 4109 qui
1911 4037 2120 4094 morbis

545 4144 824 4217 appositas
861 4140 1126 4195 adhibere
1170 4135 1323 4192 novit
1369 4132 1688 4189 curationes
1716 4139 1807 4186 :et
1836 4145 1931 4186 rex
1981 4130 2122 4201 opti—

547 4251 692 4299 mus,
722 4233 815 4305 qui
835 4246 930 4288 eos
967 4228 1210 4285 instituit
1241 4225 1597 4296 magistratus
1624 4262 1640 4289 ,
1676 4224 1828 4294 quia
1859 4220 2122 4290 subiectis

546 4340 764 4384 omnem
790 4322 1045 4393 iniuriam
1064 4333 1255 4375 arcere
1287 4330 1350 4371 ac
1373 4313 1695 4387 propulsare
1712 4321 1936 4383 queant.
1971 4310 2125 4366 Sicut

2209 3233 2270 3284 Εί
2326 3229 2436 3299 γὰρ
2467 3226 2688 3298 ψευδέσι
2717 3224 2899 3292 λόγοις
2928 3219 3163 3293 χρῆσθαι
3216 3215 3645 3285 ὑποπτευθείης,
3684 3212 3798 3266 κᾶν

2210 3317 2512 3386 βασιλεύειν
2565 3313 2931 3384 κατηξιώθης,
2994 3310 3108 3363 ἀλλ’
3161 3309 3356 3373 ἀνάξια
3385 3307 3481 3378 τῆς
3530 3305 3800 3376 τοιαύτης

2211 3409 2364 3474 ἀξίας
2393 3406 2856 3477 διαπραττόμενος
2883 3403 3184 3471 ἐλεγχθεὶς,
3227 3401 3320 3454 καί⁵
3348 3400 3620 3470 περιδεεῖς
3663 3397 3798 3458 τοὺς

2212 3501 2314 3554 ύπδ
2340 3502 2498 3570 χεῖρα
2545 3499 2641 3552 καὶ
2668 3495 3108 3566 τεταραγμένους
3141 3511 3224 3546 σοι
3267 3493 3477 3554 πάντας
3505 3486 3646 3543 εἶναι
3683 3505 3795 3541 πα·-

2216 3592 2600 3664 ρασκευάσεις.
2630 3591 2795 3643 Ὅσον
2829 3588 2938 3658 γὰρ
2998 3587 3026 3639 δ
3076 3585 3176 3654 τῆς
3224 3583 3481 3653 ἀληθείας
3512 3582 3671 3650 λόγος
3702 3580 3799 3632 τὸν

2215 3683 2554 3755 κεκτημένον
2583 3682 2751 3753 ἄνδρα
2786 3679 3020 3750 ποθητδν
3048 3676 3442 3748 ἀπεργάζεται,
3483 3672 3736 3727 τοσοῦτον
3768 3674 3802 3722 ὁ

2214 3777 2415 3846 ψευδής
2429 3792 2488 3828 τε
2518 3775 2611 3829 καὶ
2634 3773 2836 3841 ὕφαλος
2859 3772 2947 3823 τὸν
2972 3768 3361 3838 ἐπιτηδεύοντα
3383 3765 3659 3837 μισεῖσθαι
3686 3778 3797 3817 πα-

2221 3885 2288 3938 ρα
2295 3885 2387 3920 σκε
2393 3867 2497 3930 υάζ
2499 3884 2521 3917 ε
2531 3884 2566 3917 ι.

2806 3954 2945 4024 Περὶ
2982 3953 3196 4024 ἀρχῆς-ο

2302 4051 2510 4121 Ἰατρὸς
2543 4047 2747 4109 ἐκεῖνός
2765 4047 2914 4098 ἔστιν
2943 4044 3169 4115 ἀληθὴς,
3198 4043 3256 4105 ὃς
3278 4039 3645 4108 καταλλήλους
3683 4038 3798 4096 τοῖς

2219 4141 2492 4210 νοσήμασι
2513 4140 2613 4202 τὰς
2654 4137 2894 4206 ἰατρείας
2929 4135 3204 4206 ἐπιτίθησι
3226 4149 3241 4164 ο
3272 4131 3366 4186 καὶ
3387 4130 3638 4201 βασιλεὺς
3654 4128 3802 4180 εκεῖ-

2223 4231 2313 4295 νός
2337 4234 2484 4284 ἐστιν
2505 4229 2730 4298 ἀγαθὸς,
2764 4229 2823 4292 ὃς
2853 4227 3226 4297 ἀδικουμένων
3244 4224 3354 4279 τῶν
3382 4221 3640 4292 ὗτιηκόων
3675 4221 3806 4280 τοὺς

2227 4323 2328 4385 τὰς
2351 4321 2562 4383 ἀδικίας
2586 4318 2946 4384 ὲκδιώξαντας
2993 4318 3359 4389 προϐάλλεται
3408 4311 3807 4386 ἄρχοντας.Ὡς

551 4417 700 4473 enim
746 4412 1036 4486 equisonis
1091 4411 1270 4466 virtus
1319 4407 1542 4479 propria
1577 4413 1661 4461 est
1685 4405 1811 4475 equi
1861 4403 2092 4472 cniusqu

2199 4438 2204 4466 ν
2233 4414 2340 4485 γὰρ
2372 4412 2677 4481 ἱπποκόμου
2709 4411 2805 4482 μὲν
2836 4411 2986 4477 ῐδιον,
3015 4410 3077 4462 τδ
3103 4409 3211 4462 τῶν
3243 4408 3427 4462 ἵππων
3457 4406 3694 4460 ἑκάστου
3708 4404 3810 4472 τὴν

549 4523 715 4565 nosse
791 4503 1166 4577 prastantiam
1217 4519 1238 4569 ;
1293 4508 1351 4557 et
1420 4505 1745 4569 venatorum
1821 4497 2126 4567 intelligere

547 4608 818 4673 quantum
863 4598 1100 4666 quisque
1148 4608 1347 4648 canum
1403 4607 1572 4647 cursu
1617 4591 1796 4645 valeat
1845 4590 1910 4644 ad
1946 4604 2128 4660 perse-

543 4691 806 4762 quendas
825 4688 994 4751 teras,
1029 4699 1096 4739 ae
1126 4683 1481 4755 imperatoris
1514 4683 1718 4736 milites
1766 4696 1897 4737 suos
1918 4695 2127 4752 cOgno-

559 4798 743 4849 scere,
771 4790 826 4838 et
853 4793 959 4851 qua
1011 4776 1249 4848 quisque
1301 4790 1493 4831 eorum
1518 4773 1837 4829 fortitudine
1881 4774 1974 4839 sit,
2007 4789 2130 4843 per-

553 4882 800 4943 spectum
856 4870 1064 4926 habere
1100 4876 1350 4936 utquam
1410 4865 1620 4935 optime
1652 4864 1826 4920 aciem
1861 4866 2132 4921 instruere

556 4966 738 5020 valeat
773 4965 888 5018 :ita
948 4961 1078 5016 boni
1140 4959 1289 5029 regis
1325 4966 1413 5014 est
1445 4957 1864 5026 magistratuum
1905 4971 2131 5010 suorum

549 5069 766 5119 mores,
783 5052 1022 5116 animos,
1037 5058 1198 5105 actus
1214 5057 1268 5104 et
1289 5047 1594 5104 sententias
1617 5047 1947 5115 perdiscere,
1979 5056 2035 5099 ut
2066 5045 2135 5100 dc

560 5144 791 5216 singulis
844 5143 1075 5199 edoctus
1137 5153 1586 5210 unumquemque
1617 5137 1759 5192 sciat
1815 5152 1916 5192 suo
1941 5137 2136 5192 ordine

550 5236 872 5302 disponere,
905 5247 971 5288 ac
1005 5245 1203 5302 pravos
1255 5229 1476 5300 quidem
1510 5241 1572 5282 ac
1601 5226 1922 5296 pestilentes
1963 5227 2137 5283 homi-

564 5339 664 5380 nes
716 5339 749 5377 a
806 5322 1088 5391 republica
1159 5329 1411 5376 extorres
1477 5318 1713 5388 eiicere,
1775 5318 1975 5386 probos
2039 5333 2138 5373 au-

562 5425 672 5471 tem
700 5424 756 5470 et
787 5412 1007 5468 virtutis
1062 5420 1306 5466 amantes
1353 5411 1592 5480 publicis
1640 5411 1944 5465 honoribus
1977 5411 2139 5466 deco-

564 5521 707 5562 rare.

919 5597 994 5651 De
1024 5596 1246 5650 comitio
1277 5605 1324 5650 et
1347 5599 1787 5650 consideratione.

635 5687 772 5746 Esse
803 5689 905 5744 sibi
954 5689 1387 5745 consentientem
1447 5689 1683 5744 hominis
1736 5698 1818 5745 est
1875 5689 2055 5757 gravis
2091 5696 2143 5743 et

2223 4503 2425 4575 ἀρετὴν
2453 4500 2854 4572 ἐπιγινώσκειν,
2893 4501 3194 4571 κυνηγέτου
3227 4501 3286 4554 δὲ
3315 4500 3376 4552 τὸ
3423 4499 3550 4561 τοὺς
3579 4497 3811 4549 διώκον-

2223 4611 2325 4657 τας
2369 4594 2480 4647 τῶν
2508 4593 2686 4667 κυνῶν
2715 4594 2894 4657 καλῶς
2927 4592 3338 4660 ὲξεπίστασθαι,
3371 4589 3465 4643 καὶ
3498 4585 3812 4657 στρατηγῶ

2226 4687 2283 4739 δὲ
2309 4685 2370 4739 τὺ
2391 4686 2517 4749 τοὺς
2557 4686 2894 4756 στρατιώτας
2920 4684 3233 4757 γνωρίζειν,
3262 4682 3440 4736 ὁποῖοι
3459 4680 3560 4742 τὰς
3607 4679 3814 4748 ἀρετὰς

2231 4776 2568 4847 ὑπάρχουσιν
2594 4777 2846 4843 ἕκαστος,
2871 4778 2937 4829 ἵν’
2967 4779 3024 4829 ὲν
3054 4772 3354 4846 παρατάξει
3377 4771 3438 4824 τὸ
3469 4770 3691 4840 ἄριστον
3713 4769 3815 4836 τῆς

2229 4868 2506 4932 ὲκτάξεως
2534 4870 2666 4942 ἔχῃ·
2695 4870 2843 4922 οὓτω
2898 4871 2993 4923 καὶ
3046 4865 3312 4938 βασιλέως
3373 4862 3607 4932 ἀγαθοῦ,
3649 4860 3711 4914 τὺ
3743 4859 3815 4914 τὰ

2233 4963 2336 5032 ἤθη
2371 4964 2465 5015 καὶ
2510 4964 2636 5026 τοὺς
2685 4964 2920 5034 τρόπους
2947 4961 3166 5024 καὶτὰς
3209 4957 3413 5030 ἀρετὰς
3451 4958 3546 5010 καὶ
3591 4955 3816 5024 γνώμας

2231 5053 2347 5103 τῶν
2371 5053 2462 5105 ὑπ’
2499 5053 2662 5106 αὑτὸν
2707 5053 2986 5125 ἀρχόντων
3013 5048 3442 5121 ἁναμανθάνειν,
3490 5047 3557 5100 ἵν’
3588 5049 3818 5114 ἐπιστη-

2237 5143 2413 5213 μόνως
2441 5144 2535 5214 ἔχῃ
2567 5145 2698 5214 περὶ
2748 5144 3009 5206 ἑκάστου,
3037 5144 3134 5196 καὶ
3166 5139 3521 5210 καταλλήλως
3551 5137 3643 5190 τὸν
3691 5135 3824 5188 καθ’

2236 5235 2333 5288 ἕνα
2363 5238 2428 5308 τῇ
2475 5235 2827 5307 προσηκούσῃ
2857 5235 3008 5301 τάξει
3037 5234 3374 5288 διατάττειν·
3439 5229 3532 5281 καὶ
3565 5228 3693 5289 τοὺς
3723 5227 3829 5296 μὲν

2237 5321 2457 5391 λοιμοὺς
2501 5325 2598 5391 τῆς
2625 5324 2904 5385 πολιτείας
2956 5322 3250 5393 ἐξορίζειν,
3281 5321 3409 5382 τοὺς
3461 5315 3707 5378 εὐσεϐεῖς
3765 5315 3827 5368 δὲ

2239 5415 2332 5466 καὶ
2362 5415 2648 5485 ἐναρέτους
2705 5415 2803 5477 τὰς
2862 5414 3154 5477 πολιτικὰς
3179 5412 3356 5482 ἀρχὰς
3385 5409 3610 5463 διοικεῖν
3655 5423 3833 5460 κατα-

2243 5504 2540 5556 πιστεύειν.

2594 5597 2730 5664 Περὶ
2770 5597 3009 5663 βουλῆς
3050 5597 3145 5648 καί
3172 5595 3471 5661 σκέψεως.

2321 5689 2533 5757 Ἵὶσπερ
2566 5689 2624 5741 τὸ
2647 5688 2825 5757 ἑαυτῷ
2852 5689 3164 5757 συμφωνεῖν
3189 5685 3436 5755 ἔμφρονα
3487 5683 3578 5734 καὶ
3614 5683 3834 5732 ἐπαινε-
