3992 6204
862 157 881 207 δ

277 270 473 312 ιιιγιι

1038 260 1319 321 BASILII
1352 263 1509 323 IMP.
1542 264 1984 328 PARENESIS
2014 270 2111 330 AD
2151 272 2456 333 LEONEM
2500 276 2796 338 FILIUM.

3319 300 3525 346 XXXV!”

270 372 361 424 τὸν
383 367 650 439 τὸνάνδρα
689 370 1107 440 χαρακτηρίζει,
1158 372 1302 427 οὕτω
1330 375 1390 427 ιδ
1445 380 1560 440 τοῖς
1617 378 1822 440 οἰκείως

1943 384 2155 440 cordati
2185 405 2198 440 :
2236 389 2695 456 quemadmodum
2725 406 2969 461 pugnare
2992 408 3178 449 secum
3202 396 3363 454 dictis
3377 411 3431 455 et
3456 403 3525 457 fn-

270 458 619 529 διαμάχεσθαι
649 459 744 512 καὶ
760 458 939 526 λόγοις
962 461 1056 513 καὶ
1083 463 1371 531 πράγμασι
1394 464 1594 533 ψεκτόν
1626 484 1677 520 τι
1713 485 1841 537 χρη-

275 552 481 621 ματίζει
510 553 601 604 καὶ
632 551 852 619 ἀγενὲς.
871 552 966 605 καὶ
989 553 1089 605 οὐκ
1115 554 1328 625 ἀγαθῆς
1353 557 1670 627 ὑπολήψεώς
1696 561 1842 612 ἐστιν

274 644 636 713 ὲγγύς.”Ατ-.ερ
653 639 749 696 οὖν
767 642 798 712 ἢ
825 643 1007 711 λέγειν
1025 645 1058 715 ἢ
1079 646 1339 716 πράττειν
1355 647 1555 718 βούλει,
1575 651 1843 720 μηδέποτε

275 734 683 805 ἀπερισκέπτως
717 735 991 806 προϐάλῃ,
1018 738 1114 790 καὶ
1170 738 1409 809 οὐδαμοῦ
1468 741 1682 811 σεαυτῷ
1721 743 1839 796 δια·

279 824 571 894 μαχόμενος
599 823 918 894 φωραθείης
952 842 967 857 ·
1000 826 1129 897 ῥίζα
1170 827 1270 898 μὲν
1294 832 1405 899 γὰρ
1456 832 1551 885 τοῦ
1598 834 1840 887 τοιούτου

280 913 468 975 πάθους
504 915 535 982 ἠ
560 912 791 967 ἀϐουλία
817 930 832 943 ·
861 916 910 966 εί
936 914 993 968 δὲ
1018 916 1158 985 μετά
1187 917 1383 989 βουλῆς
1422 920 1637 975 ἅπαντα
1662 927 1842 993 πράτ-

281 1020 405 1069 τεις,
454 1003 545 1075 τὴν
575 1002 741 1075 ῥίζαν
792 1008 1172 1078 προεκτεμὼν,
1200 1011 1323 1064 οὐδέ
1337 1027 1457 1064 ποτε
1496 1017 1707 1086 σεαυτῷ
1739 1035 1841 1087 μαι

282 1094 489 1165 χόμενος
515 1095 825 1168 εὑρεθείης.

810 1190 949 1257 Περὶ
989 1191 1295 1259 εὐνομίας.

348 1280 511 1349 Νόμον
532 1280 781 1350 ἄγραφον
808 1280 902 1335 τὸν
932 1282 1163 1336 σεαυτοῦ
1190 1286 1394 1355 τρόπον
1423 1291 1536 1351 τοῖς
1566 1290 1833 1359 ὑπηκόοις

289 1372 548 1440 παρέξεις,
575 1372 669 1423 καὶ
704 1372 806 1441 τὴν
845 1373 1068 1445 μνήμην
1104 1375 1339 1446 ἄληστον
1391 1380 1490 1449 τῆς
1541 1382 1641 1451 σῆς
1687 1381 1838 1449 βασις

289 1462 423 1524 λείας
444 1461 787 1531 διατηρήσεις
807 1501 825 1526 ,
853 1462 953 1515 ὲάν
982 1466 1077 1519 καὶ
1103 1467 1267 1531 αὐτὸς
1293 1472 1406 1531 τοῖς
1438 1470 1621 1534 καλῶς
1648 1474 1836 1542 κειμέ-

294 1570 393 1615 νοις
422 1554 582 1622 νόμοις
607 1553 722 1607 τῶν
754 1554 865 1624 πρὸ
901 1554 997 1609 σοῦ
1030 1555 1299 1625 βασιλέων
1332 1563 1834 1635 συνακολουθήσεις,

301 1646 387 1695 ιιι
410 1645 595 1706 τούτους
622 1645 1022 1714 ἀπαρασάτους
1052 1648 1434 1704 πολιτεύεσθαι
1462 1652 1833 1725 διατηρήσεις.

1947 478 2051 531 etis
2072 478 2309 534 hominis
2335 488 2419 534 est
2443 481 2576 537 levis
2596 484 2859 551 omnique
2881 488 3306 549 reprehensione
3331 493 3483 564 digni
3503 515 3518 559 ;

1948 582 2011 621 ac
2035 570 2184 637 pravi
2204 570 2397 638 judicii
2424 583 2801 642 argumentum
2818 586 2923 632 est.
2943 579 3074 644 Quae
3089 596 3219 651 ergo
3234 594 3326 639 aut
3340 585 3525 646 dicere

1946 668 2040 712 aut
2072 659 2249 716 facere
2266 662 2620 719 meditaberis
2650 680 2783 720 cave
2804 684 2871 721 ne
2904 670 3215 725 inconsulte
3243 674 3517 741 proferas,

1946 764 2013 800 ne
2068 750 2279 817 uspiam
2328 750 2512 805 minus
2567 752 2664 807 tibi
2714 765 2971 812 constare
3021 760 3455 827 deprehenderis
3503 786 3516 819 :

1944 840 2109 908 hujus
2132 842 2275 895 enim
2306 843 2435 897 mali
2477 845 2629 898 radix
2664 854 2748 899 est
2774 848 3079 905 inconsulta
3106 854 3435 911 temeritas:
3469 857 3518 912 si

1944 936 2123 984 autem
2150 932 2403 986 consulto
2427 934 2612 988 omnia
2638 933 2856 1001 feceris,
2897 940 3135 995 radicem
3194 944 3343 998 illam
3388 962 3519 1001 cunt

1944 1022 2283 1090 praecideris,
2346 1039 2630 1093 nunquam
2667 1040 2697 1079 a
2728 1035 2779 1081 te
2809 1027 3078 1085 dissidere
3124 1037 3511 1104 comperioris.

2223 1200 2300 1255 De
2331 1201 2590 1255 bonarum
2626 1203 2796 1272 legum
2849 1208 3229 1262 observatione.

2015 1290 2207 1360 Legem
2244 1308 2351 1346 non
2404 1296 2664 1363 scriptam
2699 1311 2879 1350 mores
2928 1298 3006 1351 tui
3044 1300 3284 1357 subditis
3316 1318 3515 1373 reprae-

1947 1390 2197 1445 sentem;
2234 1382 2306 1434 ita
2371 1382 2731 1437 immortalem
2762 1388 2912 1455 regni
2967 1388 3045 1441 tui
3078 1394 3394 1447 memoriam
3426 1412 3514 1449 re-

1941 1472 2179 1540 linques,
2203 1471 2247 1526 si
2267 1482 2319 1525 et
2338 1473 2454 1542 ipse
2475 1474 2633 1528 bonis
2652 1474 2859 1543 legibus
2874 1480 3337 1545 prmdecessorum
3354 1485 3515 1540 obse-

1941 1560 2153 1629 quaris,
2186 1571 2238 1615 et
2279 1562 2331 1614 in
2373 1562 2848 1619 administratione
2889 1567 3199 1636 reipublicae
3236 1586 3331 1627 eas
3370 1589 3511 1627 nun-

1937 1666 2101 1720 quam
2135 1654 2601 1722 praztergrediaris
2635 1674 2647 1708 :
2681 1665 2737 1709 et
2776 1650 2898 1727 qua:
2932 1658 3185 1717 subditos
3214 1662 3511 1720 observare

316 1737 378 1787 ’Δ
401 1736 481 1805 γάρ
499 1736 611 1799 τοὺς
641 1738 751 1790 ὑπὸ
772 1740 936 1807 χεῖρα
965 1739 1255 1807 φυλάττειν
1284 1742 1636 1811 ἀναγκάσεις,
1656 1744 1822 1799 ταῦτα

1934 1756 2115 1813 coges,
2138 1743 2253 1813 ipse
2267 1745 2437 1798 multo
2456 1747 2629 1817 magis
2642 1762 2704 1801 ea
2722 1751 2975 1804 servandi
3001 1752 3097 1807 tibi
3122 1755 3506 1812 necessitatem

474 1829 663 1897 μᾶλλον
690 1833 884 1899 τηρεῖν
913 1832 1127 1901 σεαυτῷ
1175 1833 1276 1904 τὴν
1325 1836 1573 1907 ἀνάγκην
1618 1838 1825 1901 ἐπίθες.

294 1918 350 1971 ει
373 1921 460 1989 γὰρ
485 1921 640 1984 αὐτὸς
667 1922 780 1973 τῶν
811 1922 921 1992 πρὸ
951 1922 1047 1976 σοῦ
1067 1926 1180 1987 τοῖς
1206 1926 1391 1995 νόμοις
1420 1928 1484 1979 οὐ
1512 1929 1826 2001 πολιτεύσῃ,

286 2011 391 2063 οὐδὲ
429 2014 534 2075 τοῖς
577 2015 686 2077 σοῖς
717 2014 899 2084 ἕτεροι
931 2014 1301 2087 θεσπίσμασιν
1334 2019 1582 2089 ἔψονταν
1613 2024 1706 2077 καὶ
1738 2024 1829 2079 οὔ·

1931 1834 2201 1903 impones.
2233 1835 2289 1889 Si
2319 1837 2468 1890 enim
2498 1840 2703 1907 positas
2732 1855 2765 1894 a
2800 1841 3100 1911 majoribus
3134 1845 3281 1915 leges
3304 1846 3359 1900 in
3416 1863 3503 1905 re-

1931 1925 2146 1995 publica
2165 1927 2401 1996 gerenda
2425 1929 2825 1998 repudiaveris,
2846 1948 2947 1987 nec
2965 1936 3145 1990 ueteri
3173 1937 3367 1992 edictis
3395 1939 3506 1993 tuis

1928 2017 2383 2086 obtemperabant
2408 2036 2423 2071 :
2448 2027 2611 2089 atque
2645 2022 2721 2075 ita
2748 2022 2838 2077 ﬁet
2867 2034 2927 2078 ut
2957 2026 3105 2096 leges
3138 2027 3261 2082 alia:
3286 2030 3357 2084 ab
3382 2030 3507 2083 aliis

280 2118 385 2164 τως
427 2104 474 2154 οἱ
517 2105 662 2172 νόμοι
700 2106 786 2157 ὑπ’
812 2106 1060 2176 ἀλλήλων
1094 2108 1555 2180 ἀνατρεπόμενοι,
1584 2116 1822 2189 ταραχῆς

1932 2109 2161 2164 invicem
2231 2109 2542 2177 subversae,
2588 2111 2918 2169 confusione
2969 2130 3034 2170 ac
3089 2120 3504 2185 perturbatione

288 2192 384 2245 καὶ
433 2194 724 2264 συγχύσεως
762 2198 850 2250 τὸν
912 2197 1026 2267 βίον
1081 2199 1203 2252 ὅλον
1242 2202 1600 2273 ἐμπλήσουσι,
1650 2208 1720 2261 δι’
1748 2204 1822 2261 ὧν

1932 2198 2319 2268 rempublicam
2393 2208 2565 2254 totam
2629 2202 2931 2271 impleant;
2991 2221 3099 2274 qua
3157 2208 3379 2277 quidem
3439 2227 3505 2265 ex

289 2282 528 2347 πολλάκις
551 2285 810 2357 ὁλόκληρα
839 2287 969 2359 ἔθνη
1003 2290 1141 2362 πρὸς
1170 2296 1555 2365 καταστροφὴν
1595 2298 1822 2352 κατωλί·

1932 2290 2067 2356 iuris
2113 2290 2394 2346 eversione
2425 2307 2799 2361 saepenumero
2862 2303 2987 2350 tota:
3020 2298 3272 2353 nationes
3299 2302 3365 2354 ad
3415 2304 3503 2356 in-

279 2374 480 2444 σθησιν.

1932 2380 2151 2434 teritum
2180 2392 2308 2435 sunt
2343 2382 2601 2437 redactae.

687 2472 825 2541 Περὶ
864 2473 1096 2529 σκαιῶν
1128 2475 1389 2544 ἀνδρῶν.

2376 2471 2453 2526 De
2470 2473 2698 2541 perditis
2714 2474 3039 2532 hominibus.

332 2562 546 2632 Δοιμοὺς
573 2563 782 2633 ἄνδρας
827 2564 932 2634 τῆς
956 2565 1234 2630 πολιτείας
1264 2567 1497 2637 ὲξόριζε,
1530 2572 1627 2624 καὶ
1659 2574 1822 2641 μηδέ-

1997 2563 2043 2616 A
2094 2562 2410 2633 reipublica:
2436 2564 2760 2620 muneribus
2786 2567 3030 2635 perditos
3060 2568 3310 2627 homines
3351 2589 3505 2628 sum-

266 2668 385 2706 ιοτε
406 2656 511 2717 τοῖς
531 2654 797 2718 τοιούτοις
820 2655 1001 2725 ἀρχὴν
1024 2656 1490 2731 καταπιστεύσῃς.
1515 2660 1600 2715 ἵνα
1635 2662 1709 2732 μὴ
1732 2663 1822 2717 καὶ

1932 2661 2162 2717 moveto,
2202 2669 2379 2724 neque
2445 2655 2613 2709 ullum
2640 2656 2707 2710 iis
2735 2657 3119 2727 magistratum
3165 2664 3501 2729 committas,

266 2742 410 2806 αὐτὸς
450 2745 634 2815 ὅμοιος
679 2745 912 2808 ἐκείνοις
961 2740 1102 2800 εἶναι
1145 2746 1324 2818 δόξης,
1357 2749 1452 2802 καὶ
1495 2750 1700 2821 χαίρων
1730 2753 1822 2806 ἐπὶ

1932 2761 1994 2801 ne
2026 2754 2080 2801 et
2100 2746 2217 2815 ipse
2247 2746 2446 2802 similis
2472 2748 2555 2802 eis
2600 2738 2759 2814 esse,
2788 2761 2955 2819 atque
2990 2752 3258 2821 improbis
3305 2769 3497 2811 eorum

261 2836 369 2898 ταῖς
414 2834 639 2890 ἐκείνων
686 2834 962 2899 ἀδικίαιςο
1014 2837 1051 2890 ἃ
1083 2837 1194 2907 γάρ
1228 2839 1295 2891 ἂν
1325 2839 1522 2892 ἐκεῖνοι
1574 2842 1821 2911 πράξωσι

1932 2834 2086 2889 factis
2143 2835 2377 2906 gaudere
2436 2835 2690 2893 videaris.
2761 2836 2898 2891 Nam
2959 2854 3301 2911 quaecunque
3361 2845 3501 2899 mala

261 2926 410 2993 κακὰ,
438 2928 519 2980 σοὶ
551 2928 758 2981 τούτων
810 2928 909 2993 τὰς
960 2929 1140 2992 αίτίας
1191 2928 1547 3001 ἀναθησουσι,
1577 2934 1672 2985 καὶ
1721 2935 1822 3002 τῆς

1932 2924 2001 2980 illi
2052 2926 2505 2995 perpetraverint,
2538 2940 2602 2981 ea
2634 2926 2732 2982 tibi
2794 2928 3017 2983 crimini
3050 2929 3280 2995 dabunt,
3343 2941 3504 3003 teque

258 3020 463 3073 ἐκείνων
500 3019 717 3089 φαύλης
759 3018 986 3090 γνώμης
1025 3022 1278 3073 κοινωνόν
1310 3038 1368 3073 σε
1395 3022 1694 3092 νομίσουσι,
1724 3026 1821 3078 καὶ

1932 3028 2195 3085 perversa
2228 3015 2527 3071 voluntatis
2547 3032 2736 3073 eorum
2770 3020 3090 3089 participem
3147 3036 3272 3078 esse
3289 3023 3499 3091 judica-

257 3109 392 3178 λόγον
418 3111 637 3179 ὑφέξεις
665 3110 793 3181 περὶ
813 3110 995 3165 αὐτῶν
1020 3111 1098 3181 τῷ
1127 3111 1265 3182 Θεῷ.
1311 3112 1373 3167 Ἠ
1399 3114 1507 3182 γὰρ
1536 3114 1644 3168 τῶν
1680 3116 1819 3183 φαύ-

255 3197 349 3251 λων
376 3198 682 3269 ἀνθρώπων
708 3198 1032 3270 προαγωγὴ,
1059 3198 1168 3252 τῶν
1211 3201 1637 3271 προαγαγόντων
1671 3203 1817 3256 ἐστιν

253 3289 456 3360 ἔλεγχος
489 3290 727 3362 ἀκριϐὴς
752 3330 767 3357 ,
803 3292 897 3344 καὶ
927 3291 996 3345 τὰ
1039 3291 1270 3352 ἐκείνοις
1311 3295 1677 3364 πεπραγμένα
1720 3312 1818 3348 πο-

250 3384 380 3451 νηρὰ
403 3385 517 3445 τοῖς
552 3381 1063 3454 προχειριζομένοις
1097 3384 1293 3447 αὐτοὺς
1317 3383 1560 3450 ἅπαντες
1588 3387 1817 3459 ιπιγράο

251 3490 447 3541 φονται.
482 3474 763 3540 Σπούδαζε
790 3474 887 3528 οὖν
924 3474 1158 3545 μάλιστα
1190 3476 1313 3539 τοὺς
1338 3476 1578 3544 ἀγαθοὺς
1617 3480 1816 3550 ἄνδρας

246 3565 642 3634 προδάλλεσθαι
670 3566 961 3638 ἄρχοντας,
995 3568 1085 3620 ἵνα
1125 3567 1184 3620 αἱ
1232 3568 1396 3623 καλαὶ
1425 3570 1606 3624 αὐτῶν
1634 3574 1816 3642 φῆμαι

247 3657 331 3720 σὸς
373 3658 643 3726 γένωνται
690 3657 919 3727 κόσμος,
948 3659 1045 3711 καὶ
1072 3658 1217 3729 ἅπερ
1248 3659 1448 3713 ἐκεῖνοι
1483 3662 1815 3733 πράττουσιν

243 3746 437 3815 ἀγαθὰ,
462 3749 558 3801 σοὶ
581 3746 756 3803 ταῦτα
786 3748 850 3803 τὸ
877 3749 1118 3819 ὑπήκοον
1147 3751 1518 3820 ἐπιγράφηται
1536 3765 1550 3781 ·
1603 3753 1813 3808 πολλῶν

240 3842 341 3913 γὰρ
372 3844 677 3915 χρημάτων
704 3844 970 3916 κρείττων
1000 3846 1029 3898 ὀ
1054 3846 1205 3916 παρὰ
1237 3848 1332 3900 τοῦ
1378 3846 1617 3916 πλήθους
1650 3850 1813 3905 ἔπαιε

240 3951 341 3999 νος.

818 4032 957 4100 Περὶ
997 4031 1230 4099 ἐλέους.

301 4118 447 4189 ἐιη
491 4119 816 4189 χρημάτων.
849 4120 925 4191 μὴ
970 4120 1132 4192 χάριν
1176 4121 1392 4193 ἡδονῆς,
1437 4125 1575 4181 ἀλλά
1622 4128 1812 4198 χρείας

234 4204 395 4259 ἕνεκα
420 4207 520 4278 τῆς
552 4209 876 4276 ἀναγκαίας,
902 4210 937 4280 ἢ
970 4210 1057 4263 ἵνα
1084 4213 1195 4273 τοῖς
1222 4211 1543 4284 δυστυχοῦσι
1584 4215 1808 4288 βοηθῇς,

236 4298 265 4365 ἦ
293 4298 385 4350 ἵνα
414 4300 526 4361 τοῖς
558 4299 703 4369 ὑπὲρ
758 4298 1007 4369 ἀλλήλων
1033 4300 1288 4371 θνήσκειν
1312 4305 1654 4375 αἱρουμένοις
1681 4326 1810 4381 χορ-

236 4389 474 4459 ηγῇς.Ἦ
507 4390 617 4461 γὰρ
644 4391 821 4455 ἄλλως
858 4394 1261 4463 φιλοχρηματία
1282 4395 1344 4448 οὐ
1374 4396 1534 4465 μόνον
1549 4398 1815 4468 ὠφέλειαν
1850 4422 1894 4478 υ

235 4481 287 4533 οὐ
320 4484 491 4545 ποιεί,
521 4482 659 4535 ἀλλά
710 4482 804 4535 καὶ
859 4482 1064 4553 βλάϐην
1100 4484 1301 4554 μᾶλλον
1330 4485 1609 4555 προξενεῖ.
1646 4492 1818 4545 [1106-

231 4588 315 4636 τος
348 4573 456 4642 μιν
486 4573 598 4643 γάρ
630 4573 706 4643 μὴ
730 4573 799 4626 δι’
828 4575 1034 4645 ἀρετὴν
1066 4576 1425 4647 ἐνυπάρχων,
1455 4580 1654 4645 κακίας
1685 4583 1819 4651 μᾶλα-

233 4662 354 4730 Iov,
399 4664 521 4717 ἀλλ’
550 4664 651 4718 οὐκ
702 4664 905 4735 ἀρετῆς
950 4665 1233 4739 ὑπηρέτης
1282 4668 1453 4723 ἐστίν.
1469 4670 1528 4726 '0
1558 4670 1615 4724 δὲ
1660 4672 1818 4743 χάριν

234 4754 436 4826 ἀρετῆς
479 4756 703 4825 προσὼν
746 4758 863 4820 τοῖς
910 4758 1275 4827 κεκτημένοις
1329 4761 1544 4831 μεγάλα
1593 4762 1819 4818 δύναται

232 4844 480 4916 may,
516 4848 614 4902 καὶ
646 4849 749 4913 τὰς
777 4848 959 4920 ψυχὰς
997 4850 1183 4905 αὐτῶν
1215 4852 1310 4905 καὶ
1352 4852 1424 4905 τά
1456 4852 1687 4922 σώματα
1706 4869 1720 4882 °
1756 4854 1818 4908 τὸ

231 4938 333 5004 μὲν
356 4940 477 5003 τοῖς
512 4939 791 5009 δεομένοις
834 4940 1277 5010 δαψιλευόμενος,
1306 4941 1368 4995 τὸ
1419 4941 1477 4996 δὲ
1511 4946 1629 5005 τοῖς
1676 4944 1814 5010 ἀγαι-

229 5029 343 5092 σοες
374 5030 688 5101 inquit»
710 5032 1239 5104 ὲπιχορηγούμενος.
1276 5032 1507 5087 Elimia.
1551 5033 1662 5104 γὰρ
1701 5035 1813 5105 ἀμ-

225 5122 459 5191 νότιρα,
485 5124 594 5178 κᾶν
614 5124 899 5197 διαφόροις
922 5125 1304 5196 ἐπιγράφηται
1328 5128 1442 5188 τοῖς
1467 5125 1719 5196 ὀνόμασι.

696 5304 835 5372 Περὶ
866 5302 1104 5373 ἀγάπης
1134 5304 1349 5372 φίλων.

287 5398 464 5452 οὐδὲν
488 5399 733 5467 ἀγάπης,
760 5397 837 5461 ὡς
866 5397 1036 5463 ἔοικε,
1070 5396 1479 5467 κραταιότερον.
1509 5396 1668 5449 Φίλου
1700 5397 1809 5467 γὰρ

221 5488 455 5560 ἀληθοῦς
502 5490 608 5542 οὐκ
640 5488 789 5543 ἔστιν
837 5487 1195 5557 ἀντάλλαγμα
1241 5488 1351 5541 τῶν
1400 5488 1569 5541 ὄντων
1610 5488 1765 5541 οὐδέν
1790 5507 1802 5520 ο

222 5583 459 5648 φύλαττε
503 5580 600 5635 οἷον
634 5581 731 5651 τὴν
759 5582 943 5648 φιλίαν
990 5582 1049 5632 ἐν
1092 5581 1253 5634 παντὶ
1304 5578 1480 5649 καιρῷ
1518 5579 1613 5632 καὶ
1652 5580 1804 5650 τόπῳ

224 5674 359 5737 πρὸς
390 5676 517 5738 τοὺς
543 5672 801 5743 γνησίους
826 5670 1161 5741 σοινφίλους,
1186 5672 1272 5725 ἵνα
1305 5672 1398 5739 καὶ
1444 5670 1599 5724 αὐτοὶ
1630 5669 1803 5723 ἀνύπ-

1929 3106 2064 3163 bunt
2101 3124 2116 3162 :
2151 3109 2284 3179 quin
2317 3109 2483 3165 etiam
2520 3110 2588 3165 de
2629 3110 2844 3165 illorum
2898 3112 3204 3167 sceleribus
3232 3115 3497 3171 rationem

1930 3202 2039 3257 Deo
2088 3217 2149 3258 es
2205 3201 2516 3259 redditurus
2560 3221 2571 3255 :
2612 3203 2951 3272 perditorum
3015 3205 3160 3258 enim
3216 3205 3498 3262 hominum

1927 3296 2199 3364 promotio
2229 3304 2380 3350 certa
2401 3295 2797 3350 condemnatio
2818 3306 2901 3352 est
2926 3312 3145 3361 eorum,
3199 3299 3293 3367 qui
3344 3298 3497 3369 ipsos

1926 3393 2315 3455 provexerunt,
2338 3394 2394 3441 et
2420 3388 2685 3443 scelerata
2714 3402 2904 3442 eorum
2936 3387 3183 3443 facinora
3208 3388 3318 3445 illis
3339 3393 3499 3444 attri-

1926 3477 2190 3541 buuntur,
2223 3477 2320 3546 qui
2366 3476 2590 3533 eosdem
2623 3486 3038 3547 promoverunt.
3096 3477 3232 3532 Vide
3286 3493 3417 3548 ergo
3440 3491 3499 3532 ut

1925 3569 2097 3624 bonus
2160 3568 2310 3623 viros
2332 3569 2397 3623 ad
2426 3568 2662 3623 honores
2710 3572 2939 3632 evehas,
2968 3579 3026 3622 ut
3077 3568 3219 3622 bona
3246 3568 3314 3622 de
3339 3568 3499 3622 factis

1920 3675 2110 3715 eorum
2158 3659 2303 3715 fama
2363 3660 2592 3727 gloriam
2646 3668 2794 3713 tuam
2864 3668 3085 3725 augeat,
3104 3671 3226 3709 cum
3262 3658 3496 3727 subjecti

1923 3750 2181 3819 praeclara
2242 3748 2456 3801 illorum
2491 3757 2645 3816 gesta
2704 3747 2802 3802 tibi
2865 3746 3161 3815 ascripturi
3224 3748 3500 3804 sintzest

1920 3839 2066 3895 enim
2104 3854 2135 3894 a
2162 3838 2362 3910 popqu
2396 3838 2777 3895 consentiente
2821 3838 3069 3908 profecta
3114 3838 3234 3896 laus
3260 3842 3495 3912 =magnis

1919 3928 2116 3999 opibus
2150 3929 2307 4000 longe
2328 3927 2694 3998 praestantior.

2452 4018 2525 4073 De
2572 4019 2966 4076 misericordia.

1989 4113 2365 4177 Necessitatis,
2383 4112 2808 4182 nonvoluptatis
2836 4128 3005 4169 causa
3032 4114 3262 4170 divitias
3291 4123 3495 4178 amato.

1918 4222 2114 4276 nempe
2131 4216 2191 4265 ut
2214 4214 2309 4262 aut
2351 4205 2631 4276 egentium
2688 4206 2931 4275 inopiam
2988 4207 3268 4273 subleves,
3294 4216 3387 4261 aut
3428 4208 3496 4263 iis

1917 4301 2012 4370 qui
2042 4314 2142 4370 pro
2185 4313 2245 4353 se
2281 4298 2515 4352 invicem
2572 4297 2713 4350 mori
2756 4298 2931 4366 parati
2993 4306 3181 4362 erunt,
3241 4309 3497 4368 sumptus

1923 4390 2272 4461 suppeditas;
2316 4387 2524 4457 alioqui
2573 4388 2718 4442 enim
2775 4388 3022 4455 pecuniae
3052 4388 3330 4458 cupiditas
3382 4403 3494 4443 non

1923 4483 2101 4537 solum
2162 4480 2301 4534 nihil
2351 4478 2507 4535 alien
2563 4478 2942 4543 emolumenti,
2975 4479 3069 4533 sed
3104 4479 3493 4532 detrimentum

1920 4572 2105 4643 potius
2135 4570 2310 4625 affert.
2364 4568 2511 4639 Opes
2538 4569 2862 4638 enim,qu:e
2912 4569 3131 4624 virtutis
3174 4583 3310 4639 ergo
3378 4584 3489 4625 non

1918 4674 2334 4727 coacervantur.
2393 4661 2649 4718 vitiorum
2700 4661 2885 4732 potius
2910 4675 3075 4730 quam
3112 4662 3331 4717 virtutis
3360 4672 3489 4717 sunt

1922 4756 2231 4820 ministra;
2263 4770 2386 4824 quae
2425 4762 2611 4809 autem
2640 4754 2708 4809 ad
2761 4753 2986 4809 virtutis
3042 4751 3220 4806 olIicia
3267 4766 3491 4820 compao-

1920 4856 2136 4909 rantur,
2168 4857 2548 4914 possessorum
2576 4843 2776 4898 animis
2797 4854 2852 4898 et
2876 4841 3202 4911 corporibus
3222 4840 3489 4911 juvandis

1921 4950 2146 5006 magnas
2174 4933 2409 4989 afferunt
2446 4934 2731 4995 utilitates,
2760 4947 2885 4986 cum
2921 4939 3016 4984 aut
3049 4931 3237 5001 egenis
3262 4932 3491 5001 copiose

1916 5031 2238 5097 erogantur,
2266 5033 2362 5079 aut
2396 5024 2631 5079 fortibus
2653 5030 2708 5079 et
2748 5020 3000 5077 fidelibus
3033 5020 3228 5075 amicis
3268 5021 3485 5089 impen-

1914 5117 2121 5173 duntur
2160 5134 2173 5169 :
2206 5123 2497 5183 utrumque
2526 5111 2672 5167 enim
2709 5109 3082 5164 beneﬁcentia:
3114 5107 3352 5164 cilicium
3375 5117 3481 5171 est,

1915 5206 2133 5264 etiamsi
2164 5206 2272 5260 alio
2309 5216 2472 5273 atque
2498 5202 2608 5257 alio
2630 5200 2851 5255 nomine
2876 5198 3232 5253 inser-ibatur.

2338 5294 2416 5350 De
2435 5294 2727 5347 amicorum
2743 5290 3024 5345 charitate.

1984 5389 2128 5445 Nihil
2188 5388 2463 5458 potentius
2498 5383 2757 5441 amicitiae
2807 5382 3030 5439 vinculo
3065 5396 3189 5438 esse
3216 5381 3432 5436 videtur
3465 5400 3479 5436 :

1910 5483 2048 5538 nihil
2075 5481 2221 5536 enim
2250 5485 2334 5533 est
2364 5479 2418 5530 in
2453 5475 2617 5529 rebus
2682 5475 2938 5529 humanis
2972 5471 3122 5545 quod
3149 5487 3273 5528 cum
3302 5471 3483 5526 amico

1912 5577 2057 5631 ﬁdeli
2093 5574 2393 5644 permutari
2427 5574 2601 5643 possit
2637 5588 2650 5623 :
2679 5570 2830 5626 omni
2873 5569 3039 5639 igitur
3068 5574 3121 5622 et
3149 5578 3399 5637 tempore
3428 5574 3483 5618 et

1912 5670 2034 5724 loco
2070 5682 2194 5722 cum
2240 5666 2491 5723 ﬁdelibus
2545 5663 2739 5719 amicis
2784 5660 3247 5717 necessitudinem
3299 5672 3479 5722 serva,
