  <div class='ocr_page' id='page_1' title='image "/cluster/home/n/w/nwhite01/storage/ocr_20150623/107/hvd.32044073502338/029.png"; bbox 0 0 3992 6204; ppageno 0'>
   <div class='ocr_carea' id='block_1_1' title="bbox 451 309 616 355">
    <p class='ocr_par' dir='ltr' id='par_1_1' title="bbox 451 309 616 355">
     <span class='ocr_line' id='line_1_1' title="bbox 451 309 616 355; baseline -0.024 -2"><span class='ocrx_word' id='word_1_1' title='bbox 451 309 616 355; x_wconf 62' lang='grc' dir='ltr'>πικιι</span> 
     </span>
    </p>
   </div>
   <div class='ocr_carea' id='block_1_2' title="bbox 1757 275 3709 341">
    <p class='ocr_par' dir='ltr' id='par_1_2' title="bbox 1757 275 3709 341">
     <span class='ocr_line' id='line_1_2' title="bbox 1757 275 3709 341; baseline -0.004 0"><span class='ocrx_word' id='word_1_2' title='bbox 1757 277 2343 341; x_wconf 81' lang='lat' dir='ltr'><strong>&#39;PROLEGOMENA.</strong></span> <span class='ocrx_word' id='word_1_3' title='bbox 3634 275 3709 316; x_wconf 71' lang='lat'><strong>“-</strong></span> 
     </span>
    </p>
   </div>
   <div class='ocr_carea' id='block_1_3' title="bbox 455 376 2046 468">
    <p class='ocr_par' dir='ltr' id='par_1_3' title="bbox 455 396 2025 468">
     <span class='ocr_line' id='line_1_3' title="bbox 455 396 2025 468; baseline -0.015 0"><span class='ocrx_word' id='word_1_4' title='bbox 455 423 513 468; x_wconf 89' lang='lat' dir='ltr'><strong>ut</strong></span> <span class='ocrx_word' id='word_1_5' title='bbox 544 413 620 466; x_wconf 92' lang='lat' dir='ltr'><strong>illi</strong></span> <span class='ocrx_word' id='word_1_6' title='bbox 651 410 770 464; x_wconf 87' lang='lat' dir='ltr'><strong>sine</strong></span> <span class='ocrx_word' id='word_1_7' title='bbox 794 405 904 460; x_wconf 87' lang='lat' dir='ltr'><strong>ulla</strong></span> <span class='ocrx_word' id='word_1_8' title='bbox 933 401 1260 457; x_wconf 85' lang='lat' dir='ltr'><strong>titubatione</strong></span> <span class='ocrx_word' id='word_1_9' title='bbox 1309 405 1405 452; x_wconf 89' lang='lat' dir='ltr'><strong>aut</strong></span> <span class='ocrx_word' id='word_1_10' title='bbox 1435 396 1746 467; x_wconf 78' lang='lat' dir='ltr'><strong>suspicione</strong></span> <span class='ocrx_word' id='word_1_11' title='bbox 1776 406 2025 448; x_wconf 87' lang='lat' dir='ltr'><strong>mutuum</strong></span> 
     </span>
    </p>
   </div>
   <div class='ocr_carea' id='block_1_4' title="bbox 2150 376 3714 468">
    <p class='ocr_par' dir='ltr' id='par_1_4' title="bbox 2150 376 3714 456">
     <span class='ocr_line' id='line_1_4' title="bbox 2150 376 3714 456; baseline -0.01 -13"><span class='ocrx_word' id='word_1_12' title='bbox 2150 390 2297 443; x_wconf 72' lang='grc' dir='ltr'>»πτόν</span> <span class='ocrx_word' id='word_1_13' title='bbox 2337 404 2430 441; x_wconf 82' lang='grc' dir='ltr'><strong>σου</strong></span> <span class='ocrx_word' id='word_1_14' title='bbox 2464 386 2558 439; x_wconf 77' lang='grc' dir='ltr'>καὶ</span> <span class='ocrx_word' id='word_1_15' title='bbox 2589 383 2811 456; x_wconf 84' lang='grc' dir='ltr'>βεϐαίαν</span> <span class='ocrx_word' id='word_1_16' title='bbox 2857 383 2953 450; x_wconf 83' lang='grc' dir='ltr'>τὴν</span> <span class='ocrx_word' id='word_1_17' title='bbox 2986 380 3203 449; x_wconf 79' lang='grc' dir='ltr'>ἀγάπην</span> <span class='ocrx_word' id='word_1_18' title='bbox 3236 376 3536 447; x_wconf 81' lang='grc' dir='ltr'>διατηρῶσι</span> <span class='ocrx_word' id='word_1_19' title='bbox 3558 388 3573 402; x_wconf 80' lang='grc'><strong>⁸</strong></span> <span class='ocrx_word' id='word_1_20' title='bbox 3611 391 3714 428; x_wconf 79' lang='grc' dir='ltr'><strong>και</strong></span> 
     </span>
    </p>
   </div>
   <div class='ocr_carea' id='block_1_5' title="bbox 453 484 2023 572">
    <p class='ocr_par' dir='ltr' id='par_1_5' title="bbox 453 484 2023 572">
     <span class='ocr_line' id='line_1_5' title="bbox 453 484 2023 572; baseline -0.012 -15"><span class='ocrx_word' id='word_1_21' title='bbox 453 517 582 572; x_wconf 90' lang='lat' dir='ltr'><strong>erga</strong></span> <span class='ocrx_word' id='word_1_22' title='bbox 601 509 652 553; x_wconf 91' lang='lat' dir='ltr'><strong>te</strong></span> <span class='ocrx_word' id='word_1_23' title='bbox 689 497 930 550; x_wconf 90' lang='lat' dir='ltr'><strong>animum</strong></span> <span class='ocrx_word' id='word_1_24' title='bbox 968 499 1177 563; x_wconf 65' lang='lat' dir='ltr'><strong>&#39;gerant</strong></span> <span class='ocrx_word' id='word_1_25' title='bbox 1219 507 1231 543; x_wconf 90' lang='lat'><strong>:</strong></span> <span class='ocrx_word' id='word_1_26' title='bbox 1267 499 1320 544; x_wconf 91' lang='lat' dir='ltr'><strong>et</strong></span> <span class='ocrx_word' id='word_1_27' title='bbox 1376 504 1443 543; x_wconf 94' lang='lat' dir='ltr'><strong>ne</strong></span> <span class='ocrx_word' id='word_1_28' title='bbox 1488 501 1766 556; x_wconf 85' lang='lat' dir='ltr'><strong>nunquam</strong></span> <span class='ocrx_word' id='word_1_29' title='bbox 1823 484 2023 554; x_wconf 90' lang='lat' dir='ltr'><strong>ingrati</strong></span> 
     </span>
    </p>
   </div>
   <div class='ocr_carea' id='block_1_6' title="bbox 455 575 2023 655">
    <p class='ocr_par' dir='ltr' id='par_1_6' title="bbox 455 575 2023 655">
     <span class='ocr_line' id='line_1_6' title="bbox 455 575 2023 655; baseline -0.012 -9"><span class='ocrx_word' id='word_1_30' title='bbox 455 589 621 646; x_wconf 87' lang='lat' dir='ltr'><strong>animi</strong></span> <span class='ocrx_word' id='word_1_31' title='bbox 659 588 861 653; x_wconf 90' lang='lat' dir='ltr'><strong>fueris;</strong></span> <span class='ocrx_word' id='word_1_32' title='bbox 895 600 1026 655; x_wconf 85' lang='lat' dir='ltr'><strong>pars</strong></span> <span class='ocrx_word' id='word_1_33' title='bbox 1056 583 1201 636; x_wconf 89' lang='lat' dir='ltr'><strong>enim</strong></span> <span class='ocrx_word' id='word_1_34' title='bbox 1236 582 1456 650; x_wconf 82' lang='lat' dir='ltr'><strong>pietatis</strong></span> <span class='ocrx_word' id='word_1_35' title='bbox 1481 587 1564 633; x_wconf 88' lang='lat' dir='ltr'><strong>est</strong></span> <span class='ocrx_word' id='word_1_36' title='bbox 1594 579 1732 632; x_wconf 82' lang='lat' dir='ltr'><strong>bene</strong></span> <span class='ocrx_word' id='word_1_37' title='bbox 1763 575 2023 630; x_wconf 85' lang='lat' dir='ltr'><strong>merenti-</strong></span> 
     </span>
    </p>
   </div>
   <div class='ocr_carea' id='block_1_7' title="bbox 456 667 2029 750">
    <p class='ocr_par' dir='ltr' id='par_1_7' title="bbox 456 667 2029 750">
     <span class='ocr_line' id='line_1_7' title="bbox 456 667 2029 750; baseline -0.011 -13"><span class='ocrx_word' id='word_1_38' title='bbox 456 686 558 738; x_wconf 85' lang='lat' dir='ltr'><strong>bus</strong></span> <span class='ocrx_word' id='word_1_39' title='bbox 599 679 837 750; x_wconf 87' lang='lat' dir='ltr'><strong>gratiam</strong></span> <span class='ocrx_word' id='word_1_40' title='bbox 867 681 1072 731; x_wconf 86' lang='lat' dir='ltr'><strong>reterre</strong></span> <span class='ocrx_word' id='word_1_41' title='bbox 1104 691 1116 726; x_wconf 90' lang='lat'>:</span> <span class='ocrx_word' id='word_1_42' title='bbox 1148 673 1239 742; x_wconf 88' lang='lat' dir='ltr'><strong>qui</strong></span> <span class='ocrx_word' id='word_1_43' title='bbox 1271 685 1398 724; x_wconf 84' lang='lat' dir='ltr'><strong>vero</strong></span> <span class='ocrx_word' id='word_1_44' title='bbox 1467 671 1716 739; x_wconf 89' lang='lat' dir='ltr'><strong>ingratus</strong></span> <span class='ocrx_word' id='word_1_45' title='bbox 1769 675 1853 722; x_wconf 91' lang='lat' dir='ltr'><strong>est</strong></span> <span class='ocrx_word' id='word_1_46' title='bbox 1912 667 2029 736; x_wconf 88' lang='lat' dir='ltr'><strong>ipse</strong></span> 
     </span>
    </p>
   </div>
   <div class='ocr_carea' id='block_1_8' title="bbox 457 757 2028 832">
    <p class='ocr_par' dir='ltr' id='par_1_8' title="bbox 457 757 2028 832">
     <span class='ocr_line' id='line_1_8' title="bbox 457 757 2028 832; baseline -0.012 -5"><span class='ocrx_word' id='word_1_47' title='bbox 457 772 564 827; x_wconf 86' lang='lat' dir='ltr'><strong>sibi</strong></span> <span class='ocrx_word' id='word_1_48' title='bbox 591 769 842 824; x_wconf 88' lang='lat' dir='ltr'><strong>infensus</strong></span> <span class='ocrx_word' id='word_1_49' title='bbox 878 774 975 819; x_wconf 83' lang='lat' dir='ltr'><strong>est</strong></span> <span class='ocrx_word' id='word_1_50' title='bbox 1013 762 1227 832; x_wconf 87' lang='lat' dir='ltr'><strong>:gratia</strong></span> <span class='ocrx_word' id='word_1_51' title='bbox 1274 761 1418 815; x_wconf 89' lang='lat' dir='ltr'><strong>enim</strong></span> <span class='ocrx_word' id='word_1_52' title='bbox 1455 771 1580 813; x_wconf 87' lang='lat' dir='ltr'><strong>cum</strong></span> <span class='ocrx_word' id='word_1_53' title='bbox 1611 757 2028 825; x_wconf 84' lang='lat' dir='ltr'><strong>rcfertur,-quo-</strong></span> 
     </span>
    </p>
   </div>
   <div class='ocr_carea' id='block_1_9' title="bbox 456 848 2029 926">
    <p class='ocr_par' dir='ltr' id='par_1_9' title="bbox 456 848 2029 926">
     <span class='ocr_line' id='line_1_9' title="bbox 456 848 2029 926; baseline -0.011 -8"><span class='ocrx_word' id='word_1_54' title='bbox 456 862 747 918; x_wconf 89' lang='lat' dir='ltr'><strong>dammodo</strong></span> <span class='ocrx_word' id='word_1_55' title='bbox 780 858 1377 926; x_wconf 84' lang='lat' dir='ltr'><strong>multiplicatur;cum</strong></span> <span class='ocrx_word' id='word_1_56' title='bbox 1427 867 1555 907; x_wconf 78' lang='lat' dir='ltr'><strong>vero</strong></span> <span class='ocrx_word' id='word_1_57' title='bbox 1609 866 1714 904; x_wconf 90' lang='lat' dir='ltr'><strong>non</strong></span> <span class='ocrx_word' id='word_1_58' title='bbox 1773 848 2029 912; x_wconf 76' lang='lat' dir='ltr'><strong>refertur,</strong></span> 
     </span>
    </p>
   </div>
   <div class='ocr_carea' id='block_1_10' title="bbox 456 941 2033 1019">
    <p class='ocr_par' dir='ltr' id='par_1_10' title="bbox 456 941 2033 1019">
     <span class='ocr_line' id='line_1_10' title="bbox 456 941 2033 1019; baseline -0.011 -13"><span class='ocrx_word' id='word_1_59' title='bbox 456 952 620 1006; x_wconf 85' lang='lat' dir='ltr'><strong>etiam</strong></span> <span class='ocrx_word' id='word_1_60' title='bbox 645 963 767 1019; x_wconf 68' lang='lat' dir='ltr'><strong>quae</strong></span> <span class='ocrx_word' id='word_1_61' title='bbox 799 954 951 1016; x_wconf 88' lang='lat' dir='ltr'><strong>parta</strong></span> <span class='ocrx_word' id='word_1_62' title='bbox 984 946 1184 1005; x_wconf 78' lang='lat' dir='ltr'><strong>fuerat,</strong></span> <span class='ocrx_word' id='word_1_63' title='bbox 1223 941 1458 1010; x_wconf 82' lang='lat' dir='ltr'><strong>deperit.</strong></span> <span class='ocrx_word' id='word_1_64' title='bbox 1492 941 1628 993; x_wconf 90' lang='lat' dir='ltr'><strong>Dum</strong></span> <span class='ocrx_word' id='word_1_65' title='bbox 1662 945 1878 1009; x_wconf 85' lang='lat' dir='ltr'><strong>ergo-te</strong></span> <span class='ocrx_word' id='word_1_66' title='bbox 1909 951 2033 1007; x_wconf 71' lang='lat' dir='ltr'><strong>gra~</strong></span> 
     </span>
    </p>
   </div>
   <div class='ocr_carea' id='block_1_11' title="bbox 460 1029 2032 1101">
    <p class='ocr_par' dir='ltr' id='par_1_11' title="bbox 460 1029 2032 1101">
     <span class='ocr_line' id='line_1_11' title="bbox 460 1029 2032 1101; baseline -0.01 -3"><span class='ocrx_word' id='word_1_67' title='bbox 460 1056 571 1099; x_wconf 87' lang='lat' dir='ltr'><strong>tum</strong></span> <span class='ocrx_word' id='word_1_68' title='bbox 641 1038 976 1101; x_wconf 82' lang='lat' dir='ltr'><strong>exhibueris,</strong></span> <span class='ocrx_word' id='word_1_69' title='bbox 1030 1036 1232 1090; x_wconf 90' lang='lat' dir='ltr'><strong>multos</strong></span> <span class='ocrx_word' id='word_1_70' title='bbox 1289 1035 1550 1088; x_wconf 84' lang='lat' dir='ltr'><strong>habueris</strong></span> <span class='ocrx_word' id='word_1_71' title='bbox 1587 1031 1666 1085; x_wconf 91' lang='lat' dir='ltr'><strong>tui</strong></span> <span class='ocrx_word' id='word_1_72' title='bbox 1717 1029 2032 1085; x_wconf 85' lang='lat' dir='ltr'><strong>demerendi</strong></span> 
     </span>
    </p>
   </div>
   <div class='ocr_carea' id='block_1_12' title="bbox 458 1121 2032 1205">
    <p class='ocr_par' dir='ltr' id='par_1_12' title="bbox 458 1121 2032 1205">
     <span class='ocr_line' id='line_1_12' title="bbox 458 1121 2032 1205; baseline -0.012 -13"><span class='ocrx_word' id='word_1_73' title='bbox 458 1135 688 1205; x_wconf 84' lang='lat' dir='ltr'><strong>cupidos</strong></span> <span class='ocrx_word' id='word_1_74' title='bbox 720 1148 782 1186; x_wconf 86' lang='lat' dir='ltr'><strong>ac</strong></span> <span class='ocrx_word' id='word_1_75' title='bbox 839 1131 1114 1186; x_wconf 72' lang='lat' dir='ltr'><strong>studiosos</strong></span> <span class='ocrx_word' id='word_1_76' title='bbox 1157 1145 1169 1180; x_wconf 92' lang='lat'><strong>:</strong></span> <span class='ocrx_word' id='word_1_77' title='bbox 1227 1127 1273 1181; x_wconf 87' lang='lat' dir='ltr'><strong>si</strong></span> <span class='ocrx_word' id='word_1_78' title='bbox 1323 1136 1503 1180; x_wconf 90' lang='lat' dir='ltr'><strong>autem</strong></span> <span class='ocrx_word' id='word_1_79' title='bbox 1541 1124 1788 1195; x_wconf 90' lang='lat' dir='ltr'><strong>ingratus</strong></span> <span class='ocrx_word' id='word_1_80' title='bbox 1840 1121 2032 1185; x_wconf 88' lang='lat' dir='ltr'><strong>fueris,</strong></span> 
     </span>
    </p>
   </div>
   <div class='ocr_carea' id='block_1_13' title="bbox 459 1211 2038 1284">
    <p class='ocr_par' dir='ltr' id='par_1_13' title="bbox 459 1211 2038 1284">
     <span class='ocr_line' id='line_1_13' title="bbox 459 1211 2038 1284; baseline -0.011 -3"><span class='ocrx_word' id='word_1_81' title='bbox 459 1229 667 1281; x_wconf 90' lang='lat' dir='ltr'><strong>nullum</strong></span> <span class='ocrx_word' id='word_1_82' title='bbox 702 1223 924 1277; x_wconf 87' lang='lat' dir='ltr'><strong>omnino</strong></span> <span class='ocrx_word' id='word_1_83' title='bbox 982 1220 1216 1273; x_wconf 86' lang='lat' dir='ltr'><strong>amicum</strong></span> <span class='ocrx_word' id='word_1_84' title='bbox 1249 1217 1498 1282; x_wconf 83' lang='lat' dir='ltr'><strong>habebis,</strong></span> <span class='ocrx_word' id='word_1_85' title='bbox 1531 1215 1756 1284; x_wconf 80' lang='lat' dir='ltr'><strong>quicum</strong></span> <span class='ocrx_word' id='word_1_86' title='bbox 1787 1211 2038 1282; x_wconf 90' lang='lat' dir='ltr'><strong>jucunde</strong></span> 
     </span>
    </p>
   </div>
   <div class='ocr_carea' id='block_1_14' title="bbox 461 1303 2038 1384">
    <p class='ocr_par' dir='ltr' id='par_1_14' title="bbox 461 1303 2038 1384">
     <span class='ocr_line' id='line_1_14' title="bbox 461 1303 2038 1384; baseline -0.008 -15"><span class='ocrx_word' id='word_1_87' title='bbox 461 1322 646 1371; x_wconf 80' lang='lat' dir='ltr'><strong>vivere</strong></span> <span class='ocrx_word' id='word_1_88' title='bbox 707 1312 913 1384; x_wconf 83' lang='lat' dir='ltr'><strong>possis,</strong></span> <span class='ocrx_word' id='word_1_89' title='bbox 970 1307 1184 1364; x_wconf 90' lang='lat' dir='ltr'><strong>etiamsi</strong></span> <span class='ocrx_word' id='word_1_90' title='bbox 1254 1321 1445 1361; x_wconf 85' lang='lat' dir='ltr'><strong>omnes</strong></span> <span class='ocrx_word' id='word_1_91' title='bbox 1511 1303 1824 1359; x_wconf 84' lang='lat' dir='ltr'><strong>simulatam</strong></span> <span class='ocrx_word' id='word_1_92' title='bbox 1887 1304 1939 1356; x_wconf 89' lang='lat' dir='ltr'><strong>in</strong></span> <span class='ocrx_word' id='word_1_93' title='bbox 1989 1311 2038 1356; x_wconf 87' lang='lat' dir='ltr'><strong>te</strong></span> 
     </span>
    </p>
   </div>
   <div class='ocr_carea' id='block_1_15' title="bbox 465 1396 1817 1466">
    <p class='ocr_par' dir='ltr' id='par_1_15' title="bbox 465 1396 1817 1466">
     <span class='ocr_line' id='line_1_15' title="bbox 465 1396 1817 1466; baseline -0.011 -4"><span class='ocrx_word' id='word_1_94' title='bbox 465 1408 764 1462; x_wconf 81' lang='lat' dir='ltr'><strong>amicitiam</strong></span> <span class='ocrx_word' id='word_1_95' title='bbox 818 1419 881 1458; x_wconf 90' lang='lat' dir='ltr'><strong>ac</strong></span> <span class='ocrx_word' id='word_1_96' title='bbox 934 1399 1362 1457; x_wconf 83' lang='lat' dir='ltr'><strong>benevolentiam</strong></span> <span class='ocrx_word' id='word_1_97' title='bbox 1394 1413 1504 1466; x_wconf 65' lang='lat' dir='ltr'><strong>pra:</strong></span> <span class='ocrx_word' id='word_1_98' title='bbox 1538 1412 1596 1450; x_wconf 92' lang='lat' dir='ltr'><strong>se</strong></span> <span class='ocrx_word' id='word_1_99' title='bbox 1624 1396 1817 1449; x_wconf 84' lang='lat' dir='ltr'><strong>ferant.</strong></span> 
     </span>
    </p>
   </div>
   <div class='ocr_carea' id='block_1_16' title="bbox 918 1492 1592 1549">
    <p class='ocr_par' dir='ltr' id='par_1_16' title="bbox 918 1492 1592 1549">
     <span class='ocr_line' id='line_1_16' title="bbox 918 1492 1592 1549; baseline -0.006 -2"><span class='ocrx_word' id='word_1_100' title='bbox 918 1495 991 1549; x_wconf 84' lang='lat' dir='ltr'><strong>De</strong></span> <span class='ocrx_word' id='word_1_101' title='bbox 1031 1509 1265 1548; x_wconf 76' lang='lat' dir='ltr'><strong>sermone</strong></span> <span class='ocrx_word' id='word_1_102' title='bbox 1287 1502 1336 1547; x_wconf 88' lang='lat' dir='ltr'><strong>et</strong></span> <span class='ocrx_word' id='word_1_103' title='bbox 1362 1492 1592 1546; x_wconf 80' lang='lat' dir='ltr'><strong>silentio.</strong></span> 
     </span>
    </p>
   </div>
   <div class='ocr_carea' id='block_1_17' title="bbox 533 1578 2044 1660">
    <p class='ocr_par' dir='ltr' id='par_1_17' title="bbox 533 1578 2044 1660">
     <span class='ocr_line' id='line_1_17' title="bbox 533 1578 2044 1660; baseline -0.01 -13"><span class='ocrx_word' id='word_1_104' title='bbox 533 1597 594 1647; x_wconf 81' lang='lat' dir='ltr'><strong>in</strong></span> <span class='ocrx_word' id='word_1_105' title='bbox 631 1589 944 1660; x_wconf 80' lang='lat' dir='ltr'><strong>detegendis</strong></span> <span class='ocrx_word' id='word_1_106' title='bbox 976 1587 1255 1641; x_wconf 85' lang='lat' dir='ltr'><strong>hominum</strong></span> <span class='ocrx_word' id='word_1_107' title='bbox 1289 1583 1522 1653; x_wconf 81' lang='lat' dir='ltr'><strong>ingeniis</strong></span> <span class='ocrx_word' id='word_1_108' title='bbox 1565 1583 1741 1637; x_wconf 87' lang='lat' dir='ltr'><strong>solers</strong></span> <span class='ocrx_word' id='word_1_109' title='bbox 1775 1588 1826 1634; x_wconf 90' lang='lat' dir='ltr'><strong>et</strong></span> <span class='ocrx_word' id='word_1_110' title='bbox 1863 1578 2044 1633; x_wconf 87' lang='lat' dir='ltr'><strong>consi-</strong></span> 
     </span>
    </p>
   </div>
   <div class='ocr_carea' id='block_1_18' title="bbox 2129 468 3719 554">
    <p class='ocr_par' dir='ltr' id='par_1_18' title="bbox 2129 468 3719 554">
     <span class='ocr_line' id='line_1_18' title="bbox 2129 468 3719 554; baseline -0.01 -18"><span class='ocrx_word' id='word_1_111' title='bbox 2129 483 2203 554; x_wconf 82' lang='grc' dir='ltr'>μὴ</span> <span class='ocrx_word' id='word_1_112' title='bbox 2232 482 2381 550; x_wconf 91' lang='grc' dir='ltr'>γίνου</span> <span class='ocrx_word' id='word_1_113' title='bbox 2411 483 2476 550; x_wconf 81' lang='grc' dir='ltr'><strong>τῇ</strong></span> <span class='ocrx_word' id='word_1_114' title='bbox 2507 478 2700 548; x_wconf 85' lang='grc' dir='ltr'>γνώμῃ</span> <span class='ocrx_word' id='word_1_115' title='bbox 2730 475 3022 545; x_wconf 83' lang='grc' dir='ltr'>ἀχάριστος</span> <span class='ocrx_word' id='word_1_116' title='bbox 3041 489 3054 502; x_wconf 86' lang='grc'><strong>·</strong></span> <span class='ocrx_word' id='word_1_117' title='bbox 3103 471 3265 541; x_wconf 82' lang='grc' dir='ltr'>μέρος</span> <span class='ocrx_word' id='word_1_118' title='bbox 3296 468 3404 539; x_wconf 84' lang='grc' dir='ltr'><strong>γὰρ</strong></span> <span class='ocrx_word' id='word_1_119' title='bbox 3433 469 3719 530; x_wconf 88' lang='grc' dir='ltr'>εὐσεϐείας</span> 
     </span>
    </p>
   </div>
   <div class='ocr_carea' id='block_1_19' title="bbox 2125 559 3717 629">
    <p class='ocr_par' dir='ltr' id='par_1_19' title="bbox 2125 559 3717 629">
     <span class='ocr_line' id='line_1_19' title="bbox 2125 559 3717 629; baseline -0.011 -1"><span class='ocrx_word' id='word_1_120' title='bbox 2125 574 2187 628; x_wconf 85' lang='grc' dir='ltr'><strong>τδ</strong></span> <span class='ocrx_word' id='word_1_121' title='bbox 2219 571 2623 626; x_wconf 74' lang='grc' dir='ltr'><strong>ἀνταποδιδόναι</strong></span> <span class='ocrx_word' id='word_1_122' title='bbox 2669 570 2780 628; x_wconf 84' lang='grc' dir='ltr'>τοῖς</span> <span class='ocrx_word' id='word_1_123' title='bbox 2811 562 3086 617; x_wconf 87' lang='grc' dir='ltr'>εὐποιοῦσι</span> <span class='ocrx_word' id='word_1_124' title='bbox 3121 561 3217 625; x_wconf 72' lang='grc' dir='ltr'>τὰς</span> <span class='ocrx_word' id='word_1_125' title='bbox 3251 559 3575 629; x_wconf 81' lang='grc' dir='ltr'>χάριτας.¹0</span> <span class='ocrx_word' id='word_1_126' title='bbox 3602 561 3717 626; x_wconf 60' lang='grc' dir='ltr'><strong>γὰρ</strong></span> 
     </span>
    </p>
   </div>
   <div class='ocr_carea' id='block_1_20' title="bbox 2127 649 3719 735">
    <p class='ocr_par' dir='ltr' id='par_1_20' title="bbox 2127 649 3719 735">
     <span class='ocr_line' id='line_1_20' title="bbox 2127 649 3719 735; baseline -0.013 -16"><span class='ocrx_word' id='word_1_127' title='bbox 2127 665 2419 735; x_wconf 85' lang='grc' dir='ltr'>ἀχάριστος</span> <span class='ocrx_word' id='word_1_128' title='bbox 2464 660 2640 727; x_wconf 83' lang='grc' dir='ltr'>ἐαυτῷ</span> <span class='ocrx_word' id='word_1_129' title='bbox 2671 658 2905 728; x_wconf 79' lang='grc' dir='ltr'><strong>ὑπάρχει</strong></span> <span class='ocrx_word' id='word_1_130' title='bbox 2950 653 3226 722; x_wconf 84' lang='grc' dir='ltr'>πολέμιος.</span> <span class='ocrx_word' id='word_1_131' title='bbox 3264 651 3440 720; x_wconf 81' lang='grc' dir='ltr'><strong>Χάρις</strong></span> <span class='ocrx_word' id='word_1_132' title='bbox 3473 649 3570 718; x_wconf 82' lang='grc' dir='ltr'>μὲν</span> <span class='ocrx_word' id='word_1_133' title='bbox 3602 649 3719 716; x_wconf 87' lang='grc' dir='ltr'>γάρ</span> 
     </span>
    </p>
   </div>
   <div class='ocr_carea' id='block_1_21' title="bbox 2129 739 3718 821">
    <p class='ocr_par' dir='ltr' id='par_1_21' title="bbox 2129 739 3718 821">
     <span class='ocr_line' id='line_1_21' title="bbox 2129 739 3718 821; baseline -0.013 -12"><span class='ocrx_word' id='word_1_134' title='bbox 2129 752 2585 821; x_wconf 81' lang='grc' dir='ltr'>ἀνταποδιδομένη</span> <span class='ocrx_word' id='word_1_135' title='bbox 2617 745 2969 809; x_wconf 74' lang='grc' dir='ltr'>πλεονάζεται</span> <span class='ocrx_word' id='word_1_136' title='bbox 2993 761 3006 774; x_wconf 82' lang='lat'><strong><em>°</em></strong></span> <span class='ocrx_word' id='word_1_137' title='bbox 3046 743 3120 811; x_wconf 80' lang='grc' dir='ltr'>μὴ</span> <span class='ocrx_word' id='word_1_138' title='bbox 3149 739 3609 809; x_wconf 81' lang='grc' dir='ltr'>ἀνταποδιδομένη</span> <span class='ocrx_word' id='word_1_139' title='bbox 3631 739 3718 803; x_wconf 79' lang='grc' dir='ltr'>δὲ,</span> 
     </span>
    </p>
   </div>
   <div class='ocr_carea' id='block_1_22' title="bbox 2132 832 3720 915">
    <p class='ocr_par' dir='ltr' id='par_1_22' title="bbox 2132 832 3720 915">
     <span class='ocr_line' id='line_1_22' title="bbox 2132 832 3720 915; baseline -0.009 -16"><span class='ocrx_word' id='word_1_140' title='bbox 2132 847 2226 899; x_wconf 77' lang='grc' dir='ltr'>καὶ</span> <span class='ocrx_word' id='word_1_141' title='bbox 2268 845 2368 915; x_wconf 79' lang='grc' dir='ltr'>τὴν</span> <span class='ocrx_word' id='word_1_142' title='bbox 2401 841 2837 910; x_wconf 76' lang='grc' dir='ltr'>καταϐληθεῖσαν</span> <span class='ocrx_word' id='word_1_143' title='bbox 2882 833 3341 907; x_wconf 83' lang='grc' dir='ltr'>προσαπόλλυσιν.</span> <span class='ocrx_word' id='word_1_144' title='bbox 3377 832 3720 902; x_wconf 72' lang='grc' dir='ltr'><strong>Εὐχάριστος</strong></span> 
     </span>
    </p>
   </div>
   <div class='ocr_carea' id='block_1_23' title="bbox 2131 923 3719 1004">
    <p class='ocr_par' dir='ltr' id='par_1_23' title="bbox 2131 923 3719 1004">
     <span class='ocr_line' id='line_1_23' title="bbox 2131 923 3719 1004; baseline -0.011 -15"><span class='ocrx_word' id='word_1_145' title='bbox 2131 936 2309 989; x_wconf 85' lang='grc' dir='ltr'>τοίνυν</span> <span class='ocrx_word' id='word_1_146' title='bbox 2333 934 2642 1004; x_wconf 86' lang='grc' dir='ltr'>γενόμενος,</span> <span class='ocrx_word' id='word_1_147' title='bbox 2661 929 2886 990; x_wconf 76' lang='grc' dir='ltr'>πολλοὺς</span> <span class='ocrx_word' id='word_1_148' title='bbox 2917 927 3059 990; x_wconf 71' lang='grc' dir='ltr'>ἕξεις</span> <span class='ocrx_word' id='word_1_149' title='bbox 3085 925 3210 987; x_wconf 80' lang='grc' dir='ltr'>τοὺς</span> <span class='ocrx_word' id='word_1_150' title='bbox 3233 923 3361 994; x_wconf 74' lang='grc' dir='ltr'>περὶ</span> <span class='ocrx_word' id='word_1_151' title='bbox 3389 923 3447 975; x_wconf 77' lang='grc' dir='ltr'>σὲ</span> <span class='ocrx_word' id='word_1_152' title='bbox 3476 923 3719 974; x_wconf 80' lang='grc' dir='ltr'>σπουδά-</span> 
     </span>
    </p>
   </div>
   <div class='ocr_carea' id='block_1_24' title="bbox 2137 1013 3720 1091">
    <p class='ocr_par' dir='ltr' id='par_1_24' title="bbox 2137 1013 3720 1091">
     <span class='ocr_line' id='line_1_24' title="bbox 2137 1013 3720 1091; baseline -0.009 -12"><span class='ocrx_word' id='word_1_153' title='bbox 2137 1042 2350 1091; x_wconf 89' lang='grc' dir='ltr'>σοντας,</span> <span class='ocrx_word' id='word_1_154' title='bbox 2410 1024 2508 1078; x_wconf 74' lang='grc' dir='ltr'>καὶ</span> <span class='ocrx_word' id='word_1_155' title='bbox 2538 1020 2738 1085; x_wconf 86' lang='grc' dir='ltr'>πολλάς</span> <span class='ocrx_word' id='word_1_156' title='bbox 2763 1036 2854 1071; x_wconf 91' lang='grc' dir='ltr'><strong>σοι</strong></span> <span class='ocrx_word' id='word_1_157' title='bbox 2878 1014 3316 1077; x_wconf 80' lang='grc' dir='ltr'>καταϐαλοῦντας</span> <span class='ocrx_word' id='word_1_158' title='bbox 3338 1015 3434 1076; x_wconf 86' lang='grc' dir='ltr'><strong>τὰς</strong></span> <span class='ocrx_word' id='word_1_159' title='bbox 3453 1013 3680 1083; x_wconf 78' lang='grc' dir='ltr'>χάριτας</span> <span class='ocrx_word' id='word_1_160' title='bbox 3703 1027 3720 1043; x_wconf 77' lang='grc'><strong><em>⁸</em></strong></span> 
     </span>
    </p>
   </div>
   <div class='ocr_carea' id='block_1_25' title="bbox 2133 1104 3721 1187">
    <p class='ocr_par' dir='ltr' id='par_1_25' title="bbox 2133 1104 3721 1187">
     <span class='ocr_line' id='line_1_25' title="bbox 2133 1104 3721 1187; baseline -0.011 -16"><span class='ocrx_word' id='word_1_161' title='bbox 2133 1117 2427 1187; x_wconf 80' lang='grc' dir='ltr'>ἀχάριστος</span> <span class='ocrx_word' id='word_1_162' title='bbox 2445 1112 2503 1166; x_wconf 79' lang='grc' dir='ltr'>δὲ</span> <span class='ocrx_word' id='word_1_163' title='bbox 2528 1113 2807 1182; x_wconf 81' lang='grc' dir='ltr'><strong>ὑπάρχων,</strong></span> <span class='ocrx_word' id='word_1_164' title='bbox 2836 1109 3031 1163; x_wconf 80' lang='grc' dir='ltr'><strong>οὐδένα</strong></span> <span class='ocrx_word' id='word_1_165' title='bbox 3058 1107 3233 1176; x_wconf 80' lang='grc' dir='ltr'><strong>κτήσῃ</strong></span> <span class='ocrx_word' id='word_1_166' title='bbox 3267 1104 3418 1173; x_wconf 81' lang='grc' dir='ltr'>φίλον</span> <span class='ocrx_word' id='word_1_167' title='bbox 3437 1104 3721 1174; x_wconf 77' lang='grc' dir='ltr'><strong>οὐδαμῶς,</strong></span> 
     </span>
    </p>
   </div>
   <div class='ocr_carea' id='block_1_26' title="bbox 2141 1194 3726 1277">
    <p class='ocr_par' dir='ltr' id='par_1_26' title="bbox 2141 1194 3726 1277">
     <span class='ocr_line' id='line_1_26' title="bbox 2141 1194 3726 1277; baseline -0.009 -16"><span class='ocrx_word' id='word_1_168' title='bbox 2141 1207 2258 1277; x_wconf 81' lang='grc' dir='ltr'>μεθ’</span> <span class='ocrx_word' id='word_1_169' title='bbox 2283 1199 2343 1260; x_wconf 77' lang='grc' dir='ltr'><strong>οὐ</strong></span> <span class='ocrx_word' id='word_1_170' title='bbox 2369 1202 2700 1275; x_wconf 89' lang='grc' dir='ltr'>συμϐιώσεις</span> <span class='ocrx_word' id='word_1_171' title='bbox 2731 1201 2923 1272; x_wconf 76' lang='grc' dir='ltr'>ἡδέως,</span> <span class='ocrx_word' id='word_1_172' title='bbox 2955 1198 3060 1252; x_wconf 78' lang='grc' dir='ltr'>κᾶν</span> <span class='ocrx_word' id='word_1_173' title='bbox 3093 1196 3291 1260; x_wconf 82' lang='grc' dir='ltr'>πάντες</span> <span class='ocrx_word' id='word_1_174' title='bbox 3323 1195 3596 1265; x_wconf 81' lang='grc' dir='ltr'>ἄνθρωποι</span> <span class='ocrx_word' id='word_1_175' title='bbox 3616 1194 3726 1264; x_wconf 77' lang='grc' dir='ltr'>τὴν</span> 
     </span>
    </p>
   </div>
   <div class='ocr_carea' id='block_1_27' title="bbox 2139 1291 2968 1366">
    <p class='ocr_par' dir='ltr' id='par_1_27' title="bbox 2139 1291 2968 1366">
     <span class='ocr_line' id='line_1_27' title="bbox 2139 1291 2968 1366; baseline -0.008 -17"><span class='ocrx_word' id='word_1_176' title='bbox 2139 1297 2275 1366; x_wconf 75' lang='grc' dir='ltr'>πρὸς</span> <span class='ocrx_word' id='word_1_177' title='bbox 2306 1296 2365 1349; x_wconf 82' lang='grc' dir='ltr'>σὲ</span> <span class='ocrx_word' id='word_1_178' title='bbox 2397 1295 2578 1364; x_wconf 78' lang='grc' dir='ltr'>φιλίαν</span> <span class='ocrx_word' id='word_1_179' title='bbox 2613 1291 2968 1362; x_wconf 80' lang='grc' dir='ltr'>ὐποκριοῶσι.</span> 
     </span>
    </p>
   </div>
   <div class='ocr_carea' id='block_1_28' title="bbox 2533 1466 3321 1540">
    <p class='ocr_par' dir='ltr' id='par_1_28' title="bbox 2533 1466 3321 1540">
     <span class='ocr_line' id='line_1_28' title="bbox 2533 1466 3321 1540; baseline -0.01 -14"><span class='ocrx_word' id='word_1_180' title='bbox 2533 1473 2666 1540; x_wconf 79' lang='grc' dir='ltr'>Περὶ</span> <span class='ocrx_word' id='word_1_181' title='bbox 2707 1471 2891 1538; x_wconf 73' lang='grc' dir='ltr'>λόγου</span> <span class='ocrx_word' id='word_1_182' title='bbox 2933 1469 3030 1522; x_wconf 81' lang='grc' dir='ltr'><strong>καί</strong></span> <span class='ocrx_word' id='word_1_183' title='bbox 3063 1466 3321 1534; x_wconf 80' lang='grc' dir='ltr'><strong>σιωπῆς.</strong></span> 
     </span>
    </p>
   </div>
   <div class='ocr_carea' id='block_1_29' title="bbox 2216 1554 3728 1637">
    <p class='ocr_par' dir='ltr' id='par_1_29' title="bbox 2216 1554 3728 1637">
     <span class='ocr_line' id='line_1_29' title="bbox 2216 1554 3728 1637; baseline -0.008 -15"><span class='ocrx_word' id='word_1_184' title='bbox 2216 1566 2490 1637; x_wconf 74' lang='grc' dir='ltr'>Νουνεχὴς</span> <span class='ocrx_word' id='word_1_185' title='bbox 2518 1565 2631 1629; x_wconf 76' lang='grc' dir='ltr'>ἔσο,</span> <span class='ocrx_word' id='word_1_186' title='bbox 2655 1564 2748 1616; x_wconf 71' lang='grc' dir='ltr'>καὶ</span> <span class='ocrx_word' id='word_1_187' title='bbox 2779 1562 3039 1632; x_wconf 83' lang='grc' dir='ltr'>φρόνιμος</span> <span class='ocrx_word' id='word_1_188' title='bbox 3066 1563 3122 1612; x_wconf 83' lang='grc' dir='ltr'><strong>ἐν</strong></span> <span class='ocrx_word' id='word_1_189' title='bbox 3148 1558 3224 1629; x_wconf 86' lang='grc' dir='ltr'>τῷ</span> <span class='ocrx_word' id='word_1_190' title='bbox 3247 1559 3307 1611; x_wconf 80' lang='grc' dir='ltr'>τὸ</span> <span class='ocrx_word' id='word_1_191' title='bbox 3328 1558 3558 1612; x_wconf 77' lang='grc' dir='ltr'><strong>ἑκάστου</strong></span> <span class='ocrx_word' id='word_1_192' title='bbox 3585 1554 3728 1630; x_wconf 77' lang='grc' dir='ltr'>ἦθος</span> 
     </span>
    </p>
   </div>
   <div class='ocr_carea' id='block_1_30' title="bbox 465 1650 2046 1746">
    <p class='ocr_par' dir='ltr' id='par_1_30' title="bbox 465 1650 2034 1746">
     <span class='ocr_line' id='line_1_30' title="bbox 465 1650 2034 1746; baseline -0.012 -6"><span class='ocrx_word' id='word_1_193' title='bbox 465 1688 683 1741; x_wconf 89' lang='lat' dir='ltr'><strong>deratus</strong></span> <span class='ocrx_word' id='word_1_194' title='bbox 698 1650 816 1737; x_wconf 64' lang='lat' dir='ltr'><strong>esto</strong></span> <span class='ocrx_word' id='word_1_195' title='bbox 844 1687 929 1735; x_wconf 91' lang='lat' dir='ltr'><strong>:et</strong></span> <span class='ocrx_word' id='word_1_196' title='bbox 960 1679 1100 1732; x_wconf 83' lang='lat' dir='ltr'><strong>bona</strong></span> <span class='ocrx_word' id='word_1_197' title='bbox 1119 1676 1334 1746; x_wconf 88' lang='lat' dir='ltr'><strong>quidem</strong></span> <span class='ocrx_word' id='word_1_198' title='bbox 1351 1650 1637 1728; x_wconf 78' lang='lat' dir='ltr'><strong>voluntate</strong></span> <span class='ocrx_word' id='word_1_199' title='bbox 1665 1669 1918 1742; x_wconf 69' lang='lat' dir='ltr'><strong>prreditos</strong></span> <span class='ocrx_word' id='word_1_200' title='bbox 1941 1668 2034 1722; x_wconf 84' lang='lat' dir='ltr'><strong>tibi</strong></span> 
     </span>
    </p>
   </div>
   <div class='ocr_carea' id='block_1_31' title="bbox 2150 1650 3727 1746">
    <p class='ocr_par' dir='ltr' id='par_1_31' title="bbox 2150 1650 3727 1730">
     <span class='ocr_line' id='line_1_31' title="bbox 2150 1650 3727 1730; baseline -0.006 -17"><span class='ocrx_word' id='word_1_201' title='bbox 2150 1658 2565 1730; x_wconf 83' lang='grc' dir='ltr'>ἀναμανθάνειν,</span> <span class='ocrx_word' id='word_1_202' title='bbox 2599 1655 2694 1708; x_wconf 78' lang='grc' dir='ltr'>καὶ</span> <span class='ocrx_word' id='word_1_203' title='bbox 2726 1655 2834 1706; x_wconf 90' lang='grc' dir='ltr'><strong>τῶν</strong></span> <span class='ocrx_word' id='word_1_204' title='bbox 2882 1653 2982 1722; x_wconf 89' lang='grc' dir='ltr'><strong>μέν</strong></span> <span class='ocrx_word' id='word_1_205' title='bbox 3021 1650 3328 1705; x_wconf 70' lang='grc' dir='ltr'>σπουδαίων</span> <span class='ocrx_word' id='word_1_206' title='bbox 3357 1651 3457 1713; x_wconf 82' lang='grc' dir='ltr'><strong>τάς</strong></span> <span class='ocrx_word' id='word_1_207' title='bbox 3495 1650 3727 1720; x_wconf 84' lang='grc' dir='ltr'>γνώμας</span> 
     </span>
    </p>
   </div>
   <div class='ocr_carea' id='block_1_32' title="bbox 469 1735 2046 1845">
    <p class='ocr_par' dir='ltr' id='par_1_32' title="bbox 469 1735 2033 1845">
     <span class='ocr_line' id='line_1_32' title="bbox 469 1735 2033 1845; baseline -0.012 -16"><span class='ocrx_word' id='word_1_208' title='bbox 469 1777 728 1845; x_wconf 88' lang='lat' dir='ltr'><strong>adjunge,</strong></span> <span class='ocrx_word' id='word_1_209' title='bbox 764 1770 1009 1840; x_wconf 87' lang='lat' dir='ltr'><strong>improba</strong></span> <span class='ocrx_word' id='word_1_210' title='bbox 1053 1783 1178 1822; x_wconf 84' lang='lat' dir='ltr'><strong>vero</strong></span> <span class='ocrx_word' id='word_1_211' title='bbox 1229 1778 1502 1819; x_wconf 87' lang='lat' dir='ltr'><strong>aversare.</strong></span> <span class='ocrx_word' id='word_1_212' title='bbox 1541 1735 1818 1831; x_wconf 78' lang='lat' dir='ltr'><strong>Quidquid</strong></span> <span class='ocrx_word' id='word_1_213' title='bbox 1852 1767 2033 1812; x_wconf 90' lang='lat' dir='ltr'><strong>autem</strong></span> 
     </span>
    </p>
   </div>
   <div class='ocr_carea' id='block_1_33' title="bbox 2150 1735 3731 1845">
    <p class='ocr_par' dir='ltr' id='par_1_33' title="bbox 2150 1740 3731 1820">
     <span class='ocr_line' id='line_1_33' title="bbox 2150 1740 3731 1820; baseline -0.008 -14"><span class='ocrx_word' id='word_1_214' title='bbox 2150 1750 2525 1820; x_wconf 82' lang='grc' dir='ltr'>ἀποδέχεσθαι,</span> <span class='ocrx_word' id='word_1_215' title='bbox 2559 1746 2669 1799; x_wconf 87' lang='grc' dir='ltr'><strong>τῶν</strong></span> <span class='ocrx_word' id='word_1_216' title='bbox 2716 1746 2772 1798; x_wconf 81' lang='grc' dir='ltr'>δὲ</span> <span class='ocrx_word' id='word_1_217' title='bbox 2824 1744 3043 1811; x_wconf 82' lang='grc' dir='ltr'>φαύλων</span> <span class='ocrx_word' id='word_1_218' title='bbox 3087 1740 3731 1815; x_wconf 76' lang='grc' dir='ltr'>ἀποστρέφεσθαι.’Δλλά</span> 
     </span>
    </p>
   </div>
   <div class='ocr_carea' id='block_1_34' title="bbox 475 1850 2038 1929">
    <p class='ocr_par' dir='ltr' id='par_1_34' title="bbox 475 1850 2038 1929">
     <span class='ocr_line' id='line_1_34' title="bbox 475 1850 2038 1929; baseline -0.013 -8"><span class='ocrx_word' id='word_1_219' title='bbox 475 1865 865 1920; x_wconf 74' lang='lat' dir='ltr'><strong>enuntia&#39;turus</strong></span> <span class='ocrx_word' id='word_1_220' title='bbox 904 1873 1140 1929; x_wconf 90' lang='lat' dir='ltr'><strong>unquam</strong></span> <span class='ocrx_word' id='word_1_221' title='bbox 1176 1857 1273 1920; x_wconf 85' lang='lat' dir='ltr'><strong>sis,</strong></span> <span class='ocrx_word' id='word_1_222' title='bbox 1308 1854 1448 1925; x_wconf 91' lang='lat' dir='ltr'><strong>apud</strong></span> <span class='ocrx_word' id='word_1_223' title='bbox 1479 1863 1531 1908; x_wconf 90' lang='lat' dir='ltr'><strong>te</strong></span> <span class='ocrx_word' id='word_1_224' title='bbox 1571 1853 1722 1923; x_wconf 88' lang='lat' dir='ltr'><strong>prius</strong></span> <span class='ocrx_word' id='word_1_225' title='bbox 1751 1850 2038 1919; x_wconf 86' lang='lat' dir='ltr'><strong>diligenter</strong></span> 
     </span>
    </p>
   </div>
   <div class='ocr_carea' id='block_1_35' title="bbox 468 1945 2037 2016">
    <p class='ocr_par' dir='ltr' id='par_1_35' title="bbox 468 1945 2037 2016">
     <span class='ocr_line' id='line_1_35' title="bbox 468 1945 2037 2016; baseline -0.012 -7"><span class='ocrx_word' id='word_1_226' title='bbox 468 1954 753 2010; x_wconf 86' lang='lat' dir='ltr'><strong>considera</strong></span> <span class='ocrx_word' id='word_1_227' title='bbox 784 1991 798 2015; x_wconf 91' lang='lat'><strong>,</strong></span> <span class='ocrx_word' id='word_1_228' title='bbox 854 1965 923 2004; x_wconf 91' lang='lat' dir='ltr'><strong>ne</strong></span> <span class='ocrx_word' id='word_1_229' title='bbox 970 1950 1157 2016; x_wconf 78' lang='lat' dir='ltr'><strong>lingua</strong></span> <span class='ocrx_word' id='word_1_230' title='bbox 1201 1945 1584 2016; x_wconf 80' lang='lat' dir='ltr'><strong>cogitationem</strong></span> <span class='ocrx_word' id='word_1_231' title='bbox 1641 1945 2037 2002; x_wconf 83' lang='lat' dir='ltr'><strong>antevertente,</strong></span> 
     </span>
    </p>
   </div>
   <div class='ocr_carea' id='block_1_36' title="bbox 467 2030 2035 2115">
    <p class='ocr_par' dir='ltr' id='par_1_36' title="bbox 467 2030 2035 2115">
     <span class='ocr_line' id='line_1_36' title="bbox 467 2030 2035 2115; baseline -0.012 -15"><span class='ocrx_word' id='word_1_232' title='bbox 467 2048 611 2115; x_wconf 84' lang='lat' dir='ltr'><strong>quod</strong></span> <span class='ocrx_word' id='word_1_233' title='bbox 635 2049 968 2113; x_wconf 72' lang='lat' dir='ltr'><strong>przepostere</strong></span> <span class='ocrx_word' id='word_1_234' title='bbox 991 2037 1240 2107; x_wconf 81' lang='lat' dir='ltr'><strong>loquaris</strong></span> <span class='ocrx_word' id='word_1_235' title='bbox 1261 2036 1362 2089; x_wconf 83' lang='lat' dir='ltr'><strong>tibi</strong></span> <span class='ocrx_word' id='word_1_236' title='bbox 1391 2033 1778 2104; x_wconf 78' lang='lat' dir='ltr'><strong>exprobretur.</strong></span> <span class='ocrx_word' id='word_1_237' title='bbox 1810 2030 1866 2083; x_wconf 92' lang='lat' dir='ltr'><strong>In</strong></span> <span class='ocrx_word' id='word_1_238' title='bbox 1889 2037 2035 2083; x_wconf 70' lang='lat' dir='ltr'><strong>metu</strong></span> 
     </span>
    </p>
   </div>
   <div class='ocr_carea' id='block_1_37' title="bbox 467 2120 2039 2196">
    <p class='ocr_par' dir='ltr' id='par_1_37' title="bbox 467 2120 2039 2196">
     <span class='ocr_line' id='line_1_37' title="bbox 467 2120 2039 2196; baseline -0.01 -8"><span class='ocrx_word' id='word_1_239' title='bbox 467 2137 608 2188; x_wconf 86' lang='lat' dir='ltr'><strong>enim</strong></span> <span class='ocrx_word' id='word_1_240' title='bbox 678 2131 965 2185; x_wconf 87' lang='lat' dir='ltr'><strong>hominum</strong></span> <span class='ocrx_word' id='word_1_241' title='bbox 1024 2139 1318 2196; x_wconf 87' lang='lat' dir='ltr'><strong>antequam</strong></span> <span class='ocrx_word' id='word_1_242' title='bbox 1376 2122 1580 2193; x_wconf 88' lang='lat' dir='ltr'><strong>aliquid</strong></span> <span class='ocrx_word' id='word_1_243' title='bbox 1629 2122 1803 2186; x_wconf 86' lang='lat' dir='ltr'><strong>dicas,</strong></span> <span class='ocrx_word' id='word_1_244' title='bbox 1841 2120 1897 2173; x_wconf 87' lang='lat' dir='ltr'><strong>in</strong></span> <span class='ocrx_word' id='word_1_245' title='bbox 1946 2126 2039 2173; x_wconf 90' lang='lat' dir='ltr'><strong>tua</strong></span> 
     </span>
    </p>
   </div>
   <div class='ocr_carea' id='block_1_38' title="bbox 469 2212 2038 2291">
    <p class='ocr_par' dir='ltr' id='par_1_38' title="bbox 469 2212 2038 2291">
     <span class='ocr_line' id='line_1_38' title="bbox 469 2212 2038 2291; baseline -0.01 -16"><span class='ocrx_word' id='word_1_246' title='bbox 469 2229 737 2291; x_wconf 86' lang='lat' dir='ltr'><strong>potestate</strong></span> <span class='ocrx_word' id='word_1_247' title='bbox 758 2228 841 2272; x_wconf 88' lang='lat' dir='ltr'><strong>est</strong></span> <span class='ocrx_word' id='word_1_248' title='bbox 859 2217 1101 2285; x_wconf 89' lang='lat' dir='ltr'><strong>cogitare</strong></span> <span class='ocrx_word' id='word_1_249' title='bbox 1123 2256 1137 2281; x_wconf 93' lang='lat'><strong>,</strong></span> <span class='ocrx_word' id='word_1_250' title='bbox 1170 2216 1214 2269; x_wconf 90' lang='lat' dir='ltr'><strong>si</strong></span> <span class='ocrx_word' id='word_1_251' title='bbox 1253 2213 1390 2267; x_wconf 92' lang='lat' dir='ltr'><strong>forte</strong></span> <span class='ocrx_word' id='word_1_252' title='bbox 1407 2221 1530 2282; x_wconf 90' lang='lat' dir='ltr'><strong>post</strong></span> <span class='ocrx_word' id='word_1_253' title='bbox 1555 2212 1788 2280; x_wconf 86' lang='lat' dir='ltr'><strong>primam</strong></span> <span class='ocrx_word' id='word_1_254' title='bbox 1817 2218 2038 2262; x_wconf 85' lang='lat' dir='ltr'><strong>senten-</strong></span> 
     </span>
    </p>
   </div>
   <div class='ocr_carea' id='block_1_39' title="bbox 469 2303 2040 2368">
    <p class='ocr_par' dir='ltr' id='par_1_39' title="bbox 469 2303 2040 2368">
     <span class='ocr_line' id='line_1_39' title="bbox 469 2303 2040 2368; baseline -0.01 -1"><span class='ocrx_word' id='word_1_255' title='bbox 469 2315 600 2367; x_wconf 90' lang='lat' dir='ltr'><strong>tiam</strong></span> <span class='ocrx_word' id='word_1_256' title='bbox 631 2313 734 2366; x_wconf 85' lang='lat' dir='ltr'><strong>alia</strong></span> <span class='ocrx_word' id='word_1_257' title='bbox 768 2310 869 2363; x_wconf 89' lang='lat' dir='ltr'><strong>tibi</strong></span> <span class='ocrx_word' id='word_1_258' title='bbox 901 2309 1094 2363; x_wconf 87' lang='lat' dir='ltr'><strong>melior</strong></span> <span class='ocrx_word' id='word_1_259' title='bbox 1147 2304 1502 2361; x_wconf 83' lang='lat' dir='ltr'><strong>succurrerit.</strong></span> <span class='ocrx_word' id='word_1_260' title='bbox 1541 2303 1613 2357; x_wconf 89' lang='lat' dir='ltr'><strong>lis</strong></span> <span class='ocrx_word' id='word_1_261' title='bbox 1672 2311 1853 2354; x_wconf 89' lang='lat' dir='ltr'><strong>autem</strong></span> <span class='ocrx_word' id='word_1_262' title='bbox 1914 2313 2040 2368; x_wconf 65' lang='lat' dir='ltr'><strong>qua:</strong></span> 
     </span>
    </p>
   </div>
   <div class='ocr_carea' id='block_1_40' title="bbox 473 2389 2040 2466">
    <p class='ocr_par' dir='ltr' id='par_1_40' title="bbox 473 2389 2040 2466">
     <span class='ocr_line' id='line_1_40' title="bbox 473 2389 2040 2466; baseline -0.011 -6"><span class='ocrx_word' id='word_1_263' title='bbox 473 2405 641 2461; x_wconf 88' lang='lat' dir='ltr'><strong>semel</strong></span> <span class='ocrx_word' id='word_1_264' title='bbox 686 2401 890 2456; x_wconf 80' lang='lat' dir='ltr'><strong>dixeris</strong></span> <span class='ocrx_word' id='word_1_265' title='bbox 951 2397 1247 2466; x_wconf 83' lang='lat' dir='ltr'><strong>pugnantia</strong></span> <span class='ocrx_word' id='word_1_266' title='bbox 1284 2395 1554 2462; x_wconf 84' lang='lat' dir='ltr'><strong>subjicere</strong></span> <span class='ocrx_word' id='word_1_267' title='bbox 1589 2407 1696 2446; x_wconf 92' lang='lat' dir='ltr'><strong>non</strong></span> <span class='ocrx_word' id='word_1_268' title='bbox 1730 2391 1958 2460; x_wconf 89' lang='lat' dir='ltr'><strong>poteris,</strong></span> <span class='ocrx_word' id='word_1_269' title='bbox 1992 2389 2040 2443; x_wconf 90' lang='lat' dir='ltr'><strong>si</strong></span> 
     </span>
    </p>
   </div>
   <div class='ocr_carea' id='block_1_41' title="bbox 473 2482 2040 2554">
    <p class='ocr_par' dir='ltr' id='par_1_41' title="bbox 473 2482 2040 2554">
     <span class='ocr_line' id='line_1_41' title="bbox 473 2482 2040 2554; baseline -0.011 -4"><span class='ocrx_word' id='word_1_270' title='bbox 473 2508 754 2550; x_wconf 87' lang='lat' dir='ltr'><strong>sermones</strong></span> <span class='ocrx_word' id='word_1_271' title='bbox 816 2499 940 2542; x_wconf 84' lang='lat' dir='ltr'><strong>tuos</strong></span> <span class='ocrx_word' id='word_1_272' title='bbox 975 2489 1042 2541; x_wconf 91' lang='lat' dir='ltr'><strong>ab</strong></span> <span class='ocrx_word' id='word_1_273' title='bbox 1101 2487 1247 2541; x_wconf 90' lang='lat' dir='ltr'><strong>oumi</strong></span> <span class='ocrx_word' id='word_1_274' title='bbox 1295 2483 1720 2554; x_wconf 80' lang='lat' dir='ltr'><strong>reprehensione</strong></span> <span class='ocrx_word' id='word_1_275' title='bbox 1770 2482 2040 2534; x_wconf 91' lang='lat' dir='ltr'><strong>immunes</strong></span> 
     </span>
    </p>
   </div>
   <div class='ocr_carea' id='block_1_42' title="bbox 471 2574 2043 2644">
    <p class='ocr_par' dir='ltr' id='par_1_42' title="bbox 471 2574 2043 2644">
     <span class='ocr_line' id='line_1_42' title="bbox 471 2574 2043 2644; baseline -0.011 -3"><span class='ocrx_word' id='word_1_276' title='bbox 471 2601 595 2641; x_wconf 90' lang='lat' dir='ltr'><strong>esse</strong></span> <span class='ocrx_word' id='word_1_277' title='bbox 625 2582 886 2636; x_wconf 89' lang='lat' dir='ltr'><strong>volueris.</strong></span> <span class='ocrx_word' id='word_1_278' title='bbox 937 2579 1130 2631; x_wconf 85' lang='lat' dir='ltr'><strong>Dicere</strong></span> <span class='ocrx_word' id='word_1_279' title='bbox 1182 2585 1362 2629; x_wconf 91' lang='lat' dir='ltr'><strong>autem</strong></span> <span class='ocrx_word' id='word_1_280' title='bbox 1415 2574 1688 2644; x_wconf 86' lang='lat' dir='ltr'><strong>oportebit</strong></span> <span class='ocrx_word' id='word_1_281' title='bbox 1715 2578 1810 2625; x_wconf 92' lang='lat' dir='ltr'><strong>aut</strong></span> <span class='ocrx_word' id='word_1_282' title='bbox 1837 2585 1899 2625; x_wconf 89' lang='lat' dir='ltr'><strong>ea</strong></span> <span class='ocrx_word' id='word_1_283' title='bbox 1923 2583 2043 2639; x_wconf 72' lang='lat' dir='ltr'><strong>qua:</strong></span> 
     </span>
    </p>
   </div>
   <div class='ocr_carea' id='block_1_43' title="bbox 474 2661 2039 2747">
    <p class='ocr_par' dir='ltr' id='par_1_43' title="bbox 474 2661 2039 2747">
     <span class='ocr_line' id='line_1_43' title="bbox 474 2661 2039 2747; baseline -0.012 -17"><span class='ocrx_word' id='word_1_284' title='bbox 474 2674 718 2747; x_wconf 82' lang='lat' dir='ltr'><strong>perfecte</strong></span> <span class='ocrx_word' id='word_1_285' title='bbox 743 2675 905 2733; x_wconf 88' lang='lat' dir='ltr'><strong>scies,</strong></span> <span class='ocrx_word' id='word_1_286' title='bbox 938 2680 1033 2722; x_wconf 92' lang='lat' dir='ltr'><strong>aut</strong></span> <span class='ocrx_word' id='word_1_287' title='bbox 1082 2683 1203 2737; x_wconf 65' lang='lat' dir='ltr'><strong>quae</strong></span> <span class='ocrx_word' id='word_1_288' title='bbox 1238 2666 1502 2735; x_wconf 91' lang='lat' dir='ltr'><strong>temporis</strong></span> <span class='ocrx_word' id='word_1_289' title='bbox 1534 2664 1672 2718; x_wconf 90' lang='lat' dir='ltr'><strong>ratio</strong></span> <span class='ocrx_word' id='word_1_290' title='bbox 1707 2661 2039 2732; x_wconf 83' lang='lat' dir='ltr'><strong>postulabit;</strong></span> 
     </span>
    </p>
   </div>
   <div class='ocr_carea' id='block_1_44' title="bbox 478 2755 2041 2835">
    <p class='ocr_par' dir='ltr' id='par_1_44' title="bbox 478 2755 2041 2835">
     <span class='ocr_line' id='line_1_44' title="bbox 478 2755 2041 2835; baseline -0.012 -13"><span class='ocrx_word' id='word_1_291' title='bbox 478 2765 548 2822; x_wconf 90' lang='lat' dir='ltr'><strong>de</strong></span> <span class='ocrx_word' id='word_1_292' title='bbox 582 2763 808 2835; x_wconf 86' lang='lat' dir='ltr'><strong>reliquis</strong></span> <span class='ocrx_word' id='word_1_293' title='bbox 846 2770 1026 2814; x_wconf 87' lang='lat' dir='ltr'><strong>autem</strong></span> <span class='ocrx_word' id='word_1_294' title='bbox 1059 2761 1316 2814; x_wconf 90' lang='lat' dir='ltr'><strong>omnibus</strong></span> <span class='ocrx_word' id='word_1_295' title='bbox 1351 2758 1526 2814; x_wconf 87' lang='lat' dir='ltr'><strong>satius</strong></span> <span class='ocrx_word' id='word_1_296' title='bbox 1545 2757 1650 2812; x_wconf 91' lang='lat' dir='ltr'><strong>erit</strong></span> <span class='ocrx_word' id='word_1_297' title='bbox 1686 2755 1849 2810; x_wconf 87' lang='lat' dir='ltr'><strong>silere</strong></span> <span class='ocrx_word' id='word_1_298' title='bbox 1879 2765 2041 2822; x_wconf 90' lang='lat' dir='ltr'><strong>quam</strong></span> 
     </span>
    </p>
   </div>
   <div class='ocr_carea' id='block_1_45' title="bbox 479 2858 646 2929">
    <p class='ocr_par' dir='ltr' id='par_1_45' title="bbox 479 2858 646 2929">
     <span class='ocr_line' id='line_1_45' title="bbox 479 2858 646 2929; baseline -0.012 -17"><span class='ocrx_word' id='word_1_299' title='bbox 479 2858 646 2929; x_wconf 88' lang='lat' dir='ltr'><strong>loqui.</strong></span> 
     </span>
    </p>
   </div>
   <div class='ocr_carea' id='block_1_46' title="bbox 1044 2945 1493 3014">
    <p class='ocr_par' dir='ltr' id='par_1_46' title="bbox 1044 2945 1493 3014">
     <span class='ocr_line' id='line_1_46' title="bbox 1044 2945 1493 3014; baseline -0.004 -14"><span class='ocrx_word' id='word_1_300' title='bbox 1044 2945 1118 3000; x_wconf 87' lang='lat' dir='ltr'><strong>De</strong></span> <span class='ocrx_word' id='word_1_301' title='bbox 1147 2947 1493 3014; x_wconf 84' lang='lat' dir='ltr'><strong>eleemosgna.</strong></span> 
     </span>
    </p>
   </div>
   <div class='ocr_carea' id='block_1_47' title="bbox 2139 1832 3726 1913">
    <p class='ocr_par' dir='ltr' id='par_1_47' title="bbox 2139 1832 3726 1913">
     <span class='ocr_line' id='line_1_47' title="bbox 2139 1832 3726 1913; baseline -0.009 -13"><span class='ocrx_word' id='word_1_302' title='bbox 2139 1847 2234 1900; x_wconf 68' lang='grc' dir='ltr'>καὶ</span> <span class='ocrx_word' id='word_1_303' title='bbox 2264 1845 2401 1913; x_wconf 85' lang='grc' dir='ltr'>ὅπερ</span> <span class='ocrx_word' id='word_1_304' title='bbox 2430 1841 2496 1896; x_wconf 80' lang='grc' dir='ltr'>ἂν</span> <span class='ocrx_word' id='word_1_305' title='bbox 2527 1832 2740 1911; x_wconf 84' lang='grc' dir='ltr'>μέλλεις</span> <span class='ocrx_word' id='word_1_306' title='bbox 2778 1839 2945 1907; x_wconf 80' lang='grc' dir='ltr'>ἐρεῖν,</span> <span class='ocrx_word' id='word_1_307' title='bbox 2980 1837 3374 1907; x_wconf 85' lang='grc' dir='ltr'>προεπισκόπει</span> <span class='ocrx_word' id='word_1_308' title='bbox 3402 1837 3468 1905; x_wconf 80' lang='grc' dir='ltr'>τῇ</span> <span class='ocrx_word' id='word_1_309' title='bbox 3502 1833 3726 1904; x_wconf 80' lang='grc' dir='ltr'>γνώμῃ,</span> 
     </span>
    </p>
   </div>
   <div class='ocr_carea' id='block_1_48' title="bbox 2142 1923 3726 2007">
    <p class='ocr_par' dir='ltr' id='par_1_48' title="bbox 2142 1923 3726 2007">
     <span class='ocr_line' id='line_1_48' title="bbox 2142 1923 3726 2007; baseline -0.011 -15"><span class='ocrx_word' id='word_1_310' title='bbox 2142 1940 2227 1992; x_wconf 78' lang='grc' dir='ltr'>ἵνα</span> <span class='ocrx_word' id='word_1_311' title='bbox 2273 1937 2346 2007; x_wconf 85' lang='grc' dir='ltr'>μὴ</span> <span class='ocrx_word' id='word_1_312' title='bbox 2399 1935 2491 1988; x_wconf 72' lang='grc' dir='ltr'>καὶ</span> <span class='ocrx_word' id='word_1_313' title='bbox 2538 1934 2572 2003; x_wconf 77' lang='grc' dir='ltr'>ἡ</span> <span class='ocrx_word' id='word_1_314' title='bbox 2623 1931 2841 2000; x_wconf 89' lang='grc' dir='ltr'>γλῶσσα</span> <span class='ocrx_word' id='word_1_315' title='bbox 2889 1929 3262 1999; x_wconf 84' lang='grc' dir='ltr'>προτρέχουσα</span> <span class='ocrx_word' id='word_1_316' title='bbox 3298 1926 3392 1981; x_wconf 89' lang='grc' dir='ltr'><strong>τοῦ</strong></span> <span class='ocrx_word' id='word_1_317' title='bbox 3431 1923 3726 1994; x_wconf 75' lang='grc' dir='ltr'>λογισμοῦ,</span> 
     </span>
    </p>
   </div>
   <div class='ocr_carea' id='block_1_49' title="bbox 2141 2016 3730 2093">
    <p class='ocr_par' dir='ltr' id='par_1_49' title="bbox 2141 2016 3730 2093">
     <span class='ocr_line' id='line_1_49' title="bbox 2141 2016 3730 2093; baseline -0.011 -10"><span class='ocrx_word' id='word_1_318' title='bbox 2141 2029 2389 2090; x_wconf 81' lang='grc' dir='ltr'><strong>ἀτάκτως</strong></span> <span class='ocrx_word' id='word_1_319' title='bbox 2410 2025 2588 2093; x_wconf 87' lang='grc' dir='ltr'>λέγειν</span> <span class='ocrx_word' id='word_1_320' title='bbox 2613 2022 2902 2092; x_wconf 80' lang='grc' dir='ltr'>όνειδισθῇ.</span> <span class='ocrx_word' id='word_1_321' title='bbox 2927 2021 3214 2090; x_wconf 82' lang='grc' dir='ltr'>Σκοπήσας</span> <span class='ocrx_word' id='word_1_322' title='bbox 3249 2019 3346 2089; x_wconf 82' lang='grc' dir='ltr'>μὲν</span> <span class='ocrx_word' id='word_1_323' title='bbox 3375 2019 3482 2087; x_wconf 84' lang='grc' dir='ltr'>γὰρ</span> <span class='ocrx_word' id='word_1_324' title='bbox 3508 2019 3564 2070; x_wconf 92' lang='grc' dir='ltr'><strong>ἐν</strong></span> <span class='ocrx_word' id='word_1_325' title='bbox 3591 2016 3730 2069; x_wconf 81' lang='grc' dir='ltr'>συλ-</span> 
     </span>
    </p>
   </div>
   <div class='ocr_carea' id='block_1_50' title="bbox 2142 2105 3728 2191">
    <p class='ocr_par' dir='ltr' id='par_1_50' title="bbox 2142 2105 3728 2191">
     <span class='ocr_line' id='line_1_50' title="bbox 2142 2105 3728 2191; baseline -0.01 -16"><span class='ocrx_word' id='word_1_326' title='bbox 2142 2123 2285 2191; x_wconf 81' lang='grc' dir='ltr'>λόγῳ</span> <span class='ocrx_word' id='word_1_327' title='bbox 2317 2119 2508 2189; x_wconf 83' lang='grc' dir='ltr'>κύριος</span> <span class='ocrx_word' id='word_1_328' title='bbox 2539 2111 2590 2169; x_wconf 78' lang='grc' dir='ltr'>εἶ</span> <span class='ocrx_word' id='word_1_329' title='bbox 2615 2115 2722 2184; x_wconf 79' lang='grc' dir='ltr'>πρὸ</span> <span class='ocrx_word' id='word_1_330' title='bbox 2750 2114 2844 2167; x_wconf 92' lang='grc' dir='ltr'><strong>τοῦ</strong></span> <span class='ocrx_word' id='word_1_331' title='bbox 2874 2131 2926 2166; x_wconf 89' lang='grc' dir='ltr'><strong>τι</strong></span> <span class='ocrx_word' id='word_1_332' title='bbox 2950 2114 3144 2176; x_wconf 83' lang='grc' dir='ltr'>είπεῖν,</span> <span class='ocrx_word' id='word_1_333' title='bbox 3172 2105 3246 2165; x_wconf 85' lang='grc' dir='ltr'>ὧν</span> <span class='ocrx_word' id='word_1_334' title='bbox 3279 2110 3490 2180; x_wconf 80' lang='grc' dir='ltr'>μέλλεις</span> <span class='ocrx_word' id='word_1_335' title='bbox 3524 2111 3728 2173; x_wconf 82' lang='grc' dir='ltr'>είπείν,</span> 
     </span>
    </p>
   </div>
   <div class='ocr_carea' id='block_1_51' title="bbox 2142 2200 3730 2279">
    <p class='ocr_par' dir='ltr' id='par_1_51' title="bbox 2142 2200 3730 2279">
     <span class='ocr_line' id='line_1_51' title="bbox 2142 2200 3730 2279; baseline -0.009 -13"><span class='ocrx_word' id='word_1_336' title='bbox 2142 2213 2196 2266; x_wconf 77' lang='grc' dir='ltr'><strong>εἴ</strong></span> <span class='ocrx_word' id='word_1_337' title='bbox 2223 2229 2324 2265; x_wconf 85' lang='grc' dir='ltr'><strong>που</strong></span> <span class='ocrx_word' id='word_1_338' title='bbox 2357 2211 2449 2263; x_wconf 75' lang='grc' dir='ltr'>καὶ</span> <span class='ocrx_word' id='word_1_339' title='bbox 2487 2208 2625 2279; x_wconf 88' lang='grc' dir='ltr'><strong>μετά</strong></span> <span class='ocrx_word' id='word_1_340' title='bbox 2667 2205 2766 2276; x_wconf 82' lang='grc' dir='ltr'>τὴν</span> <span class='ocrx_word' id='word_1_341' title='bbox 2823 2206 3094 2275; x_wconf 78' lang='grc' dir='ltr'>προτέραν</span> <span class='ocrx_word' id='word_1_342' title='bbox 3145 2202 3371 2272; x_wconf 82' lang='grc' dir='ltr'>γνώμην</span> <span class='ocrx_word' id='word_1_343' title='bbox 3419 2204 3452 2271; x_wconf 77' lang='grc' dir='ltr'>ἡ</span> <span class='ocrx_word' id='word_1_344' title='bbox 3491 2200 3730 2269; x_wconf 86' lang='grc' dir='ltr'>δευτέρα</span> 
     </span>
    </p>
   </div>
   <div class='ocr_carea' id='block_1_52' title="bbox 2143 2292 3732 2375">
    <p class='ocr_par' dir='ltr' id='par_1_52' title="bbox 2143 2292 3732 2375">
     <span class='ocr_line' id='line_1_52' title="bbox 2143 2292 3732 2375; baseline -0.009 -18"><span class='ocrx_word' id='word_1_345' title='bbox 2143 2303 2405 2375; x_wconf 71' lang='grc' dir='ltr'>κρείττων</span> <span class='ocrx_word' id='word_1_346' title='bbox 2438 2300 2707 2369; x_wconf 81' lang='grc' dir='ltr'>ἀναφανῇ.</span> <span class='ocrx_word' id='word_1_347' title='bbox 2733 2296 2987 2367; x_wconf 83' lang='grc' dir='ltr'>Λαλήσας</span> <span class='ocrx_word' id='word_1_348' title='bbox 3015 2296 3072 2348; x_wconf 85' lang='grc' dir='ltr'>δὲ</span> <span class='ocrx_word' id='word_1_349' title='bbox 3098 2295 3265 2358; x_wconf 77' lang='grc' dir='ltr'>ἅπαξ,</span> <span class='ocrx_word' id='word_1_350' title='bbox 3291 2295 3352 2346; x_wconf 93' lang='grc' dir='ltr'><strong>οὐ</strong></span> <span class='ocrx_word' id='word_1_351' title='bbox 3391 2293 3596 2364; x_wconf 79' lang='grc' dir='ltr'>δυνήσῃ</span> <span class='ocrx_word' id='word_1_352' title='bbox 3624 2292 3732 2345; x_wconf 84' lang='grc' dir='ltr'><strong>τοῦ</strong></span> 
     </span>
    </p>
   </div>
   <div class='ocr_carea' id='block_1_53' title="bbox 2142 2383 3732 2462">
    <p class='ocr_par' dir='ltr' id='par_1_53' title="bbox 2142 2383 3732 2462">
     <span class='ocr_line' id='line_1_53' title="bbox 2142 2383 3732 2462; baseline -0.009 -13"><span class='ocrx_word' id='word_1_353' title='bbox 2142 2392 2464 2462; x_wconf 79' lang='grc' dir='ltr'>λαληθέντος</span> <span class='ocrx_word' id='word_1_354' title='bbox 2492 2389 2710 2444; x_wconf 87' lang='grc' dir='ltr'>ἐναντία</span> <span class='ocrx_word' id='word_1_355' title='bbox 2741 2389 3151 2458; x_wconf 86' lang='grc' dir='ltr'>προσεπειπείν,</span> <span class='ocrx_word' id='word_1_356' title='bbox 3177 2385 3290 2453; x_wconf 79' lang='grc' dir='ltr'>εἴγε</span> <span class='ocrx_word' id='word_1_357' title='bbox 3330 2383 3521 2454; x_wconf 82' lang='grc' dir='ltr'>μώμου</span> <span class='ocrx_word' id='word_1_358' title='bbox 3553 2385 3732 2453; x_wconf 84' lang='grc' dir='ltr'>χωρ’-ς</span> 
     </span>
    </p>
   </div>
   <div class='ocr_carea' id='block_1_54' title="bbox 2143 2476 3729 2553">
    <p class='ocr_par' dir='ltr' id='par_1_54' title="bbox 2143 2476 3729 2553">
     <span class='ocr_line' id='line_1_54' title="bbox 2143 2476 3729 2553; baseline -0.006 -17"><span class='ocrx_word' id='word_1_359' title='bbox 2143 2487 2240 2547; x_wconf 74' lang='grc' dir='ltr'>τὰς</span> <span class='ocrx_word' id='word_1_360' title='bbox 2274 2481 2492 2553; x_wconf 84' lang='grc' dir='ltr'>ὁμιλίας</span> <span class='ocrx_word' id='word_1_361' title='bbox 2521 2479 2793 2532; x_wconf 81' lang='grc' dir='ltr'>ποιεῖσθαι</span> <span class='ocrx_word' id='word_1_362' title='bbox 2835 2479 3040 2540; x_wconf 84' lang='grc' dir='ltr'>ποθεῖς.</span> <span class='ocrx_word' id='word_1_363' title='bbox 3068 2478 3261 2545; x_wconf 83' lang='grc' dir='ltr'>Λέγειν</span> <span class='ocrx_word' id='word_1_364' title='bbox 3303 2476 3358 2529; x_wconf 88' lang='grc' dir='ltr'><strong>δέ</strong></span> <span class='ocrx_word' id='word_1_365' title='bbox 3400 2477 3729 2543; x_wconf 87' lang='grc' dir='ltr'>ἀναγκαῖον,</span> 
     </span>
    </p>
   </div>
   <div class='ocr_carea' id='block_1_55' title="bbox 2144 2561 3736 2645">
    <p class='ocr_par' dir='ltr' id='par_1_55' title="bbox 2144 2561 3736 2645">
     <span class='ocr_line' id='line_1_55' title="bbox 2144 2561 3736 2645; baseline -0.005 -18"><span class='ocrx_word' id='word_1_366' title='bbox 2144 2575 2177 2645; x_wconf 72' lang='grc' dir='ltr'><strong>ἦ</strong></span> <span class='ocrx_word' id='word_1_367' title='bbox 2212 2575 2340 2645; x_wconf 79' lang='grc' dir='ltr'>περὶ</span> <span class='ocrx_word' id='word_1_368' title='bbox 2383 2567 2458 2627; x_wconf 81' lang='grc' dir='ltr'>ὧν</span> <span class='ocrx_word' id='word_1_369' title='bbox 2490 2571 2732 2643; x_wconf 87' lang='grc' dir='ltr'>ἀκριϐῶς</span> <span class='ocrx_word' id='word_1_370' title='bbox 2777 2569 3094 2638; x_wconf 82' lang='grc' dir='ltr'>γινώσκεις,</span> <span class='ocrx_word' id='word_1_371' title='bbox 3139 2569 3172 2638; x_wconf 81' lang='grc' dir='ltr'>ἣ</span> <span class='ocrx_word' id='word_1_372' title='bbox 3222 2571 3348 2638; x_wconf 76' lang='grc' dir='ltr'>περὶ</span> <span class='ocrx_word' id='word_1_373' title='bbox 3375 2561 3451 2622; x_wconf 84' lang='grc' dir='ltr'>ὧν</span> <span class='ocrx_word' id='word_1_374' title='bbox 3479 2568 3507 2618; x_wconf 83' lang='grc' dir='ltr'><strong>ὁ</strong></span> <span class='ocrx_word' id='word_1_375' title='bbox 3537 2566 3736 2637; x_wconf 74' lang='grc' dir='ltr'>καιρὸς</span> 
     </span>
    </p>
   </div>
   <div class='ocr_carea' id='block_1_56' title="bbox 2144 2658 3732 2732">
    <p class='ocr_par' dir='ltr' id='par_1_56' title="bbox 2144 2658 3732 2732">
     <span class='ocr_line' id='line_1_56' title="bbox 2144 2658 3732 2732; baseline -0.006 -12"><span class='ocrx_word' id='word_1_376' title='bbox 2144 2668 2399 2720; x_wconf 78' lang='grc' dir='ltr'>ἀπαιτεϊο</span> <span class='ocrx_word' id='word_1_377' title='bbox 2436 2667 2494 2717; x_wconf 90' lang='grc' dir='ltr'><strong>ἐν</strong></span> <span class='ocrx_word' id='word_1_378' title='bbox 2524 2665 2580 2718; x_wconf 79' lang='grc' dir='ltr'>δὲ</span> <span class='ocrx_word' id='word_1_379' title='bbox 2619 2664 2730 2725; x_wconf 81' lang='grc' dir='ltr'>τοῖς</span> <span class='ocrx_word' id='word_1_380' title='bbox 2773 2663 2954 2726; x_wconf 84' lang='grc' dir='ltr'>ἀλλοις</span> <span class='ocrx_word' id='word_1_381' title='bbox 3002 2662 3173 2716; x_wconf 75' lang='grc' dir='ltr'>ἅπασι</span> <span class='ocrx_word' id='word_1_382' title='bbox 3226 2662 3488 2732; x_wconf 79' lang='grc' dir='ltr'>κρείττων</span> <span class='ocrx_word' id='word_1_383' title='bbox 3515 2658 3606 2712; x_wconf 89' lang='grc' dir='ltr'><strong>τοῦ</strong></span> <span class='ocrx_word' id='word_1_384' title='bbox 3638 2658 3732 2711; x_wconf 82' lang='grc' dir='ltr'><strong>λέ-</strong></span> 
     </span>
    </p>
   </div>
   <div class='ocr_carea' id='block_1_57' title="bbox 2145 2759 2558 2829">
    <p class='ocr_par' dir='ltr' id='par_1_57' title="bbox 2145 2759 2558 2829">
     <span class='ocr_line' id='line_1_57' title="bbox 2145 2759 2558 2829; baseline -0.007 -15"><span class='ocrx_word' id='word_1_385' title='bbox 2145 2778 2207 2827; x_wconf 90' lang='grc' dir='ltr'><strong>γε</strong></span> <span class='ocrx_word' id='word_1_386' title='bbox 2217 2778 2264 2814; x_wconf 93' lang='grc' dir='ltr'><strong>ιν</strong></span> <span class='ocrx_word' id='word_1_387' title='bbox 2297 2761 2330 2829; x_wconf 80' lang='grc' dir='ltr'>ὴ</span> <span class='ocrx_word' id='word_1_388' title='bbox 2362 2759 2558 2828; x_wconf 83' lang='grc' dir='ltr'>σιωπή.</span> 
     </span>
    </p>
   </div>
   <div class='ocr_carea' id='block_1_58' title="bbox 2623 2944 3240 3012">
    <p class='ocr_par' dir='ltr' id='par_1_58' title="bbox 2623 2944 3240 3012">
     <span class='ocr_line' id='line_1_58' title="bbox 2623 2944 3240 3012; baseline -0.005 -13"><span class='ocrx_word' id='word_1_389' title='bbox 2623 2946 2758 3012; x_wconf 84' lang='grc' dir='ltr'>Περί</span> <span class='ocrx_word' id='word_1_390' title='bbox 2798 2944 3240 3012; x_wconf 75' lang='grc' dir='ltr'>ἐλεημοσύνης.</span> 
     </span>
    </p>
   </div>
   <div class='ocr_carea' id='block_1_59' title="bbox 551 3031 2046 3118">
    <p class='ocr_par' dir='ltr' id='par_1_59' title="bbox 551 3033 2040 3112">
     <span class='ocr_line' id='line_1_59' title="bbox 551 3033 2040 3112; baseline -0.007 -16"><span class='ocrx_word' id='word_1_391' title='bbox 551 3041 775 3112; x_wconf 79' lang='lat' dir='ltr'><strong>Largire</strong></span> <span class='ocrx_word' id='word_1_392' title='bbox 809 3040 1045 3111; x_wconf 74' lang='lat' dir='ltr'><strong>‘copiose</strong></span> <span class='ocrx_word' id='word_1_393' title='bbox 1091 3038 1376 3108; x_wconf 83' lang='lat' dir='ltr'><strong>egentibus</strong></span> <span class='ocrx_word' id='word_1_394' title='bbox 1409 3033 1794 3090; x_wconf 71' lang='lat' dir='ltr'><strong>misericordiae</strong></span> <span class='ocrx_word' id='word_1_395' title='bbox 1821 3033 2040 3102; x_wconf 87' lang='lat' dir='ltr'><strong>stipem,</strong></span> 
     </span>
    </p>
   </div>
   <div class='ocr_carea' id='block_1_60' title="bbox 2150 3031 3736 3118">
    <p class='ocr_par' dir='ltr' id='par_1_60' title="bbox 2217 3031 3736 3106">
     <span class='ocr_line' id='line_1_60' title="bbox 2217 3031 3736 3106; baseline -0.006 -12"><span class='ocrx_word' id='word_1_396' title='bbox 2217 3040 2321 3094; x_wconf 82' lang='grc' dir='ltr'><strong>Τὸν</strong></span> <span class='ocrx_word' id='word_1_397' title='bbox 2371 3039 2518 3092; x_wconf 72' lang='grc' dir='ltr'>ἔλεον</span> <span class='ocrx_word' id='word_1_398' title='bbox 2568 3036 2950 3106; x_wconf 67' lang='grc' dir='ltr'>ἐπιδαψιλεύειν</span> <span class='ocrx_word' id='word_1_399' title='bbox 2979 3037 3091 3098; x_wconf 83' lang='grc' dir='ltr'>τοῖς</span> <span class='ocrx_word' id='word_1_400' title='bbox 3123 3033 3396 3104; x_wconf 82' lang='grc' dir='ltr'>δεομένοις</span> <span class='ocrx_word' id='word_1_401' title='bbox 3415 3074 3428 3098; x_wconf 93' lang='grc'><strong>,</strong></span> <span class='ocrx_word' id='word_1_402' title='bbox 3463 3035 3550 3086; x_wconf 79' lang='grc' dir='ltr'>ἵνα</span> <span class='ocrx_word' id='word_1_403' title='bbox 3579 3031 3736 3086; x_wconf 74' lang='grc' dir='ltr'>ἔλεον</span> 
     </span>
    </p>
   </div>
   <div class='ocr_carea' id='block_1_61' title="bbox 479 3125 2043 3205">
    <p class='ocr_par' dir='ltr' id='par_1_61' title="bbox 479 3125 2043 3205">
     <span class='ocr_line' id='line_1_61' title="bbox 479 3125 2043 3205; baseline -0.009 -15"><span class='ocrx_word' id='word_1_404' title='bbox 479 3147 537 3190; x_wconf 90' lang='lat' dir='ltr'><strong>ut</strong></span> <span class='ocrx_word' id='word_1_405' title='bbox 571 3137 684 3205; x_wconf 89' lang='lat' dir='ltr'><strong>ipse</strong></span> <span class='ocrx_word' id='word_1_406' title='bbox 705 3134 771 3188; x_wconf 94' lang='lat' dir='ltr'><strong>ab</strong></span> <span class='ocrx_word' id='word_1_407' title='bbox 801 3134 1185 3187; x_wconf 87' lang='lat' dir='ltr'><strong>universorum</strong></span> <span class='ocrx_word' id='word_1_408' title='bbox 1220 3143 1347 3198; x_wconf 85' lang='lat' dir='ltr'><strong>rege</strong></span> <span class='ocrx_word' id='word_1_409' title='bbox 1385 3125 1817 3182; x_wconf 87' lang='lat' dir='ltr'><strong>misericordiam</strong></span> <span class='ocrx_word' id='word_1_410' title='bbox 1848 3137 2043 3179; x_wconf 74' lang='lat' dir='ltr'><strong>conse~</strong></span> 
     </span>
    </p>
   </div>
   <div class='ocr_carea' id='block_1_62' title="bbox 479 3218 2046 3295">
    <p class='ocr_par' dir='ltr' id='par_1_62' title="bbox 479 3218 2046 3295">
     <span class='ocr_line' id='line_1_62' title="bbox 479 3218 2046 3295; baseline -0.009 -15"><span class='ocrx_word' id='word_1_411' title='bbox 479 3221 712 3295; x_wconf 63' lang='lat' dir='ltr'><strong>quarisi</strong></span> <span class='ocrx_word' id='word_1_412' title='bbox 749 3223 967 3293; x_wconf 89' lang='lat' dir='ltr'><strong>proprie</strong></span> <span class='ocrx_word' id='word_1_413' title='bbox 1026 3219 1169 3274; x_wconf 87' lang='lat' dir='ltr'><strong>enim</strong></span> <span class='ocrx_word' id='word_1_414' title='bbox 1212 3218 1386 3287; x_wconf 88' lang='lat' dir='ltr'><strong>pietas</strong></span> <span class='ocrx_word' id='word_1_415' title='bbox 1425 3225 1510 3272; x_wconf 87' lang='lat' dir='ltr'><strong>est</strong></span> <span class='ocrx_word' id='word_1_416' title='bbox 1568 3227 1864 3284; x_wconf 82' lang='lat' dir='ltr'><strong>egenorum</strong></span> <span class='ocrx_word' id='word_1_417' title='bbox 1925 3227 2046 3266; x_wconf 87' lang='lat' dir='ltr'><strong>sus-</strong></span> 
     </span>
    </p>
   </div>
   <div class='ocr_carea' id='block_1_63' title="bbox 479 3305 2045 3381">
    <p class='ocr_par' dir='ltr' id='par_1_63' title="bbox 479 3305 2045 3381">
     <span class='ocr_line' id='line_1_63' title="bbox 479 3305 2045 3381; baseline -0.011 -11"><span class='ocrx_word' id='word_1_418' title='bbox 479 3317 729 3373; x_wconf 87' lang='lat' dir='ltr'><strong>tentatio.</strong></span> <span class='ocrx_word' id='word_1_419' title='bbox 759 3313 887 3367; x_wconf 84' lang='lat' dir='ltr'><strong>Eam</strong></span> <span class='ocrx_word' id='word_1_420' title='bbox 931 3324 1062 3381; x_wconf 90' lang='lat' dir='ltr'><strong>ergo</strong></span> <span class='ocrx_word' id='word_1_421' title='bbox 1108 3309 1247 3364; x_wconf 91' lang='lat' dir='ltr'><strong>diem</strong></span> <span class='ocrx_word' id='word_1_422' title='bbox 1299 3307 1531 3378; x_wconf 90' lang='lat' dir='ltr'><strong>periisse</strong></span> <span class='ocrx_word' id='word_1_423' title='bbox 1577 3305 1910 3366; x_wconf 78' lang='lat' dir='ltr'><strong>existimato,</strong></span> <span class='ocrx_word' id='word_1_424' title='bbox 1940 3316 2045 3372; x_wconf 88' lang='lat' dir='ltr'><strong>qua</strong></span> 
     </span>
    </p>
   </div>
   <div class='ocr_carea' id='block_1_64' title="bbox 481 3395 2048 3471">
    <p class='ocr_par' dir='ltr' id='par_1_64' title="bbox 481 3395 2048 3471">
     <span class='ocr_line' id='line_1_64' title="bbox 481 3395 2048 3471; baseline -0.01 -10"><span class='ocrx_word' id='word_1_425' title='bbox 481 3407 680 3462; x_wconf 88' lang='lat' dir='ltr'><strong>nemini</strong></span> <span class='ocrx_word' id='word_1_426' title='bbox 723 3403 1084 3468; x_wconf 88' lang='lat' dir='ltr'><strong>benefeceris,</strong></span> <span class='ocrx_word' id='word_1_427' title='bbox 1142 3415 1240 3471; x_wconf 88' lang='lat' dir='ltr'><strong>pro</strong></span> <span class='ocrx_word' id='word_1_428' title='bbox 1265 3398 1548 3454; x_wconf 81' lang='lat' dir='ltr'><strong>beneficiis</strong></span> <span class='ocrx_word' id='word_1_429' title='bbox 1591 3411 1712 3467; x_wconf 68' lang='lat' dir='ltr'><strong>quae</strong></span> <span class='ocrx_word' id='word_1_430' title='bbox 1740 3395 1857 3465; x_wconf 79' lang='lat' dir='ltr'><strong>ipse</strong></span> <span class='ocrx_word' id='word_1_431' title='bbox 1886 3410 1915 3448; x_wconf 92' lang='lat' dir='ltr'><strong>a</strong></span> <span class='ocrx_word' id='word_1_432' title='bbox 1939 3395 2048 3447; x_wconf 85' lang='lat' dir='ltr'><strong>Deo</strong></span> 
     </span>
    </p>
   </div>
   <div class='ocr_carea' id='block_1_65' title="bbox 482 3483 2049 3568">
    <p class='ocr_par' dir='ltr' id='par_1_65' title="bbox 482 3483 2049 3568">
     <span class='ocr_line' id='line_1_65' title="bbox 482 3483 2049 3568; baseline -0.011 -16"><span class='ocrx_word' id='word_1_433' title='bbox 482 3498 784 3568; x_wconf 88' lang='lat' dir='ltr'><strong>acceperis.</strong></span> <span class='ocrx_word' id='word_1_434' title='bbox 820 3494 1026 3548; x_wconf 80' lang='lat' dir='ltr'><strong>Exerce</strong></span> <span class='ocrx_word' id='word_1_435' title='bbox 1063 3492 1228 3563; x_wconf 85' lang='lat' dir='ltr'><strong>igitur</strong></span> <span class='ocrx_word' id='word_1_436' title='bbox 1275 3490 1700 3559; x_wconf 89' lang='lat' dir='ltr'><strong>eleemosynam,</strong></span> <span class='ocrx_word' id='word_1_437' title='bbox 1732 3494 1792 3540; x_wconf 91' lang='lat' dir='ltr'><strong>ut</strong></span> <span class='ocrx_word' id='word_1_438' title='bbox 1818 3499 1938 3539; x_wconf 87' lang='lat' dir='ltr'><strong>eam</strong></span> <span class='ocrx_word' id='word_1_439' title='bbox 1969 3483 2049 3536; x_wconf 79' lang='lat' dir='ltr'><strong>vi-</strong></span> 
     </span>
    </p>
   </div>
   <div class='ocr_carea' id='block_1_66' title="bbox 480 3575 2049 3654">
    <p class='ocr_par' dir='ltr' id='par_1_66' title="bbox 480 3575 2049 3654">
     <span class='ocr_line' id='line_1_66' title="bbox 480 3575 2049 3654; baseline -0.012 -8"><span class='ocrx_word' id='word_1_440' title='bbox 480 3591 666 3646; x_wconf 88' lang='lat' dir='ltr'><strong>cissim</strong></span> <span class='ocrx_word' id='word_1_441' title='bbox 693 3604 722 3644; x_wconf 92' lang='lat' dir='ltr'><strong>a</strong></span> <span class='ocrx_word' id='word_1_442' title='bbox 747 3589 859 3642; x_wconf 79' lang='lat' dir='ltr'><strong>Deo</strong></span> <span class='ocrx_word' id='word_1_443' title='bbox 883 3584 1136 3654; x_wconf 84' lang='lat' dir='ltr'><strong>recipias.</strong></span> <span class='ocrx_word' id='word_1_444' title='bbox 1175 3582 1360 3637; x_wconf 74' lang='lat' dir='ltr'><strong>Praebe</strong></span> <span class='ocrx_word' id='word_1_445' title='bbox 1395 3595 1557 3634; x_wconf 90' lang='lat' dir='ltr'><strong>aures</strong></span> <span class='ocrx_word' id='word_1_446' title='bbox 1579 3587 1704 3633; x_wconf 90' lang='lat' dir='ltr'><strong>tuas</strong></span> <span class='ocrx_word' id='word_1_447' title='bbox 1740 3575 2049 3646; x_wconf 88' lang='lat' dir='ltr'><strong>supplicum</strong></span> 
     </span>
    </p>
   </div>
   <div class='ocr_carea' id='block_1_67' title="bbox 483 3667 2050 3750">
    <p class='ocr_par' dir='ltr' id='par_1_67' title="bbox 483 3667 2050 3750">
     <span class='ocr_line' id='line_1_67' title="bbox 483 3667 2050 3750; baseline -0.011 -16"><span class='ocrx_word' id='word_1_448' title='bbox 483 3682 760 3750; x_wconf 89' lang='lat' dir='ltr'><strong>precibus,</strong></span> <span class='ocrx_word' id='word_1_449' title='bbox 797 3688 852 3734; x_wconf 91' lang='lat' dir='ltr'><strong>et</strong></span> <span class='ocrx_word' id='word_1_450' title='bbox 893 3679 1052 3732; x_wconf 89' lang='lat' dir='ltr'><strong>hilari</strong></span> <span class='ocrx_word' id='word_1_451' title='bbox 1103 3675 1257 3730; x_wconf 86' lang='lat' dir='ltr'><strong>vultu</strong></span> <span class='ocrx_word' id='word_1_452' title='bbox 1303 3687 1494 3727; x_wconf 87' lang='lat' dir='ltr'><strong>eorum</strong></span> <span class='ocrx_word' id='word_1_453' title='bbox 1539 3669 1731 3740; x_wconf 89' lang='lat' dir='ltr'><strong>pudori</strong></span> <span class='ocrx_word' id='word_1_454' title='bbox 1787 3667 2050 3722; x_wconf 88' lang='lat' dir='ltr'><strong>consule:</strong></span> 
     </span>
    </p>
   </div>
   <div class='ocr_carea' id='block_1_68' title="bbox 483 3754 2053 3835">
    <p class='ocr_par' dir='ltr' id='par_1_68' title="bbox 483 3754 2053 3835">
     <span class='ocr_line' id='line_1_68' title="bbox 483 3754 2053 3835; baseline -0.011 -12"><span class='ocrx_word' id='word_1_455' title='bbox 483 3771 741 3823; x_wconf 88' lang='lat' dir='ltr'><strong>miserere</strong></span> <span class='ocrx_word' id='word_1_456' title='bbox 765 3769 1131 3835; x_wconf 88' lang='lat' dir='ltr'><strong>lacrymarum</strong></span> <span class='ocrx_word' id='word_1_457' title='bbox 1155 3761 1353 3824; x_wconf 61' lang='lat' dir='ltr'><strong>vidum,</strong></span> <span class='ocrx_word' id='word_1_458' title='bbox 1391 3775 1454 3813; x_wconf 86' lang='lat' dir='ltr'><strong>ac</strong></span> <span class='ocrx_word' id='word_1_459' title='bbox 1484 3757 1720 3828; x_wconf 84' lang='lat' dir='ltr'><strong>gemitus</strong></span> <span class='ocrx_word' id='word_1_460' title='bbox 1778 3754 2053 3824; x_wconf 83' lang='lat' dir='ltr'><strong>orphano—</strong></span> 
     </span>
    </p>
   </div>
   <div class='ocr_carea' id='block_1_69' title="bbox 483 3847 2056 3924">
    <p class='ocr_par' dir='ltr' id='par_1_69' title="bbox 483 3847 2056 3924">
     <span class='ocr_line' id='line_1_69' title="bbox 483 3847 2056 3924; baseline -0.011 -9"><span class='ocrx_word' id='word_1_461' title='bbox 483 3876 603 3915; x_wconf 87' lang='lat' dir='ltr'><strong>rum</strong></span> <span class='ocrx_word' id='word_1_462' title='bbox 630 3875 699 3913; x_wconf 91' lang='lat' dir='ltr'><strong>ne</strong></span> <span class='ocrx_word' id='word_1_463' title='bbox 731 3857 960 3924; x_wconf 89' lang='lat' dir='ltr'><strong>repellas</strong></span> <span class='ocrx_word' id='word_1_464' title='bbox 999 3875 1010 3907; x_wconf 93' lang='lat'>:</span> <span class='ocrx_word' id='word_1_465' title='bbox 1055 3870 1178 3924; x_wconf 83' lang='lat' dir='ltr'><strong>quae</strong></span> <span class='ocrx_word' id='word_1_466' title='bbox 1209 3855 1354 3909; x_wconf 87' lang='lat' dir='ltr'><strong>enim</strong></span> <span class='ocrx_word' id='word_1_467' title='bbox 1407 3853 1721 3911; x_wconf 81' lang='lat' dir='ltr'><strong>fecerimus,</strong></span> <span class='ocrx_word' id='word_1_468' title='bbox 1777 3847 1968 3902; x_wconf 89' lang='lat' dir='ltr'><strong>eadem</strong></span> <span class='ocrx_word' id='word_1_469' title='bbox 2001 3852 2056 3900; x_wconf 88' lang='lat' dir='ltr'><strong>et</strong></span> 
     </span>
    </p>
   </div>
   <div class='ocr_carea' id='block_1_70' title="bbox 485 3936 2058 4019">
    <p class='ocr_par' dir='ltr' id='par_1_70' title="bbox 485 3936 2058 4019">
     <span class='ocr_line' id='line_1_70' title="bbox 485 3936 2058 4019; baseline -0.011 -16"><span class='ocrx_word' id='word_1_470' title='bbox 485 3950 781 4019; x_wconf 89' lang='lat' dir='ltr'><strong>patiemur,</strong></span> <span class='ocrx_word' id='word_1_471' title='bbox 822 3955 876 4000; x_wconf 90' lang='lat' dir='ltr'><strong>et</strong></span> <span class='ocrx_word' id='word_1_472' title='bbox 911 3946 1052 3999; x_wconf 90' lang='lat' dir='ltr'><strong>sicut</strong></span> <span class='ocrx_word' id='word_1_473' title='bbox 1100 3941 1376 3999; x_wconf 88' lang='lat' dir='ltr'><strong>audimus.</strong></span> <span class='ocrx_word' id='word_1_474' title='bbox 1426 3941 1501 3993; x_wconf 92' lang='lat' dir='ltr'><strong>ita</strong></span> <span class='ocrx_word' id='word_1_475' title='bbox 1549 3947 1602 3992; x_wconf 91' lang='lat' dir='ltr'><strong>et</strong></span> <span class='ocrx_word' id='word_1_476' title='bbox 1652 3936 1968 3999; x_wconf 86' lang='lat' dir='ltr'><strong>audiemur,</strong></span> <span class='ocrx_word' id='word_1_477' title='bbox 2003 3942 2058 3986; x_wconf 91' lang='lat' dir='ltr'><strong>et</strong></span> 
     </span>
    </p>
   </div>
   <div class='ocr_carea' id='block_1_71' title="bbox 487 4022 2056 4098">
    <p class='ocr_par' dir='ltr' id='par_1_71' title="bbox 487 4022 2056 4098">
     <span class='ocr_line' id='line_1_71' title="bbox 487 4022 2056 4098; baseline -0.013 -5"><span class='ocrx_word' id='word_1_478' title='bbox 487 4041 628 4095; x_wconf 87' lang='lat' dir='ltr'><strong>sicut</strong></span> <span class='ocrx_word' id='word_1_479' title='bbox 667 4037 939 4098; x_wconf 83' lang='lat' dir='ltr'><strong>videmus,</strong></span> <span class='ocrx_word' id='word_1_480' title='bbox 975 4034 1048 4085; x_wconf 92' lang='lat' dir='ltr'><strong>ita</strong></span> <span class='ocrx_word' id='word_1_481' title='bbox 1088 4042 1140 4085; x_wconf 88' lang='lat' dir='ltr'><strong>et</strong></span> <span class='ocrx_word' id='word_1_482' title='bbox 1172 4029 1496 4084; x_wconf 87' lang='lat' dir='ltr'><strong>videbimur.</strong></span> <span class='ocrx_word' id='word_1_483' title='bbox 1530 4027 1760 4092; x_wconf 83' lang='lat' dir='ltr'><strong>Qualem</strong></span> <span class='ocrx_word' id='word_1_484' title='bbox 1793 4039 1924 4093; x_wconf 87' lang='lat' dir='ltr'><strong>ergo</strong></span> <span class='ocrx_word' id='word_1_485' title='bbox 1955 4022 2056 4075; x_wconf 91' lang='lat' dir='ltr'><strong>tibi</strong></span> 
     </span>
    </p>
   </div>
   <div class='ocr_carea' id='block_1_72' title="bbox 486 4113 2061 4194">
    <p class='ocr_par' dir='ltr' id='par_1_72' title="bbox 486 4113 2061 4194">
     <span class='ocr_line' id='line_1_72' title="bbox 486 4113 2061 4194; baseline -0.011 -9"><span class='ocrx_word' id='word_1_486' title='bbox 486 4149 544 4185; x_wconf 83' lang='lat' dir='ltr'><strong>se</strong></span> <span class='ocrx_word' id='word_1_487' title='bbox 580 4130 746 4183; x_wconf 90' lang='lat' dir='ltr'><strong>Deum</strong></span> <span class='ocrx_word' id='word_1_488' title='bbox 780 4125 1021 4194; x_wconf 69' lang='lat' dir='ltr'><strong>praebere</strong></span> <span class='ocrx_word' id='word_1_489' title='bbox 1056 4130 1299 4191; x_wconf 85' lang='lat' dir='ltr'><strong>optares,</strong></span> <span class='ocrx_word' id='word_1_490' title='bbox 1339 4119 1501 4173; x_wconf 86' lang='lat' dir='ltr'><strong>talem</strong></span> <span class='ocrx_word' id='word_1_491' title='bbox 1534 4128 1588 4172; x_wconf 90' lang='lat' dir='ltr'><strong>et</strong></span> <span class='ocrx_word' id='word_1_492' title='bbox 1612 4113 1844 4171; x_wconf 87' lang='lat' dir='ltr'><strong>subditis</strong></span> <span class='ocrx_word' id='word_1_493' title='bbox 1871 4114 1978 4167; x_wconf 88' lang='lat' dir='ltr'><strong>tuis</strong></span> <span class='ocrx_word' id='word_1_494' title='bbox 2008 4121 2061 4167; x_wconf 87' lang='lat' dir='ltr'><strong>te</strong></span> 
     </span>
    </p>
   </div>
   <div class='ocr_carea' id='block_1_73' title="bbox 489 4203 2058 4288">
    <p class='ocr_par' dir='ltr' id='par_1_73' title="bbox 489 4203 2058 4288">
     <span class='ocr_line' id='line_1_73' title="bbox 489 4203 2058 4288; baseline -0.013 -13"><span class='ocrx_word' id='word_1_495' title='bbox 489 4220 769 4288; x_wconf 87' lang='lat' dir='ltr'><strong>impertias</strong></span> <span class='ocrx_word' id='word_1_496' title='bbox 788 4233 803 4270; x_wconf 90' lang='lat'><strong>:</strong></span> <span class='ocrx_word' id='word_1_497' title='bbox 822 4229 927 4285; x_wconf 83' lang='lat' dir='ltr'><strong>qua</strong></span> <span class='ocrx_word' id='word_1_498' title='bbox 953 4213 1095 4268; x_wconf 88' lang='lat' dir='ltr'><strong>enim</strong></span> <span class='ocrx_word' id='word_1_499' title='bbox 1119 4224 1374 4267; x_wconf 88' lang='lat' dir='ltr'><strong>mensura</strong></span> <span class='ocrx_word' id='word_1_500' title='bbox 1412 4222 1635 4265; x_wconf 88' lang='lat' dir='ltr'><strong>mensus</strong></span> <span class='ocrx_word' id='word_1_501' title='bbox 1655 4206 1846 4271; x_wconf 83' lang='lat' dir='ltr'><strong>fueris,</strong></span> <span class='ocrx_word' id='word_1_502' title='bbox 1871 4203 2058 4259; x_wconf 87' lang='lat' dir='ltr'><strong>eadem</strong></span> 
     </span>
    </p>
   </div>
   <div class='ocr_carea' id='block_1_74' title="bbox 494 4313 930 4378">
    <p class='ocr_par' dir='ltr' id='par_1_74' title="bbox 494 4313 930 4378">
     <span class='ocr_line' id='line_1_74' title="bbox 494 4313 930 4378; baseline -0.007 -13"><span class='ocrx_word' id='word_1_503' title='bbox 494 4313 590 4365; x_wconf 89' lang='lat' dir='ltr'><strong>tibi</strong></span> <span class='ocrx_word' id='word_1_504' title='bbox 618 4316 930 4378; x_wconf 87' lang='lat' dir='ltr'><strong>reponetur.</strong></span> 
     </span>
    </p>
   </div>
   <div class='ocr_carea' id='block_1_75' title="bbox 485 4392 2129 4462">
    <p class='ocr_par' dir='ltr' id='par_1_75' title="bbox 485 4392 2129 4462">
     <span class='ocr_line' id='line_1_75' title="bbox 485 4392 2129 4462; baseline -0.01 -6"><span class='ocrx_word' id='word_1_505' title='bbox 485 4402 850 4456; x_wconf 82' lang='lat' dir='ltr'><strong>Momentanea</strong></span> <span class='ocrx_word' id='word_1_506' title='bbox 898 4409 945 4452; x_wconf 86' lang='lat' dir='ltr'><strong>et</strong></span> <span class='ocrx_word' id='word_1_507' title='bbox 987 4399 1191 4450; x_wconf 86' lang='lat' dir='ltr'><strong>caduca</strong></span> <span class='ocrx_word' id='word_1_508' title='bbox 1230 4411 1342 4450; x_wconf 76' lang='lat' dir='ltr'><strong>esse</strong></span> <span class='ocrx_word' id='word_1_509' title='bbox 1378 4393 1559 4448; x_wconf 74' lang='lat' dir='ltr'><strong>omnia</strong></span> <span class='ocrx_word' id='word_1_510' title='bbox 1593 4407 1710 4462; x_wconf 75' lang='lat' dir='ltr'><strong>qua:</strong></span> <span class='ocrx_word' id='word_1_511' title='bbox 1765 4392 1850 4444; x_wconf 82' lang='lat' dir='ltr'><strong>hic</strong></span> <span class='ocrx_word' id='word_1_512' title='bbox 1904 4396 2047 4442; x_wconf 77' lang='lat' dir='ltr'><strong>sunt.</strong></span> <span class='ocrx_word' id='word_1_513' title='bbox 2077 4397 2129 4457; x_wconf 80' lang='grc' dir='ltr'><strong>Ι)</strong></span> 
     </span>
    </p>
   </div>
   <div class='ocr_carea' id='block_1_76' title="bbox 561 4480 2050 4558">
    <p class='ocr_par' dir='ltr' id='par_1_76' title="bbox 561 4480 2050 4558">
     <span class='ocr_line' id='line_1_76' title="bbox 561 4480 2050 4558; baseline -0.01 -10"><span class='ocrx_word' id='word_1_514' title='bbox 561 4492 730 4558; x_wconf 87' lang='lat' dir='ltr'><strong>Scito,</strong></span> <span class='ocrx_word' id='word_1_515' title='bbox 773 4491 849 4546; x_wconf 82' lang='lat' dir='ltr'><strong>tili</strong></span> <span class='ocrx_word' id='word_1_516' title='bbox 891 4492 989 4555; x_wconf 88' lang='lat' dir='ltr'><strong>mi,</strong></span> <span class='ocrx_word' id='word_1_517' title='bbox 1024 4490 1158 4544; x_wconf 91' lang='lat' dir='ltr'><strong>nihil</strong></span> <span class='ocrx_word' id='word_1_518' title='bbox 1217 4489 1271 4543; x_wconf 92' lang='lat' dir='ltr'><strong>in</strong></span> <span class='ocrx_word' id='word_1_519' title='bbox 1315 4488 1419 4542; x_wconf 85' lang='lat' dir='ltr'><strong>hac</strong></span> <span class='ocrx_word' id='word_1_520' title='bbox 1475 4486 1584 4540; x_wconf 89' lang='lat' dir='ltr'><strong>vita</strong></span> <span class='ocrx_word' id='word_1_521' title='bbox 1624 4483 1862 4550; x_wconf 86' lang='lat' dir='ltr'><strong>ﬁrmum,</strong></span> <span class='ocrx_word' id='word_1_522' title='bbox 1915 4480 2050 4535; x_wconf 89' lang='lat' dir='ltr'><strong>nihil</strong></span> 
     </span>
    </p>
   </div>
   <div class='ocr_carea' id='block_1_77' title="bbox 488 4571 2053 4653">
    <p class='ocr_par' dir='ltr' id='par_1_77' title="bbox 488 4571 2053 4653">
     <span class='ocr_line' id='line_1_77' title="bbox 488 4571 2053 4653; baseline -0.011 -10"><span class='ocrx_word' id='word_1_523' title='bbox 488 4589 703 4650; x_wconf 85' lang='lat' dir='ltr'><strong>stabile,</strong></span> <span class='ocrx_word' id='word_1_524' title='bbox 756 4585 892 4639; x_wconf 89' lang='lat' dir='ltr'><strong>nihil</strong></span> <span class='ocrx_word' id='word_1_525' title='bbox 943 4589 1270 4653; x_wconf 89' lang='lat' dir='ltr'><strong>perpetuum</strong></span> <span class='ocrx_word' id='word_1_526' title='bbox 1322 4593 1478 4634; x_wconf 87' lang='lat' dir='ltr'><strong>esse:</strong></span> <span class='ocrx_word' id='word_1_527' title='bbox 1533 4592 1658 4631; x_wconf 90' lang='lat' dir='ltr'><strong>nam</strong></span> <span class='ocrx_word' id='word_1_528' title='bbox 1705 4571 1936 4630; x_wconf 89' lang='lat' dir='ltr'><strong>subinde</strong></span> <span class='ocrx_word' id='word_1_529' title='bbox 1963 4587 2053 4627; x_wconf 88' lang='lat' dir='ltr'><strong>res</strong></span> 
     </span>
    </p>
   </div>
   <div class='ocr_carea' id='block_1_78' title="bbox 491 4663 2051 4746">
    <p class='ocr_par' dir='ltr' id='par_1_78' title="bbox 491 4663 2051 4746">
     <span class='ocr_line' id='line_1_78' title="bbox 491 4663 2051 4746; baseline -0.012 -14"><span class='ocrx_word' id='word_1_530' title='bbox 491 4681 652 4734; x_wconf 88' lang='lat' dir='ltr'><strong>aliter</strong></span> <span class='ocrx_word' id='word_1_531' title='bbox 682 4683 848 4746; x_wconf 89' lang='lat' dir='ltr'><strong>atque</strong></span> <span class='ocrx_word' id='word_1_532' title='bbox 906 4673 1066 4727; x_wconf 89' lang='lat' dir='ltr'><strong>aliter</strong></span> <span class='ocrx_word' id='word_1_533' title='bbox 1115 4670 1424 4733; x_wconf 83' lang='lat' dir='ltr'><strong>variantur,</strong></span> <span class='ocrx_word' id='word_1_534' title='bbox 1475 4675 1532 4720; x_wconf 90' lang='lat' dir='ltr'><strong>et</strong></span> <span class='ocrx_word' id='word_1_535' title='bbox 1559 4671 1694 4719; x_wconf 68' lang='lat' dir='ltr'><strong>rotae</strong></span> <span class='ocrx_word' id='word_1_536' title='bbox 1738 4663 1793 4716; x_wconf 93' lang='lat' dir='ltr'><strong>in</strong></span> <span class='ocrx_word' id='word_1_537' title='bbox 1847 4674 2051 4715; x_wconf 91' lang='lat' dir='ltr'><strong>morem</strong></span> 
     </span>
    </p>
   </div>
   <div class='ocr_carea' id='block_1_79' title="bbox 486 4755 2051 4839">
    <p class='ocr_par' dir='ltr' id='par_1_79' title="bbox 486 4755 2051 4839">
     <span class='ocr_line' id='line_1_79' title="bbox 486 4755 2051 4839; baseline -0.012 -16"><span class='ocrx_word' id='word_1_538' title='bbox 486 4783 608 4839; x_wconf 69' lang='lat' dir='ltr'><strong>quae</strong></span> <span class='ocrx_word' id='word_1_539' title='bbox 627 4763 1102 4826; x_wconf 86' lang='lat' dir='ltr'><strong>circumvolvitur,</strong></span> <span class='ocrx_word' id='word_1_540' title='bbox 1134 4775 1195 4816; x_wconf 90' lang='lat' dir='ltr'><strong>ea</strong></span> <span class='ocrx_word' id='word_1_541' title='bbox 1228 4774 1350 4829; x_wconf 81' lang='lat' dir='ltr'><strong>qua:</strong></span> <span class='ocrx_word' id='word_1_542' title='bbox 1373 4771 1596 4814; x_wconf 85' lang='lat' dir='ltr'><strong>sursum</strong></span> <span class='ocrx_word' id='word_1_543' title='bbox 1623 4763 1752 4811; x_wconf 88' lang='lat' dir='ltr'><strong>sunt</strong></span> <span class='ocrx_word' id='word_1_544' title='bbox 1792 4755 2051 4809; x_wconf 87' lang='lat' dir='ltr'><strong>deorsum</strong></span> 
     </span>
    </p>
   </div>
   <div class='ocr_carea' id='block_1_80' title="bbox 490 4844 2055 4926">
    <p class='ocr_par' dir='ltr' id='par_1_80' title="bbox 490 4844 2055 4926">
     <span class='ocr_line' id='line_1_80' title="bbox 490 4844 2055 4926; baseline -0.011 -12"><span class='ocrx_word' id='word_1_545' title='bbox 490 4849 760 4921; x_wconf 84' lang='lat' dir='ltr'><strong>feruntur,</strong></span> <span class='ocrx_word' id='word_1_546' title='bbox 779 4867 833 4911; x_wconf 91' lang='lat' dir='ltr'><strong>et</strong></span> <span class='ocrx_word' id='word_1_547' title='bbox 858 4870 978 4926; x_wconf 68' lang='lat' dir='ltr'><strong>quae</strong></span> <span class='ocrx_word' id='word_1_548' title='bbox 1018 4854 1274 4908; x_wconf 88' lang='lat' dir='ltr'><strong>deorsum</strong></span> <span class='ocrx_word' id='word_1_549' title='bbox 1321 4849 1508 4918; x_wconf 87' lang='lat' dir='ltr'><strong>jacent</strong></span> <span class='ocrx_word' id='word_1_550' title='bbox 1538 4861 1757 4902; x_wconf 90' lang='lat' dir='ltr'><strong>sursum</strong></span> <span class='ocrx_word' id='word_1_551' title='bbox 1813 4844 2055 4900; x_wconf 87' lang='lat' dir='ltr'><strong>evehun-</strong></span> 
     </span>
    </p>
   </div>
   <div class='ocr_carea' id='block_1_81' title="bbox 492 4933 2054 5017">
    <p class='ocr_par' dir='ltr' id='par_1_81' title="bbox 492 4933 2054 5017">
     <span class='ocr_line' id='line_1_81' title="bbox 492 4933 2054 5017; baseline -0.011 -15"><span class='ocrx_word' id='word_1_552' title='bbox 492 4959 620 5002; x_wconf 85' lang='lat' dir='ltr'><strong>tur:</strong></span> <span class='ocrx_word' id='word_1_553' title='bbox 666 4955 1001 5017; x_wconf 83' lang='lat' dir='ltr'><strong>quapmpter</strong></span> <span class='ocrx_word' id='word_1_554' title='bbox 1056 4955 1232 5012; x_wconf 89' lang='lat' dir='ltr'><strong>neque</strong></span> <span class='ocrx_word' id='word_1_555' title='bbox 1289 4937 1547 4994; x_wconf 89' lang='lat' dir='ltr'><strong>secundis</strong></span> <span class='ocrx_word' id='word_1_556' title='bbox 1581 4936 1742 4991; x_wconf 88' lang='lat' dir='ltr'><strong>rebus</strong></span> <span class='ocrx_word' id='word_1_557' title='bbox 1770 4933 2054 4998; x_wconf 80' lang='lat' dir='ltr'><strong>extollere,</strong></span> 
     </span>
    </p>
   </div>
   <div class='ocr_carea' id='block_1_82' title="bbox 492 5025 2053 5108">
    <p class='ocr_par' dir='ltr' id='par_1_82' title="bbox 492 5025 2053 5108">
     <span class='ocr_line' id='line_1_82' title="bbox 492 5025 2053 5108; baseline -0.012 -14"><span class='ocrx_word' id='word_1_558' title='bbox 492 5053 668 5108; x_wconf 89' lang='lat' dir='ltr'><strong>neque</strong></span> <span class='ocrx_word' id='word_1_559' title='bbox 700 5036 946 5090; x_wconf 81' lang='lat' dir='ltr'><strong>adversis</strong></span> <span class='ocrx_word' id='word_1_560' title='bbox 989 5035 1246 5103; x_wconf 84' lang='lat' dir='ltr'><strong>dejicere,</strong></span> <span class='ocrx_word' id='word_1_561' title='bbox 1297 5029 1389 5085; x_wconf 89' lang='lat' dir='ltr'><strong>sed</strong></span> <span class='ocrx_word' id='word_1_562' title='bbox 1447 5028 1502 5082; x_wconf 91' lang='lat' dir='ltr'><strong>in</strong></span> <span class='ocrx_word' id='word_1_563' title='bbox 1542 5036 1777 5096; x_wconf 86' lang='lat' dir='ltr'><strong>utraque</strong></span> <span class='ocrx_word' id='word_1_564' title='bbox 1832 5025 2053 5079; x_wconf 87' lang='lat' dir='ltr'><strong>fortuna</strong></span> 
     </span>
    </p>
   </div>
   <div class='ocr_carea' id='block_1_83' title="bbox 490 5120 2054 5198">
    <p class='ocr_par' dir='ltr' id='par_1_83' title="bbox 490 5120 2054 5198">
     <span class='ocr_line' id='line_1_83' title="bbox 490 5120 2054 5198; baseline -0.008 -12"><span class='ocrx_word' id='word_1_565' title='bbox 490 5120 752 5186; x_wconf 72' lang='lat' dir='ltr'><strong>constans</strong></span> <span class='ocrx_word' id='word_1_566' title='bbox 781 5137 899 5184; x_wconf 80' lang='lat' dir='ltr'><strong>esto</strong></span> <span class='ocrx_word' id='word_1_567' title='bbox 930 5140 1091 5198; x_wconf 84' lang='lat' dir='ltr'><strong>atque</strong></span> <span class='ocrx_word' id='word_1_568' title='bbox 1126 5125 1506 5189; x_wconf 90' lang='lat' dir='ltr'><strong>immutabilis,</strong></span> <span class='ocrx_word' id='word_1_569' title='bbox 1564 5131 1775 5176; x_wconf 91' lang='lat' dir='ltr'><strong>tantum</strong></span> <span class='ocrx_word' id='word_1_570' title='bbox 1808 5120 2054 5176; x_wconf 88' lang='lat' dir='ltr'><strong>honestis</strong></span> 
     </span>
    </p>
   </div>
   <div class='ocr_carea' id='block_1_84' title="bbox 493 5212 2052 5286">
    <p class='ocr_par' dir='ltr' id='par_1_84' title="bbox 493 5212 2052 5286">
     <span class='ocr_line' id='line_1_84' title="bbox 493 5212 2052 5286; baseline -0.008 -9"><span class='ocrx_word' id='word_1_571' title='bbox 493 5222 659 5277; x_wconf 84' lang='lat' dir='ltr'><strong>rebus</strong></span> <span class='ocrx_word' id='word_1_572' title='bbox 691 5220 941 5286; x_wconf 87' lang='lat' dir='ltr'><strong>studens,</strong></span> <span class='ocrx_word' id='word_1_573' title='bbox 1001 5227 1194 5273; x_wconf 62' lang='lat' dir='ltr'><strong>caetera</strong></span> <span class='ocrx_word' id='word_1_574' title='bbox 1244 5231 1371 5273; x_wconf 89' lang='lat' dir='ltr'><strong>vero</strong></span> <span class='ocrx_word' id='word_1_575' title='bbox 1422 5215 1533 5271; x_wconf 89' lang='lat' dir='ltr'><strong>Deo</strong></span> <span class='ocrx_word' id='word_1_576' title='bbox 1569 5212 1876 5269; x_wconf 89' lang='lat' dir='ltr'><strong>committe:</strong></span> <span class='ocrx_word' id='word_1_577' title='bbox 1930 5226 2052 5265; x_wconf 88' lang='lat' dir='ltr'><strong>nam</strong></span> 
     </span>
    </p>
   </div>
   <div class='ocr_carea' id='block_1_85' title="bbox 492 5304 2053 5373">
    <p class='ocr_par' dir='ltr' id='par_1_85' title="bbox 492 5304 2053 5373">
     <span class='ocr_line' id='line_1_85' title="bbox 492 5304 2053 5373; baseline -0.006 -5"><span class='ocrx_word' id='word_1_578' title='bbox 492 5329 618 5368; x_wconf 86' lang='lat' dir='ltr'><strong>eum</strong></span> <span class='ocrx_word' id='word_1_579' title='bbox 652 5313 890 5368; x_wconf 88' lang='lat' dir='ltr'><strong>secunda</strong></span> <span class='ocrx_word' id='word_1_580' title='bbox 922 5312 1094 5365; x_wconf 89' lang='lat' dir='ltr'><strong>uteris</strong></span> <span class='ocrx_word' id='word_1_581' title='bbox 1130 5309 1372 5373; x_wconf 86' lang='lat' dir='ltr'><strong>fortuna,</strong></span> <span class='ocrx_word' id='word_1_582' title='bbox 1411 5307 1658 5362; x_wconf 78' lang='lat' dir='ltr'><strong>adversa:</strong></span> <span class='ocrx_word' id='word_1_583' title='bbox 1692 5312 1872 5359; x_wconf 88' lang='lat' dir='ltr'><strong>metus</strong></span> <span class='ocrx_word' id='word_1_584' title='bbox 1906 5314 1958 5358; x_wconf 92' lang='lat' dir='ltr'><strong>te</strong></span> <span class='ocrx_word' id='word_1_585' title='bbox 1985 5304 2053 5358; x_wconf 91' lang='lat' dir='ltr'><strong>ab</strong></span> 
     </span>
    </p>
   </div>
   <div class='ocr_carea' id='block_1_86' title="bbox 494 5395 2054 5477">
    <p class='ocr_par' dir='ltr' id='par_1_86' title="bbox 494 5395 2054 5477">
     <span class='ocr_line' id='line_1_86' title="bbox 494 5395 2054 5477; baseline -0.008 -14"><span class='ocrx_word' id='word_1_586' title='bbox 494 5405 751 5477; x_wconf 87' lang='lat' dir='ltr'><strong>superbia</strong></span> <span class='ocrx_word' id='word_1_587' title='bbox 783 5415 1044 5458; x_wconf 84' lang='lat' dir='ltr'><strong>revocare</strong></span> <span class='ocrx_word' id='word_1_588' title='bbox 1089 5401 1274 5466; x_wconf 87' lang='lat' dir='ltr'><strong>debet,</strong></span> <span class='ocrx_word' id='word_1_589' title='bbox 1314 5411 1368 5457; x_wconf 90' lang='lat' dir='ltr'><strong>et</strong></span> <span class='ocrx_word' id='word_1_590' title='bbox 1407 5417 1530 5455; x_wconf 92' lang='lat' dir='ltr'><strong>cum</strong></span> <span class='ocrx_word' id='word_1_591' title='bbox 1563 5395 2054 5465; x_wconf 75' lang='lat' dir='ltr'><strong>adversajactabe-</strong></span> 
     </span>
    </p>
   </div>
   <div class='ocr_carea' id='block_1_87' title="bbox 495 5486 2057 5565">
    <p class='ocr_par' dir='ltr' id='par_1_87' title="bbox 495 5486 2057 5565">
     <span class='ocr_line' id='line_1_87' title="bbox 495 5486 2057 5565; baseline -0.01 -11"><span class='ocrx_word' id='word_1_592' title='bbox 495 5499 592 5565; x_wconf 90' lang='lat' dir='ltr'><strong>ris,</strong></span> <span class='ocrx_word' id='word_1_593' title='bbox 612 5495 864 5552; x_wconf 86' lang='lat' dir='ltr'><strong>melioris</strong></span> <span class='ocrx_word' id='word_1_594' title='bbox 903 5508 1026 5564; x_wconf 91' lang='lat' dir='ltr'><strong>spes</strong></span> <span class='ocrx_word' id='word_1_595' title='bbox 1057 5492 1262 5562; x_wconf 90' lang='lat' dir='ltr'><strong>pariter</strong></span> <span class='ocrx_word' id='word_1_596' title='bbox 1305 5499 1359 5545; x_wconf 88' lang='lat' dir='ltr'><strong>te</strong></span> <span class='ocrx_word' id='word_1_597' title='bbox 1405 5491 1472 5544; x_wconf 90' lang='lat' dir='ltr'><strong>ab</strong></span> <span class='ocrx_word' id='word_1_598' title='bbox 1523 5489 1695 5544; x_wconf 88' lang='lat' dir='ltr'><strong>animi</strong></span> <span class='ocrx_word' id='word_1_599' title='bbox 1751 5486 2057 5556; x_wconf 89' lang='lat' dir='ltr'><strong>dejectione</strong></span> 
     </span>
    </p>
   </div>
   <div class='ocr_carea' id='block_1_88' title="bbox 493 5577 2056 5653">
    <p class='ocr_par' dir='ltr' id='par_1_88' title="bbox 493 5577 2056 5653">
     <span class='ocr_line' id='line_1_88' title="bbox 493 5577 2056 5653; baseline -0.008 -10"><span class='ocrx_word' id='word_1_600' title='bbox 493 5583 923 5643; x_wconf 78' lang='lat' dir='ltr'><strong>deducerezhoc</strong></span> <span class='ocrx_word' id='word_1_601' title='bbox 957 5583 1105 5638; x_wconf 85' lang='lat' dir='ltr'><strong>enim</strong></span> <span class='ocrx_word' id='word_1_602' title='bbox 1143 5581 1330 5653; x_wconf 85' lang='lat' dir='ltr'><strong>pusilli</strong></span> <span class='ocrx_word' id='word_1_603' title='bbox 1354 5580 1630 5634; x_wconf 84' lang='lat' dir='ltr'><strong>estanimi</strong></span> <span class='ocrx_word' id='word_1_604' title='bbox 1671 5594 1733 5633; x_wconf 87' lang='lat' dir='ltr'><strong>ac</strong></span> <span class='ocrx_word' id='word_1_605' title='bbox 1760 5579 1908 5648; x_wconf 81' lang='lat' dir='ltr'><strong>regia</strong></span> <span class='ocrx_word' id='word_1_606' title='bbox 1947 5577 2056 5631; x_wconf 76' lang='lat' dir='ltr'><strong>vir-</strong></span> 
     </span>
    </p>
   </div>
   <div class='ocr_carea' id='block_1_89' title="bbox 494 5673 2057 5749">
    <p class='ocr_par' dir='ltr' id='par_1_89' title="bbox 494 5673 2057 5749">
     <span class='ocr_line' id='line_1_89' title="bbox 494 5673 2057 5749; baseline -0.006 -13"><span class='ocrx_word' id='word_1_607' title='bbox 494 5687 612 5736; x_wconf 88' lang='lat' dir='ltr'><strong>tute</strong></span> <span class='ocrx_word' id='word_1_608' title='bbox 632 5677 948 5749; x_wconf 83' lang='lat' dir='ltr'><strong>indignum:</strong></span> <span class='ocrx_word' id='word_1_609' title='bbox 982 5677 1110 5747; x_wconf 87' lang='lat' dir='ltr'><strong>quia</strong></span> <span class='ocrx_word' id='word_1_610' title='bbox 1147 5673 1293 5745; x_wconf 82' lang='lat' dir='ltr'><strong>quod</strong></span> <span class='ocrx_word' id='word_1_611' title='bbox 1349 5674 1590 5725; x_wconf 72' lang='lat' dir='ltr'><strong>futurum</strong></span> <span class='ocrx_word' id='word_1_612' title='bbox 1633 5683 1715 5727; x_wconf 89' lang='lat' dir='ltr'><strong>est</strong></span> <span class='ocrx_word' id='word_1_613' title='bbox 1743 5673 1913 5727; x_wconf 80' lang='lat' dir='ltr'><strong>videri</strong></span> <span class='ocrx_word' id='word_1_614' title='bbox 1964 5687 2057 5726; x_wconf 85' lang='lat' dir='ltr'><strong>ne-</strong></span> 
     </span>
    </p>
   </div>
   <div class='ocr_carea' id='block_1_90' title="bbox 2150 3122 3736 3201">
    <p class='ocr_par' dir='ltr' id='par_1_90' title="bbox 2150 3122 3736 3201">
     <span class='ocr_line' id='line_1_90' title="bbox 2150 3122 3736 3201; baseline -0.006 -16"><span class='ocrx_word' id='word_1_615' title='bbox 2150 3133 2426 3200; x_wconf 82' lang='grc' dir='ltr'>ἐπισπάσῃ</span> <span class='ocrx_word' id='word_1_616' title='bbox 2477 3129 2626 3201; x_wconf 84' lang='grc' dir='ltr'><strong>παρά</strong></span> <span class='ocrx_word' id='word_1_617' title='bbox 2667 3127 2760 3180; x_wconf 88' lang='grc' dir='ltr'><strong>τοῦ</strong></span> <span class='ocrx_word' id='word_1_618' title='bbox 2811 3127 2919 3180; x_wconf 89' lang='grc' dir='ltr'><strong>τῶν</strong></span> <span class='ocrx_word' id='word_1_619' title='bbox 2963 3125 3101 3180; x_wconf 86' lang='grc' dir='ltr'>ὅλων</span> <span class='ocrx_word' id='word_1_620' title='bbox 3148 3123 3443 3194; x_wconf 82' lang='grc' dir='ltr'>βασιλέως·</span> <span class='ocrx_word' id='word_1_621' title='bbox 3475 3122 3736 3176; x_wconf 88' lang='grc' dir='ltr'>εὐσέϐεια</span> 
     </span>
    </p>
   </div>
   <div class='ocr_carea' id='block_1_91' title="bbox 2150 3213 3736 3293">
    <p class='ocr_par' dir='ltr' id='par_1_91' title="bbox 2150 3213 3736 3293">
     <span class='ocr_line' id='line_1_91' title="bbox 2150 3213 3736 3293; baseline -0.008 -17"><span class='ocrx_word' id='word_1_622' title='bbox 2150 3223 2257 3293; x_wconf 83' lang='grc' dir='ltr'><strong>γὰρ</strong></span> <span class='ocrx_word' id='word_1_623' title='bbox 2287 3221 2489 3291; x_wconf 86' lang='grc' dir='ltr'>κυρίως</span> <span class='ocrx_word' id='word_1_624' title='bbox 2513 3221 2547 3289; x_wconf 78' lang='grc' dir='ltr'>ὴ</span> <span class='ocrx_word' id='word_1_625' title='bbox 2576 3219 2686 3272; x_wconf 89' lang='grc' dir='ltr'><strong>τῶν</strong></span> <span class='ocrx_word' id='word_1_626' title='bbox 2705 3216 2974 3286; x_wconf 85' lang='grc' dir='ltr'>δεομένων</span> <span class='ocrx_word' id='word_1_627' title='bbox 3007 3215 3124 3267; x_wconf 78' lang='grc' dir='ltr'>ἐστὶ</span> <span class='ocrx_word' id='word_1_628' title='bbox 3158 3213 3460 3284; x_wconf 82' lang='grc' dir='ltr'>μετάδοσις.</span> <span class='ocrx_word' id='word_1_629' title='bbox 3484 3213 3592 3265; x_wconf 69' lang='grc' dir='ltr'><strong>Καὶ</strong></span> <span class='ocrx_word' id='word_1_630' title='bbox 3620 3228 3736 3281; x_wconf 74' lang='grc' dir='ltr'>μη-</span> 
     </span>
    </p>
   </div>
   <div class='ocr_carea' id='block_1_92' title="bbox 2150 3299 3738 3380">
    <p class='ocr_par' dir='ltr' id='par_1_92' title="bbox 2150 3299 3738 3380">
     <span class='ocr_line' id='line_1_92' title="bbox 2150 3299 3738 3380; baseline -0.008 -14"><span class='ocrx_word' id='word_1_631' title='bbox 2150 3314 2237 3367; x_wconf 84' lang='grc' dir='ltr'>δὲν</span> <span class='ocrx_word' id='word_1_632' title='bbox 2262 3311 2397 3380; x_wconf 86' lang='grc' dir='ltr'>ἡγοῦ</span> <span class='ocrx_word' id='word_1_633' title='bbox 2429 3313 2527 3380; x_wconf 82' lang='grc' dir='ltr'>τὴν</span> <span class='ocrx_word' id='word_1_634' title='bbox 2552 3309 2764 3379; x_wconf 81' lang='grc' dir='ltr'>ἡμέραν</span> <span class='ocrx_word' id='word_1_635' title='bbox 2794 3307 3030 3376; x_wconf 87' lang='grc' dir='ltr'>ἐκείνην,</span> <span class='ocrx_word' id='word_1_636' title='bbox 3058 3307 3115 3357; x_wconf 88' lang='grc' dir='ltr'><strong>ἐν</strong></span> <span class='ocrx_word' id='word_1_637' title='bbox 3210 3302 3414 3374; x_wconf 84' lang='grc' dir='ltr'>μηδένα</span> <span class='ocrx_word' id='word_1_638' title='bbox 3443 3303 3738 3373; x_wconf 77' lang='grc' dir='ltr'>εὐεργετὴο</span> 
     </span>
    </p>
   </div>
   <div class='ocr_carea' id='block_1_93' title="bbox 2154 3393 3731 3472">
    <p class='ocr_par' dir='ltr' id='par_1_93' title="bbox 2154 3393 3731 3472">
     <span class='ocr_line' id='line_1_93' title="bbox 2154 3393 3731 3472; baseline -0.007 -15"><span class='ocrx_word' id='word_1_639' title='bbox 2154 3420 2286 3466; x_wconf 86' lang='grc' dir='ltr'>σεις,</span> <span class='ocrx_word' id='word_1_640' title='bbox 2317 3402 2458 3472; x_wconf 81' lang='grc' dir='ltr'>ὑπὲρ</span> <span class='ocrx_word' id='word_1_641' title='bbox 2501 3394 2577 3454; x_wconf 81' lang='grc' dir='ltr'>ὧν</span> <span class='ocrx_word' id='word_1_642' title='bbox 2627 3400 2777 3469; x_wconf 85' lang='grc' dir='ltr'><strong>παρά</strong></span> <span class='ocrx_word' id='word_1_643' title='bbox 2810 3396 2944 3450; x_wconf 89' lang='grc' dir='ltr'>Θεοῦ</span> <span class='ocrx_word' id='word_1_644' title='bbox 2997 3397 3090 3450; x_wconf 78' lang='grc' dir='ltr'><strong>καὶ</strong></span> <span class='ocrx_word' id='word_1_645' title='bbox 3134 3396 3295 3458; x_wconf 80' lang='grc' dir='ltr'>αὐτὸς</span> <span class='ocrx_word' id='word_1_646' title='bbox 3333 3393 3731 3466; x_wconf 75' lang='grc' dir='ltr'>εὐηργετήθης.</span> 
     </span>
    </p>
   </div>
   <div class='ocr_carea' id='block_1_94' title="bbox 2154 3485 3734 3563">
    <p class='ocr_par' dir='ltr' id='par_1_94' title="bbox 2154 3485 3734 3563">
     <span class='ocr_line' id='line_1_94' title="bbox 2154 3485 3734 3563; baseline -0.006 -16"><span class='ocrx_word' id='word_1_647' title='bbox 2154 3493 2366 3563; x_wconf 80' lang='grc' dir='ltr'>Κτῆσαι</span> <span class='ocrx_word' id='word_1_648' title='bbox 2417 3490 2509 3544; x_wconf 82' lang='grc' dir='ltr'><strong>οῦν</strong></span> <span class='ocrx_word' id='word_1_649' title='bbox 2541 3491 2638 3560; x_wconf 76' lang='grc' dir='ltr'>τὴν</span> <span class='ocrx_word' id='word_1_650' title='bbox 2689 3488 3080 3559; x_wconf 75' lang='grc' dir='ltr'>ἐλεημοσύνην,</span> <span class='ocrx_word' id='word_1_651' title='bbox 3111 3486 3197 3539; x_wconf 79' lang='grc' dir='ltr'><strong>ἵνα</strong></span> <span class='ocrx_word' id='word_1_652' title='bbox 3242 3487 3303 3538; x_wconf 83' lang='grc' dir='ltr'>τὸ</span> <span class='ocrx_word' id='word_1_653' title='bbox 3349 3487 3534 3556; x_wconf 82' lang='grc' dir='ltr'>ὅμοιον</span> <span class='ocrx_word' id='word_1_654' title='bbox 3580 3485 3734 3554; x_wconf 84' lang='grc' dir='ltr'><strong>παρά</strong></span> 
     </span>
    </p>
   </div>
   <div class='ocr_carea' id='block_1_95' title="bbox 2153 3575 3729 3652">
    <p class='ocr_par' dir='ltr' id='par_1_95' title="bbox 2153 3575 3729 3652">
     <span class='ocr_line' id='line_1_95' title="bbox 2153 3575 3729 3652; baseline -0.006 -15"><span class='ocrx_word' id='word_1_655' title='bbox 2153 3583 2289 3637; x_wconf 84' lang='grc' dir='ltr'>Θεοῦ</span> <span class='ocrx_word' id='word_1_656' title='bbox 2321 3582 2604 3652; x_wconf 76' lang='grc' dir='ltr'>ἀντιδέξῃ·</span> <span class='ocrx_word' id='word_1_657' title='bbox 2647 3581 2824 3634; x_wconf 80' lang='grc' dir='ltr'>κλῖνον</span> <span class='ocrx_word' id='word_1_658' title='bbox 2854 3580 2917 3632; x_wconf 82' lang='grc' dir='ltr'>τὸ</span> <span class='ocrx_word' id='word_1_659' title='bbox 2944 3575 3035 3642; x_wconf 83' lang='grc' dir='ltr'>οὖς</span> <span class='ocrx_word' id='word_1_660' title='bbox 3085 3596 3177 3632; x_wconf 91' lang='grc' dir='ltr'><strong>σου</strong></span> <span class='ocrx_word' id='word_1_661' title='bbox 3224 3577 3337 3640; x_wconf 85' lang='grc' dir='ltr'>τοῖς</span> <span class='ocrx_word' id='word_1_662' title='bbox 3389 3576 3729 3630; x_wconf 80' lang='grc' dir='ltr'>ίκετεύουσι’</span> 
     </span>
    </p>
   </div>
   <div class='ocr_carea' id='block_1_96' title="bbox 2155 3667 3732 3743">
    <p class='ocr_par' dir='ltr' id='par_1_96' title="bbox 2155 3667 3732 3743">
     <span class='ocr_line' id='line_1_96' title="bbox 2155 3667 3732 3743; baseline -0.006 -15"><span class='ocrx_word' id='word_1_663' title='bbox 2155 3673 2510 3743; x_wconf 83' lang='grc' dir='ltr'>δυσωπήθητι</span> <span class='ocrx_word' id='word_1_664' title='bbox 2555 3673 2764 3742; x_wconf 87' lang='grc' dir='ltr'>ϐμματι</span> <span class='ocrx_word' id='word_1_665' title='bbox 2814 3669 2983 3740; x_wconf 85' lang='grc' dir='ltr'>ίλαρῷ</span> <span class='ocrx_word' id='word_1_666' title='bbox 3029 3671 3156 3732; x_wconf 77' lang='grc' dir='ltr'>τοὺς</span> <span class='ocrx_word' id='word_1_667' title='bbox 3205 3667 3732 3728; x_wconf 74' lang='grc' dir='ltr'>δυσωποῦνταςοοῖ-</span> 
     </span>
    </p>
   </div>
   <div class='ocr_carea' id='block_1_97' title="bbox 2157 3757 3731 3837">
    <p class='ocr_par' dir='ltr' id='par_1_97' title="bbox 2157 3757 3731 3837">
     <span class='ocr_line' id='line_1_97' title="bbox 2157 3757 3731 3837; baseline -0.008 -17"><span class='ocrx_word' id='word_1_668' title='bbox 2157 3783 2372 3837; x_wconf 88' lang='grc' dir='ltr'>κτειρον</span> <span class='ocrx_word' id='word_1_669' title='bbox 2397 3765 2608 3835; x_wconf 83' lang='grc' dir='ltr'>δάκρυα</span> <span class='ocrx_word' id='word_1_670' title='bbox 2637 3764 2834 3833; x_wconf 82' lang='grc' dir='ltr'>χήρας,</span> <span class='ocrx_word' id='word_1_671' title='bbox 2864 3761 2957 3815; x_wconf 70' lang='grc' dir='ltr'>καὶ</span> <span class='ocrx_word' id='word_1_672' title='bbox 2997 3761 3334 3828; x_wconf 82' lang='grc' dir='ltr'>στεναγμοὺς</span> <span class='ocrx_word' id='word_1_673' title='bbox 3379 3757 3630 3829; x_wconf 79' lang='grc' dir='ltr'>ὀρφανῶν</span> <span class='ocrx_word' id='word_1_674' title='bbox 3656 3757 3731 3824; x_wconf 80' lang='grc' dir='ltr'>μὴ</span> 
     </span>
    </p>
   </div>
   <div class='ocr_carea' id='block_1_98' title="bbox 2157 3846 3728 3928">
    <p class='ocr_par' dir='ltr' id='par_1_98' title="bbox 2157 3846 3728 3928">
     <span class='ocr_line' id='line_1_98' title="bbox 2157 3846 3728 3928; baseline -0.009 -17"><span class='ocrx_word' id='word_1_675' title='bbox 2157 3855 2354 3928; x_wconf 82' lang='grc' dir='ltr'>ἀπώσῃ</span> <span class='ocrx_word' id='word_1_676' title='bbox 2373 3871 2386 3884; x_wconf 91' lang='grc'><strong>·</strong></span> <span class='ocrx_word' id='word_1_677' title='bbox 2432 3855 2468 3910; x_wconf 73' lang='grc' dir='ltr'>ἃ</span> <span class='ocrx_word' id='word_1_678' title='bbox 2499 3855 2609 3923; x_wconf 88' lang='grc' dir='ltr'>γάρ</span> <span class='ocrx_word' id='word_1_679' title='bbox 2649 3853 2716 3907; x_wconf 78' lang='grc' dir='ltr'>ἂν</span> <span class='ocrx_word' id='word_1_680' title='bbox 2742 3854 3077 3924; x_wconf 84' lang='grc' dir='ltr'>ποιήσωμεν,</span> <span class='ocrx_word' id='word_1_681' title='bbox 3106 3849 3275 3903; x_wconf 89' lang='grc' dir='ltr'>ταῦτα</span> <span class='ocrx_word' id='word_1_682' title='bbox 3306 3847 3399 3902; x_wconf 76' lang='grc' dir='ltr'>καὶ</span> <span class='ocrx_word' id='word_1_683' title='bbox 3446 3846 3728 3914; x_wconf 82' lang='grc' dir='ltr'>πάθωμεν,</span> 
     </span>
    </p>
   </div>
   <div class='ocr_carea' id='block_1_99' title="bbox 2159 3935 3727 4013">
    <p class='ocr_par' dir='ltr' id='par_1_99' title="bbox 2159 3935 3727 4013">
     <span class='ocr_line' id='line_1_99' title="bbox 2159 3935 3727 4013; baseline -0.011 -13"><span class='ocrx_word' id='word_1_684' title='bbox 2159 3949 2252 4000; x_wconf 76' lang='grc' dir='ltr'>καὶ</span> <span class='ocrx_word' id='word_1_685' title='bbox 2300 3945 2376 4006; x_wconf 88' lang='grc' dir='ltr'>ὼς</span> <span class='ocrx_word' id='word_1_686' title='bbox 2427 3943 2697 4013; x_wconf 84' lang='grc' dir='ltr'>ἀκούομεν</span> <span class='ocrx_word' id='word_1_687' title='bbox 2744 3938 3218 4012; x_wconf 80' lang='grc' dir='ltr'>ἀκουσθησόμεθα,</span> <span class='ocrx_word' id='word_1_688' title='bbox 3267 3937 3357 3990; x_wconf 78' lang='grc' dir='ltr'>καὶ</span> <span class='ocrx_word' id='word_1_689' title='bbox 3397 3937 3472 3998; x_wconf 88' lang='grc' dir='ltr'><strong>ώς</strong></span> <span class='ocrx_word' id='word_1_690' title='bbox 3516 3935 3727 4002; x_wconf 83' lang='grc' dir='ltr'>ὁρῶμεν</span> 
     </span>
    </p>
   </div>
   <div class='ocr_carea' id='block_1_100' title="bbox 2158 4025 3720 4107">
    <p class='ocr_par' dir='ltr' id='par_1_100' title="bbox 2158 4025 3720 4107">
     <span class='ocr_line' id='line_1_100' title="bbox 2158 4025 3720 4107; baseline -0.01 -18"><span class='ocrx_word' id='word_1_691' title='bbox 2158 4033 2560 4107; x_wconf 82' lang='grc' dir='ltr'>όραθησόμεθα.</span> <span class='ocrx_word' id='word_1_692' title='bbox 2587 4030 2714 4086; x_wconf 79' lang='grc' dir='ltr'>Οἷον</span> <span class='ocrx_word' id='word_1_693' title='bbox 2742 4031 2835 4086; x_wconf 83' lang='grc' dir='ltr'><strong>οὐν</strong></span> <span class='ocrx_word' id='word_1_694' title='bbox 2881 4035 3013 4101; x_wconf 77' lang='grc' dir='ltr'>εὐχῃ</span> <span class='ocrx_word' id='word_1_695' title='bbox 3048 4031 3137 4084; x_wconf 79' lang='grc' dir='ltr'>τὸν</span> <span class='ocrx_word' id='word_1_696' title='bbox 3164 4028 3294 4082; x_wconf 81' lang='grc' dir='ltr'>Θεὸν</span> <span class='ocrx_word' id='word_1_697' title='bbox 3322 4025 3572 4094; x_wconf 82' lang='grc' dir='ltr'>γενέσθαι</span> <span class='ocrx_word' id='word_1_698' title='bbox 3620 4039 3720 4083; x_wconf 86' lang='grc' dir='ltr'>σοι,</span> 
     </span>
    </p>
   </div>
   <div class='ocr_carea' id='block_1_101' title="bbox 2159 4109 3725 4195">
    <p class='ocr_par' dir='ltr' id='par_1_101' title="bbox 2159 4109 3725 4195">
     <span class='ocr_line' id='line_1_101' title="bbox 2159 4109 3725 4195; baseline -0.009 -15"><span class='ocrx_word' id='word_1_699' title='bbox 2159 4127 2395 4190; x_wconf 86' lang='grc' dir='ltr'>τοιοῦτος</span> <span class='ocrx_word' id='word_1_700' title='bbox 2421 4126 2547 4195; x_wconf 76' lang='grc' dir='ltr'>περὶ</span> <span class='ocrx_word' id='word_1_701' title='bbox 2569 4125 2693 4189; x_wconf 84' lang='grc' dir='ltr'><strong>τούς</strong></span> <span class='ocrx_word' id='word_1_702' title='bbox 2723 4125 2937 4187; x_wconf 85' lang='grc' dir='ltr'>οἰκέτας</span> <span class='ocrx_word' id='word_1_703' title='bbox 2962 4122 3120 4191; x_wconf 88' lang='grc' dir='ltr'>γενοῦ</span> <span class='ocrx_word' id='word_1_704' title='bbox 3142 4119 3235 4174; x_wconf 72' lang='grc' dir='ltr'>καὶ</span> <span class='ocrx_word' id='word_1_705' title='bbox 3253 4117 3415 4180; x_wconf 87' lang='grc' dir='ltr'>αὐτός</span> <span class='ocrx_word' id='word_1_706' title='bbox 3433 4133 3447 4148; x_wconf 74' lang='grc' dir='ltr'><strong>ο</strong></span> <span class='ocrx_word' id='word_1_707' title='bbox 3471 4119 3528 4169; x_wconf 89' lang='grc' dir='ltr'><strong>ἐν</strong></span> <span class='ocrx_word' id='word_1_708' title='bbox 3551 4109 3593 4183; x_wconf 81' lang='grc' dir='ltr'>ᾧ</span> <span class='ocrx_word' id='word_1_709' title='bbox 3616 4114 3725 4183; x_wconf 84' lang='grc' dir='ltr'>γὰρ</span> 
     </span>
    </p>
   </div>
   <div class='ocr_carea' id='block_1_102' title="bbox 2164 4211 3375 4289">
    <p class='ocr_par' dir='ltr' id='par_1_102' title="bbox 2164 4211 3375 4289">
     <span class='ocr_line' id='line_1_102' title="bbox 2164 4211 3375 4289; baseline -0.003 -19"><span class='ocrx_word' id='word_1_710' title='bbox 2164 4218 2349 4289; x_wconf 82' lang='grc' dir='ltr'>μέτρῳ</span> <span class='ocrx_word' id='word_1_711' title='bbox 2383 4217 2694 4288; x_wconf 72' lang='grc' dir='ltr'>μετρήσαις,</span> <span class='ocrx_word' id='word_1_712' title='bbox 2725 4211 3243 4286; x_wconf 79' lang='grc' dir='ltr'>ἀντιμετρηθήσεται</span> <span class='ocrx_word' id='word_1_713' title='bbox 3271 4227 3375 4266; x_wconf 88' lang='grc' dir='ltr'>σοι.</span> 
     </span>
    </p>
   </div>
   <div class='ocr_carea' id='block_1_103' title="bbox 2421 4389 3457 4464">
    <p class='ocr_par' dir='ltr' id='par_1_103' title="bbox 2421 4389 3457 4464">
     <span class='ocr_line' id='line_1_103' title="bbox 2421 4389 3457 4464; baseline -0.009 -14"><span class='ocrx_word' id='word_1_714' title='bbox 2421 4397 2550 4450; x_wconf 81' lang='grc' dir='ltr'>Ὅτι</span> <span class='ocrx_word' id='word_1_715' title='bbox 2582 4397 2920 4464; x_wconf 81' lang='grc' dir='ltr'>πρόσκαιρα</span> <span class='ocrx_word' id='word_1_716' title='bbox 2955 4394 3027 4446; x_wconf 84' lang='grc' dir='ltr'>τὰ</span> <span class='ocrx_word' id='word_1_717' title='bbox 3063 4391 3205 4459; x_wconf 78' lang='grc' dir='ltr'>τῇδε</span> <span class='ocrx_word' id='word_1_718' title='bbox 3243 4389 3457 4443; x_wconf 78' lang='grc' dir='ltr'>πάντα.</span> 
     </span>
    </p>
   </div>
   <div class='ocr_carea' id='block_1_104' title="bbox 2235 4477 3730 4558">
    <p class='ocr_par' dir='ltr' id='par_1_104' title="bbox 2235 4477 3730 4558">
     <span class='ocr_line' id='line_1_104' title="bbox 2235 4477 3730 4558; baseline -0.01 -13"><span class='ocrx_word' id='word_1_719' title='bbox 2235 4491 2392 4552; x_wconf 77' lang='grc' dir='ltr'>Ἰσθι,</span> <span class='ocrx_word' id='word_1_720' title='bbox 2422 4491 2611 4543; x_wconf 79' lang='grc' dir='ltr'>τέκνον</span> <span class='ocrx_word' id='word_1_721' title='bbox 2640 4488 2771 4558; x_wconf 85' lang='grc' dir='ltr'>ἐμδν</span> <span class='ocrx_word' id='word_1_722' title='bbox 2792 4528 2805 4553; x_wconf 94' lang='grc'><strong>,</strong></span> <span class='ocrx_word' id='word_1_723' title='bbox 2832 4487 2906 4549; x_wconf 86' lang='grc' dir='ltr'><strong>ώς</strong></span> <span class='ocrx_word' id='word_1_724' title='bbox 2951 4486 3102 4539; x_wconf 84' lang='grc' dir='ltr'>οὐδὲν</span> <span class='ocrx_word' id='word_1_725' title='bbox 3130 4486 3158 4537; x_wconf 84' lang='grc' dir='ltr'><strong>ό</strong></span> <span class='ocrx_word' id='word_1_726' title='bbox 3191 4484 3301 4556; x_wconf 83' lang='grc' dir='ltr'>βίος</span> <span class='ocrx_word' id='word_1_727' title='bbox 3343 4477 3495 4544; x_wconf 62' lang='grc' dir='ltr'>οὗτος</span> <span class='ocrx_word' id='word_1_728' title='bbox 3527 4478 3641 4550; x_wconf 76' lang='grc' dir='ltr'>εχει</span> <span class='ocrx_word' id='word_1_729' title='bbox 3670 4478 3730 4532; x_wconf 78' lang='grc' dir='ltr'><strong>τὸ</strong></span> 
     </span>
    </p>
   </div>
   <div class='ocr_carea' id='block_1_105' title="bbox 2163 4572 3731 4650">
    <p class='ocr_par' dir='ltr' id='par_1_105' title="bbox 2163 4572 3731 4650">
     <span class='ocr_line' id='line_1_105' title="bbox 2163 4572 3731 4650; baseline -0.006 -15"><span class='ocrx_word' id='word_1_730' title='bbox 2163 4582 2448 4650; x_wconf 83' lang='grc' dir='ltr'>στάσιμον,</span> <span class='ocrx_word' id='word_1_731' title='bbox 2476 4580 2630 4633; x_wconf 85' lang='grc' dir='ltr'>οὐδὲν</span> <span class='ocrx_word' id='word_1_732' title='bbox 2679 4579 2740 4632; x_wconf 86' lang='grc' dir='ltr'><strong>τδ</strong></span> <span class='ocrx_word' id='word_1_733' title='bbox 2789 4577 3007 4648; x_wconf 82' lang='grc' dir='ltr'>βέϐαιον</span> <span class='ocrx_word' id='word_1_734' title='bbox 3047 4572 3731 4647; x_wconf 79' lang='grc' dir='ltr'>ἢάμετάϐλητον.”Δλλοτε</span> 
     </span>
    </p>
   </div>
   <div class='ocr_carea' id='block_1_106' title="bbox 2161 4663 3733 4743">
    <p class='ocr_par' dir='ltr' id='par_1_106' title="bbox 2161 4663 3733 4743">
     <span class='ocr_line' id='line_1_106' title="bbox 2161 4663 3733 4743; baseline -0.007 -18"><span class='ocrx_word' id='word_1_735' title='bbox 2161 4673 2268 4743; x_wconf 90' lang='grc' dir='ltr'>γάρ</span> <span class='ocrx_word' id='word_1_736' title='bbox 2311 4671 2482 4734; x_wconf 81' lang='grc' dir='ltr'>ἄλλως</span> <span class='ocrx_word' id='word_1_737' title='bbox 2509 4669 2727 4740; x_wconf 84' lang='grc' dir='ltr'>ἀμείϐει</span> <span class='ocrx_word' id='word_1_738' title='bbox 2758 4667 2826 4722; x_wconf 82' lang='grc' dir='ltr'><strong>τὰ</strong></span> <span class='ocrx_word' id='word_1_739' title='bbox 2856 4669 3177 4738; x_wconf 86' lang='grc' dir='ltr'>πράγματα,</span> <span class='ocrx_word' id='word_1_740' title='bbox 3210 4668 3304 4719; x_wconf 75' lang='grc' dir='ltr'>καὶ</span> <span class='ocrx_word' id='word_1_741' title='bbox 3360 4663 3553 4735; x_wconf 83' lang='grc' dir='ltr'>τροχοῦ</span> <span class='ocrx_word' id='word_1_742' title='bbox 3580 4663 3733 4734; x_wconf 87' lang='grc' dir='ltr'>δίκην</span> 
     </span>
    </p>
   </div>
   <div class='ocr_carea' id='block_1_107' title="bbox 2161 4753 3736 4833">
    <p class='ocr_par' dir='ltr' id='par_1_107' title="bbox 2161 4753 3736 4833">
     <span class='ocr_line' id='line_1_107' title="bbox 2161 4753 3736 4833; baseline -0.006 -17"><span class='ocrx_word' id='word_1_743' title='bbox 2161 4763 2500 4833; x_wconf 83' lang='grc' dir='ltr'>κυλιομένου,</span> <span class='ocrx_word' id='word_1_744' title='bbox 2533 4760 2599 4815; x_wconf 92' lang='grc' dir='ltr'><strong>τά</strong></span> <span class='ocrx_word' id='word_1_745' title='bbox 2624 4760 2723 4832; x_wconf 82' lang='grc' dir='ltr'>μὲν</span> <span class='ocrx_word' id='word_1_746' title='bbox 2743 4761 2854 4815; x_wconf 79' lang='grc' dir='ltr'><strong>ἀνω</strong></span> <span class='ocrx_word' id='word_1_747' title='bbox 2906 4758 3131 4830; x_wconf 87' lang='grc' dir='ltr'>φέρεται</span> <span class='ocrx_word' id='word_1_748' title='bbox 3159 4757 3309 4811; x_wconf 86' lang='grc' dir='ltr'><strong>κάτω</strong></span> <span class='ocrx_word' id='word_1_749' title='bbox 3328 4797 3342 4822; x_wconf 97' lang='grc'><strong>,</strong></span> <span class='ocrx_word' id='word_1_750' title='bbox 3394 4757 3467 4809; x_wconf 87' lang='grc' dir='ltr'><strong>τά</strong></span> <span class='ocrx_word' id='word_1_751' title='bbox 3497 4754 3553 4807; x_wconf 72' lang='grc' dir='ltr'>δὲ</span> <span class='ocrx_word' id='word_1_752' title='bbox 3585 4753 3736 4808; x_wconf 86' lang='grc' dir='ltr'>κάτω</span> 
     </span>
    </p>
   </div>
   <div class='ocr_carea' id='block_1_108' title="bbox 2165 4845 3735 4925">
    <p class='ocr_par' dir='ltr' id='par_1_108' title="bbox 2165 4845 3735 4925">
     <span class='ocr_line' id='line_1_108' title="bbox 2165 4845 3735 4925; baseline -0.008 -17"><span class='ocrx_word' id='word_1_753' title='bbox 2165 4855 2388 4925; x_wconf 87' lang='grc' dir='ltr'>φέρεται</span> <span class='ocrx_word' id='word_1_754' title='bbox 2430 4854 2562 4907; x_wconf 84' lang='grc' dir='ltr'>ἀνω.</span> <span class='ocrx_word' id='word_1_755' title='bbox 2611 4853 2703 4905; x_wconf 80' lang='grc' dir='ltr'><strong>Διὸ</strong></span> <span class='ocrx_word' id='word_1_756' title='bbox 2733 4853 2870 4923; x_wconf 80' lang='grc' dir='ltr'>μήτε</span> <span class='ocrx_word' id='word_1_757' title='bbox 2902 4850 3182 4920; x_wconf 83' lang='grc' dir='ltr'>εὐτυχίαις</span> <span class='ocrx_word' id='word_1_758' title='bbox 3208 4848 3460 4917; x_wconf 87' lang='grc' dir='ltr'>ἐπαίρου,</span> <span class='ocrx_word' id='word_1_759' title='bbox 3497 4847 3633 4916; x_wconf 82' lang='grc' dir='ltr'>μήτε</span> <span class='ocrx_word' id='word_1_760' title='bbox 3677 4845 3735 4896; x_wconf 87' lang='grc' dir='ltr'><strong>ἐν</strong></span> 
     </span>
    </p>
   </div>
   <div class='ocr_carea' id='block_1_109' title="bbox 2164 4936 3736 5011">
    <p class='ocr_par' dir='ltr' id='par_1_109' title="bbox 2164 4936 3736 5011">
     <span class='ocr_line' id='line_1_109' title="bbox 2164 4936 3736 5011; baseline -0.009 -14"><span class='ocrx_word' id='word_1_761' title='bbox 2164 4947 2282 5006; x_wconf 83' lang='grc' dir='ltr'>ταῖς</span> <span class='ocrx_word' id='word_1_762' title='bbox 2307 4941 2615 5011; x_wconf 83' lang='grc' dir='ltr'>δυστυχίαις</span> <span class='ocrx_word' id='word_1_763' title='bbox 2641 4939 2950 5010; x_wconf 85' lang='grc' dir='ltr'>καταφέρου</span> <span class='ocrx_word' id='word_1_764' title='bbox 2973 4954 2986 4967; x_wconf 90' lang='grc'><strong>·</strong></span> <span class='ocrx_word' id='word_1_765' title='bbox 3019 4938 3133 4990; x_wconf 79' lang='grc' dir='ltr'>ἀλλ’</span> <span class='ocrx_word' id='word_1_766' title='bbox 3156 4936 3249 4991; x_wconf 80' lang='grc' dir='ltr'>ἔσο</span> <span class='ocrx_word' id='word_1_767' title='bbox 3272 4937 3393 4989; x_wconf 81' lang='grc' dir='ltr'>κατ’</span> <span class='ocrx_word' id='word_1_768' title='bbox 3413 4936 3580 5004; x_wconf 77' lang='grc' dir='ltr'>ἄμφω</span> <span class='ocrx_word' id='word_1_769' title='bbox 3610 4949 3736 4992; x_wconf 60' lang='grc' dir='ltr'>στατ</span> 
     </span>
    </p>
   </div>
   <div class='ocr_carea' id='block_1_110' title="bbox 2163 5023 3730 5104">
    <p class='ocr_par' dir='ltr' id='par_1_110' title="bbox 2163 5023 3730 5104">
     <span class='ocr_line' id='line_1_110' title="bbox 2163 5023 3730 5104; baseline -0.009 -16"><span class='ocrx_word' id='word_1_770' title='bbox 2163 5034 2326 5104; x_wconf 80' lang='grc' dir='ltr'>Θηρδς</span> <span class='ocrx_word' id='word_1_771' title='bbox 2360 5034 2454 5087; x_wconf 78' lang='grc' dir='ltr'>καὶ</span> <span class='ocrx_word' id='word_1_772' title='bbox 2479 5031 2868 5101; x_wconf 84' lang='grc' dir='ltr'>ἀμετάπτωτος</span> <span class='ocrx_word' id='word_1_773' title='bbox 2888 5071 2902 5094; x_wconf 87' lang='grc'><strong>,</strong></span> <span class='ocrx_word' id='word_1_774' title='bbox 2940 5030 3085 5099; x_wconf 84' lang='grc' dir='ltr'>μόνῳ</span> <span class='ocrx_word' id='word_1_775' title='bbox 3110 5029 3188 5098; x_wconf 83' lang='grc' dir='ltr'>τῷ</span> <span class='ocrx_word' id='word_1_776' title='bbox 3213 5027 3364 5096; x_wconf 89' lang='grc' dir='ltr'><strong>καλῷ</strong></span> <span class='ocrx_word' id='word_1_777' title='bbox 3398 5023 3730 5087; x_wconf 79' lang='grc' dir='ltr'>σπουδάζων,</span> 
     </span>
    </p>
   </div>
   <div class='ocr_carea' id='block_1_111' title="bbox 2161 5114 3735 5193">
    <p class='ocr_par' dir='ltr' id='par_1_111' title="bbox 2161 5114 3735 5193">
     <span class='ocr_line' id='line_1_111' title="bbox 2161 5114 3735 5193; baseline -0.01 -15"><span class='ocrx_word' id='word_1_778' title='bbox 2161 5126 2229 5180; x_wconf 82' lang='grc' dir='ltr'><strong>τά</strong></span> <span class='ocrx_word' id='word_1_779' title='bbox 2275 5125 2319 5177; x_wconf 87' lang='grc' dir='ltr'>δ’</span> <span class='ocrx_word' id='word_1_780' title='bbox 2349 5124 2482 5178; x_wconf 85' lang='grc' dir='ltr'>ἀλλα</span> <span class='ocrx_word' id='word_1_781' title='bbox 2511 5121 2924 5193; x_wconf 81' lang='grc' dir='ltr'>προσανατιθεὶς</span> <span class='ocrx_word' id='word_1_782' title='bbox 2953 5120 3031 5190; x_wconf 83' lang='grc' dir='ltr'><strong>τῷ</strong></span> <span class='ocrx_word' id='word_1_783' title='bbox 3063 5119 3204 5189; x_wconf 81' lang='grc' dir='ltr'>Θεῷ.</span> <span class='ocrx_word' id='word_1_784' title='bbox 3239 5119 3409 5171; x_wconf 89' lang='grc' dir='ltr'>Ὅταν</span> <span class='ocrx_word' id='word_1_785' title='bbox 3439 5115 3547 5184; x_wconf 78' lang='grc' dir='ltr'>γὰρ</span> <span class='ocrx_word' id='word_1_786' title='bbox 3577 5114 3735 5166; x_wconf 84' lang='grc' dir='ltr'>εὐτυ·</span> 
     </span>
    </p>
   </div>
   <div class='ocr_carea' id='block_1_112' title="bbox 2163 5205 3740 5288">
    <p class='ocr_par' dir='ltr' id='par_1_112' title="bbox 2163 5205 3740 5288">
     <span class='ocr_line' id='line_1_112' title="bbox 2163 5205 3740 5288; baseline -0.012 -16"><span class='ocrx_word' id='word_1_787' title='bbox 2163 5219 2283 5288; x_wconf 82' lang='grc' dir='ltr'>χῇς,</span> <span class='ocrx_word' id='word_1_788' title='bbox 2330 5219 2394 5285; x_wconf 80' lang='grc' dir='ltr'>τῇ</span> <span class='ocrx_word' id='word_1_789' title='bbox 2429 5215 2601 5269; x_wconf 86' lang='grc' dir='ltr'>ἐλπίδι</span> <span class='ocrx_word' id='word_1_790' title='bbox 2648 5214 2746 5284; x_wconf 81' lang='grc' dir='ltr'>τῆς</span> <span class='ocrx_word' id='word_1_791' title='bbox 2780 5213 3072 5282; x_wconf 87' lang='grc' dir='ltr'>δυστυχίας</span> <span class='ocrx_word' id='word_1_792' title='bbox 3099 5210 3424 5282; x_wconf 83' lang='grc' dir='ltr'>ἐπαίρεσθαι</span> <span class='ocrx_word' id='word_1_793' title='bbox 3465 5207 3564 5260; x_wconf 87' lang='grc' dir='ltr'><strong>οὐκ</strong></span> <span class='ocrx_word' id='word_1_794' title='bbox 3593 5205 3740 5272; x_wconf 78' lang='grc' dir='ltr'><strong>όφείο</strong></span> 
     </span>
    </p>
   </div>
   <div class='ocr_carea' id='block_1_113' title="bbox 2161 5297 3738 5377">
    <p class='ocr_par' dir='ltr' id='par_1_113' title="bbox 2161 5297 3738 5377">
     <span class='ocr_line' id='line_1_113' title="bbox 2161 5297 3738 5377; baseline -0.008 -18"><span class='ocrx_word' id='word_1_795' title='bbox 2161 5307 2300 5369; x_wconf 86' lang='grc' dir='ltr'>λεις’</span> <span class='ocrx_word' id='word_1_796' title='bbox 2339 5307 2461 5377; x_wconf 85' lang='grc' dir='ltr'>μηδ’</span> <span class='ocrx_word' id='word_1_797' title='bbox 2488 5306 2688 5359; x_wconf 77' lang='grc' dir='ltr'>ὁπόταν</span> <span class='ocrx_word' id='word_1_798' title='bbox 2719 5304 3008 5375; x_wconf 73' lang='grc' dir='ltr'>δυστυχῇς,</span> <span class='ocrx_word' id='word_1_799' title='bbox 3039 5305 3106 5374; x_wconf 75' lang='grc' dir='ltr'><strong>τῇ</strong></span> <span class='ocrx_word' id='word_1_800' title='bbox 3153 5301 3326 5355; x_wconf 76' lang='grc' dir='ltr'>ἐλπίδι</span> <span class='ocrx_word' id='word_1_801' title='bbox 3353 5300 3453 5369; x_wconf 87' lang='grc' dir='ltr'>τῆς</span> <span class='ocrx_word' id='word_1_802' title='bbox 3482 5297 3738 5364; x_wconf 83' lang='grc' dir='ltr'>εὐτυχίας</span> 
     </span>
    </p>
   </div>
   <div class='ocr_carea' id='block_1_114' title="bbox 2163 5387 3742 5470">
    <p class='ocr_par' dir='ltr' id='par_1_114' title="bbox 2163 5387 3742 5470">
     <span class='ocr_line' id='line_1_114' title="bbox 2163 5387 3742 5470; baseline -0.007 -18"><span class='ocrx_word' id='word_1_803' title='bbox 2163 5399 2564 5470; x_wconf 77' lang='grc' dir='ltr'>καταφέρεσθαι</span> <span class='ocrx_word' id='word_1_804' title='bbox 2589 5397 2946 5468; x_wconf 82' lang='grc' dir='ltr'>παρενεχοῇς·</span> <span class='ocrx_word' id='word_1_805' title='bbox 2971 5396 3334 5468; x_wconf 76' lang='grc' dir='ltr'>μικροψυχίας</span> <span class='ocrx_word' id='word_1_806' title='bbox 3355 5394 3464 5464; x_wconf 86' lang='grc' dir='ltr'>γάρ</span> <span class='ocrx_word' id='word_1_807' title='bbox 3485 5392 3546 5445; x_wconf 76' lang='grc' dir='ltr'>τὸ</span> <span class='ocrx_word' id='word_1_808' title='bbox 3565 5387 3742 5444; x_wconf 82' lang='grc' dir='ltr'>τοιοῦ-</span> 
     </span>
    </p>
   </div>
   <div class='ocr_carea' id='block_1_115' title="bbox 2161 5485 3740 5560">
    <p class='ocr_par' dir='ltr' id='par_1_115' title="bbox 2161 5485 3740 5560">
     <span class='ocr_line' id='line_1_115' title="bbox 2161 5485 3740 5560; baseline -0.003 -18"><span class='ocrx_word' id='word_1_809' title='bbox 2161 5508 2223 5544; x_wconf 92' lang='grc' dir='ltr'><strong>το</strong></span> <span class='ocrx_word' id='word_1_810' title='bbox 2278 5491 2369 5543; x_wconf 77' lang='grc' dir='ltr'>καὶ</span> <span class='ocrx_word' id='word_1_811' title='bbox 2414 5489 2632 5554; x_wconf 79' lang='grc' dir='ltr'>ἀνάξιον</span> <span class='ocrx_word' id='word_1_812' title='bbox 2676 5487 2958 5558; x_wconf 84' lang='grc' dir='ltr'>βασιλικῆς</span> <span class='ocrx_word' id='word_1_813' title='bbox 2990 5489 3218 5560; x_wconf 80' lang='grc' dir='ltr'>ἀρετῆς,</span> <span class='ocrx_word' id='word_1_814' title='bbox 3248 5488 3384 5541; x_wconf 84' lang='grc' dir='ltr'>διότι</span> <span class='ocrx_word' id='word_1_815' title='bbox 3431 5485 3494 5538; x_wconf 85' lang='grc' dir='ltr'><strong>τό</strong></span> <span class='ocrx_word' id='word_1_816' title='bbox 3547 5485 3740 5555; x_wconf 87' lang='grc' dir='ltr'>μέλλον</span> 
     </span>
    </p>
   </div>
   <div class='ocr_carea' id='block_1_116' title="bbox 2164 5577 3740 5651">
    <p class='ocr_par' dir='ltr' id='par_1_116' title="bbox 2164 5577 3740 5651">
     <span class='ocr_line' id='line_1_116' title="bbox 2164 5577 3740 5651; baseline -0.001 -17"><span class='ocrx_word' id='word_1_817' title='bbox 2164 5584 2412 5651; x_wconf 79' lang='grc' dir='ltr'>ἀόρατον.</span> <span class='ocrx_word' id='word_1_818' title='bbox 2443 5580 2596 5650; x_wconf 85' lang='grc' dir='ltr'>Μήτε</span> <span class='ocrx_word' id='word_1_819' title='bbox 2624 5578 2716 5632; x_wconf 86' lang='grc' dir='ltr'><strong>οὐν</strong></span> <span class='ocrx_word' id='word_1_820' title='bbox 2746 5581 3060 5645; x_wconf 80' lang='grc' dir='ltr'>στυγνάζων</span> <span class='ocrx_word' id='word_1_821' title='bbox 3089 5580 3241 5643; x_wconf 80' lang='grc' dir='ltr'>ποτὲ,</span> <span class='ocrx_word' id='word_1_822' title='bbox 3275 5580 3412 5649; x_wconf 82' lang='grc' dir='ltr'>μήτε</span> <span class='ocrx_word' id='word_1_823' title='bbox 3441 5577 3740 5646; x_wconf 73' lang='grc' dir='ltr'>γελοιάζων</span> 
     </span>
    </p>
   </div>
   <div class='ocr_carea' id='block_1_117' title="bbox 2164 5663 3742 5740">
    <p class='ocr_par' dir='ltr' id='par_1_117' title="bbox 2164 5663 3742 5740">
     <span class='ocr_line' id='line_1_117' title="bbox 2164 5663 3742 5740; baseline -0.003 -17"><span class='ocrx_word' id='word_1_824' title='bbox 2164 5670 2407 5733; x_wconf 79' lang='grc' dir='ltr'>αὐθαδῶς</span> <span class='ocrx_word' id='word_1_825' title='bbox 2442 5669 2724 5740; x_wconf 76' lang='grc' dir='ltr'>φωραθῇς·</span> <span class='ocrx_word' id='word_1_826' title='bbox 2761 5668 2904 5724; x_wconf 81' lang='grc' dir='ltr'>οὐτω</span> <span class='ocrx_word' id='word_1_827' title='bbox 2932 5671 3040 5740; x_wconf 72' lang='grc' dir='ltr'>γὰρ</span> <span class='ocrx_word' id='word_1_828' title='bbox 3077 5669 3338 5740; x_wconf 85' lang='grc' dir='ltr'>φρόνιμός</span> <span class='ocrx_word' id='word_1_829' title='bbox 3367 5685 3426 5722; x_wconf 86' lang='grc' dir='ltr'><strong>τε</strong></span> <span class='ocrx_word' id='word_1_830' title='bbox 3461 5668 3631 5731; x_wconf 77' lang='grc' dir='ltr'>δόξεις</span> <span class='ocrx_word' id='word_1_831' title='bbox 3664 5663 3742 5718; x_wconf 81' lang='grc' dir='ltr'><strong>εἷ-</strong></span> 
     </span>
    </p>
   </div>
  </div>
