3992 6204
282 294 369 332 ιιι

1030 274 1309 333 BASILII
1358 274 1508 333 IMP.
1539 271 1975 331 ΡΑΙὶιΕΝΕΒΙΒ
2006 270 2117 328 AD-
2137 268 2445 327 LEONEM
2487 266 2781 326 FILIUM.

3409 274 3519 315 illi

275 415 377 461 ναι,
400 394 502 450 καὶ
527 393 597 447 τά
623 391 681 459 ἐξ
707 390 969 461 ἑκατέρου
991 389 1138 458 πάθη
1162 388 1473 456 διαφύγοις⁸
1503 386 1598 439 καὶ
1621 389 1669 440 οί
1692 386 1760 438 τὰ
1785 385 1852 439 σά

1971 385 2089 453 ptit.
2126 382 2312 451 Neque
2365 382 2530 452 igitur
2561 381 2734 435 tristis
2794 392 2971 449 neque
3018 378 3182 437 etiam
3235 379 3522 447 procacius

276 483 741 557 λογοπραγοῦντες
788 482 1047 553 οὐδεμίαν
1089 481 1266 546 ἕξουσι
1311 480 1483 552 λαϐὴν
1510 480 1604 533 τοῦ
1651 480 1857 551 μέμφε-

280 579 393 632 σθαι
426 576 500 630 τά
535 574 974 646 προσπίπτοντα.

803 838 946 908 Περὶ
980 840 1344 909 ἐπιμελείας.

341 932 555 1001 Ταύτην
585 930 801 1003 σεαυτῷ
824 931 925 1001 τὴν
951 932 1195 1002 ἀνάγκην
1220 931 1429 997 ἐπίθες,
1461 930 1522 985 τὸ
1549 931 1726 986 πάντα
1754 931 1855 1001 μὲν

286 1027 481 1080 ἐθέλειν
535 1024 763 1095 ἑφορᾷν,
821 1021 991 1093 μηδὲν
1032 1021 1091 1074 δὲ
1137 1021 1530 1092 καταδέχεσθαι
1584 1022 1853 1093 παρορᾷν.

285 1114 416 1169 Αὐτὸ
442 1115 498 1169 δέ
529 1132 677 1184 φημι
697 1154 714 1176 ,
745 1114 867 1166 ἐπεὶ
895 1113 1148 1183 βασιλεὺς
1176 1113 1456 1185 ὑπάρχων,
1486 1112 1674 1166 οὐδένα
1712 1112 1856 1182 ἔχεις

284 1210 369 1263 ἐπὶ
397 1208 499 1277 γῆς
530 1205 677 1277 ὑπὲρ
711 1205 772 1259 σὲ
794 1246 811 1269 ,
842 1205 903 1268 ὃς
933 1204 1239 1273 ἀναγκάσαι
1278 1222 1337 1257 σε
1377 1204 1620 1259 δύναται.
1638 1204 1777 1258 Ἀλλ’
1807 1206 1856 1258 εί

282 1298 369 1352 καὶ
395 1298 616 1351 πάντων
650 1295 963 1368 βασιλεύεις
994 1295 1103 1349 τῶν
1150 1296 1243 1349 ἐπὶ
1288 1294 1413 1366 γῆς,
1446 1295 1563 1350 ἀλλ’
1589 1295 1729 1366 ἔχεις
1763 1296 1857 1349 καὶ

281 1389 430 1452 uim;
452 1389 547 1441 τὸν
573 1390 631 1441 ὲν
662 1388 916 1458 οὐρανοῖς
944 1385 1185 1457 βασιλέα.
1216 1387 1344 1455 Εῐγε
1367 1382 1461 1440 οὖν
1492 1386 1685 1455 ἐκείνῳ
1718 1387 1857 1440 πάν-

281 1499 379 1535 των
410 1481 562 1549 μέλει
588 1479 667 1542 ὡς
692 1478 834 1548 Θεῷ,
861 1477 1007 1531 οὕτω
1037 1478 1139 1549 χρὴ
1165 1478 1355 1532 mea
1386 1477 1554 1548 μηδὲν
1584 1478 1851 1548 παρορᾷν,

282 1574 468 1637 {animi
484 1572 603 1643 Θεῷ
638 1571 1101 1643 βασιλεῖ.Ὦσπερ
1124 1570 1231 1642 γάρ
1258 1572 1326 1626 τά
1354 1571 1508 1643 παρά
1539 1572 1633 1625 σοῦ
1659 1572 1856 1641 ἐπιμεο

288 1664 392 1727 Et;
416 1663 659 1735 δρὼμενά
702 1680 767 1716 τε
809 1661 904 1717 καὶ
935 1661 1279 1734 διοικούμενα
1317 1662 1560 1733 μεγάλης
1588 1660 1852 1716 ἀπολαύει

300 1756 391 1824 τῆς
416 1755 692 1823 ὠφελείας,
726 1755 872 1809 οὕτω
893 1755 988 1808 καὶ
1016 1753 1087 1807 τὰ
1118 1753 1483 1825 παρορώμενα
1516 1753 1653 1824 πρὸς
1680 1754 1852 1824 μεγά-
1886 1737 1928 1791 Β

292 1848 385 1915 λην
413 1846 806 1901 κατώισθαίνει
830 1844 1124 1898 ἀπώλειαν.
1156 1841 1218 1897 El
1248 1842 1355 1914 γὰρ
1381 1842 1477 1897 καὶ
1506 1843 1600 1896 ἐπὶ
1636 1845 1852 1898 πάντων

285 1940 342 1989 αἱ
390 1939 583 2007 μικρὸν
630 1937 694 1990 τδ
730 1937 882 2007 παρὰ
933 1937 1147 2006 μικρὸν,
1180 1936 1294 1990 ἀλλ’
1321 1932 1411 1989 οὖν
1443 1936 1534 1990 ἐπὶ
1559 1936 1768 2007 βασιλεῖ
1794 1937 1855 1991 τὸ

285 2029 451 2099 ϐικρὸν
482 2029 639 2082 τοῦτο
666 2030 854 2099 μᾶλλον
879 2028 1167 2100 ἁρμόσειε.

826 2306 967 2375 Περὶ
1003 2311 1304 2380 φυλακῆς.

355 2394 443 2458 Ὡς
468 2395 646 2469 ἀγαθὴ
675 2396 795 2450 λίαν
824 2398 1037 2469 σώματι
1073 2400 1339 2473 βασιλικῷ
1372 2404 1607 2474 φυλακὴ,
1640 2406 1671 2476 ἡ
1705 2405 1855 2476 παρά

283 2488 662 2558 τῶνύπηκόων
690 2489 870 2546 εὔνοια
900 2492 997 2545 σὺν
1024 2491 1159 2562 Θεῷ,
1187 2494 1281 2547 καὶ
1297 2493 1358 2546 τὸ
1385 2495 1591 2559 πάντας
1621 2496 1856 2549 εὐποιεῖ-

288 2581 404 2633 σθαι
431 2582 567 2650 παρ’
590 2578 788 2648 αὐτοῦ,
833 2585 928 2636 καὶ
975 2584 1155 2653 μηδέν’
1186 2584 1488 2656 ὑφορᾶσθαι
1536 2588 1856 2658 τυραννικόν

283 2686 331 2722 τι
359 2670 575 2725 παθεῖν.
620 2671 762 2725 Ἀλλ’
782 2674 971 2743 ὥσπερ
993 2674 1074 2727 δεῖ
1097 2674 1193 2746 τὴν
1222 2674 1498 2745 βασιλείαν
1532 2695 1625 2733 σου
1656 2679 1856 2747 φυλάτ-

285 2761 390 2814 ²ιειν
408 2761 567 2833 παρὰ
584 2762 695 2817 τῶν
726 2765 938 2835 ἐχθρῶν
970 2765 1342 2835 ἀνεπίϐουλον,
1375 2767 1517 2822 οὕτω
1545 2769 1650 2840 χρὴ
1671 2772 1857 2840 τηρεῖν

288 2855 370 2905 καὶ
395 2856 514 2917 τοῖς
547 2854 775 2909 πάθεσιν
802 2857 1126 2911 ἀνεπίϐατον
1149 2872 1164 2889 ⁸
1196 2859 1477 2930 ἀμφότερα
1510 2860 1615 2931 γὰρ
1641 2863 1671 2915 ό
1702 2861 1858 2930 λόγος

286 2943 573 3015 ἐπιϐουλὴν
600 2944 866 3017 ὁρίζεται,
896 2950 989 3000 καὶ
1023 2951 1078 3002 ἐν
1109 2950 1389 3020 ἑκατέροις
1422 2952 1593 3022 μέγας
1624 2954 1653 3006 ό
1678 2953 1859 3006 κίνδυ-

1956 475 2145 529 ridens
2177 474 2352 544 palam
2381 472 2848 541 dcprehendaris;
2906 470 2987 524 ita
3012 470 3156 524 enim
3184 475 3248 523 et
3286 466 3524 537 prudens

1956 564 2383 629 existimabcris,
2436 570 2489 618 et
2543 563 2721 617 aﬂinia
2775 561 3032 630 utrinque
3061 560 3194 612 vilia
3232 558 3521 639 devitabis.

1955 672 2130 725 neque
2173 658 2394 711 curiose
2447 654 2731 709 maledicis
2787 669 2977 709 ansam
3036 652 3202 706 ullam
3254 650 3523 723 przebebis

1954 748 2288 819 obloquendi
2328 749 2395 803 de
2418 748 2508 811 iis,
2543 762 2664 815 qua:
2698 747 2793 801 tibi
2829 745 3104 801 accident.

2544 841 2616 892 De
2655 838 2959 908 diligentia.

2026 932 2315 999 Obstringe
2387 940 2440 986 te
2494 931 2626 985 huic
2694 930 3036 993 necessitati,
3088 938 3148 983 ttt
3200 928 3381 982 omnia
3424 927 3521 983 tibi

1956 1025 2133 1081 oculis
2160 1023 2500 1095 inspicienda
2529 1038 2652 1078 esse
2701 1022 2893 1084 ducas,
2946 1030 3000 1076 et
3049 1021 3185 1075 nihil
3215 1021 3523 1092 inexplora-

1957 1128 2071 1172 tum
2106 1117 2496 1186 praetermittas
2542 1135 2554 1169 :
2609 1116 2809 1195 quippe
2840 1114 3138 1183 imperator
3173 1129 3294 1168 cum
3325 1114 3425 1175 sis,
3471 1116 3523 1167 in

1958 1209 2124 1263 terris
2154 1207 2376 1279 quidem
2414 1208 2685 1262 neminem
2735 1206 3074 1277 superiorem
3106 1205 3293 1271 habes,
3341 1204 3435 1274 qui
3476 1213 3527 1258 te

1958 1317 2151 1372 cogere
2182 1301 2398 1366 valeat;
2428 1315 2491 1355 ac
2522 1299 2648 1353 licet
2682 1301 2929 1352 omnium
2967 1298 3019 1353 iu
3055 1306 3199 1352 terra
3224 1298 3302 1352 sis
3348 1296 3524 1351 domi-

1957 1409 2085 1458 nus,
2128 1409 2309 1464 regem
2335 1404 2514 1449 tamen
2553 1392 2724 1447 habes
2754 1391 3098 1460 superiorem
3151 1390 3203 1443 in
3243 1391 3405 1453 caelo,
3437 1391 3527 1443 cui

1956 1489 2102 1544 sicut
2134 1486 2317 1541 omnia
2343 1495 2403 1540 ut
2437 1485 2543 1540 Deo
2581 1501 2727 1539 cura:
2775 1494 2926 1549 sunt,
2984 1482 3057 1537 ita
3089 1482 3184 1536 tibi
3216 1496 3437 1551 quoque
3471 1490 3528 1533 ut

1957 1581 2074 1652 regi
2105 1594 2256 1635 cura:
2282 1594 2405 1634 esse
2427 1580 2661 1634 debent:
2696 1578 2829 1632 nihil
2860 1591 2988 1645 ergo
3025 1574 3119 1629 tibi
3147 1575 3525 1645 negligendunt

1955 1682 2064 1741 est,
2098 1680 2287 1743 utpote
2321 1671 2415 1743 qui
2447 1687 2540 1727 rex
2570 1670 2678 1725 Deo
2727 1670 3013 1738 subjectus
3041 1682 3123 1722 es.
3157 1665 3526 1733 Quemadmo-

1955 1764 2084 1821 dum
2119 1764 2268 1819 enim
2305 1778 2367 1817 ea
2399 1778 2519 1832 qua:
2554 1777 2581 1816 a
2606 1772 2658 1816 te
2688 1761 2983 1830 diligenter
3043 1758 3290 1827 inspecta
3351 1758 3528 1811 admi-

1957 1857 2290 1920 nistrantur,
2352 1854 2496 1907 haud
2543 1867 2734 1922 parum
2789 1852 3102 1920 pt'oliciunt,
3130 1852 3315 1918 itaque
3347 1848 3530 1917 negle-

1956 1946 2087 1999 ctim
2120 1952 2548 2014 praetereuntur,
2582 1944 2635 1996 in
2686 1956 2936 2011 magnam
2983 1941 3276 2009 perniciem
3335 1939 3530 1992 labun-

1957 2043 2083 2101 tur;
2114 2047 2165 2091 et
2196 2036 2243 2090 si
2267 2034 2524 2090 omnibus
2557 2035 2611 2088 in
2643 2034 2810 2088 rebus
2846 2049 2954 2087 non
2989 2048 3217 2103 parvum
3243 2039 3327 2086 est
3369 2032 3516 2099 quod

1959 2140 2150 2196 parum
2178 2124 2353 2186 abest,
2394 2124 2668 2193 praecipue
2704 2131 2885 2177 tamen
2925 2124 3142 2193 regibus
3179 2122 3399 2192 sapiens
3425 2121 3530 2175 hoc

1957 2216 2164 2271 dictum
2205 2215 2487 2269 convenit.

2556 2304 2630 2361 De
2666 2304 2937 2359 custodia.

2028 2399 2187 2455 Nulla
2212 2400 2344 2471 regii
2398 2400 2648 2469 corporis
2692 2398 2884 2454 melior
2924 2406 3007 2454 est
3059 2400 3332 2467 custodia,
3363 2416 3527 2471 quam

1959 2494 2305 2551 subditorum
2346 2491 2754 2554 benevolentia.
2811 2491 2921 2547 Deo
2982 2492 3252 2560 jnvunte;
3310 2510 3434 2549 cum
3458 2495 3530 2549 ita

1958 2594 2087 2642 sunt
2111 2600 2304 2639 omnes
2338 2584 2407 2638 ab
2449 2599 2514 2637 eo
2549 2582 2827 2637 beneﬁciis
2862 2582 3149 2648 cumulati,
3183 2592 3241 2636 ut
3271 2599 3430 2639 nemo
3464 2587 3532 2639 ab

1957 2690 2023 2731 eo
2058 2673 2332 2745 tyrannici
2356 2670 2653 2743 quidquam
2710 2672 2814 2727 sibi
2851 2680 3077 2726 metuat.
3133 2672 3239 2727 Sed
3265 2675 3531 2742 quemad-

1960 2765 2185 2820 modum
2249 2764 2541 2833 imperium
2594 2764 2864 2817 tuumab
2909 2762 3258 2819 inimicorum
3315 2765 3532 2821 insidiis

1960 2865 2168 2912 sartum
2194 2861 2397 2909 tectum
2434 2867 2659 2909 servare
2687 2862 2926 2924 oportet,
2957 2854 3032 2909 ita
3064 2865 3118 2911 et
3147 2870 3175 2909 a
3238 2858 3533 2926 perturba-

1959 2947 2171 3001 tionum
2204 2932 2622 3001 incursionibus
2656 2944 3021 3002 inoll‘ensum:
3053 2956 3351 3019 utrumque
3386 2950 3531 3005 enim

283 3051 383 3099 νος.
401 3036 551 3089 Ἀλλ’
588 3038 621 3107 ἠ
671 3038 773 3108 μὲν
815 3038 909 3092 τοῦ
961 3040 1209 3109 σώματος
1257 3042 1514 3113 ἐπιϐουλὴ
1564 3045 1713 3115 παρά
1751 3045 1859 3100 τῶν

1971 3040 2293 3097 insidiarum
2326 3041 2548 3096 nomine
2577 3040 2919 3106 continetur,
2957 3048 3011 3096 et
3040 3041 3110 3095 ab
3171 3050 3405 3113 utroque
3456 3044 3536 3099 in-

286 3124 511 3198 ἐχθρῶν,
534 3128 873 3199 πρόσκαιρον
900 3128 1013 3200 ἔχει
1038 3130 1126 3183 τὸν
1154 3131 1411 3187 θάνατον’
1440 3135 1472 3205 ἠ
1499 3134 1556 3189 δὲ
1588 3136 1728 3190 κατά
1757 3135 1857 3204 τῆς

285 3217 450 3287 ψυχῆς
477 3220 744 3291 ἐπιϐουλὴ
781 3223 931 3293 παρά
963 3222 1072 3275 τῶν
1110 3223 1318 3291 παθῶν,
1361 3227 1630 3298 τιμωρίαν
1662 3227 1857 3301 προξε-

286 3310 374 3374 νεῖ,
397 3310 509 3366 καὶ
540 3310 681 3381 μετά
705 3312 798 3364 τὸν
832 3312 1080 3380 θάνατον,
1108 3314 1207 3385 τὴν
1233 3316 1525 3373 ἀθάνατον.

538 3568 689 3636 Ἦερῑ
732 3568 840 3635 τῆς
876 3570 1239 3639 ἐπουρανίου
1269 3573 1422 3639 ,ϐασι
1435 3575 1609 3640 λείας.

349 3660 549 3715 Πολλοὶ
597 3660 840 3729 βασιλεῖς
868 3662 937 3715 τά
973 3663 1219 3733 βασιλεῖα
1256 3666 1431 3720 ταῦτα
1480 3667 1818 3739 παρῴκησαν
1841 3686 1857 3700 ο

285 3752 391 3805 ἀλλ’
436 3751 619 3819 ὀλίγοι
666 3753 766 3820 τὴν
815 3754 1139 3825 ἐπουράνιον
1185 3756 1464 3827 βασιλείαν
1515 3758 1859 3829 κατῴκησαν.

285 3842 563 3905 Σπούδαζε
598 3836 715 3901 οὖν,
747 3841 937 3893 τέκνον
965 3842 1337 3913 ἠγαπημένον,
1363 3845 1437 3916 μὴ
1470 3844 1632 3915 μόνον
1660 3844 1871 3915 ταύτην

285 3936 376 4003 τὴν
408 3933 698 4004 βασιλείαν
722 3933 1065 4004 κατορθῶσαι
1093 3934 1181 3988 διὰ
1210 3936 1309 4005 τῆς
1336 3935 1444 3989 τῶν
1466 3935 1681 4008 τρόπων
1704 3938 1866 3991 καλο-

286 4025 463 4093 utian
474 4026 582 4088 ξας,
608 4025 743 4078 ἀλλά
769 4026 862 4077 καὶ
887 4026 985 4095 τὴν
1011 4027 1333 4094 ἐπουράνιον
1352 4028 1757 4099 κληρονομῆσαι
1777 4027 1865 4082 διὰ

286 4119 377 4186 τῆς
420 4117 543 4170 τῶν
572 4118 784 4188 ἀρετῶν
817 4118 1204 4189 ἀγαθοεργίας.
1248 4121 1494 4191 Σήμερον
1522 4121 1631 4193 γάρ
1664 4123 1767 4175 εξσι
1798 4121 1866 4176 τά

291 4209 537 4276 βασίλεια
568 4210 661 4277 σά,
689 4210 782 4263 καὶ
810 4210 997 4281 αῦριον
1022 4212 1231 4266 ἔσονται
1256 4213 1316 4265 οὐ
1349 4211 1448 4278 σὰ,
1480 4214 1618 4283 μετά
1665 4213 1723 4266 δὲ
1770 4212 1866 4283 τὴν

291 4300 482 4373 αἴθριον
513 4301 706 4371 ἑτέρου
727 4318 740 4331 ·
772 4304 864 4355 καὶ
892 4304 989 4373 τὴν
1031 4303 1148 4372 μετ’
1179 4304 1414 4376 ἐκείνην,
1444 4304 1539 4359 τοῦ
1579 4304 1696 4376 μετ’
1724 4306 1868 4358 £st-

1961 3147 2097 3203 gens
2125 3131 2373 3186 imminet
2397 3130 2730 3201 periculum.
2770 3130 2877 3186 Sed
2929 3132 3148 3202 corpori
3183 3132 3405 3203 quidem
3438 3148 3535 3204 pa-

1959 3232 2093 3280 rata:
2122 3224 2191 3279 ab
2228 3223 2479 3279 hostibus
2502 3223 2714 3280 insidiae
2749 3226 3095 3294 temporaria:
3120 3226 3313 3280 mortis
3333 3225 3535 3285 discri-

1962 3332 2084 3373 men
2115 3316 2378 3372 aii‘erunt:
2411 3316 2676 3372 adversus
2709 3324 2890 3372 autem
2926 3321 3165 3371 animant
3210 3333 3239 3371 a
3266 3319 3539 3387 cupiditag

1961 3405 2109 3461 tibus
2134 3413 2481 3476 comparatae,
2516 3405 2681 3459 etiam
2713 3413 2837 3474 post
2875 3415 3134 3469 mortem,
3161 3403 3531 3458 immortalem

1963 3511 2145 3552 secum
2166 3510 2381 3565 poenam
2407 3495 2656 3549 trahunt.

2486 3586 2563 3639 De
2588 3585 2786 3639 caelesti
2825 3600 3003 3653 regno.

2036 3681 2259 3748 Regiam
2315 3678 2476 3730 istam
2533 3674 2791 3745 permulti
2825 3689 2984 3743 reges
3019 3670 3535 3738 incoluerunt;esed

1966 3770 2123 3842 pauci
2150 3767 2371 3823 cmleste
2398 3780 2623 3834 regnum
2659 3762 2841 3834 adepti
2867 3772 3011 3818 sunt.
3049 3762 3129 3817 Tu
3169 3779 3299 3820 vero
3331 3764 3553 3821 charis-.

1967 3861 2105 3917 sime
2151 3858 2245 3921 liii,
2303 3856 2515 3911 enitere
2550 3870 2657 3909 non
2713 3856 2889 3910 solum
2927 3863 3208 3910 terrenum
3259 3855 3405 3910 istud
3450 3871 3538 3911 re-

1967 3966 2132 4023 gnum
2174 3964 2269 4020 per
2299 3963 2511 4002 morum
2544 3947 2874 4017 probitatem
2925 3956 3072 4003 recte
3105 3946 3495 4004 administrare
3522 3968 3535 4004 :

1967 4045 2063 4101 sed
2098 4042 2345 4098 caelestis
2396 4041 2562 4095 etiam
2596 4039 2972 4096 hereditatem
3022 4057 3118 4113 per
3136 4043 3356 4098 virtutis
3381 4058 3541 4098 exer-

1967 4140 2280 4195 citationem
2317 4136 2571 4206 adipisci.
2607 4135 2779 4192 llodie
2808 4138 2954 4192 enim
3010 4148 3105 4195 tua
3151 4147 3282 4194 sunt
3320 4140 3423 4193 ista
3449 4153 3544 4209 pa-

1970 4231 2123 4294 latia,
2168 4230 2407 4286 crastina
2437 4227 2526 4282 die
2567 4236 2659 4281 tua
2713 4229 2951 4285 fortasse
2979 4246 3091 4288 non
3129 4240 3312 4297 erunt,
3354 4247 3419 4287 ac
3450 4246 3546 4301 pe-

1971 4321 2159 4377 rendie
2196 4319 2422 4373 alterius
2479 4317 2646 4381 fient,
2700 4334 2765 4373 ac
2838 4326 2961 4388 post
2993 4322 3352 4387 perendinum
3398 4321 3542 4375 diem

295 4393 574 4456 νον,ὦστε
627 4395 727 4447 οὐκ
775 4395 910 4447 εἰσὶν
959 4394 1212 4448 οὐδέποτε
1262 4396 1491 4459 οὐδενός.
1546 4396 1607 4449 El
1637 4396 1745 4469 γὰρ
1774 4398 1865 4452 καὶ

1977 4415 2116 4468 alius
2150 4412 2327 4466 adhuc
2354 4417 2474 4480 post
2504 4411 2696 4476 alium,
2717 4410 2882 4465 itaut
2915 4412 3386 4481 nulliusnunqttam
3426 4413 3539 4465 sint

299 4485 523 4548 πολλοὺς
575 4485 865 4554 ἀμείϐουσι
911 4488 1037 4551 τοὺς
1078 4488 1364 4552 δεσπότας,
1396 4488 1584 4541 οὐδένα
1628 4487 1738 4558 ἀρα
1780 4489 1872 4541 τὸν

295 4580 518 4649 γνήσιον
560 4577 747 4647 ἔχουσι
788 4578 1071 4649 δεσπότην.
1108 4579 1258 4633 Ἐπεὶ
1290 4574 1385 4633 οὖν
1433 4580 1734 4651 μεταϐῆναι
1767 4578 1873 4652 χρὴ

296 4669 385 4738 τῆς
443 4668 703 4722 ἐντεῦθεν
748 4671 1013 4737 ἔξουσίας,
1044 4671 1368 4741 σπεύσωμεν
1414 4672 1748 4744 ἀμείψασθαι
1795 4672 1874 4725 δι’

296 4762 496 4829 ἀρετῆς
525 4761 627 4832 τὴν
650 4762 857 4815 ἐκεῖθεν
883 4762 1181 4833 βασιλείαν,
1214 4764 1335 4834 ἥτις
1367 4764 1502 4835 μόνη
1529 4763 1589 4817 τὸ
1611 4763 1875 4818 ἀθάνατον

296 4854 558 4921 κέκτηται
597 4854 691 4907 καὶ
737 4854 1047 4925 ἁδιὰὃοχον’
1094 4856 1162 4910 τά
1191 4856 1245 4909 δὲ
1277 4856 1410 4909 ἄλλα
1446 4855 1625 4910 πάντα
1669 4856 1754 4926 ῥεῖ
1781 4853 1875 4910 καὶ

294 4948 440 5016 παρέ
452 4963 663 5016 ρχεται.

781 5143 915 5209 Περὶ
953 5143 1193 5211 μνήμης
1235 5146 1341 5196 Geo
1350 5142 1398 5199 ὗ.

361 5232 491 5285 Ἐὰν
518 5230 684 5301 νόμον
709 5233 937 5287 σεαυτοῦ
965 5234 1062 5306 τὴν
1089 5234 1392 5302 συνείδησιν
1418 5233 1548 5309 ἔχῃς
1571 5274 1586 5299 ,
1616 5234 1709 5288 καὶ
1738 5234 1882 5306 ἅπερ

295 5324 459 5387 αὐτὸς
491 5324 687 5378 παθεῖν
714 5325 818 5378 οὐκ
842 5324 1048 5389 ἐθέλεις
1068 5365 1082 5390 ,
1110 5326 1232 5380 οὐδὲ
1266 5327 1487 5397 ἐτέρους
1521 5325 1713 5381 παθεῖν
1757 5327 1880 5379 ἑπι-

296 5414 526 5487 τρὲψιλς,
560 5415 816 5469 οὐδέποτε
848 5415 1055 5486 μέμψιν
1085 5417 1359 5488 ἁμαρτίας
1388 5418 1670 5489 ὑποστήσῃ
1691 5433 1717 5449 ὀ
1745 5418 1794 5471 εί
1826 5416 1883 5470 δὲ

298 5506 393 5557 καὶ
416 5508 509 5559 τὸν
537 5506 674 5561 Θεὸν
699 5509 759 5561 ὲν
787 5508 934 5580 πάσῃ
968 5526 1061 5561 σου
1089 5509 1281 5580 πράξει
1306 5509 1549 5579 ὲπόπτην
1577 5510 1670 5563 καὶ⁵
1702 5509 1882 5572 ὲηξεταο

300 5597 454 5664 ortv,
486 5598 679 5670 ὥσπερ
712 5598 879 5665 ἔστιν,
905 5599 1232 5673 ἀναλογίσῃ,
1265 5597 1389 5654 οὔτε
1432 5599 1682 5671 φανερῶς
1731 5617 1884 5665 ποτε,

304 5688 430 5743 ὥτε
462 5692 725 5760 κρυπτῶς
760 5692 1119 5764 ἀμαρτήσεις.
1156 5692 1273 5749 Κᾶν
1304 5692 1411 5765 γὰρ
1446 5694 1663 5763 ἐτέρους
1691 5692 1883 5762 λανθά-

1977 4501 2218 4574 propria.
2244 4496 2378 4552 Nam
2411 4498 2513 4552 etsi
2535 4498 2736 4553 multos
2762 4498 3002 4555 vicissim
3026 4506 3337 4571 permutant
3364 4498 3546 4553 domi-

1980 4609 2103 4660 nos,
2134 4601 2317 4647 tamen
2344 4590 2563 4661 proprie
2617 4590 2829 4646 nullum
2876 4607 3068 4648 verum
3099 4606 3167 4647 ac
3223 4605 3546 4662 germanum

1981 4685 2205 4740 habent.
2231 4683 2501 4749 Quoniam
2530 4697 2662 4754 ergo
2694 4682 3073 4739 dominatione
3096 4683 3201 4739 ista
3242 4682 3544 4737 cedendum

1981 4783 2085 4839 est,
2116 4771 2587 4829 studeamuseam
2616 4787 2712 4841 per
2734 4773 2995 4828 virtutem
3026 4787 3152 4827 cum
3205 4773 3418 4828 caelesti
3463 4789 3549 4829 re-

1983 4878 2090 4934 gno
2116 4870 2479 4927 commutare,
2498 4861 2643 4931 quod
2659 4862 2848 4918 solum
2868 4876 2969 4917 nec
2992 4861 3181 4929 morti,
3212 4878 3315 4919 nec
3338 4864 3552 4919 vicissi-

1985 4954 2161 5009 tudini
2196 4952 2496 5010 obnoxium
2521 4941 2645 5020 est,
2679 4968 2803 5008 cum
2837 4963 3057 5012 caetera.
3088 4954 3274 5011 omnia
3310 4954 3551 5012 deﬂuant

1986 5061 2051 5103 ac
2076 5054 2417 5117 pratereant.
2942 5110 2943 5113 η

2518 5138 2609 5195 οε»
2624 5140 2875 5192 memoria
2906 5138 3026 5194 Dei.

2057 5230 2463 5286 Conscientiam
2491 5240 2639 5285 tuam
2674 5229 2722 5283 si
2757 5245 2856 5300 pro
2882 5231 3001 5302 lege
3047 5226 3329 5301 habueris,
3356 5241 3412 5290 et
3432 5250 3554 5306 quae

1988 5322 2102 5393 pati
2147 5321 2266 5392 ipse
2313 5320 2478 5387 nolis,
2524 5334 2806 5390 nunquam
2866 5320 3005 5379 alios
3051 5325 3163 5394 pati
3194 5325 3551 5396 permiseris,

1990 5413 2197 5469 nullius
2221 5426 2461 5483 unquam
2493 5412 2705 5482 peccati
2736 5412 2858 5469 labe
2885 5412 3183 5471 l‘mdaberis
3204 5425 3285 5482 ;et
3310 5416 3357 5472 si
3383 5414 3552 5472 Deum

1990 5503 2237 5561 onmium
2296 5516 2417 5572 qua
2470 5500 2607 5558 facis
2655 5502 3021 5575 inspectorem
3075 5506 3551 5577 cognitoremque.

1993 5598 2137 5654 sicut.
2174 5607 2277 5661 est,
2305 5613 2431 5655 esse
2489 5596 2587 5653 tibi
2640 5598 3007 5670 persuaseris,
3056 5612 3334 5667 nunquam
3376 5613 3555 5667 neque

1995 5691 2172 5762 palam
2201 5707 2375 5764 neque
2404 5692 2542 5751 clam
2562 5692 2839 5765 peccabis.
2872 5689 3009 5749 Nam
3051 5692 3157 5749 etsi
3200 5691 3336 5749 alios
3384 5692 3557 5747 latere.
