  <div class='ocr_page' id='page_1' title='image "/cluster/home/n/w/nwhite01/storage/ocr_20150623/107/hvd.32044073502338/031.png"; bbox 0 0 4070 6210; ppageno 0'>
   <div class='ocr_carea' id='block_1_1' title="bbox 437 307 563 348">
    <p class='ocr_par' dir='ltr' id='par_1_1' title="bbox 437 307 563 348">
     <span class='ocr_line' id='line_1_1' title="bbox 437 307 563 348; baseline -0.04 -1"><span class='ocrx_word' id='word_1_1' title='bbox 437 307 563 348; x_wconf 62' lang='grc' dir='ltr'>αιιιι</span> 
     </span>
    </p>
   </div>
   <div class='ocr_carea' id='block_1_2' title="bbox 1745 276 2319 336">
    <p class='ocr_par' dir='ltr' id='par_1_2' title="bbox 1745 276 2319 336">
     <span class='ocr_line' id='line_1_2' title="bbox 1745 276 2319 336; baseline -0.005 0"><span class='ocrx_word' id='word_1_2' title='bbox 1745 276 2319 336; x_wconf 81' lang='lat' dir='ltr'><strong>PROLEGOMENA.</strong></span> 
     </span>
    </p>
   </div>
   <div class='ocr_carea' id='block_1_3' title="bbox 3537 272 3663 309">
    <p class='ocr_par' dir='ltr' id='par_1_3' title="bbox 3537 272 3663 309">
     <span class='ocr_line' id='line_1_3' title="bbox 3537 272 3663 309; baseline -0.008 0"><span class='ocrx_word' id='word_1_3' title='bbox 3537 272 3663 309; x_wconf 75' lang='grc' dir='ltr'>ιιιν</span> 
     </span>
    </p>
   </div>
   <div class='ocr_carea' id='block_1_4' title="bbox 438 372 2024 473">
    <p class='ocr_par' dir='ltr' id='par_1_4' title="bbox 438 390 2024 473">
     <span class='ocr_line' id='line_1_4' title="bbox 438 390 2024 473; baseline -0.011 -18"><span class='ocrx_word' id='word_1_4' title='bbox 438 403 709 459; x_wconf 81' lang='lat' dir='ltr'><strong>videberis</strong></span> <span class='ocrx_word' id='word_1_5' title='bbox 765 415 887 473; x_wconf 68' lang='lat' dir='ltr'><strong>quae</strong></span> <span class='ocrx_word' id='word_1_6' title='bbox 952 403 1166 453; x_wconf 83' lang='lat' dir='ltr'><strong>secreto</strong></span> <span class='ocrx_word' id='word_1_7' title='bbox 1232 394 1440 458; x_wconf 83' lang='lat' dir='ltr'><strong>facies;</strong></span> <span class='ocrx_word' id='word_1_8' title='bbox 1492 402 1547 444; x_wconf 88' lang='lat' dir='ltr'><strong>at</strong></span> <span class='ocrx_word' id='word_1_9' title='bbox 1590 390 2024 445; x_wconf 53' lang='lat' dir='ltr'><strong>conscientiam</strong></span> 
     </span>
    </p>
   </div>
   <div class='ocr_carea' id='block_1_5' title="bbox 2130 372 3670 473">
    <p class='ocr_par' dir='ltr' id='par_1_5' title="bbox 2130 372 3670 457">
     <span class='ocr_line' id='line_1_5' title="bbox 2130 372 3670 457; baseline -0.012 -15"><span class='ocrx_word' id='word_1_10' title='bbox 2130 407 2201 442; x_wconf 80' lang='grc' dir='ltr'><strong>ειν</strong></span> <span class='ocrx_word' id='word_1_11' title='bbox 2247 388 2422 457; x_wconf 81' lang='grc' dir='ltr'>δόξῃς,</span> <span class='ocrx_word' id='word_1_12' title='bbox 2453 386 2597 455; x_wconf 72' lang='grc' dir='ltr'>ἅπερ</span> <span class='ocrx_word' id='word_1_13' title='bbox 2621 384 2679 435; x_wconf 80' lang='grc' dir='ltr'>ὲν</span> <span class='ocrx_word' id='word_1_14' title='bbox 2711 382 2892 450; x_wconf 67' lang='grc' dir='ltr'>κρυφῇ</span> <span class='ocrx_word' id='word_1_15' title='bbox 2924 378 3175 448; x_wconf 77' lang='grc' dir='ltr'>πράξεις,</span> <span class='ocrx_word' id='word_1_16' title='bbox 3206 375 3321 429; x_wconf 81' lang='grc' dir='ltr'>ἀλλ’</span> <span class='ocrx_word' id='word_1_17' title='bbox 3353 372 3448 427; x_wconf 71' lang='grc' dir='ltr'><strong>οὖν</strong></span> <span class='ocrx_word' id='word_1_18' title='bbox 3476 390 3541 440; x_wconf 78' lang='grc' dir='ltr'>γε</span> <span class='ocrx_word' id='word_1_19' title='bbox 3566 374 3670 441; x_wconf 78' lang='grc' dir='ltr'>τὴν</span> 
     </span>
    </p>
   </div>
   <div class='ocr_carea' id='block_1_6' title="bbox 434 464 2024 558">
    <p class='ocr_par' dir='ltr' id='par_1_6' title="bbox 434 478 1990 558">
     <span class='ocr_line' id='line_1_6' title="bbox 434 478 1990 558; baseline -0.013 -5"><span class='ocrx_word' id='word_1_20' title='bbox 434 505 581 553; x_wconf 86' lang='lat' dir='ltr'><strong>certe</strong></span> <span class='ocrx_word' id='word_1_21' title='bbox 619 503 788 558; x_wconf 90' lang='lat' dir='ltr'><strong>tuam,</strong></span> <span class='ocrx_word' id='word_1_22' title='bbox 824 500 877 547; x_wconf 88' lang='lat' dir='ltr'><strong>et</strong></span> <span class='ocrx_word' id='word_1_23' title='bbox 912 490 1078 546; x_wconf 86' lang='lat' dir='ltr'><strong>Deum</strong></span> <span class='ocrx_word' id='word_1_24' title='bbox 1114 490 1290 558; x_wconf 86' lang='lat' dir='ltr'><strong>ipsqu</strong></span> <span class='ocrx_word' id='word_1_25' title='bbox 1322 487 1414 555; x_wconf 90' lang='lat' dir='ltr'><strong>qui</strong></span> <span class='ocrx_word' id='word_1_26' title='bbox 1472 500 1642 552; x_wconf 88' lang='lat' dir='ltr'><strong>usque</strong></span> <span class='ocrx_word' id='word_1_27' title='bbox 1676 483 1731 534; x_wconf 91' lang='lat' dir='ltr'><strong>in</strong></span> <span class='ocrx_word' id='word_1_28' title='bbox 1775 478 1990 532; x_wconf 82' lang='lat' dir='ltr'><strong>abditos</strong></span> 
     </span>
    </p>
   </div>
   <div class='ocr_carea' id='block_1_7' title="bbox 2130 464 3669 558">
    <p class='ocr_par' dir='ltr' id='par_1_7' title="bbox 2130 464 3669 543">
     <span class='ocr_line' id='line_1_7' title="bbox 2130 464 3669 543; baseline -0.011 -12"><span class='ocrx_word' id='word_1_29' title='bbox 2130 476 2316 531; x_wconf 88' lang='grc' dir='ltr'>εαυτοῦ</span> <span class='ocrx_word' id='word_1_30' title='bbox 2345 475 2645 543; x_wconf 77' lang='grc' dir='ltr'><strong>συνείδησιν</strong></span> <span class='ocrx_word' id='word_1_31' title='bbox 2676 472 2770 524; x_wconf 81' lang='grc' dir='ltr'>καὶ</span> <span class='ocrx_word' id='word_1_32' title='bbox 2799 469 2951 531; x_wconf 71' lang='grc' dir='ltr'>Θεὸν,</span> <span class='ocrx_word' id='word_1_33' title='bbox 2978 470 3070 521; x_wconf 84' lang='grc' dir='ltr'><strong>τὸν</strong></span> <span class='ocrx_word' id='word_1_34' title='bbox 3098 469 3193 519; x_wconf 64' lang='grc' dir='ltr'><strong>καί⁵</strong></span> <span class='ocrx_word' id='word_1_35' title='bbox 3218 464 3402 517; x_wconf 81' lang='grc' dir='ltr'>αὐτῶν</span> <span class='ocrx_word' id='word_1_36' title='bbox 3432 464 3541 516; x_wconf 75' lang='grc' dir='ltr'>τῶν</span> <span class='ocrx_word' id='word_1_37' title='bbox 3568 465 3669 531; x_wconf 84' lang='grc' dir='ltr'><strong>τῆς</strong></span> 
     </span>
    </p>
   </div>
   <div class='ocr_carea' id='block_1_8' title="bbox 431 557 2024 641">
    <p class='ocr_par' dir='ltr' id='par_1_8' title="bbox 431 568 1993 641">
     <span class='ocr_line' id='line_1_8' title="bbox 431 568 1993 641; baseline -0.011 -2"><span class='ocrx_word' id='word_1_38' title='bbox 431 587 599 640; x_wconf 88' lang='lat' dir='ltr'><strong>animi</strong></span> <span class='ocrx_word' id='word_1_39' title='bbox 658 598 911 639; x_wconf 88' lang='lat' dir='ltr'><strong>recessus</strong></span> <span class='ocrx_word' id='word_1_40' title='bbox 976 581 1250 641; x_wconf 83' lang='lat' dir='ltr'><strong>intmtur,</strong></span> <span class='ocrx_word' id='word_1_41' title='bbox 1307 573 1660 628; x_wconf 78' lang='lat' dir='ltr'><strong>revereberis.</strong></span> <span class='ocrx_word' id='word_1_42' title='bbox 1737 568 1993 622; x_wconf 87' lang='lat' dir='ltr'><strong>llomines</strong></span> 
     </span>
    </p>
   </div>
   <div class='ocr_carea' id='block_1_9' title="bbox 2130 557 3674 641">
    <p class='ocr_par' dir='ltr' id='par_1_9' title="bbox 2130 557 3674 639">
     <span class='ocr_line' id='line_1_9' title="bbox 2130 557 3674 639; baseline -0.011 -16"><span class='ocrx_word' id='word_1_43' title='bbox 2130 572 2266 639; x_wconf 63' lang='lat' dir='ltr'><strong>uxﬁ;</strong></span> <span class='ocrx_word' id='word_1_44' title='bbox 2298 568 2534 638; x_wconf 88' lang='grc' dir='ltr'>ταμείων</span> <span class='ocrx_word' id='word_1_45' title='bbox 2578 565 2791 633; x_wconf 77' lang='grc' dir='ltr'>ἔφορον,</span> <span class='ocrx_word' id='word_1_46' title='bbox 2826 559 3257 631; x_wconf 75' lang='grc' dir='ltr'>ἐπαισχυνθήσῃ.</span> <span class='ocrx_word' id='word_1_47' title='bbox 3287 558 3369 612; x_wconf 74' lang='grc' dir='ltr'><strong>Τὰ</strong></span> <span class='ocrx_word' id='word_1_48' title='bbox 3421 557 3521 625; x_wconf 76' lang='grc' dir='ltr'><strong>μὲν</strong></span> <span class='ocrx_word' id='word_1_49' title='bbox 3560 557 3674 625; x_wconf 73' lang='grc' dir='ltr'><strong>γὰρ</strong></span> 
     </span>
    </p>
   </div>
   <div class='ocr_carea' id='block_1_10' title="bbox 431 661 1995 745">
    <p class='ocr_par' dir='ltr' id='par_1_10' title="bbox 431 661 1995 745">
     <span class='ocr_line' id='line_1_10' title="bbox 431 661 1995 745; baseline -0.015 -15"><span class='ocrx_word' id='word_1_50' title='bbox 431 676 577 731; x_wconf 86' lang='lat' dir='ltr'><strong>enim</strong></span> <span class='ocrx_word' id='word_1_51' title='bbox 595 690 713 745; x_wconf 64' lang='lat' dir='ltr'><strong>quae</strong></span> <span class='ocrx_word' id='word_1_52' title='bbox 742 672 990 742; x_wconf 77' lang='lat' dir='ltr'><strong>corporis</strong></span> <span class='ocrx_word' id='word_1_53' title='bbox 1019 679 1150 724; x_wconf 90' lang='lat' dir='ltr'><strong>sunt</strong></span> <span class='ocrx_word' id='word_1_54' title='bbox 1171 669 1385 731; x_wconf 78' lang='lat' dir='ltr'><strong>vident;</strong></span> <span class='ocrx_word' id='word_1_55' title='bbox 1422 672 1475 717; x_wconf 85' lang='lat' dir='ltr'><strong>at</strong></span> <span class='ocrx_word' id='word_1_56' title='bbox 1506 678 1623 731; x_wconf 65' lang='lat' dir='ltr'><strong>quae</strong></span> <span class='ocrx_word' id='word_1_57' title='bbox 1658 661 1713 715; x_wconf 92' lang='lat' dir='ltr'><strong>in</strong></span> <span class='ocrx_word' id='word_1_58' title='bbox 1741 667 1995 727; x_wconf 84' lang='lat' dir='ltr'><strong>penetra-</strong></span> 
     </span>
    </p>
   </div>
   <div class='ocr_carea' id='block_1_11' title="bbox 2094 648 3671 729">
    <p class='ocr_par' dir='ltr' id='par_1_11' title="bbox 2094 648 3671 729">
     <span class='ocr_line' id='line_1_11' title="bbox 2094 648 3671 729; baseline -0.008 -17"><span class='ocrx_word' id='word_1_59' title='bbox 2094 661 2186 713; x_wconf 82' lang='grc' dir='ltr'><strong>τοῦ</strong></span> <span class='ocrx_word' id='word_1_60' title='bbox 2219 661 2465 729; x_wconf 82' lang='grc' dir='ltr'>σώματος</span> <span class='ocrx_word' id='word_1_61' title='bbox 2505 656 2771 727; x_wconf 74' lang='grc' dir='ltr'>ἐφορῶσιν</span> <span class='ocrx_word' id='word_1_62' title='bbox 2797 654 3071 723; x_wconf 82' lang='grc' dir='ltr'>ἄνθρωποι</span> <span class='ocrx_word' id='word_1_63' title='bbox 3092 691 3105 711; x_wconf 87' lang='grc'><strong>,</strong></span> <span class='ocrx_word' id='word_1_64' title='bbox 3136 650 3206 702; x_wconf 78' lang='grc' dir='ltr'><strong>τά</strong></span> <span class='ocrx_word' id='word_1_65' title='bbox 3227 650 3285 703; x_wconf 84' lang='grc' dir='ltr'>δὲ</span> <span class='ocrx_word' id='word_1_66' title='bbox 3317 650 3375 701; x_wconf 82' lang='grc' dir='ltr'>ὲν</span> <span class='ocrx_word' id='word_1_67' title='bbox 3402 649 3482 717; x_wconf 82' lang='grc' dir='ltr'>τῷ</span> <span class='ocrx_word' id='word_1_68' title='bbox 3514 648 3671 717; x_wconf 76' lang='grc' dir='ltr'>βάθει</span> 
     </span>
    </p>
   </div>
   <div class='ocr_carea' id='block_1_12' title="bbox 434 739 2024 826">
    <p class='ocr_par' dir='ltr' id='par_1_12' title="bbox 434 747 1995 826">
     <span class='ocr_line' id='line_1_12' title="bbox 434 747 1995 826; baseline -0.012 -6"><span class='ocrx_word' id='word_1_69' title='bbox 434 767 573 822; x_wconf 89' lang='lat' dir='ltr'><strong>libus</strong></span> <span class='ocrx_word' id='word_1_70' title='bbox 607 766 773 819; x_wconf 83' lang='lat' dir='ltr'><strong>animi</strong></span> <span class='ocrx_word' id='word_1_71' title='bbox 814 766 1004 826; x_wconf 87' lang='lat' dir='ltr'><strong>latent,</strong></span> <span class='ocrx_word' id='word_1_72' title='bbox 1026 761 1176 816; x_wconf 88' lang='lat' dir='ltr'><strong>solus</strong></span> <span class='ocrx_word' id='word_1_73' title='bbox 1210 757 1301 812; x_wconf 85' lang='lat' dir='ltr'><strong>Dei</strong></span> <span class='ocrx_word' id='word_1_74' title='bbox 1353 756 1565 812; x_wconf 85' lang='lat' dir='ltr'><strong>oculus.</strong></span> <span class='ocrx_word' id='word_1_75' title='bbox 1626 767 1789 820; x_wconf 85' lang='lat' dir='ltr'><strong>quem</strong></span> <span class='ocrx_word' id='word_1_76' title='bbox 1861 747 1995 803; x_wconf 87' lang='lat' dir='ltr'><strong>nihil</strong></span> 
     </span>
    </p>
   </div>
   <div class='ocr_carea' id='block_1_13' title="bbox 2130 739 3670 826">
    <p class='ocr_par' dir='ltr' id='par_1_13' title="bbox 2130 739 3670 819">
     <span class='ocr_line' id='line_1_13' title="bbox 2130 739 3670 819; baseline -0.008 -14"><span class='ocrx_word' id='word_1_77' title='bbox 2130 752 2192 819; x_wconf 83' lang='grc' dir='ltr'>ῆς</span> <span class='ocrx_word' id='word_1_78' title='bbox 2220 749 2396 819; x_wconf 80' lang='grc' dir='ltr'>ψυχῆς</span> <span class='ocrx_word' id='word_1_79' title='bbox 2427 751 2456 802; x_wconf 88' lang='grc' dir='ltr'>ὁ</span> <span class='ocrx_word' id='word_1_80' title='bbox 2488 748 2647 818; x_wconf 84' lang='grc' dir='ltr'><strong>μόνος</strong></span> <span class='ocrx_word' id='word_1_81' title='bbox 2670 745 2937 813; x_wconf 82' lang='grc' dir='ltr'>ἀλάθητος</span> <span class='ocrx_word' id='word_1_82' title='bbox 2967 740 3245 811; x_wconf 77' lang='grc' dir='ltr'>ὀφθαλμὸς</span> <span class='ocrx_word' id='word_1_83' title='bbox 3270 739 3366 793; x_wconf 89' lang='grc' dir='ltr'><strong>τοῦ</strong></span> <span class='ocrx_word' id='word_1_84' title='bbox 3386 739 3525 792; x_wconf 89' lang='grc' dir='ltr'>Θεοῦ</span> <span class='ocrx_word' id='word_1_85' title='bbox 3546 739 3670 809; x_wconf 79' lang='grc' dir='ltr'>δρᾷ.</span> 
     </span>
    </p>
   </div>
   <div class='ocr_carea' id='block_1_14' title="bbox 432 839 1998 923">
    <p class='ocr_par' dir='ltr' id='par_1_14' title="bbox 432 839 1998 923">
     <span class='ocr_line' id='line_1_14' title="bbox 432 839 1998 923; baseline -0.013 -11"><span class='ocrx_word' id='word_1_86' title='bbox 432 859 583 922; x_wconf 84' lang='lat' dir='ltr'><strong>latet,</strong></span> <span class='ocrx_word' id='word_1_87' title='bbox 616 854 984 923; x_wconf 69' lang='lat' dir='ltr'><strong>conspicatur.</strong></span> <span class='ocrx_word' id='word_1_88' title='bbox 1019 851 1175 904; x_wconf 85' lang='lat' dir='ltr'><strong>Sicut</strong></span> <span class='ocrx_word' id='word_1_89' title='bbox 1210 847 1353 901; x_wconf 86' lang='lat' dir='ltr'><strong>enim</strong></span> <span class='ocrx_word' id='word_1_90' title='bbox 1394 861 1517 897; x_wconf 92' lang='lat' dir='ltr'><strong>cum</strong></span> <span class='ocrx_word' id='word_1_91' title='bbox 1578 844 1661 897; x_wconf 90' lang='lat' dir='ltr'><strong>sol</strong></span> <span class='ocrx_word' id='word_1_92' title='bbox 1707 842 1851 895; x_wconf 89' lang='lat' dir='ltr'><strong>lucet</strong></span> <span class='ocrx_word' id='word_1_93' title='bbox 1896 839 1998 892; x_wconf 88' lang='lat' dir='ltr'><strong>sub</strong></span> 
     </span>
    </p>
   </div>
   <div class='ocr_carea' id='block_1_15' title="bbox 2099 831 3676 910">
    <p class='ocr_par' dir='ltr' id='par_1_15' title="bbox 2099 831 3676 910">
     <span class='ocr_line' id='line_1_15' title="bbox 2099 831 3676 910; baseline -0.009 -15"><span class='ocrx_word' id='word_1_94' title='bbox 2099 843 2308 910; x_wconf 83' lang='grc' dir='ltr'>Ὥσπερ</span> <span class='ocrx_word' id='word_1_95' title='bbox 2337 840 2483 910; x_wconf 75' lang='grc' dir='ltr'>ἡλίου</span> <span class='ocrx_word' id='word_1_96' title='bbox 2519 838 2825 907; x_wconf 75' lang='grc' dir='ltr'><strong>λάμποντος</strong></span> <span class='ocrx_word' id='word_1_97' title='bbox 2858 837 2918 888; x_wconf 70' lang='grc' dir='ltr'>ἐν</span> <span class='ocrx_word' id='word_1_98' title='bbox 2943 834 3135 904; x_wconf 73' lang='grc' dir='ltr'>αἰθρίᾳ.</span> <span class='ocrx_word' id='word_1_99' title='bbox 3161 831 3552 902; x_wconf 74' lang='grc' dir='ltr'><strong>κεκρυμμένον</strong></span> <span class='ocrx_word' id='word_1_100' title='bbox 3583 831 3676 882; x_wconf 79' lang='grc' dir='ltr'><strong>οὐ·</strong></span> 
     </span>
    </p>
   </div>
   <div class='ocr_carea' id='block_1_16' title="bbox 434 920 2024 1009">
    <p class='ocr_par' dir='ltr' id='par_1_16' title="bbox 434 932 1999 1009">
     <span class='ocr_line' id='line_1_16' title="bbox 434 932 1999 1009; baseline -0.013 -4"><span class='ocrx_word' id='word_1_101' title='bbox 434 951 525 1005; x_wconf 87' lang='lat' dir='ltr'><strong>dio</strong></span> <span class='ocrx_word' id='word_1_102' title='bbox 554 947 689 1002; x_wconf 84' lang='lat' dir='ltr'><strong>nihil</strong></span> <span class='ocrx_word' id='word_1_103' title='bbox 715 946 989 1001; x_wconf 85' lang='lat' dir='ltr'><strong>occultum</strong></span> <span class='ocrx_word' id='word_1_104' title='bbox 1021 956 1143 996; x_wconf 90' lang='lat' dir='ltr'><strong>esse</strong></span> <span class='ocrx_word' id='word_1_105' title='bbox 1180 945 1378 1009; x_wconf 86' lang='lat' dir='ltr'><strong>potest,</strong></span> <span class='ocrx_word' id='word_1_106' title='bbox 1407 937 1480 988; x_wconf 88' lang='lat' dir='ltr'><strong>ita</strong></span> <span class='ocrx_word' id='word_1_107' title='bbox 1516 934 1622 989; x_wconf 88' lang='lat' dir='ltr'><strong>Deo</strong></span> <span class='ocrx_word' id='word_1_108' title='bbox 1675 932 1999 1002; x_wconf 71' lang='lat' dir='ltr'><strong>inspiciente</strong></span> 
     </span>
    </p>
   </div>
   <div class='ocr_carea' id='block_1_17' title="bbox 2130 920 3676 1009">
    <p class='ocr_par' dir='ltr' id='par_1_17' title="bbox 2130 920 3676 994">
     <span class='ocr_line' id='line_1_17' title="bbox 2130 920 3676 994; baseline -0.007 -10"><span class='ocrx_word' id='word_1_109' title='bbox 2130 933 2205 993; x_wconf 64' lang='lat' dir='ltr'><strong>tv,</strong></span> <span class='ocrx_word' id='word_1_110' title='bbox 2236 930 2379 983; x_wconf 74' lang='grc' dir='ltr'>οὕτω</span> <span class='ocrx_word' id='word_1_111' title='bbox 2404 928 2497 981; x_wconf 86' lang='grc' dir='ltr'><strong>τοῦ</strong></span> <span class='ocrx_word' id='word_1_112' title='bbox 2523 928 2657 983; x_wconf 80' lang='grc' dir='ltr'>Θεοῦ</span> <span class='ocrx_word' id='word_1_113' title='bbox 2683 925 3078 990; x_wconf 79' lang='grc' dir='ltr'>ἐποπτεύοντος</span> <span class='ocrx_word' id='word_1_114' title='bbox 3098 926 3197 986; x_wconf 72' lang='grc' dir='ltr'>τὰς</span> <span class='ocrx_word' id='word_1_115' title='bbox 3220 922 3471 994; x_wconf 78' lang='grc' dir='ltr'>πράξεις,</span> <span class='ocrx_word' id='word_1_116' title='bbox 3490 920 3676 975; x_wconf 77' lang='grc' dir='ltr'>λαϐεῖν</span> 
     </span>
    </p>
   </div>
   <div class='ocr_carea' id='block_1_18' title="bbox 434 1034 1398 1098">
    <p class='ocr_par' dir='ltr' id='par_1_18' title="bbox 434 1034 1398 1098">
     <span class='ocr_line' id='line_1_18' title="bbox 434 1034 1398 1098; baseline -0.013 -3"><span class='ocrx_word' id='word_1_117' title='bbox 434 1041 618 1095; x_wconf 88' lang='lat' dir='ltr'><strong>omnia</strong></span> <span class='ocrx_word' id='word_1_118' title='bbox 651 1038 785 1093; x_wconf 81' lang='lat' dir='ltr'><strong>nihil</strong></span> <span class='ocrx_word' id='word_1_119' title='bbox 808 1037 956 1089; x_wconf 91' lang='lat' dir='ltr'><strong>illum</strong></span> <span class='ocrx_word' id='word_1_120' title='bbox 992 1034 1161 1085; x_wconf 87' lang='lat' dir='ltr'><strong>latere</strong></span> <span class='ocrx_word' id='word_1_121' title='bbox 1196 1037 1398 1098; x_wconf 76' lang='lat' dir='ltr'><strong>potest.</strong></span> 
     </span>
    </p>
   </div>
   <div class='ocr_carea' id='block_1_19' title="bbox 822 1121 1612 1189">
    <p class='ocr_par' dir='ltr' id='par_1_19' title="bbox 822 1121 1612 1189">
     <span class='ocr_line' id='line_1_19' title="bbox 822 1121 1612 1189; baseline -0.016 -12"><span class='ocrx_word' id='word_1_122' title='bbox 822 1124 895 1177; x_wconf 86' lang='lat' dir='ltr'><strong>De</strong></span> <span class='ocrx_word' id='word_1_123' title='bbox 926 1121 1260 1189; x_wconf 84' lang='lat' dir='ltr'><strong>corruptione</strong></span> <span class='ocrx_word' id='word_1_124' title='bbox 1312 1130 1612 1169; x_wconf 82' lang='lat' dir='ltr'><strong>munerum.</strong></span> 
     </span>
    </p>
   </div>
   <div class='ocr_carea' id='block_1_20' title="bbox 505 1197 2003 1278">
    <p class='ocr_par' dir='ltr' id='par_1_20' title="bbox 505 1197 2003 1278">
     <span class='ocr_line' id='line_1_20' title="bbox 505 1197 2003 1278; baseline -0.013 -8"><span class='ocrx_word' id='word_1_125' title='bbox 505 1217 738 1271; x_wconf 83' lang='lat' dir='ltr'><strong>Venales</strong></span> <span class='ocrx_word' id='word_1_126' title='bbox 767 1212 1088 1268; x_wconf 84' lang='lat' dir='ltr'><strong>muneribus</strong></span> <span class='ocrx_word' id='word_1_127' title='bbox 1106 1210 1402 1278; x_wconf 78' lang='lat' dir='ltr'><strong>dignitates</strong></span> <span class='ocrx_word' id='word_1_128' title='bbox 1437 1222 1565 1260; x_wconf 75' lang='lat' dir='ltr'><strong>care</strong></span> <span class='ocrx_word' id='word_1_129' title='bbox 1584 1220 1650 1260; x_wconf 92' lang='lat' dir='ltr'><strong>ne</strong></span> <span class='ocrx_word' id='word_1_130' title='bbox 1666 1201 1894 1262; x_wconf 85' lang='lat' dir='ltr'><strong>habeas,</strong></span> <span class='ocrx_word' id='word_1_131' title='bbox 1908 1197 2003 1253; x_wconf 87' lang='lat' dir='ltr'><strong>sed</strong></span> 
     </span>
    </p>
   </div>
   <div class='ocr_carea' id='block_1_21' title="bbox 2101 1021 2517 1077">
    <p class='ocr_par' dir='ltr' id='par_1_21' title="bbox 2101 1021 2517 1077">
     <span class='ocr_line' id='line_1_21' title="bbox 2101 1021 2517 1077; baseline 0.007 -3"><span class='ocrx_word' id='word_1_132' title='bbox 2101 1021 2321 1075; x_wconf 68' lang='grc' dir='ltr'>δυνατὸν</span> <span class='ocrx_word' id='word_1_133' title='bbox 2344 1021 2517 1077; x_wconf 81' lang='grc' dir='ltr'>οὐδέν.</span> 
     </span>
    </p>
   </div>
   <div class='ocr_carea' id='block_1_22' title="bbox 2606 1110 3183 1179">
    <p class='ocr_par' dir='ltr' id='par_1_22' title="bbox 2606 1110 3183 1179">
     <span class='ocr_line' id='line_1_22' title="bbox 2606 1110 3183 1179; baseline -0.012 -11"><span class='ocrx_word' id='word_1_134' title='bbox 2606 1112 2744 1179; x_wconf 71' lang='grc' dir='ltr'>Περὶ</span> <span class='ocrx_word' id='word_1_135' title='bbox 2781 1110 3183 1179; x_wconf 46' lang='lat' dir='ltr'><strong>omnem.</strong></span> 
     </span>
    </p>
   </div>
   <div class='ocr_carea' id='block_1_23' title="bbox 2177 1200 3681 1279">
    <p class='ocr_par' dir='ltr' id='par_1_23' title="bbox 2177 1200 3681 1279">
     <span class='ocr_line' id='line_1_23' title="bbox 2177 1200 3681 1279; baseline -0.007 -17"><span class='ocrx_word' id='word_1_136' title='bbox 2177 1209 2380 1279; x_wconf 84' lang='grc' dir='ltr'>Προῖκα</span> <span class='ocrx_word' id='word_1_137' title='bbox 2420 1207 2644 1277; x_wconf 77' lang='grc' dir='ltr'><strong>χαρίζου</strong></span> <span class='ocrx_word' id='word_1_138' title='bbox 2670 1206 2741 1257; x_wconf 78' lang='grc' dir='ltr'>τὰ</span> <span class='ocrx_word' id='word_1_139' title='bbox 2772 1204 3056 1275; x_wconf 78' lang='grc' dir='ltr'>ἀξιώματα</span> <span class='ocrx_word' id='word_1_140' title='bbox 3077 1243 3093 1268; x_wconf 91' lang='grc'><strong>,</strong></span> <span class='ocrx_word' id='word_1_141' title='bbox 3120 1202 3217 1255; x_wconf 71' lang='grc' dir='ltr'>καὶ</span> <span class='ocrx_word' id='word_1_142' title='bbox 3244 1202 3318 1272; x_wconf 77' lang='grc' dir='ltr'>μὴ</span> <span class='ocrx_word' id='word_1_143' title='bbox 3346 1200 3542 1272; x_wconf 77' lang='grc' dir='ltr'><strong>δώροις</strong></span> <span class='ocrx_word' id='word_1_144' title='bbox 3574 1202 3681 1253; x_wconf 81' lang='grc' dir='ltr'>ἀπ-</span> 
     </span>
    </p>
   </div>
   <div class='ocr_carea' id='block_1_24' title="bbox 440 1292 2024 1383">
    <p class='ocr_par' dir='ltr' id='par_1_24' title="bbox 440 1292 2004 1383">
     <span class='ocr_line' id='line_1_24' title="bbox 440 1292 2004 1383; baseline -0.013 -19"><span class='ocrx_word' id='word_1_145' title='bbox 440 1311 618 1383; x_wconf 89' lang='lat' dir='ltr'><strong>potius</strong></span> <span class='ocrx_word' id='word_1_146' title='bbox 658 1305 827 1379; x_wconf 74' lang='lat' dir='ltr'><strong>gratis</strong></span> <span class='ocrx_word' id='word_1_147' title='bbox 876 1319 970 1358; x_wconf 86' lang='lat' dir='ltr'><strong>eas</strong></span> <span class='ocrx_word' id='word_1_148' title='bbox 995 1302 1215 1370; x_wconf 81' lang='lat' dir='ltr'><strong>largire.</strong></span> <span class='ocrx_word' id='word_1_149' title='bbox 1275 1300 1373 1364; x_wconf 82' lang='lat' dir='ltr'><strong>Qui</strong></span> <span class='ocrx_word' id='word_1_150' title='bbox 1423 1297 1565 1351; x_wconf 80' lang='lat' dir='ltr'><strong>enim</strong></span> <span class='ocrx_word' id='word_1_151' title='bbox 1625 1292 2004 1362; x_wconf 83' lang='lat' dir='ltr'><strong>magistratum</strong></span> 
     </span>
    </p>
   </div>
   <div class='ocr_carea' id='block_1_25' title="bbox 2130 1292 3685 1383">
    <p class='ocr_par' dir='ltr' id='par_1_25' title="bbox 2140 1292 3685 1369">
     <span class='ocr_line' id='line_1_25' title="bbox 2140 1292 3685 1369; baseline -0.005 -18"><span class='ocrx_word' id='word_1_152' title='bbox 2140 1300 2336 1369; x_wconf 78' lang='grc' dir='ltr'>μπόλει</span> <span class='ocrx_word' id='word_1_153' title='bbox 2354 1308 2357 1309; x_wconf 66' lang='grc'><strong><em>⁷</em></strong></span> <span class='ocrx_word' id='word_1_154' title='bbox 2377 1298 2473 1360; x_wconf 81' lang='grc' dir='ltr'>τὰς</span> <span class='ocrx_word' id='word_1_155' title='bbox 2504 1297 2676 1361; x_wconf 78' lang='grc' dir='ltr'>ἀξίας.</span> <span class='ocrx_word' id='word_1_156' title='bbox 2696 1295 2757 1349; x_wconf 85' lang='lat'><strong>&#39;0</strong></span> <span class='ocrx_word' id='word_1_157' title='bbox 2783 1298 2894 1365; x_wconf 82' lang='grc' dir='ltr'><strong>γὰρ</strong></span> <span class='ocrx_word' id='word_1_158' title='bbox 2922 1296 3085 1364; x_wconf 81' lang='grc' dir='ltr'>τιμῆς</span> <span class='ocrx_word' id='word_1_159' title='bbox 3115 1293 3215 1364; x_wconf 80' lang='grc' dir='ltr'><strong>τὴν</strong></span> <span class='ocrx_word' id='word_1_160' title='bbox 3238 1292 3411 1363; x_wconf 76' lang='grc' dir='ltr'>ἀρχὴν</span> <span class='ocrx_word' id='word_1_161' title='bbox 3431 1292 3685 1361; x_wconf 60' lang='grc' dir='ltr'>ὼνούμευ</span> 
     </span>
    </p>
   </div>
   <div class='ocr_carea' id='block_1_26' title="bbox 439 1380 2004 1471">
    <p class='ocr_par' dir='ltr' id='par_1_26' title="bbox 439 1380 2004 1471">
     <span class='ocr_line' id='line_1_26' title="bbox 439 1380 2004 1471; baseline -0.015 -16"><span class='ocrx_word' id='word_1_162' title='bbox 439 1380 615 1471; x_wconf 81' lang='lat' dir='ltr'><strong>pretio</strong></span> <span class='ocrx_word' id='word_1_163' title='bbox 666 1398 816 1460; x_wconf 70' lang='lat' dir='ltr'><strong>emit,</strong></span> <span class='ocrx_word' id='word_1_164' title='bbox 877 1396 1047 1448; x_wconf 88' lang='lat' dir='ltr'><strong>nmlto</strong></span> <span class='ocrx_word' id='word_1_165' title='bbox 1100 1393 1271 1460; x_wconf 78' lang='lat' dir='ltr'><strong>magis</strong></span> <span class='ocrx_word' id='word_1_166' title='bbox 1308 1391 1484 1443; x_wconf 89' lang='lat' dir='ltr'><strong>cidem</strong></span> <span class='ocrx_word' id='word_1_167' title='bbox 1539 1385 1817 1453; x_wconf 83' lang='lat' dir='ltr'><strong>subjectos</strong></span> <span class='ocrx_word' id='word_1_168' title='bbox 1850 1380 2004 1444; x_wconf 84' lang='lat' dir='ltr'><strong>emit,</strong></span> 
     </span>
    </p>
   </div>
   <div class='ocr_carea' id='block_1_27' title="bbox 442 1472 2002 1552">
    <p class='ocr_par' dir='ltr' id='par_1_27' title="bbox 442 1472 2002 1552">
     <span class='ocr_line' id='line_1_27' title="bbox 442 1472 2002 1552; baseline -0.017 -6"><span class='ocrx_word' id='word_1_169' title='bbox 442 1501 501 1546; x_wconf 90' lang='lat' dir='ltr'><strong>ut</strong></span> <span class='ocrx_word' id='word_1_170' title='bbox 531 1487 849 1543; x_wconf 79' lang='lat' dir='ltr'><strong>muneribus</strong></span> <span class='ocrx_word' id='word_1_171' title='bbox 906 1498 1028 1552; x_wconf 87' lang='lat' dir='ltr'><strong>quae</strong></span> <span class='ocrx_word' id='word_1_172' title='bbox 1061 1483 1209 1535; x_wconf 82' lang='lat' dir='ltr'><strong>dedit</strong></span> <span class='ocrx_word' id='word_1_173' title='bbox 1244 1481 1414 1532; x_wconf 82' lang='lat' dir='ltr'><strong>fretus</strong></span> <span class='ocrx_word' id='word_1_174' title='bbox 1449 1478 1565 1546; x_wconf 89' lang='lat' dir='ltr'><strong>ipse</strong></span> <span class='ocrx_word' id='word_1_175' title='bbox 1583 1472 1852 1526; x_wconf 90' lang='lat' dir='ltr'><strong>audacius</strong></span> <span class='ocrx_word' id='word_1_176' title='bbox 1889 1483 2002 1521; x_wconf 54' lang='lat' dir='ltr'><strong>mu.</strong></span> 
     </span>
    </p>
   </div>
   <div class='ocr_carea' id='block_1_28' title="bbox 443 1563 2007 1646">
    <p class='ocr_par' dir='ltr' id='par_1_28' title="bbox 443 1563 2007 1646">
     <span class='ocr_line' id='line_1_28' title="bbox 443 1563 2007 1646; baseline -0.017 -9"><span class='ocrx_word' id='word_1_177' title='bbox 443 1597 569 1637; x_wconf 90' lang='lat' dir='ltr'><strong>nera</strong></span> <span class='ocrx_word' id='word_1_178' title='bbox 589 1579 788 1646; x_wconf 77' lang='lat' dir='ltr'><strong>capiat.</strong></span> <span class='ocrx_word' id='word_1_179' title='bbox 831 1574 1009 1628; x_wconf 88' lang='lat' dir='ltr'><strong>Proba</strong></span> <span class='ocrx_word' id='word_1_180' title='bbox 1048 1573 1213 1643; x_wconf 78' lang='lat' dir='ltr'><strong>igitur</strong></span> <span class='ocrx_word' id='word_1_181' title='bbox 1246 1582 1408 1639; x_wconf 90' lang='lat' dir='ltr'><strong>atque</strong></span> <span class='ocrx_word' id='word_1_182' title='bbox 1445 1567 1668 1637; x_wconf 83' lang='lat' dir='ltr'><strong>explora</strong></span> <span class='ocrx_word' id='word_1_183' title='bbox 1697 1563 2007 1629; x_wconf 71' lang='lat' dir='ltr'><strong>diligenter,</strong></span> 
     </span>
    </p>
   </div>
   <div class='ocr_carea' id='block_1_29' title="bbox 443 1652 2006 1741">
    <p class='ocr_par' dir='ltr' id='par_1_29' title="bbox 443 1652 2006 1741">
     <span class='ocr_line' id='line_1_29' title="bbox 443 1652 2006 1741; baseline -0.013 -16"><span class='ocrx_word' id='word_1_184' title='bbox 443 1684 603 1741; x_wconf 80' lang='lat' dir='ltr'><strong>atque</strong></span> <span class='ocrx_word' id='word_1_185' title='bbox 636 1673 707 1722; x_wconf 89' lang='lat' dir='ltr'><strong>ita</strong></span> <span class='ocrx_word' id='word_1_186' title='bbox 739 1668 954 1722; x_wconf 85' lang='lat' dir='ltr'><strong>demum</strong></span> <span class='ocrx_word' id='word_1_187' title='bbox 996 1663 1061 1717; x_wconf 90' lang='lat' dir='ltr'><strong>ad</strong></span> <span class='ocrx_word' id='word_1_188' title='bbox 1096 1665 1329 1717; x_wconf 76' lang='lat' dir='ltr'><strong>honores</strong></span> <span class='ocrx_word' id='word_1_189' title='bbox 1355 1660 1587 1727; x_wconf 80' lang='lat' dir='ltr'><strong>provehe</strong></span> <span class='ocrx_word' id='word_1_190' title='bbox 1631 1671 1751 1719; x_wconf 91' lang='lat' dir='ltr'><strong>eos,</strong></span> <span class='ocrx_word' id='word_1_191' title='bbox 1789 1652 1881 1724; x_wconf 89' lang='lat' dir='ltr'><strong>qui</strong></span> <span class='ocrx_word' id='word_1_192' title='bbox 1908 1652 2006 1705; x_wconf 88' lang='lat' dir='ltr'><strong>do-</strong></span> 
     </span>
    </p>
   </div>
   <div class='ocr_carea' id='block_1_30' title="bbox 2108 1384 3686 1458">
    <p class='ocr_par' dir='ltr' id='par_1_30' title="bbox 2108 1384 3686 1458">
     <span class='ocr_line' id='line_1_30' title="bbox 2108 1384 3686 1458; baseline -0.004 -16"><span class='ocrx_word' id='word_1_193' title='bbox 2108 1407 2217 1452; x_wconf 90' lang='grc' dir='ltr'>νος,</span> <span class='ocrx_word' id='word_1_194' title='bbox 2250 1389 2427 1458; x_wconf 80' lang='grc' dir='ltr'>πολλῷ</span> <span class='ocrx_word' id='word_1_195' title='bbox 2470 1390 2635 1440; x_wconf 81' lang='grc' dir='ltr'>πλέον</span> <span class='ocrx_word' id='word_1_196' title='bbox 2663 1389 2789 1448; x_wconf 75' lang='grc' dir='ltr'>τοὺς</span> <span class='ocrx_word' id='word_1_197' title='bbox 2820 1386 3155 1456; x_wconf 76' lang='grc' dir='ltr'>ἀρχομένους</span> <span class='ocrx_word' id='word_1_198' title='bbox 3199 1385 3467 1455; x_wconf 83' lang='grc' dir='ltr'>ὠνήσατο,</span> <span class='ocrx_word' id='word_1_199' title='bbox 3499 1384 3587 1437; x_wconf 82' lang='grc' dir='ltr'>ἵνα</span> <span class='ocrx_word' id='word_1_200' title='bbox 3615 1386 3686 1454; x_wconf 73' lang='grc' dir='ltr'><strong>τῇ</strong></span> 
     </span>
    </p>
   </div>
   <div class='ocr_carea' id='block_1_31' title="bbox 2108 1476 3686 1550">
    <p class='ocr_par' dir='ltr' id='par_1_31' title="bbox 2108 1476 3686 1550">
     <span class='ocr_line' id='line_1_31' title="bbox 2108 1476 3686 1550; baseline -0.005 -14"><span class='ocrx_word' id='word_1_201' title='bbox 2108 1481 2403 1550; x_wconf 69' lang='grc' dir='ltr'>δωροδοκίᾳ</span> <span class='ocrx_word' id='word_1_202' title='bbox 2454 1479 2695 1550; x_wconf 68' lang='grc' dir='ltr'>θαρρῶν,</span> <span class='ocrx_word' id='word_1_203' title='bbox 2747 1478 2883 1548; x_wconf 75' lang='grc' dir='ltr'>πρὸς</span> <span class='ocrx_word' id='word_1_204' title='bbox 2932 1476 3274 1547; x_wconf 84' lang='grc' dir='ltr'>δωροκοπίαν</span> <span class='ocrx_word' id='word_1_205' title='bbox 3321 1476 3496 1538; x_wconf 80' lang='grc' dir='ltr'>ἀδεῶς</span> <span class='ocrx_word' id='word_1_206' title='bbox 3555 1477 3686 1545; x_wconf 81' lang='grc' dir='ltr'>δρᾷ.</span> 
     </span>
    </p>
   </div>
   <div class='ocr_carea' id='block_1_32' title="bbox 2122 1566 3691 1644">
    <p class='ocr_par' dir='ltr' id='par_1_32' title="bbox 2122 1566 3691 1644">
     <span class='ocr_line' id='line_1_32' title="bbox 2122 1566 3691 1644; baseline -0.009 -13"><span class='ocrx_word' id='word_1_207' title='bbox 2122 1574 2408 1644; x_wconf 75' lang='grc' dir='ltr'>Ἀναζήτει</span> <span class='ocrx_word' id='word_1_208' title='bbox 2432 1568 2524 1626; x_wconf 82' lang='grc' dir='ltr'><strong>οὖν</strong></span> <span class='ocrx_word' id='word_1_209' title='bbox 2552 1569 2848 1640; x_wconf 75' lang='grc' dir='ltr'>ἐπιμελῶς,</span> <span class='ocrx_word' id='word_1_210' title='bbox 2885 1569 2980 1623; x_wconf 77' lang='grc' dir='ltr'><strong>καὶ</strong></span> <span class='ocrx_word' id='word_1_211' title='bbox 3028 1566 3229 1639; x_wconf 69' lang='grc' dir='ltr'>ιρὼτα,</span> <span class='ocrx_word' id='word_1_212' title='bbox 3266 1567 3551 1630; x_wconf 78' lang='grc' dir='ltr'>κάκείνους</span> <span class='ocrx_word' id='word_1_213' title='bbox 3591 1567 3691 1618; x_wconf 65' lang='grc' dir='ltr'><strong>ἐπὶ</strong></span> 
     </span>
    </p>
   </div>
   <div class='ocr_carea' id='block_1_33' title="bbox 2110 1654 3696 1735">
    <p class='ocr_par' dir='ltr' id='par_1_33' title="bbox 2110 1654 3696 1735">
     <span class='ocr_line' id='line_1_33' title="bbox 2110 1654 3696 1735; baseline -0.005 -20"><span class='ocrx_word' id='word_1_214' title='bbox 2110 1664 2208 1727; x_wconf 82' lang='grc' dir='ltr'>τὰς</span> <span class='ocrx_word' id='word_1_215' title='bbox 2252 1663 2427 1735; x_wconf 80' lang='grc' dir='ltr'>ἀρχὰς</span> <span class='ocrx_word' id='word_1_216' title='bbox 2475 1659 2792 1725; x_wconf 76' lang='grc' dir='ltr'>ἀναϐίϐαζε,</span> <span class='ocrx_word' id='word_1_217' title='bbox 2823 1658 2876 1711; x_wconf 79' lang='grc' dir='ltr'><strong>εί</strong></span> <span class='ocrx_word' id='word_1_218' title='bbox 2911 1674 2977 1727; x_wconf 80' lang='grc' dir='ltr'>γε</span> <span class='ocrx_word' id='word_1_219' title='bbox 3013 1656 3191 1727; x_wconf 79' lang='grc' dir='ltr'><strong>βούλει</strong></span> <span class='ocrx_word' id='word_1_220' title='bbox 3217 1656 3319 1726; x_wconf 75' lang='grc' dir='ltr'>τὴν</span> <span class='ocrx_word' id='word_1_221' title='bbox 3342 1654 3696 1726; x_wconf 83' lang='grc' dir='ltr'>δωροληψίαν</span> 
     </span>
    </p>
   </div>
   <div class='ocr_carea' id='block_1_34' title="bbox 444 1745 2024 1824">
    <p class='ocr_par' dir='ltr' id='par_1_34' title="bbox 444 1746 2007 1817">
     <span class='ocr_line' id='line_1_34' title="bbox 444 1746 2007 1817; baseline -0.014 -1"><span class='ocrx_word' id='word_1_222' title='bbox 444 1780 573 1817; x_wconf 87' lang='lat' dir='ltr'><strong>num</strong></span> <span class='ocrx_word' id='word_1_223' title='bbox 611 1761 713 1813; x_wconf 86' lang='lat' dir='ltr'><strong>hoc</strong></span> <span class='ocrx_word' id='word_1_224' title='bbox 754 1758 873 1810; x_wconf 84' lang='lat' dir='ltr'><strong>sine</strong></span> <span class='ocrx_word' id='word_1_225' title='bbox 914 1753 1241 1808; x_wconf 84' lang='lat' dir='ltr'><strong>muneribus</strong></span> <span class='ocrx_word' id='word_1_226' title='bbox 1269 1750 1576 1809; x_wconf 87' lang='lat' dir='ltr'><strong>ambihunt,</strong></span> <span class='ocrx_word' id='word_1_227' title='bbox 1599 1747 1644 1801; x_wconf 93' lang='lat' dir='ltr'><strong>si</strong></span> <span class='ocrx_word' id='word_1_228' title='bbox 1676 1746 1759 1799; x_wconf 86' lang='lat' dir='ltr'><strong>vis</strong></span> <span class='ocrx_word' id='word_1_229' title='bbox 1791 1757 2007 1797; x_wconf 89' lang='lat' dir='ltr'><strong>omnem</strong></span> 
     </span>
    </p>
   </div>
   <div class='ocr_carea' id='block_1_35' title="bbox 2130 1745 3692 1824">
    <p class='ocr_par' dir='ltr' id='par_1_35' title="bbox 2130 1745 3692 1824">
     <span class='ocr_line' id='line_1_35' title="bbox 2130 1745 3692 1824; baseline -0.006 -17"><span class='ocrx_word' id='word_1_230' title='bbox 2130 1755 2350 1824; x_wconf 65' lang='grc' dir='ltr'>ιξορίσαι</span> <span class='ocrx_word' id='word_1_231' title='bbox 2391 1753 2492 1823; x_wconf 80' lang='grc' dir='ltr'>τῆς</span> <span class='ocrx_word' id='word_1_232' title='bbox 2524 1751 2823 1814; x_wconf 70' lang='grc' dir='ltr'><strong>πολιτείας,</strong></span> <span class='ocrx_word' id='word_1_233' title='bbox 2849 1750 2963 1802; x_wconf 82' lang='grc' dir='ltr'>ὅσοι</span> <span class='ocrx_word' id='word_1_234' title='bbox 2994 1748 3204 1817; x_wconf 78' lang='grc' dir='ltr'>δωρεὰν</span> <span class='ocrx_word' id='word_1_235' title='bbox 3242 1747 3360 1801; x_wconf 83' lang='grc' dir='ltr'>ἀλλ’</span> <span class='ocrx_word' id='word_1_236' title='bbox 3384 1747 3447 1799; x_wconf 73' lang='grc' dir='ltr'><strong>οὗ</strong></span> <span class='ocrx_word' id='word_1_237' title='bbox 3493 1745 3692 1816; x_wconf 79' lang='grc' dir='ltr'>δώροις</span> 
     </span>
    </p>
   </div>
   <div class='ocr_carea' id='block_1_36' title="bbox 445 1830 2024 1922">
    <p class='ocr_par' dir='ltr' id='par_1_36' title="bbox 445 1830 2009 1922">
     <span class='ocr_line' id='line_1_36' title="bbox 445 1830 2009 1922; baseline -0.017 -13"><span class='ocrx_word' id='word_1_238' title='bbox 445 1873 475 1909; x_wconf 88' lang='lat' dir='ltr'><strong>a</strong></span> <span class='ocrx_word' id='word_1_239' title='bbox 514 1851 788 1922; x_wconf 77' lang='lat' dir='ltr'><strong>republica</strong></span> <span class='ocrx_word' id='word_1_240' title='bbox 815 1844 1199 1901; x_wconf 84' lang='lat' dir='ltr'><strong>coneussionis</strong></span> <span class='ocrx_word' id='word_1_241' title='bbox 1233 1843 1407 1897; x_wconf 85' lang='lat' dir='ltr'><strong>labem</strong></span> <span class='ocrx_word' id='word_1_242' title='bbox 1437 1839 1708 1894; x_wconf 81' lang='lat' dir='ltr'><strong>exsulare.</strong></span> <span class='ocrx_word' id='word_1_243' title='bbox 1739 1836 1872 1888; x_wconf 88' lang='lat' dir='ltr'><strong>Nam</strong></span> <span class='ocrx_word' id='word_1_244' title='bbox 1914 1830 2009 1902; x_wconf 92' lang='lat' dir='ltr'><strong>qui</strong></span> 
     </span>
    </p>
   </div>
   <div class='ocr_carea' id='block_1_37' title="bbox 2130 1830 3690 1922">
    <p class='ocr_par' dir='ltr' id='par_1_37' title="bbox 2130 1835 3690 1913">
     <span class='ocr_line' id='line_1_37' title="bbox 2130 1835 3690 1913; baseline -0.007 -16"><span class='ocrx_word' id='word_1_245' title='bbox 2130 1848 2281 1899; x_wconf 67' lang='grc' dir='ltr'>ταῦτα</span> <span class='ocrx_word' id='word_1_246' title='bbox 2310 1841 2679 1913; x_wconf 66' lang='grc' dir='ltr'>ἐπιζητοῦσιν.</span> <span class='ocrx_word' id='word_1_247' title='bbox 2698 1841 2755 1894; x_wconf 92' lang='grc' dir='ltr'>Ὁ</span> <span class='ocrx_word' id='word_1_248' title='bbox 2780 1840 2889 1910; x_wconf 90' lang='grc' dir='ltr'><strong>γάρ</strong></span> <span class='ocrx_word' id='word_1_249' title='bbox 2930 1837 3108 1901; x_wconf 85' lang='grc' dir='ltr'>διδούς</span> <span class='ocrx_word' id='word_1_250' title='bbox 3149 1852 3207 1890; x_wconf 82' lang='grc' dir='ltr'><strong>τι</strong></span> <span class='ocrx_word' id='word_1_251' title='bbox 3247 1835 3334 1889; x_wconf 71' lang='grc' dir='ltr'>διὰ</span> <span class='ocrx_word' id='word_1_252' title='bbox 3364 1836 3465 1907; x_wconf 76' lang='grc' dir='ltr'>τὴν</span> <span class='ocrx_word' id='word_1_253' title='bbox 3489 1835 3690 1905; x_wconf 73' lang='grc' dir='ltr'>ἀρχὴν,</span> 
     </span>
    </p>
   </div>
   <div class='ocr_carea' id='block_1_38' title="bbox 446 1921 2013 2009">
    <p class='ocr_par' dir='ltr' id='par_1_38' title="bbox 446 1921 2013 2009">
     <span class='ocr_line' id='line_1_38' title="bbox 446 1921 2013 2009; baseline -0.017 -9"><span class='ocrx_word' id='word_1_254' title='bbox 446 1946 537 2000; x_wconf 89' lang='lat' dir='ltr'><strong>dat</strong></span> <span class='ocrx_word' id='word_1_255' title='bbox 564 1921 621 1994; x_wconf 88' lang='lat' dir='ltr'><strong>ut</strong></span> <span class='ocrx_word' id='word_1_256' title='bbox 652 1939 1029 2009; x_wconf 80' lang='lat' dir='ltr'><strong>magistratum</strong></span> <span class='ocrx_word' id='word_1_257' title='bbox 1094 1932 1297 2001; x_wconf 83' lang='lat' dir='ltr'><strong>capiat,</strong></span> <span class='ocrx_word' id='word_1_258' title='bbox 1329 1937 1597 1999; x_wconf 63' lang='lat' dir='ltr'><strong>quaestum</strong></span> <span class='ocrx_word' id='word_1_259' title='bbox 1627 1925 1729 1980; x_wconf 87' lang='lat' dir='ltr'><strong>sibi</strong></span> <span class='ocrx_word' id='word_1_260' title='bbox 1778 1940 1809 1977; x_wconf 89' lang='lat' dir='ltr'><strong>a</strong></span> <span class='ocrx_word' id='word_1_261' title='bbox 1838 1921 2013 1991; x_wconf 77' lang='lat' dir='ltr'><strong>magi-</strong></span> 
     </span>
    </p>
   </div>
   <div class='ocr_carea' id='block_1_39' title="bbox 2115 1928 3698 2009">
    <p class='ocr_par' dir='ltr' id='par_1_39' title="bbox 2115 1928 3698 2009">
     <span class='ocr_line' id='line_1_39' title="bbox 2115 1928 3698 2009; baseline -0.006 -17"><span class='ocrx_word' id='word_1_262' title='bbox 2115 1938 2305 2009; x_wconf 77' lang='grc' dir='ltr'>κέρδος</span> <span class='ocrx_word' id='word_1_263' title='bbox 2353 1953 2408 1990; x_wconf 90' lang='grc' dir='ltr'><strong>τι</strong></span> <span class='ocrx_word' id='word_1_264' title='bbox 2455 1935 2610 2003; x_wconf 78' lang='grc' dir='ltr'>ζητεῖ</span> <span class='ocrx_word' id='word_1_265' title='bbox 2653 1932 2836 1986; x_wconf 80' lang='grc' dir='ltr'>λαϐεῖν</span> <span class='ocrx_word' id='word_1_266' title='bbox 2868 1930 3022 2002; x_wconf 86' lang='grc' dir='ltr'><strong>παρά</strong></span> <span class='ocrx_word' id='word_1_267' title='bbox 3046 1929 3147 1998; x_wconf 83' lang='grc' dir='ltr'>τῆς</span> <span class='ocrx_word' id='word_1_268' title='bbox 3186 1928 3380 1999; x_wconf 87' lang='grc' dir='ltr'>ἀρχῆς,</span> <span class='ocrx_word' id='word_1_269' title='bbox 3409 1928 3556 1981; x_wconf 76' lang='grc' dir='ltr'>δόσει</span> <span class='ocrx_word' id='word_1_270' title='bbox 3591 1928 3698 1998; x_wconf 80' lang='grc' dir='ltr'>τὴν</span> 
     </span>
    </p>
   </div>
   <div class='ocr_carea' id='block_1_40' title="bbox 452 2015 2024 2100">
    <p class='ocr_par' dir='ltr' id='par_1_40' title="bbox 452 2015 2017 2100">
     <span class='ocr_line' id='line_1_40' title="bbox 452 2015 2017 2100; baseline -0.015 -9"><span class='ocrx_word' id='word_1_271' title='bbox 452 2043 626 2091; x_wconf 78' lang='lat' dir='ltr'><strong>strain</strong></span> <span class='ocrx_word' id='word_1_272' title='bbox 654 2026 875 2100; x_wconf 78' lang='lat' dir='ltr'><strong>captat;</strong></span> <span class='ocrx_word' id='word_1_273' title='bbox 912 2028 1001 2079; x_wconf 89' lang='lat' dir='ltr'><strong>dat</strong></span> <span class='ocrx_word' id='word_1_274' title='bbox 1027 2026 1170 2080; x_wconf 79' lang='lat' dir='ltr'><strong>enim</strong></span> <span class='ocrx_word' id='word_1_275' title='bbox 1205 2033 1261 2076; x_wconf 90' lang='lat' dir='ltr'><strong>ut</strong></span> <span class='ocrx_word' id='word_1_276' title='bbox 1288 2023 1379 2091; x_wconf 89' lang='lat' dir='ltr'><strong>jus</strong></span> <span class='ocrx_word' id='word_1_277' title='bbox 1404 2019 1651 2089; x_wconf 83' lang='lat' dir='ltr'><strong>capiendi</strong></span> <span class='ocrx_word' id='word_1_278' title='bbox 1712 2015 1931 2074; x_wconf 87' lang='lat' dir='ltr'><strong>habeat,</strong></span> <span class='ocrx_word' id='word_1_279' title='bbox 1962 2022 2017 2068; x_wconf 91' lang='lat' dir='ltr'><strong>et</strong></span> 
     </span>
    </p>
   </div>
   <div class='ocr_carea' id='block_1_41' title="bbox 2130 2015 3700 2100">
    <p class='ocr_par' dir='ltr' id='par_1_41' title="bbox 2130 2019 3700 2099">
     <span class='ocr_line' id='line_1_41' title="bbox 2130 2019 3700 2099; baseline -0.006 -18"><span class='ocrx_word' id='word_1_280' title='bbox 2130 2029 2277 2099; x_wconf 73' lang='grc' dir='ltr'>ιῆψιν</span> <span class='ocrx_word' id='word_1_281' title='bbox 2317 2026 2646 2095; x_wconf 82' lang='grc' dir='ltr'>ὠνούμενος,</span> <span class='ocrx_word' id='word_1_282' title='bbox 2683 2023 2777 2078; x_wconf 80' lang='grc' dir='ltr'><strong>καὶ</strong></span> <span class='ocrx_word' id='word_1_283' title='bbox 2820 2021 3137 2093; x_wconf 71' lang='grc' dir='ltr'>παρανομία</span> <span class='ocrx_word' id='word_1_284' title='bbox 3194 2019 3295 2091; x_wconf 79' lang='grc' dir='ltr'>τὴν</span> <span class='ocrx_word' id='word_1_285' title='bbox 3343 2019 3700 2090; x_wconf 80' lang='grc' dir='ltr'>παρανομίαν</span> 
     </span>
    </p>
   </div>
   <div class='ocr_carea' id='block_1_42' title="bbox 451 2107 2016 2189">
    <p class='ocr_par' dir='ltr' id='par_1_42' title="bbox 451 2107 2016 2189">
     <span class='ocr_line' id='line_1_42' title="bbox 451 2107 2016 2189; baseline -0.014 -11"><span class='ocrx_word' id='word_1_286' title='bbox 451 2126 747 2178; x_wconf 70' lang='lat' dir='ltr'><strong>violatione</strong></span> <span class='ocrx_word' id='word_1_287' title='bbox 797 2120 1002 2189; x_wconf 87' lang='lat' dir='ltr'><strong>jurium</strong></span> <span class='ocrx_word' id='word_1_288' title='bbox 1045 2115 1249 2184; x_wconf 88' lang='lat' dir='ltr'><strong>jurium</strong></span> <span class='ocrx_word' id='word_1_289' title='bbox 1283 2112 1629 2165; x_wconf 86' lang='lat' dir='ltr'><strong>violationem</strong></span> <span class='ocrx_word' id='word_1_290' title='bbox 1684 2107 2016 2177; x_wconf 82' lang='lat' dir='ltr'><strong>negotietur.</strong></span> 
     </span>
    </p>
   </div>
   <div class='ocr_carea' id='block_1_43' title="bbox 2118 2109 3698 2189">
    <p class='ocr_par' dir='ltr' id='par_1_43' title="bbox 2118 2109 3698 2189">
     <span class='ocr_line' id='line_1_43' title="bbox 2118 2109 3698 2189; baseline -0.005 -18"><span class='ocrx_word' id='word_1_291' title='bbox 2118 2116 2768 2189; x_wconf 80' lang='grc' dir='ltr'>πραγματευόμενος.⁶ος</span> <span class='ocrx_word' id='word_1_292' title='bbox 2794 2114 2903 2183; x_wconf 78' lang='grc' dir='ltr'><strong>γὰρ</strong></span> <span class='ocrx_word' id='word_1_293' title='bbox 2928 2110 2993 2165; x_wconf 80' lang='grc' dir='ltr'><strong>ἂν</strong></span> <span class='ocrx_word' id='word_1_294' title='bbox 3018 2110 3246 2181; x_wconf 81' lang='grc' dir='ltr'>ἄμισθον</span> <span class='ocrx_word' id='word_1_295' title='bbox 3273 2110 3372 2180; x_wconf 82' lang='grc' dir='ltr'>τὴν</span> <span class='ocrx_word' id='word_1_296' title='bbox 3397 2110 3571 2179; x_wconf 77' lang='grc' dir='ltr'>ἀρχὴν</span> <span class='ocrx_word' id='word_1_297' title='bbox 3598 2109 3698 2163; x_wconf 82' lang='grc' dir='ltr'><strong>λά-</strong></span> 
     </span>
    </p>
   </div>
   <div class='ocr_carea' id='block_1_44' title="bbox 447 2195 2024 2281">
    <p class='ocr_par' dir='ltr' id='par_1_44' title="bbox 447 2195 2019 2281">
     <span class='ocr_line' id='line_1_44' title="bbox 447 2195 2019 2281; baseline -0.012 -13"><span class='ocrx_word' id='word_1_298' title='bbox 447 2215 551 2281; x_wconf 87' lang='lat' dir='ltr'><strong>Qui</strong></span> <span class='ocrx_word' id='word_1_299' title='bbox 593 2214 736 2267; x_wconf 90' lang='lat' dir='ltr'><strong>enim</strong></span> <span class='ocrx_word' id='word_1_300' title='bbox 798 2212 917 2264; x_wconf 88' lang='lat' dir='ltr'><strong>sine</strong></span> <span class='ocrx_word' id='word_1_301' title='bbox 968 2207 1141 2277; x_wconf 82' lang='lat' dir='ltr'><strong>pretio</strong></span> <span class='ocrx_word' id='word_1_302' title='bbox 1178 2203 1553 2274; x_wconf 73' lang='lat' dir='ltr'><strong>magistratum</strong></span> <span class='ocrx_word' id='word_1_303' title='bbox 1609 2197 1929 2260; x_wconf 83' lang='lat' dir='ltr'><strong>obtinuerit,</strong></span> <span class='ocrx_word' id='word_1_304' title='bbox 1972 2195 2019 2249; x_wconf 87' lang='lat' dir='ltr'><strong>is</strong></span> 
     </span>
    </p>
   </div>
   <div class='ocr_carea' id='block_1_45' title="bbox 2130 2195 3699 2281">
    <p class='ocr_par' dir='ltr' id='par_1_45' title="bbox 2130 2201 3699 2278">
     <span class='ocr_line' id='line_1_45' title="bbox 2130 2201 3699 2278; baseline -0.005 -15"><span class='ocrx_word' id='word_1_305' title='bbox 2130 2210 2225 2273; x_wconf 80' lang='grc' dir='ltr'>Εοι,</span> <span class='ocrx_word' id='word_1_306' title='bbox 2252 2206 2589 2278; x_wconf 74' lang='grc' dir='ltr'>δωροληψίας</span> <span class='ocrx_word' id='word_1_307' title='bbox 2638 2206 2698 2257; x_wconf 78' lang='grc' dir='ltr'><strong>οὐ</strong></span> <span class='ocrx_word' id='word_1_308' title='bbox 2747 2204 3127 2272; x_wconf 81' lang='grc' dir='ltr'>περιπεσεῖται</span> <span class='ocrx_word' id='word_1_309' title='bbox 3175 2201 3497 2271; x_wconf 78' lang='grc' dir='ltr'>ἐγκλήματι.</span> <span class='ocrx_word' id='word_1_310' title='bbox 3534 2201 3594 2254; x_wconf 83' lang='grc' dir='ltr'>Ὀ</span> <span class='ocrx_word' id='word_1_311' title='bbox 3637 2201 3699 2255; x_wconf 79' lang='grc' dir='ltr'>δὲ</span> 
     </span>
    </p>
   </div>
   <div class='ocr_carea' id='block_1_46' title="bbox 457 2287 2024 2373">
    <p class='ocr_par' dir='ltr' id='par_1_46' title="bbox 457 2287 2024 2373">
     <span class='ocr_line' id='line_1_46' title="bbox 457 2287 2024 2373; baseline -0.013 -14"><span class='ocrx_word' id='word_1_312' title='bbox 457 2318 734 2373; x_wconf 87' lang='lat' dir='ltr'><strong>nunquam</strong></span> <span class='ocrx_word' id='word_1_313' title='bbox 759 2297 1145 2353; x_wconf 79' lang='lat' dir='ltr'><strong>coneussionis</strong></span> <span class='ocrx_word' id='word_1_314' title='bbox 1176 2296 1308 2348; x_wconf 80' lang='lat' dir='ltr'><strong>vitio</strong></span> <span class='ocrx_word' id='word_1_315' title='bbox 1356 2292 1657 2347; x_wconf 85' lang='lat' dir='ltr'><strong>laborabit:</strong></span> <span class='ocrx_word' id='word_1_316' title='bbox 1693 2299 1749 2343; x_wconf 90' lang='lat' dir='ltr'><strong>at</strong></span> <span class='ocrx_word' id='word_1_317' title='bbox 1783 2287 2024 2356; x_wconf 83' lang='lat' dir='ltr'><strong>quipre-</strong></span> 
     </span>
    </p>
   </div>
   <div class='ocr_carea' id='block_1_47' title="bbox 459 2372 2022 2462">
    <p class='ocr_par' dir='ltr' id='par_1_47' title="bbox 459 2372 2022 2462">
     <span class='ocr_line' id='line_1_47' title="bbox 459 2372 2022 2462; baseline -0.016 -12"><span class='ocrx_word' id='word_1_318' title='bbox 459 2398 535 2450; x_wconf 89' lang='lat' dir='ltr'><strong>tio</strong></span> <span class='ocrx_word' id='word_1_319' title='bbox 566 2372 940 2462; x_wconf 81' lang='lat' dir='ltr'><strong>magistratum</strong></span> <span class='ocrx_word' id='word_1_320' title='bbox 974 2394 1245 2439; x_wconf 67' lang='lat' dir='ltr'><strong>mercatus</strong></span> <span class='ocrx_word' id='word_1_321' title='bbox 1272 2381 1454 2444; x_wconf 90' lang='lat' dir='ltr'><strong>fuerit,</strong></span> <span class='ocrx_word' id='word_1_322' title='bbox 1487 2381 1532 2433; x_wconf 92' lang='lat' dir='ltr'><strong>is</strong></span> <span class='ocrx_word' id='word_1_323' title='bbox 1558 2392 1831 2447; x_wconf 81' lang='lat' dir='ltr'><strong>nunquam</strong></span> <span class='ocrx_word' id='word_1_324' title='bbox 1856 2374 1921 2427; x_wconf 91' lang='lat' dir='ltr'><strong>ad</strong></span> <span class='ocrx_word' id='word_1_325' title='bbox 1942 2372 2022 2426; x_wconf 84' lang='lat' dir='ltr'><strong>fa-</strong></span> 
     </span>
    </p>
   </div>
   <div class='ocr_carea' id='block_1_48' title="bbox 451 2463 2021 2549">
    <p class='ocr_par' dir='ltr' id='par_1_48' title="bbox 451 2463 2021 2549">
     <span class='ocr_line' id='line_1_48' title="bbox 451 2463 2021 2549; baseline -0.017 -9"><span class='ocrx_word' id='word_1_326' title='bbox 451 2484 704 2540; x_wconf 90' lang='lat' dir='ltr'><strong>ciendum</strong></span> <span class='ocrx_word' id='word_1_327' title='bbox 756 2477 962 2549; x_wconf 88' lang='lat' dir='ltr'><strong>aliquid</strong></span> <span class='ocrx_word' id='word_1_328' title='bbox 990 2476 1109 2530; x_wconf 85' lang='lat' dir='ltr'><strong>sine</strong></span> <span class='ocrx_word' id='word_1_329' title='bbox 1139 2473 1385 2527; x_wconf 84' lang='lat' dir='ltr'><strong>mercede</strong></span> <span class='ocrx_word' id='word_1_330' title='bbox 1425 2482 1744 2525; x_wconf 88' lang='lat' dir='ltr'><strong>assuescere</strong></span> <span class='ocrx_word' id='word_1_331' title='bbox 1800 2463 2021 2535; x_wconf 88' lang='lat' dir='ltr'><strong>poterit:</strong></span> 
     </span>
    </p>
   </div>
   <div class='ocr_carea' id='block_1_49' title="bbox 454 2555 2024 2630">
    <p class='ocr_par' dir='ltr' id='par_1_49' title="bbox 454 2555 2024 2630">
     <span class='ocr_line' id='line_1_49' title="bbox 454 2555 2024 2630; baseline -0.015 0"><span class='ocrx_word' id='word_1_332' title='bbox 454 2588 508 2630; x_wconf 90' lang='lat' dir='ltr'><strong>te</strong></span> <span class='ocrx_word' id='word_1_333' title='bbox 551 2585 730 2629; x_wconf 89' lang='lat' dir='ltr'><strong>autem</strong></span> <span class='ocrx_word' id='word_1_334' title='bbox 759 2566 1144 2626; x_wconf 89' lang='lat' dir='ltr'><strong>coneussionis</strong></span> <span class='ocrx_word' id='word_1_335' title='bbox 1173 2572 1227 2620; x_wconf 85' lang='lat' dir='ltr'><strong>et</strong></span> <span class='ocrx_word' id='word_1_336' title='bbox 1276 2563 1522 2618; x_wconf 89' lang='lat' dir='ltr'><strong>sordium</strong></span> <span class='ocrx_word' id='word_1_337' title='bbox 1558 2560 1780 2615; x_wconf 83' lang='lat' dir='ltr'><strong>habebit</strong></span> <span class='ocrx_word' id='word_1_338' title='bbox 1826 2555 2024 2625; x_wconf 81' lang='lat' dir='ltr'><strong>magis-</strong></span> 
     </span>
    </p>
   </div>
   <div class='ocr_carea' id='block_1_50' title="bbox 455 2653 2029 2734">
    <p class='ocr_par' dir='ltr' id='par_1_50' title="bbox 455 2653 2029 2734">
     <span class='ocr_line' id='line_1_50' title="bbox 455 2653 2029 2734; baseline -0.016 -13"><span class='ocrx_word' id='word_1_339' title='bbox 455 2678 625 2731; x_wconf 86' lang='lat' dir='ltr'><strong>trum,</strong></span> <span class='ocrx_word' id='word_1_340' title='bbox 686 2677 849 2734; x_wconf 88' lang='lat' dir='ltr'><strong>quem</strong></span> <span class='ocrx_word' id='word_1_341' title='bbox 910 2660 1185 2713; x_wconf 78' lang='lat' dir='ltr'><strong>vindicem</strong></span> <span class='ocrx_word' id='word_1_342' title='bbox 1232 2656 1433 2709; x_wconf 87' lang='lat' dir='ltr'><strong>habere</strong></span> <span class='ocrx_word' id='word_1_343' title='bbox 1478 2653 1779 2706; x_wconf 83' lang='lat' dir='ltr'><strong>debuerat:</strong></span> <span class='ocrx_word' id='word_1_344' title='bbox 1852 2660 2029 2713; x_wconf 68' lang='lat' dir='ltr'><strong>neque</strong></span> 
     </span>
    </p>
   </div>
   <div class='ocr_carea' id='block_1_51' title="bbox 457 2736 2028 2829">
    <p class='ocr_par' dir='ltr' id='par_1_51' title="bbox 457 2736 2028 2829">
     <span class='ocr_line' id='line_1_51' title="bbox 457 2736 2028 2829; baseline -0.015 -16"><span class='ocrx_word' id='word_1_345' title='bbox 457 2761 576 2829; x_wconf 88' lang='lat' dir='ltr'><strong>ipse</strong></span> <span class='ocrx_word' id='word_1_346' title='bbox 610 2758 785 2812; x_wconf 92' lang='lat' dir='ltr'><strong>solum</strong></span> <span class='ocrx_word' id='word_1_347' title='bbox 827 2751 1067 2821; x_wconf 85' lang='lat' dir='ltr'><strong>captabit</strong></span> <span class='ocrx_word' id='word_1_348' title='bbox 1130 2763 1377 2812; x_wconf 88' lang='lat' dir='ltr'><strong>munera,</strong></span> <span class='ocrx_word' id='word_1_349' title='bbox 1409 2744 1505 2799; x_wconf 85' lang='lat' dir='ltr'><strong>sed</strong></span> <span class='ocrx_word' id='word_1_350' title='bbox 1562 2743 1723 2797; x_wconf 80' lang='lat' dir='ltr'><strong>etiam</strong></span> <span class='ocrx_word' id='word_1_351' title='bbox 1757 2740 1894 2794; x_wconf 88' lang='lat' dir='ltr'><strong>alios</strong></span> <span class='ocrx_word' id='word_1_352' title='bbox 1926 2736 2028 2792; x_wconf 90' lang='lat' dir='ltr'><strong>sibi</strong></span> 
     </span>
    </p>
   </div>
   <div class='ocr_carea' id='block_1_52' title="bbox 459 2835 1716 2919">
    <p class='ocr_par' dir='ltr' id='par_1_52' title="bbox 459 2835 1716 2919">
     <span class='ocr_line' id='line_1_52' title="bbox 459 2835 1716 2919; baseline -0.013 -15"><span class='ocrx_word' id='word_1_353' title='bbox 459 2850 741 2919; x_wconf 83' lang='lat' dir='ltr'><strong>subjectos</strong></span> <span class='ocrx_word' id='word_1_354' title='bbox 770 2844 834 2897; x_wconf 87' lang='lat' dir='ltr'><strong>ad</strong></span> <span class='ocrx_word' id='word_1_355' title='bbox 864 2838 1352 2909; x_wconf 80' lang='lat' dir='ltr'><strong>idem_t‘aciemlum</strong></span> <span class='ocrx_word' id='word_1_356' title='bbox 1404 2835 1716 2905; x_wconf 89' lang='lat' dir='ltr'><strong>compellet.</strong></span> 
     </span>
    </p>
   </div>
   <div class='ocr_carea' id='block_1_53' title="bbox 1054 2930 1470 3002">
    <p class='ocr_par' dir='ltr' id='par_1_53' title="bbox 1054 2930 1470 3002">
     <span class='ocr_line' id='line_1_53' title="bbox 1054 2930 1470 3002; baseline -0.017 -14"><span class='ocrx_word' id='word_1_357' title='bbox 1054 2932 1135 2988; x_wconf 74' lang='lat' dir='ltr'><strong>De</strong></span> <span class='ocrx_word' id='word_1_358' title='bbox 1177 2930 1470 3002; x_wconf 78' lang='lat' dir='ltr'><strong>ittjustitia.</strong></span> 
     </span>
    </p>
   </div>
   <div class='ocr_carea' id='block_1_54' title="bbox 532 3014 2029 3096">
    <p class='ocr_par' dir='ltr' id='par_1_54' title="bbox 532 3014 2029 3096">
     <span class='ocr_line' id='line_1_54' title="bbox 532 3014 2029 3096; baseline -0.012 -13"><span class='ocrx_word' id='word_1_359' title='bbox 532 3027 964 3096; x_wconf 67' lang='lat' dir='ltr'><strong>Haudquaquam</strong></span> <span class='ocrx_word' id='word_1_360' title='bbox 998 3034 1108 3078; x_wconf 88' lang='lat' dir='ltr'><strong>tam</strong></span> <span class='ocrx_word' id='word_1_361' title='bbox 1147 3022 1382 3094; x_wconf 73' lang='lat' dir='ltr'><strong>graviter</strong></span> <span class='ocrx_word' id='word_1_362' title='bbox 1433 3024 1629 3089; x_wconf 86' lang='lat' dir='ltr'><strong>peccat</strong></span> <span class='ocrx_word' id='word_1_363' title='bbox 1655 3016 1746 3085; x_wconf 87' lang='lat' dir='ltr'><strong>qui</strong></span> <span class='ocrx_word' id='word_1_364' title='bbox 1785 3014 1914 3069; x_wconf 88' lang='lat' dir='ltr'><strong>facit</strong></span> <span class='ocrx_word' id='word_1_365' title='bbox 1944 3016 2029 3067; x_wconf 87' lang='lat' dir='ltr'><strong>in-</strong></span> 
     </span>
    </p>
   </div>
   <div class='ocr_carea' id='block_1_55' title="bbox 455 3102 2029 3191">
    <p class='ocr_par' dir='ltr' id='par_1_55' title="bbox 455 3102 2029 3191">
     <span class='ocr_line' id='line_1_55' title="bbox 455 3102 2029 3191; baseline -0.011 -18"><span class='ocrx_word' id='word_1_366' title='bbox 455 3121 682 3191; x_wconf 84' lang='lat' dir='ltr'><strong>juriam,</strong></span> <span class='ocrx_word' id='word_1_367' title='bbox 706 3131 869 3186; x_wconf 88' lang='lat' dir='ltr'><strong>quam</strong></span> <span class='ocrx_word' id='word_1_368' title='bbox 906 3115 998 3183; x_wconf 87' lang='lat' dir='ltr'><strong>qui</strong></span> <span class='ocrx_word' id='word_1_369' title='bbox 1030 3114 1215 3166; x_wconf 84' lang='lat' dir='ltr'><strong>sciens</strong></span> <span class='ocrx_word' id='word_1_370' title='bbox 1246 3110 1360 3164; x_wconf 88' lang='lat' dir='ltr'><strong>lieri</strong></span> <span class='ocrx_word' id='word_1_371' title='bbox 1392 3107 1550 3164; x_wconf 88' lang='lat' dir='ltr'><strong>sinit.</strong></span> <span class='ocrx_word' id='word_1_372' title='bbox 1606 3105 1743 3159; x_wconf 87' lang='lat' dir='ltr'><strong>Cum</strong></span> <span class='ocrx_word' id='word_1_373' title='bbox 1773 3118 1903 3174; x_wconf 74' lang='lat' dir='ltr'><strong>ergo</strong></span> <span class='ocrx_word' id='word_1_374' title='bbox 1931 3102 2029 3156; x_wconf 89' lang='lat' dir='ltr'><strong>ali-</strong></span> 
     </span>
    </p>
   </div>
   <div class='ocr_carea' id='block_1_56' title="bbox 458 3193 2031 3285">
    <p class='ocr_par' dir='ltr' id='par_1_56' title="bbox 458 3193 2031 3285">
     <span class='ocr_line' id='line_1_56' title="bbox 458 3193 2031 3285; baseline -0.013 -20"><span class='ocrx_word' id='word_1_375' title='bbox 458 3215 583 3285; x_wconf 83' lang='lat' dir='ltr'><strong>quis</strong></span> <span class='ocrx_word' id='word_1_376' title='bbox 615 3224 812 3281; x_wconf 88' lang='lat' dir='ltr'><strong>passus</strong></span> <span class='ocrx_word' id='word_1_377' title='bbox 847 3206 1106 3273; x_wconf 88' lang='lat' dir='ltr'><strong>injuriam</strong></span> <span class='ocrx_word' id='word_1_378' title='bbox 1170 3202 1235 3255; x_wconf 89' lang='lat' dir='ltr'><strong>ad</strong></span> <span class='ocrx_word' id='word_1_379' title='bbox 1285 3211 1337 3256; x_wconf 88' lang='lat' dir='ltr'><strong>te</strong></span> <span class='ocrx_word' id='word_1_380' title='bbox 1370 3197 1686 3261; x_wconf 88' lang='lat' dir='ltr'><strong>accesserit,</strong></span> <span class='ocrx_word' id='word_1_381' title='bbox 1720 3211 1789 3251; x_wconf 90' lang='lat' dir='ltr'><strong>ne</strong></span> <span class='ocrx_word' id='word_1_382' title='bbox 1843 3193 2031 3264; x_wconf 88' lang='lat' dir='ltr'><strong>queri-</strong></span> 
     </span>
    </p>
   </div>
   <div class='ocr_carea' id='block_1_57' title="bbox 461 3294 2030 3358">
    <p class='ocr_par' dir='ltr' id='par_1_57' title="bbox 461 3294 2030 3358">
     <span class='ocr_line' id='line_1_57' title="bbox 461 3294 2030 3358; baseline -0.014 0"><span class='ocrx_word' id='word_1_383' title='bbox 461 3303 698 3358; x_wconf 83' lang='lat' dir='ltr'><strong>moniam</strong></span> <span class='ocrx_word' id='word_1_384' title='bbox 723 3308 779 3353; x_wconf 90' lang='lat' dir='ltr'><strong>et</strong></span> <span class='ocrx_word' id='word_1_385' title='bbox 836 3296 1182 3354; x_wconf 76' lang='lat' dir='ltr'><strong>aﬂlictionem</strong></span> <span class='ocrx_word' id='word_1_386' title='bbox 1212 3294 1358 3347; x_wconf 88' lang='lat' dir='ltr'><strong>illius</strong></span> <span class='ocrx_word' id='word_1_387' title='bbox 1385 3301 1728 3353; x_wconf 86' lang='lat' dir='ltr'><strong>contemnas,</strong></span> <span class='ocrx_word' id='word_1_388' title='bbox 1770 3302 1838 3341; x_wconf 87' lang='lat' dir='ltr'><strong>ne</strong></span> <span class='ocrx_word' id='word_1_389' title='bbox 1869 3299 2030 3339; x_wconf 83' lang='lat' dir='ltr'><strong>occa-</strong></span> 
     </span>
    </p>
   </div>
   <div class='ocr_carea' id='block_1_58' title="bbox 461 3378 2027 3460">
    <p class='ocr_par' dir='ltr' id='par_1_58' title="bbox 461 3378 2027 3460">
     <span class='ocr_line' id='line_1_58' title="bbox 461 3378 2027 3460; baseline -0.011 -12"><span class='ocrx_word' id='word_1_390' title='bbox 461 3396 670 3449; x_wconf 89' lang='lat' dir='ltr'><strong>sionem</strong></span> <span class='ocrx_word' id='word_1_391' title='bbox 724 3391 968 3460; x_wconf 73' lang='lat' dir='ltr'><strong>praebeas</strong></span> <span class='ocrx_word' id='word_1_392' title='bbox 1026 3388 1093 3440; x_wconf 92' lang='lat' dir='ltr'><strong>iis</strong></span> <span class='ocrx_word' id='word_1_393' title='bbox 1149 3385 1241 3454; x_wconf 89' lang='lat' dir='ltr'><strong>qui</strong></span> <span class='ocrx_word' id='word_1_394' title='bbox 1303 3384 1485 3437; x_wconf 83' lang='lat' dir='ltr'><strong>facere</strong></span> <span class='ocrx_word' id='word_1_395' title='bbox 1532 3382 1793 3450; x_wconf 87' lang='lat' dir='ltr'><strong>injuriam</strong></span> <span class='ocrx_word' id='word_1_396' title='bbox 1848 3378 2027 3450; x_wconf 87' lang='lat' dir='ltr'><strong>parati</strong></span> 
     </span>
    </p>
   </div>
   <div class='ocr_carea' id='block_1_59' title="bbox 459 3473 2031 3549">
    <p class='ocr_par' dir='ltr' id='par_1_59' title="bbox 459 3473 2031 3549">
     <span class='ocr_line' id='line_1_59' title="bbox 459 3473 2031 3549; baseline -0.013 -10"><span class='ocrx_word' id='word_1_397' title='bbox 459 3491 642 3539; x_wconf 81' lang='lat' dir='ltr'><strong>erunt.</strong></span> <span class='ocrx_word' id='word_1_398' title='bbox 677 3480 780 3549; x_wconf 76' lang='lat' dir='ltr'><strong>Qui</strong></span> <span class='ocrx_word' id='word_1_399' title='bbox 816 3479 959 3532; x_wconf 90' lang='lat' dir='ltr'><strong>enim</strong></span> <span class='ocrx_word' id='word_1_400' title='bbox 990 3477 1151 3529; x_wconf 46' lang='lat' dir='ltr'><strong>Iatsus</strong></span> <span class='ocrx_word' id='word_1_401' title='bbox 1177 3474 1376 3540; x_wconf 82' lang='lat' dir='ltr'><strong>injuria</strong></span> <span class='ocrx_word' id='word_1_402' title='bbox 1412 3480 1517 3537; x_wconf 87' lang='lat' dir='ltr'><strong>est,</strong></span> <span class='ocrx_word' id='word_1_403' title='bbox 1560 3473 1610 3523; x_wconf 90' lang='lat' dir='ltr'><strong>in</strong></span> <span class='ocrx_word' id='word_1_404' title='bbox 1650 3481 1700 3523; x_wconf 89' lang='lat' dir='ltr'><strong>te</strong></span> <span class='ocrx_word' id='word_1_405' title='bbox 1742 3484 1850 3521; x_wconf 92' lang='lat' dir='ltr'><strong>uno</strong></span> <span class='ocrx_word' id='word_1_406' title='bbox 1880 3482 2031 3538; x_wconf 89' lang='lat' dir='ltr'><strong>spem</strong></span> 
     </span>
    </p>
   </div>
   <div class='ocr_carea' id='block_1_60' title="bbox 462 3558 2035 3641">
    <p class='ocr_par' dir='ltr' id='par_1_60' title="bbox 462 3558 2035 3641">
     <span class='ocr_line' id='line_1_60' title="bbox 462 3558 2035 3641; baseline -0.011 -13"><span class='ocrx_word' id='word_1_407' title='bbox 462 3588 614 3629; x_wconf 85' lang='lat' dir='ltr'><strong>suam</strong></span> <span class='ocrx_word' id='word_1_408' title='bbox 653 3572 824 3641; x_wconf 91' lang='lat' dir='ltr'><strong>ponit,</strong></span> <span class='ocrx_word' id='word_1_409' title='bbox 859 3576 1018 3636; x_wconf 85' lang='lat' dir='ltr'><strong>teque</strong></span> <span class='ocrx_word' id='word_1_410' title='bbox 1059 3568 1237 3634; x_wconf 87' lang='lat' dir='ltr'><strong>ipsum</strong></span> <span class='ocrx_word' id='word_1_411' title='bbox 1270 3561 1481 3633; x_wconf 66' lang='lat' dir='ltr'><strong>injuriae</strong></span> <span class='ocrx_word' id='word_1_412' title='bbox 1506 3578 1617 3616; x_wconf 71' lang='lat' dir='ltr'><strong>suae</strong></span> <span class='ocrx_word' id='word_1_413' title='bbox 1651 3559 1918 3613; x_wconf 75' lang='lat' dir='ltr'><strong>vindicem</strong></span> <span class='ocrx_word' id='word_1_414' title='bbox 1951 3558 2035 3611; x_wconf 87' lang='lat' dir='ltr'><strong>fn-</strong></span> 
     </span>
    </p>
   </div>
   <div class='ocr_carea' id='block_1_61' title="bbox 464 3651 2032 3732">
    <p class='ocr_par' dir='ltr' id='par_1_61' title="bbox 464 3651 2032 3732">
     <span class='ocr_line' id='line_1_61' title="bbox 464 3651 2032 3732; baseline -0.01 -14"><span class='ocrx_word' id='word_1_415' title='bbox 464 3675 650 3719; x_wconf 88' lang='lat' dir='ltr'><strong>turum</strong></span> <span class='ocrx_word' id='word_1_416' title='bbox 678 3676 984 3732; x_wconf 81' lang='lat' dir='ltr'><strong>opponens,</strong></span> <span class='ocrx_word' id='word_1_417' title='bbox 1013 3658 1358 3727; x_wconf 85' lang='lat' dir='ltr'><strong>persequitur</strong></span> <span class='ocrx_word' id='word_1_418' title='bbox 1389 3670 1512 3707; x_wconf 90' lang='lat' dir='ltr'><strong>eum</strong></span> <span class='ocrx_word' id='word_1_419' title='bbox 1545 3670 1572 3706; x_wconf 88' lang='lat' dir='ltr'><strong>a</strong></span> <span class='ocrx_word' id='word_1_420' title='bbox 1598 3668 1709 3722; x_wconf 87' lang='lat' dir='ltr'><strong>quo</strong></span> <span class='ocrx_word' id='word_1_421' title='bbox 1727 3663 1809 3706; x_wconf 90' lang='lat' dir='ltr'><strong>est</strong></span> <span class='ocrx_word' id='word_1_422' title='bbox 1834 3651 2032 3718; x_wconf 90' lang='lat' dir='ltr'><strong>injuria</strong></span> 
     </span>
    </p>
   </div>
   <div class='ocr_carea' id='block_1_62' title="bbox 461 3738 2031 3818">
    <p class='ocr_par' dir='ltr' id='par_1_62' title="bbox 461 3738 2031 3818">
     <span class='ocr_line' id='line_1_62' title="bbox 461 3738 2031 3818; baseline -0.008 -15"><span class='ocrx_word' id='word_1_423' title='bbox 461 3754 715 3807; x_wconf 84' lang='lat' dir='ltr'><strong>violatus.</strong></span> <span class='ocrx_word' id='word_1_424' title='bbox 734 3750 966 3804; x_wconf 85' lang='lat' dir='ltr'><strong>Omnino</strong></span> <span class='ocrx_word' id='word_1_425' title='bbox 1003 3762 1133 3817; x_wconf 82' lang='lat' dir='ltr'><strong>ergo</strong></span> <span class='ocrx_word' id='word_1_426' title='bbox 1160 3751 1377 3818; x_wconf 84' lang='lat' dir='ltr'><strong>oportet</strong></span> <span class='ocrx_word' id='word_1_427' title='bbox 1412 3743 1743 3813; x_wconf 86' lang='lat' dir='ltr'><strong>supplicem,</strong></span> <span class='ocrx_word' id='word_1_428' title='bbox 1766 3740 1857 3810; x_wconf 87' lang='lat' dir='ltr'><strong>qui</strong></span> <span class='ocrx_word' id='word_1_429' title='bbox 1888 3738 2031 3809; x_wconf 86' lang='lat' dir='ltr'><strong>apud</strong></span> 
     </span>
    </p>
   </div>
   <div class='ocr_carea' id='block_1_63' title="bbox 464 3836 2031 3911">
    <p class='ocr_par' dir='ltr' id='par_1_63' title="bbox 464 3836 2031 3911">
     <span class='ocr_line' id='line_1_63' title="bbox 464 3836 2031 3911; baseline -0.01 -12"><span class='ocrx_word' id='word_1_430' title='bbox 464 3854 515 3899; x_wconf 86' lang='lat' dir='ltr'><strong>te</strong></span> <span class='ocrx_word' id='word_1_431' title='bbox 540 3841 920 3911; x_wconf 88' lang='lat' dir='ltr'><strong>conqueritur;</strong></span> <span class='ocrx_word' id='word_1_432' title='bbox 976 3840 1068 3906; x_wconf 87' lang='lat' dir='ltr'><strong>jus</strong></span> <span class='ocrx_word' id='word_1_433' title='bbox 1129 3852 1289 3890; x_wconf 88' lang='lat' dir='ltr'><strong>suum</strong></span> <span class='ocrx_word' id='word_1_434' title='bbox 1347 3836 1617 3897; x_wconf 82' lang='lat' dir='ltr'><strong>obtinere,</strong></span> <span class='ocrx_word' id='word_1_435' title='bbox 1657 3849 1779 3887; x_wconf 89' lang='lat' dir='ltr'><strong>cum</strong></span> <span class='ocrx_word' id='word_1_436' title='bbox 1812 3848 2031 3897; x_wconf 62' lang='lat' dir='ltr'><strong>aequum</strong></span> 
     </span>
    </p>
   </div>
   <div class='ocr_carea' id='block_1_64' title="bbox 463 3921 2033 4003">
    <p class='ocr_par' dir='ltr' id='par_1_64' title="bbox 463 3921 2033 4003">
     <span class='ocr_line' id='line_1_64' title="bbox 463 3921 2033 4003; baseline -0.013 -11"><span class='ocrx_word' id='word_1_437' title='bbox 463 3929 823 4003; x_wconf 75' lang='lat' dir='ltr'><strong>sitinjuriam</strong></span> <span class='ocrx_word' id='word_1_438' title='bbox 880 3929 1215 3999; x_wconf 87' lang='lat' dir='ltr'><strong>propulsari.</strong></span> <span class='ocrx_word' id='word_1_439' title='bbox 1276 3926 1333 3977; x_wconf 78' lang='lat' dir='ltr'><strong>Si</strong></span> <span class='ocrx_word' id='word_1_440' title='bbox 1384 3939 1512 3977; x_wconf 80' lang='lat' dir='ltr'><strong>vero</strong></span> <span class='ocrx_word' id='word_1_441' title='bbox 1580 3923 1781 3992; x_wconf 85' lang='lat' dir='ltr'><strong>ipsein</strong></span> <span class='ocrx_word' id='word_1_442' title='bbox 1831 3921 2033 3990; x_wconf 90' lang='lat' dir='ltr'><strong>injuria</strong></span> 
     </span>
    </p>
   </div>
   <div class='ocr_carea' id='block_1_65' title="bbox 462 4011 2031 4089">
    <p class='ocr_par' dir='ltr' id='par_1_65' title="bbox 462 4011 2031 4089">
     <span class='ocr_line' id='line_1_65' title="bbox 462 4011 2031 4089; baseline -0.011 -6"><span class='ocrx_word' id='word_1_443' title='bbox 462 4024 998 4089; x_wconf 84' lang='lat' dir='ltr'><strong>connivehis.atque</strong></span> <span class='ocrx_word' id='word_1_444' title='bbox 1031 4033 1156 4072; x_wconf 87' lang='lat' dir='ltr'><strong>eum</strong></span> <span class='ocrx_word' id='word_1_445' title='bbox 1202 4016 1295 4083; x_wconf 90' lang='lat' dir='ltr'><strong>qui</strong></span> <span class='ocrx_word' id='word_1_446' title='bbox 1339 4013 1503 4068; x_wconf 71' lang='lat' dir='ltr'><strong>laesus</strong></span> <span class='ocrx_word' id='word_1_447' title='bbox 1553 4013 1680 4075; x_wconf 88' lang='lat' dir='ltr'><strong>erit,</strong></span> <span class='ocrx_word' id='word_1_448' title='bbox 1732 4011 2031 4082; x_wconf 86' lang='lat' dir='ltr'><strong>despicies,</strong></span> 
     </span>
    </p>
   </div>
   <div class='ocr_carea' id='block_1_66' title="bbox 462 4103 2033 4181">
    <p class='ocr_par' dir='ltr' id='par_1_66' title="bbox 462 4103 2033 4181">
     <span class='ocr_line' id='line_1_66' title="bbox 462 4103 2033 4181; baseline -0.011 -7"><span class='ocrx_word' id='word_1_449' title='bbox 462 4134 585 4174; x_wconf 91' lang='lat' dir='ltr'><strong>eum</strong></span> <span class='ocrx_word' id='word_1_450' title='bbox 619 4123 797 4169; x_wconf 88' lang='lat' dir='ltr'><strong>autem</strong></span> <span class='ocrx_word' id='word_1_451' title='bbox 831 4111 922 4181; x_wconf 88' lang='lat' dir='ltr'><strong>qui</strong></span> <span class='ocrx_word' id='word_1_452' title='bbox 972 4109 1194 4169; x_wconf 76' lang='lat' dir='ltr'><strong>laeserit,</strong></span> <span class='ocrx_word' id='word_1_453' title='bbox 1227 4121 1350 4161; x_wconf 86' lang='lat' dir='ltr'><strong>cum</strong></span> <span class='ocrx_word' id='word_1_454' title='bbox 1408 4106 1562 4160; x_wconf 91' lang='lat' dir='ltr'><strong>solus</strong></span> <span class='ocrx_word' id='word_1_455' title='bbox 1594 4103 1781 4157; x_wconf 88' lang='lat' dir='ltr'><strong>ulcisci</strong></span> <span class='ocrx_word' id='word_1_456' title='bbox 1825 4104 2033 4166; x_wconf 84' lang='lat' dir='ltr'><strong>valeas,</strong></span> 
     </span>
    </p>
   </div>
   <div class='ocr_carea' id='block_1_67' title="bbox 465 4196 2029 4275">
    <p class='ocr_par' dir='ltr' id='par_1_67' title="bbox 465 4196 2029 4275">
     <span class='ocr_line' id='line_1_67' title="bbox 465 4196 2029 4275; baseline -0.009 -11"><span class='ocrx_word' id='word_1_457' title='bbox 465 4209 671 4265; x_wconf 87' lang='lat' dir='ltr'><strong>nullam</strong></span> <span class='ocrx_word' id='word_1_458' title='bbox 720 4205 948 4275; x_wconf 71' lang='lat' dir='ltr'><strong>justitize</strong></span> <span class='ocrx_word' id='word_1_459' title='bbox 990 4200 1259 4255; x_wconf 87' lang='lat' dir='ltr'><strong>rationem</strong></span> <span class='ocrx_word' id='word_1_460' title='bbox 1314 4197 1538 4259; x_wconf 81' lang='lat' dir='ltr'><strong>habeas,</strong></span> <span class='ocrx_word' id='word_1_461' title='bbox 1582 4196 1713 4262; x_wconf 90' lang='lat' dir='ltr'><strong>quid</strong></span> <span class='ocrx_word' id='word_1_462' title='bbox 1762 4197 2029 4265; x_wconf 88' lang='lat' dir='ltr'><strong>reliquum</strong></span> 
     </span>
    </p>
   </div>
   <div class='ocr_carea' id='block_1_68' title="bbox 465 4287 2035 4369">
    <p class='ocr_par' dir='ltr' id='par_1_68' title="bbox 465 4287 2035 4369">
     <span class='ocr_line' id='line_1_68' title="bbox 465 4287 2035 4369; baseline -0.017 -15"><span class='ocrx_word' id='word_1_463' title='bbox 465 4300 580 4369; x_wconf 82' lang='lat' dir='ltr'><strong>spei</strong></span> <span class='ocrx_word' id='word_1_464' title='bbox 609 4297 715 4352; x_wconf 87' lang='lat' dir='ltr'><strong>erit</strong></span> <span class='ocrx_word' id='word_1_465' title='bbox 750 4295 951 4350; x_wconf 90' lang='lat' dir='ltr'><strong>misero</strong></span> <span class='ocrx_word' id='word_1_466' title='bbox 973 4291 1049 4344; x_wconf 90' lang='lat' dir='ltr'><strong>illi</strong></span> <span class='ocrx_word' id='word_1_467' title='bbox 1084 4304 1193 4359; x_wconf 90' lang='lat' dir='ltr'><strong>quo</strong></span> <span class='ocrx_word' id='word_1_468' title='bbox 1221 4287 1425 4359; x_wconf 77' lang='lat' dir='ltr'><strong>fugiat?</strong></span> <span class='ocrx_word' id='word_1_469' title='bbox 1460 4304 1487 4339; x_wconf 93' lang='lat' dir='ltr'><strong>a</strong></span> <span class='ocrx_word' id='word_1_470' title='bbox 1514 4304 1623 4359; x_wconf 91' lang='lat' dir='ltr'><strong>quo</strong></span> <span class='ocrx_word' id='word_1_471' title='bbox 1653 4287 1889 4356; x_wconf 85' lang='lat' dir='ltr'><strong>amplius</strong></span> <span class='ocrx_word' id='word_1_472' title='bbox 1915 4289 2035 4341; x_wconf 75' lang='lat' dir='ltr'><strong>vin-</strong></span> 
     </span>
    </p>
   </div>
   <div class='ocr_carea' id='block_1_69' title="bbox 2126 2286 3701 2370">
    <p class='ocr_par' dir='ltr' id='par_1_69' title="bbox 2126 2286 3701 2370">
     <span class='ocr_line' id='line_1_69' title="bbox 2126 2286 3701 2370; baseline -0.006 -17"><span class='ocrx_word' id='word_1_473' title='bbox 2126 2300 2263 2370; x_wconf 82' lang='grc' dir='ltr'><strong>μετά</strong></span> <span class='ocrx_word' id='word_1_474' title='bbox 2298 2296 2491 2369; x_wconf 82' lang='grc' dir='ltr'>μισθοῦ</span> <span class='ocrx_word' id='word_1_475' title='bbox 2538 2295 2718 2349; x_wconf 86' lang='grc' dir='ltr'>λαϐὼν</span> <span class='ocrx_word' id='word_1_476' title='bbox 2766 2295 2866 2366; x_wconf 79' lang='grc' dir='ltr'><strong>τὴν</strong></span> <span class='ocrx_word' id='word_1_477' title='bbox 2914 2294 3107 2364; x_wconf 77' lang='grc' dir='ltr'>ἀρχὴν,</span> <span class='ocrx_word' id='word_1_478' title='bbox 3131 2286 3284 2356; x_wconf 69' lang='grc' dir='ltr'>οὗτος</span> <span class='ocrx_word' id='word_1_479' title='bbox 3327 2292 3477 2345; x_wconf 73' lang='grc' dir='ltr'>οὐδὲν</span> <span class='ocrx_word' id='word_1_480' title='bbox 3525 2295 3701 2363; x_wconf 72' lang='grc' dir='ltr'>χωρὶς</span> 
     </span>
    </p>
   </div>
   <div class='ocr_carea' id='block_1_70' title="bbox 2123 2382 3699 2460">
    <p class='ocr_par' dir='ltr' id='par_1_70' title="bbox 2123 2382 3699 2460">
     <span class='ocr_line' id='line_1_70' title="bbox 2123 2382 3699 2460; baseline -0.008 -15"><span class='ocrx_word' id='word_1_481' title='bbox 2123 2390 2309 2460; x_wconf 80' lang='grc' dir='ltr'>δώρων</span> <span class='ocrx_word' id='word_1_482' title='bbox 2344 2389 2548 2458; x_wconf 79' lang='grc' dir='ltr'>πρᾶξαί</span> <span class='ocrx_word' id='word_1_483' title='bbox 2576 2404 2704 2440; x_wconf 87' lang='grc' dir='ltr'>ποτε</span> <span class='ocrx_word' id='word_1_484' title='bbox 2738 2385 3040 2457; x_wconf 81' lang='grc' dir='ltr'>μεταμάθοι</span> <span class='ocrx_word' id='word_1_485' title='bbox 3059 2400 3073 2413; x_wconf 87' lang='grc'><strong>·</strong></span> <span class='ocrx_word' id='word_1_486' title='bbox 3109 2384 3204 2437; x_wconf 75' lang='grc' dir='ltr'><strong>καὶ</strong></span> <span class='ocrx_word' id='word_1_487' title='bbox 3230 2384 3289 2436; x_wconf 78' lang='grc' dir='ltr'>σὲ</span> <span class='ocrx_word' id='word_1_488' title='bbox 3313 2383 3415 2452; x_wconf 80' lang='grc' dir='ltr'>τῆς</span> <span class='ocrx_word' id='word_1_489' title='bbox 3451 2382 3699 2452; x_wconf 84' lang='grc' dir='ltr'>δωρολη-</span> 
     </span>
    </p>
   </div>
   <div class='ocr_carea' id='block_1_71' title="bbox 2123 2470 3701 2549">
    <p class='ocr_par' dir='ltr' id='par_1_71' title="bbox 2123 2470 3701 2549">
     <span class='ocr_line' id='line_1_71' title="bbox 2123 2470 3701 2549; baseline -0.006 -17"><span class='ocrx_word' id='word_1_490' title='bbox 2123 2479 2251 2549; x_wconf 66' lang='grc' dir='ltr'>ψίας</span> <span class='ocrx_word' id='word_1_491' title='bbox 2278 2476 2593 2532; x_wconf 71' lang='grc' dir='ltr'>διδάσκαλον</span> <span class='ocrx_word' id='word_1_492' title='bbox 2622 2475 2782 2544; x_wconf 68' lang='grc' dir='ltr'>ἔχων,</span> <span class='ocrx_word' id='word_1_493' title='bbox 2807 2475 2898 2526; x_wconf 79' lang='grc' dir='ltr'><strong>τὸν</strong></span> <span class='ocrx_word' id='word_1_494' title='bbox 2920 2472 3127 2539; x_wconf 80' lang='grc' dir='ltr'>ταύτην</span> <span class='ocrx_word' id='word_1_495' title='bbox 3154 2471 3363 2542; x_wconf 82' lang='grc' dir='ltr'>κρίνειν</span> <span class='ocrx_word' id='word_1_496' title='bbox 3383 2470 3701 2539; x_wconf 77' lang='grc' dir='ltr'>ὀφείλοντα,</span> 
     </span>
    </p>
   </div>
   <div class='ocr_carea' id='block_1_72' title="bbox 2125 2561 3704 2638">
    <p class='ocr_par' dir='ltr' id='par_1_72' title="bbox 2125 2561 3704 2638">
     <span class='ocr_line' id='line_1_72' title="bbox 2125 2561 3704 2638; baseline -0.007 -15"><span class='ocrx_word' id='word_1_497' title='bbox 2125 2572 2187 2625; x_wconf 85' lang='grc' dir='ltr'><strong>οὐ</strong></span> <span class='ocrx_word' id='word_1_498' title='bbox 2224 2569 2381 2638; x_wconf 90' lang='grc' dir='ltr'>μόνον</span> <span class='ocrx_word' id='word_1_499' title='bbox 2408 2568 2570 2629; x_wconf 82' lang='grc' dir='ltr'>αὐτὸς</span> <span class='ocrx_word' id='word_1_500' title='bbox 2593 2565 3023 2634; x_wconf 78' lang='grc' dir='ltr'>δωροληπτήσει,</span> <span class='ocrx_word' id='word_1_501' title='bbox 3055 2561 3189 2616; x_wconf 85' lang='grc' dir='ltr'><strong>ἀλλά</strong></span> <span class='ocrx_word' id='word_1_502' title='bbox 3215 2562 3308 2615; x_wconf 67' lang='grc' dir='ltr'><strong>καὶ</strong></span> <span class='ocrx_word' id='word_1_503' title='bbox 3330 2561 3551 2630; x_wconf 80' lang='grc' dir='ltr'>ἑτέρως</span> <span class='ocrx_word' id='word_1_504' title='bbox 3571 2562 3704 2625; x_wconf 81' lang='grc' dir='ltr'>τοὺς</span> 
     </span>
    </p>
   </div>
   <div class='ocr_carea' id='block_1_73' title="bbox 2130 2654 3427 2729">
    <p class='ocr_par' dir='ltr' id='par_1_73' title="bbox 2130 2654 3427 2729">
     <span class='ocr_line' id='line_1_73' title="bbox 2130 2654 3427 2729; baseline -0.008 -12"><span class='ocrx_word' id='word_1_505' title='bbox 2130 2661 2221 2717; x_wconf 82' lang='grc' dir='ltr'>ὑπ’</span> <span class='ocrx_word' id='word_1_506' title='bbox 2252 2660 2414 2715; x_wconf 80' lang='grc' dir='ltr'>αὑτὸν</span> <span class='ocrx_word' id='word_1_507' title='bbox 2443 2660 2512 2714; x_wconf 80' lang='grc' dir='ltr'>τὰ</span> <span class='ocrx_word' id='word_1_508' title='bbox 2545 2657 2685 2712; x_wconf 80' lang='grc' dir='ltr'>αὐτὰ</span> <span class='ocrx_word' id='word_1_509' title='bbox 2718 2656 2978 2729; x_wconf 81' lang='grc' dir='ltr'>πράττειν</span> <span class='ocrx_word' id='word_1_510' title='bbox 3008 2654 3427 2722; x_wconf 79' lang='grc' dir='ltr'>συναναγκάσει.</span> 
     </span>
    </p>
   </div>
   <div class='ocr_carea' id='block_1_74' title="bbox 2708 2914 3135 2986">
    <p class='ocr_par' dir='ltr' id='par_1_74' title="bbox 2708 2914 3135 2986">
     <span class='ocr_line' id='line_1_74' title="bbox 2708 2914 3135 2986; baseline -0.012 -16"><span class='ocrx_word' id='word_1_511' title='bbox 2708 2914 2845 2985; x_wconf 74' lang='grc' dir='ltr'>Περὶ</span> <span class='ocrx_word' id='word_1_512' title='bbox 2884 2914 3135 2986; x_wconf 60' lang='grc' dir='ltr'>ἀδικίας.</span> 
     </span>
    </p>
   </div>
   <div class='ocr_carea' id='block_1_75' title="bbox 2203 3000 3708 3085">
    <p class='ocr_par' dir='ltr' id='par_1_75' title="bbox 2203 3000 3708 3085">
     <span class='ocr_line' id='line_1_75' title="bbox 2203 3000 3708 3085; baseline -0.012 -16"><span class='ocrx_word' id='word_1_513' title='bbox 2203 3018 2314 3085; x_wconf 83' lang='grc' dir='ltr'><strong>Οὐχ</strong></span> <span class='ocrx_word' id='word_1_514' title='bbox 2336 3014 2395 3067; x_wconf 74' lang='grc' dir='ltr'><strong>οὗ</strong></span> <span class='ocrx_word' id='word_1_515' title='bbox 2407 3032 2505 3077; x_wconf 78' lang='grc' dir='ltr'><strong>τως</strong></span> <span class='ocrx_word' id='word_1_516' title='bbox 2539 3010 2844 3081; x_wconf 79' lang='grc' dir='ltr'>ἁμαρτάνει</span> <span class='ocrx_word' id='word_1_517' title='bbox 2881 3009 2909 3060; x_wconf 87' lang='grc' dir='ltr'><strong>δ</strong></span> <span class='ocrx_word' id='word_1_518' title='bbox 2939 3006 3140 3059; x_wconf 81' lang='grc' dir='ltr'>ἀδικῶν</span> <span class='ocrx_word' id='word_1_519' title='bbox 3158 3045 3173 3066; x_wconf 90' lang='grc'><strong>,</strong></span> <span class='ocrx_word' id='word_1_520' title='bbox 3199 3003 3274 3066; x_wconf 82' lang='grc' dir='ltr'>ὡς</span> <span class='ocrx_word' id='word_1_521' title='bbox 3302 3004 3329 3055; x_wconf 87' lang='grc' dir='ltr'><strong>ό</strong></span> <span class='ocrx_word' id='word_1_522' title='bbox 3360 3002 3457 3072; x_wconf 80' lang='grc' dir='ltr'><strong>τὴν</strong></span> <span class='ocrx_word' id='word_1_523' title='bbox 3485 3000 3708 3054; x_wconf 80' lang='grc' dir='ltr'>ἀδικίαν</span> 
     </span>
    </p>
   </div>
   <div class='ocr_carea' id='block_1_76' title="bbox 2138 3093 3708 3179">
    <p class='ocr_par' dir='ltr' id='par_1_76' title="bbox 2138 3093 3708 3179">
     <span class='ocr_line' id='line_1_76' title="bbox 2138 3093 3708 3179; baseline -0.013 -16"><span class='ocrx_word' id='word_1_524' title='bbox 2138 3106 2680 3179; x_wconf 77' lang='grc' dir='ltr'>παραχωρῶν.”οταν</span> <span class='ocrx_word' id='word_1_525' title='bbox 2731 3102 2825 3154; x_wconf 80' lang='grc' dir='ltr'><strong>οὖν</strong></span> <span class='ocrx_word' id='word_1_526' title='bbox 2875 3117 2959 3152; x_wconf 90' lang='grc' dir='ltr'><strong>σοι</strong></span> <span class='ocrx_word' id='word_1_527' title='bbox 2985 3096 3264 3167; x_wconf 72' lang='grc' dir='ltr'>προσέλθῃ</span> <span class='ocrx_word' id='word_1_528' title='bbox 3294 3094 3593 3165; x_wconf 76' lang='grc' dir='ltr'>ἀδικηθεὶς,</span> <span class='ocrx_word' id='word_1_529' title='bbox 3627 3093 3708 3162; x_wconf 82' lang='grc' dir='ltr'>μὴ</span> 
     </span>
    </p>
   </div>
   <div class='ocr_carea' id='block_1_77' title="bbox 2137 3183 3709 3270">
    <p class='ocr_par' dir='ltr' id='par_1_77' title="bbox 2137 3183 3709 3270">
     <span class='ocr_line' id='line_1_77' title="bbox 2137 3183 3709 3270; baseline -0.013 -16"><span class='ocrx_word' id='word_1_530' title='bbox 2137 3200 2395 3270; x_wconf 78' lang='grc' dir='ltr'>ὑπερίδῃς</span> <span class='ocrx_word' id='word_1_531' title='bbox 2439 3195 2604 3249; x_wconf 84' lang='grc' dir='ltr'>αὐτοῦ</span> <span class='ocrx_word' id='word_1_532' title='bbox 2632 3193 2729 3264; x_wconf 81' lang='grc' dir='ltr'>τὴν</span> <span class='ocrx_word' id='word_1_533' title='bbox 2757 3189 3069 3260; x_wconf 76' lang='grc' dir='ltr'>συντριϐην,</span> <span class='ocrx_word' id='word_1_534' title='bbox 3111 3187 3200 3240; x_wconf 84' lang='grc' dir='ltr'><strong>ἴνα</strong></span> <span class='ocrx_word' id='word_1_535' title='bbox 3248 3186 3324 3255; x_wconf 82' lang='grc' dir='ltr'>μὴ</span> <span class='ocrx_word' id='word_1_536' title='bbox 3369 3184 3552 3257; x_wconf 86' lang='grc' dir='ltr'>χώραν</span> <span class='ocrx_word' id='word_1_537' title='bbox 3599 3183 3709 3253; x_wconf 84' lang='grc' dir='ltr'>δῷς</span> 
     </span>
    </p>
   </div>
   <div class='ocr_carea' id='block_1_78' title="bbox 2136 3274 3713 3359">
    <p class='ocr_par' dir='ltr' id='par_1_78' title="bbox 2136 3274 3713 3359">
     <span class='ocr_line' id='line_1_78' title="bbox 2136 3274 3713 3359; baseline -0.011 -16"><span class='ocrx_word' id='word_1_538' title='bbox 2136 3292 2248 3352; x_wconf 86' lang='grc' dir='ltr'>τοῖς</span> <span class='ocrx_word' id='word_1_539' title='bbox 2300 3285 2643 3359; x_wconf 79' lang='grc' dir='ltr'>βουλομένοις</span> <span class='ocrx_word' id='word_1_540' title='bbox 2672 3283 2896 3337; x_wconf 86' lang='grc' dir='ltr'>ἀδικεῖν.</span> <span class='ocrx_word' id='word_1_541' title='bbox 2916 3280 2974 3333; x_wconf 84' lang='grc' dir='ltr'><strong>Ὀ</strong></span> <span class='ocrx_word' id='word_1_542' title='bbox 3010 3279 3117 3348; x_wconf 76' lang='grc' dir='ltr'><strong>γὰρ</strong></span> <span class='ocrx_word' id='word_1_543' title='bbox 3145 3275 3468 3345; x_wconf 74' lang='grc' dir='ltr'>ἠδικημένος</span> <span class='ocrx_word' id='word_1_544' title='bbox 3498 3274 3591 3327; x_wconf 68' lang='grc' dir='ltr'>ἐπὶ</span> <span class='ocrx_word' id='word_1_545' title='bbox 3623 3274 3713 3326; x_wconf 74' lang='grc' dir='ltr'>σοὶ</span> 
     </span>
    </p>
   </div>
   <div class='ocr_carea' id='block_1_79' title="bbox 2142 3364 3712 3451">
    <p class='ocr_par' dir='ltr' id='par_1_79' title="bbox 2142 3364 3712 3451">
     <span class='ocr_line' id='line_1_79' title="bbox 2142 3364 3712 3451; baseline -0.011 -18"><span class='ocrx_word' id='word_1_546' title='bbox 2142 3380 2287 3451; x_wconf 82' lang='grc' dir='ltr'>μόνῳ</span> <span class='ocrx_word' id='word_1_547' title='bbox 2312 3377 2412 3440; x_wconf 78' lang='grc' dir='ltr'>τὰς</span> <span class='ocrx_word' id='word_1_548' title='bbox 2445 3374 2666 3436; x_wconf 77' lang='grc' dir='ltr'>ἐλπίδας</span> <span class='ocrx_word' id='word_1_549' title='bbox 2698 3371 2933 3435; x_wconf 81' lang='grc' dir='ltr'>σαλεύει,</span> <span class='ocrx_word' id='word_1_550' title='bbox 2972 3371 3065 3423; x_wconf 75' lang='grc' dir='ltr'><strong>καὶ</strong></span> <span class='ocrx_word' id='word_1_551' title='bbox 3095 3368 3154 3420; x_wconf 83' lang='grc' dir='ltr'>σὲ</span> <span class='ocrx_word' id='word_1_552' title='bbox 3183 3368 3280 3437; x_wconf 85' lang='grc' dir='ltr'>τῆς</span> <span class='ocrx_word' id='word_1_553' title='bbox 3309 3366 3518 3428; x_wconf 85' lang='grc' dir='ltr'>ἀδικίας</span> <span class='ocrx_word' id='word_1_554' title='bbox 3562 3364 3712 3417; x_wconf 76' lang='grc' dir='ltr'>ἐκδι-</span> 
     </span>
    </p>
   </div>
   <div class='ocr_carea' id='block_1_80' title="bbox 2139 3457 3705 3539">
    <p class='ocr_par' dir='ltr' id='par_1_80' title="bbox 2139 3457 3705 3539">
     <span class='ocr_line' id='line_1_80' title="bbox 2139 3457 3705 3539; baseline -0.008 -15"><span class='ocrx_word' id='word_1_555' title='bbox 2139 3470 2309 3539; x_wconf 78' lang='grc' dir='ltr'>κητὴν</span> <span class='ocrx_word' id='word_1_556' title='bbox 2363 3465 2801 3538; x_wconf 86' lang='grc' dir='ltr'>προϐαλλόμενος</span> <span class='ocrx_word' id='word_1_557' title='bbox 2834 3502 2849 3527; x_wconf 94' lang='grc'><strong>,</strong></span> <span class='ocrx_word' id='word_1_558' title='bbox 2904 3462 2995 3514; x_wconf 83' lang='grc' dir='ltr'><strong>τὸν</strong></span> <span class='ocrx_word' id='word_1_559' title='bbox 3062 3460 3360 3530; x_wconf 78' lang='grc' dir='ltr'>ἠδικηκότα</span> <span class='ocrx_word' id='word_1_560' title='bbox 3414 3457 3705 3526; x_wconf 83' lang='grc' dir='ltr'>ἀμύνεται.</span> 
     </span>
    </p>
   </div>
   <div class='ocr_carea' id='block_1_81' title="bbox 2141 3549 3706 3628">
    <p class='ocr_par' dir='ltr' id='par_1_81' title="bbox 2141 3549 3706 3628">
     <span class='ocr_line' id='line_1_81' title="bbox 2141 3549 3706 3628; baseline -0.013 -10"><span class='ocrx_word' id='word_1_561' title='bbox 2141 3567 2362 3622; x_wconf 82' lang='grc' dir='ltr'>Πάντως</span> <span class='ocrx_word' id='word_1_562' title='bbox 2388 3561 2444 3613; x_wconf 75' lang='grc' dir='ltr'>δὲ</span> <span class='ocrx_word' id='word_1_563' title='bbox 2474 3557 2650 3628; x_wconf 86' lang='grc' dir='ltr'>χρεὼν</span> <span class='ocrx_word' id='word_1_564' title='bbox 2674 3555 2823 3627; x_wconf 83' lang='grc' dir='ltr'>παρὰ</span> <span class='ocrx_word' id='word_1_565' title='bbox 2853 3553 2946 3608; x_wconf 91' lang='grc' dir='ltr'><strong>σοῦ</strong></span> <span class='ocrx_word' id='word_1_566' title='bbox 2968 3553 3059 3607; x_wconf 75' lang='grc' dir='ltr'>τὸν</span> <span class='ocrx_word' id='word_1_567' title='bbox 3088 3549 3455 3621; x_wconf 81' lang='grc' dir='ltr'>προσελθόντα</span> <span class='ocrx_word' id='word_1_568' title='bbox 3482 3549 3706 3601; x_wconf 84' lang='grc' dir='ltr'>δικαιω-</span> 
     </span>
    </p>
   </div>
   <div class='ocr_carea' id='block_1_82' title="bbox 2140 3640 3711 3727">
    <p class='ocr_par' dir='ltr' id='par_1_82' title="bbox 2140 3640 3711 3727">
     <span class='ocr_line' id='line_1_82' title="bbox 2140 3640 3711 3727; baseline -0.011 -18"><span class='ocrx_word' id='word_1_569' title='bbox 2140 3658 2320 3727; x_wconf 81' lang='grc' dir='ltr'>θῆναι,</span> <span class='ocrx_word' id='word_1_570' title='bbox 2346 3651 2472 3706; x_wconf 68' lang='grc' dir='ltr'>ἐπεὶ</span> <span class='ocrx_word' id='word_1_571' title='bbox 2499 3650 2708 3704; x_wconf 86' lang='grc' dir='ltr'>δίκαιον</span> <span class='ocrx_word' id='word_1_572' title='bbox 2751 3647 2851 3718; x_wconf 77' lang='grc' dir='ltr'>τὴν</span> <span class='ocrx_word' id='word_1_573' title='bbox 2880 3644 3097 3703; x_wconf 87' lang='grc' dir='ltr'>ἀδικίαν</span> <span class='ocrx_word' id='word_1_574' title='bbox 3112 3642 3512 3725; x_wconf 38' lang='grc' dir='ltr'>Ιάνασταλῆναι.</span> <span class='ocrx_word' id='word_1_575' title='bbox 3547 3642 3609 3693; x_wconf 83' lang='grc' dir='ltr'><strong>Εἰ</strong></span> <span class='ocrx_word' id='word_1_576' title='bbox 3653 3640 3711 3693; x_wconf 79' lang='grc' dir='ltr'>δὲ</span> 
     </span>
    </p>
   </div>
   <div class='ocr_carea' id='block_1_83' title="bbox 2140 3722 3715 3813">
    <p class='ocr_par' dir='ltr' id='par_1_83' title="bbox 2140 3722 3715 3813">
     <span class='ocr_line' id='line_1_83' title="bbox 2140 3722 3715 3813; baseline -0.011 -13"><span class='ocrx_word' id='word_1_577' title='bbox 2140 3722 2300 3809; x_wconf 62' lang='lat' dir='ltr'><strong>adeo;</strong></span> <span class='ocrx_word' id='word_1_578' title='bbox 2329 3746 2429 3813; x_wconf 75' lang='grc' dir='ltr'>τὴν</span> <span class='ocrx_word' id='word_1_579' title='bbox 2457 3741 2674 3796; x_wconf 83' lang='grc' dir='ltr'>ἀδικίαν</span> <span class='ocrx_word' id='word_1_580' title='bbox 2704 3722 3113 3809; x_wconf 81' lang='grc' dir='ltr'>παραχωρήσας</span> <span class='ocrx_word' id='word_1_581' title='bbox 3154 3736 3233 3806; x_wconf 82' lang='grc' dir='ltr'><strong>τῷ</strong></span> <span class='ocrx_word' id='word_1_582' title='bbox 3278 3732 3571 3796; x_wconf 77' lang='grc' dir='ltr'>ἀδικοῦντι,</span> <span class='ocrx_word' id='word_1_583' title='bbox 3618 3732 3715 3783; x_wconf 80' lang='grc' dir='ltr'>τὸν</span> 
     </span>
    </p>
   </div>
   <div class='ocr_carea' id='block_1_84' title="bbox 2141 3824 3714 3910">
    <p class='ocr_par' dir='ltr' id='par_1_84' title="bbox 2141 3824 3714 3910">
     <span class='ocr_line' id='line_1_84' title="bbox 2141 3824 3714 3910; baseline -0.01 -18"><span class='ocrx_word' id='word_1_584' title='bbox 2141 3838 2467 3910; x_wconf 68' lang='grc' dir='ltr'>ἠδικημένον</span> <span class='ocrx_word' id='word_1_585' title='bbox 2496 3834 2776 3904; x_wconf 74' lang='grc' dir='ltr'>ὑπερίδῃς,</span> <span class='ocrx_word' id='word_1_586' title='bbox 2805 3832 2899 3885; x_wconf 73' lang='grc' dir='ltr'><strong>καὶ</strong></span> <span class='ocrx_word' id='word_1_587' title='bbox 2942 3829 3238 3897; x_wconf 86' lang='grc' dir='ltr'>δυνάμενος</span> <span class='ocrx_word' id='word_1_588' title='bbox 3288 3827 3447 3894; x_wconf 81' lang='grc' dir='ltr'>μόνος</span> <span class='ocrx_word' id='word_1_589' title='bbox 3473 3825 3561 3876; x_wconf 81' lang='grc' dir='ltr'>τὸν</span> <span class='ocrx_word' id='word_1_590' title='bbox 3597 3824 3714 3891; x_wconf 70' lang='grc' dir='ltr'>ἠδι-</span> 
     </span>
    </p>
   </div>
   <div class='ocr_carea' id='block_1_85' title="bbox 2142 3914 3711 3998">
    <p class='ocr_par' dir='ltr' id='par_1_85' title="bbox 2142 3914 3711 3998">
     <span class='ocr_line' id='line_1_85' title="bbox 2142 3914 3711 3998; baseline -0.011 -16"><span class='ocrx_word' id='word_1_591' title='bbox 2142 3930 2346 3998; x_wconf 84' lang='grc' dir='ltr'>κηκότα</span> <span class='ocrx_word' id='word_1_592' title='bbox 2371 3924 2693 3995; x_wconf 73' lang='grc' dir='ltr'>ἀμύνεσθαι,</span> <span class='ocrx_word' id='word_1_593' title='bbox 2721 3925 2818 3991; x_wconf 84' lang='grc' dir='ltr'><strong>τῆς</strong></span> <span class='ocrx_word' id='word_1_594' title='bbox 2847 3920 3001 3990; x_wconf 88' lang='grc' dir='ltr'>δίκης</span> <span class='ocrx_word' id='word_1_595' title='bbox 3035 3917 3241 3988; x_wconf 83' lang='grc' dir='ltr'>μηδένα</span> <span class='ocrx_word' id='word_1_596' title='bbox 3273 3916 3506 3986; x_wconf 80' lang='grc' dir='ltr'>ποιήσῃς</span> <span class='ocrx_word' id='word_1_597' title='bbox 3529 3914 3711 3981; x_wconf 81' lang='grc' dir='ltr'>λόγον,</span> 
     </span>
    </p>
   </div>
   <div class='ocr_carea' id='block_1_86' title="bbox 2142 4005 3709 4077">
    <p class='ocr_par' dir='ltr' id='par_1_86' title="bbox 2142 4005 3709 4077">
     <span class='ocr_line' id='line_1_86' title="bbox 2142 4005 3709 4077; baseline -0.011 -5"><span class='ocrx_word' id='word_1_598' title='bbox 2142 4020 2243 4074; x_wconf 87' lang='grc' dir='ltr'><strong>ποῦ</strong></span> <span class='ocrx_word' id='word_1_599' title='bbox 2273 4020 2301 4070; x_wconf 89' lang='grc' dir='ltr'><strong>ό</strong></span> <span class='ocrx_word' id='word_1_600' title='bbox 2325 4017 2553 4077; x_wconf 85' lang='grc' dir='ltr'>δείλαιος</span> <span class='ocrx_word' id='word_1_601' title='bbox 2582 4016 2787 4075; x_wconf 73' lang='grc' dir='ltr'>ἐκεῖνος</span> <span class='ocrx_word' id='word_1_602' title='bbox 2817 4010 2897 4063; x_wconf 75' lang='grc' dir='ltr'>ἔτι</span> <span class='ocrx_word' id='word_1_603' title='bbox 2927 4009 3257 4077; x_wconf 71' lang='grc' dir='ltr'>καταφυγεῖν</span> <span class='ocrx_word' id='word_1_604' title='bbox 3285 4005 3530 4071; x_wconf 59' lang='lat' dir='ltr'><strong>Eliciam;</strong></span> <span class='ocrx_word' id='word_1_605' title='bbox 3556 4005 3709 4073; x_wconf 77' lang='grc' dir='ltr'>παρὰ</span> 
     </span>
    </p>
   </div>
   <div class='ocr_carea' id='block_1_87' title="bbox 2140 4094 3713 4174">
    <p class='ocr_par' dir='ltr' id='par_1_87' title="bbox 2140 4094 3713 4174">
     <span class='ocr_line' id='line_1_87' title="bbox 2140 4094 3713 4174; baseline -0.01 -11"><span class='ocrx_word' id='word_1_606' title='bbox 2140 4112 2282 4174; x_wconf 81' lang='grc' dir='ltr'>τίνος</span> <span class='ocrx_word' id='word_1_607' title='bbox 2314 4104 2647 4174; x_wconf 80' lang='grc' dir='ltr'>ἀπολήψεται</span> <span class='ocrx_word' id='word_1_608' title='bbox 2670 4102 2769 4172; x_wconf 81' lang='grc' dir='ltr'>τὴν</span> <span class='ocrx_word' id='word_1_609' title='bbox 2792 4102 3089 4171; x_wconf 72' lang='grc' dir='ltr'>ἐκδίκησιν,</span> <span class='ocrx_word' id='word_1_610' title='bbox 3119 4099 3167 4151; x_wconf 86' lang='grc' dir='ltr'>εἰ</span> <span class='ocrx_word' id='word_1_611' title='bbox 3197 4096 3271 4167; x_wconf 84' lang='grc' dir='ltr'>μὴ</span> <span class='ocrx_word' id='word_1_612' title='bbox 3305 4096 3456 4166; x_wconf 81' lang='grc' dir='ltr'><strong>παρά</strong></span> <span class='ocrx_word' id='word_1_613' title='bbox 3477 4095 3633 4158; x_wconf 83' lang='grc' dir='ltr'>Θεοῦ,</span> <span class='ocrx_word' id='word_1_614' title='bbox 3652 4094 3713 4157; x_wconf 86' lang='grc' dir='ltr'><strong>δς</strong></span> 
     </span>
    </p>
   </div>
   <div class='ocr_carea' id='block_1_88' title="bbox 2141 4187 3716 4267">
    <p class='ocr_par' dir='ltr' id='par_1_88' title="bbox 2141 4187 3716 4267">
     <span class='ocr_line' id='line_1_88' title="bbox 2141 4187 3716 4267; baseline -0.01 -14"><span class='ocrx_word' id='word_1_615' title='bbox 2141 4202 2237 4257; x_wconf 77' lang='grc' dir='ltr'>καὶ</span> <span class='ocrx_word' id='word_1_616' title='bbox 2262 4200 2323 4254; x_wconf 73' lang='grc' dir='ltr'>σὲ</span> <span class='ocrx_word' id='word_1_617' title='bbox 2347 4198 2446 4267; x_wconf 77' lang='grc' dir='ltr'>τῆς</span> <span class='ocrx_word' id='word_1_618' title='bbox 2462 4194 2719 4265; x_wconf 80' lang='grc' dir='ltr'>ἀμελείας</span> <span class='ocrx_word' id='word_1_619' title='bbox 2744 4192 3034 4267; x_wconf 69' lang='grc' dir='ltr'>ἀπαιτήσει</span> <span class='ocrx_word' id='word_1_620' title='bbox 3065 4191 3163 4253; x_wconf 68' lang='grc' dir='ltr'>τὰς</span> <span class='ocrx_word' id='word_1_621' title='bbox 3192 4188 3383 4252; x_wconf 74' lang='grc' dir='ltr'>δίκαςς</span> <span class='ocrx_word' id='word_1_622' title='bbox 3414 4187 3716 4241; x_wconf 84' lang='grc' dir='ltr'>Δικαίωσον</span> 
     </span>
    </p>
   </div>
   <div class='ocr_carea' id='block_1_89' title="bbox 2139 4277 3717 4359">
    <p class='ocr_par' dir='ltr' id='par_1_89' title="bbox 2139 4277 3717 4359">
     <span class='ocr_line' id='line_1_89' title="bbox 2139 4277 3717 4359; baseline -0.011 -13"><span class='ocrx_word' id='word_1_623' title='bbox 2139 4294 2235 4346; x_wconf 82' lang='grc' dir='ltr'><strong>οῦν</strong></span> <span class='ocrx_word' id='word_1_624' title='bbox 2265 4292 2356 4344; x_wconf 81' lang='grc' dir='ltr'><strong>τὸν</strong></span> <span class='ocrx_word' id='word_1_625' title='bbox 2384 4288 2730 4359; x_wconf 78' lang='grc' dir='ltr'>ἠδικημένον,</span> <span class='ocrx_word' id='word_1_626' title='bbox 2759 4286 2854 4339; x_wconf 78' lang='grc' dir='ltr'>καὶ</span> <span class='ocrx_word' id='word_1_627' title='bbox 2887 4283 3095 4354; x_wconf 84' lang='grc' dir='ltr'>ἀμύνου</span> <span class='ocrx_word' id='word_1_628' title='bbox 3140 4281 3231 4333; x_wconf 81' lang='grc' dir='ltr'><strong>τὸν</strong></span> <span class='ocrx_word' id='word_1_629' title='bbox 3277 4279 3597 4348; x_wconf 70' lang='grc' dir='ltr'>ἠδικηκότα,</span> <span class='ocrx_word' id='word_1_630' title='bbox 3627 4277 3717 4329; x_wconf 79' lang='grc' dir='ltr'><strong>ἵνα</strong></span> 
     </span>
    </p>
   </div>
   <div class='ocr_carea' id='block_1_90' title="bbox 463 4368 2024 4462">
    <p class='ocr_par' dir='ltr' id='par_1_90' title="bbox 463 4379 2024 4455">
     <span class='ocr_line' id='line_1_90' title="bbox 463 4379 2024 4455; baseline -0.01 -7"><span class='ocrx_word' id='word_1_631' title='bbox 463 4392 669 4448; x_wconf 83' lang='lat' dir='ltr'><strong>dictam</strong></span> <span class='ocrx_word' id='word_1_632' title='bbox 703 4383 1064 4455; x_wconf 80' lang='lat' dir='ltr'><strong>exspectabit,</strong></span> <span class='ocrx_word' id='word_1_633' title='bbox 1096 4380 1200 4434; x_wconf 89' lang='lat' dir='ltr'><strong>nisi</strong></span> <span class='ocrx_word' id='word_1_634' title='bbox 1243 4396 1272 4433; x_wconf 90' lang='lat' dir='ltr'><strong>a</strong></span> <span class='ocrx_word' id='word_1_635' title='bbox 1325 4379 1455 4443; x_wconf 89' lang='lat' dir='ltr'><strong>Deo,</strong></span> <span class='ocrx_word' id='word_1_636' title='bbox 1493 4380 1586 4448; x_wconf 93' lang='lat' dir='ltr'><strong>qui</strong></span> <span class='ocrx_word' id='word_1_637' title='bbox 1621 4394 1648 4431; x_wconf 90' lang='lat' dir='ltr'><strong>a</strong></span> <span class='ocrx_word' id='word_1_638' title='bbox 1682 4386 1733 4433; x_wconf 89' lang='lat' dir='ltr'><strong>te</strong></span> <span class='ocrx_word' id='word_1_639' title='bbox 1766 4380 2024 4433; x_wconf 90' lang='lat' dir='ltr'><strong>rationem</strong></span> 
     </span>
    </p>
   </div>
   <div class='ocr_carea' id='block_1_91' title="bbox 2130 4368 3717 4462">
    <p class='ocr_par' dir='ltr' id='par_1_91' title="bbox 2143 4368 3717 4456">
     <span class='ocr_line' id='line_1_91' title="bbox 2143 4368 3717 4456; baseline -0.011 -19"><span class='ocrx_word' id='word_1_640' title='bbox 2143 4384 2218 4456; x_wconf 78' lang='grc' dir='ltr'>μὴ</span> <span class='ocrx_word' id='word_1_641' title='bbox 2247 4383 2313 4436; x_wconf 81' lang='grc' dir='ltr'>δι’</span> <span class='ocrx_word' id='word_1_642' title='bbox 2341 4374 2417 4435; x_wconf 82' lang='grc' dir='ltr'>ὧν</span> <span class='ocrx_word' id='word_1_643' title='bbox 2459 4378 2725 4451; x_wconf 76' lang='grc' dir='ltr'>παρορᾷς,</span> <span class='ocrx_word' id='word_1_644' title='bbox 2759 4375 2919 4449; x_wconf 80' lang='grc' dir='ltr'>δόξῃς</span> <span class='ocrx_word' id='word_1_645' title='bbox 2965 4375 3060 4427; x_wconf 75' lang='grc' dir='ltr'><strong>καὶ</strong></span> <span class='ocrx_word' id='word_1_646' title='bbox 3105 4371 3266 4432; x_wconf 81' lang='grc' dir='ltr'>αὐτὸς</span> <span class='ocrx_word' id='word_1_647' title='bbox 3302 4373 3415 4433; x_wconf 79' lang='grc' dir='ltr'>τοῖς</span> <span class='ocrx_word' id='word_1_648' title='bbox 3467 4368 3717 4423; x_wconf 87' lang='grc' dir='ltr'>ἀδικοῦσι</span> 
     </span>
    </p>
   </div>
   <div class='ocr_carea' id='block_1_92' title="bbox 464 4469 2028 4550">
    <p class='ocr_par' dir='ltr' id='par_1_92' title="bbox 464 4469 2028 4550">
     <span class='ocr_line' id='line_1_92' title="bbox 464 4469 2028 4550; baseline -0.009 -12"><span class='ocrx_word' id='word_1_649' title='bbox 464 4479 679 4550; x_wconf 72' lang='lat' dir='ltr'><strong>injuria:</strong></span> <span class='ocrx_word' id='word_1_650' title='bbox 703 4478 962 4549; x_wconf 78' lang='lat' dir='ltr'><strong>neglectae</strong></span> <span class='ocrx_word' id='word_1_651' title='bbox 1022 4472 1308 4545; x_wconf 83' lang='lat' dir='ltr'><strong>teposcet?</strong></span> <span class='ocrx_word' id='word_1_652' title='bbox 1360 4469 1457 4524; x_wconf 81' lang='lat' dir='ltr'><strong>Jus</strong></span> <span class='ocrx_word' id='word_1_653' title='bbox 1503 4470 1670 4540; x_wconf 76' lang='lat' dir='ltr'><strong>igitur</strong></span> <span class='ocrx_word' id='word_1_654' title='bbox 1713 4469 1922 4525; x_wconf 87' lang='lat' dir='ltr'><strong>reddito</strong></span> <span class='ocrx_word' id='word_1_655' title='bbox 1955 4471 2028 4536; x_wconf 91' lang='lat' dir='ltr'><strong>ei,</strong></span> 
     </span>
    </p>
   </div>
   <div class='ocr_carea' id='block_1_93' title="bbox 464 4563 2031 4645">
    <p class='ocr_par' dir='ltr' id='par_1_93' title="bbox 464 4563 2031 4645">
     <span class='ocr_line' id='line_1_93' title="bbox 464 4563 2031 4645; baseline -0.008 -16"><span class='ocrx_word' id='word_1_656' title='bbox 464 4574 555 4645; x_wconf 89' lang='lat' dir='ltr'><strong>qui</strong></span> <span class='ocrx_word' id='word_1_657' title='bbox 601 4573 855 4641; x_wconf 86' lang='lat' dir='ltr'><strong>injuriam</strong></span> <span class='ocrx_word' id='word_1_658' title='bbox 879 4582 1074 4638; x_wconf 83' lang='lat' dir='ltr'><strong>passus</strong></span> <span class='ocrx_word' id='word_1_659' title='bbox 1104 4576 1207 4630; x_wconf 90' lang='lat' dir='ltr'><strong>est,</strong></span> <span class='ocrx_word' id='word_1_660' title='bbox 1234 4573 1396 4632; x_wconf 91' lang='lat' dir='ltr'><strong>atque</strong></span> <span class='ocrx_word' id='word_1_661' title='bbox 1429 4563 1574 4615; x_wconf 92' lang='lat' dir='ltr'><strong>illius</strong></span> <span class='ocrx_word' id='word_1_662' title='bbox 1600 4572 1882 4616; x_wconf 86' lang='lat' dir='ltr'><strong>auctorem</strong></span> <span class='ocrx_word' id='word_1_663' title='bbox 1910 4563 2031 4616; x_wconf 75' lang='lat' dir='ltr'><strong>vin-</strong></span> 
     </span>
    </p>
   </div>
   <div class='ocr_carea' id='block_1_94' title="bbox 2124 4460 3719 4541">
    <p class='ocr_par' dir='ltr' id='par_1_94' title="bbox 2124 4460 3719 4541">
     <span class='ocr_line' id='line_1_94' title="bbox 2124 4460 3719 4541; baseline -0.011 -12"><span class='ocrx_word' id='word_1_664' title='bbox 2124 4475 2465 4541; x_wconf 79' lang='grc' dir='ltr'>συναδικεῖν,</span> <span class='ocrx_word' id='word_1_665' title='bbox 2522 4472 2617 4527; x_wconf 79' lang='grc' dir='ltr'>καὶ</span> <span class='ocrx_word' id='word_1_666' title='bbox 2665 4469 2962 4539; x_wconf 89' lang='grc' dir='ltr'>ἀλλοτρίων</span> <span class='ocrx_word' id='word_1_667' title='bbox 3015 4465 3429 4537; x_wconf 79' lang='grc' dir='ltr'>ἁμαρτημάτων</span> <span class='ocrx_word' id='word_1_668' title='bbox 3486 4460 3719 4514; x_wconf 82' lang='grc' dir='ltr'>σεαυτὸν</span> 
     </span>
    </p>
   </div>
   <div class='ocr_carea' id='block_1_95' title="bbox 2138 4560 2848 4630">
    <p class='ocr_par' dir='ltr' id='par_1_95' title="bbox 2138 4560 2848 4630">
     <span class='ocr_line' id='line_1_95' title="bbox 2138 4560 2848 4630; baseline -0.01 -10"><span class='ocrx_word' id='word_1_669' title='bbox 2138 4564 2439 4620; x_wconf 81' lang='grc' dir='ltr'>ὑπεύθυνον</span> <span class='ocrx_word' id='word_1_670' title='bbox 2467 4560 2848 4630; x_wconf 78' lang='grc' dir='ltr'>καταστήσεις.</span> 
     </span>
    </p>
   </div>
   <div class='ocr_carea' id='block_1_96' title="bbox 464 4644 3723 4729">
    <p class='ocr_par' dir='ltr' id='par_1_96' title="bbox 464 4644 3723 4729">
     <span class='ocr_line' id='line_1_96' title="bbox 464 4644 3723 4729; baseline -0.009 -3"><span class='ocrx_word' id='word_1_671' title='bbox 464 4670 671 4727; x_wconf 82' lang='lat' dir='ltr'><strong>dicato.</strong></span> <span class='ocrx_word' id='word_1_672' title='bbox 705 4680 773 4719; x_wconf 86' lang='lat' dir='ltr'><strong>ne</strong></span> <span class='ocrx_word' id='word_1_673' title='bbox 812 4660 1159 4716; x_wconf 71' lang='grc' dir='ltr'>ευηιιίνθιιῑίει</span> <span class='ocrx_word' id='word_1_674' title='bbox 1216 4668 1305 4711; x_wconf 74' lang='lat' dir='ltr'><strong>tua</strong></span> <span class='ocrx_word' id='word_1_675' title='bbox 1337 4656 1575 4709; x_wconf 61' lang='lat' dir='ltr'><strong>videaris</strong></span> <span class='ocrx_word' id='word_1_676' title='bbox 1607 4670 1729 4707; x_wconf 83' lang='lat' dir='ltr'><strong>cum</strong></span> <span class='ocrx_word' id='word_1_677' title='bbox 1801 4654 2138 4718; x_wconf 73' lang='lat' dir='ltr'><strong>facientibus</strong></span> <span class='ocrx_word' id='word_1_678' title='bbox 2215 4656 2474 4729; x_wconf 85' lang='lat' dir='ltr'><strong>injuriam</strong></span> <span class='ocrx_word' id='word_1_679' title='bbox 2522 4653 2865 4723; x_wconf 81' lang='lat' dir='ltr'><strong>eonSpirare,</strong></span> <span class='ocrx_word' id='word_1_680' title='bbox 2938 4657 3101 4719; x_wconf 87' lang='lat' dir='ltr'><strong>atque</strong></span> <span class='ocrx_word' id='word_1_681' title='bbox 3148 4647 3310 4702; x_wconf 87' lang='lat' dir='ltr'><strong>alieni</strong></span> <span class='ocrx_word' id='word_1_682' title='bbox 3380 4644 3608 4700; x_wconf 81' lang='lat' dir='ltr'><strong>sceleris</strong></span> <span class='ocrx_word' id='word_1_683' title='bbox 3660 4650 3723 4697; x_wconf 80' lang='lat' dir='ltr'><strong>te</strong></span> 
     </span>
    </p>
   </div>
   <div class='ocr_carea' id='block_1_97' title="bbox 466 4761 1035 4831">
    <p class='ocr_par' dir='ltr' id='par_1_97' title="bbox 466 4761 1035 4831">
     <span class='ocr_line' id='line_1_97' title="bbox 466 4761 1035 4831; baseline -0.019 -16"><span class='ocrx_word' id='word_1_684' title='bbox 466 4761 644 4831; x_wconf 85' lang='lat' dir='ltr'><strong>ipsum</strong></span> <span class='ocrx_word' id='word_1_685' title='bbox 675 4772 826 4812; x_wconf 90' lang='lat' dir='ltr'><strong>reum</strong></span> <span class='ocrx_word' id='word_1_686' title='bbox 852 4767 1035 4823; x_wconf 85' lang='lat' dir='ltr'><strong>agerc.</strong></span> 
     </span>
    </p>
   </div>
   <div class='ocr_carea' id='block_1_98' title="bbox 754 4837 1751 4897">
    <p class='ocr_par' dir='ltr' id='par_1_98' title="bbox 754 4837 1751 4897">
     <span class='ocr_line' id='line_1_98' title="bbox 754 4837 1751 4897; baseline -0.007 0"><span class='ocrx_word' id='word_1_687' title='bbox 754 4844 824 4897; x_wconf 85' lang='lat' dir='ltr'><strong>De</strong></span> <span class='ocrx_word' id='word_1_688' title='bbox 855 4840 1181 4895; x_wconf 79' lang='lat' dir='ltr'><strong>mortalitate</strong></span> <span class='ocrx_word' id='word_1_689' title='bbox 1250 4847 1298 4890; x_wconf 86' lang='lat' dir='ltr'><strong>et</strong></span> <span class='ocrx_word' id='word_1_690' title='bbox 1329 4837 1751 4890; x_wconf 80' lang='lat' dir='ltr'><strong>immortalitate.</strong></span> 
     </span>
    </p>
   </div>
   <div class='ocr_carea' id='block_1_99' title="bbox 537 4928 2033 5002">
    <p class='ocr_par' dir='ltr' id='par_1_99' title="bbox 537 4928 2033 5002">
     <span class='ocr_line' id='line_1_99' title="bbox 537 4928 2033 5002; baseline -0.007 -11"><span class='ocrx_word' id='word_1_691' title='bbox 537 4936 782 4992; x_wconf 78' lang='lat' dir='ltr'><strong>Mortalis</strong></span> <span class='ocrx_word' id='word_1_692' title='bbox 825 4933 1046 5002; x_wconf 87' lang='lat' dir='ltr'><strong>quidem</strong></span> <span class='ocrx_word' id='word_1_693' title='bbox 1100 4946 1162 4986; x_wconf 89' lang='lat' dir='ltr'><strong>es</strong></span> <span class='ocrx_word' id='word_1_694' title='bbox 1225 4944 1477 4998; x_wconf 88' lang='lat' dir='ltr'><strong>corpore,</strong></span> <span class='ocrx_word' id='word_1_695' title='bbox 1520 4929 1702 4981; x_wconf 89' lang='lat' dir='ltr'><strong>anima</strong></span> <span class='ocrx_word' id='word_1_696' title='bbox 1755 4942 1886 4983; x_wconf 83' lang='lat' dir='ltr'><strong>vero</strong></span> <span class='ocrx_word' id='word_1_697' title='bbox 1931 4928 2033 4981; x_wconf 91' lang='lat' dir='ltr'><strong>im-</strong></span> 
     </span>
    </p>
   </div>
   <div class='ocr_carea' id='block_1_100' title="bbox 466 5018 2034 5092">
    <p class='ocr_par' dir='ltr' id='par_1_100' title="bbox 466 5018 2034 5092">
     <span class='ocr_line' id='line_1_100' title="bbox 466 5018 2034 5092; baseline -0.008 -8"><span class='ocrx_word' id='word_1_698' title='bbox 466 5027 744 5084; x_wconf 86' lang='lat' dir='ltr'><strong>mortalis:</strong></span> <span class='ocrx_word' id='word_1_699' title='bbox 774 5025 828 5078; x_wconf 92' lang='lat' dir='ltr'><strong>iu</strong></span> <span class='ocrx_word' id='word_1_700' title='bbox 859 5026 925 5078; x_wconf 87' lang='lat' dir='ltr'><strong>iis</strong></span> <span class='ocrx_word' id='word_1_701' title='bbox 954 5038 1085 5092; x_wconf 74' lang='lat' dir='ltr'><strong>ergo</strong></span> <span class='ocrx_word' id='word_1_702' title='bbox 1113 5037 1234 5091; x_wconf 65' lang='lat' dir='ltr'><strong>qua:</strong></span> <span class='ocrx_word' id='word_1_703' title='bbox 1270 5021 1457 5075; x_wconf 90' lang='lat' dir='ltr'><strong>carnis</strong></span> <span class='ocrx_word' id='word_1_704' title='bbox 1482 5030 1607 5073; x_wconf 86' lang='lat' dir='ltr'><strong>sunt</strong></span> <span class='ocrx_word' id='word_1_705' title='bbox 1643 5018 1863 5088; x_wconf 90' lang='lat' dir='ltr'><strong>propria</strong></span> <span class='ocrx_word' id='word_1_706' title='bbox 1890 5033 2034 5072; x_wconf 81' lang='lat' dir='ltr'><strong>mor—</strong></span> 
     </span>
    </p>
   </div>
   <div class='ocr_carea' id='block_1_101' title="bbox 468 5109 2032 5187">
    <p class='ocr_par' dir='ltr' id='par_1_101' title="bbox 468 5109 2032 5187">
     <span class='ocr_line' id='line_1_101' title="bbox 468 5109 2032 5187; baseline -0.01 -11"><span class='ocrx_word' id='word_1_707' title='bbox 468 5120 576 5176; x_wconf 85' lang='lat' dir='ltr'><strong>tale</strong></span> <span class='ocrx_word' id='word_1_708' title='bbox 612 5116 793 5187; x_wconf 86' lang='lat' dir='ltr'><strong>sapias</strong></span> <span class='ocrx_word' id='word_1_709' title='bbox 824 5132 839 5179; x_wconf 85' lang='lat'><strong>;</strong></span> <span class='ocrx_word' id='word_1_710' title='bbox 874 5129 996 5184; x_wconf 58' lang='lat' dir='ltr'><strong>qua</strong></span> <span class='ocrx_word' id='word_1_711' title='bbox 1048 5128 1177 5168; x_wconf 79' lang='lat' dir='ltr'><strong>vero</strong></span> <span class='ocrx_word' id='word_1_712' title='bbox 1222 5110 1409 5175; x_wconf 89' lang='lat' dir='ltr'><strong>animi,</strong></span> <span class='ocrx_word' id='word_1_713' title='bbox 1439 5109 1761 5164; x_wconf 89' lang='lat' dir='ltr'><strong>immortale.</strong></span> <span class='ocrx_word' id='word_1_714' title='bbox 1813 5109 2032 5177; x_wconf 85' lang='lat' dir='ltr'><strong>Ample-</strong></span> 
     </span>
    </p>
   </div>
   <div class='ocr_carea' id='block_1_102' title="bbox 467 5202 2032 5273">
    <p class='ocr_par' dir='ltr' id='par_1_102' title="bbox 467 5202 2032 5273">
     <span class='ocr_line' id='line_1_102' title="bbox 467 5202 2032 5273; baseline -0.008 -7"><span class='ocrx_word' id='word_1_715' title='bbox 467 5221 612 5267; x_wconf 87' lang='lat' dir='ltr'><strong>ctere</strong></span> <span class='ocrx_word' id='word_1_716' title='bbox 652 5207 914 5261; x_wconf 90' lang='lat' dir='ltr'><strong>mundum</strong></span> <span class='ocrx_word' id='word_1_717' title='bbox 946 5207 1108 5259; x_wconf 89' lang='lat' dir='ltr'><strong>istum</strong></span> <span class='ocrx_word' id='word_1_718' title='bbox 1153 5202 1562 5273; x_wconf 85' lang='lat' dir='ltr'><strong>corruptibilem</strong></span> <span class='ocrx_word' id='word_1_719' title='bbox 1596 5215 1825 5270; x_wconf 86' lang='lat' dir='ltr'><strong>corpore</strong></span> <span class='ocrx_word' id='word_1_720' title='bbox 1883 5215 2032 5254; x_wconf 87' lang='lat' dir='ltr'><strong>mor-</strong></span> 
     </span>
    </p>
   </div>
   <div class='ocr_carea' id='block_1_103' title="bbox 468 5290 2033 5365">
    <p class='ocr_par' dir='ltr' id='par_1_103' title="bbox 468 5290 2033 5365">
     <span class='ocr_line' id='line_1_103' title="bbox 468 5290 2033 5365; baseline -0.007 -12"><span class='ocrx_word' id='word_1_721' title='bbox 468 5300 564 5354; x_wconf 80' lang='lat' dir='ltr'><strong>tali</strong></span> <span class='ocrx_word' id='word_1_722' title='bbox 588 5316 604 5365; x_wconf 88' lang='lat'><strong>;</strong></span> <span class='ocrx_word' id='word_1_723' title='bbox 631 5297 815 5350; x_wconf 90' lang='lat' dir='ltr'><strong>animo</strong></span> <span class='ocrx_word' id='word_1_724' title='bbox 841 5312 969 5349; x_wconf 83' lang='lat' dir='ltr'><strong>vero</strong></span> <span class='ocrx_word' id='word_1_725' title='bbox 1012 5294 1406 5348; x_wconf 83' lang='lat' dir='ltr'><strong>beatitudinem</strong></span> <span class='ocrx_word' id='word_1_726' title='bbox 1445 5301 1705 5347; x_wconf 83' lang='lat' dir='ltr'><strong>a:tcrnatn</strong></span> <span class='ocrx_word' id='word_1_727' title='bbox 1741 5290 1897 5360; x_wconf 87' lang='lat' dir='ltr'><strong>quasi</strong></span> <span class='ocrx_word' id='word_1_728' title='bbox 1930 5290 2033 5343; x_wconf 88' lang='lat' dir='ltr'><strong>im-</strong></span> 
     </span>
    </p>
   </div>
   <div class='ocr_carea' id='block_1_104' title="bbox 467 5383 2033 5455">
    <p class='ocr_par' dir='ltr' id='par_1_104' title="bbox 467 5383 2033 5455">
     <span class='ocr_line' id='line_1_104' title="bbox 467 5383 2033 5455; baseline -0.009 -8"><span class='ocrx_word' id='word_1_729' title='bbox 467 5390 738 5448; x_wconf 87' lang='lat' dir='ltr'><strong>mortalis.</strong></span> <span class='ocrx_word' id='word_1_730' title='bbox 788 5386 901 5441; x_wconf 78' lang='lat' dir='ltr'><strong>Etsi</strong></span> <span class='ocrx_word' id='word_1_731' title='bbox 935 5387 1079 5437; x_wconf 88' lang='lat' dir='ltr'><strong>enim</strong></span> <span class='ocrx_word' id='word_1_732' title='bbox 1114 5386 1166 5438; x_wconf 90' lang='lat' dir='ltr'><strong>in</strong></span> <span class='ocrx_word' id='word_1_733' title='bbox 1226 5386 1380 5455; x_wconf 81' lang='lat' dir='ltr'><strong>regni</strong></span> <span class='ocrx_word' id='word_1_734' title='bbox 1428 5383 1628 5438; x_wconf 90' lang='lat' dir='ltr'><strong>solium</strong></span> <span class='ocrx_word' id='word_1_735' title='bbox 1677 5388 1901 5434; x_wconf 86' lang='lat' dir='ltr'><strong>evectus</strong></span> <span class='ocrx_word' id='word_1_736' title='bbox 1954 5396 2033 5442; x_wconf 85' lang='lat' dir='ltr'><strong>es,</strong></span> 
     </span>
    </p>
   </div>
   <div class='ocr_carea' id='block_1_105' title="bbox 469 5471 2031 5551">
    <p class='ocr_par' dir='ltr' id='par_1_105' title="bbox 469 5471 2031 5551">
     <span class='ocr_line' id='line_1_105' title="bbox 469 5471 2031 5551; baseline -0.008 -16"><span class='ocrx_word' id='word_1_737' title='bbox 469 5490 592 5551; x_wconf 89' lang='lat' dir='ltr'><strong>post</strong></span> <span class='ocrx_word' id='word_1_738' title='bbox 619 5479 669 5532; x_wconf 89' lang='lat' dir='ltr'><strong>al</strong></span> <span class='ocrx_word' id='word_1_739' title='bbox 692 5486 956 5546; x_wconf 90' lang='lat' dir='ltr'><strong>quantum</strong></span> <span class='ocrx_word' id='word_1_740' title='bbox 986 5474 1244 5543; x_wconf 81' lang='lat' dir='ltr'><strong>temporis</strong></span> <span class='ocrx_word' id='word_1_741' title='bbox 1271 5483 1450 5527; x_wconf 86' lang='lat' dir='ltr'><strong>tamen</strong></span> <span class='ocrx_word' id='word_1_742' title='bbox 1485 5475 1553 5527; x_wconf 88' lang='lat' dir='ltr'><strong>ab</strong></span> <span class='ocrx_word' id='word_1_743' title='bbox 1590 5488 1656 5526; x_wconf 82' lang='lat' dir='ltr'><strong>eo</strong></span> <span class='ocrx_word' id='word_1_744' title='bbox 1688 5471 1990 5526; x_wconf 76' lang='lat' dir='ltr'><strong>descendes</strong></span> <span class='ocrx_word' id='word_1_745' title='bbox 2021 5490 2031 5523; x_wconf 91' lang='lat'>:</span> 
     </span>
    </p>
   </div>
   <div class='ocr_carea' id='block_1_106' title="bbox 470 5564 2034 5633">
    <p class='ocr_par' dir='ltr' id='par_1_106' title="bbox 470 5564 2034 5633">
     <span class='ocr_line' id='line_1_106' title="bbox 470 5564 2034 5633; baseline -0.008 -6"><span class='ocrx_word' id='word_1_746' title='bbox 470 5583 525 5627; x_wconf 89' lang='lat' dir='ltr'><strong>et</strong></span> <span class='ocrx_word' id='word_1_747' title='bbox 549 5574 591 5627; x_wconf 85' lang='lat' dir='ltr'><strong>si</strong></span> <span class='ocrx_word' id='word_1_748' title='bbox 617 5580 790 5627; x_wconf 85' lang='lat' dir='ltr'><strong>totum</strong></span> <span class='ocrx_word' id='word_1_749' title='bbox 829 5578 1096 5621; x_wconf 86' lang='lat' dir='ltr'><strong>terrarum</strong></span> <span class='ocrx_word' id='word_1_750' title='bbox 1142 5568 1325 5619; x_wconf 75' lang='lat' dir='ltr'><strong>orbem</strong></span> <span class='ocrx_word' id='word_1_751' title='bbox 1374 5565 1541 5617; x_wconf 88' lang='lat' dir='ltr'><strong>armis</strong></span> <span class='ocrx_word' id='word_1_752' title='bbox 1594 5564 1851 5633; x_wconf 77' lang='lat' dir='ltr'><strong>suhigcre</strong></span> <span class='ocrx_word' id='word_1_753' title='bbox 1904 5579 2034 5615; x_wconf 76' lang='lat' dir='ltr'><strong>con-</strong></span> 
     </span>
    </p>
   </div>
   <div class='ocr_carea' id='block_1_107' title="bbox 472 5657 2019 5733">
    <p class='ocr_par' dir='ltr' id='par_1_107' title="bbox 472 5657 2019 5733">
     <span class='ocr_line' id='line_1_107' title="bbox 472 5657 2019 5733; baseline -0.008 -14"><span class='ocrx_word' id='word_1_754' title='bbox 472 5664 735 5725; x_wconf 80' lang='lat' dir='ltr'><strong>tenderis,</strong></span> <span class='ocrx_word' id='word_1_755' title='bbox 768 5669 892 5733; x_wconf 87' lang='lat' dir='ltr'><strong>post</strong></span> <span class='ocrx_word' id='word_1_756' title='bbox 923 5667 1148 5714; x_wconf 88' lang='lat' dir='ltr'><strong>mortem</strong></span> <span class='ocrx_word' id='word_1_757' title='bbox 1181 5666 1360 5711; x_wconf 75' lang='lat' dir='ltr'><strong>tamen</strong></span> <span class='ocrx_word' id='word_1_758' title='bbox 1408 5657 1542 5710; x_wconf 89' lang='lat' dir='ltr'><strong>nihil</strong></span> <span class='ocrx_word' id='word_1_759' title='bbox 1592 5657 1826 5725; x_wconf 78' lang='lat' dir='ltr'><strong>amplius</strong></span> <span class='ocrx_word' id='word_1_760' title='bbox 1858 5670 2019 5723; x_wconf 83' lang='lat' dir='ltr'><strong>quam</strong></span> 
     </span>
    </p>
   </div>
   <div class='ocr_carea' id='block_1_108' title="bbox 2401 4822 3466 4898">
    <p class='ocr_par' dir='ltr' id='par_1_108' title="bbox 2401 4822 3466 4898">
     <span class='ocr_line' id='line_1_108' title="bbox 2401 4822 3466 4898; baseline -0.011 -13"><span class='ocrx_word' id='word_1_761' title='bbox 2401 4829 2541 4898; x_wconf 69' lang='grc' dir='ltr'>Περὶ</span> <span class='ocrx_word' id='word_1_762' title='bbox 2580 4828 2939 4897; x_wconf 79' lang='grc' dir='ltr'>θνητότητος</span> <span class='ocrx_word' id='word_1_763' title='bbox 2978 4824 3075 4878; x_wconf 75' lang='grc' dir='ltr'><strong>καί</strong></span> <span class='ocrx_word' id='word_1_764' title='bbox 3112 4822 3466 4887; x_wconf 75' lang='grc' dir='ltr'>ἀθανασιας.</span> 
     </span>
    </p>
   </div>
   <div class='ocr_carea' id='block_1_109' title="bbox 2211 4912 3718 4994">
    <p class='ocr_par' dir='ltr' id='par_1_109' title="bbox 2211 4912 3718 4994">
     <span class='ocr_line' id='line_1_109' title="bbox 2211 4912 3718 4994; baseline -0.007 -17"><span class='ocrx_word' id='word_1_765' title='bbox 2211 4923 2415 4994; x_wconf 82' lang='grc' dir='ltr'>Θνητὸς</span> <span class='ocrx_word' id='word_1_766' title='bbox 2442 4922 2707 4991; x_wconf 79' lang='grc' dir='ltr'>ὑπάρχεις</span> <span class='ocrx_word' id='word_1_767' title='bbox 2738 4919 2815 4990; x_wconf 78' lang='grc' dir='ltr'>τῷ</span> <span class='ocrx_word' id='word_1_768' title='bbox 2848 4918 3082 4987; x_wconf 86' lang='grc' dir='ltr'>σώματι,</span> <span class='ocrx_word' id='word_1_769' title='bbox 3105 4916 3368 4976; x_wconf 78' lang='grc' dir='ltr'>ἀθάνατος</span> <span class='ocrx_word' id='word_1_770' title='bbox 3396 4913 3451 4967; x_wconf 72' lang='grc' dir='ltr'>δὲ</span> <span class='ocrx_word' id='word_1_771' title='bbox 3474 4915 3540 4982; x_wconf 73' lang='grc' dir='ltr'>τῇ</span> <span class='ocrx_word' id='word_1_772' title='bbox 3570 4912 3718 4982; x_wconf 70' lang='grc' dir='ltr'>ψυχῇ</span> 
     </span>
    </p>
   </div>
   <div class='ocr_carea' id='block_1_110' title="bbox 2142 5005 3715 5086">
    <p class='ocr_par' dir='ltr' id='par_1_110' title="bbox 2142 5005 3715 5086">
     <span class='ocr_line' id='line_1_110' title="bbox 2142 5005 3715 5086; baseline -0.009 -17"><span class='ocrx_word' id='word_1_773' title='bbox 2142 5017 2415 5086; x_wconf 89' lang='grc' dir='ltr'>διαμένεις</span> <span class='ocrx_word' id='word_1_774' title='bbox 2440 5030 2451 5042; x_wconf 92' lang='grc'><strong>·</strong></span> <span class='ocrx_word' id='word_1_775' title='bbox 2487 5012 2673 5083; x_wconf 85' lang='grc' dir='ltr'>φρόνει</span> <span class='ocrx_word' id='word_1_776' title='bbox 2720 5009 2813 5064; x_wconf 81' lang='grc' dir='ltr'><strong>οῦν</strong></span> <span class='ocrx_word' id='word_1_777' title='bbox 2865 5008 3036 5078; x_wconf 85' lang='grc' dir='ltr'>θνητὰ</span> <span class='ocrx_word' id='word_1_778' title='bbox 3070 5009 3135 5077; x_wconf 81' lang='grc' dir='ltr'>τῇ</span> <span class='ocrx_word' id='word_1_779' title='bbox 3172 5007 3355 5078; x_wconf 72' lang='grc' dir='ltr'>σαρκὶ,</span> <span class='ocrx_word' id='word_1_780' title='bbox 3387 5008 3454 5075; x_wconf 75' lang='grc' dir='ltr'>τῇ</span> <span class='ocrx_word' id='word_1_781' title='bbox 3487 5005 3543 5057; x_wconf 87' lang='grc' dir='ltr'>δὲ</span> <span class='ocrx_word' id='word_1_782' title='bbox 3571 5005 3715 5072; x_wconf 78' lang='grc' dir='ltr'>ψυχῇ</span> 
     </span>
    </p>
   </div>
   <div class='ocr_carea' id='block_1_111' title="bbox 2142 5093 3719 5173">
    <p class='ocr_par' dir='ltr' id='par_1_111' title="bbox 2142 5093 3719 5173">
     <span class='ocr_line' id='line_1_111' title="bbox 2142 5093 3719 5173; baseline -0.009 -13"><span class='ocrx_word' id='word_1_783' title='bbox 2142 5106 2404 5160; x_wconf 85' lang='grc' dir='ltr'>ἀθάνατα.</span> <span class='ocrx_word' id='word_1_784' title='bbox 2436 5102 2701 5173; x_wconf 83' lang='grc' dir='ltr'>Περίϐαλε</span> <span class='ocrx_word' id='word_1_785' title='bbox 2728 5102 2930 5170; x_wconf 78' lang='grc' dir='ltr'>κόσμον</span> <span class='ocrx_word' id='word_1_786' title='bbox 2955 5100 3031 5168; x_wconf 79' lang='grc' dir='ltr'>τῷ</span> <span class='ocrx_word' id='word_1_787' title='bbox 3060 5100 3291 5168; x_wconf 84' lang='grc' dir='ltr'>σώματι,</span> <span class='ocrx_word' id='word_1_788' title='bbox 3318 5098 3392 5159; x_wconf 82' lang='grc' dir='ltr'>ὡς</span> <span class='ocrx_word' id='word_1_789' title='bbox 3423 5096 3615 5163; x_wconf 64' lang='grc' dir='ltr'>θνητὸν</span> <span class='ocrx_word' id='word_1_790' title='bbox 3641 5093 3719 5162; x_wconf 83' lang='grc' dir='ltr'>τῷ</span> 
     </span>
    </p>
   </div>
   <div class='ocr_carea' id='block_1_112' title="bbox 2140 5186 3719 5266">
    <p class='ocr_par' dir='ltr' id='par_1_112' title="bbox 2140 5186 3719 5266">
     <span class='ocr_line' id='line_1_112' title="bbox 2140 5186 3719 5266; baseline -0.007 -17"><span class='ocrx_word' id='word_1_791' title='bbox 2140 5196 2350 5266; x_wconf 85' lang='grc' dir='ltr'>θνητῷ·</span> <span class='ocrx_word' id='word_1_792' title='bbox 2382 5191 2676 5259; x_wconf 85' lang='grc' dir='ltr'>περιϐαλοῦ</span> <span class='ocrx_word' id='word_1_793' title='bbox 2730 5193 2823 5245; x_wconf 74' lang='grc' dir='ltr'><strong>καὶ</strong></span> <span class='ocrx_word' id='word_1_794' title='bbox 2865 5191 3021 5245; x_wconf 74' lang='grc' dir='ltr'>ὄλϐον</span> <span class='ocrx_word' id='word_1_795' title='bbox 3054 5190 3319 5246; x_wconf 79' lang='grc' dir='ltr'>ἀθάνατον</span> <span class='ocrx_word' id='word_1_796' title='bbox 3344 5192 3412 5257; x_wconf 78' lang='grc' dir='ltr'>τῇ</span> <span class='ocrx_word' id='word_1_797' title='bbox 3443 5188 3612 5257; x_wconf 77' lang='grc' dir='ltr'>ψυχῇ,</span> <span class='ocrx_word' id='word_1_798' title='bbox 3642 5186 3719 5248; x_wconf 85' lang='grc' dir='ltr'>ὡς</span> 
     </span>
    </p>
   </div>
   <div class='ocr_carea' id='block_1_113' title="bbox 2140 5278 3724 5356">
    <p class='ocr_par' dir='ltr' id='par_1_113' title="bbox 2140 5278 3724 5356">
     <span class='ocr_line' id='line_1_113' title="bbox 2140 5278 3724 5356; baseline -0.009 -13"><span class='ocrx_word' id='word_1_799' title='bbox 2140 5288 2412 5356; x_wconf 83' lang='grc' dir='ltr'>ἀθανάτῳ.</span> <span class='ocrx_word' id='word_1_800' title='bbox 2442 5286 2561 5339; x_wconf 79' lang='grc' dir='ltr'>Κᾶν</span> <span class='ocrx_word' id='word_1_801' title='bbox 2580 5285 2688 5356; x_wconf 77' lang='grc' dir='ltr'><strong>γὰρ</strong></span> <span class='ocrx_word' id='word_1_802' title='bbox 2709 5286 2802 5336; x_wconf 73' lang='grc' dir='ltr'>ἐπὶ</span> <span class='ocrx_word' id='word_1_803' title='bbox 2832 5285 3020 5355; x_wconf 87' lang='grc' dir='ltr'>θρόνον</span> <span class='ocrx_word' id='word_1_804' title='bbox 3051 5283 3293 5354; x_wconf 56' lang='lat' dir='ltr'><strong>equom.</strong></span> <span class='ocrx_word' id='word_1_805' title='bbox 3322 5280 3435 5335; x_wconf 77' lang='grc' dir='ltr'>ἀλλ’</span> <span class='ocrx_word' id='word_1_806' title='bbox 3462 5280 3555 5333; x_wconf 82' lang='grc' dir='ltr'><strong>οὖν</strong></span> <span class='ocrx_word' id='word_1_807' title='bbox 3580 5278 3724 5350; x_wconf 83' lang='grc' dir='ltr'>μετὰ.</span> 
     </span>
    </p>
   </div>
   <div class='ocr_carea' id='block_1_114' title="bbox 2143 5375 3723 5451">
    <p class='ocr_par' dir='ltr' id='par_1_114' title="bbox 2143 5375 3723 5451">
     <span class='ocr_line' id='line_1_114' title="bbox 2143 5375 3723 5451; baseline -0.005 -18"><span class='ocrx_word' id='word_1_808' title='bbox 2143 5381 2332 5451; x_wconf 84' lang='grc' dir='ltr'>χρόνον</span> <span class='ocrx_word' id='word_1_809' title='bbox 2372 5378 2688 5450; x_wconf 76' lang='grc' dir='ltr'>καταϐήσῃο</span> <span class='ocrx_word' id='word_1_810' title='bbox 2726 5379 2818 5431; x_wconf 71' lang='grc' dir='ltr'><strong>καὶ</strong></span> <span class='ocrx_word' id='word_1_811' title='bbox 2847 5380 2894 5430; x_wconf 88' lang='grc' dir='ltr'>εἱ</span> <span class='ocrx_word' id='word_1_812' title='bbox 2923 5379 3022 5446; x_wconf 77' lang='grc' dir='ltr'>τῆς</span> <span class='ocrx_word' id='word_1_813' title='bbox 3057 5378 3159 5446; x_wconf 81' lang='grc' dir='ltr'><strong>γῆς</strong></span> <span class='ocrx_word' id='word_1_814' title='bbox 3194 5375 3411 5443; x_wconf 76' lang='grc' dir='ltr'>ἀπάσης</span> <span class='ocrx_word' id='word_1_815' title='bbox 3442 5391 3723 5442; x_wconf 86' lang='grc' dir='ltr'>κατακρα-</span> 
     </span>
    </p>
   </div>
   <div class='ocr_carea' id='block_1_115' title="bbox 2143 5466 3721 5541">
    <p class='ocr_par' dir='ltr' id='par_1_115' title="bbox 2143 5466 3721 5541">
     <span class='ocr_line' id='line_1_115' title="bbox 2143 5466 3721 5541; baseline 0.003 -18"><span class='ocrx_word' id='word_1_816' title='bbox 2143 5474 2304 5541; x_wconf 83' lang='grc' dir='ltr'>τῆσαι</span> <span class='ocrx_word' id='word_1_817' title='bbox 2353 5472 2763 5541; x_wconf 73' lang='grc' dir='ltr'>φιλονεικήσῃς,</span> <span class='ocrx_word' id='word_1_818' title='bbox 2798 5472 2909 5525; x_wconf 81' lang='grc' dir='ltr'>ἀλλ’</span> <span class='ocrx_word' id='word_1_819' title='bbox 2941 5472 3001 5526; x_wconf 84' lang='grc' dir='ltr'><strong>οὐ</strong></span> <span class='ocrx_word' id='word_1_820' title='bbox 3052 5471 3212 5524; x_wconf 87' lang='grc' dir='ltr'>πλέον</span> <span class='ocrx_word' id='word_1_821' title='bbox 3252 5469 3563 5539; x_wconf 80' lang='grc' dir='ltr'>τριπήχεως</span> <span class='ocrx_word' id='word_1_822' title='bbox 3616 5466 3721 5534; x_wconf 80' lang='grc' dir='ltr'><strong>γῆς</strong></span> 
     </span>
    </p>
   </div>
   <div class='ocr_carea' id='block_1_116' title="bbox 2147 5555 3722 5634">
    <p class='ocr_par' dir='ltr' id='par_1_116' title="bbox 2147 5555 3722 5634">
     <span class='ocr_line' id='line_1_116' title="bbox 2147 5555 3722 5634; baseline -0.006 -20"><span class='ocrx_word' id='word_1_823' title='bbox 2147 5564 2280 5632; x_wconf 80' lang='grc' dir='ltr'><strong>μετὰ</strong></span> <span class='ocrx_word' id='word_1_824' title='bbox 2316 5561 2543 5615; x_wconf 80' lang='grc' dir='ltr'>θάνατον</span> <span class='ocrx_word' id='word_1_825' title='bbox 2579 5563 3019 5634; x_wconf 80' lang='grc' dir='ltr'>κληρονομήσεις.</span> <span class='ocrx_word' id='word_1_826' title='bbox 3041 5559 3331 5628; x_wconf 85' lang='grc' dir='ltr'>Ἐπιμελοῦ</span> <span class='ocrx_word' id='word_1_827' title='bbox 3356 5555 3448 5611; x_wconf 84' lang='grc' dir='ltr'><strong>οὖν</strong></span> <span class='ocrx_word' id='word_1_828' title='bbox 3469 5557 3567 5625; x_wconf 84' lang='grc' dir='ltr'>τῆς</span> <span class='ocrx_word' id='word_1_829' title='bbox 3590 5555 3722 5623; x_wconf 77' lang='grc' dir='ltr'>θνηο</span> 
     </span>
    </p>
   </div>
   <div class='ocr_carea' id='block_1_117' title="bbox 2131 5648 3725 5727">
    <p class='ocr_par' dir='ltr' id='par_1_117' title="bbox 2131 5648 3725 5727">
     <span class='ocr_line' id='line_1_117' title="bbox 2131 5648 3725 5727; baseline -0.011 -9"><span class='ocrx_word' id='word_1_830' title='bbox 2131 5658 2226 5727; x_wconf 74' lang='grc' dir='ltr'><strong>τῆς</strong></span> <span class='ocrx_word' id='word_1_831' title='bbox 2262 5653 2537 5727; x_wconf 71' lang='grc' dir='ltr'>βασιλείας</span> <span class='ocrx_word' id='word_1_832' title='bbox 2570 5656 2642 5720; x_wconf 80' lang='grc' dir='ltr'>ὡς</span> <span class='ocrx_word' id='word_1_833' title='bbox 2676 5658 2867 5727; x_wconf 74' lang='grc' dir='ltr'>θνητός</span> <span class='ocrx_word' id='word_1_834' title='bbox 2893 5675 2904 5686; x_wconf 72' lang='grc' dir='ltr'><strong>ο</strong></span> <span class='ocrx_word' id='word_1_835' title='bbox 2946 5654 3233 5727; x_wconf 71' lang='grc' dir='ltr'>περιποιοῦ</span> <span class='ocrx_word' id='word_1_836' title='bbox 3258 5652 3313 5705; x_wconf 82' lang='grc' dir='ltr'>δὲ</span> <span class='ocrx_word' id='word_1_837' title='bbox 3356 5649 3448 5715; x_wconf 60' lang='grc' dir='ltr'>καὶ</span> <span class='ocrx_word' id='word_1_838' title='bbox 3481 5648 3595 5703; x_wconf 82' lang='grc' dir='ltr'><strong>κτῶ</strong></span> <span class='ocrx_word' id='word_1_839' title='bbox 3625 5648 3725 5718; x_wconf 75' lang='grc' dir='ltr'><strong>τὴν</strong></span> 
     </span>
    </p>
   </div>
  </div>
