4070 6210
476 240 623 283 ιιτιι

1807 219 2390 283 PROLEGOMENA.

3557 223 3721 263 ιινιιι

478 348 655 403 nitere
684 349 744 398 ut
768 355 863 412 per
887 338 1013 395 boni
1044 338 1283 394 nominis
1300 337 1619 394 memoriam
1654 335 2036 392 immortalita-

2149 333 2230 386 5ιά
2277 334 2377 403 τῆς
2424 331 2632 402 ἀγαθῆς
2687 331 2905 401 μνήμης
2945 326 3248 399 κτήσασθαι
3296 323 3357 377 τδ
3409 322 3725 377 ἀθάνατονο

478 447 589 494 tem
647 431 1025 502 consequaris.
1070 428 1375 485 Gloriosam
1426 436 1608 483 autem
1673 427 1754 480 tui
1807 425 2047 481 nominis

479 528 799 586 memoriam
819 524 1120 594 relinques,
1140 522 1185 576 si
1211 536 1326 586 cos,
1358 521 1453 590 qui
1477 518 1640 575 talem
1678 518 2002 587 reliquerint
2030 556 2046 583 ,

480 618 817 684 imitaberis;
856 624 916 671 ut
950 612 1233 671 mediteris
1254 609 1475 680 quidem
1499 615 1555 665 et
1586 611 1817 663 honesta
1840 606 2047 673 dicere,

479 722 535 768 et
579 712 782 769 similia
834 711 1014 766 facere
1061 718 1419 768 consuescas,
1456 711 1511 756 et
1557 716 1680 771 qute
1727 706 1782 755 te
1842 700 2050 755 sentire

479 806 646 862 dictis
672 805 1026 868 indicaveris,
1067 801 1257 856 eadem
1322 810 1489 866 Opere
1534 792 1763 865 implere
1813 806 2050 846 θυι-τινος

479 902 575 957 ris.

974 984 1049 1040 De
1083 982 1560 1039 commiseratione.

552 1078 623 1135 Ut
672 1075 921 1147 corporis
994 1075 1175 1130 omnis
1208 1073 1399 1127 umbra
1457 1086 1675 1141 semper
1711 1079 1796 1126 est
1841 1084 2050 1133 comes,

485 1173 556 1226 ita
588 1185 802 1238 semper
831 1166 1108 1221 hominem
1148 1176 1432 1235 peccatum
1457 1163 1820 1229 consequitur
1845 1177 1860 1214 :
1890 1169 2053 1215 natu-

484 1278 542 1316 ra
577 1262 723 1315 enim
760 1259 999 1312 humana
1032 1257 1186 1311 valde
1212 1256 1277 1308 ad
1302 1254 1594 1308 labendum
1644 1262 1731 1307 est
1762 1251 2049 1322 proclivis,

480 1363 535 1408 et
562 1352 627 1405 ad
650 1352 953 1406 cadendum
976 1363 1165 1418 prona.
1201 1348 1335 1402 Esto
1354 1346 1520 1416 igitur
1546 1344 1862 1399 errantibus
1884 1342 2045 1409 lenis,

480 1458 533 1502 et
561 1446 791 1515 iustitia:
814 1443 1056 1496 admisce
1084 1440 1510 1493 humanitatem.
1550 1437 1606 1491 Si
1632 1440 1777 1491 enim
1828 1435 1946 1505 ipse
1983 1432 2053 1488 ab

482 1536 801 1593 errantibus
831 1534 1003 1604 exigis
1040 1532 1334 1593 rationem,
1384 1535 1600 1581 tuorum
1650 1527 1767 1597 ipse
1795 1533 2053 1595 peccato-

482 1644 606 1683 rum
639 1640 925 1683 censorem
959 1623 1131 1678 habes
1162 1621 1332 1676 Deum
1371 1636 1387 1675 :
1416 1619 1642 1691 proinde
1674 1617 1912 1687 quotidie
1952 1616 2049 1671 tibi

484 1717 603 1788 ipse
627 1714 891 1771 denuntia
916 1731 931 1778 ;
960 1722 1019 1768 ιιι
1045 1714 1169 1768 aliis
1196 1719 1420 1782 peccata
1449 1708 1845 1773 remiseris,ita
1875 1722 1904 1761 a
1943 1706 2052 1762 Deo

483 1807 776 1861 remissum
810 1806 875 1859 iri
899 1804 993 1859 tibi
1028 1818 1210 1873 spera.
1240 1801 1375 1856 Cum
1410 1814 1541 1869 ergo
1568 1797 1945 1869 prtrjudicium
1980 1795 2049 1847 ti-

460 1890 536 1945 .bi
568 1891 683 1960 ipse
714 1889 906 1953 facias,
935 1887 1154 1941 remitte
1174 1883 1502 1938 debentibus
1531 1881 1736 1945 debita,
1778 1890 1838 1932 ut
1874 1887 1928 1932 et
1953 1878 2048 1931 tibi

483 1982 832 2034 remittantur
856 1990 988 2032 tua:
1025 1990 1148 2046 quze
1169 1975 1314 2030 enim
1349 1970 1633 2027 conservis
1677 1970 1787 2025 tuis
1833 1967 2050 2030 feceris,

482 2072 669 2126 eadem
708 2084 737 2121 a
767 2067 1044 2123 communi
1072 2066 1302 2120 Domino
1340 2063 1597 2133 recipies,
1631 2069 1686 2115 et
1719 2058 2053 2130 quojudicio

481 2163 619 2219 alios
640 2160 996 2233 iudicaveris,
1021 2158 1210 2214 eodem
1237 2165 1293 2211 et
1330 2156 1448 2226 ipse
1477 2150 1837 2225 judicaberis.

1080 2330 1154 2384 De
1186 2329 1450 2399 arquitate.

554 2427 740 2482 l’ra-be
785 2424 974 2478 faciles
1024 2436 1188 2476 aures
1211 2418 1475 2488 precanti,
1511 2417 1673 2487 eique
1710 2416 1921 2486 placide
1966 2428 2052 2468 re-

481 2516 710 2588 sponde.
770 2512 886 2566 Etsi
951 2522 1172 2581 prepter
1225 2508 1427 2564 terreni
1485 2506 1637 2578 regni
1671 2505 2051 2561 celsitudinem

482 2607 635 2661 aditu
704 2604 880 2659 facilis
935 2616 1043 2656 nou
1075 2616 1156 2665 es,
1208 2606 1264 2653 at
1315 2610 1538 2668 propter
1598 2598 1751 2668 regni
1811 2595 2052 2652 cmlestis

480 2710 636 2765 spem
683 2708 946 2748 accessus
1004 2689 1071 2745 ad
1110 2698 1166 2745 te
1220 2698 1402 2759 pateat
1444 2688 1723 2744 omnibus.
1756 2686 2053 2743 Consolare

483 2796 782 2843 atterentes
824 2786 869 2841 si
920 2799 1026 2839 non
1076 2782 1425 2848 muneribus,
1456 2790 1514 2835 at
1563 2780 1759 2835 saltem
1815 2777 2048 2833 verbis:

481 2896 608 2936 nam
630 2880 713 2935 vel
744 2894 911 2934 unum
946 2876 1175 2933 verbum
1199 2890 1365 2946 quam
1400 2873 1569 2928 multa
1602 2885 1833 2928 munera
1865 2871 2042 2943 pluris

2154 426 2373 496 μνήμην
2417 424 2475 477 δὲ
2523 422 2825 494 καταλίπῃς
2865 420 3097 489 ἀγαθὴν,
3127 417 3221 470 ὲάν
3262 416 3354 469 καὶ
3398 414 3561 476 αὐτὸς
3599 413 3724 475 τοὺς

2150 515 2361 584 ἀγαθὴν
2387 514 2784 576 καταλιπόντας
2833 513 3057 581 μνήμην
3086 508 3268 579 ζηλοῖς
3287 523 3302 539 ο
3337 506 3424 557 ἵνα
3454 502 3599 557 καλά
3627 502 3726 572 μὲν

2152 610 2522 682 ἐκμελετήσῃς
2565 608 2766 676 λέγειν,
2798 607 2867 659 τὰ
2896 606 3055 674 ὃμοια
3100 602 3155 655 δὲ
3192 598 3511 669 συνεϐισθῇς
3556 598 3727 668 πράτ-

2150 718 2291 767 τειν,
2324 702 2420 755 καὶ
2465 699 2503 755 ἃ.
2556 701 2775 770 φρονεῖν
2826 695 3198 765 ἐπιτηδεύσεις
3240 693 3329 745 διά
3376 690 3484 744 τῶν
3527 688 3725 759 λόγων,

2150 792 2325 847 ταῦτα
2355 794 2528 846 ποιεῖν
2556 790 2876 861 ἐπιμελήσει
2903 788 2991 841 διά
3021 786 3128 839 τῶν
3159 783 3358 853 ἔργων.

2650 965 2786 1033 Περὶ
2815 961 3215 1031 συμπαθείας.

2223 1062 2431 1130 ’Ὠσπερ
2453 1060 2552 1114 οὐκ
2578 1057 2657 1112 ενι
2689 1056 2848 1126 σῶμα
2883 1047 2927 1122 ᾧ
2948 1054 3009 1107 οὐ
3041 1052 3349 1123 παρέπεται.
3382 1046 3529 1105 σκιὰ.
3554 1046 3729 1110 οὕτως

2150 1154 2272 1207 οὐδὲ
2324 1151 2607 1222 ἄνθρωπος
2661 1141 2706 1217 ᾧ
2733 1148 2794 1201 οὐ
2828 1144 3137 1217 παρέπεται
3183 1138 3449 1211 ἀμαρτία.
3487 1137 3553 1191 Ἦ
3618 1137 3730 1208 γὰρ

2153 1243 2313 1313 φύσις
2339 1243 2371 1310 ἡ
2382 1240 2498 1310 μῶν
2521 1238 2795 1293 εὐόλισθόν
2840 1252 2894 1290 τι
2930 1234 3115 1306 χρῆμα
3149 1231 3245 1286 καὶ
3273 1231 3410 1299 πρὸς
3434 1229 3496 1282 τδ
3514 1229 3731 1283 πταίειν

2152 1333 2547 1403 εὐκατάφορον.
2582 1330 2716 1383 "Eoo
2743 1324 2837 1381 οὖν
2869 1327 2981 1388 τοῖς
3028 1322 3437 1394 ἁμαρτάνουσιν
3467 1319 3728 1389 εὐμενὴς,

2152 1426 2247 1480 καὶ
2272 1423 2349 1494 τῷ
2368 1424 2562 1492 δικαίῳ
2584 1421 2747 1491 κῖρνα
2772 1418 2835 1473 τὸ
2875 1416 3278 1487 φιλάνθρωπον.
3311 1413 3428 1465 Κᾶν
3463 1411 3573 1481 γάρ
3607 1409 3732 1463 ἑτέ-

2155 1534 2283 1588 ρους
2309 1515 2603 1577 πταίοντας
2626 1511 2953 1582 λογοθετεῖς,
2977 1507 3112 1562 ἀλλά
3132 1508 3227 1560 xa‘t
3250 1504 3413 1568 αὐτὸς
3432 1503 3541 1556 τῶν
3562 1519 3732 1555 σεαυ-

2152 1606 2246 1660 τοῦ
2281 1604 2617 1676 σφαλμάτων
2648 1601 2942 1671 λογοθέτην
2968 1599 3114 1670 ἔχεις
3138 1597 3230 1650 τὸν
3274 1594 3428 1650 Θεόν.
3461 1594 3570 1647 Kal.
3602 1592 3730 1646 καθ’

2085 1670 2125 1724 Β
2153 1670 2391 1767 ἑκάστην
2420 1670 2599 1766 ἐαυτῷ
2636 1693 2925 1766 παρεγγύα
2947 1693 3047 1761 τὴν
3100 1688 3335 1761 ἡμέραν,
3372 1686 3450 1748 ὡς
3498 1686 3733 1755 ἀφήσεις

2152 1790 2247 1844 καὶ
2272 1789 2434 1851 αὐτὸς
2459 1786 2725 1857 ἀφεθῆναί
2766 1802 2850 1837 σοι
2910 1781 3042 1854 παρ’
3097 1778 3292 1834 ἑαυτοῦ
3322 1777 3529 1840 ἔλπιζε.
3574 1775 3731 1829 Ἐπεὶ

2151 1880 2243 1936 οὖν
2274 1879 2482 1951 σεαυτῷ
2509 1878 2606 1948 τὴν
2640 1875 2824 1949 κρίσιν
2853 1871 3181 1943 ἐπιψηφίζῃ,
3210 1871 3345 1939 ἀφες
3365 1870 3479 1930 τοῖς
3512 1865 3731 1934 ὀφειλέ-

2151 1989 2270 2036 ταις
2296 1971 2365 2025 τά
2396 1970 2758 2039 ὀφειλήματα,
2789 1969 2885 2021 καὶ
2941 1962 3274 2034 ἀφεθήσεταί
3332 1977 3414 2013 σοι
3446 1958 3516 2011 τά
3548 1960 3736 2030 ἀμαρ-

2150 2063 2393 2132 τήματα.
2431 2060 2499 2112 Ἀ
2535 2058 2645 2127 γὰρ
2688 2058 2755 2113 ἂν
2785 2058 2898 2119 τοῖς
2934 2053 3240 2115 συνδούλοις
3267 2053 3531 2119 ποιήσεις,
3554 2045 3733 2132 ταῦτα.

2153 2131 2303 2219 παρά
2319 2146 2410 2200 τοῦ
2439 2145 2620 2200 κοινοῦ
2653 2144 2926 2198 Δεσπότου
2957 2141 3314 2210 ἀνταποδὲξῃ,
3336 2141 3416 2193 ὅτι
3456 2139 3514 2191 ὲν
3540 2131 3585 2206 ᾧ
3606 2137 3734 2209 κρί-

2157 2256 2287 2310 ματι
2321 2238 2548 2309 κρίνεις,
2574 2239 2631 2291 ὲν
2669 2236 2843 2306 τούτῳ
2870 2235 2965 2290 καὶ
2987 2233 3248 2307 κριθήσῃ.

2683 2328 2820 2395 Περὶ
2851 2325 3193 2391 ἐπιεικείας.

2237 2420 2556 2475 ’Υπόκλινον
2603 2418 2665 2471 τὸ
2694 2414 2787 2481 οὖς
2817 2434 2909 2470 σου
2951 2416 3029 2487 τῷ
3067 2415 3332 2486 δεομένῳ,
3370 2415 3464 2469 καὶ
3497 2412 3733 2484 ἀποκρί-

2153 2515 2275 2587 θητι
2312 2512 2463 2583 αὐτῷ
2494 2512 2565 2565 τὰ
2591 2509 2866 2582 εἰρηνικά.
2901 2510 3022 2562 Κᾶν
3074 2508 3185 2579 γὰρ
3217 2506 3510 2579 ἀπρόσιτος
3548 2505 3736 2575 ὐπάρ-

2152 2624 2253 2677 χῃς
2283 2605 2372 2659 διὰ
2396 2605 2494 2675 τὴν
2527 2603 2677 2657 κάτω
2697 2600 3037 2664 δυναστείαν,
3055 2598 3167 2653 ἀλλ’
3194 2598 3514 2667 εὐπρόσιτος
3567 2592 3734 2664 γενοῦ

2151 2700 2240 2755 διά
2272 2698 2370 2769 τὴν
2416 2698 2528 2752 ἀνω
2559 2694 2828 2762 ἐξουσίαν.
2860 2691 3264 2762 Παραμύθησαι
3295 2690 3423 2751 τοὺς
3454 2684 3735 2755 ὀδυνωμέ-

2152 2809 2299 2859 νους,
2333 2790 2383 2843 εί
2411 2788 2506 2843 καὶ
2537 2787 2612 2858 μὴ
2641 2784 2855 2857 δώροις,
2877 2785 2992 2838 ἀλλ’
3021 2782 3113 2836 οὖν
3143 2784 3256 2845 τοῖς
3285 2781 3486 2849 λόγοις·
3515 2777 3736 2832 πολλῶν

2152 2884 2262 2953 γὰρ
2289 2879 2509 2952 δωρεῶν
2538 2872 2653 2931 οἶδα
2686 2876 2783 2930 καὶ
2810 2875 2971 2943 λόγον
2994 2873 3091 2927 ἕνα
3120 2871 3435 2941 ὐπεράξιον,
3482 2870 3575 2924 καὶ
3623 2886 3735 2939 μυ·-

482 2987 607 3029 esse
632 2969 777 3035 novi,
835 2977 891 3025 et
911 2968 1117 3024 dictum
1148 2966 1370 3021 unicum
1410 2964 1476 3020 ad
1495 2962 1888 3020 consolandum
1939 2961 2049 3017 elli-

2156 2975 2286 3047 ρίων
2329 2972 2506 3026 ἄλλων
2557 2966 2904 3040 πραγμάτων
2951 2965 3106 3039 ῥῆμα
3157 2964 3215 3018 ἓν
3266 2965 3345 3027 είς
3400 2959 3736 3033 παραψυχὴν

481 3063 673 3119 cacius
703 3076 829 3117 esse
882 3075 1047 3130 quam
1088 3073 1177 3113 res
1231 3058 1368 3112 alias
1414 3062 1724 3112 sescentas.
1754 3052 1872 3108 Non
1905 3052 2050 3108 enim

481 3161 696 3207 tantum
725 3150 867 3206 valet
895 3149 1139 3220 pecunia:
1158 3148 1315 3219 copia
1344 3146 1412 3202 ad
1441 3145 1730 3202 levandum
1755 3144 1920 3199 animi
1953 3143 2052 3199 do-

482 3245 678 3305 lorem,
708 3251 974 3312 quantum
1014 3239 1212 3295 blanda
1261 3246 1316 3294 et
1346 3239 1485 3294 lenis
1519 3238 1699 3293 oratio
1735 3235 2000 3307 principis
2034 3253 2049 3289 :

483 3336 587 3391 hac
614 3335 784 3405 igitur
808 3333 1025 3389 ratione
1048 3331 1399 3387 subditorum
1450 3330 1546 3385 tibi
1597 3328 1923 3400 populorum
1956 3328 2052 3383 be-

481 3426 844 3482 nevolentiam
864 3425 985 3480 sine
1036 3423 1151 3478 ullo
1182 3430 1406 3492 sumptu
1448 3420 1545 3476 tibi
1575 3419 1920 3484 conciliabis,
1954 3418 2051 3489 qui

479 3533 547 3571 ex
576 3531 641 3572 co
694 3524 749 3573 te
777 3523 984 3585 patrem
1028 3515 1210 3586 potius
1244 3528 1407 3584 quam
1455 3512 1733 3567 dominum
1787 3510 2054 3583 pradica-

482 3607 637 3662 bunt.

652 3700 655 3705 λ
973 3696 1049 3751 De
1078 3695 1352 3765 referenda
1374 3695 1572 3766 gratia.

552 3786 695 3853 Quot
727 3802 754 3839 a
798 3788 907 3841 Deo
932 3789 1190 3856 accepisti
1228 3785 1515 3847 beneficia,
1551 3792 1631 3838 tot
1657 3784 1799 3840 scito
1851 3783 2054 3839 debere

483 3875 778 3945 te‘gratias
803 3875 851 3930 ei
888 3874 1114 3940 referre,
1145 3875 1239 3943 qui
1267 3874 1445 3928 debita
1482 3889 1591 3928 non
1642 3884 1902 3943 tanquam
1957 3872 2052 3927 de-

486 3964 598 4021 bita
642 3963 913 4033 excipiat,
958 3963 1051 4017 sed
1107 3962 1266 4030 quasi
1326 3976 1425 4030 pro
1457 3962 1634 4030 gratia
1662 3961 1831 4029 duplo
1865 3962 2051 4031 plures

483 4056 688 4130 gratias
740 4053 954 4109 reddat.
1004 4052 1174 4124 igitur
1220 4052 1467 4123 largitori
1522 4053 1792 4107 bonorum
1848 4056 2049 4109 bonam

482 4144 714 4218 gratiam
755 4145 943 4205 redde,
1003 4153 1059 4199 et
1101 4158 1266 4214 quam
1307 4143 1377 4198 ab
1410 4157 1476 4198 eo
1502 4143 1768 4213 accepisti
1803 4144 2052 4201 domina-

483 4237 711 4299 tionem,
751 4251 872 4291 eam
921 4234 1200 4291 beneficiis
1260 4234 1317 4288 in
1377 4242 1502 4289 tuos
1551 4234 1902 4292 conferendis
1946 4237 2051 4293 im-

2157 3062 2539 3136 ἰσχυρὼτερον.
2574 3061 2649 3115 Οὐ
2692 3058 2947 3113 τοσοῦτον
2997 3057 3106 3128 γὰρ
3148 3056 3449 3128 χρημάτων
3503 3054 3737 3108 δύναται

2152 3154 2463 3230 περιουσία,
2488 3153 2565 3216 ὡς
2600 3149 2864 3220 βασιλέως
2897 3150 3050 3221 ῥῆμα
3079 3147 3342 3210 ὶπιεικὲς,
3395 3143 3735 3217 παραμυθή-

2155 3247 2345 3302 σεσθαι
2366 3244 2544 3315 ψυχὴν
2564 3239 2857 3310 ἀλγοῦσαν.
2876 3237 3062 3301 Οὕτως
3090 3234 3371 3305 ἀγαπητὸς
3388 3234 3590 3303 γενήσῃ
3615 3232 3737 3294 τοῖς

2154 3341 2257 3396 ὐπό
2281 3341 2439 3411 χεῖρα
2474 3336 2733 3407 μάλιστα,
2763 3331 2857 3385 καὶ
2882 3330 3129 3399 δαπάνης
3159 3327 3325 3398 χωρὶς
3353 3326 3451 3397 τὴν
3469 3326 3734 3379 ἁπάντων

2153 3429 2368 3485 εὔνοιαν
2387 3425 2695 3497 κερδήσεις,
2728 3421 2823 3477 καὶ
2859 3419 3074 3490 πατέρα
3101 3435 3156 3472 σε
3185 3417 3384 3488 μᾶλλον
3407 3416 3440 3488 ἦ
3462 3414 3736 3487 δεσπότην

2154 3516 2584 3590 ἀνακηρύξουσι.

2642 3690 2781 3759 Περὶ
2818 3691 2951 3745 ἀντι
2958 3690 3222 3758 χάριτος.

2227 3786 2368 3842 Ἴσοι
2401 3787 2476 3850 ὡς
2501 3784 2584 3855 ἐφ’
2617 3785 2741 3839 ὅσον
2767 3782 3008 3855 ὴξιώθης
3032 3781 3182 3853 παρά
3208 3779 3343 3835 Θεοῦ
3366 3778 3473 3834 τῶν
3488 3779 3731 3847 ἀγαθῶν,

2152 3878 2248 3935 ἐπὶ
2271 3876 2525 3931 τοσοῦτον
2550 3874 2789 3944 ὀφείλεις
2821 3871 2969 3942 αὐτῷ
2989 3869 3313 3925 ἀντιδιδόναι
3335 3870 3433 3934 τάς
3477 3871 3730 3940 χάριτας,

2152 3970 2231 4041 τῷ
2264 3968 2341 4041 μὴ
2375 3967 2451 4030 ὡς
2476 3967 2638 4037 χρέος
2671 3966 2948 4037 δεχομένῳ
2984 3964 3083 4028 τὰς
3129 3963 3376 4032 ὀφειλάς,
3430 3962 3546 4016 ἀλλ’
3576 3962 3730 4015 ἀντι-

2150 4060 2367 4123 διδόντι,
2398 4057 2588 4127 ὥσπερ
2623 4059 2745 4111 ἀντὶ
2785 4056 3026 4128 χαρίτων
3081 4054 3426 4118 διπλασίονας
3477 4054 3728 4125 χάριτας.

2155 4152 2423 4223 ’Δμειψαι
2441 4145 2534 4205 οὖν
2554 4149 2633 4221 τῷ
2657 4148 2919 4222 εὐεργέτῃ
2933 4150 3042 4203 τῶν
3060 4146 3281 4216 ἀγαθῶν
3301 4148 3461 4219 χάριν
3493 4145 3729 4219 ἀγαθὴν,

2150 4244 2247 4298 καὶ
2307 4243 2375 4314 ἣν
2408 4239 2598 4302 ἔλαϐες
2651 4238 2782 4311 παρ’
2822 4238 2986 4293 αὐτοῦ
3025 4237 3276 4303 ἐξουσίαν
3321 4239 3528 4310 χρῆσαι
3553 4237 3730 4309 ταύτῃ

481 4327 680 4398 pende.
722 4326 825 4383 Sed
861 4340 957 4382 eos
1004 4334 1188 4380 tamen
1219 4326 1285 4380 ad
1316 4325 1768 4383 benefaciendum
1803 4329 2036 4387 ditiores

2149 4337 2262 4398 ταῖς
2308 4335 2387 4398 είς
2435 4334 2562 4397 τούς
2600 4332 2827 4402 πλησίον
2872 4330 3233 4403 εὐεργεσίαις.
3289 4330 3733 4400 Πλουσιωτέρους

481 4428 535 4475 te
572 4434 697 4475 esse
730 4425 941 4489 putato,
970 4417 1061 4488 qui
1092 4427 1145 4472 te
1170 4424 1300 4472 sunt
1323 4417 1566 4473 minores
1589 4419 1733 4489 quod
1766 4420 1833 4475 ad
1860 4421 2037 4492 impe-

479 4507 548 4563 rii
586 4507 884 4577 potentiam
930 4507 1145 4561 attinet.
1177 4505 1294 4562 Non
1336 4508 1479 4562 enim
1532 4524 1650 4564 eam
1691 4512 1949 4582 accepisti
1990 4520 2051 4569 ut

479 4599 768 4659 retineres,
826 4596 923 4652 sed
977 4598 1264 4667 suscepisti
1326 4608 1385 4653 ut
1423 4600 1862 4665 administrares,
1899 4605 2051 4661 etab

477 4703 564 4749 eo.
599 4689 693 4760 qui
717 4704 839 4745 eam
899 4688 998 4742 tibi
1054 4689 1298 4753 tradidit,
1332 4691 1516 4761 proba:
1548 4692 2049 4755 administrationis

480 4781 784 4836 mercedem
835 4795 901 4836 ac
963 4794 1062 4851 pro
1094 4788 1316 4837 terreno
1375 4798 1601 4853 regnum
1650 4786 1876 4844 cmleste
1906 4790 2049 4846 rcci-

478 4884 657 4941 peros.

864 4963 945 5019 De
970 4965 1360 5035 pulchritudine
1392 4970 1657 5037 corporis.

547 5049 807 5122 Corporis
860 5053 1032 5111 forma
1087 5057 1362 5113 hominem
1421 5058 1600 5114 reddit
1633 5059 1913 5129 idoneum,
1946 5061 2043 5136 qui

479 5144 535 5197 in
565 5144 690 5197 aula
714 5144 826 5215 regi
858 5153 1080 5203 terreno
1105 5148 1369 5216 assistat;
1406 5150 1504 5206 sed
1530 5151 1697 5205 animi
1731 5155 2046 5223 pulchritu-

477 5233 549 5288 do
575 5234 725 5288 illum
752 5238 962 5294 cmlesti
992 5241 1105 5311 regi
1139 5240 1365 5297 charum
1388 5251 1714 5314 gratumque
1738 5247 1912 5303 reddit
1947 5268 1959 5303 :
1988 5258 2045 5305 et

480 5323 572 5377 illa
634 5325 852 5393 quidem
886 5336 946 5381 ut
999 5334 1399 5389 momentaneis
1450 5335 1758 5393 honoribus
1792 5338 2044 5409 perfrua-

480 5428 603 5468 mur
632 5413 761 5468 facit
799 5429 817 5469 :
854 5416 967 5472 haec
1016 5432 1146 5473 vero
1176 5431 1433 5477 aternam
1480 5426 1640 5481 nobis
1679 5426 1773 5483 Dei
1828 5444 1892 5484 ac
1933 5429 2041 5483 Do-

2153 4426 2211 4480 δέ
2232 4443 2323 4479 σου
2347 4423 2547 4497 μᾶλλον
2568 4423 2755 4494 νόμιζε
2782 4421 2925 4477 κατά
2952 4422 3052 4493 τὴν
3082 4421 3353 4484 εὐποιίαν,
3390 4422 3505 4475 ὅσοι
3532 4423 3736 4490 μικρό-

2151 4515 2301 4588 τεροι
2324 4532 2417 4569 σου
2440 4514 2767 4583 τυγχάνουσι
2784 4511 2871 4565 διά
2889 4512 2987 4582 τὴν
3004 4510 3273 4578 ἐξουσίαν.
3296 4511 3369 4563 Οὐ
3388 4509 3494 4579 γὰρ
3511 4507 3728 4575 ἔλασες,

2152 4606 2239 4659 ἵνα
2285 4604 2543 4676 κατέχῃς,
2576 4603 2689 4657 ἀλλ’
2717 4601 2903 4668 ἐδέξω,
2933 4602 3023 4657 ἵνα
3054 4602 3442 4674 οίκονομήσῃς,
3500 4600 3597 4654 καὶ
3625 4599 3731 4670 τῆς

2151 4697 2323 4767 καλῆς
2362 4696 2677 4769 διοικήσεως
2717 4693 2867 4764 παρά
2881 4693 2974 4748 τοῦ
3003 4694 3296 4758 δεδωκότος
3339 4694 3464 4756 τοὺς
3500 4691 3733 4763 μισθοὺς
3840 4708 3843 4709 ⁷

2151 4788 2430 4862 ἀπολήψῃ,
2456 4789 2549 4842 καὶ
2572 4787 2690 4841 ἀντὶ
2712 4786 2811 4855 τῆς
2837 4786 3106 4856 ἔπικήρου
3135 4783 3434 4856 βασιλείας,
3465 4782 3563 4855 τὴν
3587 4781 3719 4838 ἀθά-

2151 4898 2329 4935 νατον.

2566 4974 2703 5042 Περὶ
2729 4973 2996 5041 κάλλους
3016 4972 3307 5044 σώματος.

2232 5063 2517 5136 Ὠραιότης
2562 5064 2816 5136 σώματος
2842 5066 2994 5131 ἀξιον
3026 5065 3119 5119 τὸν
3146 5064 3484 5137 κεκτημένον
3498 5064 3724 5134 ἐποίησε

2150 5154 2516 5224 παρίστασθαι
2558 5153 2636 5224 τῷ
2672 5156 2902 5226 ὲπιγείφ
2928 5156 3169 5226 βασιλεῖ’
3211 5156 3485 5226 ὡραιότης
3536 5156 3594 5210 δὲ
3616 5155 3723 5225 ψνο

2149 5244 2252 5314 χῆς
2276 5245 2558 5313 ἀγαπητὸν
2583 5246 2876 5316 ἐργάζεται
2887 5248 2978 5301 τὸν
3005 5248 3291 5320 ἄνθρωπον
3307 5247 3387 5319 τῷ
3410 5248 3726 5319 ἐπουρανίῳ

2147 5334 2381 5389 Βασιλεῖ.
2417 5336 2559 5390 Ἀλλ’
2585 5339 2617 5407 ἠ
2660 5338 2759 5408 μὲν
2793 5338 3129 5411 πρόσκαιρον
3150 5340 3263 5410 ἔχει
3296 5341 3393 5410 τὴν
3414 5339 3525 5393 τῶν
3556 5339 3722 5403 ἀξιω-

2149 5425 2335 5495 μάτων
2361 5425 2692 5481 ἀπόλαυσιν·
2724 5429 2757 5497 ἡ
2809 5428 2865 5481 δὲ
2897 5430 3122 5484 αίωνίαν
3154 5431 3399 5501 εὑρίσκει
3428 5429 3529 5500 τὴν
3582 5430 3718 5499 πρὸς

480 5502 612 5557 ini
668 5502 963 5560 amicitiam
1016 5505 1554 5583 familiaritatemque
1610 5516 1884 5572 conciliat.
1958 5518 2040 5574 Tu

2149 5518 2235 5570 τὸν
2262 5517 2396 5571 Θεὸν
2437 5517 2532 5572 καὶ
2564 5520 2842 5591 Δεσπότην
2866 5522 3160 5576 οίκείωσιν.
3206 5521 3346 5575 Ἀλλ’
3401 5522 3563 5584 αὐτὸς
3615 5520 3717 5589 μὲν

480 5605 610 5648 vero
642 5593 851 5650 nullum
876 5596 1046 5655 babes
1071 5603 1125 5655 te
1151 5601 1489 5670 superiorem
1526 5604 1615 5660 cui
1654 5607 1904 5677 corporis
1926 5610 2042 5680 pul-

2143 5607 2241 5663 οὐκ
2267 5607 2409 5679 ἔχεις
2439 5609 2624 5680 ἕτερον
2653 5611 2794 5683 ὑπὲρ
2818 5612 2901 5681 σὲ,
2935 5606 2980 5681 ᾧ
3002 5611 3079 5684 τῷ
3097 5612 3191 5667 τοῦ
3226 5609 3480 5683 σώματος
3525 5610 3717 5667 κάλλει
