3992 6204
240 299 361 340 XLIX

997 283 1277 344 BASILII
1320 285 1474 346 IMP.
1516 288 1958 350 PARxENESIS
1987 293 2086 351 AD
2109 295 2418 362 LEONEM
2452 302 2745 365 FILIUM.
3468 323 3503 369 t.

238 407 469 478 ἀρέσεις,
501 402 626 457 ἀλλ’
657 402 798 472 ἔχεις
820 400 975 464 Θεὸν,
1011 403 1070 466 ὃς
1108 404 1170 456 ού
1199 404 1391 469 κάλλος
1439 405 1690 477 σώματος
1721 409 1796 461 ἔχε

1920 410 2229 468 chritudine
2293 416 2533 486 placeas,
2583 418 2679 474 sed
2740 417 2912 474 Deum
2964 420 3132 478 habes
3187 423 3514 494 Dominum,

238 501 397 568 ζητεῖ,
441 495 587 550 ἁλλά
638 495 816 564 ψυχῆς
866 495 1167 564 εὐγένειαν.
1204 498 1392 569 Τούτῳ
1436 496 1530 554 οῦν
1563 500 1796 571 ἀρέσκει

1925 505 2018 572 qui
2051 507 2302 575 corporis
2333 506 2563 564 formam
2592 526 2699 565 non
2727 513 2983 582 requirit,
3016 513 3112 569 sed
3152 517 3321 570 animi
3347 520 3506 574 nobi-

241 589 421 642 σπεῦδε
445 588 540 640 διὰ
566 588 790 650 παντὸς,
829 588 930 657 τὴν
966 589 1132 643 αὑτοῦ
1159 591 1346 645 εἰκόνα
1383 592 1596 661 σεαυτῷ
1644 592 1820 646 καθα-

1926 599 2155 653 litatent.
2224 597 2361 655 Huic
2413 601 2576 671 igitur
2621 604 2676 657 in
2708 606 2966 660 omnibus
3012 607 3228 676 placere
3254 608 3502 673 studeas.

243 683 331 751 p‘zv
358 684 448 733 καὶ
505 679 818 748 ἀμόλυντον
868 679 1172 751 φυλάττων,
1205 683 1295 736 διά
1331 683 1432 754 τῆς
1456 684 1796 755 σωφροσύνηι

1923 689 2071 742 illius
2125 690 2413 759 imaginem
2480 709 2672 764 puram
2727 696 3215 766 incorruptamque
3241 716 3337 770 per
3369 710 3500 756 tem-

240 774 324 826 καὶ
351 772 710 843 ἀγαθότητος.

801 951 942 1020 Περὶ
971 953 1249 1020 ἰατρείας.

308 1045 459 1109 Κενὸς
520 1045 735 1108 ἐκεῖνός
763 1046 914 1099 ἔστιν
962 1047 989 1099 ό
1020 1045 1112 1099 τοῦ
1169 1047 1358 1117 ἰατροῦ
1393 1049 1576 1113 πόνος,
1607 1048 1702 1102 ὲάν
1750 1049 1814 1103 τὸ

247 1141 359 1208 παρ’
388 1137 548 1190 αὐτοῦ
581 1137 877 1208 φάρμακον
905 1135 965 1189 τὸ
989 1138 1147 1205 σῶμα
1171 1137 1247 1208 μὴ
1279 1138 1561 1212 ίατρεύσῃ·
1595 1141 1689 1194 καὶ
1707 1141 1814 1210 μά·

1924 780 2225 850 perantiam
2265 797 2331 838 ac
2385 799 2605 840 morum
2626 787 2924 855 puritatem
2955 787 3009 842 in
3035 797 3088 843 te
3120 789 3241 859 ipso
3275 806 3504 848 conser-
3535 815 3540 820 ·

1924 889 2081 929 ναηε.

2517 968 2589 1023 De
2620 971 2906 1024 medicina.

1987 1055 2182 1112 Medici
2231 1058 2387 1113 labor
2443 1058 2625 1115 inanis
2644 1069 2750 1124 est,
2795 1062 2840 1117 si
2869 1077 2991 1132 quae
3014 1064 3082 1117 ab
3111 1078 3178 1119 eo
3209 1065 3503 1120 exhibetur

1915 1148 2184 1202 medicina
2218 1164 2418 1219 corpus
2447 1165 2554 1204 non
2581 1157 2772 1205 curat:
2799 1152 2873 1204 ita
2917 1167 3056 1206 vana
3081 1164 3164 1208 est
3193 1155 3504 1224 philosophi

247 1244 374 1292 ταιος
401 1227 602 1288 ἐκεῖνος
625 1227 654 1277 ό
689 1224 784 1278 τοῦ
831 1225 1123 1294 φιλοσόφου
1164 1224 1346 1294 λόγος,
1379 1227 1444 1281 ἂν
1468 1227 1544 1299 μὴ
1586 1228 1796 1299 δύνηται

1918 1241 2124 1302 oratio.
2155 1256 2277 1310 quae
2314 1257 2422 1296 non
2452 1251 2632 1312 potest
2662 1244 2827 1298 animi
2859 1245 3372 1312 perturbationibus
3396 1263 3506 1301 me-

248 1321 306 1372 τέι
329 1319 460 1387 πάθη
495 1317 596 1386 τῆς
633 1316 816 1387 ψυχῆς
839 1315 1194 1386 θεραπεῦσαι.
1221 1319 1435 1390 Ὠσπερ
1455 1318 1564 1390 γὰρ
1594 1321 1796 1388 ἰατροὺς

1913 1329 2052 1385 deri.
2093 1331 2248 1386 Sicut
2287 1332 2434 1386 enim
2485 1332 2715 1389 medicis
2747 1336 3027 1404 proprium
3056 1345 3140 1391 est
3167 1336 3236 1391 de
3257 1338 3506 1407 corpori-

255 1413 360 1483 περὶ
390 1411 657 1480 σωμάτων
686 1409 1026 1478 φιλοσοφεῖν,
1056 1407 1198 1462 οὕτω
1227 1409 1324 1462 καὶ
1351 1409 1672 1480 φιλοσόφους
1708 1410 1806 1480 ψυο

255 1507 335 1574 χάς
357 1506 617 1574 ἰατρεύειν
668 1501 972 1569 ἀναγκαῖόν
1000 1503 1168 1555 ἐστιν.
1213 1501 1488 1566 Ἐκείνους
1514 1500 1646 1570 γοῦν
1671 1502 1806 1572 ήγοῦ

263 1599 438 1664 ἰατροὺς
463 1595 712 1661 ἀληθεῖς,
767 1595 882 1648 ὅσοι
911 1592 1020 1647 ἀπὸ
1051 1593 1319 1663 σωμάτων
1357 1594 1456 1659 τὰς
1503 1593 1693 1659 νόσους
1739 1597 1805 1667 τῇ

271 1687 693 1757 τὲχνῃόιιέικουσν
735 1685 1023 1748 κάκείνους
1053 1684 1238 1755 όρίξου
1274 1685 1599 1754 φιλοσόφους
1634 1685 1801 1756 ἀψευ-

404 1783 492 1834 am
519 1780 633 1833 ἀπὸ
658 1778 771 1832 τῶν
798 1778 990 1848 ψυχῶν
1029 1778 1096 1832 τὰ
1139 1778 1286 1850 πάθη
1330 1781 1443 1842 τοῖς
1480 1779 1662 1848 λόγοις
1707 1779 1797 1847 ἐξ·

269 1875 506 1941 ορίςουτιν·
525 1875 576 1926 εῐ
601 1889 666 1941 γε
701 1871 1019 1942 πειθηνίους
1044 1871 1262 1941 ἔχουσιν
1284 1873 1410 1936 τοὺς
1439 1871 1801 1935 ἀσθενοῦντας

256 1967 308 2019 δι’
325 1967 458 2020 ὅλου.

699 2054 835 2122 Περὶ
877 2053 1302 2123 συκοφαντῶν.

331 2148 518 2216 ’Δκοὴν
570 2147 785 2218 ματαίαν
816 2146 891 2216 μὴ
923 2145 1254 2216 παραδέχου,
1311 2146 1447 2218 μηδὲ
1487 2147 1612 2210 τοὺς
1642 2163 1804 2200 συκο-

253 2239 572 2309 φαντοῦντας
622 2237 990 2306 ἑναγκαλίζου,
1028 2237 1162 2307 μηδὲ
1217 2237 1442 2306 φαύλοις
1492 2235 1804 2308 ἀνθρώποις

251 2333 361 2401 εἰκῆ
383 2333 611 2387 πίστευε.
640 2329 704 2386 Ol
729 2331 830 2400 μὲν
870 2330 981 2400 γὰρ
1012 2327 1268 2392 πολλάκις
1300 2328 1424 2386 τοὺς
1450 2327 1686 2395 ἀγαθοὺς
1710 2326 1804 2381 ἀν-

243 2426 361 2495 δρας
379 2425 460 2478 διά
485 2424 681 2487 κακίας
729 2423 999 2491 ὑπόληψιν
1022 2421 1332 2488 ἀπώλεσαν,
1369 2421 1418 2474 οἱ
1463 2420 1522 2474 δὲ
1552 2421 1679 2484 τοὺς
1718 2421 1800 2473 οἰ-

241 2513 401 2574 κείους
423 2511 520 2580 τῆς
546 2512 747 2574 κακίας
775 2512 981 2580 θυμοὺς
1012 2512 1296 2581 ἐμοῦντες,
1345 2510 1524 2566 ἀθώου
1572 2510 1802 2581 αἵματος

239 2602 514 2656 ὖπύθυνόν
554 2620 615 2656 σε
644 2605 1095 2674 καταστήσουσιν,
1125 2603 1175 2657 oi
1199 2604 1255 2658 δὲ
1281 2602 1520 2656 ὕποπτόν
1551 2619 1611 2654 σε
1644 2601 1802 2672 ποιή-

240 2711 430 2760 σουσιν,
494 2696 576 2759 ὡς
635 2695 894 2765 χαίροντα
957 2697 1069 2758 τοῖς
1127 2695 1336 2756 κακοῖς.
1390 2691 1526 2746 Μεθ’
1579 2684 1654 2745 ὧν
1693 2692 1802 2762 γὰρ

237 2784 577 2854 ἀναστρέφειν
611 2784 818 2847 ποθεῖς,
859 2783 954 2838 κει.)⁵
993 2777 1074 2847 οἷς
1109 2783 1391 2836 πιστεύειν
1453 2781 1802 2851 φιλονεικεῖς,

235 2877 311 2925 καὶ
360 2876 420 2928 σὺ
479 2875 617 2938 τοὺς
670 2873 848 2928 αὑτῶν
907 2873 1142 2944 τρόπους
1207 2872 1449 2942 εὐλόγως
1505 2871 1801 2942 κεκτῆσθαι

268 2964 304 2980 ,ρ

231 2966 398 3030 όοςεις.

625 3057 766 3125 Περὶ
785 3057 1045 3126 μελέτης
1083 3055 1343 3127 γραφῶν.

296 3149 557 3221 Ἱστορίας
587 3151 820 3221 ἀρχαίας
845 3148 1163 3219 ὲξέρχεσθαι
1197 3149 1273 3221 μὴ
1309 3148 1564 3204 κατόκνει
1582 3164 1597 3180 °
1622 3147 1680 3202 δν
1703 3147 1801 3202 αύ-

224 3243 326 3303 rai;
378 3244 486 3312 γὰρ
544 3242 802 3312 εὑρήσεις
847 3241 1069 3304 ἀκόπως
1127 3241 1273 3313 ἅπερ
1334 3241 1510 3312 ἕτεροι
1565 3240 1800 3312 συνῆξαν

224 3332 467 3399 ἑγκόπως.
507 3334 630 3387 Καὶ
667 3332 861 3403 μάθοις
893 3333 1102 3387 ἐκεῖθεν
1125 3333 1224 3397 τάς
1257 3350 1315 3386 τε
1363 3333 1474 3387 τῶν
1497 3334 1800 3389 σπουδαίων

225 3426 420 3493 ἀρετάς,
449 3426 561 3480 καὶ
593 3426 692 3489 τάς
721 3426 830 3478 τῶν
860 3426 1081 3494 φαύλων
1113 3427 1332 3491 κακίας,
1362 3427 1462 3490 τάς
1479 3443 1540 3480 τε
1562 3427 1657 3481 τοῦ
1679 3426 1796 3496 βίου

225 3518 582 3589 πολυτρόπους
613 3519 940 3589 μεταϐολὰς,
976 3519 1070 3572 καὶ
1101 3519 1209 3572 τῶν
1240 3520 1298 3571 ὲν
1357 3518 1506 3590 αύτῷ
1537 3519 1797 3590 πραγμά-

221 3624 312 3660 των
335 3611 428 3674 τὰς
449 3608 789 3677 ὲναλλαγάς,
827 3609 922 3662 καὶ
943 3609 1038 3662 τοῦ
1077 3610 1285 3679 κόσμου
1315 3610 1376 3664 τὺ
1412 3611 1665 3676 ἄστατον,
1697 3611 1794 3664 καὶ

221 3698 270 3750 τὸ
292 3701 381 3770 τῆς
400 3701 592 3772 ἀρχῆς
626 3701 1065 3771 εύμετάπτωτον,
1101 3702 1196 3756 καὶ
1229 3701 1415 3766 ἁπλῶς
1447 3704 1642 3767 εἰπεῖν,
1682 3704 1793 3758 τῶν

221 3793 304 3858 μιν
330 3792 560 3860 φαύλων
589 3791 689 3854 τάς
716 3791 977 3862 ἀμοιϐὰς,
1007 3792 1116 3845 τῶν
1135 3791 1193 3844 δὲ
1217 3791 1521 3845 σπουδαίων
1543 3791 1792 3860 πράξεων

220 3884 298 3944 τάς
324 3883 653 3946 ἀντιδόσεις,
678 3877 754 3935 ὦν
807 3883 903 3947 τὰς
937 3884 1036 3954 μὲν
1064 3883 1265 3955 φύγῃς,
1315 3885 1402 3936 ἵνα
1437 3885 1534 3953 τῆς
1581 3882 1791 3936 ἐκεῖθεν

216 3973 348 4044 δίκης
375 3979 584 4046 πεῖραν
614 3975 691 4045 μὴ
710 3975 900 4046 λάϐῃς,
930 3975 1027 4038 τὰς
1059 3975 1115 4029 δὲ
1155 3974 1542 4046 κατορθώσεις,
1567 3974 1653 4028 ἵνα
1681 3973 1789 4027 τῶν

216 4065 442 4121 ὲντεῦθεν
467 4067 733 4121 ὲτιάθλων
760 4067 1130 4140 καταξιωθῇς.

736 4247 876 4317 Περὶ
903 4249 1275 4318 εὐεργεσίας.

267 4338 426 4407 Σοφόν
449 4338 517 4393 τι
544 4355 607 4392 σε
642 4339 971 4408 νουθετήσω,
1002 4339 1100 4392 καὶ
1133 4338 1300 4409 ἄηθες
1331 4338 1461 4403 fam;
1481 4339 1595 4403 τοῖς
1638 4355 1780 4410 συμ-

1913 1421 2018 1477 bus
2045 1422 2437 1491 philosophari,
2480 1424 2554 1478 ita
2605 1432 2660 1479 et
2707 1426 3074 1496 philosophos
3159 1443 3390 1483 necesse
3419 1441 3504 1483 est

1909 1514 2078 1569 animi
2115 1516 2323 1571 morbis
2372 1515 2698 1572 medicinam
2752 1516 2955 1573 facere.
3013 1517 3121 1573 Eos
3152 1519 3504 1590 igitur'veros

1909 1607 2153 1664 medicos
2209 1609 2482 1674 existima,
2513 1610 2608 1680 qui
2666 1621 2783 1664 arte
2811 1625 2910 1664 sua
2941 1612 3163 1667 morbos
3185 1627 3216 1667 e
3244 1614 3499 1682 corpori-

1914 1694 2020 1751 bus
2078 1696 2383 1768 expellunt,
2417 1707 2471 1752 et
2507 1697 2861 1768 philosOphos
2906 1715 3012 1753 non
3055 1702 3213 1758 ﬁctos
3241 1703 3493 1772 quicum-

1908 1803 2015 1858 que
2043 1790 2399 1859 persuasione
2424 1805 2522 1846 sua
2553 1791 2886 1861 cupiditates
2927 1807 2993 1847 ex
3040 1793 3330 1848 hominum
3371 1794 3497 1849 ani-

1906 1881 2011 1934 mis
2063 1881 2321 1946 evellunt,
2381 1884 2428 1936 si
2492 1883 2663 1939 modo
2696 1884 3068 1956 obsequentes
3125 1885 3229 1942 sibi
3263 1886 3492 1941 omnino

1909 1968 2143 2024 habeant
2175 1970 2447 2033 inﬁrmos,

2406 2062 2478 2116 De
2509 2064 3017 2121 calumniatoribus.

1976 2149 2094 2206 Noli
2163 2167 2326 2208 aures
2379 2152 2631 2210 futilibus
2687 2156 2928 2225 praebere
2978 2157 3351 2224 sermonibus,
3400 2167 3497 2213 aut

1908 2241 2349 2298 calumniatores
2377 2242 2585 2308 fovere,
2614 2255 2712 2299 aut
2746 2246 3015 2316 improbis
3056 2247 3378 2304 hominibus
3412 2257 3494 2304 le-

1905 2343 2052 2383 mere
2098 2330 2344 2387 credere.
2399 2331 2482 2386 Illi
2514 2333 2659 2388 enim
2707 2349 3085 2403 saepenumero
3130 2337 3278 2391 viros
3321 2337 3494 2394 bonos

1903 2429 2127 2490 propter
2184 2422 2552 2493 improbitatis
2600 2423 2972 2493 suSpicionem
3037 2425 3366 2492 aﬁlixeruut,
3429 2429 3488 2484 lti

1903 2524 2037 2565 vero
2065 2513 2302 2583 propriae
2331 2513 2699 2582 improbitatis
2729 2514 2842 2570 iras
2872 2522 3188 2570 evomentes
3213 2516 3476 2575 innocen-

1910 2600 1982 2654 tis
2011 2603 2298 2671 sanguinis
2331 2617 2483 2657 reum
2546 2611 2600 2660 te
2635 2605 2998 2669 constituent,
3037 2613 3131 2658 aut
3162 2615 3480 2675 suspectum

1910 2690 2140 2746 reddent
2176 2694 2332 2761 quasi
2372 2691 2746 2762 improborum
2781 2693 3181 2750 consuetudine
3224 2698 3483 2766 gaudeas.

1905 2784 2251 2850 Quibuscum
2283 2788 2430 2842 enim
2474 2803 2627 2844 amas
2673 2804 3054 2853 consuescere,
3089 2797 3142 2843 et
3185 2790 3385 2858 quibus
3422 2790 3488 2842 ﬁ:

1905 2872 2029 2928 dem
2062 2875 2261 2930 habere
2293 2877 2461 2943 soles,
2494 2892 2602 2932 non
2634 2878 2913 2935 immerito
2941 2894 3133 2935 eorum
3174 2895 3356 2936 mores
3401 2879 3486 2932 in-

1905 2964 2090 3022 duisse
2127 2966 2486 3037 judica'beris.

2278 3059 2352 3115 De
2381 3063 2564 3118 studio
2598 3063 2802 3134 legendi
2822 3064 3098 3120 historias.

1980 3152 2252 3209 Historias
2277 3162 2518 3209 veterum
2545 3157 2797 3212 evolvere
2821 3172 2890 3212 ne
2915 3167 2968 3212 te
3002 3158 3180 3228 pigeat
3207 3173 3222 3210 :
3247 3156 3319 3212 ibi
3337 3157 3482 3212 enim

1907 3248 2030 3306 sine
2092 3246 2278 3302 labore
2309 3247 2550 3318 r'eperies
2590 3264 2712 3318 qua:
2745 3249 2836 3304 alii
2883 3265 3084 3319 magno
3129 3265 3254 3304 cum
3296 3250 3485 3305 labore

1905 3342 2324 3406 congesserunt.
2379 3337 2558 3406 Atque
2625 3336 2750 3392 inde
2806 3337 3078 3393 bonorum
3124 3337 3380 3398 virtutes,
3423 3347 3480 3392 et

1904 3426 2279 3497 improborum
2301 3427 2433 3481 vitia
2458 3441 2783 3498 cognosces,
2807 3439 2861 3484 et
2888 3431 3068 3484 varias
3088 3429 3342 3483 humana:
3362 3429 3484 3482 vita:

1902 3520 2256 3586 mutationes,
2294 3529 2348 3576 et
2375 3535 2557 3575 rerum
2586 3536 2708 3590 quae
2739 3521 2790 3575 iu
2830 3522 2946 3590 ipsa
3002 3521 3134 3575 ﬁuut
3194 3521 3480 3574 vicissitu-

1901 3611 2081 3674 dines,
2113 3626 2238 3665 cum
2273 3625 2453 3664 rerum
2485 3611 2848 3664 humanarum
2888 3610 3330 3672 iustabilitatem,
3361 3619 3475 3662 tum

1899 3699 2113 3769 imperii
2154 3699 2224 3753 ad
2262 3699 2568 3754 cadendum
2602 3700 3038 3768 proclivitatem,
3077 3705 3240 3768 atque
3274 3707 3334 3752 ut
3369 3714 3479 3752 uno

1899 3789 2069 3843 verbo
2085 3789 2284 3852 dicam,
2305 3786 2694 3843 maleﬁciorum
2726 3787 2944 3858 quidem
2970 3802 3182 3857 paenae,
3209 3788 3473 3843 virtutum

1896 3894 2030 3935 vero
2064 3879 2286 3950 praemia
2324 3880 2508 3950 leges;
2536 3895 2770 3951 quorum
2803 3880 2893 3933 illa
2930 3881 3150 3951 quidem
3171 3879 3464 3948 devitabis,

1897 3989 1968 4030 ne
2019 3974 2266 4041 ultionis,
2308 3990 2430 4046 quae
2461 3975 2554 4029 illa
2590 3976 2964 4046 persequitur,
2998 3976 3345 4032 severitatem
3379 3991 3477 4048 pa-

1897 4064 2088 4131 tiaris;
2121 4067 2256 4120 istas
2285 4081 2416 4121 vero
2443 4066 2792 4136 amplecteris
2825 4075 2884 4121 ut
2917 4067 3100 4123 debita
3119 4066 3226 4123 illis
3250 4068 3473 4138 prsentia

1896 4158 2157 4230 consequi
2191 4157 2475 4216 merearis.

2460 4249 2538 4306 De
2565 4251 2922 4321 beneﬁcentia.

1967 4339 2231 4412 Regulam
2269 4341 2368 4398 tibi
2405 4343 2731 4411 sapientem,
2768 4343 2894 4398 licet
2945 4343 3012 4398 ab
3040 4359 3144 4399 usu
3175 4345 3476 4400 consulen-

221 4427 541 4496 δουλεύουσι,
573 4431 714 4502 πλὴν
745 4431 840 4484 καὶ
871 4431 1076 4502 πατρὸς
1113 4430 1208 4484 καὶ
1240 4431 1472 4502 στοργῆς
1497 4433 1599 4486 οὐκ
1657 4431 1786 4486 ἀνά-

1908 4432 2028 4487 .ium
2061 4433 2316 4488 fortassis
2364 4432 2621 4495 alienam,
2663 4432 2760 4496 ﬁli,
2789 4447 3078 4502 suggeram
3129 4441 3356 4502 paterno
3395 4444 3475 4487 ta-

221 4516 328 4580 ξιον.
359 4523 592 4577 Μᾶλλον
649 4522 938 4593 ἀποδέχου,
969 4521 1180 4588 τέκνον,
1210 4523 1337 4587 τοὺς
1367 4522 1520 4595 παρά
1551 4521 1646 4576 σοῦ
1683 4523 1789 4576 6o)-

220 4612 326 4677 ρεάς
361 4613 756 4680 ἐξαιτοῦντας,
798 4614 832 4686 ἢ
875 4615 1004 4678 τοὺς
1047 4612 1198 4685 δῶρά
1242 4631 1326 4667 σοι
1382 4612 1792 4684 φιλοτιμότερον

219 4708 695 4778 πρῑισκομίζοντας.
711 4707 850 4772 Τοὺς
877 4706 978 4776 μὲν
998 4706 1108 4776 γὰρ
1126 4706 1409 4778 χρεώστας
1426 4707 1790 4777 καταστήσεις

216 4793 525 4864 εὐχομένους
563 4815 647 4852 σοι
677 4798 747 4851 τά
774 4797 958 4866 ἀγαθά
987 4797 1142 4868 παρά
1173 4795 1269 4851 τοῦ
1294 4795 1464 4851 Θεοῦο
1495 4795 1791 4850 κάντεῦθεν

217 4886 297 4937 καὶ
324 4889 486 4941 ait?”
517 4889 612 4940 τὸν
642 4889 774 4942 Θεὸν
804 4887 1092 4959 ὀφειλέτην
1131 4889 1400 4954 ποιήσεις,
1429 4887 1528 4951 τὰς
1556 4885 1790 4957 ἀμοιϐάς

213 4989 284 5028 σοι
313 4981 663 5050 χρεωστικῶς
689 4981 1036 5050 ἀπονέμοντα
1059 4999 1070 5010 ·
1095 4980 1204 5034 τῶν
1223 4980 1279 5033 δὲ
1302 4979 1589 5051 χρεώστης
1619 4977 1796 5048 ύπάρ.

214 5067 332 5134 ξεις,
363 5072 459 5122 καὶ
486 5071 564 5132 ὡς
598 5071 892 5142 εὐεργέτας
924 5071 1109 5134 αἰδοῦς
1138 5070 1493 5142 ἀνελευθέρου
1515 5069 1789 5136 καταξιώσ-

217 5175 332 5223 σεις.
369 5161 561 5223 eam;
589 5161 682 5215 οὖν
702 5162 1014 5232 εὐεργετεῖν
1039 5164 1138 5232 μὲν
1157 5162 1407 5227 ἅπαντας
1438 5161 1785 5233 ἀνθρώπους,

214 5249 604 5321 ιῦεργετείσθαι
630 5253 687 5307 δὲ
719 5253 850 5324 παρ’
882 5254 1099 5317 οὐδενὸς
1129 5252 1238 5309 τῶν
1285 5253 1615 5324 ἀνθρώπων,
1666 5252 1790 5306 ἀλλ’

212 5338 238 5405 ἦ
270 5344 422 5410 παρὰ
458 5342 619 5410 μόνου
637 5343 805 5397 Θεοῦο
824 5343 982 5398 τοῦτο
1011 5343 1120 5414 γάρ
1149 5344 1321 5408 ὅντως
1354 5343 1610 5417 ἁρμόδιον
1632 5343 1786 5396 ἐλευ-

215 5424 340 5498 θέρῳ
375 5429 472 5482 καὶ
501 5430 692 5501 ἀληθεῖ
715 5431 972 5502 τυγχάνει
1008 5433 1236 5503 βασιλεῖ.
1283 5433 1394 5488 Καὶ
1420 5435 1531 5497 τοῖς
1560 5431 1662 5502 μὲν
1693 5433 1785 5486 al-

211 5516 350 5572 τοῦσι
378 5521 549 5586 δίδου,
604 5523 702 5576 καὶ
750 5525 947 5594 στέργε
981 5524 1239 5589 τούτουςο
1272 5527 1398 5588 τοὺς
1430 5525 1488 5579 δὲ
1539 5526 1782 5588 διδόντας

139 5672 144 5678 _
214 5603 359 5676 ἧττον
393 5614 683 5684 ἀποδέχου.
704 5616 928 5680 τούτοις
955 5617 1056 5687 μὲν
1082 5618 1191 5689 γὰρ
1220 5618 1340 5681 ὅλος
1363 5619 1392 5670 ὸ
1429 5618 1628 5681 σκοπὸς
1681 5618 1780 5688 τὴν

214 5702 358 5773 χάριν
397 5705 736 5762 ἀντιλαϐεῖν·
799 5708 1028 5773 ἐκείνοις
1085 5708 1140 5763 δὲ
1172 5708 1359 5763 ἅπασα
1413 5711 1618 5784 σπουδὴ
1676 5713 1774 5782 τὴν

1893 4539 2016 4579 men
2048 4538 2234 4578 amore
2264 4537 2373 4578 non
2406 4523 2718 4593 indignam.
2755 4521 2862 4579 Eos
2894 4523 3159 4593 approba,
3214 4523 3312 4588 ﬁli,
3369 4539 3468 4593 po-

1893 4614 2028 4680 tius,
2063 4612 2156 4683 qui
2190 4627 2219 4666 a
2260 4620 2315 4668 te
2344 4626 2573 4668 munera
2608 4612 2992 4682 postulabunt,
3025 4627 3188 4684 quam
3223 4611 3315 4684 qui
3350 4625 3471 4665 ant-

1892 4703 2090 4762 bitiose
2117 4720 2217 4761 sua
2241 4705 2338 4760 tibi
2367 4704 2511 4760 dona
2540 4704 2855 4760 obtrudeut.
2894 4703 3020 4761 illos
3062 4703 3207 4760 enim
3257 4701 3471 4756 obtera-

1894 4806 1981 4851 tos
2021 4795 2116 4851 tibi
2141 4798 2462 4860 constitues,
2495 4797 2586 4866 qui
2622 4796 2771 4850 tibia
2809 4796 2924 4852 Deo
2972 4795 3114 4851 bona
3164 4793 3470 4864 precabun-

1893 4896 2006 4953 tur,
2039 4896 2095 4943 et
2141 4886 2320 4959 ipsum
2387 4889 2551 4944 etiam
2605 4887 2774 4943 Deum
2805 4887 3110 4942 debitorem
3150 4884 3340 4951 facies,
3378 4884 3470 4954 qui

1893 4979 2303 5036 benefactorum
2370 4981 2870 5036 remunerationem
2953 4977 3251 5048 persolvet,
3312 4977 3470 5048 quasi

1895 5070 2174 5142 obligatus
2209 5089 2223 5124 :
2257 5071 2382 5126 istis
2407 5079 2590 5126 autem
2648 5069 2864 5124 debitor
2893 5071 3009 5136 ipse
3042 5067 3392 5138 obligabcris,
3420 5078 3475 5121 et

1893 5164 2050 5235 quasi
2069 5162 2447 5220 benefactores
2478 5161 2781 5218 reverentia
2810 5162 3044 5230 quadam
3071 5159 3317 5215 illiberali
3349 5172 3474 5227 pro-

1893 5256 2163 5326 sequeris.
2213 5255 2362 5311 Velis
2402 5270 2532 5324 ergo
2579 5254 2761 5323 potius
2791 5267 2985 5307 omnes
3036 5250 3290 5306 homines
3322 5250 3466 5304 obli-

1893 5360 2022 5414 gare
2067 5345 2162 5400 tibi
2201 5344 2507 5405 beueticiis,
2558 5343 2673 5411 ipse
2717 5351 2902 5396 autem
2966 5341 3167 5395 nemini
3235 5339 3470 5406 obligari

1893 5434 1999 5491 nisi
2041 5436 2134 5489 uui
2192 5444 2248 5490 et
2287 5435 2391 5490 soli
2442 5433 2572 5488 Deo.
2614 5434 2728 5488 Hoc
2771 5433 2918 5490 enim
2985 5432 3230 5502 profecto
3285 5431 3462 5500 magis

1890 5542 2191 5597 congruum
2237 5535 2321 5583 est
2374 5543 2642 5598 generoso
2685 5535 2740 5583 et
2775 5528 3062 5596 magniﬁco
3119 5523 3461 5593 imperatori.

1890 5617 2114 5688 Largire
2137 5620 2302 5688 igitur
2325 5620 2659 5690 petentibus,
2691 5627 2854 5688 atque
2883 5618 3021 5672 istos
3057 5616 3420 5683 complectere
3450 5630 3466 5666 :

1890 5725 1985 5766 cos
2055 5719 2235 5766 autem
2287 5712 2376 5783 qui
2445 5712 2543 5766 tibi
2593 5710 2823 5767 oﬁ'crcut
2855 5707 3028 5778 magis
3070 5705 3328 5776 rcproba.
3391 5702 3468 5760 lis
