3992 6204
192 300 274 339 un
904 290 1185 353 BASlLll
1225 293 1378 353 IMP.
1415 294 1860 359 PARIENESIS
1900 302 2001 363 AD
2033 306 2340 367 LEONEM
2384 310 2676 371 FlLIUM.

193 398 440 467 ὑπηκόοις
470 396 631 451 οὐδὲν
669 397 993 467 λυμαίνεται
1013 418 1027 432 ’
1051 403 1399 472 ἀποστρέφου
1428 405 1509 472 δὲ,
1537 407 1638 461 ὅσα
1671 412 1763 462 καὶ

1871 414 2094 471 minime
2131 418 2325 475 obesse
2378 433 2614 490 possunt

194 490 303 552 τοὺς
347 488 632 559 ὑπηκόους
692 488 908 558 βλάψει,
975 493 1070 544 καὶ
1123 492 1183 545 σὲ
1242 494 1408 563 μηδὲν
1479 496 1771 567 ὠφελήσει,

196 580 399 635 ι’λῶσσα
427 580 545 649 γὰρ
572 579 749 643 δολία,
787 582 887 634 ἐὰν
910 582 1014 655 ἔχῃ
1043 584 1135 639 τὸν
1174 588 1514 660 συνεργάτην
1540 591 1777 662 δυνάμε-

198 690 290 738 νον,
312 670 525 727 πολλῶν
557 672 749 725 κακῶν
781 673 930 728 αἰτία
972 676 1235 748 transﬁxa
1282 681 1378 733 καὶ
1402 683 1518 745 τοῖς
1568 684 1775 754 ἑπομέ-

3354 334 3446 377 ιιν

2660 442 2676 478 ι
2739 425 2909 495 rejice
2939 437 3122 497 autem
3154 447 3216 486 ea
3249 448 3368 503 qua:
3390 440 3445 489 et

1877 505 2155 574 subjectos
2178 508 2399 572 lardum.
2418 519 2472 565 ct
2502 512 2601 568 tibi
2631 513 3035 586 nihilprosunt.
3067 516 3277 591 Lingua
3297 524 3441 576 enim

1878 595 2249 664 fraudulenta,
2274 601 2321 655 si
2342 610 2613 669 potentem
2637 606 2944 674 adiutorem
2976 619 3138 665 nacta
3164 611 3358 679 fuerit,
3388 624 3444 670 et

1875 684 1979 739 sibi
2007 693 2063 739 et
2086 689 2449 743 sectatoribus
2479 692 2599 746 suis
2622 693 2852 749 multttm
2884 696 3078 752 afferet
3103 698 3439 757 detrimenti.

198 781 313 827 νοις,
336 765 633 835 γενήσεται
662 779 678 794 °
708 765 886 836 στόμα
913 767 970 822 δὲ
995 767 1247 841 εὖφημον
1277 773 1377 827 σὺν
1409 774 1641 847 ἀληθείᾳ
1655 777 1763 831 δια-

1874 772 1948 830 Os
1982 784 2164 831 autem
2188 777 2489 846 sincerum,
2507 781 2657 849 quod
2687 782 2761 837 nil
2794 783 2899 840 nisi
2932 800 3124 842 verum
3156 790 3442 859 proloqui—

198 856 491 925 λεγόμενον,
547 857 727 913 πολλὰ
764 858 895 926 τούς
957 877 1015 915 τε
1051 863 1468 934 ἀκροωμένους,
1530 869 1627 925 καὶ
1680 869 1763 925 τὸν

1875 873 1984 931 tur,
2013 876 2070 924 et
2092 868 2377 925 dominum
2433 886 2619 935 suum,
2676 882 2733 927 et
2770 888 2865 929 eos
2895 877 2987 944 qui
3030 856 3181 933 illum
3210 856 3444 936 audiunt

203 948 514 1016 κεκτημένον
561 947 801 1018 ὀνίνησι.
842 950 981 1005 Θιλε
1032 947 1131 1006 οὖν
1181 955 1257 1024 μὴ
1284 958 1397 1017 τοῖς
1431 961 1625 1023 κακοῖς
1648 961 1763 1030 χαί-

1868 956 2023 1023 juvat
2048 959 2365 1029 plurimum.
2394 962 2554 1020 Malis
2572 980 2705 1037 ergo
2735 982 2803 1020 ne
2841 968 3107 1036 gaudeas,
3145 971 3241 1027 sed
3269 973 3443 1028 bonos

208 1057 327 1107 ρειν,
347 1040 480 1093 ἀλλὰ
503 1041 635 1103 τοὺς
660 1042 901 1108 ἀγαθοὺς
917 1043 1306 1113 ἀποδέχεσθαιο
1346 1047 1439 1101 καὶ
1467 1051 1763 1119 εἰρηνεύειν

1870 1063 2093 1112 assume
2118 1068 2133 1104 ι
2160 1066 2347 1120 pacem
2373 1053 2516 1108 inter
2544 1057 2779 1125 populos
2801 1057 2943 1121 fove.
2993 1076 3173 1131 neque
3205 1078 3302 1120 eos
3351 1064 3442 1118 in-

211 1134 294 1200 μὲν
315 1132 372 1184 τὸ
393 1133 656 1201 ὑπήκοον,
674 1133 812 1187 ἀλλὰ
839 1133 915 1203 μὴ
930 1134 1052 1189 κατ’
1067 1134 1311 1205 ἀλλήλων
1326 1137 1647 1210 ὀτρύνεσθαι
1673 1157 1687 1171 ·
1705 1136 1763 1196 οὗ

1873 1145 1960 1203 ter
1988 1154 2047 1193 se
2096 1141 2435 1199 committas.
2469 1141 2572 1198 Ubi
2611 1144 2758 1200 enim
2802 1145 2933 1202 lites
2978 1156 3188 1202 suntet
3224 1166 3440 1219 pugnae.

212 1224 300 1293 γὰρ
343 1223 505 1293 μάχαι
546 1224 652 1277 καὶ
692 1222 892 1294 ἔριδες,
923 1224 1135 1282 ἐκεῖθεν
1176 1228 1512 1299 μακρύνεται
1536 1233 1566 1285 ὁ
1600 1234 1767 1298 Θεόςο

214 1308 263 1366 ὦ
280 1313 329 1365 δὲ
344 1314 529 1383 εἰρήνη
552 1315 657 1367 καὶ
673 1314 890 1383 ἀγάπη,
911 1316 1005 1370 καὶ
1020 1317 1261 1386 ὁμόνοια,
1286 1320 1503 1384 καὶτοῖς
1519 1324 1768 1393 εἰρηνεύ-

219 1424 359 1471 ουσιν,
379 1407 625 1460 cauam
654 1408 751 1462 καὶ
776 1407 947 1474 ἐγγὺς
967 1408 1026 1460 τὸ
1050 1409 1205 1465 Θεῖον
1237 1413 1500 1484 παριστᾷ,
1531 1416 1627 1468 καὶ
1653 1418 1766 1480 τοῖς

224 1501 534 1568 εἰρηνοποιοῖς
556 1498 663 1568 τὴν
696 1489 973 1551 υἱοθεσίαν
996 1499 1089 1552 τοῦ
1115 1499 1250 1553 Θεοῦ
1285 1501 1556 1574 προξενεῖ.

616 1589 765 1657 Περὶ
802 1590 1030 1657 ἀγαθοῦ
1068 1591 1312 1659 τρόπου.

295 1681 519 1748 Στὲφανον
553 1680 845 1750 βασιλείας
888 1680 990 1751 τὴν
1037 1682 1249 1754 ἀγαθὴν
1290 1684 1473 1755 ὀρίζου
1513 1686 1759 1758 συνείδη-

1870 1229 2061 1296 procul
2113 1231 2270 1286 abeSt
2344 1232 2491 1288 Deus
2526 1248 2539 1285 :
2574 1235 2662 1289 ubi
2686 1249 2817 1291 vero
2843 1252 2970 1307 pax,
3000 1246 3058 1293 et
3084 1238 3352 1304 Charitas.
3386 1253 3442 1297 et

1869 1321 2186 1387 concordia,
2206 1323 2447 1392 pacificis
2472 1341 2531 1383 se
2553 1336 2875 1396 praesentem
2892 1336 2946 1386 et
2974 1330 3268 1401 propitium
3289 1334 3443 1390 exhi-

1867 1407 1960 1463 bet
1993 1418 2046 1463 et
2073 1410 2387 1480 adoptionis
2418 1414 2473 1469 in
2499 1416 2640 1472 filios
2665 1416 2759 1473 Dei
2793 1418 3007 1489 copiam
3035 1420 3119 1477 eis
3148 1422 3299 1479 facit.

2383 1584 2457 1642 De
2483 1588 2631 1643 bonis
2667 1589 2922 1645 moribus.

1936 1669 2311 1727 Lectissimam
2372 1691 2494 1733 esse
2546 1681 2698 1750 regni
2764 1681 2838 1735 tui
2903 1696 3165 1738 coronam
3208 1688 3439 1743 statuito

248 1786 345 1834 σιν,
367 1770 422 1824 δι’
441 1767 498 1842 ἧς
522 1772 830 1842 κοσμήσας
860 1773 1087 1827 σεαυτὸν
1118 1774 1321 1843 μᾶλλον
1348 1776 1381 1845 ἢ
1409 1780 1520 1840 τοῖς
1550 1780 1763 1850 μυρίοις

1870 1759 2067 1817 bonam
2095 1767 2514 1834 conscientiam,
2551 1786 2657 1837 qua
2697 1780 2748 1826 te
2783 1775 2955 1843 magis
3010 1776 3317 1849 meliusque
3340 1795 3436 1836 ex—

244 1861 379 1923 ωως
399 1862 937 1934 ἑγκιλλωπίσμασιν.
967 1864 1026 1917 Ὀ
1054 1866 1162 1935 γὰρ
1199 1866 1424 1931 πλοῦτος
1451 1868 1677 1925 ἄπιστόν
1709 1887 1765 1924 τι

230 1951 380 2019 ιρῆμι
413 1952 506 2005 καὶ
531 1951 806 2006 εὺόλισθον
826 1969 840 1983 ·
867 1955 901 2024 ἡ
932 1954 990 2009 δὲ
1021 1954 1171 2020 δόξα,
1202 1959 1536 2029 παρέρχεται
1558 1977 1572 1991 ο
1616 1961 1681 2014 τὸ
1706 1962 1767 2017 δὲ

222 2044 399 2110 κράτος
440 2044 756 2113 ἀπέρχεται*
785 2046 880 2102 καὶ
908 2048 966 2100 αί
999 2047 1180 2117 ἡδοναὶ
1225 2049 1565 2121 διαρρέουσι·
1603 2054 1762 2122 μόνος

214 2134 264 2184 δὲ
288 2137 318 2186 ὁ
348 2134 547 2200 ἀγαθὸς
590 2136 775 2206 τρόπος
823 2138 906 2200 είς
958 2139 1162 2201 αἰῶνας
1207 2143 1763 2212 συμπαρεκτείνεται,

216 2224 309 2276 καὶ
353 2225 613 2280 ἀθάνατόν
634 2243 690 2279 σε
720 2229 939 2297 ποιήσει
968 2231 1036 2299 τῇ
1074 2230 1286 2300 μνήμῃ,
1319 2231 1764 2306 ἀλεξιφάρμακον

214 2314 391 2386 ῶσπερ
412 2319 510 2389 τὴν
536 2320 633 2391 σὴν
656 2321 857 2392 ἀρετὴν
880 2324 995 2383 τοῖς
1027 2322 1166 2392 μετὰ
1194 2325 1252 2377 σὲ
1274 2324 1649 2395 χαριζόμενος,
1668 2327 1766 2380 καὶ

214 2410 400 2472 πάντας
447 2413 536 2463 καὶ
582 2414 873 2478 ἐπαινέτας
895 2450 915 2478 ,
942 2415 1038 2468 καὶ
1070 2416 1313 2486 μιμητὰς
1340 2420 1441 2486 τῆς
1471 2416 1572 2487 σῆς
1618 2417 1766 2474 πολι-

209 2502 341 2565 τείας
372 2504 711 2576 ποιούμενος.

459 2680 603 2749 Περὶ
636 2681 746 2737 τοῦ
783 2681 1025 2750 κρατεῖν
1062 2681 1181 2738 τῶν
1215 2683 1472 2752 ἡδονῶν.

269 2766 413 2833 Ἰσθι,
440 2770 638 2823 τέκνον
662 2770 798 2840 ἐμὸν
817 2809 833 2836 ,
862 2771 938 2837 ὡς
971 2772 1093 2826 τότε
1125 2790 1185 2827 σε
1214 2776 1352 2828 κατά
1380 2774 1477 2846 τὴν
1501 2775 1762 2845 ἀλήθειαν

210 2858 402 2928 βασιλέα
418 2863 731 2933 ὁρίσανται,
766 2865 894 2919 ὅταν
924 2864 999 2936 μὴ
1032 2866 1195 2935 μόνον
1218 2864 1324 2919 τῶν
1345 2866 1601 2935 ὑπηκόων
1625 2885 1762 2938 κρα-

207 2953 452 3021 τῇςμαιλλὰ
480 2954 585 3010 καὶ
617 2956 727 3010 τῶν
750 2956 954 3026 ἡδονῶν
979 2957 1210 3012 ἁπασῶν
1243 2959 1765 3031 ὲπικρατῇς.Ἔστω

206 3044 294 3111 γάρ
315 3059 390 3098 σοι
411 3044 705 3113 στέφανος,
729 3046 828 3117 τῆς
854 3045 1132 3116 βασιλείας
1157 3047 1423 3117 σύμϐολον
1443 3066 1457 3080 ·
1484 3049 1601 3103 ἀλλ’
1619 3049 1765 3103 ἔστω

205 3136 282 3187 καὶ
324 3135 647 3207 δικαιοσύνη
696 3138 774 3208 τῷ
821 3140 1108 3210 πράγματι
1139 3140 1470 3210 σύνδρομος’
1502 3140 1760 3212 πορφύρα

200 3224 246 3277 δέ
271 3242 323 3279 σε
348 3230 646 3301 κοσμήσει,
675 3228 771 3282 ἐὰν
801 3230 834 3298 ἠ
866 3231 1191 3300 σωφροσύνη
1224 3231 1398 3303 ταύτῃ
1426 3233 1765 3304 συνεπανθή-

204 3333 297 3367 σξιο
322 3321 410 3371 καὶ
438 3320 558 3373 τῶν
590 3321 768 3374 ποδῶν
797 3338 856 3374 σε
894 3324 953 3375 τὸ
981 3324 1210 3395 ἐρυθρὸν
1237 3325 1458 3395 τιμήσει
1483 3326 1759 3397 ὑπόδημα,

204 3411 279 3460 ἐὰν
331 3414 516 3477 αὐτοῖς
572 3414 673 3486 τὴν
720 3415 896 3483 φλόγα
960 3417 1055 3469 τοῦ
1112 3416 1284 3485 τύφου
1348 3422 1757 3491 καταπατήσῃς.

213 3501 395 3557 Ἐκεῖνα
432 3508 539 3576 μὲν
578 3507 684 3577 γὰρ
714 3509 1049 3577 πρόσκαιρόν
1082 3526 1163 3561 σοι
1200 3508 1296 3578 τὴν
1347 3492 1625 3577 βασιλείαν
1660 3530 1759 3582 χα-

203 3597 493 3667 ρικτηρίζει
524 3615 543 3627 ⁶
580 3599 752 3652 ταῦτα
781 3601 839 3653 δὲ
861 3605 954 3655 καὶ
983 3604 1080 3672 τῆς
1108 3604 1328 3658 αἰωνίου
1366 3602 1643 3668 κολάσεως
1673 3605 1763 3675 ῥύ-

204 3700 349 3752 σεται,
382 3690 477 3741 καὶ
501 3690 617 3758 τὴν
645 3690 911 3746 ἀθάνατόν
946 3711 1027 3745 σοι
1064 3694 1313 3763 προξενεῖ
1340 3696 1637 3765 βασιλείαν.

651 3783 787 3850 Περὶ
826 3785 1011 3853 λόγου
1050 3787 1300 3841 τελείου.

252 3871 412 3941 Λόγου
444 3872 554 3926 τοῦ
585 3871 922 3929 τελειοτάτου
952 3876 1170 3930 πάντων
1199 3878 1259 3930 ὲν
1285 3877 1595 3949 ἀνθρώποις
1640 3876 1759 3930 λίαν

202 3961 460 4031 ἐπιμελοῦ·
506 3964 585 4018 δι’
624 3964 786 4018 αὐτοῦ
814 3966 919 4037 γὰρ
950 3968 982 4037 ή
1014 3967 1252 4035 ἐπίγειος
1285 3968 1533 4038 βασιλεία
1559 3966 1760 4035 ἐξεικο-

201 4052 309 4116 νίζει
334 4058 429 4127 τὴν
459 4057 798 4126 ἐπουράνιον
824 4058 995 4123 τάξιν,
1019 4059 1113 4112 καὶ
1145 4060 1409 4131 ἁρμονίαν
1428 4078 1442 4091 ⁶
1469 4061 1625 4129 λόγος
1652 4061 1761 4133 γὰρ

201 4143 492 4213 ἡγεμονεύει
559 4145 665 4199 τῶν
698 4145 1050 4216 ἀνθρωπίνων
1096 4148 1457 4218 πραγμάτων,
1488 4141 1550 4201 οὗ
1602 4164 1759 4219 περι-

202 4232 477 4299 ιιρεθὲντος
516 4238 999 4303 συμπεριαιρεῖται
1033 4236 1099 4288 τὰ
1127 4235 1389 4307 ἡμέτερα.
1423 4237 1639 4305 κτῆσαι
1666 4233 1761 4290 οὖν

202 4322 277 4374 τοῦ
316 4325 471 4392 λόγου
532 4326 595 4377 τὸ
626 4327 835 4396 χρῆμα,
870 4326 945 4396 μὴ
974 4327 1170 4392 ἐνδεὲς,
1200 4328 1337 4381 ἀλλὰ
1366 4329 1591 4385 τέλειον.
1627 4331 1760 4383 Οὐδὲ

1865 1853 2091 1907 ornabis
2118 1871 2283 1923 quam
2338 1862 2618 1916 sexcentis
2667 1864 2790 1919 aliis
2822 1868 3183 1925 ornamentis.
3226 1869 3439 1926 Divitiae

1864 1945 2009 1998 cnim
2035 1945 2200 2000 inﬁda
2227 1950 2473 2017 quaedam
2504 1967 2592 2007 res
2621 1963 2725 2019 est,
2744 1966 2796 2009 et
2821 1974 2941 2027 qua-
2965 1958 3123 2015 facile
3152 1961 3434 2018 dilabitur.

1865 2034 2051 2089 Gloria
2076 2039 2377 2103 evanescit,
2407 2040 2575 2098 robur
2612 2050 2902 2101 marcescit
2928 2065 2946 2113 ;
3006 2050 3313 2122 voluptates
3333 2054 3439 2108 dif-

1864 2125 2080 2182 ﬂuunt:
2118 2129 2232 2183 sola
2265 2130 2578 2189 innocentia
2632 2135 2870 2206 bonique
2928 2156 3108 2198 mores
3150 2143 3206 2197 in
3239 2146 3439 2200 multas

1863 2225 2053 2285 aetates
2081 2222 2510 2290 protenduntur,
2537 2240 2602 2279 ac
2628 2234 2779 2281 tuum
2798 2245 2997 2285 nomen
3039 2232 3435 2289 immortalitati

1863 2310 2349 2379 commendabunt,
2378 2318 2747 2387 virtutemque
2780 2328 2928 2374 tuam
2966 2324 3123 2392 quasi
3170 2325 3435 2382 adversus

1864 2398 2008 2455 mala
2037 2403 2216 2458 omnia
2248 2403 2601 2473 pharmacum
2633 2409 2870 2477 posteris
2918 2410 3236 2469 imitandam
3267 2415 3436 2470 relin-

1863 2504 2020 2567 ques,
2068 2495 2687 2563 eosqueetlaudatores
2751 2506 2807 2555 et
2841 2500 3140 2561 imitatores
3190 2510 3298 2559 tua:
3336 2506 3432 2561 ad-

1864 2582 2289 2641 ministrationis
2317 2586 2570 2646 habebis.

2215 2674 2293 2730 De
2327 2678 2682 2747 voluptatibus
2720 2683 3055 2750 separandis.

1936 2766 2111 2834 Scito,
2129 2766 2199 2821 mi
2221 2767 2315 2831 liii,
2335 2784 2522 2825 verum
2545 2778 2598 2826 te
2621 2786 2801 2842 regem
2829 2772 3078 2829 homines
3090 2774 3435 2846 iudicaturos

1863 2871 1987 2911 cum
2019 2874 2129 2915 non
2175 2860 2350 2916 solum
2405 2861 2656 2921 subditos
2691 2864 2747 2920 in
2784 2880 2947 2921 manu
2978 2866 3236 2933 habebis,
3278 2870 3375 2925 sed
3400 2886 3432 2925 a

1864 2951 2235 3022 voluptatibus
2255 2953 2421 3011 etiam
2456 2955 2714 3013 omnibus
2763 2958 3119 3028 temperabis.
3166 2958 3249 3015 Sit
3303 2976 3435 3031 ergo

1862 3043 1961 3119 tibi
1993 3059 2195 3101 corona
2231 3060 2330 3115 pro
2355 3045 2511 3118 signo
2535 3047 2773 3119 imperii,
2800 3048 2897 3105 sed
2935 3063 3163 3105 coronae
3218 3065 3436 3123 semper

1862 3137 2117 3205 adjuncta
2148 3137 2223 3193 sit
2276 3152 2463 3194 comes
2511 3138 2744 3208 justitia.
2805 3138 3051 3212 Purpura
3080 3142 3300 3212 quidem
3334 3144 3435 3199 tibi

1861 3235 2191 3282 ornamento
2234 3226 2362 3295 erit,
2420 3229 2469 3285 si
2523 3232 2880 3301 temperantia
2935 3232 3082 3287 illam
3124 3234 3435 3291 comitetur.

1861 3318 2043 3375 Calcei
2090 3320 2246 3375 rubri
2306 3322 2565 3378 decenter
2599 3323 2765 3393 pedes
2809 3332 2935 3381 tuos
2967 3327 3269 3391 ornabunt,
3305 3327 3351 3381 si
3379 3327 3433 3381 in

1863 3410 1999 3482 ipsis
2025 3413 2296 3483 superbia:
2321 3413 2523 3470 fastum
2559 3416 2933 3486 proculcabis.
2975 3415 3070 3472 Illa
3110 3418 3257 3472 enim
3292 3418 3436 3487 peri-

1862 3504 1970 3557 turi
1991 3503 2204 3573 imperii
2226 3504 2320 3559 tibi
2355 3516 2482 3560 nota
2513 3517 2677 3561 erunt
2704 3522 2768 3561 ac
2797 3508 3012 3577 signum
3048 3525 3061 3561 :
3087 3508 3190 3561 ista
3219 3522 3346 3560 vero
3366 3508 3435 3559 ab

1859 3603 2069 3652 διετιιο
2099 3596 2373 3667 supplicio
2396 3597 2841 3660 tevindicabunt,
2862 3606 2916 3653 et
2939 3597 3231 3651 immortali
3265 3610 3434 3664 regno

1861 3687 2168 3743 donabunt.

2202 3776 2277 3831 De
2306 3776 2540 3845 perfecta
2561 3775 2770 3830 dicendi
2799 3775 3076 3844 facultate.

1932 3867 2314 3938 Eloquentiam
2365 3884 2553 3926 rerum
2603 3869 2853 3926 omnium
2908 3868 3271 3923 humanarum
3308 3884 3404 3940 per

1860 3962 2219 4019 fectissimam
2244 3962 2535 4034 ddigenter
2566 3977 2802 4018 exerce:
2837 3977 2935 4035 per
2970 3976 3092 4017 eam
3142 3962 3290 4015 enim
3329 3969 3436 4016 ter-

1862 4054 1979 4107 rcni
2002 4053 2150 4123 regni
2171 4053 2507 4124 principatus
2523 4052 2689 4108 refert
2706 4050 3111 4122 quodammodo
3130 4049 3435 4105 caelestium

1862 4160 2043 4199 rerum
2097 4145 2344 4200 ordinem
2386 4153 2440 4199 et
2495 4144 2930 4199 convenientiam
2981 4160 2995 4197 :
3043 4142 3222 4198 oratio
3271 4142 3437 4197 rebus

1859 4235 2116 4290 omnibus
2146 4235 2401 4290 humanis
2429 4244 2648 4304 praacst,
2680 4249 2843 4305 quam
2872 4233 2920 4289 si
2952 4232 3135 4299 tollas,
3191 4233 3355 4287 simul
3381 4240 3436 4286 et

1860 4328 2043 4381 omnia
2098 4334 2288 4382 nostra
2345 4326 2523 4382 tollas.
2566 4324 2643 4378 Da
2684 4340 2817 4394 ergo
2878 4339 3104 4395 operam
3137 4332 3196 4378 ut
3228 4325 3324 4380 tibi
3355 4323 3438 4378 di-

204 4414 292 4483 γὰρ
314 4418 633 4489 κυϐερνήτῃ
662 4419 977 4471 πιστευτέον
1019 4418 1110 4470 τοῦ
1160 4419 1403 4488 σκάφους
1435 4414 1548 4491 τὴν
1587 4438 1761 4489 σωτη-

1868 4421 2023 4478 cendi
2078 4421 2389 4474 facultatem
2418 4434 2599 4490 pares,
2629 4435 2738 4473 non
2769 4434 2889 4474 eam
2930 4418 3151 4487 quidem
3181 4432 3432 4472 mancam

207 4504 321 4572 ρίαν,
353 4511 399 4561 εἰ
447 4511 537 4579 μὴ
584 4509 763 4571 καλῶς
797 4510 1062 4581 κυϐερνᾷν
1109 4511 1489 4575 ἐξεπίσταται·
1522 4512 1646 4565 οὔτε
1700 4513 1758 4567 δὲ

207 4597 381 4660 βασύεῖ
426 4601 837 4669 βασιλικώτατα
885 4605 1125 4671 κρατεῖν,
1156 4605 1206 4656 εί
1240 4605 1314 4673 μὴ
1345 4604 1438 4656 τοῦ
1471 4604 1630 4674 λόγου
1660 4604 1760 4674 τὴν

203 4687 403 4760 ἀσκησιν
426 4693 538 4746 τοῦ
569 4692 1022 4762 πρακτικωτάτου
1052 4694 1404 4765 διεξέρχεται.
1437 4695 1624 4748 Λέοντι
1659 4695 1760 4763 μὲν

202 4781 292 4850 γὰρ
322 4785 377 4837 τὸ
403 4784 644 4855 ἀρχικὸν
670 4786 727 4837 ἐν
755 4784 985 4854 θηρίοις,
1016 4784 1091 4848 ὡς
1136 4788 1165 4839 ό
1209 4786 1395 4854 λόγος,
1424 4788 1457 4857 ἡ
1488 4786 1717 4854 δύναμις
1742 4800 1755 4813 ⁸

201 4874 323 4945 ἀετῷ
356 4878 412 4931 δὲ
456 4882 525 4931 ὲν
566 4881 855 4942 πετεινοῖς,
886 4880 946 4932 τὸ
973 4880 1232 4949 ύψιπετὲς
1275 4880 1368 4933 καὶ
1396 4880 1721 4950 δραστήριον
1743 4894 1758 4908 '

201 4966 451 5041 ἀνθρώπῳ
474 4971 539 5023 δὲ
568 4972 705 5025 κατὰ
732 4973 835 5042 γῆν
874 4973 903 5024 ὁ
939 4972 1096 5041 λόγος
1130 4972 1229 5043 τὴν
1257 4971 1505 5039 ἐξουσίαν
1537 4971 1760 5042 χαρίζε-

204 5072 295 5112 ται.

563 5240 698 5307 Περὶ
739 5240 846 5294 τοῦ
880 5241 966 5309 μὴ
1005 5242 1376 5311 ἐπαίρεσθαι.

261 5331 373 5384 Ἐπὶ
427 5334 607 5396 νίκαις
652 5332 985 5387 ὑπεναντίων
1030 5333 1299 5402 μηδέποτε
1328 5331 1597 5403 ὲπαρθῇς,
1630 5332 1765 5401 μηδὲ

207 5421 281 5473 ἔτι
308 5425 587 5495 πολεμίων
615 5428 920 5497 συμφοραῖς
950 5426 1232 5496 γαυρίαμα
1260 5426 1454 5494 κτήσῃ,
1484 5423 1619 5495 μηδὲ
1642 5426 1761 5475 ὲπι-

209 5518 356 5584 γιρῇς
411 5517 511 5567 ἐπὶ
563 5515 769 5570 πτώσει
831 5516 1043 5587 ἐχθρῶν
1100 5533 1217 5581 σου,
1277 5516 1409 5585 μηδὲ
1465 5515 1769 5582 ὲγγελάσῃς

208 5601 477 5673 ἐυτυχίαν
523 5608 712 5677 ἐτέρου
741 5644 757 5671 ,
797 5608 932 5677 μηδὲ
980 5607 1352 5678 ἑπικροτήσῃς
1401 5607 1487 5657 ἐπ’
1521 5604 1767 5675 ἀπωλείᾳ

212 5697 511 5767 ανθρώπου·
545 5701 698 5770 κοινὴ
730 5700 837 5771 γὰρ
864 5703 896 5772 ἡ
930 5700 1091 5770 φύσις
1118 5739 1132 5765 9
1168 5699 1260 5754 καὶ
1289 5699 1349 5752 τὸ
1379 5699 1570 5768 μέλλον
1599 5698 1766 5768 MP“

1864 4520 1960 4568 aut
1995 4511 2343 4576 diminutam,
2385 4510 2479 4566 sed
2502 4509 2820 4580 perfectam.
2852 4508 3039 4579 Neque
3060 4508 3207 4569 enim
3237 4507 3437 4578 guber-

1865 4603 2043 4659 natori
2083 4601 2284 4674 navigii
2314 4602 2466 4658 salus
2505 4602 2890 4668 committitur,
2912 4600 3021 4657 nisi
3061 4601 3200 4657 bene
3235 4599 3437 4670 guber-

1867 4711 1999 4752 nare
2021 4695 2276 4749 didicerit
2324 4711 2339 4749 :
2369 4710 2547 4765 neque
2605 4694 2716 4764 regi
2750 4693 2981 4763 imperio
3010 4692 3161 4762 regio
3189 4690 3304 4753 uti,‘
3329 4689 3436 4744 nisi

1866 4788 2178 4843 facultatem
2209 4786 2424 4842 dicendi
2446 4787 2515 4842 ad
2547 4802 2635 4841 res
2660 4787 2928 4859 gerendas
2967 4782 3428 4839 accommodatis-

1866 4879 2061 4935 simam
2077 4877 2365 4948 diligenter
2380 4875 2883 4933 exercuerit.Leoni
2907 4873 3177 4943 siquidem
3206 4888 3433 4945 regnum

1867 4972 1922 5026 in
1954 4971 2159 5025 bestias
2197 4970 2292 5023 dat
2348 4968 2516 5023 robur
2537 4965 2704 5021 animi
2731 4974 2787 5021 et
2820 4966 3072 5035 corporis
3105 4982 3119 5019 :
3156 4965 3353 5035 aquila:
3378 4964 3431 5018 in

1865 5079 1994 5119 aves
2028 5064 2242 5117 volatus
2270 5060 2523 5117 sublimis
2572 5068 2625 5113 et
2657 5057 2813 5113 velox
2843 5075 2856 5112 :
2887 5058 3092 5113 homini
3122 5068 3303 5113 autem
3338 5074 3433 5113 su-

1867 5170 1964 5225 per
1985 5163 2186 5210 terram
2225 5152 2514 5222 imperium
2555 5151 2648 5205 dat
2668 5149 2869 5204 oratio.

2322 5241 2445 5296 Non
2473 5257 2587 5295 esse
2616 5238 2977 5309 gloriandum.

1938 5334 2166 5405 Propter
2218 5334 2445 5388 relatam
2470 5332 2539 5385 de
2575 5330 2828 5385 hostibus
2888 5330 3176 5385 victoriam
3231 5330 3433 5400 gaudio

1869 5442 1937 5481 ne
1990 5425 2253 5487 cﬂ'eraris,
2297 5437 2399 5477 uec
2440 5421 2878 5476 adversariorum
2915 5419 3319 5475 calamitatibus
3350 5420 3433 5472 iu-

1869 5518 2062 5583 sultes,
2116 5529 2292 5585 neque
2317 5514 2386 5568 ob
2421 5514 2638 5568 ruinam
2704 5513 3050 5566 inimicorum
3085 5510 3302 5571 laeteris,
3332 5524 3433 5564 nec

1870 5609 2093 5663 alterius
2144 5605 2422 5661 miseriam
2478 5604 2677 5669 rideas,
2726 5619 2826 5658 ncc
2879 5602 2951 5657 ob
2988 5602 3152 5657 ullius
3200 5599 3437 5654 hominis

1871 5698 2151 5754 interitum
2188 5698 2444 5754 manibus
2478 5696 2706 5768 plaudas
2737 5711 2750 5750 :
2777 5704 2972 5751 natura
2997 5694 3140 5749 enim
3185 5705 3447 5747 cunnuu-l
