3992 6204
489 358 559 402 t.v
1840 336 2426 399 PROLEGOMENA.
3647 350 3738 391 ινι

488 459 576 514 nis
607 465 692 513 est
720 456 997 523 omnibus,
1028 468 1076 511 et
1108 455 1350 511 futurum
1414 452 1685 525 provideri
1722 452 1931 521 nequit.
1961 450 2064 504 lie-

2172 464 2289 503 τονο
2321 451 2422 519 δρα
2450 443 2543 503 οὖν
2568 449 2695 512 τοὺς
2726 450 2833 520 πρὸ
2863 448 2980 514 σοῦ,
3002 452 3095 504 καὶ
3119 450 3237 504 τότε
3266 450 3485 522 μαθήσῃ
3506 452 3573 505 τὰ
3600 455 3748 522 μετα

487 549 779 603 miniscere
793 564 983 602 eorum
1012 562 1133 617 quae
1165 557 1292 603 ante
1307 555 1362 603 te
1388 547 1629 609 fuerunt,
1654 551 1711 599 et
1725 558 1846 613 qua:
1871 551 2059 613 postea

2167 543 2245 596 σέ.
2280 542 2459 595 Πολλὰ
2486 541 2594 614 γὰρ
2624 536 2766 594 οἶδεν
2791 543 2819 594 ό
2850 540 2964 611 βίος
2992 545 3295 613 πράγματα
3336 544 3609 613 ἀμείϐειν,
3640 547 3743 599 καὶ

486 640 737 695 evenient
794 640 1103 712 intelliges,
1168 656 1377 712 magna:
1428 640 1572 693 enim
1616 653 1680 693 ac
1708 637 1891 692 multa:
1931 644 2061 691 sunt

2165 632 2269 685 τῶν
2298 631 2675 701 παρελθόντων
2705 631 2775 685 τὰ
2802 632 2950 701 πάθη
2999 636 3111 695 τοῖς
3146 632 3242 686 νῦν
3265 632 3532 702 παροῦσιν
3558 635 3741 708 ὑπάρ-

486 728 611 783 νίιειε
651 729 817 797 hujus
848 729 1280 791 vicissitudines.
1320 742 1383 782 ac
1413 726 1809 797 pneteritorum
1872 738 2059 779 recor-

2169 738 2251 791 χει
2273 720 2613 775 διδασκαλία.
2636 720 2727 790 Μὴ
2745 720 2839 774 οὖν
2871 722 3013 791 μὲγα
3040 722 3305 795 ὲπαρθῇς,
3331 724 3517 795 φησὶν,
3548 725 3633 779 ἶνα
3660 725 3741 797 μὴ

483 819 632 874 datio
673 820 1037 890 praesentibus
1087 819 1421 874 documento
1469 833 1593 873 esse
1651 817 1833 871 debet.
1876 814 1956 871 Ne
2008 821 2059 869 te

2168 813 2347 883 μεῖζον
2400 813 2604 885 πέσῃς,
2664 812 2779 866 ἀλλ’
2813 812 2934 866 οὐδὲ
2984 813 3095 866 τῶν
3154 814 3602 885 κατορθουμένων
3654 835 3744 872 σοι

481 908 699 972 efferas,
757 909 934 974 aiunt,
973 925 1042 963 ne
1064 915 1217 963 tanto
1275 907 1603 979 profundius
1646 906 1954 977 dejiciaris;
1984 919 2052 959 ne

2167 905 2435 972 τροπαίων
2466 904 2635 975 μηδὲν
2661 905 2801 969 ὅλως
2835 904 2965 959 ἴδιον
2978 904 3200 978 ίλογεσῃ,
3228 905 3327 960 καὶ
3354 906 3610 961 οὐδέποτε
3634 909 3743 964 τῶν

482 1011 669 1069 partas
695 1000 794 1054 tibi
821 999 1081 1055 victorias
1105 1000 1340 1060 ascribe.
1378 1015 1445 1053 ne
1476 1012 1717 1069 unquam
1774 997 2050 1052 fortunam

2168 996 2503 1049 ἀπευκταιων
2557 996 2889 1067 πειραθήσῃ.
2940 995 3081 1050 Ἀλλ’
3124 997 3420 1069 ὲπιδάκρυε
3470 999 3570 1070 μὲν
3617 1004 3744 1067 ταῖς

481 1090 786 1160 esperiaris
841 1090 1126 1145 adversam
1161 1108 1175 1144 :
1208 1090 1302 1145 sed
1347 1091 1579 1145 aliorum
1649 1089 2057 1144 calamitatibus

2170 1087 2467 1157 ὶλλοτρίαις
2513 1090 2838 1158 συμφοραῐς,
2868 1088 3146 1158 συμπάθει
3189 1089 3247 1142 δὲ
3301 1091 3598 1161 πάσχουσιν
3642 1094 3746 1145 ἀν-

482 1178 847 1249 illacrymare,
877 1185 1042 1247 atque
1100 1178 1383 1231 hominum
1424 1177 1667 1232 miseriis
1698 1176 2054 1241 condolesce,

2168 1176 2418 1248 θρώποις,
2446 1178 2733 1249 ἄνθρωπος
2782 1177 2859 1231 ὢν
2908 1179 3004 1233 καὶ
3053 1179 3243 1243 αὐτός·
3281 1180 3380 1244 τὰς
3409 1181 3465 1235 δὲ
3498 1182 3590 1236 ἐπὶ
3618 1186 3744 1247 ταῖς

482 1272 645 1325 homo
671 1271 787 1340 ipse
833 1286 955 1325 cum
992 1271 1071 1325 sis
1100 1289 1112 1323 :
1145 1270 1409 1324 festorum
1441 1270 1793 1326 celebritates
1837 1278 2058 1340 propter

2184 1266 2337 1330 νίκαις
2370 1267 2742 1338 πανηγύρεις,
2770 1268 3018 1323 ἁνατὶθει
3070 1269 3218 1339 μόνῳ
3258 1270 3336 1341 τῷ
3366 1271 3486 1341 Θεῷ
3514 1274 3760 1343 εὐχαρε-’

478 1371 666 1433 partas
701 1362 961 1417 victorias
1012 1361 1113 1415 soli
1173 1360 1282 1416 Deo
1339 1370 1526 1432 gratus
1581 1372 1841 1433 acceptas
1890 1361 2053 1427 refer,

2168 1377 2322 1423 πως,
2355 1360 2445 1412 ἵνα
2474 1362 2569 1414 καὶ
2617 1363 2675 1414 ὲν
2729 1363 2851 1424 ταῖς
2904 1361 3186 1432 εὐτυχίαις
3229 1362 3527 1432 δυστυχῶν.
3557 1366 3647 1418 καὶ
3680 1366 3744 1418 ἐν

478 1460 538 1504 ut
568 1461 621 1506 et
656 1452 710 1504 in
743 1449 1005 1505 secundis
1047 1451 1213 1505 rebus
1237 1459 1288 1505 te
1318 1451 1668 1515 submittens,
1698 1461 1752 1505 et
1784 1452 1837 1505 in
1864 1452 2054 1505 adver-

2165 1454 2276 1514 ταῖς
2303 1450 2619 1522 δυστυχίαις
2642 1452 2902 1524 εὐτυχῶν,
2925 1451 2984 1506 τδ
3014 1454 3299 1525 ἄνθρωπος
3330 1448 3469 1507 εἶναι
3498 1453 3576 1525 μὴ
3603 1457 3741 1508 ἁπο-

477 1544 555 1598 sis
589 1542 830 1613 erigens,
863 1558 1143 1612 nunquam
1170 1552 1224 1597 te
1248 1544 1525 1597 hominem
1544 1558 1669 1598 esse
1686 1542 2054 1597 obliviscaris.
2156 1540 2340 1612 λέσῃς.
3610 1548 3613 1551 ⁷

972 1632 1049 1687 De
1079 1633 1257 1687 studio
1281 1633 1602 1687 litterarum.
2510 1636 2548 1687 Π

2510 1633 2648 1703 Περὶ
2688 1633 3083 1703 ἀναγνώσεως
3119 1634 3379 1705 γραφῶν.

548 1723 627 1776 Ad
657 1738 833 1779 mores
855 1732 979 1778 tuos
1004 1725 1151 1777 omni
1177 1740 1243 1779 ex
1276 1731 1430 1794 parte
1450 1724 1782 1778 excolendos
1808 1732 2053 1780 veterum
2094 1799 2113 1801 ῃ

2233 1723 2353 1776 ’Ὶνα
2402 1722 2461 1777 δέ
2514 1740 2608 1776 σου
2656 1724 2718 1778 τὸ
2758 1719 2892 1795 ἦθος
2933 1725 3021 1778 διὰ
3060 1725 3279 1779 πάντων
3325 1728 3628 1798 κοσμήσῃς,
3657 1729 3738 1801 μὴ

477 1815 781 1884 sapientum
853 1817 1151 1871 sententias
1212 1815 1556 1869 tontinenter
1612 1817 1848 1870 evolve:
1888 1819 2053 1870 multa

2158 1813 2409 1867 κατόκνει
2457 1814 2557 1877 τὰς
2601 1813 2709 1868 τῶν
2756 1815 3005 1870 παπαιῶν
3049 1816 3421 1889 διεξέρχεσθαι
3467 1799 3733 1888 γνώμαςέ

474 1907 619 1960 enim
675 1906 727 1960 in
765 1906 873 1961 illis
932 1915 1197 1975 praecepta
1246 1906 1533 1961 utilissima
1579 1907 1817 1976 reperies
1847 1950 1861 1973 ,
1919 1924 2050 1977 prae-

2160 1904 2331 1960 πολλὰ
2358 1907 2466 1973 γὰρ
2492 1907 2549 1959 ὲν
2578 1907 2766 1971 αὐταῖς
2788 1907 3042 1978 εὑρήσεις
3063 1908 3131 1962 τὰ
3156 1910 3432 1981 χρήσιμα’
3457 1911 3552 1963 καὶ
3573 1910 3736 1964 πλέον

474 1999 661 2053 sertim
727 2000 782 2052 in
851 1998 1109 2067 operibus
1174 1998 1482 2053 Salomonis
1551 2007 1713 2067 atque
1777 1997 2050 2055 Isocratis.

2158 1996 2372 2050 πάντων
2403 1997 2472 2051 τά
2503 2013 2561 2049 τε
2611 1996 3003 2066 Σολομώντεια,
3054 1992 3124 2053 τᾶ
3166 2016 3228 2053 τε
3260 2001 3612 2069 Ἰσοκράτεια.
3667 2002 3734 2056 Et

474 2091 628 2145 Adde
656 2090 818 2145 etiam
848 2090 892 2145 si
920 2090 1000 2143 vis
1024 2089 1151 2144 Jesu
1185 2090 1275 2142 lilii
1298 2087 1490 2143 Sirach
1519 2088 1845 2144 documenta
1892 2099 2050 2160 atque

2158 2085 2338 2156 βούλει
2384 2088 2480 2140 καὶ
2508 2087 2578 2140 τὰ
2603 2087 2699 2141 τοῦ
2735 2088 2912 2160 Ἰησοῦ
2943 2091 3036 2143 τοῦ
3065 2091 3235 2162 Σιρὰχ
3271 2092 3561 2162 διαμελέτα
3606 2093 3734 2163 βου-

473 2178 774 2242 consilia,e
804 2179 1005 2249 quibus
1036 2179 1269 2231 multum
1301 2178 1484 2233 civilis
1517 2189 1569 2233 et
1608 2180 1769 2250 regiae
1808 2180 2049 2251 pruden-

2156 2177 2403 2246 λεύματα
2450 2179 2546 2232 καὶ
2592 2179 2915 2248 διδάγματα,
2944 2182 3019 2247 ὡς
3048 2183 3259 2237 ἐκεῖθεν
3303 2184 3399 2237 καὶ
3443 2185 3732 2249 πολιτικὰς

470 2270 561 2325 tia:
584 2270 804 2325 haurire
837 2270 1061 2339 poteris.
1123 2268 1333 2324 Caetera
1386 2270 1549 2324 etiam
1588 2271 1852 2327 divinitus
1883 2273 2046 2342 inspi-

2154 2271 2248 2324 καὶ
2301 2269 2586 2341 βασιλικὰς
2635 2271 2836 2342 ἀρετὰς
2882 2273 3179 2343 δυνάμενος
3229 2274 3608 2340 ἀναλέξασθαι.
3645 2276 3730 2329 Τὰ

472 2374 607 2417 rata:
641 2362 943 2432 Scriptura:
974 2362 1195 2416 oracula
1244 2362 1481 2429 perlecta
1525 2361 1620 2416 tibi
1669 2377 1791 2417 esse
1815 2374 2048 2433 oportet,

2154 2360 2260 2429 γὰρ
2311 2359 2447 2414 ἄλλα
2476 2361 2653 2415 πάντα
2700 2362 2800 2431 τῆς
2832 2362 3194 2417 θεοπνεύστου
3228 2364 3453 2435 Γραφῆς
3481 2367 3730 2436 σωτήρια

471 2462 531 2507 ιιι
563 2470 687 2509 cum
719 2452 988 2523 sapientia
1026 2461 1439 2508 consummatus
1494 2452 1683 2519 fueris,
1727 2470 1814 2509 me
1842 2469 2045 2526 regem,

2154 2451 2303 2519 λόγια
2333 2453 2796 2507 συναναπνέεσθαί
2840 2471 2924 2508 σοι
2964 2455 3182 2519 πάντως
3209 2456 3538 2525 ἐπάναγκες.
3558 2458 3730 2512 Ἐπὰν

469 2555 678 2614 patrem
711 2559 776 2599 ac
805 2550 1195 2613 praeceptorem
1238 2551 1418 2611 tuum,
1503 2543 1688 2598 laetitia
1752 2545 2045 2616 perfundas

2156 2542 2203 2597 δὲ
2228 2543 2430 2607 τέλειος
2455 2544 2587 2617 γένῃ
2616 2545 2714 2616 τὴν
2741 2546 3019 2617 φρόνησιν,
3050 2547 3193 2618 κάμὲ
3222 2548 3316 2603 τὸν
3346 2548 3567 2618 βασιλέα
3585 2590 3601 2614 ,
3628 2550 3732 2604 καὶ

470 2650 535 2689 ac
571 2644 798 2690 caeteros
833 2636 995 2690 ctiam
1030 2637 1146 2704 ipse
1178 2635 1458 2690 exhortari
1484 2651 1550 2691 ac
1583 2636 1782 2691 docere
1808 2638 1988 2707 possis
2023 2655 2037 2691 :

2154 2635 2379 2706 πατέρα,
2419 2638 2514 2690 καὶ
2561 2638 2854 2708 παιδευτὴν
2892 2640 3212 2712 εὐφρανεῖς,
3258 2643 3353 2695 καὶ
3399 2642 3560 2706 αὐτὸς
3600 2643 3730 2696 τότε

468 2732 524 2778 ct
541 2727 703 2779 homo
749 2739 874 2778 cum
910 2725 989 2779 sis
1012 2724 1172 2779 linem
1204 2725 1303 2779 tibi
1336 2726 1718 2795 prmscriptum
1747 2743 1892 2792 esse,
1925 2742 2042 2784 me-

2150 2726 2412 2780 νουθετεῖν
2464 2729 2682 2799 ἐτέρους
2732 2730 3049 2804 ἀξιωθήσῃ·
3080 2732 3176 2786 καὶ
3219 2734 3281 2786 τὸ
3322 2735 3520 2788 οἰκεῖον
3563 2735 3726 2799 τέλος

470 2816 578 2870 lius
606 2815 879 2887 intelligas
904 2835 919 2883 ;
948 2830 1011 2871 ac
1041 2817 1255 2871 nullum
1309 2817 1589 2873 hominem
1645 2833 1768 2873 esse
1792 2819 2039 2888 peccati,

2152 2818 2426 2890 Ξνθρωπος
2454 2819 2550 2884 ὢν,
2584 2821 2785 2891 μᾶλλον
2826 2824 3126 2898 ἑπιγνὼσῃ,
3171 2825 3252 2879 δτι
3307 2826 3478 2889 οὐδεὶς
3506 2826 3728 2897 ἀνθρώ.

465 2908 675 2963 nullum
735 2910 927 2965 mortis
980 2920 1294 2979 expertem;
1352 2909 1562 2964 nullum
1612 2910 1706 2981 qui
1737 2926 1846 2965 non
1892 2909 2041 2980 judi-

2151 2926 2259 2963 πων
2300 2911 2702 2984 ἀναμάρτητος,
2732 2915 2906 2979 οὐδεὶς
2958 2916 3264 2983 ἀνθρώπων
3313 2917 3598 2982 ἀθάνατος,
3628 2920 3727 2971 οὐ·

466 3001 676 3053 candns
708 3001 778 3054 sit
811 2999 878 3055 de
907 2999 1165 3055 omnibus
1216 3015 1338 3070 quae
1372 2999 1429 3054 in
1458 3000 1571 3055 vita
1629 3002 1886 3070 gesserit,
1920 3001 2041 3055 nul-

2153 3001 2251 3066 ist;
2280 3002 2584 3073 ἀνθρώπων
2611 3005 2708 3075 τὴν
2723 3007 2832 3061 τῶν
2855 3006 3200 3078 βεϐιωμένων
3228 3009 3573 3078 διαφεύξεται
3597 3010 3729 3080 κρί-

466 3090 580 3145 lum
612 3090 704 3161 qui
732 3091 800 3147 de
832 3091 1026 3148 mortis
1059 3107 1172 3149 sua:
1198 3092 1431 3148 termino
1453 3090 1655 3164 aliquid
1693 3093 1828 3148 certi
1878 3091 2035 3148 sciat.

2146 3110 2230 3147 σιν
2249 3133 2265 3160 ,
2293 3095 2465 3160 οὐδεὶς
2501 3097 2804 3168 ἀνθρώπων
2828 3094 2937 3153 οἶδε
2965 3100 3059 3154 τοῦ
3088 3100 3204 3169 βίου
3231 3102 3291 3155 τὸ
3316 3101 3508 3171 ἄδηλον
3537 3102 3722 3166 τέλος,

535 3282 999 3297 _————

2613 3294 2921 3305 ————_

481 3280 999 3318 =_______
1048 3286 1475 3315 ========-.

1826 3454 2360 3534 MONITUM.

1334 3625 1495 3698 (Ang.
1521 3626 1648 3683 ΜΑι.
1674 3628 1873 3697 Script.
1896 3638 2056 3686 veter.
2076 3647 2194 3687 nov.
2215 3632 2341 3688 coll.
2367 3640 2407 3688 t.
2440 3632 2505 3701 11,
2532 3649 2658 3706 pag.
2698 3635 2855 3707 679.)

529 3924 665 4020 tium
724 3926 779 4020 in
830 3925 1110 4020 vaticanis
1177 3932 1455 3988 codicibus
1526 3937 1747 4006 politica
1812 3940 2015 4010 scripta
2080 3944 2427 4013 vestigarem,
2491 3945 2674 4002 Basilii
2726 3962 2940 4020 quoque
2986 3948 3329 4019 imperatoris
3398 3950 3573 4007 editas
3632 3953 3711 4006 ad

474 4014 643 4069 lilium
674 4016 1076 4111 admonitiones
1114 4021 1446 4089 lectitaham,
1480 4026 1549 4079 ab
1592 4026 1788 4097 iisque,
1822 4031 1875 4083 in
1914 4047 2022 4086 uno
2065 4034 2256 4089 saltem
2296 4037 2511 4103 codice,
2579 4014 2757 4108 caput
2786 4014 2944 4107 xx'm,
3001 4014 3145 4111 quod
3221 4049 3305 4098 est
3343 4044 3410 4096 de
3458 4043 3708 4111 pecunia:

458 4113 803 4176 contemptu,
874 4107 1068 4165 abesse
1111 4111 1383 4169 videbam.
1438 4114 1638 4170 Verum
1727 4118 1867 4173 idem
1929 4121 2097 4177 codex
2142 4127 2459 4194 praedictum
2496 4107 2765 4185 defectum
2795 4147 2918 4187 cum
2947 4107 3133 4189 fenore
3158 4107 3510 4189 resarciebat:
3545 4149 3713 4189 nam-

454 4214 562 4298 que
593 4200 646 4254 in
676 4199 1111 4298 admonitionum
1142 4206 1357 4262 illarum
1384 4210 1825 4282 pervulgatarutn
1853 4216 2023 4282 calce,
2065 4218 2171 4273 alia
2228 4221 2620 4280 subtexebatur
2663 4226 2911 4298 ejusdem
2966 4229 3155 4288 Basilii
3221 4230 3289 4287 ad
3337 4232 3591 4296 eumdem
3638 4233 3708 4288 ﬂ-

453 4291 588 4347 lium
622 4292 946 4365 admonitio,
976 4312 1097 4370 qua:
1118 4300 1173 4357 in
1207 4301 1564 4377 editionibus,
1593 4317 1858 4380 quantum
1888 4310 2019 4379 vidi,
2061 4312 2429 4377 desideratur.

3960 351 3992 360 .-

3960 366 3992 376 ..ι

3960 1166 3992 1213 7‘

3960 1224 3992 1249 ιλ
