4070 6210
221 388 779 419 ιε-ε-ᾑ--η-ε
783 394 789 413 .‘

798 234 1085 298 BASILII
1118 235 1272 297 IMP.
1318 238 1764 301 PARENESIS
1794 242 2094 302 ALTERA
2122 244 2224 303 AD
2258 244 2570 306 LEONEM
2599 247 2895 310 FILIUM.

3364 265 3492 308 ινιιι

788 389 3497 438 W

1034 770 1856 893 ΒΑΣΙΛΕΙΟΥ
1945 776 2692 900 ΒΑΣΙΛΕΩΣ

1480 1002 1706 1056 ETEPA
1747 1005 2162 1059 ΠΔΡΑΙΝΕΣΙΣ

683 1178 859 1264 ΕΙΣ
936 1178 1161 1263 ΤΟΝ
1228 1177 1609 1265 ΑΥΤΟΥ
1681 1178 1957 1266 ΥΙΟΝ
2032 1180 2479 1270 ΛΕΟΝΤΑ
2554 1186 3046 1275 ΒΑΣΙΛΕΑ.

1824 1409 1889 1421 —

1084 1582 1601 1700 BASILII
1665 1586 2638 1705 IMPERATOBIS

1445 1819 1751 1880 ALTERA
1788 1820 2283 1881 EXHORTATIO

489 1992 631 2077 AD
727 1990 1167 2081 FILIUM
1269 1990 1594 2083 SUUM
1706 1988 2204 2083 LEONEM
2293 1946 3233 2088 .IMPERATOREM.

321 2326 380 2380 Ἡ
413 2324 522 2380 θεία
570 2326 667 2380 καὶ
701 2328 950 2398 παναγία
983 2328 1154 2400 Τρίας
1201 2330 1235 2400 ἡ
1284 2330 1693 2402 παντοδύναμος
1722 2332 1816 2387 καὶ
1842 2336 1866 2394 1

1991 2333 2181 2389 Divina
2217 2342 2269 2389 et
2291 2335 2638 2390 sanctissima
2671 2335 2937 2401 Trinitas.
2970 2353 3094 2407 qua:
3128 2348 3212 2393 est
3245 2340 3503 2410 omnipo-

245 2417 473 2483 ζωοποιὺς
497 2419 803 2488 ἀγαθότης,
848 2422 881 2491 ὴ
911 2422 970 2474 ὲν
990 2421 1176 2490 τρισὶν
1228 2422 1594 2476 ὑποστάσεσιν
1621 2426 1819 2494 ὁμοου-

240 2511 350 2575 σίως
379 2509 736 2583 δοξαζομένη,
786 2512 851 2565 τὸ
885 2512 1229 2584 ὑπερϐάλλον
1261 2513 1527 2582 ἐπιδεῖξαι
1557 2515 1818 2586 βουλομέ-

234 2620 289 2671 νη
337 2604 431 2674 τῆς
460 2605 683 2669 οίκείας
721 2603 1081 2675 ἀγαθότητος,
1108 2606 1204 2660 καὶ
1245 2606 1304 2660 ὲν
1354 2608 1491 2661 πᾶσι
1546 2610 1645 2679 μὲν
1706 2613 1819 2675 τοῖς

230 2690 353 2761 οὖσι,
378 2698 769 2770 κατεξαίρετον
792 2697 850 2751 δὲ
868 2698 963 2751 τοῦ
992 2697 1283 2769 ἀνθρώπου
1313 2699 1570 2768 πρόνοιαν
1629 2702 1818 2755 ποιού-

230 2789 369 2857 ι-ιένη,
399 2793 515 2842 κατ’
547 2790 751 2844 εἰκόνα
786 2790 926 2844 ίδίαν
948 2791 1009 2844 τὸ
1038 2790 1227 2863 νοερὸν
1253 2791 1445 2845 τούτου
1467 2792 1813 2864 δημιουργή-

229 2894 369 2942 casa,
394 2880 520 2953 δόξῃ
544 2898 614 2934 τε
649 2880 747 2935 καὶ
772 2883 905 2951 τιμῇ
960 2880 1378 2950 στεφανώσασα,
1430 2882 1626 2953 σοφίαν
1666 2883 1818 2955 αὐτῷ

225 2972 533 3042 ἐδωρήσατο,
557 2974 643 3027 δι’
662 2968 731 3045 ἦς
746 2974 888 3027 κατὰ
916 2973 979 3026 τὺ
1023 2973 1243 3028 δυνατὸν
1262 2974 1396 3028 Θεὸν
1422 2974 1689 3047 γνωρίσαι
1722 2977 1819 3029 δυο

222 3062 448 3131 νάμενος.
478 3062 709 3127 δοξάζοι
759 3063 848 3118 διὰ
897 3064 1099 3127 παντὸς
1136 3062 1228 3117 τὸν
1270 3063 1377 3117 τῶν
1412 3064 1668 3118 ἁπάντων
1696 3064 1817 3118 κτί-

222 3172 337 3225 στην
362 3172 378 3187 ο
430 3158 463 3227 ὴ
512 3156 695 3224 σοφία
731 3156 911 3209 τοίνυν
954 3156 1020 3209 ἐκ
1050 3154 1151 3225 τῆς
1177 3155 1347 3226 αὐτῆς
1402 3155 1817 3228 μεγαλειότητος

216 3250 316 3311 τοῖς
366 3249 690 3321 ἀνθρώποις
741 3247 979 3311 δοθεῖσα,
1038 3246 1320 3319 προδήλως
1379 3248 1472 3301 καὶ
1543 3247 1680 3320 καλὴ
1724 3251 1818 3304 καὶ

214 3342 400 3410 τερπνὴ
420 3341 496 3404 ὡς
540 3338 693 3392 Θεοῦ
725 3338 899 3409 δῶρον
930 3338 1260 3412 καθέστηκε.
1292 3340 1404 3393 Καὶ
1434 3340 1498 3393 σὺ
1551 3339 1665 3406 οὖν,
1727 3340 1816 3393 τέ-

216 3451 326 3488 κνον
347 3436 478 3505 ἐμὸν
523 3434 935 3503 θεοφύλακτον,
989 3434 1150 3505 σοφία
1204 3433 1605 3505 ἐκτρεφόμενος
1657 3434 1816 3503 γενοῦ

214 3527 481 3598 φιλόσοφος
515 3529 616 3600 (2)
651 3529 715 3581 ὲκ
743 3526 838 3580 τοῦ
871 3528 964 3579 τὸν
994 3526 1127 3579 Θεὸν
1156 3525 1447 3596 φοϐεῖσθαι
1482 3543 1496 3559 ο
1538 3525 1681 3597 ἀρχὴ
1707 3525 1818 3598 γὰρ

217 3618 388 3686 σοφίας
407 3619 586 3687 φόϐος
628 3617 838 3689 Κυρίου
873 3633 888 3647 ·
938 3616 1161 3680 σύνεσις
1190 3616 1248 3670 δὲ
1277 3615 1479 3687 ἀγαθὴ,
1533 3617 1666 3670 πᾶσι
1707 3620 1818 3681 τοῖς

1924 2435 2041 2480 lens
2089 2425 2486 2496 viviﬁcansqtte
2545 2428 2785 2494 bonitas,
2823 2430 2998 2485 trihus
3054 2431 3504 2486 consubstantia-

1920 2517 2066 2571 libus
2112 2518 2165 2572 in
2218 2517 2471 2587 personis
2507 2517 2850 2581 honoranda.
2884 2520 3013 2575 dum
3049 2537 3317 2576 summam
3346 2537 3503 2578 suam

1922 2608 2313 2681 benignitatem
2365 2610 2528 2678 gestit
2583 2610 2988 2678 demonstrare,
3040 2625 3202 2683 atque
3258 2615 3503 2669 omnium

1921 2716 2127 2767 rerum,
2151 2699 2245 2755 sed
2272 2703 2506 2755 hominis
2533 2702 2830 2771 prmcipue,
2868 2720 3059 2760 curam
3097 2721 3209 2776 pra:
3239 2723 3297 2759 se
3328 2705 3502 2772 ferre;

1920 2789 2084 2860 hujus
2117 2790 2333 2861 quidem
2363 2792 2602 2846 animam
2642 2791 2708 2846 ad
2733 2793 3029 2862 imaginem
3056 2795 3143 2851 sui
3178 2797 3410 2857 creavit.
3449 2806 3506 2851 et

1920 2881 2094 2951 gloria
2120 2895 2286 2953 atque
2317 2880 2526 2937 honore
2551 2882 2857 2948 exornavit,
2882 2883 3321 2955 sapientiamque
3354 2887 3502 2940 indi-

1920 2975 2000 3031 dit
2034 2975 2241 3046 ;cujus
2275 2988 2379 3045 ope
2414 2974 2605 3039 Deum,
2641 2983 2915 3045 quatenus
2943 2974 3058 3029 ﬁeri
3104 2984 3302 3046 potest.
3335 2990 3506 3045 agno-

1920 3076 2118 3137 sceret,
2153 3077 2474 3138 naturaeque
2504 3053 2795 3121 universae
2830 3066 3170 3121 conditorem
3220 3082 3502 3137 nunquam

1919 3176 2027 3218 non
2062 3158 2378 3216 honorat-et.
2431 3156 2618 3228 Itaque
2669 3159 2943 3229 sapientia
2981 3173 3049 3213 ex
3074 3157 3211 3214 code
3233 3176 3264 3212 ιι
3311 3174 3505 3229 super-

1919 3269 2003 3308 nae
2032 3251 2382 3308 liberalitatis
2445 3250 2597 3306 fonte
2625 3250 2935 3319 dimanans,
2974 3252 3093 3306 sine
3116 3251 3285 3306 dub'o
3317 3260 3371 3307 et
3405 3253 3504 3306 de-

1918 3360 2047 3401 cora
2082 3351 2168 3401 est
2206 3351 2259 3400 et
2295 3341 2567 3414 jucunda,
2601 3342 2859 3399 videlicet
2888 3343 3014 3415 quia
3046 3342 3247 3397 donum
3275 3340 3368 3396 Dei
3394 3351 3501 3399 est.

1919 3436 2001 3492 Tu
2037 3451 2263 3508 quoque
2288 3435 2476 3506 igitur,
2506 3434 2579 3489 (ili
2615 3434 2688 3489 mi
2718 3434 2829 3506 (cui
2868 3434 3009 3490 Deus
3043 3436 3250 3489 utinam
3286 3450 3505 3503 semper

1921 3528 2182 3598 faveati),
2221 3528 2505 3598 sapientia:
2539 3526 2681 3582 laete
2708 3527 2974 3591 ntttritus,
3024 3526 3406 3596 philosophum
3451 3534 3504 3579 te

1923 3622 2165 3679 timendo
2198 3618 2368 3676 Deum
2392 3621 2650 3691 promere
2680 3637 2696 3673 :
2730 3619 2948 3673 initium
2974 3618 3181 3688 quippe
3220 3615 3503 3685 Sapientia:

213 3684 439 3762 ποιοῦσιν
469 3708 683 3777 αὐτὴν.
720 3684 954 3774 ν’Λγάπα
985 3706 1165 3760 τοίνυν
1188 3706 1282 3759 τὸν
1329 3684 1538 3779 Κύριον
1602 3706 1660 3773 ἐξ
1688 3704 1815 3776 ὅλης
1847 3684 1866 3741 Ι

1920 3713 2084 3768 timor
2134 3710 2351 3766 Domini
2374 3684 2410 3777 ς’
2459 3718 2607 3764 recte
2659 3718 2839 3761 autem
2903 3684 3129 3776 sapiunt
3183 3704 3504 3775 quicunque

212 3798 369 3869 ψυχῆς
385 3803 480 3854 καὶ
511 3799 761 3869 καρδίας
793 3815 889 3851 σου
915 3797 1011 3852 καὶ
1035 3797 1186 3868 αύτῷ
1211 3797 1465 3869 λάτρευε,
1515 3797 1612 3851 καὶ
1649 3797 1813 3851 αὐτὸν

215 3894 359 3960 μόνον
377 3892 583 3958 δόξαζε
611 3891 959 3963 Δημιουργὺν
1006 3888 1238 3959 οὐρανοῦ
1270 3890 1364 3944 καὶ
1410 3891 1516 3960 γῆς
1570 3887 1665 3942 καὶ
1724 3887 1814 3941 θα.

212 3980 419 4052 λάσσης,
449 3984 693 4037 πάντων
714 3998 775 4034 τε
799 3979 1016 4052 ὁρατῶν
1044 3978 1139 4033 καὶ
1167 3978 1440 4050 ἀοράτων,
1475 3976 1534 4042 ὃς
1574 3976 1666 4031 καὶ
1716 3993 1812 4045 γε·

212 4074 412 4142 νήσεταί
439 4091 527 4126 σοι
579 4070 772 4141 βοηθὸς
797 4073 857 4125 ὲν
875 4070 1073 4135 πάσαις
1105 4070 1226 4133 ταῖς
1260 4068 1495 4141 ἡμέραις
1521 4067 1623 4138 τῆς
1644 4083 1812 4138 προσ-

212 4163 386 4234 καίρου
435 4162 622 4235 τῆσδε
656 4160 807 4230 ζωῆς
842 4176 959 4226 σου,
986 4161 1081 4213 καὶ
1125 4161 1183 4213 ὲν
1209 4158 1370 4214 αίῶνι
1396 4157 1474 4229 τῷ
1524 4157 1769 4229 μέλλοντι
1792 4170 1808 4188 ο

212 4253 451 4323 σχόλασον
478 4258 557 4326 τῇ
598 4252 927 4323 θεοδιδάκτῳ
958 4251 1122 4323 σοφίᾳ
1151 4251 1229 4321 (5)
1258 4265 1273 4278 '
1314 4249 1513 4321 ἀρίστη
1564 4249 1674 4319 γὰρ
1714 4249 1810 4317 ἥδε

213 4345 538 4415 ὑπάρχουσα,
571 4345 695 4399 δυσ)⁸
722 4345 949 4416 τρόποις
972 4346 1031 4398 ὲν
1058 4342 1136 4415 τῷ
1184 4342 1461 4414 ἀνθρώπῳ
1521 4341 1809 4413 θεωρεῖται

210 4453 263 4487 τε
295 4440 383 4491 καὶ
414 4436 785 4508 γνωρίζεται,
817 4435 1099 4491 τουτέστιν
1129 4437 1189 4489 ὲν
1222 4435 1402 4503 λόγοις
1434 4434 1529 4488 καὶ
1579 4435 1637 4487 ὲν
1676 4435 1807 4505 ἀρε-

214 4529 342 4591 ταῖς.
382 4530 537 4584 Αύτὲ
574 4528 644 4582 τὰ
675 4527 812 4599 βάθη
846 4527 956 4581 τῶν
986 4527 1326 4598 πραγμάτων
1379 4524 1626 4597 ἐναργῶς
1668 4525 1777 4578 ἀπο

214 4616 546 4684 δεικνύουσα,
579 4620 676 4672 καὶ
706 4620 765 4672 ὲν
790 4620 961 4689 σεμνῇ
988 4618 1235 4690 διαγωγῇ
1268 4615 1364 4671 καὶ
1392 4616 1576 4687 ἔργοις
1621 4615 1805 4683 ἁγνοῖς

216 4712 299 4762 καὶ
342 4711 667 4781 θεαρέστοις
687 4726 701 4740 ·
751 4709 820 4764 δι’
848 4705 924 4765 ὧν
966 4709 1191 4764 δύναταί
1221 4726 1305 4773 τις
1332 4709 1511 4764 πάντα
1544 4708 1808 4780 πράττειν

214 4803 501 4874 ἁρμοδίως,
535 4804 681 4858 ὥστε
711 4805 805 4858 καὶ
833 4804 963 4857 Θεὸν
990 4802 1338 4875 θεραπεύειν,
1366 4802 1463 4856 καὶ
1498 4799 1807 4872 ἀνθρώποις

217 4897 376 4963 μέγας
423 4899 525 4951 καὶ
571 4894 782 4961 ἔνδοξος
826 4894 1266 4952 ἀναδείκνυσθαι.
1320 4894 1469 4963 Τίμα
1519 4894 1684 4963 ἱερεῖς
1714 4891 1807 4945 καὶ

1917 3805 2064 3860 illam
2116 3809 2393 3858 exercent.
2444 3799 2584 3871 Ergo
2613 3797 2903 3853 Dominum
2955 3806 3070 3850 toto
3114 3812 3181 3851 cx
3231 3795 3416 3850 animo
3449 3805 3504 3851 et

1914 3896 2081 3953 corde
2143 3909 2290 3959 ama,
2352 3893 2539 3964 illique
2579 3892 2791 3948 cultum
2823 3890 3019 3946 exhibe
3046 3903 3063 3943 :
3089 3898 3254 3961 atque
3287 3897 3345 3944 ut
3367 3890 3494 3944 uni-

1914 4003 2039 4044 cum
2073 3985 2225 4050 coeli,
2280 3993 2439 4040 terra:
2475 3986 2755 4053 marisque
2785 3980 3085 4036 visibilium
3111 3979 3502 4037 invisibilium-

1913 4094 2021 4152 que
2047 4076 2402 4134 Conditorem
2436 4076 2668 4139 honera,
2711 4073 2805 4143 qui
2855 4072 3099 4127 vicissim
3146 4070 3245 4126 tibi
3294 4070 3500 4128 tumin

1912 4173 2060 4228 omni
2083 4172 2185 4227 hac
2214 4170 2502 4241 temporali
2526 4172 2655 4235 vita,
2696 4177 2810 4223 tum
2844 4167 2897 4223 itt
2927 4166 3113 4221 laturo
3135 4166 3335 4221 saeculo
3363 4164 3502 4219 favi-

1914 4272 2004 4319 tor
2039 4264 2168 4319 erit.
2203 4262 2387 4318 Sacra:
2434 4260 2737 4332 prmsertitn
2786 4258 3055 4313 doctrinae
3106 4256 3347 4311 studium
3398 4257 3504 4310 im-

1911 4354 2090 4427 pende
2114 4370 2133 4417 ;
2167 4353 2308 4408 hanc
2337 4352 2484 4407 enim
2520 4358 2576 4406 et
2598 4365 2713 4420 pra:
2740 4348 2957 4403 caeteris
2987 4356 3042 4401 et
3080 4345 3372 4416 dupliciter
3400 4346 3502 4397 hoc

1911 4443 2045 4499 mini
2101 4458 2225 4499 esse
2294 4442 2480 4495 utilem
2538 4446 2883 4509 compertum
2948 4442 3057 4497 est,
3110 4434 3239 4504 quia
3290 4432 3504 4487 scilicet

1910 4552 2034 4591 eum
2062 4534 2265 4589 litteris
2315 4532 2479 4588 simul
2522 4540 2578 4585 et
2622 4529 2923 4584 virtutibus
2953 4526 3198 4581 instruit.
3252 4523 3387 4578 Nam
3414 4538 3503 4577 re-

1911 4640 2031 4679 rum
2059 4623 2136 4679 illi
2172 4630 2425 4678 naturam
2455 4620 2700 4677 intimam
2732 4618 3026 4691 perspicue
3064 4617 3269 4673 revelat
3291 4656 3306 4679 ,
3349 4630 3501 4670 eum-

1910 4719 2148 4788 demque
2176 4720 2410 4772 honesta
2432 4715 2566 4780 vita,
2586 4714 2743 4785 puris
2772 4712 2995 4785 Deoque
3017 4712 3189 4785 gratis
3216 4707 3498 4780 operibus,

1909 4808 2195 4865 ﬂorentem
2235 4807 2399 4864 ellicit
2432 4825 2447 4862 :
2482 4822 2547 4863 ex
2588 4822 2698 4877 quo
2758 4804 3135 4877 consequitur,
3192 4810 3251 4855 ut
3304 4810 3500 4856 cuncta

1909 4906 2056 4952 recte
2111 4896 2182 4951 ab
2238 4896 2459 4951 homine
2511 4893 2679 4960 ﬁant,
2746 4893 2856 4948 beo
2904 4893 3089 4946 cultus
3152 4890 3498 4955 cxhibeatur,

218 4986 543 5057 πρεσϐύτας,
581 4987 836 5058 καθάπερ
860 4989 1059 5056 γονεῖς,
1094 4988 1243 5051 ὅπως
1274 4985 1371 5040 καὶ
1397 4984 1561 5048 αὐτὸς
1611 4983 1797 5037 κελεύ-
1824 5021 1866 5081 c

1915 4989 2132 5058 ipseque
2169 5001 2397 5057 magnus
2424 4987 2568 5041 inter
2599 4986 2749 5040 cives
2779 5000 2911 5039 suos
2942 4991 2994 5037 et
3034 4984 3336 5054 praeclarus
3363 4998 3492 5036 eva-

218 5094 290 5131 σει
317 5079 457 5133 Θεοῦ
492 5078 735 5150 τιμηθῇς
769 5080 835 5133 ἐκ
864 5079 1071 5134 παίδων
1114 5078 1227 5133 τῶν
1254 5077 1471 5131 οἰκείων
1505 5077 1601 5130 καὶ
1637 5076 1793 5129 ἀλλο·
1835 5076 1865 5081 ”

1915 5081 2011 5135 lat.
2052 5082 2270 5135 Honora
2298 5080 2614 5135 sacerdOtes
2640 5087 2696 5134 et
2721 5093 2906 5144 senes,
2938 5086 3228 5147 parentum
3291 5076 3494 5138 instar,

216 5169 390 5237 πρίων.
427 5168 681 5240 Πτωχοῖς
708 5171 804 5225 καὶ
841 5169 1047 5224 ὲνδεέσι
1073 5170 1168 5225 καὶ
1212 5172 1271 5224 ὲν
1316 5168 1585 5236 ἀνάγκαις
1616 5166 1797 5239 ὑπάρ-

1902 5182 1963 5225 ut
1997 5183 2052 5224 tu
2096 5171 2339 5227 vicissim
2380 5171 2645 5226 honorem
2702 5183 2733 5223 a
2781 5168 2892 5223 Deo
2937 5166 3234 5235 liberisque
3290 5167 3401 5220 tuis
3448 5170 3503 5218 et

218 5274 355 5324 ἴωσι
389 5262 679 5332 μεταδίδου
710 5263 1009 5335 προθύμως
1034 5280 1051 5297 ο
1085 5261 1374 5333 γινώσκων
1406 5261 1491 5315 ὅτι
1524 5261 1590 5314 δι’
1619 5260 1800 5314 αὐτῶν

1915 5264 2099 5321 alienis
2129 5263 2511 5335 consequaris.
2575 5261 2861 5333 lnopihus,
2906 5258 3272 5326 calamitosis,
3310 5266 3365 5313 et
3407 5271 3503 5312 ne-

1748 5397 1981 5459 NOTx’E.

279 5507 357 5579 (2)
401 5508 630 5582 scilicet
670 5507 993 5581 Philosophi
1040 5527 1137 5567 seu
1200 5509 1477 5581 Sapientis
1527 5526 1794 5582 agnomen

218 5587 401 5699 genae
456 5578 569 5638 Leo
623 5582 831 5637 virtute
877 5578 977 5637 sua
1034 5578 1403 5651 doctrinaque
1457 5578 1796 5638 consecutus

1981 5516 2058 5587 (3)
2115 5514 2321 5598 Revera
2375 5513 2577 5597 Leonis
2622 5512 2901 5598 Sapientis
2947 5512 3151 5586 scripta
3202 5509 3389 5569 multis
3443 5509 3501 5567 in

1909 5594 2247 5657 argumentis
2275 5594 2451 5643 sacris
2492 5595 2800 5643 versantur.
