3992 6204
514 260 630 303 [ιιι

1886 225 2466 291 PROLEGOMENA.
3733 227 3809 268 ωι

534 372 793 419 cessitate
824 358 1028 430 pressis
1056 354 1310 411 alacriter
1347 349 1580 419 largire;
1615 354 1875 416 reputans
1899 345 2112 398 scilicet

2233 340 2470 405 ἰανείζων
2514 340 2672 410 Θεῷ,
2729 337 3048 411 παράὖτοῦ
3101 334 3353 406 ἀπολήψῃ
3406 333 3475 386 τὰ
3532 330 3804 402 μεῐζοντκ·

536 462 589 507 te
623 424 909 523 pecuniam
947 448 1090 517 apud
1126 444 1289 500 Deum
1340 445 1393 496 in
1429 442 1618 494 fenore
1655 452 1881 507 ponere,
1920 451 1949 487 a
1995 451 2107 505 quo

2233 433 2612 502 ιγαθοποιῆσαι
2647 432 2986 501 βουλόμενος,
3023 430 3098 499 μὴ
3150 428 3386 497 ὑπέρθου
3434 428 3514 488 εἰς
3560 424 3756 495 αὔριον
3783 444 3798 458 -

539 544 798 611 majorem
832 548 1034 595 sortem
1065 534 1392 606 reportabis.
1428 530 1760 585 Beneficium
1803 542 1871 581 ne
1904 527 1956 579 in
1993 524 2112 579 cra-

536 606 738 686 stinnm
789 629 1010 684 differas
1059 644 1073 680 :
1126 625 1353 691 Nescis.
1400 621 1586 683 enim,
1641 616 1815 687 inquit
1863 606 2106 669 divinum

2220 521 2303 605 Oi’;
2355 525 2462 594 γὰρ
2518 519 2705 588 οἶδας,
2759 522 2914 591 φησὶ,
2944 522 3001 573 τί
3052 520 3279 583 τέξεται
3320 519 3358 585 ή
3393 516 3649 569 ἐπιοῦσα
3698 516 3811 585 (4).

2236 614 2639 689 Ἐλεημοσύνην
2687 618 2874 684 ἀγάπα
2917 615 3011 669 καὶ
3036 616 3237 683 ταύτην
3264 610 3492 683 ἐργάζου
3513 629 3528 642 ·
3566 612 3671 664 πᾶν
3695 612 3817 681 γὰρ

538 722 836 791 Scriptum,
860 718 985 788 quid
1018 718 1252 770 crastina
1277 713 1388 767 dies
1420 714 1597 764 latura
1631 712 1720 763 sit.
1758 709 1891 763 Esto
1931 707 2113 760 animo

2233 708 2282 761 τὸ
2312 711 2407 762 ἐπὶ
2434 708 2538 777 γῆς
2568 705 2959 776 σπειρόμενον,
2997 704 3090 755 ἐπὶ
3117 702 3219 769 γῆς
3248 701 3345 752 καὶ
3379 697 3571 766 φύεται
3597 714 3611 727 ’
3650 697 3817 753 ὲλεττ-

540 824 706 882 atque
730 826 895 881 opera
930 809 1161 864 liberali.
1198 801 1471 872 Quidquid
1504 798 1651 856 enim
1688 798 1742 851 in
1778 806 1921 851 terra
1970 795 2115 849 seri-

538 914 648 970 tur,
703 902 902 958 ibidem
932 898 1281 955 succrescit:
1333 896 1447 951 sola
1474 895 1819 961 eleemosyna
1862 898 1946 945 est
1990 903 2113 958 qua:

541 992 692 1046 humi
749 1000 887 1054 sata,
938 990 992 1043 in
1027 987 1185 1042 caelis
1243 986 1605 1055 centuplicem
1663 983 1901 1036 fructum
1953 978 2116 1049 parit.

544 1083 683 1153 Erga
735 1084 906 1135 bonos
936 1087 1055 1135 esto
1106 1078 1275 1143 mitis,
1312 1077 1576 1131 adversus
1605 1088 1803 1145 pravos
1852 1086 2116 1130 severus;

546 1174 781 1227 blandus
835 1168 1186 1241 hominibus;
1234 1166 1606 1230 voluptatibus
1653 1174 1931 1219 austerus.
1983 1162 2120 1216 Cum

542 1267 750 1321 sanctis
789 1264 920 1317 viris
954 1278 1212 1327 versare;
1249 1259 1525 1330 improbos
1558 1257 1683 1329 fuge
1712 1266 1766 1312 et
1788 1256 2058 1312 detestare
2094 1272 2108 1307 :

545 1351 904 1418 Corrumpunt
938 1350 1099 1413 enim,
1152 1347 1311 1401 utait
1368 1345 1669 1416 Scriptura,
1720 1346 1880 1398 bonos
1942 1359 2115 1397 more:

544 1440 809 1509 colloquia
832 1454 1015 1507 prava.
1055 1438 1247 1506 lniquo
1288 1433 1497 1488 homini
1536 1447 1605 1488 ne
1630 1431 1935 1486 blandiaris
1962 1447 1977 1495 ;
2006 1431 2116 1484 imo

547 1548 679 1585 vero
711 1547 835 1584 cum
859 1537 1204 1583 commoneto
1235 1542 1248 1578 :
1275 1541 1401 1580 nam
1425 1526 1470 1581 si
1501 1526 1816 1595 resipuerit.
1842 1526 1983 1579 bene
2001 1532 2119 1586 est;

553 1622 637 1673 sin
677 1619 941 1689 propositi
998 1624 1160 1672 tenax
1208 1616 1391 1678 fuerit,
1430 1615 1683 1669 acerbius
1735 1627 1858 1667 eum
1892 1613 2124 1682 corrige.

2226 799 2430 872 μοσρνη
2453 799 2510 853 δὲ
2542 799 2676 869 μόνη
2708 796 2799 849 ἐπὶ
2827 795 2928 864 γῆς
2949 794 3049 863 μὲν
3073 790 3452 860 σπείρεται,ὲν
3482 788 3731 857 οὐρανοῖς
3758 787 3822 838 δὲ

2232 889 2760 951 ἑκατονταπλασίους
2809 886 3056 956 καρποὺς
3079 883 3390 937 ἀποδίδωσι.
3414 878 3575 932 Γενοῦ
3597 880 3824 948 ὲκάστῳ

2224 982 2385 1053 ἤπιος
2437 980 2619 1043 καλῶς
2668 978 2941 1048 ἀγομένῳ,
2972 975 3051 1044 τῷ
3102 973 3375 1030 ἀδικοῦντι
3422 972 3479 1025 δὲ
3532 971 3770 1038 σοϐαρός
3802 988 3816 999 ’

2225 1072 2429 1137 γλυκὺς
2476 1072 2587 1131 τοῖς
2619 1065 2947 1137 ἀνθρώποις,
2983 1066 3102 1125 ταῖς
3145 1062 3362 1132 ἡδοναῖς
3414 1060 3459 1113 δ’
3512 1060 3822 1129 αὐστηρός.

2227 1162 2382 1216 Μετὰ
2430 1162 2594 1214 ὁσίων
2641 1159 2849 1225 ἀνδρῶν
2890 1155 3233 1224 ἀναστρέφου
3255 1170 3268 1182 ·
3299 1152 3590 1222 στρεϐλοὺς
3626 1152 3672 1203 δ’
3707 1153 3827 1204 ἀπ-

2228 1254 2443 1305 αναενου
2470 1253 2563 1303 καὶ
2592 1249 2955 1319 ἀποστρέφου·
2978 1245 3297 1312 Φθείρουσι
3324 1242 3454 1311 γὰρ,
3486 1241 3672 1309 φησὶν,
3699 1241 3827 1308 ἤθη

2230 1343 2463 1413 χρηστὰ
2494 1342 2725 1410 ὁμιλίαι
2752 1336 2931 1391 κακαί
2975 1335 3073 1404 (5).
3120 1334 3317 1403 Ἀδίκῳ
3349 1333 3423 1402 μὴ
3473 1330 3831 1403 παραχώρει,

2230 1435 2365 1489 ἀλλά
2412 1431 2602 1486 τοῦτον
2647 1429 2920 1484 νουθέτει·
2966 1427 3072 1480 κᾶν
3120 1425 3218 1496 μὲν
3271 1422 3597 1493 ἐπιστρέψῃ,
3640 1422 3705 1476 εὖ
3760 1423 3831 1475 ἂν

2232 1527 2346 1595 ἔχοι
2367 1542 2380 1554 ’
2417 1526 2484 1577 ἂν
2499 1523 2549 1577 δ’
2571 1521 2828 1592 ὶπιμένῃ,
2852 1514 3271 1586 αὐστηροτέρως
3291 1513 3482 1567 τοῦτον
3503 1513 3829 1584 ἐπίστρεφε.

2230 1616 2389 1671 Οὖτω
2432 1615 2541 1686 γὰρ
2584 1612 2863 1684 πράττων,
2901 1609 2995 1662 καὶ
3040 1606 3161 1677 Θεῷ
3208 1607 3308 1677 μὲν
3359 1604 3650 1676 εὐάρεστος
3701 1603 3830 1674 ἔστι,

551 1710 643 1764 Sic
683 1711 826 1765 enim
869 1718 921 1763 et
954 1718 1160 1779 gratam
1209 1707 1317 1762 Deo
1373 1723 1487 1760 rem
1544 1706 1735 1771 facies,
1768 1714 1821 1759 et
1859 1705 2125 1758 hominem

2234 1712 2486 1764 κάκεῖνον
2534 1708 2593 1758 ὲν
2647 1703 2812 1774 κημῷ
2858 1700 3065 1768 ἀγξεις,
3119 1698 3212 1752 καὶ
3255 1695 3543 1767 γνωρίζειν
3592 1692 3834 1758 διδάξεις

550 1803 702 1855 illum
761 1800 1004 1871 capistro
1062 1799 1226 1854 veluti
1281 1799 1589 1867 astringes,
1646 1805 1809 1866 atque
1843 1796 1917 1848 ad
1969 1792 2133 1849 Deum

550 1892 991 1963 cognoscendum
1021 1890 1336 1959 compelles.
1373 1887 1483 1943 Etsi
1538 1888 1684 1952 enim
1721 1886 2001 1955 paulisper
2036 1886 2137 1937 do-

555 1962 708 2046 lcbit,
770 1976 930 2050 th'ue
976 1977 1177 2041 oderit.
1229 1976 1427 2047 deinde
1483 1962 1663 2031 tamen
1730 1984 1971 2033 aeternus
2028 1968 2136 2027 tibi

556 2073 767 2127 amicus
824 2072 950 2127 erit.
1008 2068 1307 2124 Veritatem
1371 2083 1492 2122 ama
1559 2077 1615 2122 ct
1673 2077 1928 2121 sectator.
1994 2064 2138 2119 Deus

556 2160 760 2229 quippe
792 2160 997 2213 veritas
1032 2167 1137 2213 est.
1175 2156 1468 2215 Meiltiendi
1523 2156 1744 2211 nescius
1772 2159 1849 2210 sis
1878 2173 1895 2220 ;
1944 2170 2141 2225 parens

556 2251 701 2304 enim
743 2250 1011 2316 mendacii
1044 2249 1317 2305 diabolus.
1356 2248 1413 2301 In
1459 2247 1639 2304 sacris
1672 2247 2033 2317 concionibus
2061 2248 2138 2301 si-

560 2342 786 2396 lentium
835 2351 1076 2406 servato,
1120 2340 1250 2394 dum
1297 2340 1390 2393 Dei
1449 2353 1733 2393 sermones
1779 2337 2138 2407 audis:quin

562 2436 699 2489 adeo
728 2435 895 2488 Deum
946 2442 1127 2487 monte
1175 2439 1267 2498 tua
1303 2447 1400 2500 per
1454 2432 1625 2484 otium
1664 2429 1896 2483 revolre.
1934 2430 2071 2485 Cum
2111 2445 2142 2483 a

536 2525 541 2537 ’
564 2527 898 2596 quotidianis
920 2526 1069 2579 curis
1088 2524 1325 2585 vacabis,
1344 2528 1417 2576 'ne
1433 2522 1510 2576 sis
1541 2523 1688 2576 iners
1716 2538 1730 2585 ;
1767 2524 1966 2575 etenim
2001 2520 2145 2575 iner-

2231 1803 2389 1856 Θεόν.
2416 1801 2518 1853 ‘Av
2540 1798 2651 1868 γὰρ
2695 1796 2791 1849 καὶ
2824 1793 2961 1865 πρὸς
2996 1792 3191 1861 μικρὸν
3220 1788 3452 1857 ὀδυνηθῇ
3487 1786 3582 1840 καὶ
3613 1788 3835 1855 μισήσῃ

2238 1913 2319 1959 σε,
2356 1891 2473 1956 ἀλλ’
2500 1885 2594 1944 οὖν
2642 1888 2825 1941 ἔσεται
2875 1885 3016 1955 μετά
3060 1881 3237 1936 ταῦτα
3285 1880 3518 1948 ἀγαπῶν
3542 1894 3601 1931 σε
3629 1878 3715 1940 εἰς
3741 1878 3838 1929 τὸν

2238 1985 2410 2039 αἰῶνα
2426 1994 2459 2025 ές
2475 1979 2737 2050 ἀλήθειαν
2759 1978 2950 2045 ἀγάπα
2976 1974 3073 2028 καὶ
3097 1974 3295 2044 κτῆσαι
3327 1971 3533 2040 ταύτην
3552 1986 3566 2001 ·
3598 1968 3837 2038 ἀλήθεια

2238 2074 2349 2144 γὰρ
2389 2074 2417 2125 ὁ
2448 2072 2612 2133 Θεός·
2644 2067 2839 2137 ψεῦδος
2875 2065 2931 2118 δὲ
2982 2064 3055 2135 μὴ
3101 2062 3409 2135 γνωρίσῃς·
3458 2058 3685 2127 ψεύδους
3726 2056 3838 2125 γὰρ

2246 2164 2425 2234 πατὴρ
2466 2166 2495 2215 ὁ
2532 2160 2795 2222 διάϐολος.
2844 2156 2934 2210 Ἑν
2961 2153 3277 2225 ἐκκλησίαις
3308 2152 3537 2221 ἡσυχίαν
3568 2151 3691 2217 ἄγε,
3726 2149 3839 2200 τῶν

2239 2257 2332 2311 τοῦ
2376 2254 2512 2309 Θεοῦ
2559 2254 2734 2321 λόγων
2781 2249 3015 2312 ἀκούων,
3048 2246 3144 2300 καὶ
3178 2246 3314 2315 πρὸς
3344 2245 3509 2297 αὑτὸν
3545 2244 3607 2295 ὲν
3650 2243 3838 2295 ἀνέσει

2240 2349 2330 2402 τὸν
2359 2345 2483 2401 νοῦν
2518 2362 2612 2398 σου
2650 2341 2972 2412 ποιούμενος
2993 2358 3006 2371 ·
3036 2340 3165 2393 ὅταν
3217 2340 3282 2391 ὲκ
3333 2335 3440 2389 τῶν
3492 2332 3841 2404 συνιχουσῶν

2242 2440 2532 2511 ἠρεμήσῃς
2582 2434 2904 2506 φροντίδων,
2951 2432 3027 2503 μὴ
3076 2431 3247 2500 ἀργὸς
3300 2428 3465 2499 μένε·
3508 2424 3677 2497 ἀργία
3733 2423 3841 2493 γὰρ

2246 2534 2398 2586 νόσον
2424 2530 2600 2601 ψυχῆς
2623 2529 2797 2583 τίκτει
2829 2526 2926 2581 καὶ
2960 2524 3234 2595 σώματος.
3264 2521 3393 2584 Ταῖς
3428 2520 3601 2582 θείαις
3630 2518 3841 2587 βίϐλοις

565 2621 640 2673 tia
707 2618 1019 2674 morbosum
1060 2619 1301 2671 animum
1348 2629 1657 2686 corpusque
1712 2614 1864 2667 facit.
1933 2611 2125 2668 Divinis

2249 2622 2536 2693 ὲνασχολοῦ
2562 2640 2575 2653 ·
2612 2621 2835 2689 εἰρήνην
2865 2617 3056 2687 ἀγάπα
3078 2633 3091 2647 ·
3147 2614 3421 2669 σκάνδαλα
3461 2610 3838 2682 ἀποστρέφου.

570 2711 730 2765 libris
762 2726 981 2779 operam
1009 2711 1111 2773 da;
1158 2722 1344 2777 pacem
1399 2706 1596 2777 dilige;
1639 2704 1896 2760 scandala
1943 2705 2119 2759 devita

2262 2716 2492 2769 Γυναικὶ
2520 2715 2680 2785 μέλος
2714 2713 2821 2783 ἰδίᾳ
2846 2710 3027 2778 γενοῦ,
3055 2705 3383 2779 ἀλλοτρῖᾳᾶ
3412 2704 3536 2774 μηδ’
3569 2700 3843 2771 ὀφθαλμῷ

580 2800 778 2856 Uxoris
806 2809 911 2855 tuae
952 2800 1215 2856 sr-cictate
1269 2799 1543 2869 gaudeas;
1576 2797 1766 2852 alienae
1820 2813 1888 2851 ne
1926 2799 2125 2851 oculun

2248 2807 2640 2879 προσεγγίσῃς.
2682 2804 2862 2873 Τύφον
2889 2803 2983 2856 καὶ
3013 2798 3315 2865 κενοδοξίαν
3359 2795 3436 2867 μὴ
3483 2796 3688 2864 κτήσῃ·
3750 2791 3842 2844 τοῦ

568 2894 789 2964 quidem
820 2891 1098 2947 intendas.
1144 2889 1333 2946 Fastui
1376 2889 1615 2961 denique
1653 2904 1916 2958 vanaeque
1963 2888 2125 2959 gloria

2255 2900 2459 2971 πατρός
2508 2916 2602 2952 σου
2637 2896 2764 2958 τοὺς
2795 2894 2988 2963 λόγους
3033 2889 3291 2959 ἀσφαλῶς
3341 2888 3574 2957 φύλαττε
3601 2901 3614 2914 ·
3658 2884 3844 2947 οὐδεὶς

569 3002 640 3043 ne
672 2986 751 3042 sis
778 2986 1070 3041 obnoxius.
1090 2983 1274 3040 Patris
1300 2983 1381 3038 tui
1411 2982 1616 3038 monita
1641 2982 1933 3052 diligenter
1961 2989 2125 3035 custo'

2251 2993 2358 3065 γὰρ
2390 2990 2635 3059 ἀφθόνως
2659 2986 2919 3050 διδάσκει,
2946 2985 3022 3048 ὡς
3054 2985 3083 3036 ὁ
3109 2982 3313 3051 πατὴρ,
3331 2978 3517 3032 τέκνον
3536 2994 3550 3007 ·
3586 2977 3847 3030 διδάσκει..

550 3078 646 3133 ‘di.
679 3077 849 3134 Nemo
881 3078 1025 3132 enim
1066 3077 1147 3132 sic
1191 3078 1398 3147 absque
1432 3074 1655 3129 invidia
1698 3073 1875 3139 docet.
1910 3082 1969 3128 ut
1996 3085 2125 3143 pate:

2253 3087 2340 3147 λος
2360 3085 2490 3156 γὰρ,
2507 3083 2581 3146 ὡς
2604 3080 2772 3144 εἰκὸς,
2806 3078 2990 3149 φθονεῖ
3015 3075 3231 3146 μαθητῇ
3261 3070 3539 3141 γενομένῳ
3568 3070 3721 3138 ὑπὲρ
3746 3068 3846 3123 αὑ-

542 3172 547 3177 ’
574 3169 768 3223 ﬁlium.
797 3168 863 3223 Et
896 3168 1011 3224 fieri
1036 3169 1255 3239 quidem
1285 3175 1465 3237 potest
1497 3173 1556 3220 ut
1597 3163 1858 3236 magister
1882 3166 2125 3233 discipule

2248 3177 2367 3230 τόψ
2401 3173 2585 3243 πατὴρ
2633 3171 2689 3223 δὲ
2746 3168 2990 3239 μεγάλην
3025 3164 3139 3235 ἔχει
3182 3163 3360 3228 δόξαν,
3392 3161 3597 3214 ὁπόταν
3647 3159 3745 3230 ῐδῃ
3788 3158 3847 3209 τὸ

575 3261 836 3327 invideat,
892 3277 923 3316 a
982 3276 1092 3332 quo
1144 3260 1285 3315 forte
1326 3267 1615 3331 superetur
1656 3276 1670 3314 :
1713 3274 1910 3331 parens
1970 3265 2125 3312 auten

2257 3265 2451 3321 ἑαυτοῦ
2482 3262 2672 3316 τέκνον
2699 3260 2761 3314 οὐ
2794 3260 2954 3329 μόνον
2981 3255 3121 3327 ὑπὲρ
3151 3253 3345 3318 αὑτὸν,
3376 3252 3513 3306 ἀλλὰ
3557 3250 3650 3303 καὶ
3706 3248 3847 3318 ὑπὲρ

576 3368 770 3423 magna
802 3353 974 3424 gloria
999 3361 1244 3423 augetur.
1266 3353 1311 3407 si
1328 3367 1450 3407 eum
1470 3350 1613 3407 ﬁlius
1637 3368 1771 3407 suus
1790 3358 2027 3420 superet,
2045 3348 2125 3402 im

2256 3357 2486 3410 ἕκαστον
2518 3352 2626 3406 τῶν
2655 3349 2961 3420 ἀνθρώπων
3010 3348 3226 3401 πάντων
3277 3345 3587 3414 γενόμενον.
3635 3339 3848 3395 Νουθε-

577 3459 708 3499 vero
722 3444 990 3499 maximus
1012 3445 1154 3499 inter
1171 3444 1418 3513 homines
1435 3444 1651 3502 evadat.
1676 3440 2125 3496 Admonitionibu

2265 3450 2386 3501 σίαν
2438 3446 2642 3517 πατρός
2695 3462 2788 3497 σου
2839 3443 3026 3503 ἄκουε.
3051 3440 3148 3494 καὶ
3188 3438 3443 3508 ἀσέμνοις
3490 3436 3717 3506 τρόποις
3773 3433 3846 3503 μὴ

580 3537 751 3606 patris
773 3537 852 3591 tui
885 3538 969 3591 fac
986 3537 1287 3603 auscultes,
1324 3551 1499 3606 neque
1532 3535 1846 3590 indecoram
1873 3534 2039 3586 vitam
2070 3534 2123 3587 in

2264 3538 2629 3605 ὲξακολούθει.
2683 3536 2853 3588 Παντὶ
2899 3533 2956 3586 δὲ
3004 3533 3192 3603 τρόπῳ
3242 3525 3698 3598 κατακοσμεισθω
3751 3540 3843 3577 σου

581 3631 797 3686 stituas.
830 3629 1067 3685 Omnino
1092 3645 1209 3686 mos
1240 3638 1369 3685 tuus
1400 3637 1454 3685 et
1493 3643 1676 3685 sermo
1699 3638 1752 3683 et
1782 3626 2041 3697 cogitatio
2067 3625 2125 3679 hc

2263 3633 2357 3687 καὶ
2386 3628 2514 3703 ἦθος
2544 3631 2638 3683 καὶ
2663 3627 2820 3696 λόγος
2854 3627 2949 3679 καὶ
2980 3625 3183 3695 νόημα.

583 3731 793 3777 nestate
821 3734 1175 3779 exornentur.

2082 3883 2313 3967 prore.

658 4002 734 4072 (ὁ)
769 3998 929 4056 i'ruv.
960 4015 1131 4065 xxv",
1161 3999 1211 4053 l.
2341 3993 2418 4063 (fi)
2450 3993 2465 4045 Ι
2499 3990 2751 4046 Corinth.
2780 4005 2870 4053 xv,
2891 3992 2980 4044 33.
