3992 6204
480 331 514 389 3
1720 314 1830 376 υἱ(
1848 311 1997 371 ὶΝῘΒ
2041 310 2129 369 ΓΙΙ
2149 308 2164 367 l
2181 306 2500 369 LOSOl‘ll‘l
3746 298 3781 359 4

486 443 633 499 enim
669 451 727 495 ut
776 435 1106 494 miraculum
1158 430 1427 489 miraculo
1481 428 1633 497 prius
1686 434 2079 496 perage-retur;

2202 421 2281 475 ιαί
2323 419 2655 491 ὑπερφυοῦς,
2710 416 2768 470 τὸ
2818 417 3065 471 ἕλαττοψ
3110 415 3204 468 καὶ
3257 415 3304 466 εί

480 535 688 601 tuajore
720 548 782 586 ac
844 538 1053 585 natum
1089 534 1257 581 totam
1291 525 1399 578 vim
1442 527 1763 591 superante,
1795 516 1942 586 quod
1976 514 2079 567 mi-

483 643 585 680 nus
616 636 736 691 est;
770 622 1032 693 quodque
1065 620 1194 672 licet
1238 632 1344 670 non
1386 625 1598 668 natum:
1644 610 1753 662 vim
1804 616 1998 666 totout,
2029 615 2084 658 at

488 719 611 788 spei
658 728 836 771 tamen
889 712 1159 764 rationem
1213 712 1454 773 superet.
1520 701 1821 770 Oportebat
1868 705 1925 747 ut
1967 709 2086 763 qu.e

486 822 693 862 novum
724 806 833 860 sub
865 803 981 857 sole
1017 808 1230 870 partum
1264 795 1479 849 editura
1509 800 1676 849 esset,
1721 788 1839 854 ipsa
1870 798 2089 855 quoque

488 916 599 955 non
629 896 908 954 communi
943 894 1201 948 ederetur
1246 896 1428 967 partu,
1458 898 1523 938 ac
1565 884 1657 952 qui
1690 889 1841 934 totus
1871 894 1933 932 ex
1968 891 2091 932 car-

3363 413 3437 483 μὴ
3468 412 3769 484 ὑπερφυὲς,

2183 514 2299 569 ἀλλ’
2335 509 2429 565 οῦν
2466 513 2606 581 ὑπὲρ
2636 511 2845 564 ἐλπίδα.
2886 510 3033 562 Ἔδει
3062 509 3158 577 τὴν
3187 507 3489 576 μέλλουσαν
3523 506 3617 578 τὴν
3651 524 3775 560 καιι

2184 605 2281 675 νὴν
2307 603 2410 657 ὑπὸ
2433 604 2521 657 τὸν
2556 604 2704 674 ἥλιον
2734 602 2881 654 λύειν
2916 601 3100 661 ὠδῖνα,
3133 600 3227 653 καὶ
3254 597 3424 667 αὐτὴν
3457 598 3532 668 μὴ
3577 599 3775 653 κοινῶν

2187 694 2414 757 ὠδίνων,
2457 694 2590 765 μηδὲ
2626 695 2686 746 τὸ
2718 693 2937 762 σύμπαν
2977 690 3177 758 σαρκός
3210 687 3306 740 καὶ
3351 688 3581 753 αἵματος
3634 683 3774 742 εἶναι

2191 786 2532 858 θελήματος·
2583 786 2701 840 ἀλλ’
2755 787 2901 855 ἔχειν
2944 801 2993 836 τι
3035 781 3405 854 κρείττονοςῆ
3452 782 3592 834 κατα
3653 798 3779 833 συνν-

2193 877 2387 948 ἠθειαν
2420 879 2721 949 ἐνεργείας.

488 995 579 1049 nis
606 1007 669 1046 ac
703 986 990 1059 sanguinis
1028 984 1310 1038 voluntate
1359 965 1540 1040 lorct;
1581 972 1675 1029 scd
1723 973 1814 1043 qui
1846 968 2078 1040 potioris
2105 967 2310 1038 aliquid
2380 971 2599 1026 virtutis
2649 970 2906 1036 haberet,
2936 983 3097 1040 quam
3156 965 3559 1023 consuetudine
3629 980 3784 1021 com-

527 1092 738 1139 aratum
769 1087 875 1135 est.

527 1104 738 1139 aratum
769 1104 875 1135 εδι.

484 1104 521 1157 p
561 1172 738 1227 Tarda
772 1172 960 1237 itaque
995 1163 1179 1235 proles
1204 1160 1475 1233 procedit,
1508 1160 1631 1215 sine
1674 1155 1887 1212 semine
1916 1163 2095 1208 mater

488 1282 555 1320 ex
592 1278 702 1318 non
733 1257 1068 1330 genitalibus
1098 1254 1324 1317 lumbis,
1351 1267 1463 1321 quo
1486 1256 1745 1320 parentes
1782 1243 2097 1302 sterilitatis

492 1359 734 1427 undique
771 1352 987 1424 probris
1029 1350 1174 1403 velut
1200 1346 1458 1415 indagine
1483 1342 1683 1407 cincti,
1728 1341 1798 1395 ab
1833 1341 1902 1395 iis
1924 1353 2091 1409 angu-

494 1450 639 1510 stiis,
683 1462 714 1500 a
744 1443 952 1499 carnali
1005 1454 1191 1495 errore
1242 1437 1486 1491 animum
1539 1434 1988 1504 compritncntes,
2028 1429 2097 1484 ad

494 1538 802 1609 proliﬁcum
859 1533 1074 1587 Patrem
1121 1528 1533 1590 subveherent,
1588 1539 1653 1579 ac
1695 1525 1853 1578 inde.
1871 1523 2089 1577 fructus

492 1633 696 1684 donum
724 1626 1075 1682 deducerent.
1105 1620 1321 1675 Idcirco
1343 1618 1748 1689 'pungcbantur
1787 1615 2099 1671 sterilitatis

494 1716 727 1779 aculeis,
762 1721 822 1768 ut
860 1718 1042 1766 mente
1092 1716 1207 1762 tota
1260 1707 1372 1761 Deo
1418 1705 1767 1761 accederent.
1815 1703 1908 1759 Sic
1947 1705 2094 1759 enim

2270 1151 2867 1225 Προέρχεταιτοίνυνή
2910 1150 3151 1221 ἄσπορος
3199 1151 3385 1221 μήτηρ
3422 1148 3485 1213 ἐξ
3516 1148 3785 1219 ἀκάρπων

2198 1242 2442 1310 λαγύνιον
2465 1243 2738 1311 ὀψίγονος,
2768 1242 2857 1295 ἵνα
2882 1245 2993 1304 τοῖς
3034 1238 3263 1295 ὄνείδεσι
3318 1241 3417 1311 τῆς
3447 1238 3703 1302 ἀτεκνίας
3737 1241 3786 1291 οί

2198 1338 2525 1407 γεννήτορες
2545 1336 3092 1407 περιστοιχιζόμενοι,
3117 1338 3184 1405 τῇ
3214 1333 3424 1387 ἐκεῖθεν
3453 1334 3788 1402 στενοχωρία

2198 1431 2299 1499 τῆς
2330 1428 2595 1500 σαρκίνης
2622 1428 3073 1498 περιπλανήσεως
3098 1426 3191 1479 τὸν
3228 1424 3354 1478 νοῦν
3382 1425 3782 1487 συστείλαντες,

2202 1522 2339 1591 πρὸς
2363 1520 2454 1573 τὸν
2492 1519 2837 1590 καρποδότην
2882 1517 3290 1571 ἀναϐιϐασωσιν
3310 1532 3325 1546 ·
3358 1515 3571 1569 ἐκεῖθέν
3602 1529 3663 1568 τε
3695 1515 3785 1567 τοῦ

2201 1613 2416 1684 καρποῦ
2447 1613 2509 1665 τὸ
2537 1612 2709 1683 δῶρον
2734 1612 3141 1680 καταγάγωσιν.
3166 1609 3265 1662 Διά
3294 1608 3451 1662 τοῦτο
3478 1610 3599 1670 ταῖς
3636 1608 3784 1662 ἀκίσι

2201 1702 2301 1769 τῆς
2346 1701 2606 1763 ἀπαιδίας
2646 1700 2948 1766 ἐνύττοντο,
2989 1701 3076 1753 ἵνα
3134 1699 3229 1768 ὅλη
3264 1697 3460 1769 γνώμῃ
3496 1696 3621 1767 Θεῷ
3654 1696 3786 1765 πλη-

492 1807 674 1861 tristia
708 1810 1020 1873 comparata
1052 1806 1204 1862 sunt,
1245 1807 1303 1852 ut
1344 1797 1545 1852 nedum
1574 1795 1825 1850 .loachim
1868 1810 1934 1850 ac
1980 1797 2094 1849 An-

2202 1768 2460 1846 σιάσωσιν
2481 1806 2495 1820 '
2529 1793 2612 1845 ὅτι
2642 1792 2853 1861 πέφυκε
2886 1792 2955 1845 τὰ
2978 1792 3200 1862 λυπηρά
3223 1791 3286 1844 ού
3321 1768 3481 1862 μόνον
3500 1792 3633 1854 τοὺς
3664 1791 3787 1861 περὶ

494 1912 622 1953 nam
651 1896 941 1966 iustosque
979 1891 1192 1947 similes
1232 1889 1301 1943 ad
1344 1888 1588 1943 divinam
1626 1886 2093 1957 propinquitatem

495 1990 741 2059 adigant,
764 2000 953 2041 verum
979 1985 1145 2039 etiam
1194 1996 1289 2037 eos
1314 1980 1407 2050 qui
1438 1980 1655 2035 resilire
1686 1987 1965 2050 qumrunt,
2002 1979 2094 2033 ubi

496 2090 551 2137 et
581 2081 705 2136 illos
737 2073 1278 2146 comprehenderint,
1318 2070 1429 2126 Deo
1483 2070 1710 2141 propius
1771 2069 2048 2124 adducant
2080 2085 2094 2122 :

497 2176 558 2223 ut
590 2182 619 2222 e
642 2173 856 2229 contra,
886 2162 1066 2216 dulcia
1102 2174 1167 2216 ac
1194 2158 1556 2214 diﬂundeutia
1593 2158 1861 2223 animum,
1892 2156 2094 2210 nedum

496 2266 608 2336 jam
649 2256 898 2321 dissitas,
929 2254 1027 2308 scd
1066 2261 1122 2308 ct
1181 2267 1276 2307 eos
1340 2250 1433 2322 qui
1480 2250 1769 2321 propiores
1822 2256 1980 2304 erant
2023 2248 2093 2303 ab

499 2348 693 2406 eodem
720 2346 937 2416 longius
968 2344 1220 2414 abigunt.

572 2439 867 2494 Enimvero
900 2433 1152 2489 Joachim
1184 2440 1239 2488 et
1268 2432 1427 2486 Anna
1473 2430 1780 2486 sterilitatis
1802 2430 2097 2501 opprobrio

501 2543 533 2582 a
570 2526 856 2583 conservis
878 2525 935 2582 in
966 2535 1112 2578 terra
1155 2522 1484 2594 degentibus
1510 2522 1760 2592 appetiti,
1803 2521 1860 2576 in
1889 2521 2095 2576 caelum

501 2619 569 2673 ad
602 2617 894 2672 Dominum
922 2630 987 2670 ac
1016 2623 1227 2670 natum
1247 2612 1520 2669 Fictorem
1552 2622 1736 2669 mente
1759 2613 2098 2672 ascendunt;

505 2708 622 2762 fore
657 2709 810 2761 illum
836 2716 1121 2778 sperantes
1149 2719 1425 2776 :egrorum
1457 2703 1727 2759 medicum
1764 2704 2097 2767 lumborum,

505 2800 600 2869 qui
646 2800 823 2864 solus,
854 2806 1042 2867 utpote
1091 2805 1329 2860 creator,
1372 2803 1638 2851 accurate
1690 2795 1879 2860 sciret,
1925 2810 2028 2850 cur
2061 2795 2097 2849 ii

508 2889 701 2943 tandiu
732 2888 1152 2943 infecunditatis
1183 2887 1375 2942 morbo
1402 2886 1767 2943 laborassem.
1799 2887 1927 2942 Sive
1952 2887 2097 2941 enim

504 2983 665 3037 vulva
693 2996 890 3052 expers
909 2990 1060 3038 esset
1082 2982 1303 3038 virtutis
1336 2981 1619 3052 proliﬁcaa,
1644 2997 1709 3036 ac
1733 2982 1894 3036 velut
1919 2997 2099 3036 emor-

509 3079 624 3137 tua,
666 3071 972 3125 inditurum
1014 3085 1140 3126 eum
1187 3070 1485 3141 sperabant
1538 3070 1761 3127 vitalem
1814 3071 2096 3133 virtutem,
2124 3107 2168 3169 Ο

509 3158 605 3230 qui
652 3159 833 3213 anima
884 3158 1150 3214 donasset
1188 3158 1393 3212 animal
1439 3173 1471 3213 e
1512 3157 1647 3212 limo
1702 3157 1889 3212 fictum
1928 3177 1942 3213 :
1985 3160 2103 3215 sive

510 3249 654 3304 aliud
684 3247 965 3319 quidpiam
1000 3248 1293 3303 obsisteret
1338 3248 1546 3317 partui,
1592 3248 1773 3302 visum
1817 3248 1885 3302 iri
1921 3249 2099 3318 ipsum

509 3339 841 3409 adjutorem,
888 3336 985 3407 qui
1032 3337 1362 3399 secundum,
1390 3351 1456 3391 ac
1500 3336 1765 3405 vicinum,
1818 3337 2104 3409 similcque

510 3429 712 3484 animal
742 3432 794 3483 in
821 3442 948 3483 eum
975 3426 1319 3483 condidisset
1348 3428 1535 3493 linem,
1579 3436 1642 3483 ut
1672 3430 1727 3484 in
1767 3431 2101 3501 adiutorium

509 3514 671 3578 foret,
699 3529 765 3568 ac
787 3514 937 3568 velut
968 3528 1098 3584 ager
1140 3513 1386 3583 quidam,
1431 3516 1799 3583 generationis
1848 3519 2102 3571 humana:

509 3608 722 3676 spicam
763 3607 1092 3676 produceret
1113 3606 1154 3661 '.
1206 3603 1442 3660 Videbat
1482 3606 1631 3661 enim
1674 3607 1753 3678 (2)
1784 3608 1929 3678 quod
1985 3619 2104 3665 erat

510 3698 779 3764 futurum,
819 3699 907 3753 cui
945 3698 1113 3754 etiam
1150 3711 1215 3753 ea
1243 3712 1366 3766 qua:
1408 3711 1517 3751 non
1551 3708 1702 3767 sunt,
1737 3708 1997 3771 tanquam
2039 3715 2101 3755 ea

504 3803 633 3857 quae
662 3796 811 3853 sunt,
842 3790 1132 3857 praesentia
1164 3798 1314 3846 sunt.

582 3882 851 3934 Caeterum
875 3881 1120 3935 caelestis
1152 3883 1244 3937 ille
1270 3883 1455 3949 Pater,
1481 3885 1879 3943 sacratissima:
1911 3886 2106 3957 puellae

508 3984 705 4027 sacros
730 3979 989 4041 parentes
1035 3970 1090 4024 in
1122 3970 1266 4025 hunc
1295 3973 1515 4026 modum
1550 3974 1754 4043 quibus
1777 3976 1853 4029 illi
1882 3985 2105 4046 appete-

513 4060 716 4115 bantur
739 4058 1078 4128 opprobriis,
1109 4058 1179 4112 ad
1223 4073 1283 4114 se
1327 4059 1599 4125 trahebat,
1644 4062 1807 4132 longe
1841 4064 2104 4133 temporis

497 4147 691 4217 spatio
717 4154 845 4201 ante
881 4146 1134 4201 excultos
1187 4146 1404 4203 lumbos
1457 4148 1756 4218 prolificos,
1779 4150 2005 4220 jejuniis
2039 4166 2105 4208 ac

514 4235 862 4291 orationibus
885 4237 1130 4290 animum
1162 4237 1497 4293 excoleutcs.
1519 4237 1649 4293 Mihi
1686 4254 1853 4310 porro
1875 4240 2101 4296 dubium

512 4336 622 4391 est,
655 4327 924 4383 deceatne
962 4328 1181 4383 vulvam
1215 4329 1362 4384 felici
1395 4331 1531 4387 adeo
1562 4331 1911 4388 honestatam
1951 4336 2104 4404 prole

2210 1884 2468 1954 Ἰωακεὶμ
2511 1884 2607 1937 καὶ
2654 1885 2857 1938 ’Ἄνναν
2901 1884 3037 1954 πρὸς
3074 1882 3225 1937 θείαν
3261 1884 3451 1953 φέρειν
3484 1882 3783 1952 ἐγγύτητα,

2196 1973 2335 2027 ἀλλά
2360 1975 2600 2039 καὶτοὺς
2626 1975 2913 2047 ἀποπηδᾷν
2941 1976 3246 2039 ἐθέλοντας,
3270 1976 3364 2029 καὶ
3385 1974 3611 2037 τούτους
3644 1977 3735 2027 ἐπε
3746 1992 3789 2027 ι-

2197 2062 2293 2116 δὰν
2340 2064 2645 2135 περιλάϐῃ,
2705 2067 2801 2118 καὶ
2856 2066 3081 2129 τούτους
3134 2066 3361 2135 πλησίον
3415 2065 3573 2131 ἄγειν
3616 2064 3781 2118 Θεοῦ’

2198 2156 2388 2229 ὥσπερ
2439 2161 2509 2213 τά
2541 2159 2670 2230 ἡδέα
2716 2160 2812 2213 καὶ
2867 2159 3154 2231 διαχέοντα
3201 2160 3276 2222 ὡς
3326 2159 3683 2212 ἐπιπλεῖστον
3727 2159 3784 2211 ού

2201 2250 2361 2319 μόνον
2406 2249 2725 2317 διεστῶτας,
2757 2250 2896 2305 ἀλλά
2940 2253 3036 2305 καὶ
3062 2252 3163 2321 ήδη
3191 2251 3357 2320 ἐγγὺς
3387 2251 3569 2317 ὄντας,
3598 2252 3786 2322 πόρρω

2198 2341 2442 2395 ἐλαύνειν
2463 2343 2653 2401 αὐτοῦ.

2281 2433 2441 2488 ⁹Αλλά
2471 2436 2580 2507 γάρ
2609 2436 2868 2507 Ἰωακεὶμ
2887 2436 2981 2490 καὶ
3000 2438 3170 2490 Ἄννα
3196 2436 3293 2507 τῆς
3313 2436 3569 2498 ἀτεκνίας
3596 2435 3787 2489 ὀνείδει

2199 2524 2305 2579 ὑπὸ
2332 2524 2440 2579 τῶν
2484 2528 2635 2581 κάτω
2676 2527 2982 2597 ὁμοδούλων
3013 2527 3352 2598 βαλλόμενοι,
3381 2527 3494 2580 ἀνω
3536 2527 3679 2596 πρὸς
3701 2528 3788 2580 τὸν

2199 2617 2478 2689 Δεσπότην
2522 2619 2617 2671 καὶ
2652 2617 2903 2691 Πλάστην
2954 2622 3054 2689 τῆς
3104 2620 3317 2688 φύσεως
3365 2617 3785 2672 ἀναϐαίνουσιν·

2199 2707 2407 2759 ἐκεῖνον
2468 2707 2652 2776 ίατρὸν
2712 2708 2823 2761 τῶν
2896 2709 3197 2762 νοσούντων
3255 2708 3473 2761 κόλπων
3532 2708 3787 2775 γενέσθαι

2200 2794 2540 2861 ἐλπίσαντες,
2571 2797 2643 2860 ὃς.
2661 2798 2841 2866 μόνος,
2874 2792 2961 2851 οἷα
2991 2798 3345 2869 δημιουργὸς,
3389 2799 3450 2851 τὸ
3492 2798 3671 2851 αἴτιον
3694 2799 3790 2868 τῆς

2200 2887 2298 2939 ἐπὶ
2328 2886 2586 2940 τοσούτου
2625 2887 2821 2959 καιροῦ
2848 2890 3127 2960 ἀκαρπίας
3179 2889 3360 2944 αὐτῶν
3399 2890 3497 2943 σὺν
3529 2889 3789 2961 ἀκριϐείᾳ

2199 2978 2489 3049 ἠπίστατο.
2519 2979 2644 3032 Εἴτε
2677 2980 2789 3052 γάρ
2836 2980 3065 3053 ἄμοιρος
3115 2981 3399 3053 ἐνεργείας
3441 2982 3784 3048 τεκνώσεως,

2203 3072 2299 3125 καὶ
2340 3066 2452 3125 οἷον
2489 3071 2695 3142 ἄψυχος
2727 3075 2760 3142 ἠ
2817 3073 3021 3144 μήτρα,
3058 3073 3220 3127 αὐτὸν
3266 3075 3492 3146 ἤλπιζον
3538 3075 3787 3146 ἐνθήσειν

2205 3160 2443 3234 ζωτικὴν
2466 3162 2718 3234 δύναμιν,
2750 3163 2842 3217 τὸν
2886 3167 2950 3218 ἐκ
2998 3165 3173 3236 πηλοῦ
3223 3166 3551 3239 ψυχώσαντα
3603 3168 3781 3232 ζῶονο

2204 3256 2314 3307 εἴτε
2362 3272 2415 3307 τι
2454 3254 2581 3309 ἄλλο
2630 3257 2729 3322 τάς
2779 3257 2973 3322 ὠδῖνας
3023 3258 3233 3329 ἐπέχει,
3287 3260 3494 3312 ἐκεῖνον
3551 3259 3783 3331 ιτρθῆναι

2205 3342 2422 3412 βοηθὸν,
2455 3344 2549 3398 τὸν
2578 3346 2671 3399 ἐπὶ
2707 3346 2868 3401 τοῦτο
2899 3349 2959 3401 τὸ
2984 3348 3233 3421 δεύτερον
3269 3350 3363 3403 καὶ
3399 3351 3787 3423 παραπλήσιον

2204 3433 2343 3497 ζῶον
2377 3436 2846 3509 ὑποστησάμενον,
2875 3440 2960 3509 ἐφ’
2987 3434 3031 3508 ᾧ
3060 3436 3200 3494 εἶναι
3241 3443 3339 3511 μὲν
3376 3440 3591 3510 βοηθὸν,
3633 3441 3784 3513 φύειν

2203 3520 2249 3573 δ’
2277 3520 2467 3593 ὥσπερ
2497 3524 2620 3577 τινὰ
2655 3525 2839 3595 χώραν
2872 3528 2967 3581 κοιλ⁸
3010 3528 3110 3598 τῆς
3143 3529 3489 3601 ἀνθρωπίνης
3528 3539 3626 3584 τὸν
3659 3533 3779 3586 στάο

2204 3629 2306 3681 χυν
2333 3614 2619 3680 γενέσεως.
2662 3616 2837 3687 Ἐὠρα
2869 3618 2977 3691 γὰρ
3012 3620 3075 3673 τὸ
3103 3621 3384 3692 ἐσόμενον,
3408 3614 3455 3689 ᾧ
3479 3620 3573 3675 καὶ
3617 3626 3689 3679 τὰ
3712 3624 3783 3695 μὴ

2204 3701 2333 3755 ὅντα
2362 3702 2438 3766 ὠς
2475 3702 2602 3756 ὄντα
2632 3707 3003 3777 παρέστηκεν.

2290 3875 2450 3929 Ἀλλά
2490 3877 2617 3940 τοὺς
2654 3878 2752 3947 μὲν
2784 3879 2882 3949 τῆς
2921 3881 3221 3954 ἱερωτάτης
3246 3885 3436 3951 παιδὸς
3481 3887 3667 3957 ἱεροὺς
3694 3904 3784 3957 γοα

2204 3967 2350 4033 νέας,
2378 3967 2551 4031 οὕτως
2575 3969 2658 4038 ἐφ’
2696 3964 2776 4035 οἷς
2804 3975 2904 4044 τὴν
2946 3975 3233 4046 στείρωσιν
3258 3977 3614 4045 ὼνειδίζοντο,
3650 3980 3783 4051 πρὸς

2205 4057 2396 4111 ἐαυτὸν
2454 4059 2484 4110 ὁ
2523 4060 2778 4129 οὐράνιος
2831 4063 3083 4132 μεθεῖλκε
3130 4068 3339 4140 Πατὴρ,
3394 4071 3491 4124 ἐπὶ
3530 4072 3779 4125 πλεῖστον

2204 4146 2397 4216 χρόνον
2454 4148 2560 4216 πρὸ
2587 4150 2688 4219 τῆς
2736 4154 3014 4222 γεωργίας
3046 4157 3157 4210 τῶν
3198 4161 3529 4215 τεκνοποιῶν
3567 4164 3784 4217 κόλπων

2204 4238 2480 4307 νηστείαις
2509 4240 2602 4292 καὶ
2623 4239 2842 4311 δεήσεσι
2863 4246 2963 4315 τὴν
2981 4245 3161 4318 ψυχὴν
3194 4251 3594 4322 γεωργοῦντας.
3632 4255 3780 4326 Ἐμοὶ

2203 4328 2247 4381 δ’
2275 4328 2477 4400 ἄπορον
2515 4330 2854 4399 παρίσταται
2900 4338 3245 4409 στειρώσεως
3306 4343 3482 4408 οὕτως
3529 4345 3782 4399 εὔτεκνον

513 4417 823 4474 sterilitatis
848 4419 1075 4475 nomine
1097 4434 1383 4489 accusare,
1414 4421 1647 4495 illosque
1674 4424 1860 4481 dicere
1886 4426 2096 4496 ineptos

2205 4423 2480 4477 αἰτιᾶσθαι
2516 4425 2755 4497 μήτραν,
2803 4428 2899 4482 καὶ
2940 4430 3172 4499 φάσκειν
3215 4433 3460 4497 ἐκείνους
3503 4437 3605 4489 οὐκ
3642 4437 3783 4507 ἔχειν

506 4511 864 4582 procreanda:
895 4512 1055 4583 proli,
1092 4513 1184 4582 qui
1236 4514 1465 4570 omnino
1506 4516 1760 4587 adepturi
1801 4528 1987 4575 essent
2038 4531 2100 4574 ut

512 4614 706 4674 partus
746 4618 939 4657 omnes
973 4613 1320 4673 superarent.
1361 4607 1505 4671 Quin
1546 4609 1681 4663 illud
1731 4609 1877 4676 dico,
1928 4611 2100 4668 fuisse

510 4698 725 4751 Annam
758 4703 943 4766 aptam
978 4708 1100 4763 qua:
1133 4703 1368 4763 pareret.
1399 4696 1687 4762 Quoniodo
1722 4701 1866 4755 enim
1898 4717 1964 4757 ex
1991 4719 2098 4774 qua

512 4789 662 4842 salus
712 4788 909 4844 ﬂorere
944 4786 1531 4851 habebat,inferundis
1559 4795 1905 4863 accensenda
1926 4796 2100 4852 foret?

512 4875 825 4943 Enimvero,
857 4879 997 4934 bene
1027 4877 1246 4949 quidem
1276 4893 1339 4933 ac
1369 4882 1632 4949 prmelare
1660 4884 1726 4937 ad
1745 4884 1958 4943 fructus
1982 4888 2100 4942 edi-

514 4965 715 5020 tionem
764 4979 1081 5037 comparata
1111 4978 1251 5035 erat,
1274 4980 1329 5025 at
1356 4972 1589 5026 necdum
1613 4973 1911 5031 advenerat
1941 4978 2098 5046 hora,

513 5068 675 5122 quam
710 5057 1156 5126 saplentisSimus
1190 5061 1283 5116 ille
1323 5068 1631 5133 temporum
1662 5064 1944 5135 deﬁnitor,
1974 5077 2099 5125 ante

512 5145 697 5199 omnia
729 5150 927 5203 saecula
961 5160 1329 5221 opportunam
1376 5155 1750 5224 germinandae
1791 5160 1930 5229 proli
1963 5175 2097 5215 con-

512 5235 785 5295 stituerat.
813 5240 1084 5297 Caeterum
1121 5243 1320 5301 habeat
1351 5246 1589 5319 quisque
1623 5258 1681 5304 ut
1713 5249 1972 5319 libuerit;
2008 5253 2093 5308 in-

583 5392 604 5423 ⁸
634 5388 772 5446 Gen.
822 5406 884 5456 ιι,
922 5391 1009 5447 l8.

2199 4514 2523 4587 ἐπιτηδείως
2557 4519 2695 4589 πρὸς
2725 4519 2913 4587 γονὰς,
2956 4521 3005 4575 οἳ
3039 4523 3259 4577 πάντων
3296 4526 3521 4597 ἔμελλον
3558 4530 3783 4601 κρατεῖν

2197 4607 2259 4659 τὺ
2286 4607 2512 4676 γεννῶν.
2573 4609 2713 4663 Ἀλλ’
2756 4611 2931 4666 ἐκεῖνό
2968 4630 3132 4685 φημι,
3164 4616 3358 4687 ὅτιπερ
3406 4618 3711 4689 ἐπιτήδειος
3746 4619 3780 4689 ἡ

2204 4701 2374 4753 Ι’Δννα
2397 4699 2534 4771 πρὸς
2561 4701 2742 4757 τόκον.
2786 4702 2912 4767 Πῶς
2941 4706 3052 4777 γὰρ
3095 4701 3164 4777 ἦς
3199 4707 3425 4777 ἔμελλεν
3472 4712 3506 4780 ή
3540 4711 3781 4784 σωτηρία

2198 4792 2402 4858 ἀνθεῖν,
2428 4794 2702 4864 ἀκάρποις
2728 4797 3145 4868 συνηριθμεῖτος
3184 4800 3320 4852 Ἀλλ’
3342 4796 3454 4871 εἶχε
3482 4802 3658 4871 μένεῦ
3689 4803 3779 4856 καὶ

2198 4882 2380 4945 καλῶς
2397 4885 2478 4947 είς
2491 4884 2881 4952 καρπογονίαν,
2901 4884 3053 4940 οὔπω
3067 4888 3111 4941 δ’
3138 4888 3246 4959 ἄρα
3262 4893 3294 4959 ή
3314 4890 3432 4960 ῶρα
3458 4892 3776 4963 παρίστατο,

2197 4974 2263 5046 ἢν
2293 4977 2320 5028 ὁ
2343 4976 2614 5045 πάνσοφος
2635 4976 2895 5048 όροθέτης
2932 4980 3041 5050 πρὸ
3088 4982 3307 5036 πάντων
3346 4983 3558 5038 αἰώνων
3605 4986 3686 5047 είς
3716 4983 3778 5036 τὸ

2195 5071 2295 5139 τὴν
2346 5067 2611 5145 βλάστηνΔ
2652 5069 2870 5138 ἐνέγκαι
2929 5071 3193 5138 διέταξεν.
3224 5076 3382 5146 ⁸Πλὴν
3415 5077 3492 5139 ὡς
3533 5073 3778 5147 βούλεταί

2194 5177 2279 5224 τις
2324 5162 2530 5229 ἐχέτω·
2588 5162 2730 5224 τέως
2783 5162 2828 5214 δ’
2880 5164 3164 5233 ἀμείνοσιν
3210 5167 3424 5222 ἐλπίσιν
3471 5168 3774 5239 ἀνέχοντες,

2197 5252 2416 5306 ἱστῶσιν
2450 5251 2666 5321 ἐκείνην
2706 5253 2807 5323 τὴν
2840 5254 3194 5331 οὐρανομήκη
3227 5259 3489 5331 κλίμακα,
3526 5257 3776 5329 νηστείας

2031 5471 2266 5534 NOTAE.

584 5555 659 5626 (2)
698 5551 1110 5626 Videbatienim.
1142 5551 1341 5624 Tangit
1374 5570 1721 5615 communem
1768 5544 2084 5622 Graecorum

512 5625 828 5703 opinionem
858 5625 1205 5703 inducturum
1265 5625 1580 5693 nuptiarum
1627 5636 1919 5703 occasione
1955 5651 2086 5703 pec-

512 5695 645 5759 cati.
672 5704 731 5754 ut
760 5695 963 5766 alioqui
1002 5696 1302 5749 humanum
1336 5710 1509 5763 genus
1538 5712 1646 5752 non
1681 5698 1827 5758 l‘oret
1878 5695 2081 5774 propa.

2191 5574 2429 5656 gendum
2486 5590 2679 5635 crasso
2735 5580 2832 5639 illo
2878 5597 2939 5639 ac
2997 5583 3143 5640 velut
3186 5585 3390 5641 ln‘utali
3429 5588 3610 5653 modo,
3663 5599 3778 5656 quo

2194 5646 2356 5701 unedo
2388 5660 2747 5718 prOpagatur.
