3992 6204
449 351 480 412 7
1682 340 1961 401 LEONIS
1994 339 2454 401 PHILOSOPHI
3680 346 3717 407 8

449 456 616 512 habes
646 454 791 509 inter
834 459 1016 521 patres
1047 470 1058 504 ε
1105 458 1157 505 at
1199 450 1580 505 universorum
1614 449 1793 505 Patris
1830 452 2021 519 genui-

2148 452 2220 521 ιψὲ
2269 455 2366 523 τῆς
2406 452 2622 522 ἡλικίας
2676 452 2809 523 παρ’
2854 450 3043 503 ἐλπίδα
3094 450 3186 502 τὸν
3227 451 3567 521 κληρονόμον
3607 453 3719 506 τῶν

453 547 521 598 sti
555 554 806 598 matrem.
837 542 1110 597 Abraham
1138 556 1355 611 quoque
1385 549 1643 609 provecta
1668 540 1779 609 jam
1814 550 1972 595 aetate
1995 542 2036 608 ⁸,

448 646 638 692 centra
664 651 813 706 spem
846 633 1118 689 hrcredem
1150 634 1322 704 gignit
1348 632 1802 702 promissionum,
1834 649 1899 687 ex
1927 648 2038 703 quo

447 731 595 783 velut
626 729 819 792 stellae,
856 743 919 781 ac
952 727 1094 781 sicut
1121 740 1285 780 arena
1317 725 1485 779 maris
1514 733 1744 795 augetur
1776 726 2031 795 populus,

450 835 756 891 magnaque
796 826 948 889 parte
982 827 1143 874 terra:
1176 815 1460 886 imperium
1494 817 1795 885 protrahit;
1825 831 2036 877 verum,
2082 828 2085 829 '

451 912 582 982 quid
615 912 716 965 huc
742 912 805 963 ad
837 920 993 964 tuum
1026 908 1286 979 partum?
1316 907 1450 961 Eam
1484 908 1628 962 enim
1660 909 1945 979 peperisti,
1971 922 2038 962 ex

458 1018 567 1074 qua
598 1017 709 1057 non
740 1003 915 1057 solum
956 1001 1139 1070 populi
1186 999 1615 1055 immortalitatis
1652 1011 1807 1070 partu
1835 1017 2040 1071 augen-

452 1106 564 1157 tur,
611 1103 705 1147 aut
752 1103 949 1146 terram
1006 1090 1392 1160 possidendam
1443 1091 1759 1161 accipiunt;
1800 1092 1894 1146 sed
1928 1106 2035 1162 qua

453 1187 579 1241 eteli
617 1186 821 1238 adeunt
857 1183 1255 1244 hareditatem,
1288 1182 1465 1237 cll’ecti
1508 1182 1602 1237 filii
1638 1183 1933 1238 Altissimi.

525 1278 767 1348 Agedum
796 1291 945 1341 vero,
971 1284 1029 1329 tu
1058 1276 1187 1329 mihi
1220 1277 1429 1328 Annam
1466 1292 1624 1342 voca,
1652 1276 2038 1345 priorumqne,

454 1372 688 1422 lamenta
730 1365 1099 1429 canticorum,
1146 1380 1267 1432 qua:
1315 1364 1403 1416 illa
1452 1363 1562 1419 Deo
1593 1364 1839 1419 solitaria
1873 1379 2042 1418 cane-

452 1459 563 1519 bat,
596 1459 742 1511 velut
773 1456 943 1525 lyram
971 1454 1265 1523 quamdam
1299 1454 1586 1508 harmonia
1617 1454 1944 1509 concinnam
1978 1454 2032 1507 in

453 1546 620 1601 fausti
650 1544 858 1597 ominis
886 1541 1256 1595 laudationem
1289 1550 1695 1608 convertentes,
1725 1543 2042 1611 personanti

454 1634 584 1686 mihi
634 1638 881 1686 vestrum
943 1630 1208 1701 inclytum
1267 1642 1520 1700 partum,
1575 1633 1784 1686 auxilio
1831 1633 2041 1686 adeste.

454 1723 707 1777 Vestrum
766 1738 1002 1792 namque
1060 1725 1181 1787 est',
1236 1733 1295 1777 ttt
1340 1732 1395 1778 et
1454 1725 1714 1794 condigni
1764 1725 2040 1780 sermonis

2140 543 2484 612 ἐπαγγελιῶν
2504 556 2517 571 ·
2541 542 2599 606 ἐξ
2624 535 2683 595 οὗ
2705 542 2779 605 ὼς
2810 542 2877 594 τὰ
2909 542 3083 610 ἄστρα
3110 540 3203 593 τοῦ
3231 541 3486 610 οὐρανοῦ,
3519 544 3613 596 καὶ
3642 544 3719 608 ὡς

2138 639 2171 706 ἡ
2205 636 2388 704 ἄμμος
2438 635 2535 703 τῆς
2588 633 2863 701 θαλάσσης
2903 632 3233 701 πληθύνεται
3288 632 3437 696 λαὸς,
3479 636 3572 687 καὶ
3616 636 3727 704 γῆς

2140 723 2433 778 πολλοστοῦ
2467 724 2710 795 κυριεύει
2738 725 2965 793 μέρους·
2998 723 3133 776 ἀλλὰ
3158 724 3209 776 τί
3228 723 3385 776 τοῦτο
3410 727 3547 796 πρὸς
3566 727 3729 780 τόκον

2138 815 2229 868 τὸν
2264 815 2355 867 σόν
2386 831 2401 879 ;
2431 813 2656 875 ’Έτεκες
2685 814 2814 881 γὰρ,
2842 812 2901 872 ἐξ
2948 808 3016 882 ἧς
3048 814 3109 864 οὐ
3147 814 3306 882 μόνον
3364 815 3481 868 λαοὶ
3544 817 3733 869 ὠδῖσιν

2139 903 2450 973 ἀφθαρσίας
2503 902 2887 972 πληθύνονται,
2949 902 3069 953 οὐδὲ
3132 902 3235 971 γῆς
3290 904 3507 973 ἁπάσης
3552 908 3727 959 κατά-

2144 1013 2347 1066 σχεσιν⁹
2376 994 2490 1048 ἀλλ’
2514 994 2749 1064 οὐρανοῦ
2795 992 3164 1065 κληρονομίαν
3194 994 3587 1063 λαμϐάνουσιν,
3620 1000 3733 1050 υίοὶ

2152 1089 2405 1157 Ὑψίστου
2432 1087 2730 1157 γινόμενοι.

2216 1266 2351 1333 Ἀγε
2381 1266 2445 1335 δή
2483 1282 2573 1335 μοι
2643 1264 2796 1317 κάλει
2851 1265 2951 1335 τὴν
2996 1264 3217 1327 Ἀνναν,
3251 1265 3345 1316 καί
3398 1264 3507 1315 τῶν
3557 1266 3735 1318 πάλαι

2143 1358 2361 1428 θρήνων
2399 1357 2469 1409 τὰ
2528 1356 2771 1427 ᾅσματα,
2808 1356 2843 1408 ἃ
2891 1356 3033 1408 κατὰ
3088 1356 3257 1424 μόνας
3321 1355 3519 1424 ἑπῇδεν
3581 1358 3734 1423 Θεῷ,

2142 1450 2332 1521 ὥσπερ
2354 1448 2477 1501 τινὰ
2513 1448 2686 1515 λύραν
2721 1448 3059 1518 εὐάρμοστον
3111 1446 3474 1501 ἀνακινοῦσαν
3512 1449 3595 1510 είς
3639 1448 3740 1500 εὐ-

2144 1544 2360 1614 φημίαν
2398 1542 2816 1613 μεταϐαλόντες.
2855 1540 3207 1612 περιηχοῦντί
3244 1556 3335 1610 μοι
3363 1542 3462 1611 τὴν
3483 1540 3741 1610 ἀοίδιμον

2143 1637 2297 1707 ὐμῶν
2336 1635 2573 1705 λοχείαν,
2626 1633 3055 1701 συνεφάπτεσθε.
3094 1633 3391 1704 ’Υμέτερον
3441 1633 3548 1703 γάρ
3576 1634 3740 1685 ἐστιν

2145 1729 2397 1795 εὐπορεῖν
2426 1726 2844 1797 παρασκευάσαι
2873 1726 2969 1779 καὶ
2991 1725 3149 1793 λόγον
3170 1726 3342 1789 ἄξιον,
3366 1718 3441 1778 ὧν
3458 1723 3737 1794 ὲμαιεύθη

462 1815 675 1884 copiam
724 1815 961 1879 faciatis,
992 1831 1022 1871 c
1053 1816 1255 1885 quibus
1286 1818 1489 1871 editum
1524 1825 1607 1872 est
1637 1818 2039 1872 sanctissimum

2148 1820 2208 1872 τὸ
2243 1818 2418 1886 πανάγ
2431 1835 2508 1871 ιον
2530 1818 2796 1886 γέννημα.
2834 1816 2970 1887 Φέρε
2987 1803 3103 1885 ’τῆς
3143 1816 3353 1879 κοιλίας
3382 1815 3476 1868 τὸν
3509 1814 3737 1882 καρπὸν

457 1923 698 1976 germen.
730 1908 973 1977 Agedum
1008 1909 1148 1963 uteri
1177 1908 1413 1962 fructum
1451 1909 1701 1974 ostende,
1739 1924 1859 1980 quae
1890 1909 2043 1978 abje—

456 1999 596 2053 ceris
636 1999 989 2068 ignominiam
1037 2008 1309 2061 veterem,
1345 2002 1549 2070 quibus
1592 2016 1737 2055 nunc
1784 2002 1839 2056 in
1869 2001 2041 2071 gloria

457 2087 644 2156 gestis.
700 2084 846 2139 Uteri
888 2086 1182 2141 infecunda
1229 2088 1391 2141 tellus
1442 2088 1493 2141 in
1538 2088 1770 2143 fertilem
1845 2104 2036 2160 agrum

456 2179 695 2233 transiit.
742 2176 986 2231 Tristitia
1033 2177 1130 2231 tibi
1173 2182 1227 2231 in
1269 2180 1530 2249 gaudium
1579 2183 1782 2245 cessit,
1829 2183 2041 2251 qualia

456 2270 657 2324 steculo
698 2269 879 2323 nullus
918 2269 1234 2324 exsultavit.
1268 2269 1345 2323 Ex
1413 2271 1498 2326 his
1538 2273 1755 2341 probris
1795 2274 2037 2329 indisso-

458 2363 641 2416 lubilis
676 2361 862 2431 gloria:
893 2375 1093 2415 corona
1132 2363 1286 2430 plexa
1324 2362 1455 2417 fuit.
1482 2363 1726 2418 Tardum
1768 2365 2043 2438 fuitgeui-

458 2456 563 2508 tale
591 2468 833 2524 germen,
868 2460 922 2505 at
951 2460 1159 2505 natura:
1195 2454 1363 2507 totius
1389 2470 1610 2524 germen
1639 2457 1814 2526 gloria
1840 2460 2041 2512 obscu-

457 2547 615 2597 rat-it.
649 2543 827 2598 Defuit
855 2557 987 2595 arvo
1023 2542 1156 2607 llos,
1190 2551 1245 2596 at
1283 2546 1603 2599 universum
1641 2552 1829 2603 orbem
1863 2564 2043 2604 messe

456 2633 719 2702 implevit.
769 2632 1014 2703 Lugebas
1051 2633 1304 2688 orbitatis
1351 2650 1479 2705 ergo
1523 2636 1779 2693 lacessita
1830 2654 2032 2709 oppro-

456 2726 625 2791 briis;
655 2734 711 2777 at
752 2740 871 2793 qua:
914 2740 1153 2794 unquam
1205 2727 1284 2780 sic
1332 2729 1498 2795 proba
1556 2730 1844 2801 amplaque
1892 2733 2043 2801 prole

456 2818 723 2871 delectata
749 2816 888 2869 fuit?
916 2814 1157 2870 Puellam
1203 2818 1401 2881 nutris,
1434 2819 1593 2887 cujus
1623 2835 1789 2889 opera
1819 2824 2039 2876 univer-

457 2925 561 2963 sus
571 2908 808 2962 mundus
824 2906 1027 2962 laetitia.-
1045 2906 1268 2963 divitias
1282 2909 1525 2963 habebit.
1540 2909 1740 2966 Matres
1755 2911 2041 2967 universas

457 3014 823 3077 supergressa
845 3014 926 3055 es.

530 3090 680 3145 Parit
724 3106 944 3162 qucque
986 3092 1089 3146 alia
1131 3094 1377 3163 quaedam
1426 3096 1582 3149 Anna
1604 3098 1649 3163 ',
1678 3111 1799 3151 cum
1839 3104 1893 3151 et
1921 3097 2035 3167 ipsa

457 3184 724 3239 orationis
748 3200 949 3240 munus
981 3186 1149 3239 ﬁlium
1180 3186 1525 3256 accepisset;
1563 3204 1752 3243 verum
1789 3204 2034 3253 servum,

456 3292 645 3329 verum
666 3278 998 3343 ministrum,
1016 3288 1338 3349 quanquam
1362 3279 1409 3333 is
1446 3280 1759 3350 prophetica
1780 3282 2042 3337 unctione

457 3369 743 3432 excelluit;
792 3378 846 3422 tu
883 3384 1009 3423 vero
1053 3370 1174 3423 cmli
1220 3385 1285 3425 ac
1328 3377 1486 3425 terrae
1534 3372 1793 3441 Reginam
1846 3375 2036 3441 paris:

458 3476 599 3525 eam,
636 3461 879 3531 inquam,
911 3474 1073 3530 quam
1108 3462 1344 3515 canticis
1367 3461 1612 3515 celebrat
1638 3464 1817 3517 omnis
1843 3472 2041 3516 natura

458 3554 734 3624 particeps
758 3553 992 3608 rationis
1021 3571 1034 3606 :
1069 3553 1185 3609 sola
1221 3554 1367 3622 paris
1394 3552 1485 3608 Dei
1514 3552 1774 3619 Matrem;
1807 3557 1920 3608 sola
1946 3554 2041 3608 Dei

457 3646 577 3699 avia
604 3645 844 3700 exsistis.
869 3643 915 3699 0
941 3645 1154 3699 beatum
1188 3653 1399 3714 partum
1425 3646 1439 3698 !
1468 3643 1515 3700 0
1544 3645 1781 3707 lumbos,
1805 3659 2039 3713 quorum

459 3734 832 3788 habitaculum
860 3735 1023 3805 elegit
1052 3734 1216 3799 Dens,
1238 3748 1365 3788 cum
1396 3733 1449 3787 in
1480 3734 1638 3788 nobis
1672 3733 1922 3787 habitare
1946 3748 2042 3787 vo-

458 3826 684 3878 luisset!
718 3824 762 3877 0
787 3827 1225 3892 conceptionem,
1265 3834 1614 3896 partumque,
1650 3840 1716 3880 ac
1748 3824 2039 3891 infantem,

459 3915 660 3985 quibus
685 3916 953 3970 exitiosus
983 3918 1189 3984 peccati
1220 3926 1409 3985 partus
1434 3919 1700 3987 elanguit,
1729 3919 2041 3987 salutisque

458 4006 629 4059 multa
649 4006 829 4074 proles
848 4004 1109 4059 innotuit.
1130 4004 1175 4058 0
1199 4004 1489 4069 infantem,
1516 4020 1610 4072 per
1630 4021 1795 4073 quam
1820 4014 2038 4071 natura,

459 4112 581 4167 qua:
604 4097 825 4150 malitiae
843 4112 906 4150 ac
928 4097 1249 4152 vitiositatis
1275 4096 1620 4165 turpitudine
1646 4106 2037 4163 consenuerat,

460 4203 665 4242 novum
703 4185 892 4240 induta
928 4186 1183 4241 decorem
1214 4187 1477 4256 praeclare
1506 4186 1842 4241 exornatur!
1882 4185 1926 4240 Ο
1958 4186 2042 4239 in-

460 4281 688 4345 fantem,
718 4295 813 4349 per
838 4294 1004 4350 quam
1048 4282 1173 4335 vita:
1218 4281 1471 4351 pauperis
1504 4295 1724 4351 pannos,
1754 4288 2039 4345 ementes,-

458 4373 690 4443 primam
732 4373 878 4426 illam
923 4374 1119 4427 stolam
1166 4373 1447 4429 induimus
1486 4372 1686 4427 divina:
1717 4371 2029 4443 dignitatis,

2141 1911 2473 1974 ὲπιδείκνυε,
2521 1903 2602 1972 οἷς
2628 1908 2723 1961 νῦν
2770 1907 2858 1962 ἐπ’
2886 1908 3102 1978 εὐδοξίᾳ
3128 1908 3326 1978 κομᾷς,
3360 1906 3459 1977 τὴν
3487 1905 3736 1958 παλαιὰν

2141 2000 2358 2066 ἀδοξίαν
2414 1998 2748 2069 ἀποθεμένη.
2820 1996 3135 2051 Μετέϐαλεν
3170 1998 3252 2060 είς
3302 1996 3562 2067 εὐφορίαν
3625 1996 3738 2065 τῆς

2141 2093 2333 2165 νηδύος
2367 2092 2630 2163 ἡᾶφορος
2655 2090 2829 2160 χώρα.
2874 2090 3150 2159 Ἐστράφη
3204 2104 3289 2140 σοι
3332 2090 3412 2150 εἰς
3463 2087 3624 2157 χαρὰι
3692 2089 3730 2156 ὴ

2141 2184 2307 2255 λύπη,
2348 2186 2468 2239 οἵαν
2503 2184 2681 2246 οὐδεὶς
2712 2183 2770 2249 ἐξ
2801 2181 2999 2243 αίῶνος
3045 2180 3438 2249 ⁴ἠγαλλιάσατο.
3478 2178 3734 2247 Ἐπλάκη

2141 2276 2250 2329 τῶν
2300 2273 2625 2344 ὀνειδισμῶν
2662 2273 2888 2325 ἐκείνων
2952 2270 3234 2333 ἁδιάλυτος
3266 2268 3529 2339 εὐφημία.
3569 2269 3740 2335 ὐψί-

2138 2370 2348 2439 γονοςὴ
2375 2368 2528 2437 γονὴ,
2559 2366 2673 2421 ἀλλ’
2704 2364 2980 2435 ὑπερῆρεν
3009 2362 3191 2425 πάσας
3235 2361 3453 2430 φύσεως
3496 2362 3593 2423 τὰς
3629 2377 3739 2427 γο-

2141 2465 2258 2527 νάς.
2296 2464 2625 2535 ’Υστέρησεν
2676 2463 2757 2523 είς
2804 2461 3031 2529 ἄνθησιν
3055 2462 3089 2531 ἡ
3140 2459 3372 2531 ἄρουρα,
3408 2457 3522 2511 ἀλλ’
3556 2457 3740 2528 ἐπλή-

2146 2574 2284 2627 ρωσε
2316 2556 2413 2625 τῆς
2444 2555 2557 2607 ἂλω
2581 2555 2679 2624 τὴν
2716 2552 3063 2622 οίκουμένην.
3104 2551 3354 2621 Ὀδύρους
3382 2552 3551 2613 ἄπαις
3577 2549 3668 2601 όνε
3682 2567 3739 2600 ι-

2140 2646 2391 2718 διζομένη
2415 2664 2428 2677 ⁸
2466 2648 2559 2699 καὶ
2606 2647 2691 2708 τίς
2740 2645 2882 2697 οὐτω
2909 2644 3052 2715 ἥσθη
3082 2643 3277 2706 εὐπαις
3333 2643 3677 2712 γεγενημένη
3721 2661 3741 2709 ;

2142 2737 2376 2807 Τρέφεις
2416 2736 2647 2800 παιδίον,
2683 2736 2751 2789 δι’
2784 2731 2851 2805 ἦς
2884 2734 2912 2786 ὁ
2946 2734 3150 2803 κόσμος
3181 2734 3475 2804 πλουτήσει
3500 2733 3597 2803 τὴν
3630 2735 3739 2785 εὐ-

2144 2830 2437 2901 φροσύνην.
2468 2827 2749 2899 Παρῆλοες
2773 2828 2952 2890 πάσας
2988 2826 3255 2895 μητέρας,

2216 3094 2402 3149 Τίκτει
2431 3095 2527 3148 καὶ
2558 3094 2692 3163 ἄλλη
2714 3110 2799 3157 τις
2831 3092 3022 3157 "Awa,
3064 3092 3235 3164 δῶρον
3291 3093 3457 3163 εὐχῆς
3485 3090 3739 3147 λαϐοῦσα

2143 3188 2234 3241 τὸν
2262 3188 2418 3241 τόκον
2454 3188 2548 3240 καὶ
2574 3186 2737 3257 αὕτη,
2769 3185 2905 3239 ἀλλὰ
2938 3184 3156 3250 δοῦλον,
3196 3186 3331 3239 ἀλλὰ
3375 3186 3695 3255 λειτουργὸν
3717 3201 3739 3220 ο

2146 3282 2192 3334 εί
2214 3281 2309 3334 καὶ
2340 3277 2663 3349 προφητικῷ
2691 3278 2988 3346 διέπρεπεν
3014 3277 3280 3347 χρίσματι
3299 3293 3313 3306 ·
3349 3278 3414 3331 σύ
3441 3278 3498 3330 δὲ
3520 3278 3741 3341 τίκτενς

2143 3370 2242 3441 τὴν
2260 3367 2491 3439 οὐρανοῦ
2532 3369 2625 3420 καὶ
2649 3368 2752 3436 γῆς
2778 3366 3034 3421 Βασιλίδα
3054 3384 3068 3399 ο
3109 3368 3210 3438 τὴν
3233 3367 3384 3437 παρὰ
3414 3369 3595 3437 πάσης
3634 3368 3740 3420 λο-

2144 3460 2307 3530 γικῆς
2334 3459 2548 3529 φύσεως
2583 3458 2931 3529 ὑμνουμένην
2953 3475 2968 3490 ο
3003 3459 3142 3529 μόνη
3197 3459 3405 3523 τίκτεις
3427 3459 3564 3512 Θεοῦ
3596 3461 3739 3531 M1;-

2143 3552 2313 3623 τέρα·
2354 3551 2489 3621 μόνη
2522 3549 2883 3620 χρηματίζεις
2905 3552 3207 3621 προμήτωρ
3242 3550 3400 3605 Θεοῦ.
3442 3551 3509 3603 Ὢ
3542 3568 3738 3621 μακα-

2149 3644 2277 3714 ρίων
2303 3643 2507 3696 ὠδίνων
2530 3643 2543 3695 l
2572 3644 2635 3693 Ὢ
2662 3641 2927 3710 λαγόνων,
2957 3634 3033 3694 ὧν
3055 3644 3476 3713 κατοικητήριον
3510 3644 3567 3695 ὲν
3602 3645 3740 3713 ἡμῖν

2146 3734 2422 3806 σκηνῶσαι
2468 3732 2749 3803 βουληθεὶς
2778 3734 2807 3785 ὀ
2831 3732 2964 3795 Θεὸς
3001 3732 3323 3798 ὲξελέξατοί
3360 3735 3424 3786 Ὢ
3455 3734 3728 3804 σύλληψις

2145 3828 2238 3881 καὶ
2264 3826 2420 3888 τόκος
2445 3824 2539 3877 καὶ
2572 3823 2793 3895 βρέφος,
2815 3822 2881 3875 δι’
2910 3815 2986 3877 ὧν
3006 3824 3033 3875 ὁ
3055 3824 3154 3893 τῆς
3174 3823 3448 3895 ἁμαρτίας
3480 3824 3739 3897 ὀλέθριος

2144 3917 2273 3981 ὠδὶς
2306 3916 2601 3987 ἀπήμϐλω,
2625 3916 2718 3968 καὶ
2744 3914 2837 3983 τῆς
2873 3915 3149 3986 σωτηρίας
3179 3916 3211 3986 ἡ
3239 3916 3532 3984 πολυγονία
3558 3918 3743 3985 ἐγνω-

2146 4008 2341 4079 ρίσθηί
2376 4009 2441 4059 Ὢ
2470 4006 2689 4077 βρέφος,
2724 4005 2792 4059 δι’
2829 4000 2897 4075 ἧς
2919 4006 2952 4075 ἡ
2972 4006 3406 4075 καταγηράσασα
3435 4007 3514 4076 τῷ
3548 4008 3737 4077 αἴσχει

2142 4097 2243 4166 τῆς
2291 4096 2491 4159 κακίας
2543 4098 2725 4164 φύσις,
2768 4094 2959 4149 καινὸν
3016 4096 3364 4167 ἀλλαξαμένη
3397 4096 3593 4160 κάλλος
3637 4099 3737 4163 ἐξ-

2144 4188 2442 4258 ωραῖσατο.
2478 4188 2544 4239 Ὢ
2578 4186 2782 4259 βρέφος
2806 4186 2872 4241 δι’
2907 4183 2976 4257 ἦς
3029 4188 3126 4257 τῆς
3159 4188 3422 4258 πενιχρᾶς
3468 4187 3614 4255 ζωῆς
3659 4189 3739 4241 τὰ

2146 4282 2324 4351 ράκκη
2372 4280 2801 4350 ἀποδυσάμενοι,
2844 4279 2943 4350 τὴν
2985 4280 3211 4350 πρώτην
3263 4279 3456 4350 στολὴν
3512 4280 3739 4349 ἐκείνην

2144 4371 2239 4425 τοῦ
2266 4371 2412 4425 θείου
2448 4370 2760 4441 ἀξιώματος
2788 4370 3198 4441 ὲνεδυσάμεθαο
3236 4370 3305 4423 δι’
3331 4366 3399 4441 ἦς
3429 4372 3565 4440 ἡμῖν
3593 4385 3741 4422 κατ-

458 4480 556 4533 per
583 4480 747 4534 quatn
782 4463 925 4519 Deus
963 4465 1122 4521 nobis
1156 4465 1569 4529 reconciliatus,
1602 4466 1655 4519 in
1688 4464 2038 4534 incompara-

2148 4465 2354 4535 ηλλάγη
2406 4466 2560 4529 Θεὸς,
2593 4465 2674 4527 είς
2718 4463 3041 4517 ἀνείκαστον
3089 4462 3439 4534 διαλυθείσης
3473 4462 3739 4534 στοργὴν,

456 4558 620 4612 bilem
656 4558 867 4629 paterni
900 4558 1105 4613 amoris
1146 4558 1609 4614 necessitudinem
1641 4557 1894 4612 dissolvit
1926 4555 2032 4611 ini-

457 4648 722 4713 micitias,
762 4660 900 4716 quas
936 4648 986 4700 ei
1030 4648 1159 4701 l’aeti
1197 4650 1403 4711 hostes,
1431 4649 1917 4703 constitueramus.
1962 4646 2039 4703 Te

455 4756 695 4811 namque
726 4739 869 4796 Deus
898 4755 963 4793 ac
991 4739 1153 4795 Pater
1186 4740 1475 4810 Unigenito
1531 4739 1801 4809 Sponsam
1854 4740 2040 4809 elegit,

457 4847 669 4901 proque
698 4832 1007 4887 futurarum
1031 4831 1341 4885 arrhabone
1365 4830 1710 4899 nuptiarum,
1731 4840 1788 4883 ut
1809 4840 2043 4901 cognato

457 4923 701 4974 humano
716 4922 899 4991 generi
924 4922 1329 4984 reconcilietur,
1355 4921 1638 4985 concedit;
1663 4935 1841 4991 neque
1863 4923 2041 4976 solum

458 5010 778 5066 inimicitias
806 5012 1041 5081 perimit,
1076 5022 1173 5067 aut
1200 5012 1366 5066 debiti
1398 5012 1590 5067 tribuit
1620 5012 2035 5068 remissionem:

456 5101 544 5157 vel
563 5101 748 5166 etiam,
779 5101 925 5172 quod
952 5104 1242 5158 adversum
1282 5118 1381 5157 nos
1418 5102 1521 5171 ipsi
1555 5102 1883 5171 scripsimus
1918 5100 2039 5155 chi-

457 5194 807 5263 rographum,
844 5195 1168 5264 disrumpit;
1211 5210 1399 5249 verum
1433 5195 1598 5248 etiam
1631 5192 1909 5263 Unigeniti
1944 5208 2039 5247 co-

458 5284 704 5339 literedes
728 5285 887 5350 facit;
918 5300 1153 5355 eumque
1185 5286 1363 5356 ipsum
1394 5286 1535 5341 bello
1567 5286 1725 5340 nobis
1751 5285 2034 5354 suppetias

456 5373 660 5441 mittit,
712 5382 772 5427 ut
804 5388 901 5443 pro
945 5376 1107 5429 nobis
1152 5376 1356 5444 pariter
1396 5375 1612 5432 labores
1656 5374 1926 5439 desudet,
1972 5388 2037 5428 ac

455 5465 671 5521 hostem
707 5465 1028 5520 ulciscatur.

522 5557 838 5621 Enimvero,
863 5571 1081 5627 ptenam
1104 5571 1248 5613 nunc
1269 5557 1376 5622 lue,
1403 5573 1437 5612 o
1461 5559 1678 5615 malitia:
1707 5560 1925 5630 sapiens
1948 5576 2042 5615 ar-

455 5647 610 5711 tifex,
643 5649 768 5702 dolo
798 5648 1080 5716 plenarum
1106 5661 1293 5703 earnm
1319 5648 1692 5715 molitionum,
1718 5652 1919 5720 quibus
1944 5668 2041 5708 su-

521 5788 545 5820 '
575 5786 713 5842 Gen.
752 5800 901 5853 xvm,
942 5786 1001 5842 ll
1048 5801 1204 5858 seqq.
1280 5786 1349 5840 ⁸1
1389 5785 1521 5858 Reg.
1556 5806 1595 5855 ι,
1626 5787 1714 5844 20.
1912 5732 1937 5762 .

2140 4560 2241 4630 τῆς
2280 4559 2348 4629 ἣν
2386 4558 2546 4627 ἡμεῖς
2608 4555 3085 4626 ὲκπολεμωθέντες
3138 4554 3288 4624 αὐτῷ
3338 4554 3539 4625 ἔχθραν
3594 4571 3731 4607 συν-

2141 4649 2513 4722 εστησάμεθα.
2534 4649 2843 4713 Ἐξελέξατο
2872 4650 2980 4718 γάρ
3011 4664 3069 4702 σε
3101 4648 3180 4711 είς
3205 4648 3443 4719 Νύμφην
3458 4645 3538 4716 τῷ
3552 4647 3741 4700 Μονο-

2146 4741 2296 4807 γενεῖ
2327 4740 2355 4791 ὁ
2384 4738 2517 4802 Θεὸς
2545 4738 2640 4791 κα)⁸
2666 4737 2878 4808 Πατὴρ,
2901 4738 2994 4789 καὶ
3022 4736 3238 4789 δίδωσιν
3270 4737 3391 4789 ἀντὶ
3443 4736 3741 4805 μνήστρων

2144 4831 2243 4899 τὴν
2270 4830 2405 4900 πρὸς
2434 4830 2497 4882 τὸ
2534 4828 2799 4897 συγγενὲς
2825 4828 3204 4898 καταλλαγήν·
3240 4828 3336 4881 καὶ
3386 4827 3487 4881 οὐκ
3518 4828 3743 4897 ἀναιρεῖ

2152 4923 2311 4992 μόνον
2336 4922 2435 4991 τὴν
2463 4921 2685 4993 ἔχθραν,
2716 4921 2839 4974 οὐδὲ
2868 4922 2968 4991 τὴν
2994 4921 3190 4989 ἄφεσιν
3227 4919 3411 4972 δίδωσι
3438 4919 3531 4972 τοῦ
3556 4918 3735 4988 ὀφλή-

2154 5029 2321 5083 ματος
2347 5052 2361 5076 ,
2395 5012 2504 5065 οὐδ’
2540 5012 2607 5083 ἢν
2652 5012 2775 5065 καθ’
2803 5011 2981 5064 αὐτῶν
3030 5012 3579 5081 ἐχειρογραφήσαμεν
3615 5010 3740 5063 δια-

2148 5102 2321 5170 σχίζει
2350 5102 2599 5171 γραφήν·
2637 5101 2775 5153 ἀλλὰ
2824 5100 2920 5153 καὶ
2969 5100 3447 5169 συγκληρονόμους
3476 5099 3569 5152 τοῦ
3596 5100 3738 5167 ἁγα-

2146 5190 2318 5259 πητοῦ
2348 5196 2581 5245 ποιεῖται
2610 5209 2624 5224 ·
2657 5194 2749 5245 καὶ
2776 5191 2965 5244 τοῦτον
3012 5194 3093 5253 είς
3121 5192 3215 5245 τὸν
3259 5192 3383 5244 καθ’
3409 5189 3567 5261 ἡμῶν
3594 5190 3735 5242 ἀπο-

2144 5283 2351 5336 στέλλει
2394 5284 2653 5354 πόλεμον,
2692 5285 3087 5353 συνδιενεγκείν
3132 5283 3431 5355 ἀνθ’ἠμῶν
3465 5283 3593 5345 τοὺς
3635 5280 3740 5333 πό-

2144 5392 2289 5441 νους,
2322 5377 2529 5430 καὶτὸν
2566 5376 2807 5446 δυσμενῆ
2836 5374 3283 5446 τιμωρήσασθαι.

2229 5556 2388 5615 ’Λλλὰ
2417 5558 2717 5613 καθίστασο
2736 5559 2854 5626 νῦν,
2880 5556 3107 5628 σοφιστὰ
3137 5557 3237 5627 τῆς
3255 5557 3473 5623 κακίας,
3506 5557 3585 5619 είς
3611 5571 3742 5607 ποι-

2146 5650 2242 5723 νὴν
2270 5650 2376 5705 τῶν
2409 5650 2643 5721 δολερῶν
2675 5648 2899 5705 ἐκείνων
2930 5648 3287 5719 σκεμμάτων,
3314 5642 3393 5711 οἷς
3422 5649 3489 5717 τῇ
3517 5645 3737 5717 ψιθύρῳ
