3992 6204
256 289 293 350 9

1171 294 1453 355 ORATIO
1478 297 1528 355 Ι.
1558 323 1627 334 -
1651 299 1729 359 ΙΝ
1773 300 1836 357 Β.
1874 300 1883 357 Ξ

1984 297 2059 357 ιιι
2073 299 2135 357 ιΕ
2174 296 2711 357 NA'l’lVlTATEM.
3314 326 3317 333 ‹
3488 288 3561 352 10

265 392 504 467 γλώσσῃ
536 395 676 458 τοὺς
696 395 883 477 *εμοὺς
918 396 1605 473 ἐξειργάσωπροπάτορας
1631 418 1644 435 ο
1678 403 1879 472 μᾶλλον

1984 419 2215 462 Surroue
2264 406 2445 475 lingua
2486 417 2636 458 meos
2677 398 3053 471 progenitores
3096 396 3238 452 male
3278 394 3558 451 habuisti:

265 488 343 547 δὲ.
377 487 451 540 δι’
480 480 569 540 ὧν
608 487 738 541 καθ’
766 486 899 557 ὅλης
929 490 1030 558 τῆς
1068 478 1588 562 φύσεωςὲτεχνάσω
1629 494 1722 547 τὸν
1760 495 1873 546 δλε-

272 579 416 644 θρον.
458 578 547 631 Οὐ
580 580 699 649 γὰρ
740 578 822 633 ἔτι
850 578 1079 643 ἀλύπως
1119 580 1256 651 ἔχων
1281 583 1464 646 ἀπίοις
1487 621 1502 646 ,
1535 583 1655 637 οὐδὲ
1679 585 1770 637 ἐπὶ
1810 586 1880 654 τῇ

271 670 436 742 χλεύη
460 671 904 742 σεμνυνόμενος.
940 671 1081 741 Ἤδη
1096 674 1227 743 γάρ,
1257 674 1360 745 ἤδη
1415 690 1497 729 σοι
1522 676 1616 728 ἐπὶ
1647 676 1746 747 τὴν
1775 693 1878 730 κα-

270 759 597 849 ὶωμὴιανον
655 763 940 832 κεφαλὴν,
972 762 1036 816 τὸ
1081 764 1201 817 καθ’
1229 764 1388 834 ἡμῶν
1438 765 1735 836 ἐνσκήπτει
1778 784 1878 821 κα-

244 851 859 951 ,κοῦργονῖἘγεννήθη
878 855 960 951 ’τῇ
1009 852 1125 925 Εὕα
1174 854 1405 919 παιδίον,
1448 854 1516 911 δι’
1540 849 1602 909 οὗ
1662 857 1877 927 ἐκείνης

281 942 646 995 ἀνακαλεῖται
683 943 788 1012 μὲν
815 944 851 1012 ἡ
875 938 1038 1014 ἧττα,
1071 943 1167 997 καὶ
1197 943 1260 997 τὸ
1288 944 1611 1016 σκυθρωπὸν
1636 949 1717 1010 είς
1745 964 1876 1017 φαι-

279 1032 511 1103 δρότητα
552 1038 917 1104 perrumpet.-
952 1035 1015 1087 σὲ
1039 1034 1085 1088 δ’
1115 1035 1531 1107 ἀπαράκλητοςσ
1545 1032 1686 1108 ἧττα
1715 1056 1873 1110 περι-

280 1128 521 1195 ποιχιεί,
548 1128 653 1180 καὶ
688 1126 891 1197 βαθεῖα
956 1128 1273 1198 στυγνότης.
1323 1128 1671 1202 Ἑγεωργήθη
1697 1132 1876 1203 ’νεαρὰν

281 1214 471 1283 δεισος,
513 1217 581 1283 ἐξ
617 1214 695 1290 ἧς
756 1220 1167 1291 ἀναϐλαστήσει
1211 1220 1378 1288 φυτὸν
1430 1220 1720 1286 ἀθάνατον,
1772 1225 1873 1287 τάς

282 1305 455 1375 κῆρας
482 1307 582 1361 τοῦ
628 1310 809 1378 φυτοῦ
847 1311 1085 1376 suam,
1118 1303 1180 1365 οὗ
1219 1312 1320 1382 τὴν
1345 1312 1535 1379 γεῦσιν
1578 1312 1873 1383 προεξᾶνη-

287 1412 378 1462 σας
396 1412 414 1430 '
445 1400 547 1454 καὶ
588 1401 692 1453 τὸν
718 1403 784 1468 ἐξ
827 1402 1046 1473 ἀπάτης
1068 1402 1444 1474 παραδοθέντα
1467 1403 1702 1473 θανάτῳ,
1732 1405 1870 1474 πρὸς

290 1489 579 1545 ἀθανασίαν
606 1492 1028 1564 ἀνακτώμενον.
1060 1495 1253 1566 κλοπῇ
1280 1496 1377 1549 καὶ
1405 1495 1591 1566 ψεύδει
1632 1497 1733 1567 τὴν
1766 1514 1871 1568 μη-

296 1582 411 1650 τέρα
429 1586 629 1647 uiuet;
668 1585 1029 1655 περιέϐαλες·
1059 1587 1280 1657 ὲκδέχου
1324 1587 1520 1657 μικρὸν
1549 1588 1673 1641 ὅσον
1712 1587 1868 1645 οὔπω

307 1673 392 1738 τῆς
416 1675 503 1742 σῆς
528 1678 969 1747 κακομηχανίας
1009 1678 1079 1733 τά
1124 1678 1399 1749 ἐπίχειρα,
1432 1679 1469 1733 ἀ
1502 1695 1584 1732 σοι
1618 1696 1866 1750 παραγε-

512 1764 619 1818 τοῦ
867 1737 1007 1837 πρδς
1027 1767 1119 1823 τὸν
1145 1737 1486 1838 πανάμωμον
1518 1769 1676 1821 τόκον
1704 1737 1872 1838 ἧκονρ
1899 1737 1946 1797 Β

306 1872 399 1916 ως.
440 1860 599 1928 ’Δρτι
620 1858 924 1929 θεούμενον
960 1861 1066 1932 ὕψη
1098 1860 1178 1932 τῷ
1205 1860 1342 1924 ὄντι,
1368 1861 1429 1914 ὃν
1469 1860 1635 1915 πάλαι
1684 1860 1872 1931 πλάνῳ

300 1947 536 2014 θεώσεως
583 1952 925 2021 ὑποσχέσει,
968 1952 1120 2017 θείας
1184 1954 1472 2016 συνουσίας
1532 1955 1873 2023 κατέστησας

296 2040 622 2110 ὑπερόριον·
657 2042 870 2097 καὶτὸν
892 2043 954 2109 ἑξ
982 2043 1160 2114 ἀρχῆς
1199 2046 1495 2099 ὲντακέντα
1529 2062 1610 2098 σοι
1655 2045 1872 2114 φθόνον,

304 2130 403 2183 τοῦ
452 2133 573 2185 καθ’
615 2127 675 2186 ὦ
722 2134 910 2189 τοῦτον
965 2134 1179 2201 ὥδινας,
1220 2136 1322 2206 τῆς
1358 2136 1459 2210 σῆς
1504 2136 1875 2200 ὲπιῦαίνοντος

312 2224 572 2295 κεφαλῆς,
605 2225 737 2292 ἔξεις
764 2226 1030 2282 ἐπιπλὲον
1057 2244 1115 2283 σε
1143 2208 1466 2287 διεσθίοντα.
1724 2208 1729 2214 ’

373 2533 609 2589 Tt:wa
636 2533 836 2590 θέωσιν
865 2537 946 2608 τῷ
978 2538 1209 2609 γυναίῳ,
1238 2540 1334 2593 καὶ
1366 2539 1467 2611 τῆς
1499 2538 1707 2593 ἀλύπου
1733 2538 1878 2611 ζωῆς

290 2624 639 2692 ἀνασπᾶσας,
675 2629 855 2699 λύπης
908 2631 1215 2701 ἀνάμεστον
1265 2630 1412 2702 ζωὴν
1462 2632 1783 2702 προξενείς·
1816 2635 1877 2687 οὐ

294 2719 454 2785 μόνον
499 2714 587 2782 οἷς
637 2719 797 2772 sum
835 2721 1025 2790 μυρίαι
1050 2724 1219 2793 κῆρες
1265 2722 1356 2775 τὸν
1390 2721 1505 2793 βίον
1542 2726 1879 2796 περιστοιχί-

292 2807 480 2872 (suam
500 2824 517 2839 '
560 2809 700 2863 ἀλλά
730 2812 824 2864 καὶ
857 2810 919 2876 ἐξ
945 2807 1020 2865 ὧν
1051 2813 1218 2883 ἐχρῆν
1250 2813 1505 2868 ὑπόθεσιν
1542 2816 1880 2888 εὐφροσύνης

289 2895 431 2952 εῖναι
464 2900 763 2968 ἀνθρώπου
816 2902 955 2974 πρὸς
983 2903 1096 2973 φῶς
1146 2904 1381 2969 ἐξιόντος
1430 2905 1539 2958 τῶν
1591 2907 1881 2961 σκοτεινῶν

287 2989 398 3041 τῶν
420 2991 681 3058 ὲγκάτων
709 2993 947 3061 χωρίων,
978 2994 1075 3047 καὶ
1104 2992 1262 3047 τοῦτο
1285 2994 1349 3065 δὴ
1369 2995 1549 3067 λύπης
1587 2998 1759 3051 αίτιον
1791 3015 1882 3052 τε-

1989 497 2097 549 imo
2144 495 2345 563 quibus
2397 493 2659 548 adversus
2705 500 2955 545 naturam
3010 489 3321 543 universam
3371 485 3561 541 interi-

1987 597 2099 641 tum
2133 587 2484 641 machinatus
2509 600 2591 640 es.
2616 583 2726 639 Nec
2748 584 2892 638 enim
2917 581 3094 636 adhuc
3118 596 3150 635 a
3174 578 3400 635 tristitia
3424 577 3562 633 liber

1986 679 2163 733 abibis
2185 719 2199 741 ,
2230 676 2407 748 neque
2433 676 2908 732 ut-subsannaudo
2932 673 3206 744 glorieris.
3233 669 3354 725 Jam
3387 670 3559 735 enim,

1979 771 2091 841 jam
2134 770 2229 822 tibi
2268 768 2323 822 in
2368 767 2678 822 maleficum
2716 773 2909 836 caput,
2948 762 3092 834 quod
3136 762 3424 817 adversum
3460 774 3564 818 nos

1980 860 2301 932 excogitasti
2323 858 2653 914 maleﬁcium
2680 858 2930 911 vertitur.
2949 854 3086 909 Nata
3103 863 3189 909 est
3208 853 3334 907 Eva:
3356 851 3556 922 puella,

1978 967 2076 1023 per
2103 967 2267 1023 quam
2290 951 2411 1021 ejus
2440 951 2663 1021 quidem
2690 949 3030 1003 instauratur
3054 947 3234 1009 ruina,
3264 942 3558 999 maestitia-

1976 1060 2084 1114 que
2131 1044 2185 1097 in
2215 1043 2458 1097 laetitiam
2482 1041 2677 1096 transit
2709 1059 2735 1117 :_
2780 1049 2832 1094 te
2857 1048 2991 1092 vero
3010 1033 3422 1091 ineonsolabilis
3443 1032 3565 1088 cir-,

1975 1135 2274 1193 cumstabit
2303 1149 2499 1197 casus,
2547 1146 2612 1187 ac
2650 1128 2959 1202 profundus
2989 1140 3217 1182 ιιιωιοτ.
3250 1126 3447 1183 Cultus
3473 1131 3563 1178 est

1976 1229 2295 1301 paradisus,
2341 1242 2406 1281 ex
2454 1239 2563 1295 quo
2614 1220 2943 1277 immortalis
2992 1216 3323 1288 germinabit
3352 1213 3557 1268 arbor:

1973 1299 2193 1388 quaque
2236 1314 2450 1369 arboris
2480 1312 2801 1381 dispereant
2832 1315 3067 1371 mortes,
3094 1304 3255 1372 cujus
3276 1299 3562 1373 gustauda

1973 1417 2167 1463 auctor
2200 1404 2382 1468 luisti;
2408 1417 2539 1472 qua,
2566 1403 2820 1475 inquam,
2855 1397 2925 1463 is,
2953 1397 3059 1465 qui;
3077 1408 3267 1451 errore
3300 1392 3565 1459 deceptus

1971 1497 2134 1553 morti
2161 1495 2391 1553 traditus
2421 1492 2620 1556 fuerat,
2644 1488 3207 1547 adimmortalitatem
3242 1490 3557 1553 reparetur-

1972 1588 2207 1646 Eurtivo.
2225 1586 2583 1654 mendacique
2615 1597 2848 1640 susurro
2912 1588 3143 1636 matrem
3176 1576 3339 1633 malis
3368 1574 3555 1644 impli-

1973 1682 2141 1748 casti;
2198 1678 2469 1734 modicum
2506 1674 2909 1747 aliquantulum
2958 1670 3183 1742 maligni
3233 1669 3310 1724 tui
3334 1667 3555 1723 consilii

1975 1773 2276 1829 mercedem
2303 1778 2577 1839 exspecta,
2619 1784 2784 1837 quam
2823 1764 3197 1834 consequeris,
3226 1777 3350 1817 cum
3389 1759 3567 1819 Filius.

1976 1861 2487 1919 immaculatissimo
2539 1867 2703 1930 partu
2754 1858 2810 1912 in
2856 1858 3031 1912 lucem
3084 1855 3278 1912 exibit.
3332 1850 3555 1906 Videbis

1977 1955 2144 2011 modo
2183 1968 2370 2010 revera
2412 1952 2618 2006 deitate
2645 1951 2911 2004 donatum
2941 1962 3066 2003 eum
3094 1962 3253 2015 quem
3293 1944 3422 1998 olim
3455 1943 3559 1997 im-

1977 2054 2202 2116 postura
2229 2043 2452 2098 deitatis
2480 2040 2851 2108 promissione
2874 2038 3161 2111 deludens,
3187 2051 3229 2092 a.
3246 2034 3431 2091 divitia
3463 2048 3560 2088 ex-

1976 2146 2181 2192 torrem
2228 2130 2624 2191 consuetudine
2695 2127 2973 2182 elfecisti:
3021 2140 3255 2193 eumque
3310 2124 3555 2186 livorem,

1978 2243 2086 2299 quo
2122 2242 2153 2282 a
2190 2223 2458 2297 principio
2490 2218 2821 2276 contabu'tsti
2848 2259 2864 2284 ,
2909 2216 3062 2286 ipso,
3102 2214 3363 2269 adversus
3395 2227 3557 2282 que-1n

1980 2319 2281 2390 parturisti.
2307 2327 2455 2371 tuum
2493 2313 2743 2371 calcante
2784 2316 2980 2381 caput,
3020 2305 3285 2377 ampliori,
3314 2312 3368 2361 te
3419 2313 3571 2361 aestu.

1978 2408 2354 2465 comedentcm
2387 2402 2636 2460 habebis.

2052 2529 2312 2608 Deitatem
2343 2539 2679 2601 muliercula:
2714 2537 3038 2610 suggessisti
3062 2538 3106 2603 ',
3136 2544 3297 2606 atque
3328 2550 3357 2589 a
3386 2536 3497 2589 vita
3527 2548 3559 2588 a

1981 2636 2218 2692 tristitiis
2246 2633 2416 2689 libera
2443 2631 2790 2695 abstrahens,
2812 2629 2978 2684 vitam
3024 2627 3335 2696 importasti
3386 2625 3558 2681 tristi-

1982 2729 2073 2783 tiis
2094 2727 2344 2796 plenam;
2373 2720 2573 2779 nedum
2607 2736 2717 2792 qua
2750 2721 3036 2777 innumera
3064 2721 3170 2773 alia
3194 2720 3336 2774 mala
3362 2718 3559 2773 buma-

1982 2832 2107 2874 nam
2154 2816 2515 2871 circumstant
2562 2814 2730 2869 vitam
2761 2856 2777 2880 ,
2814 2827 3003 2869 verum
3045 2811 3207 2866 etiam
3246 2811 3390 2880 quod
3424 2809 3557 2864 illud

1983 2910 2163 2978 ipsum
2196 2909 2341 2979 quod
2379 2907 2434 2961 in
2465 2905 2667 2960 laetitiae
2700 2910 3083 2974 argumentum
3115 2902 3312 2957 cedere
3341 2910 3559 2971 oporte-

1983 3000 2105 3065 bat,
2137 3009 2371 3054 exeunte
2403 2998 2623 3054 homine
2664 2997 2718 3051 in
2769 2995 2909 3051 lucis
2945 3009 3107 3048 auras
3137 3010 3164 3046 a
3198 2992 3558 3049 tcnebricosis

288 3084 661 3152 κτηνάμενος.
701 3085 791 3138 Ἐν
817 3086 927 3157 γὰρ
950 3085 1148 3150 λύπαις
1180 3086 1385 3141 τίκτειν
1425 3091 1492 3161 τῇ
1521 3090 1716 3162 βαρείᾳ
1754 3092 1877 3146 καθ’

1983 3094 2249 3146 viscerum
2285 3091 2518 3155 sinibus,
2549 3088 2785 3143 tristitia:
2832 3085 3080 3142 eﬂ'eceris
3120 3099 3361 3140 causam.
3394 3082 3556 3157 Gravi

286 3175 454 3242 ἡμῶν
485 3175 771 3245 ἀποφάσει
824 3178 1166 3249 προσέκειτο.
1207 3179 1370 3233 Ἀλλά
1405 3180 1502 3235 νῦν
1538 3183 1694 3247 τόκος
1723 3185 1882 3254 ἐμαι-

287 3265 428 3329 ειῖοη
461 3268 565 3333 τῆς
594 3267 849 3338 λυπηρᾶς
880 3270 1098 3341 κρατῶν
1124 3272 1474 3340 ἀποφάσεως,
1502 3275 1597 3327 καὶ
1627 3275 1726 3346 τὴν
1747 3294 1883 3348 χαρ-
1930 3327 1934 3332 .

292 3359 469 3428 μονὴν
487 3362 602 3422 τοῖς
647 3361 851 3432 πέρασι
895 3363 1198 3433 μνώμενος.
1226 3365 1532 3437 Διέσφηλας
1569 3368 1661 3421 τὸν
1690 3374 1880 3441 γενάρ·

289 3466 399 3522 χην
450 3449 716 3513 σκελίσας
747 3453 977 3523 γυναίῳ,
1006 3455 1100 3508 καὶ
1139 3456 1233 3510 τὸν
1280 3457 1601 3528 φθοροποιὸν
1634 3461 1734 3530 τῆς
1786 3463 1885 3531 σῆς

287 3541 616 3612 συμϐουλῆς
654 3543 812 3613 λόγον
845 3547 938 3599 ἐπὶ
982 3548 1136 3618 κακῷ
1167 3548 1245 3618 τῷ
1277 3549 1427 3619 σφῶν
1460 3550 1691 3616 ἔπεισας
1734 3553 1885 3617 δέξα-

289 3633 424 3686 σθαι
447 3649 463 3663 ³
501 3636 703 3707 ἐτέχθη
755 3637 968 3691 παιδίον
1016 3640 1147 3709 ἡμῖν
1182 3642 1283 3710 τῆς
1313 3642 1480 3713 αὐτῆς
1533 3643 1635 3711 μὲν
1668 3647 1734 3714 τῇ
1764 3642 1882 3714 Εὕα

288 3724 556 3787 πλάσεως
584 3766 600 3790 ,
632 3727 727 3779 τοῦ
759 3729 1069 3798 σφάλματος
1108 3730 1154 3783 δ’
1180 3731 1408 3803 αὐτῆςὴ
1437 3733 1757 3803 ἀνόρθωσις,
1786 3733 1880 3787 καὶ

290 3818 397 3886 τῆς
422 3818 523 3885 σῆς
543 3820 577 3888 ἡ
611 3820 833 3891 ἀφορμὴ
863 3820 1215 3893 πτερνίσεως,
1251 3819 1331 3887 οἷς
1359 3825 1452 3877 τὸν
1493 3824 1754 3890 ζωοποιὸν
1783 3822 1877 3878 τοῦ

288 3907 435 3960 Θεοῦ
458 3911 637 3978 Λόγον
666 3912 937 3983 ἀρρήτως,
974 3915 1067 3968 καὶ
1096 3914 1239 3986 ὑπὲρ
1264 3915 1390 3971 νοῦν
1419 3917 1752 3982 ὑποδέξεται.

1980 3199 2214 3254 namque
2244 3183 2318 3238 illi
2352 3182 2641 3237 adversum
2673 3194 2774 3236 nos
2805 3179 3097 3236 sententia?
3139 3188 3328 3247 partus
3357 3175 3409 3230 in
3453 3175 3559 3227 tri-

1981 3278 2145 3333 stitiis
2166 3275 2457 3344 adjunctus
2480 3282 2598 3329 erat
2620 3272 2661 3327 ἰ
2693 3271 2850 3326 Nunc
2878 3270 3158 3326 enimvero
3186 3277 3338 3338 partu
3367 3265 3556 3321 editur

1983 3386 2048 3426 ac
2084 3368 2382 3438 suscipitur
2414 3365 2625 3437 proles,
2673 3363 3047 3418 tristitiarum’
3072 3361 3395 3416 sententiam
3427 3356 3552 3431 vip-

1984 3477 2145 3526 cens,
2203 3459 2496 3532 gandiiqne
2544 3458 2767 3527 pignora
2818 3456 2969 3510 orbis
3028 3460 3298 3507 terrarum
3361 3447 3558 3502 ﬁnibus

1989 3553 2255 3622 pracbens.
2293 3547 2549 3603 Fefellisﬁ
2582 3547 2798 3614 generis
2830 3550 3108 3614 parentem
3129 3581 3143 3604 ,
3179 3554 3242 3593 ac
3278 3552 3375 3606 per
3401 3536 3557 3590 femi-

1988 3656 2112 3696 nam
2138 3638 2524 3709 supplanlasti.
2557 3639 2745 3704 tuique
2775 3632 2990 3689 consilii
3022 3629 3316 3684 exitiosum
3345 3640 3557 3680 sermo-

1988 3747 2112 3785 nem
2136 3733 2189 3784 in
2211 3746 2364 3783 suam
2391 3731 2632 3798 ipsorum
2662 3727 2958 3796 perniciem
3014 3723 3296 3791 suscipere
3329 3733 3557 3790 persua-

1985 3823 2103 3878 sisti
2139 3839 2154 3875 :
2201 3830 2256 3875 at
2296 3820 2455 3877 nobis
2493 3830 2622 3874 nata
2661 3831 2747 3877 est
2781 3820 2956 3890 puella
2995 3834 3060 3873 ex
3105 3813 3295 3871 eodem
3337 3811 3557 3882 quidem

1983 3923 2148 3985 atque
2176 3913 2300 3974 Eva.
2320 3912 2608 3982 ﬂginento;
2639 3928 2760 3984 quae
2785 3921 2964 3967 tamen
2999 3910 3123 3964 Eva:
3171 3904 3481 3963 cuiieiidatio
3502 3904 3560 3957 lit

293 4012 363 4052 ac
399 4013 571 4053 eausa
613 4013 671 4054 ut
712 4004 828 4072 ipse
865 4005 1268 4076 supplanteris,
1312 4024 1418 4078 qua
1465 4007 1742 4063 viviﬁcum
1785 4007 1880 4065 Dei
1911 4008 2232 4065 Sermonem
2292 4003 2548 4065 ineﬂ‘ahili
2635 4019 2699 4061 ac
2776 4005 2968 4073 majori
3026 4002 3267 4073 cogitatu
3349 3996 3560 4051 ratione

296 4103 635 4161 Susa-plura
668 4103 773 4150 est.

377 4230 604 4291 Ἄκουε,
637 4227 834 4299 γηραιὲ
888 4231 1172 4301 προπάτορ
1199 4269 1215 4295 ,
1269 4232 1364 4286 καὶ⁸
1411 4234 1548 4305 πρὸς
1597 4234 1885 4306 ἀμείνονας

302 4322 533 4385 ἐλπίδας
576 4322 846 4391 μετάθοι)⁸
885 4324 948 4376 οὐ
979 4324 1087 4394 γάρ
1131 4324 1215 4377 ἔτι
1254 4326 1557 4397 ἀϐοήθητος
1607 4329 1666 4380 ἐν
1708 4327 1884 4398 θλίψει

309 4414 401 4466 καὶ
423 4418 762 4486 στενοχωρίᾳ
786 4415 1084 4488 διαγενήσῃ
1101 4435 1115 4448 ·
1147 4417 1355 4488 ἐπέστη
1385 4419 1494 4490 γάρ
1521 4420 1590 4472 δι’
1611 4415 1679 4492 ἦς
1700 4422 1728 4473 ὁ
1752 4436 1885 4491 κρασ
1920 4447 1964 4499 υ

307 4506 457 4569 me;
481 4509 541 4563 ὲν
570 4507 746 4577 ἰσχύει
779 4507 976 4579 βοηθὸν
1022 4508 1325 4575 ὲξαπλώσει
1353 4514 1533 4582 χεῖρα,
1557 4513 1765 4581 καὶτῆς
1794 4529 1891 4565 τα-

307 4599 621 4669 λαιπωρίας
663 4599 943 4669 ἐξαγάγοι.
977 4602 1174 4656 Οἰκέτι
1208 4603 1355 4673 ἡδιὲ
1405 4602 1659 4674 βρώσεως
1701 4605 1878 4658 ἐπινε-

312 4690 524 4760 μομένη
556 4689 737 4763 φθορὰ
783 4692 844 4746 τὸ
894 4692 1016 4746 κατ’
1043 4695 1229 4749 εἰκόνα
1269 4694 1364 4749 τοῦ
1392 4695 1627 4751 πλάστου
1660 4695 1886 4766 πλάσμα

311 4782 619 4851 λωϐήσεται
642 4798 656 4813 ⁸
708 4784 738 4836 ὀ
776 4783 887 4854 γάρ
924 4784 1265 4856 Δημιουργδς
1301 4785 1522 4849 οίκείοις
1557 4786 1886 4856 σπλάγχνοις

276 4874 505 4955 ,ἑαυτὸν
562 4874 978 4944 παρακαλέσας,
1012 4876 1073 4928 τὸ
1121 4876 1278 4947 ἀγιον
1337 4876 1504 4931 αὐτοῦ
1543 4876 1885 4947 ὑπεστήσατο

260 4952 289 5007 ’ξ
314 4964 618 5033 σκήνωμα.
666 4965 764 5019 καὶ
823 4965 963 5035 μετὰ
1007 4965 1117 5019 τῶν
1166 4966 1567 5021 κατοικούντων
1599 4968 1657 5023 ὲν
1709 4966 1893 5040 φθορᾷ

312 5054 538 5126 γνώμην
556 5056 765 5110 τίθεται
791 5058 1326 5129 συναναστραφῆναι,
1351 5059 1440 5114 ἵνα
1462 5060 1729 5132 διαμείψῃ
1752 5060 1889 5129 πρὸς

311 5146 640 5217 ἀφθαρσίαν.
677 5146 1059 5217 ’Δλαλάξωμεν
1089 5146 1168 5218 τῷ
1199 5147 1342 5218 Θεῷ,
1375 5149 1458 5205 ὅτι
1498 5149 1596 5219 τῆς
1625 5149 1890 5220 πολυχροσ

311 5239 427 5295 visu
456 5237 770 5309 τυραννίδος
796 5239 829 5310 ἡ
862 5236 1105 5310 βαρύτης
1133 5239 1307 5311 ἀρχὴν
1352 5238 1618 5310 λαμὸάνει
1640 5240 1735 5293 τοῦ
1765 5240 1889 5293 ὲλα-

313 5329 650 5398 φρῦνεσθαι·
685 5329 887 5399 μᾶλλον
933 5329 980 5384 δ’
1006 5329 1033 5382 ό
1081 5330 1396 5399 ἀποστάτης
1440 5332 1519 5393 εἰς
1564 5332 1744 5399 φυγὴν
1786 5330 1882 5399 τὴν

313 5415 493 5483 δίωξιν
527 5417 851 5483 ἐναλλάξας,
880 5420 1158 5489 ἀναχωρεῖ
1183 5419 1463 5489 τύραννος,
1500 5419 1754 5486 ὀφθέντος
1786 5418 1880 5471 τοῦ

315 5505 593 5576 βασιλικυῦ
615 5508 917 5579 σκήπτρου.
939 5508 1134 5562 Οὐκέτι
1162 5508 1344 5579 χώραν
1368 5507 1556 5576 ἐφόδου
1580 5509 1699 5563 καθ’
1727 5510 1882 5580 ἡμῶν

383 5681 564 5764 ’Ucn.
610 5700 671 5739 ιιι
840 5685 859 5713 ⁸
890 5684 1021 5740 ibid.
1082 5684 1167 5740 l6.
1246 5684 1265 5715 ⁹
1296 5683 1427 5738 Lee.
1484 5684 1642 5750 1,69.

2014 4238 2021 4241 “
2061 4233 2225 4300 Audi,
2271 4246 2435 4288 senex
2486 4234 2820 4301 progenitor,
2865 4230 3029 4299 inque
3080 4243 3231 4298 spem
3280 4227 3557 4282 meliorem

1990 4323 2386 4379 transferaris:
2430 4335 2536 4375 nec
2574 4321 2720 4375 enim
2768 4319 2881 4388 jam
2933 4317 3136 4372 auxilio
3176 4317 3472 4372 destitutus
3503 4317 3559 4370 in

1992 4411 2285 4464 amictione
2309 4423 2372 4463 ac
2396 4409 2649 4476 angustia
2673 4421 2802 4475 ages
2828 4423 2841 4457 :
2877 4408 3078 4474 quippe
3107 4406 3253 4459 venit
3280 4419 3376 4471 per
3395 4418 3559 4473 quam

1993 4500 2150 4556 fortis
2174 4500 2265 4554 ille
2289 4499 2344 4552 in
2370 4500 2571 4552 virtute
2593 4496 2989 4551 auxiliatricem
3012 4493 3290 4561 explicans
3314 4508 3556 4556 manum,

1984 4591 2275 4648 amiseris
2315 4588 2516 4645 educat
2555 4603 2620 4642 ac
2666 4589 2878 4661 liberet.
2928 4585 3046 4640 Non
3078 4587 3217 4638 ultra
3248 4598 3343 4653 per
3373 4597 3556 4637 escam

1983 4683 2286 4755 depascens
2333 4682 2648 4753 corruptio,
2712 4679 2860 4752 quod
2901 4679 2969 4734 ad
3024 4676 3226 4733 lictoris
3272 4675 3557 4741 imaginem

1987 4775 2299 4847 ﬁgmentum
2324 4774 2604 4831 conditmn
2628 4783 2732 4833 est.
2757 4773 2943 4828 lazdet.
2985 4769 3248 4825 Conditor
3273 4765 3419 4821 enim
3442 4767 3559 4821 suis

1949 4862 1953 4868 ’
1982 4869 2099 4943 ipse
2120 4868 2428 4925 visceribus
2456 4875 2803 4939 provocatus,
2822 4862 3111 4919 consilium
3136 4859 3258 4926 init,
3281 4857 3556 4913 decernit-

1990 4976 2098 5031 que
2119 4974 2244 5022 cum
2267 4962 2619 5032 corruptione
2643 4957 2873 5020 versari,
2892 4970 3000 5026 quo
3018 4954 3071 5008 in
3091 4951 3556 5025 incorruptionem

1990 5060 2306 5109 commutet.
2324 5050 2626 5108 Jubilemus
2647 5052 2777 5113 Deo,
2801 5045 2943 5118 quod
2969 5046 3240 5105 diuturna:
3258 5040 3560 5115 tyrannidis

1989 5157 2153 5215 grave
2199 5158 2341 5203 onus
2378 5143 2491 5198 leve
2528 5141 2641 5197 ﬁeri
2673 5139 2917 5210 incipiat.
2949 5135 3062 5192 lmo
3094 5142 3339 5206 apostata
3372 5141 3559 5200 tyran-

1989 5248 2122 5299 nus,
2146 5249 2249 5305 pro.
2278 5248 2345 5289 eo
2384 5242 2442 5286 ut
2488 5238 2866 5302 persequatur,
2906 5226 3085 5296 fugam
3126 5223 3303 5278 iniens
3330 5219 3558 5283 recedit,

1991 5326 2082 5379 ubi
2110 5325 2291 5396 regale
2318 5320 2609 5392 conspexit
2636 5331 2931 5392 sceptrum.
2958 5315 3077 5371 Non
3107 5314 3341 5384 amplius
3364 5312 3560 5366 adver.

1991 5430 2111 5471 sum
2155 5429 2255 5469 nos
2287 5412 2576 5468 invadendi
2617 5411 2797 5465 locum
2830 5408 3107 5469 inveniet;
3149 5404 3380 5477 erigitur
3408 5401 3556 5458 enim

1993 5507 2151 5563 nobis
2189 5519 2361 5562 cornu
2402 5504 2658 5575 potentiae
2687 5501 2755 5561 de
2798 5502 2956 5561 domo
2986 5498 3220 5565 David’;
3247 5509 3441 5558 cornu,
3475 5491 3556 5547 iu-
3614 5516 3639 5533 ε
