3992 6204
319 622 342 664 ἑ.

373 305 457 381 ιιι

1624 311 1846 370 LEONI
1857 312 1897 370 S
1951 309 2056 370 ΡΠ
2073 307 2419 368 ILOSOI’HI

3579 297 3646 368 12

375 437 562 493 quam,
589 419 642 476 in
667 437 778 491 quo
798 437 986 478 eorum
1014 437 1210 489 cornu,
1241 419 1334 492 qui
1367 422 1638 480 hactenus
1668 423 1720 476 in
1758 422 1955 476 malitia

2068 421 2322 490 εὑρήσει·
2354 419 2630 489 ἐγείρεται
2659 415 2769 486 γὰρ
2799 415 2933 487 ἡμῖν
2982 414 3043 480 ἐξ
3074 416 3224 468 οἴκου
3273 412 3440 467 Δαϐὶδ
3477 414 3645 484 κέρας

380 513 649 570 dominati
675 522 828 580 sunt,
863 513 1259 569 conterendum
1292 523 1393 569 est.

448 695 776 763 Enimvero,
820 695 952 750 mihi
995 694 1164 750 David
1205 702 1546 764 opportunus
1594 693 1750 749 venis
1781 716 1792 748 -.
1827 708 1966 750 cane

377 805 507 846 vero
556 791 747 861 puellae
776 805 842 844 ex
877 789 985 845 luis
1012 787 1211 842 lumbis
1247 784 1444 856 genita
1471 803 1485 838 :
1515 800 1651 840 cane
1679 783 1964 839 dulcisoua

380 888 486 931 tum
506 876 786 946 sapientiae
827 876 1038 931 cantica
1064 915 1079 939 ,
1099 875 1538 944 sanctiﬁcationis
1567 891 1747 928 arcam
1774 875 1817 905 ⁸ο
1839 889 1967 929 sua-

377 969 518 1022 viter
548 967 868 1034 modulans;
899 967 1193 1037 gloriosam
1223 967 1370 1020 illam
1402 968 1457 1021 in
1477 967 1682 1037 [imbris
1714 967 1961 1030 aureis”;

382 1069 609 1113 montem
640 1061 696 1113 in
733 1077 835 1130 quo
866 1059 1251 1128 bettrplacitum
1279 1069 1356 1114 est
1403 1060 1701 1115 inhabitare
1729 1062 1783 1115 in
1812 1078 1871 1115 eo
1894 1063 1959 1125 ",

380 1152 618 1222 portanti
662 1168 822 1206 manu
868 1152 1155 1207 universos
1199 1152 1332 1208 ﬁnes
1383 1161 1563 1208 terras.
1604 1154 1716 1220 Age
1755 1163 1961 1220 autem,

381 1259 528 1298 nunc
558 1257 776 1314 quoque
799 1245 939 1298 salta
966 1258 1151 1299 coram
1180 1243 1361 1299 divina
1391 1260 1540 1311 arca,
1567 1245 1743 1301 saltus
1774 1247 1966 1316 utique

383 1336 454 1388 ab
474 1339 624 1388 omni
656 1335 861 1390 liberos
889 1335 1337 1404 reprehensione.
1377 1335 1532 1390 Brevi
1566 1337 1788 1407 quidem
1818 1348 1962 1408 post,

384 1427 779 1497 ingredientem
813 1429 864 1482 in
890 1427 1113 1495 Sancta,
1147 1443 1344 1499 pompa
1371 1428 1631 1494 deduces,
1659 1431 1961 1499 jucundam

382 1520 530 1574 illam
553 1521 969 1590 juveni-ularum
1003 1535 1347 1592 congregans
1369 1523 1665 1589 choreum;
1697 1523 1964 1579 hactenus

378 1620 585 1673 autem,
611 1621 706 1664 tuo
737 1612 911 1682 ipsius
936 1613 1099 1678 saltu,
1137 1613 1346 1669 honora
1388 1614 1558 1670 visam
1589 1615 1760 1669 illam.
1794 1614 1963 1671 Nemo

377 1701 525 1754 enim
555 1709 661 1768 est,
692 1703 785 1772 qui
822 1703 924 1758 hoc
955 1704 1177 1757 nomine
1201 1704 1600 1774 reprehendere
1627 1715 1952 1774 puesumat:

376 1807 540 1847 nemo
568 1793 745 1847 instar
773 1793 896 1848 lilia:
917 1793 1098 1850 Saulis
1130 1795 1356 1850 sinistra
1387 1795 1667 1851 voluntate
1700 1798 1956 1852 immittet

377 1884 620 1953 linguam
645 1887 715 1939 ¹³ε
744 1886 876 1955 quin
901 1887 1191 1942 universos
1218 1903 1306 1944 res
1329 1887 1645 1957 delectabit,
1672 1898 1785 1945 tum
1810 1892 1956 1961 quod

374 1975 661 2044 mysticam
708 1975 800 2032 Dei
848 1993 1034 2032 arcam
1083 1981 1344 2034 honorari
1379 1980 1619 2048 videant,
1656 1992 1770 2038 tum
1811 1983 1956 2053 quod

376 2064 506 2128 tibi,
548 2065 618 2119 ob
649 2066 768 2135 ejus
813 2074 993 2121 tecum
1031 2069 1508 2135 necessitudinem,
1561 2070 1678 2140 pari
1713 2073 1958 2128 exsulta-

374 2156 525 2210 tione
555 2157 965 2227 congaudeant,
1009 2157 1088 2214 En
1128 2159 1224 2214 tibi
1247 2169 1303 2217 et
1334 2159 1458 2217 linis
1489 2177 1677 2217 eorum
1714 2162 1957 2226 advenit,

373 2264 495 2317 cpta:
531 2249 894 2320 jurejurando
941 2256 1212 2322 promissa
1254 2263 1423 2308 sunt:
1467 2255 1559 2324 qui
1606 2271 1842 2326 namque
1889 2258 1958 2315 de

373 2339 560 2394 [metu
595 2343 800 2398 ventris
833 2343 888 2396 in
923 2344 1185 2397 saeculum
1223 2359 1389 2413 super
1417 2346 1569 2414 regni
1599 2346 1798 2400 solium
1841 2362 1958 2403 ses-

373 2448 538 2488 surus
561 2443 666 2500 est,
689 2451 719 2488 e
743 2433 992 2502 virginali
1014 2434 1127 2504 jam
1160 2434 1299 2490 solio
1335 2437 1577 2506 assurgit
1605 2437 1667 2490 ”.

439 2614 510 2668 At
535 2613 797 2684 tu,Virgo
829 2629 892 2668 ac
918 2613 1106 2682 Mater,
1135 2631 1255 2686 quae
1278 2616 1391 2671 haec
1420 2617 1712 2686 plurimum
1747 2621 1956 2676 distan-

371 2705 483 2768 tia,
533 2707 684 2760 unita
730 2708 784 2760 in
837 2716 888 2762 te
931 2708 1312 2776 ostendisti“;
1349 2722 1431 2776 tu,
1473 2711 1717 2782 inquam,
1763 2725 1956 2770 contra

369 2797 594 2868 quidem
635 2814 786 2868 spem
829 2808 979 2866 nata,
1003 2816 1236 2870 quaeque
1269 2803 1449 2857 altiori
1486 2818 1651 2873 supra
1689 2807 1954 2861 rationem

369 2899 531 2960 partu
565 2890 771 2960 prolem
807 2891 1064 2958 edideris,
1097 2909 1166 2948 ne
1197 2891 1396 2948 Filium
1427 2910 1492 2949 ac
1529 2895 1697 2950 Deum
1740 2898 1958 2968 placare

371 2981 638 3041 desieris,
679 2995 779 3051 pro
821 2979 1139 3036 haereditate
1170 2999 1332 3054 quam
1365 2985 1412 3039 ei
1446 2984 1609 3040 Pater
1637 2986 1824 3057 dedit;
1866 2991 1954 3045 cui

371 3073 537 3126 etiam
569 3089 669 3127 nos
715 3082 967 3142 pastores
1002 3074 1267 3144 praefecit,
1310 3084 1369 3130 ut
1405 3077 1474 3131 ab
1498 3079 1755 3137 omnibus
1792 3097 1953 3151 rapa-

372 3164 518 3217 cium
575 3164 877 3220 bestiarum
944 3167 1166 3223 insidiis
1223 3169 1428 3226 illa:sos
1478 3171 1792 3236 custodiat,
1842 3182 1954 3228 tum

371 3265 647 3326 quOIquot
688 3257 1011 3323 obscurum,
1070 3267 1184 3313 ltttn
1239 3267 1508 3331 quotquot
1561 3273 1845 3332 apertum,
1894 3280 1958 3320 ac

371 3347 517 3416 quod
572 3349 908 3420 oculisipsis
965 3350 1240 3418 videatur,
1307 3353 1613 3422 periculum
1679 3354 1952 3409 afferunt:

373 3439 692 3510 nutriatque
718 3456 782 3495 ac
812 3441 1028 3506 educet,
1063 3459 1208 3499 llltllc
1233 3444 1452 3514 quidem
1490 3446 1545 3500 in
1579 3446 1799 3516 pietatis
1823 3449 1947 3502 vivi-

373 3532 495 3591 ticis
531 3534 952 3593 mansionibus:
988 3535 1078 3590 ubi
1123 3545 1304 3592 autem
1348 3538 1477 3592 hinc
1521 3539 1758 3609 migrare
1791 3556 1955 3611 opor-

376 3624 564 3690 tuerit,
599 3625 926 3682 accumbere
961 3627 1126 3683 faciat
1148 3629 1200 3682 in
1239 3631 1435 3685 salutis
1459 3631 1616 3688 atriis
1645 3644 1812 3702 atque
1838 3640 1954 3687 sta-

372 3715 542 3781 bulis,
583 3718 676 3773 ubi
707 3720 896 3777 nullus
943 3722 1140 3788 timor,
1181 3724 1328 3778 nulla
1373 3731 1458 3780 est
1489 3725 1768 3792 turbatio,
1805 3726 1954 3780 nulla

372 3807 698 3862 insidiarum
745 3813 1060 3869 sollicitudo
1091 3834 1104 3869 :
1151 3817 1246 3870 sed
1277 3819 1460 3875 omnis
1498 3820 1774 3885 remissio,
1803 3828 1955 3874 tran-

372 3897 749 3970 quillitasque,
771 3910 936 3972 atque
959 3907 1294 3973 exsultatio;
1317 3925 1383 3962 eo
1405 3910 1551 3978 quod
1577 3910 1748 3977 ipsius
1780 3914 1954 3967 simus

373 3989 641 4058 populus.
698 3993 912 4062 solique
956 3997 1005 4050 ei
1048 3997 1278 4065 gloriam
1327 4012 1393 4050 ac
1435 3997 1813 4054 adorationcm
1857 4005 1953 4054 tri-

373 4078 628 4145 buamus,
666 4097 814 4137 nunc
841 4094 896 4139 et
923 4085 976 4138 in
1006 4089 1203 4141 saecula
1234 4090 1585 4144 sscculorum.
1621 4091 1815 4145 Amen.

992 4217 1250 4276 ORATIO
1286 4223 1347 4276 ll.

372 4325 441 4383 In
475 4341 715 4412 adnotavit
744 4333 942 4412 prolem
969 4334 1083 4412 _De_i_
1114 4335 1341 4392 Matrem
1363 4357 1582 4412 semper
1610 4342 1858 4412 virginem
1888 4359 1954 4398 ea:

438 4403 710 4524 flentibus
739 4405 931 4460 lumbis
962 4407 1013 4460 iu
1044 4407 1244 4464 Sancta
1301 4403 1585 4465 adductam
1619 4403 1773 4484 atque
1797 4414 1950 4467 oblu-

463 4488 571 4524 am.

463 4488 571 4527 am.

349 4713 365 4777 ξ
442 4739 704 4806 Qumnam
750 4738 854 4793 ista
875 4750 998 4808 quae
1043 4735 1288 4790 exoritur
1331 4736 1475 4790 velut
1507 4737 1682 4792 lilium
1717 4740 1758 4770 ¹⁶
1804 4738 1947 4794 inter

347 4833 578 4887 uncdias
609 4833 862 4887 humana:
901 4829 1246 4886 confusionis
1282 4831 1336 4886 in
1377 4831 1677 4886 vitiositate
1712 4831 1950 4901 spinas?

367 4925 502 4994 Quae
555 4941 709 4980 novae
745 4926 863 4981 ista:
907 4941 972 4981 ac
1009 4925 1242 4980 insolitae
1292 4925 1594 4996 primitias?
1630 4922 1748 4979 Non
1800 4925 1945 4978 enim

367 5027 667 5082 consuetzn,
712 5019 808 5072 sed
841 5034 964 5088 qttze
1007 5020 1282 5091 pneclara:
1343 5017 1658 5083 admodum,
1706 5031 1946 5071 summe-

364 5127 472 5181 que
503 5127 654 5166 norm
677 5110 987 5175 videantur,
1019 5123 1181 5183 atque
1204 5113 1256 5166 in
1291 5126 1490 5165 novum
1523 5110 1757 5164 tiiasimc
1782 5107 1942 5164 linem

367 5204 568 5273 templo
593 5212 1005 5259 consecrentur.
1051 5204 1312 5272 Quaenam
1355 5206 1456 5260 ista
1499 5203 1551 5258 in
1605 5203 1766 5274 ltcgis
1799 5203 1946 5273 pala-

368 5291 503 5346 tium
538 5309 661 5347 cum
695 5295 866 5364 gloria
902 5295 1152 5351 intrans?
1190 5296 1446 5362 Quaenam
1477 5292 1946 5364 verajuvencula-

367 5405 488 5444 rum
511 5391 731 5455 chorea,
760 5407 992 5458 quarum
1019 5392 1245 5449 honeste
1275 5393 1566 5449 admodum
1591 5393 1948 5446 circumstre-

305 5495 315 5501 ·
366 5489 528 5553 pcnte
557 5482 747 5546 choro,
784 5490 1044 5554 tanquam
1092 5485 1290 5540 decoro
1343 5486 1543 5541 amictu
1579 5500 1801 5557 sponsa,
1828 5484 1948 5537 laeta

1984 4223 2039 4282 D

2063 513 2377 582 δυνάμεως·
2412 511 2580 580 κέρας
2608 510 2666 562 ἐν
2695 501 2740 577 ᾧ
2763 509 3184 578 συντριϐήσεται
3219 504 3329 560 τῶν
3369 504 3534 576 μέχρι
3552 504 3648 559 νῦν

2064 603 2156 655 ἐπὶ
2181 601 2350 671 κακίᾳ
2380 599 2858 664 δυναστευσάντων
2888 597 2950 650 τὸ
2973 596 3160 665 κέρας.

2148 694 2310 748 Ἀλλά
2345 710 2434 764 μοι
2467 691 2635 746 Δαϐ“ιδ
2681 691 2762 754 εἰς
2797 688 2988 762 καιρὸν
3019 689 3204 758 ἥκεις·
3235 686 3329 740 καὶ
3359 680 3454 757 ᾆδε
3487 685 3554 755 τῇ
3586 685 3650 750 ἐξ

2065 792 2265 862 ὀσφύος
2307 785 2688 858 ἁποκυηθείσῃ
2742 782 3002 854 θυγατρί·
3033 778 3126 853 ᾇδε
3166 783 3268 849 τῆς
3319 780 3419 850 σῆς
3454 778 3648 848 σοφίας

2063 886 2133 938 τὰ
2197 880 2513 954 ήδύιρθογγα
2555 877 2806 950 ᾄσματα,
2859 873 2976 941 τὴν
3017 871 3268 926 κιϐωτὸν
3316 871 3648 942 ἀναμέλπων

2063 977 2172 1031 τοῦ
2209 972 2608 1043 ἀγιάσματος·
2646 968 2747 1040 τὴν
2792 966 3188 1035 δεδοξασμένην
3218 965 3343 1030 τοῖς
3393 963 3650 1033 χρυσοῖς

2065 1065 2438 1138 κροσσωτοῖς
2459 1080 2477 1099 ·
2510 1063 2579 1118 τὸ
2627 1063 2766 1130 ὄρος
2815 1059 2847 1114 ὃ
2885 1058 3186 1126 εὐδόκησα
3229 1055 3527 1110 κατοικεῖν
3574 1055 3650 1108 ἐν

2063 1159 2243 1226 αὐτῷ,
2277 1161 2306 1212 ὁ
2344 1159 2526 1228 φέρων
2549 1159 2618 1226 τῇ
2658 1153 2802 1226 χειρὶ
2841 1151 2912 1206 τὰ
2967 1151 3068 1220 τῆς
3111 1150 3210 1218 γῆς
3237 1148 3473 1219 πέρατα.
3508 1148 3649 1214 Ἀγε

2062 1253 2127 1322 δὴ
2153 1252 2248 1305 καὶ
2276 1249 2372 1304 νῦν
2408 1248 2701 1319 σκίρτησον
2731 1242 3043 1315 ἔμπροσθεν
3075 1242 3177 1310 τῆς
3205 1239 3356 1303 θείας
3384 1237 3647 1305 κιϐωτοῦ,

2066 1343 2344 1414 σκίρτημα
2367 1338 2576 1411 μὼμων
2607 1337 2911 1408 ἐλεύθερον,
2939 1333 3150 1406 Μικρὸν
3179 1333 3279 1404 μὲν
3295 1332 3390 1386 οὖν
3417 1331 3649 1403 ὕστερον

2065 1438 2144 1499 είς
2168 1435 2238 1489 τὰ
2265 1436 2429 1504 Ἅγια
2453 1431 2728 1501 εἰσιούσης
2779 1427 3248 1501 προπομπεύσεις,
3281 1430 3382 1498 τὴν
3407 1427 3650 1498 τερπνὴν

2065 1530 2284 1598 ἐκείνην
2335 1525 2446 1580 τῶν
2493 1523 2753 1582 νεανίδων
2805 1520 3072 1576 συνιστῶν
3123 1518 3373 1591 χορείαν·
3407 1518 3543 1581 τέως
3586 1516 3647 1571 δὲ

2065 1619 2160 1673 νῦν
2187 1618 2264 1688 τῷ
2299 1617 2423 1671 καθ’
2457 1615 2622 1670 αὑτὸν
2648 1613 2871 1682 ἅλματι,
2903 1610 3135 1681 τίμησον
3163 1609 3422 1677 ὀφθεῖσαν
3449 1608 3641 1677 αὐτήν.

2065 1710 2141 1766 Οὐ
2173 1711 2283 1782 γάρ
2315 1710 2464 1762 ἐστιν
2505 1709 2534 1758 δ
2560 1703 2838 1761 ἐπὶτοῦτο
2875 1701 3200 1773 θρασυνθείη
3239 1699 3643 1770 μωμήσασθαι·

2060 1804 2234 1866 οὐδεὶς
2261 1800 2405 1855 κατὰ
2430 1801 2490 1853 τὸ
2521 1798 2694 1852 Σαοὺλ
2723 1797 3016 1866 θυγάτριον
3052 1793 3305 1862 γλῶσσαν
3365 1793 3640 1861 ἐπαφήσει

2059 1895 2256 1968 γνώμῃ
2280 1895 2381 1947 οὐκ
2403 1892 2537 1963 ὀρθῇ
2565 1889 2890 1959 κινουμένην
2906 1904 2920 1916 ·
2950 1886 3067 1942 ἀλλ’
3087 1885 3418 1955 ἡσθήσονται
3437 1899 3454 1916 ·
3483 1883 3642 1936 τοῦτο

2063 1986 2163 2056 μὶν
2223 1986 2324 2056 τὴν
2361 1983 2632 2054 μυστικὴν
2687 1980 2781 2033 τοῦ
2838 1978 2974 2031 Θεοῦ
3041 1976 3276 2030 κιϐωτὸν
3323 1974 3644 2044 τιμωμένην

2060 2077 2323 2150 ὁρῶντες·
2357 2074 2515 2129 τοῦτο
2552 2074 2610 2127 δὲ
2670 2071 2764 2126 καὶ
2798 2071 2883 2124 σοὶ
2918 2069 3006 2123 διὰ.
3031 2068 3130 2140 τὴν
3178 2067 3317 2139 πρὸς
3357 2066 3529 2137 αὐτὴν
3561 2067 3644 2118 oi-

2061 2171 2317 2239 κειότητα
2352 2165 2837 2235 συναγσλλόμενοι.
2871 2162 2978 2216 Ἴδε
3006 2179 3090 2215 σοι
3117 2161 3212 2213 καὶ
3241 2159 3302 2212 τὸ
3327 2160 3498 2228 πέρας
3528 2156 3646 2210 τῶν

2057 2261 2466 2335 ὀμωμοσμένων
2515 2257 2896 2330 παρέστηκεν·
2971 2256 3036 2309 ἐκ
3092 2254 3312 2325 καρποῦ
3371 2252 3481 2322 γὰρ
3540 2252 3646 2319 τῆς

2059 2355 2269 2419 κοιλίας
2319 2354 2349 2406 ὁ
2397 2352 2609 2423 μέλλων
2658 2353 2740 2415 εἰς
2769 2349 2860 2404 τὸν
2899 2349 3073 2403 αἰῶνα
3119 2345 3366 2400 καθίσειν
3414 2343 3506 2396 ἐπὶ
3546 2342 3643 2397 τὸν

2059 2449 2248 2520 θρόνον
2300 2448 2397 2518 τῆς
2429 2444 2731 2517 βασιλείας,
2778 2443 2880 2514 ἤδη
2935 2440 3030 2496 τοῦ
3069 2437 3402 2513 παρθενικοῦ
3449 2435 3640 2508 θρόνου

2059 2543 2364 2596 ἀνίσταται.

2141 2634 2305 2701 Ἀλλ’,
2333 2628 2378 2687 ὦ
2407 2631 2649 2702 Παρθένε
2677 2630 2770 2683 καὶ
2800 2628 3024 2700 Μήτηρ,
3054 2631 3089 2700 ἡ
3120 2627 3189 2682 τὰ
3220 2626 3353 2679 πολὺ
3380 2622 3645 2678 διεστῶτα

2059 2727 2254 2791 ταῦτα,
2288 2724 2548 2796 ἡνωμένα
2595 2723 2687 2776 ἐπὶ
2736 2722 2820 2775 σοὶ
2865 2720 3118 2788 δείξασα·
3151 2722 3186 2790 η
3243 2718 3371 2788 παρ’
3422 2713 3644 2776 ἐλπίδας

2063 2818 2162 2886 μὲν
2186 2817 2462 2887 τεχθεῖσα,
2492 2813 2632 2886 ὑπὲρ
2677 2812 2836 2880 λόγον
2867 2809 2924 2864 δὲ
2971 2808 3231 2875 τεκοῦσα,
3270 2807 3362 2861 τὸν
3393 2805 3520 2859 Υίὸν
3548 2803 3646 2857 καὶ

2060 2906 2193 2960 Θεὸν
2223 2905 2505 2974 ίλεουμένη
2542 2901 2618 2973 μὴ
2648 2900 2930 2973 διαλίπῃς,
2966 2897 3108 2968 ὑπὲρ
3140 2891 3206 2968 ἧς
3232 2895 3432 2950 ἔδωκεν
3459 2895 3487 2946 ὁ
3524 2893 3644 2945 [Ια-

2059 2998 2165 3069 τὴρ
2194 2995 2342 3068 αὐτῷ
2363 2993 2731 3068 κληρονομίας
2749 3009 2762 3023 ·
2781 2986 2851 3065 ἧς
2879 2990 2973 3046 καὶ
2993 2991 3127 3062 ἡμῖν
3151 2989 3252 3060 τὴν
3275 2985 3646 3058 ποιμαντικὴν

2061 3089 2386 3142 ἐπιστασίαν
2424 3084 2760 3156 ἐπέτρεψεν·
2799 3081 3166 3153 φυλάττεσθαι
3217 3079 3318 3152 μὲν
3359 3078 3648 3149 κρείττους

2061 3179 2353 3250 ἐπιϐουλῆς
2386 3178 2494 3232 τῶν
2531 3176 2797 3248 ἁρπάγων
2828 3173 3055 3245 θηρίων,
3080 3173 3195 3225 ὅσοι
3225 3186 3286 3223 τε
3324 3168 3525 3239 ἀφανῆ,
3549 3167 3649 3222 καὶ

2059 3276 2174 3328 ὅσοι
2194 3273 2471 3343 ὁρώμενον
2502 3272 2734 3343 φέρουσι
2767 3266 3040 3322 κίνδυνον·
3064 3266 3218 3334 ἄγειν
3246 3263 3302 3316 δὲ
3330 3263 3426 3316 καὶ
3457 3259 3650 3330 ἐκτρέ-

2061 3383 2183 3432 φειν
2208 3365 2302 3420 νῦν
2324 3365 2424 3434 μὲν
2439 3363 2532 3417 ἐπὶ
2551 3363 2649 3426 τὰς
2670 3360 2989 3432 ζωηφόρους
3002 3358 3098 3426 τῆς
3117 3353 3399 3416 εὐσεϐείας
3436 3349 3604 3422 μονάς
3629 3366 3646 3380 ·

2061 3457 2282 3511 ἐπειδὰν
2309 3455 2354 3508 δ’
2392 3453 2605 3508 ἐκεῖθεν
2650 3448 3050 3524 μεταφοιτῆσαι
3079 3448 3209 3511 δέοι,
3241 3447 3320 3509 είς
3341 3444 3442 3507 τὰς
3472 3457 3653 3511 σωτη-

2063 3547 2212 3617 ρίους
2243 3545 2498 3607 ἐπαύλεις
2521 3541 2924 3596 διαναπαῦσαι·
2973 3538 3036 3594 οὔ
3081 3537 3245 3608 φόϐος
3271 3535 3468 3597 οὐδεὶς,
3522 3530 3653 3586 οὐδὲ

2060 3639 2325 3708 τάραχος,
2350 3636 2458 3690 οὐδ’
2497 3633 2789 3703 ἐπιϐουλῆς
2847 3633 3121 3704 μέριμνα·
3183 3630 3333 3682 πᾶσα
3375 3627 3419 3680 δ’
3463 3625 3653 3687 ἄνεσις

2061 3731 2155 3784 καὶ
2176 3727 2448 3800 ἀταραξία
2490 3727 2586 3780 καὶ
2617 3723 2937 3794 ἀγαλλίασις
2955 3741 2970 3754 ·
2998 3725 3082 3776 ὅτι
3104 3719 3269 3775 αὑτοῦ
3295 3722 3461 3789 ἐσμεν
3494 3717 3648 3784 λαὸς,

2061 3821 2157 3875 καὶ
2208 3818 2356 3890 αὑτῷ
2402 3819 2550 3889 μόνῳ
2581 3819 2679 3888 τὴν
2743 3815 2901 3883 δόξαν
2963 3815 3061 3868 καὶ
3124 3811 3222 3884 τὴν
3274 3807 3650 3882 προσκύνησιν

2063 3915 2332 3984 φέρομεν·
2391 3913 2486 3966 νῦν
2537 3911 2633 3965 καὶ
2689 3911 2769 3974 είς
2814 3909 2940 3970 τοὺς
2992 3907 3196 3970 αἰῶνας
3259 3904 3370 3960 τῶν
3406 3901 3647 3958 αἰώνων.

2077 4007 2136 4058 ’Δ
2145 4009 2270 4076 μην.

2687 4229 2906 4282 ΛΟΓΟΣ
2945 4226 3019 4282 B'.

2064 4349 2167 4412 Εἰς
2196 4345 2311 4418 τὴν·
2335 4347 2404 4401 ἐκ
2449 4344 3148 4418 στειρωτικῶν-λαγόγωτς
3178 4336 3651 4418 προσαγομένης

2132 4411 2220 4480 eli;
2252 4411 2324 4470 τὰ
2353 4418 2516 4485 Ἅγια
2533 4411 2709 4486 ἀξίαν
2738 4411 3089 4486 τονὴν,ήτήν
3117 4411 3508 4476 ἀειπάρθενον
3536 4411 3649 4461 τοῦ

2139 4487 2286 4542 Θεοῦ
2318 4486 2576 4555 Μητέρα.

1623 4625 1932 4690 (COMBEFIS.
1970 4625 2005 4676 ι.
2037 4638 2085 4678 c.
2115 4640 2168 4694 p.
2209 4623 2346 4678 1619
2376 4624 2394 4692 )

2127 4741 2222 4805 Τίς
2252 4739 2393 4810 αὕτη
2438 4739 2472 4810 ἡ
2515 4735 2880 4790 ἀνατέλλουσα
2927 4733 3004 4797 ὡς
3049 4729 3233 4803 κρίνον
3263 4732 3318 4784 ἐν
3351 4731 3499 4801 μέσῳ
3527 4728 3645 4782 τῶν

2055 4831 2313 4896 ἀκανθῶν,
2334 4831 2434 4900 τῆς
2460 4829 2808 4898 ἀνθρωπίνης
2851 4827 2910 4879 ἐν
2938 4824 3107 4894 κακίᾳ
3151 4823 3495 4892 συγχύσεωςς
3541 4820 3648 4885 Τίς

2053 4922 2191 4996 αὕτη
2237 4923 2270 4992 ἠ
2319 4921 2598 4987 ξενίζουσα
2629 4917 2888 4988 ἀπαρχής
2939 4915 3014 4968 Οὐ
3053 4913 3162 4984 γὰρ
3207 4911 3464 4982 συνήθης,
3501 4909 3644 4964 ἀλλὰ

2052 5016 2352 5070 καλλίστων
2393 5013 2599 5066 ἐοικυῖα
2637 5010 2730 5063 καὶ
2773 5007 3126 5071 καινοτὰτων,
3167 5005 3260 5057 ἐπὶ
3302 5003 3648 5066 καινοτάτοις

2048 5107 2124 5178 τῷ
2158 5105 2286 5176 ἱερῷ
2331 5104 2670 5174 ἀφορίζεται.
2712 5101 2808 5164 Τίς
2838 5101 2872 5171 ἠ
2913 5099 3050 5169 μετὰ
3076 5097 3237 5166 δόξης
3273 5096 3410 5165 πρδς
3451 5095 3512 5146 τὺ
3541 5092 3643 5146 τοῦ

2054 5200 2326 5262 Βασιλέως
2383 5197 2683 5266 ἀνάκτορον
2735 5190 3152 5256 είσελαύνουσας
3210 5189 3308 5252 Τίς
3357 5189 3404 5241 δ’
3447 5187 3480 5257 ἡ
3532 5185 3644 5237 τῶν

2055 5294 2307 5349 νεανίδων
2331 5291 2538 5363 χορεία,
2564 5285 2651 5352 αἶς
2683 5287 2828 5357 μάλα
2855 5284 3066 5356 σεμνῶς
3091 5301 3157 5336 πε
3169 5281 3516 5355 ριηχονμένη,
3548 5270 3642 5332 οἷα

2056 5390 2242 5459 νύμφη
2277 5383 2570 5453 εὐπρεπῶς
2605 5380 2958 5450 ἐστολισμένη
2988 5379 3127 5448 πρὸς
3161 5377 3252 5430 τὸν
3282 5373 3542 5444 νυμφῶνα
3580 5372 3642 5426 ἐν

2057 5479 2374 5549 φαιδρότητι
2411 5471 2800 5543 παραγίνεται;
2839 5470 2882 5522 Τ
2889 5469 2933 5532 ίς
2963 5465 3099 5536 αὕτη
3125 5462 3195 5538 ἧς
3225 5466 3282 5518 ἐν
3310 5461 3640 5519 ταπεινώσει

439 5683 481 5714 ¹⁰
506 5680 652 5738 l‘sal.
681 5698 863 5754 cxm,
898 5683 947 5736 8.
1030 5688 1065 5716 ¹¹
1097 5686 1236 5742 l‘sa'.
1271 5704 1413 5754 xm,
1438 5689 1452 5740 l
1477 5691 1516 5743 i.
1601 5690 1640 5721 ι’
1677 5685 1818 5742 Psal.
1849 5700 1948 5740 ιλιι

2073 5681 2152 5738 l7.
2236 5683 2274 5715 ⁸³
2299 5679 2339 5735 ιι
2382 5679 2511 5746 Reg.
2543 5693 2615 5742 γε,
2647 5675 2728 5731 16.
2767 5751 2770 5754 λ
2809 5672 3021 5730 “Psal.
3053 5685 3238 5736 cxxxt,
3265 5669 3341 5723 ll.
3424 5666 3633 5722 "l‘sai.

364 5768 426 5821 tt,
453 5756 506 5810 8.
537 5817 547 5822 δ
584 5754 629 5786 ⁵⁸
655 5751 791 5808 Cum
850 5769 907 5822 It,
939 5755 994 5810 2.
