4070 6210
358 249 432 314 l3
1132 255 1414 316 ORATIO
1452 258 1536 320 ll.
1574 283 1643 294 -
1682 257 1769 318 ΙΝ
1805 259 1871 317 Β.
1912 258 1947 317 Ν

2050 260 2177 319 uas
2215 261 2944 327 PfleSENTATmNEM.
3563 267 3661 352 tat.

356 385 389 421 τ
436 385 464 426 ς
493 366 776 434 ἡμετερας
805 364 1062 434 ἐσχατιᾶς
1092 362 1392 435 ὡσφράνθη
1418 365 1728 436 τὸίμάτιον
1750 365 1848 436 τῆς
1873 365 1947 419 εὐ·

2069 367 2122 420 in
2159 369 2460 424 thalamum
2503 371 2691 426 venit?
2738 370 2998 438 Quaenam
3033 373 3157 442 ista,
3197 376 3358 446 cujus
3383 377 3435 433 in
3469 379 3656 436 humi-

351 458 526 520 ωδίας
561 455 673 508 τῶν
704 454 920 525 ἀρετῶν
947 455 1047 523 τῆς
1081 453 1298 523 στολῆς,
1327 456 1356 506 ὁ
1385 456 1600 526 ἀπείρῳ
1629 454 1753 524 ὕψει
1785 455 1959 525 ὑπερ-

353 545 760 615 αναεεὸηκὼς;
820 545 917 608 Τίς
964 543 1105 616 αὕτη
1150 545 1184 615 ή
1231 544 1446 614 άληθῶς
1473 545 1583 598 τῶν
1612 545 1961 612 τιμιωτάτων

353 640 626 709 ampli];
674 640 836 708 Ἀρτι
885 637 996 708 γὰρ
1045 639 1078 707 ἡ
1127 637 1215 691 διά
1263 639 1509 710 κατάραν
1563 641 1958 712 άκανθοφόρος,

350 725 503 799 πρὸς
553 731 616 784 τὸ
673 731 908 801 εῦφορον
961 730 1363 801 μεταϐαλοῦσα,
1414 733 1510 785 καὶ
1559 734 1772 804 καρπὸν
1805 737 1960 804 ἐνεγ-

347 825 555 890 κοῦσα,
582 824 646 878 οὐ
674 823 818 878 κατά
845 823 947 894 τὴν
974 823 1182 894 συνήθη
1211 823 1460 895 πικρίαν,
1489 825 1626 880 ἀλλὰ
1643 826 1958 898 γλυκασμδν

309 916 318 944 ³
351 916 618 984 εὐλογίας
654 915 1013 985 ἐμφαίνοντα,
1048 915 1126 978 ὡς
1172 915 1391 985 ἔντιμον
1433 918 1692 989 ἀπαρχὴν
1736 920 1958 990 εὐχαρι-

351 1009 568 1061 στοῦσα
597 1007 678 1078 τῷ
707 1006 1018 1080 καρποδότῃ
1066 1009 1245 1076 φέρει.
1291 1007 1441 1080 Δῦτη
1491 1010 1706 1081 άληθῶς
1734 1013 1767 1080 ἡ
1817 1029 1956 1082 νυμ-

348 1102 528 1170 φικὴν
560 1099 1018 1155 καταπλουτοῦσα
1052 1100 1388 1171 εὐπρέπειαν
1420 1103 1514 1155 καὶ
1546 1101 1681 1171 πρὸς
1715 1103 1955 1174 Νύμφην

343 1195 451 1248 τοῦ
478 1194 824 1262 Μονογενοῦς
851 1193 1227 1264 ὲξειλεγμένη.
1263 1194 1362 1248 Διὰ
1389 1194 1548 1248 τοῦτο
1574 1195 1669 1248 καὶ
1703 1194 1837 1266 πρὸς
1865 1195 1956 1250 τὸν

346 1289 505 1341 θεῖον
537 1287 807 1356 νυμφῶνα
851 1287 992 1358 μετὰ
1026 1287 1317 1356 Θειότητος
1355 1287 1610 1357 ὲνδημεῖ·
1660 1289 1692 1358 ὴ
1724 1288 1780 1342 δὲ
1815 1289 1954 1361 καλὴ

344 1379 466 1431 τῶν
511 1377 773 1431 νεανίδων
815 1377 1042 1449 χορεία’
1096 1377 1256 1432 τοῦτο
1293 1379 1412 1448 μὲν,
1453 1379 1836 1448 προπομπεύει
1869 1399 1954 1434 τι-

349 1470 553 1540 μῶσαι
618 1467 780 1522 τοῦτο
832 1468 890 1522 δὲ
935 1465 1024 1521 οἷα
1075 1467 1330 1538 παρθένοι
1382 1471 1450 1541 τῇ
1505 1469 1768 1542 Παρθένῳ
1823 1488 1953 1526 συνο

345 1561 600 1633 ήδονται.

430 1742 493 1794 Τί
521 1742 578 1795 δὲ
613 1744 815 1814 ἡμεῖς
846 1738 974 1813 Ἀρ·
1001 1736 1094 1798 οὖν
1125 1743 1318 1814 μόναις
1354 1743 1672 1816 παρήσομεν
1694 1745 1815 1807 ταῖς
1845 1760 1951 1799 κα-

345 1836 472 1897 ὶαῖς
509 1835 720 1888 νεάνισι
769 1835 868 1904 τῆς
909 1834 1054 1888 οὕτω
1100 1835 1252 1898 θείας
1306 1837 1663 1908 κατατρυφᾷν
1715 1835 1950 1906 ἠδονῆςῖ

342 1928 472 1979 ουδὲ
508 1926 630 1990 ἐξὸν
655 1928 788 1996 ἡμῖν
821 1929 1232 1997 συμμετασχεῖν
1265 1927 1364 1996 τῆς
1391 1926 1630 1998 χορείας,
1659 1926 1780 1980 οὐδὲ
1814 1927 1951 1980 ἀπο·

343 2019 541 2070 λαύειν
592 2017 696 2086 τῆς
747 2016 1130 2088 εὐφροσύνης;
1201 2016 1269 2070 ’Π
1318 2015 1802 2086 συνεπιληψόμεθα
1856 2016 1951 2069 καὶ

352 2108 826 2179 συνδιαπλέξομεν
848 2107 947 2179 τὴν
968 2107 1270 2179 εὐφημίαν,
1305 2107 1400 2160 καί⁵
1425 2107 1524 2177 τῆς
1547 2108 1700 2177 ἱερᾶς
1727 2106 1951 2177 πορείας

352 2201 894 2272 συμμετασχήσομεν
933 2238 950 2264 ,
1011 2201 1229 2268 ἐκείνην
1289 2215 1348 2252 τε
1399 2193 1479 2262 οἷς
1525 2197 1950 2270 λειτουργοῦμιν

347 2293 644 2362 τιμῶντες,
668 2293 762 2345 καὶ
786 2293 918 2362 ἡμῖν
939 2291 1124 2354 αὐτοῖς
1146 2289 1498 2361 χαριούμενοι
1519 2307 1535 2356 ;
1569 2291 1820 2346 Μάλιστα
1848 2291 1949 2363 μὲν

346 2387 456 2455 γὰρ
487 2385 637 2438 ὅσιον
666 2386 735 2455 τῇ
771 2382 1035 2454 Παρθένῳ
1063 2382 1133 2436 τὰ
1162 2385 1243 2446 είς
1277 2382 1442 2454 τιμὴν
1487 2382 1791 2436 συντελεῖνο
1827 2387 1876 2437 εί
1901 2383 1946 2438 δ’

342 2483 452 2548 ἀρα
479 2496 532 2530 τι
553 2478 650 2532 καὶ
670 2481 805 2548 ἡμῖν
837 2477 1098 2546 μετέσται
1125 2474 1284 2546 δόξης
1317 2470 1402 2540 οἷς
1431 2475 1615 2545 ἐκείνη
1641 2474 1946 2545 δοξάζεται,

344 2575 440 2625 καὶ
462 2571 624 2625 τοῦτο
645 2571 705 2625 δὲ
730 2570 1069 2633 σκοποῦντας
1091 2586 1105 2602 ⁸
1147 2568 1571 2640 συναπαρτίξειν
1595 2571 1694 2638 τὴν
1721 2571 1946 2642 χορείαν

345 2664 439 2714 καὶ
487 2662 581 2715 τὸν
632 2661 874 2724 ἔπαινον,
926 2659 1169 2728 εὔλογον.
1223 2659 1446 2722 Πάντως
1481 2659 1537 2713 δὲ
1569 2660 1668 2712 οὐκ
1708 2661 1944 2735 ἀκερδὴς

343 2757 484 2823 ἡμῖν
510 2754 669 2806 ἔσται
710 2754 744 2823 ἡ
780 2751 1154 2822 ἐπιχείρησις’
1199 2750 1316 2805 ἀλλ’
1344 2746 1426 2810 οἷς
1457 2749 1632 2823 ταύτῃ
1663 2751 1822 2823 δόξης
1858 2753 1947 2806 εύ-

347 2849 605 2918 πορήσει,
643 2847 740 2900 καὶ
769 2846 904 2918 πρὸς
931 2848 1081 2917 ἡμᾶς
1114 2846 1185 2898 τὰ
1227 2844 1439 2898 ἐκεῖθεν
1487 2843 1662 2915 σεμνά
1689 2844 1941 2915 διακομιε-

347 2939 632 3008 σθήσεται.
684 2933 781 3000 οἷς
826 2935 968 3004 αὕτη
993 2935 1068 3000 ὡς
1103 2933 1401 3005 πολύτιμον
1426 2933 1601 3002 δῶρον
1633 2933 1939 3003 ἐκλέγεται,

343 3032 448 3100 τῆς
473 3029 563 3083 ἐπ’
593 3029 734 3099 αὐτῇ
763 3026 1137 3098 κερδανοῦμεν
1165 3025 1498 3096 φιλοτιμίας.
1527 3023 1691 3079 ’Λλλὰ
1713 3024 1818 3078 ποῦ
1849 3044 1940 3096 μοι

343 3119 423 3180 ὧν
456 3124 517 3177 τὸ
551 3121 851 3192 πολύτιμον
899 3121 1102 3192 εὑρέθη
1150 3119 1324 3190 δῶρον
1351 3136 1366 3185 ;
1421 3117 1533 3172 Ποῦ
1564 3119 1644 3185 δὲ,
1676 3113 1751 3173 ὧν
1783 3122 1817 3192 ὴ
1851 3139 1947 3192 με-

342 3215 488 3284 γάλη
508 3213 650 3284 αὕτη
681 3212 945 3282 εὐκληρία
973 3227 993 3275 ;
1019 3209 1212 3274 Καλῶς
1241 3209 1349 3281 γὰρ
1379 3210 1493 3280 ἔχει
1523 3211 1771 3282 πρώτους
1806 3213 1953 3266 ὲκεί-

342 3325 460 3372 νοις
511 3306 929 3376 περιτυχόντας,
967 3303 1109 3356 οὕτω
1157 3305 1223 3374 τῇ
1287 3302 1517 3373 θυγατρὶ
1563 3305 1952 3374 συνευφραίνε-

347 3402 498 3454 σθαι.
557 3399 712 3468 ’Λμα
762 3397 818 3450 δὲ
853 3399 948 3450 καὶ
985 3396 1116 3465 παρ’
1146 3393 1328 3449 αὐτῶν
1356 3393 1502 3458 είκὸς
1543 3395 1807 3464 ἐκμαθεῖν
1847 3395 1945 3466 τῆς

347 3491 634 3564 χαρμονῆς
664 3489 764 3562 τὴν
791 3489 1072 3543 ὑπόθεσιν.

417 3671 557 3740 Φέρε
585 3669 674 3739 δὴ,
706 3669 756 3722 οί
785 3669 885 3737 τὴν
916 3666 1084 3738 καλὴν
1115 3666 1278 3720 ὠδῖνα
1316 3668 1521 3739 ταύτην
1551 3671 1863 3740 λυσάμενοι,
1895 3674 1952 3726 οἴ

341 3763 494 3824 τινές
518 3760 650 3814 ποτέ
680 3760 828 3822 ἐστε,
857 3758 1149 3822 κοινωνοὺς
1180 3759 1326 3827 ἡμᾶς
1356 3759 1453 3826 τῆς
1484 3760 1825 3831 εὐφροσύνης
1854 3764 1946 3816 καὶ

342 3857 448 3924 τῆς
475 3856 568 3907 ἐπὶ
594 3852 676 3921 τῷ
699 3850 975 3921 θυγατρίῳ
1000 3849 1361 3921 χοροστασίας
1390 3849 1594 3918 ἄγοιτε.
1622 3850 1687 3902 Τί
1708 3852 1764 3904 δέ
1785 3869 1799 3917 ;
1823 3853 1946 3908 Τῶν

342 3943 558 3995 ὠδίνων
584 3941 1076 4010 εὐχαριστήσοντες
1105 3939 1302 3993 άπιτεο
1331 3938 1507 3993 ταῦτα
1532 3939 1597 4011 δὴ
1616 3940 1685 3996 τὰ
1714 3944 1942 4014 συνήθη,

343 4036 446 4088 καὶ
473 4033 572 4104 τὴν
604 4033 884 4104 θυγατέρα
911 4035 1032 4094 ταῖς
1068 4033 1243 4104 ἱεραῖς
1271 4031 1514 4096 τελεταῖς
1545 4030 1633 4087 οἷα
1661 4035 1726 4106 δὴ
1764 4053 1942 4108 σφρα-

343 4129 497 4193 γῖσιν
553 4121 1084 4193 ἐπισημαινούμενοι
1116 4135 1130 4150 ⁸
1188 4119 1256 4194 ἧς
1310 4123 1410 4193 τὴν
1468 4124 1707 4195 βλάστην
1757 4127 1945 4198 εὐχαῖς

342 4217 782 4288 ἐγεωργήσατε,
815 4215 1020 4286 ταύτης
1075 4215 1172 4285 τὴν
1227 4215 1455 4286 αὔξησιν
1511 4219 1608 4272 καὶ
1667 4219 1945 4276 τελείωσιν

2067 456 2218 512 litate
2268 459 2467 516 inlima:
2513 469 2717 516 nostra:
2755 461 3106 530 ahjcctionis,
3141 480 3309 522 Suave
3351 469 3652 538 fragrantis

2064 549 2329 604 virtutum
2387 551 2544 605 stola:
2612 551 2994 607 indumentum
3050 553 3314 611 odoratus
3381 565 3502 625 cst,
3562 561 3664 628 qui

2065 640 2333 696 immensa
2383 643 2637 698 celsitate
2669 643 2943 699 universis
2973 646 3180 701 eminet
3210 647 3233 700 ?
3275 647 3536 713 Qumuam
3574 650 3658 705 ha:

2062 745 2190 784 vere
2223 732 2750 800 pretiosissimarum
2785 749 2967 788 reruut
3010 736 3266 804 primitia:
3294 740 3317 790 ζ’
3344 735 3465 792 .lam
3503 739 3654 793 enim

2060 840 2181 895 quae
2214 834 2438 896 propter
2465 826 2618 883 diras
2653 827 2935 897 spinarum
2975 829 3126 884 ferax
3159 838 3298 895 erat,
3334 832 3388 886 in
3434 830 3665 902 frugum

2062 913 2299 971 feracem
2343 929 2630 982 conversa,
2682 916 2922 972 frnetunt
2969 921 3208 985 editum,
3265 936 3372 976 non
3410 923 3504 992 qui
3554 936 3667 993 pro~

2060 1022 2211 1063 more
2253 1008 2514 1064 acerbum
2547 1009 2776 1080 aliquid,
2818 1011 2912 1065 sed
2944 1011 3040 1082 qui
3072 1012 3479 1072 benedictionis
3516 1015 3647 1070 dul‘o

2057 1113 2238 1154 corem
2276 1099 2554 1164 exhibeat,
2598 1109 2656 1156 ut
2701 1102 2937 1172 pretiosa
2989 1103 3355 1172 primitiarum
3401 1122 3652 1171 munera,

2059 1191 2362 1258 gratiarum
2433 1192 2672 1248 actionis
2731 1202 3128 1260 monumento,
3185 1193 3405 1266 frugum
3471 1197 3652 1254 datori

2059 1289 2372 1350 praesentat.
2411 1281 2536 1338 Ilaec
2571 1300 2701 1338 vere
2733 1283 2946 1354 Sponsa
2989 1287 3192 1344 decore
3217 1289 3369 1345 uberi
3399 1292 3652 1360 prmdita,

2057 1373 2224 1443 inque
2256 1373 2536 1445 Unigeniti
2593 1375 2864 1446 Sponsam
2899 1377 3096 1434 electa.
3144 1379 3357 1436 Idcirco
3388 1381 3552 1437 etiam
3592 1382 3666 1438 in

2054 1462 2241 1518 divino
2299 1464 2540 1519 thalamo
2591 1481 2717 1520 cum
2773 1464 2984 1534 Deitate
3023 1478 3268 1521 moratur
3313 1485 3327 1521 :
3387 1470 3648 1540 praeclara

2054 1563 2235 1609 autem
2268 1555 2692 1624 juvencularum
2731 1557 2957 1621 chorea,
2991 1573 3097 1628 qua
3137 1571 3334 1628 pompa
3364 1559 3647 1616 deducens

2053 1643 2316 1715 honorat;
2342 1664 2447 1718 qua
2474 1657 2734 1719 tanquam
2759 1648 3020 1718 virgines,
3041 1649 3248 1720 Virgini
3275 1651 3645 1718 congaudent.

1993 1723 2036 1778 Β
2135 1738 2276 1805 Quid
2314 1758 2415 1798 nos
2467 1741 2650 1796 vero?
2693 1741 2924 1797 Solasne
2957 1756 3088 1812 ergo
3121 1742 3415 1812 praeclaras
3450 1742 3650 1812 juven-

2055 1835 2212 1887 culas
2252 1829 2441 1885 divina
2473 1830 2613 1886 adeo
2642 1829 2893 1885 deliciari
2926 1831 3208 1902 voluptate
3241 1833 3490 1892 sinemus
3515 1835 3542 1890 1'
3580 1849 3648 1892 ac

2054 1937 2180 1978 cum
2221 1923 2377 1976 liccat
2420 1922 2635 1977 choreae
2671 1922 2978 1993 participes.
3006 1938 3154 1991 esse,
3205 1941 3276 1980 ne
3322 1926 3646 1982 curabimus

2052 2012 2274 2082 quidem
2319 2011 2507 2066 lattitia
2542 2011 2749 2080 perfrui
2775 2013 2899 2066 ?An
2929 2014 3244 2082 conjunctis
3285 2017 3484 2072 studiis
3524 2017 3647 2073 lauo

2053 2102 2329 2156 dationem
2395 2101 2600 2172 pariter
2655 2113 3036 2170 contexeutus,
3105 2121 3170 2160 ac
3217 2107 3364 2162 sacri
3431 2108 3647 2164 itineris

2053 2195 2384 2251 accedemus
2430 2194 2589 2260 socii,
2661 2203 2775 2248 tum
2830 2195 2976 2250 illam
3016 2197 3219 2266 quibus
3264 2197 3644 2268 obsequimur,

2053 2287 2390 2342 honorantes
2438 2327 2454 2353 ,
2495 2295 2613 2341 tum
2674 2286 2776 2357 ipsi
2825 2288 2988 2343 nobis
3041 2288 3387 2359 indulgentes
3428 2290 3451 2342 ‘l
3499 2291 3646 2345 Sane

2052 2379 2270 2450 quidem
2295 2394 2559 2451 perquam
2607 2380 2820 2450 justum
2857 2391 3240 2451 sanctumque,
3273 2389 3333 2434 ut
3362 2397 3486 2451 qua:
3514 2391 3646 2438 sunt

2051 2472 2120 2527 ad
2169 2472 2455 2536 honorem,
2510 2470 2720 2543 Virgini
2772 2472 3152 2542 persolvamus
3183 2489 3197 2527 :
3232 2474 3364 2542 quin
3411 2478 3458 2528 si
3507 2473 3645 2543 quid

2050 2565 2216 2618 etiam
2262 2563 2442 2629 nobis,
2476 2563 2680 2632 quibus
2721 2565 2811 2617 illa
2848 2563 3125 2628 laudatur,
3165 2566 3350 2634 gloriae
3395 2565 3642 2627 accedat.

2053 2655 2105 2710 id
2154 2668 2374 2725 quoque
2417 2662 2733 2724 spectantes
2798 2655 3002 2726 pariter
3027 2658 3283 2712 ehoream
3325 2657 3547 2728 explere
3579 2671 3645 2711 ac

2051 2749 2290 2814 laudent,
2333 2747 2390 2803 id
2433 2765 2565 2805 vero
2601 2750 2806 2805 rationi
2840 2760 3276 2807 consentaneum
3323 2760 3432 2808 est.
3489 2751 3643 2806 Haud

2052 2843 2212 2912 plane
2259 2848 2498 2898 conatus
2526 2841 2685 2896 cedet
2732 2841 2942 2898 inutilis
2971 2857 2985 2896 :
3044 2843 3176 2906 into,
3211 2858 3320 2912 qua
3355 2842 3645 2898 commode

2048 2947 2168 2988 cant
2198 2932 2469 2994 laudabit,
2503 2931 2569 2984 ad
2605 2946 2705 2986 nos
2735 2931 2866 2986 inde
2911 2933 3134 3002 pra-mia
3167 2931 3390 2988 referet.
3428 2929 3644 2997 Quibus

2055 3026 2145 3080 illa
2174 3035 2232 3080 ut
2260 3025 2484 3080 maximi
2528 3024 2689 3096 pretii
2742 3023 2946 3079 donum
2987 3024 3240 3094 eligitur,
3277 3023 3551 3079 ambitiosi
3585 3025 3642 3078 in

2054 3132 2174 3173 eam
2227 3116 2412 3171 cultus
2461 3115 2639 3170 nostri
2675 3115 2830 3169 lucra
2874 3129 3298 3185 consequemur.
3349 3113 3642 3170 Enimvero

2054 3209 2276 3263 ubinam
2313 3221 2549 3278 quorum
2581 3207 2788 3260 denunt
2831 3205 2936 3260 hoc
2963 3206 3425 3277 pretiosissimum
3458 3205 3642 3260 iuven-

2051 3304 2166 3352 tum
2197 3305 2283 3352 est
2310 3296 2334 3350 ?
2365 3294 2602 3351 Ubinam
2635 3311 2765 3352 vero
2791 3311 3026 3366 quorum
3060 3311 3258 3367 magna
3299 3296 3416 3351 haec
3455 3297 3640 3352 excel-

2051 3390 2265 3446 lentia?
2294 3390 2563 3446 Praeclare
2597 3406 2837 3461 namque
2869 3391 3146 3455 habuerit,
3179 3399 3239 3445 ut
3279 3390 3515 3461 primunt
3542 3406 3640 3445 eos

2047 3482 2300 3548 allocuti,
2329 3485 2410 3539 sic
2437 3483 2564 3538 filiae
2593 3484 2953 3540 collcctemur.
2987 3485 3130 3550 Quin
3160 3494 3214 3540 ct
3236 3485 3307 3540 ab
3341 3485 3423 3540 eis
3453 3498 3634 3554 opera:

2049 3577 2286 3648 pretium
2318 3576 2502 3646 gaudii
2531 3591 2757 3633 causam
2791 3577 3102 3632 ediscamus

2118 3671 2277 3740 Agite
2295 3684 2448 3739 ergo,
2489 3671 2812 3738 quicunque
2839 3667 3061 3722 tandem
3097 3665 3326 3734 hujusce
3357 3665 3636 3734 pra-clara:

2046 3763 2216 3834 prolis
2239 3771 2494 3832 parentes
2515 3759 2792 3829 estis,ejns
2816 3773 2916 3813 nos
2945 3757 3141 3813 laetitia:
3159 3774 3224 3814 ac
3247 3757 3482 3822 choreae,
3512 3773 3634 3827 qua:

2047 3855 2101 3911 in
2155 3855 2264 3910 lilia
2323 3853 2524 3925 agitur,
2558 3852 2740 3906 socios
2787 3851 3068 3905 adhibere.
3099 3849 3242 3915 Quid
3288 3865 3418 3905 vero
3456 3851 3479 3902 ‘l
3527 3847 3636 3902 Pro

2048 3948 2193 4005 felici
2247 3958 2406 4018 partu
2441 3945 2650 4016 gratias
2675 3943 2914 3999 habituri
2941 3942 3165 4013 pergitis
3189 3961 3203 4008 ;
3225 3956 3345 4011 qua:
3367 3941 3630 3996 nimirum

2047 4057 2168 4098 mos
2229 4036 2753 4136 habet’praastituri
2803 4077 2818 4101 ,
2880 4035 3168 4108 sacrisque
3225 4034 3631 4091 initiationibus

2047 4144 2308 4206 tanquam
2353 4128 2654 4203 signaculis
2693 4130 2860 4185 filiam
2912 4129 3305 4200 obsignaturi;
3357 4137 3417 4182 ιιι
3468 4128 3630 4198 cujus

2047 4243 2266 4298 germen
2305 4225 2561 4296 precibus
2600 4222 2944 4287 excoluistis,
2977 4238 3098 4278 eam
3132 4223 3387 4292 precibus
3418 4236 3628 4294 augen-

344 4310 586 4371 ἐκείναις
646 4307 1172 4371 καταπιστεύοντες·
1219 4307 1251 4377 ἢ
1284 4308 1350 4360 δι’
1386 4301 1461 4361 ὧν
1515 4310 1666 4363 αὐτοὶ
1697 4311 1757 4364 τὸ
1808 4309 1947 4369 εἶναι

2055 4319 2178 4374 dam
2209 4334 2272 4372 ac
2299 4314 2789 4372 consummandam
2809 4313 3052 4370 credatis
3080 4332 3095 4369 :
3130 4315 3452 4383 ant-quibus
3474 4329 3627 4368 cont-

347 4400 584 4468 πατέρες
607 4399 930 4469 ἐκτήσασθε,
965 4399 1054 4451 τὸν
1076 4399 1343 4452 δεδωκότα
1380 4400 1454 4464 ὠς
1485 4399 1706 4455 δυνατὸν
1744 4406 1948 4475 ἀμυνό-

350 4510 524 4561 μενοι,
573 4491 652 4561 τῷ
684 4491 893 4543 ἐκείνου
927 4491 1061 4562 οἴκῳ
1104 4489 1213 4543 τῶν
1256 4494 1388 4558 παρ’
1442 4493 1571 4562 ὑμῖν
1620 4494 1821 4564 τιμίων
1865 4500 1947 4562 είς

348 4586 584 4655 κτῆσινιι
616 4585 958 4655 προσάγετε·
1000 4585 1032 4655 ἢ
1068 4585 1460 4656 μεγαλοψύχως
1490 4587 1582 4641 τὸν
1619 4590 1815 4662 εὐγενῆ
1847 4595 1936 4648 τό-

349 4695 445 4730 κον
470 4677 788 4746 ἀφιεροῦτε,
817 4676 937 4730 ὅλον
958 4677 1111 4746 ὑμῶν
1142 4678 1220 4748 τῷ
1250 4679 1561 4750 καρποδότῃ
1590 4681 1940 4752 χαριζόμειοι

354 4770 411 4821 τὸ
436 4768 725 4838 γεώργιον.
783 4768 952 4822 Τοῦτο
979 4767 1036 4822 δὲ
1080 4768 1190 4839 ἄρα
1233 4770 1416 4824 δίδωσι
1446 4776 1728 4826 κατανοεῖν
1762 4776 1794 4844 ἡ
1829 4777 1936 4830 τῶν

349 4860 632 4914 παθόντων
673 4861 1010 4931 προαίρεσις.
1046 4861 1229 4915 Ἕοικε
1273 4862 1330 4914 δὲ
1367 4859 1460 4916 οὖν
1501 4865 1711 4934 μεγάλα
1748 4867 1872 4920 τινὰ
1900 4869 1934 4939 ἡ

349 4952 669 5022 προσένεξις
712 4953 1232 5024 πραγματεύεσθαιο
1271 4955 1365 5007 καὶ
1399 4954 1499 5026 τὴν
1539 4957 1935 5030 περιεσομένην

349 5047 415 5096 ἐκ
461 5043 664 5114 ταύτης
727 5045 1059 5116 φαιδρότητα
1120 5046 1190 5100 τὰ
1258 5045 1351 5100 νῦν
1412 5047 1607 5117 μηνύει
1652 5049 1934 5118 γινόμενα.

360 5135 524 5189 Ἀλλά
551 5137 660 5207 γὰρ
693 5137 950 5208 Ἰωακεὶμ
981 5139 1075 5191 καὶ
1106 5138 1293 5202 Ἅννα,
1337 5137 1441 5191 ποῦ
1485 5139 1583 5210 τὴν
1614 5139 1938 5211 θαυμαστὴν

349 5228 647 5296 εὐκληρίαν
698 5229 862 5300 μέχρι
909 5230 1002 5282 τοῦ
1057 5229 1151 5282 νῦν
1191 5229 1634 5301 κατεκρύπτετε;
1684 5232 1793 5284 Ποῦ
1837 5233 1936 5302 τὴν

349 5318 500 5373 θείαν
555 5319 718 5373 ὠδῖνα
772 5321 1086 5392 ἐπισχόντες
1133 5320 1482 5388 ἐλανθάνετε;
1538 5322 1658 5386 Ιιῶς
1692 5323 1738 5380 δ’
1765 5324 1937 5386 οὕτως

347 5412 693 5484 σκυθρωπῶν
731 5415 796 5469 ἐκ
851 5415 1065 5470 κόλπων
1109 5415 1142 5486 ἡ
1182 5415 1459 5486 ἀμύθητος
1508 5415 1812 5486 φαιδρότης
1849 5416 1937 5482 ἑξ-

310 4916 335 4954 δ

2048 4408 2286 4478 parastis
2309 4415 2367 4460 ut
2392 4413 2646 4476 parentes
2677 4403 2892 4467 essetis,
2917 4403 2986 4458 iis
3013 4420 3112 4472 pro
3139 4405 3280 4457 virili
3301 4404 3625 4458 beneficium

2045 4500 2246 4564 datori,
2271 4505 2590 4568 pensantes,
2621 4499 2741 4565 ejus
2771 4496 2952 4550 domui
2986 4496 3222 4568 pretiosa
3260 4505 3462 4555 vestra.
3494 4497 3623 4565 qui-

2041 4593 2144 4649 bus
2186 4591 2505 4647 exsolvatur
2559 4588 2828 4652 debitmn,
2887 4586 3141 4644 offertis:
3204 4587 3287 4641 vel
3334 4586 3625 4656 magnifico

2041 4689 2264 4750 pectore
2304 4681 2598 4750 ingenuam
2627 4678 2963 4733 consecratis
3009 4678 3240 4748 prolem,
3276 4661 3444 4732 totum
3474 4676 3624 4745 quod

2046 4782 2229 4829 vestro
2252 4786 2384 4843 agro
2425 4770 2702 4826 succrevit
2745 4768 2984 4841 frugum,
3026 4773 3241 4839 frugum
3275 4768 3453 4824 datori
3484 4784 3626 4838 pra:-
3659 4801 3666 4810 ι

2047 4867 2257 4921 bentes.
2305 4862 2418 4917 Hoc
2449 4863 2733 4917 enimvero
2777 4861 3187 4932 intelligendum
3235 4862 3497 4932 suggerit,
3531 4860 3642 4918 (το-³

2047 4976 2165 5014 runt
2190 4958 2443 5012 voluntas
2468 4957 2560 5026 qui
2589 4955 2668 5010 sic
2693 4954 2876 5010 allecti
2909 4953 3152 5009 fuerunt.
3183 4954 3354 5010 l‘orro
3393 4955 3509 5011 visa
3539 4965 3631 5013 est.

2046 5067 2241 5122 magna
2291 5051 2540 5121 quaedam
2601 5046 2868 5118 negotiari
2925 5060 2991 5100 ac
3050 5057 3312 5117 praestare
3367 5047 3613 5114 oblatio;

2040 5143 2392 5210 futuramque
2439 5154 2505 5192 ex
2559 5139 2648 5191 illa
2703 5136 2968 5202 laetitiam,
3000 5151 3124 5206 qua:
3154 5152 3300 5190 nunc
3330 5144 3620 5206 geruntur,

2039 5232 2372 5304 signiﬁcant.
2396 5229 2596 5284 Verum
2635 5245 2731 5283 vos
2759 5226 3006 5282 Joachim
3052 5237 3107 5284 et
3143 5229 3322 5290 Anna.
3359 5229 3449 5283 ubi
3483 5229 3617 5286 hac-

2039 5335 2202 5379 tenus
2270 5322 2575 5378 mirabilem
2646 5321 2956 5375 felicitatem
3019 5320 3390 5379 abscondistis
3438 5322 3462 5375 ?
3513 5319 3617 5377 Ubi

2039 5415 2284 5470 divinum
2309 5412 2655 5470 continentes
2693 5419 2906 5484 partum
2935 5413 3232 5471 delituistis
3255 5412 3409 5482 ?Qua
3435 5424 3616 5470 autem

1665 5589 1896 5647 VARle
1930 5587 2344 5648 LECTIONES.

419 5690 446 5722 ⁸
470 5677 602 5752 ch.
635 5679 862 5740 ἔκτισιν.
