4070 6210
240 297 307 360 l7
1012 303 1295 367 ORATIO
1339 309 1421 369 II.
1447 334 1513 344 -
1538 310 1621 370 IN
1660 311 1724 371 Β.
1764 312 2028 377 MARIAE
2068 318 2797 386 PR.»ESENTATIONEM.
3484 336 3549 402 l8

240 406 491 478 θρώπων
527 407 711 478 φύσις,
745 407 815 462 ἶν’
844 408 1067 479 ἔχοιμεν
1086 412 1206 482 Θεῷ
1234 415 1550 485 βουληθέντι
1582 416 1768 472 λαϐεῖν
1792 418 1849 483 ἐξ

1954 423 2102 479 laute
2150 428 2327 496 excipi
2390 428 2700 495 videantur,
2750 432 3115 504 habeantque,
3174 454 3315 509 quos
3362 456 3548 501 amore

240 502 427 573 ἡμῶν,
459 502 539 573 μὴ
569 503 790 573 ἀπόρως
828 507 970 574 πρδς
997 504 1230 576 δωρεάν.

1959 527 2392 584 prosequuntur,
2431 534 2541 589 quo
2571 522 2898 591 glorientur,
2935 502 3206 595 tanquam.
3238 532 3444 602 aliquid
3480 550 3546 589 cx

240 599 492 669 propriis
535 598 810 653 dederint.
856 599 1140 669 Ejusmodi
1208 603 1414 674 aliquid
1482 605 1713 660 molitur
1785 607 2061 676 benignus
2122 609 2214 666 ille
2274 625 2340 666 ac
2391 615 2659 682 clemens,
2740 618 3068 689 videturque
3117 598 3353 688 puellam
3413 624 3548 682 dare

239 692 498 747 Joacbim
533 707 598 747 ac
642 695 856 761 Annae;
906 703 963 749 at
991 696 1193 766 accipit
1228 714 1399 769 genus
1431 698 1610 769 ipsum
1648 701 1978 765 humanum,
2008 712 2067 757 ut
2134 719 2243 760 non
2271 705 2436 773 desit,
2473 708 2617 778 quod
2683 708 2795 766 Deo
2846 712 3051 767 volenti
3102 728 3131 767 a
3182 715 3343 772 nobis
3403 720 3547 774 acci-

240 801 399 856 pere,
442 786 645 841 demus
674 802 901 843 munus.

329 879 478 932 Ἀλλ’
515 878 560 931 ὣ
588 880 687 949 τὴν
722 880 986 936 πλουσίαν
1014 882 1221 954 ταύτην
1249 884 1460 957 δωρεὰν
1489 888 1720 960 διαπορθ
1732 888 1849 957 μεύ-

2026 885 2119 949 At,
2161 900 2195 940 o
2227 900 2358 949 vos,
2408 886 2504 957 qui
2534 902 2740 942 munus
2793 888 2897 942 hoc
2947 889 3438 960 locupletissimum
3477 895 3544 949 ad

239 990 448 1035 σαντες
498 971 637 1042 πρὸς
673 975 848 1042 ἡμᾶς,
894 976 942 1027 οί
979 974 1058 1045 τῷ
1109 975 1342 1046 πρώτως
1396 980 1489 1032 καὶ
1533 980 1717 1033 λαϐεῖν
1756 982 1854 1034 καὶ

236 1062 437 1115 δοῦναι
459 1064 682 1116 πάντων
700 1063 1073 1135 εὐπορώτεροι
1094 1067 1453 1137 γεγενημένοι
1472 1073 1485 1121 l
1507 1070 1570 1121 Ὢ
1590 1070 1852 1139 ταμιείων

239 1154 450 1207 ὀλϐίων
503 1155 565 1220 ἐξ
615 1150 691 1209 ὧν
737 1156 1142 1227 προελήλυθενῐ
1178 1161 1244 1213 Ὦ
1290 1164 1581 1233 μακαρίων
1607 1163 1847 1219 ὠδίνωνί

243 1248 310 1299 Ὠ
338 1248 567 1317 λοχείας
599 1248 879 1319 ωιτόκου,
916 1253 1098 1304 πᾶσαν
1136 1253 1611 1326 ἀποκρυψαμένης
1652 1257 1850 1310 εὐπαι-

239 1343 403 1397 δίανί
462 1344 531 1396 ’Ὠ
578 1344 789 1409 παιδὸς,
845 1347 879 1416 ἡ
928 1345 1029 1416 τὴν
1081 1346 1296 1417 μητέρα
1339 1348 1441 1419 τῆς
1493 1349 1851 1419 πολυχρονίου

242 1434 476 1505 mea;
529 1436 828 1501 ἀπολύσει,
881 1439 977 1492 καὶ
1028 1438 1123 1492 τοῦ
1163 1440 1369 1508 γονέως
1415 1442 1515 1511 τὴν
1570 1442 1851 1513 γύμνωσιν

242 1526 600 1597 apicula,
652 1530 712 1581 ὲν
743 1529 823 1600 τῷ
845 1529 1115 1593 δανείζειν
1140 1532 1240 1603 τῆς
1285 1534 1487 1605 σαρκὸς
1519 1537 1613 1588 τὸν
1644 1534 1853 1605 χιτῶνα

242 1621 325 1689 τῷ
361 1620 731 1690 πλαστουργῷ
750 1638 764 1653 ·
815 1616 883 1692 ἧς
913 1625 972 1676 ὲν
1000 1623 1078 1695 τῷ
1108 1625 1411 1696 λαμϐάνειν
1444 1626 1607 1697 πῆξιν
1640 1626 1718 1697 τῷ
1746 1627 1852 1696 νέῳ

257 1712 436 1782 Ἀδὰμ
455 1712 486 1765 ὁ
510 1713 764 1777 παλαιὸς,
790 1715 856 1767 τὸ
884 1716 948 1768 ἐκ
975 1718 1076 1787 τῆς
1104 1719 1343 1789 πλευρᾶς
1367 1719 1630 1773 ἀπολάϐοι
1654 1719 1845 1789 χρέοςί

250 1804 322 1856 Ὢ
364 1805 554 1875 κόρης,
608 1800 677 1877 ἦς
720 1807 751 1856 ὁ
803 1807 1060 1878 ὑπεράνω
1102 1809 1215 1862 τῶν
1263 1810 1509 1880 οὐρανῶν
1550 1812 1847 1880 ὀφθήσεται

250 1899 529 1966 ὲραστήςί
594 1899 654 1950 Ὢ
700 1898 766 1952 δι’
810 1895 880 1970 ἧς
914 1900 1171 1970 ὁμιλήσει
1201 1902 1331 1966 Θεὸς
1360 1902 1520 1968 φύσει
1550 1907 1615 1974 τῇ
1650 1904 1843 1974 χοῖκῇί

249 1988 315 2041 '0
344 1989 415 2042 δι’
444 1984 515 2061 ἦς
540 1992 680 2061 ἡμῖν
708 1992 1198 2064 περιποιηθήσεται
1225 1994 1284 2047 τὸ
1312 1996 1550 2065 ἀξίωμα,
1582 1996 1719 2065 ὅπερ
1747 1996 1848 2048 οὐκ

247 2082 307 2133 ιν
368 2082 550 2152 καιρῷ
598 2083 900 2152 λαμϐάνειν
943 2083 1326 2154 βουληθέντες,
1381 2086 1490 2139 τῶν
1534 2087 1847 2157 προσόντων

246 2173 679 2244 ἐζημιώθημενῐ
728 2175 871 2228 Ἀλλ’
901 2177 1144 2248 ἐπίωμεν
1171 2179 1250 2249 τῷ
1285 2179 1502 2250 παλαιῷ
1533 2182 1627 2233 καὶ
1656 2180 1848 2251 ἀψύχῳ

246 2265 395 2335 ναῷ,
426 2267 515 2319 τὸν
541 2267 662 2320 νέον
699 2270 795 2322 καὶ
822 2268 1066 2339 ἔμψυχον
1111 2269 1541 2340 καθιερώσαντες
1572 2271 1651 2342 τῷ
1685 2272 1844 2342 ίερῷο

250 2361 663 2425 κατοικίζοντες
686 2363 877 2433 χωρίῳ
901 2363 961 2416 τὸ
986 2364 1205 2436 χωρίον,
1236 2367 1294 2418 ὲν
1325 2359 1371 2433 ᾧ
1397 2367 1714 2437 κατοικήσει
1737 2367 1847 2421 πᾶν

246 2453 314 2506 τὸ
349 2453 621 2523 πλήρωμα
654 2454 755 2523 τῆς
788 2455 1075 2524 θεότητοςσ
1127 2456 1204 2527 τῷ
1241 2457 1382 2527 ἁγίῳ
1438 2457 1753 2528 σκηνώματι
1785 2459 1847 2512 τὸ

250 2545 521 2615 σκήνωμα
562 2545 666 2614 τῆς
710 2546 868 2616 δόξης
919 2548 1315 2611 συνάπτοντες-
1367 2550 1458 2603 τὸν
1511 2550 1698 2620 θρόνον
1748 2550 1845 2604 τοῦ

250 2637 523 2708 βασιλέως
578 2641 692 2702 τοῖς
725 2640 1051 2712 ἀνακτόροις
1082 2641 1453 2705 ἀποτιθέντες.
1484 2643 1846 2713 Συναπῐωμεν

249 2732 373 2791 ταῖς
408 2730 725 2800 παρθένοις,
764 2732 865 2801 τὴν
904 2733 1268 2801 ἀειπάρθενον
1302 2734 1439 2805 πρὸς
1470 2734 1571 2805 τὴν
1599 2735 1845 2789 παστάδα

250 2822 629 2890 πεμπούσαις.
657 2824 736 2894 Τῇ
765 2827 917 2895 κοινῇ
941 2825 1036 2878 τοῦ
1058 2826 1248 2893 γένους
1277 2828 1435 2897 τιμῇ,
1469 2827 1621 2896 κοινῆ
1656 2827 1847 2898 συστή·

250 2929 437 2980 σωμεν
462 2915 563 2984 τὴν
598 2916 766 2985 τιμήν
787 2932 801 2947 ·
850 2918 917 2986 τῇ
954 2920 1110 2986 κοινῇ
1142 2918 1238 2971 τοῦ
1293 2919 1484 2985 γένους
1527 2918 1842 2987 ἀγαλλιάσει

248 3000 403 3068 κοινῆ
433 3002 536 3070 τὴν
562 3003 783 3070 χορείαν
810 3004 1131 3076 κροτῶμεν·
1168 3006 1323 3078 κοινῆ
1352 3007 1450 3077 τῆς
1475 3010 1507 3079 ὴ
1518 3008 1636 3079 μῶν
1667 3026 1843 3081 σωτη-
1868 3053 1914 3111 c

251 3091 375 3162 ρίας
405 3093 838 3165 προσκιρτῶμεν
867 3096 966 3165 τῆς
995 3097 1253 3155 κιϐωτοῦ.

320 3372 462 3439 Ἀγε
482 3370 547 3441 δή
574 3388 687 3441 μοι,
707 3372 891 3439 Δαϐὶδ,
920 3372 1029 3427 τῶν
1060 3373 1168 3427 σῶν
1202 3376 1593 3446 σκιρτημάτων
1623 3381 1846 3449 χρῆσον.

246 3465 320 3516 Σὺ
341 3464 456 3535 γάρ
478 3464 547 3516 ἂν
578 3463 798 3533 ἀριστος
825 3465 942 3536 εἴης
967 3468 1311 3537 χοραστάτης
1330 3482 1345 3499 ο
1381 3469 1616 3538 μάλιστα
1646 3472 1745 3539 μὲν
1770 3470 1849 3540 τῷ

246 3557 306 3622 ἑξ
334 3557 575 3627 αἵματος
602 3552 743 3611 εἶναι
770 3556 869 3628 τὴν
896 3558 1218 3628 τιμωμένην
1244 3576 1257 3590 ·
1312 3560 1480 3613 πάλαι
1519 3561 1564 3613 δ’
1611 3562 1706 3615 οὖν
1744 3564 1847 3616 κάν

247 3648 327 3718 τῷ
356 3649 518 3719 τύπῳ
545 3648 614 3702 τὰ
645 3652 1011 3737 σκιρτήματα
1036 3652 1360 3723 μελετήσας,
1394 3655 1489 3706 καὶ
1516 3656 1764 3725 προᾲσας
1786 3657 1848 3709 τὸ

249 3738 429 3812 ᾆσμα,
482 3742 512 3795 ὃ
561 3744 643 3806 είς
688 3743 759 3797 τὰ
810 3743 1055 3812 παρόντα
1106 3746 1437 3800 συνετίθετο.
1489 3746 1604 3799 Νῦν
1637 3747 1744 3816 γὰρ
1781 3750 1848 3818 ἣν

246 3832 492 3896 όξυωπεῖ
537 3832 778 3895 διανοίας
830 3833 1039 3904 ὄμματι
1090 3833 1370 3903 θυγατέρα
1406 3836 1763 3905 προέϐλεπες,

245 3926 339 3977 καὶ
362 3924 646 3994 πατρικὴν
669 3924 868 3988 ἐδίδους
894 3926 1200 3996 εἰσήγησιν,
1223 3924 1372 3978 οίκου
1396 3925 1652 3995 πατρῴου
1676 3926 1845 3998 λήθην

247 4016 456 4081 λαϐεῖν,
494 4018 563 4069 ἐκ
590 4016 691 4087 τῆς
719 4016 818 4086 σῆς
852 4016 1053 4086 ὀσφύος
1083 4016 1405 4088 ἐφανερώθη
1444 4019 1596 4087 ἡμῖν.
1638 4018 1755 4072 Νῦν
1782 4019 1846 4091 δὴ

246 4109 335 4162 τὸν
376 4109 697 4178 κροσσωτὸν
744 4108 950 4178 χιτῶνα
1000 4109 1383 4180 στολισαμένη,
1436 4110 1516 4173 εἰς
1549 4111 1845 4182 ἐπιθυμίαν

244 4200 338 4254 τοῦ
371 4199 609 4262 κάλλους
641 4199 734 4253 τὸν
768 4200 995 4269 βασιλέα
1023 4203 1117 4254 καὶ
1147 4204 1385 4274 Χριστὸν
1426 4203 1695 4258 εἵλκυσεν.
1744 4208 1844 4259 Διὰ

246 4292 409 4345 τοῦτο
454 4285 547 4344 οἷα
596 4292 841 4345 Βασιλίδι
877 4294 1147 4361 νεάνιδες,
1196 4296 1303 4366 πρὸ
1342 4295 1637 4366 προσώπου
1676 4298 1844 4369 αὐτῆς

249 4384 674 4455 θεραπευτικῶς
701 4384 1132 4440 λιτανεύσουσιν.
1180 4386 1351 4458 Δεῦρο
1384 4388 1448 4458 δὴ
1480 4389 1603 4442 ὅποι
1634 4391 1753 4442 ποτ’
1780 4389 1846 4444 ἂν
1876 4416 1925 4474 D

245 4471 333 4549 ᾖς,
367 4476 511 4543 πρὸς
541 4476 613 4529 τὰ
639 4475 735 4529 νῦν
766 4477 1077 4549 παραγενοῦ
1108 4477 1434 4548 τελούμενα.
1470 4480 1582 4549 Τῆς
1615 4479 1713 4550 σῆς
1737 4481 1845 4551 γὰρ

247 4568 517 4621 εὐτάκτου
536 4569 759 4641 χορείας
782 4571 914 4641 ⁴ἡμῖν
940 4570 1042 4636 δεῖ,
1066 4571 1161 4624 καὶ
1186 4570 1282 4624 τοῦ
1312 4573 1688 4644 σκιρτήματος
1707 4591 1719 4603 ·
1750 4576 1845 4629 καὶ

249 4659 282 4713 ἃ.
310 4660 609 4731 προλαϐὼν
649 4662 872 4736 ὲπῇδες,
912 4661 1089 4717 ταῦτα
1123 4664 1219 4717 καὶ
1262 4664 1358 4717 νῦν
1388 4665 1532 4736 ᾄδων
1565 4667 1631 4720 τὰ
1659 4668 1844 4721 εἰκότα

248 4752 666 4824 λειτούργησον.
714 4734 878 4826 Ὀρᾷς
902 4757 1015 4826 γὰρ
1048 4755 1148 4826 τὴν
1175 4756 1273 4825 σὴν
1300 4734 1577 4827 θυγατέρα
1608 4759 1845 4812 λιτανευο

246 4846 452 4916 ομένην
477 4848 536 4898 ὲν
566 4846 905 4917 πράγμασιν,
999 4850 1158 4919 μόνος
1198 4850 1257 4902 ὲν
1287 4849 1490 4923 θεωρίᾳ
1520 4852 1845 4916 ὲλιτάνευες.

257 4937 428 5008 Ὁρᾷς
480 4938 582 5007 τὴν
612 4939 671 5005 ἐξ
702 4938 903 5008 ὀσφύος
937 4957 1029 4993 σου
1062 4940 1295 4994 κιϐωτὸν
1336 4942 1433 4994 τοῦ
1480 4944 1846 5013 ἀγιάσματοςν

251 5031 325 5091 είς
352 5028 550 5099 κοινὴν
573 5031 946 5102 ἀνισταμένην
972 5033 1083 5085 τῶν
1106 5049 1172 5085 πε
1187 5034 1497 5103 πονηκότων
1518 5035 1844 5089 ἀνάπαυσιν.

260 5120 421 5193 Ὁρᾷς
454 5122 515 5173 τὸ
543 5120 832 5190 ἱερώτατον
868 5124 1295 5197 καθιερούμενον
1328 5127 1657 5198 ἱλαστήριον.
1690 5127 1848 5195 Λέγω

255 5213 350 5282 μέν
379 5229 394 5243 ο
456 5212 666 5283 μᾶλλον
709 5214 787 5280 δὲ,
840 5216 967 5286 λέγε
998 5218 1193 5283 αὐτός’
1250 5218 1713 5291 παραχιυροῦμεν,
1749 5221 1849 5290 οὐχ

321 5344 365 5375 ¹’
399 5344 555 5401 Psal.
592 5360 741 5412 ςιιν,
772 5346 863 5402 ll.

1952 993 2055 1033 nos
2084 978 2409 1043 devexistis,
2452 980 2543 1049 qui
2579 989 2635 1035 et
2669 995 2731 1035 ea
2756 982 2958 1050 gratia,
2987 997 3152 1051 quam
3195 985 3354 1054 primi
3389 1003 3547 1043 acce-

1952 1071 2115 1141 pistis
2193 1071 2575 1143 dedistisque,
2632 1076 2907 1130 universis
2964 1076 3358 1147 locupletiores
3409 1080 3544 1135 facti

1951 1163 2128 1218 estisl
2173 1162 2218 1218 0
2257 1164 2477 1219 beatum
2529 1166 2809 1231 aerarium,
2856 1182 2919 1221 ex
2963 1183 3075 1238 quo
3119 1170 3251 1225 illud
3289 1172 3491 1240 prodiit
3527 1176 3541 1228 !

1953 1252 2000 1308 0
2052 1254 2270 1309 beatum
2335 1258 2596 1325 partum!
2655 1256 2699 1311 0
2746 1258 2959 1312 tardam
3020 1258 3166 1315 fetus
3223 1261 3541 1330 editionem,

1955 1344 2272 1399 universam
2302 1344 2494 1414 ampla:
2525 1345 2819 1414 probaeque
2851 1346 3060 1401 sobolis
3090 1348 3323 1418 gloriam
3353 1352 3545 1406 obscu-

1954 1444 2168 1491 rantem
2203 1437 2216 1490 ί
2252 1436 2297 1490 0
2335 1437 2596 1506 puellam,
2626 1454 2749 1507 quae
2784 1442 3218 1495 matretmveteri
3248 1442 3339 1496 illo
3359 1444 3545 1500 debito

1956 1530 2232 1592 absolvet,
2299 1533 2655 1599 parentisque
2711 1531 2932 1599 obteget
3002 1532 3309 1587 nuditatem
3363 1552 3381 1602 ;
3436 1553 3541 1607 qua

1956 1622 2132 1676 lictori
2172 1623 2363 1675 carnis
2400 1623 2644 1676 tunicam
2688 1622 3109 1678 commodatura
3140 1635 3225 1680 est
3263 1643 3278 1691 ;
3325 1642 3389 1681 ex
3438 1644 3546 1698 qua

1885 1697 1928 1751 Β
1956 1714 2086 1768 dum
2119 1728 2296 1768 novus
2329 1714 2503 1768 Adam
2531 1724 2879 1784 compactum
2918 1718 3155 1789 accipiet
3188 1733 3412 1788 corpus,
3445 1697 3546 1779 an.-

1956 1804 2144 1874 tiquus
2196 1805 2287 1859 ille
2364 1817 2531 1860 costze
2584 1805 2827 1861 debitum
2884 1809 3135 1877 recipiet.
3194 1809 3237 1865 Ο
3283 1812 3543 1880 puellam,

1956 1896 2116 1966 cujus
2160 1896 2230 1959 is,
2255 1898 2347 1966 qui
2380 1906 2465 1952 est
2501 1912 2669 1967 supra
2698 1900 2894 1964 caelos,
2940 1914 2999 1955 se
3026 1911 3326 1956 amatorem
3354 1913 3545 1957 osten-

1954 1987 2046 2042 det
2076 1989 2088 2041 ί
2122 1985 2167 2040 0
2205 2003 2301 2056 per
2339 2002 2503 2057 quam
2538 1987 2703 2053 Deus,
2741 2004 2866 2044 cum
2902 2000 3097 2045 natura
3142 1994 3372 2062 pulvere
3411 2010 3545 2048 con-

1954 2086 2158 2143 stante,
2194 2078 2655 2134 consuetudinem
2685 2080 2980 2138 habiturus
3009 2085 3133 2138 est!
3167 2085 3211 2137 0
3246 2100 3343 2153 per
3379 2102 3545 2155 quam

1955 2171 2114 2227 nobis
2139 2186 2431 2226 accessura
2466 2179 2552 2226 est
2581 2172 2847 2242 dignitas,
2877 2190 3040 2243 quam
3071 2190 3196 2229 cum
3232 2177 3545 2247 importune

1954 2275 2356 2336 captasseinns.
2412 2281 2603 2322 eorum
2656 2284 2779 2338 qua:
2833 2270 3220 2339 suppetebant,
3267 2271 3542 2341 jactus-am

1955 2358 2187 2414 fecimus
2234 2360 2246 2404 ι
2300 2359 2501 2414 Eamus
2529 2375 2683 2423 vero,
2719 2361 2890 2415 veteri
2940 2376 3006 2415 ac
3050 2362 3284 2415 inanimi
3317 2364 3543 2432 templo,

1953 2453 2218 2522 templum
2261 2466 2463 2508 novum
2501 2468 2567 2509 ac
2613 2453 2919 2507 animatum
2964 2453 3274 2509 dedicaturi
3319 2473 3335 2521 ;
3386 2472 3544 2510 sacro

1954 2547 2097 2611 loco,
2169 2547 2350 2602 locum
2413 2547 2715 2611 inducturi,
2754 2547 2979 2616 in.qao
3040 2547 3113 2601 sit
3173 2546 3543 2601 iuhabitatura

1954 2636 2244 2706 plenitudo
2274 2646 2386 2691 tota
2419 2635 2725 2689 divinitatis
2760 2652 2773 2701 ;
2821 2649 2981 2689 sacro
3009 2633 3366 2688 tabernaculo
3424 2634 3533 2704 glo-

1954 2728 2050 2782 riae
2105 2728 2522 2783 tabernaculum
2579 2726 2893 2796 adjuncturi
2937 2744 2950 2779 :
3000 2724 3165 2796 Regis
3231 2725 3433 2781 solium
3487 2726 3542 2779 in

1952 2822 2216 2895 palatium
2248 2821 2475 2875 illaturi.
2522 2819 2637 2874 Una
2678 2819 2941 2875 sociabus
2979 2819 3313 2888 virginibus,
3348 2832 3542 2888 perpe-

1951 2920 2104 2970 tuam
2156 2916 2209 2970 in
2242 2914 2545 2969 thalamum
2594 2913 3000 2969 deducentibus
3046 2910 3350 2983 Virginem,
3384 2912 3549 2965 abea-

1951 3025 2097 3066 mus.
2146 3007 2436 3064 Communi
2489 3007 2707 3077 generis
2756 3006 2976 3070 bonori,
3030 3004 3310 3060 communi
3357 3003 3545 3060 studio

1956 3105 2225 3160 honorem
2280 3100 2640 3155 adhibeamus
2682 3115 2696 3164 ;
2734 3097 3013 3153 connnuni
3063 3097 3279 3167 generis
3309 3096 3552 3150 exsulta-

1958 3197 2115 3261 tioni,
2138 3193 2419 3250 communi
2451 3192 2646 3262 plausu
2666 3192 2922 3245 choream
2959 3189 3300 3244 celebremus
3336 3204 3351 3253 ;
3392 3203 3547 3240 cotu-

1957 3284 2108 3340 muni
2167 3283 2353 3337 laetitia
2389 3291 2591 3337 nostra:
2617 3282 2814 3336 salutis
2848 3295 2994 3335 arca}
3028 3280 3433 3350 pra'snliemus.

2027 3375 2140 3444 Age
2184 3386 2316 3427 vero
2345 3387 2491 3427 nunc
2538 3372 2694 3435 mihi,
2731 3370 2925 3435 David,
2958 3371 3069 3425 tuis
3109 3379 3261 3423 utere
3288 3368 3542 3422 saltibus.

1955 3470 2079 3540 ipse
2130 3482 2370 3538 namque
2420 3466 2663 3537 optimus
2710 3466 2928 3520 choreae
2977 3480 3180 3534 praeses
3226 3464 3359 3525 eris,
3395 3459 3545 3530 quod

1957 3562 2193 3616 maxime
2230 3574 2395 3629 quam
2428 3558 2636 3612 honore
2672 3558 3075 3627 prosequimur,
3116 3570 3180 3608 ex
3212 3566 3305 3607 tuo
3331 3561 3449 3606 sata
3473 3553 3546 3606 sit

1956 3673 2156 3727 genere
2188 3680 2200 3713 :
2229 3676 2293 3714 ac
2330 3673 2458 3713 cunt
2512 3657 2642 3711 olim
2669 3655 2783 3724 jam
2828 3654 2913 3708 vel
2950 3655 3004 3706 in
3040 3652 3211 3721 figura
3245 3646 3543 3700 meditatus

1956 3752 2035 3806 sis
2092 3753 2466 3812 saltationem,
2528 3762 2593 3800 ac
2646 3746 2927 3801 canticum
2986 3742 3363 3813 praecinueris,
3395 3740 3543 3807 quod

1957 3850 2339 3904 argumentum
2370 3854 2609 3910 praesens
2632 3836 2982 3908 respiciebat.
3011 3834 3167 3889 Nunc
3200 3833 3346 3888 enim
3374 3847 3538 3902 quam

1957 3944 2121 3989 acuto
2155 3933 2357 3988 mentis
2411 3932 2575 3987 oculo
2618 3929 2781 3983 tiliam
2824 3925 3245 3999 praevidebas",
3280 3939 3342 3978 ac
3376 3937 3542 3992 quam

1956 4036 2179 4096 paterno
2228 4023 2487 4087 docebas,
2528 4030 2587 4075 ut
2642 4028 2925 4091 paternam
2981 4018 3396 4073 oblivisceretur
3444 4014 3545 4067 do-

1956 4130 2128 4179 mum,
2151 4130 2218 4168 ex
2249 4113 2357 4167 tuis
2391 4120 2509 4167 orta
2542 4111 2745 4166 lumbis
2772 4110 3049 4165 declarata
3076 4115 3182 4163 est.
3220 4105 3378 4160 Nunc
3403 4105 3541 4161 stola

1955 4219 2120 4259 aurea
2181 4202 2381 4258 decore
2438 4202 2661 4263 amicta.
2700 4201 2754 4255 in
2802 4199 2887 4255 sui
2917 4198 3274 4267 cupiditatem
3326 4195 3542 4251 decoris

1955 4295 2156 4366 Regem
2220 4311 2284 4349 ac
2314 4294 2601 4348 Christum
2633 4292 2923 4363 pertraxit.
2978 4290 3189 4344 idcirco
3223 4287 3543 4342 adolescen-

1954 4390 2080 4444 tulze
2122 4398 2383 4458 tanquam
2428 4387 2716 4457 Reginam.
2752 4393 2881 4438 ante
2913 4385 3037 4452 ejus
3083 4384 3295 4437 vultum
3344 4382 3543 4436 devoto

1955 4480 2225 4548 obsequio
2273 4479 2752 4545 deprecabuntur.
2799 4473 2932 4529 Veni
2982 4475 3169 4542 itaque
3210 4486 3541 4540 quocunque

1952 4570 2174 4625 tandem
2202 4570 2437 4626 exsistas
2466 4568 2609 4631 loco,
2637 4576 2802 4635 atque
2830 4567 3159 4634 sacris,quaz
3182 4569 3541 4633 peraguntur,

1952 4668 2276 4732 prmseutem
2316 4667 2371 4714 te
2413 4659 2633 4715 exhibe.
2668 4656 2785 4711 Tua
2848 4671 3085 4727 namque
3114 4669 3339 4727 egemus
3392 4667 3543 4705 com-

1952 4746 2128 4824 peslta
2206 4753 2408 4807 chorea
2454 4760 2509 4806 et
2562 4750 2856 4806 saltatione
2896 4764 2921 4803 ‘:
2977 4764 3042 4803 ac
3092 4762 3215 4818 quae
3273 4753 3543 4816 occupato

1947 4845 2223 4908 cecinisti,
2249 4860 2313 4900 ea
2347 4858 2495 4898 nunc
2526 4842 2811 4905 accinens,
2835 4854 3140 4910 congruum
3172 4837 3539 4892 ministerium

1946 4938 2133 5009 imple.
2187 4935 2355 4992 Vides
2401 4937 2531 4990 enin
2585 4945 2731 4989 tuam
2773 4934 2967 4995 ﬁliam,
3000 4942 3059 4984 ut
3085 4930 3266 5000 reipsa
3298 4944 3416 4984 eam
3444 4929 3540 4985 de-

1947 5044 2262 5105 precentur,
2296 5048 2461 5102 quam
2494 5032 2646 5086 solus
2682 5030 2919 5101 mystico
2955 5026 3239 5081 intellectu
3296 5041 3361 5080 ac
3390 5040 3541 5079 con-

1948 5127 2308 5197 templatione
2361 5125 2693 5195 deprecatus
2746 5120 2827 5176 es.
2876 5117 3039 5173 Vides
3093 5132 3159 5171 ex
3204 5117 3314 5171 tuis
3363 5126 3538 5168 ortam

1954 5219 2156 5275 lumbis
2180 5232 2365 5273 arcam
2385 5212 2865 5278 sanctiﬁcationis,
2890 5212 2944 5265 in
2976 5222 3327 5265 communem
3346 5221 3539 5262 eorum

1794 5437 2027 5498 ΝΟΤᾹΞ.

256 5530 467 5603 amicos
493 5528 748 5603 'divites,
802 5533 1140 5603 pauperibus
1182 5533 1378 5589 amicis
1432 5531 1754 5599 refundcrc,
1788 5544 1848 5590 ut

255 5616 357 5667 qua
387 5602 471 5656 illi
500 5602 957 5671 insumpsieSent.
998 5605 1069 5657 iis
1098 5604 1426 5659 tractandis.
1482 5606 1678 5659 Verum
1726 5622 1842 5659 nie-

258 5672 362 5744 laus
424 5673 693 5744 quadrat,
744 5673 806 5724 τὸ
856 5676 1291 5744 προκαταϐολή.’
1324 5674 1437 5728 Non
1471 5676 1616 5729 enim
1658 5692 1757 5730 nos
1787 5675 1841 5730 in

261 5740 424 5800 Deum
446 5740 676 5813 priores
709 5740 914 5813 aliquid
948 5740 1308 5810 contuliu'us,
1345 5746 1438 5808 scd
1468 5747 1581 5817 ipse
1608 5746 1840 5801 contulit

1954 5550 2076 5604 quae
2102 5534 2203 5605 ipsi
2237 5550 2337 5591 nos
2361 5541 2550 5604 postea
2574 5531 2921 5605 roll‘eramus';
2985 5547 3085 5588 nec
3128 5532 3351 5605 amicus
3387 5530 3541 5605 (lives

1958 5603 2135 5658 factas
2161 5606 2323 5659 amici
2357 5603 2616 5674 pauperis
2648 5619 2921 5672 expensas
2967 5612 3293 5673 exspectare
3323 5603 3539 5674 debeat,

1952 5676 2046 5755 sed
2077 5672 2395 5747 occupare:
2443 5672 2620 5747 coque
2681 5674 2889 5731 inclino
2952 5682 3008 5729 ut
3040 5672 3111 5731 sit
3152 5672 3536 5744 προκαταϐάλ-

1950 5760 2120 5800 Αουσι.
