4070 6210
217 301 284 368 Il
963 313 1244 374 ORATIO
1270 315 1382 375 III.
1419 341 1488 352 -
1529 316 1611 378 IN
1655 318 1717 379 Β.
1748 319 1800 379 Μ

1905 319 2014 380 LE
2065 319 2778 384 ANNUNTIATIONEM.

3435 322 3510 388 ει

213 419 435 482 ἔδωκας
476 417 752 489 ποίμνιον,
781 419 928 474 δίδου
968 422 1066 490 μὲν
1092 423 1242 492 ἡμᾶς
1280 425 1379 496 τῆς
1410 427 1688 498 ἁμαρτίας
1715 429 1800 483 τοῐ

1913 430 2197 486 credidisti
2229 445 2473 502 gregem,
2501 438 2701 502 praesta
2733 429 2917 493 nobis,
2952 439 3013 484 ut
3041 433 3252 501 peccati
3288 441 3508 492 tumen-

213 508 492 572 κλύδωνος
547 511 853 580 περιεῖναιο
887 511 1035 582 δοίης
1086 514 1146 567 δὲ
1190 515 1416 586 καὶτῆς
1461 517 1570 572 τῶν
1605 519 1814 591 ἐχθρῶν

208 602 541 670 τρικυμίας,
568 600 672 672 ὅση
701 618 760 655 τε
778 602 1120 672 ἀλλοφύλων,
1147 607 1242 659 καὶ
1269 607 1369 678 ὅση
1401 607 1510 662 τῶν
1532 610 1813 680 ὁμογενῶν

211 695 586 749 ἐπανίσταται
614 711 630 726 ο
666 696 761 749 καὶ
787 695 890 767 τὴν
921 695 1022 768 σὴν
1053 700 1398 771 προστασίαν
1424 697 1514 756 οἷα
1547 702 1811 774 πηδάλιον

209 789 348 858 ἡμῖν
376 788 664 853 ἐπιδοῦσα,
687 788 938 854 ἅπαντας
964 791 1061 845 καὶ
1091 792 1561 863 κυϐερνωμένους,
1592 795 1689 849 καὶ
1717 795 1809 850 τὸν

205 875 250 947 ᾧ
281 879 390 951 τὴν
439 880 780 951 κυϐέρνησιν
809 882 1172 954 ἐνεχείρισας,
1210 885 1290 948 εἰς
1321 884 1413 938 τὸν
1439 885 1692 956 ἀκύμονα
1731 888 1812 942 λι-

207 973 353 1042 μένα
379 971 477 1026 τοῦ
511 973 641 1027 Υίοῦ
689 991 786 1028 σου
820 975 1160 1046 καθόρμισον
1189 991 1203 1006 ⁸
1238 977 1368 1031 ἔνθα
1407 979 1558 1032 πᾶσα
1586 981 1812 1051 φαιδρός

200 1079 330 1133 ⁴της.
358 1064 458 1117 καὶ
480 1065 828 1137 χαρμοσύνη,
851 1067 948 1120 καὶ
971 1069 1158 1132 ἄνεσις
1180 1086 1194 1100 ο
1223 1067 1353 1123 ἔνθα
1375 1069 1595 1124 πάντων
1621 1074 1813 1144 ἑορτα-

202 1152 418 1217 ζόντων
447 1155 476 1206 ὁ
496 1151 652 1226 ἦχος,
677 1158 774 1210 καὶ
799 1157 1019 1211 πάντων
1038 1160 1485 1231 εὐφραινομένων
1510 1165 1767 1216 κατοικία
1793 1179 1808 1196 ο

199 1247 265 1298 ἐν
294 1247 528 1318 Χριστῷ
569 1248 746 1318 Ἰησοῦ
773 1247 849 1320 τῷ
879 1251 1069 1320 Κυρίῳ
1096 1252 1275 1321 ἡμῶν,
1302 1245 1348 1320 ᾧ
1371 1253 1469 1306 σὺν
1495 1252 1574 1323 τῷ
1607 1254 1804 1324 ΙΙατρὶ,

202 1339 324 1406 ἅμα
352 1337 438 1408 τῷ
468 1339 614 1408 ἁγίῳ
647 1341 947 1411 Πνεύματι,
971 1341 1122 1408 δόξα,
1143 1343 1368 1412 κράτος,
1390 1344 1548 1416 τιμὴ,
1587 1344 1682 1398 νῦν
1711 1347 1808 1398 καὶ

201 1430 286 1491 εἰς
312 1430 448 1492 τοὺς
483 1430 689 1493 αἰῶνας
717 1431 826 1484 τῶν
857 1430 1093 1488 αἰώνων.
1148 1434 1342 1505 Ἀμήν.

851 1568 1073 1623 ΛΟΓΟΣ
1107 1569 1179 1624 Γ’.

202 1695 311 1761 Εἰς
346 1695 456 1748 τὸν
470 1695 1367 1774 -Εὑαΐγελισμὸγηὸζελχαρὰν
1403 1704 1804 1774 εὐαγγελίσθη

457 1767 805 1835 Παρθένος,
841 1767 940 1821 καὶ
984 1768 1025 1836 ἠ
1065 1767 1542 1841 ἀρὰκατελύθηζ

1923 531 2007 576 tes
2037 536 2365 592 superemus
2397 520 2631 586 ﬂuctus;
2679 529 2876 590 praesta
2907 536 3059 588 vero,
3095 534 3152 578 ιιι
3175 535 3226 578 et
3262 525 3503 583 hostium

1921 614 2192 683 procellas
2223 611 2534 676 eludamus,
2552 612 2597 667 si
2627 627 2748 680 qua!
2770 620 2884 665 tum
2913 614 3192 670 extraneis
3230 617 3505 686 hostibus,
3549 684 3553 687 I

1919 714 2034 760 tum
2061 705 2384 760 domesticis
2410 704 2764 768 excitantur;
2799 711 2949 756 tuam
2983 707 3382 772 protectioncm
3415 725 3507 778 gu-

1916 795 2203 850 bernaculi
2251 797 2428 850 instar
2479 793 2863 864 praetendens,
2918 795 3212 852 universos
3253 805 3367 852 tum
3407 802 3502 869 qui

1913 888 2315 957 gubernantur,
2335 897 2449 944 tum
2475 891 2654 962 ipsum
2680 894 2769 947 cui
2800 898 3126 952 commisisti
3162 898 3505 968 gubernandi

1913 989 2130 1051 partes,
2160 982 2603 1052 intranquillum
2669 981 2790 1039 Filii
2824 986 2900 1040 tui
2933 996 3147 1057 portum
3190 987 3463 1043 subducas
3487 1029 3503 1050 .

1915 1073 2005 1128 ubi
2036 1073 2224 1127 laetitia
2267 1075 2482 1137 oumis,
2524 1078 2899 1148 gaudiumque
2924 1118 2939 1141 ,
2995 1093 3058 1133 ac
3089 1080 3374 1144 remissio;
3411 1080 3502 1134 uli

1912 1167 2159 1222 omnium
2193 1168 2531 1236 epulantium
2563 1185 2755 1236 sonus,
2789 1171 3144 1240 omniumque
3187 1172 3492 1224 hetantium

1917 1257 2181 1310 habitatio
2209 1273 2220 1307 :
2246 1259 2298 1311 in
2331 1257 2553 1313 Christo
2581 1258 2708 1315 Jcsu
2744 1259 2975 1314 Domino
3003 1269 3222 1324 nostro,
3260 1262 3348 1315 cui
3380 1277 3503 1314 cum

1916 1346 2097 1410 Patre,
2133 1364 2352 1418 unaque
2385 1349 2596 1418 Spiritu
2634 1363 2848 1416 sancto,
2883 1352 3078 1419 gloria,
3117 1361 3379 1421 potestas,
3405 1353 3494 1405 ho-

1916 1455 2039 1506 nor,
2075 1455 2222 1494 nunc
2245 1448 2297 1495 et
2335 1441 2388 1495 in
2423 1441 2625 1496 saecula
2661 1443 3013 1497 saeculorum.
3049 1441 3253 1498 Amen.

2505 1575 2766 1632 ORATIO
2827 1577 2917 1632 lll.

1919 1704 1986 1761 In
2017 1708 2492 1784 Annumiationem
2517 1751 2532 1775 ,
2573 1710 2795 1784 quando,
2832 1711 2988 1784 Virgo
3036 1712 3276 1784 [austum
3319 1715 3504 1784 gaudii

1988 1780 2228 1831 nuntium
2257 1784 2476 1849 accepit,
2512 1797 2573 1834 ac
2605 1781 2908 1836 maledictio
2929 1780 3195 1837 dissoluta
3218 1795 3296 1839 est
3319 1780 3418 1856 (5).

1469 1888 1776 1958 (Couusrls.
1806 1889 1844 1943 Ι.
1883 1903 1934 1944 c.
1962 1905 2016 1958 p.
2048 1890 2234 1959 1652.)

286 1999 350 2052 ’0
370 1997 484 2050 τῶν
511 2015 588 2050 πα
597 1997 863 2069 ρθενικῶν
883 1999 1130 2067 λαγόνων
1149 2001 1438 2068 ἀνατείλας
1460 2004 1650 2068 Ἥλιος
1669 2006 1800 2075 Χρι-

1984 2004 2086 2072 Qui
2119 2022 2183 2060 ex
2217 2005 2482 2075 virgineis
2527 2006 2620 2060 Sol
2651 2008 2957 2065 visceribus
2997 2009 3206 2073 oriens,
3239 2011 3498 2068 Christus

206 2092 332 2154 στος
370 2094 400 2144 ὸ
427 2091 595 2155 Θεὸς,
636 2091 730 2144 καὶ
760 2092 1002 2164 σήμερον
1031 2093 1092 2146 τὸ
1133 2095 1402 2168 ἡμέτερον
1431 2096 1533 2168 τῆς
1573 2098 1803 2169 καρδίας

201 2183 520 2253 διαλάμψας
548 2183 774 2254 χωρίον,
804 2179 894 2237 οἷά
921 2203 1040 2238 τινα
1070 2185 1206 2258 ἀνθη
1243 2189 1368 2252 τοὺς
1399 2189 1592 2258 λόγους
1617 2189 1802 2244 δίδωσι

203 2280 402 2348 φέρειν
425 2278 552 2346 ὑμῖν
577 2278 625 2328 ⁸.
660 2277 770 2329 Καί
804 2294 916 2347 μοι,
944 2277 1196 2351 καθάπερ
1220 2280 1502 2351 παλάμας,
1526 2281 1625 2346 τὰς
1661 2299 1799 2351 καρ-

204 2371 350 2433 δίας,
385 2370 451 2422 ἀν
477 2371 584 2437 ἀρα
609 2385 662 2421 τι
688 2369 962 2439 χρήσιμον
987 2369 1199 2442 όρῴητε
1223 2372 1650 2443 ἀπανθιζόμενοι
1683 2374 1796 2428 δια·

204 2463 460 2516 πλώσατε
485 2479 502 2493 ⁶
535 2461 659 2534 Θεῷ
688 2462 788 2533 τὴν
822 2463 984 2534 χάριν
1017 2465 1404 2536 ἀντιφέροντες
1427 2507 1442 2531 ,
1475 2468 1605 2537 παρ’
1641 2459 1702 2520 οὗ
1731 2467 1802 2522 τά

202 2555 475 2610 κάλλιστα
497 2557 650 2626 κοινῇ
677 2555 970 2625 τρυγῶμεν
997 2572 1011 2586 ο
1035 2555 1194 2610 τοῦτο
1216 2557 1315 2626 μὲν
1335 2557 1610 2626 ἑλομένοις
1633 2560 1800 2630 τιμᾷν

200 2651 303 2720 τὴν
329 2649 643 2720 πανήγυριν
665 2664 680 2678 ο
701 2648 858 2702 τοῦτο
878 2648 922 2700 δ’
945 2649 1171 2717 ἀφοσιου
1181 2649 1362 2719 μένοις
1383 2649 1486 2703 τὸν
1500 2649 1634 2721 πρὸς
1658 2650 1801 2720 ὑμᾶς

199 2741 496 2810 ἐγκάρδιον
518 2741 620 2809 τῆς
672 2741 1054 2811 πνευματικῆς
1105 2741 1328 2812 ἀγάπης
1369 2739 1568 2810 ἔρωτα.
1634 2741 1801 2794 Ἀλλά

199 2829 363 2900 δεῦρό
394 2846 508 2900 μοι,
539 2828 838 2899 δημαγωγὲ
864 2828 974 2882 τῶν
1007 2831 1121 2885 ἀνω
1156 2830 1366 2902 δήμων,
1385 2830 1482 2894 τὰς
1515 2832 1800 2902 οὐρανίους

199 2923 398 2991 ἀψίδας
411 2921 756 2990 γαταλιπὼν,
775 2923 842 2994 τῇ
869 2923 1132 2994 Παρθένῳ
1147 2924 1558 2996 λειτούργησον.
1581 2924 1801 2991 Ἔξεστί

201 3031 285 3068 σοι
311 3014 420 3085 γάρ
448 3013 546 3066 καὶ
567 3011 662 3067 νῦν
687 3013 788 3066 οὐκ
815 3016 896 3077 εἰς
920 3013 1176 3083 Ναζαρὲτ
1203 3015 1486 3068 ἐπιστάντι
1524 3013 1802 3085 Ἰουδαῖκῷ

201 3106 411 3178 χωρίῳ,
449 3105 568 3159 ἀλλ’
621 3106 697 3169 ὼς
745 3105 963 3176 ἀληθῶς
995 3108 1053 3162 ἐν
1097 3109 1163 3176 τῇ
1203 3106 1358 3160 πόλει
1400 3105 1494 3161 τοῦ
1528 3106 1801 3172 Βασιλέως

199 3200 436 3270 Κυρίου,
467 3199 531 3253 τὸ
579 3199 724 3253 θεῖον
762 3199 930 3252 αὐτοῦ
961 3199 1060 3270 τῆς
1097 3199 1257 3270 δόξης
1295 3200 1599 3271 ἀνάκτορον
1631 3217 1801 3254 κατα-

202 3293 421 3362 στέφειν
453 3295 578 3354 ταῖς
607 3292 928 3364 εὐφημίαις.
969 3293 1209 3363 Πάρεστί
1241 3309 1323 3345 σοι
1356 3292 1447 3346 καὶ
1473 3292 1568 3347 νῦν
1598 3295 1662 3364 τῇ
1691 3309 1802 3347 πα-

1911 2099 2078 2161 Dens,
2105 2097 2378 2168 hodieque
2408 2099 2583 2152 nostri
2644 2101 2833 2154 cordis
2869 2101 3148 2170 regionem
3178 2103 3502 2169 iIIuSIravit,

1909 2191 2068 2261 quasi
2103 2187 2269 2244 ﬂores
2300 2190 2590 2258 quosdam,
2635 2191 2953 2244 orationem
2983 2191 3234 2260 proferre
3265 2195 3500 2262 tribuit;

1909 2284 2184 2354 velimque
2231 2291 2287 2337 ut
2333 2297 2429 2338 vos
2499 2289 2721 2354 pectora
2769 2285 2946 2337 instar
2980 2299 3246 2339 manuum
3289 2287 3355 2341 ad
3403 2287 3502 2342 de-

1907 2374 2241 2446 ccrpcndum
2277 2375 2596 2442 explicetis,
2649 2374 2694 2430 si
2733 2374 2862 2445 quid
2923 2374 3269 2430 conducibile
3330 2391 3492 2448 aspe-

1914 2467 2028 2522 ctui
2068 2477 2365 2534 occurrat;
2399 2465 2511 2521 Deo
2549 2465 2791 2520 vicissim
2811 2465 3016 2536 gratias
3045 2474 3292 2534 agentes,
3329 2482 3358 2520 a
3390 2483 3500 2538 quo

1911 2559 2284 2630 pulcherrima
2312 2573 2542 2628 quaeque
2569 2557 2852 2612 communi
2902 2572 3069 2612 ttsura
3111 2557 3499 2628 decerpimus:

1910 2649 2126 2711 tribuit,
2157 2648 2407 2719 inquam,
2445 2663 2553 2720 qua
2597 2656 2656 2703 ut
2687 2649 3093 2702 solemnitatem
3133 2647 3347 2703 honore
3375 2665 3502 2720 pro-

1907 2756 2212 2812 sequamur
2233 2779 2248 2805 ,
2279 2755 2386 2812 qua
2418 2748 2483 2796 ,ιιι
2521 2739 2788 2811 spiritalis
2837 2739 3153 2795 dilectionis
3177 2780 3191 2801 ,
3225 2744 3400 2796 nostri
3439 2743 3494 2799 in

1909 2848 2005 2888 vos
2028 2874 2044 2898 ,
2073 2833 2224 2888 cordi
2269 2834 2525 2890 haerentis
2554 2835 2784 2898 amoris,
2813 2832 3060 2887 debitum
3095 2835 3498 2902 persolvamus.

1909 2925 2109 2982 Verum
2158 2927 2766 2996 adesto,supernorum
2818 2925 3145 2996 populorum
3203 2926 3400 2980 ductor
3431 2922 3500 2983 ac

1908 3021 2206 3092 princeps;
2256 3019 2577 3090 relictisque
2624 3018 2944 3074 coelestibus
3002 3019 3230 3085 axibus,
3288 3017 3500 3091 Virgini

1905 3112 2276 3173 ministerium
2319 3109 2593 3182 impende.
2630 3108 2768 3162 Nam
2817 3116 2870 3162 et
2901 3108 3062 3162 modo
3092 3109 3190 3163 tibi
3234 3108 3401 3174 licet,
3439 3118 3499 3163 ιιι

1910 3220 2016 3260 non
2059 3205 2112 3258 in
2158 3202 2470 3270 Nazareth,
2518 3200 2802 3255 Judaicam
2855 3199 3074 3254 delatus
3105 3201 3442 3268 provinciam
3473 3241 3490 3264 ,

1908 3295 2002 3350 scd
2037 3303 2094 3348 ut
2123 3296 2368 3366 profecto
2401 3295 2456 3349 in
2490 3293 2652 3363 Regis
2693 3290 2909 3345 Domini
2992 3289 3309 3357 civitatem,
3355 3291 3498 3346 divi-

202 3385 352 3440 στάδι
383 3385 482 3438 τοῦ
516 3385 862 3454 Μονογενοῦς
902 3386 1249 3456 προσφωνεῖν
1295 3385 1393 3456 τὴν
1437 3385 1646 3456 χαρὰν,
1694 3387 1794 3456 ἣν,

1905 3405 2032 3443 num
2065 3388 2184 3456 eius
2214 3387 2404 3458 gloria:
2434 3386 2695 3455 templum
2759 3381 2952 3436 faustis
3007 3382 3500 3440 acclamationibus

204 3478 368 3531 πάλαι
398 3477 544 3549 αὐτῇ
575 3477 1100 3547 εὐαγγελιζόμενος’,
1141 3477 1344 3548 μᾶλλον
1381 3477 1458 3539 δὲ,
1489 3477 1556 3530 δι’
1582 3477 1797 3546 ἐκείνης

205 3571 387 3641 ἀπάσῃ
419 3573 486 3642 τῇ
513 3571 834 3644 οἰκουμένῃ,
865 3571 1122 3639 ἐΰόησας.
1153 3570 1268 3623 Νῦν
1302 3571 1538 3642 μάλιστα
1565 3568 1798 3639 διαπρύ-

208 3677 314 3712 σων
338 3659 414 3728 τῇ
443 3661 892 3730 κεχαριτωμένη
926 3661 986 3713 τὸ
1015 3660 1212 3728 Χαῖρε,
1242 3661 1386 3723 εἰπὲ,
1417 3661 1484 3714 δι’
1512 3656 1582 3730 ἦς
1615 3663 1643 3713 ὁ
1666 3659 1799 3722 Θεὸς
1827 3707 1832 3712 .

207 3752 293 3803 καὶ
325 3751 546 3822 Πατὴρ,
582 3752 617 3803 ἃ
645 3752 749 3820 πρὸ
776 3751 886 3804 τῶν
909 3752 1121 3804 αἰώνων
1155 3750 1539 3822 βεϐούλευται,
1570 3749 1668 3820 τὴν
1691 3748 1798 3802 τῶν

206 3842 512 3913 ἀνθρώπων
538 3842 889 3913 καταλλαγὴν
909 3883 924 3908 ,
949 3843 1216 3915 ἐπιδημία
1235 3841 1330 3895 τοῦ
1353 3840 1640 3911 ἀγαπητοῦ
1666 3841 1797 3895 Υἱοῦ

205 3937 257 3988 ἐν
285 3937 431 4005 ἀγῖῳ
468 3935 753 4005 Πνεύματι
807 3935 1177 4008 ἐξεπλήρωσε.
1222 3934 1393 3989 Πάλαι
1435 3934 1544 4005 γὰρ
1602 3933 1699 4004 μὲν
1731 3932 1798 3986 δι’

208 4025 440 4094 ὑποψίας
482 4026 658 4078 ὅντων
682 4028 746 4096 τῇ
779 4025 1042 4096 Παρθένῳ
1071 4025 1180 4079 τῶν
1214 4025 1550 4094 εὐαγγελίων
1591 4024 1796 4096 (παρά-

202 4118 321 4181 δοξα
348 4117 463 4186 γὰρ
489 4117 644 4188 παρά
671 4118 850 4171 πάντα
875 4117 1031 4185 λόγον
1059 4117 1222 4188 ἐῴκει
1244 4118 1343 4188 τῆς
1373 4115 1622 4186 φύσεως)
1649 4116 1799 4180 εἰκός

207 4225 261 4261 σε
301 4209 426 4279 μεθ’
459 4208 766 4280 ὑποστολῆς
799 4210 862 4262 τὸ
895 4211 1070 4278 Χαῖρε
1099 4210 1229 4282 βοᾷν
1252 4226 1266 4242 ·
1296 4208 1392 4263 νῦν
1425 4209 1501 4272 δὲ,
1534 4207 1632 4278 τὴν
1659 4208 1799 4280 παῤ-

204 4302 395 4372 ρησίαν
426 4301 585 4353 οὐδὲν
615 4301 1009 4372 ὑποτέμνεται,
1041 4300 1250 4355 Οὐκοῦν
1280 4301 1340 4353 οὐ
1374 4297 1798 4371 προσταράξεις,

204 4394 318 4447 οὐδὲ
381 4393 694 4464 θαμϐήσεις
742 4398 809 4466 τῇ
863 4395 1022 4466 λαλιᾷ
1072 4395 1170 4466 τὴν
1207 4395 1484 4466 Παρθένον
1509 4434 1524 4457 ,
1557 4392 1650 4446 ἐπὶ
1688 4393 1798 4445 τῶν

204 4487 555 4557 πραγμάτων
589 4487 660 4540 τὰ
699 4488 765 4541 σά
810 4488 1107 4557 εὐαγγέλια
1146 4486 1485 4557 καθορῶσαν.
1524 4483 1797 4554 Πρόσελθε

203 4581 291 4630 καὶ
330 4579 593 4648 φθέγξαι,
639 4580 761 4650 οὐχὶ
791 4582 862 4632 τά
891 4579 1098 4634 παλαιὰ
1132 4579 1314 4631 ἐκεῖνα
1349 4593 1364 4609 ο
1400 4577 1698 4644 summa
1731 4573 1801 4627 ἐν

205 4669 436 4736 rumpi,
471 4670 576 4723 καὶ
629 4669 771 4737 τέξῃ
801 4671 968 4723 υἱόν·
1001 4668 1160 4740 ἐξέϐη
1193 4669 1300 4738 γάρ
1325 4681 1340 4699 ⁸
1382 4666 1517 4720 ἀλλά
1548 4667 1631 4734 τί;
1671 4667 1801 4718 Συν-

203 4754 395 4822 ίὶαὸες
421 4761 481 4810 ὲν
514 4759 718 4828 γαστρὶ
743 4758 834 4812 τὸν
881 4759 1285 4829 ἐπειλημμένον
1317 4759 1572 4814 ἁπάντων
1593 4773 1607 4787 ·
1657 4757 1796 4827 ἐχώ-

203 4863 405 4917 ρησας,
436 4848 500 4900 ὃν
543 4849 706 4913 κῦτος
735 4851 985 4922 οὐρανῶν
1013 4851 1073 4904 οὐ
1102 4853 1274 4922 χωρεῖ
1298 4867 1311 4880 ·
1357 4851 1690 4913 ἐϐάστασας,
1732 4842 1794 4902 οὐ

202 4938 376 4990 πάντα
405 4939 744 5007 βαστάζεται
779 4941 857 5011 τῷ
885 4942 1136 5012 νεύματι.
1175 4943 1402 5006 Ἔτεκες
1433 4945 1518 4996 ἐπ’
1547 4943 1792 5011 ἐσχάτων

202 5030 299 5080 τῶν
351 5031 624 5102 ἡμερῶν,
673 5032 733 5086 ὃν
764 5034 871 5105 πρὸ
917 5033 1130 5088 αἰώνων
1167 5035 1460 5107 ἐγέννησεν
1496 5037 1524 5088 ό
1575 5035 1784 5106 Πατήρ.

268 5167 391 5200 ³¹¹³⁸
415 5165 558 5223 Luc.
593 5184 630 5233 ι,
659 5170 751 5227 28.
827 5173 874 5204 "
904 5171 1013 5227 ibid
1047 5172 1140 5226 3|.

1900 3495 1965 3534 ac
2001 3479 2256 3534 laudibus
2300 3494 2557 3533 corones.
2597 3476 2921 3546 Promptum
2955 3485 3071 3539 est,
3105 3484 3164 3528 ιιι
3191 3493 3340 3531 nunc
3364 3491 3498 3546 quo-

1900 3587 2006 3641 que
2039 3568 2316 3639 llnigcniti
2355 3569 2598 3621 thalamo
2624 3567 2901 3620 acclamcs
2924 3567 3070 3635 quod
3106 3565 3154 3619 ei
3189 3566 3319 3618 olim
3348 3583 3490 3618 nun-

1901 3661 2048 3716 tiasti
2074 3700 2090 3724 ,
2124 3661 2208 3732 vel
2261 3659 2446 3729 potius
2475 3674 2573 3728 per
2601 3673 2722 3712 eam
2777 3658 3038 3710 universo
3067 3665 3339 3708 terrarum
3375 3657 3497 3710 orbi

1901 3750 2237 3806 inclamasli.
2261 3750 2417 3805 Nunc
2447 3749 2683 3802 maxime
2747 3749 2896 3801 clara
2938 3762 3000 3803 ac
3033 3746 3356 3816 penetrabili
3397 3763 3495 3800 vo-

1898 3861 1959 3900 cc
1983 3885 1998 3909 ,
2030 3844 2078 3899 ei
2103 3844 2269 3898 dicito
2303 3843 2429 3907 Ave,
2459 3857 2579 3912 quae
2599 3841 2815 3896 exsistit
2852 3840 3194 3910 gratiaplena
3222 3839 3364 3904 ¹¹ο¹²,
3402 3854 3499 3911 ρει·

1899 3953 2064 4006 quant
2115 3935 2258 3990 Deus
2305 3949 2369 3990 ac
2398 3933 2560 3987 Pater
2585 3972 2600 3994 .
2640 3948 2762 4002 qute
2795 3932 3012 3986 saeculis
3044 3931 3304 3985 anteriori
3350 3947 3488 3986 con-

1899 4027 2026 4082 silio
2080 4035 2395 4089 statuerat,
2441 4025 2720 4079 hominum
2775 4023 3032 4077 videlicet
3083 4022 3497 4077 reconciliatio-

1901 4134 2046 4182 nem,
2070 4119 2304 4173 adventu
2340 4117 2658 4172 charissimi
2693 4114 2814 4168 Filii
2845 4115 2954 4177 sui,
2975 4115 3028 4168 in
3063 4113 3270 4183 Spiritu
3299 4125 3496 4168 sancto

1899 4208 2238 4278 alimplevit.
2291 4205 2431 4260 Olim
2487 4205 2712 4276 quidem
2769 4221 2894 4258 cum
2958 4204 3174 4258 faustus
3221 4203 3492 4273 ejusmodi

1901 4300 2129 4354 nuntius
2166 4297 2374 4365 Virgini
2407 4305 2708 4364 suspectus
2741 4302 2888 4348 esset
2917 4310 2930 4355 ;
2961 4308 3136 4347 novus
3165 4297 3389 4364 quippe,
3428 4310 3493 4347 ac

1901 4398 2094 4445 contra
2118 4396 2333 4441 natura:
2355 4395 2524 4440 totam
2564 4386 2856 4444 rationem.
2883 4384 3207 4447 videbatur;
3241 4385 3492 4448 decebat,

1903 4491 1962 4536 ut
1989 4497 2096 4535 non
2132 4480 2254 4535 sine
2281 4477 2588 4546 formidine
2624 4479 2727 4530 Ave
2775 4475 2908 4529 illud
2946 4475 3309 4528 inclamares:
3346 4491 3494 4530 nunc

1903 4583 2084 4630 autem
2135 4572 2274 4627 nihil
2319 4580 2403 4625 est
2436 4570 2580 4641 quod
2635 4569 2942 4623 libertatem
2999 4567 3283 4638 impediat.
3332 4567 3487 4620 Haud

1905 4668 2094 4736 itaque
2145 4663 2325 4719 denuo
2354 4660 2634 4732 Virginem
2681 4658 2954 4722 turbabis,
2983 4673 3084 4714 nec
3117 4659 3169 4711 in
3206 4665 3488 4726 stuporem

1900 4775 1965 4813 ex
2011 4772 2265 4813 sermone
2292 4754 2556 4825 conjicies
2579 4793 2594 4818 ,
2639 4754 2840 4824 quippe
2873 4767 2997 4806 cum
3030 4758 3222 4806 cernat
3268 4765 3329 4804 ea
3365 4764 3489 4820 quae

1901 4848 2191 4912 nuntiasti,
2215 4847 2326 4918 jam
2355 4847 2535 4916 reipsa
2579 4860 2702 4901 esse
2731 4844 3026 4912 completa.
3076 4840 3292 4895 Accede
3317 4857 3382 4896 ac
3413 4841 3492 4895 lo-

1899 4955 2090 5011 quere,
2118 4955 2229 4994 non
2266 4940 2355 5019 illa
2390 4947 2610 4992 vetera:
2649 4935 2922 5004 Concipies
2949 4935 3002 4988 in
3032 4943 3202 4998 utero,
3242 4942 3291 4986 et
3315 4933 3489 5003 paries

1895 5034 2069 5103 ﬁlium
2102 5033 2184 5085 “z
2231 5031 2356 5100 inec
2392 5030 2538 5085 enim
2603 5029 2716 5100 jam
2756 5034 3056 5082 evenerunt
3093 5024 3268 5096 :quid
3319 5026 3490 5095 ergo?

1491 5284 1725 5340 VARI/8
1767 5281 2176 5340 LECTlU‘NES.

268 5386 290 5414 ⁸
321 5377 410 5436 Ia’.
442 5381 599 5455 ἡμῖν.

1716 5446 1944 5505 NOTAE.

270 5554 346 5621 (5)
371 5552 644 5608 Ediderat
664 5548 952 5606 Gretserus
975 5549 1265 5621 septimam
1295 5562 1308 5598 :
1343 5545 1506 5601 malui
1531 5561 1638 5621 ego,
1659 5546 1775 5601 edi-

207 5618 381 5679 tartiin
412 5623 486 5678 ab
508 5625 631 5692 ipso
659 5622 886 5692 primam
913 5635 1112 5692 novum
1133 5618 1315 5681 edere,
1335 5633 1496 5686 quem
1525 5618 1770 5671 ohlinem

212 5709 386 5749 rerum
421 5690 542 5763 ipsa
571 5695 746 5747 series
776 5690 990 5744 videtur
1018 5691 1257 5763 exigi-rc,
1284 5697 1513 5756 excepta
1561 5697 1772 5763 tempu-

211 5777 322 5820 rum
358 5757 613 5831 ratione;
659 5763 932 5834 signiﬁcat
963 5757 1243 5816 enim‘Lco
1275 5774 1468 5815 rcccns
1519 5759 1772 5829 adeptum

1880 5544 2172 5614 imperium
2223 5542 2572 5614 istaorasse.
2616 5538 2856 5594 Paucula
2890 5546 3020 5614 sunt
3047 5537 3102 5614 in
3126 5534 3329 5614 quibus
3365 5546 3473 5586 non

1883 5605 2086 5685 placuit
2118 5613 2356 5668 Gretscri
2390 5613 2592 5678 vcrsiu,
2658 5624 2970 5680 quanquam
2997 5605 3212 5685 fuit-vir
3235 5605 3431 5685 doctus
3460 5617 3474 5664 ;

1883 5673 2004 5755 qua:
2037 5686 2346 5765 tiu-lector,
2375 5673 2588 5740 collata
2613 5673 2907 5752 utriusque
2970 5677 3230 5734 versione
3275 5673 3475 5730 melius

1882 5771 2189 5812 θιτιιειιιιιίε.
