3992 6204
572 302 644 363 23
1796 298 2072 357 LEONIS
2106 298 2566 359 PHILOSOPHI
3489 365 3494 370 ε
3746 296 3819 357 ‘24

571 409 883 480 Conccplsti
925 409 979 462 in
1015 416 1190 472 utero,
1225 422 1288 462 ac
1310 423 1432 462 eum
1461 409 1742 478 complexa
1767 428 1849 473 es,
1878 415 1968 480 qui
2002 428 2147 466 com-

2266 415 2516 484 Πρόσθες,
2548 417 2597 467 εί
2638 414 2841 484 βούλει,
2870 431 2966 483 την
3004 412 3290 483 ἐπαινέτην
3320 410 3413 464 τοῦ
3455 412 3672 479 γυναίου
3706 429 3827 480 φω-

575 502 833 573 plectitur
855 500 1080 553 omnia:
1116 513 1311 568 capere
1353 500 1528 564 licuit,
1562 515 1723 567 quem
1756 504 1879 555 coeli
1910 504 2145 556 latitudo

574 610 680 649 non
714 592 862 659 capit
890 610 902 645 :
963 606 1087 644 eum
1126 593 1356 659 portasti
1381 631 1395 653 ,
1430 591 1591 658 cujus
1622 594 1804 646 omnia
1858 602 1990 646 nutu
2023 610 2149 661 por-

575 690 779 735 tantur.
803 680 1069 747 Peperisti
1106 679 1421 733 novissimis
1445 677 1783 749 temporibus
1812 699 1960 745 eum,
1986 700 2146 751 quem

576 782 701 827 ante
742 771 938 824 saecula
982 773 1143 823 Pater
1179 769 1389 839 genuit.
1442 770 1592 825 Adde
1624 812 1639 835 ,
1690 774 1733 826 si
1779 773 1946 835 libet,
1979 789 2153 827 enco-

574 860 881 914 ntiasticam
927 876 1142 929 quoque
1184 861 1331 913 illam
1386 862 1632 917 mulieris
1671 877 1901 916 vocem:
1955 864 2151 917 Beatus

577 962 746 1006 center
782 962 903 1004 tuus
930 950 997 1003 “.
1057 950 1194 1006 Vere
1245 953 1389 1007 enim
1435 952 1628 1007 beatus
1666 954 1757 1021 qui
1810 966 1930 1007 eum
1998 963 2155 1024 partu

576 1045 808 1097 ediderit
839 1043 933 1111 qui
982 1043 1153 1097 verbo
1193 1044 1367 1097 edidit
1415 1047 1714 1101 universa:
1748 1046 1839 1115 qui
1873 1048 2152 1102 ctelestem

579 1135 729 1187 illum
768 1150 959 1203 panem
1012 1134 1274 1200 miscuit;
1314 1136 1475 1203 cujus
1509 1151 1705 1205 opera,
1748 1137 2028 1190 decretum
2059 1152 2156 1190 ex-

580 1228 687 1281 silii
718 1229 984 1282 adversus
1016 1228 1398 1283 inobedieutia:
1429 1243 1551 1283 reos
1582 1231 1954 1297 conscriptum
1981 1266 1996 1291 ,
2021 1229 2155 1282 abo-

579 1320 735 1373 litum
758 1330 842 1375 est
868 1336 884 1384 ;
930 1322 1244 1385 scitumque
1284 1319 1488 1373 factum
1516 1303 1715 1389 {quod
1746 1321 1810 1372 ad
1841 1321 2152 1388 primmvam

580 1412 813 1480 patriam
861 1411 1171 1467 revertendi
1229 1411 1464 1466 facultas
1504 1411 1921 1466 concederetur.
1970 1409 2156 1479 Neque

2243 509 2362 577 νήνο
2396 509 2672 575 Μακαρία
2701 507 2738 571 ἠ
2788 507 2985 559 κοιλία
3012 521 3147 559 σου.
3186 506 3394 564 Ὄντως
3426 503 3534 573 γὰρ
3578 502 3827 571 μακαρία

2248 598 2280 665 ἡ
2309 595 2543 648 τεκοῦσα
2569 596 2661 648 τὸν
2686 595 3023 649 ὰποτεκόντα
3047 594 3117 647 τὰ
3144 594 3327 647 πάντα
3352 594 3430 662 τῷ
3462 592 3604 660 λόγῳ
3627 607 3640 620 '
3671 594 3705 661 ἡ
3735 591 3830 643 τὸν

2245 686 2497 754 οὑράνιον
2539 685 2702 756 ἄρτον
2728 686 3019 755 φυράσασα
3041 702 3055 716 ο
3096 685 3163 739 δι’
3193 681 3261 757 ἦς
3309 686 3342 754 ἡ
3406 685 3692 754 ὑπερόριος
3725 686 3833 736 ἀπο

2250 776 2501 845 ήλειπται
2540 777 2724 845 γραφὴ
2774 779 2887 839 τοῖς
2908 779 2971 829 ὲκ
3009 776 3291 846 παρακοῆς
3342 775 3689 836 καταδίκοις,
3734 774 3833 824 καὶ

2261 866 2421 920 πάλιν
2447 868 2544 935 τῆς
2589 867 2822 935 ἀρχαίας
2856 866 3151 920 ἐπιϐαίνειν
3185 864 3442 933 πατρίδος
3469 863 3683 932 ἐγράφη
3722 862 3837 931 ψῆ-

2262 976 2379 1027 φος.
2439 958 2571 1011 Οὐδὲ
2608 958 2766 1010 τοῦτο
2817 959 2981 1028 ἐρεῖς,
3038 958 3099 1009 τὸ
3143 958 3294 1008 ποῖον
3339 956 3422 1008 ὃτι
3483 956 3734 1017 καλέσεις
3772 954 3837 1005 τὸ

2260 1052 2432 1120 δνομα
2472 1049 2635 1103 αὑτοῦ
2656 1067 2668 1080 ·
2702 1048 2815 1102 ἀλλ’
2847 1047 3020 1110 εἴποις
3050 1048 3147 1101 ἀν’
3182 1047 3287 1099 Ἴδε
3322 1063 3403 1099 σοι
3434 1046 3500 1101 τὰ
3535 1044 3838 1112 εὐαγγέλια

2262 1138 2341 1201 οἷς
2373 1142 2537 1194 πάλαι
2572 1140 2957 1210 ὴμφισϐήτεις,
2997 1138 3100 1191 ἀνά
3128 1140 3307 1191 πᾶσαν
3331 1136 3428 1207 τὴν
3458 1140 3559 1207 γῆν
3589 1135 3839 1203 μεγαλύ-

2264 1251 2435 1287 νεται.
2480 1232 2708 1300 Σωτῆρα
2758 1231 2864 1300 γὰρ
2912 1230 3001 1282 τὸν
3031 1230 3120 1281 σὺν
3166 1229 3294 1281 Υἱὸν
3344 1231 3521 1282 πάντα
3558 1228 3842 1296 καυχᾶται

2265 1321 2674 1391 ἐπικεκλημένοι
2708 1321 2773 1374 τά
2804 1320 3036 1390 πέρατα,
3063 1320 3119 1389 ὲν
3148 1318 3297 1387 αὐτῷ
3330 1318 3488 1388 μόνον
3519 1316 3614 1386 τὴν
3656 1334 3842 1385 σωτη-

2268 1411 2387 1479 ρίαν
2413 1411 2469 1462 εὑ
2480 1412 2707 1480 ράμενα.
3508 1413 3515 1419 ’

582 1502 711 1553 illud
763 1501 1040 1570 proferes,
1075 1504 1348 1570 quodnam
1373 1503 1493 1570 ejus
1534 1503 1610 1557 sis
1636 1511 1890 1556 vocatura
1926 1516 2163 1567 nomen;
2206 1502 2298 1557 sed
2340 1501 2522 1555 dices:
2559 1500 2697 1555 Ecce
2748 1502 2946 1569 reipsa,
2978 1499 3045 1555 de
3065 1501 3267 1570 quibus
3336 1500 3466 1552 olim
3523 1500 3843 1565 dubitabas,

581 1594 761 1649 fausta
810 1592 998 1644 nttutia
1020 1631 1035 1652 ,
1064 1601 1178 1644 toto
1205 1592 1350 1645 clare
1375 1591 1719 1645 celebrantur
1748 1592 1902 1647 orbe.
1939 1590 2158 1647 Omnes
2189 1592 2336 1647 enim
2369 1594 2503 1647 lines
2536 1606 2691 1647 terra:
2721 1592 3027 1662 gloriantur
3058 1592 3135 1645 ttti
3169 1590 3291 1645 Filii
3356 1593 3724 1658 invocat’one,
3782 1598 3844 1649 in

582 1703 693 1757 quo
733 1687 849 1739 solo
872 1686 1130 1737 invenere
1162 1684 1419 1737 salutem.

655 1779 864 1846 Ergone
892 1776 1145 1828 thronum
1193 1773 1357 1829 David
1392 1776 1735 1845 proparentis
1779 1777 1978 1832 tacitus
2012 1792 2149 1846 prre—
2182 1786 2224 1836 Β

582 1868 771 1921 terihis
798 1907 813 1931 ,
847 1881 913 1917 an
964 1865 1047 1917 vel
1092 1864 1146 1917 in
1188 1865 1379 1933 primis
1414 1865 1535 1933 ejus
1581 1865 1749 1919 facies
1785 1866 2159 1919 mentio-tem?

582 1960 809 2022 Cernis,
838 1958 1005 2025 Virgo
1028 1996 1043 2019 ,
1077 1971 1197 2023 qua:
1241 1956 1340 2009 tibi
1385 1958 1514 2009 olim
1549 1956 1901 2011 nuntiabant?
1928 1955 2155 2019 Cernis,

583 2056 781 2117 quanta
812 2050 979 2117 gloria
1006 2046 1176 2102 Filius
1210 2057 1333 2103 tuus
1361 2056 1645 2117 paternum
1696 2047 1894 2101 solium
1936 2046 2160 2099 teneat?

584 2141 698 2195 Non
744 2141 888 2193 enim
940 2148 1153 2193 tantum
1212 2153 1373 2192 unam
1437 2140 1719 2195 nationem
1790 2140 1998 2193 ditiotte
2068 2156 2157 2194 rc-

584 2234 704 2302 git,
777 2246 954 2301 neque
1013 2246 1175 2284 unam
1260 2231 1593 2301 provinciam
1680 2231 1893 2301 exiguis
1975 2232 2164 2286 termi-

584 2327 673 2379 nis
705 2324 1215 2394 circumscriptam;
1263 2324 1355 2379 sed
1405 2326 1608 2394 pariter
1652 2316 1733 2377 in;
1774 2325 1962 2379 omnia
1995 2326 2161 2379 calle-

585 2416 711 2481 stia,
732 2416 1033 2476 terrestria,
1067 2425 1121 2469 et
1147 2414 1318 2468 infera
1346 2416 1773 2470 dominationem
1808 2416 1990 2471 habet.
2019 2416 2159 2482 Quid

586 2504 793 2572 igitur?
825 2504 904 2555 Att
947 2504 1125 2557 adlmc
1149 2544 1163 2568 ,
1196 2518 1228 2557 o
1259 2504 1499 2559 cmlestis
1537 2520 1734 2574 praeco,
1778 2517 1923 2559 tuam
1968 2509 2154 2561 nobis-

587 2610 710 2646 cutn
742 2594 1107 2646 laudationem
1138 2594 1477 2664 conjunges?
1500 2612 1566 2648 att
1592 2607 1648 2649 ut
1679 2613 1785 2650 non
1817 2598 2039 2666 ignarus
2064 2615 2159 2653 en-

588 2701 730 2745 runt,
756 2684 954 2753 quibus
984 2684 1253 2753 prtecouia
1286 2693 1377 2737 tua
1427 2685 1585 2753 longe
1620 2688 1977 2742 excellentius
2002 2706 2160 2743 exor-

588 2789 708 2837 nes,
735 2782 842 2827 tam
870 2775 1118 2843 grandia,
1156 2776 1542 2829 communione
1578 2786 1775 2833 nostra:
1811 2779 2157 2843 humilitatis,

590 2880 933 2934 nequaquam
962 2866 1193 2935 deprimi
1214 2867 1495 2935 patieris?
1526 2866 1690 2922 Plane
1726 2869 1871 2922 enim
1904 2870 2007 2922 alia
2032 2886 2163 2939 pro-

592 2953 1031 3025 feres,qu:eq'ue
1080 2957 1219 3011 haud
1276 2956 1433 3011 facile
1472 2957 1523 3009 in
1584 2958 1996 3029 intelligentiam
2063 2977 2161 3014 no-

590 3054 784 3108 stram,
813 3054 1029 3099 terrena
1064 3046 1325 3099 nimirum
1363 3047 1595 3117 caligine
1622 3047 2035 3114 circumfusam,
2067 3064 2160 3102 ca-

2327 1770 2448 1840 "Ap'
2482 1766 2574 1822 οὖν
2608 1767 2747 1837 ὲῴης
2775 1766 2863 1819 τὸν
2892 1766 3079 1835 θρόνον
3118 1766 3281 1817 Δαὸὶδ
3312 1765 3405 1819 τοῦ
3454 1769 3800 1839 προπάτορος
3822 1810 3842 1833 ,

2260 1862 2537 1932 ἢπάντων
2578 1856 2810 1925 μάλιστα
2843 1855 3001 1908 τοῦτο
3040 1857 3217 1925 ὲρεῖς;
3266 1856 3462 1925 Ὁρᾷς,
3500 1859 3765 1928 Παρθένε.
3809 1862 3849 1912 ἃ

2260 1953 2427 2005 πάλαι
2468 1951 2701 2020 ἐμήνυον
2730 1965 2744 2011 ;
2806 1948 2991 2020 Ὁρᾷς,
3023 1947 3139 2017 μεθ’
3169 1950 3299 2016 ὅσης
3328 1948 3485 2017 δόξης
3532 1952 3558 2001 ὁ
3590 1950 3678 2012 σὸς
3713 1951 3850 2014 Υἰῖς

2259 2044 2336 2113 τῷ
2382 2040 2632 2111 πατρικῷ
2663 2039 2837 2110 θρόνῳ
2866 2038 3133 2109 κάθηται;
3168 2038 3280 2091 Οὑκ
3323 2039 3509 2102 ἔθνους
3546 2041 3681 2104 ἐνὸς,
3716 2042 3852 2094 οὑόὲ

2260 2140 2362 2206 γῆς
2393 2134 2807 2207 εὑπεριορίστου
2829 2149 2842 2161 °
2880 2131 2994 2185 ἀλλ’
3021 2132 3153 2201 ὁμοῦ
3189 2132 3517 2202 συμπάντων
3547 2133 3847 2202 οὐρανίων,

2261 2229 2353 2281 καὶ
2374 2228 2651 2293 ἐπιγείων,
2679 2226 2771 2281 καί
2803 2225 3170 2293 καταχθονίων
3194 2224 3291 2295 τὴν
3316 2225 3537 2295 κυρείαν
3564 2224 3723 2294 ἔχων.
3774 2227 3853 2278 Τί

2260 2318 2386 2386 civ;
2425 2320 2545 2372 Ἔτι
2574 2319 2669 2371 σὺν
2699 2319 2828 2387 ἡμῖν
2870 2317 3121 2380 εἰσοίσεις
3160 2316 3254 2387 τὴν
3286 2319 3578 2386 εὐφημίαν,
3609 2320 3636 2370 ὀ
3668 2320 3848 2387 οὐρά-

2258 2435 2372 2479 νιος
2416 2413 2823 2484 πανηγυριστὴς
2845 2455 2858 2476 ,
2888 2412 2919 2483 ἦ
2959 2414 3052 2466 ἅτε
3082 2412 3256 2475 εἰδὼς,
3283 2407 3363 2475 οἷς
3394 2412 3570 2482 πολλῷ
3616 2413 3851 2481 ἄμεινον

2261 2510 2360 2579 τὴν
2398 2508 2495 2577 σὴν
2530 2508 2831 2576 πανήγυριν
2878 2504 3161 2573 σεμνύνεις
3187 2544 3201 2567 ,
3239 2505 3336 2556 οὑκ
3376 2506 3542 2574 ἀνέχῃ
3567 2505 3633 2557 τὰ
3672 2505 3740 2556 σὰ
3772 2509 3849 2574 τῇ

2260 2600 2507 2669 ἡμετέρᾳ
2535 2596 2918 2650 ταπεινοῦσθαι
2950 2596 3238 2665 κοινωνίᾳ;
3278 2596 3468 2659 Εἴποις
3505 2598 3609 2666 γὰρ
3644 2598 3708 2648 ἂν
3745 2599 3853 2650 καὶ

2262 2691 2374 2745 ἀλλ’
2406 2690 2562 2752 ἅττα,
2594 2689 2627 2742 ἆ
2684 2688 2781 2758 μὲν
2816 2688 2949 2757 πρὸς
2996 2688 3091 2757 τὴν
3134 2688 3405 2759 ἡμετέραν
3450 2688 3720 2749 διάνοιαν,
3753 2684 3853 2742 οἷα

2262 2784 2326 2853 δὴ
2376 2785 2475 2853 τῆς
2507 2782 2741 2853 γεώδους
2787 2782 3015 2851 ὁμίχλης
3050 2781 3485 2851 ἐπιπροσθούσης
3509 2820 3523 2842 ,
3554 2782 3613 2832 οὑ
3658 2782 3860 2851 ῥᾴδιον

2264 2877 2585 2945 φαίνεσθαι·
2648 2876 2712 2929 σὺ
2770 2876 2814 2929 δ’
2873 2874 3294 2943 ἀπηλλαγμένος
3350 2874 3545 2942 γνόφου
3599 2875 3855 2937 παντός’

2268 2968 2467 3038 μᾶλλον
2509 2967 2552 3019 δ’
2586 2967 2693 3020 ἀπὸ
2719 2965 2810 3018 τοῦ
2835 2966 3049 3034 πρώτου
3081 2964 3255 3033 φωτὸς
3282 2964 3549 3035 μηδεμιᾶς
3578 2963 3678 3034 τὴν
3711 2964 3863 3033 μέθ-

2266 3060 2376 3125 εξιν
2424 3057 2851 3128 διατειχιζούσης
2894 3055 3125 3117 ὑλώδους
3172 3056 3483 3117 συστάσεως
3557 3054 3864 3125 ἐκλαμπό-

590 3136 757 3191 dant:
791 3146 844 3190 at
883 3149 938 3191 tu
1002 3140 1263 3193 omnibus
1307 3139 1548 3194 tenebris
1577 3140 1810 3203 solutus,
1840 3149 1893 3194 et
1928 3156 1958 3193 a
1991 3142 2160 3209 primo

2271 3170 2448 3222 μενος,
2484 3152 2543 3204 οὑ
2575 3127 2826 3221 χαλεπῶς
2859 3150 3114 3219 καθορᾷς.
3168 3148 3327 3203 Ἀλλά
3364 3147 3438 3218 τῷ
3481 3148 3579 3217 μὲν
3614 3148 3865 3218 ἀρχηγῷ

592 3229 948 3283 collustratus
983 3229 1206 3295 lumine,
1239 3246 1267 3283 a
1302 3232 1459 3299 cujus
1490 3231 1906 3301 participatione
1937 3234 2085 3288 nulla
2118 3241 2171 3289 te

594 3321 891 3373 materialis
926 3322 1206 3375 concretio
1251 3330 1437 3387 arcet,
1497 3322 1609 3377 lta'c
1662 3322 1823 3378 facile
1868 3325 2167 3378 contueris.

596 3410 841 3478 Verum,
897 3414 1201 3483 principem
1255 3416 1614 3484 angelorum,
1665 3430 1729 3469 co
1785 3431 1893 3485 quo
1938 3415 2171 3470 voluerit

592 3502 788 3566 modo,
826 3504 1192 3559 laudationem
1244 3505 1533 3560 instituere
1578 3507 1849 3562 sinamus.
1894 3506 2006 3562 Nos
2042 3522 2169 3562 vero

593 3595 763 3663 quid?
810 3593 949 3649 Num
994 3597 1082 3650 hic
1134 3597 1359 3668 gradum
1402 3597 1662 3667 ligemus,
1710 3598 1895 3668 illique
1927 3599 2064 3661 soli,
2096 3598 2167 3653 ob

593 3691 963 3757 pneslantiam
999 3689 1283 3760 dignitatis
1315 3707 1419 3758 qua
1463 3706 1562 3746 nos
1598 3692 1881 3761 praecellit,
1913 3692 2167 3745 commit-

595 3788 793 3839 tenms.
828 3790 884 3833 ιιι
922 3780 1182 3850 Reginam
1236 3791 1421 3837 nostra
1458 3798 1520 3836 ex
1573 3786 1740 3853 stirpe
1773 3794 1949 3837 ortam
1989 3783 2167 3838 laudi-

595 3867 697 3921 bus
732 3868 1089 3923 cohonestet?
1120 3873 1198 3924 An
1220 3881 1272 3925 et
1303 3883 1697 3939 nos,quantutn
1713 3876 1929 3943 assequi
1954 3875 2164 3939 lieehit,

594 3972 688 4010 ora
710 3960 760 4011 in
787 3957 972 4011 laudes
1002 3958 1311 4013 solvamus?
1340 3961 1598 4028 Equidem
1619 3965 1690 4015 ita
1714 3978 1931 4019 censeo.
1960 3964 2165 4028 Quam-

597 4052 682 4104 vis
713 4051 857 4104 enim
901 4051 993 4104 ille
1054 4051 1233 4107 laudis
1292 4055 1535 4107 texendae
1561 4053 1775 4108 doctior
1823 4056 2021 4109 artifex
2058 4063 2164 4121 est,

596 4141 729 4194 nihil
754 4134 933 4195 tamen
975 4139 1181 4211 Regina
1205 4142 1383 4197 minus
1402 4143 1576 4200 libens
1595 4144 1663 4199 ab
1686 4146 1752 4199 iis
1771 4146 2020 4215 accipiet,
2038 4162 2162 4217 quo-

2268 3244 2375 3296 τῶν
2406 3244 2671 3311 ἀγγέλων,
2693 3244 2840 3305 ὅπως
2868 3244 2933 3296 ἂν
2950 3242 3207 3311 βούλοιτο,
3235 3242 3353 3295 καθ’
3380 3242 3541 3295 αὑτὸν
3563 3240 3865 3293 διαθέσθαι

2268 3334 2364 3405 τὴν
2409 3334 2683 3403 εὐφημίαν
2729 3335 3071 3405 παρήσομεν.
3122 3333 3313 3401 ῚΙμεῖς
3350 3333 3408 3385 δὲ
3461 3333 3547 3397 τί;
3590 3328 3717 3400 Ἆρ’
3764 3334 3866 3383 ὲν-

2266 3426 2440 3479 ταῦθα
2485 3427 2865 3497 καταλύσομεν
2900 3426 3093 3495 ἐκείνῳ
3130 3426 3273 3496 μόνῳ
3317 3425 3747 3486 καταλιπόντες,
3786 3424 3867 3477 δι’

2268 3522 2333 3590 ἣν
2379 3518 2487 3587 ἔχει
2532 3519 2670 3587 πρὸς
2708 3520 2854 3589 ἡμᾶς
2889 3517 3227 3587 ὑπερϐολὴν,
3278 3517 3376 3585 τὴν
3424 3519 3486 3569 ἐκ
3523 3515 3617 3568 τοῦ
3656 3516 3869 3584 γένους

2274 3610 2518 3681 βασιλίδα
2543 3610 2821 3681 γεραίρειν
2843 3650 2857 3673 ,
2882 3609 2914 3678 ἢ
2946 3609 3040 3662 καὶ
3068 3610 3225 3677 ἡμεῖς
3249 3609 3369 3661 ὅσον
3394 3609 3610 3676 semp”
3639 3608 3743 3659 οὐκ
3777 3611 3870 3671 είς

2274 3700 2514 3771 ἀφωνίαν
2544 3698 3019 3769 περιστησόμεθα;
3049 3698 3261 3763 Ἔγωγε
3281 3695 3436 3748 τοῦτό
3463 3713 3621 3764 φημι.
3653 3695 3716 3745 Εἰ
3743 3693 3870 3767 γὰρ

2275 3792 2370 3843 καὶ
2399 3791 2621 3860 ἄμεινον
2656 3790 2816 3852 αὑτὸς
2842 3787 3186 3850 διασκευάζει
3217 3786 3314 3856 τὴν
3345 3786 3638 3856 εὐφημίαν,
3668 3785 3792 3838 ἀλλ’
3831 3788 3869 3855 ἦ

2274 3900 2336 3948 γε
2372 3882 2588 3945 Βασιλις
2618 3882 2725 3934 τῶν
2758 3880 3031 3948 συγγενῶν
3060 3880 3159 3931 οὑκ
3187 3878 3507 3947 ἀηδέστερον
3531 3876 3732 3941 δέξαιτ’
3770 3878 3871 3931 ἄν.

2280 3975 2485 4025 Ἰσασιν
2535 3973 2570 4027 ἃ
2614 3974 2756 4043 λέγω
2778 4015 2807 4040 ,ς
2848 3976 2961 4026 ὅσοι
3005 3970 3072 4024 τὰ
3114 3970 3346 4040 συγγενῆ
3391 3969 3586 4039 φίλτρα
3629 3967 3875 4038 καθαρᾶ

2274 4063 2687 4133 περισῴζουσιν.

596 4246 714 4284 rum
734 4232 1052 4300 cognatione
1083 4233 1299 4302 gaudet,
1334 4232 1545 4289 Norunt
1567 4251 1689 4306 qua:
1718 4236 1862 4301 dico,
1895 4245 2163 4307 quotquot
2183 4238 2524 4307 cognationis
2545 4252 2782 4292 anim-cm
2809 4238 3073 4293 illibatum
3106 4239 3482 4307 integrutttqtte
3505 4235 3877 4292 custodiunt.

666 4322 806 4393 Ergo
835 4333 889 4376 et
915 4338 1015 4378 nos
1053 4325 1295 4395 virgineo
1325 4326 1565 4382 thalamo
1592 4328 1930 4399 hymenzeum
1959 4329 2161 4384 decan-

595 4424 792 4471 tcmus.
826 4415 996 4473 Porro
1032 4420 1171 4475 nihil
1212 4423 1466 4491 prohibet
1499 4432 1557 4477 ut
1594 4440 1661 4480 ne
1691 4425 1953 4496 hymenmi
1994 4425 2159 4480 totius

2340 4330 2549 4383 Οὐκοῦν
2579 4332 2677 4384 καὶ
2702 4334 2863 4399 ἡμεῖς
2897 4330 2974 4398 τῷ
3015 4331 3263 4399 νυμφῶνι
3300 4330 3437 4382 κατά
3470 4328 3559 4379 τὸν
3589 4327 3880 4394 ὑμέναιον

2267 4421 2503 4492 ᾄδωμεν.
2534 4420 2700 4473 Οὐδὲν
2726 4422 2782 4474 δὲ
2814 4421 3010 4474 κωλύει
3035 4415 3123 4474 οἷά
3150 4438 3271 4473 τινα
3303 4420 3543 4490 κορυφὴν
3567 4418 3677 4470 τῶν
3713 4420 3877 4489 ὑμε-

594 4508 742 4562 velut
777 4518 940 4579 caput
970 4512 1242 4580 quoddam
1280 4530 1467 4569 vocem
1504 4516 1679 4586 angeli
1707 4524 2036 4571 statuamus.
2060 4515 2160 4569 Ne-

2270 4513 2433 4564 ναίων
2463 4512 2650 4565 θέσθαι
2676 4512 2773 4581 τὴν
2805 4513 2898 4564 τοῦ
2926 4513 3159 4579 ἀγγέλου
3192 4516 3393 4582 φωνήν.
3419 4511 3549 4563 Οὐδὲ
3583 4510 3698 4580 γὰρ
3728 4530 3801 4562 πε
3816 4516 3881 4581 pi.

595 4617 701 4667 qne
732 4602 876 4653 enim
924 4603 994 4655 ob
1022 4605 1073 4656 id
1110 4606 1271 4659 nobis
1332 4606 1551 4661 Gabriel
1583 4608 1729 4662 litem
1782 4608 2047 4673 intendet,
2091 4612 2160 4662 si~

2266 4602 2469 4669 ταύτης
2504 4604 2634 4671 ἡμῖν
2666 4602 2907 4674 Γαόριὴλ
2958 4602 3400 4674 ἀμφισϐητήσει,
3435 4602 3514 4652 ὅτι
3564 4600 3658 4651 καὶ
3700 4604 3880 4671 ποιρὰ

597 4690 818 4758 quidem
868 4692 958 4744 ille
1006 4708 1035 4745 a
1072 4694 1292 4764 Regina:
1350 4712 1469 4751 eam
1520 4707 1805 4767 acceperat
1858 4698 1995 4755 Filio
2021 4670 2042 4767 ,τ
2073 4703 2160 4771 qui

2266 4694 2361 4747 τοῦ
2398 4694 2591 4756 Παιδὸς
2624 4695 2721 4763 τῆς
2767 4693 3041 4757 Βασιλίδος
3087 4694 3253 4761 αὐτὴν
3293 4670 3535 4755 ἐδέξατψ
3580 4694 3883 4763 συγγενὴς

598 4780 715 4859 ipse
761 4780 988 4849 junctus
1033 4783 1189 4836 nobis
1231 4794 1315 4838 est
1346 4787 1711 4854 cognatione:
1754 4802 1817 4842 ac
1851 4804 1915 4843 eo
1944 4805 2159 4860 accepe-

2266 4784 2310 4837 δ’
2342 4784 2501 4859 αὐτὸς
2530 4786 2661 4854 ἡμῖν
2686 4802 2697 4813 ·
2734 4786 2826 4838 καὶ
2856 4784 2995 4838 ὥστε
3028 4784 3163 4853 πρὸς
3199 4784 3343 4853 ἡμᾶς
3380 4781 3699 4851 ὑπηχῆσαι,
3735 4782 3873 4834 £655-

598 4877 681 4923 rat
713 4870 837 4934 fine,
865 4881 922 4924 ttt
950 4872 1155 4927 nostris
1195 4888 1315 4927 eam
1353 4876 1576 4931 auribus
1605 4878 1931 4934 succitteret.
1970 4880 2160 4933 Accla-

2270 4877 2417 4941 ξατο.
2441 4877 2614 4945 Χαῖρε
2639 4877 2925 4947 τοιγαροῦν
2944 4879 3009 4945 τῇ
3046 4875 3457 4944 κεχαριτωμένη
3484 4874 3698 4943 βοῶμεν
3722 4892 3735 4904 ·
3769 4874 3886 4930 διὰ

600 4974 811 5015 menius
841 4962 1004 5032 igitur
1032 4964 1175 5031 Ave,
1213 4965 1289 5019 illi
1354 4968 1633 5036 gratiose;
1678 4985 1774 5038 per
1820 4981 1867 5025 te
1907 4971 2160 5025 Dominus

2274 4968 2366 5019 σοῦ
2408 4970 2435 5020 ὁ
2463 4968 2665 5037 Κύριος
2699 4966 2815 5035 μεθ’
2842 4965 3219 5035 ὴμῶν.Βραχὺ
3257 4964 3351 5035 τὴν
3384 4963 3564 5033 φωνὴν
3599 4963 3847 5018 ὑπαλλὰ
3870 4996 3888 5004 ~

598 5053 904 5108 nobiscum.
965 5054 1249 5111 Paululum
1319 5058 1601 5112 immutata
1666 5074 1798 5115 voce
1869 5063 2160 5116 clamemus

2274 5059 2481 5122 ξαντες,
2519 5058 2693 5125 Χαῖρε
2717 5058 2946 5127 βοῶμεν,
2971 5058 3003 5124 ἡ
3034 5055 3222 5123 ὥσπερ
3251 5054 3434 5124 κρίνον
3470 5055 3524 5107 ὲν
3562 5054 3720 5123 μέσῳ
3764 5059 3891 5112 τοῦ

597 5143 741 5205 Ave;
772 5151 849 5206 tu,
888 5142 1131 5214 inquam,
1173 5163 1293 5216 qua:
1322 5155 1581 5216 tanquam
1610 5149 1779 5202 lilittttt
1819 5151 1863 5180 "
1894 5151 1946 5204 in
1988 5152 2160 5205 medio

2272 5150 2682 5219 πολυσυγχὺτου
2716 5148 2822 5202 τῶν
2876 5147 3061 5204 παθῶν
3104 5146 3306 5216 χωρίου
3354 5145 3452 5213 τῆς
3496 5144 3894 5218 ἀνθρωπίνης

598 5238 976 5293 confusissimi
1024 5256 1087 5294 ac
1132 5241 1595 5309 perturbatissimi
1655 5243 1905 5296 humanm
1956 5252 2160 5296 natura!

2274 5241 2487 5309 φύσεως
2520 5241 3012 5310 ἀναϐλαστῆσασα,
3049 5240 3142 5291 καὶ
3172 5239 3259 5291 διὰ
3300 5238 3457 5290 τοῦτο
3498 5237 3591 5288 τοῦ
3644 5239 3893 5294 οἰκείου

601 5328 920 5394 passionum
972 5332 1085 5400 agri
1135 5333 1425 5389 efﬂoruisti
1452 5350 1466 5399 ;
1512 5335 1862 5403 quamobrem
1892 5351 1983 5389 rex
2013 5350 2041 5386 a
2069 5350 2160 5389 sua

2274 5330 2440 5397 ὕψους
2485 5330 2771 5393 ἀκενώτως
2823 5331 2851 5381 ό
2899 5328 3151 5398 βασιλεὺς
3202 5327 3517 5389 κατελθὼν,
3568 5327 3710 5394 μετά
3747 5330 3894 5382 τῶν

600 5414 959 5481 celsitudine,
994 5419 1129 5473 nihil
1181 5422 1295 5490 ipse
1344 5424 1652 5478 detrimenti
1691 5440 1884 5492 passus
1932 5424 2160 5479 descen-

2272 5422 2423 5474 κάτω
2464 5421 2811 5491 συνῴκησεν·
2874 5423 2938 5473 ὲκ
2970 5420 3068 5489 τῆς
3123 5422 3220 5489 σῆς
3276 5419 3503 5480 εὐωδίας
3554 5418 3648 5469 τὸν
3703 5413 3901 5476 οἷκον

600 5501 767 5569 deus,
807 5520 932 5559 cum
976 5508 1261 5578 terrigenis
1298 5512 1591 5580 habitavit;
1634 5530 1755 5570 cum
1798 5531 1863 5569 ex
1911 5524 2003 5569 tua
2059 5515 2160 5570 sibi

2274 5516 2583 5586 πηξάμενος
2613 5514 2810 5586 ἑαυτῷ.
2848 5515 3050 5583 Xal'ps,
3104 5515 3194 5568 τὸν
3250 5514 3499 5585 οὐράνιον
3534 5514 3671 5583 ἡμῖν
3720 5516 3899 5571 ἀνα-

675 5674 718 5705 ³⁵
752 5674 877 5731 Luc.
918 5695 973 5741 tt,
1006 5679 1094 5733 9.7.
1176 5683 1216 5715 ’δ
1263 5685 1414 5738 Cant.
1478 5705 1533 5753 tt,
1590 5691 1640 5746 Ξ.
