4070 6210
216 340 285 406 23
991 344 1277 405 ORATIO
1312 347 1427 407 IlI.
1449 370 1506 383 -·
1543 346 1622 408 IN
1648 348 1712 408 B.
1747 347 2009 408 MANE
2044 345 2758 408 ANNUNTIATIONEM.
3445 349 3518 412 36

215 456 475 523 πτύξασα
507 459 880 529 μαργαρίτην,
905 452 1046 512 διὀὖ
1076 459 1174 528 τῆς
1203 460 1534 530 προγονικῆς
1557 462 1822 532 πτωχείας

1934 460 2307 529 suaveoleutia
2353 459 2576 514 domum
2613 459 3037 516 construxisset.
3085 461 3212 527 Ave,
3242 477 3365 532 qua:
3395 479 3512 520 coa-

213 549 646 619 άπηλλάγημεν.
680 549 877 618 Χαῖρε,
909 549 977 602 δί⁹
1005 545 1073 621 ἧς
1103 552 1183 616 είς
1215 551 1496 620 ἀμείνονος
1522 555 1820 609 ἀνανέωσιν

1925 548 2114 606 lestem
2148 549 2501 620 margaritam
2533 549 2694 605 nobis
2722 549 3028 614 reclusisti,
3055 564 3163 620 qua
3210 566 3404 607 sumus
3445 553 3515 606 ab

214 641 427 710 κόσμου
451 640 551 693 τοῦ
579 640 774 705 γένους
795 641 1273 710 κατακλυζομένου
1302 643 1525 713 σπέρμα
1547 643 1821 713 σωτηρίας

1922 642 2067 696 avita
2110 647 2352 711 egestate
2386 640 2622 694 liberali.
2655 645 2778 704 Ave,
2810 656 2907 712 per
2934 657 3098 710 quam
3125 685 3141 708 ,
3169 643 3238 697 ad
3271 645 3513 698 melioris

211 730 542 801 ﬁte-mpqu.
585 730 784 799 Χαῖρε,
821 731 1036 802 ῥάϐδος,
1083 727 1153 802 ἦς
1206 732 1608 802 ἐπειλημμένος
1636 735 1664 786 6
1697 732 1818 786 δεύ-

1960 731 2109 786 iundi
2137 730 2573 801 reparationem,
2605 731 2848 786 humano
2865 732 3050 801 generi
3098 733 3262 789 undis
3291 734 3510 795 obruto,
3556 786 3563 794 ,

212 835 375 888 τερος
420 819 669 889 Μωσῆς,
709 819 913 888 μᾶλλον
939 819 996 871 δέ
1028 819 1123 872 τοῦ
1167 819 1397 873 παλαιοῦ
1446 820 1817 892 πρεσϐύτερος

1921 840 2110 880 semen
2153 825 2352 879 salutis
2400 832 2784 878 conservatum
2835 825 2957 879 fuit.
3005 827 3148 892 Are,
3183 827 3372 897 virga,
3405 844 3510 915 qua

213 911 309 963 καὶ
345 911 649 978 δεσπότης,
697 910 907 978 βυθίζει
960 909 1060 979 μὲν
1108 913 1234 974 τοὺς
1271 911 1598 978 διώκοντας,
1653 912 1814 977 σώζει

1921 925 2203 984 assumpta
2233 954 2248 977 ,
2287 914 2567 969 seetindus
2599 912 2780 969 Moses
2806 954 2821 980 ,
2869 929 2962 970 seu
2996 917 3181 985 potius
3209 918 3377 971 veteri
3416 909 3510 970 illo

213 1004 267 1056 δὲ
299 1005 432 1066 τοὺς
463 1003 545 1073 τῷ
577 1001 739 1072 πηλῷ
773 1003 868 1055 καὶ
919 1001 1124 1072 πλίνθῳ
1167 1003 1266 1073 τῆς
1309 1003 1586 1074 ἁμαρτίας
1625 1022 1816 1076 τετρυ-

1921 1008 2132 1071 senior,
2162 1005 2560 1076 Dominusque,
2594 1019 2719 1061 eum
2751 1014 3133 1074 persecutores
3166 1009 3464 1083 submergit
3492 1048 3506 1069 ,

212 1094 527 1163 χωμένους.
550 1092 750 1162 Χαῖρε,
772 1094 1089 1164 παράδεισε,
1110 1086 1170 1146 οὗ
1185 1093 1263 1164 τῷ
1275 1095 1474 1166 καρπῷ
1493 1097 1815 1166 τραφέντες,

1921 1108 2035 1152 tum
2070 1111 2168 1152 eos
2213 1096 2411 1160 salvat,
2443 1111 2586 1164 quos
2614 1095 2765 1149 labor
2795 1095 2892 1148 luti
2951 1104 3008 1156 et
3036 1096 3265 1150 laterum
3301 1101 3506 1166 peccati

213 1188 301 1238 τὸν
337 1186 696 1254 προσφυέντα
724 1188 858 1257 ἡμῖν
903 1185 1228 1256 φθοροποιὸν
1268 1186 1346 1238 ἰὸν
1395 1187 1812 1256 ἀνεπτύσαμεν,

1918 1191 2239 1244 attriverat-
2255 1189 2386 1250 Ave,
2426 1186 2683 1257 paradise
2705 1225 2722 1251 ,
2753 1187 2916 1257 cujus
2947 1187 3042 1240 alti
3085 1186 3299 1251 fructu,
3336 1188 3507 1242 adna-

215 1277 351 1343 πρὸς
398 1275 650 1345 ἀνθηρὰν
701 1275 757 1327 δέ
798 1275 893 1326 καὶ
927 1275 1124 1345 ἀγήρω
1159 1273 1302 1326 ίδέαν
1345 1274 1812 1343 μετεποιήθημεν.

1918 1287 2024 1334 tam
2076 1279 2326 1334 lethaletn
2381 1278 2687 1346 rubiginem
2747 1277 3086 1346 abjeclutus,
3133 1286 3184 1332 et
3249 1277 3316 1332 ad
3353 1278 3505 1333 ﬂori-

215 1364 554 1435 Βουληθείης
585 1365 652 1438 ἂν
683 1367 816 1435 ἡμῖν
843 1364 1182 1435 ἐπιτρέπειν,
1208 1364 1408 1434 ἄμωμε
1443 1363 1671 1434 Νύμφη,
1704 1363 1814 1417 τῶν

1922 1373 2057 1438 dam;
2091 1370 2343 1439 seniique
2386 1379 2664 1438 expertem
2739 1368 2970 1422 formam
3018 1367 3256 1422 traducti
3293 1384 3503 1423 sumus.

216 1457 323 1508 σῶν
363 1458 697 1528 μνήστρων,
735 1457 772 1511 ἂ
818 1459 846 1509 ὁ
885 1457 1073 1527 Πατὴρ
1103 1457 1190 1510 διὰ
1235 1456 1344 1510 τῶν
1393 1455 1690 1527 ὑποφητῶν
1720 1456 1812 1510 τοῦ

1916 1463 2149 1519 Libetne
2203 1461 2491 1533 permittas
2517 1502 2531 1526 ,
2565 1476 2598 1516 ο
2651 1460 3004 1515 immaculata
3046 1460 3259 1530 Sponsa
3284 1498 3300 1523 ,
3351 1469 3409 1514 ut
3437 1462 3503 1514 atl

167 1545 170 1550 ’
215 1547 536 1616 Πνεύματος
584 1549 912 1617 ἐχαρίσατο,
959 1549 1040 1610 είς
1088 1545 1354 1616 ἐργασίαν
1385 1547 1486 1617 τῆς
1537 1547 1774 1617 εὐφημία

1916 1553 2250 1624 pertexenda
2280 1561 2373 1607 tua
2402 1553 2683 1623 praeconia
2714 1551 2782 1606 iis
2812 1551 3136 1615 abutamur,
3170 1566 3291 1621 quae
3320 1550 3501 1615 Pater,

211 1638 485 1701 λαδόντας
527 1638 950 1709 ἀποχρήσασθαι
978 1655 993 1704 ;
1027 1639 1138 1690 Καὶ
1165 1637 1333 1702 ἐστιν,
1377 1639 1472 1690 καὶ
1502 1639 1809 1709 ἐπιτρέπει.

1913 1645 2062 1700 velut
2121 1644 2436 1712 nuptiarum
2497 1652 2717 1701 tuarum
2764 1644 3158 1709 arrhabonetn,
3224 1659 3321 1714 per
3375 1646 3502 1715 Spi-

211 1731 406 1799 Χαῖρε,
439 1730 532 1783 διὰ
560 1729 724 1783 τοῦτο
751 1729 986 1800 βοῶμεν,
1017 1723 1062 1782 ὧ
1092 1730 1242 1800 βᾶτε,
1274 1731 1342 1783 δι’
1381 1725 1448 1802 ἧς
1491 1731 1552 1783 τὸ
1581 1732 1813 1800 ὑπερθυ-

1916 1737 2059 1790 ritus
2099 1737 2280 1791 sancti
2311 1737 2642 1806 interpretes
2677 1750 2742 1791 ac
2777 1735 3175 1800 internuntios,
3231 1737 3503 1791 donavit?

213 1822 398 1892 ρὰνιον
426 1821 688 1890 ἐδηλοῦτο
722 1824 1042 1891 μυστήριον,
1086 1821 1280 1892 ὅτιπερ
1310 1821 1370 1875 τὸ
1415 1822 1678 1875 άοτεκτον
1707 1822 1808 1892 τῆς

1909 1827 2064 1882 Licet
2092 1826 2298 1896 utique,
2332 1829 2726 1897 pertnittitque.
2762 1826 2944 1892 Salve,
2985 1826 3150 1898 igitur
3177 1827 3499 1889 clallletltlla',

210 1914 483 1983 Θεότητος
527 1913 639 1982 πῦρ
679 1913 782 1980 τῆς
823 1912 1170 1983 ἀνθρωπίνης
1209 1913 1340 1983 ὕλης
1383 1913 1807 1984 ἐπειλημμένον,

1911 1933 1946 1972 o
2003 1918 2233 1983 rube",
2288 1931 2384 1988 per
2440 1933 2602 1986 quem
2662 1917 2820 1972 emlis
2887 1917 3055 1972 altius
3115 1917 3501 1972 deelarabatur

213 2004 301 2057 τοῦ
337 2003 440 2075 μὲν
471 2006 652 2072 φωτὸς
693 2005 877 2074 ἐνήσει
915 2005 1012 2072 τὴν
1058 2006 1294 2074 μετοχήν
1320 2021 1334 2036 ο
1370 2006 1430 2057 οὐ
1481 2005 1806 2073 καταφλέξει

1911 2008 2236 2079 mysterium
2290 2024 2304 2059 :
2363 2017 2422 2061 ut
2466 2008 2726 2061 nimirum
2775 2009 3137 2078 itnportabilis
3176 2008 3267 2063 ille
3316 2007 3500 2064 Deita-

209 2095 288 2158 δὲ,
311 2095 423 2146 οὐδ’
453 2096 680 2164 ἀφανιεῖ
704 2094 1206 2165 περιδεδραγμένην
1231 2096 1329 2166 τὴν
1367 2096 1531 2166 φύσιν
1555 2097 1652 2166 τῆς
1680 2096 1809 2149 Θεό-

1911 2099 1981 2152 tis
2040 2097 2205 2166 ignis,
2261 2096 2605 2166 apprehensa
2671 2097 2910 2151 humana
2965 2098 3217 2162 materia,
3272 2098 3497 2152 luminis

207 2203 374 2255 τητος
406 2189 477 2255 τῇ
509 2186 694 2255 φλογί.
727 2185 923 2256 Χαῖρε,
954 2185 1168 2254 λυχνία,
1204 2186 1264 2250 ἐξ
1288 2183 1354 2258 ἧς
1383 2188 1443 2240 τὸ
1467 2188 1808 2258 ἀπαύγασμα

1910 2189 2129 2260 quidem
2183 2188 2625 2244 communionem
2689 2195 2838 2242 esset
2875 2185 2877 2187 ’
2923 2189 3297 2253 immissurus,
3338 2188 3492 2242 haud

208 2279 306 2331 τοῦ
346 2279 563 2348 Πατρδς
608 2277 867 2348 λάμψαν,
909 2279 1302 2348 ἀνιερούμενον
1344 2278 1436 2332 τὸν
1475 2279 1678 2350 κόσμον
1727 2282 1807 2344 είς

1908 2291 2090 2336 tamen
2123 2280 2538 2343 combusturus,
2567 2285 2770 2348 autque
2799 2287 3185 2347 assumpturus
3220 2286 3495 2342 naturam,

211 2371 343 2424 ναὸν
388 2370 468 2440 τῷ
519 2371 558 2422 Γ
562 2373 852 2441 εννήτορι,
904 2371 1101 2439 φέγγει
1143 2370 1243 2440 τῆς
1292 2371 1490 2423 ἑαυτοῦ
1534 2371 1806 2441 κατελάμ-

1907 2388 2071 2442 quam
2132 2372 2492 2440 corripuisset
2558 2369 2786 2425 Deitatis
2843 2368 3084 2426 ﬂamma.
3142 2369 3326 2436 Salve,
3359 2385 3494 2425 can-

210 2477 384 2528 πρυνε
430 2458 809 2526 ἐπιγνώσεως.
843 2459 1036 2528 Χαῖρε,
1071 2459 1368 2529 ἀκρότομε,
1414 2459 1475 2522 ἐξ
1519 2454 1586 2530 ἦς
1633 2463 1661 2512 6
1689 2477 1806 2529 χει-

1908 2463 2217 2526 delabrum,
2276 2477 2341 2516 ex
2400 2476 2512 2530 quo
2567 2459 2749 2514 Patris
2807 2459 3070 2530 splendor
3143 2461 3490 2525 eluet-seeos,

212 2555 462 2623 μάρρους
491 2553 590 2622 τῆς
626 2551 776 2622 ζωῆς
807 2550 1141 2615 ἀναϐλύσας,
1166 2551 1294 2614 τοὺς
1325 2554 1448 2605 ὅσον
1482 2551 1636 2606 οὔπω
1666 2553 1807 2622 δίψει

1909 2555 2174 2609 mundum
2229 2551 2477 2606 Genitori
2523 2552 2576 2606 in
2610 2552 2876 2620 templum
2925 2550 3209 2617 dedicans,
3240 2554 3492 2609 eumde

210 2643 488 2715 σωτηρίας
521 2641 880 2712 τεθνήξεσθαι
911 2641 1226 2711 μέλλοντας,
1261 2642 1320 2695 οὐ
1365 2643 1530 2710 μόνον
1568 2647 1632 2713 τῇ
1663 2643 1807 2713 ζωη-

1907 2661 2021 2701 suae
2049 2645 2379 2715 c0guitionis
2411 2643 2618 2698 lumine
2671 2643 3039 2700 collustravit.
3088 2641 3268 2709 Salve,
3296 2644 3495 2700 duris-

146 2730 154 2735 ’
210 2735 365 2806 φόρῳ
410 2737 572 2788 πόσει
617 2732 977 2801 ἀνεϐιώσατο,
1021 2734 1159 2788 ἀλλὰ
1200 2735 1296 2788 καὶ
1324 2737 1503 2789 πάντα
1548 2735 1753 2806 ρύπονε

1906 2735 2044 2789 sima
2099 2743 2274 2805 petra,
2317 2749 2384 2788 ex
2424 2748 2531 2803 qua
2587 2733 2716 2788 vita:
2768 2741 2986 2788 torrens
3018 2745 3245 2790 exortus
3277 2735 3342 2799 ’⁷,
3372 2750 3489 2800 eos,

208 2829 276 2880 ἐκ
301 2827 532 2895 πορείας
561 2826 674 2879 τῶν
701 2825 891 2879 παθῶν
929 2826 1390 2896 προσετρίψαντο,
1427 2827 1626 2881 ἔδωκεν
1667 2829 1805 2881 ἁπο-

1908 2830 2003 2896 qui
2063 2827 2293 2896 jamjam
2350 2825 2442 2881 siti
2469 2840 2654 2880 rerum
2701 2825 2768 2879 ad
2824 2827 3058 2880 salutem
3104 2826 3491 2895 pertinentium

207 2919 528 2973 λούσασθαι.
583 2919 779 2987 Χαῖρε,
823 2919 1018 2986 νεφέλη
1043 2959 1058 2983 ,
1107 2914 1175 2990 ἦς
1210 2919 1498 2982 ἀνατείλας
1537 2921 1565 2972 ὁ
1589 2922 1687 2990 τῆς
1721 2920 1802 2973 δι-

1906 2919 2160 2974 morituri
2218 2927 2398 2984 erant,
2427 2918 2626 2973 nedum
2664 2917 2833 2972 vitali-
2872 2919 3144 2972 recreavit
3193 2926 3346 2987 potu,
3395 2917 3492 2973 sed

207 3015 509 3080 καιοσύνης
546 3010 723 3081 ἥλιος,
765 3010 864 3081 τῆς
893 3011 1148 3074 ἀπιστίας
1186 3011 1277 3064 τὸν
1306 3012 1468 3080 ζόφον
1501 3014 1580 3075 εἰς
1624 3014 1803 3066 πάντα

1904 3017 1958 3064 et
2001 3025 2196 3065 omnes
2257 3010 2467 3074 sordes,
2494 3023 2634 3079 quas
2666 3023 2695 3062 a
2729 3009 2988 3063 vitiorum
3043 3008 3130 3062 via
3185 3009 3491 3063 contraxis-

206 3103 514 3174 κεχυμένον
537 3103 606 3155 τά
640 3105 876 3172 πέρατα,
911 3099 1226 3173 ἐξηφάνισε,
1255 3102 1372 3172 φῶς
1405 3102 1656 3173 ἀνασχὼν
1685 3103 1802 3157 θεο-

1906 3112 2048 3168 sent,
2093 3102 2237 3157 ablui
2292 3101 2586 3158 concessit.
2635 3099 2818 3167 Salve,
2865 3100 3056 3168 nubes,
3119 3115 3184 3156 ex
3247 3116 3356 3170 qua
3409 3101 3496 3170 ju-

203 3152 472 3266 rvsaarlagg
497 3191 582 3258 οἷς
611 3197 690 3256 εἰς
715 3152 1003 3266 ἀντίληψιν
1035 3194 1182 3248 θείου
1218 3152 1396 3263 φωτὸς
1429 3195 1492 3248 τὸ
1517 3152 1669 3266 ὄμμα
1697 3197 1798 3250 οὐκ

1911 3197 2076 3252 stitia»
2152 3195 2246 3250 Sol
2317 3195 2621 3260 exsistens,
2684 3194 3026 3249 inﬁdelitatis
3079 3152 3370 3264 caliginem
3409 3152 3489 3248 .in

203 3289 408 3341 ἀτονεῖ.
458 3286 581 3338 Ἔτι
623 3285 724 3355 μὲν
756 3280 850 3338 οὖν
879 3302 958 3338 σοι
1003 3288 1069 3356 τῇ
1101 3286 1268 3354 όσφΰι
1303 3286 1724 3359 θαλαμευομένῃ
1771 3289 1800 3341 ὁ

1895 3301 2086 3341 oumes
2142 3293 2299 3341 terra:
2353 3285 2488 3341 lines
2533 3285 2804 3348 diliusam,
2855 3285 3109 3354 disjecit;
3155 3285 3369 3340 sublato
3407 3283 3492 3338 di-

207 3380 291 3432 σοὶ
324 3377 458 3431 ἐϐόα
514 3377 842 3446 προπάτωρο
872 3378 1198 3440 Ἄκουσον,
1229 3379 1504 3448 θύγατερ,
1545 3378 1642 3431 καὶ
1687 3379 1798 3444 ἴδε,

1909 3379 2051 3434 vina:
2079 3379 2418 3450 cognitionis
2451 3377 2658 3433 lumine
2715 3378 2805 3438 iis.
2837 3378 3042 3446 quibus
3094 3377 3237 3430 oculi
3285 3376 3358 3450 ad
3404 3377 3491 3430 di-

203 3471 306 3524 και
341 3468 563 3524 κλῖνον
589 3470 656 3523 τὸ
697 3465 808 3536 οὖς
841 3486 980 3535 σου,
1024 3471 1123 3524 καὶ
1161 3469 1452 3525 ἐπιλάθου
1494 3471 1600 3526 τοῦ
1647 3472 1801 3526 λαοῦ

1901 3472 2096 3525 vinum
2156 3473 2340 3526 lumen
2398 3469 2764 3525 hauriendum
2820 3485 2929 3524 non
2977 3469 3296 3524 caecutiunt.
3355 3465 3489 3522 Cum

203 3577 358 3626 σου,
392 3561 491 3616 καί
538 3562 645 3616 τοῦ
696 3564 869 3617 οἴκου
919 3562 1027 3617 τοῦ
1070 3563 1293 3632 πατρός
1326 3578 1463 3618 σου.
1523 3565 1803 3627 Ἤκουσας

1902 3557 2050 3618 enim
2103 3563 2288 3617 adhuc
2324 3563 2376 3617 in
2412 3564 2614 3618 lumhis
2661 3564 2905 3632 paternis
2940 3562 3334 3623 continereris,
3364 3567 3490 3614 tuus

203 3654 397 3716 δντως,
445 3653 479 3722 ἠ
541 3652 678 3722 σοφὴ
717 3652 986 3724 Θυγάτηρ,
1038 3653 1131 3707 τοῦ
1168 3653 1653 3724 παρεγγέλματος,
1709 3655 1803 3707 καὶ

1910 3655 2009 3711 tibi
2065 3656 2340 3711 clamabat
2389 3655 2742 3725 progenitor:
2800 3654 2964 3718 Audi,
2997 3654 3136 3721 ﬁlia,
3182 3662 3232 3706 et
3265 3654 3399 3716 vide,
3438 3661 3489 3704 et

205 3742 474 3796 ἐπελάθου
517 3742 615 3796 τοῦ
649 3742 781 3796 λαοῦ
815 3761 940 3808 σου,
987 3743 1082 3797 κοιλ⁸
1109 3744 1338 3814 κλήρου,
1373 3744 1466 3797 καὶ
1510 3744 1661 3796 οἴκου
1694 3761 1800 3796 πα-

1901 3749 2096 3801 incliua
2129 3763 2320 3801 aurem
2365 3755 2554 3808 tuam;
2589 3755 2639 3799 et
2669 3745 2975 3800 obliviscere
3027 3744 3278 3811 populum
3318 3754 3485 3808 tuum,

204 3833 410 3904 τρῴουο
458 3834 667 3905 κλήρου
710 3833 940 3900 ἐκείνου,
981 3835 1040 3888 ὃν
1092 3837 1125 3906 ή
1175 3839 1478 3907 προμήτωρ
1523 3833 1658 3897 Εὕα,
1691 3835 1798 3905 ὅλῳ

1898 3848 1946 3892 et
2008 3837 2226 3891 domum
2281 3837 2452 3906 patris
2513 3837 2594 3890 tui
2623 3835 2696 3890 ³⁸.
2727 3835 2897 3891 Plane
2949 3835 3234 3899 audivisti,
3270 3835 3487 3905 sapiens

203 3924 280 3995 τῷ
308 3926 462 3992 γένει
516 3925 787 3996 διένειμε,
831 3926 921 3979 τὸν
981 3929 1176 3997 μυρίον
1221 3925 1332 3979 τῶν
1377 3925 1566 3978 παθῶν
1598 3925 1796 3995 φόρτον

1901 3931 2029 3995 lilia,
2063 3929 2594 3994 commonitionem,
2630 3944 2801 3999 esque
2849 3929 3016 3983 oblita
3047 3927 3232 3998 populi
3288 3926 3385 3990 iui,
3422 3941 3487 3980 ac

206 4013 675 4084 κληροδοτήσασα.
719 4013 886 4067 Οὐδὲν
917 4015 1124 4068 τούτων
1154 4016 1228 4069 ὀὗ
1270 4015 1368 4086 μὲν
1411 4011 1505 4070 οὖν
1537 4016 1617 4079 είς
1647 4013 1796 4070 οἶκον

1904 4020 2259 4086 hzereditatis,
2322 4021 2628 4090 domusque
2680 4029 2954 4092 paternam
3013 4016 3489 4078 luereditatis.in-

205 4105 415 4173 ήγάγου
447 4106 543 4158 τὸν
578 4106 692 4160 σόν.
717 4105 817 4158 Διὰ
837 4105 995 4159 τοῦτο
1019 4108 1046 4158 ὁ
1078 4107 1338 4170 Βασιλεὺς
1366 4107 1582 4178 ἠγάσθη
1614 4125 1674 4161 σε
1697 4109 1796 4180 τῆς

1902 4127 2091 4182 quam,
2147 4111 2296 4165 illius
2372 4126 2437 4166 ac
2489 4114 2679 4176 sortis,
2746 4127 2911 4182 quam
2967 4110 3306 4181 progenitrix
3375 4109 3485 4162 Eva

202 4196 441 4268 ψυχικῆς
470 4198 831 4269 εὐπρεπείας,
862 4203 956 4253 καὶ
988 4199 1224 4271 Νύμφην
1256 4199 1558 4266 ἐξελέξατο.

1903 4201 2086 4273 generi
2148 4202 2407 4257 universo
2454 4202 2775 4270 distribuit;
2831 4200 3218 4257 innumerabili
3270 4199 3484 4269 passio-

205 4303 332 4342 num
393 4304 460 4343 ac
523 4289 880 4346 aﬂ'ectionum
946 4294 1168 4347 cumulo
1227 4293 1374 4348 velut
1445 4291 1792 4348 ha'reditario
1829 4294 1953 4364 jure
2008 4294 2223 4349 relicto.
2252 4295 2320 4347 At
2378 4296 2514 4349 nihil
2580 4297 2777 4350 horum
2831 4303 2980 4349 tuam
3033 4295 3088 4348 in
3132 4295 3354 4347 domum
3402 4293 3486 4346 iu-

205 4383 423 4444 tulisti:
488 4396 780 4456 propterea
839 4385 981 4454 Rex,
1043 4393 1192 4440 tuam
1259 4388 1426 4442 animi
1487 4386 1954 4457 pulchritudinem
2015 4388 2345 4452 admiratus,
2377 4399 2427 4443 te
2457 4389 2563 4444 sibi
2612 4389 2668 4443 in
2713 4387 2982 4458 Sponsam
3015 4387 3237 4456 delegit.

267 4572 369 4628 Διά
395 4567 558 4624 τοῦτό
590 4582 672 4619 σοι
701 4563 798 4617 νῦν
829 4559 916 4618 οἷα
944 4563 1186 4616 Βασιλίδι
1223 4565 1666 4635 ).ειτουργοῦμεν,
1699 4565 1793 4618 καὶ
1817 4567 1872 4626 D

1969 4563 2044 4618 Ea
2099 4565 2166 4618 de
2221 4577 2386 4619 causa
2442 4577 2590 4618 nunc
2635 4564 2734 4620 tibi
2789 4573 3049 4636 tanquam
3092 4563 3314 4635 Reginae
3375 4564 3479 4618 mi-

205 4664 276 4734 τῷ
294 4659 584 4733 προσώπῳ
618 4673 714 4709 σου
741 4655 1096 4723 λιτανεύομεν
1117 4695 1132 4718 ,
1162 4654 1262 4724 τὴν
1299 4656 1398 4726 σὴν
1435 4655 1591 4720 δόξαν
1620 4672 1792 4709 κατα-

1896 4655 2220 4719 nistramus,
2256 4663 2461 4726 tuoque
2492 4658 2666 4711 vultui
2710 4657 3108 4727 supplicamus,
3147 4666 3252 4710 tuas
3293 4656 3479 4726 gloria:

204 4751 431 4809 πλουτού
441 4765 618 4822 μενοι.
673 4746 806 4801 Ἰδού
854 4763 914 4799 σε
955 4747 1130 4800 πᾶσαι
1160 4747 1367 4815 γενεαὶ,
1399 4748 1541 4801 κατά
1562 4746 1661 4817 τὴν
1692 4747 1791 4817 σὴν

1895 4747 2120 4803 divitias
2173 4749 2390 4804 abunde
2451 4751 2760 4805 consecuti.
2823 4750 2965 4806 Ecre
2999 4765 3190 4804 omnes
3247 4763 3479 4819 genera-

201 4842 688 4919 :poavacpcbvqatv,
725 4837 1142 4909 μακαρίζουσιν.
1220 4836 1477 4906 Ἐποίησε
1544 4839 1652 4908 γάρ
1708 4853 1792 4890 σοι

1897 4841 2097 4903 tiones,
2132 4849 2188 4894 ut
2223 4841 2520 4908 pradixisti
2548 4844 2612 4908 ",
2651 4852 2701 4898 te
2732 4844 2946 4897 beatam
3000 4841 3322 4910 praedicant.
3376 4838 3478 4894 Fe-

205 4937 475 5007 μεγαλεῖα
513 4934 544 4985 ό
582 4931 842 4994 δυνατὸς,
876 4931 940 4982 ἐκ
969 4929 1064 4981 σοῦ
1106 4927 1182 4991 ὡς
1233 4930 1291 4981 ἐν
1325 4929 1790 4998 παραπετάσματι

1894 4932 1970 4986 cit
2024 4931 2168 4986 enim
2205 4931 2301 4986 tibi
2333 4947 2529 5004 magna
2583 4933 2674 5003 qui
2722 4942 2914 5002 potens
2948 4941 3054 4995 est,
3089 4945 3156 4985 ex
3211 4939 3262 4986 te
3289 4943 3477 4995 carne,

201 5034 257 5100 τῇ
280 5028 457 5098 σαρκὶ
492 5021 793 5093 προελθὼν,
830 5019 922 5073 καὶ
975 5018 1220 5073 καθελὼν
1249 5019 1516 5082 δυνάστας
1539 5060 1554 5086 ,
1586 5021 1678 5073 καὶ
1701 5021 1794 5078 ἀν-

1893 5025 2054 5095 quasi
2098 5024 2218 5079 velo
2265 5031 2442 5080 tectus
2500 5025 2784 5095 prodiens,
2843 5023 3236 5092 deponensque
3290 5031 3479 5092 poten-

200 5119 420 5186 υψὼσας
453 5115 587 5176 τοὺς
625 5109 939 5172 ταπεινούς.
993 5109 1250 5178 Ἐποίησέ
1286 5126 1368 5162 σοι
1403 5111 1799 5179 μεγαλεῖα,ούκ

1898 5122 2003 5181 tes,
2069 5127 2232 5184 atque
2276 5117 2525 5172 exaltans
2595 5117 2848 5170 humiles.
2903 5113 3055 5168 Fecit
3113 5115 3208 5169 tibi
3262 5130 3476 5184 magna,

200 5210 253 5262 ἐν
297 5206 527 5276 γενεαῖς
577 5203 735 5274 μόνον
780 5199 1121 5271 ἀνθρώπιον,
1154 5201 1290 5254 ἀλλὰ
1327 5201 1424 5254 καὶ
1462 5203 1521 5254 ἐν
1547 5203 1798 5273 οὐρανοῖς

1897 5204 2096 5256 nedum
2154 5204 2206 5256 in
2257 5205 2709 5274 generationibus
2776 5205 3082 5267 hominum,
3140 5202 3236 5258 sed
3295 5212 3351 5258 et
3421 5204 3475 5257 iu

200 5299 293 5368 τὴν
325 5301 431 5368 σὴν
480 5295 638 5359 δόξαν
667 5290 1081 5362 ἀναστηλώσας.
1124 5292 1262 5362 Ἤδη
1298 5293 1407 5363 γὰρ
1441 5294 1542 5364 ἤδη
1584 5295 1678 5346 καὶ
1708 5294 1794 5366 δή-

1892 5292 2048 5348 ςωιὶε
2072 5293 2260 5360 gloriae
2307 5303 2415 5346 ture
2471 5295 2687 5348 titulum
2743 5294 2983 5364 erigens.
3021 5291 3140 5348 Jam
3174 5293 3476 5362 enim,jatu

208 5408 321 5459 μοις
369 5387 630 5456 ἀγγέλων
686 5384 990 5454 ἐπέραστόν
1050 5384 1168 5436 ἐστι
1197 5424 1199 5428 .
1227 5385 1310 5436 σοὶ
1355 5388 1657 5455 προσάγειν
1694 5384 1792 5456 τὴν

1890 5385 2212 5454 angelorum
2273 5385 2409 5454 ipsis
2463 5386 2681 5455 populis
2737 5385 2898 5442 dulce
2951 5397 3057 5452 est,
3096 5397 3153 5440 ttt
3208 5385 3306 5440 tibi
3343 5385 3475 5440 olfe-

207 5481 406 5533 αίνεσιν
431 5494 448 5510 ο
478 5478 578 5531 καὶ
608 5474 973 5546 μακαρίζουσί
1013 5490 1072 5527 σε
1097 5474 1174 5538 ὡς
1217 5475 1493 5540 Βασιλέως
1520 5477 1748 5548 Μητέρα
1767 5517 1783 5543 ,

1897 5484 2023 5529 rant
2079 5474 2322 5539 laudem,
2386 5483 2552 5544 atque
2613 5483 2674 5529 ut
2729 5476 2891 5547 Regis
2953 5477 3201 5540 Matrem,
3263 5475 3477 5530 beatam

209 5569 264 5622 τὸ
309 5571 393 5624 σοὶ
446 5567 789 5636 λειτουργεῖν
819 5564 942 5618 ἀντὶ
973 5565 1175 5629 παντὸς
1215 5565 1526 5638 τιθέμενοι,
1560 5567 1637 5632 ὡς
1684 5568 1787 5637 τῆς

1894 5567 2233 5639 praedicant;
2290 5567 2539 5638 nihilque
2612 5576 2796 5638 potius
2841 5571 3040 5627 habent
3093 5585 3256 5642 quam
3290 5575 3349 5624 ut
3379 5566 3475 5623 tibi

295 5748 340 5782 "
391 5745 569 5804 Exod.
619 5760 703 5811 ιιι,
757 5740 812 5798 2.
887 5744 944 5814 ,ιτ
1005 5744 1178 5801 Exod.
1215 5759 1348 5811 xvn,
1389 5745 1441 5800 ὅ.
1516 5744 1732 5803 "Psal.
1775 5760 1899 5800 xuv

1148 5745 1178 5799 Ι.
1215 5759 1348 5811 xvn,
1389 5745 1441 5800 ὅ.
1516 5744 1732 5803 "Psal.
1775 5760 1920 5812 xuv,
1974 5747 2032 5802 2.
2133 5748 2177 5780 ¹⁹
2211 5745 2344 5802 Luc.
2401 5746 2554 5816 ",48
2601 5764 2755 5821 seqq.
