3992 6204
560 333 627 397 27
1802 330 2078 391 LEONIS
2109 330 2573 391 PHILOSOPllI
2640 395 2643 399 η

3769 315 3849 377 9.8

561 444 905 507 inserviant,
960 448 1053 501 cui
1112 447 1415 515 impensum
1491 441 1816 511 obsequium
1870 442 1937 495 ad
1989 441 2155 495 lilium

2284 446 2360 514 πῆς
2408 441 2706 512 θεραπείας
2748 430 3133 500 διαϐαινούσης
3170 431 3305 502 πρὸς
3340 430 3432 483 τὸν
3474 429 3625 484 Υίὸν.
3673 431 3855 482 Εὐλο-

563 536 804 590 transire
862 546 1208 608 compertum
1250 536 1506 589 habeant.
1570 532 1907 586 Benedicunt
1954 540 2008 585 te
2056 547 2151 585 sn-

566 628 674 681 lam
715 626 1093 694 benedictam,
1157 627 1321 697 cujus
1366 624 1515 679 dulci
1581 632 1738 692 partu
1801 636 2027 676 amarus
2072 622 2153 675 in-

567 717 897 774 obedientire
963 729 1153 790 partus
1209 718 1447 772 abolitus
1509 726 1631 780 est,
1674 729 1867 783 nempe
1930 713 2156 767 maledi-

575 813 712 867 ctio.
749 813 1086 867 Benedicunt
1122 820 1195 876 te,
1228 818 1417 880 utpote
1454 809 1733 862 hominum
1766 805 2155 869 amantissimi,

572 910 669 975 qui
736 906 1015 959 hominem
1063 902 1304 963 videant,
1364 901 1555 955 fraude
1608 914 1636 953 a
1679 898 2034 953 beatitudinis
2069 898 2157 950 illa

579 999 911 1052 sublimitate
960 995 1250 1061 deiectum,
1303 992 1504 1047 nedum
1539 992 1606 1046 ad
1634 990 1879 1047 eamdem
1935 1002 2160 1044 revoca-

583 1099 721 1151 tum,
772 1086 868 1141 sed
900 1092 955 1140 et
980 1084 1171 1139 divino
1226 1084 1366 1138 solio
1390 1083 1697 1137 donatum..
1736 1079 1803 1135 Ut
1853 1079 1984 1148 quid
2030 1093 2161 1132 vero

581 1180 706 1249 quis
754 1188 860 1232 tute
903 1188 1135 1231 conetur
1192 1176 1377 1246 gloria:
1439 1173 1871 1245 magnitudinem
1944 1169 2163 1223 metiri?

584 1270 824 1325 Facilius
880 1270 1126 1322 arbitror
1189 1267 1313 1320 caeli
1370 1265 1576 1330 sidera,
1620 1278 1783 1334 quam
1852 1276 1973 1315 eam
2037 1274 2163 1313 ora-

585 1364 737 1417 tione
790 1359 1106 1429 complecti.
1154 1358 1244 1422 At,
1294 1372 1327 1411 o
1376 1357 1527 1423 virgo
1566 1363 1619 1409 et
1672 1363 1869 1419 mater,
1918 1367 2041 1422 qua:
2077 1365 2165 1405 so-

585 1455 634 1507 la
693 1452 1014 1507 emlestibus
1091 1448 1177 1504 his
1240 1448 1438 1517 Opibus
1494 1445 1710 1510 amnis;
1762 1460 1885 1514 qua:
1934 1443 2166 1498 dicenda

587 1542 933 1615 suggessisti,
968 1556 1031 1596 ea
1084 1551 1139 1595 et
1197 1539 1457 1594 diximus.
1517 1537 1662 1591 Nihil
1730 1537 1879 1591 enim
1945 1551 2163 1598 meum;

586 1635 681 1690 sed
731 1642 786 1687 et
844 1633 1052 1702 lingua.
1106 1639 1161 1686 et
1207 1632 1407 1693 oratio,
1456 1638 1510 1685 et
1555 1642 1806 1695 regnum,
1838 1640 1902 1679 ac
1943 1626 1989 1681 si
2032 1624 2165 1694 quid

587 1723 730 1778 aliud
762 1730 863 1785 est,
899 1722 950 1776 id
984 1735 1147 1775 omne
1180 1727 1288 1775 tua:
1317 1734 1463 1773 cura:
1491 1733 1553 1771 ac
1590 1715 1988 1771 benevolentia:
2036 1729 2159 1767 mu-

2253 536 2409 605 γοῦσί
2446 551 2507 588 σε
2537 534 2634 604 τὴν
2665 531 2831 602 μόνην
2858 528 3251 599 εύλογημένην,
3278 519 3347 596 ἦς
3374 526 3450 593 τῷ
3480 524 3676 592 γλυκεῖ
3696 524 3853 593 τόκῳ

2254 628 2282 678 ὁ
2337 624 2538 695 πικρὸς
2591 622 2691 692 τῆς
2743 619 3027 689 παρακοῆς
3072 615 3353 685 ἠφανίσθη
3400 614 3592 678 τόκος,
3627 617 3660 685 ή
3710 614 3853 684 ἀρά.

2258 716 2551 785 Εὑλογοῦσί
2591 732 2650 769 σε
2683 709 2771 767 οἵα
2812 712 2876 783 δὴ
2930 709 3338 781 φιλάνθρωποι,
3385 707 3476 759 τὸν
3512 706 3571 771 ἐξ
3625 706 3855 775 ἀπάτης

2258 810 2639 863 καταπεσόντα
2667 808 2956 876 ἄνθρωπον
2979 802 3073 857 τοῦ
3093 803 3191 872 τῆς
3220 800 3626 871 μακαριότητος
3649 799 3856 867 ὕψους,

2258 903 2319 954 ού
2350 901 2509 971 μόνον
2532 900 2666 970 πρὸς
2689 898 2857 968 αὐτὴν
2884 894 3161 948 ἀναϐάντα
3190 892 3353 946 πάλιν
3379 931 3394 955 ,
3425 891 3559 943 ἀλλὰ
3579 889 3656 959 τῷ
3678 886 3859 957 θεῖκῷ

2262 998 2435 1067 θρόνῳ
2463 996 2771 1064 καθήμενον
2791 990 3160 1059 καθορῶντες.
3196 988 3303 1041 Καὶ
3326 986 3380 1038 τί
3412 985 3475 1037 ἄν
3507 1002 3588 1046 τις
3619 982 3720 1054 τὴν
3748 980 3862 1050 σὴν

2260 1090 2419 1156 δόξαν
2468 1084 2808 1155 ἐπιχειροίη,
2858 1084 2959 1151 ὅση
3018 1098 3101 1141 τις
3138 1080 3501 1147 ἁναμετρεῖν;
3556 1077 3684 1146 ῥᾷον
3738 1073 3863 1142 γὰρ

2262 1179 2414 1251 οἶμαι
2456 1178 2686 1251 ούρανοῦ
2748 1178 2955 1247 ἄστρα,
3009 1174 3041 1243 ἦ
3100 1172 3304 1240 ταύτην
3356 1170 3499 1237 λόγῳ
3549 1167 3863 1221 διαλαϐεῖν.

2276 1273 2442 1336 Ἀλλ’,
2473 1265 2517 1324 ὦ
2567 1268 2806 1339 παρθένε
2865 1265 2959 1319 καὶ
3017 1266 3212 1335 μῆτερ,
3247 1265 3280 1332 ἡ
3317 1262 3454 1331 μόνη
3498 1259 3566 1313 τὰ
3597 1257 3866 1328 ὑπερφυῆ

2265 1363 2435 1417 ταῦτα
2476 1363 2858 1431 πλουτήσασα,
2899 1357 2934 1411 ἃ
2982 1356 3257 1426 παρέσχες
3298 1351 3616 1422 ὑπηχῆσαι,
3651 1351 3747 1401 καὶ
3794 1346 3867 1417 δὴ

2268 1457 2483 1527 εἴρηται
2515 1456 2665 1524 ἡμῖν.
2718 1451 2886 1505 Οὐδὲν
2928 1450 3037 1519 γὰρ
3073 1449 3239 1515 ἐμόν·
3286 1445 3423 1498 ἀλλὰ
3469 1442 3564 1496 καὶ
3595 1441 3864 1508 γλῶσσα,

2264 1546 2361 1599 καὶ
2391 1542 2656 1615 βασιλεία,
2691 1540 2785 1594 καὶ
2815 1540 2923 1592 πᾶν
2952 1538 3001 1589 εἴ
3026 1553 3078 1588 τι
3107 1534 3258 1595 ἄλλο,
3287 1533 3387 1602 τῆς
3420 1532 3519 1601 σῆς
3542 1532 3656 1582 ἐστι
3682 1529 3869 1598 δῶρον

2271 1634 2617 1706 κηδεμονίας.
2650 1633 2740 1684 Διὸ
2772 1631 2836 1701 δὴ
2864 1625 3358 1699 προσοικειουμένη
3391 1624 3459 1676 τά
3496 1622 3584 1684 σά,
3618 1620 3715 1673 νῦν
3756 1620 3871 1690 μὲν

2271 1729 2411 1781 δίδου
2445 1728 2506 1779 τὸ
2538 1726 2628 1779 σὸν
2662 1723 2913 1792 ποίμνιον
2945 1720 3038 1773 ἐπὶ
3068 1720 3239 1788 νομὰς
3268 1715 3512 1769 εὐθύνειν
3543 1715 3640 1782 τῆς
3675 1728 3872 1780 σωτη-

587 1832 692 1872 nus
737 1815 899 1869 duco.
960 1812 1141 1879 Quare
1200 1822 1291 1866 tua
1358 1812 1454 1865 tibi
1504 1810 1810 1871 vindicans,
1848 1822 1995 1861 nunc
2042 1807 2166 1876 qui-

2284 1818 2430 1889 ρίας,
2473 1816 2598 1887 μηδ’
2646 1812 2877 1883 ἀπειρίᾳ
2920 1809 3287 1881 ποιμαντικῆς
3336 1806 3684 1875 ἐπιστήμης.
3727 1803 3872 1872 ὁρᾷς

588 1907 712 1962 dem
769 1905 990 1975 largire,
1022 1912 1081 1958 ut
1113 1918 1333 1973 gregem
1396 1910 1549 1955 tuum
1604 1900 1672 1953 ad
1719 1900 1918 1955 salutis
1952 1914 2157 1969 pascua

589 1997 857 2066 dirigam:
901 2010 969 2049 ne
998 1994 1217 2048 inscitia
1249 1993 1494 2046 muneris
1524 1991 1743 2061 regendi
1793 1990 1967 2059 (vides
2021 1992 2165 2044 enim

589 2087 889 2158 quantulus
934 2101 1036 2155 ego
1084 2086 1212 2151 sim)
1247 2086 1412 2139 noxia
1465 2085 1644 2153 aliqua
1706 2083 1817 2138 fera
1864 2084 1916 2137 in
1943 2098 2163 2154 gregem

590 2179 822 2242 insiliat,
861 2193 1037 2245 neque
1076 2178 1171 2230 ulli
1217 2191 1282 2230 ex
1330 2176 1489 2239 meis.
1517 2175 1595 2229 vel
1647 2175 1756 2229 tuis
1812 2176 1996 2244 potius
2043 2189 2168 2243 gre-

591 2268 807 2340 galibus
843 2269 1012 2322 ullum
1043 2269 1238 2321 animae
1273 2268 1573 2337 perieulum
1606 2266 1853 2331 accidat;
1890 2265 1983 2320 sed
2015 2279 2166 2319 nunc

591 2362 836 2431 quidem,
885 2368 999 2413 tum
1042 2374 1244 2413 novum
1280 2373 1366 2412 nte
1416 2369 1715 2427 pastorem,
1771 2367 1884 2410 tum
1934 2372 2175 2425 gregem,

594 2452 870 2507 universis
921 2449 1142 2504 insidiis
1192 2449 1509 2518 superiores
1558 2448 1970 2517 gubernaveris,
2004 2463 2179 2516 exque

595 2543 800 2596 numdo
832 2543 934 2596 hoc
977 2541 1274 2611 migrantes
1315 2542 1379 2594 ad
1412 2540 1844 2594 immortalitatis
1875 2540 1996 2594 illas
2031 2555 2178 2592 man-

597 2637 784 2691 siones
830 2635 1077 2695 duxeris,
1124 2642 1263 2688 utet
1295 2633 1407 2688 illic
1440 2632 1549 2687 tuis
1592 2631 1843 2685 fruamur
1884 2630 2177 2701 praesidiis,

599 2727 773 2797 gratia
793 2741 855 2779 ac
873 2726 1210 2779 humanitate
1227 2725 1571 2795 primogeniti
1602 2723 1722 2778 Filii
1747 2725 1823 2777 tui
1848 2723 2057 2776 Domini
2082 2741 2182 2779 ne-

598 2819 697 2873 stri
728 2817 879 2885 Jesu,
911 2817 997 2872 cui
1023 2818 1202 2888 gloria
1230 2817 1283 2870 in
1313 2817 1511 2871 saecula
1544 2818 1889 2871 siliculorum.
1926 2817 2120 2871 Amen.

1192 2929 1451 2985 ORATIO
1503 2928 1590 2985 IV.

2273 1912 2382 1982 γὰρ
2422 1910 2546 1972 ὅσος
2591 1906 2742 1976 ὲγὼσ
2791 1903 3129 1972 ἐπιπηδῆσαι
3174 1899 3386 1969 γένοιτό
3451 1913 3557 1950 τινι
3618 1894 3873 1963 λυμεῶνι

2278 2001 2441 2072 θηρί⁸
2482 1998 2618 2069 μηδέ
2664 2015 2768 2049 τινι
2819 1994 2928 2047 τῶν
2962 1992 3145 2062 ἐμῶν,
3210 1990 3411 2059 μᾶλλον
3449 1988 3542 2046 δὲ,
3590 1985 3701 2038 τῶν
3754 1986 3874 2037 σῶν

2279 2091 2611 2163 θρεμμάτων
2660 2090 2759 2158 τῆς
2804 2086 2981 2155 ψυχῆς
3034 2082 3350 2150 ἀπαντῆσαι
3398 2079 3679 2132 κίνδυνον·
3726 2076 3879 2129 ἀλλὰ

2273 2185 2371 2240 νῦν
2408 2184 2505 2254 μὲν
2535 2180 2808 2248 διεξάγοις
2851 2180 2952 2247 ὲμέ
2993 2194 3054 2229 τε
3089 2176 3178 2229 τὸν
3209 2176 3329 2228 νέον
3369 2172 3636 2241 ποιμένα,
3671 2169 3773 2222 καὶ
3816 2169 3882 2221 τὸ

2276 2276 2524 2345 ποίμνιον
2554 2274 2733 2339 πάσης
2762 2268 3057 2336 ἐπιϐουλῆς
3088 2262 3396 2334 άνωτὲρους
3419 2278 3432 2291 ·
3467 2262 3622 2325 ἄγοις
3648 2260 3709 2312 δὲ
3775 2260 3881 2311 καὶ

2279 2368 2413 2436 πρδις
2444 2365 2542 2426 τὰς
2580 2362 2789 2415 ἐκεῖθεν
2818 2360 2916 2429 τῆς
2949 2358 3217 2419 ἀπαθείας
3254 2354 3420 2424 μονὰς
3451 2352 3705 2405 ἐντεῦθεν
3732 2354 3880 2403 ἁπο-

2279 2460 2653 2528 χωρήσαντας,
2688 2454 2776 2507 ἵνα
2808 2470 2903 2505 σου
2934 2452 3098 2504 κάκεῖ
3123 2450 3223 2519 τῆς
3255 2446 3591 2516 προστασίας
3623 2444 3879 2498 ἀπολαύ-

2287 2561 2502 2614 σωμεν,
2562 2543 2750 2613 χάριτι
2804 2542 2898 2595 καὶ⁵
2946 2536 3332 2608 φιλανθρωπίᾳ
3380 2535 3476 2588 τοῦ
3520 2535 3880 2605 πρωτοτόκου

2288 2629 2419 2683 Υίοῦ
2446 2646 2539 2681 σου
2564 2629 2661 2681 τοῦ
2692 2629 2899 2700 Κυρίου
2925 2626 3082 2697 ἡμῶν
3115 2624 3315 2696 Ἰησοῦ,
3344 2617 3389 2693 ᾧ
3412 2625 3445 2695 ἡ
3474 2624 3603 2692 δόξα
3628 2626 3712 2689 εἰς
3749 2626 3883 2687 τοὺς

2289 2721 2492 2785 αἰῶνας
2523 2720 2632 2775 τῶν
2670 2722 2901 2775 αἰώνων.
2954 2720 3150 2792 Ἀμήν.

2912 2932 3132 2988 ΛΟΓΟΣ
3169 2930 3241 2987 A'.

601 3044 827 3126 Quando
893 3046 1218 3126 intemerata
1273 3044 1727 3126 ittveclus‘rmbe,
1763 3042 2014 3125 senilibus
2067 3062 2175 3097 ma-

2284 3046 2415 3098 Ὃτε
2437 3043 2711 3126 ,νεφέλης
2742 3043 3043 3126 ἀκράντοις
3060 3044 3516 3126 *ἐποχούμενοᾳ
3550 3044 3881 3126 πρεσϐυτι-

671 3117 845 3179 nibus,
900 3115 1083 3185 gloria:
1126 3115 1218 3169 Sol
1266 3115 1320 3167 in
1379 3115 1629 3185 templum
1688 3116 1967 3167 umbratile
2029 3131 2176 3167 com-

670 3184 911 3256 migrans
965 3186 1229 3257 ingressus
1263 3195 1340 3239 est
1370 3184 1473 3254 (6).

2357 3113 2491 3173 καῖεν
2522 3115 2753 3182 χερσίν,
2785 3118 2873 3178 είς
2897 3114 3122 3179 σκιώδη
3180 3116 3329 3168 ναδν
3352 3113 3881 3182 μετωικισιὶμενος,

2374 3188 2405 3237 ό
2428 3183 2537 3251 τῆς
2575 3184 2758 3252 δόξης
2786 3184 3186 3251 εἰσελήλυθεν
3215 3184 3411 3252 ἣλιος.
3588 3183 3606 3199 ⁸

1799 3295 2107 3368 ((ὶοιιιιεειε.
2145 3297 2247 3351 ίοσ.
2284 3298 2375 3351 cit.
2406 3313 2461 3367 p.
2498 3297 2683 3369 1659.)

672 3412 879 3471 Christi
939 3411 1239 3468 solemnem
1299 3410 1636 3467 lmnoramus
1688 3411 1855 3477 diem,
1902 3414 1996 3482 qui
2057 3413 2178 3466 uni-

602 3507 780 3562 versis
837 3505 975 3560 bene
1019 3502 1279 3556 honorari
1325 3512 1519 3557 auctor
1552 3504 1673 3559 fuit.
1725 3504 1947 3558 Sacram
1973 3502 2180 3559 Clu-isti

604 3598 978 3654 celebritatem
1023 3597 1263 3667 agimus,
1315 3611 1410 3664 per
1446 3612 1607 3665 quem
1662 3596 1907 3667 profanis
1958 3597 2182 3651 celebri-

602 3692 811 3745 tatibus
860 3688 1173 3752 exstinctis,
1231 3695 1437 3741 exortae
1503 3698 1632 3742 sunt
1677 3704 1850 3745 sacra:
1899 3690 2183 3744 celebrita-

605 3792 709 3835 tes.
761 3780 968 3833 Exnrto
1033 3778 1241 3833 lumine
1291 3780 1343 3831 in
1408 3778 1694 3848 spelunca,
1749 3790 2187 3851 praesentemque

603 3868 767 3925 holie
818 3868 959 3921 lucis
1019 3869 1190 3923 radiis
1239 3869 1549 3922 illustraute
1608 3871 1774 3936 diem,
1828 3874 2187 3927 collactetnur.

604 3960 820 4014 Rursus
856 3959 1003 4012 enim
1060 3957 1107 4012 is
1163 3957 1324 4025 cujus
1370 3959 1657 4024 beneﬁcio,
1689 3963 1781 4029 qui
1839 3964 1893 4016 in
1958 3966 2191 4018 tribula-

605 4053 773 4106 tionis
829 4049 1068 4104 tenebris
1124 4048 1475 4113 scdebamus,
1540 4052 1930 4107 exsultationis
1975 4055 2193 4123 aspui-

607 4157 731 4196 tuus
786 4140 992 4204 lumen,
1040 4142 1173 4193 laeta:
1234 4137 1550 4195 festivitatis
1584 4140 1989 4210 iucunditatem
2047 4162 2188 4216 pra:-

608 4231 785 4286 tendit
829 4246 984 4284 :non
1034 4230 1109 4283 ita
1164 4239 1222 4282 ut
1260 4245 1291 4284 e
1343 4232 1604 4300 spelunca
1653 4234 1924 4303 eﬂ‘ulgeat,
1980 4224 2097 4292 sed
2131 4249 2191 4292 ut

606 4330 868 4392 tanquam
918 4322 1086 4383 nube.
1137 4319 1361 4393 Virgine
1420 4333 1592 4379 matre
1662 4327 1915 4395 vehatur,
1974 4344 2037 4383 ac
2092 4345 2191 4399 pa-

611 4424 823 4470 ternam
884 4412 1227 4484 ingrediatur
1274 4413 1516 4469 deruunt.
1580 4415 1682 4483 Qui
1739 4418 1899 4488 prius
1952 4420 2191 4477 hominis

2364 3413 2602 3483 Χριστοῦ
2636 3413 2829 3484 ἑορτὴν
2857 3414 3127 3484 τιμῶμεν,
3175 3413 3268 3468 τοῦ
3298 3412 3477 3477 καλῶς
3507 3415 3679 3467 ἆπασι
3709 3419 3884 3484 upi-

2292 3501 2413 3554 σθαι
2463 3501 2860 3571 διαιτήσαντος.
2917 3502 3156 3573 Χριστοῦ
3226 3504 3378 3574 ἱερὰν
3425 3501 3692 3573 τελοῦμεν
3740 3520 3885 3556 παν-

2288 3592 2507 3662 ήγυριν,
2530 3591 2595 3644 δι’
2612 3586 2673 3645 οῦ
2695 3592 3109 3662 ἀπεσϐέσθησαν
3140 3593 3343 3663 ἁνίεροι
3365 3593 3597 3655 τελεταὶ,
3618 3593 3715 3646 καὶ
3742 3610 3850 3645 πιν
3870 3623 3886 3632 -

2286 3689 2514 3761 ηγύρεις
2553 3688 2770 3759 ἀνίσχον
2814 3691 2871 3741 αἱ
2936 3689 3101 3760 ἱεραί.
3142 3688 3246 3741 Τοῦ
3291 3692 3348 3741 ὲν
3405 3688 3658 3758 σπηλαίῳ
3700 3690 3887 3756 φωτὸς

2292 3781 2669 3846 ἀνατείλαντος
2690 3820 2705 3844 ,
2746 3781 2836 3835 καὶ
2868 3780 2962 3835 νῦν
2998 3780 3096 3851 τὴν
3131 3780 3412 3850 παροῦσαν
3454 3780 3671 3850 ἡμέραν
3710 3798 3887 3833 κατα-

2295 3873 2709 3943 πυρσεύσαντος
2732 3914 2747 3939 ,
2782 3872 3229 3942 φαιδρυνώμεθα.
3270 3874 3438 3925 Πάλιν
3470 3873 3609 3943 γὰρ,
3645 3876 3673 3927 ό
3714 3872 3781 3925 δι’
3812 3866 3885 3925 οὗ

2294 3966 2345 4016 oi
2376 3966 2431 4017 ὲν
2470 3964 2701 4035 θλίψεως
2747 3967 3049 4035 καθήμενοι
3090 3966 3301 4028 σκότει,
3339 3965 3456 4033 φῶς
3498 3964 3887 4032 ἀγαλλιάσεως

2298 4055 2532 4125 εἴδομεν,
2580 4058 2781 4127 ἑορτῶν
2812 4059 3019 4128 ἀνίσχει
3065 4057 3417 4128 φαιδρότητα·
3450 4058 3551 4111 οῦκ
3588 4057 3696 4110 ἀπὺ
3734 4074 3889 4127 σπη’

2286 4144 2440 4198 λαίου
2475 4147 2806 4217 ,ὲκλάμπωη
2847 4149 2961 4202 ἀλλ’
3001 4145 3088 4204 οἷα
3136 4151 3364 4223 νεφέλῃ,
3417 4151 3676 4223 Παρθένῳ
3705 4154 3887 4225 μητρὶ

2289 4237 2670 4308 ἐποχούμενος·
2706 4239 2843 4292 ἀλλὰ
2872 4241 3006 4311 πρὸς
3043 4237 3192 4295 οἷκον
3227 4242 3557 4296 εἰσελαύνων
3596 4243 3887 4312 πατρῷον.

2291 4330 2560 4400 Πρότερον
2605 4332 2633 4382 ό
2662 4331 2769 4400 γῆν
2810 4332 2909 4403 τὴν
2950 4332 3243 4403 ἀνθρώπου
3278 4336 3496 4403 μητέρα
3540 4334 3617 4404 τῷ
3665 4335 3888 4405 ῥήματι

2289 4418 2672 4483 ἀποτετοκὼς,
2725 4422 2939 4492 μητέρα
2988 4423 3170 4493 ἑαυτῷ
3218 4427 3584 4492 ποιησάμενος
3612 4466 3626 4487 ,
3673 4425 3891 4494 νόμους

610 4513 843 4561 matrem
891 4513 1097 4560 terram
1127 4505 1297 4559 verbo
1329 4502 1614 4570 edidisset,
1660 4508 1762 4562 sibi
1811 4508 1928 4576 ipse
1960 4519 2175 4565 matren

2297 4511 2637 4581 ἐκαινοτόμει
2677 4512 2923 4581 φύσεως,
2962 4518 3176 4586 μήτρας
3223 4515 3341 4569 ἀνθ’
3383 4509 3458 4569 ὧν
3501 4517 3781 4587 ἀσπόρου,
3820 4518 3890 4569 τὸ

610 4599 900 4686 condens,
946 4608 1153 4651 natura:
1202 4596 1482 4651 innovavit
1531 4600 1707 4667 leges;
1762 4614 1877 4668 qua
1934 4602 2175 4657 nimii-un

2293 4604 2386 4655 τοῦ
2424 4604 2587 4668 νόμου
2619 4604 2921 4674 ἀλλότριον,
2947 4606 3303 4676 προελήλυθε·
3340 4607 3435 4660 νῦν
3463 4607 3519 4660 δὲ
3550 4609 3693 4661 κατὰ
3714 4609 3891 4677 νόμον

609 4691 825 4745 ratione
886 4689 1157 4759 processit
1213 4702 1244 4741 e
1308 4689 1489 4753 vulva,
1554 4689 1704 4742 nulla
1757 4700 2001 4747 semente
2061 4694 2192 4759 feta,

611 4783 757 4854 quod
808 4783 1067 4838 abhorret
1105 4795 1135 4833 a
1165 4779 1313 4849 lege:
1374 4796 1519 4835 nunc
1576 4791 1758 4836 autem
1806 4798 1904 4853 pro
1950 4799 2199 4841 commu-

611 4877 701 4931 nis
748 4878 960 4931 ratione
988 4875 1122 4945 legis
1155 4888 1344 4928 corum
1376 4889 1607 4943 quorum
1642 4891 1707 4930 ex
1743 4878 1950 4933 semine
1978 4893 2196 4934 carnem

612 4967 931 5033 assumpsit,
1000 4964 1095 5033 qui
1139 4963 1311 5031 legem
1359 4964 1411 5015 in
1454 4972 1639 5016 monte
1693 4963 1823 5017 Sina
1858 4965 2192 5034 scripsisset,

613 5066 876 5126 tanquam
910 5057 1044 5126 legis
1070 5072 1215 5123 reus,
1249 5055 1383 5126 legis
1418 5055 1867 5109 constitutionem
1901 5058 2192 5125 adimplet:

614 5151 751 5219 ipse,
810 5149 1056 5219 inquam,
1096 5148 1291 5218 ’gloria
1340 5146 1526 5209 Israel,
1562 5161 1626 5199 ac
1687 5147 1869 5201 lumen
1923 5150 2193 5215 gentium.

615 5242 818 5296 Gentes
867 5243 1155 5309 universae,
1211 5241 1467 5304 laudate;
1502 5254 1633 5293 ecce
1676 5240 1821 5292 enim
1875 5237 2018 5294 Deus
2064 5256 2199 5307 puer

618 5330 802 5387 laetus
842 5342 949 5399 est,
983 5347 1047 5386 ac
1076 5334 1178 5389 sub
1230 5334 1346 5404 lege
1401 5330 1558 5399 vivit,
1590 5341 1647 5384 ut
1680 5338 1792 5384 tum
1850 5330 1918 5385 iis
1966 5333 2060 5402 qui
2094 5333 2197 5387 sub

2294 4693 2491 4757 κοινὸν,
2524 4688 2599 4746 ὦν
2638 4695 2699 4747 ἐκ
2727 4696 2821 4749 τοῦ
2856 4696 3172 4767 σπέρματος
3219 4698 3399 4769 σάρκα
3448 4698 3807 4768 προσέλαϐεν,
3856 4701 3891 4751 ό

2294 4783 2483 4837 τοῦτον
2505 4788 2562 4838 ὲν
2590 4785 2785 4857 Σιναίῳ
2809 4786 3051 4856 γράψας,
3077 4788 3326 4856 ὼφείλων
3348 4789 3518 4857 αὐτῷ,
3544 4788 3641 4859 τὴν
3669 4788 3890 4843 ἐκείνου

2296 4876 2540 4941 διάταξιν
2574 4877 2858 4946 ὲκπληροῖ’
2895 4881 2928 4948 ἡ
2965 4879 3091 4944 δόξα
3121 4879 3215 4932 τοῦ
3264 4878 3500 4950 Ἰσραὴλ,
3534 4882 3597 4933 τὸ
3628 4880 3742 4949 φῶς
3772 4881 3898 4935 τῶν

2299 4967 2487 5023 ἐθνῶν.
2515 4969 2698 5023 Πάντα
2733 4969 2800 5023 τὰ
2826 4969 2976 5039 ἔθνη,
3011 4970 3285 5024 αἰνέσατε’
3324 4972 3433 5025 ἰδοὺ
3465 4971 3573 5043 γὰρ
3599 4972 3729 5035 Θεὸς
3755 4989 3902 5026 παι-

2297 5061 2409 5112 δίον
2448 5061 2698 5129 ὲγὲνετο,
2743 5064 2836 5115 καὶ
2876 5062 3219 5116 πολιτεύεται
3272 5064 3377 5117 ύπδ
3428 5064 3613 5134 νόμον,
3655 5064 3743 5116 ἶνα
3791 5066 3902 5119 καὶ

2297 5155 2408 5215 τοῖς
2439 5155 2494 5204 ἐν
2539 5153 2690 5223 νόμῳ
2726 5153 2990 5225 βοηθήσῃ,
3021 5155 3083 5206 τὸ
3116 5155 3363 5208 ἐλλεῖπον
3397 5156 3593 5223 ἐκείνῳ
3630 5156 3901 5227 ἀναπλη-

2301 5242 2432 5312 ρῶν,
2477 5244 2572 5297 καὶ
2615 5248 2729 5308 τοῖς
2778 5246 2994 5315 ἀνόμως
3043 5246 3221 5300 ἔθνεσι
3268 5248 3743 5317 πολιτευομένοις,
3796 5248 3903 5302 τὸν

2302 5335 2531 5390 πλοῦτον
2566 5338 2811 5409 γνωρίσῃ
2834 5340 2933 5408 τῆς
2967 5339 3177 5402 οἰκείας
3205 5340 3593 5411 χρηστότητος.

2126 5479 2361 5536 NOTAE.

686 5591 760 5663 (6)
794 5591 1069 5646 Habemus
1120 5606 1184 5645 ex
1237 5592 1381 5662 regia
1448 5608 1579 5660 gaza
1645 5593 2136 5649 luculentissimam
2167 5638 2181 5661 ,

614 5666 812 5783 plartitn
849 5663 1119 5723 festivam,
1147 5663 1341 5729 partim
1375 5664 1721 5730 polcmicain,
1746 5679 1808 5717 ac
1837 5680 1943 5731 qua
1976 5666 2096 5719 Filii
2123 5682 2184 5720 ac

667 5733 778 5783 erbi
807 5732 1146 5783 divinitatem
1172 5732 1224 5783 in
1261 5730 1589 5783 humilitate-
1622 5747 1726 5783 uua
1763 5749 1822 5783 se
1850 5734 1953 5783 leui
1996 5736 2184 5783 subie-

667 5733 778 5787 erbi
807 5732 1146 5788 divinitatem
1172 5732 1224 5783 in
1261 5730 1589 5801 humilitate,
1622 5747 1726 5801 qua
1763 5749 1822 5790 sc
1850 5730 1953 5802 legi
1996 5736 2184 5803 subje-

2294 5598 2389 5673 cit,
2446 5602 2717 5673 prtecipue
2755 5603 3017 5658 vindicet.
3072 5605 3223 5673 Opus
3291 5614 3441 5659 certe
3517 5606 3779 5673 elegans,
3827 5621 3907 5660 ac:

2295 5670 2807 5793 fliiglgdllllllilllc
2857 5684 2915 5728 ut
2969 5670 3189 5730 tandem
3254 5676 3550 5745 aliquando
3602 5670 3753 5749 juris
3778 5690 3901 5746 pu-
