4070 6210
231 321 293 382 2:)
1075 314 1356 375 ORATIO
1388 316 1482 374 1v.
1517 338 1583 348 -
1622 314 1698 373 IN
1742 314 2052 377 CHRISTI
2093 317 2611 383 NATIVITATEXI
2664 327 2711 386 Ῐ.
3458 332 3528 395 30

233 432 361 501 lege,
417 428 743 491 auxilietnr,
785 426 1094 496 adimplens
1148 426 1286 497 legis
1340 425 1637 491 defectum,
1700 435 1816 482 tum
1874 430 2129 499 gentibus
2193 432 2313 489 sine
2354 436 2471 506 lege
2530 437 2865 503 viventibus,
2919 439 3185 498 bonitatis
3226 460 3340 500 sua:
3389 447 3529 501 divi-

231 522 330 577 tias
373 521 652 576 ostendat.
3549 566 3557 577 .

308 616 530 682 Ἐπειδὴ
562 614 674 682 γὰρ
705 613 733 664 ὁ
766 610 1018 680 δακτύλῳ
1051 608 1189 663 Θεοῦ
1228 611 1464 681 γραφεὶς
1503 609 1701 679 νόμος,
1733 610 1831 680 ούχ
1865 617 1906 669 Α

2004 611 2143 677 Quia
2182 612 2326 668 enim
2372 612 2466 668 Dei
2516 615 2689 685 digito
2740 620 2943 690 scripta
3016 622 3099 677 lex
3184 623 3336 680 haud
3392 631 3528 685 satis
3584 672 3588 681 η.

232 702 334 771 οἷός
370 724 429 759 τε
465 702 535 776 ἦν
563 704 957 774 διασοϐηθέντα
984 704 1081 755 τόν
1125 704 1405 773 λογισμὸν,
1436 706 1498 756 ὲκ
1532 702 1627 756 τοῦ
1663 703 1825 775 πρώ-

1987 712 2078 769 ~at,
2112 714 2173 758 ut
2204 708 2579 775 perturbatam
2618 711 2884 767 rationem
2917 713 3039 785 ejus
3100 719 3245 772 malo
3300 731 3522 789 conatu,
3556 712 3594 775 λ’,

231 816 334 860 τως
374 798 548 866 σκαιᾷ
610 797 898 865 εἰσηγήσει
945 795 1399 865 παρατρέψαντος
1433 794 1616 857 αὐτὸν,
1654 796 1746 848 ἐπὶ
1772 796 1833 847 τὸ

1946 798 2039 867 qui
2100 798 2332 854 sinistra
2388 801 2624 869 primum
2682 807 3041 872 pervertisset
3095 810 3377 879 suasione,
3457 816 3523 870 ad

233 890 451 959 σῶφρον
483 890 819 955 ἀνενεγκεῖν,
854 887 962 940 οὐδ’
992 886 1185 957 ὥσπερ
1217 886 1453 956 ὄργανον
1495 888 1593 955 τῆς
1626 887 1833 947 οἰκείας

1935 886 2292 942 sobrietatem
2364 889 2672 955 reduceret,
2740 902 2868 948 utve
2935 904 3199 968 tanquam
3254 917 3522 971 organum

232 983 523 1051 ἑξεστηκδς
553 980 824 1052 ἁρμονίας
857 979 996 1050 πρὸς
1024 979 1116 1031 τὸν
1154 979 1350 1032 ἑαυτοῦ
1384 980 1621 1048 φθόγγον
1654 979 1830 1049 ἁρμό-

1934 980 2299 1033 consonantia
2351 982 2560 1037 amissa
2612 984 2677 1037 ad
2737 987 2992 1055 pr0prios
3048 990 3245 1045 iterum
3295 1009 3522 1065 compo-

236 1090 343 1127 σαι·
377 1072 492 1125 οὐδ’
522 1066 583 1125 εὖ
622 1070 868 1124 τίθεσθαι
901 1070 969 1123 τὰ
1008 1071 1186 1123 οἰκεῖα
1218 1070 1446 1133 διδάξαι·
1482 1068 1620 1122 ἀλλὰ
1648 1068 1833 1137 χειρός

1938 1080 2093 1124 neret
2125 1072 2341 1137 modos,
2414 1087 2478 1126 ac
2550 1088 2649 1128 sua
2705 1078 2873 1144 probe
2938 1079 3216 1136 moderari
3266 1085 3524 1141 doceret:

233 1186 335 1221 νων
367 1168 678 1237 ὑποθήκαις
706 1165 775 1219 τά
805 1166 1151 1234 προλαϐόντα
1179 1166 1473 1235 ηὐξάνετο,
1500 1165 1601 1217 οὐκ
1631 1166 1827 1234 ἀρκουσ

1935 1163 2203 1231 ηιιὶηέιιιο,
2237 1179 2359 1217 cum
2422 1169 2673 1237 peiorum
2732 1169 3153 1226 accessionibus
3204 1175 3389 1241 priora
3434 1178 3524 1232 in-

237 1262 413 1330 μένων
441 1259 601 1329 ἡμῶν
626 1259 705 1327 τῷ
732 1258 1045 1328 τολμήματι
1072 1258 1169 1327 τῆς
1194 1259 1482 1326 παρακοῆς
1507 1295 1521 1318 ,
1550 1256 1667 1309 ἀλλ’
1692 1255 1830 1326 ὁμοῦ

1935 1266 2274 1319 crescerent.
2324 1273 2424 1312 nec
2478 1260 2757 1314 sulliceret
2809 1262 3198 1321 inobedientia:
3259 1285 3528 1336 praesuin-

235 1356 297 1421 τῇ
327 1350 519 1420 ἐντολῇ
554 1351 647 1404 καὶ
675 1351 768 1402 τὸν
795 1349 1073 1419 Δῑσπότην
1127 1349 1482 1417 διισταμένων
1510 1364 1523 1377 ·
1564 1349 1657 1400 καὶ
1696 1346 1832 1399 καθ-

1936 1350 2090 1416 ptio;
2136 1348 2230 1404 sed
2270 1350 2487 1405 abunde
2544 1368 2650 1405 una
2709 1368 2833 1407 cum
2893 1356 3173 1421 mandato,
3238 1360 3525 1416 Dominum

236 1445 378 1513 άπερ
402 1441 589 1494 πώλου
618 1442 709 1493 τὸν
735 1440 949 1510 χαλινὸν
972 1440 1410 1503 ὲκδακόντοςριαὶ
1430 1454 1677 1507 κατακρη
1689 1436 1833 1507 μνῶν

1937 1440 2114 1508 ipsum
2170 1442 2611 1510 repulissetnus:
2652 1460 2919 1515 mensque
2970 1449 3099 1517 pulli
3154 1450 3331 1505 instar
3362 1455 3528 1509 adeso

235 1533 515 1595 ἀπωλείας
538 1532 664 1584 ὅλου
692 1531 912 1601 ῥυέντος
946 1528 1039 1582 τοῦ
1068 1528 1185 1582 νοῦο
1224 1530 1348 1582 ἐπεὶ
1377 1522 1471 1582 οὖν
1493 1530 1521 1581 ό
1544 1527 1665 1598 θείᾳ
1690 1526 1834 1596 χειρὶ

1936 1532 2090 1586 freno
2136 1549 2380 1603 praeceps
2418 1544 2529 1589 tota
2567 1537 2619 1591 in
2677 1538 2962 1593 interitum
2999 1544 3341 1610 proruissct:
3377 1548 3526 1614 quia,

236 1626 469 1698 γραφεὶς
502 1624 668 1693 νόμος
707 1622 881 1684 οὓτως
926 1620 1231 1692 ὡρμηκότα
1264 1620 1368 1673 οὐκ
1418 1616 1571 1688 εἶχεν
1602 1620 1830 1686 ἀναχαι-

1934 1625 2181 1691 inquam,
2235 1625 2419 1679 divina
2465 1643 2624 1682 manu
2690 1630 2895 1700 scripta
2930 1632 3015 1687 lex
3071 1634 3151 1687 sic
3195 1636 3527 1704 praecipitem

235 1722 390 1783 τιείν,
425 1716 593 1777 αὐτὸς
621 1716 649 1767 ὁ
682 1714 1009 1783 ύπερούτιος
1040 1714 1235 1781 Λόγος,
1268 1713 1300 1781 ἡ
1336 1712 1555 1765 πάντων
1590 1708 1833 1762 ὑποστά-

1938 1713 2142 1768 factum
2189 1716 2432 1769 animum
2483 1717 2709 1773 minime
2745 1728 2960 1790 poterat
3012 1739 3292 1788 revocare,
3326 1742 3389 1780 ac
3438 1743 3530 1782 se-

239 1828 319 1874 τις
345 1810 527 1877 σοφία,
557 1810 615 1860 ἐν
643 1807 722 1875 τῷ
747 1807 914 1876 πάχει
945 1806 1040 1859 τοῦ
1072 1805 1411 1874 πλάσματος,
1442 1803 1521 1872 τῷ
1553 1802 1834 1871 πλάσματι

1934 1821 2035 1858 cus
2086 1805 2399 1872 inﬂectere;
2452 1805 2695 1862 Verbum
2732 1810 2909 1880 ipsum
2965 1815 3525 1881 supersubstantiale,

240 1903 437 1972 ὁμιλεῖ·
470 1902 568 1955 καὶ
596 1900 937 1971 χρηματίζει
963 1900 1127 1967 νόμος
1154 1898 1317 1957 αὐτὸς
1348 1896 1440 1949 καὶ
1474 1896 1796 1963 παραίνεσις
1816 1932 1831 1957 ,

1940 1896 2326 1952 universarum
2400 1900 2726 1968 productrix
2810 1904 3103 1972 sapientia,
3168 1907 3220 1960 in
3288 1908 3530 1979 ﬁgmenti

239 1995 304 2047 δι’
327 1994 524 2047 ἑαυτοῦ
560 1995 687 2054 τοὺς
717 1993 990 2053 ἀτάκτους
1024 1988 1531 2059 ἐπανορθούμενος·
1570 1987 1664 2039 καὶ
1704 1986 1835 2053 ὁρᾶ-

1937 2004 2129 2044 crasso
2188 2005 2439 2059 corpore,
2501 1993 2763 2062 ﬁgmento
2819 2000 3173 2062 consuescit;
3250 2001 3531 2070 litqnelex

237 2101 326 2137 ται
353 2082 631 2152 ἀλλοιωτῷ
664 2085 719 2134 ὲν
749 2082 879 2135 εἴδει
918 2084 945 2133 ὁ
967 2079 1323 2141 ἀναλλοίωτος
1356 2077 1450 2130 τοῦ
1500 2078 1710 2147 Πατρδς
1740 2093 1837 2146 χα-

398 2177 410 2187 .
584 2176 593 2187 .
852 2173 863 2187 .
995 2173 1017 2184 ς.
1065 2173 1103 2187 η
1214 2173 1226 2187 .
1341 2170 1356 2187 ε
1405 2171 1417 2187 .
1478 2172 1497 2185 .
1582 2169 1600 2187 ς
1651 2168 1706 2187 Α,
1786 2186 1829 2187 ,,

1940 2080 2057 2150 ipsa
2110 2095 2175 2135 ac
2206 2081 2531 2148 admonitio,
2593 2083 2771 2151 ipsum
2832 2101 2931 2155 per
3010 2103 3069 2142 se
3133 2090 3531 2160 incompositos

240 2177 477 2248 ρακτήρ·
513 2176 604 2227 καὶ
638 2173 921 2243 μεσιτεύει
952 2173 1029 2242 τῷ
1063 2173 1236 2241 Πατρὶ
1270 2170 1365 2223 καὶ
1395 2171 1548 2239 ἡμῖν,
1582 2168 1834 2232 λυθέντος

1938 2174 2279 2238 etnentlaus;
2325 2183 2489 2242 atque
2521 2174 2576 2228 in
2610 2176 2859 2231 mutabili
2895 2180 3139 2233 cernitur
3174 2184 3377 2250 specie,
3437 2183 3530 2251 qui

239 2271 301 2323 ὲν
335 2271 403 2339 τῇ
436 2269 597 2339 σαρκὶ
622 2266 815 2330 αὑτοῦ,
844 2268 945 2337 τῆς
1007 2264 1208 2336 ἔχθρας
1231 2263 1325 2317 τοῦ
1359 2262 1831 2334 ἀντιφράγματος.

1938 2263 2117 2319 Patris
2151 2264 2384 2319 exsistat
2415 2264 2773 2322 immutabilis
2828 2266 3039 2338 ﬁgura;
3110 2269 3403 2341 ipsmnque
3448 2272 3534 2326 in-

1940 2367 2020 2413 ter
2070 2372 2135 2410 ac
2165 2356 2453 2411 hominum
2509 2373 2681 2428 genus
2733 2370 3083 2427 sequestrum
3137 2362 3273 2431 agit,
3309 2362 3533 2417 solvens

1938 2447 1992 2501 in
2040 2462 2209 2501 carne
2265 2460 2364 2500 sua
2400 2446 2689 2501 adversam
2743 2447 3158 2501 inimicitiarum
3208 2450 3531 2503 maceriem.

316 2540 405 2613 Μὴ
454 2540 897 2612 φρενοϐλαϐείτω
948 2539 1223 2605 Ἰουδαῖος,
1263 2538 1401 2609 μηδὲ
1434 2539 1834 2610 παραπλησίως

2009 2534 2087 2590 Ne
2113 2534 2337 2590 Judteus
2365 2535 2627 2596 insaniat,
2658 2545 2825 2590 autve
2852 2535 2996 2589 haud
3054 2552 3215 2593 secus
3245 2553 3310 2593 ac
3362 2539 3531 2603 ulnla,

240 2636 355 2698 τοῖς
388 2633 777 2703 νυκτονόμοις,
822 2632 921 2702 τὴν
962 2632 1181 2700 ἡμέραν
1228 2631 1681 2701 ἀποστρεφέσθω*
1719 2628 1834 2686 ἀλλ’

1937 2638 2034 2679 seu
2060 2624 2336 2693 ejusmodi
2367 2624 2517 2677 aliud
2548 2624 2902 2696 noctivagum
2937 2625 3163 2690 animal,
3199 2626 3342 2680 diem
3376 2642 3534 2682 aver-

240 2726 540 2795 ὸςοθαλμοίς
570 2724 752 2793 φθόνῳ
799 2723 875 2793 μὴ
904 2722 1450 2793 διαλελυμασμένοις,
1488 2723 1550 2776 τὺ
1579 2724 1833 2793 λαμπρὸν

1937 2723 2090 2768 setur
2113 2731 2127 2780 ;
2154 2715 2284 2783 quin
2302 2716 2485 2784 potius
2507 2714 2659 2768 nullo
2690 2714 2864 2769 oculis
2886 2714 3057 2769 livore
3080 2714 3316 2779 oblarsis,
3338 2716 3535 2771 divinze

239 2819 347 2887 τῆς
376 2817 522 2879 Θείας
556 2815 1031 2886 ὲνανθρωπήσεως
1054 2853 1068 2876 ,
1102 2815 1168 2867 ὲκ
1194 2814 1305 2866 τῶν
1346 2814 1477 2883 παρ’
1520 2814 1671 2881 αὐτῷ
1715 2832 1835 2868 κει-

2003 2806 2338 2861 carnationis
2402 2805 2750 2875 splendorem
2787 2820 2854 2861 ex
2920 2806 2989 2861 iis
3030 2806 3359 2877 conspiciat,
3414 2825 3538 2877 qua:
3603 2816 3610 2823 '

245 2910 428 2980 μένων
450 2906 657 2976 ὁράτω.
682 2905 866 2975 Μηδὲν
882 2906 982 2974 τὴν
1006 2904 1268 2976 ἀλήθειαν
1287 2904 1487 2974 Ἕλλην
1507 2905 1832 2973 διαγελάτω,

1938 2907 2067 2953 sunt
2115 2899 2259 2969 apud
2324 2900 2526 2968 ipsum.
2593 2896 2739 2953 Nihil
2798 2898 3015 2969 gentilis
3059 2902 3343 2955 veritatem
3389 2898 3537 2956 deri-

241 3000 272 3051 ὁ
302 3000 368 3051 τὰ
401 2998 579 3050 οἰκεῖα
601 2996 768 3065 αἴσχη
799 2994 1085 3058 θεοποιῶν,
1111 2994 1204 3047 καὶ
1231 2994 1436 3065 δήμους
1478 2992 1616 3047 θεῶν
1644 2996 1708 3047 ἐκ
1740 3010 1838 3047 πα-

1938 2989 2086 3055 deat,
2140 2990 2233 3059 qui
2278 3005 2375 3045 sua
2411 2990 2529 3060 ipse
2563 2990 2761 3060 probra
2796 2990 3001 3045 deitate
3051 2990 3220 3045 donet
3268 2992 3535 3045 deorum-

242 3090 356 3143 θῶν
398 3087 580 3159 ἑαυτῷ
622 3084 911 3140 συνιστῶν.
962 3084 1126 3155 Ἡμῖν
1158 3084 1268 3155 γὰρ
1303 3079 1384 3148 εἷς
1414 3084 1568 3148 Θεόςο
1612 3086 1834 3155 Πατὴρ,

1938 3097 2046 3153 que
2108 3082 2339 3153 populos
2393 3097 2461 3138 ex
2533 3081 2885 3154 passionibus
2936 3083 3194 3154 vitiisque
3246 3083 3348 3140 sibi
3400 3099 3535 3139 cou-

242 3182 394 3245 Υἱὸς,
430 3182 526 3234 καὶ
566 3178 789 3248 Πνεῦμα
820 3176 976 3244 ἅγιον
1002 3192 1015 3205 ·
1046 3180 1143 3245 οὐχ
1174 3176 1256 3228 ἑνὶ
1280 3174 1558 3247 προσώπῳ
1586 3176 1693 3229 τῶν
1721 3178 1839 3230 ὀνο-

1941 3180 2151 3236 stituat.
2201 3178 2369 3235 Nobis
2401 3178 2547 3233 enim
2585 3194 2729 3234 unus
2764 3177 2905 3234 Deus
2955 3188 3075 3247 est;
3111 3179 3293 3247 Pater,
3336 3180 3535 3246 Filius,

245 3275 437 3346 μάτων
467 3272 743 3341 κειμένοιν
763 3283 779 3298 ⁶
808 3266 947 3322 ἀλλά
978 3267 1158 3337 τρισὶν
1200 3266 1512 3335 ἑνουμένοις
1545 3268 1837 3338 ταυτότητι

1939 3282 1994 3329 et
2049 3271 2288 3343 Spiritus
2353 3280 2617 3336 sanctus;
2680 3285 2785 3324 non
2844 3270 2938 3335 ita,
2995 3280 3057 3325 ut
3141 3272 3236 3326 uni
3292 3287 3538 3342 persona:

243 3366 484 3435 φύσεως.
523 3360 823 3431 Οἰμωζέτω
859 3360 970 3429 γὰρ
992 3360 1021 3411 ὁ
1047 3358 1147 3425 τῆς
1169 3358 1470 3427 παρανοίας
1497 3358 1701 3427 ταύτης
1731 3376 1837 3411 πα-

1942 3361 2202 3415 attributa
2234 3362 2347 3415 sint
2372 3363 2591 3415 nomina
2613 3399 2628 3424 ,
2659 3359 2755 3414 sed
2808 3367 2867 3413 ut
2897 3360 3078 3416 tribus
3119 3362 3368 3431 ejusdem
3401 3379 3538 3418 eon-

242 3459 377 3528 τὴρ,
397 3458 495 3509 καὶ
522 3454 585 3508 τὸ
609 3453 667 3505 ἒν
694 3452 941 3523 ἀμείϐων
958 3452 1078 3513 ταῖς
1102 3449 1331 3518 κλήσεσι
1360 3450 1674 3520 πρόσωπον
1714 3452 1838 3520 μηδ’

1944 3452 2150 3522 junctis
2182 3455 2567 3506 communione
2617 3459 2847 3506 natura}.
2890 3452 3097 3523 Lugeat
3147 3455 3291 3509 enim
3350 3456 3538 3524 ejusce

245 3552 382 3605 αὐτὸ
425 3546 587 3601 τοῦτο
619 3547 796 3608 συνεὶς
830 3546 859 3598 ὁ
907 3542 1299 3614 ὲμὸρόντητος.
1347 3540 1429 3593 ὃτι
1477 3544 1542 3611 τῇ
1582 3544 1680 3612 μιᾷ
1715 3542 1847 3594 ὑπο·

1950 3545 2237 3599 dementixe
2304 3553 2493 3614 pater,
2544 3545 2749 3615 quique
2805 3561 2968 3598 unam
3002 3561 3293 3615 personam
3349 3550 3536 3619 appel-

249 3641 440 3695 στάσει
467 3638 925 3708 φιλοτιμούμενος
969 3636 1037 3687 τὰ
1077 3633 1317 3703 ὀνόματα
1340 3673 1354 3695 ,
1381 3635 1481 3686 οὐκ
1512 3634 1664 3686 εἴασε
1696 3633 1849 3701 λέγε.

1951 3632 2248 3687 lationihus
2276 3640 2610 3698 commutat;
2658 3648 2756 3686 nec
2793 3632 2897 3686 hoc
2929 3634 3107 3700 ipsum
3141 3642 3336 3688 emota:
3380 3651 3539 3690 men-

250 3732 375 3785 σθαι
397 3729 732 3783 ὃὲκάλεςιέν⁸
757 3725 867 3779 οὐδ’
892 3724 921 3777 ὃ
944 3724 1348 3793 προσαγορεύει
1369 3724 1584 3775 κεῖσθαι
1607 3722 1847 3790 δίδωσιν,

1951 3726 2023 3777 tis
2075 3724 2236 3777 homo
2268 3724 2542 3792 intelligit,
2576 3722 2721 3791 quod
2770 3724 2861 3776 uni
2911 3724 3193 3793 Ityposlasi
3244 3726 3540 3785 ambitiose

246 3823 418 3893 εἰπερ
458 3819 683 3889 ἀληθῶς
712 3819 892 3870 κεῖται
935 3816 1004 3869 τὰ
1056 3814 1131 3885 μὴ
1183 3812 1439 3882 διαδοχὴν
1488 3812 1846 3881 προσιέμενα.

1952 3817 2169 3869 nomina
2205 3816 2427 3875 tribuat.
2457 3830 2524 3870 ne
2560 3815 2662 3868 hoc
2697 3814 2920 3884 quidem
2978 3816 3086 3871 dici
3126 3816 3332 3883 sinere,
3391 3821 3538 3891 quod

248 3914 375 3976 Πῶς
406 3906 501 3964 οὖν
530 3909 593 3962 τό
625 3908 681 3960 ἒν
705 3905 871 3960 αὑτοῦ
904 3906 1197 3975 πρόσωπον
1223 3902 1482 3972 ὀνομάσει
1516 3902 1755 3972 Πατέρα,
1780 3905 1846 3974 τῇ

1952 3907 2278 3975 appellavit:
2329 3920 2430 3959 nec
2474 3920 2604 3959 vero
2661 3904 2809 3975 quod
2866 3907 3127 3976 appellat,
3206 3908 3424 3962 ﬁrmum
3476 3926 3541 3966 ac

249 4003 385 4059 1⁸ἱοῦ
414 4000 763 4073 προσηγορίᾳ
790 3995 1005 4065 ἐκείνης
1032 3992 1420 4062 ὲξιστάμενον;
1449 3993 1534 4046 ἴνα
1561 3990 1655 4046 νῦν
1678 3994 1846 4058 ἐάσω,

1950 4010 2129 4050 ratum
2198 4011 2319 4051 esse
2365 3996 2659 4051 concedit:
2739 3998 2962 4069 quando
3021 4000 3112 4052 illa
3186 4015 3312 4055 vere
3383 4000 3538 4055 ﬁrma

247 4096 370 4160 πῶς
404 4096 546 4158 ὅλως
590 4092 782 4163 ῥηθείη
832 4087 1059 4159 Πατὴρ,
1100 4088 1133 4157 ἢ
1188 4086 1306 4149 πῶς
1351 4085 1479 4148 Υἱὸς
1528 4084 1845 4147 καλέσοιτο,

1954 4102 2182 4159 rataque
2215 4098 2345 4144 sunt
2367 4105 2487 4159 qu:e
2525 4092 2937 4146 successionem
2971 4092 3396 4163 haudquaquam
3443 4092 3542 4146 ad-

250 4191 328 4252 st;
356 4188 461 4258 τὴν
490 4185 588 4239 τοῦ
616 4181 935 4253 Πνεύματος
962 4178 1262 4250 μεθεστώς.
1293 4172 1386 4241 Εἷς
1418 4175 1510 4229 οὖν
1535 4176 1665 4239 Θεὸς
1692 4175 1849 4246 ἡμῶν

1954 4183 2203 4236 mittunt.
2274 4180 2393 4247 Qua
2464 4197 2594 4252 ergo
2651 4185 2868 4238 ratione
2948 4198 3104 4238 suam
3165 4185 3309 4239 illam
3376 4201 3541 4240 unam

249 4285 311 4337 tv
353 4280 513 4353 τρισὶ
560 4276 879 4348 προσώποις
901 4288 916 4302 ’
949 4271 1072 4327 οὗτε
1101 4272 1190 4323 διὰ
1218 4270 1280 4321 τὸ
1320 4269 1544 4339 τρισσὸν
1567 4269 1849 4338 τμήμασιν

1954 4290 2245 4345 personam
2316 4272 2530 4327 Patrem
2590 4276 2908 4345 appellabit,
2965 4292 3090 4330 cum
3140 4276 3291 4331 illam
3357 4278 3544 4332 notio-

249 4370 577 4443 ἑτεροφυέσι
615 4366 984 4437 μεριζομένης
1018 4364 1118 4433 τῆς
1150 4361 1359 4423 ὲνιαίας
1390 4360 1655 4427 Θεότητος
1680 4398 1695 4423 ,
1724 4358 1849 4411 οὕτε

1954 4382 2074 4420 nem
2106 4366 2225 4419 Filii
2257 4366 2621 4435 appellatione
2654 4367 2907 4421 amittat?
2970 4366 3040 4420 lJt
3078 4384 3223 4422 nunc
3260 4369 3541 4435 omittam,

246 4464 364 4518 τῶν
397 4458 709 4533 προσώπων
738 4457 829 4509 διὰ
864 4454 926 4507 τὸ
966 4455 1168 4507 ἐνιαῖον
1201 4451 1584 4521 συγχεομένων
1612 4450 1712 4519 τῆς
1750 4450 1852 4519 φύ-

1953 4471 2060 4526 qua
2132 4471 2360 4525 prorsus
2433 4455 2646 4510 ratione
2724 4455 2889 4509 Pater
2975 4456 3232 4522 dicatur,
3292 4466 3387 4512 aut
3430 4475 3539 4529 qua

248 4567 419 4614 σεως·
456 4550 575 4604 ἀλλ’
613 4548 704 4601 ἀεὶ
727 4544 836 4599 τῶν
867 4543 1036 4613 τριῶν
1077 4542 1265 4603 ὄντων,
1309 4542 1404 4595 καὶ
1434 4538 1558 4592 οὔτε
1592 4538 1685 4592 τοῦ
1718 4538 1848 4591 Υἱοῦ

1953 4546 2257 4616 appelletur
2329 4545 2524 4611 Filius,
2588 4546 2681 4615 qui
2744 4547 2798 4601 in
2850 4545 3091 4617 Spiritus
3154 4548 3548 4619 commigrave-

247 4644 310 4710 ἐξ
341 4644 447 4696 οὒκ
474 4641 648 4703 ὄντος,
676 4637 803 4692 οὔτε
832 4637 927 4689 τοῦ
965 4635 1301 4704 Πνεύματοςο
1329 4632 1415 4684 ἵνα
1443 4632 1516 4701 μὴ
1546 4630 1762 4695 ἐλλιπὲς
1789 4629 1851 4683 ὃν

1952 4640 2025 4692 rit
2084 4638 2554 4708 appellationem?
2617 4634 2772 4692 Unus
2831 4652 2963 4709 ergo
3016 4648 3102 4694 est
3160 4638 3304 4694 Deus
3355 4648 3546 4695 noster

245 4740 310 4791 τὸ
340 4737 523 4797 Θείον,
558 4732 785 4801 ὕστερον
813 4729 955 4799 ὀφθῇ
983 4727 1081 4799 τὴν
1108 4726 1316 4779 ἔνδειαν
1343 4725 1703 4793 ἀποθέμενον·
1732 4723 1847 4777 ἀλλ’

1957 4730 2014 4783 ln
2046 4729 2226 4785 tribus
2263 4730 2548 4801 personis;
2586 4745 2687 4785 nec
2719 4731 2882 4785 trium
2920 4732 3154 4794 ratione,
3217 4732 3422 4786 diversi
3449 4746 3547 4804 ge-

241 4829 394 4899 ὁμοῦ
420 4825 503 4896 τῷ
542 4800 703 4894 αἰτίῳ
730 4821 927 4891 "arpi,
955 4820 1053 4873 atat
1085 4817 1194 4871 τῶν
1220 4817 1279 4880 ἐξ
1314 4817 1524 4869 ἐκείνου
1559 4816 1846 4869 συνόντωνθ

1956 4822 2107 4877 neris
2143 4800 2481 4879 sectionibus
2518 4823 2783 4893 singulari
2811 4824 3013 4879 deitate
3077 4824 3273 4890 divisa,
3311 4824 3408 4880 sed
3455 4800 3540 4880 ita

244 4919 478 4991 Πατρός
511 4918 612 4984 μὲν
654 4916 749 4969 καὶ
785 4912 1099 4983 Πνεύματος
1139 4912 1197 4964 ἐν
1242 4912 1307 4981 τῇ
1342 4910 1550 4962 ἑαυτῶν
1587 4908 1851 4978 διαμεμε-

1960 4920 2022 4966 ut
2072 4921 2187 4968 tres
2239 4928 2457 4984 semper
2509 4917 2801 4978 exsistant,
2861 4930 2924 4969 ac
2977 4931 3077 4970 nec
3124 4915 3297 4972 Filius
3344 4933 3410 4972 ex
3462 4917 3548 4972 ni-

243 5014 506 5081 νηκότων
535 5008 826 5079 ἁπλότητι.
856 5004 987 5059 Υἱοῦ
1024 5004 1104 5071 δὲ,
1130 5005 1196 5073 τῇ
1222 5002 1281 5069 ἐξ
1309 5000 1467 5072 ἡμῶν
1496 4998 1849 5070 συντεθειμέ-

1963 5003 2077 5058 hilo
2131 5004 2222 5068 sit,
2295 5020 2397 5059 nec
2459 5006 2699 5074 Spiritus
2777 5014 3001 5060 sanctus
3049 5023 3062 5059 :
3136 5016 3193 5061 ιιι
3250 5023 3319 5062 ne
3363 5006 3550 5063 Deitas

246 5124 346 5158 νου
380 5103 716 5175 προσλήψει.

1961 5111 2084 5149 cum
2112 5096 2266 5165 prius
2315 5096 2573 5151 deﬁciens
2642 5103 2790 5150 esset
2850 5097 3204 5162 postmodum
3276 5098 3548 5161 videatur,

244 5199 540 5253 defectum
600 5194 912 5264 abiecisse:
960 5191 1053 5246 sed
1108 5203 1216 5244 una
1257 5203 1382 5241 cum
1435 5200 1627 5249 causa,
1690 5183 1852 5240 Patre
1883 5188 2118 5253 scilicet,
2152 5189 2313 5243 simul
2370 5191 2638 5242 exsistant
2691 5186 2784 5256 qui
2840 5195 2968 5239 sunt
3029 5204 3096 5242 ex
3146 5189 3257 5253 illo,
3335 5196 3395 5242 ut
3467 5188 3552 5242 nio

248 5291 567 5345 hilominus
602 5297 716 5342 ttun
771 5286 951 5348 Pater.
982 5294 1098 5339 tum
1141 5282 1382 5352 Spiritus
1416 5293 1573 5334 suam
1609 5279 1935 5335 retinuerint
1976 5282 2422 5354 simplicitatem;
2498 5279 2663 5336 Filius
2727 5295 2877 5346 vero,
2927 5282 3113 5334 carnis
3198 5288 3400 5337 nostra:
3464 5295 3553 5335 as-

248 5383 583 5452 sumptione
639 5380 817 5434 laetus
878 5378 947 5432 sit
986 5374 1350 5444 compositus.
3492 5362 3499 5369 ·

333 5474 485 5527 Ἔδει
528 5472 640 5540 γὰρ
677 5469 812 5522 Θεοῦ
846 5466 1201 5539 βουληθέντος
1241 5463 1330 5517 διά
1360 5460 1645 5530 σπλάγχνα
1675 5460 1861 5525 ἐλέους

2037 5458 2144 5511 Par
2203 5458 2348 5513 enim
2411 5463 2549 5518 erat,
2616 5465 2673 5509 ut
2722 5471 2845 5510 eum
2906 5457 3046 5510 DCtls
3092 5471 3186 5523 per
3238 5457 3558 5513 misericor-

250 5566 317 5618 ὶν
359 5562 605 5634 ἢμιτέρᾳ
639 5562 819 5630 μορφῇ
846 5558 945 5629 τὴν
967 5555 1193 5626 λογικὴν
1215 5552 1376 5625 ἡμῶν
1402 5552 1685 5619 εὐγένειαν
1711 5551 1857 5622 διαρ-

1967 5551 2071 5605 dia:
2094 5550 2303 5604 viscera
2334 5548 2660 5601 rationalem
2697 5559 2944 5602 nosuam
2977 5549 3392 5617 ingenuitatem,
3431 5566 3552 5618 qua:

254 5660 491 5725 ρυεῖσαν
511 5654 649 5725 πρὸς
679 5654 870 5705 ἑαυτὸν
908 5650 1211 5714 ἀνασῶσαι,
1248 5648 1375 5700 Υἱὸν
1409 5642 1548 5698 εἷναι
1578 5645 1669 5697 τὸν
1703 5644 1861 5696 τοῦτο

1965 5641 2019 5694 in
2069 5646 2263 5693 natura
2314 5647 2501 5693 nostra
2552 5638 2899 5705 ditlluxisset,
2936 5638 3001 5692 ad
3053 5653 3113 5693 se
3156 5639 3272 5708 ipse
3300 5653 3558 5707 reparare

253 5744 836 5818 πραγματευσάμενον
864 5759 878 5774 ·
920 5744 980 5796 οὐ
1030 5742 1190 5812 μόνον
1235 5740 1317 5794 ὅτι
1356 5738 1494 5805 ὅπερ
1523 5731 1591 5805 ἦν
1633 5734 1860 5801 ἁῖδίως,

1968 5731 2275 5794 statuisset,
2310 5729 2362 5785 id
2403 5731 2603 5801 negotii
2631 5745 2725 5797 per
2752 5728 2951 5786 Filium
2986 5738 3269 5800 gereretur
3303 5747 3317 5785 :
3350 5729 3548 5785 nedum
