4070 6210
513 324 577 389 31
1743 315 1941 376 LEON
1951 316 2021 377 IS
2060 312 2527 376 PHILOSOPHI
3728 315 3803 375 32

514 455 579 494 ea
617 439 848 499 ratione,
900 433 1029 505 quia
1079 431 1225 502 quod
1267 437 1468 485 mterna
1522 436 1668 483 esset
1718 428 2098 497 generatione,

2212 424 2367 478 τοῦτο
2390 426 2485 476 καὶ
2511 423 2734 492 ὕστερον
2757 421 3133 493 χρηματίζων,
3161 421 3261 475 ούκ
3294 421 3485 492 ἔμελλε
3514 422 3625 476 τῶν
3653 424 3802 479 ἰδίων

514 524 863 597 postmodum
933 520 1188 583 audiens,
1252 535 1281 571 a
1333 519 1450 573 suis
1503 516 1621 586 ipse
1675 515 2099 587 haudquaquam

516 629 853 671 excessurus
883 618 1007 668 erat
1034 652 1049 677 ,
1084 625 1274 665 verum
1319 608 1508 672 etiam,
1539 607 1665 677 quia
1713 607 1943 662 rationis
1978 615 2097 662 erat

518 718 636 761 uta
672 708 829 761 nobis
875 720 976 760 sua
1020 702 1309 758 nobiscmn
1354 697 1777 764 consuetudine,
1812 699 2101 754 irrationa-

516 801 596 854 les
646 799 876 854 affectus
922 809 1214 861 moresque
1257 791 1521 847 auferret.
1580 790 1793 846 Idcirco
1840 791 2106 846 Conditor

518 893 635 960 ipse
678 890 1006 945 sa'eulorum
1062 885 1392 957 principium
1462 883 1665 938 saeculo
1700 881 1974 938 recentius
2006 898 2101 938 su-

518 983 657 1049 mit;
708 992 870 1051 partu
904 979 1071 1033 nullis
1115 976 1321 1031 infecto
1352 975 1628 1040 sordibus,
1660 988 1840 1029 meum
1872 973 2107 1028 honorat

519 1085 774 1144 partum;
814 1088 897 1137 ac,
946 1069 1091 1139 quod
1125 1068 1413 1138 praesentis
1444 1067 1551 1123 diei
1588 1067 1871 1123 solemniis
1899 1069 2097 1136 agitur,

519 1181 685 1219 carne
728 1166 782 1217 iu
832 1163 1036 1232 templo
1090 1164 1343 1224 offertur,
1382 1159 1492 1215 Deo
1524 1174 1631 1223 me,
1670 1175 1699 1213 a
1740 1158 1966 1230 profana
2000 1158 2105 1211 imr

520 1260 835 1327 mumlaque
886 1258 939 1311 in
996 1256 1279 1326 impietate
1319 1253 1741 1309 conversatione
1766 1292 1781 1315 ,
1815 1251 2103 1306 vindicans

521 1365 883 1417 sacratisque.
935 1348 995 1402 ιι]
1044 1348 1205 1403 hodie
1271 1346 1382 1415 agit
1435 1344 1661 1415 provide
1696 1382 1711 1407 ,
1762 1342 1854 1414 qui
1929 1340 2103 1396 nostri

520 1458 690 1497 causa
742 1442 922 1497 factus
948 1450 1031 1497 est
1066 1440 1268 1495 infans.
1312 1436 1426 1493 Hoc
1462 1437 1779 1492 festivitatis
1828 1435 2107 1489 hodierna:

522 1543 907 1606 argumentum
936 1541 1020 1589 est
1048 1550 1061 1586 :
1090 1547 1284 1602 nempe
1308 1530 1537 1585 infantis
1564 1529 1617 1582 in
1646 1528 1847 1598 templo
1878 1526 2103 1589 oblatio,

525 1628 614 1681 cui
666 1626 842 1696 igneis
892 1624 962 1679 ab
1011 1623 1203 1677 oribus
1236 1620 1465 1675 offertur
1512 1616 1780 1672 laudatio.
1814 1615 1950 1681 Quis
1996 1629 2105 1668 non

524 1714 785 1769 horreat?
815 1713 951 1779 Quis
974 1727 1083 1766 non
1117 1709 1376 1780 stupeat?
1409 1708 1546 1774 Quis
1579 1724 1685 1763 non
1718 1708 1771 1761 in
1805 1707 2105 1777 gratiarum

525 1806 771 1862 solvatur
819 1804 1106 1860 actiones?
1157 1803 1259 1868 Qui
1310 1810 1369 1856 ut
1402 1802 1549 1857 Deus
1579 1801 1836 1854 universa
1868 1798 2105 1868 perﬁcit,

523 1898 834 1951 mortalium
859 1894 1191 1949 formatione
1217 1894 1271 1948 in
1299 1892 1620 1963 imperfecta
1648 1892 1895 1947 cernitur
1922 1897 2104 1945 aetate.

534 1987 639 2053 Qui
698 1986 950 2041 considet
994 1984 1180 2051 Patri,
1232 1983 1488 2038 manibus
1530 1990 1774 2052 gestatur
1822 1980 2105 2035 maternis.

525 2077 696 2147 Cujus
726 2079 892 2133 verbo
922 2086 1176 2131 vocatum
1203 2076 1386 2130 lumen
1424 2074 1649 2145 prodiit,
1678 2073 1733 2128 in
1762 2073 1885 2128 vitae
1906 2080 2111 2127 nostra:

526 2170 727 2225 nebula
752 2169 1021 2241 procedit.
1058 2167 1201 2223 Caeci
1237 2168 1479 2239 gentium
1511 2167 1657 2221 oculi
1692 2167 1748 2221 in
1774 2174 1889 2220 atra
1913 2165 2107 2221 mortis

508 2270 689 2316 nocte
734 2262 1063 2326 sedentium,
1109 2258 1519 2323 illuminamini,
1552 2258 1645 2329 qui
1692 2257 1931 2313 lucidam
1983 2258 2110 2311 vitae

526 2352 672 2405 diem
706 2351 1082 2419 conspiciatis.
1113 2348 1326 2404 Excisa!
1356 2364 1592 2418 namque
1618 2355 1750 2404 sunt
1787 2348 2111 2419 ignorantia:

528 2442 794 2504 tenebrat,
842 2439 1045 2510 quibus
1093 2454 1121 2492 a
1165 2438 1275 2493 Deo
1316 2438 1540 2493 discreti
1603 2438 1941 2503 tenebamur,
1991 2440 2109 2509 ipso

528 2550 590 2589 se
617 2533 929 2588 inﬂectente
961 2547 1176 2587 summo
1209 2532 1719 2586 misericordiarum
1751 2530 1916 2587 Patre
1946 2541 2110 2602 atque

529 2626 638 2686 his,
684 2624 778 2695 qui
834 2624 1130 2679 interibant
1177 2625 1230 2677 in
1284 2625 1553 2689 tenebris,
1602 2640 1790 2679 verum
1846 2625 2112 2681 infereute

531 2712 734 2767 lumen.
804 2711 994 2767 Soluta
1056 2714 1321 2768 mmstitia
1383 2725 1488 2779 est,
1546 2714 1773 2770 Deitatis
1822 2716 2113 2786 splendore

532 2804 693 2878 nobis
722 2803 1040 2874 aﬂ‘ulgcnte.
1068 2804 1300 2860 Videant
1331 2808 1592 2871 salutare,
1615 2808 1709 2875 qui
1738 2818 1959 2878 propter
1986 2824 2114 2878 pec-

533 2898 639 2951 cati
668 2897 1063 2969 obsquritatem
1089 2898 1353 2967 caligant.
1388 2898 1531 2961 Ecce
1552 2900 1697 2954 enim
1732 2900 1911 2969 puella
1944 2903 2113 2956 castis

532 2988 789 3043 manibus
855 2988 1134 3043 invectum
1188 2999 1434 3059 gestans,
1496 2990 1549 3044 in
1599 2991 1892 3046 umbratile
1946 2992 2114 3045 intrat

520 3078 820 3147 templum,
875 3093 985 3147 quo
1035 3079 1383 3135 sacerdotum
1425 3079 1557 3133 illud
1609 3080 1864 3135 manibus
1898 3078 2113 3137 oﬂ‘erat.

532 3165 578 3221 Ο
611 3167 989 3222 inclinationis
1023 3183 1363 3238 summaeque
1400 3170 1549 3223 illius
1598 3169 1954 3224 demissionis
1986 3170 2114 3225 alti-

532 3258 815 3313 tudinem!
867 3259 971 3325 Qui
1000 3259 1272 3314 Aaronem
1318 3259 1594 3329 delegerat
1628 3260 1682 3314 in
1726 3261 2113 3328 ministerium,

530 3348 813 3419 priorique
844 3348 1010 3418 Moysi
1052 3349 1230 3403 fuerat
1258 3349 1598 3415 collocutus;
1631 3364 1795 3419 quem
1824 3350 1985 3405 etiam
2014 3354 2117 3404 Ito-

531 3439 738 3491 dierme
761 3438 870 3493 diei
904 3439 1063 3493 docet
1098 3439 1381 3510 mysteria,
1407 3454 1513 3510 qua
1544 3440 1848 3511 posteriora
1872 3441 2113 3496 ostendit

532 3530 698 3594 (Dens
739 3546 977 3601 namque
1015 3546 1170 3586 suam
1210 3534 1448 3601 posteris
1488 3534 1828 3604 temporibus
1858 3548 1981 3588 cum
2016 3534 2112 3587 lio-

531 3621 771 3675 minibus
816 3622 1053 3677 futuram
1109 3624 1565 3679 consuetudinem
1617 3624 1908 3695 aenigmate
1960 3625 2110 3680 desi-

2212 515 2595 586 ὲκστήσεσθαι,
2640 515 2754 567 ἀλλ’
2785 516 2868 567 ὅτι
2898 514 2990 567 καί
3038 513 3211 580 Λόγου
3254 510 3322 585 ἦν
3365 514 3423 578 ἐξ
3472 515 3629 585 ἡμῶν
3691 517 3804 570 ἀπ-

2211 608 2540 661 εσκευάσθαι
2590 606 2688 677 τὴν
2747 606 2971 674 ἀλογίαν
3028 606 3204 675 οἰκείᾳ
3251 607 3805 676 προσομιλήσει.Διά

2210 697 2369 752 τοῦτο
2397 698 2425 750 ὁ
2456 697 2583 758 τοὺς
2626 695 2832 757 αἰῶνας
2860 695 3271 765 δημιουργήσας
3293 735 3308 760 ,
3343 695 3519 765 ἀρχὴν
3563 714 3805 765 μεταγεο

2211 789 2472 859 νεστέραν
2501 787 2695 851 αἰῶνος
2724 786 2992 855 λαμϐάνει
3046 787 3380 859 άρῤυπάντῳ
3420 788 3674 852 ἀποτέξει
3703 791 3805 852 τὰς

2205 880 2345 951 ἐμὰς
2384 879 2580 941 ὠδῖνας
2605 879 2761 949 τιμᾷ*
2788 880 2901 943 καὶ,
2924 879 2984 930 τὸ
3001 877 3093 930 νῦν
3115 878 3459 947 τελούμενον,
3480 880 3643 950 σαρκί
3669 897 3807 950 προ-

2207 972 2435 1042 φέρεται
2478 970 2632 1041 ἰερῷ,
2661 971 2759 1041 ἐμὲ
2793 970 3112 1043 ἰεροποιῶν’,
3146 970 3246 1039 τῆς
3274 970 3495 1040 ἀνιέρου
3529 971 3623 1024 καὶ
3653 971 3802 1024 ἀκα-

2207 1063 2403 1133 θάρτου
2427 1065 2486 1115 ὲν
2512 1063 2672 1133 ἀθεῖᾳ
2688 1063 2962 1132 διαγωγῆς
2986 1066 2999 1117 l
3023 1061 3194 1115 Τοῦτο
3212 1063 3454 1132 σήμερον
3478 1060 3556 1131 τῷ
3572 1062 3639 1115 δι’
3653 1063 3808 1131 ἡμᾶς

2207 1156 2573 1225 οἰκονομεῖται
2612 1156 2810 1226 νηπίῳ.
2861 1155 3033 1208 Τοῦτο
3077 1153 3433 1225 ἑορτάζομεν·
3477 1153 3804 1225 προσένεξιν

2208 1248 2288 1309 εἰς
2316 1246 2440 1299 ναὸν
2471 1244 2705 1315 βρέφους
2736 1284 2749 1309 ,
2776 1238 2821 1313 ᾧ
2865 1246 3106 1316 πυρίνων
3138 1245 3428 1315 στομάτων
3456 1246 3804 1316 προσάγεται

2208 1338 2433 1399 αῖνεσις.
2464 1335 2561 1397 Τίς
2589 1336 2649 1389 οὑ
2682 1337 2895 1404 φρίττει
2932 1353 2947 1402 ;
2981 1336 3076 1399 Τίς
3120 1339 3219 1390 ούκ
3267 1337 3671 1407 ὲκπλήττεταις
3704 1339 3808 1402 Τίς

2208 1429 2309 1481 οὐκ
2351 1428 2665 1498 εὐχαριστεῖ
2693 1427 2784 1491 ;'0
2815 1428 2883 1479 τὰ
2928 1427 3221 1498 σύμπαντα
3262 1428 3484 1481 τελειῶν
3522 1429 3597 1493 ὼς
3629 1430 3801 1496 Θεὸς,

2209 1524 2266 1576 ἐν
2317 1521 2541 1584 ἀτελοῦς
2590 1520 2804 1590 ἡλικίας
2847 1522 3043 1592 ὁρᾶται
3085 1523 3334 1591 γηγενῶν
3373 1523 3683 1578 διαπλάσει.
3741 1525 3805 1578 ὐ

2212 1613 2580 1684 συγκάθεδρος
2601 1612 2678 1682 τῷ
2702 1612 2899 1682 Πατρὶ,
2932 1614 3090 1682 χερσὶ
3117 1614 3445 1684 βαστάζεται
3473 1618 3800 1685 μητρυιαῖς.

2211 1700 2286 1758 06
2314 1705 2523 1774 ῥήματι
2550 1704 2885 1773 καλούμενον
2913 1703 3147 1775 προῆλθε
3175 1703 3235 1757 τὸ
3265 1704 3400 1773 φῶς,
3424 1706 3483 1757 ἐν
3504 1708 3569 1776 τῇ
3599 1706 3804 1779 ὁμίχλῃ

2210 1796 2304 1849 τοῦ
2335 1796 2606 1866 ἡμετέρου
2638 1795 2754 1865 βίου
2790 1798 3139 1866 προέρχεται.
3179 1796 3476 1867 Ὀφθαλμοὶ
3522 1799 3801 1868 ἀλαμπεῖς

2210 1889 2319 1942 τῶν
2366 1890 2424 1941 ὲν
2450 1891 2515 1959 τῇ
2570 1888 2801 1962 μελαίνῃ
2844 1888 2938 1941 τοῦ
2989 1888 3225 1943 θανάτου
3272 1890 3429 1945 νυκτί
3470 1890 3805 1960 καθημένων

2213 1980 2404 2044 ἐθνῶν,
2442 1972 2771 2049 φωτίσθήτε,
2815 1979 2913 2050 τὴν
2946 1980 3213 2049 φωτεινὴν
3258 1981 3359 2051 τῆς
3389 1980 3537 2051 ζωῆς
3580 1983 3806 2053 ἡμέραν

2214 2074 2499 2144 θεώμενοι.
2542 2072 2785 2143 Ἐτμήθη
2832 2073 2941 2142 γὰρ
2988 2072 3088 2141 τῆς
3129 2073 3353 2140 ἀγνοίας
3402 2072 3460 2125 τὸ
3510 2072 3724 2136 σκότος,
3756 2068 3805 2141 ᾧ

2209 2167 2345 2220 Θεοῦ
2384 2166 2717 2234 διιστάμενοι
2770 2162 3140 2233 κατειχόμεθα
3165 2179 3178 2193 ·
3212 2163 3634 2233 δυσωπήσαντος
3676 2167 3804 2219 ἑαυο

2211 2258 2304 2312 τὸν
2332 2258 2426 2311 τοῦ
2454 2257 2693 2326 μεγάλου
2728 2256 2837 2308 τῶν
2859 2254 3161 2324 οἰκτιρμῶν
3188 2256 3400 2325 Πατρδς
3426 2296 3440 2319 ,
3483 2257 3577 2309 καὶ
3601 2258 3715 2320 τοῖς
3740 2259 3805 2312 ὲν

2212 2349 2359 2420 αύτῷ
2390 2347 2785 2417 ἀπολλυμένοις
2809 2385 2822 2412 ,
2855 2345 2915 2397 τὸ
2949 2344 3201 2415 ἀληθινὸν
3247 2345 3364 2413 φῶς
3406 2346 3801 2413 ὲπιφάναντος.

2212 2443 2407 2513 Ἐλύθη
2444 2441 2505 2495 τδ
2538 2439 2881 2510 σκυθρωπὸν,
2908 2438 3001 2492 τού
3044 2439 3478 2507 ἀπαυγάσματος
3515 2440 3647 2508 ἡμῖν
3700 2440 3807 2508 τῆς

2213 2534 2476 2604 Θεότητος
2500 2530 2923 2601 ἐπιλάμψαντος.
2949 2530 3230 2583 ’ἰδέτωσαν
3248 2528 3309 2582 τδ
3336 2530 3619 2600 σωτήριον,
3638 2529 3689 2582 οἰ
3713 2529 3807 2582 διὰ

2211 2621 2311 2693 τὴν
2361 2621 2617 2692 ἀμαυρὰν
2674 2621 2903 2690 μύοντες
2952 2622 3250 2690 ἁμαρτίαν.
3320 2620 3451 2673 Ἰδοὺ
3498 2621 3607 2690 γὰρ
3661 2620 3807 2691 κόρη

2215 2715 2494 2786 παλάμαις
2525 2717 2714 2783 ἁγναῖς
2747 2714 3116 2784 ὲποχούμενον
3176 2714 3434 2784 φέρουσα,
3484 2714 3564 2774 είς
3598 2712 3805 2783 σκιώδη

2216 2808 2340 2863 ναὸν
2368 2808 2707 2873 εἰσελαύνει,
2749 2808 2937 2878 χερσὶν
2978 2808 3165 2875 ἱερέως
3219 2805 3378 2859 τοῦτο
3417 2804 3802 2875 προσάγουσα.

2217 2901 2281 2953 Ὢ
2320 2898 2483 2969 βάθος
2518 2898 3019 2967 συγκαταὸάσεωςί
3057 2898 3115 2951 Ὀ
3153 2896 3290 2967 πρὸς
3333 2895 3677 2966 λειτουργίαν
3709 2895 3807 2949 τὸν

2229 2989 2436 3060 ’Δαρὼν
2464 2989 2844 3059 ἐκλεξάμενος,
2871 2988 2964 3041 καὶ
2993 2987 3100 3056 πρδ
3126 2987 3317 3041 τούτου
3344 2986 3696 3057 προσομιλῶν
3722 2984 3809 3055 τῷ

2216 3083 2423 3135 Μωσεῖο
2457 3074 2500 3149 ᾧ
2532 3081 2629 3134 καὶ
2658 3080 2725 3133 τά
2754 3079 2849 3133 νῦν
2882 3081 3160 3150 μυστήρια
3202 3080 3260 3132 ὲν
3297 3080 3363 3149 τῇ
3398 3080 3505 3131 τῶν
3535 3076 3806 3130 ὀπισθίων

2220 3175 2344 3243 μυεῖ
2379 3172 2724 3241 παραδείξει·
2757 3172 2859 3241 τὴν
2887 3161 2997 3240 γάρ
3038 3173 3095 3224 ὲν
3140 3170 3318 3223 ὀπίσω
3350 3169 3540 3241 καιροῦ
3585 3168 3807 3239 ὁμιλίαν

2216 3262 2381 3318 αὑτοῦ
2421 3263 2728 3336 ἀνθρώποις
2770 3259 3166 3332 αἰνιγματίξων
3194 3260 3326 3324 Θεὸς
3350 3302 3365 3328 ,
3392 3261 3472 3330 τῷ
3506 3260 3809 3331 θεράποντι

2216 3355 2284 3408 τὰ
2315 3353 2539 3407 ὀπίσθια
2560 3353 2831 3407 δείκνυσιν
2850 3370 2863 3383 ·
2903 3354 2978 3415 ὡς
3005 3354 3289 3423 ἱερατικῆς
3313 3352 3534 3424 χρῄζων
3551 3352 3810 3419 εὐλογίας

2140 3476 2183 3533 c
2219 3445 2588 3516 προσφέρεται
2620 3445 2778 3516 ίερεῖ.
2830 3444 3015 3508 οὕτως
3054 3444 3180 3514 ἐμοὶ
3216 3445 3517 3515 εὐδοκήσας
3548 3447 3809 3514 ἐπηνωρ-

2218 3536 2452 3589 θωκέναι
2489 3536 2550 3590 τὸ
2584 3538 2834 3606 πταῖσμα
2860 3574 2876 3599 ,
2909 3535 2938 3588 ὃ
2966 3536 3117 3607 νόμῳ
3156 3536 3541 3608 προσκρούσας
3571 3535 3808 3604 διεπρα-

2219 3625 2418 3697 ξὶμην·

529 3727 726 3781 gnaus,
762 3711 954 3785 Moysi,
980 3713 1185 3768 famulo
1232 3729 1329 3769 suo
1360 3715 1661 3784 posteriora
1698 3716 1883 3771 videre
1932 3715 2185 3771 concedit
2217 3717 2332 3789 ")z
2397 3725 2659 3787 tanquam
2712 3716 3038 3773 sacerdotali
3096 3716 3346 3787 indigens
3394 3714 3801 3780 benedictione,

532 3803 806 3857 sacerdoti
857 3803 1117 3870 offertur;
1172 3806 1454 3868 nimirum,
1498 3822 1565 3862 eo
1604 3807 1768 3863 modo
1797 3808 1986 3864 volens
2060 3822 2339 3879 reparare,
2382 3809 2531 3879 quod
2584 3810 2640 3864 in
2700 3810 2874 3880 legem
2940 3808 3246 3873 offendens,
3286 3809 3497 3865 crimen
3563 3809 3802 3865 commi-

532 3907 748 3947 szssem.

605 3983 865 4049 Quaenam
892 3992 1046 4037 tanta
1071 3986 1185 4039 haec
1225 3985 1559 4055 benignitas,
1583 3986 1989 4057 iuefl'abilisque
2015 3990 2117 4043 mi-

534 4074 876 4130 sericordia?
912 4074 987 4128 Ex
1021 4076 1205 4131 servili
1251 4090 1351 4143 ego
1395 4076 1732 4143 conditione,
1766 4078 2114 4135 dominormn

534 4166 781 4237 pr0priis
806 4166 1128 4222 honestatus
1163 4167 1487 4238 privilegiis,
1532 4183 1597 4225 ac
1648 4178 1906 4240 tanquam
1940 4171 2118 4227 domi-

535 4272 663 4321 nus,
707 4258 925 4327 meique
957 4258 1101 4327 juris
1162 4260 1373 4324 vivens,
1413 4276 1548 4315 meat
1596 4264 1879 4317 custodem
1931 4263 2119 4334 gloria:

537 4348 709 4418 legem
755 4350 932 4417 repuli
967 4365 981 4404 :
1023 4350 1287 4405 Dominus
1340 4358 1545 4417 autem,
1601 4353 1947 4421 sempiterna:
1992 4354 2119 4424 jure

535 4439 874 4494 hereditatis
924 4439 1230 4495 dominium
1267 4443 1573 4512 possidens,
1615 4446 1739 4500 vita:
1782 4460 1907 4500 cum
1944 4448 2118 4503 servis

536 4530 857 4585 societatem
908 4533 1133 4588 minime
1164 4534 1385 4600 renuit;
1422 4542 1587 4604 atque
1624 4536 1761 4591 adeo
1811 4537 1915 4607 legi
1945 4536 2120 4593 servis

534 4622 660 4675 lata:
700 4636 906 4675 morem
965 4624 1127 4691 gerit.
1186 4624 1459 4690 Quorsum
1508 4627 1559 4679 id
1604 4628 1778 4680 vero?
1828 4626 2118 4696 Nimirum,

540 4721 597 4764 ut
634 4710 766 4764 mihi
799 4712 1039 4780 praebeat
1073 4727 1185 4781 quo
1207 4698 1461 4769 excusem
1487 4714 1699 4771 ordinis
1727 4716 2117 4784 desertionem,

2290 3989 2387 4052 Τίς
2422 3992 2455 4060 ἡ
2484 3988 2889 4059 φιλανθρωπία,
2930 3990 3023 4043 καὶ
3048 3993 3077 4044 ό
3121 3987 3303 4055 οἶκτος
3347 3992 3376 4044 ό
3410 3990 3649 4059 ἀφατος;
3705 3994 3808 4049 Ἐκ

2217 4079 2417 4133 δούλων
2446 4078 2557 4147 ἐγὼ
2578 4079 2914 4143 δεσποτικοῖς
2938 4079 3190 4150 τιμηθεὶς
3228 4078 3564 4150 προνομίοις,
3596 4078 3687 4131 καὶ
3712 4074 3807 4132 οἷα

2215 4170 2481 4239 δεσπότης
2515 4170 2905 4241 διαιτώμενος,
2956 4171 3046 4225 τὸν
3081 4170 3296 4238 φύλακα
3331 4170 3431 4239 τῆς
3461 4169 3603 4239 ἐμῆς
3638 4170 3805 4240 δόξης

2217 4261 2498 4333 διωσάμην
2516 4261 2707 4332 νόμον.
2734 4263 3007 4331 Δεσπότης
3032 4261 3087 4314 δὲ
3108 4260 3278 4314 ἀῖδιον
3304 4259 3504 4330 κλῆρον
3535 4259 3675 4328 ἔχων
3704 4260 3806 4326 τὴν

2216 4354 2556 4417 δεσποτείαν,
2607 4356 2669 4407 ού
2706 4356 3053 4424 παραιτεῖται
3100 4353 3199 4424 τὴν
3249 4352 3390 4422 μετά
3431 4351 3632 4405 δούλων
3679 4368 3809 4404 συν-

2215 4444 2503 4517 διαίτησιν,
2537 4447 2632 4500 καὶ
2670 4445 2749 4516 τῷ
2778 4445 3016 4516 κειμένῳ
3038 4444 3245 4508 δούλοις
3264 4445 3352 4499 διά
3376 4444 3550 4499 ταῦτα
3574 4442 3807 4513 πειθαρ-

2217 4537 2303 4605 χεῖ
2327 4535 2621 4605 νόμῳ.Ἷνα
2645 4536 2698 4588 τί
2727 4535 2973 4605 γένηται;
3010 4536 3105 4588 "lv’
3131 4536 3254 4605 ἐμοὶ
3282 4536 3381 4605 τῆς
3410 4532 3639 4597 ἀταξίας
3666 4534 3809 4587 ἀπο-

2218 4626 2405 4695 λογίαν
2431 4628 2876 4697 παραστήσηται,
2902 4628 2995 4681 καὶ
3017 4627 3110 4680 τοῦ
3137 4627 3238 4696 τῆς
3265 4625 3527 4696 ἀνηκοΐας
3554 4624 3810 4698 ἀπολύσῃ

2223 4719 2389 4789 ὲγκλή
2398 4736 2587 4790 ματος,
2613 4718 2800 4792 ὥσπερ
2835 4720 3123 4783 ὑπόπλεως
3146 4719 3398 4791 φιλτρόου
3430 4718 3615 4793 πατὴρ
3642 4716 3807 4784 ἐκγο-

540 4816 784 4871 mezeque
840 4802 1226 4857 inobedicntia:
1278 4804 1489 4859 crimen
1529 4804 1702 4859 diluat
1740 4822 1752 4858 :
1786 4822 1850 4862 ac
1891 4809 1934 4863 si
1965 4820 2111 4878 pater

2227 4826 2316 4863 νον
2354 4810 2651 4880 ἐπιτιμίοις
2679 4810 2821 4881 ὁρῶν
2850 4811 3231 4881 ὑποκείμενον·
3268 4804 3385 4862 εἷτα
3410 4809 3471 4861 τὸ
3500 4808 3671 4861 αἴτιον
3702 4806 3807 4875 τῆς

542 4894 747 4947 amoris
771 4893 1079 4949 visceribus
1105 4896 1299 4964 plenus
1338 4911 1511 4964 pcena:
1539 4897 1834 4952 obnoxium
1870 4907 2119 4969 nepotem

541 4976 742 5042 videat,
775 4985 1002 5049 tumque
1048 4982 1178 5035 mali
1235 4996 1459 5037 causam
1518 4986 1569 5038 in
1620 4986 1787 5041 ﬁlium
1837 4988 1994 5060 longe
2038 5004 2118 5045 so-

2225 4899 2523 4963 κακώσεως
2565 4900 2647 4969 τῷ
2685 4902 2839 4955 παιδὶ
2872 4901 3013 4955 κατά
3061 4901 3196 4954 πολὺ
3244 4898 3584 4969 δεξιωτέρῳ,
3636 4896 3807 4949 αύτοῦ

2225 4991 2470 5046 διαλύσαι
2503 4991 2580 5062 τῷ
2615 4992 2781 5063 ἔργῳ.
2823 4992 2889 5045 Τί
2933 4994 2992 5046 τὸ
3025 4992 3254 5063 φρικτὸν
3299 4991 3456 5046 τοῦτο
3485 4991 3667 5061 ἔργον,
3710 4990 3811 5041 καὶ

542 5065 846 5134 lertiorem,
880 5071 1054 5140 ipsius
1083 5073 1401 5128 diluendum
1434 5090 1619 5144 Opt'l‘e,
1646 5079 1915 5134 conferat.
1946 5080 2111 5147 Quod

2229 5082 2406 5137 πάντα
2438 5083 2733 5154 ὑπεραῖρον
2765 5084 2864 5137 ὅσα
2887 5083 3019 5148 Θεὸς
3050 5083 3377 5153 εἰργάσατοί

542 5174 667 5213 nam
702 5159 1036 5217 horrendum
1080 5164 1187 5219 hoc
1218 5181 1380 5235 opus,
1430 5167 1816 5238 universisque
1862 5172 2132 5227 excellen-

541 5252 673 5314 tius,
719 5254 764 5307 si
819 5270 927 5323 qua
974 5255 1116 5311 Dens
1158 5269 1419 5327 operatus
1465 5262 1582 5315 est!

567 5382 582 5393 .
615 5341 761 5397 Sane
808 5343 1026 5411 quidem
1091 5362 1349 5417 magnum
1406 5350 1534 5419 quid
1584 5358 1865 5407 extentum
1904 5354 2126 5421 (mlum,

541 5441 800 5502 terraque
853 5450 1019 5503 super
1057 5438 1291 5493 nihilum
1335 5440 1598 5509 fundata,
1652 5460 1753 5499 nec
1790 5462 1897 5501 non
1943 5448 2123 5503 lumen

543 5523 711 5578 verbo
764 5525 1095 5595 obaudiens,
1153 5538 1212 5583 ut
1264 5533 1469 5590 mundo
1521 5543 1637 5592 toto
1672 5536 1780 5593 late
1825 5538 2121 5610 eﬂulgcal:

618 5700 663 5733 ’°
699 5700 871 5759 Exod.
918 5716 1107 5774 nam,
1146 5710 1197 5763 5.

2297 5359 2455 5428 Μέγα
2491 5358 2588 5430 μὲν
2631 5353 2723 5413 οὗν
2764 5360 2991 5431 οὐρανὸς
3033 5359 3427 5429 ἐκτεινόμενος’
3461 5356 3555 5409 καὶ
3602 5357 3673 5426 γῆ
3720 5355 3811 5408 ἐπ’

2224 5450 2436 5513 οὐδενὸς
2470 5452 2969 5523 ύποστηριζομένη·
3003 5452 3096 5505 καὶ
3135 5451 3251 5520 φῶς
3281 5449 3570 5504 ὑπακούων
3599 5446 3676 5516 τῷ
3708 5448 3811 5515 pn-

2228 5561 2385 5613 ματι,
2437 5545 2572 5613 πρὸς
2611 5543 2731 5599 ὅλου
2780 5544 2987 5613 κόσμου
3032 5544 3297 5613 ἀγλαΐαν·
3336 5542 3430 5596 καὶ
3471 5539 3577 5611 πρὸ
3614 5536 3810 5591 τούτω
