3992 6204
230 241 298 309 33
1086 232 1370 316 ORATIO
1397 256 1581 319 1v.—
1613 257 1696 319 IN
1734 260 2049 323 CHRISTI
2081 264 2601 326 NATIVITATEM
2631 268 2684 328 1.
3435 267 3508 338 at

230 354 379 411 ἀῡλοι
406 353 576 426 δῆμοι
598 355 908 424 περιιόντες
932 358 1012 422 si;
1040 359 1404 432 λειτουργίαν’
1440 364 1579 420 ἀλλά
1605 366 1739 430 Θεὸς
1767 367 1811 420 ὲκ

1925 383 2101 439 eoque
2146 371 2298 440 prius
2329 373 2528 427 secreti
2558 388 2588 427 a
2621 372 2855 430 materia
2885 377 3093 448 populi,
3127 391 3326 450 ιιι-αδειο
3358 389 3506 445 exsi-

234 448 410 518 μήτρα
429 444 788 514 χωρούμενος
803 448 900 500 καὶ
928 449 1320 521 πλαττόμενος,
1342 455 1528 524 μεῖζον
1545 455 1706 536 ἔργον
1725 455 1811 510 καὶ

1924 469 2134 517 stentes
2188 461 2256 515 ad
2305 463 2671 520 ministerium
2719 483 2733 521 :
2779 444 3268 538 longe—enimvero
3321 478 3504 548 majus

233 537 696 605 θαυμαστότερον
736 535 897 589 τοῦτο
925 537 1201 611 θειότερόν
1240 559 1299 595 τε
1338 544 1433 597 καὶ
1463 532 1816 618 ὑψηλότερον,

234 628 357 690 Sed;
383 627 448 680 δι’
482 628 639 697 ἡμᾶς
686 627 942 699 θηλάζων
969 631 1066 683 καὶ
1107 634 1268 704 χερσὶ
1298 632 1724 707 βασταζόμενος.
1753 639 1815 692 Ei

154 721 165 731 “
231 723 318 775 καὶ
345 725 458 784 tot;
489 721 755 776 λαλοῦσιν
793 722 1011 778 ἀδικίαν
1042 724 1124 788 είς
1151 723 1305 795 ὕψος,
1340 729 1564 800 ἀφορμὴ
1591 729 1693 799 τῆς
1721 732 1816 786 τοῦ

228 813 565 880 Μονογενοῦς
607 814 921 885 ἀθετήσεως
959 816 1192 885 γίνεται·
1235 818 1423 894 ὥσπερ
1455 821 1574 875 δέον
1612 823 1678 876 ὲκ
1704 824 1815 878 τῶν

225 905 524 974 ἀμεινόνων
571 905 775 976 ἔργων,
820 903 1180 973 ἐξευτελίζειν
1220 910 1312 963 τὸν
1358 912 1717 982 ἐπιστήμοναο
1771 913 1805 985 ἢ

222 996 310 1065 ἀφ’
349 989 426 1050 ὧν
469 1010 584 1048 τινι
628 995 690 1049 τὸ
733 998 1036 1068 μαρτύριον
1068 999 1166 1070 τῆς
1201 1002 1476 1073 ὑπεροχῆς
1511 1003 1612 1074 τῆς
1648 1004 1812 1060 δυνά-

225 1106 388 1158 μεως,
431 1088 658 1142 ἐκεῖθεν
695 1087 847 1161 αὐτῷ
886 1091 1181 1162 πειρᾶσθαι
1214 1093 1276 1146 τὸ
1324 1096 1586 1165 κραταιὸν
1615 1096 1813 1153 καθαι-

223 1185 348 1249 ρεῖν.
383 1181 450 1233 Τί
482 1180 704 1250 λέγεις;
739 1182 924 1252 ἐπειδή
967 1199 1048 1236 σοι
1080 1187 1557 1258 κατορωρυγμένῳ
1591 1189 1649 1242 ὲν
1683 1191 1813 1244 σκό-

220 1291 295 1325 τει
324 1273 586 1342 ἐπεφάνη
627 1272 690 1326 τὸ
739 1274 855 1342 φῶς
881 1316 894 1339 ,
929 1269 1219 1346 ἀτιμάζεις
1255 1269 1316 1330 τὸ
1349 1278 1497 1346 φῶς;
1537 1281 1646 1334 Καὶ
1676 1282 1758 1336 ὅτι
1785 1284 1813 1335 ὁ

221 1365 487 1432 Βασιλεὺς
524 1365 711 1424 οἶκτον
749 1370 930 1424 λαόὼν
963 1375 1065 1444 τῆς
1105 1377 1206 1446 σῆς
1252 1378 1630 1452 ταλαιπωρίας
1676 1380 1813 1454 πρὸς

221 1455 274 1506 σὲ
310 1457 726 1526 παρειγίνεται,
761 1460 856 1512 καὶ
883 1461 982 1531 οὐχ
1011 1463 1184 1534 ἑτέρῳ
1221 1455 1529 1538 ἐπιτρέπει,
1561 1469 1678 1523 ἀλλ’
1711 1471 1811 1525 αὐ-

218 1545 301 1608 τός
331 1562 421 1599 σοι
453 1548 703 1601 διακονεῖ
731 1549 830 1620 τὴν
854 1553 1226 1624 χρηστότητα,
1270 1557 1336 1610 ὲκ
1364 1558 1464 1628 τῆς
1501 1559 1810 1632 ὑπερϐολῆς

217 1633 314 1702 τῆς
345 1637 710 1707 εὐεργεσίας,
744 1639 879 1708 πρὸς
910 1643 1316 1715 καταφρόνησιν
1343 1647 1477 1719 ἔρχῃ
1519 1648 1621 1720 τῆς
1652 1649 1812 1721 δόξης

218 1724 315 1778 τοῦ
342 1727 675 1798 εὐεργέτους
717 1730 812 1783 καὶ
835 1730 924 1786 διὰ
959 1731 1060 1804 τὴν
1089 1734 1227 1804 πρὸς
1256 1735 1317 1790 σὲ
1346 1739 1675 1795 ταπείνωσιν
1710 1740 1813 1795 etet

221 1817 278 1870 τό
306 1817 523 1872 ἐκείνου
557 1819 698 1890 ὕψος
726 1823 1060 1893 ταπεινοῦν;
1099 1827 1292 1883 Καίτοι
1323 1828 1414 1884 διὰ
1455 1832 1614 1886 τοῦτο
1649 1834 1818 1906 ἐχρῆν

216 1908 274 1960 τὸ
311 1910 610 1979 μεγαλεῖον
635 1915 827 1986 τιμᾷνο
860 1916 925 1968 σὺ
951 1916 1033 1982 δὲ,
1066 1919 1254 1991 ἐπειδὴ
1286 1919 1487 1992 βρέφος
1516 1924 1611 1978 καὶ
1641 1926 1817 1998 σπάρ-

213 2017 357 2067 γανα
386 2004 488 2056 καὶ
527 2006 720 2075 χεῖρας
749 2008 1120 2078 περιεπούσας
1141 2050 1154 2075 ,
1186 2013 1282 2065 καὶ
1313 2014 1382 2067 τά
1426 2013 1561 2069 ἀλλα
1589 2016 1692 2071 ὅσα
1723 2017 1813 2072 διὰ

211 2091 316 2160 τὴν
337 2092 441 2159 σὴν
471 2095 833 2164 οἰκονομεῖται
861 2097 1157 2168 σωτηρίαν,
1189 2099 1431 2168 ἀκούεις,
1450 2103 1550 2173 τὴν
1568 2102 1810 2173 προαιώ-

211 2200 342 2235 νιον
393 2184 549 2250 δόξαν
589 2187 914 2259 ἀποστερεῖς
952 2192 1043 2244 τὸν
1074 2192 1278 2260 Λόγον·
1320 2193 1509 2264 ὥσπερ
1541 2195 1608 2249 ἂν
1636 2197 1685 2249 εί
1720 2198 1812 2251 καὶ

214 2275 320 2327 τὸν
351 2275 573 2345 βασιλέα
597 2317 612 2342 ,
645 2278 783 2332 διότι
814 2281 975 2345 αύτός
1016 2299 1098 2337 σοι
1133 2285 1531 2355 παραγεγονὼς
1555 2282 1659 2358 ἦρε
1687 2288 1814 2352 τοὺς

214 2368 326 2437 τῆς
351 2368 650 2434 κακώσεως
678 2372 898 2438 πόνους,
929 2374 1114 2444 ἠξίους
1145 2378 1472 2448 ἀποστερεῖν
1498 2377 1591 2432 τοῦ
1629 2379 1812 2451 διαδήο

214 2477 429 2530 ματος;
459 2462 542 2514 ὅτι
570 2463 660 2515 διὰ
690 2463 748 2516 σὲ
771 2465 1017 2530 κτίζεται
1049 2470 1254 2540 μητρὸς
1284 2471 1641 2540 χρηματίζων
1671 2472 1809 2541 υίὸς,

208 2555 303 2608 διὰ
332 2554 495 2607 τοῦτο
520 2555 624 2624 τῆς
651 2559 925 2628 πατρικῆς
957 2558 1187 2633 διαιρεῖς
1213 2563 1528 2632 συναφείας,
1553 2565 1647 2617 καὶ
1673 2565 1812 2634 μετά

210 2645 322 2698 τῶν
361 2648 694 2717 κτισμάτων
738 2650 1127 2722 συναριθμεῖς,
1182 2654 1276 2708 καὶ
1331 2655 1466 2725 μηδὲ
1511 2656 1610 2724 τῆς
1659 2641 1810 2712 κάτω

210 2738 530 2813 γεννήσεως
579 2740 694 2800 τοῖς
750 2739 1299 2811 πολυπραγμονοῦσιν
1345 2742 1509 2814 οὖσης
1561 2745 1807 2818 ληπτῆς;

210 2821 467 2891 ﬁnium:
498 2826 614 2897 γὰρ
642 2826 738 2879 καὶ
759 2827 962 2899 ταύτης
993 2829 1312 2896 ἀδιέκϐατος
1341 2833 1537 2901 γνόφος
1567 2837 1810 2906 ἀποκρυ·

210 2914 335 2986 όῆς·
367 2917 437 2968 σὺ
473 2915 568 2981 δὲ,
611 2916 804 2988 κόραις
823 2957 839 2982 ,
869 2917 898 2970 ὃ
926 2919 989 2988 δὴ
1011 2920 1230 2988 λέγεται
1255 2962 1270 2987 ,
1305 2923 1551 2976 ἀτενέσιν
1579 2923 1638 2989 ἐξ
1659 2926 1812 2979 ἀναι-

1923 566 2085 622 opus,
2129 567 2194 608 ac
2245 554 2508 624 majorem
2553 556 2761 613 habens
2787 560 3230 629 admirationem,
3266 575 3329 622 ut
3360 566 3502 626 Deus

1922 645 1976 700 in
2022 645 2183 701 vulva
2232 648 2487 718 capiatur
2536 662 2698 720 atque
2737 648 3053 708 formetur:
3091 655 3336 715 divinius
3398 659 3503 716 hoc

1919 751 1985 792 ac
2011 738 2325 805 sublimius,
2348 749 2410 796 ut
2435 741 2580 798 Deus
2624 744 2800 798 nostri
2825 759 2992 801 causa
3017 747 3226 805 lactens
3247 751 3504 819 exsistat,

1919 844 1985 886 ac
2031 832 2289 888 manibus
2319 841 2591 904 portetur,
2623 850 2939 906 quanquam
2982 838 3050 894 iis
3075 841 3168 911 qui
3205 841 3503 912 loquuntur

1915 920 2259 992 iniquitatem
2289 923 2331 955 ³³
2353 924 2404 976 in
2424 925 2642 980 excelso
2684 926 2928 991 occasio,
2959 936 3018 983 ut
3048 928 3326 1000 Unigeniti
3377 931 3498 1001 glo«

1916 1013 2012 1068 τίω
2048 1013 2370 1069 detrahant:
2395 1024 2650 1085 tanquam
2686 1018 2894 1086 peritus
2943 1019 3136 1074 artifex
3160 1024 3502 1091 spernendus

1918 1104 1992 1159 sit
2040 1105 2112 1159 ob
2167 1105 2518 1175 praeclariora
2547 1121 2750 1177 opera;
2794 1121 2889 1164 aut
2934 1111 3062 1165 inde
3085 1111 3397 1168 conandum
3430 1113 3503 1170 sit

1921 1204 1979 1248 ut
2009 1195 2316 1266 cujuspiam
2361 1199 2664 1266 potentiam
2697 1201 3076 1256 convellamus
3104 1202 3249 1256 unde
3295 1202 3504 1258 illi'ex-

1918 1284 2169 1340 cellentis
2205 1285 2463 1354 potentiae
2508 1285 2883 1342 testimonium
2934 1290 3166 1344 accedit.
3206 1285 3351 1355 Quid
3383 1289 3503 1344 ais?

1917 1372 2064 1442 quod
2111 1372 2210 1426 tibi
2245 1373 2300 1426 in
2358 1372 2599 1428 tenebris
2635 1373 2836 1427 obruto
2876 1374 3058 1429 lumen
3095 1375 3384 1440 all'ulserit,
3416 1375 3504 1430 lu-

1918 1480 2040 1519 men
2090 1461 2365 1519 infamas?
2413 1464 2493 1517 Ac
2529 1465 2658 1533 quia
2687 1453 2802 1518 Rex
2835 1472 2942 1518 tua:
2981 1465 3242 1520 misertus
3268 1465 3505 1522 miseria

1914 1567 1979 1607 ac
2025 1552 2360 1610 calamitatis
2390 1553 2456 1609 ad
2503 1560 2559 1609 te
2594 1553 2710 1624 ipse
2742 1554 2910 1618 venit,
2943 1565 3047 1610 nec
3099 1556 3374 1625 negotium
3411 1555 3503 1610 alii

1917 1644 2231 1710 committit,
2289 1647 2384 1700 sed
2431 1644 2534 1699 tibi
2591 1645 2710 1715 ipse
2744 1643 3048 1701 bonitatem
3096 1645 3399 1708 ministrat,
3435 1661 3506 1702 ex

1916 1727 2167 1785 beneﬁcii
2219 1745 2438 1786 summa
2490 1733 2831 1802 prmstantia,
2867 1733 2922 1787 in
2974 1730 3096 1804 ejus
3124 1743 3503 1807 contemptum

1916 1817 2109 1890 gloriae
2150 1821 2431 1890 procedis,
2483 1823 2580 1892 qui
2632 1830 2686 1879 te
2734 1839 2802 1879 eo
2859 1819 3161 1895 impertit?
3208 1836 3502 1899 putasque,

1919 1909 1991 1964 ob
2029 1925 2150 1964 eam
2195 1911 2587 1976 humilitatem,
2623 1928 2730 1982 qua
2767 1929 2826 1971 se
2857 1913 2956 1970 tibi
3007 1914 3318 1982 inclinavit,
3353 1918 3503 1976 illius

1915 1999 2150 2070 deprimi
2187 2002 2620 2057 celsitudinem?
2661 2004 2841 2073 Atque
2875 2018 2939 2060 ea
2971 2009 3184 2061 ratione
3232 2008 3500 2075 majestas

1917 2091 2128 2145 honore
2168 2089 2446 2146 ellerenda
2492 2101 2614 2147 erat
2651 2110 2664 2146 :
2699 2102 2755 2148 tu
2811 2110 2962 2159 vero,
3029 2104 3320 2166 propterea
3373 2098 3502 2168 quia

1914 2180 2205 2248 infantem,
2259 2176 2591 2252 lasciasque,
2633 2198 2698 2237 ac
2734 2196 2931 2239 manus
2992 2185 3240 2241 foventes
3283 2187 3499 2253 audias,

1913 2275 2132 2332 axiculis
2187 2275 2558 2345 antiquiorem
2613 2275 2844 2345 gloriam
2881 2269 3062 2333 Verbo
3093 2278 3319 2345 adimis;
3354 2278 3501 2334 haud

1915 2381 2078 2439 secus
2127 2381 2192 2421 ac
2242 2368 2288 2422 si
2347 2381 2554 2436 regem,
2603 2366 2752 2436 quod
2813 2367 2932 2437 ipse
2984 2367 3052 2422 ad
3106 2377 3179 2434 te,
3217 2368 3501 2427 laboribus

1915 2460 2198 2516 levaturus
2224 2459 2426 2530 quibus
2457 2457 2778 2529 amigereris
2812 2457 3143 2525 advenisset,
3191 2460 3504 2517 diademate

1915 2544 2154 2620 spoliare
2203 2547 2417 2605 velles?
2458 2543 2599 2614 Quia
2642 2548 2722 2602 tui
2755 2561 2886 2619 ergo
2929 2556 3173 2612 creatus,
3208 2549 3401 2604 matris
3432 2549 3500 2604 ll-

1917 2641 2025 2696 lius
2073 2639 2249 2706 audit,
2298 2638 2508 2694 idcirco
2541 2636 2663 2709 ejus
2698 2653 2823 2694 cum
2864 2636 3023 2692 Patre
3051 2638 3497 2707 conjunctionem

1913 2732 2150 2796 divellis,
2197 2745 2678 2803 connumerasque
2723 2730 2959 2796 creatis;
3005 2743 3132 2783 cum
3186 2736 3368 2783 tamen
3432 2745 3502 2785 ne

1917 2825 2034 2894 ipsa
2063 2823 2285 2895 quidem
2317 2823 2438 2894 ejus
2478 2824 2535 2878 in
2569 2822 2736 2879 terris
2774 2821 3062 2886 nativitas,
3095 2822 3337 2877 curiosis
3359 2836 3504 2876 como

1913 2917 2184 2986 prehensa
2240 2916 2356 2972 sit?
2405 2913 2540 2970 Nam
2594 2912 2724 2969 huic
2777 2925 2997 2982 quoque
3067 2912 3501 2983 impermeabilis

209 3004 359 3070 όείας
394 3006 471 3060 τὰ
501 3006 768 3062 ἐπέκεινα
804 2997 910 3063 τῶν
945 3010 1157 3066 αἰώνων
1192 3013 1673 3084 καταλαμϐάνεις,
1713 3017 1806 3073 καὶ

1917 3008 2112 3080 caligo,
2153 3021 2278 3078 quae
2326 3007 2400 3062 sit
2439 3005 2692 3070 latibulo,
2746 3004 3044 3076 superfusa
3072 3013 3198 3060 est:
3234 3013 3293 3059 tu
3345 3020 3499 3071 vero,

208 3096 529 3174 διατάττεις
557 3099 632 3162 ὡς
653 3101 687 3171 ἡ
708 3100 802 3152 σοῦ
831 3101 1033 3172 Θεωρία
1051 3103 1301 3172 βούλεται
1325 3106 1404 3176 τῷ
1430 3107 1574 3179 Υίῷς
1606 3109 1692 3172 Ὠς
1718 3125 1804 3162 τυο

210 3192 340 3260 φλόν
384 3209 486 3245 σου
521 3191 588 3245 τὸ
627 3192 904 3260 όξυωπὲς,
937 3199 1031 3250 καὶ
1067 3197 1275 3266 ἠλίθιον
1312 3199 1374 3252 τὸ
1403 3200 1595 3269 σοφόνί
1650 3200 1810 3256 Ἀλλὰ

208 3285 314 3338 τῶν
362 3285 762 3354 φρενοϐλαὸὦν
799 3288 897 3357 τῆς
937 3290 1325 3362 παραπληξίας
1356 3292 1652 3364 ἀφέμενοι,
1700 3294 1809 3348 τῶν

212 3379 510 3448 παρόντων
539 3378 796 3448 ἐχώμεθα
815 3423 830 3447 ,
850 3381 956 3435 ’καὶ
985 3382 1054 3436 τὰ
1095 3383 1194 3455 τῆς
1234 3384 1449 3456 ἡμέρας
1480 3385 1806 3459 θειάζωμεν,

210 3470 384 3539 ἱεροῖς
416 3468 728 3539 ὀφθαλμοῖς
768 3470 904 3540 πρὸς
936 3472 1062 3527 ναὸν
1096 3474 1373 3530 εἰσιοῦσαν
1414 3475 1678 3548 θεώμενοι
1712 3478 1809 3550 τὴν

211 3559 306 3613 τοῦ
339 3560 562 3630 κόσμου
596 3561 966 3633 παράκλησιν.

288 3837 442 3907 Ἤδη
488 3837 590 3906 μὲν
640 3833 734 3892 οὖν
781 3840 1014 3907 πρόσθεν
1062 3843 1120 3894 ὲν
1165 3841 1416 3913 σπηλαίῳ
1461 3842 1806 3914 διαιτωμένῳ

213 3930 293 3999 τῷ
323 3930 594 3995 Βασιλεῖ,
626 3931 660 4001 ἡ
690 3932 756 3983 ὲκ
777 3931 887 3985 τῶν
905 3933 1016 3986 ἀνω
1045 3932 1331 4004 βασιλείων
1357 3935 1548 4006 ἐφοίτα
1575 3936 1806 4006 δορυφο-

219 4022 346 4090 ρίαο
401 4021 649 4092 οὐράνιοι
702 4023 865 4093 δῆμοι
921 4025 1315 4096 προσᾴδοντες·
1359 4026 1537 4098 ἀστὴρ
1593 4027 1806 4097 ὁδηγῶν

218 4109 502 4180 βασιλεῖς,
568 4111 666 4165 καὶ
706 4112 1049 4183 ἀνακειμένῳ
1103 4115 1162 4166 ὲν
1201 4115 1378 4186 φάτνῃ
1429 4115 1508 4186 τῷ
1558 4115 1808 4188 Δεσπότῃ

1915 3101 2140 3157 intentis
2171 3100 2415 3172 pupillis,
2447 3107 2507 3154 ut
2535 3099 2642 3154 dici
2664 3098 2806 3155 solet
2829 3139 2845 3164 ,
2897 3112 3007 3167 pra;
3041 3097 3398 3167 impudentia,
3435 3111 3501 3153 ea

1915 3207 2138 3262 quoque
2158 3208 2281 3262 qua:
2297 3190 2500 3247 szecula
2525 3189 2875 3253 antecedunt,
2899 3189 3322 3259 comprehendis
3337 3197 3502 3258 atque

1914 3284 2078 3352 Filio,
2127 3301 2289 3356 quem
2336 3286 2467 3342 velit
2513 3283 2827 3339 intellectus
2874 3291 3026 3348 tuus,
3067 3283 3316 3339 ordinem
3363 3298 3501 3354 prae.

1915 3379 2113 3435 scribis
2141 3379 2166 3433 ἲ
2218 3378 2394 3444 Quam
2440 3390 2584 3431 caeca
2620 3382 2714 3430 tua
2745 3373 2840 3429 illa
2873 3374 3022 3431 visus
3063 3375 3275 3432 acuties
3310 3390 3374 3430 ac
3405 3391 3500 3430 sa-

1914 3471 2121 3542 pientia
2177 3469 2382 3526 stultal
2429 3467 2726 3522 Enimvero
2777 3466 3076 3521 stultorum
3132 3481 3234 3521 nos
3291 3466 3499 3521 omissa

1911 3565 2175 3627 amentia,
2195 3571 2518 3634 argumento
2548 3560 2889 3620 insistemus,
2918 3557 3137 3626 dieique
3159 3555 3500 3612 celebremus

1911 3657 2174 3728 mysteria
2230 3655 2405 3730 sacris
2467 3652 2642 3708 oculis
2676 3647 3073 3720 ingredientem
3121 3647 3174 3701 in
3231 3647 3496 3716 templum

1911 3753 2252 3816 spectantes,
2282 3742 2472 3798 mundi
2506 3741 2969 3796 consolationem.

1981 3837 2102 3893 Jam
2137 3848 2270 3891 vero
2299 3831 2454 3904 prius
2483 3832 2667 3904 agenti
2719 3828 2855 3901 Regi
2893 3830 2949 3886 in
2986 3828 3274 3900 spelunca,
3311 3842 3341 3881 a
3370 3826 3498 3882 εωιί

1911 3926 2188 3996 regalibus
2239 3923 2464 3983 sedibus
2528 3922 2847 3978 satellitium
2915 3928 3163 3986 venerat,
3233 3919 3494 3976 nimirum

1913 4022 2232 4075 aecinentes
2279 4029 2646 4086 supernorum
2701 4013 2905 4069 civium
2939 4011 3161 4083 populi;
3215 4011 3373 4066 stella
3406 4027 3498 4067 re—

1912 4122 2039 4177 gum
2090 4104 2334 4170 ductrix,
2356 4104 2674 4173 jacentiquc
2702 4102 2757 4157 in
2796 4102 3064 4172 praesepio
3095 4100 3254 4172 Regi,
3291 4115 3499 4171 eosque

217 4201 672 4273 προσκυνοῦντας
723 4209 1014 4274 προσάγων
1040 4220 1054 4235 °
1117 4207 1214 4259 καὶ
1263 4207 1362 4277 τὴν
1419 4207 1693 4260 εὐτέλειαν
1766 4209 1802 4276 ὴ

1917 4199 2239 4254 adoratores
2265 4197 2566 4252 admovens
2599 4210 2612 4246 :
2641 4209 2704 4249 ac
2732 4193 3071 4259 dominatus,
3105 4193 3372 4248 vilitatem
3400 4193 3500 4246 ob-

215 4294 516 4346 δεσποτεία
562 4294 917 4366 ἐδορυφόρει,
969 4299 1263 4368 μηνύοντος
1320 4299 1414 4350 τοῦ
1453 4298 1597 4351 θείου
1640 4297 1806 4353 πλού-

1917 4291 2108 4360 sequio
2140 4289 2358 4344 fovebat
2386 4326 2402 4352 ,
2436 4286 2814 4342 indicantibus
2852 4283 3079 4338 deitatis
3118 4283 3348 4348 divitiis,
3380 4283 3500 4353 ejus

221 4342 514 4346 v-—'------
564 4342 880 4366 --νι-νιν-ι-ν-
901 4342 917 4360 ν
969 4342 1255 4368 δ”-1⁷⁷⁷⁷⁷⁷1
1331 4342 1412 4350 τ’*
1457 4342 1594 4351 *-·*ν
1647 4342 1774 4353 ’νην-

217 4401 315 4436 too
345 4385 445 4451 τὴν
475 4385 726 4436 ἑκούσιον
759 4384 855 4437 τοῦ
886 4384 1116 4453 ἀστέγου
1139 4384 1280 4456 [καὶ]
1300 4385 1486 4438 ἀοίκου
1511 4383 1807 4455 πτωχείαν.

1917 4342 2273 4450 ερύιιιαιιθιιιιι
2325 4383 2729 4446 paupertatem,
2765 4373 2857 4443 qui
2903 4374 3024 4427 sine
3059 4380 3204 4426 tecto
3238 4387 3303 4426 ac
3333 4371 3501 4427 domo

219 4477 350 4541 ne;
385 4478 441 4532 δὲ
476 4478 550 4530 τὰ
583 4479 858 4547 παρόντα;
889 4480 1089 4550 Μήτηρ
1119 4481 1152 4551 ἡ
1183 4478 1557 4549 λοχευσαμένη
1583 4477 1644 4530 οὐ
1669 4475 1811 4530 κατά

1917 4477 2053 4524 erat.
2100 4467 2220 4534 Qua
2269 4480 2400 4521 vero
2452 4464 2667 4518 ratione
2714 4462 2917 4515 habent
2955 4458 3288 4528 praesentia?
3328 4459 3500 4514 Mater

221 4573 477 4643 μητέρας
503 4613 519 4636 ,
575 4571 744 4641 γονὴν
794 4571 1140 4640 πρωτότοκον
1199 4571 1396 4641 ἑαυτῆς
1449 4570 1637 4624 ἄπεισι
1689 4567 1811 4638 Θεῷ

1917 4563 2122 4632 utique,
2157 4559 2260 4613 alia
2297 4573 2362 4612 ac
2393 4567 2629 4612 matrum
2663 4553 2902 4618 ratione,
2929 4559 3189 4620 suscepta
3243 4552 3500 4621 editaque

219 4665 660 4735 παραστησουσα
681 4679 695 4694 ·
735 4662 936 4734 βρέφος
971 4665 1030 4717 ἐν
1065 4664 1308 4717 εὐτελέσι
1341 4662 1674 4732 σπαργάνοις
1701 4659 1809 4714 τῶν

1917 4655 2088 4726 prole,
2125 4649 2547 4724 primogenitam
2584 4647 2734 4701 illam
2787 4643 2900 4700 Deo
2935 4643 3179 4698 oblatum
3212 4643 3326 4698 abit
3358 4662 3372 4698 :
3412 4644 3499 4698 in-

220 4758 474 4827 νομίμων
514 4760 702 4826 τυχεῖν
752 4756 1055 4828 προσφέρει
1101 4755 1181 4826 τῷ
1225 4757 1382 4823 ἱερεῖ·
1411 4753 1730 4824 ὑποδέχεται
1780 4752 1810 4803 ό

1917 4748 2119 4804 fantem
2177 4743 2452 4802 sacerdoti
2501 4741 2662 4797 oll‘ert
2717 4739 2920 4794 vilibus
2955 4739 3234 4793 obtectum
3273 4739 3495 4819 pannis,

217 4849 425 4920 ἱερεύς.
470 4849 536 4902 Τί
574 4849 637 4902 τὸ
681 4849 972 4914 ὲντεῦθενς
1016 4846 1398 4916 ’Δγκαλίζεται
1446 4845 1666 4916 βρέφος,
1714 4846 1810 4898 καὶ

1918 4854 1977 4896 ut
1996 4841 2364 4911 legitimorum
2397 4851 2463 4893 ac
2485 4834 2676 4904 legalis
2698 4830 3100 4888 benedictionis
3129 4844 3354 4900 compos
3383 4830 3494 4884 ﬁat.

217 4919 506 5010 Δεσπότην
536 4941 716 5010 ὑμνεῖ.
763 4941 850 5004 Ὠς
900 4941 1026 5010 ἄρτι
1075 4939 1214 5009 πρὸς
1250 4939 1464 5006 γένεσιν
1504 4934 1808 5006 παριοῦσαν

1919 4932 2164 5002 Suscipit
2207 4929 2488 4986 sacerdos.
2513 4927 2659 4994 Quid
2689 4939 2819 4981 vero
2846 4922 3003 4976 inde?
3034 4919 3090 4975 ln
3115 4921 3273 4977 ulnas
3307 4937 3498 4978 susce-

218 5032 324 5100 τῆς
352 5031 574 5099 φύσεως
621 5029 858 5102 βλάστην
902 5029 1171 5100 λαμϐάνει
1191 5069 1206 5092 ,
1239 5029 1336 5082 κα)⁸
1364 5027 1513 5097 ζωῆς
1543 5025 1808 5081 ἀπολελύ-

221 5121 351 5175 σθαι
384 5122 464 5183 ὡς
495 5121 744 5192 πλάστην
773 5123 936 5176 αἰτεῖ.
974 5120 1041 5174 Τί
1077 5120 1330 5192 φθέγγῃ;
1361 5119 1426 5174 Τί
1456 5117 1702 5187 γέγονεν,
1736 5118 1811 5169 ie-

223 5217 345 5283 ρεῦ;
372 5213 453 5266 Οὐ
479 5213 856 5282 συμϐαίνοντα
879 5217 993 5278 τοῖς
1017 5213 1317 5285 ὁρωμένοις
1346 5211 1546 5274 λαλεῖς.
1579 5211 1689 5266 Ποῦ
1715 5210 1814 5278 τῆς

219 5307 550 5368 δεσποτείας
572 5308 600 5360 ό
642 5306 844 5374 δγκοςς
877 5306 984 5359 Ποῦ
1033 5305 1127 5360 τοῦ
1175 5303 1485 5376 ἀξιώματος
1513 5302 1585 5357 τά
1612 5301 1815 5373 γνωρί-

225 5414 448 5466 ama;
491 5399 558 5452 Οί
600 5399 892 5470 δορυφόροι
923 5398 982 5451 δὲ
1034 5397 1174 5466 ποῦς
1205 5398 1256 5451 οἱ
1297 5395 1718 5466 συντρέχοντες;
1766 5392 1818 5445 οἱ

226 5493 757 5562 προπομπεύοντες;
807 5494 858 5546 οῖ
901 5492 1268 5562 ἑφεπόμενοις
1326 5490 1462 5560 ὁρᾷς
1521 5487 1623 5559 τὴν
1666 5485 1819 5539 εὐτέ-

294 5679 332 5708 "
384 5675 540 5731 Psal.
590 5689 778 5735 um.
804 5671 859 5727 8.

553 5773 828 5830 ΡΑτιιοι..
876 5767 990 5826 Gn.
1037 5764 1222 5827 CVII.

1918 5040 2070 5103 ptum
2111 5029 2334 5098 stringit
2365 5025 2658 5088 infantem,
2692 5035 2756 5076 ac
2785 5019 2974 5075 laudat
3011 5019 3323 5073 Dominum.
3355 5020 3500 5074 Tan-

1914 5138 2080 5193 quam
2132 5135 2329 5176 recens
2375 5126 2726 5188 procreatum
2758 5111 2963 5180 accipit
2994 5119 3204 5165 natura:
3247 5126 3492 5180 germen.

1915 5208 2084 5283 utque
2125 5210 2318 5267 mundi
2351 5211 2619 5271 lictorem,
2645 5203 2769 5258 vitae
2799 5201 3117 5257 missionem
3144 5209 3316 5270 rogat.
3351 5200 3496 5267 Quid

1917 5300 2196 5373 loqueris?
2250 5299 2392 5368 Quid
2460 5299 2558 5360 ita,
2614 5293 2893 5358 sacerdos,
2948 5295 3152 5348 factum
3208 5294 3330 5348 est?
3377 5293 3497 5350 Non

1918 5401 2230 5465 congruunt
2249 5393 2318 5447 iis
2335 5405 2458 5461 quae
2480 5391 2804 5452 cernuntur,
2835 5400 2958 5456 qua:
2979 5383 3097 5454 ipse
3126 5385 3228 5439 ais.
3259 5383 3495 5441 Ubinam

1919 5484 2313 5543 dominationis
2368 5479 2584 5538 fastus?
2630 5478 2866 5537 Ubinam
2914 5477 3200 5548 dignitatis
3259 5477 3504 5533 indicia?

3095 5744 3133 5805 9
