4070 6210
469 314 539 379 33
1692 303 1968 370 LEONIS
1999 305 2465 367 PHILOSOPHI
3675 311 3745 373 36

471 425 703 483 Ubinam
744 423 1045 483 satellites?
1078 421 1311 483 Ubinam
1340 424 1434 497 qni
1483 421 1648 480 simul
1685 422 2053 492 gradiantur;

2166 419 2321 473 λειαν
2350 419 2471 488 ὅση,
2506 420 2599 474 καὶ
2642 420 2925 492 Δεσπότην
2957 419 3175 493 καλεῐς;
3220 420 3415 493 νήπιον
3444 422 3569 493 ἄρτι
3598 441 3712 497 παρ
3733 454 3746 463 -

469 520 562 591 qui
594 525 837 589 praeeant
861 533 876 582 ;
902 516 995 587 qui
1029 516 1371 586 sequantur?
1410 513 1573 569 Vides
1606 522 1812 582 quanta
1851 511 1925 566 sit
1951 511 2048 566 ab-

2164 511 2313 565 ελθὸν
2361 512 2440 574 είς
2493 510 2606 582 βίον
2675 514 2930 582 κρατεῖς’
2990 514 3085 565 καὶ
3128 511 3277 582 ζωῆς
3324 513 3399 575 ὡς
3446 514 3743 584 κρατοῦντι

467 611 654 683 jectio,
694 606 1094 677 Dominumque
1122 604 1483 662 dicis‘l'fenes
1519 603 1782 658 infantem
1813 602 2048 658 nudius-

2164 607 2375 677 ῥήματα
2429 605 2678 677 φθέγγῃς
2738 606 2861 670 Πῶς
2904 608 2962 659 ὲν
2995 605 3142 658 ὸῦτω
3192 609 3468 675 πενιχροῖς
3523 607 3742 677 μεγάλα

473 702 666 758 tertius
713 703 770 756 in
819 699 988 754 vitam
1035 711 1413 767 progressum,
1450 692 1745 764 aﬂarisque
1785 705 2047 763 tanquam

2164 696 2559 767 προσαρμόζεις
2599 698 2693 749 καὶ
2721 695 3048 767 θαυμαστά;
3078 696 3174 750 καὶ
3212 696 3371 761 δόξαν
3386 697 3605 768 Ἰσραὴλ
3642 716 3742 751 κα-

475 793 598 849 vitae
639 793 934 847 habentem
968 787 1296 859 imperium?
1343 785 1631 856 Quomodo
1667 785 1722 840 in
1776 797 2049 855 propensa

2164 788 2260 850 tsi;
2280 827 2295 850 ,
2326 787 2421 840 καὶ
2457 786 2573 856 φῶς
2600 785 2772 840 ὲθνῶν
2801 786 3231 857 προσαγορεύεις
3250 825 3267 851 ,
3302 788 3495 858 νήπιον
3536 788 3745 859 μητρὸς

474 878 611 934 adeo
649 885 989 949 paupertate,
1022 887 1219 944 magna
1254 872 1609 943 mirandaque
1643 874 1917 937 conseris,
1956 888 2048 928 vo-

2164 875 2445 941 εὐτελοῦς;
2500 876 2637 930 ἀλλά
2678 877 2958 947 προστίθει
3010 878 3103 931 καὶ
3149 877 3220 931 τὰ
3287 878 3451 931 λοιπά
3501 880 3601 949 τῆς
3652 881 3745 934 εὐ-

473 969 905 1038 casquelsraelis
942 965 1189 1037 gloriam,
1217 975 1283 1017 ac
1303 962 1545 1034 gentium
1571 962 1816 1033 appellas
1847 962 2053 1027 iumen,

2164 968 2367 1037 ρημίας
2428 966 2509 1037 τῷ
2557 967 2633 1031 ώς
2692 969 2750 1020 ὲν
2817 968 3282 1038 παραπετάσματι
3344 967 3423 1038 τῷ
3486 970 3747 1041 ἡμετέρῳ

474 1061 823 1131 pauperculae
854 1057 1045 1111 matris
1094 1054 1386 1125 puellum?
1432 1053 1701 1110 Caeterum
1744 1054 1883 1109 adde
1910 1053 2053 1124 quod

2164 1059 2362 1130 ταρκίῳ
2406 1060 2770 1130 κρυπτομένῳ
2815 1061 2972 1129 φωτί.
3007 1061 3074 1112 Τί
3100 1057 3352 1126 τελέσει;
3400 1060 3453 1113 τί
3484 1078 3749 1133 πραγμα-

476 1153 746 1222 reliquum
778 1148 1017 1204 laudatio
1047 1147 1237 1211 habet,
1264 1161 1328 1200 ac
1360 1161 1524 1217 perge
1559 1146 1842 1201 celebrare
1867 1145 2052 1200 lumen

2164 1151 2437 1217 εεύσεται;
2470 1151 2538 1205 Ἥ
2569 1152 2733 1205 διπλᾶ
2774 1152 2979 1205 τελέσει
3007 1153 3073 1205 τὰ
3105 1151 3410 1223 πράγματα
3432 1194 3447 1218 ,
3495 1154 3603 1205 τῶν
3644 1153 3751 1224 μὲν

474 1238 662 1298 nostra
695 1240 1031 1296 occultatum
1076 1253 1264 1303 carne,
1302 1248 1562 1307 tanquam
1608 1236 1745 1292 velo.
1777 1235 2049 1302 Quidnam

2164 1241 2451 1305 ἀνάστασις
2478 1242 2573 1295 ὢν·
2604 1242 2713 1295 τῶν
2741 1242 2819 1309 δὲ,
2845 1243 3070 1306 πτῶσις·
3102 1245 3131 1296 δ
3152 1243 3372 1306 διπλοῦς
3418 1261 3499 1295 σοι
3523 1244 3748 1315 ὁρώμε-

474 1331 640 1401 aget?
686 1331 827 1399 Quid
883 1324 1182 1383 molietur?
1229 1326 1397 1381 Plane
1452 1327 1591 1381 duas
1643 1340 1827 1381 rerum
1883 1325 2047 1379 faciet

2164 1348 2266 1396 νος,
2290 1332 2511 1403 γηραιέι
2535 1334 2630 1386 καὶ
2657 1335 2782 1397 τοὺς
2815 1335 2915 1405 μὲν
2940 1335 3185 1407 ἐξεγερεῖ
3208 1316 3515 1402 καταδέδλη
3527 1335 3745 1404 μένους·

475 1432 674 1487 sortes,
693 1422 926 1476 aliorum
946 1419 1300 1483 resurrectio,
1320 1418 1552 1472 aliorum
1574 1418 1732 1471 ruina
1750 1418 2046 1483 exsistens;

2164 1424 2281 1486 τοὺς
2318 1423 2376 1476 δὲ
2424 1424 2723 1477 καταϐαλεῖ
2755 1426 3124 1495 ἐπηρμένους·
3160 1426 3255 1479 καὶ
3286 1425 3536 1494 διαθήσει
3579 1424 3639 1479 εὖ
3677 1426 3748 1479 τά

472 1529 633 1586 quem
660 1527 828 1569 senex
857 1510 1091 1565 intueris
1120 1508 1418 1579 duplicem,
1455 1521 1519 1561 ac
1551 1507 1773 1577 quidem
1802 1506 2046 1576 dejectos

2164 1512 2365 1583 βροτῶν
2416 1513 2523 1584 ἰδίᾳ
2574 1513 2838 1579 κακώσει,
2890 1516 2978 1568 ὅτε
3037 1516 3132 1569 καὶ
3188 1515 3391 1585 Μήτηρ
3441 1514 3747 1587 ὴηταρθε-

474 1602 837 1662 exsuscitahit
866 1608 1059 1671 atque
1130 1600 1343 1669 eriget;
1379 1598 1556 1653 elatos
1605 1608 1789 1652 autem
1832 1598 2053 1668 dejiciet

2164 1602 2412 1668 νεύουσα,
2450 1603 2629 1673 λύπης
2655 1603 2902 1674 ῥομφαίᾳ
2939 1602 3273 1670 πεπλήξεται
3304 1604 3402 1672 τὴν
3434 1602 3636 1673 ψυχήν.

475 1705 636 1768 atque
657 1695 967 1766 deprimet;
1000 1706 1210 1762 suaque
1244 1692 1361 1761 ipse
1388 1688 1683 1744 afﬂictione
1709 1704 1775 1743 ac
1804 1690 2051 1745 cruciatu
2084 1694 2398 1748 mortalium
2450 1710 2539 1750 res
2597 1704 2747 1751 statu
2834 1694 3049 1750 meliori
3136 1704 3459 1763 componet,
3521 1694 3742 1765 quando

473 1790 638 1846 etiam
696 1787 889 1841 matris
940 1782 1179 1854 Virginis
1232 1782 1497 1850 animam,
1546 1782 1786 1837 tristitiae
1831 1780 2047 1851 gladius
2082 1783 2263 1840 fet-iet.

542 1876 778 1933 Noverat
810 1873 953 1929 enim
991 1873 1082 1927 Dei
1127 1870 1440 1926 occisurum
1496 1871 1734 1937 facinus,
1761 1880 1929 1941 utque
1953 1886 2053 1926 ca:-

2234 1876 2384 1946 ᾜδει
2432 1876 2538 1949 γὰρ
2590 1876 2698 1930 τῶν
2754 1877 3052 1930 θεοκτόνων
3093 1877 3154 1930 τὸ
3199 1875 3492 1945 τόλμημα,
3529 1877 3625 1931 καὶ¹
3671 1878 3748 1941 ώς

475 1972 599 2027 dem
628 1968 901 2025 stillantes
937 1979 1132 2019 manus
1164 1966 1441 2019 armanda:
1477 1964 1531 2017 in
1562 1979 1685 2018 eum
1723 1962 1927 2025 forent,
1958 1963 2052 2033 qui

475 2066 729 2122 manibus
762 2070 1108 2134 gestaretur:
1138 2067 1198 2113 ut
1236 2060 1395 2112 modo
1428 2057 1646 2127 quidem
1677 2056 1731 2110 in
1762 2055 1956 2126 pannis
1988 2070 2052 2109 ac

474 2152 786 2219 cunabulis,
840 2155 1028 2209 furens
1060 2151 1308 2206 Herodes
1336 2150 1408 2205 sit
1442 2154 1854 2221 persecuturus,
1879 2146 2051 2218 IEgy-

477 2262 712 2323 ptusqne
744 2252 1077 2316 susceptura
1111 2242 1349 2313 hospitio
1378 2256 1524 2307 eum,
1562 2239 1654 2311 qui
1689 2238 1875 2295 violati
1907 2237 2051 2307 juris

476 2338 700 2411 hospitii
747 2351 963 2408 poenam
1014 2348 1331 2403 reposcens,
1382 2329 1511 2385 olim
1572 2328 1863 2399 Aigyptum
1911 2326 2054 2381 ceci-

476 2432 651 2485 disset
681 2446 695 2482 :
722 2438 780 2481 ut
813 2424 1047 2493 denique
1076 2421 1241 2491 gladii
1274 2420 1543 2473 infantum
1570 2420 1853 2489 tingantur
1880 2417 2050 2483 caede,

475 2540 585 2594 qua
622 2519 851 2576 infantis
879 2516 1081 2571 caedem
1128 2513 1442 2569 molientur.
1483 2511 1588 2566 Par
1634 2526 1868 2582 namque
1912 2521 2050 2575 erat,

480 2623 539 2668 ut
570 2612 683 2667 Deo
716 2619 846 2664 nato
874 2611 930 2662 in
958 2614 1106 2661 terra
1138 2604 1497 2676 virginalibus
1545 2619 1609 2658 ex
1670 2602 2051 2675 sanguinibus,

478 2700 737 2760 (τοξευηοί
796 2700 850 2754 in
909 2696 1067 2752 ctelis
1118 2695 1241 2751 fuso
1307 2695 1573 2768 sanguine
1624 2702 1985 2751 nascerentur
2028 2712 2041 2747 :

481 2794 742 2865 priorque
812 2789 909 2845 illa
958 2795 1094 2843 tetas
1144 2786 1411 2841 adventus
1468 2785 1742 2841 Dominici
1813 2786 2049 2839 fructum

479 2884 808 2956 perciperet,
846 2894 971 2951 quae
1020 2877 1174 2950 prior
1206 2876 1505 2933 infantibus
1560 2891 1850 2932 accensum
1878 2875 2053 2930 vidis-

479 2982 598 3042 set;
649 2982 873 3042 tumque
926 2969 1203 3025 universis
1236 2965 1585 3022 commodum
1618 2964 1925 3029 accederet,
1957 2976 2052 3018 ne-

479 3077 606 3122 cato
655 3067 774 3133 ipso
825 3063 1071 3117 omnium
1104 3075 1272 3116 causa
1318 3057 1753 3131 regenerationis
1787 3073 1801 3111 :
1834 3055 2054 3130 quando

481 3170 715 3227 magnus
758 3154 848 3208 ille
877 3152 1056 3207 Patris
1088 3150 1345 3216 Nuntius,
1400 3157 1622 3221 peracto
1668 3163 1835 3221 opere
1888 3146 2050 3217 cuius

483 3248 685 3302 missus
730 3253 815 3299 est
840 3249 1273 3307 consummatur,
1306 3240 1429 3296 οωΙὶ
1457 3241 1636 3294 sinum
1670 3237 1930 3293 omnibus
1961 3252 2056 3308 pa-

482 3341 616 3395 riter
639 3344 930 3407 aperturus
964 3341 1069 3389 est.

553 3427 630 3483 Ne
650 3427 848 3481 iterum
886 3431 1113 3495 propter
1140 3421 1481 3487 missionem,
1518 3418 1796 3492 Unigeniti
1828 3417 2053 3489 gloriam

484 3518 809 3581 submittas,
845 3530 1022 3586 neque
1053 3514 1479 3568 dominationem
1510 3513 1566 3568 in
1596 3512 1914 3569 servitutem
1961 3512 2058 3565 de-

484 3613 693 3679 trahas,
734 3609 972 3665 aiienum
1014 3620 1137 3662 eum
1181 3606 1545 3676 pronuntians
1591 3620 1618 3657 a
1652 3602 2058 3659 necessitudine

482 3719 591 3773 qua
637 3708 987 3774 generantem
1015 3695 1324 3766 contingit;
1360 3695 1452 3749 sed
1488 3708 1615 3750 cum
1651 3694 1810 3748 audis
1833 3694 2057 3748 missio-

485 3810 630 3859 nem,
661 3793 781 3863 ejus
815 3792 967 3846 disce
993 3789 1088 3859 qui
1120 3788 1268 3844 misit
1307 3802 1432 3842 cum
1478 3802 1545 3840 eo
1590 3788 1682 3856 qui
1732 3786 1830 3840 fuit
1855 3786 2057 3839 missus

485 3888 540 3940 in
572 3883 831 3953 operibus
868 3881 1075 3935 sociam
1112 3879 1575 3948 dispensationem
1610 3887 1771 3946 atque
1798 3877 1966 3939 illius,
2000 3875 2052 3928 in

487 3975 558 4025 iis
613 3984 734 4039 qua:
774 3966 1013 4020 Verbum
1074 3965 1385 4033 negotiatur
1430 3979 1613 4033 parem
1661 3963 2048 4017 assistentiam.

486 4059 621 4113 Nam
671 4069 725 4113 tu
774 4071 993 4126 quoquc
1046 4070 1173 4109 cum
1228 4054 1449 4108 verbum
1500 4053 1718 4108 misisse
1768 4053 1891 4115 ais,
1946 4067 2053 4106 non

486 4150 687 4205 dividis
735 4147 867 4200 illud
902 4162 929 4201 a
970 4153 1151 4200 mente
1179 4154 1495 4215 generante,
1529 4158 1627 4198 nec
1660 4142 1844 4197 servili
1876 4142 2051 4211 ipsum

488 4240 675 4296 habitu
703 4238 887 4292 induis
915 4256 929 4292 :
973 4236 1068 4291 sed
1099 4244 1358 4305 tanquam
1392 4244 1573 4288 mente
1616 4249 1720 4286 una
1766 4241 2053 4302 praesente,

488 4347 554 4387 ac
594 4346 658 4385 ea
689 4344 809 4400 quae
857 4326 1093 4382 Verbum
1134 4326 1399 4396 disponit,
1448 4326 1656 4396 pariter
1701 4324 2054 4394 disponente,

487 4422 716 4477 missum
773 4419 946 4475 fuisse
994 4428 1147 4473 tuum
1191 4419 1420 4473 verbum
1472 4418 1575 4473 ais.
1626 4414 1749 4472 Haec
1788 4416 2052 4470 adversus

2163 1969 2341 2035 χεῖρες
2369 1967 2776 2031 ἀποστάζουσαι
2815 1968 2997 2036 φόνου,
3044 1970 3186 2020 κατὰ
3230 1967 3322 2019 τοῦ
3354 1968 3543 2037 χερσὶν
3581 1969 3741 2037 ὀχου-

2165 2057 2328 2127 μένου
2372 2057 2825 2128 ὁπλισθήσονται⁶
2858 2057 2953 2111 νῦν
2987 2058 3084 2128 μὲν
3118 2058 3175 2109 ὲν
3216 2058 3552 2128 σπαργάνοις
3581 2061 3750 2113 αὐτὸν

2166 2148 2425 2219 μεμηνὼς
2470 2148 2717 2220 Ἡρώδης
2758 2149 3009 2215 διώξεται
3033 2188 3048 2213 ,
3084 2149 3179 2202 καὶ
3211 2149 3410 2215 ξενίσει
3448 2151 3747 2217 Αἴγυπτος,

2161 2239 2251 2291 τον
2291 2239 2455 2291 πάλαι
2484 2239 2689 2310 ταύτην
2733 2240 2822 2292 διὰ
2854 2239 3181 2302 κακοξενίαν
3231 2240 3605 2309 μαστίξανταο
3648 2242 3748 2292 καὶ

2162 2328 2467 2401 βαφήσεται
2495 2330 2622 2399 ξίφη
2655 2331 2793 2383 κατὰ
2827 2334 3042 2400 σφαγῆς
3080 2330 3317 2399 νηπίων,
3346 2330 3435 2382 διὰ
3469 2332 3566 2399 τὴν
3602 2348 3749 2400 σφα-

2162 2420 2265 2491 γὴν
2294 2421 2387 2474 τού
2418 2420 2636 2491 νηπίου.
2676 2420 2823 2473 Ἔδει
2856 2421 2966 2489 γὰρ
2999 2421 3137 2474 Θεοῦ
3167 2422 3231 2474 ὲκ
3270 2421 3619 2491 παρθενικῶν
3654 2425 3749 2476 ai.-

2164 2510 2348 2580 μάτων
2396 2510 2491 2562 ἐπὶ
2528 2510 2632 2581 γῆς
2669 2508 2993 2579 τεχθέντος,
3044 2508 3441 2581 συνηλικιώτας
3482 2512 3633 2583 αύτῷ
3679 2510 3751 2565 δι’

2162 2600 2394 2671 αἵματος
2419 2601 2669 2671 οὐρανοῖς
2696 2601 3099 2672 ἀποτεχοῆναι·
3143 2602 3240 2655 καὶ
3274 2602 3550 2673 προτέραν
3595 2604 3751 2657 ὲκεί-

2169 2707 2266 2762 νην
2298 2691 2397 2761 τὴν
2440 2691 2658 2760 ἠλικίαν
2700 2691 3004 2745 ἀπόνασθαι
3032 2693 3133 2762 τῆς
3174 2692 3507 2761 Δεσποτικῆς
3540 2710 3754 2763 παρου-

2167 2784 2309 2846 σίας,
2337 2783 2370 2854 ἢ
2401 2782 2589 2835 τοῦτον
2615 2779 2729 2854 εἶχε
2754 2784 2947 2853 πρώτη
2973 2785 3029 2837 ὲν
3050 2787 3162 2847 τοῖς
3190 2784 3407 2853 νηπίοις
3440 2785 3748 2854 ὁρώμενον·

2167 2872 2392 2943 ὕστερον
2416 2872 2473 2926 δὲ
2504 2874 2669 2927 πᾶσιν
2700 2876 2731 2939 ἡ
2762 2874 3003 2942 ὠφέλεια
3032 2875 3176 2943 ἣξει,
3211 2875 3424 2927 ἐκείνου
3470 2874 3570 2944 τῆς
3609 2878 3752 2929 πάν-

2164 2982 2274 3019 των
2298 2964 2325 3003 (ι
2355 2965 2767 3036 ἀναγεννὴσεως
2799 2966 2899 3035 την
2932 2968 3150 3037 σφαγὴν
3182 2964 3570 3036 ὑφισταμένου·
3601 2965 3694 3017 ὅτε
3723 2966 3755 3018 ὁ

2170 3056 2342 3127 μέγας
2370 3055 2462 3109 τοῦ
2490 3056 2705 3128 Πατρὸς
2750 3056 3089 3121 Ἀπόστολος,
3124 3049 3186 3110 οὗ
3220 3055 3553 3109 ἀπέσταλται
3584 3054 3754 3126 ἔργου

2164 3146 2459 3219 τελειωτὴς
2508 3146 2875 3217 περαθέντος,
2924 3146 3062 3219 όμοῦ
3111 3148 3250 3201 πᾶσι
3294 3146 3421 3210 τοὺς
3456 3146 3753 3217 οὐρανίους

2166 3237 2401 3302 κόλπους
2441 3236 2797 3293 ἀναπετάσει.

2240 3416 2333 3487 Μὴ
2368 3415 2531 3469 πάλιν
2556 3415 2643 3469 διὰ
2666 3414 2768 3485 τὴν
2791 3413 3121 3487 ἀποστολὴν,
3148 3413 3249 3483 τὴν
3273 3410 3432 3478 δόξαν
3452 3411 3548 3466 τοῦ
3574 3412 3757 3467 Μονο-

2169 3509 2362 3577 γενοῦς
2412 3506 2786 3579 ύποπτώσης’
2838 3507 2974 3577 μηδὲ
3010 3506 3109 3577 τὴν
3166 3505 3465 3576 κυριότητα
3513 3505 3593 3568 εἰς
3624 3505 3756 3559 δου-

2168 3599 2317 3655 λείαν
2358 3597 2764 3667 καταϐιϐάσῃς,
2798 3595 3094 3667 ἀλλοτριῶν
3122 3596 3219 3666 τῆς
3255 3596 3393 3666 πρὸς
3422 3595 3515 3649 τὸν
3560 3612 3755 3664 γεγεν-

2162 3691 2363 3759 νηκότα
2392 3688 2745 3758 οἰκειότητοςο
2780 3688 2894 3741 ἀλλ’
2926 3686 3141 3741 ἀκούων
3186 3687 3517 3758 ἀποστολὴν,
3555 3686 3655 3757 τὴν
3686 3689 3747 3739 ὲν

2168 3783 2280 3843 τοῖς
2309 3779 2490 3849 ἔργοις
2517 3779 2609 3832 τοῦ
2642 3780 3039 3843 ἀποσταλέντος
3069 3779 3572 3850 συνδιοικονόμησιν
3606 3778 3755 3831 ἐκδι-

2174 3870 2375 3924 δάσκου
2403 3868 2497 3922 τοῦ
2529 3870 2931 3933 ἀπεσταλκότος
2953 3912 2968 3933 ,
3006 3870 3102 3924 καὶ
3130 3870 3228 3939 τὴν
3262 3871 3349 3938 ἐφ’
3386 3863 3469 3933 οἷς
3503 3872 3533 3922 ό
3578 3868 3755 3937 Λόγος

2170 3962 2618 4033 πραγματεύεται
2666 3962 3086 4033 συμπαρουσίαν
3118 3962 3330 4014 ἐκείνου
3351 3977 3364 3991 ’
3398 3962 3522 4015 ἐπεὶ
3555 3962 3650 4014 καὶ
3682 3977 3751 4013 συ

2164 4052 2293 4106 ὅταν
2323 4053 2436 4120 φῇς’
2468 4051 2627 4119 λόγον
2658 4051 3092 4117 ἀπεσταλκέναι,
3117 4052 3179 4105 οὐ
3210 4052 3436 4117 διαιρεῖς
3460 4051 3620 4104 αὑτὸν
3650 4052 3748 4105 τοῦ

2165 4144 2489 4213 γεννήτορος
2509 4142 2623 4195 νοῦο
2649 4142 2772 4196 οὐδὲ
2794 4142 3039 4196 δουλικὸν
3056 4142 3207 4213 αὐτῷ
3225 4160 3291 4195 πε
3303 4141 3513 4212 ριτίθης
3537 4142 3747 4211 σχῆμα·

2165 4236 2283 4288 ἀλλ’
2314 4233 2388 4298 ώς
2421 4233 2516 4287 τοῦ
2552 4233 2647 4287 νοῦ
2686 4235 3100 4306 συμπαρόντος,
3135 4235 3231 4289 καὶ
3286 4234 3322 4287 ἃ
3366 4234 3673 4304 διατίθησιν
3717 4236 3752 4288 ὁ

2171 4325 2350 4393 Λόγος
2381 4324 2893 4396 συνδιατιθεμένου,
2929 4325 3026 4397 τὴν
3059 4324 3368 4396 ἀποστολὴν
3419 4324 3753 4394 γεγενῆσθαι

2164 4416 2242 4486 τῷ
2272 4414 2350 4487 σῷ
2378 4415 2522 4487 λόγῳ
2560 4416 2726 4488 ὲρείς.
2774 4415 2960 4470 Ταῦτα
3004 4416 3142 4504 πρρς
3169 4416 3298 4479 τοὺς
3337 4414 3427 4468 διὰ
3454 4415 3515 4469 τὸ
3545 4410 3605 4468 εὖ
3642 4431 3751 4467 πε-

485 4525 582 4567 eos
601 4509 746 4565 dicta
768 4517 949 4573 sunto,
985 4506 1080 4577 qui
1112 4506 1361 4563 beneﬁcii
1391 4507 1589 4572 vicem,
1619 4507 1865 4578 ingratos
1892 4518 2053 4577 atque

2164 4507 2414 4562 πονθέναι
2444 4504 2893 4576 κακογνώμονας,
2926 4504 3023 4560 καὶ
3052 4503 3180 4569 τοὺς
3206 4504 3297 4558 διὰ
3327 4505 3388 4558 τδ
3416 4503 3751 4574 τετιμῆσθαι

486 4603 765 4673 improbos
804 4615 986 4655 mores
1015 4600 1335 4666 ostendunt,
1387 4599 1591 4669 quique
1630 4599 1858 4665 idcirco,
1919 4599 2050 4669 quia

2164 4600 2246 4653 καὶ
2269 4597 2519 4668 ύψῶσθαι
2550 4600 2617 4669 τῇ
2647 4596 2741 4651 τοῦ
2769 4597 2948 4665 Λόγου
2977 4595 3338 4660 ταπεινώσει,
3370 4594 3749 4665 ἀτιμάζοντας

487 4692 655 4749 Verbi
688 4691 996 4746 humilitate
1038 4690 1291 4744 honorati
1327 4691 1439 4745 sint
1465 4705 1529 4745 ac
1574 4690 1823 4754 exaltati,
1871 4690 2053 4760 ipsum

2164 4689 2244 4743 ιδν
2269 4688 2602 4760 τετιμηκότα
2619 4730 2635 4754 ,
2670 4689 2767 4742 καὶ
2793 4687 3031 4759 ἀμοιϐὴν
3061 4687 3156 4742 τοῦ
3184 4687 3355 4757 ὕψους
3374 4727 3389 4751 ,
3425 4687 3523 4758 τὴν
3552 4687 3754 4740 ταπεί-

489 4801 520 4840 a
558 4801 669 4857 quo
714 4785 921 4838 honore
947 4779 1124 4836 allecti
1173 4789 1303 4835 sunt
1333 4780 1719 4847 dehonestant,
1769 4781 2053 4836 exultatio-

2164 4799 2325 4836 νωσιν
2354 4781 2794 4850 ἀντεισάγοντας.
2831 4782 2993 4855 ’Λλλά
3021 4780 3159 4851 πρὸς
3185 4780 3277 4833 τὸν
3308 4780 3472 4848 σοφὸν
3501 4777 3751 4850 πρεσσύο

491 4877 686 4945 nisque
726 4870 1057 4934 mercedem,
1091 4868 1332 4923 vicissim
1374 4867 1732 4937 abjectionem
1768 4866 2059 4921 inducunt.

488 4962 802 5025 Enimvero,
862 4958 929 5013 ad
979 4972 1165 5013 senem
1206 4955 1358 5011 illum
1400 4958 1699 5027 sapientem
1746 4958 2057 5013 redeamus.

492 5052 595 5107 Ubi
638 5052 821 5120 itaque
852 5050 906 5103 in
945 5048 1274 5118 abjectionis
1320 5047 1593 5117 profundo
1632 5048 1930 5119 maiestatis
1962 5064 2059 5105 su-

2161 4889 2263 4941 την
2286 4874 2573 4943 ἀπίωμεν·
2607 4872 2664 4937 δς
2704 4872 2762 4925 ὲν
2789 4871 2869 4943 τῷ
2902 4870 3057 4941 βάθει
3093 4872 3194 4941 τῆς
3223 4868 3649 4935 ταπεινώσεως,
3688 4869 3753 4922 τὸ

2164 4960 2296 5029 ὕψος
2328 4950 2435 5014 sio:
2478 4960 2581 5031 τῆς
2613 4960 3012 5033 μεγαλωσύνης
3035 4978 3050 4993 ·
3102 4962 3198 5015 καὶ
3250 4961 3309 5014 ὲν
3355 4958 3434 5031 τῷ
3485 4958 3545 5023 ἐξ
3587 4958 3753 5029 ἡμῶν

2158 5052 2466 5125 ὀστρακίνῳ
2497 5054 2733 5124 πτυχίῳ,
2769 5054 2861 5107 τὸν
2894 5053 3241 5124 μαργαρίτην
3268 5045 3396 5123 εὗρε
3426 5051 3526 5120 τῆς
3550 5049 3751 5119 θεότη-

491 5144 809 5199 biimitatcm
861 5126 1297 5212 aspexit,’atque
1348 5140 1400 5194 in
1432 5149 1719 5211 assumpto
1781 5156 1848 5197 ex
1902 5141 2053 5196 nobis

2164 5163 2269 5210 τος.
2316 5138 2391 5198 Οὔ
2438 5146 2517 5216 τῷ
2545 5146 2735 5200 κάλλει
2770 5147 2869 5216 τὴν
2898 5144 3081 5217 ψυχὴν
3111 5142 3504 5212 διαγανωθεὶς,
3533 5142 3641 5210 τὴν
3668 5141 3744 5195 ic-

490 5241 731 5291 testaceo
785 5234 1010 5289 vasculo
1058 5232 1366 5287 divinitatis
1412 5233 1764 5302 margaritam
1825 5233 2060 5299 invenit,

2162 5239 2384 5310 ρο>.όγον
2436 5238 2690 5307 γλῶσσαν
2737 5240 2877 5290 κινεῖ
2922 5236 3354 5309 προθυμότερον·
3400 5233 3530 5304 παρ’
3560 5225 3621 5286 οὗ
3653 5234 3751 5287 καὶ

489 5325 609 5394 ejus
640 5324 1046 5395 pulchritudine
1084 5323 1267 5377 animo
1300 5323 1623 5387 delectatus,
1659 5338 1812 5379 sacra
1844 5324 2053 5379 doctam

2164 5329 2395 5400 ἀμοιϐὴν
2420 5334 2517 5401 τῆς
2550 5332 2608 5383 ὲν
2644 5329 2908 5399 ἀγκάλαις
2946 5328 3214 5399 ὑποδοχῆς
3252 5326 3351 5398 τὴν
3398 5328 3463 5381 ὲκ
3495 5326 3591 5380 τοῦ
3626 5325 3749 5393 βίου

489 5416 675 5479 verba,
705 5428 771 5468 ac
804 5412 1175 5483 propheticam
1216 5414 1453 5483 linguam
1488 5416 1816 5485 propensius
1842 5416 2053 5485 agitat:

490 5520 722 5575 cumque
768 5504 835 5558 ab
875 5518 940 5557 eo
972 5503 1338 5573 susceptionis
1394 5505 1448 5558 in
1488 5507 1643 5563 ulnas
1707 5508 1900 5570 vicem,
1951 5509 2055 5563 mio

2146 5421 2372 5491 πορείαν
2402 5421 2606 5485 λαεὼν,
2639 5422 2827 5475 ἄπεισι
2869 5425 2981 5485 τοῖς
3021 5422 3080 5475 ὲν
3107 5420 3236 5491 ᾅδου
3282 5417 3605 5489 πενομένοις
3636 5458 3649 5477 ,
3686 5418 3752 5468 δν

2145 5506 2251 5565 εἶδε
2285 5512 2515 5566 πλοῦτον
2556 5514 2899 5583 ἀναγγελείν·
2951 5507 2996 5581 ᾧ
3041 5510 3414 5583 προσεγγίσας
3439 5548 3456 5572 ν

3503 5509 3599 5561 καῖ⁵
3646 5508 3753 5578 τὴν

1768 5618 2006 5674 νΑιιιΑς
2046 5620 2463 5679 LECTIONES.

556 5688 582 5728 ἀ
614 5688 775 5745 Isin.
812 5686 993 5757 χάριν,
1034 5686 1118 5741 vel
1144 5686 1273 5757 quid
1297 5688 1498 5742 simile.
