3992 6204
398 361 470 424 39

1628 345 1903 406 LEONIS
1942 339 2405 405 PHILOSOPIII

3582 322 3654 384 40

392 470 709 535 cultumque
723 458 1051 517 on‘eremus?
1069 457 1235 512 Plane
1258 464 1318 511 ut
1348 470 1447 510 nos
1468 454 1568 524 ipsi
1591 454 1636 509 ei
1664 453 1980 517 offeramus,

2123 452 2206 505 ἱνα
2236 447 2600 519 λειτουργίαν,
2630 445 2750 498 τίνα
2784 439 3146 513 προσοίσομεν
3187 438 3507 507 θεραπείαν,
3539 438 3665 488 τίνα

393 557 555 629 cujus
598 552 892 611 oblationis
937 565 1068 620 ergo
1119 556 1268 602 tanta
1302 547 1394 601 illa
1427 545 1729 602 eiiuanitio
1762 544 1868 598 fuit
1906 557 1969 598 ac

398 647 703 711 inclinatio,
750 652 812 699 ut
848 642 1141 711 imaginem
1190 640 1454 707 integram
1514 651 1819 701 servemus,
1874 650 1973 691 nec

400 740 694 796 Doniiniece
727 736 954 805 picturae
986 732 1284 786 obruamus
1318 726 1505 782 florem
1560 745 1574 779 :
1608 727 1737 796 quin
1788 726 1971 796 potius

400 842 457 886 ut
507 846 615 885 non
661 824 1003 882 defunctorie
1050 836 1170 877 eam
1206 820 1590 888 depurgemus,
1626 818 1975 887 pulchrisque

399 935 620 976 rursum
668 914 948 972 coloribus
982 924 1181 965 novum
1214 908 1263 963 ei
1297 906 1487 961 ﬂorem
1532 906 1818 961 addamus.
1849 905 1975 958 Eﬁi-

398 1018 611 1071 ciaiuur
645 1009 899 1065 altissimi
942 1005 1121 1059 Patris
1180 1004 1300 1068 ﬁlii,
1349 1011 1575 1073 propter
1634 1018 1756 1057 eum
1789 1004 1880 1074 qui
1911 1018 1975 1058 ex

399 1116 589 1162 nostra
624 1112 866 1159 extrema
897 1099 1107 1154 vilitate
1136 1107 1364 1151 matrem
1398 1095 1639 1166 agnovit.
1674 1094 1981 1149 Eﬁieiamur

404 1196 496 1250 Dei
535 1192 790 1263 templum
829 1208 842 1243 :
880 1190 985 1243 hoc
1013 1187 1159 1243 enim
1202 1186 1294 1241 Dei
1329 1188 1394 1241 ad
1434 1187 1684 1241 homines
1716 1186 1982 1240 adventus

402 1286 881 1353 complementum.
927 1277 1038 1333 Nos
1080 1278 1231 1346 ipsos
1282 1291 1548 1333 ornemus
1587 1277 1851 1330 virtutum
1886 1290 1980 1330 or-

401 1374 673 1432 namentis
703 1380 866 1441 atque
894 1368 1139 1437 tropaeis,
1170 1367 1549 1436 latitantiaque
1582 1366 1782 1420 animis
1825 1366 1981 1420 vitio-

402 1482 526 1522 rum
563 1481 626 1520 ac
654 1459 1134 1535 perturbationum
1170 1457 1386 1526 reptilia
1422 1465 1534 1511 tota
1566 1457 1768 1511 virtute
1799 1472 1988 1526 perse-

402 1573 658 1629 quamur.
708 1553 899 1607 Manus
930 1563 1113 1607 castas
1143 1549 1461 1613 reddamus,
1501 1548 1729 1604 beneﬁci
1766 1548 1819 1602 in
1856 1563 1986 1602 con-

405 1665 614 1713 servos,
661 1648 755 1717 qui
789 1662 818 1701 a
849 1646 1083 1701 Domino
1111 1645 1374 1715 praeclare
1406 1643 1673 1697 beneﬁcia
1702 1639 1985 1695 consecuti

407 1743 603 1796 simus.
650 1738 1048 1808 Benignitatem
1105 1750 1168 1790 ac
1216 1734 1561 1789 clementiam
1609 1731 1986 1792 exhibeatuus,

410 1835 502 1905 qui
540 1834 641 1902 ipsi
674 1831 907 1901 benigne
933 1828 1340 1895 clementerque
1374 1824 1641 1879 fuerimus
1668 1822 1861 1879 habiti.
1904 1822 1984 1875 Ad

410 1929 760 1994 augmentum
804 1931 1225 1990 promoveamus
1274 1913 1579 1984 spiritualis
1640 1912 1817 1967 aetatis
1863 1925 1985 1963 eum

414 2016 656 2079 reveriti,
715 2013 809 2084 qui
856 2012 910 2066 in
960 2010 1144 2065 carnis
1195 2014 1397 2061 nostrte
1454 2004 1770 2075 imperfecta
1833 2010 1991 2057 aetate

412 2118 668 2165 versatus
696 2116 777 2161 est
809 2114 1010 2160 nostrae
1045 2099 1479 2171 imperfectiouis
1507 2113 1691 2153 causi.
1723 2094 1995 2149 Emunde-

414 2218 535 2256 mus
571 2200 678 2271 igni
716 2198 894 2259 labia;
952 2210 1075 2249 nam
1134 2204 1189 2247 et
1241 2192 1401 2246 nobis
1456 2190 1822 2259 expiatorium
1870 2188 1994 2241 licet

414 2294 707 2349 carbonem
740 2289 1082 2357 contingere.
1131 2284 1391 2349 Quiuimo
1435 2282 1634 2351 quibus
1688 2280 1807 2349 ejus
1837 2276 1996 2331 nobis

417 2387 488 2442 sit
534 2385 674 2439 facta
711 2381 965 2441 facultas,
1026 2393 1093 2432 ne
1151 2376 1278 2429 inde
1335 2374 1681 2429 accedentem
1733 2370 1996 2425 emunda-

418 2479 623 2533 tionem
657 2483 1097 2529 contemnamus.
1132 2466 1223 2522 Sic
1255 2466 1420 2528 sacri,
1456 2481 1577 2520 eum
1616 2463 1881 2517 adeuntes
1904 2460 1997 2529 qui

420 2568 582 2623 hodie
616 2565 851 2619 offertur
878 2562 931 2615 in
982 2561 1203 2629 templo,
1239 2572 1347 2611 uua
1379 2571 1502 2610 cum
1551 2555 1729 2608 vetula
1761 2568 1823 2606 ac
1854 2560 2000 2605 casta

420 2659 577 2712 Anna
606 2654 851 2710 vicissim
889 2652 1273 2707 conﬁtebimur
1310 2668 1322 2702 :
1355 2662 1571 2716 semper
1598 2646 1861 2715 virginem
1893 2642 2002 2694 Ma-

422 2755 561 2802 trem
596 2744 905 2805 aﬁ‘ahimur,
944 2756 1052 2795 non
1088 2756 1153 2796 ex
1204 2742 1273 2795 iis
1316 2754 1438 2808 quae
1482 2737 1767 2807 Synagoga
1808 2734 1861 2788 in
1884 2733 2001 2802 ejus

421 2835 848 2910 primogenitum
878 2831 1073 2886 Filium
1115 2831 1373 2884 molitura
1406 2837 1514 2894 est,
1546 2842 1723 2895 neque
1769 2825 1821 2879 id
1853 2838 2003 2889 vero,

427 2928 599 2984 Tuam
631 2927 868 2980 animam
910 2923 1255 2992 pertransibit
1306 2921 1517 2990 gladius
1570 2919 1637 2982 ³⁸,
1672 2917 1764 2972 sed
1809 2915 1876 2969 de
1912 2914 2003 2968 be-

428 3020 623 3074 nclicio
658 3015 806 3086 quod
859 3014 1011 3069 orbis
1065 3012 1198 3066 ﬁnes
1226 3018 1671 3078 consequentur;
1713 3006 1778 3060 de
1806 3003 2005 3076 gaudio

422 3110 825 3178 colloquemur,
866 3103 1024 3173 cujus
1083 3102 1310 3156 divitias
1352 3099 1534 3168 adepti
1585 3111 1803 3153 sumus.

502 3199 578 3253 Te
616 3198 981 3253 eastissimam
1019 3193 1306 3264 magniﬁce
1335 3191 1616 3247 efferimus
1643 3189 1777 3259 (non
1826 3188 2011 3241 incon-

2082 544 2181 613 τὴν
2222 541 2381 612 ἡμῶν
2414 538 2591 591 αὐτῶν
2627 531 3013 605 προσαγωγὴν,
3035 530 3103 582 δι’
3126 529 3193 599 ἣν
3225 530 3258 598 ἡ
3292 527 3525 595 τοσαύτη
3569 525 3665 578 κέ-

2084 652 2246 696 νωσις
2266 634 2360 687 καὶ
2392 628 2798 699 συγκατάὸασις
2824 642 2838 657 ⁸
2883 625 2980 692 τὴν
3015 622 3345 690 συντήρησιν
3380 620 3478 688 τῆς
3508 620 3661 672 εἰκό-

2087 746 2195 792 νος,
2219 727 2311 780 καὶ
2336 725 2395 778 τὸ
2427 723 2504 794 μὴ
2530 720 2807 791 συγχῶσαι
2840 718 2938 786 τῆς
2968 714 3301 783 Δεσποτικῆς
3345 712 3669 783 ζωγραφίας

2086 820 2145 871 τὸ
2171 818 2328 880 ἀνθος
2348 830 2363 846 θ
2397 817 2445 868 εί
2474 814 2518 865 δ’
2546 812 2658 877 οῦν,
2683 810 2816 865 ἀλλὰ
2847 809 2907 861 τὸ
2932 808 3006 877 μὴ
3038 806 3327 876 παρέργως
3363 803 3666 857 ἀνακαθαι-

2092 926 2224 979 ρειν,
2249 907 2342 960 καὶ
2373 906 2485 967 τοῖς
2516 902 2701 965 καλοῖς
2738 899 2899 954 πάλιν
2926 897 3096 967 αὐτὴν
3124 913 3190 948 πε
3199 894 3494 965 ριανθίζειν
3523 892 3671 963 χρώ-

2090 1018 2240 1071 μασι.
2268 995 2558 1067 Γενὼμεθα
2582 994 2792 1063 Πατρός
2825 990 3048 1061 ὑψίστου
3076 987 3206 1052 υἱοὶ,
3237 986 3323 1038 διὰ
3341 984 3430 1039 τὸν
3463 988 3526 1039 ἐκ
3566 984 3671 1053 τῆς

2090 1089 2367 1161 ἡμετέρας
2395 1086 2653 1157 ἐσχατιᾶς
2692 1082 2905 1153 μητέρα
2951 1074 3314 1149 γνωρίσαντα.
3374 1074 3674 1143 Γενὼμεθα

2091 1182 2213 1245 ναὸς
2233 1180 2367 1233 Θεοῦ
2386 1196 2400 1206 ·
2429 1180 2586 1232 τοῦτο
2612 1177 2719 1245 γὰρ
2738 1175 2835 1244 τῆς
2862 1172 2999 1242 πρὸς
3033 1167 3351 1237 ἀνθρώπους
3376 1164 3675 1234 ἐπιδημίας

2092 1272 2228 1327 Θεοῦ
2256 1274 2290 1342 ἡ
2326 1270 2739 1340 συμπλήρωσις.
2765 1264 3147 1333 Κοσμήσωμεν
3186 1258 3411 1317 ἑαυτοὺς
3459 1255 3677 1326 ἀρετῶν

2095 1364 2428 1434 ἀναθήμασι,
2462 1360 2642 1414 καὶτὰ
2669 1354 3052 1427 ἐμφωλεύοντα
3073 1351 3181 1405 τῶν
3213 1348 3401 1401 παθῶν
3444 1344 3678 1414 ἑρπετὰ,

2096 1456 2195 1527 ὅση
2225 1454 2453 1524 δύναμις
2481 1448 2848 1518 ὲκδιὼκωμεν.
2880 1445 3212 1514 Ἀγνίσωμεν
3236 1441 3443 1511 χεῖρας,
3473 1436 3531 1489 εῦ
3558 1437 3681 1498 τοίς

2099 1545 2407 1617 ὁμοδούλοις
2445 1542 2746 1605 ποιοῦντες,
2772 1540 2821 1591 οἱ
2843 1537 2901 1590 εὖ
2934 1536 3030 1590 καὶ
3068 1534 3249 1595 καλῶς
3278 1532 3429 1601 παρά
3460 1529 3553 1583 τοῦ
3578 1532 3684 1581 Δε-

2100 1639 2299 1692 σπότου
2340 1635 2628 1696 παθόντες.
2660 1626 3262 1699 Φιλανθρωπευὼμεθα,
3288 1625 3338 1676 οἱ
3370 1621 3685 1691 φιλανθρω-

2103 1729 2230 1791 πίας
2251 1726 2561 1797 ἠξιωμέναι.
2585 1724 2727 1793 Πρὸς
2747 1720 2975 1791 αὔξησιν
2997 1719 3096 1786 τῆς
3120 1714 3493 1785 πνευματικῆς
3516 1714 3689 1767 ἀνῖω-

2088 1832 2200 1889 ’μεν
2232 1817 2465 1889 ἡλικίας,
2499 1814 2806 1883 αἰδούμενοι
2832 1812 2923 1865 τὸν
2953 1813 3010 1863 ἐν
3056 1810 3234 1862 ἀτελεῖ
3262 1808 3461 1877 σαρκὸς
3487 1803 3688 1873 ἡλικία

2099 1912 2187 1966 διὰ
2215 1912 2312 1980 τὴν
2342 1908 2498 1979 ήμῶν
2546 1907 2964 1977 χρηματίσαντα
2990 1903 3321 1955 τελειότητα.
3375 1895 3687 1967 Καθαρθῶο

2107 2021 2206 2075 μεν
2234 2001 2368 2071 πυρὶ
2397 2002 2464 2054 τὰ
2496 2000 2680 2070 χείληο
2717 1997 2833 2051 ἔστι
2863 1996 2971 2066 γὰρ
3010 1997 3103 2049 καὶ
3127 1996 3259 2062 ἡμῖν
3293 1991 3386 2043 τοῦ
3413 1988 3687 2057 καθαρτι-

2105 2094 2201 2147 κοῦ
2233 2091 2425 2163 ψαύειν
2476 2090 2765 2159 ἄνθρακοςο
2822 2086 3021 2157 μᾶλλον
3068 2084 3111 2137 δ’
3141 2078 3221 2145 οἷς
3277 2078 3553 2150 ἡξιώμεθα
3579 2078 3689 2146 τῆς

2106 2186 2272 2242 αὑτοῦ
2320 2186 2695 2249 ἀπολαύσεως,
2737 2182 2811 2251 μὴ
2840 2182 2938 2249 τῆς
2993 2176 3202 2237 ἐκεῖθεν
3249 2170 3692 2241 καταρρονῶμεν

2107 2279 2448 2349 καθάρσεως.
2468 2274 2621 2328 Οὕτω
2656 2272 2969 2343 προσιόντες
3000 2268 3134 2336 ἱεροὶ
3154 2266 3230 2337 τῷ
3253 2266 3487 2334 σήμερον
3515 2276 3693 2330 προσ-

2111 2373 2363 2441 αγομένῳ
2398 2372 2455 2422 ὲν
2492 2368 2644 2438 ἱερῷ,
2698 2369 2763 2437 τῇ
2790 2362 3065 2434 γηραλαίᾳ
3122 2360 3217 2413 καὶ
3248 2360 3482 2426 σώφρονι
3516 2356 3693 2421 ’Λννῃ

2115 2458 2797 2530 συνανθομολογησόμεθα·
2830 2451 3317 2525 προσφθεγξόμεθα
3359 2452 3424 2517 τῇ
3452 2448 3696 2514 ἀειπαρ-

2115 2558 2252 2625 θένῳ
2276 2555 2483 2624 Μητρὶ,
2517 2553 2616 2604 ούκ
2639 2550 2699 2614 ἐξ
2718 2541 2791 2603 ὧν
2821 2547 2959 2600 κατά
2986 2544 3077 2597 τοῦ
3108 2540 3455 2612 πρωτοτόκου
3491 2536 3698 2597 Παιδὸς

2115 2648 2282 2717 αὐτῆς
2309 2645 2450 2697 παλα
2461 2645 2693 2712 μήσεται
2738 2637 3065 2704 Συναγωγή·
3094 2633 3236 2698 οὐδὲ,
3264 2630 3381 2685 Σοῦ
3424 2628 3538 2692 τὴν
3565 2628 3699 2692 ψυ-

2118 2713 2251 2808 χὴν(
2286 2736 2656 2789 διελεύσεται
2686 2730 2981 2799 ῥομφαία·
3020 2725 3133 2778 ἀλλ’
3165 2723 3225 2788 εξ
3265 2716 3332 2792 ἦς
3366 2713 3707 2786 κληρονομεῖ

2119 2827 2439 2899 εὐεργεσίας
2468 2827 2538 2879 τὰ
2564 2824 2801 2895 πέρατα.
2833 2823 2898 2874 ὲκ
2920 2818 3029 2872 τῶν
3055 2812 3416 2888 χαρμοσύνων
3449 2807 3703 2875 διαλεγὸ-

2125 2921 2280 2991 μεθα,
2313 2915 2380 2991 ἧς
2408 2918 2503 2989 τὴν
2527 2916 2703 2987 χαρὰν
2725 2913 3159 2983 ὲπλουτήσαμεν.

2049 3104 2093 3165 C

2192 3194 2585 3265 Μεγαλύνομέν
2609 3209 2668 3244 σε
2692 3192 2790 3260 τὴν
2816 3188 3155 3256 πανάμωμον
3179 3179 3423 3253 (φθόγγῳ
3454 3176 3527 3247 μὴ
3560 3176 3709 3229 ἀνα-

432 3310 569 3363 gruo
614 3292 913 3347 clamemus
969 3288 1119 3342 vocis
1174 3287 1332 3354 sono)
1364 3301 1459 3355 per
1495 3299 1658 3354 quam
1696 3281 2017 3353 magniﬁcus

434 3385 636 3455 opifex,
668 3383 964 3437 maximum
1010 3396 1235 3435 suorum
1268 3395 1517 3449 operum,
1551 3390 1876 3447 summeque
1898 3374 2021 3429 hor-

434 3475 665 3530 rendum
716 3472 977 3543 perfecit;
1012 3486 1134 3541 qu:e
1202 3472 1576 3524 continentem
1629 3465 1836 3530 omnia,
1892 3466 2017 3520 sinu

437 3566 779 3622 continueris
810 3583 823 3618 :
853 3580 917 3619 ex
946 3560 1131 3632 cujus‘
1161 3562 1430 3617 uberibus
1461 3560 1610 3615 altus
1646 3559 1737 3622 sit,
1773 3558 1866 3627 qui
1899 3557 2022 3610 uni-

438 3656 616 3711 versis
674 3662 906 3720 eterra,
967 3669 1077 3723 quo
1130 3654 1349 3706 alantur
1406 3652 1691 3721 producit;
1744 3664 1865 3719 quae
1911 3649 2026 3702 sola

441 3748 727 3802 benedicta
770 3747 848 3802 sis
897 3747 1043 3801 inter
1096 3746 1378 3810 mulieres,
1437 3745 1807 3812 universeque
1840 3742 2021 3812 generi

442 3837 879 3892 benedictionem
909 3835 1232 3890 haereditate
1254 3836 1686 3902 comparaveris,
1715 3850 1778 3887 ac
1813 3833 2021 3887 tristem

446 3927 717 3995 majorum
789 3932 990 3978 sortem
1042 3939 1070 3975 a
1122 3925 1282 3977 nobis
1349 3924 1666 3978 abstuleris.
1731 3921 1924 3976 Vetera
1976 3928 2028 3975 te

445 4021 734 4088 aenigmata
802 4014 944 4069 felici
1026 4021 1186 4083 partu
1258 4022 1489 4066 matrem
1563 4012 2026 4081 prmsignarunt:

448 4122 648 4176 nempe
696 4107 957 4166 thronus,
992 4118 1057 4159 ac
1099 4102 1341 4174 forceps,
1388 4102 1696 4171 domusque
1724 4101 1880 4170 plena
1914 4101 2025 4171 glo-

450 4200 595 4256 rite:
648 4212 713 4252 ac
764 4198 808 4253 si
854 4211 962 4266 qua
1001 4195 1297 4265 ejusmodi,
1348 4194 1597 4248 videntes
1640 4192 1809 4253 oeuli,
1842 4192 2027 4246 hacte-

2124 3292 2220 3362 ξίῳ
2265 3290 2567 3359 βοήσωμεν)
2620 3286 2687 3338 δι’
2714 3280 2780 3354 ἧς
2812 3284 2840 3335 ό
2882 3274 3250 3351 μεγαλουργὸς
3277 3272 3338 3327 τὸ
3376 3269 3560 3343 μεῖζον
3591 3270 3716 3323 τῶν

2124 3360 2300 3452 ἔργων
2346 3377 2509 3432 αὐτοῦ
2533 3378 2625 3429 καὶ
2656 3373 2883 3444 φρικτὸν
2913 3367 3201 3423 ὲτελέσατο
3222 3383 3237 3398 ·
3278 3365 3312 3435 ἢ
3341 3362 3596 3431 συνέσχες
3647 3360 3718 3412 ὲν

2126 3474 2348 3533 κόλποις
2386 3470 2475 3522 τὸν
2501 3465 2730 3534 συνοχὲα
2756 3481 2769 3495 ο
2800 3458 2864 3535 ἦς
2894 3460 3158 3532 διετράφη
3208 3456 3396 3528 μαζῶν
3424 3494 3439 3521 ,
3475 3454 3503 3505 ὁ
3533 3454 3715 3504 πᾶσιν

2128 3563 2191 3615 ὲκ
2216 3562 2319 3629 γῆς
2370 3555 2792 3611 ἀναϐλαστάνων
2851 3552 3089 3622 τροφήν·
3137 3549 3171 3617 ἠ
3201 3545 3337 3617 μόνη
3376 3546 3432 3596 ὲν
3458 3540 3718 3608 γυνανξιν

2127 3648 2491 3718 εὐλογημένη,
2550 3647 2643 3698 καὶ
2676 3645 2774 3713 τὴν
2799 3640 3049 3709 εὐλογίαν
3078 3638 3155 3714 τῷ
3183 3637 3328 3706 γένει
3375 3631 3721 3703 κληροδοτή-

2134 3760 2294 3806 σασα,
2323 3742 2420 3812 τῆς
2453 3738 2726 3809 στυγηρᾶς
2753 3736 2861 3788 τῶν
2897 3733 3174 3803 προγόνων
3227 3725 3589 3799 κληρονομίας
3617 3722 3723 3776 διὰ

2133 3834 2225 3888 σοῦ
2265 3835 2359 3901 ἀφ’
2388 3832 2543 3903 ἡμῶν
2580 3827 2855 3898 ἀρθείσης.
2891 3824 3198 3893 Αἰνίγματά
3234 3838 3291 3873 σε
3340 3817 3563 3880 παλαιὰ,
3610 3814 3724 3884 τὴν

2133 3923 2361 3976 εύώδινα
2393 3920 2703 3991 προῖστόρει
2758 3915 2999 3987 μητέραο
3040 3913 3227 3983 θρόνος
3262 3911 3356 3963 καὶ
3397 3908 3582 3969 λαϐίς·
3613 3907 3725 3959 καὶ

2133 4011 2280 4078 οἶκος
2304 4014 2519 4083 πλήρης
2544 4010 2701 4079 δόξης
2717 4024 2732 4040 ⁶
2762 4010 2855 4062 καὶ
2879 4009 2979 4060 ὅσα
3006 4006 3159 4066 ἄλλα,
3187 4001 3452 4071 ὀφθαλμοὶ
3476 3998 3727 4068 ὁρῶντες

2140 4110 2258 4178 μὲν,
2286 4106 2424 4167 τέως
2455 4104 2511 4156 δὲ
2539 4102 2696 4154 σκιάν
2720 4101 2974 4171 ὁρῶντες,
3019 4095 3111 4150 σοῦ
3140 4094 3365 4148 ὲθεῶντο
3400 4092 3678 4161 μυστήρια
3702 4102 3725 4118 ο

2138 4197 2232 4250 νῦν
2259 4196 2315 4248 δὲ
2346 4192 2557 4263 τρανῶς
2598 4190 2871 4261 ὲμφανίζῃ
2903 4187 3039 4256 αὑτὴ
3064 4183 3357 4255 παριοῦσα,
3404 4180 3509 4232 τῶν
3549 4195 3731 4229 σκιω-

454 4305 670 4360 nusque
720 4289 969 4343 umbram
1020 4286 1331 4349 obtueutes,
1384 4294 1476 4338 tua
1505 4284 1762 4354 mysteria
1789 4294 2000 4337 contem

2138 4289 2242 4341 δῶν
2279 4284 2545 4355 ἀμειφθὲν
2578 4280 2597 4322 τ
2630 4283 2765 4354 πρὸς
2797 4282 2891 4352 τὴν
2924 4283 2981 4332 ὲν
3008 4279 3189 4349 χάριτι
3238 4273 3562 4346 τρανότητα.
3598 4271 3734 4323 Νῦν

454 4385 783 4456 plabantur:
810 4396 955 4435 nunc
986 4391 1164 4434 autem
1192 4392 1432 4449 praesens
1457 4378 1575 4448 ipsa
1598 4378 1741 4431 clare
1765 4374 2000 4431 ostendis

2142 4397 2200 4433 σε
2222 4378 2507 4450 τηλαυγῶς
2536 4375 2627 4429 τὸν
2662 4377 2735 4428 Χε
2746 4372 2997 4445 ρουϐικδν
3018 4412 3033 4435 ,
3071 4368 3268 4440 μᾶλλον
3289 4368 3366 4429 δὲ,
3388 4364 3734 4433 τιμιώτερον

458 4437 542 4456 τῇ
623 4437 632 4438 κ
1192 4437 1207 4449 .
1479 4437 1495 4448 .

458 4474 821 4533 commutatis
871 4488 992 4543 qua:
1024 4471 1342 4525 umbrarum
1394 4477 1569 4534 erant,
1620 4468 1673 4522 in
1724 4482 1842 4522 eam
1875 4465 2000 4520 clari

2140 4437 2327 4543 θρόνον
2352 4437 2587 4541 ὁρῶμεν.
2626 4437 2830 4519 Νῦνσε
2859 4465 2956 4531 τὴν
3002 4437 3276 4529 πόρφυρον
3325 4455 3515 4509 λαῦιδα
3541 4472 3736 4507 κατα-

458 4577 625 4624 tatem
667 4580 831 4636 quam
870 4564 1042 4635 gratia
1084 4562 1267 4616 habet.
1300 4560 1457 4614 Nunc
1492 4569 1544 4614 te
1580 4559 1869 4628 perspicue
1899 4555 2000 4611 Che

2151 4560 2521 4633 μανθάνομεν,
2554 4558 2649 4610 καὶ⁵
2674 4556 2732 4608 τὸ
2756 4557 2961 4624 πλῆρες
2985 4552 3078 4604 τοῦ
3103 4550 3441 4619 ἁγιάσματος
3468 4547 3732 4614 τέμενος.

462 4662 712 4716 rubicum
732 4658 1014 4717 thronum,
1034 4654 1164 4722 quin
1190 4662 1244 4707 et
1262 4653 1353 4704 illo
1377 4652 1745 4722 augustiorem
1767 4648 2000 4702 videmus

2156 4655 2243 4717 Ὦς
2271 4654 2378 4722 γὰρ
2421 4651 2596 4723 θρόνῳ
2626 4650 2684 4701 ὲν
2716 4648 2798 4700 σοὶ
2839 4647 2863 4698 ὁ
2896 4646 3175 4713 Δεσπότης
3216 4638 3593 4703 ἀνεπαύσατο,
3629 4640 3744 4691 καὶ

464 4749 621 4803 Nunc
674 4757 727 4803 te
765 4744 1032 4813 forcipem
1090 4741 1269 4810 ignem
1320 4741 1581 4795 ferentem
1636 4739 1922 4804 docemur,
1978 4754 2000 4790 a

2147 4745 2220 4806 ὡς
2246 4743 2420 4797 λαϐίδι
2454 4739 2779 4814 περιεσχέθη
2810 4741 2837 4792 ό
2858 4739 3119 4797 ἄστεκτος
3146 4751 3160 4765 ο
3193 4734 3287 4786 καὶ
3312 4732 3444 4801 οἴκῳ
3474 4727 3742 4800 κεχώρη-

469 4841 764 4895 sanctitate
795 4837 1017 4907 plcnum
1047 4832 1357 4887 delubrum.
1402 4831 1665 4887 Dominus
1710 4831 1855 4885 enim
1894 4830 1997 4884 velt

2148 4850 2237 4885 ται
2264 4836 2291 4886 ὁ
2320 4831 2572 4902 μηδαμοῦ
2601 4828 2870 4901 χωρητός.
2901 4824 3164 4894 Μακαρία
3196 4823 3331 4892 μόνη
3383 4824 3439 4873 ὲν
3474 4819 3741 4888 γυναιξὶν

469 4934 524 4985 in
572 4932 771 4983 throno
807 4930 860 4982 in
924 4936 977 4981 te
1027 4925 1316 4994 requievit,
1344 4938 1579 4991 eumque
1610 4921 1834 4991 forcipis
1866 4921 2000 4975 insta

2149 4923 2387 4993 ἀληθῶς,
2422 4924 2518 4975 καὶ
2544 4920 2845 4990 μεταδοῦσα
2875 4917 2976 4986 τῆς
3008 4917 3105 4985 σῆς
3133 4912 3429 4986 εὐκληρίας
3472 4911 3604 4981 ἡμῖν
3635 4912 3743 4963 καὶ

472 5022 756 5091 complexa
789 5035 868 5083 es,
902 5020 995 5088 qui
1045 5017 1328 5086 majestate
1380 5014 1744 5084 importabilis
1786 5013 2000 5068 exsistit

2155 5015 2574 5084 μακαρ;ότητος.

474 5135 537 5174 ac
586 5120 747 5173 domo
779 5114 883 5170 fuit
912 5124 1228 5179 contentus,
1256 5114 1347 5183 qui
1381 5126 1652 5182 nusquam
1681 5118 1864 5180 potest
1894 5110 2037 5180 capi.
2084 5110 2210 5163 Sola
2257 5119 2314 5163 tu
2366 5124 2493 5164 vere
2552 5107 2835 5163 benedicta
2887 5106 3029 5160 inter
3090 5102 3370 5163 mulieres,

474 5226 577 5265 nos
610 5210 795 5280 gloriae
825 5216 930 5263 tuae
983 5223 1047 5263 ac
1079 5208 1355 5263 felicitatis
1393 5206 1687 5276 participes
1721 5203 1939 5259 feceris.

550 5303 681 5364 Sed,
729 5318 760 5357 ο
799 5303 959 5370 Virgo
1018 5312 1318 5373 materque,
1375 5301 1529 5370 cujus
1592 5317 1657 5356 ex
1711 5301 2048 5353 intemeratts

479 5396 839 5464 sanguinibus
868 5396 1211 5459 formatione,
1239 5397 1381 5451 velut
1420 5396 1471 5448 in
1508 5395 1671 5461 libro,
1711 5392 1887 5447 Verbo
1912 5406 2040 5445 con-

3455 5112 3519 5152 ac
3606 5112 3749 5166 qua:

2241 5294 2405 5357 Ἀλλ’,
2433 5287 2477 5346 ὦ
2501 5291 2749 5363 Παρθένε
2773 5289 2867 5342 καὶ
2902 5288 3075 5359 μῆτερ
3099 5303 3109 5316 ·
3135 5280 3202 5356 ἧς
3224 5286 3287 5338 ὲκ
3315 5283 3421 5336 τῶν
3446 5280 3754 5351 ἀχράντων

2159 5386 2403 5453 αἱμάτων
2428 5386 2490 5451 τῇ
2521 5381 2802 5433 διαπλάσει
2827 5377 3016 5447 ὥσπερ
3039 5378 3094 5429 ὲν
3116 5377 3265 5446 τόμῳ
3287 5373 3365 5443 τῷ
3386 5373 3542 5442 Λόγῳ
3565 5387 3755 5443 προσ-

558 5561 599 5591 ³⁸
644 5560 774 5612 Luc.
810 5571 870 5617 tt,
894 5554 984 5607 '58.

1757 5642 1987 5701 VARUE
2026 5636 2425 5697 LECTIONES.

562 5748 577 5786 ί
614 5747 703 5800 ῑσ.
744 5737 1135 5812 ἀμειφθὲντων.
