4070 6210
458 279 528 344 43
1701 278 1897 340 LEON
1904 279 1977 339 IS
2016 279 2475 340 PHILOSOPHI
3657 276 3729 340 Η

454 388 580 452 tulit
613 388 669 445 in
701 386 1036 445 felicitatem.
1084 386 1278 444 Mulier
1311 393 1523 449 sancta,
1568 393 1624 440 et
1661 400 1821 456 pura,
1871 385 2040 457 virgi-
2071 388 2115 451 Α
2147 385 2251 440 fert
2284 386 2522 455 Virginis
2572 392 2782 449 uterus,
2820 383 3198 455 lormaturquc
3247 383 3316 440 de
3359 383 3731 454 sanguinibus

453 480 572 543 neis
590 494 622 535 e
652 478 1012 550 sanguinibus
1038 475 1235 533 Filium
1261 491 1580 549 procreans,
1599 490 1828 547 egenum
1863 478 2035 529 Adam

454 570 779 634 sublevavit,
808 569 1211 641 opulentissimi
1241 568 1373 625 Adae
1412 584 1478 624 ex
1523 583 1586 623 ea
1624 568 1761 633 nati,
1791 583 1913 638 qua:
1939 583 2035 622 ex-

456 664 628 722 terius
654 662 873 718 videtur
905 662 1114 732 inopia,
1145 660 1292 733 quod
1315 662 1424 715 vile
1445 669 1529 717 est
1551 660 1657 717 sibi
1690 661 1952 721 unientis,
1983 666 2039 714 et

454 749 571 805 suis
592 750 791 817 opibus
836 758 1208 821 paupertatem
1263 750 1545 818 erigentis.
1589 747 1724 809 Nam
1763 750 1892 819 quia
1929 748 2037 805 Deo

456 840 663 910 placuit
686 849 869 897 notam
915 842 1095 907 facere
1128 840 1561 896 misericordiam
1613 854 1795 906 suam,
1831 841 2040 896 bonita-

456 938 566 987 tem
596 929 738 985 hanc
766 929 958 985 elfudit
976 929 1210 994 abunde,
1243 937 1301 983 ut
1326 945 1385 985 se
1408 930 1721 986 ostenderet
1742 945 1849 984 non
1877 933 2041 987 modo

457 1019 722 1071 malorum
748 1028 1059 1074 nostrorum
1087 1034 1253 1075 sensu
1284 1021 1510 1085 moveri,
1536 1020 1631 1076 sed
1650 1021 1813 1075 etiam
1841 1022 1895 1075 in
1930 1022 2030 1076 ha-

461 1107 575 1168 bitu
611 1110 921 1177 peccatoris
960 1109 1286 1173 demissum,
1323 1125 1435 1181 quo
1470 1111 1587 1167 suis
1620 1111 1915 1170 virtutibus
1957 1129 2042 1168 re-

458 1197 698 1253 medium
727 1200 901 1255 errori
949 1199 1194 1266 aﬂ‘erret,
1246 1208 1301 1255 et
1334 1201 1648 1259 innocentia
1696 1216 1799 1259 sua
1827 1211 2039 1259 reatum

456 1288 630 1357 culpa:
673 1288 907 1347 deleret.
947 1291 1178 1361 Propter
1216 1294 1320 1347 hoc
1363 1292 1523 1347 vulva
1562 1293 1706 1363 capit
1747 1309 1895 1361 eum,
1948 1296 2040 1365 qui

412 1420 413 1423 η
457 1378 608 1435 nulla
660 1394 721 1436 re
758 1382 998 1451 capitur,
1029 1391 1084 1436 et
1136 1383 1335 1451 pannis
1380 1383 1698 1449 involvitur,
1751 1386 1844 1455 qui
1892 1395 2039 1441 tactu

453 1469 595 1525 liber
622 1480 728 1537 est,
758 1479 812 1526 et
839 1472 982 1527 labe.
1013 1474 1263 1542 Deosque
1301 1488 1426 1528 cum
1480 1485 1701 1530 errante
1749 1483 1805 1530 et
1851 1476 2039 1531 exsule

456 1557 801 1615 familiariter
844 1572 1116 1627 versatur,
1162 1570 1221 1617 ut
1261 1563 1487 1619 reducat
1533 1566 1599 1619 ad
1652 1580 1772 1630 sua,
1820 1581 2041 1622 causam

455 1652 559 1705 rite
587 1661 640 1706 et
672 1654 888 1723 egregie
916 1655 1275 1718 transferens,
1312 1672 1433 1726 qua:
1484 1672 1569 1713 me
1597 1660 1834 1729 propriis
1884 1658 2034 1715 sedis

456 1745 561 1799 bus
591 1744 772 1812 eiecit.
802 1745 878 1799 Ne
906 1754 957 1801 te
983 1745 1162 1816 iactes
1201 1747 1267 1803 de
1300 1748 1511 1814 fraude,
1536 1750 1628 1820 qui
1666 1765 1762 1820 per
1789 1764 1908 1806 eam
1944 1765 2040 1821 ge-

454 1852 560 1891 nus
591 1836 889 1892 humanum
936 1837 1241 1907 subiecisti,
1283 1840 1698 1911 subiectumqne
1743 1842 1896 1895 illum
1938 1840 2035 1896 tibi

454 1926 760 1991 reddidisti,
791 1928 884 1998 qui
912 1928 978 1983 ad
1013 1931 1351 2001 regnandum
1376 1940 1597 1987 creatus
1638 1939 1777 1989 erat.
1819 1930 2025 1988 Nobis-

450 2030 573 2073 eum
621 2018 763 2074 Deus
810 2038 821 2073 :
872 2037 995 2074 eum
1039 2037 1223 2077 rerum
1279 2024 1465 2093 egenis
1512 2024 1823 2085 auxiliator,
1901 2041 2027 2079 cum

452 2108 840 2175 impotentibus
891 2110 1081 2175 fortis,
1134 2128 1258 2166 eum
1310 2114 1550 2168 redactis
1599 2116 1652 2168 in
1714 2115 2031 2172 servitutem

453 2196 730 2263 liberator,
766 2216 863 2265 per
885 2217 1045 2270 quem
1078 2204 1240 2257 etiam
1277 2205 1369 2259 fiet
1415 2214 1473 2259 ut
1519 2205 1763 2261 nefarius
1810 2216 2036 2262 vexator

451 2289 569 2342 loco
599 2290 893 2347 multarum
922 2304 1112 2348 contra
1147 2310 1249 2350 nos
1288 2296 1485 2350 virium
1518 2312 1631 2351 sua:
1657 2312 1876 2367 quoque
1932 2313 2033 2368 po—

450 2379 633 2437 tentiae
664 2380 831 2436 faciat
856 2383 1156 2450 iacturam,
1193 2384 1322 2437 dum
1359 2385 1395 2438 ii
1426 2402 1566 2455 quos
1616 2388 1734 2457 ipse
1780 2402 1840 2442 se
1877 2403 2033 2443 com-

451 2472 850 2553 prehensutum
902 2482 1123 2543 potente
1170 2490 1333 2529 manu
1380 2476 1538 2546 quasi
1588 2477 1801 2541 nidum,
1835 2493 2030 2548 super-

449 2560 669 2617 bissime
692 2564 1011 2633 iactaverat,
1043 2566 1318 2621 Creatoris
1354 2582 1516 2620 manu
1559 2568 1863 2624 liberantur
1890 2610 1904 2635 ,
1937 2571 2030 2641 qui

448 2667 595 2717 nunc
630 2654 812 2710 infans
850 2658 1025 2720 visus,
1058 2665 1111 2713 et
1163 2673 1341 2727 pravae
1372 2659 1579 2729 aspidis
1613 2659 1878 2715 foramina
1906 2677 2035 2731 per--

446 2751 723 2799 scrutatus
745 2755 849 2810 est,
877 2748 1330 2818 mortiferumque
1367 2754 1609 2807 enecavit
1650 2753 1839 2820 fetum,
1870 2764 1925 2811 et
1949 2757 2032 2810 vi—

450 2841 559 2884 tam
595 2833 853 2888 universo
896 2839 1079 2891 attulit
1102 2841 1324 2895 mundo.
1363 2840 1605 2910 Scitote,
1652 2858 1815 2898 omne
1858 2860 2031 2914 genus

450 2920 754 2989 hominum,
789 2926 955 2981 Deum
994 2930 1265 2987 hominem
1301 2931 1531 2999 factum,
1562 2943 1620 2988 ut
1650 2936 1753 2990 sibi
1787 2951 1882 2991 eos
1917 2936 2030 2988 ali?-

2146 475 2267 545 cius
2294 474 2507 545 Opil‘ex.
2529 475 2877 546 Quanquam,
2908 485 2961 531 et
2992 476 3113 532 aliae
3134 490 3257 533 sese
3284 474 3731 543 on‘erentcausm,
3770 466 3782 552 ί,

2151 567 2352 637 quibus
2382 566 2460 621 rei
2484 564 2648 633 hujus
2673 563 3044 620 consideratio
3079 580 3185 618 non
3215 562 3590 634 perfunctorie
3618 561 3731 618 lict.
3780 560 3781 563 “

2146 659 2304 714 Nunc
2328 673 2457 714 vero
2486 656 2820 727 cognoscite,
2857 654 2968 709 imo
3004 669 3134 709 vero
3163 668 3564 724 cognoscamus
3593 651 3736 706 Ver-

2146 751 2274 809 bum
2307 752 2360 806 in
2392 748 2621 821 praesepi
2668 747 2985 801 animalium
3017 744 3231 817 iacens,
3269 745 3385 816 qui,
3416 759 3606 800 errore
3636 744 3736 799 ab-

2147 842 2387 898 ducente
2427 840 2496 895 de
2542 838 2773 893 rationis
2813 845 2982 904 statu,
3020 850 3053 891 a
3086 834 3178 891 Dei
3215 835 3534 907 cognitione
3573 835 3738 905 longe

2149 933 2464 987 aberamus.
2497 930 2671 985 Abeat
2714 944 2890 994 error,
2929 928 3021 999 qui
3072 927 3343 983 hactenus
3387 928 3665 982 hominem
3701 941 3733 981 a

2149 1035 2252 1076 suo
2276 1020 2575 1077 Conditore
2623 1019 2888 1089 seiunxit,
2925 1027 2981 1074 et
3029 1018 3290 1074 honorem
3332 1016 3615 1073 Creatoris
3671 1026 3736 1071 ut

2148 1108 2368 1166 offerret
2397 1116 2663 1164 creatum
2695 1107 3013 1176 suasit.Qui
3040 1110 3109 1163 ab
3144 1124 3253 1163 uno
3286 1123 3418 1163 vero
3440 1107 3551 1163 Deo
3580 1122 3737 1162 crea-

2152 1210 2330 1256 turam
2365 1200 2715 1265 abstrahens,
2750 1199 2929 1255 turbis
2956 1198 3184 1255 deorum
3235 1198 3732 1269 subiiciebat,cum

2152 1305 2258 1345 non
2275 1290 2437 1345 modo
2464 1290 2584 1346 aliae
2602 1299 2871 1346 creaturae
2894 1292 2947 1345 in
2971 1290 3215 1346 divinam
3242 1289 3563 1361 dignitatem
3594 1290 3737 1344 male

2155 1382 2224 1436 ab
2254 1381 2568 1437 hominibus
2597 1382 2981 1447 eveherentur,
3013 1380 3220 1451 sedwilli
3255 1380 3360 1437 sibi
3397 1381 3564 1438 etiam
3590 1381 3735 1436 (Ιὶνὶ-

2156 1473 2383 1528 nitatem
2422 1471 2749 1537 tribuerent,
2783 1482 2839 1528 et
2872 1472 3099 1543 proinde
3135 1481 3425 1529 sexcentos
3452 1472 3736 1542 conﬁnge-

2156 1569 2277 1617 rent
2326 1561 2501 1626 deos,
2551 1571 2605 1616 et
2660 1577 2800 1632 quos
2853 1562 3047 1618 liberet
3093 1562 3378 1618 divinitate
3442 1562 3735 1617 donarent.

2150 1651 2315 1718 Quasi
2349 1659 2625 1722 oporteret
2657 1665 2764 1705 non
2815 1650 2975 1705 modo
3005 1666 3107 1706 nos
3135 1666 3165 1705 a
3197 1650 3309 1707 Deo
3337 1651 3529 1721 procul
3559 1665 3683 1706 esse
3711 1691 3728 1718 ,

2152 1761 2338 1801 verum
2398 1746 2563 1803 etiam
2627 1745 2913 1815 tyrannice
2977 1743 3147 1800 Demn
3195 1746 3523 1817 opprimere.
3588 1745 3734 1800 Proh
3790 1730 3791 1733 ¹

2157 1836 2412 1908 nequitiae
2436 1836 2845 1891 institutorem!
2891 1834 2984 1892 Ille
3014 1836 3085 1891 ab
3120 1836 3277 1893 initio
3317 1836 3421 1893 hoc
3452 1838 3738 1908 excogita-

2147 1924 2243 1988 vit,
2271 1931 2331 1978 ut
2356 1923 2556 1980 similis
2603 1922 2889 1979 Altissimo
2924 1923 3099 1980 ﬁeret.
3153 1925 3250 1981 ille
3294 1926 3593 1993 hominem,
3621 1926 3738 1983 cla-

2147 2032 2268 2071 rum
2298 2015 2495 2071 divinae
2520 2016 2759 2071 dexterae
2785 2017 3163 2082 simulacrum,
3184 2034 3291 2073 non
3324 2020 3502 2076 solum
3529 2021 3735 2074 amanti

2141 2106 2422 2167 inimicum
2453 2104 2690 2161 reddidit
2734 2121 2829 2176 per
2882 2110 3374 2179 transgressionem
3421 2109 3727 2178 praecepti,

2143 2199 2238 2256 sed
2263 2198 2341 2253 illi
2375 2198 2538 2254 etiam
2587 2198 2928 2254 constituens
2967 2198 3367 2267 adversarium,
3397 2200 3732 2255 imitatorem

2143 2291 2226 2347 sui
2260 2289 2409 2355 fecit,
2451 2288 2755 2356 suadendo,
2788 2299 2847 2345 ut
2876 2290 3116 2346 divinam
3155 2291 3263 2347 sibi
3289 2291 3611 2363 dignitatem
3636 2306 3733 2349 ar-

2143 2385 2364 2453 riperet.
2398 2380 2464 2436 Et
2494 2383 2582 2437 hic
2610 2382 2830 2452 quidem
2874 2382 3012 2440 deus
3052 2393 3194 2450 erat,
3236 2384 3365 2455 quia
3402 2383 3556 2456 gravi
3594 2396 3733 2440 usus

2146 2488 2333 2537 manu,
2365 2472 2674 2543 tyrannidis
2713 2473 2789 2535 vi,
2834 2473 2958 2528 aliis
2998 2474 3358 2529 excellentior
3388 2474 3586 2530 evasit.
3634 2472 3733 2529 ille

2142 2580 2270 2620 vero
2319 2568 2478 2627 deus,
2528 2565 2673 2634 quod
2727 2574 3010 2630 cruentus,
3053 2565 3449 2636 hominumque
3489 2565 3734 2621 caedibus

2141 2659 2392 2728 insignis,
2432 2674 2592 2713 manu
2648 2660 2749 2715 sibi
2785 2662 2849 2713 ad
2881 2658 3216 2714 fundendum
3265 2662 3587 2729 sanguinem
3626 2676 3729 2730 pa-

2141 2751 2360 2804 ratiore.
2394 2752 2545 2804 Alius
2571 2765 2791 2820 quoque
2836 2750 2993 2815 deus,
3017 2750 3161 2820 quod
3211 2752 3325 2805 acri
3376 2752 3540 2806 fuerit
3573 2751 3730 2821 inge-

2138 2842 2251 2905 nio,
2284 2848 2338 2897 et
2369 2849 2563 2896 auctor
2604 2841 2840 2912 alicuius
2890 2842 3096 2896 inventi
3136 2842 3558 2897 admirationem
3608 2858 3730 2898 me-

2139 2934 2335 2988 ruerit.
2371 2930 2684 2987 Honoretur
2723 2939 2779 2988 et
2826 2933 3167 2997 muliercula,
3205 2934 3350 3003 quod
3397 2934 3576 2989 crines
3601 2943 3732 3003 apte

446 3026 543 3077 nes
577 3012 801 3081 faceret,
831 3017 923 3086 qui
958 3017 1028 3071 ab
1076 3018 1196 3088 eius
1253 3020 1514 3077 amt-nitate
1554 3024 1912 3091 deciderant;
1970 3039 2025 3079 ut
2054 3025 2097 3087 C
2128 3033 2377 3093 comptos
2402 3033 2788 3094 contorqueat,
2818 3033 2873 3079 et
2916 3025 3045 3089 alia,
3080 3026 3228 3095 quod
3271 3027 3503 3098 eleganti
3540 3027 3731 3097 specie

447 3108 685 3167 humana
717 3126 873 3167 mens
902 3113 968 3167 ad
1016 3115 1156 3168 mala
1193 3118 1474 3185 proclivis,
1505 3135 1682 3190 neque
1715 3136 1778 3177 eo
1818 3128 2032 3179 tantum

447 3198 591 3252 malo
623 3200 904 3267 laborans,
940 3204 1032 3259 sed
1081 3220 1183 3260 nec
1228 3206 1394 3261 etiam
1429 3209 1673 3265 sentiens
1706 3212 1771 3265 ad
1803 3215 1943 3268 mala
1976 3230 2035 3269 se

446 3286 595 3352 ferri,
622 3304 799 3358 neque
832 3307 889 3346 se
914 3292 1189 3347 dominam
1227 3297 1487 3351 motionis
1514 3308 1782 3365 statuens,
1812 3303 1903 3356 sed
1941 3304 2030 3357 ha-

448 3378 618 3439 benas
658 3394 851 3436 omnes
892 3397 1112 3436 sursum
1164 3386 1468 3452 trahentes,
1520 3391 1826 3447 excutiens.
1864 3393 2033 3449 veluti

443 3482 585 3523 onus
617 3476 672 3523 et
701 3471 919 3539 pondus
970 3474 1230 3538 otiosum,
1277 3476 1659 3532 circumducta
1713 3494 1809 3548 per
1855 3481 2031 3536 malo-

443 3570 566 3609 rum
599 3572 825 3628 campos
855 3574 885 3613 a
916 3574 1102 3625 carne,
1134 3562 1295 3630 cuius
1328 3562 1444 3633 ipsa
1470 3565 1632 3620 debet
1657 3581 1777 3622 eSse
1800 3570 2026 3641 auriga;

444 3647 581 3711 haec,
610 3648 859 3720 inquam,
898 3666 1054 3707 mens
1084 3653 1286 3710 divinae
1321 3656 1487 3711 menti
1517 3659 1688 3724 unita,
1719 3669 1777 3714 ut
1804 3664 2030 3719 sentiret

444 3739 497 3791 in
552 3739 639 3792 illa
675 3756 797 3809 quae
838 3758 998 3811 passa
1050 3744 1305 3807 fuerit,et
1350 3763 1446 3817 per
1476 3749 1639 3815 huius
1668 3766 1876 3819 vocem,
1906 3769 2027 3823 quae

444 3834 665 3899 propter
700 3832 1060 3883 reverentiam
1090 3835 1440 3891 exaudiretur
1473 3853 1501 3889 a
1527 3836 1848 3903 Parcnte,et
1873 3844 2027 3898 auxi-

443 3917 575 3969 lium
609 3915 809 3971 divina:
837 3918 1099 3974 bonitatis
1138 3925 1501 3991 experiretur.
1539 3927 1603 3981 Et
1629 3946 1761 3985 sane
1803 3933 2023 4001 quidem

441 4004 561 4081 sine
591 4019 760 4061 carne
808 4008 973 4061 etiam
1003 4008 1168 4064 facile
1193 4021 1313 4065 crat
1343 4017 1645 4071 constituto
1678 4020 1732 4073 in
1766 4024 2024 4091 periculis

441 4104 704 4163 praestare
750 4097 1037 4152 auxilium.
1086 4099 1226 4167 Quid
1280 4102 1426 4156 enim
1488 4103 1598 4160 Deo
1649 4094 1867 4166 volente
1915 4128 2022 4169 non

439 4180 534 4237 ﬁat
560 4184 585 4237 ?
609 4184 746 4250 Quia
769 4193 951 4241 tamen
990 4203 1131 4257 opus
1158 4198 1277 4243 erat
1304 4206 1429 4245 eum
1464 4195 1556 4261 qui
1604 4210 1942 4263 peccaverat,
1972 4213 2026 4257 et

439 4287 499 4339 se
535 4275 680 4343 quod
722 4287 1009 4345 peccasset
1047 4293 1367 4349 agnoscere,
1419 4285 1759 4355 vocibusque
1808 4290 2023 4348 miseri-

437 4365 684 4420 cordiam
738 4366 1163 4437 implorantibus
1213 4372 1432 4441 expiare
1492 4385 1820 4445 peccatum,
1876 4384 2019 4451 quod

434 4469 595 4512 tuens
620 4456 862 4513 humana
904 4475 1010 4514 non
1059 4470 1293 4531 poterat,
1320 4471 1378 4518 ut
1408 4481 1528 4535 qua?
1560 4468 1612 4521 in
1651 4470 1873 4543 pelagus
1904 4475 2028 4530 vita:

432 4549 649 4609 ratione
694 4552 936 4623 carentis
981 4553 1266 4611 submersa
1311 4567 1428 4611 erat
1458 4577 1470 4613 :
1506 4558 1716 4617 idcirco
1754 4572 1865 4623 tota
1906 4567 2025 4637 ipsa

430 4639 615 4699 divina
658 4655 814 4696 mens
864 4643 1012 4697 unita
1059 4646 1298 4699 extrahit
1353 4648 1500 4702 illam
1546 4650 1614 4706 de
1666 4652 1908 4711 absurdo
1950 4658 2023 4712 ir-

436 4731 724 4789 rationalis
786 4734 911 4789 vita:
970 4744 1159 4800 statu,
1220 4736 1718 4813 deprecantcque
1769 4761 1870 4816 pro
1928 4750 2019 4805 illa

436 4834 620 4876 Vocem
680 4825 960 4893 emittens,
1015 4842 1113 4895 per
1172 4826 1255 4881 sui
1321 4834 1681 4888 reverentiam
1726 4835 1894 4906 facit,
1952 4851 2012 4897 ut

435 4911 703 4965 malorum
741 4916 901 4972 nobis
922 4917 1094 4975 series
1147 4920 1201 4974 in
1248 4935 1413 4990 opera
1451 4925 1841 4983 misericordia:
1867 4933 2013 4990 desi-

432 5009 545 5075 nat.
580 5002 789 5063 idcirco
829 5007 1141 5085 Divinitatis
1175 5012 1345 5083 (reor)
1395 5015 1576 5091 ignem
1612 5018 2015 5089 intolerandum

2127 3117 2361 3172 lascivos
2410 3115 2693 3186 deceperit
2738 3124 2791 3172 et
2839 3119 3126 3173 attraxerit
3187 3130 3482 3184 amatores,
3522 3126 3577 3175 et
3624 3134 3731 3189 pro

2128 3208 2378 3262 mercede
2398 3208 2693 3262 meretricii
2734 3208 3083 3279 lasciviaeque
3108 3211 3177 3265 ab
3222 3212 3289 3265 iis
3322 3213 3593 3281 acceperit
3620 3228 3723 3266 nu,

2128 3300 2325 3354 merari
2359 3300 2501 3354 inter
2530 3298 2687 3356 deos.
2719 3302 2874 3355 Alius
2920 3302 3025 3357 alia
3059 3304 3273 3358 ratione
3301 3305 3355 3358 in
3383 3305 3609 3359 deorum
3643 3305 3729 3359 al-

2130 3391 2260 3447 bum
2314 3392 2629 3447 ascribitnr.
2684 3392 2761 3447 ita
2815 3393 3087 3451 Saturnus
3135 3397 3422 3467 tyrannica
3468 3412 3628 3453 manu
3667 3399 3725 3452 in

2128 3490 2338 3552 patrem
2374 3484 2688 3555 insurgens,
2725 3501 2831 3539 non
2870 3487 3032 3541 modo
3064 3488 3293 3543 nudavit
3337 3491 3589 3560 imperio,
3623 3489 3723 3544 sed

2132 3574 2476 3630 naturalibus
2507 3590 2724 3645 quoque
2760 3578 2996 3641 orbavit,
3032 3593 3093 3632 ca
3118 3579 3445 3649 praecidens,
3468 3595 3565 3649 per
3598 3596 3726 3650 quae

2125 3666 2181 3719 in
2214 3664 2391 3719 lucem
2423 3675 2507 3719 est
2547 3668 2753 3733 editus,
2787 3675 2843 3721 ct
2874 3670 3103 3738 proinde
3134 3684 3165 3724 e
3199 3672 3419 3741 tyranni
3454 3671 3725 3739 dignitate

2124 3762 2177 3815 in
2220 3758 2304 3813 dei
2357 3759 2699 3827 maiestatem
2756 3770 2978 3814 evectus
3023 3769 3130 3815 est.
3172 3760 3249 3815 Ita
3300 3775 3600 3833 prognatus
3640 3778 3710 3816 ex

2124 3864 2189 3904 eo
2233 3847 2467 3919 Jupiter,
2510 3852 2723 3918 paterni
2765 3852 2934 3905 animi
2976 3852 3168 3914 haeres.
3206 3854 3372 3908 simili
3420 3854 3581 3910 modo
3629 3856 3718 3910 dei

2128 3955 2325 3995 nomen
2372 3942 2605 3996 sortitus
2642 3952 2744 3998 est.
2778 3943 2843 3997 Et
2884 3941 3025 3998 Mars
3066 3944 3292 4013 pariter,
3318 3946 3462 4015 quod
3508 3954 3719 3999 morta-

2123 4032 2256 4085 l-ium
2286 4034 2486 4102 stragis
2512 4042 2723 4094 auctor,
2760 4033 2812 4086 in
2842 4033 3071 4090 deorum
3117 4036 3366 4091 ordinem
3404 4045 3717 4107 cooptatus,

2120 4121 2187 4175 Et
2226 4122 2551 4185 Mercurius,
2584 4124 2731 4192 quod
2766 4127 2981 4181 caeteris
3010 4126 3231 4183 dicendi
3282 4138 3402 4185 arte
3435 4112 3717 4198 praecede;

2126 4223 2231 4278 ret,
2265 4216 2381 4283 ipse
2416 4230 2635 4285 quoque
2667 4216 2985 4272 numinibus
3016 4218 3258 4275 insertus
3286 4228 3390 4275 est.
3422 4219 3720 4290 Dionysius

2127 4318 2347 4373 quoque
2368 4304 2513 4373 quod
2552 4307 2697 4359 roris
2733 4322 2829 4361 cor
2848 4307 3184 4364 emollientis
3215 4308 3298 4380 (ut
3333 4310 3552 4381 gentilis
3585 4312 3718 4381 qui-

2126 4394 2248 4447 dam
2298 4396 2563 4464 sapientia
2594 4397 2779 4452 clarus
2810 4396 2970 4468 dixit)
3011 4398 3264 4455 inventor
3294 4402 3481 4462 fuerit,
3506 4402 3719 4461 divinis

2125 4485 2425 4540 honoribus
2456 4486 2659 4556 dignus
2706 4496 2791 4542 est
2830 4489 3069 4545 habitus.
3110 4490 3257 4547 Sane
3295 4492 3410 4547 haec
3435 4494 3718 4562 allegoriis

2118 4583 2410 4646 contegere
2434 4591 2503 4630 ne
2542 4588 2812 4631 conentur
2843 4580 3107 4649 gentiles,
3144 4579 3442 4636 Saturnum
3472 4583 3526 4637 in
3558 4583 3717 4645 Tenr

2118 4680 2221 4735 pus
2246 4666 2606 4737 excipientes,
2634 4676 2687 4722 et
2731 4665 3014 4725 labulosos
3047 4686 3231 4727 rerum
3268 4673 3527 4743 praesides
3550 4673 3715 4728 indu-

2118 4766 2332 4822 centes,
2366 4760 2461 4828 qui
2503 4759 2620 4814 heri
2670 4767 2721 4814 et
2764 4776 2939 4831 nuper
2960 4778 3086 4819 cum
3121 4774 3308 4821 essent
3347 4765 3621 4831 homines,
3655 4767 3712 4834 in

2119 4850 2252 4905 deos
2288 4850 2541 4907 translati
2578 4860 2708 4908 sunt
2746 4873 2757 4909 :
2794 4869 2919 4909 nam
2958 4854 3039 4910 sic
3065 4856 3231 4911 etiam
3272 4857 3508 4912 absurda
3543 4859 3711 4915 nimis

2116 4954 2245 5000 sunt
2273 4961 2396 5015 qua:
2425 4944 2752 5001 aﬂeruntur.
2783 4948 3033 5004 Attamen
3059 4950 3127 5005 ad
3161 4951 3275 5006 haec
3308 4953 3408 5018 illi,
3438 4961 3498 5008 ut
3533 4956 3713 5010 hone-

2127 5034 2324 5103 stiora,
2364 5051 2708 5106 nequaquam
2748 5038 3091 5111 confugiant,
3122 5043 3217 5098 sed
3248 5044 3367 5102 sine
3392 5053 3711 5118 tegumenta

1944 5187 2176 5248 NOTAE.

429 5270 483 5339 ξς
533 5256 1287 5339 origo,het_£a_u_so-causali;
1330 5268 1399 5322 ab
1456 5271 1696 5339 Ecclesia
1737 5278 1921 5334 Grmca
1956 5281 2009 5336 in

606 5312 639 5334 εν
689 5312 749 5339 _._
946 5312 955 5313 ,
990 5312 993 5313 ,
1039 5312 1242 5318 μνηη--
1270 5312 1284 5330 ,
1331 5312 1397 5322 .-.ι
1456 5312 1696 5339 μυυ-ιᾳια
1738 5312 1920 5334 υιαῑυσ
1956 5312 2007 5336 Ill

430 5312 650 5405 Menaeis
675 5326 763 5405 die
796 5330 866 5405 21
899 5329 1041 5405 Maii,
1078 5332 1240 5402 Origo
1271 5353 1512 5394 verarum
1547 5345 1734 5399 mundi
1756 5349 2007 5405 hilarita-

430 5404 581 5479 ἔφη]
614 5409 658 5479 ᾖ
677 5396 736 5479 SI.
785 5400 1077 5479 anastasio
1103 5396 1533 5479 _arcliiepisc0po
1579 5396 2014 5476 Antiochenam

430 5423 577 5458 μιιη,
614 5423 643 5447 α
678 5423 736 5453 ο.
785 5423 1077 5477 nuntiarant"
1118 5423 1302 5459 arCllle
1345 5425 1533 5479 lSCOpO
1579 5423 1919 5475 Antiocheno
1951 5423 2005 5476 lli

426 5468 579 5549 Orat;
614 5462 658 5549 ἐξ
701 5423 1449 5549 de'énnunttationel(yrigo
1482 5486 1655 5549 prima
1695 5486 1941 5549 (altitiw;
1976 5506 2005 5544 a

536 5530 749 5615 Joanne
773 5535 1108 5615 Damasceno
1134 5542 1187 5595 in
1224 5530 1441 5602 Menaeis
1480 5530 2006 5615 δ’τ’ὧᾶ)τ⁷ιῖ“ιίιηι”1ῖε’1ἕ

428 5598 549 5667 ,lau.
613 5603 771 5673 Oriqo
829 5607 1060 5661 omnium
1107 5598 2002 5686 nntwnitatum;'abvlnnoegui;

2114 5300 2251 5365 papa
2314 5285 2400 5354 Ill,
2463 5289 2718 5365 serm._2
2765 5290 3152 5365 deAssumpt.
3192 5294 3355 5365 Origo
3401 5296 3704 5365 salutis,“

2118 5358 2415 5439 virtutum;
2443 5356 3123 5450 auJaco'bo'deJor‘agine
3164 5356 3578 5450 archiepiscopo
3595 5356 3705 5450 Ἰθ-

2118 5428 2315 5505 nucusi
2371 5429 2427 5480 in
2474 5428 2681 5505 M_ari_ali
2716 5430 2777 5485 L.
2826 5432 2907 5505 M._
2940 5428 3119 5488 Serm.
3146 5435 3217 5505 _2.
3269 5428 3429 5505 Origo
3461 5428 3700 5491 omnium

2108 5498 2477 5569 ξιξ-(ιιίανιωκΔ
2499 5498 2737 5569 denique
2788 5517 2816 5555 a
2878 5502 3088 5558 Joanne
3145 5503 3274 5559 Pico
3326 5498 3698 5561 C'arthusiano

2108 5565 2204 5618 lib.
2252 5581 2292 5644 In
2330 5568 2383 5620 in
2437 5565 2770 5644 Ca_tit._can.
2838 5572 2893 5627 2.
2953 5572 3116 5644 Origo
3164 5574 3418 5630 bonorum
3456 5578 3695 5633 omnium

2111 5635 2390 5712 tumidique
2415 5637 2670 5693 melioris.
