  <div class='ocr_page' id='page_1' title='image "/cluster/home/n/w/nwhite01/storage/ocr_20150623/107/hvd.32044073502338/064.png"; bbox 0 0 4070 6210; ppageno 0'>
   <div class='ocr_carea' id='block_1_1' title="bbox 293 258 3567 340">
    <p class='ocr_par' dir='ltr' id='par_1_1' title="bbox 293 258 3567 340">
     <span class='ocr_line' id='line_1_1' title="bbox 293 258 3567 340; baseline 0.005 -18"><span class='ocrx_word' id='word_1_1' title='bbox 293 258 352 324; x_wconf 67' lang='grc'><strong>45</strong></span> <span class='ocrx_word' id='word_1_2' title='bbox 660 322 665 323; x_wconf 63' lang='lat'><strong><em>,</em></strong></span> <span class='ocrx_word' id='word_1_3' title='bbox 1121 262 1403 326; x_wconf 80' lang='lat' dir='ltr'><strong>ORATIO</strong></span> <span class='ocrx_word' id='word_1_4' title='bbox 1428 265 1495 326; x_wconf 88' lang='lat' dir='ltr'><strong>V.</strong></span> <span class='ocrx_word' id='word_1_5' title='bbox 1524 290 1592 301; x_wconf 81' lang='grc'><strong>-</strong></span> <span class='ocrx_word' id='word_1_6' title='bbox 1633 267 1715 328; x_wconf 84' lang='lat' dir='ltr'><strong>IN</strong></span> <span class='ocrx_word' id='word_1_7' title='bbox 1753 266 2063 327; x_wconf 83' lang='lat' dir='ltr'><strong>CHRISTI</strong></span> <span class='ocrx_word' id='word_1_8' title='bbox 2097 265 2616 332; x_wconf 80' lang='lat' dir='ltr'><strong>NATIVITATEM</strong></span> <span class='ocrx_word' id='word_1_9' title='bbox 2649 269 2731 330; x_wconf 87' lang='lat' dir='ltr'><strong>II.</strong></span> <span class='ocrx_word' id='word_1_10' title='bbox 3485 276 3567 340; x_wconf 80' lang='lat'><strong>46</strong></span> 
     </span>
    </p>
   </div>
   <div class='ocr_carea' id='block_1_2' title="bbox 290 366 3552 448">
    <p class='ocr_par' dir='ltr' id='par_1_2' title="bbox 290 366 3552 448">
     <span class='ocr_line' id='line_1_2' title="bbox 290 366 3552 448; baseline 0.005 -27"><span class='ocrx_word' id='word_1_11' title='bbox 290 366 554 439; x_wconf 79' lang='lat' dir='ltr'><strong>allegoria:</strong></span> <span class='ocrx_word' id='word_1_12' title='bbox 588 366 733 424; x_wconf 87' lang='lat' dir='ltr'><strong>nuda</strong></span> <span class='ocrx_word' id='word_1_13' title='bbox 770 381 895 425; x_wconf 88' lang='lat' dir='ltr'><strong>esse</strong></span> <span class='ocrx_word' id='word_1_14' title='bbox 920 368 1239 439; x_wconf 75' lang='lat' dir='ltr'><strong>permittam</strong></span> <span class='ocrx_word' id='word_1_15' title='bbox 1273 387 1288 424; x_wconf 91' lang='lat'><strong>:</strong></span> <span class='ocrx_word' id='word_1_16' title='bbox 1320 386 1350 425; x_wconf 87' lang='lat' dir='ltr'><strong>a</strong></span> <span class='ocrx_word' id='word_1_17' title='bbox 1383 368 1731 429; x_wconf 74' lang='lat' dir='ltr'><strong>Phoenicibus</strong></span> <span class='ocrx_word' id='word_1_18' title='bbox 1765 375 1878 444; x_wconf 89' lang='lat' dir='ltr'><strong>pri-</strong></span> <span class='ocrx_word' id='word_1_19' title='bbox 1902 373 1953 435; x_wconf 82' lang='grc' dir='ltr'>Α</span> <span class='ocrx_word' id='word_1_20' title='bbox 1977 387 2101 427; x_wconf 90' lang='lat' dir='ltr'><strong>nem</strong></span> <span class='ocrx_word' id='word_1_21' title='bbox 2135 386 2521 443; x_wconf 89' lang='lat' dir='ltr'><strong>personarum,</strong></span> <span class='ocrx_word' id='word_1_22' title='bbox 2550 371 2837 431; x_wconf 69' lang='lat' dir='ltr'><strong>distinctio</strong></span> <span class='ocrx_word' id='word_1_23' title='bbox 2869 391 3091 448; x_wconf 89' lang='lat' dir='ltr'><strong>quoque</strong></span> <span class='ocrx_word' id='word_1_24' title='bbox 3119 385 3441 435; x_wconf 77' lang='lat' dir='ltr'><strong>naturarum</strong></span> <span class='ocrx_word' id='word_1_25' title='bbox 3464 397 3552 438; x_wconf 88' lang='lat' dir='ltr'><strong>se-</strong></span> 
     </span>
    </p>
   </div>
   <div class='ocr_carea' id='block_1_3' title="bbox 291 458 1869 532">
    <p class='ocr_par' dir='ltr' id='par_1_3' title="bbox 291 458 1869 532">
     <span class='ocr_line' id='line_1_3' title="bbox 291 458 1869 532; baseline 0.003 -18"><span class='ocrx_word' id='word_1_26' title='bbox 291 461 383 515; x_wconf 85' lang='lat' dir='ltr'><strong>mis</strong></span> <span class='ocrx_word' id='word_1_27' title='bbox 413 459 473 530; x_wconf 84' lang='lat' dir='ltr'><strong>(ii</strong></span> <span class='ocrx_word' id='word_1_28' title='bbox 514 460 660 514; x_wconf 92' lang='lat' dir='ltr'><strong>enim</strong></span> <span class='ocrx_word' id='word_1_29' title='bbox 693 458 957 525; x_wconf 77' lang='lat' dir='ltr'><strong>Saturno,</strong></span> <span class='ocrx_word' id='word_1_30' title='bbox 999 461 1159 515; x_wconf 78' lang='lat' dir='ltr'><strong>uxori</strong></span> <span class='ocrx_word' id='word_1_31' title='bbox 1189 468 1244 516; x_wconf 92' lang='lat' dir='ltr'><strong>et</strong></span> <span class='ocrx_word' id='word_1_32' title='bbox 1276 461 1501 532; x_wconf 62' lang='lat' dir='ltr'><strong>reliquie</strong></span> <span class='ocrx_word' id='word_1_33' title='bbox 1525 460 1743 519; x_wconf 61' lang='lat' dir='ltr'><strong>familiae</strong></span> <span class='ocrx_word' id='word_1_34' title='bbox 1768 478 1869 518; x_wconf 89' lang='lat' dir='ltr'><strong>au-</strong></span> 
     </span>
    </p>
   </div>
   <div class='ocr_carea' id='block_1_4' title="bbox 288 549 1870 621">
    <p class='ocr_par' dir='ltr' id='par_1_4' title="bbox 288 549 1870 621">
     <span class='ocr_line' id='line_1_4' title="bbox 288 549 1870 621; baseline 0.002 -17"><span class='ocrx_word' id='word_1_35' title='bbox 288 558 463 606; x_wconf 77' lang='lat' dir='ltr'><strong>ctores</strong></span> <span class='ocrx_word' id='word_1_36' title='bbox 485 549 659 615; x_wconf 83' lang='lat' dir='ltr'><strong>fuere,</strong></span> <span class='ocrx_word' id='word_1_37' title='bbox 712 557 774 603; x_wconf 91' lang='lat' dir='ltr'><strong>ut</strong></span> <span class='ocrx_word' id='word_1_38' title='bbox 801 549 875 604; x_wconf 90' lang='lat' dir='ltr'><strong>dii</strong></span> <span class='ocrx_word' id='word_1_39' title='bbox 903 550 1336 621; x_wconf 81' lang='lat' dir='ltr'><strong>nominarentur)</strong></span> <span class='ocrx_word' id='word_1_40' title='bbox 1354 552 1635 607; x_wconf 84' lang='lat' dir='ltr'><strong>veritatem</strong></span> <span class='ocrx_word' id='word_1_41' title='bbox 1651 552 1870 607; x_wconf 85' lang='lat' dir='ltr'><strong>discen-</strong></span> 
     </span>
    </p>
   </div>
   <div class='ocr_carea' id='block_1_5' title="bbox 288 639 1869 710">
    <p class='ocr_par' dir='ltr' id='par_1_5' title="bbox 288 639 1869 710">
     <span class='ocr_line' id='line_1_5' title="bbox 288 639 1869 710; baseline 0.003 -17"><span class='ocrx_word' id='word_1_42' title='bbox 288 647 381 703; x_wconf 87' lang='lat' dir='ltr'><strong>tes,</strong></span> <span class='ocrx_word' id='word_1_43' title='bbox 408 640 503 709; x_wconf 87' lang='lat' dir='ltr'><strong>qui</strong></span> <span class='ocrx_word' id='word_1_44' title='bbox 535 654 602 693; x_wconf 78' lang='lat' dir='ltr'><strong>ex</strong></span> <span class='ocrx_word' id='word_1_45' title='bbox 634 639 955 695; x_wconf 87' lang='lat' dir='ltr'><strong>hominibus</strong></span> <span class='ocrx_word' id='word_1_46' title='bbox 990 639 1174 710; x_wconf 87' lang='lat' dir='ltr'><strong>primi,</strong></span> <span class='ocrx_word' id='word_1_47' title='bbox 1208 640 1321 695; x_wconf 89' lang='lat' dir='ltr'><strong>aris</strong></span> <span class='ocrx_word' id='word_1_48' title='bbox 1359 648 1413 696; x_wconf 89' lang='lat' dir='ltr'><strong>et</strong></span> <span class='ocrx_word' id='word_1_49' title='bbox 1442 641 1730 697; x_wconf 79' lang='lat' dir='ltr'><strong>sacriﬁciis</strong></span> <span class='ocrx_word' id='word_1_50' title='bbox 1768 642 1869 698; x_wconf 89' lang='lat' dir='ltr'><strong>ho-</strong></span> 
     </span>
    </p>
   </div>
   <div class='ocr_carea' id='block_1_6' title="bbox 290 728 1862 804">
    <p class='ocr_par' dir='ltr' id='par_1_6' title="bbox 290 728 1862 804">
     <span class='ocr_line' id='line_1_6' title="bbox 290 728 1862 804; baseline 0.004 -21"><span class='ocrx_word' id='word_1_51' title='bbox 290 740 538 785; x_wconf 78' lang='lat' dir='ltr'><strong>norantes</strong></span> <span class='ocrx_word' id='word_1_52' title='bbox 570 731 696 785; x_wconf 89' lang='lat' dir='ltr'><strong>illos</strong></span> <span class='ocrx_word' id='word_1_53' title='bbox 729 730 842 785; x_wconf 83' lang='lat' dir='ltr'><strong>vita</strong></span> <span class='ocrx_word' id='word_1_54' title='bbox 875 728 1116 793; x_wconf 89' lang='lat' dir='ltr'><strong>functos,</strong></span> <span class='ocrx_word' id='word_1_55' title='bbox 1155 730 1393 800; x_wconf 81' lang='lat' dir='ltr'><strong>posteris</strong></span> <span class='ocrx_word' id='word_1_56' title='bbox 1439 732 1744 804; x_wconf 83' lang='lat' dir='ltr'><strong>exemplum</strong></span> <span class='ocrx_word' id='word_1_57' title='bbox 1776 750 1862 789; x_wconf 88' lang='lat' dir='ltr'><strong>re-</strong></span> 
     </span>
    </p>
   </div>
   <div class='ocr_carea' id='block_1_7' title="bbox 293 819 1864 892">
    <p class='ocr_par' dir='ltr' id='par_1_7' title="bbox 293 819 1864 892">
     <span class='ocr_line' id='line_1_7' title="bbox 293 819 1864 892; baseline 0.004 -19"><span class='ocrx_word' id='word_1_58' title='bbox 293 819 571 890; x_wconf 88' lang='lat' dir='ltr'><strong>liquerunt</strong></span> <span class='ocrx_word' id='word_1_59' title='bbox 606 822 818 877; x_wconf 91' lang='lat' dir='ltr'><strong>cultum</strong></span> <span class='ocrx_word' id='word_1_60' title='bbox 863 822 933 878; x_wconf 88' lang='lat' dir='ltr'><strong>iis</strong></span> <span class='ocrx_word' id='word_1_61' title='bbox 977 821 1303 892; x_wconf 84' lang='lat' dir='ltr'><strong>insipienter</strong></span> <span class='ocrx_word' id='word_1_62' title='bbox 1330 821 1633 879; x_wconf 78' lang='lat' dir='ltr'><strong>deferendi.</strong></span> <span class='ocrx_word' id='word_1_63' title='bbox 1664 824 1864 881; x_wconf 88' lang='lat' dir='ltr'><strong>Eodem</strong></span> 
     </span>
    </p>
   </div>
   <div class='ocr_carea' id='block_1_8' title="bbox 285 910 1867 980">
    <p class='ocr_par' dir='ltr' id='par_1_8' title="bbox 285 910 1867 980">
     <span class='ocr_line' id='line_1_8' title="bbox 285 910 1867 980; baseline 0.005 -17"><span class='ocrx_word' id='word_1_64' title='bbox 285 910 442 980; x_wconf 81' lang='lat' dir='ltr'><strong>plane</strong></span> <span class='ocrx_word' id='word_1_65' title='bbox 471 911 635 967; x_wconf 89' lang='lat' dir='ltr'><strong>modo</strong></span> <span class='ocrx_word' id='word_1_66' title='bbox 654 922 711 969; x_wconf 91' lang='lat' dir='ltr'><strong>et</strong></span> <span class='ocrx_word' id='word_1_67' title='bbox 741 912 986 969; x_wconf 75' lang='lat' dir='ltr'><strong>Minerva</strong></span> <span class='ocrx_word' id='word_1_68' title='bbox 1003 914 1254 972; x_wconf 90' lang='lat' dir='ltr'><strong>crinibus</strong></span> <span class='ocrx_word' id='word_1_69' title='bbox 1289 914 1425 971; x_wconf 86' lang='lat' dir='ltr'><strong>bene</strong></span> <span class='ocrx_word' id='word_1_70' title='bbox 1458 918 1734 974; x_wconf 89' lang='lat' dir='ltr'><strong>contortis</strong></span> <span class='ocrx_word' id='word_1_71' title='bbox 1769 917 1867 972; x_wconf 77' lang='lat' dir='ltr'><strong>lia-</strong></span> 
     </span>
    </p>
   </div>
   <div class='ocr_carea' id='block_1_9' title="bbox 282 1004 1867 1077">
    <p class='ocr_par' dir='ltr' id='par_1_9' title="bbox 282 1004 1867 1077">
     <span class='ocr_line' id='line_1_9' title="bbox 282 1004 1867 1077; baseline 0.004 -19"><span class='ocrx_word' id='word_1_72' title='bbox 282 1004 437 1059; x_wconf 83' lang='lat' dir='ltr'><strong>betur</strong></span> <span class='ocrx_word' id='word_1_73' title='bbox 467 1018 571 1075; x_wconf 92' lang='lat' dir='ltr'><strong>pro</strong></span> <span class='ocrx_word' id='word_1_74' title='bbox 583 1004 706 1071; x_wconf 88' lang='lat' dir='ltr'><strong>dea,</strong></span> <span class='ocrx_word' id='word_1_75' title='bbox 731 1020 1048 1076; x_wconf 83' lang='lat' dir='ltr'><strong>quanquam</strong></span> <span class='ocrx_word' id='word_1_76' title='bbox 1070 1005 1393 1077; x_wconf 90' lang='lat' dir='ltr'><strong>parentibus</strong></span> <span class='ocrx_word' id='word_1_77' title='bbox 1419 1019 1527 1062; x_wconf 92' lang='lat' dir='ltr'><strong>non</strong></span> <span class='ocrx_word' id='word_1_78' title='bbox 1552 1007 1867 1065; x_wconf 85' lang='lat' dir='ltr'><strong>illustribus</strong></span> 
     </span>
    </p>
   </div>
   <div class='ocr_carea' id='block_1_10' title="bbox 280 1097 1871 1168">
    <p class='ocr_par' dir='ltr' id='par_1_10' title="bbox 280 1097 1871 1168">
     <span class='ocr_line' id='line_1_10' title="bbox 280 1097 1871 1168; baseline 0.005 -18"><span class='ocrx_word' id='word_1_79' title='bbox 280 1105 584 1166; x_wconf 76' lang='lat' dir='ltr'><strong>prognata;</strong></span> <span class='ocrx_word' id='word_1_80' title='bbox 626 1097 755 1154; x_wconf 90' lang='lat' dir='ltr'><strong>licet</strong></span> <span class='ocrx_word' id='word_1_81' title='bbox 788 1113 910 1154; x_wconf 88' lang='lat' dir='ltr'><strong>eam</strong></span> <span class='ocrx_word' id='word_1_82' title='bbox 952 1097 1183 1168; x_wconf 73' lang='lat' dir='ltr'><strong>gentiles</strong></span> <span class='ocrx_word' id='word_1_83' title='bbox 1217 1112 1249 1155; x_wconf 88' lang='lat' dir='ltr'><strong>e</strong></span> <span class='ocrx_word' id='word_1_84' title='bbox 1274 1112 1492 1155; x_wconf 90' lang='lat' dir='ltr'><strong>summo</strong></span> <span class='ocrx_word' id='word_1_85' title='bbox 1529 1099 1736 1156; x_wconf 81' lang='lat' dir='ltr'><strong>vertice</strong></span> <span class='ocrx_word' id='word_1_86' title='bbox 1775 1115 1871 1158; x_wconf 89' lang='lat' dir='ltr'><strong>or-</strong></span> 
     </span>
    </p>
   </div>
   <div class='ocr_carea' id='block_1_11' title="bbox 283 1186 1869 1246">
    <p class='ocr_par' dir='ltr' id='par_1_11' title="bbox 283 1186 1869 1246">
     <span class='ocr_line' id='line_1_11' title="bbox 283 1186 1869 1246; baseline 0.001 -3"><span class='ocrx_word' id='word_1_87' title='bbox 283 1199 387 1244; x_wconf 82' lang='lat' dir='ltr'><strong>tam</strong></span> <span class='ocrx_word' id='word_1_88' title='bbox 413 1197 688 1245; x_wconf 84' lang='lat' dir='ltr'><strong>asserant.</strong></span> <span class='ocrx_word' id='word_1_89' title='bbox 738 1188 804 1243; x_wconf 86' lang='lat' dir='ltr'><strong>Et</strong></span> <span class='ocrx_word' id='word_1_90' title='bbox 836 1186 1021 1246; x_wconf 86' lang='lat' dir='ltr'><strong>Venus</strong></span> <span class='ocrx_word' id='word_1_91' title='bbox 1065 1188 1188 1244; x_wconf 90' lang='lat' dir='ltr'><strong>loco</strong></span> <span class='ocrx_word' id='word_1_92' title='bbox 1216 1188 1465 1244; x_wconf 90' lang='lat' dir='ltr'><strong>muneris</strong></span> <span class='ocrx_word' id='word_1_93' title='bbox 1492 1187 1594 1244; x_wconf 90' lang='lat' dir='ltr'><strong>dea</strong></span> <span class='ocrx_word' id='word_1_94' title='bbox 1641 1188 1744 1243; x_wconf 83' lang='lat' dir='ltr'><strong>fuit</strong></span> <span class='ocrx_word' id='word_1_95' title='bbox 1773 1204 1869 1245; x_wconf 90' lang='lat' dir='ltr'><strong>eo-</strong></span> 
     </span>
    </p>
   </div>
   <div class='ocr_carea' id='block_1_12' title="bbox 281 1277 1869 1351">
    <p class='ocr_par' dir='ltr' id='par_1_12' title="bbox 281 1277 1869 1351">
     <span class='ocr_line' id='line_1_12' title="bbox 281 1277 1869 1351; baseline 0.002 -17"><span class='ocrx_word' id='word_1_96' title='bbox 281 1294 399 1334; x_wconf 89' lang='lat' dir='ltr'><strong>rum</strong></span> <span class='ocrx_word' id='word_1_97' title='bbox 440 1278 725 1350; x_wconf 83' lang='lat' dir='ltr'><strong>suli&#39;ragiis</strong></span> <span class='ocrx_word' id='word_1_98' title='bbox 770 1280 1023 1351; x_wconf 91' lang='lat' dir='ltr'><strong>quicum</strong></span> <span class='ocrx_word' id='word_1_99' title='bbox 1066 1294 1132 1334; x_wconf 90' lang='lat' dir='ltr'><strong>ea</strong></span> <span class='ocrx_word' id='word_1_100' title='bbox 1173 1277 1455 1333; x_wconf 82' lang='lat' dir='ltr'><strong>libidinem</strong></span> <span class='ocrx_word' id='word_1_101' title='bbox 1485 1278 1817 1334; x_wconf 84' lang='lat' dir='ltr'><strong>exercebant</strong></span> <span class='ocrx_word' id='word_1_102' title='bbox 1853 1299 1869 1337; x_wconf 90' lang='lat'><strong>:</strong></span> 
     </span>
    </p>
   </div>
   <div class='ocr_carea' id='block_1_13' title="bbox 279 1368 1869 1440">
    <p class='ocr_par' dir='ltr' id='par_1_13' title="bbox 279 1368 1869 1440">
     <span class='ocr_line' id='line_1_13' title="bbox 279 1368 1869 1440; baseline -0.002 -15"><span class='ocrx_word' id='word_1_103' title='bbox 279 1378 332 1425; x_wconf 90' lang='lat' dir='ltr'><strong>et</strong></span> <span class='ocrx_word' id='word_1_104' title='bbox 367 1380 544 1425; x_wconf 84' lang='lat' dir='ltr'><strong>ratum</strong></span> <span class='ocrx_word' id='word_1_105' title='bbox 576 1370 813 1426; x_wconf 87' lang='lat' dir='ltr'><strong>habetur</strong></span> <span class='ocrx_word' id='word_1_106' title='bbox 853 1371 1158 1437; x_wconf 87' lang='lat' dir='ltr'><strong>decretum,</strong></span> <span class='ocrx_word' id='word_1_107' title='bbox 1199 1368 1330 1440; x_wconf 86' lang='lat' dir='ltr'><strong>quia</strong></span> <span class='ocrx_word' id='word_1_108' title='bbox 1379 1368 1608 1425; x_wconf 81' lang='lat' dir='ltr'><strong>lascivis</strong></span> <span class='ocrx_word' id='word_1_109' title='bbox 1633 1368 1869 1438; x_wconf 77' lang='lat' dir='ltr'><strong>placuit,</strong></span> 
     </span>
    </p>
   </div>
   <div class='ocr_carea' id='block_1_14' title="bbox 281 1456 1858 1532">
    <p class='ocr_par' dir='ltr' id='par_1_14' title="bbox 281 1456 1858 1532">
     <span class='ocr_line' id='line_1_14' title="bbox 281 1456 1858 1532; baseline -0.003 -16"><span class='ocrx_word' id='word_1_110' title='bbox 281 1462 423 1516; x_wconf 82' lang='lat' dir='ltr'><strong>Pana</strong></span> <span class='ocrx_word' id='word_1_111' title='bbox 446 1475 689 1531; x_wconf 88' lang='lat' dir='ltr'><strong>quoque,</strong></span> <span class='ocrx_word' id='word_1_112' title='bbox 716 1460 1065 1532; x_wconf 87' lang='lat' dir='ltr'><strong>cornigerum</strong></span> <span class='ocrx_word' id='word_1_113' title='bbox 1107 1461 1204 1530; x_wconf 90' lang='lat' dir='ltr'><strong>qui</strong></span> <span class='ocrx_word' id='word_1_114' title='bbox 1232 1460 1446 1530; x_wconf 89' lang='lat' dir='ltr'><strong>primus</strong></span> <span class='ocrx_word' id='word_1_115' title='bbox 1477 1458 1703 1513; x_wconf 89' lang='lat' dir='ltr'><strong>ovilium</strong></span> <span class='ocrx_word' id='word_1_116' title='bbox 1748 1456 1858 1513; x_wconf 77' lang='lat' dir='ltr'><strong>dux</strong></span> 
     </span>
    </p>
   </div>
   <div class='ocr_carea' id='block_1_15' title="bbox 282 1548 1867 1624">
    <p class='ocr_par' dir='ltr' id='par_1_15' title="bbox 282 1548 1867 1624">
     <span class='ocr_line' id='line_1_15' title="bbox 282 1548 1867 1624; baseline -0.001 -17"><span class='ocrx_word' id='word_1_117' title='bbox 282 1553 402 1616; x_wconf 87' lang='lat' dir='ltr'><strong>fuit,</strong></span> <span class='ocrx_word' id='word_1_118' title='bbox 432 1553 690 1623; x_wconf 80' lang='lat' dir='ltr'><strong>legesque</strong></span> <span class='ocrx_word' id='word_1_119' title='bbox 728 1551 1022 1624; x_wconf 84' lang='lat' dir='ltr'><strong>pastoralis</strong></span> <span class='ocrx_word' id='word_1_120' title='bbox 1076 1565 1225 1606; x_wconf 66' lang='lat' dir='ltr'><strong>curae</strong></span> <span class='ocrx_word' id='word_1_121' title='bbox 1276 1548 1541 1612; x_wconf 90' lang='lat' dir='ltr'><strong>ostendit,</strong></span> <span class='ocrx_word' id='word_1_122' title='bbox 1571 1562 1782 1603; x_wconf 89' lang='lat' dir='ltr'><strong>necnon</strong></span> <span class='ocrx_word' id='word_1_123' title='bbox 1815 1561 1867 1606; x_wconf 85' lang='lat' dir='ltr'><strong>et</strong></span> 
     </span>
    </p>
   </div>
   <div class='ocr_carea' id='block_1_16' title="bbox 280 1638 1867 1714">
    <p class='ocr_par' dir='ltr' id='par_1_16' title="bbox 280 1638 1867 1714">
     <span class='ocr_line' id='line_1_16' title="bbox 280 1638 1867 1714; baseline -0.003 -17"><span class='ocrx_word' id='word_1_124' title='bbox 280 1644 457 1714; x_wconf 79' lang='lat' dir='ltr'><strong>Apim,</strong></span> <span class='ocrx_word' id='word_1_125' title='bbox 475 1652 530 1697; x_wconf 92' lang='lat' dir='ltr'><strong>et</strong></span> <span class='ocrx_word' id='word_1_126' title='bbox 558 1642 700 1707; x_wconf 90' lang='lat' dir='ltr'><strong>ibes,</strong></span> <span class='ocrx_word' id='word_1_127' title='bbox 726 1649 782 1697; x_wconf 89' lang='lat' dir='ltr'><strong>et</strong></span> <span class='ocrx_word' id='word_1_128' title='bbox 809 1651 1039 1698; x_wconf 72' lang='lat' dir='ltr'><strong>caeteras</strong></span> <span class='ocrx_word' id='word_1_129' title='bbox 1056 1640 1261 1697; x_wconf 85' lang='lat' dir='ltr'><strong>bestias</strong></span> <span class='ocrx_word' id='word_1_130' title='bbox 1286 1638 1452 1696; x_wconf 73' lang='lat' dir='ltr'><strong>cmtui</strong></span> <span class='ocrx_word' id='word_1_131' title='bbox 1472 1639 1697 1693; x_wconf 89' lang='lat' dir='ltr'><strong>deorum</strong></span> <span class='ocrx_word' id='word_1_132' title='bbox 1727 1638 1867 1694; x_wconf 88' lang='lat' dir='ltr'><strong>asci-</strong></span> 
     </span>
    </p>
   </div>
   <div class='ocr_carea' id='block_1_17' title="bbox 1978 463 3555 541">
    <p class='ocr_par' dir='ltr' id='par_1_17' title="bbox 1978 463 3555 541">
     <span class='ocr_line' id='line_1_17' title="bbox 1978 463 3555 541; baseline 0.006 -26"><span class='ocrx_word' id='word_1_133' title='bbox 1978 464 2191 534; x_wconf 87' lang='lat' dir='ltr'><strong>quitur,</strong></span> <span class='ocrx_word' id='word_1_134' title='bbox 2233 463 2338 519; x_wconf 84' lang='lat' dir='ltr'><strong>sibi</strong></span> <span class='ocrx_word' id='word_1_135' title='bbox 2371 479 2589 535; x_wconf 88' lang='lat' dir='ltr'><strong>quoque</strong></span> <span class='ocrx_word' id='word_1_136' title='bbox 2612 464 2986 534; x_wconf 88' lang='lat' dir='ltr'><strong>adinveniant,</strong></span> <span class='ocrx_word' id='word_1_137' title='bbox 3030 468 3161 539; x_wconf 91' lang='lat' dir='ltr'><strong>quid</strong></span> <span class='ocrx_word' id='word_1_138' title='bbox 3196 469 3395 541; x_wconf 88' lang='lat' dir='ltr'><strong>cuique</strong></span> <span class='ocrx_word' id='word_1_139' title='bbox 3424 471 3555 525; x_wconf 87' lang='lat' dir='ltr'><strong>insit</strong></span> 
     </span>
    </p>
   </div>
   <div class='ocr_carea' id='block_1_18' title="bbox 1978 552 3553 627">
    <p class='ocr_par' dir='ltr' id='par_1_18' title="bbox 1978 552 3553 627">
     <span class='ocr_line' id='line_1_18' title="bbox 1978 552 3553 627; baseline 0.003 -17"><span class='ocrx_word' id='word_1_140' title='bbox 1978 563 2210 620; x_wconf 68' lang='lat' dir='ltr'><strong>naturai,</strong></span> <span class='ocrx_word' id='word_1_141' title='bbox 2237 563 2295 608; x_wconf 95' lang='lat' dir='ltr'><strong>ut</strong></span> <span class='ocrx_word' id='word_1_142' title='bbox 2325 553 2405 610; x_wconf 91' lang='lat' dir='ltr'><strong>sic</strong></span> <span class='ocrx_word' id='word_1_143' title='bbox 2427 552 2755 616; x_wconf 87' lang='lat' dir='ltr'><strong>Trinitatem</strong></span> <span class='ocrx_word' id='word_1_144' title='bbox 2786 556 3060 627; x_wconf 75' lang='lat' dir='ltr'><strong>fugientes</strong></span> <span class='ocrx_word' id='word_1_145' title='bbox 3092 559 3338 616; x_wconf 86' lang='lat' dir='ltr'><strong>eamdem</strong></span> <span class='ocrx_word' id='word_1_146' title='bbox 3363 559 3553 615; x_wconf 90' lang='lat' dir='ltr'><strong>multi-</strong></span> 
     </span>
    </p>
   </div>
   <div class='ocr_carea' id='block_1_19' title="bbox 1978 644 3548 721">
    <p class='ocr_par' dir='ltr' id='par_1_19' title="bbox 1978 644 3548 721">
     <span class='ocr_line' id='line_1_19' title="bbox 1978 644 3548 721; baseline 0.004 -22"><span class='ocrx_word' id='word_1_147' title='bbox 1978 645 2203 717; x_wconf 81' lang='lat' dir='ltr'><strong>plicent.</strong></span> <span class='ocrx_word' id='word_1_148' title='bbox 2245 644 2402 711; x_wconf 86' lang='lat' dir='ltr'><strong>Quod</strong></span> <span class='ocrx_word' id='word_1_149' title='bbox 2445 646 2491 700; x_wconf 87' lang='lat' dir='ltr'><strong>si</strong></span> <span class='ocrx_word' id='word_1_150' title='bbox 2531 647 2696 703; x_wconf 88' lang='lat' dir='ltr'><strong>etiam</strong></span> <span class='ocrx_word' id='word_1_151' title='bbox 2741 663 2864 719; x_wconf 77' lang='lat' dir='ltr'><strong>quae</strong></span> <span class='ocrx_word' id='word_1_152' title='bbox 2887 649 3119 721; x_wconf 59' lang='lat' dir='ltr'><strong>diversa;</strong></span> <span class='ocrx_word' id='word_1_153' title='bbox 3162 659 3291 705; x_wconf 90' lang='lat' dir='ltr'><strong>sunt</strong></span> <span class='ocrx_word' id='word_1_154' title='bbox 3317 660 3548 715; x_wconf 71' lang='lat' dir='ltr'><strong>naturae,</strong></span> 
     </span>
    </p>
   </div>
   <div class='ocr_carea' id='block_1_20' title="bbox 1986 733 3553 806">
    <p class='ocr_par' dir='ltr' id='par_1_20' title="bbox 1986 733 3553 806">
     <span class='ocr_line' id='line_1_20' title="bbox 1986 733 3553 806; baseline 0.003 -17"><span class='ocrx_word' id='word_1_155' title='bbox 1986 735 2189 795; x_wconf 85' lang='lat' dir='ltr'><strong>habent</strong></span> <span class='ocrx_word' id='word_1_156' title='bbox 2219 733 2377 805; x_wconf 89' lang='lat' dir='ltr'><strong>plane</strong></span> <span class='ocrx_word' id='word_1_157' title='bbox 2393 748 2503 805; x_wconf 91' lang='lat' dir='ltr'><strong>quo</strong></span> <span class='ocrx_word' id='word_1_158' title='bbox 2519 733 2929 806; x_wconf 77' lang='lat' dir='ltr'><strong>distinguantur</strong></span> <span class='ocrx_word' id='word_1_159' title='bbox 2949 754 2978 792; x_wconf 89' lang='lat' dir='ltr'><strong>a</strong></span> <span class='ocrx_word' id='word_1_160' title='bbox 3007 754 3066 794; x_wconf 86' lang='lat' dir='ltr'><strong>se</strong></span> <span class='ocrx_word' id='word_1_161' title='bbox 3087 738 3342 801; x_wconf 91' lang='lat' dir='ltr'><strong>invicem,</strong></span> <span class='ocrx_word' id='word_1_162' title='bbox 3365 753 3553 794; x_wconf 58' lang='lat' dir='ltr'><strong>amen.</strong></span> 
     </span>
    </p>
   </div>
   <div class='ocr_carea' id='block_1_21' title="bbox 1976 822 3548 901">
    <p class='ocr_par' dir='ltr' id='par_1_21' title="bbox 1976 822 3548 901">
     <span class='ocr_line' id='line_1_21' title="bbox 1976 822 3548 901; baseline 0.006 -23"><span class='ocrx_word' id='word_1_163' title='bbox 1976 825 2069 880; x_wconf 73' lang='lat' dir='ltr'><strong>tia:</strong></span> <span class='ocrx_word' id='word_1_164' title='bbox 2099 822 2194 879; x_wconf 90' lang='lat' dir='ltr'><strong>Dei</strong></span> <span class='ocrx_word' id='word_1_165' title='bbox 2224 833 2477 891; x_wconf 81' lang='lat' dir='ltr'><strong>naturam</strong></span> <span class='ocrx_word' id='word_1_166' title='bbox 2511 824 2765 882; x_wconf 89' lang='lat' dir='ltr'><strong>librantis</strong></span> <span class='ocrx_word' id='word_1_167' title='bbox 2794 828 2923 894; x_wconf 89' lang='lat' dir='ltr'><strong>erit,</strong></span> <span class='ocrx_word' id='word_1_168' title='bbox 2968 829 3102 884; x_wconf 91' lang='lat' dir='ltr'><strong>illud</strong></span> <span class='ocrx_word' id='word_1_169' title='bbox 3143 845 3359 901; x_wconf 90' lang='lat' dir='ltr'><strong>quoque</strong></span> <span class='ocrx_word' id='word_1_170' title='bbox 3396 831 3548 897; x_wconf 91' lang='lat' dir='ltr'><strong>dare,</strong></span> 
     </span>
    </p>
   </div>
   <div class='ocr_carea' id='block_1_22' title="bbox 1977 914 3548 985">
    <p class='ocr_par' dir='ltr' id='par_1_22' title="bbox 1977 914 3548 985">
     <span class='ocr_line' id='line_1_22' title="bbox 1977 914 3548 985; baseline 0.006 -18"><span class='ocrx_word' id='word_1_171' title='bbox 1977 928 2087 985; x_wconf 90' lang='lat' dir='ltr'><strong>quo</strong></span> <span class='ocrx_word' id='word_1_172' title='bbox 2131 929 2295 969; x_wconf 88' lang='lat' dir='ltr'><strong>unam</strong></span> <span class='ocrx_word' id='word_1_173' title='bbox 2336 914 2459 985; x_wconf 85' lang='lat' dir='ltr'><strong>ejus</strong></span> <span class='ocrx_word' id='word_1_174' title='bbox 2500 923 2751 977; x_wconf 85' lang='lat' dir='ltr'><strong>naturam</strong></span> <span class='ocrx_word' id='word_1_175' title='bbox 2788 918 2845 973; x_wconf 90' lang='lat' dir='ltr'><strong>in</strong></span> <span class='ocrx_word' id='word_1_176' title='bbox 2875 924 2987 974; x_wconf 91' lang='lat' dir='ltr'><strong>tres</strong></span> <span class='ocrx_word' id='word_1_177' title='bbox 3028 919 3367 977; x_wconf 83' lang='lat' dir='ltr'><strong>discernunt.</strong></span> <span class='ocrx_word' id='word_1_178' title='bbox 3414 920 3548 976; x_wconf 76' lang='lat' dir='ltr'><strong>Nam</strong></span> 
     </span>
    </p>
   </div>
   <div class='ocr_carea' id='block_1_23' title="bbox 1975 1004 3550 1075">
    <p class='ocr_par' dir='ltr' id='par_1_23' title="bbox 1975 1004 3550 1075">
     <span class='ocr_line' id='line_1_23' title="bbox 1975 1004 3550 1075; baseline 0.003 -16"><span class='ocrx_word' id='word_1_179' title='bbox 1975 1004 2277 1075; x_wconf 90' lang='lat' dir='ltr'><strong>ingenitum</strong></span> <span class='ocrx_word' id='word_1_180' title='bbox 2315 1015 2371 1059; x_wconf 89' lang='lat' dir='ltr'><strong>et</strong></span> <span class='ocrx_word' id='word_1_181' title='bbox 2416 1004 2659 1075; x_wconf 89' lang='lat' dir='ltr'><strong>genitum</strong></span> <span class='ocrx_word' id='word_1_182' title='bbox 2708 1021 2817 1063; x_wconf 91' lang='lat' dir='ltr'><strong>non</strong></span> <span class='ocrx_word' id='word_1_183' title='bbox 2858 1018 2943 1064; x_wconf 87' lang='lat' dir='ltr'><strong>est</strong></span> <span class='ocrx_word' id='word_1_184' title='bbox 2968 1022 3067 1063; x_wconf 88' lang='lat' dir='ltr'><strong>cur</strong></span> <span class='ocrx_word' id='word_1_185' title='bbox 3116 1008 3185 1064; x_wconf 92' lang='lat' dir='ltr'><strong>ad</strong></span> <span class='ocrx_word' id='word_1_186' title='bbox 3228 1020 3550 1065; x_wconf 85' lang='lat' dir='ltr'><strong>naturarum</strong></span> 
     </span>
    </p>
   </div>
   <div class='ocr_carea' id='block_1_24' title="bbox 1975 1093 3550 1169">
    <p class='ocr_par' dir='ltr' id='par_1_24' title="bbox 1975 1093 3550 1169">
     <span class='ocr_line' id='line_1_24' title="bbox 1975 1093 3550 1169; baseline 0.003 -20"><span class='ocrx_word' id='word_1_187' title='bbox 1975 1093 2386 1150; x_wconf 90' lang='lat' dir='ltr'><strong>distinctionem</strong></span> <span class='ocrx_word' id='word_1_188' title='bbox 2450 1103 2765 1166; x_wconf 88' lang='lat' dir='ltr'><strong>proponant</strong></span> <span class='ocrx_word' id='word_1_189' title='bbox 2806 1112 2824 1152; x_wconf 87' lang='lat'><strong>:</strong></span> <span class='ocrx_word' id='word_1_190' title='bbox 2866 1097 3310 1169; x_wconf 89' lang='lat' dir='ltr'><strong>quandoquidem</strong></span> <span class='ocrx_word' id='word_1_191' title='bbox 3359 1098 3448 1155; x_wconf 86' lang='lat' dir='ltr'><strong>vel</strong></span> <span class='ocrx_word' id='word_1_192' title='bbox 3492 1098 3550 1154; x_wconf 91' lang='lat' dir='ltr'><strong>in</strong></span> 
     </span>
    </p>
   </div>
   <div class='ocr_carea' id='block_1_25' title="bbox 1976 1185 3552 1257">
    <p class='ocr_par' dir='ltr' id='par_1_25' title="bbox 1976 1185 3552 1257">
     <span class='ocr_line' id='line_1_25' title="bbox 1976 1185 3552 1257; baseline 0.004 -18"><span class='ocrx_word' id='word_1_193' title='bbox 1976 1186 2114 1257; x_wconf 87' lang='lat' dir='ltr'><strong>ipsis</strong></span> <span class='ocrx_word' id='word_1_194' title='bbox 2138 1185 2461 1255; x_wconf 83' lang='lat' dir='ltr'><strong>compositis</strong></span> <span class='ocrx_word' id='word_1_195' title='bbox 2476 1224 2498 1252; x_wconf 34' lang='grc' dir='ltr'><strong>ν,</strong></span> <span class='ocrx_word' id='word_1_196' title='bbox 2526 1195 2583 1243; x_wconf 90' lang='lat' dir='ltr'><strong>et</strong></span> <span class='ocrx_word' id='word_1_197' title='bbox 2609 1185 2934 1245; x_wconf 82' lang='lat' dir='ltr'><strong>divisionem</strong></span> <span class='ocrx_word' id='word_1_198' title='bbox 2974 1188 3390 1251; x_wconf 85' lang='lat' dir='ltr'><strong>admittentibus</strong></span> <span class='ocrx_word' id='word_1_199' title='bbox 3432 1190 3552 1246; x_wconf 70' lang='lat' dir='ltr'><strong>haec</strong></span> 
     </span>
    </p>
   </div>
   <div class='ocr_carea' id='block_1_26' title="bbox 1979 1275 3546 1349">
    <p class='ocr_par' dir='ltr' id='par_1_26' title="bbox 1979 1275 3546 1349">
     <span class='ocr_line' id='line_1_26' title="bbox 1979 1275 3546 1349; baseline 0.001 -19"><span class='ocrx_word' id='word_1_200' title='bbox 1979 1289 2089 1330; x_wconf 93' lang='lat' dir='ltr'><strong>non</strong></span> <span class='ocrx_word' id='word_1_201' title='bbox 2128 1282 2260 1331; x_wconf 91' lang='lat' dir='ltr'><strong>sunt</strong></span> <span class='ocrx_word' id='word_1_202' title='bbox 2290 1281 2519 1331; x_wconf 89' lang='lat' dir='ltr'><strong>naturas</strong></span> <span class='ocrx_word' id='word_1_203' title='bbox 2551 1275 2982 1347; x_wconf 84' lang='lat' dir='ltr'><strong>distinguentia,</strong></span> <span class='ocrx_word' id='word_1_204' title='bbox 3012 1292 3191 1349; x_wconf 91' lang='lat' dir='ltr'><strong>neque</strong></span> <span class='ocrx_word' id='word_1_205' title='bbox 3231 1277 3287 1333; x_wconf 91' lang='lat' dir='ltr'><strong>in</strong></span> <span class='ocrx_word' id='word_1_206' title='bbox 3328 1277 3546 1333; x_wconf 84' lang='lat' dir='ltr'><strong>diversa</strong></span> 
     </span>
    </p>
   </div>
   <div class='ocr_carea' id='block_1_27' title="bbox 1978 1363 3123 1433">
    <p class='ocr_par' dir='ltr' id='par_1_27' title="bbox 1978 1363 3123 1433">
     <span class='ocr_line' id='line_1_27' title="bbox 1978 1363 3123 1433; baseline 0 -13"><span class='ocrx_word' id='word_1_207' title='bbox 1978 1371 2190 1427; x_wconf 85' lang='lat' dir='ltr'><strong>secant,</strong></span> <span class='ocrx_word' id='word_1_208' title='bbox 2223 1363 2369 1433; x_wconf 88' lang='lat' dir='ltr'><strong>quod</strong></span> <span class='ocrx_word' id='word_1_209' title='bbox 2398 1378 2564 1419; x_wconf 89' lang='lat' dir='ltr'><strong>unum</strong></span> <span class='ocrx_word' id='word_1_210' title='bbox 2595 1374 2704 1420; x_wconf 90' lang='lat' dir='ltr'><strong>est.</strong></span> <span class='ocrx_word' id='word_1_211' title='bbox 3120 1428 3123 1429; x_wconf 21' lang='grc' dir='ltr'><em>ν</em></span> 
     </span>
    </p>
   </div>
   <div class='ocr_carea' id='block_1_28' title="bbox 2050 1449 3549 1522">
    <p class='ocr_par' dir='ltr' id='par_1_28' title="bbox 2050 1449 3549 1522">
     <span class='ocr_line' id='line_1_28' title="bbox 2050 1449 3549 1522; baseline 0.003 -19"><span class='ocrx_word' id='word_1_212' title='bbox 2050 1449 2252 1506; x_wconf 81' lang='lat' dir='ltr'><strong>Verum</strong></span> <span class='ocrx_word' id='word_1_213' title='bbox 2282 1451 2359 1506; x_wconf 89' lang='lat' dir='ltr'><strong>illi</strong></span> <span class='ocrx_word' id='word_1_214' title='bbox 2385 1462 2696 1522; x_wconf 87' lang='lat' dir='ltr'><strong>nugentur;</strong></span> <span class='ocrx_word' id='word_1_215' title='bbox 2735 1469 2835 1510; x_wconf 88' lang='lat' dir='ltr'><strong>nos</strong></span> <span class='ocrx_word' id='word_1_216' title='bbox 2867 1465 3046 1509; x_wconf 90' lang='lat' dir='ltr'><strong>autem</strong></span> <span class='ocrx_word' id='word_1_217' title='bbox 3080 1454 3342 1509; x_wconf 87' lang='lat' dir='ltr'><strong>adeamus</strong></span> <span class='ocrx_word' id='word_1_218' title='bbox 3384 1454 3549 1510; x_wconf 87' lang='lat' dir='ltr'><strong>Beth-</strong></span> 
     </span>
    </p>
   </div>
   <div class='ocr_carea' id='block_1_29' title="bbox 1976 1542 3547 1617">
    <p class='ocr_par' dir='ltr' id='par_1_29' title="bbox 1976 1542 3547 1617">
     <span class='ocr_line' id='line_1_29' title="bbox 1976 1542 3547 1617; baseline 0.003 -21"><span class='ocrx_word' id='word_1_219' title='bbox 1976 1542 2114 1598; x_wconf 91' lang='lat' dir='ltr'><strong>leem</strong></span> <span class='ocrx_word' id='word_1_220' title='bbox 2147 1545 2327 1616; x_wconf 89' lang='lat' dir='ltr'><strong>magni</strong></span> <span class='ocrx_word' id='word_1_221' title='bbox 2351 1545 2568 1601; x_wconf 88' lang='lat' dir='ltr'><strong>consilii</strong></span> <span class='ocrx_word' id='word_1_222' title='bbox 2596 1543 2775 1602; x_wconf 76' lang='lat' dir='ltr'><strong>Patris</strong></span> <span class='ocrx_word' id='word_1_223' title='bbox 2799 1547 3062 1617; x_wconf 87' lang='lat' dir='ltr'><strong>Angelum</strong></span> <span class='ocrx_word' id='word_1_224' title='bbox 3092 1553 3278 1601; x_wconf 88' lang='lat' dir='ltr'><strong>nostra</strong></span> <span class='ocrx_word' id='word_1_225' title='bbox 3296 1546 3547 1601; x_wconf 89' lang='lat' dir='ltr'><strong>indutum</strong></span> 
     </span>
    </p>
   </div>
   <div class='ocr_carea' id='block_1_30' title="bbox 1980 1633 3547 1707">
    <p class='ocr_par' dir='ltr' id='par_1_30' title="bbox 1980 1633 3547 1707">
     <span class='ocr_line' id='line_1_30' title="bbox 1980 1633 3547 1707; baseline 0.002 -20"><span class='ocrx_word' id='word_1_226' title='bbox 1980 1633 2154 1688; x_wconf 86' lang='lat' dir='ltr'><strong>forma</strong></span> <span class='ocrx_word' id='word_1_227' title='bbox 2194 1634 2583 1705; x_wconf 89' lang='lat' dir='ltr'><strong>conspecturi,</strong></span> <span class='ocrx_word' id='word_1_228' title='bbox 2628 1651 2788 1706; x_wconf 88' lang='lat' dir='ltr'><strong>quem</strong></span> <span class='ocrx_word' id='word_1_229' title='bbox 2836 1652 2902 1691; x_wconf 77' lang='lat' dir='ltr'><strong>ex</strong></span> <span class='ocrx_word' id='word_1_230' title='bbox 2944 1643 3100 1691; x_wconf 87' lang='lat' dir='ltr'><strong>utero</strong></span> <span class='ocrx_word' id='word_1_231' title='bbox 3139 1636 3379 1707; x_wconf 83' lang='lat' dir='ltr'><strong>genitum</strong></span> <span class='ocrx_word' id='word_1_232' title='bbox 3422 1645 3547 1690; x_wconf 89' lang='lat' dir='ltr'><strong>ante</strong></span> 
     </span>
    </p>
   </div>
   <div class='ocr_carea' id='block_1_31' title="bbox 282 1707 3545 1803">
    <p class='ocr_par' dir='ltr' id='par_1_31' title="bbox 282 1707 3545 1803">
     <span class='ocr_line' id='line_1_31' title="bbox 282 1707 3545 1803; baseline -0.003 -13"><span class='ocrx_word' id='word_1_233' title='bbox 282 1748 465 1796; x_wconf 81' lang='lat' dir='ltr'><strong>scunt,</strong></span> <span class='ocrx_word' id='word_1_234' title='bbox 497 1750 803 1801; x_wconf 88' lang='lat' dir='ltr'><strong>eorumque</strong></span> <span class='ocrx_word' id='word_1_235' title='bbox 836 1733 1153 1803; x_wconf 76' lang='lat' dir='ltr'><strong>religionem</strong></span> <span class='ocrx_word' id='word_1_236' title='bbox 1199 1733 1357 1803; x_wconf 88' lang='lat' dir='ltr'><strong>quasi</strong></span> <span class='ocrx_word' id='word_1_237' title='bbox 1390 1733 1618 1791; x_wconf 88' lang='lat' dir='ltr'><strong>deorum</strong></span> <span class='ocrx_word' id='word_1_238' title='bbox 1656 1732 1873 1803; x_wconf 84' lang='lat' dir='ltr'><strong>magni-</strong></span> <span class='ocrx_word' id='word_1_239' title='bbox 1900 1707 1949 1767; x_wconf 78' lang='grc' dir='ltr'><strong>Β</strong></span> <span class='ocrx_word' id='word_1_240' title='bbox 1975 1724 2287 1781; x_wconf 84' lang='lat' dir='ltr'><strong>Luciferum</strong></span> <span class='ocrx_word' id='word_1_241' title='bbox 2314 1763 2331 1789; x_wconf 95' lang='lat'><strong>,</strong></span> <span class='ocrx_word' id='word_1_242' title='bbox 2367 1741 2512 1781; x_wconf 92' lang='lat' dir='ltr'><strong>nunc</strong></span> <span class='ocrx_word' id='word_1_243' title='bbox 2551 1726 2812 1783; x_wconf 85' lang='lat' dir='ltr'><strong>misertus</strong></span> <span class='ocrx_word' id='word_1_244' title='bbox 2846 1728 3015 1783; x_wconf 81' lang='lat' dir='ltr'><strong>nostri</strong></span> <span class='ocrx_word' id='word_1_245' title='bbox 3038 1769 3053 1791; x_wconf 89' lang='lat'><strong>,</strong></span> <span class='ocrx_word' id='word_1_246' title='bbox 3095 1728 3162 1783; x_wconf 88' lang='lat' dir='ltr'><strong>de</strong></span> <span class='ocrx_word' id='word_1_247' title='bbox 3170 1736 3357 1789; x_wconf 73' lang='lat' dir='ltr'><strong>matre</strong></span> <span class='ocrx_word' id='word_1_248' title='bbox 3392 1728 3545 1782; x_wconf 90' lang='lat' dir='ltr'><strong>nasci</strong></span> 
     </span>
    </p>
   </div>
   <div class='ocr_carea' id='block_1_32' title="bbox 286 1819 1868 1892">
    <p class='ocr_par' dir='ltr' id='par_1_32' title="bbox 286 1819 1868 1892">
     <span class='ocr_line' id='line_1_32' title="bbox 286 1819 1868 1892; baseline -0.001 -17"><span class='ocrx_word' id='word_1_249' title='bbox 286 1821 509 1876; x_wconf 77' lang='lat' dir='ltr'><strong>faciunt.</strong></span> <span class='ocrx_word' id='word_1_250' title='bbox 537 1819 639 1874; x_wconf 88' lang='lat' dir='ltr'><strong>Cui</strong></span> <span class='ocrx_word' id='word_1_251' title='bbox 669 1820 832 1889; x_wconf 85' lang='lat' dir='ltr'><strong>signa</strong></span> <span class='ocrx_word' id='word_1_252' title='bbox 872 1820 1036 1874; x_wconf 88' lang='lat' dir='ltr'><strong>etiam</strong></span> <span class='ocrx_word' id='word_1_253' title='bbox 1081 1821 1229 1884; x_wconf 90' lang='lat' dir='ltr'><strong>data,</strong></span> <span class='ocrx_word' id='word_1_254' title='bbox 1274 1834 1439 1876; x_wconf 89' lang='lat' dir='ltr'><strong>causa</strong></span> <span class='ocrx_word' id='word_1_255' title='bbox 1473 1821 1544 1876; x_wconf 94' lang='lat' dir='ltr'><strong>ob</strong></span> <span class='ocrx_word' id='word_1_256' title='bbox 1577 1835 1740 1892; x_wconf 91' lang='lat' dir='ltr'><strong>quam</strong></span> <span class='ocrx_word' id='word_1_257' title='bbox 1768 1820 1868 1874; x_wconf 84' lang='lat' dir='ltr'><strong>de-</strong></span> 
     </span>
    </p>
   </div>
   <div class='ocr_carea' id='block_1_33' title="bbox 283 1905 1865 1977">
    <p class='ocr_par' dir='ltr' id='par_1_33' title="bbox 283 1905 1865 1977">
     <span class='ocr_line' id='line_1_33' title="bbox 283 1905 1865 1977; baseline -0.001 -16"><span class='ocrx_word' id='word_1_258' title='bbox 283 1907 387 1961; x_wconf 83' lang='lat' dir='ltr'><strong>lata</strong></span> <span class='ocrx_word' id='word_1_259' title='bbox 427 1915 509 1962; x_wconf 88' lang='lat' dir='ltr'><strong>est</strong></span> <span class='ocrx_word' id='word_1_260' title='bbox 546 1906 625 1961; x_wconf 91' lang='lat' dir='ltr'><strong>illi</strong></span> <span class='ocrx_word' id='word_1_261' title='bbox 664 1907 928 1977; x_wconf 88' lang='lat' dir='ltr'><strong>dignitas,</strong></span> <span class='ocrx_word' id='word_1_262' title='bbox 972 1905 1179 1972; x_wconf 80' lang='lat' dir='ltr'><strong>fistula,</strong></span> <span class='ocrx_word' id='word_1_263' title='bbox 1237 1914 1291 1961; x_wconf 88' lang='lat' dir='ltr'><strong>et</strong></span> <span class='ocrx_word' id='word_1_264' title='bbox 1353 1921 1551 1971; x_wconf 90' lang='lat' dir='ltr'><strong>cornu,</strong></span> <span class='ocrx_word' id='word_1_265' title='bbox 1584 1916 1636 1963; x_wconf 92' lang='lat' dir='ltr'><strong>et</strong></span> <span class='ocrx_word' id='word_1_266' title='bbox 1667 1906 1865 1977; x_wconf 88' lang='lat' dir='ltr'><strong>pedum</strong></span> 
     </span>
    </p>
   </div>
   <div class='ocr_carea' id='block_1_34' title="bbox 282 1994 1866 2065">
    <p class='ocr_par' dir='ltr' id='par_1_34' title="bbox 282 1994 1866 2065">
     <span class='ocr_line' id='line_1_34' title="bbox 282 1994 1866 2065; baseline 0.002 -17"><span class='ocrx_word' id='word_1_267' title='bbox 282 1997 632 2065; x_wconf 84' lang='lat' dir='ltr'><strong>eaprinorum</strong></span> <span class='ocrx_word' id='word_1_268' title='bbox 683 1996 938 2051; x_wconf 89' lang='lat' dir='ltr'><strong>mistura.</strong></span> <span class='ocrx_word' id='word_1_269' title='bbox 987 1994 1163 2051; x_wconf 85' lang='lat' dir='ltr'><strong>Osiris</strong></span> <span class='ocrx_word' id='word_1_270' title='bbox 1204 2010 1423 2065; x_wconf 84' lang='lat' dir='ltr'><strong>quoque</strong></span> <span class='ocrx_word' id='word_1_271' title='bbox 1475 1997 1665 2052; x_wconf 91' lang='lat' dir='ltr'><strong>eodem</strong></span> <span class='ocrx_word' id='word_1_272' title='bbox 1708 1996 1866 2051; x_wconf 93' lang='lat' dir='ltr'><strong>titulo</strong></span> 
     </span>
    </p>
   </div>
   <div class='ocr_carea' id='block_1_35' title="bbox 283 2082 1866 2152">
    <p class='ocr_par' dir='ltr' id='par_1_35' title="bbox 283 2082 1866 2152">
     <span class='ocr_line' id='line_1_35' title="bbox 283 2082 1866 2152; baseline 0.003 -16"><span class='ocrx_word' id='word_1_273' title='bbox 283 2085 351 2137; x_wconf 82' lang='lat' dir='ltr'><strong>ab</strong></span> <span class='ocrx_word' id='word_1_274' title='bbox 376 2084 446 2137; x_wconf 88' lang='lat' dir='ltr'><strong>iis</strong></span> <span class='ocrx_word' id='word_1_275' title='bbox 472 2083 842 2147; x_wconf 87' lang='lat' dir='ltr'><strong>renuntiatur,</strong></span> <span class='ocrx_word' id='word_1_276' title='bbox 861 2082 1119 2152; x_wconf 87' lang='lat' dir='ltr'><strong>quoniam</strong></span> <span class='ocrx_word' id='word_1_277' title='bbox 1143 2082 1442 2137; x_wconf 84' lang='lat' dir='ltr'><strong>calliditate</strong></span> <span class='ocrx_word' id='word_1_278' title='bbox 1461 2098 1595 2139; x_wconf 91' lang='lat' dir='ltr'><strong>usus</strong></span> <span class='ocrx_word' id='word_1_279' title='bbox 1610 2096 1740 2138; x_wconf 86' lang='lat' dir='ltr'><strong>suos</strong></span> <span class='ocrx_word' id='word_1_280' title='bbox 1762 2083 1866 2140; x_wconf 90' lang='lat' dir='ltr'><strong>sibi</strong></span> 
     </span>
    </p>
   </div>
   <div class='ocr_carea' id='block_1_36' title="bbox 284 2172 1865 2244">
    <p class='ocr_par' dir='ltr' id='par_1_36' title="bbox 284 2172 1865 2244">
     <span class='ocr_line' id='line_1_36' title="bbox 284 2172 1865 2244; baseline 0.001 -18"><span class='ocrx_word' id='word_1_281' title='bbox 284 2172 470 2227; x_wconf 88' lang='lat' dir='ltr'><strong>hostes</strong></span> <span class='ocrx_word' id='word_1_282' title='bbox 496 2172 714 2241; x_wconf 83' lang='lat' dir='ltr'><strong>subegit</strong></span> <span class='ocrx_word' id='word_1_283' title='bbox 748 2172 894 2235; x_wconf 90' lang='lat' dir='ltr'><strong>telis,</strong></span> <span class='ocrx_word' id='word_1_284' title='bbox 921 2186 1030 2227; x_wconf 92' lang='lat' dir='ltr'><strong>non</strong></span> <span class='ocrx_word' id='word_1_285' title='bbox 1054 2178 1113 2225; x_wconf 92' lang='lat' dir='ltr'><strong>ut</strong></span> <span class='ocrx_word' id='word_1_286' title='bbox 1141 2179 1317 2236; x_wconf 90' lang='lat' dir='ltr'><strong>erant,</strong></span> <span class='ocrx_word' id='word_1_287' title='bbox 1337 2173 1423 2227; x_wconf 87' lang='lat' dir='ltr'><strong>sui</strong></span> <span class='ocrx_word' id='word_1_288' title='bbox 1457 2174 1701 2244; x_wconf 89' lang='lat' dir='ltr'><strong>speciem</strong></span> <span class='ocrx_word' id='word_1_289' title='bbox 1739 2172 1865 2228; x_wconf 78' lang='lat' dir='ltr'><strong>olfe-</strong></span> 
     </span>
    </p>
   </div>
   <div class='ocr_carea' id='block_1_37' title="bbox 282 2261 1858 2335">
    <p class='ocr_par' dir='ltr' id='par_1_37' title="bbox 282 2261 1858 2335">
     <span class='ocr_line' id='line_1_37' title="bbox 282 2261 1858 2335; baseline 0.001 -17"><span class='ocrx_word' id='word_1_290' title='bbox 282 2264 551 2324; x_wconf 85' lang='lat' dir='ltr'><strong>rentibus.</strong></span> <span class='ocrx_word' id='word_1_291' title='bbox 595 2262 689 2319; x_wconf 88' lang='lat' dir='ltr'><strong>sed</strong></span> <span class='ocrx_word' id='word_1_292' title='bbox 717 2263 1002 2319; x_wconf 84' lang='lat' dir='ltr'><strong>veritatem</strong></span> <span class='ocrx_word' id='word_1_293' title='bbox 1038 2261 1220 2334; x_wconf 87' lang='lat' dir='ltr'><strong>aliqua</strong></span> <span class='ocrx_word' id='word_1_294' title='bbox 1248 2280 1313 2319; x_wconf 84' lang='lat' dir='ltr'><strong>ex</strong></span> <span class='ocrx_word' id='word_1_295' title='bbox 1335 2274 1489 2335; x_wconf 89' lang='lat' dir='ltr'><strong>parte</strong></span> <span class='ocrx_word' id='word_1_296' title='bbox 1529 2265 1858 2321; x_wconf 80' lang='lat' dir='ltr'><strong>celantibus.</strong></span> 
     </span>
    </p>
   </div>
   <div class='ocr_carea' id='block_1_38' title="bbox 282 2353 1862 2426">
    <p class='ocr_par' dir='ltr' id='par_1_38' title="bbox 282 2353 1862 2426">
     <span class='ocr_line' id='line_1_38' title="bbox 282 2353 1862 2426; baseline 0 -15"><span class='ocrx_word' id='word_1_297' title='bbox 282 2353 443 2411; x_wconf 86' lang='lat' dir='ltr'><strong>Unde</strong></span> <span class='ocrx_word' id='word_1_298' title='bbox 488 2354 692 2410; x_wconf 90' lang='lat' dir='ltr'><strong>factum</strong></span> <span class='ocrx_word' id='word_1_299' title='bbox 744 2360 807 2408; x_wconf 87' lang='lat' dir='ltr'><strong>ut</strong></span> <span class='ocrx_word' id='word_1_300' title='bbox 855 2353 1014 2409; x_wconf 83' lang='lat' dir='ltr'><strong>facile</strong></span> <span class='ocrx_word' id='word_1_301' title='bbox 1052 2357 1196 2425; x_wconf 89' lang='lat' dir='ltr'><strong>capti</strong></span> <span class='ocrx_word' id='word_1_302' title='bbox 1246 2357 1378 2423; x_wconf 90' lang='lat' dir='ltr'><strong>sint,</strong></span> <span class='ocrx_word' id='word_1_303' title='bbox 1412 2357 1610 2426; x_wconf 87' lang='lat' dir='ltr'><strong>quibus</strong></span> <span class='ocrx_word' id='word_1_304' title='bbox 1651 2356 1862 2411; x_wconf 69' lang='lat' dir='ltr'><strong>insidiae</strong></span> 
     </span>
    </p>
   </div>
   <div class='ocr_carea' id='block_1_39' title="bbox 281 2440 1866 2518">
    <p class='ocr_par' dir='ltr' id='par_1_39' title="bbox 281 2440 1866 2518">
     <span class='ocr_line' id='line_1_39' title="bbox 281 2440 1866 2518; baseline 0.001 -18"><span class='ocrx_word' id='word_1_305' title='bbox 281 2455 483 2517; x_wconf 63' lang='lat' dir='ltr'><strong>paratae</strong></span> <span class='ocrx_word' id='word_1_306' title='bbox 507 2454 669 2501; x_wconf 87' lang='lat' dir='ltr'><strong>erant</strong></span> <span class='ocrx_word' id='word_1_307' title='bbox 700 2460 766 2501; x_wconf 92' lang='lat' dir='ltr'><strong>eo</strong></span> <span class='ocrx_word' id='word_1_308' title='bbox 813 2446 958 2516; x_wconf 91' lang='lat' dir='ltr'><strong>quod</strong></span> <span class='ocrx_word' id='word_1_309' title='bbox 992 2447 1176 2501; x_wconf 90' lang='lat' dir='ltr'><strong>dolum</strong></span> <span class='ocrx_word' id='word_1_310' title='bbox 1216 2462 1325 2501; x_wconf 91' lang='lat' dir='ltr'><strong>non</strong></span> <span class='ocrx_word' id='word_1_311' title='bbox 1365 2440 1742 2518; x_wconf 89' lang='lat' dir='ltr'><strong>eognoverint,</strong></span> <span class='ocrx_word' id='word_1_312' title='bbox 1792 2446 1866 2501; x_wconf 87' lang='lat' dir='ltr'><strong>si-</strong></span> 
     </span>
    </p>
   </div>
   <div class='ocr_carea' id='block_1_40' title="bbox 279 2536 1850 2608">
    <p class='ocr_par' dir='ltr' id='par_1_40' title="bbox 279 2536 1850 2608">
     <span class='ocr_line' id='line_1_40' title="bbox 279 2536 1850 2608; baseline -0.001 -15"><span class='ocrx_word' id='word_1_313' title='bbox 279 2536 442 2608; x_wconf 91' lang='lat' dir='ltr'><strong>bique</strong></span> <span class='ocrx_word' id='word_1_314' title='bbox 492 2551 606 2592; x_wconf 91' lang='lat' dir='ltr'><strong>non</strong></span> <span class='ocrx_word' id='word_1_315' title='bbox 674 2536 1070 2600; x_wconf 89' lang='lat' dir='ltr'><strong>consuluerint,</strong></span> <span class='ocrx_word' id='word_1_316' title='bbox 1120 2536 1215 2591; x_wconf 92' lang='lat' dir='ltr'><strong>sed</strong></span> <span class='ocrx_word' id='word_1_317' title='bbox 1270 2536 1326 2590; x_wconf 91' lang='lat' dir='ltr'><strong>in</strong></span> <span class='ocrx_word' id='word_1_318' title='bbox 1378 2536 1679 2606; x_wconf 90' lang='lat' dir='ltr'><strong>periculum</strong></span> <span class='ocrx_word' id='word_1_319' title='bbox 1728 2550 1850 2593; x_wconf 90' lang='lat' dir='ltr'><strong>sese</strong></span> 
     </span>
    </p>
   </div>
   <div class='ocr_carea' id='block_1_41' title="bbox 280 2625 1865 2696">
    <p class='ocr_par' dir='ltr' id='par_1_41' title="bbox 280 2625 1865 2696">
     <span class='ocr_line' id='line_1_41' title="bbox 280 2625 1865 2696; baseline 0 -15"><span class='ocrx_word' id='word_1_320' title='bbox 280 2634 495 2682; x_wconf 84' lang='lat' dir='ltr'><strong>temere</strong></span> <span class='ocrx_word' id='word_1_321' title='bbox 542 2625 902 2695; x_wconf 85' lang='lat' dir='ltr'><strong>conjecerint.</strong></span> <span class='ocrx_word' id='word_1_322' title='bbox 960 2625 1154 2681; x_wconf 81' lang='lat' dir='ltr'><strong>Verum</strong></span> <span class='ocrx_word' id='word_1_323' title='bbox 1212 2626 1266 2680; x_wconf 92' lang='lat' dir='ltr'><strong>in</strong></span> <span class='ocrx_word' id='word_1_324' title='bbox 1319 2625 1407 2682; x_wconf 88' lang='lat' dir='ltr'><strong>his</strong></span> <span class='ocrx_word' id='word_1_325' title='bbox 1448 2625 1660 2696; x_wconf 88' lang='lat' dir='ltr'><strong>quidem</strong></span> <span class='ocrx_word' id='word_1_326' title='bbox 1703 2625 1865 2681; x_wconf 75' lang='lat' dir='ltr'><strong>homo</strong></span> 
     </span>
    </p>
   </div>
   <div class='ocr_carea' id='block_1_42' title="bbox 277 2715 1861 2786">
    <p class='ocr_par' dir='ltr' id='par_1_42' title="bbox 277 2715 1861 2786">
     <span class='ocr_line' id='line_1_42' title="bbox 277 2715 1861 2786; baseline 0.001 -16"><span class='ocrx_word' id='word_1_327' title='bbox 277 2716 506 2770; x_wconf 81' lang='lat' dir='ltr'><strong>vanitati</strong></span> <span class='ocrx_word' id='word_1_328' title='bbox 544 2715 880 2771; x_wconf 86' lang='lat' dir='ltr'><strong>inserviebat</strong></span> <span class='ocrx_word' id='word_1_329' title='bbox 906 2755 920 2780; x_wconf 95' lang='lat'><strong>,</strong></span> <span class='ocrx_word' id='word_1_330' title='bbox 968 2730 1033 2770; x_wconf 89' lang='lat' dir='ltr'><strong>ea</strong></span> <span class='ocrx_word' id='word_1_331' title='bbox 1065 2715 1310 2771; x_wconf 80' lang='lat' dir='ltr'><strong>sentiens</strong></span> <span class='ocrx_word' id='word_1_332' title='bbox 1351 2730 1471 2786; x_wconf 68' lang='lat' dir='ltr'><strong>qua:</strong></span> <span class='ocrx_word' id='word_1_333' title='bbox 1496 2715 1575 2771; x_wconf 89' lang='lat' dir='ltr'><strong>illi</strong></span> <span class='ocrx_word' id='word_1_334' title='bbox 1604 2730 1637 2770; x_wconf 91' lang='lat' dir='ltr'><strong>a</strong></span> <span class='ocrx_word' id='word_1_335' title='bbox 1662 2716 1861 2786; x_wconf 84' lang='lat' dir='ltr'><strong>quibus</strong></span> 
     </span>
    </p>
   </div>
   <div class='ocr_carea' id='block_1_43' title="bbox 278 2804 1859 2877">
    <p class='ocr_par' dir='ltr' id='par_1_43' title="bbox 278 2804 1859 2877">
     <span class='ocr_line' id='line_1_43' title="bbox 278 2804 1859 2877; baseline 0.001 -16"><span class='ocrx_word' id='word_1_336' title='bbox 278 2808 337 2861; x_wconf 90' lang='lat' dir='ltr'><strong>in</strong></span> <span class='ocrx_word' id='word_1_337' title='bbox 362 2807 685 2863; x_wconf 86' lang='lat' dir='ltr'><strong>servitutem</strong></span> <span class='ocrx_word' id='word_1_338' title='bbox 711 2805 968 2862; x_wconf 90' lang='lat' dir='ltr'><strong>redactus</strong></span> <span class='ocrx_word' id='word_1_339' title='bbox 1001 2812 1141 2862; x_wconf 90' lang='lat' dir='ltr'><strong>erat.</strong></span> <span class='ocrx_word' id='word_1_340' title='bbox 1172 2804 1359 2876; x_wconf 86' lang='lat' dir='ltr'><strong>Neque</strong></span> <span class='ocrx_word' id='word_1_341' title='bbox 1386 2806 1530 2861; x_wconf 91' lang='lat' dir='ltr'><strong>enim</strong></span> <span class='ocrx_word' id='word_1_342' title='bbox 1558 2806 1672 2862; x_wconf 83' lang='lat' dir='ltr'><strong>fieri</strong></span> <span class='ocrx_word' id='word_1_343' title='bbox 1704 2814 1859 2877; x_wconf 89' lang='lat' dir='ltr'><strong>pote-</strong></span> 
     </span>
    </p>
   </div>
   <div class='ocr_carea' id='block_1_44' title="bbox 282 2895 1858 2970">
    <p class='ocr_par' dir='ltr' id='par_1_44' title="bbox 282 2895 1858 2970">
     <span class='ocr_line' id='line_1_44' title="bbox 282 2895 1858 2970; baseline -0.003 -15"><span class='ocrx_word' id='word_1_344' title='bbox 282 2910 370 2955; x_wconf 85' lang='lat' dir='ltr'><strong>rat</strong></span> <span class='ocrx_word' id='word_1_345' title='bbox 399 2900 539 2970; x_wconf 90' lang='lat' dir='ltr'><strong>quin</strong></span> <span class='ocrx_word' id='word_1_346' title='bbox 569 2899 641 2963; x_wconf 91' lang='lat' dir='ltr'><strong>is,</strong></span> <span class='ocrx_word' id='word_1_347' title='bbox 665 2898 759 2967; x_wconf 90' lang='lat' dir='ltr'><strong>qui</strong></span> <span class='ocrx_word' id='word_1_348' title='bbox 786 2912 975 2954; x_wconf 90' lang='lat' dir='ltr'><strong>verum</strong></span> <span class='ocrx_word' id='word_1_349' title='bbox 1007 2895 1179 2952; x_wconf 91' lang='lat' dir='ltr'><strong>Deum</strong></span> <span class='ocrx_word' id='word_1_350' title='bbox 1215 2896 1582 2967; x_wconf 87' lang='lat' dir='ltr'><strong>ignoraverat,</strong></span> <span class='ocrx_word' id='word_1_351' title='bbox 1602 2897 1679 2951; x_wconf 89' lang='lat' dir='ltr'><strong>ita</strong></span> <span class='ocrx_word' id='word_1_352' title='bbox 1710 2905 1858 2953; x_wconf 88' lang='lat' dir='ltr'><strong>esset</strong></span> 
     </span>
    </p>
   </div>
   <div class='ocr_carea' id='block_1_45' title="bbox 1969 1818 3547 1889">
    <p class='ocr_par' dir='ltr' id='par_1_45' title="bbox 1969 1818 3547 1889">
     <span class='ocr_line' id='line_1_45' title="bbox 1969 1818 3547 1889; baseline 0.003 -20"><span class='ocrx_word' id='word_1_353' title='bbox 1969 1818 2182 1881; x_wconf 90' lang='lat' dir='ltr'><strong>voluit,</strong></span> <span class='ocrx_word' id='word_1_354' title='bbox 2224 1826 2279 1873; x_wconf 91' lang='lat' dir='ltr'><strong>et</strong></span> <span class='ocrx_word' id='word_1_355' title='bbox 2308 1832 2433 1873; x_wconf 93' lang='lat' dir='ltr'><strong>cum</strong></span> <span class='ocrx_word' id='word_1_356' title='bbox 2474 1819 2671 1889; x_wconf 84' lang='lat' dir='ltr'><strong>egenis</strong></span> <span class='ocrx_word' id='word_1_357' title='bbox 2702 1827 2757 1873; x_wconf 91' lang='lat' dir='ltr'><strong>et</strong></span> <span class='ocrx_word' id='word_1_358' title='bbox 2792 1818 2990 1874; x_wconf 87' lang='lat' dir='ltr'><strong>vilibus</strong></span> <span class='ocrx_word' id='word_1_359' title='bbox 3034 1820 3390 1885; x_wconf 88' lang='lat' dir='ltr'><strong>conversari,</strong></span> <span class='ocrx_word' id='word_1_360' title='bbox 3430 1834 3547 1874; x_wconf 65' lang='lat' dir='ltr'><strong>sum</strong></span> 
     </span>
    </p>
   </div>
   <div class='ocr_carea' id='block_1_46' title="bbox 1973 1906 3541 1981">
    <p class='ocr_par' dir='ltr' id='par_1_46' title="bbox 1973 1906 3541 1981">
     <span class='ocr_line' id='line_1_46' title="bbox 1973 1906 3541 1981; baseline 0.004 -23"><span class='ocrx_word' id='word_1_361' title='bbox 1973 1906 2199 1977; x_wconf 65' lang='lat' dir='ltr'><strong>gloria),</strong></span> <span class='ocrx_word' id='word_1_362' title='bbox 2252 1906 2677 1981; x_wconf 84' lang='lat' dir='ltr'><strong>divitiarumque</strong></span> <span class='ocrx_word' id='word_1_363' title='bbox 2738 1909 3031 1965; x_wconf 65' lang='lat' dir='ltr'><strong>hazredem.</strong></span> <span class='ocrx_word' id='word_1_364' title='bbox 3084 1909 3541 1975; x_wconf 88' lang='lat' dir='ltr'><strong>Consideremus,</strong></span> 
     </span>
    </p>
   </div>
   <div class='ocr_carea' id='block_1_47' title="bbox 1970 1996 3543 2070">
    <p class='ocr_par' dir='ltr' id='par_1_47' title="bbox 1970 1996 3543 2070">
     <span class='ocr_line' id='line_1_47' title="bbox 1970 1996 3543 2070; baseline 0.003 -21"><span class='ocrx_word' id='word_1_365' title='bbox 1970 2011 2093 2066; x_wconf 78' lang='lat' dir='ltr'><strong>qua:</strong></span> <span class='ocrx_word' id='word_1_366' title='bbox 2149 1996 2219 2050; x_wconf 91' lang='lat' dir='ltr'><strong>ibi</strong></span> <span class='ocrx_word' id='word_1_367' title='bbox 2274 1996 2445 2062; x_wconf 83' lang='lat' dir='ltr'><strong>fiunt,</strong></span> <span class='ocrx_word' id='word_1_368' title='bbox 2505 1996 2727 2054; x_wconf 84' lang='lat' dir='ltr'><strong>Matrem</strong></span> <span class='ocrx_word' id='word_1_369' title='bbox 2791 2014 2929 2052; x_wconf 90' lang='lat' dir='ltr'><strong>nova</strong></span> <span class='ocrx_word' id='word_1_370' title='bbox 2980 2008 3165 2068; x_wconf 88' lang='lat' dir='ltr'><strong>partus</strong></span> <span class='ocrx_word' id='word_1_371' title='bbox 3220 1999 3337 2070; x_wconf 89' lang='lat' dir='ltr'><strong>lege</strong></span> <span class='ocrx_word' id='word_1_372' title='bbox 3384 2011 3543 2054; x_wconf 82' lang='lat' dir='ltr'><strong>uter:-</strong></span> 
     </span>
    </p>
   </div>
   <div class='ocr_carea' id='block_1_48' title="bbox 1970 2088 3540 2159">
    <p class='ocr_par' dir='ltr' id='par_1_48' title="bbox 1970 2088 3540 2159">
     <span class='ocr_line' id='line_1_48' title="bbox 1970 2088 3540 2159; baseline 0.001 -17"><span class='ocrx_word' id='word_1_373' title='bbox 1970 2098 2076 2142; x_wconf 89' lang='lat' dir='ltr'><strong>tem</strong></span> <span class='ocrx_word' id='word_1_374' title='bbox 2143 2088 2263 2157; x_wconf 84' lang='lat'><strong>(9),</strong></span> <span class='ocrx_word' id='word_1_375' title='bbox 2338 2088 2605 2143; x_wconf 86' lang='lat' dir='ltr'><strong>Infantem</strong></span> <span class='ocrx_word' id='word_1_376' title='bbox 2672 2098 2868 2143; x_wconf 87' lang='lat' dir='ltr'><strong>natura</strong></span> <span class='ocrx_word' id='word_1_377' title='bbox 2950 2090 3067 2159; x_wconf 92' lang='lat' dir='ltr'><strong>ipsa</strong></span> <span class='ocrx_word' id='word_1_378' title='bbox 3126 2090 3491 2159; x_wconf 90' lang='lat' dir='ltr'><strong>antiquiorem</strong></span> <span class='ocrx_word' id='word_1_379' title='bbox 3514 2126 3540 2154; x_wconf 84' lang='lat'><strong>_,</strong></span> 
     </span>
    </p>
   </div>
   <div class='ocr_carea' id='block_1_49' title="bbox 1974 2179 3540 2251">
    <p class='ocr_par' dir='ltr' id='par_1_49' title="bbox 1974 2179 3540 2251">
     <span class='ocr_line' id='line_1_49' title="bbox 1974 2179 3540 2251; baseline 0.001 -18"><span class='ocrx_word' id='word_1_380' title='bbox 1974 2179 2141 2234; x_wconf 90' lang='lat' dir='ltr'><strong>Deum</strong></span> <span class='ocrx_word' id='word_1_381' title='bbox 2206 2180 2260 2235; x_wconf 92' lang='lat' dir='ltr'><strong>in</strong></span> <span class='ocrx_word' id='word_1_382' title='bbox 2332 2180 2518 2234; x_wconf 82' lang='lat' dir='ltr'><strong>fasciis</strong></span> <span class='ocrx_word' id='word_1_383' title='bbox 2576 2180 2881 2249; x_wconf 88' lang='lat' dir='ltr'><strong>jacentem,</strong></span> <span class='ocrx_word' id='word_1_384' title='bbox 2940 2182 2999 2235; x_wconf 85' lang='lat' dir='ltr'><strong>in</strong></span> <span class='ocrx_word' id='word_1_385' title='bbox 3055 2182 3339 2235; x_wconf 88' lang='lat' dir='ltr'><strong>brutorum</strong></span> <span class='ocrx_word' id='word_1_386' title='bbox 3402 2196 3540 2251; x_wconf 75' lang='lat' dir='ltr'><strong>prae-</strong></span> 
     </span>
    </p>
   </div>
   <div class='ocr_carea' id='block_1_50' title="bbox 1969 2268 3538 2343">
    <p class='ocr_par' dir='ltr' id='par_1_50' title="bbox 1969 2268 3538 2343">
     <span class='ocr_line' id='line_1_50' title="bbox 1969 2268 3538 2343; baseline -0.001 -19"><span class='ocrx_word' id='word_1_387' title='bbox 1969 2270 2082 2339; x_wconf 83' lang='lat' dir='ltr'><strong>sepi</strong></span> <span class='ocrx_word' id='word_1_388' title='bbox 2127 2270 2426 2325; x_wconf 90' lang='lat' dir='ltr'><strong>immorans</strong></span> <span class='ocrx_word' id='word_1_389' title='bbox 2471 2268 2743 2335; x_wconf 82' lang='lat' dir='ltr'><strong>Verbum,</strong></span> <span class='ocrx_word' id='word_1_390' title='bbox 2794 2279 2851 2326; x_wconf 93' lang='lat' dir='ltr'><strong>ut</strong></span> <span class='ocrx_word' id='word_1_391' title='bbox 2894 2286 2992 2343; x_wconf 90' lang='lat' dir='ltr'><strong>ego</strong></span> <span class='ocrx_word' id='word_1_392' title='bbox 3038 2273 3157 2327; x_wconf 87' lang='lat' dir='ltr'><strong>vale</strong></span> <span class='ocrx_word' id='word_1_393' title='bbox 3212 2271 3401 2327; x_wconf 88' lang='lat' dir='ltr'><strong>dicens</strong></span> <span class='ocrx_word' id='word_1_394' title='bbox 3452 2271 3538 2323; x_wconf 82' lang='lat' dir='ltr'><strong>in-</strong></span> 
     </span>
    </p>
   </div>
   <div class='ocr_carea' id='block_1_51' title="bbox 1967 2361 3655 2436">
    <p class='ocr_par' dir='ltr' id='par_1_51' title="bbox 1967 2361 3655 2436">
     <span class='ocr_line' id='line_1_51' title="bbox 1967 2361 3655 2436; baseline -0.001 -20"><span class='ocrx_word' id='word_1_395' title='bbox 1967 2361 2160 2416; x_wconf 89' lang='lat' dir='ltr'><strong>stituto</strong></span> <span class='ocrx_word' id='word_1_396' title='bbox 2203 2362 2416 2416; x_wconf 89' lang='lat' dir='ltr'><strong>vivendi</strong></span> <span class='ocrx_word' id='word_1_397' title='bbox 2450 2377 2601 2417; x_wconf 90' lang='lat' dir='ltr'><strong>more</strong></span> <span class='ocrx_word' id='word_1_398' title='bbox 2618 2363 2927 2429; x_wconf 91' lang='lat' dir='ltr'><strong>brutorum,</strong></span> <span class='ocrx_word' id='word_1_399' title='bbox 2954 2364 3189 2420; x_wconf 80' lang='lat' dir='ltr'><strong>Verbum</strong></span> <span class='ocrx_word' id='word_1_400' title='bbox 3222 2378 3536 2436; x_wconf 82' lang='lat' dir='ltr'><strong>agnoscam,</strong></span> <span class='ocrx_word' id='word_1_401' title='bbox 3638 2380 3655 2389; x_wconf 60' lang='grc' dir='ltr'><strong><em>ί</em></strong></span> 
     </span>
    </p>
   </div>
   <div class='ocr_carea' id='block_1_52' title="bbox 1964 2446 3541 2525">
    <p class='ocr_par' dir='ltr' id='par_1_52' title="bbox 1964 2446 3541 2525">
     <span class='ocr_line' id='line_1_52' title="bbox 1964 2446 3541 2525; baseline 0.002 -19"><span class='ocrx_word' id='word_1_402' title='bbox 1964 2459 2020 2506; x_wconf 91' lang='lat' dir='ltr'><strong>et</strong></span> <span class='ocrx_word' id='word_1_403' title='bbox 2046 2465 2170 2504; x_wconf 92' lang='lat' dir='ltr'><strong>cum</strong></span> <span class='ocrx_word' id='word_1_404' title='bbox 2198 2466 2263 2507; x_wconf 91' lang='lat' dir='ltr'><strong>eo</strong></span> <span class='ocrx_word' id='word_1_405' title='bbox 2294 2452 2453 2507; x_wconf 88' lang='lat' dir='ltr'><strong>simul</strong></span> <span class='ocrx_word' id='word_1_406' title='bbox 2478 2446 2777 2522; x_wconf 86' lang='lat' dir='ltr'><strong>quiescam.</strong></span> <span class='ocrx_word' id='word_1_407' title='bbox 2810 2453 2946 2508; x_wconf 87' lang='lat' dir='ltr'><strong>Nam</strong></span> <span class='ocrx_word' id='word_1_408' title='bbox 2979 2454 3110 2525; x_wconf 90' lang='lat' dir='ltr'><strong>quia</strong></span> <span class='ocrx_word' id='word_1_409' title='bbox 3137 2453 3367 2510; x_wconf 86' lang='lat' dir='ltr'><strong>rationis</strong></span> <span class='ocrx_word' id='word_1_410' title='bbox 3407 2468 3541 2509; x_wconf 61' lang='lat' dir='ltr'><strong>mea:</strong></span> 
     </span>
    </p>
   </div>
   <div class='ocr_carea' id='block_1_53' title="bbox 1967 2544 3539 2613">
    <p class='ocr_par' dir='ltr' id='par_1_53' title="bbox 1967 2544 3539 2613">
     <span class='ocr_line' id='line_1_53' title="bbox 1967 2544 3539 2613; baseline 0.001 -14"><span class='ocrx_word' id='word_1_411' title='bbox 1967 2545 2219 2599; x_wconf 90' lang='lat' dir='ltr'><strong>nobilitas</strong></span> <span class='ocrx_word' id='word_1_412' title='bbox 2250 2544 2302 2597; x_wconf 92' lang='lat' dir='ltr'><strong>in</strong></span> <span class='ocrx_word' id='word_1_413' title='bbox 2332 2544 2596 2600; x_wconf 88' lang='lat' dir='ltr'><strong>vilitatem</strong></span> <span class='ocrx_word' id='word_1_414' title='bbox 2638 2546 2858 2601; x_wconf 88' lang='lat' dir='ltr'><strong>redacta</strong></span> <span class='ocrx_word' id='word_1_415' title='bbox 2884 2555 3025 2613; x_wconf 90' lang='lat' dir='ltr'><strong>erat,</strong></span> <span class='ocrx_word' id='word_1_416' title='bbox 3055 2546 3297 2601; x_wconf 84' lang='lat' dir='ltr'><strong>motibus</strong></span> <span class='ocrx_word' id='word_1_417' title='bbox 3325 2546 3539 2601; x_wconf 82' lang='lat' dir='ltr'><strong>ratione</strong></span> 
     </span>
    </p>
   </div>
   <div class='ocr_carea' id='block_1_54' title="bbox 1965 2634 3541 2708">
    <p class='ocr_par' dir='ltr' id='par_1_54' title="bbox 1965 2634 3541 2708">
     <span class='ocr_line' id='line_1_54' title="bbox 1965 2634 3541 2708; baseline 0.003 -19"><span class='ocrx_word' id='word_1_418' title='bbox 1965 2637 2284 2690; x_wconf 90' lang='lat' dir='ltr'><strong>carentibus</strong></span> <span class='ocrx_word' id='word_1_419' title='bbox 2312 2634 2600 2705; x_wconf 89' lang='lat' dir='ltr'><strong>subjugata</strong></span> <span class='ocrx_word' id='word_1_420' title='bbox 2628 2653 2642 2700; x_wconf 88' lang='lat'><strong>;</strong></span> <span class='ocrx_word' id='word_1_421' title='bbox 2676 2634 2891 2708; x_wconf 77' lang='lat' dir='ltr'><strong>subque</strong></span> <span class='ocrx_word' id='word_1_422' title='bbox 2920 2638 3225 2708; x_wconf 88' lang='lat' dir='ltr'><strong>ponderosa</strong></span> <span class='ocrx_word' id='word_1_423' title='bbox 3267 2652 3433 2693; x_wconf 86' lang='lat' dir='ltr'><strong>carne</strong></span> <span class='ocrx_word' id='word_1_424' title='bbox 3453 2636 3541 2708; x_wconf 83' lang='lat' dir='ltr'><strong>ja-</strong></span> 
     </span>
    </p>
   </div>
   <div class='ocr_carea' id='block_1_55' title="bbox 1962 2722 3532 2793">
    <p class='ocr_par' dir='ltr' id='par_1_55' title="bbox 1962 2722 3532 2793">
     <span class='ocr_line' id='line_1_55' title="bbox 1962 2722 3532 2793; baseline 0.001 -16"><span class='ocrx_word' id='word_1_425' title='bbox 1962 2722 2146 2788; x_wconf 90' lang='lat' dir='ltr'><strong>cebat,</strong></span> <span class='ocrx_word' id='word_1_426' title='bbox 2193 2737 2314 2793; x_wconf 65' lang='lat' dir='ltr'><strong>quae</strong></span> <span class='ocrx_word' id='word_1_427' title='bbox 2360 2722 2408 2777; x_wconf 93' lang='lat' dir='ltr'><strong>ei</strong></span> <span class='ocrx_word' id='word_1_428' title='bbox 2455 2722 2748 2791; x_wconf 85' lang='lat' dir='ltr'><strong>conjuncta</strong></span> <span class='ocrx_word' id='word_1_429' title='bbox 2790 2735 2941 2790; x_wconf 89' lang='lat' dir='ltr'><strong>erat;</strong></span> <span class='ocrx_word' id='word_1_430' title='bbox 2991 2732 3048 2780; x_wconf 93' lang='lat' dir='ltr'><strong>ut</strong></span> <span class='ocrx_word' id='word_1_431' title='bbox 3101 2726 3337 2781; x_wconf 85' lang='lat' dir='ltr'><strong>sublime</strong></span> <span class='ocrx_word' id='word_1_432' title='bbox 3384 2724 3532 2780; x_wconf 88' lang='lat' dir='ltr'><strong>illam</strong></span> 
     </span>
    </p>
   </div>
   <div class='ocr_carea' id='block_1_56' title="bbox 1963 2813 3539 2881">
    <p class='ocr_par' dir='ltr' id='par_1_56' title="bbox 1963 2813 3539 2881">
     <span class='ocr_line' id='line_1_56' title="bbox 1963 2813 3539 2881; baseline 0.003 -13"><span class='ocrx_word' id='word_1_433' title='bbox 1963 2813 2213 2868; x_wconf 84' lang='lat' dir='ltr'><strong>eveheret</strong></span> <span class='ocrx_word' id='word_1_434' title='bbox 2239 2852 2255 2876; x_wconf 93' lang='lat'><strong>,</strong></span> <span class='ocrx_word' id='word_1_435' title='bbox 2291 2827 2512 2868; x_wconf 89' lang='lat' dir='ltr'><strong>carnem</strong></span> <span class='ocrx_word' id='word_1_436' title='bbox 2561 2815 2667 2869; x_wconf 90' lang='lat' dir='ltr'><strong>sibi</strong></span> <span class='ocrx_word' id='word_1_437' title='bbox 2699 2816 2816 2869; x_wconf 92' lang='lat' dir='ltr'><strong>unit</strong></span> <span class='ocrx_word' id='word_1_438' title='bbox 2850 2814 3083 2871; x_wconf 87' lang='lat' dir='ltr'><strong>Verbum</strong></span> <span class='ocrx_word' id='word_1_439' title='bbox 3113 2816 3369 2881; x_wconf 89' lang='lat' dir='ltr'><strong>Creator,</strong></span> <span class='ocrx_word' id='word_1_440' title='bbox 3399 2823 3539 2873; x_wconf 85' lang='lat' dir='ltr'><strong>utet</strong></span> 
     </span>
    </p>
   </div>
   <div class='ocr_carea' id='block_1_57' title="bbox 1966 2903 3537 2973">
    <p class='ocr_par' dir='ltr' id='par_1_57' title="bbox 1966 2903 3537 2973">
     <span class='ocr_line' id='line_1_57' title="bbox 1966 2903 3537 2973; baseline 0.005 -18"><span class='ocrx_word' id='word_1_441' title='bbox 1966 2903 2106 2956; x_wconf 85' lang='lat' dir='ltr'><strong>ratio</strong></span> <span class='ocrx_word' id='word_1_442' title='bbox 2156 2917 2269 2959; x_wconf 72' lang='lat' dir='ltr'><strong>sua:</strong></span> <span class='ocrx_word' id='word_1_443' title='bbox 2330 2904 2598 2959; x_wconf 89' lang='lat' dir='ltr'><strong>nobilitati</strong></span> <span class='ocrx_word' id='word_1_444' title='bbox 2656 2907 3069 2973; x_wconf 86' lang='lat' dir='ltr'><strong>restitueretur,</strong></span> <span class='ocrx_word' id='word_1_445' title='bbox 3128 2916 3188 2962; x_wconf 94' lang='lat' dir='ltr'><strong>ut</strong></span> <span class='ocrx_word' id='word_1_446' title='bbox 3251 2922 3381 2964; x_wconf 87' lang='lat' dir='ltr'><strong>caro</strong></span> <span class='ocrx_word' id='word_1_447' title='bbox 3431 2924 3537 2963; x_wconf 89' lang='lat' dir='ltr'><strong>non</strong></span> 
     </span>
    </p>
   </div>
   <div class='ocr_carea' id='block_1_58' title="bbox 284 2984 3535 3069">
    <p class='ocr_par' dir='ltr' id='par_1_58' title="bbox 284 2984 3535 3069">
     <span class='ocr_line' id='line_1_58' title="bbox 284 2984 3535 3069; baseline 0.002 -24"><span class='ocrx_word' id='word_1_448' title='bbox 284 2989 539 3055; x_wconf 80' lang='lat' dir='ltr'><strong>affectus,</strong></span> <span class='ocrx_word' id='word_1_449' title='bbox 584 2998 643 3043; x_wconf 94' lang='lat' dir='ltr'><strong>ut</strong></span> <span class='ocrx_word' id='word_1_450' title='bbox 674 2988 775 3043; x_wconf 91' lang='lat' dir='ltr'><strong>sibi</strong></span> <span class='ocrx_word' id='word_1_451' title='bbox 810 2988 944 3043; x_wconf 88' lang='lat' dir='ltr'><strong>deos</strong></span> <span class='ocrx_word' id='word_1_452' title='bbox 972 2995 1208 3053; x_wconf 87' lang='lat' dir='ltr'><strong>crearet,</strong></span> <span class='ocrx_word' id='word_1_453' title='bbox 1243 3000 1344 3042; x_wconf 90' lang='lat' dir='ltr'><strong>nec</strong></span> <span class='ocrx_word' id='word_1_454' title='bbox 1369 2984 1531 3041; x_wconf 81' lang='lat' dir='ltr'><strong>linem</strong></span> <span class='ocrx_word' id='word_1_455' title='bbox 1563 2987 1730 3041; x_wconf 87' lang='lat' dir='ltr'><strong>ullum</strong></span> <span class='ocrx_word' id='word_1_456' title='bbox 1759 2988 1857 3042; x_wconf 87' lang='lat' dir='ltr'><strong>ha—</strong></span> <span class='ocrx_word' id='word_1_457' title='bbox 1884 3038 1924 3069; x_wconf 62' lang='grc' dir='ltr'><strong><em>ρ</em></strong></span> <span class='ocrx_word' id='word_1_458' title='bbox 1958 2995 2181 3048; x_wconf 82' lang='lat' dir='ltr'><strong>omnino</strong></span> <span class='ocrx_word' id='word_1_459' title='bbox 2242 2995 2309 3049; x_wconf 91' lang='lat' dir='ltr'><strong>ad</strong></span> <span class='ocrx_word' id='word_1_460' title='bbox 2364 2996 2470 3050; x_wconf 90' lang='lat' dir='ltr'><strong>ima</strong></span> <span class='ocrx_word' id='word_1_461' title='bbox 2537 2995 2779 3062; x_wconf 87' lang='lat' dir='ltr'><strong>feratur,</strong></span> <span class='ocrx_word' id='word_1_462' title='bbox 2843 2999 3041 3054; x_wconf 88' lang='lat' dir='ltr'><strong>rationi</strong></span> <span class='ocrx_word' id='word_1_463' title='bbox 3102 3012 3301 3069; x_wconf 90' lang='lat' dir='ltr'><strong>parens</strong></span> <span class='ocrx_word' id='word_1_464' title='bbox 3330 3040 3346 3065; x_wconf 88' lang='lat'><strong>,</strong></span> <span class='ocrx_word' id='word_1_465' title='bbox 3427 3013 3535 3054; x_wconf 92' lang='lat' dir='ltr'><strong>non</strong></span> 
     </span>
    </p>
   </div>
   <div class='ocr_carea' id='block_1_59' title="bbox 282 3078 1856 3152">
    <p class='ocr_par' dir='ltr' id='par_1_59' title="bbox 282 3078 1856 3152">
     <span class='ocr_line' id='line_1_59' title="bbox 282 3078 1856 3152; baseline -0.003 -14"><span class='ocrx_word' id='word_1_466' title='bbox 282 3084 436 3138; x_wconf 88' lang='lat' dir='ltr'><strong>beret</strong></span> <span class='ocrx_word' id='word_1_467' title='bbox 470 3098 584 3150; x_wconf 82' lang='lat' dir='ltr'><strong>prae</strong></span> <span class='ocrx_word' id='word_1_468' title='bbox 613 3081 961 3152; x_wconf 87' lang='lat' dir='ltr'><strong>ignorantia,</strong></span> <span class='ocrx_word' id='word_1_469' title='bbox 997 3080 1093 3135; x_wconf 89' lang='lat' dir='ltr'><strong>sed</strong></span> <span class='ocrx_word' id='word_1_470' title='bbox 1125 3080 1193 3134; x_wconf 90' lang='lat' dir='ltr'><strong>ad</strong></span> <span class='ocrx_word' id='word_1_471' title='bbox 1222 3079 1516 3144; x_wconf 87' lang='lat' dir='ltr'><strong>deteriora,</strong></span> <span class='ocrx_word' id='word_1_472' title='bbox 1540 3078 1687 3134; x_wconf 92' lang='lat' dir='ltr'><strong>velut</strong></span> <span class='ocrx_word' id='word_1_473' title='bbox 1713 3082 1856 3134; x_wconf 89' lang='lat' dir='ltr'><strong>unda</strong></span> 
     </span>
    </p>
   </div>
   <div class='ocr_carea' id='block_1_60' title="bbox 280 3168 1858 3241">
    <p class='ocr_par' dir='ltr' id='par_1_60' title="bbox 280 3168 1858 3241">
     <span class='ocr_line' id='line_1_60' title="bbox 280 3168 1858 3241; baseline -0.003 -12"><span class='ocrx_word' id='word_1_474' title='bbox 280 3173 583 3239; x_wconf 82' lang='lat' dir='ltr'><strong>deﬂueret,</strong></span> <span class='ocrx_word' id='word_1_475' title='bbox 631 3170 843 3227; x_wconf 83' lang='lat' dir='ltr'><strong>effusus</strong></span> <span class='ocrx_word' id='word_1_476' title='bbox 880 3171 989 3241; x_wconf 85' lang='lat' dir='ltr'><strong>jam</strong></span> <span class='ocrx_word' id='word_1_477' title='bbox 1036 3186 1065 3225; x_wconf 90' lang='lat' dir='ltr'><strong>a</strong></span> <span class='ocrx_word' id='word_1_478' title='bbox 1118 3170 1229 3225; x_wconf 88' lang='lat' dir='ltr'><strong>veri</strong></span> <span class='ocrx_word' id='word_1_479' title='bbox 1270 3168 1517 3223; x_wconf 80' lang='lat' dir='ltr'><strong>Numinis</strong></span> <span class='ocrx_word' id='word_1_480' title='bbox 1560 3170 1858 3239; x_wconf 82' lang='lat' dir='ltr'><strong>agnitione.</strong></span> 
     </span>
    </p>
   </div>
   <div class='ocr_carea' id='block_1_61' title="bbox 279 3260 1843 3330">
    <p class='ocr_par' dir='ltr' id='par_1_61' title="bbox 279 3260 1843 3330">
     <span class='ocr_line' id='line_1_61' title="bbox 279 3260 1843 3330; baseline -0.002 -12"><span class='ocrx_word' id='word_1_481' title='bbox 279 3262 552 3319; x_wconf 58' lang='lat' dir='ltr'><strong>Ceterum</strong></span> <span class='ocrx_word' id='word_1_482' title='bbox 630 3260 1062 3315; x_wconf 85' lang='lat' dir='ltr'><strong>administrantis</strong></span> <span class='ocrx_word' id='word_1_483' title='bbox 1120 3261 1302 3313; x_wconf 88' lang='lat' dir='ltr'><strong>omnia</strong></span> <span class='ocrx_word' id='word_1_484' title='bbox 1379 3260 1843 3330; x_wconf 68' lang='lat' dir='ltr'><strong>prtrpolcntisque</strong></span> 
     </span>
    </p>
   </div>
   <div class='ocr_carea' id='block_1_62' title="bbox 282 3348 1858 3419">
    <p class='ocr_par' dir='ltr' id='par_1_62' title="bbox 282 3348 1858 3419">
     <span class='ocr_line' id='line_1_62' title="bbox 282 3348 1858 3419; baseline -0.001 -12"><span class='ocrx_word' id='word_1_485' title='bbox 282 3354 374 3409; x_wconf 89' lang='lat' dir='ltr'><strong>Dei</strong></span> <span class='ocrx_word' id='word_1_486' title='bbox 428 3368 631 3407; x_wconf 92' lang='lat' dir='ltr'><strong>munus</strong></span> <span class='ocrx_word' id='word_1_487' title='bbox 679 3359 842 3415; x_wconf 88' lang='lat' dir='ltr'><strong>erat,</strong></span> <span class='ocrx_word' id='word_1_488' title='bbox 877 3349 945 3404; x_wconf 86' lang='lat' dir='ltr'><strong>de</strong></span> <span class='ocrx_word' id='word_1_489' title='bbox 999 3350 1174 3405; x_wconf 90' lang='lat' dir='ltr'><strong>salute</strong></span> <span class='ocrx_word' id='word_1_490' title='bbox 1222 3348 1307 3403; x_wconf 91' lang='lat' dir='ltr'><strong>sui</strong></span> <span class='ocrx_word' id='word_1_491' title='bbox 1350 3348 1552 3418; x_wconf 81' lang='lat' dir='ltr'><strong>opiﬁcii</strong></span> <span class='ocrx_word' id='word_1_492' title='bbox 1598 3350 1858 3419; x_wconf 87' lang='lat' dir='ltr'><strong>cogitare,</strong></span> 
     </span>
    </p>
   </div>
   <div class='ocr_carea' id='block_1_63' title="bbox 285 3440 1862 3516">
    <p class='ocr_par' dir='ltr' id='par_1_63' title="bbox 285 3440 1862 3516">
     <span class='ocr_line' id='line_1_63' title="bbox 285 3440 1862 3516; baseline -0.002 -16"><span class='ocrx_word' id='word_1_493' title='bbox 285 3446 501 3516; x_wconf 81' lang='lat' dir='ltr'><strong>sibique</strong></span> <span class='ocrx_word' id='word_1_494' title='bbox 528 3444 633 3499; x_wconf 84' lang='lat' dir='ltr'><strong>soli</strong></span> <span class='ocrx_word' id='word_1_495' title='bbox 673 3442 1085 3497; x_wconf 85' lang='lat' dir='ltr'><strong>convenientem</strong></span> <span class='ocrx_word' id='word_1_496' title='bbox 1126 3440 1356 3511; x_wconf 81' lang='lat' dir='ltr'><strong>gloriam</strong></span> <span class='ocrx_word' id='word_1_497' title='bbox 1389 3455 1495 3495; x_wconf 93' lang='lat' dir='ltr'><strong>non</strong></span> <span class='ocrx_word' id='word_1_498' title='bbox 1526 3443 1862 3511; x_wconf 88' lang='lat' dir='ltr'><strong>permittere,</strong></span> 
     </span>
    </p>
   </div>
   <div class='ocr_carea' id='block_1_64' title="bbox 287 3532 1853 3603">
    <p class='ocr_par' dir='ltr' id='par_1_64' title="bbox 287 3532 1853 3603">
     <span class='ocr_line' id='line_1_64' title="bbox 287 3532 1853 3603; baseline -0.004 -10"><span class='ocrx_word' id='word_1_499' title='bbox 287 3548 344 3593; x_wconf 89' lang='lat' dir='ltr'><strong>ut</strong></span> <span class='ocrx_word' id='word_1_500' title='bbox 370 3539 497 3591; x_wconf 88' lang='lat' dir='ltr'><strong>aliis</strong></span> <span class='ocrx_word' id='word_1_501' title='bbox 518 3536 882 3598; x_wconf 91' lang='lat' dir='ltr'><strong>tribueretur,</strong></span> <span class='ocrx_word' id='word_1_502' title='bbox 919 3535 1013 3588; x_wconf 89' lang='lat' dir='ltr'><strong>sed</strong></span> <span class='ocrx_word' id='word_1_503' title='bbox 1042 3533 1146 3589; x_wconf 84' lang='lat' dir='ltr'><strong>sibi</strong></span> <span class='ocrx_word' id='word_1_504' title='bbox 1172 3532 1391 3603; x_wconf 88' lang='lat' dir='ltr'><strong>quidem</strong></span> <span class='ocrx_word' id='word_1_505' title='bbox 1416 3548 1739 3602; x_wconf 86' lang='lat' dir='ltr'><strong>recuperare</strong></span> <span class='ocrx_word' id='word_1_506' title='bbox 1765 3535 1853 3587; x_wconf 85' lang='lat' dir='ltr'><strong>ho-</strong></span> 
     </span>
    </p>
   </div>
   <div class='ocr_carea' id='block_1_65' title="bbox 285 3623 1867 3695">
    <p class='ocr_par' dir='ltr' id='par_1_65' title="bbox 285 3623 1867 3695">
     <span class='ocr_line' id='line_1_65' title="bbox 285 3623 1867 3695; baseline -0.004 -11"><span class='ocrx_word' id='word_1_507' title='bbox 285 3646 475 3684; x_wconf 88' lang='lat' dir='ltr'><strong>norem</strong></span> <span class='ocrx_word' id='word_1_508' title='bbox 507 3669 521 3695; x_wconf 86' lang='lat'><strong>,</strong></span> <span class='ocrx_word' id='word_1_509' title='bbox 566 3627 712 3683; x_wconf 84' lang='lat' dir='ltr'><strong>ferre</strong></span> <span class='ocrx_word' id='word_1_510' title='bbox 756 3641 885 3681; x_wconf 89' lang='lat' dir='ltr'><strong>vero</strong></span> <span class='ocrx_word' id='word_1_511' title='bbox 914 3626 1078 3679; x_wconf 82' lang='lat' dir='ltr'><strong>etiam</strong></span> <span class='ocrx_word' id='word_1_512' title='bbox 1116 3639 1272 3694; x_wconf 81' lang='lat' dir='ltr'><strong>Opem</strong></span> <span class='ocrx_word' id='word_1_513' title='bbox 1316 3625 1523 3694; x_wconf 86' lang='lat' dir='ltr'><strong>jacenti</strong></span> <span class='ocrx_word' id='word_1_514' title='bbox 1551 3624 1605 3678; x_wconf 90' lang='lat' dir='ltr'><strong>in</strong></span> <span class='ocrx_word' id='word_1_515' title='bbox 1638 3623 1867 3679; x_wconf 90' lang='lat' dir='ltr'><strong>summis</strong></span> 
     </span>
    </p>
   </div>
   <div class='ocr_carea' id='block_1_66' title="bbox 282 3713 1632 3785">
    <p class='ocr_par' dir='ltr' id='par_1_66' title="bbox 282 3713 1632 3785">
     <span class='ocr_line' id='line_1_66' title="bbox 282 3713 1632 3785; baseline -0.005 -13"><span class='ocrx_word' id='word_1_516' title='bbox 282 3718 548 3782; x_wconf 89' lang='lat' dir='ltr'><strong>miseriis,</strong></span> <span class='ocrx_word' id='word_1_517' title='bbox 578 3716 671 3785; x_wconf 91' lang='lat' dir='ltr'><strong>qui</strong></span> <span class='ocrx_word' id='word_1_518' title='bbox 703 3722 764 3768; x_wconf 92' lang='lat' dir='ltr'><strong>ut</strong></span> <span class='ocrx_word' id='word_1_519' title='bbox 796 3714 952 3768; x_wconf 88' lang='lat' dir='ltr'><strong>beate</strong></span> <span class='ocrx_word' id='word_1_520' title='bbox 988 3713 1215 3778; x_wconf 86' lang='lat' dir='ltr'><strong>viveret,</strong></span> <span class='ocrx_word' id='word_1_521' title='bbox 1246 3722 1465 3768; x_wconf 89' lang='lat' dir='ltr'><strong>creatus</strong></span> <span class='ocrx_word' id='word_1_522' title='bbox 1495 3720 1632 3768; x_wconf 90' lang='lat' dir='ltr'><strong>erat.</strong></span> 
     </span>
    </p>
   </div>
   <div class='ocr_carea' id='block_1_67' title="bbox 350 3820 1866 3893">
    <p class='ocr_par' dir='ltr' id='par_1_67' title="bbox 350 3820 1866 3893">
     <span class='ocr_line' id='line_1_67' title="bbox 350 3820 1866 3893; baseline -0.003 -14"><span class='ocrx_word' id='word_1_523' title='bbox 350 3824 636 3891; x_wconf 86' lang='lat' dir='ltr'><strong>Quoniam</strong></span> <span class='ocrx_word' id='word_1_524' title='bbox 676 3822 843 3893; x_wconf 89' lang='lat' dir='ltr'><strong>igitur</strong></span> <span class='ocrx_word' id='word_1_525' title='bbox 873 3821 946 3874; x_wconf 90' lang='lat' dir='ltr'><strong>ita</strong></span> <span class='ocrx_word' id='word_1_526' title='bbox 985 3820 1293 3875; x_wconf 85' lang='lat' dir='ltr'><strong>faciendum</strong></span> <span class='ocrx_word' id='word_1_527' title='bbox 1333 3828 1485 3883; x_wconf 90' lang='lat' dir='ltr'><strong>erat,</strong></span> <span class='ocrx_word' id='word_1_528' title='bbox 1521 3820 1683 3875; x_wconf 89' lang='lat' dir='ltr'><strong>datur</strong></span> <span class='ocrx_word' id='word_1_529' title='bbox 1709 3820 1866 3876; x_wconf 86' lang='lat' dir='ltr'><strong>nobis</strong></span> 
     </span>
    </p>
   </div>
   <div class='ocr_carea' id='block_1_68' title="bbox 283 3909 1868 3981">
    <p class='ocr_par' dir='ltr' id='par_1_68' title="bbox 283 3909 1868 3981">
     <span class='ocr_line' id='line_1_68' title="bbox 283 3909 1868 3981; baseline -0.003 -15"><span class='ocrx_word' id='word_1_530' title='bbox 283 3914 429 3970; x_wconf 85' lang='lat' dir='ltr'><strong>Puer</strong></span> <span class='ocrx_word' id='word_1_531' title='bbox 460 3914 776 3969; x_wconf 61' lang='lat' dir='ltr'><strong>mternitate</strong></span> <span class='ocrx_word' id='word_1_532' title='bbox 823 3910 1101 3980; x_wconf 87' lang='lat' dir='ltr'><strong>antiquior</strong></span> <span class='ocrx_word' id='word_1_533' title='bbox 1123 3951 1137 3971; x_wconf 91' lang='lat'><strong>,</strong></span> <span class='ocrx_word' id='word_1_534' title='bbox 1170 3917 1223 3964; x_wconf 89' lang='lat' dir='ltr'><strong>et</strong></span> <span class='ocrx_word' id='word_1_535' title='bbox 1257 3909 1513 3979; x_wconf 87' lang='lat' dir='ltr'><strong>splendor</strong></span> <span class='ocrx_word' id='word_1_536' title='bbox 1542 3910 1729 3981; x_wconf 73' lang='lat' dir='ltr'><strong>gloria:</strong></span> <span class='ocrx_word' id='word_1_537' title='bbox 1771 3925 1868 3963; x_wconf 90' lang='lat' dir='ltr'><strong>no-</strong></span> 
     </span>
    </p>
   </div>
   <div class='ocr_carea' id='block_1_69' title="bbox 284 4001 1867 4074">
    <p class='ocr_par' dir='ltr' id='par_1_69' title="bbox 284 4001 1867 4074">
     <span class='ocr_line' id='line_1_69' title="bbox 284 4001 1867 4074; baseline -0.002 -15"><span class='ocrx_word' id='word_1_538' title='bbox 284 4016 430 4060; x_wconf 87' lang='lat' dir='ltr'><strong>ctem</strong></span> <span class='ocrx_word' id='word_1_539' title='bbox 458 4006 587 4060; x_wconf 73' lang='lat' dir='ltr'><strong>vita:</strong></span> <span class='ocrx_word' id='word_1_540' title='bbox 623 4014 830 4059; x_wconf 75' lang='lat' dir='ltr'><strong>nostrae</strong></span> <span class='ocrx_word' id='word_1_541' title='bbox 872 4002 1167 4065; x_wconf 88' lang='lat' dir='ltr'><strong>illuminat,</strong></span> <span class='ocrx_word' id='word_1_542' title='bbox 1203 4010 1259 4055; x_wconf 93' lang='lat' dir='ltr'><strong>ut</strong></span> <span class='ocrx_word' id='word_1_543' title='bbox 1305 4001 1571 4057; x_wconf 85' lang='lat' dir='ltr'><strong>discussis</strong></span> <span class='ocrx_word' id='word_1_544' title='bbox 1610 4017 1705 4074; x_wconf 90' lang='lat' dir='ltr'><strong>per</strong></span> <span class='ocrx_word' id='word_1_545' title='bbox 1746 4001 1867 4070; x_wconf 87' lang='lat' dir='ltr'><strong>ejus</strong></span> 
     </span>
    </p>
   </div>
   <div class='ocr_carea' id='block_1_70' title="bbox 283 4092 1867 4161">
    <p class='ocr_par' dir='ltr' id='par_1_70' title="bbox 283 4092 1867 4161">
     <span class='ocr_line' id='line_1_70' title="bbox 283 4092 1867 4161; baseline -0.002 -9"><span class='ocrx_word' id='word_1_546' title='bbox 283 4099 470 4153; x_wconf 85' lang='lat' dir='ltr'><strong>radios</strong></span> <span class='ocrx_word' id='word_1_547' title='bbox 501 4097 803 4152; x_wconf 88' lang='lat' dir='ltr'><strong>multorum</strong></span> <span class='ocrx_word' id='word_1_548' title='bbox 838 4094 1083 4149; x_wconf 87' lang='lat' dir='ltr'><strong>tenebris</strong></span> <span class='ocrx_word' id='word_1_549' title='bbox 1128 4092 1397 4161; x_wconf 88' lang='lat' dir='ltr'><strong>deorum,</strong></span> <span class='ocrx_word' id='word_1_550' title='bbox 1432 4108 1599 4147; x_wconf 91' lang='lat' dir='ltr'><strong>unum</strong></span> <span class='ocrx_word' id='word_1_551' title='bbox 1641 4092 1867 4149; x_wconf 89' lang='lat' dir='ltr'><strong>Deitatis</strong></span> 
     </span>
    </p>
   </div>
   <div class='ocr_carea' id='block_1_71' title="bbox 283 4181 1868 4252">
    <p class='ocr_par' dir='ltr' id='par_1_71' title="bbox 283 4181 1868 4252">
     <span class='ocr_line' id='line_1_71' title="bbox 283 4181 1868 4252; baseline -0.004 -11"><span class='ocrx_word' id='word_1_552' title='bbox 283 4190 469 4242; x_wconf 86' lang='lat' dir='ltr'><strong>lumen</strong></span> <span class='ocrx_word' id='word_1_553' title='bbox 496 4188 553 4241; x_wconf 90' lang='lat' dir='ltr'><strong>in</strong></span> <span class='ocrx_word' id='word_1_554' title='bbox 580 4186 762 4251; x_wconf 84' lang='lat' dir='ltr'><strong>Patre,</strong></span> <span class='ocrx_word' id='word_1_555' title='bbox 793 4192 849 4240; x_wconf 92' lang='lat' dir='ltr'><strong>et</strong></span> <span class='ocrx_word' id='word_1_556' title='bbox 887 4182 1049 4246; x_wconf 88' lang='lat' dir='ltr'><strong>Filio,</strong></span> <span class='ocrx_word' id='word_1_557' title='bbox 1086 4192 1142 4237; x_wconf 90' lang='lat' dir='ltr'><strong>et</strong></span> <span class='ocrx_word' id='word_1_558' title='bbox 1172 4181 1378 4252; x_wconf 90' lang='lat' dir='ltr'><strong>Spiritu</strong></span> <span class='ocrx_word' id='word_1_559' title='bbox 1414 4191 1606 4237; x_wconf 77' lang='lat' dir='ltr'><strong>sancto</strong></span> <span class='ocrx_word' id='word_1_560' title='bbox 1646 4182 1868 4252; x_wconf 68' lang='lat' dir='ltr'><strong>conspia</strong></span> 
     </span>
    </p>
   </div>
   <div class='ocr_carea' id='block_1_72' title="bbox 283 4271 1862 4344">
    <p class='ocr_par' dir='ltr' id='par_1_72' title="bbox 283 4271 1862 4344">
     <span class='ocr_line' id='line_1_72' title="bbox 283 4271 1862 4344; baseline -0.004 -15"><span class='ocrx_word' id='word_1_561' title='bbox 283 4291 580 4342; x_wconf 85' lang='lat' dir='ltr'><strong>ceremus;</strong></span> <span class='ocrx_word' id='word_1_562' title='bbox 616 4289 719 4331; x_wconf 90' lang='lat' dir='ltr'><strong>nec</strong></span> <span class='ocrx_word' id='word_1_563' title='bbox 767 4287 1129 4344; x_wconf 88' lang='lat' dir='ltr'><strong>personarum</strong></span> <span class='ocrx_word' id='word_1_564' title='bbox 1176 4271 1529 4326; x_wconf 88' lang='lat' dir='ltr'><strong>distinctione</strong></span> <span class='ocrx_word' id='word_1_565' title='bbox 1560 4286 1659 4325; x_wconf 89' lang='lat' dir='ltr'><strong>nos</strong></span> <span class='ocrx_word' id='word_1_566' title='bbox 1693 4271 1862 4324; x_wconf 79' lang='lat' dir='ltr'><strong>abdu-</strong></span> 
     </span>
    </p>
   </div>
   <div class='ocr_carea' id='block_1_73' title="bbox 1967 3086 3539 3161">
    <p class='ocr_par' dir='ltr' id='par_1_73' title="bbox 1967 3086 3539 3161">
     <span class='ocr_line' id='line_1_73' title="bbox 1967 3086 3539 3161; baseline 0.004 -22"><span class='ocrx_word' id='word_1_567' title='bbox 1967 3100 2152 3139; x_wconf 88' lang='lat' dir='ltr'><strong>secum</strong></span> <span class='ocrx_word' id='word_1_568' title='bbox 2190 3086 2337 3141; x_wconf 90' lang='lat' dir='ltr'><strong>illam</strong></span> <span class='ocrx_word' id='word_1_569' title='bbox 2369 3086 2702 3153; x_wconf 87' lang='lat' dir='ltr'><strong>detrudens,</strong></span> <span class='ocrx_word' id='word_1_570' title='bbox 2746 3094 2802 3143; x_wconf 89' lang='lat' dir='ltr'><strong>et</strong></span> <span class='ocrx_word' id='word_1_571' title='bbox 2845 3105 2968 3145; x_wconf 92' lang='lat' dir='ltr'><strong>cum</strong></span> <span class='ocrx_word' id='word_1_572' title='bbox 3002 3090 3092 3144; x_wconf 91' lang='lat' dir='ltr'><strong>illa</strong></span> <span class='ocrx_word' id='word_1_573' title='bbox 3127 3099 3344 3161; x_wconf 88' lang='lat' dir='ltr'><strong>petente</strong></span> <span class='ocrx_word' id='word_1_574' title='bbox 3382 3104 3539 3161; x_wconf 83' lang='lat' dir='ltr'><strong>snpe-</strong></span> 
     </span>
    </p>
   </div>
   <div class='ocr_carea' id='block_1_74' title="bbox 1971 3176 3539 3251">
    <p class='ocr_par' dir='ltr' id='par_1_74' title="bbox 1971 3176 3539 3251">
     <span class='ocr_line' id='line_1_74' title="bbox 1971 3176 3539 3251; baseline 0.002 -20"><span class='ocrx_word' id='word_1_575' title='bbox 1971 3176 2138 3246; x_wconf 89' lang='lat' dir='ltr'><strong>riora,</strong></span> <span class='ocrx_word' id='word_1_576' title='bbox 2178 3177 2344 3233; x_wconf 89' lang='lat' dir='ltr'><strong>simul</strong></span> <span class='ocrx_word' id='word_1_577' title='bbox 2386 3179 2713 3236; x_wconf 89' lang='lat' dir='ltr'><strong>ascendens.</strong></span> <span class='ocrx_word' id='word_1_578' title='bbox 2745 3179 2861 3235; x_wconf 88' lang='lat' dir='ltr'><strong>ilue</strong></span> <span class='ocrx_word' id='word_1_579' title='bbox 2896 3190 3104 3251; x_wconf 91' lang='lat' dir='ltr'><strong>spectat</strong></span> <span class='ocrx_word' id='word_1_580' title='bbox 3132 3190 3374 3237; x_wconf 79' lang='lat' dir='ltr'><strong>extrema</strong></span> <span class='ocrx_word' id='word_1_581' title='bbox 3413 3195 3539 3251; x_wconf 87' lang='lat' dir='ltr'><strong>pau-</strong></span> 
     </span>
    </p>
   </div>
   <div class='ocr_carea' id='block_1_75' title="bbox 1969 3271 3533 3344">
    <p class='ocr_par' dir='ltr' id='par_1_75' title="bbox 1969 3271 3533 3344">
     <span class='ocr_line' id='line_1_75' title="bbox 1969 3271 3533 3344; baseline -0.001 -18"><span class='ocrx_word' id='word_1_582' title='bbox 1969 3280 2151 3339; x_wconf 85' lang='lat' dir='ltr'><strong>pertas</strong></span> <span class='ocrx_word' id='word_1_583' title='bbox 2183 3271 2301 3341; x_wconf 83' lang='lat' dir='ltr'><strong>ejus</strong></span> <span class='ocrx_word' id='word_1_584' title='bbox 2327 3272 2421 3344; x_wconf 90' lang='lat' dir='ltr'><strong>qui</strong></span> <span class='ocrx_word' id='word_1_585' title='bbox 2458 3283 2660 3327; x_wconf 88' lang='lat' dir='ltr'><strong>terram</strong></span> <span class='ocrx_word' id='word_1_586' title='bbox 2696 3271 2969 3336; x_wconf 82' lang='lat' dir='ltr'><strong>fundavit,</strong></span> <span class='ocrx_word' id='word_1_587' title='bbox 2996 3286 3098 3327; x_wconf 91' lang='lat' dir='ltr'><strong>nec</strong></span> <span class='ocrx_word' id='word_1_588' title='bbox 3138 3280 3321 3326; x_wconf 90' lang='lat' dir='ltr'><strong>tamen</strong></span> <span class='ocrx_word' id='word_1_589' title='bbox 3353 3272 3533 3326; x_wconf 88' lang='lat' dir='ltr'><strong>locum</strong></span> 
     </span>
    </p>
   </div>
   <div class='ocr_carea' id='block_1_76' title="bbox 1971 3362 3536 3435">
    <p class='ocr_par' dir='ltr' id='par_1_76' title="bbox 1971 3362 3536 3435">
     <span class='ocr_line' id='line_1_76' title="bbox 1971 3362 3536 3435; baseline 0.001 -19"><span class='ocrx_word' id='word_1_590' title='bbox 1971 3362 2203 3418; x_wconf 85' lang='lat' dir='ltr'><strong>habebat</strong></span> <span class='ocrx_word' id='word_1_591' title='bbox 2244 3363 2299 3418; x_wconf 94' lang='lat' dir='ltr'><strong>in</strong></span> <span class='ocrx_word' id='word_1_592' title='bbox 2337 3378 2447 3434; x_wconf 90' lang='lat' dir='ltr'><strong>quo</strong></span> <span class='ocrx_word' id='word_1_593' title='bbox 2493 3363 2789 3430; x_wconf 88' lang='lat' dir='ltr'><strong>habitaret,</strong></span> <span class='ocrx_word' id='word_1_594' title='bbox 2823 3366 3126 3435; x_wconf 86' lang='lat' dir='ltr'><strong>&#39;postquam</strong></span> <span class='ocrx_word' id='word_1_595' title='bbox 3162 3364 3218 3419; x_wconf 92' lang='lat' dir='ltr'><strong>in</strong></span> <span class='ocrx_word' id='word_1_596' title='bbox 3262 3377 3325 3419; x_wconf 90' lang='lat' dir='ltr'><strong>ea</strong></span> <span class='ocrx_word' id='word_1_597' title='bbox 3355 3362 3536 3418; x_wconf 87' lang='lat' dir='ltr'><strong>diver-</strong></span> 
     </span>
    </p>
   </div>
   <div class='ocr_carea' id='block_1_77' title="bbox 1969 3452 3534 3526">
    <p class='ocr_par' dir='ltr' id='par_1_77' title="bbox 1969 3452 3534 3526">
     <span class='ocr_line' id='line_1_77' title="bbox 1969 3452 3534 3526; baseline -0.002 -19"><span class='ocrx_word' id='word_1_598' title='bbox 1969 3452 2079 3507; x_wconf 88' lang='lat' dir='ltr'><strong>sari</strong></span> <span class='ocrx_word' id='word_1_599' title='bbox 2110 3453 2305 3519; x_wconf 89' lang='lat' dir='ltr'><strong>voluit,</strong></span> <span class='ocrx_word' id='word_1_600' title='bbox 2342 3453 2437 3509; x_wconf 89' lang='lat' dir='ltr'><strong>sed</strong></span> <span class='ocrx_word' id='word_1_601' title='bbox 2470 3455 2743 3523; x_wconf 74' lang='lat' dir='ltr'><strong>spelunca:</strong></span> <span class='ocrx_word' id='word_1_602' title='bbox 2784 3457 3159 3526; x_wconf 79' lang='lat' dir='ltr'><strong>excipiebatur</strong></span> <span class='ocrx_word' id='word_1_603' title='bbox 3184 3453 3422 3522; x_wconf 88' lang='lat' dir='ltr'><strong>hospitio</strong></span> <span class='ocrx_word' id='word_1_604' title='bbox 3445 3466 3534 3506; x_wconf 91' lang='lat' dir='ltr'><strong>so-</strong></span> 
     </span>
    </p>
   </div>
   <div class='ocr_carea' id='block_1_78' title="bbox 1969 3541 3533 3614">
    <p class='ocr_par' dir='ltr' id='par_1_78' title="bbox 1969 3541 3533 3614">
     <span class='ocr_line' id='line_1_78' title="bbox 1969 3541 3533 3614; baseline -0.001 -19"><span class='ocrx_word' id='word_1_605' title='bbox 1969 3542 2147 3598; x_wconf 88' lang='lat' dir='ltr'><strong>lamen</strong></span> <span class='ocrx_word' id='word_1_606' title='bbox 2175 3542 2482 3611; x_wconf 66' lang='lat' dir='ltr'><strong>indigentiae</strong></span> <span class='ocrx_word' id='word_1_607' title='bbox 2507 3545 2819 3612; x_wconf 69' lang='lat' dir='ltr'><strong>praebentis.</strong></span> <span class='ocrx_word' id='word_1_608' title='bbox 2848 3545 2891 3599; x_wconf 89' lang='grc'>0</span> <span class='ocrx_word' id='word_1_609' title='bbox 2920 3561 3028 3605; x_wconf 88' lang='lat' dir='ltr'><strong>res.</strong></span> <span class='ocrx_word' id='word_1_610' title='bbox 3058 3560 3180 3614; x_wconf 64' lang='lat' dir='ltr'><strong>quae</strong></span> <span class='ocrx_word' id='word_1_611' title='bbox 3214 3559 3315 3598; x_wconf 91' lang='lat' dir='ltr'><strong>nec</strong></span> <span class='ocrx_word' id='word_1_612' title='bbox 3368 3541 3533 3596; x_wconf 87' lang='lat' dir='ltr'><strong>menti</strong></span> 
     </span>
    </p>
   </div>
   <div class='ocr_carea' id='block_1_79' title="bbox 1974 3631 3615 3709">
    <p class='ocr_par' dir='ltr' id='par_1_79' title="bbox 1974 3631 3615 3709">
     <span class='ocr_line' id='line_1_79' title="bbox 1974 3631 3615 3709; baseline -0.001 -23"><span class='ocrx_word' id='word_1_613' title='bbox 1974 3648 2076 3688; x_wconf 90' lang='lat' dir='ltr'><strong>nec</strong></span> <span class='ocrx_word' id='word_1_614' title='bbox 2122 3633 2304 3687; x_wconf 90' lang='lat' dir='ltr'><strong>verbis</strong></span> <span class='ocrx_word' id='word_1_615' title='bbox 2337 3634 2697 3703; x_wconf 87' lang='lat' dir='ltr'><strong>permittunt,</strong></span> <span class='ocrx_word' id='word_1_616' title='bbox 2747 3645 2807 3688; x_wconf 93' lang='lat' dir='ltr'><strong>ut</strong></span> <span class='ocrx_word' id='word_1_617' title='bbox 2852 3651 2952 3690; x_wconf 84' lang='lat' dir='ltr'><strong>suo</strong></span> <span class='ocrx_word' id='word_1_618' title='bbox 2996 3634 3294 3709; x_wconf 69' lang='lat' dir='ltr'><strong>fungantur</strong></span> <span class='ocrx_word' id='word_1_619' title='bbox 3319 3631 3534 3687; x_wconf 83' lang='lat' dir='ltr'><strong>oiIlciol</strong></span> <span class='ocrx_word' id='word_1_620' title='bbox 3608 3658 3615 3663; x_wconf 96' lang='lat'><strong><em>-</em></strong></span> 
     </span>
    </p>
   </div>
   <div class='ocr_carea' id='block_1_80' title="bbox 1971 3720 3535 3793">
    <p class='ocr_par' dir='ltr' id='par_1_80' title="bbox 1971 3720 3535 3793">
     <span class='ocr_line' id='line_1_80' title="bbox 1971 3720 3535 3793; baseline -0.003 -17"><span class='ocrx_word' id='word_1_621' title='bbox 1971 3722 2089 3778; x_wconf 87' lang='lat' dir='ltr'><strong>Non</strong></span> <span class='ocrx_word' id='word_1_622' title='bbox 2157 3731 2241 3777; x_wconf 90' lang='lat' dir='ltr'><strong>est</strong></span> <span class='ocrx_word' id='word_1_623' title='bbox 2282 3723 2330 3793; x_wconf 83' lang='lat' dir='ltr'><strong>ei</strong></span> <span class='ocrx_word' id='word_1_624' title='bbox 2383 3723 2534 3777; x_wconf 88' lang='lat' dir='ltr'><strong>locus</strong></span> <span class='ocrx_word' id='word_1_625' title='bbox 2584 3725 2636 3775; x_wconf 88' lang='lat' dir='ltr'><strong>in</strong></span> <span class='ocrx_word' id='word_1_626' title='bbox 2697 3731 2841 3777; x_wconf 87' lang='lat' dir='ltr'><strong>terra</strong></span> <span class='ocrx_word' id='word_1_627' title='bbox 2904 3723 3197 3786; x_wconf 90' lang='lat' dir='ltr'><strong>nascenti,</strong></span> <span class='ocrx_word' id='word_1_628' title='bbox 3250 3721 3344 3791; x_wconf 91' lang='lat' dir='ltr'><strong>qui</strong></span> <span class='ocrx_word' id='word_1_629' title='bbox 3391 3720 3535 3774; x_wconf 89' lang='lat' dir='ltr'><strong>illam</strong></span> 
     </span>
    </p>
   </div>
   <div class='ocr_carea' id='block_1_81' title="bbox 1972 3808 3538 3881">
    <p class='ocr_par' dir='ltr' id='par_1_81' title="bbox 1972 3808 3538 3881">
     <span class='ocr_line' id='line_1_81' title="bbox 1972 3808 3538 3881; baseline -0.001 -17"><span class='ocrx_word' id='word_1_630' title='bbox 1972 3810 2135 3865; x_wconf 88' lang='lat' dir='ltr'><strong>verbo</strong></span> <span class='ocrx_word' id='word_1_631' title='bbox 2159 3825 2258 3865; x_wconf 92' lang='lat' dir='ltr'><strong>suo</strong></span> <span class='ocrx_word' id='word_1_632' title='bbox 2289 3810 2575 3881; x_wconf 88' lang='lat' dir='ltr'><strong>progenuit</strong></span> <span class='ocrx_word' id='word_1_633' title='bbox 2601 3812 2613 3863; x_wconf 90' lang='lat' dir='ltr'><strong>l</strong></span> <span class='ocrx_word' id='word_1_634' title='bbox 2657 3808 3071 3881; x_wconf 68' lang='lat' dir='ltr'><strong>Prazscpeillum</strong></span> <span class='ocrx_word' id='word_1_635' title='bbox 3099 3826 3202 3867; x_wconf 88' lang='lat' dir='ltr'><strong>suo</strong></span> <span class='ocrx_word' id='word_1_636' title='bbox 3241 3811 3364 3865; x_wconf 90' lang='lat' dir='ltr'><strong>sinu</strong></span> <span class='ocrx_word' id='word_1_637' title='bbox 3388 3810 3538 3865; x_wconf 54' lang='lat' dir='ltr'><strong>exciv</strong></span> 
     </span>
    </p>
   </div>
   <div class='ocr_carea' id='block_1_82' title="bbox 1974 3902 3533 3972">
    <p class='ocr_par' dir='ltr' id='par_1_82' title="bbox 1974 3902 3533 3972">
     <span class='ocr_line' id='line_1_82' title="bbox 1974 3902 3533 3972; baseline -0.001 -18"><span class='ocrx_word' id='word_1_638' title='bbox 1974 3903 2071 3972; x_wconf 90' lang='lat' dir='ltr'><strong>pit,</strong></span> <span class='ocrx_word' id='word_1_639' title='bbox 2107 3902 2199 3971; x_wconf 93' lang='lat' dir='ltr'><strong>qui</strong></span> <span class='ocrx_word' id='word_1_640' title='bbox 2248 3903 2500 3957; x_wconf 75' lang='lat' dir='ltr'><strong>cmlestes</strong></span> <span class='ocrx_word' id='word_1_641' title='bbox 2548 3903 2704 3957; x_wconf 91' lang='lat' dir='ltr'><strong>sinus</strong></span> <span class='ocrx_word' id='word_1_642' title='bbox 2747 3902 3027 3972; x_wconf 77' lang='lat' dir='ltr'><strong>expandit.</strong></span> <span class='ocrx_word' id='word_1_643' title='bbox 3078 3902 3345 3957; x_wconf 61' lang='lat' dir='ltr'><strong>Creterqu</strong></span> <span class='ocrx_word' id='word_1_644' title='bbox 3390 3911 3533 3957; x_wconf 79' lang='lat' dir='ltr'><strong>terra</strong></span> 
     </span>
    </p>
   </div>
   <div class='ocr_carea' id='block_1_83' title="bbox 1971 3991 3538 4063">
    <p class='ocr_par' dir='ltr' id='par_1_83' title="bbox 1971 3991 3538 4063">
     <span class='ocr_line' id='line_1_83' title="bbox 1971 3991 3538 4063; baseline 0 -16"><span class='ocrx_word' id='word_1_645' title='bbox 1971 3993 2187 4063; x_wconf 89' lang='lat' dir='ltr'><strong>quidem</strong></span> <span class='ocrx_word' id='word_1_646' title='bbox 2226 3991 2523 4062; x_wconf 87' lang='lat' dir='ltr'><strong>hospitium</strong></span> <span class='ocrx_word' id='word_1_647' title='bbox 2568 4000 2732 4048; x_wconf 89' lang='lat' dir='ltr'><strong>tenue</strong></span> <span class='ocrx_word' id='word_1_648' title='bbox 2773 3993 2901 4055; x_wconf 88' lang='lat' dir='ltr'><strong>dat,</strong></span> <span class='ocrx_word' id='word_1_649' title='bbox 2935 4003 2989 4047; x_wconf 90' lang='lat' dir='ltr'><strong>at</strong></span> <span class='ocrx_word' id='word_1_650' title='bbox 3023 4008 3152 4047; x_wconf 87' lang='lat' dir='ltr'><strong>vero</strong></span> <span class='ocrx_word' id='word_1_651' title='bbox 3196 3995 3396 4049; x_wconf 66' lang='lat' dir='ltr'><strong>caelum</strong></span> <span class='ocrx_word' id='word_1_652' title='bbox 3438 4008 3538 4047; x_wconf 90' lang='lat' dir='ltr'><strong>an-</strong></span> 
     </span>
    </p>
   </div>
   <div class='ocr_carea' id='block_1_84' title="bbox 1976 4083 3537 4152">
    <p class='ocr_par' dir='ltr' id='par_1_84' title="bbox 1976 4083 3537 4152">
     <span class='ocr_line' id='line_1_84' title="bbox 1976 4083 3537 4152; baseline -0.002 -11"><span class='ocrx_word' id='word_1_653' title='bbox 1976 4086 2189 4141; x_wconf 89' lang='lat' dir='ltr'><strong>nuntiat</strong></span> <span class='ocrx_word' id='word_1_654' title='bbox 2220 4083 2415 4141; x_wconf 87' lang='lat' dir='ltr'><strong>adesse</strong></span> <span class='ocrx_word' id='word_1_655' title='bbox 2457 4083 2771 4152; x_wconf 80' lang='lat' dir='ltr'><strong>DOminum,</strong></span> <span class='ocrx_word' id='word_1_656' title='bbox 2814 4085 3028 4141; x_wconf 89' lang='lat' dir='ltr'><strong>stellam</strong></span> <span class='ocrx_word' id='word_1_657' title='bbox 3061 4086 3207 4141; x_wconf 67' lang='lat' dir='ltr'><strong>tubae</strong></span> <span class='ocrx_word' id='word_1_658' title='bbox 3229 4086 3349 4140; x_wconf 89' lang='lat' dir='ltr'><strong>loco</strong></span> <span class='ocrx_word' id='word_1_659' title='bbox 3380 4083 3537 4139; x_wconf 78' lang='lat' dir='ltr'><strong>adhi-</strong></span> 
     </span>
    </p>
   </div>
   <div class='ocr_carea' id='block_1_85' title="bbox 1974 4172 3537 4247">
    <p class='ocr_par' dir='ltr' id='par_1_85' title="bbox 1974 4172 3537 4247">
     <span class='ocr_line' id='line_1_85' title="bbox 1974 4172 3537 4247; baseline -0.001 -16"><span class='ocrx_word' id='word_1_660' title='bbox 1974 4176 2106 4231; x_wconf 88' lang='lat' dir='ltr'><strong>bens</strong></span> <span class='ocrx_word' id='word_1_661' title='bbox 2126 4216 2141 4241; x_wconf 94' lang='lat'><strong>,</strong></span> <span class='ocrx_word' id='word_1_662' title='bbox 2183 4189 2305 4231; x_wconf 90' lang='lat' dir='ltr'><strong>cum</strong></span> <span class='ocrx_word' id='word_1_663' title='bbox 2341 4173 2548 4230; x_wconf 87' lang='lat' dir='ltr'><strong>videret</strong></span> <span class='ocrx_word' id='word_1_664' title='bbox 2586 4172 2787 4247; x_wconf 81' lang='lat' dir='ltr'><strong>Regem</strong></span> <span class='ocrx_word' id='word_1_665' title='bbox 2818 4177 3191 4231; x_wconf 90' lang='lat' dir='ltr'><strong>ministrorum</strong></span> <span class='ocrx_word' id='word_1_666' title='bbox 3224 4174 3403 4231; x_wconf 77' lang='lat' dir='ltr'><strong>ofﬁcio</strong></span> <span class='ocrx_word' id='word_1_667' title='bbox 3436 4175 3537 4230; x_wconf 84' lang='lat' dir='ltr'><strong>de-</strong></span> 
     </span>
    </p>
   </div>
   <div class='ocr_carea' id='block_1_86' title="bbox 1972 4263 3535 4336">
    <p class='ocr_par' dir='ltr' id='par_1_86' title="bbox 1972 4263 3535 4336">
     <span class='ocr_line' id='line_1_86' title="bbox 1972 4263 3535 4336; baseline -0.001 -15"><span class='ocrx_word' id='word_1_668' title='bbox 1972 4265 2248 4329; x_wconf 87' lang='lat' dir='ltr'><strong>stitutum,</strong></span> <span class='ocrx_word' id='word_1_669' title='bbox 2278 4264 2505 4335; x_wconf 89' lang='lat' dir='ltr'><strong>soloque</strong></span> <span class='ocrx_word' id='word_1_670' title='bbox 2547 4264 2741 4327; x_wconf 84' lang='lat' dir='ltr'><strong>Matris</strong></span> <span class='ocrx_word' id='word_1_671' title='bbox 2781 4266 3038 4321; x_wconf 90' lang='lat' dir='ltr'><strong>satellitio</strong></span> <span class='ocrx_word' id='word_1_672' title='bbox 3085 4265 3399 4336; x_wconf 81' lang='lat' dir='ltr'><strong>fulgentem.</strong></span> <span class='ocrx_word' id='word_1_673' title='bbox 3430 4263 3535 4319; x_wconf 85' lang='lat' dir='ltr'><strong>Vo-</strong></span> 
     </span>
    </p>
   </div>
   <div class='ocr_carea' id='block_1_87' title="bbox 282 4355 3536 4426">
    <p class='ocr_par' dir='ltr' id='par_1_87' title="bbox 282 4355 3536 4426">
     <span class='ocr_line' id='line_1_87' title="bbox 282 4355 3536 4426; baseline -0.004 -4"><span class='ocrx_word' id='word_1_674' title='bbox 282 4374 448 4423; x_wconf 85' lang='lat' dir='ltr'><strong>cente</strong></span> <span class='ocrx_word' id='word_1_675' title='bbox 472 4366 544 4419; x_wconf 85' lang='lat' dir='ltr'><strong>ad</strong></span> <span class='ocrx_word' id='word_1_676' title='bbox 572 4365 805 4420; x_wconf 86' lang='lat' dir='ltr'><strong>Deorqu</strong></span> <span class='ocrx_word' id='word_1_677' title='bbox 856 4362 1283 4424; x_wconf 84' lang='lat' dir='ltr'><strong>multitudinem.</strong></span> <span class='ocrx_word' id='word_1_678' title='bbox 1318 4375 1420 4415; x_wconf 89' lang='lat' dir='ltr'><strong>nec</strong></span> <span class='ocrx_word' id='word_1_679' title='bbox 1454 4362 1665 4416; x_wconf 89' lang='lat' dir='ltr'><strong>unitate</strong></span> <span class='ocrx_word' id='word_1_680' title='bbox 1696 4361 1857 4415; x_wconf 80' lang='lat' dir='ltr'><strong>quii-</strong></span> <span class='ocrx_word' id='word_1_681' title='bbox 1893 4368 1934 4419; x_wconf 81' lang='grc' dir='ltr'>ι)</span> <span class='ocrx_word' id='word_1_682' title='bbox 1966 4363 2052 4410; x_wconf 87' lang='lat' dir='ltr'><strong>cat</strong></span> <span class='ocrx_word' id='word_1_683' title='bbox 2084 4364 2145 4410; x_wconf 94' lang='lat' dir='ltr'><strong>ut</strong></span> <span class='ocrx_word' id='word_1_684' title='bbox 2184 4356 2446 4411; x_wconf 87' lang='lat' dir='ltr'><strong>honorem</strong></span> <span class='ocrx_word' id='word_1_685' title='bbox 2495 4355 2745 4410; x_wconf 86' lang='lat' dir='ltr'><strong>deferant</strong></span> <span class='ocrx_word' id='word_1_686' title='bbox 2805 4359 3246 4426; x_wconf 89' lang='lat' dir='ltr'><strong>promptissimos</strong></span> <span class='ocrx_word' id='word_1_687' title='bbox 3292 4357 3361 4409; x_wconf 86' lang='lat' dir='ltr'><strong>ad</strong></span> <span class='ocrx_word' id='word_1_688' title='bbox 3408 4355 3536 4410; x_wconf 85' lang='lat' dir='ltr'><strong>obe-</strong></span> 
     </span>
    </p>
   </div>
   <div class='ocr_carea' id='block_1_88' title="bbox 281 4448 1864 4529">
    <p class='ocr_par' dir='ltr' id='par_1_88' title="bbox 281 4448 1864 4529">
     <span class='ocr_line' id='line_1_88' title="bbox 281 4448 1864 4529; baseline -0.004 -17"><span class='ocrx_word' id='word_1_689' title='bbox 281 4458 375 4513; x_wconf 86' lang='lat' dir='ltr'><strong>nis</strong></span> <span class='ocrx_word' id='word_1_690' title='bbox 400 4464 633 4529; x_wconf 76' lang='lat' dir='ltr'><strong>cogente</strong></span> <span class='ocrx_word' id='word_1_691' title='bbox 682 4463 741 4509; x_wconf 94' lang='lat' dir='ltr'><strong>ut</strong></span> <span class='ocrx_word' id='word_1_692' title='bbox 768 4452 1170 4509; x_wconf 83' lang='lat' dir='ltr'><strong>conl‘umlamus</strong></span> <span class='ocrx_word' id='word_1_693' title='bbox 1196 4466 1479 4521; x_wconf 86' lang='lat' dir='ltr'><strong>personas.</strong></span> <span class='ocrx_word' id='word_1_694' title='bbox 1504 4448 1689 4520; x_wconf 84' lang='lat' dir='ltr'><strong>Neque</strong></span> <span class='ocrx_word' id='word_1_695' title='bbox 1721 4452 1864 4506; x_wconf 86' lang='lat' dir='ltr'><strong>enim</strong></span> 
     </span>
    </p>
   </div>
   <div class='ocr_carea' id='block_1_89' title="bbox 282 4540 1866 4613">
    <p class='ocr_par' dir='ltr' id='par_1_89' title="bbox 282 4540 1866 4613">
     <span class='ocr_line' id='line_1_89' title="bbox 282 4540 1866 4613; baseline -0.006 -10"><span class='ocrx_word' id='word_1_696' title='bbox 282 4562 523 4604; x_wconf 83' lang='lat' dir='ltr'><strong>necesse</strong></span> <span class='ocrx_word' id='word_1_697' title='bbox 558 4554 746 4610; x_wconf 89' lang='lat' dir='ltr'><strong>estut,</strong></span> <span class='ocrx_word' id='word_1_698' title='bbox 768 4541 926 4613; x_wconf 79' lang='lat' dir='ltr'><strong>juxta</strong></span> <span class='ocrx_word' id='word_1_699' title='bbox 958 4556 1149 4597; x_wconf 89' lang='lat' dir='ltr'><strong>manes</strong></span> <span class='ocrx_word' id='word_1_700' title='bbox 1173 4540 1532 4611; x_wconf 87' lang='lat' dir='ltr'><strong>quormndam</strong></span> <span class='ocrx_word' id='word_1_701' title='bbox 1565 4555 1866 4607; x_wconf 88' lang='lat' dir='ltr'><strong>sermones,</strong></span> 
     </span>
    </p>
   </div>
   <div class='ocr_carea' id='block_1_90' title="bbox 279 4630 1867 4701">
    <p class='ocr_par' dir='ltr' id='par_1_90' title="bbox 279 4630 1867 4701">
     <span class='ocr_line' id='line_1_90' title="bbox 279 4630 1867 4701; baseline -0.006 -9"><span class='ocrx_word' id='word_1_702' title='bbox 279 4639 529 4692; x_wconf 85' lang='lat' dir='ltr'><strong>alterum</strong></span> <span class='ocrx_word' id='word_1_703' title='bbox 578 4642 845 4701; x_wconf 68' lang='lat' dir='ltr'><strong>sequatur</strong></span> <span class='ocrx_word' id='word_1_704' title='bbox 907 4646 972 4685; x_wconf 82' lang='lat' dir='ltr'><strong>cx</strong></span> <span class='ocrx_word' id='word_1_705' title='bbox 1029 4630 1275 4695; x_wconf 83' lang='lat' dir='ltr'><strong>duobus,</strong></span> <span class='ocrx_word' id='word_1_706' title='bbox 1315 4630 1400 4685; x_wconf 90' lang='lat' dir='ltr'><strong>vel</strong></span> <span class='ocrx_word' id='word_1_707' title='bbox 1443 4630 1706 4685; x_wconf 86' lang='lat' dir='ltr'><strong>unitatem</strong></span> <span class='ocrx_word' id='word_1_708' title='bbox 1743 4645 1867 4685; x_wconf 90' lang='lat' dir='ltr'><strong>cum</strong></span> 
     </span>
    </p>
   </div>
   <div class='ocr_carea' id='block_1_91' title="bbox 1964 4443 3536 4515">
    <p class='ocr_par' dir='ltr' id='par_1_91' title="bbox 1964 4443 3536 4515">
     <span class='ocr_line' id='line_1_91' title="bbox 1964 4443 3536 4515; baseline -0.002 -14"><span class='ocrx_word' id='word_1_709' title='bbox 1964 4445 2221 4501; x_wconf 90' lang='lat' dir='ltr'><strong>diendum</strong></span> <span class='ocrx_word' id='word_1_710' title='bbox 2265 4443 2470 4515; x_wconf 79' lang='lat' dir='ltr'><strong>Magos,</strong></span> <span class='ocrx_word' id='word_1_711' title='bbox 2508 4453 2560 4498; x_wconf 88' lang='lat' dir='ltr'><strong>et</strong></span> <span class='ocrx_word' id='word_1_712' title='bbox 2598 4446 2665 4499; x_wconf 89' lang='lat' dir='ltr'><strong>ad</strong></span> <span class='ocrx_word' id='word_1_713' title='bbox 2718 4448 2821 4500; x_wconf 87' lang='lat' dir='ltr'><strong>hoc</strong></span> <span class='ocrx_word' id='word_1_714' title='bbox 2872 4446 3049 4515; x_wconf 91' lang='lat' dir='ltr'><strong>ipsum</strong></span> <span class='ocrx_word' id='word_1_715' title='bbox 3098 4446 3395 4500; x_wconf 86' lang='lat' dir='ltr'><strong>venientes.</strong></span> <span class='ocrx_word' id='word_1_716' title='bbox 3434 4446 3536 4499; x_wconf 84' lang='lat' dir='ltr'><strong>Eos</strong></span> 
     </span>
    </p>
   </div>
   <div class='ocr_carea' id='block_1_92' title="bbox 1966 4537 3538 4608">
    <p class='ocr_par' dir='ltr' id='par_1_92' title="bbox 1966 4537 3538 4608">
     <span class='ocr_line' id='line_1_92' title="bbox 1966 4537 3538 4608; baseline -0.001 -17"><span class='ocrx_word' id='word_1_717' title='bbox 1966 4538 2131 4608; x_wconf 83' lang='lat' dir='ltr'><strong>igitur</strong></span> <span class='ocrx_word' id='word_1_718' title='bbox 2160 4538 2435 4591; x_wconf 89' lang='lat' dir='ltr'><strong>clamante</strong></span> <span class='ocrx_word' id='word_1_719' title='bbox 2466 4537 2694 4591; x_wconf 81' lang='lat' dir='ltr'><strong>advocat</strong></span> <span class='ocrx_word' id='word_1_720' title='bbox 2737 4539 2931 4604; x_wconf 88' lang='lat' dir='ltr'><strong>stella;</strong></span> <span class='ocrx_word' id='word_1_721' title='bbox 2972 4553 3158 4593; x_wconf 89' lang='lat' dir='ltr'><strong>verum</strong></span> <span class='ocrx_word' id='word_1_722' title='bbox 3189 4545 3243 4592; x_wconf 89' lang='lat' dir='ltr'><strong>et</strong></span> <span class='ocrx_word' id='word_1_723' title='bbox 3293 4543 3538 4607; x_wconf 88' lang='lat' dir='ltr'><strong>pastores</strong></span> 
     </span>
    </p>
   </div>
   <div class='ocr_carea' id='block_1_93' title="bbox 1967 4625 3539 4700">
    <p class='ocr_par' dir='ltr' id='par_1_93' title="bbox 1967 4625 3539 4700">
     <span class='ocr_line' id='line_1_93' title="bbox 1967 4625 3539 4700; baseline -0.001 -17"><span class='ocrx_word' id='word_1_724' title='bbox 1967 4636 2260 4699; x_wconf 90' lang='lat' dir='ltr'><strong>properant</strong></span> <span class='ocrx_word' id='word_1_725' title='bbox 2291 4625 2486 4681; x_wconf 88' lang='lat' dir='ltr'><strong>Natum</strong></span> <span class='ocrx_word' id='word_1_726' title='bbox 2518 4638 2841 4697; x_wconf 80' lang='lat' dir='ltr'><strong>quaerentes,</strong></span> <span class='ocrx_word' id='word_1_727' title='bbox 2889 4630 3125 4700; x_wconf 89' lang='lat' dir='ltr'><strong>indeque</strong></span> <span class='ocrx_word' id='word_1_728' title='bbox 3152 4630 3220 4685; x_wconf 88' lang='lat' dir='ltr'><strong>de</strong></span> <span class='ocrx_word' id='word_1_729' title='bbox 3248 4645 3316 4686; x_wconf 93' lang='lat' dir='ltr'><strong>eo</strong></span> <span class='ocrx_word' id='word_1_730' title='bbox 3352 4629 3539 4683; x_wconf 88' lang='lat' dir='ltr'><strong>admo-</strong></span> 
     </span>
    </p>
   </div>
   <div class='ocr_carea' id='block_1_94' title="bbox 281 4718 3540 4794">
    <p class='ocr_par' dir='ltr' id='par_1_94' title="bbox 281 4718 3540 4794">
     <span class='ocr_line' id='line_1_94' title="bbox 281 4718 3540 4794; baseline -0.003 -11"><span class='ocrx_word' id='word_1_731' title='bbox 281 4728 543 4784; x_wconf 89' lang='lat' dir='ltr'><strong>ternario</strong></span> <span class='ocrx_word' id='word_1_732' title='bbox 569 4725 949 4794; x_wconf 90' lang='lat' dir='ltr'><strong>multiplicari,</strong></span> <span class='ocrx_word' id='word_1_733' title='bbox 977 4723 1059 4780; x_wconf 90' lang='lat' dir='ltr'><strong>vel</strong></span> <span class='ocrx_word' id='word_1_734' title='bbox 1087 4733 1234 4778; x_wconf 90' lang='lat' dir='ltr'><strong>certe</strong></span> <span class='ocrx_word' id='word_1_735' title='bbox 1262 4724 1564 4778; x_wconf 90' lang='lat' dir='ltr'><strong>ternarium</strong></span> <span class='ocrx_word' id='word_1_736' title='bbox 1602 4722 1771 4792; x_wconf 86' lang='lat' dir='ltr'><strong>redigi</strong></span> <span class='ocrx_word' id='word_1_737' title='bbox 1802 4723 1870 4777; x_wconf 92' lang='lat' dir='ltr'><strong>ad</strong></span> <span class='ocrx_word' id='word_1_738' title='bbox 1969 4720 2093 4775; x_wconf 90' lang='lat' dir='ltr'><strong>niti.</strong></span> <span class='ocrx_word' id='word_1_739' title='bbox 2131 4718 2361 4790; x_wconf 89' lang='lat' dir='ltr'><strong>Oportet</strong></span> <span class='ocrx_word' id='word_1_740' title='bbox 2383 4720 2552 4784; x_wconf 86' lang='lat' dir='ltr'><strong>enim,</strong></span> <span class='ocrx_word' id='word_1_741' title='bbox 2592 4730 2648 4775; x_wconf 93' lang='lat' dir='ltr'><strong>ut</strong></span> <span class='ocrx_word' id='word_1_742' title='bbox 2677 4722 2992 4791; x_wconf 89' lang='lat' dir='ltr'><strong>pastoribus</strong></span> <span class='ocrx_word' id='word_1_743' title='bbox 3034 4722 3229 4777; x_wconf 88' lang='lat' dir='ltr'><strong>Pastor</strong></span> <span class='ocrx_word' id='word_1_744' title='bbox 3254 4722 3343 4775; x_wconf 91' lang='lat' dir='ltr'><strong>ille</strong></span> <span class='ocrx_word' id='word_1_745' title='bbox 3374 4735 3540 4789; x_wconf 78' lang='lat' dir='ltr'><strong>appa-</strong></span> 
     </span>
    </p>
   </div>
   <div class='ocr_carea' id='block_1_95' title="bbox 278 4809 1868 4879">
    <p class='ocr_par' dir='ltr' id='par_1_95' title="bbox 278 4809 1868 4879">
     <span class='ocr_line' id='line_1_95' title="bbox 278 4809 1868 4879; baseline -0.006 -9"><span class='ocrx_word' id='word_1_746' title='bbox 278 4816 586 4871; x_wconf 81' lang='lat' dir='ltr'><strong>tmitatem.</strong></span> <span class='ocrx_word' id='word_1_747' title='bbox 619 4811 740 4865; x_wconf 77' lang='lat' dir='ltr'><strong>Non</strong></span> <span class='ocrx_word' id='word_1_748' title='bbox 771 4810 918 4865; x_wconf 89' lang='lat' dir='ltr'><strong>enim</strong></span> <span class='ocrx_word' id='word_1_749' title='bbox 954 4810 1171 4873; x_wconf 88' lang='lat' dir='ltr'><strong>unitas,</strong></span> <span class='ocrx_word' id='word_1_750' title='bbox 1219 4810 1312 4865; x_wconf 88' lang='lat' dir='ltr'><strong>sed</strong></span> <span class='ocrx_word' id='word_1_751' title='bbox 1351 4823 1600 4879; x_wconf 86' lang='lat' dir='ltr'><strong>personae</strong></span> <span class='ocrx_word' id='word_1_752' title='bbox 1630 4809 1868 4873; x_wconf 88' lang='lat' dir='ltr'><strong>habent,</strong></span> 
     </span>
    </p>
   </div>
   <div class='ocr_carea' id='block_1_96' title="bbox 277 4899 1871 4971">
    <p class='ocr_par' dir='ltr' id='par_1_96' title="bbox 277 4899 1871 4971">
     <span class='ocr_line' id='line_1_96' title="bbox 277 4899 1871 4971; baseline -0.004 -13"><span class='ocrx_word' id='word_1_753' title='bbox 277 4913 342 4958; x_wconf 88' lang='lat' dir='ltr'><strong>ut</strong></span> <span class='ocrx_word' id='word_1_754' title='bbox 382 4902 808 4959; x_wconf 79' lang='lat' dir='ltr'><strong>distinctionem</strong></span> <span class='ocrx_word' id='word_1_755' title='bbox 842 4899 1040 4963; x_wconf 88' lang='lat' dir='ltr'><strong>ferant,</strong></span> <span class='ocrx_word' id='word_1_756' title='bbox 1066 4915 1163 4971; x_wconf 81' lang='lat' dir='ltr'><strong>per</strong></span> <span class='ocrx_word' id='word_1_757' title='bbox 1191 4914 1355 4970; x_wconf 89' lang='lat' dir='ltr'><strong>quam</strong></span> <span class='ocrx_word' id='word_1_758' title='bbox 1392 4899 1553 4955; x_wconf 90' lang='lat' dir='ltr'><strong>nobis</strong></span> <span class='ocrx_word' id='word_1_759' title='bbox 1586 4899 1871 4953; x_wconf 76' lang='lat' dir='ltr'><strong>adoranti-</strong></span> 
     </span>
    </p>
   </div>
   <div class='ocr_carea' id='block_1_97' title="bbox 277 4989 1872 5056">
    <p class='ocr_par' dir='ltr' id='par_1_97' title="bbox 277 4989 1872 5056">
     <span class='ocr_line' id='line_1_97' title="bbox 277 4989 1872 5056; baseline -0.003 -7"><span class='ocrx_word' id='word_1_760' title='bbox 277 4996 394 5049; x_wconf 85' lang='lat' dir='ltr'><strong>bus</strong></span> <span class='ocrx_word' id='word_1_761' title='bbox 418 4992 747 5053; x_wconf 86' lang='lat' dir='ltr'><strong>Trinitatem</strong></span> <span class='ocrx_word' id='word_1_762' title='bbox 775 4989 853 5056; x_wconf 81' lang='lat' dir='ltr'><strong>iit,</strong></span> <span class='ocrx_word' id='word_1_763' title='bbox 876 4998 931 5045; x_wconf 91' lang='lat' dir='ltr'><strong>ut</strong></span> <span class='ocrx_word' id='word_1_764' title='bbox 955 4999 1107 5046; x_wconf 80' lang='lat' dir='ltr'><strong>extra</strong></span> <span class='ocrx_word' id='word_1_765' title='bbox 1133 5004 1295 5043; x_wconf 91' lang='lat' dir='ltr'><strong>unam</strong></span> <span class='ocrx_word' id='word_1_766' title='bbox 1314 4989 1742 5046; x_wconf 88' lang='lat' dir='ltr'><strong>dominationem</strong></span> <span class='ocrx_word' id='word_1_767' title='bbox 1776 5006 1872 5047; x_wconf 86' lang='lat' dir='ltr'><strong>ne-</strong></span> 
     </span>
    </p>
   </div>
   <div class='ocr_carea' id='block_1_98' title="bbox 276 5079 1872 5154">
    <p class='ocr_par' dir='ltr' id='par_1_98' title="bbox 276 5079 1872 5154">
     <span class='ocr_line' id='line_1_98' title="bbox 276 5079 1872 5154; baseline -0.002 -16"><span class='ocrx_word' id='word_1_768' title='bbox 276 5097 575 5153; x_wconf 83' lang='lat' dir='ltr'><strong>quaquam</strong></span> <span class='ocrx_word' id='word_1_769' title='bbox 606 5095 903 5154; x_wconf 84' lang='lat' dir='ltr'><strong>vagemur;</strong></span> <span class='ocrx_word' id='word_1_770' title='bbox 936 5087 1027 5134; x_wconf 87' lang='lat' dir='ltr'><strong>aut</strong></span> <span class='ocrx_word' id='word_1_771' title='bbox 1061 5088 1208 5135; x_wconf 89' lang='lat' dir='ltr'><strong>certe</strong></span> <span class='ocrx_word' id='word_1_772' title='bbox 1238 5080 1435 5149; x_wconf 82' lang='lat' dir='ltr'><strong>quibus</strong></span> <span class='ocrx_word' id='word_1_773' title='bbox 1456 5079 1525 5134; x_wconf 87' lang='lat' dir='ltr'><strong>ob</strong></span> <span class='ocrx_word' id='word_1_774' title='bbox 1565 5080 1872 5135; x_wconf 88' lang='lat' dir='ltr'><strong>distinctio-</strong></span> 
     </span>
    </p>
   </div>
   <div class='ocr_carea' id='block_1_99' title="bbox 1976 4809 3540 4882">
    <p class='ocr_par' dir='ltr' id='par_1_99' title="bbox 1976 4809 3540 4882">
     <span class='ocr_line' id='line_1_99' title="bbox 1976 4809 3540 4882; baseline -0.001 -16"><span class='ocrx_word' id='word_1_775' title='bbox 1976 4819 2115 4877; x_wconf 90' lang='lat' dir='ltr'><strong>reat,</strong></span> <span class='ocrx_word' id='word_1_776' title='bbox 2151 4812 2244 4882; x_wconf 91' lang='lat' dir='ltr'><strong>qui</strong></span> <span class='ocrx_word' id='word_1_777' title='bbox 2270 4811 2439 4877; x_wconf 89' lang='lat' dir='ltr'><strong>venit,</strong></span> <span class='ocrx_word' id='word_1_778' title='bbox 2471 4818 2529 4864; x_wconf 92' lang='lat' dir='ltr'><strong>ut</strong></span> <span class='ocrx_word' id='word_1_779' title='bbox 2569 4812 2833 4881; x_wconf 87' lang='lat' dir='ltr'><strong>perditam</strong></span> <span class='ocrx_word' id='word_1_780' title='bbox 2864 4828 3018 4868; x_wconf 91' lang='lat' dir='ltr'><strong>ovem</strong></span> <span class='ocrx_word' id='word_1_781' title='bbox 3055 4812 3298 4867; x_wconf 87' lang='lat' dir='ltr'><strong>humeris</strong></span> <span class='ocrx_word' id='word_1_782' title='bbox 3325 4809 3540 4881; x_wconf 89' lang='lat' dir='ltr'><strong>imposi-</strong></span> 
     </span>
    </p>
   </div>
   <div class='ocr_carea' id='block_1_100' title="bbox 1977 4899 3537 4969">
    <p class='ocr_par' dir='ltr' id='par_1_100' title="bbox 1977 4899 3537 4969">
     <span class='ocr_line' id='line_1_100' title="bbox 1977 4899 3537 4969; baseline -0.001 -15"><span class='ocrx_word' id='word_1_783' title='bbox 1977 4908 2085 4954; x_wconf 89' lang='lat' dir='ltr'><strong>tam</strong></span> <span class='ocrx_word' id='word_1_784' title='bbox 2118 4900 2426 4963; x_wconf 87' lang='lat' dir='ltr'><strong>reduceret,</strong></span> <span class='ocrx_word' id='word_1_785' title='bbox 2457 4914 2619 4969; x_wconf 88' lang='lat' dir='ltr'><strong>quam</strong></span> <span class='ocrx_word' id='word_1_786' title='bbox 2648 4899 2737 4953; x_wconf 85' lang='lat' dir='ltr'><strong>ille</strong></span> <span class='ocrx_word' id='word_1_787' title='bbox 2775 4910 2833 4953; x_wconf 91' lang='lat' dir='ltr'><strong>ut</strong></span> <span class='ocrx_word' id='word_1_788' title='bbox 2854 4907 3119 4969; x_wconf 86' lang='lat' dir='ltr'><strong>quaereret</strong></span> <span class='ocrx_word' id='word_1_789' title='bbox 3151 4915 3296 4953; x_wconf 84' lang='lat' dir='ltr'><strong>nunc</strong></span> <span class='ocrx_word' id='word_1_790' title='bbox 3318 4899 3537 4969; x_wconf 88' lang='lat' dir='ltr'><strong>quidem</strong></span> 
     </span>
    </p>
   </div>
   <div class='ocr_carea' id='block_1_101' title="bbox 1977 4986 3541 5060">
    <p class='ocr_par' dir='ltr' id='par_1_101' title="bbox 1977 4986 3541 5060">
     <span class='ocr_line' id='line_1_101' title="bbox 1977 4986 3541 5060; baseline -0.002 -17"><span class='ocrx_word' id='word_1_791' title='bbox 1977 4990 2195 5046; x_wconf 88' lang='lat' dir='ltr'><strong>advenit</strong></span> <span class='ocrx_word' id='word_1_792' title='bbox 2223 5005 2252 5046; x_wconf 91' lang='lat' dir='ltr'><strong>e</strong></span> <span class='ocrx_word' id='word_1_793' title='bbox 2282 4996 2442 5060; x_wconf 87' lang='lat' dir='ltr'><strong>porta</strong></span> <span class='ocrx_word' id='word_1_794' title='bbox 2477 5003 2729 5057; x_wconf 82' lang='lat' dir='ltr'><strong>egressus</strong></span> <span class='ocrx_word' id='word_1_795' title='bbox 2758 4988 3041 5056; x_wconf 89' lang='lat' dir='ltr'><strong>obsignata</strong></span> <span class='ocrx_word' id='word_1_796' title='bbox 3085 4986 3221 5057; x_wconf 89' lang='lat' dir='ltr'><strong>(l0).</strong></span> <span class='ocrx_word' id='word_1_797' title='bbox 3257 4987 3541 5043; x_wconf 86' lang='lat' dir='ltr'><strong>Perveniet</strong></span> 
     </span>
    </p>
   </div>
   <div class='ocr_carea' id='block_1_102' title="bbox 1980 5076 3541 5149">
    <p class='ocr_par' dir='ltr' id='par_1_102' title="bbox 1980 5076 3541 5149">
     <span class='ocr_line' id='line_1_102' title="bbox 1980 5076 3541 5149; baseline -0.003 -15"><span class='ocrx_word' id='word_1_798' title='bbox 1980 5097 2110 5137; x_wconf 90' lang='lat' dir='ltr'><strong>vero</strong></span> <span class='ocrx_word' id='word_1_799' title='bbox 2136 5081 2301 5136; x_wconf 90' lang='lat' dir='ltr'><strong>etiam</strong></span> <span class='ocrx_word' id='word_1_800' title='bbox 2334 5094 2507 5149; x_wconf 86' lang='lat' dir='ltr'><strong>usque</strong></span> <span class='ocrx_word' id='word_1_801' title='bbox 2536 5078 2601 5133; x_wconf 88' lang='lat' dir='ltr'><strong>ad</strong></span> <span class='ocrx_word' id='word_1_802' title='bbox 2631 5088 2816 5148; x_wconf 86' lang='lat' dir='ltr'><strong>portas</strong></span> <span class='ocrx_word' id='word_1_803' title='bbox 2853 5076 3175 5139; x_wconf 86' lang='lat' dir='ltr'><strong>inferorum,</strong></span> <span class='ocrx_word' id='word_1_804' title='bbox 3213 5092 3339 5133; x_wconf 90' lang='lat' dir='ltr'><strong>cum</strong></span> <span class='ocrx_word' id='word_1_805' title='bbox 3368 5088 3541 5133; x_wconf 88' lang='lat' dir='ltr'><strong>morte</strong></span> 
     </span>
    </p>
   </div>
   <div class='ocr_carea' id='block_1_103' title="bbox 1798 5170 2033 5229">
    <p class='ocr_par' dir='ltr' id='par_1_103' title="bbox 1798 5170 2033 5229">
     <span class='ocr_line' id='line_1_103' title="bbox 1798 5170 2033 5229; baseline 0.021 -6"><span class='ocrx_word' id='word_1_806' title='bbox 1798 5170 2033 5229; x_wconf 65' lang='lat' dir='ltr'><strong>NOTAE.</strong></span> 
     </span>
    </p>
   </div>
   <div class='ocr_carea' id='block_1_104' title="bbox 354 5260 1873 5335">
    <p class='ocr_par' dir='ltr' id='par_1_104' title="bbox 354 5260 1873 5335">
     <span class='ocr_line' id='line_1_104' title="bbox 354 5260 1873 5335; baseline -0.004 -16"><span class='ocrx_word' id='word_1_807' title='bbox 354 5265 439 5335; x_wconf 89' lang='lat'><strong>(9)</strong></span> <span class='ocrx_word' id='word_1_808' title='bbox 468 5262 704 5319; x_wconf 67' lang='lat' dir='ltr'><strong>Matrem</strong></span> <span class='ocrx_word' id='word_1_809' title='bbox 725 5279 881 5335; x_wconf 58' lang='lat' dir='ltr'><strong>33on</strong></span> <span class='ocrx_word' id='word_1_810' title='bbox 918 5273 1101 5331; x_wconf 77' lang='lat' dir='ltr'><strong>partus</strong></span> <span class='ocrx_word' id='word_1_811' title='bbox 1134 5262 1242 5335; x_wconf 75' lang='lat' dir='ltr'><strong>lege</strong></span> <span class='ocrx_word' id='word_1_812' title='bbox 1274 5268 1525 5335; x_wconf 76' lang='lat' dir='ltr'><strong>utentem.</strong></span> <span class='ocrx_word' id='word_1_813' title='bbox 1657 5261 1873 5335; x_wconf 74' lang='lat' dir='ltr'><strong>novita-</strong></span> 
     </span>
    </p>
   </div>
   <div class='ocr_carea' id='block_1_105' title="bbox 1971 5256 3546 5329">
    <p class='ocr_par' dir='ltr' id='par_1_105' title="bbox 1971 5256 3546 5329">
     <span class='ocr_line' id='line_1_105' title="bbox 1971 5256 3546 5329; baseline -0.004 -13"><span class='ocrx_word' id='word_1_814' title='bbox 1971 5262 2077 5329; x_wconf 86' lang='lat' dir='ltr'><strong>l5;</strong></span> <span class='ocrx_word' id='word_1_815' title='bbox 2120 5260 2422 5317; x_wconf 79' lang='lat' dir='ltr'><strong>Riccardus</strong></span> <span class='ocrx_word' id='word_1_816' title='bbox 2450 5275 2479 5313; x_wconf 90' lang='lat' dir='ltr'><strong>a</strong></span> <span class='ocrx_word' id='word_1_817' title='bbox 2520 5261 2579 5314; x_wconf 86' lang='lat' dir='ltr'><strong>S.</strong></span> <span class='ocrx_word' id='word_1_818' title='bbox 2613 5258 2905 5329; x_wconf 83' lang='lat' dir='ltr'><strong>Laurentio</strong></span> <span class='ocrx_word' id='word_1_819' title='bbox 2951 5257 3044 5311; x_wconf 84' lang='lat' dir='ltr'><strong>lib.</strong></span> <span class='ocrx_word' id='word_1_820' title='bbox 3084 5274 3114 5311; x_wconf 74' lang='grc' dir='ltr'><strong>ι</strong></span> <span class='ocrx_word' id='word_1_821' title='bbox 3163 5256 3231 5329; x_wconf 90' lang='lat' dir='ltr'><strong>de</strong></span> <span class='ocrx_word' id='word_1_822' title='bbox 3263 5256 3435 5329; x_wconf 78' lang='lat' dir='ltr'><strong>Laud.</strong></span> <span class='ocrx_word' id='word_1_823' title='bbox 3471 5257 3546 5329; x_wconf 58' lang='lat' dir='ltr'><strong>_B,</strong></span> 
     </span>
    </p>
   </div>
   <div class='ocr_carea' id='block_1_106' title="bbox 274 5326 3539 5405">
    <p class='ocr_par' dir='ltr' id='par_1_106' title="bbox 274 5326 3539 5405">
     <span class='ocr_line' id='line_1_106' title="bbox 274 5326 3539 5405; baseline -0.002 -18"><span class='ocrx_word' id='word_1_824' title='bbox 274 5326 443 5405; x_wconf 71' lang='lat' dir='ltr'><strong>tibus</strong></span> <span class='ocrx_word' id='word_1_825' title='bbox 491 5344 689 5405; x_wconf 86' lang='lat' dir='ltr'><strong>partus</strong></span> <span class='ocrx_word' id='word_1_826' title='bbox 724 5326 964 5405; x_wconf 75' lang='lat' dir='ltr'><strong>Virginei</strong></span> <span class='ocrx_word' id='word_1_827' title='bbox 1008 5326 1525 5405; x_wconf 39' lang='lat' dir='ltr'><strong>praeclareomnino</strong></span> <span class='ocrx_word' id='word_1_828' title='bbox 1568 5331 1636 5405; x_wconf 84' lang='lat' dir='ltr'>B_._</span> <span class='ocrx_word' id='word_1_829' title='bbox 1679 5331 1873 5384; x_wconf 80' lang='lat' dir='ltr'><strong>Petrus</strong></span> <span class='ocrx_word' id='word_1_830' title='bbox 1974 5326 2206 5405; x_wconf 43' lang='lat' dir='ltr'><strong>Yir&#39;gin.)</strong></span> <span class='ocrx_word' id='word_1_831' title='bbox 2246 5338 2301 5384; x_wconf 90' lang='lat' dir='ltr'><strong>et</strong></span> <span class='ocrx_word' id='word_1_832' title='bbox 2331 5328 2629 5384; x_wconf 87' lang='lat' dir='ltr'><strong>Guerricus</strong></span> <span class='ocrx_word' id='word_1_833' title='bbox 2681 5327 3112 5405; x_wconf 32' lang='lat' dir='ltr'><strong>abbashserm;</strong></span> <span class='ocrx_word' id='word_1_834' title='bbox 3154 5328 3323 5405; x_wconf 84' lang='lat' dir='ltr'><strong>i,__de</strong></span> <span class='ocrx_word' id='word_1_835' title='bbox 3364 5326 3539 5405; x_wconf 71' lang='lat' dir='ltr'><strong>Nativ.</strong></span> 
     </span>
    </p>
   </div>
   <div class='ocr_carea' id='block_1_107' title="bbox 278 5395 3542 5470">
    <p class='ocr_par' dir='ltr' id='par_1_107' title="bbox 278 5395 3542 5470">
     <span class='ocr_line' id='line_1_107' title="bbox 278 5395 3542 5470; baseline -0.003 -10"><span class='ocrx_word' id='word_1_836' title='bbox 278 5395 551 5461; x_wconf 71' lang='lat' dir='ltr'><strong>Damiahi</strong></span> <span class='ocrx_word' id='word_1_837' title='bbox 604 5395 859 5457; x_wconf 71' lang='lat' dir='ltr'><strong>sermone</strong></span> <span class='ocrx_word' id='word_1_838' title='bbox 887 5402 947 5461; x_wconf 80' lang='lat' dir='ltr'><strong>ll</strong></span> <span class='ocrx_word' id='word_1_839' title='bbox 1008 5395 1184 5464; x_wconf 70' lang='lat' dir='ltr'><strong>etﬁl;</strong></span> <span class='ocrx_word' id='word_1_840' title='bbox 1246 5399 1544 5470; x_wconf 74' lang='lat' dir='ltr'><strong>Gregorius</strong></span> <span class='ocrx_word' id='word_1_841' title='bbox 1591 5399 1875 5470; x_wconf 85' lang='lat' dir='ltr'><strong>Nyssenus</strong></span> <span class='ocrx_word' id='word_1_842' title='bbox 1975 5395 2228 5470; x_wconf 78' lang='lat' dir='ltr'><strong>Domini,</strong></span> <span class='ocrx_word' id='word_1_843' title='bbox 2293 5413 2527 5470; x_wconf 76' lang='lat' dir='ltr'><strong>quorum</strong></span> <span class='ocrx_word' id='word_1_844' title='bbox 2583 5396 3027 5470; x_wconf 81' lang='lat' dir='ltr'><strong>verba__adducit</strong></span> <span class='ocrx_word' id='word_1_845' title='bbox 3076 5395 3137 5451; x_wconf 91' lang='lat' dir='ltr'><strong>P.</strong></span> <span class='ocrx_word' id='word_1_846' title='bbox 3202 5396 3542 5470; x_wconf 79' lang='lat' dir='ltr'><strong>Theophilus</strong></span> 
     </span>
    </p>
   </div>
   <div class='ocr_carea' id='block_1_108' title="bbox 278 5468 1876 5529">
    <p class='ocr_par' dir='ltr' id='par_1_108' title="bbox 278 5468 1876 5529">
     <span class='ocr_line' id='line_1_108' title="bbox 278 5468 1876 5529; baseline -0.003 -2"><span class='ocrx_word' id='word_1_847' title='bbox 278 5473 536 5528; x_wconf 75' lang='lat' dir='ltr'><strong>Horiiilia</strong></span> <span class='ocrx_word' id='word_1_848' title='bbox 576 5474 659 5526; x_wconf 75' lang='lat' dir='ltr'><strong>l5.</strong></span> <span class='ocrx_word' id='word_1_849' title='bbox 699 5475 755 5526; x_wconf 86' lang='lat' dir='ltr'><strong>in</strong></span> <span class='ocrx_word' id='word_1_850' title='bbox 795 5472 955 5529; x_wconf 82' lang='lat' dir='ltr'><strong>Cant.</strong></span> <span class='ocrx_word' id='word_1_851' title='bbox 979 5470 1045 5525; x_wconf 89' lang='lat' dir='ltr'><strong>ad</strong></span> <span class='ocrx_word' id='word_1_852' title='bbox 1075 5470 1217 5524; x_wconf 87' lang='lat' dir='ltr'><strong>illud</strong></span> <span class='ocrx_word' id='word_1_853' title='bbox 1246 5486 1260 5523; x_wconf 91' lang='lat'><strong>:</strong></span> <span class='ocrx_word' id='word_1_854' title='bbox 1305 5468 1540 5523; x_wconf 81' lang='lat' dir='ltr'><strong>Dilectus</strong></span> <span class='ocrx_word' id='word_1_855' title='bbox 1572 5468 1715 5523; x_wconf 74' lang='lat' dir='ltr'><strong>meus</strong></span> <span class='ocrx_word' id='word_1_856' title='bbox 1746 5486 1876 5522; x_wconf 84' lang='lat' dir='ltr'><strong>can-</strong></span> 
     </span>
    </p>
   </div>
   <div class='ocr_carea' id='block_1_109' title="bbox 280 5539 1876 5608">
    <p class='ocr_par' dir='ltr' id='par_1_109' title="bbox 280 5539 1876 5608">
     <span class='ocr_line' id='line_1_109' title="bbox 280 5539 1876 5608; baseline -0.001 -15"><span class='ocrx_word' id='word_1_857' title='bbox 280 5543 483 5607; x_wconf 78' lang='lat' dir='ltr'><strong>didus,</strong></span> <span class='ocrx_word' id='word_1_858' title='bbox 517 5551 565 5595; x_wconf 85' lang='lat' dir='ltr'><strong>et</strong></span> <span class='ocrx_word' id='word_1_859' title='bbox 586 5541 934 5605; x_wconf 77' lang='lat' dir='ltr'><strong>rubicundus,</strong></span> <span class='ocrx_word' id='word_1_860' title='bbox 964 5540 1159 5594; x_wconf 77' lang='lat' dir='ltr'><strong>electus</strong></span> <span class='ocrx_word' id='word_1_861' title='bbox 1214 5554 1278 5592; x_wconf 74' lang='lat' dir='ltr'><strong>ea;</strong></span> <span class='ocrx_word' id='word_1_862' title='bbox 1306 5539 1578 5608; x_wconf 59' lang='lat' dir='ltr'><strong>millibus;</strong></span> <span class='ocrx_word' id='word_1_863' title='bbox 1607 5539 1665 5593; x_wconf 89' lang='lat' dir='ltr'><strong>D.</strong></span> <span class='ocrx_word' id='word_1_864' title='bbox 1693 5541 1876 5608; x_wconf 85' lang='lat' dir='ltr'><strong>Augu-</strong></span> 
     </span>
    </p>
   </div>
   <div class='ocr_carea' id='block_1_110' title="bbox 1074 5607 1882 5678">
    <p class='ocr_par' dir='ltr' id='par_1_110' title="bbox 1074 5607 1882 5678">
     <span class='ocr_line' id='line_1_110' title="bbox 1074 5607 1882 5678; baseline -0.002 -16"><span class='ocrx_word' id='word_1_865' title='bbox 1074 5624 1108 5678; x_wconf 58' lang='grc' dir='ltr'>ιζ</span> <span class='ocrx_word' id='word_1_866' title='bbox 1126 5608 1283 5673; x_wconf 90' lang='lat' dir='ltr'><strong>illud,</strong></span> <span class='ocrx_word' id='word_1_867' title='bbox 1315 5607 1518 5662; x_wconf 79' lang='lat' dir='ltr'><strong>Similis</strong></span> <span class='ocrx_word' id='word_1_868' title='bbox 1551 5610 1724 5678; x_wconf 74' lang='lat' dir='ltr'><strong>factus</strong></span> <span class='ocrx_word' id='word_1_869' title='bbox 1763 5607 1882 5661; x_wconf 78' lang='lat' dir='ltr'><strong>sum</strong></span> 
     </span>
    </p>
   </div>
   <div class='ocr_carea' id='block_1_111' title="bbox 289 5677 1879 5756">
    <p class='ocr_par' dir='ltr' id='par_1_111' title="bbox 289 5677 1879 5756">
     <span class='ocr_line' id='line_1_111' title="bbox 289 5677 1879 5756; baseline -0.004 -20"><span class='ocrx_word' id='word_1_870' title='bbox 289 5680 572 5756; x_wconf 70' lang='lat' dir='ltr'><strong>pellicano</strong></span> <span class='ocrx_word' id='word_1_871' title='bbox 607 5677 952 5745; x_wconf 68' lang='lat' dir='ltr'><strong>solitudinis;</strong></span> <span class='ocrx_word' id='word_1_872' title='bbox 988 5677 1047 5736; x_wconf 75' lang='grc' dir='ltr'><strong>ὃ.</strong></span> <span class='ocrx_word' id='word_1_873' title='bbox 1087 5677 1281 5735; x_wconf 80' lang='lat' dir='ltr'><strong>Petrus</strong></span> <span class='ocrx_word' id='word_1_874' title='bbox 1310 5677 1683 5749; x_wconf 67' lang='lat' dir='ltr'><strong>Cluysoldgus</strong></span> <span class='ocrx_word' id='word_1_875' title='bbox 1710 5692 1879 5734; x_wconf 84' lang='lat' dir='ltr'><strong>sentt.</strong></span> 
     </span>
    </p>
   </div>
   <div class='ocr_carea' id='block_1_112' title="bbox 284 5610 994 5679">
    <p class='ocr_par' dir='ltr' id='par_1_112' title="bbox 284 5610 994 5679">
     <span class='ocr_line' id='line_1_112' title="bbox 284 5610 994 5679; baseline -0.001 -17"><span class='ocrx_word' id='word_1_876' title='bbox 284 5613 486 5667; x_wconf 73' lang='lat' dir='ltr'><strong>stinus</strong></span> <span class='ocrx_word' id='word_1_877' title='bbox 520 5612 575 5665; x_wconf 88' lang='lat' dir='ltr'><strong>in</strong></span> <span class='ocrx_word' id='word_1_878' title='bbox 609 5610 905 5679; x_wconf 44' lang='lat' dir='ltr'><strong>psaldliil,</strong></span> <span class='ocrx_word' id='word_1_879' title='bbox 933 5624 994 5664; x_wconf 88' lang='lat' dir='ltr'><strong>su</strong></span> 
     </span>
    </p>
   </div>
   <div class='ocr_carea' id='block_1_113' title="bbox 1975 5464 3556 5540">
    <p class='ocr_par' dir='ltr' id='par_1_113' title="bbox 1975 5464 3556 5540">
     <span class='ocr_line' id='line_1_113' title="bbox 1975 5464 3556 5540; baseline -0.001 -17"><span class='ocrx_word' id='word_1_880' title='bbox 1975 5464 2721 5540; x_wconf 50' lang='lat' dir='ltr'><strong>Raynaudus’iu_Diptychis</strong></span> <span class='ocrx_word' id='word_1_881' title='bbox 2754 5464 3033 5533; x_wconf 77' lang='lat' dir='ltr'><strong>Marianis,</strong></span> <span class='ocrx_word' id='word_1_882' title='bbox 3062 5475 3218 5537; x_wconf 87' lang='lat' dir='ltr'><strong>parte</strong></span> <span class='ocrx_word' id='word_1_883' title='bbox 3252 5468 3304 5533; x_wconf 82' lang='lat' dir='ltr'><strong>l,</strong></span> <span class='ocrx_word' id='word_1_884' title='bbox 3336 5464 3556 5537; x_wconf 25' lang='lat' dir='ltr'><strong>puncto.</strong></span> 
     </span>
    </p>
   </div>
   <div class='ocr_carea' id='block_1_114' title="bbox 1979 5536 3546 5679">
    <p class='ocr_par' dir='ltr' id='par_1_114' title="bbox 1979 5536 3546 5679">
     <span class='ocr_line' id='line_1_114' title="bbox 1979 5536 3075 5605; baseline -0.006 -14"><span class='ocrx_word' id='word_1_885' title='bbox 1979 5536 2494 5605; x_wconf 45' lang='lat' dir='ltr'><strong>7,&#39;num.30t!t3i.</strong></span> <span class='ocrx_word' id='word_1_886' title='bbox 2570 5536 2575 5537; x_wconf 55' lang='grc'><strong><em>⁷</em></strong></span> <span class='ocrx_word' id='word_1_887' title='bbox 3064 5536 3075 5537; x_wconf 48' lang='grc'><strong>“</strong></span> 
     </span>
     <span class='ocr_line' id='line_1_115' title="bbox 2049 5604 3546 5679; baseline -0.006 -17"><span class='ocrx_word' id='word_1_888' title='bbox 2049 5608 2161 5679; x_wconf 80' lang='lat' dir='ltr'><strong>(l0)</strong></span> <span class='ocrx_word' id='word_1_889' title='bbox 2197 5606 2444 5679; x_wconf 67' lang='lat' dir='ltr'><strong>Epona</strong></span> <span class='ocrx_word' id='word_1_890' title='bbox 2499 5606 3086 5679; x_wconf 56' lang='lat' dir='ltr'><strong>egressusobsiguata.</strong></span> <span class='ocrx_word' id='word_1_891' title='bbox 3150 5604 3392 5679; x_wconf 75' lang='lat' dir='ltr'><strong>Respicit</strong></span> <span class='ocrx_word' id='word_1_892' title='bbox 3436 5604 3546 5679; x_wconf 81' lang='lat' dir='ltr'><strong>L_t‘n</strong></span> 
     </span>
    </p>
   </div>
   <div class='ocr_carea' id='block_1_115' title="bbox 1982 5674 3567 5747">
    <p class='ocr_par' dir='ltr' id='par_1_115' title="bbox 1982 5674 3567 5747">
     <span class='ocr_line' id='line_1_116' title="bbox 1982 5674 3567 5747; baseline -0.007 -12"><span class='ocrx_word' id='word_1_893' title='bbox 1982 5674 2171 5735; x_wconf 80' lang='lat' dir='ltr'><strong>noster</strong></span> <span class='ocrx_word' id='word_1_894' title='bbox 2200 5677 2266 5733; x_wconf 87' lang='lat' dir='ltr'><strong>ad</strong></span> <span class='ocrx_word' id='word_1_895' title='bbox 2287 5674 2700 5747; x_wconf 39' lang='lat' dir='ltr'><strong>&#39;portam’illam</strong></span> <span class='ocrx_word' id='word_1_896' title='bbox 2721 5674 2962 5731; x_wconf 75' lang='lat' dir='ltr'><strong>clausam</strong></span> <span class='ocrx_word' id='word_1_897' title='bbox 3002 5691 3166 5731; x_wconf 88' lang='lat' dir='ltr'><strong>uuam</strong></span> <span class='ocrx_word' id='word_1_898' title='bbox 3186 5676 3285 5731; x_wconf 92' lang='lat' dir='ltr'><strong>soli</strong></span> <span class='ocrx_word' id='word_1_899' title='bbox 3312 5674 3567 5735; x_wconf 77' lang='grc' dir='ltr'><strong>ωἰηοίω</strong></span> 
     </span>
    </p>
   </div>
  </div>
