4070 6210
484 306 554 367 47
1733 306 2006 366 LEONIS
2040 308 2095 366 Pi

2198 305 2496 366 '.OSOPHI
3667 293 3739 364 48

487 414 603 472 fera
650 412 742 489 illa
792 413 975 468 omnia
1017 414 1316 469 devorante
1357 413 1743 469 dimicaturus.
1793 412 1898 468 Sed
1941 415 2289 475 ltchsaue
2356 415 2794 487 consanguineus
2872 428 3030 468 nemo
3060 453 3073 476 ,
3150 412 3252 468 sub
3321 411 3438 481 lege
3512 407 3741 462 consti-

489 504 875 577 postea.Nunc
906 521 1031 561 vero
1052 504 1367 577 fugiendum
1394 507 1469 562 illi
1500 516 1585 562 est
1622 508 1677 562 in
1707 507 1837 578 ipsis
1870 508 2057 565 fasciis

489 613 705 656 summa
727 598 846 667 ipsa
871 599 1264 661 exinanitioue,
1294 613 1399 651 non
1425 598 1543 654 sine
1564 612 1661 653 sua
1682 592 2059 656 exinanitione

492 695 764 744 manente.
797 686 915 742 Jam
952 691 1150 759 quippe
1181 687 1420 743 Herodes
1465 687 1649 743 furore
1696 692 2059 761 corripietur,

491 788 545 834 et
563 780 813 835 victimas
838 779 910 835 ob
929 779 1190 834 infamem
1218 789 1401 832 natum
1428 779 1663 836 infantes
1682 780 1952 837 Bethleem
1983 782 2065 839 fa-

491 870 618 935 ciet,
647 884 898 939 caesaque
928 878 1086 924 aetate
1134 870 1270 923 adeo
1300 880 1506 931 tenera,
1556 884 1623 924 ne
1672 871 1891 940 quidem
1932 874 2062 940 qttid

493 960 989 1028 agatursentiente,
1010 959 1240 1029 intiuget
1259 958 1521 1027 gladium,
1536 967 1590 1013 et
1608 975 1831 1029 regnum
1848 962 1952 1015 erit
1975 977 2067 1017 oc-

493 1053 733 1106 cisorum
756 1052 983 1104 crimen.
1003 1049 1047 1102 0
1067 1060 1324 1113 mentem,
1345 1048 1590 1103 etferino
1608 1050 1967 1106 crudeliorem
1987 1052 2066 1105 in-

495 1138 674 1206 genio!
697 1137 893 1191 Statim
915 1137 1163 1191 videlicet
1178 1138 1359 1193 infans
1375 1148 1617 1195 assumet
1636 1142 1738 1195 sibi
1757 1142 2065 1211 imperium,

495 1237 550 1281 et
585 1226 813 1295 privabit
854 1226 1062 1295 regno?
1104 1226 1393 1295 Pr0pterea
1424 1228 1619 1285 timens
1657 1230 1835 1286 effuso
1872 1232 2070 1300 gaudet

497 1317 784 1385 sanguine.
837 1317 918 1368 An
956 1331 1084 1370 vero
1124 1332 1236 1371 non
1281 1318 1331 1371 id
1368 1320 1606 1389 cogitat,
1650 1320 1745 1376 sed
1783 1330 1839 1374 ttt
1887 1321 2071 1377 futura

497 1414 822 1475 praecaveat,
850 1406 1211 1474 jugulandum
1239 1409 1516 1469 existimat
1559 1410 1900 1467 immaturam
1936 1419 2069 1466 aeta-

500 1505 631 1561 tem,
654 1512 815 1565 quam
847 1499 899 1551 in
932 1514 1085 1553 suam
1118 1508 1325 1555 metens
1348 1502 1646 1570 perniciem
1675 1518 1785 1557 non
1810 1504 1961 1558 illum
1987 1506 2075 1559 de-

499 1594 664 1641 metet
714 1603 874 1657 quem
929 1591 1144 1659 quaerit.
1184 1588 1321 1644 Cum
1371 1591 1417 1647 si
1453 1601 1817 1662 Opportunum
1863 1604 2076 1665 tempus

499 1686 873 1743 exspectasset
899 1678 1044 1745 quod
1090 1680 1164 1733 illi
1190 1678 1329 1735 forte
1354 1680 1597 1737 dedisset
1617 1691 1673 1738 ut
1712 1686 2079 1755 comprehen-

501 1764 655 1820 deret
681 1782 843 1835 quem
873 1769 1152 1839 quatrebat
1174 1810 1189 1836 ,
1223 1779 1355 1826 tunc
1398 1786 1524 1827 eum
1553 1789 1584 1828 e
1615 1775 1795 1831 medio
1831 1779 2090 1833 sustulis.

503 1863 611 1910 set.
642 1854 801 1920 Nunc
828 1873 960 1913 vero
995 1860 1195 1914 mirum
1232 1877 1356 1917 cum
1392 1872 1565 1928 esset,
1598 1865 1642 1919 si
1683 1867 1777 1935 qui
1817 1869 2093 1935 quaereba-

503 1954 594 2001 tttr
630 1964 737 2002 non
769 1950 1039 2017 latuisset,
1070 1953 1141 2007 ob
1185 1955 1263 2008 rei
1294 1955 1689 2012 obscuritatem
1728 1958 2089 2015 nihilominus

506 2041 781 2107 turbatur,
810 2043 1095 2112 etplanum
1134 2047 1190 2097 fit
1213 2047 1473 2102 omnibus
1492 2048 1646 2102 illum
1664 2049 1921 2116 delirare,
1946 2053 2090 2121 quod

504 2129 742 2187 infantes
781 2148 934 2203 aeque
968 2149 1161 2190 omnes
1197 2135 1399 2191 affatim
1426 2147 1751 2208 persecutus
1778 2142 1871 2204 sit,
1895 2158 2090 2213 quem-

506 2222 802 2277 admodum
848 2225 1054 2280 rabiosi
1083 2242 1249 2282 canes
1290 2244 1445 2298 mque
1494 2246 1687 2287 omnes
1720 2233 2088 2291 obviosado-

504 2309 744 2363 riuntur.
773 2312 1159 2367 Amentissime
1186 2316 1469 2369 hominum
1492 2357 1507 2381 ,
1537 2333 1685 2372 nunc
1715 2327 1770 2373 te
1812 2322 2090 2390 promittis

508 2399 713 2453 iturum
755 2400 822 2453 ad
854 2401 1193 2457 adorandum
1222 2445 1237 2470 ,
1280 2413 1335 2458 et
1365 2421 1511 2461 nunc
1543 2410 1865 2479 sanguinem
1898 2424 2087 2480 potare

509 2488 708 2556 optasl
753 2487 860 2542 Sed
908 2490 1227 2547 omittamus
1272 2493 1445 2547 illum
1471 2496 1523 2549 in
1554 2512 1651 2551 sua
1686 2499 1921 2565 insania,
1958 2511 2085 2555 ante

512 2589 810 2645 magnum,
876 2592 1083 2646 proque
1148 2582 1405 2651 universo
1471 2585 1677 2639 mundo
1737 2590 2083 2643 mactandum

514 2668 752 2736 Agnum,
782 2668 992 2724 hostias
1014 2672 1307 2727 medentem
1338 2689 1439 2743 pro
1466 2675 1557 2729 illo
1592 2685 1799 2742 nectas,
1830 2686 1891 2733 ut
1922 2681 2083 2735 etiam

514 2763 700 2810 tenera
732 2766 865 2811 aetas
905 2756 1198 2811 infantium
1232 2775 1340 2814 non
1389 2772 1538 2816 esset
1571 2764 1830 2821 immunis
1858 2766 1926 2820 ab
1956 2768 2085 2822 olle-

519 2843 689 2898 rcndo
726 2860 969 2911 munere,
992 2845 1088 2902 sed
1118 2848 1237 2917 ipsa
1278 2864 1495 2920 quoque
1516 2851 1733 2908 offerret
1764 2856 2084 2924 sanguinem

518 2934 631 2988 Deo
667 2949 696 2988 e
736 2936 1094 3003 virginalibus
1147 2947 1270 2993 orto
1315 2944 1713 3012 sanguinibus,
1751 2954 1920 3015 utque
1962 2963 2089 3017 pue-

2170 515 2362 571 tutus,
2416 505 2550 577 Regi
2630 503 3011 559 universorum
3098 502 3293 556 infanti
3354 514 3579 555 munera
3657 494 3744 551 of-

2170 595 2341 661 fert,
2407 595 2501 652 sed
2589 594 2969 649 adorationem
3025 591 3401 662 praeripientes
3481 585 3644 642 alieni
3716 598 3749 638 a

2171 696 2402 757 cognato
2468 689 2788 759 sanguine,
2854 696 2909 741 et
2998 692 3208 753 gentem
3299 681 3367 733 ab
3446 679 3570 733 aliis
3642 692 3751 731 se-

2174 784 2432 847 gregante
2489 776 2623 847 lege,
2669 775 2805 846 Magi
2857 790 2919 830 ea
2971 773 3122 834 dant,
3165 768 3649 841 praesignificantes
3694 768 3751 820 in

2176 870 2371 938 seipsis
2415 868 2532 923 fore
2578 876 2635 922 ut
2687 877 2873 937 gentes
2925 870 3256 937 praevertam
3301 860 3438 929 legis
3486 860 3754 925 cultores,

2176 969 2229 1015 et
2279 975 2374 1030 per
2423 959 2568 1021 rivos
2624 958 2906 1027 sanguinis
2964 958 3302 1027 propinquos
3354 954 3646 1019 llebratos,
3696 953 3753 1006 in

2180 1050 2529 1125 agnoscendo
2579 1050 2967 1121 adorandoque
3010 1049 3153 1118 llege
3200 1049 3293 1104 illo
3342 1048 3434 1119 qui
3475 1062 3652 1108 nunc,
3695 1052 3759 1097 ut

2181 1144 2402 1205 dilarct,
2433 1143 2498 1195 ad
2532 1156 2801 1194 summam
2835 1141 3054 1195 devenit
3099 1141 3361 1209 inopiam.
3406 1138 3450 1191 Î‘
3472 1137 3674 1206 quibus
3703 1141 3760 1188 et

2184 1234 2306 1290 fidei
2342 1235 2734 1296 sinceritatem,
2770 1240 2823 1287 et
2864 1240 3080 1302 gratum
3106 1232 3321 1302 piorum
3368 1244 3592 1300 operum
3625 1228 3765 1282 odo-

2183 1341 2319 1388 rem,
2360 1332 2414 1380 et
2457 1332 2702 1378 motuum
2739 1322 2924 1378 carnis
2978 1323 3416 1386 restinctionem,
3462 1319 3626 1375 veluti
3660 1333 3761 1373 au-

2183 1432 2326 1479 rum,
2363 1427 2409 1469 et
2451 1416 2601 1477 thus,
2625 1423 2679 1469 et
2704 1414 2980 1485 myrrham
3012 1414 3261 1483 accipiet,
3295 1413 3493 1481 quibus
3521 1412 3627 1465 dux
3654 1409 3764 1464 erit

2186 1507 2253 1561 ad
2293 1506 2629 1560 adorandum
2682 1504 2943 1571 effulgens
2978 1505 3388 1574 pratdicationis
3440 1502 3764 1573 Splendidtts

2187 1596 2400 1659 Oriens,
2439 1612 2534 1664 per
2573 1596 2784 1651 stellam
2823 1595 3099 1664 Magorum
3133 1611 3277 1648 nunc
3313 1594 3507 1647 ducem
3544 1608 3764 1663 praeno-

2190 1695 2355 1742 tatus.
2400 1686 2558 1740 Modo
2581 1686 2726 1739 enint
2762 1685 2931 1754 fugiet
2963 1686 3043 1739 ira
3078 1685 3348 1754 percitum
3390 1682 3684 1745 Herodem,
3712 1689 3770 1735 ct

2184 1780 2483 1849 excipietur
2509 1777 2762 1851 Egypto,
2799 1786 2911 1830 tum
2943 1784 3000 1830 ut
3036 1776 3338 1831 beneficum
3396 1776 3483 1828 illa
3517 1773 3767 1843 recipiat.

2188 1887 2348 1942 quem
2378 1870 2569 1943 habuit
2599 1870 2725 1924 olim
2773 1869 3108 1937 punitorem,
3142 1876 3253 1919 tum
3287 1874 3344 1919 Î¹Î¹Î¹
3372 1865 3519 1919 aliud
3551 1872 3766 1935 myste-

2187 1958 2327 2017 rium
2383 1958 2481 2011 ltac
2537 1956 2825 2025 praesentia
2878 1963 3120 2016 notetur,
3166 1953 3470 2009 visitandos
3509 1952 3768 2007 videlicet

2190 2064 2305 2114 cos,
2338 2048 2429 2118 qui
2468 2047 2697 2116 spiritali
2733 2046 3048 2105 serviebant
3091 2045 3346 2115 (Egypto,
3370 2050 3424 2099 et
3460 2043 3590 2099 inde
3626 2043 3771 2098 libe-
3804 2057 3810 2062 Î½

2192 2140 2419 2205 randos,
2468 2140 2559 2209 qui
2612 2139 2894 2193 ductorem
2933 2152 3056 2191 eum
3094 2146 3421 2206 sequentur,
3453 2135 3545 2205 qui
3587 2133 3775 2188 infans

2187 2231 2547 2301 conspicitur.
2597 2227 2853 2282 Fortasse
2886 2226 3046 2281 etiam
3084 2226 3208 2296 fuga
3244 2227 3470 2281 infantis
3495 2226 3547 2279 in
3581 2224 3757 2294 Egyo

2189 2334 2361 2393 ptum.
2389 2320 2692 2392 symbolum
2723 2327 2840 2373 erat
2864 2319 3176 2387 migraturze
3205 2315 3270 2369 ad
3306 2325 3491 2385 gentes
3507 2316 3777 2370 doctrina!

2186 2414 2533 2483 evangelicae.
2573 2408 2725 2465 Sicut
2749 2410 2893 2463 enim
2920 2408 3083 2477 judex
3118 2422 3212 2461 rex
3243 2407 3311 2459 ob
3342 2414 3527 2458 natum
3559 2404 3775 2463 insanit

2186 2521 2435 2577 puerum,
2458 2504 2530 2557 ita
2554 2500 2739 2555 affines
2758 2501 2829 2554 illi
2852 2500 2921 2553 ob
2943 2499 3232 2554 amentiam
3267 2496 3459 2559 Judaei,
3484 2496 3766 2550 exoriente

2184 2612 2279 2667 per
2312 2596 2550 2663 linguam
2583 2592 2975 2660 discipulorunt
3008 2588 3393 2659 praedicatione
3418 2586 3778 2656 evangelica,

2186 2689 2372 2745 furore
2398 2686 2782 2753 corripiantur,
2816 2692 2869 2736 et
2899 2679 3283 2751 aggredientur
3320 2678 3537 2747 quidem
3564 2690 3774 2733 cruen-

2185 2778 2257 2833 tis
2286 2775 2481 2830 animis
2516 2771 2925 2843 praedicatimtis
2967 2784 3190 2827 cursum
3233 2767 3623 2837 comprimere,
3670 2762 3771 2819 sed

2187 2867 2321 2924 nihil
2358 2865 2611 2920 efficient.
2665 2860 3046 2921 Verumtamen
3085 2861 3137 2913 in
3192 2858 3444 2927 praesenti
3494 2854 3772 2908 nefarium

2189 2957 2455 3013 Herodem
2491 2955 2703 3026 fugiens
2737 2952 3018 3014 contendit
3060 2951 3115 3005 in
3147 2948 3464 3019 Aigyptum.
3500 2944 3769 3000 Postmo-

519 3024 606 3077 rili
639 3026 874 3080 amentia
912 3027 1274 3082 laborantium
1317 3033 1422 3087 Deo
1454 3033 1840 3103 inimicorum,
1871 3040 1961 3107 qui
1996 3055 2095 3093 nec
2123 3045 2166 3102 Î¿
2199 3048 2326 3103 dum
2385 3060 2516 3101 vero
2558 3024 2835 3099 manuum
2903 3043 3261 3103 scelestarum
3324 3035 3550 3091 audacia
3574 3074 3589 3097 Î½
3638 3034 3789 3088 illi"

520 3117 775 3173 tibiarum
801 3134 990 3187 sonos,
1024 3136 1123 3176 nec
1152 3121 1388 3179 lamenta
1420 3127 1684 3190 audiunt,
1729 3137 1788 3183 ttt
1839 3130 2105 3201 scriptum

520 3207 724 3277 inquit,
759 3209 814 3263 in
854 3225 955 3265 suo
985 3211 1229 3280 ipsorum
1280 3215 1549 3284 sanguine
1593 3217 1950 3288 praesignaret
1986 3235 2107 3289 per-

521 3298 724 3365 niciem
748 3343 762 3365 ,
799 3318 965 3370 quam
995 3315 1192 3374 sponte
1221 3307 1438 3362 obirent
1463 3348 1478 3373 ,
1523 3310 1708 3364 occiso
1741 3325 1836 3379 per
1865 3309 2105 3372 furorem

523 3390 978 3447 debacchantiutn
1009 3394 1157 3466 Rege
1180 3398 1445 3466 gloriae,et
1468 3415 1692 3463 suarum
1724 3403 1868 3471 passi
1898 3405 2108 3456 anima-

524 3496 647 3535 rum
671 3482 983 3551 iacturam:
1020 3488 1272 3555 quamvis
1303 3504 1410 3544 non
1454 3505 1551 3558 pro
1586 3490 1812 3553 illo,sed
1842 3492 1910 3546 ob
1951 3507 2106 3546 suam

494 3580 496 3583 '
526 3570 629 3638 ipsi
668 3573 914 3639 rabiem,
948 3590 1056 3644 qua
1090 3578 1171 3630 usi
1216 3578 1269 3631 in
1300 3592 1425 3630 eum
1478 3586 1640 3643 sunt,
1670 3591 1726 3634 et
1763 3592 2024 3645 mortem,
2058 3587 2111 3635 et

528 3663 825 3728 perniciem
861 3665 1266 3719 sustinuerunt.
1294 3666 1360 3720 Et
1384 3667 1501 3722 haec
1521 3668 1738 3736 quidem
1761 3670 2114 3724 considerare

529 3750 653 3804 licet
689 3752 757 3807 de
792 3755 940 3808 caede
972 3756 1266 3811 infantium
1315 3774 1476 3813 suum
1508 3759 1855 3816 offerentium
1887 3764 2111 3831 sangui-

533 3855 678 3901 nem.
713 3842 782 3896 At
808 3860 937 3897 vero
980 3845 1120 3901 Medi
1158 3850 1260 3903 rite
1295 3852 1540 3920 agnitum
1577 3852 1849 3907 honorent
1880 3852 2106 3924 Regem,

533 3933 893 3998 congruentia
961 3935 1125 3991 rebus
1181 3937 1475 3995 offerentes
1520 3934 1796 4007 munera,
1850 3951 2111 4012 tanquam

536 4017 670 4088 Regi
703 4030 757 4074 et
790 4019 923 4088 Deo,
963 4026 1289 4097 mortalique
1320 4029 1385 4083 ad
1436 4030 1771 4099 offerendam
1802 4033 2004 4093 mundo
2036 4034 2114 4088 vi-

536 4115 647 4169 tam
676 4148 691 4172 ,
724 4124 858 4164 auro
883 4150 897 4174 ,
930 4113 1091 4168 thure
1137 4124 1193 4171 et
1239 4118 1461 4189 myrrha
1506 4118 1767 4177 honorem
1804 4121 2114 4190 implentes.

540 4196 646 4252 Sed
671 4200 741 4253 ad
771 4200 905 4263 haec,
937 4212 991 4257 et
1021 4205 1181 4259 aliam
1214 4207 1441 4263 subesse
1470 4209 1523 4263 in
1558 4209 1878 4265 muneribus
1922 4220 2118 4266 notan-

539 4287 663 4342 dam
706 4291 938 4360 inspicio
984 4296 1457 4362 significationem.
1514 4298 1743 4355 Videtur
1786 4302 1929 4356 cnim
1982 4303 2114 4357 mihi

2205 3145 2449 3193 mortuos
2479 3132 2861 3187 numerabitur
2886 3170 2903 3193 ,
2940 3127 3163 3196 quando
3192 3124 3509 3179 Scribarum
3541 3128 3596 3175 et
3637 3119 3788 3172 Pha-

2216 3226 2501 3280 risaaorum
2534 3229 2754 3276 caterva
2786 3218 3007 3272 tendent
3042 3217 3095 3269 itt
3125 3229 3270 3275 cum,
3299 3213 3389 3282 qtti
3421 3211 3569 3266 venit
3601 3208 3667 3263 ad
3705 3208 3791 3262 fe-

2205 3313 2431 3368 rendam
2476 3310 2733 3373 salutem,
2765 3306 3013 3361 insidias.
3054 3302 3186 3368 Qum
3234 3310 3291 3355 Î¹Î¹Î¹
3337 3302 3390 3354 in
3446 3314 3585 3368 opus
3633 3297 3791 3352 abie-

2205 3405 2337 3467 rint,
2394 3401 2628 3456 efficient
2674 3407 2733 3451 ttt
2775 3395 3070 3450 oblationis
3108 3393 3443 3447 medicorum
3499 3402 3791 3441 munerum

2205 3491 2531 3563 significatio
2559 3503 2717 3542 suum
2746 3487 3011 3539 sortiatur
3044 3487 3228 3543 finem,
3262 3497 3383 3536 cum
3413 3480 3529 3549 ipse
3557 3478 3786 3547 myrrha

2207 3583 2514 3648 condictur,
2539 3588 2597 3633 Î¹Î¹Î¹
2623 3577 2887 3642 mortalis,
2916 3585 2971 3630 ut
3002 3590 3129 3629 vero
3162 3572 3324 3627 Deus.
3360 3581 3570 3641 gratunt
3603 3568 3788 3620 incor-

2206 3674 2476 3743 ruptionis
2524 3672 2745 3725 odorem
2802 3668 3015 3722 mundo
3046 3664 3349 3733 diffundet,
3384 3673 3688 3732 gentesque
3737 3667 3795 3713 et

2205 3766 2443 3836 gentium
2480 3762 2785 3817 oblationes
2820 3759 3099 3827 suscipiet.
3138 3755 3339 3808 Verum
3376 3754 3490 3808 hac
3523 3768 3625 3808 suo
3650 3760 3793 3805 tent-

2207 3870 2338 3925 porc
2371 3853 2520 3907 flent.
2570 3850 2723 3903 Nunc
2764 3857 2944 3903 autem
2993 3861 3115 3916 qua)
3162 3854 3291 3901 sunt
3334 3844 3622 3915 praesentis
3658 3857 3795 3911 aga-

2207 3961 2363 4009 mus,
2423 3952 2478 3998 et
2517 3941 2803 4012 proposita
2850 3938 3012 3993 nobis
3069 3944 3394 3993 tractemus.
3449 3933 3799 3989 Honoremus

2209 4033 2423 4087 Domini
2463 4030 2838 4093 Nativitatem,
2892 4025 3218 4082 festinemus
3267 4024 3333 4078 ad
3384 4022 3681 4085 videndum
3739 4020 3799 4074 in

2209 4125 2468 4195 spelunca
2528 4122 2921 4192 hospitantem.
2996 4120 3376 4188 Agnoscamus
3435 4122 3641 4168 tantam
3700 4111 3849 4177 dem

2209 4214 2548 4284 pressionem
2580 4211 2701 4279 ejus
2733 4210 2825 4279 qui
2865 4218 2950 4264 est
2984 4207 3134 4263 omni
3164 4204 3456 4260 altitudine
3490 4202 3792 4257 excelsior.

2216 4301 2519 4357 Noscamus
2559 4300 2721 4367 cujus
2755 4300 2831 4355 rei
2864 4298 3040 4370 gratia
3080 4304 3293 4351 tantum
3341 4294 3663 4365 mysterium
3714 4289 3799 4354 fit,

542 4392 736 4447 praeter
774 4384 849 4453 id,
895 4388 1041 4455 quod
1066 4404 1129 4442 ea
1159 4406 1281 4459 quat
1309 4391 1612 4446 offeruntur
1657 4394 1784 4462 quid
1816 4378 1871 4447 in
1906 4394 2115 4449 Infante
2146 4368 2189 4422 Î’
2228 4400 2285 4446 Î¹Î¹Î¹
2334 4391 2423 4460 qui
2459 4405 2649 4446 omnes
2699 4388 2836 4442 ditat
2871 4368 2953 4441 ad
3001 4385 3241 4456 inopiam
3302 4382 3559 4437 redactus
3598 4379 3693 4439 sit,
3746 4388 3803 4434 et

543 4482 671 4526 nato
703 4474 775 4529 sit
812 4477 1109 4546 denotant,
1161 4484 1464 4550 praenuntia
1508 4501 1721 4554 quoque
1763 4500 1883 4539 esse
1919 4485 2116 4540 futura:

543 4566 949 4636 quamprimum
984 4570 1090 4641 ipsi
1134 4572 1464 4645 haereditatis
1515 4576 1775 4642 gentium.
1825 4574 2116 4645 Propterea

2222 4492 2441 4538 Clâ€˜BCllllâ€™
2488 4482 2716 4536 81âµ931Î¿Î“
2764 4489 2818 4534 et
2861 4480 3003 4534 Deus
3046 4485 3307 4532 nascatur
3352 4483 3413 4529 ut
3455 4472 3641 4533 homo,
3674 4471 3805 4524 Î¹á½·ÎµÎµÎ¹

2227 4591 2333 4629 non
2414 4589 2566 4639 more
2638 4575 2877 4627 humano
2929 4589 2942 4627 :
3005 4580 3063 4628 ut
3131 4569 3383 4624 videlicet
3457 4563 3804 4627 confractum

2052 4709 2296 4767 ÎÎŸÎ¤á¾¹).

547 4825 755 4891 absque
786 4823 1090 4893 aper'ione,
1126 4829 1180 4875 et
1212 4821 1463 4893 clausura
1509 4820 1681 4893 salva,
1706 4821 1942 4893 perviam
1980 4822 2116 4875 vidit

549 4890 833 4947 EzeChielI
852 4894 1016 4961 capit.
1047 4906 1171 4944 Ï‡Î¹Î¹Î¹Î‡
1203 4908 1216 4944 Í¾
1252 4890 1410 4961 Porta
1435 4897 1544 4943 Itth
1561 4892 1746 4943 clausa
1770 4892 1889 4953 erit,
1922 4900 1972 4945 et
2014 4909 2116 4945 non

550 4964 836 5029 aperietur.
871 4959 932 5015 et
952 4962 1031 5014 vir
1060 4977 1161 5014 non
1197 4959 1441 5013 transibit
1461 4975 1551 5025 per
1566 4976 1702 5022 eam,
1732 4962 1983 5027 quoniam
2010 4961 2119 5017 Do-

549 5033 723 5083 minus
761 5031 894 5083 Deus
931 5031 1098 5086 Israel
1138 5031 1403 5099 ingressus
1438 5040 1516 5081 est
1577 5047 1669 5097 per
1698 5030 1872 5094 illaut,
1913 5032 2116 5098 eritque

550 5102 736 5154 clausa
757 5103 1005 5168 principi.
1035 5100 1159 5153 llaec
1191 5101 1336 5152 enim
1367 5099 1687 5167 prophetica
1717 5101 1882 5153 verba
1905 5101 1970 5152 ad
2002 5101 2113 5155 Ma-

550 5173 689 5223 riam
720 5181 844 5223 ante
878 5178 1113 5238 partum,
1151 5170 1204 5222 in
1230 5177 1413 5237 partu,
1454 5176 1508 5238 et
1540 5177 1677 5238 post
1719 5179 1957 5238 partum,
1992 5186 2114 5223 vere

552 5238 773 5293 Portant
812 5237 1073 5307 perpetuo
1101 5237 1588 5307 clausamtsedulo
1633 5237 2120 5294 accommodantur

554 5325 583 5361 a
611 5306 1007 5378 Cltrysostotno
1042 5310 1229 5363 Itontil.
1262 5308 1328 5362 de
1357 5306 1521 5365 $.10.
1568 5308 1831 5377 Baptista,
1854 5308 2118 5378 Hierony-

556 5394 647 5435 mo
673 5377 874 5445 ittcap.
911 5394 1032 5431 XLIV
1067 5379 1386 5441 Ezechielis,
1413 5389 1468 5430 et
1501 5378 1596 5431 lib.
1626 5393 1660 5432 tt
1700 5388 1889 5432 contra
1910 5377 2117 5446 Pelag},

555 5447 850 5517 Ambrosio
892 5447 956 5500 de
1001 5447 1352 5503 Institutione
1394 5446 1540 5513 Virg.
1586 5464 1706 5517 cap.
1755 5449 1784 5501 7
1829 5457 1882 5501 et
1928 5449 1979 5511 8,
2014 5452 2119 5500 Au-

558 5516 775 5578 gustino
810 5530 979 5572 sernt.
1008 5517 1043 5571 2
1082 5525 1135 5570 et
1167 5517 1232 5570 14
1263 5518 1316 5570 in
1352 5516 1530 5573 Natali
1573 5516 1782 5571 Domini
1807 5557 1820 5576 .
1882 5517 2118 5571 Eusebio

559 5586 846 5644 Etnisseuo
872 5584 1073 5640 llotuil.
1108 5587 1126 5638 l
1166 5586 1232 5640 de
1274 5586 1477 5641 Nativit
1527 5587 1759 5651 Domini,
1804 5586 2013 5647 nulline
2062 5588 2113 5640 in

563 5655 903 5727 expositione
949 5656 1206 5727 symboli,
1245 5659 1576 5720 Dantasceno
1630 5657 1722 5713 lib.
1771 5674 1820 5713 tv
1871 5657 1937 5711 de
1989 5657 2116 5717 Fide

2214 4822 2565 4887 Orthodoxa,
2630 4822 2792 4875 Petro
2842 4819 3101 4874 Damiani
3155 4832 3319 4873 serm.
3381 4819 3445 4887 Î´á½³
3488 4816 3577 4887 de
3616 4814 3800 4887 ï¬ativ.

2216 4893 2388 4961 Virg.,
2416 4883 2653 4946 Atneiico
2670 4890 3043 4943 Lausannensi
3068 4888 3268 4961 llomil.
3289 4887 3323 4940 4
3344 4887 3411 4961 de
3430 4883 3803 4961 l_._and._Vi_t:g..

2221 4951 2497 5021 Gerittano
2516 4961 3134 5027 Constantinopolitano
3159 4956 3314 5012 Orat.
3347 4956 3413 5011 de
3433 4951 3810 5027 Nat._B.ytrâ€”

2214 5034 2350 5103 gin.,
2376 5031 2655 5103 Hesycltio
2687 5021 2919 5103 Humilia
2946 5028 2981 5081 2
3018 5028 3085 5103 de
3130 5027 3384 5103 Deipara,
3410 5024 3627 5103 â¸Î¡Î¹ÎµÎ¿á¾³Î¹Î¹Î¾
3661 5021 3811 5103 Cim-

2215 5091 2802 5169 â€˜s'tan'tinop'olitanoin
2829 5096 3008 5150 Serm.
3046 5091 3645 5169 dehNativitaDotnini,
3672 5091 3810 5169 dtu-

2218 5180 2372 5236 ÏÎ±Î¹-Î¹Î¿
2426 5160 2521 5225 lib.
2569 5170 2673 5223 tin
2724 5168 3037 5236 Matthaaum
3079 5166 3313 5236 aliisque
3348 5164 3618 5236 pluribus.
3664 5160 3811 5236 Vide

2217 5231 2598 5307 Colvenerium
2642 5240 2694 5291 in
2747 5237 2866 5291 Kal.
2892 5235 3157 5307 Alariano
3209 5231 3297 5290 die
3340 5231 3413 5307 25
3461 5231 3808 5307 Decembris,

2218 5302 2349 5363 num
2385 5310 2435 5363 6.
2483 5310 2537 5363 5.
2576 5308 2628 5361 6.
2664 5311 2693 5362 7
2722 5317 2774 5363 et
2804 5307 2860 5361 8.
2892 5303 2993 5359 Ubi
3031 5305 3270 5361 adducto
3325 5305 3489 5359 etiam
3541 5299 3811 5369 praedicto

2219 5379 2524 5435 Ezechielis
2553 5378 2893 5438 testimonio,
2918 5375 3019 5428 SS.
3053 5375 3276 5427 Patrum
3307 5372 3677 5442 explicatione
3700 5384 3802 5442 ro-

2218 5450 2434 5510 borato,
2488 5450 2556 5502 de
2599 5456 2752 5517 por_t_a
2788 5447 3187 5517 clausanuae
3231 5459 3337 5495 non
3380 5438 3644 5517 aperitur,
3700 5438 3811 5517 late

2216 5507 2661 5586 pt'obatâ€™Maria'nt
2696 5514 2975 5584 Virginem
3001 5507 3401 5586 filii-IISDâ€˜Illel'O,
3418 5507 3602 5586 'atque
3625 5507 3805 5586 invio-

2218 5579 2341 5642 latis
2386 5586 2737 5667 integritatis
2792 5579 3094 5656 signaculis
3150 5582 3433 5648 Christum
3508 5579 3807 5643 Dominum

2218 5672 2514 5725 peperisse.
