4070 6210
338 246 423 312 49
1164 240 1444 303 ORATIO
1482 239 1584 301 VI.
1612 262 1680 274 -
1709 235 1791 297 ΙΝ
1816 232 2127 296 CHRISTI
2163 232 2685 294 NATIVITA'I‘EM
2719 234 2835 296 III.
3559 232 3623 295 50

342 358 692 413 instauretur
716 393 731 417 ,
785 358 845 404 ut
878 355 1027 403 terra
1077 347 1334 403 obrutum
1367 353 1714 418 repurgatur,
1751 356 1807 401 et
1848 344 1932 399 in-
1957 341 2011 402 Α
2034 340 2233 412 potiori
2259 340 2592 396 dominetur.
2620 338 2699 393 Ne
2727 339 3052 411 colligamus
3084 337 3506 395 amaritudinem
3544 356 3612 395 ex

346 455 514 503 verita
568 442 836 497 drachma
878 453 982 495 suo
1032 446 1334 508 reponatur
1387 438 1443 491 in
1489 437 1753 499 thalamo,
1781 444 1939 489 utne

345 536 595 608 amplius
629 535 685 589 in
718 533 929 586 vilitate
955 530 1242 600 jaceamus
1270 571 1285 597 ,
1323 542 1424 583 nec
1468 528 1702 597 turpiter
1729 525 1939 581 servia-

346 645 479 686 mus
512 667 527 690 ,
562 627 659 682 sed
707 623 776 678 ad
810 630 1054 677 nostram
1094 620 1371 674 intuentes
1406 618 1748 674 nobilitatem
1772 654 1787 680 ,
1822 615 1939 668 vir-

351 731 474 776 tute
531 715 789 774 sublimis
837 711 1259 776 exinanitionis,
1310 709 1574 763 vilitatem
1635 713 1941 761 commute-

349 828 502 875 mus,
531 812 655 864 locn
687 806 971 863 servitutis
1001 805 1174 860 evecti
1208 805 1261 858 in
1293 803 1655 861 dominatum,
1693 815 1791 868 pro
1824 813 1946 868 ege-

350 912 506 959 state
550 900 773 957 divitias
822 904 1228 965 comparantes,
1269 909 1393 964 qum
1435 902 1562 947 sunt
1605 891 1727 960 ejus
1756 888 1948 959 acqui-

355 1003 570 1058 rentes,
606 992 700 1062 qui
736 998 925 1045 nostra
960 989 1079 1057 ipse
1103 1003 1201 1041 sua
1227 985 1378 1048 fecit,
1414 994 1473 1039 ut
1509 985 1622 1038 haec
1662 988 1949 1052 praestaret

352 1083 608 1140 advenit.
633 1080 731 1138 His
767 1079 1072 1134 honoribus
1100 1077 1191 1132 ille
1216 1076 1437 1147 gaudet,
1473 1089 1570 1144 per
1605 1074 1719 1127 hac
1748 1069 1950 1125 nativi-

352 1185 528 1232 tatem
565 1176 882 1228 adoremus.
921 1168 1256 1231 lnduamus,
1296 1166 1515 1227 fratres,
1549 1178 1770 1219 sensum
1803 1160 1948 1231 ejus,

359 1271 455 1339 qui
498 1283 609 1321 non
638 1264 862 1319 erubuit
897 1271 1086 1317 noster
1121 1259 1237 1315 fieri
1271 1259 1457 1319 frater,
1485 1274 1592 1311 non
1624 1264 1950 1326 aspernatus

353 1368 442 1415 est
490 1371 594 1410 nos
640 1355 695 1409 in
745 1352 1020 1407 vilissimo
1064 1350 1308 1419 jacentes
1354 1349 1648 1413 subsellio,
1704 1362 1771 1401 ne
1820 1360 1953 1401 con-

357 1462 675 1506 temnamus
704 1453 759 1499 et
788 1458 887 1499 nos
924 1443 979 1496 iu
1005 1441 1169 1497 simili
1198 1439 1418 1493 fortuna
1452 1439 1681 1507 positos.
1713 1438 1817 1503 Qui
1848 1436 1951 1491 hac

358 1544 529 1599 etiam
591 1538 645 1592 in
690 1542 845 1606 parte
895 1532 1123 1586 multam
1172 1530 1266 1584 Dei
1313 1530 1700 1599 benignitatem
1748 1528 1956 1598 experi-

360 1649 511 1697 mur,
545 1645 673 1686 cum
716 1628 875 1698 plura
916 1624 1293 1697 possideamus
1326 1636 1490 1691 quam
1522 1621 1558 1673 ii
1589 1634 1821 1689 quorum
1857 1632 1956 1689 par

362 1734 416 1781 et
456 1719 761 1789 similis‘ad
790 1720 959 1774 vitam
991 1716 1095 1770 fuit
1142 1717 1449 1782 ingressus.
1487 1712 1565 1767 Ne
1599 1713 1697 1766 tibi
1755 1712 1949 1767 subre-

364 1822 461 1885 pat
513 1820 575 1867 ut
632 1809 930 1866 cicatrices
981 1808 1235 1860 conservi
1280 1804 1614 1867 exhorreas,
1668 1817 1792 1855 cum
1839 1799 1956 1869 ipse

364 1901 781 1961 abominandus
809 1898 1113 1959 exstiteris,
1149 1911 1257 1951 non
1287 1893 1637 1948 cicatricibus
1666 1890 1838 1945 invito
1874 1889 1958 1941 in-

369 1997 566 2057 flictis,
592 1991 689 2048 sed
725 2005 863 2061 quas
903 1988 1002 2042 tibi
1036 1995 1235 2056 sponte
1278 1984 1531 2047 intulisti,
1562 1991 1616 2037 et
1644 1980 1844 2052 Regem
1874 1986 1961 2034 ta-

366 2102 491 2142 men
540 2082 609 2136 ad
637 2089 693 2136 te
725 2077 1082 2133 accedentem
1118 2074 1398 2128 habueris.
1424 2070 1499 2127 Ne
1526 2071 1786 2125 humilem
1807 2068 1961 2140 gravi

369 2178 653 2248 apprimas
683 2186 871 2235 manu,
906 2182 1120 2223 memor
1147 2165 1452 2222 vexationis
1482 2178 1644 2233 quam
1679 2162 1962 2231 tyrannica

374 2280 679 2339 Oppressus
726 2277 894 2316 manu
947 2257 1300 2319 sustinuisti,
1350 2262 1405 2310 et
1442 2252 1632 2308 auxilii
1677 2251 1823 2322 quod
1858 2251 1962 2304 ha-

383 2361 573 2416 buisti.
616 2357 692 2412 Ne
730 2354 996 2409 habueris
1045 2350 1172 2404 odio
1220 2345 1499 2402 Creatoris
1531 2345 1821 2413 imaginem
1848 2383 1863 2406 ,
1897 2357 1966 2396 ne

371 2452 649 2513 invideas,
689 2448 783 2518 qui
820 2455 1041 2517 propter
1072 2439 1333 2495 invidiam
1361 2438 1500 2491 mala
1532 2454 1592 2491 es
1624 2451 1842 2505 passus,
1878 2436 1965 2488 iu-

372 2544 545 2601 fausti
590 2540 892 2604 daemonis,
950 2538 1157 2607 quique
1194 2535 1406 2605 primus
1445 2533 1498 2586 iu
1541 2530 1631 2583 Dei
1678 2528 1965 2597 imaginem

372 2636 591 2692 invidus
643 2633 834 2688 oculos
892 2628 1115 2699 adjecit,
1166 2626 1407 2680 animum
1458 2623 1725 2675 imitatus.
1775 2619 1885 2673 Nec
1918 2628 1969 2674 te

376 2729 559 2783 facias
588 2736 850 2795 tanquam
890 2736 1011 2787 vas,
1049 2721 1105 2774 in
1150 2732 1261 2788 quo
1297 2716 1371 2770 sit
1411 2714 1646 2784 positum
1677 2727 1970 2775 venenum,

374 2816 523 2887 quod
550 2815 645 2885 qui
680 2812 890 2867 inscius
940 2805 1238 2877 acceperit,
1273 2804 1536 2858 damnum
1567 2799 1861 2855 contrahit.
1894 2797 1973 2852 Ne

376 2907 532 2963 carni
588 2904 1007 2974 indulgeamus,
1057 2912 1158 2953 nec
1208 2894 1444 2951 inferius
1488 2891 1871 2963 permittamus
1916 2895 1974 2941 ut

2054 431 2399 487 demulcentc
2420 431 2720 500 voluptate.
2754 431 2812 484 lu
2840 444 3054 485 summa
3078 430 3335 500 pelliceas
3358 446 3624 487 eruamus

2054 533 2258 588 vestes,
2291 540 2419 579 nam
2452 526 2597 594 quod
2626 526 2731 579 illis
2765 525 2950 578 amicti
2980 524 3207 590 fuimus,
3241 524 3453 579 idcirco
3492 541 3627 595 pan-
3675 564 3697 582 .

2057 616 2142 672 nis
2174 610 2473 672 invoivitur
2501 615 2789 671 Dominus.
2823 614 3046 669 Fiamus
3076 629 3266 669 revera
3290 614 3389 680 dii,
3426 630 3491 669 ex
3523 615 3629 670 Deo

2055 721 2188 761 vero
2232 705 2285 760 id
2326 705 2697 775 accipientes,
2740 721 2847 759 non
2887 716 2946 760 ut
2983 706 3053 760 ab
3102 716 3351 774 apostata
3386 706 3632 760 daemone

2052 797 2284 850 velimus
2300 810 2404 852 nos
2427 798 2481 850 in
2505 802 2711 849 tantam
2732 795 3049 864 dignitatem
3077 794 3375 849 intrudere.
3410 792 3633 850 Fiamus

2056 889 2154 943 filii
2192 888 2473 944 Altissimi
2505 896 2725 957 propter
2774 902 2924 951 cum,
2963 886 3059 955 qui
3092 885 3269 941 factus
3289 892 3373 941 est
3394 886 3633 940 hominis

2058 979 2255 1036 Filius.
2284 978 2366 1032 Ita
2406 978 2669 1031 honorem
2693 976 3043 1033 conferentes
3076 984 3351 1042 nostrum,
3388 977 3632 1031 honore-

2062 1086 2185 1126 mus
2216 1085 2340 1126 eum
2369 1069 2461 1139 qui
2492 1069 2710 1123 devenit
2737 1068 2803 1125 ad
2826 1070 3075 1125 homines
3104 1077 3164 1123 ut
3186 1069 3448 1123 honorem
3472 1069 3636 1123 homo

2061 1168 2408 1231 assequatur.
2448 1160 2529 1216 Ita
2556 1160 2735 1215 affecti
2769 1175 2891 1216 cum
2928 1162 3136 1231 angelis
3169 1160 3397 1231 gloriam
3429 1161 3639 1216 tribua-

2063 1270 2208 1318 mus,
2246 1263 2302 1308 et
2342 1253 2508 1308 simul
2542 1267 2665 1307 cum
2702 1252 3018 1322 pastoribus
3057 1267 3347 1307 curramus
3374 1293 3388 1319 ,
3433 1262 3639 1307 etcum

2063 1343 2236 1415 Magis
2283 1345 2747 1414 exspectationem
2801 1344 3040 1413 gentium
3084 1344 3395 1399 adoremus.
3455 1342 3642 1412 Neque

2066 1437 2213 1491 enim
2266 1444 2351 1491 est
2407 1450 2517 1505 quo
2567 1434 2742 1503 magis
2776 1434 3075 1490 honoretur
3117 1450 3280 1504 quam
3337 1435 3546 1489 honore
3587 1444 3642 1488 et

2067 1527 2265 1597 gloria,
2300 1543 2422 1596 qua:
2461 1541 2563 1581 nos
2601 1524 2902 1580 deferimus
2933 1538 3165 1594 quorum
3217 1532 3475 1592 suscepto
3512 1539 3643 1578 sau-

2061 1616 2228 1686 guine
2255 1615 2423 1670 frater
2448 1614 2687 1671 exsistit.
2730 1613 2859 1672 Sed.
2890 1628 2922 1668 o
2947 1615 3035 1683 qui
3068 1629 3097 1667 e
3118 1613 3443 1669 celsitudine
3459 1613 3644 1682 gloria:

2060 1713 2168 1761 tuae
2191 1707 2256 1761 ad
2290 1713 2537 1761 nostram
2572 1703 2907 1760 descendisti
2933 1704 3319 1769 humilitatem,
3355 1718 3456 1758 nec
3496 1711 3645 1756 tuam

2060 1796 2271 1867 liquisti
2325 1796 2704 1850 altitudinem!
2759 1811 2792 1850 ο
2834 1795 3081 1849 Salvator
3138 1810 3349 1860 eorum,
3402 1810 3540 1864 quos
3588 1801 3647 1848 ut

2069 1894 2424 1942 converteres
2470 1885 2611 1939 male
2663 1899 2693 1937 a
2744 1893 2795 1938 te
2842 1884 3160 1939 aberrantes
3206 1883 3519 1938 exinanitus
3547 1885 3644 1938 esl

2065 1994 2098 2033 ο
2146 1992 2343 2032 recens
2372 1976 2567 2041 Homo,
2600 1984 2653 2031 et
2685 1974 2925 2030 Verbum
2959 1977 3321 2029 aeternitatem
3352 1989 3647 2042 superans,

2064 2078 2187 2124 esto
2230 2067 2326 2122 tibi
2365 2077 2417 2122 et
2460 2067 2623 2121 nobis
2669 2080 2772 2137 pro
2798 2064 3103 2121 ‘natalitiis
3164 2065 3489 2120 muneribus
3537 2066 3652 2118 haec

2065 2160 2265 2215 oratio.
2290 2158 2454 2213 Refer
2484 2167 2540 2211 tu
2574 2157 2754 2223 nobis,
2786 2163 2847 2210 ut
2885 2155 3157 2225 gubernes
3197 2164 3249 2208 et
3276 2154 3650 2217 administres,

2077 2265 2183 2305 una
2214 2264 2337 2303 cum
2368 2250 2436 2303 iis
2468 2248 2668 2317 quibus
2708 2245 3075 2316 gubernacula
3123 2242 3423 2309 tradidisti,
3464 2241 3653 2297 mundi

2070 2344 2285 2403 navim,
2333 2350 2393 2396 ut
2439 2342 2541 2395 sub
2598 2347 2652 2394 te
2689 2339 3079 2409 gubernatore,
3129 2337 3444 2407 superiores
3499 2334 3653 2389 omni

2070 2434 2336 2504 procella,
2364 2430 2770 2500 navigationem
2808 2443 3156 2497 peragamus,
3186 2436 3439 2481 cessante
3477 2420 3652 2479 unda-

2070 2541 2191 2582 rum
2218 2526 2307 2587 vi,
2341 2534 2395 2579 et
2426 2524 2482 2579 in
2514 2531 2692 2576 tutum
2735 2520 3095 2576 deveniamus
3122 2528 3340 2590 portum
3368 2536 3382 2572 :
3431 2518 3521 2573 ubi
3559 2531 3658 2587 po-

2072 2618 2235 2683 sitos,
2269 2625 2323 2672 et
2355 2615 2756 2688 tranquillitate
2794 2613 3064 2675 fruentes,
3101 2612 3445 2666 abduxerunt
3485 2610 3660 2679 impe-

2075 2708 2219 2763 tuosi
2278 2714 2332 2762 et
2384 2707 2747 2763 vehementes
2790 2703 2960 2759 venti.
2994 2702 3114 2768 Qun
3143 2716 3244 2756 nos
3293 2700 3527 2755 devehas
3565 2715 3658 2769 ap-

2077 2799 2289 2869 pulsos,
2326 2804 2449 2867 post
2480 2798 2645 2867 hujus
2696 2796 2821 2850 vitae
2858 2794 3256 2863 trajectionein,
3294 2790 3575 2845 laudantes
3606 2795 3662 2845 et

2079 2890 2455 2961 gloriﬁcantes
2487 2899 2537 2944 te
2569 2890 2623 2944 in
2650 2888 2848 2943 sazcula
2878 2885 3225 2943 saeculorum.
3255 2870 3451 2940 Amen.

1827 3024 2089 3081 ORATIO
2116 3025 2200 3081 Vl.

453 3136 521 3203 In
571 3133 777 3193 Christi
798 3131 1152 3191 nativitatem,
1175 3123 1385 3197 quando
1410 3138 1475 3179 ea:
1525 3119 1871 3203 imtnaculata
1904 3121 2037 3203 nube
2071 3120 2497 3203 transireausi):
2523 3119 2711 3174 seniles
2742 3132 2954 3183 manus,
3000 3114 3307 3169 umbrarum
3338 3114 3589 3186 templum

1575 3192 1844 3260 ingressus
1880 3198 1957 3243 est
1994 3189 2087 3244 Sol
2119 3190 2306 3261 gloria:
2334 3190 2470 3257 (ll).

1611 3304 1902 3377 (MARLCCI,
1938 3304 2045 3360 loc.
2079 3304 2175 3360 cit.
2210 3320 2265 3375 p.
2309 3304 2423 3372 Ὠ.)

454 3430 664 3491 Christi
725 3424 1128 3484 solemnitatem
1184 3419 1520 3475 honoramus
1555 3414 1690 3484 (12),
1725 3414 1819 3483 qui
1884 3413 1985 3469 rite
2006 3419 2054 3476 c
2092 3413 2348 3485 (legitque
2404 3414 2507 3468 sub
2573 3413 2710 3483 lege,
2780 3419 2838 3466 ut
2895 3420 2951 3467 et
3020 3410 3336 3467 constitutis
3393 3411 3496 3465 sub
3543 3415 3663 3478 lege

390 3523 642 3581 omnibus
690 3514 1037 3571 tribuendum
1093 3509 1285 3565 statuit
1316 3507 1601 3561 honorem.
1635 3503 1841 3557 Christi
1889 3517 1981 3558 sa-

392 3632 540 3673 cram
566 3613 780 3683 agimus
811 3605 1204 3670 celebritatem,
1232 3613 1334 3678 per
1352 3614 1511 3667 quem
1533 3595 1775 3667 profana:
1796 3608 1984 3650 sacro-

391 3722 515 3761 rum
538 3698 938 3759 celebrationes
967 3692 1253 3749 exstiucta:
1274 3696 1425 3752 sunt,
1456 3695 1511 3741 et
1534 3693 1739 3741 sanctae
1762 3683 1976 3738 dierum

394 3796 659 3853 festorum
712 3784 1129 3845 observationes
1190 3785 1417 3834 exortae.
1472 3774 1592 3840 Quo
1634 3774 1690 3826 in
1721 3771 1982 3840 spelunca

395 3896 541 3953 orto,
582 3891 642 3937 ut
674 3882 819 3943 luce,
855 3884 909 3933 et
944 3889 1089 3929 nunc
1112 3876 1439 3943 praesentem
1481 3867 1636 3922 nobis
1674 3865 1984 3920 illustrante

394 3977 563 4040 diem,
590 3973 694 4044 ipsi
729 3982 946 4041 quoque
1015 3964 1389 4035 splendemus.
1452 3958 1666 4015 liursus
1723 3958 1868 4012 enim
1908 3955 1978 4020 is,

399 4084 501 4140 per
558 4078 722 4136 quem
768 4056 1147 4117 exsultationis
1198 4054 1383 4107 lumen
1435 4049 1841 4120 conspeximus,
1889 4046 1986 4116 qui

394 4136 453 4214 in
494 4154 754 4226 tenebris~
798 4162 1169 4215 aerumnarum
1220 4143 1567 4203 scdehamus,
1623 4136 1834 4207 profert
1896 4150 1983 4191 so.

396 4245 702 4305 iemnitatis
775 4240 1162 4295 hilaritatem:
1222 4249 1332 4289 non
1383 4248 1414 4289 e
1478 4231 1736 4301 spelunca
1801 4227 1987 4283 radios

399 4338 741 4400 diffundens,
803 4333 899 4388 sed
960 4330 1115 4401 quasi
1176 4327 1320 4382 nube
1350 4332 1523 4379 matre
1579 4321 1813 4404 Virgine
1857 4334 1985 4373 vec-

405 4438 659 4492 tus;nec
721 4422 775 4476 in
824 4417 1049 4490 prmsepi
1101 4415 1310 4483 iacens,
1354 4411 1448 4468 sed
1509 4417 1791 4480 paternam
1852 4406 1985 4461 sub-

406 4519 524 4572 iens
586 4516 831 4570 domum.
905 4509 1009 4575 Qui
1074 4514 1301 4569 terram,
1371 4501 1612 4557 hominis
1680 4505 1986 4568 parentem,

410 4610 590 4667 Verbo
647 4603 980 4677 procreavit,
1038 4600 1264 4654 Matrem
1316 4597 1422 4652 sibi
1484 4594 1692 4664 pridem
1756 4590 1985 4652 faciens,

412 4710 624 4757 natura:
660 4699 809 4767 leges
861 4693 1177 4753 innovabat,
1219 4708 1250 4745 e
1276 4689 1438 4743 vulva
1460 4684 1837 4757 progrediens
1870 4682 1990 4737 sine

416 4788 646 4843 semine.
704 4782 866 4837 Nunc
917 4795 1049 4835 vero
1107 4776 1385 4838 communi
1438 4790 1627 4831 eorum
1675 4773 1791 4843 lege
1854 4786 1994 4840 quo-

414 4891 536 4930 rum
587 4891 620 4931 e
669 4874 881 4929 semine
945 4884 1165 4927 carnem
1231 4867 1554 4937 assumpsit,
1608 4864 1702 4934 qui
1750 4876 1870 4917 eam
1937 4861 1993 4914 in

419 4968 550 5022 Sina
613 4964 887 5027 condidit,
944 4961 1111 5017 veluti
1170 4958 1384 5015 debitor
1424 4955 1680 5011 mandata
1725 4953 1847 5023 ejus
1894 4952 1998 5006 im;-

418 5061 545 5130 plet,
570 5057 756 5112 Gloria
785 5054 970 5117 Israel,
1000 5052 1241 5123 gentiqu
1276 5048 1505 5110 Lumen.
1540 5046 1743 5107 Omnes
1786 5050 2000 5115 gentes,

418 5151 662 5206 conferte
716 5147 958 5211 laudem,
992 5158 1121 5200 ecce
1178 5141 1321 5197 enim
1358 5140 1503 5195 Deus
1533 5137 1709 5197 factus
1741 5142 1826 5192 est
1860 5148 1998 5205 puer

2090 3521 2246 3574 opem
2302 3505 2481 3569 ferat,
2528 3504 2672 3575 quod
2723 3503 2798 3557 illi
2844 3503 3030 3557 deerat
3073 3504 3357 3572 suppleas,
3389 3509 3443 3556 et
3468 3501 3658 3554 viven-

2096 3594 2248 3647 tibus
2286 3593 2408 3648 sine
2467 3593 2584 3661 lege
2628 3591 2883 3661 gentibus
2919 3599 3077 3644 notas
3119 3590 3284 3643 faciat
3338 3603 3451 3642 sua:
3511 3587 3671 3642 boni-

2095 3684 2224 3737 tatis
2279 3681 2522 3736 divitias.
2583 3680 2715 3733 Nam
2761 3679 2889 3748 quia
2940 3679 3025 3733 lex
3080 3677 3177 3732 Dei
3232 3677 3406 3746 digito
3457 3676 3663 3744 scripta

2096 3790 2202 3827 non
2268 3771 2483 3826 valebat
2545 3770 2813 3825 rationem
2878 3768 3245 3834 deturbatam,
3294 3766 3413 3833 ejus
3474 3781 3664 3836 opera,

2092 3861 2187 3929 qui
2236 3860 2413 3930 primo
2467 3857 2618 3913 illam
2684 3859 2866 3927 pravis
2915 3855 3149 3910 abduxit
3193 3854 3562 3917 suasionibus,
3604 3854 3673 3909 ad

2092 3952 2303 4022 frugem
2336 3950 2532 4005 bonam
2571 3948 2832 4006 reducere
2880 3962 2978 4003 nec
3010 3947 3156 4003 velut
3212 3960 3475 4018 organum
3548 3944 3677 3999 bar-

2094 4042 2280 4098 monia
2338 4040 2686 4108 destitutum,
2760 4056 2859 4097 sua
2919 4039 3155 4110 propriis
3208 4047 3395 4108 aptare
3436 4051 3675 4093 concen-

2093 4137 2264 4201 tibus,
2300 4150 2403 4190 nec
2453 4135 2655 4190 docere
2704 4144 2765 4189 ut
2814 4148 2902 4189 res
2946 4148 3076 4188 suas
3137 4131 3275 4187 bene
3328 4131 3674 4200 disponeret:

2096 4226 2193 4283 sed
2223 4226 2365 4281 mala
2392 4226 2728 4281 deteriorum
2760 4224 3133 4278 additamenta
3165 4222 3513 4285 crescebant,
3544 4236 3670 4275 cum

2096 4319 2231 4374 satis
2255 4332 2363 4372 nou
2398 4324 2546 4372 esset
2593 4316 2754 4370 nobis
2803 4330 2968 4368 ausos
3026 4312 3198 4367 fuisse
3246 4311 3676 4372 contumaciam,

2098 4409 2192 4465 sed
2242 4421 2345 4461 una
2376 4421 2499 4460 cum
2556 4414 2828 4474 prarcepto
2870 4403 3250 4469 reiecissemus
3277 4409 3331 4455 et
3359 4400 3674 4465 Dominum,

2099 4504 2297 4560 metite,
2346 4495 2522 4549 instar
2567 4493 2699 4562 pulli
2746 4492 2958 4546 frenum
3022 4490 3345 4553 mordentis,
3389 4496 3444 4542 et
3480 4489 3683 4558 praeci—

2102 4587 2268 4656 pitem
2298 4601 2358 4640 se
2383 4585 2617 4655 agentis,
2650 4592 2763 4639 tota
2788 4592 2996 4639 ruente.
3023 4582 3291 4648 Quoniam
3323 4579 3486 4650 igitur
3518 4594 3682 4634 manu

2104 4677 2199 4733 Dei
2229 4677 2436 4748 scripta
2479 4677 2565 4733 lex
2588 4677 2665 4731 ita
2696 4675 3028 4747 praecipitem
3064 4673 3323 4730 cohibere
3386 4686 3494 4725 non
3534 4679 3687 4740 pote-

2103 4778 2209 4833 rat,
2264 4769 2495 4839 ipsemet
2543 4768 2681 4839 legis
2712 4767 2968 4837 scriptor,
3044 4759 3501 4833 superessentiale
3551 4757 3686 4814 Ver-

2105 4859 2258 4922 bum,
2309 4875 2495 4915 rerum
2550 4860 2796 4914 omnium
2858 4854 3175 4927 productrix
3237 4849 3526 4921 sapientia,
3588 4864 3687 4921 per

2108 4962 2376 5009 creaturae
2433 4953 2855 5008 crassitudinem
2923 4955 3190 5003 creatura:
3255 4945 3480 5000 unitur:

2108 5042 2296 5112 ditque
2348 5042 2467 5112 ipse
2525 5043 2629 5106 lex,
2674 5050 2728 5096 et
2781 5036 3092 5107 praeceptio,
3144 5049 3241 5104 per
3306 5034 3548 5101 scipsum
3606 5030 3689 5083 in-

2105 5144 2436 5204 compositos
2488 5133 2789 5204 corrigens,
2845 5137 2899 5183 et
2960 5125 3297 5196 conspicitur
3352 5121 3672 5178 immutabi-

3560 4956 3689 4997 eva-

1946 5247 2183 5304 NOTAE.

494 5358 606 5427 (Η)
633 5358 780 5411 Hauc
802 5358 963 5410 etiam
989 5352 1296 5427 orationem
1323 5352 1427 5407 sub
1464 5348 1664 5427 Leonis
1696 5346 1993 5427 imperato.-

426 5414 510 5484 ris‘
527 5414 747 5483 nomine
790 5427 1053 5480 exhibent
1082 5422 1271 5477 Griece
1303 5437 1434 5476 mss.
1468 5420 1688 5473 codices
1725 5414 1997 5476 vaticaui,

426 5483 492 5563 et
516 5500 921 5559 Messanienses,
962 5508 1175 5563 egoque
1202 5493 1347 5563 illam
1373 5506 1439 5545 ex
1471 5488 1739 5563 V_aticano
1778 5483 1993 5563 codice,

432 5555 527 5640 per
574 5568 661 5622 Jo.
693 5555 1451 5640 plattliaéuui_C'ary0pliilu_m_
1508 5557 1842 5613 Iconiensem
1879 5555 2001 5625 cpi-

432 5629 659 5715 scopum
692 5635 983 5701 Latinitate
1017 5629 1276 5689 donatam
1307 5629 1539 5695 exhibeo

2178 5346 2293 5417 (12)
2332 5345 2550 5400 Initium
2599 5342 2765 5417 hujus
2840 5338 3079 5417 homiliqe
3112 5336 3569 5417 .convenittcum
3624 5348 3689 5389 ea

2105 5406 2228 5486 quae
2275 5406 2370 5469 hic
2420 5422 2613 5486 quarta
2662 5406 2806 5467 edita
2866 5418 2974 5486 est.
3021 5408 3127 5463 Sed
3183 5414 3310 5486 post
3348 5406 3563 5460 initium
3603 5419 3688 5486 _c_x

2107 5471 2217 5540 alio
2266 5471 2452 5540 textu.
2488 5483 2678 5537 Graeco
2726 5481 2990 5534 translata
3013 5487 3116 5544 est,
3158 5471 3212 5532 εἰ
3260 5476 3395 5544 ideo
3430 5490 3549 5527 eam
3602 5471 3692 5529 hic

2108 5557 2273 5621 etiam
2321 5554 2589 5613 edendam
2633 5565 2759 5610 esse
2786 5543 3109 5607 censuimus
3183 5546 3340 5603 Emr.
3372 5543 3545 5601 Pna.
