3992 6204
413 164 479 229 51
1662 164 1939 228 LEONIS
1978 164 2437 228 PHILOSOPHI
3604 159 3675 224 52

410 278 479 336 lis
539 276 708 348 ﬁgura
787 275 964 332 Patris
1030 277 1133 331 sub
1196 277 1575 334 mutabilitatis
1640 279 1840 350 specie,
1904 278 1977 332 flt-
2013 278 2294 338 Ationem
2330 292 2456 333 cum
2489 292 2611 334 sese
2637 274 2937 333 omnibus?
2991 272 3227 329 Deorum
3269 283 3496 341 quoque
3548 283 3675 339 pro-

408 384 515 440 que
565 367 715 422 Patri
760 381 825 421 ac
863 367 1021 423 nobis
1054 377 1359 438 sequester,
1389 370 1573 426 soluto
1629 371 1836 442 pariete
1890 369 1978 424 in-

354 526 361 529 ,
408 459 691 530 terposito.
738 457 815 514 Ne
858 458 1091 527 desipiat
1139 460 1330 516 insana
1386 470 1566 517 mente
1598 459 1842 524 Iudaeus,
1878 477 1978 517 nec

406 554 551 609 diem
608 559 916 613 aversetur,
958 559 1017 605 ut
1074 552 1377 622 noctivaga:
1430 554 1610 608 solent
1645 554 1978 617 animantes,

408 640 502 697 sed
560 640 737 694 oculis
781 639 952 693 livore
1006 654 1110 693 non
1167 640 1480 708 depravatis
1550 640 1747 695 divina:
1801 641 1983 695 incar-

407 727 646 782 nationis
698 726 964 795 fulgorem
1009 725 1265 794 inspiciat
1319 726 1372 779 in
1406 726 1473 780 iis
1504 742 1627 796 quas
1652 734 1783 783 sunt
1814 741 1981 797 penes

407 818 611 887 ipsum.
658 814 771 870 Nec
822 813 1039 885 gentilis
1075 815 1361 869 veritatem
1417 814 1685 881 derideat,
1735 816 1829 886 qui
1875 824 1985 870 tur-

408 907 704 977 pitudinem
744 920 901 961 suam
933 905 1137 960 deitate
1183 903 1374 971 donat,
1408 906 1638 975 risuque
1672 905 1839 976 digna
1871 905 1977 961 ho-

408 1006 587 1061 norat,
639 1005 694 1051 et
737 996 990 1061 fabulas;
1054 995 1148 1066 qui
1204 996 1310 1052 sibi
1362 996 1590 1053 deorum
1660 997 1851 1053 turbas
1911 1014 1977 1054 ex

408 1088 561 1158 pravi
618 1085 787 1141 animi
846 1084 1133 1141 affectibus
1187 1084 1413 1141 coniicit
1469 1094 1524 1142 et
1574 1085 1808 1142 nefanda
1876 1101 1976 1143 eo-

406 1195 526 1235 rum
584 1189 735 1250 gesta
782 1186 1108 1243 veneratur;
1164 1186 1219 1234 et
1269 1179 1513 1235 celebrat
1546 1195 1671 1250 qua:
1721 1180 1833 1236 alto
1887 1194 1979 1236 se-

405 1269 654 1340 pelienda
714 1267 893 1321 forent
958 1266 1213 1334 silentio;
1274 1274 1350 1330 et,
1417 1274 1479 1322 ut
1538 1268 1716 1323 verbis
1784 1282 1975 1323 eorum

408 1368 551 1426 utar,
608 1360 761 1430 galea
821 1357 1092 1422 Plutonis,
1136 1365 1192 1412 et
1229 1357 1528 1412 inferorum
1559 1358 1799 1413 tenebris
1854 1372 1982 1413 con-

406 1451 657 1521 tegenda.
717 1448 818 1515 Qui
878 1462 988 1502 non
1044 1447 1221 1503 solum
1285 1452 1521 1501 humana
1616 1448 1822 1518 specie,
1880 1450 1975 1503 sed

408 1542 569 1594 boum
639 1553 897 1609 quoque,
952 1547 1008 1593 et
1088 1538 1395 1601 volucrum,
1453 1545 1506 1591 et
1572 1537 1979 1608 delphinorum,

405 1631 747 1701 aliarumque
794 1628 1096 1684 belluarum
1139 1629 1279 1683 inter
1314 1628 1565 1684 homines
1598 1638 1873 1682 versatum
1907 1643 1995 1681 ar-

406 1724 636 1779 bitratur
664 1722 854 1785 Deum,
888 1727 942 1776 et
968 1720 1251 1775 amatoriis
1279 1720 1484 1775 aculeis
1526 1719 1579 1773 in
1614 1719 1798 1773 omnia
1851 1718 1984 1774 deos

407 1822 671 1869 mutatos.
728 1814 884 1867 Modo
931 1813 1132 1881 quippe
1178 1810 1487 1880 Neptunus,
1512 1819 1570 1864 ut
1597 1826 1720 1865 cum
1771 1809 1989 1864 adoles-

404 1904 623 1960 centulo
679 1903 831 1958 ludat
887 1904 953 1955 ad
1000 1903 1165 1955 maris
1206 1903 1358 1957 littus
1420 1900 1737 1971 delphinum
1795 1899 1988 1962 induit,

405 2009 458 2051 et
510 2012 636 2050 cum
706 1996 917 2049 amasio
977 2002 1151 2057 natat,
1216 1993 1510 2061 sinumque
1566 1990 1721 2060 pueri
1783 1989 1987 2045 sensim

405 2089 698 2157 obrepens,
766 2086 1098 2153 trahensque
1162 2084 1215 2138 in
1275 2072 1630 2153 profundum,
1677 2080 1878 2151 perdit,
1937 2089 1995 2136 et

409 2181 634 2234 obsceni
691 2178 899 2232 amoris
931 2177 1133 2231 donum
1175 2176 1271 2230 dat
1322 2185 1587 2240 mortem;
1620 2173 1818 2229 deinde
1840 2188 1992 2227 ama-

405 2278 491 2325 tor
552 2286 651 2340 pro
712 2268 912 2324 acerbo
965 2282 1213 2331 munere,
1278 2267 1549 2335 lacrymas
1609 2264 1772 2321 offert
1812 2265 1991 2319 funeri

406 2364 641 2430 amplas,
711 2360 1006 2415 Nereidum
1061 2360 1282 2429 planctu
1317 2356 1632 2412 defuncttnn
1686 2356 1988 2422 honorans,

405 2463 463 2510 et
515 2454 585 2509 ob
614 2454 886 2523 ingentem
942 2451 1108 2504 animi
1169 2462 1485 2513 mcerorem,
1545 2450 1712 2504 maris
1765 2450 1994 2503 admini-

408 2538 734 2594 strationem
791 2535 1079 2605 abjiciens,
1146 2551 1248 2591 nec
1292 2537 1361 2589 ob
1392 2535 1599 2591 factum
1652 2538 1841 2594 uxoris
1890 2538 1989 2593 Pe-

407 2631 475 2686 lei
526 2629 734 2700 pudore
777 2629 1063 2692 suffusus,
1128 2630 1243 2698 ipse
1298 2628 1662 2684 effeminatior
1717 2644 1841 2683 cum
1899 2630 1988 2686 illa

408 2723 627 2778 modico
682 2720 807 2775 fletu
867 2720 1040 2774 filium
1093 2720 1493 2791 deploraverit,
1554 2729 1609 2774 et
1664 2721 1849 2777 dolere
1903 2723 1991 2778 de-

407 2812 579 2868 sierit.
624 2811 687 2866 Et
717 2812 829 2864 inec
858 2811 1075 2879 quidem
1113 2808 1414 2879 Neptunus.
1480 2810 1635 2865 Modo
1665 2826 1791 2865 vero
1854 2810 1993 2867 Mer-

2091 369 2323 440 genitor,
2374 385 2405 423 a
2456 384 2567 440 quo
2625 368 2721 423 filii
2778 373 2910 423 sunt
2962 364 3104 420 male
3152 362 3437 424 habiti,et
3488 360 3583 431 qui
3641 375 3673 413 a

2092 474 2191 514 sua
2230 458 2421 515 sobole
2450 458 2591 514 male
2628 465 2716 514 est
2756 455 2997 522 habitus,
3036 453 3318 525 quomodo
3352 465 3461 507 non
3528 450 3675 521 pati-

2090 551 2231 606 tur?
2271 550 2550 620 quomodo
2614 548 2723 603 Deo
2763 546 2926 618 digna
2966 560 3073 600 non
3117 542 3271 613 agit?
3318 540 3431 597 Hoc
3480 551 3669 596 autem

2092 654 2201 711 qua
2262 640 2475 693 ratione
2520 636 2613 691 Dei
2659 635 3007 705 maiestatem
3056 644 3168 685 non
3210 626 3435 692 indicet,
3473 637 3523 683 et
3554 641 3675 681 ma-

2091 728 2320 800 gniﬁcas
2374 742 2483 782 non
2537 726 2839 781 constituat
2885 720 3289 785 solemnitates,
3349 731 3472 786 qua:
3525 717 3672 785 apud

2091 818 2242 888 ipsos
2292 820 2455 873 talem
2513 817 2714 872 habent
2761 812 3068 884 originem?
3116 810 3272 867 Jovis
3329 816 3455 880 post
3509 807 3675 861 labo-

2088 928 2202 970 rem
2269 925 2461 982 pugnat
2528 923 2657 963 cum
2701 905 3020 979 gigantibus
3096 902 3165 958 ad
3218 909 3429 973 petram
3494 897 3677 953 Vene-

2088 1019 2243 1060 reum
2270 1004 2568 1065 somnium,
2617 1014 2780 1069 quam
2812 1011 2998 1068 prope
3026 992 3422 1056 obdormierat,
3462 1001 3518 1046 et
3550 1003 3678 1060 qua:

2087 1097 2167 1151 illi
2230 1095 2448 1166 igneum
2513 1092 2805 1164 progenuit
2832 1090 3021 1146 deum.

2161 1184 2270 1241 Sed
2311 1185 2379 1239 de
2427 1183 2591 1239 rebus
2633 1180 2974 1252 turpissimis
3016 1179 3176 1234 satis.
3224 1173 3465 1231 Valeant
3522 1174 3677 1229 enim

2088 1272 2324 1346 gentiles
2358 1278 2601 1326 monstra
2632 1268 2746 1324 haec
2798 1266 3200 1336 contingentes,
3236 1270 3293 1318 et
3338 1260 3675 1335 ignominia-

2098 1378 2223 1419 rum
2257 1361 2491 1424 honore,
2520 1371 2633 1415 tum
2666 1358 2971 1413 fmditatem
3016 1368 3211 1410 eorum
3245 1367 3391 1423 quos
3417 1366 3448 1405 a
3482 1366 3543 1407 se
3572 1349 3679 1406 bo-

2095 1454 2284 1511 norari
2318 1454 2611 1524 putabant,
2643 1459 2758 1504 tum
2787 1462 2943 1505 suam
2976 1443 3353 1515 insipientiam
3382 1442 3677 1513 divulgan-

2097 1554 2199 1610 tes,
2232 1557 2284 1601 et
2312 1560 2410 1616 per
2435 1546 2662 1597 deorum
2694 1539 3103 1593 multitudinem
3135 1537 3192 1590 in
3224 1534 3317 1591 Dei
3354 1534 3677 1604 abnegatio-

2100 1652 2223 1692 nem
2284 1637 2660 1707 prolabentes.
2720 1629 2892 1687 Nobis
2938 1637 3119 1683 autem
3175 1640 3318 1681 unus
3367 1634 3454 1682 est
3505 1624 3675 1685 Deus,

2100 1730 2280 1791 Pater,
2337 1726 2531 1790 Filius,
2566 1734 2621 1779 et
2665 1723 2908 1793 Spiritus
2964 1727 3215 1782 sanctus,
3250 1733 3358 1771 non
3401 1715 3677 1785 adaptatis

2101 1824 2193 1876 uni
2230 1835 2477 1891 personae
2501 1817 2844 1881 nominibus,
2884 1814 2980 1871 sed
3011 1812 3262 1882 personis
3294 1806 3472 1864 tribus
3507 1819 3675 1864 natu-

2102 1928 2177 1967 ra:
2205 1913 2415 1968 unitate
2443 1908 2779 1977 conjunctis.
2806 1908 2978 1961 Abeat
3009 1906 3062 1958 in
3089 1904 3285 1958 malam
3318 1917 3535 1957 crucem
3572 1901 3676 1954 hu-

2090 2001 2182 2069 jus
2211 1999 2387 2055 deiirii
2416 2008 2627 2059 auctor,
2668 1995 2761 2065 qui
2805 1995 2980 2049 tribus
3022 1993 3480 2064 appellationibus
3507 2005 3671 2044 unam

2097 2092 2350 2145 immutat
2376 2100 2704 2158 personam;
2733 2086 2813 2139 vel
2841 2084 2973 2138 illud
2998 2082 3250 2152 stupidus
3282 2096 3392 2135 non
3427 2079 3677 2133 animad-

2097 2192 2335 2246 vertens,
2376 2178 2525 2250 quod
2551 2178 2680 2232 dum
2708 2192 2871 2230 unam
2903 2188 3196 2245 personam
3240 2173 3513 2227 honorare
3558 2173 3679 2224 vult

2098 2271 2546 2333 hisnominilms,
2588 2283 2699 2323 non
2749 2268 2881 2322 sinit
2924 2281 2992 2322 eo
3031 2265 3251 2320 nomine
3295 2264 3441 2318 illam
3486 2262 3677 2316 vocari

2097 2366 2242 2438 quod
2293 2363 2398 2434 ipsi
2447 2361 2727 2431 imposuit,
2780 2374 2883 2415 nec
2943 2358 3181 2429 positum
3246 2369 3368 2410 esse
3409 2353 3680 2423 permittit

2097 2454 2242 2528 quod
2274 2452 2500 2519 indidit;
2535 2450 2581 2507 si
2613 2466 2738 2506 vere
2768 2449 2946 2521 posita
2996 2455 3148 2509 sunt,
3198 2460 3317 2517 quae
3364 2446 3679 2502 successio-

2100 2564 2222 2604 nem
2263 2561 2371 2601 non
2412 2543 2744 2605 admittunt,
2785 2539 3064 2611 quomodo
3106 2538 3274 2608 igitur
3319 2537 3465 2591 illam
3515 2551 3677 2592 suam

2098 2650 2386 2710 personam
2411 2633 2627 2688 vocabit
2659 2631 2893 2700 Patrem,
2927 2629 2975 2686 si
3015 2629 3128 2683 haec
3172 2628 3461 2697 appellatio
3492 2635 3681 2680 trans-

2100 2730 2141 2784 it
2169 2729 2222 2782 in
2271 2725 2392 2781 Filii
2428 2721 2892 2795 appellationem?
2932 2728 2991 2775 ut
3021 2735 3129 2774 non
3158 2718 3322 2773 modo
3356 2717 3529 2771 dicam
3559 2732 3682 2770 om-

2099 2822 2232 2875 nino
2274 2825 2481 2888 patrem
2523 2814 2635 2869 dici
2672 2829 2778 2867 non
2806 2826 2992 2882 posse,
3027 2810 3131 2865 nisi
3175 2809 3248 2866 sit
3292 2807 3527 2876 alicujus
3575 2822 3679 2875 pa-

406 2901 596 2957 curitis
649 2914 710 2956 ut
757 2902 1081 2955 muliercula
1139 2910 1397 2970 pascente
1442 2902 1730 2971 potiretur,
1776 2904 2062 2975 jumen-C
2096 2911 2217 2965 ter?
2267 2906 2554 2975 Quomodo
2601 2906 2763 2959 etiam
2812 2903 3028 2957 vocabit
3069 2900 3293 2955 Filium.
3342 2900 3430 2968 qui
3479 2898 3592 2952 abit
3621 2899 3676 2952 in

408 3004 524 3049 tum
578 2996 658 3061 fit,
710 3003 765 3049 et
818 2995 1071 3050 saltando
1131 2995 1354 3049 Dionem
1396 2996 1655 3059 oblectat,
1706 3005 1761 3052 et
1815 2995 1993 3067 fugam

408 3086 651 3150 simulat,
702 3094 755 3141 et
786 3100 812 3138 a
846 3095 1103 3141 eui-rente
1161 3088 1340 3156 puella
1386 3088 1623 3157 capitur,
1655 3096 1710 3143 et
1764 3090 1818 3142 in
1872 3088 2002 3142 dor-

409 3192 528 3232 sum
586 3176 920 3230 insilientetn
981 3176 1186 3244 excipit
1240 3178 1314 3241 (et
1377 3177 1645 3246 reliquam
1706 3178 2002 3246 turpitudi-

410 3283 533 3322 nem
567 3268 1211 3337 silentiotransibimus),
1242 3268 1501 3322 nimirum
1536 3269 1782 3324 imitatus
1808 3269 1998 3324 bovem

409 3357 585 3421 illum,
636 3358 893 3423 deorum,
947 3358 1268 3428 principem,
1302 3359 1460 3427 cujus
1502 3367 1653 3425 tergo
1682 3361 1890 3427 Europa
1926 3360 1995 3413 itt-

410 3451 567 3506 sedit.
610 3451 804 3506 Annon
865 3459 1025 3506 erant
1077 3449 1355 3505 fmditates
1399 3450 1517 3504 istm
1571 3450 1625 3504 in
1683 3450 1995 3505 divinitatis

406 3540 719 3610 opinionem
755 3540 1065 3604 efferenda,
1114 3541 1571 3609 sentiendumque
1598 3541 1668 3595 de
1719 3540 1849 3607 illis,
1908 3553 1996 3595 ut-

421 3641 544 3701 pote
569 3632 698 3699 diis,
727 3634 926 3703 quibus
950 3641 1155 3687 tantam
1183 3634 1579 3703 turpitudinem
1613 3634 2000 3691 testificantur?

413 3720 612 3776 Verum
650 3724 763 3777 haec
804 3725 1018 3792 quidem
1050 3725 1410 3779 abominanda
1451 3736 1610 3792 sunt;
1645 3738 1836 3782 caetera
1870 3728 2000 3797 quid

410 3812 625 3865 honesti
660 3811 883 3866 habent?
911 3814 1192 3878 Quomodo
1221 3816 1349 3868 illud
1409 3832 1513 3870 non
1567 3818 1846 3885 dignitatis
1882 3817 1999 3887 ple-

414 3904 570 3957 num?
631 3904 823 3970 Apollo
857 3905 1063 3958 deflens
1087 3912 1203 3956 tum
1256 3906 1399 3972 quod
1452 3907 1651 3973 puella,
1698 3923 1861 3975 quam
1905 3909 2003 3964 de-

414 3993 647 4060 peribat,
714 3992 899 4061 elapsa
961 4001 1109 4045 esset
1161 4008 1191 4046 e
1223 3994 1499 4053 manibus,
1530 4000 1643 4045 tmn
1709 3997 1853 4064 quod
1902 3997 1993 4065 jn-

411 4097 601 4136 venem
658 4079 949 4135 infeliciter
992 4096 1021 4135 a
1062 4097 1122 4137 se
1164 4091 1404 4135 amatum
1460 4081 1613 4136 disco
1666 4086 1985 4148 occidisset,

412 4175 576 4243 idque
608 4171 712 4228 sibi
743 4188 809 4227 ex
858 4173 1003 4229 fmdo
1039 4173 1381 4244 provenisset
1439 4188 1643 4240 amore,
1673 4184 1730 4231 ut
1759 4178 1899 4232 male
1945 4176 1993 4233 is

2104 3001 2411 3073 Spiritum?
2450 2998 2603 3057 Unus
2642 3012 2773 3067 ergo
2802 3005 2887 3050 est
2919 2995 3081 3049 nobis
3113 2993 3254 3048 Deus
3307 2993 3359 3045 in
3403 2990 3679 3045 Trinitate

2104 3106 2484 3162 personarum,
2532 3090 2607 3143 ita
2644 3097 2703 3143 ut
2740 3102 2917 3157 neque
2962 3086 3034 3141 ob
3068 3086 3368 3140 ternarium
3402 3083 3681 3137 dividatur

2101 3186 2443 3240 diversarum
2474 3188 2798 3234 naturarum
2834 3175 3175 3232 sectionibus
3208 3174 3434 3227 Deitatis
3474 3172 3678 3237 unitas,

2104 3293 2203 3331 nec
2250 3277 2321 3330 ob
2375 3283 2579 3328 natura:
2629 3272 2892 3325 unitatem
2934 3266 3344 3323 confundantur
3397 3278 3680 3334 persona};

2103 3367 2196 3423 sed
2243 3366 2344 3419 tria
2382 3377 2599 3433 semper
2646 3360 2774 3421 sint,
2826 3357 2965 3412 Filio
3018 3371 3359 3426 nequaquam
3390 3370 3457 3410 ex
3507 3354 3681 3409 nihilo

2102 3467 2433 3529 emergente,
2495 3470 2621 3509 nam
2651 3462 2707 3509 et
2728 3452 2889 3506 Pater
2913 3467 2977 3506 ex
3015 3450 3186 3504 nihilo
3209 3457 3546 3518 emergeret;
3578 3462 3680 3502 nec

2102 3552 2265 3606 etiam
2296 3546 2526 3617 Spiritu,
2563 3562 2631 3600 ne
2656 3546 2907 3599 videatur
2934 3542 3289 3611 imperfectus
3314 3548 3475 3594 antea
3511 3538 3679 3602 Deus,

2103 3650 2291 3712 postea
2323 3639 2572 3696 defectus
2596 3637 2906 3705 deponere;
2933 3634 3027 3688 sed
3060 3646 3166 3686 una
3188 3646 3315 3686 cum
3345 3629 3682 3700 productore

2104 3733 2266 3789 Patre
2303 3732 2414 3788 sint
2450 3741 2499 3785 et
2535 3744 2598 3784 ea
2645 3741 2766 3797 quae
2815 3725 3214 3796 producuntur,
3249 3720 3407 3777 Patre
3435 3721 3679 3792 quidem,

2101 3831 2155 3879 et
2191 3822 2401 3891 Spiritu
2448 3834 2546 3875 sua
2596 3818 2649 3871 in
2699 3815 3051 3884 simplicitate
3104 3812 3476 3877 manentibus,
3542 3812 3681 3866 Filio

2104 3925 2287 3967 autem
2365 3918 2681 3964 assumente
2744 3916 2986 3961 nostram
3044 3911 3320 3958 naturam.
3377 3901 3677 3971 Oportebat

2100 4003 2268 4066 enim,
2313 4010 2603 4070 postquam
2663 3998 2770 4054 Deo
2815 3995 3039 4066 placuit,
3085 4009 3180 4063 per
3221 3994 3434 4049 viscera
3465 3992 3683 4047 miseri-

2098 4094 2319 4155 cordiae,
2373 4107 2496 4146 cum
2546 4100 2731 4144 nostra
2780 4089 2977 4148 forma,
3023 4087 3255 4141 rationis
3307 4095 3527 4147 nostrae,
3558 4100 3681 4153 qua:

2096 4182 2420 4243 defluxerat,
2451 4178 2790 4233 nobilitatem
2818 4178 2884 4231 ad
2920 4192 2979 4231 se
3003 4190 3281 4239 revocare,
3318 4173 3514 4228 Filiunt
3555 4188 3684 4228 esse

410 4268 576 4333 vitam
606 4264 876 4336 perderet,
909 4266 1320 4337 ignorassetque
1374 4265 1613 4324 Phtnbus
1642 4268 1785 4339 quod
1810 4285 1875 4325 ex
1908 4270 1995 4325 lu-
2030 4259 2071 4313 ο
2100 4275 2192 4344 qui
2227 4274 2330 4328 hoc
2370 4280 2677 4343 praestaret,
2722 4286 2831 4324 non
2862 4270 3024 4324 modo
3065 4269 3194 4338 quia
3235 4283 3464 4322 manens
3495 4267 3551 4319 in
3589 4281 3678 4330 eo,

410 4358 483 4414 do
518 4364 839 4412 eventurum
864 4365 1003 4419 erat,
1035 4372 1157 4412 cum
1188 4366 1367 4413 tamen
1398 4357 1613 4414 sederet
1643 4360 1770 4414 aliis
1808 4358 1989 4414 futura

409 4447 730 4520 praedicens.
766 4446 902 4503 Illud
937 4463 1065 4504 vero
1086 4450 1243 4519 plene
1268 4449 1543 4518 quomodo
1572 4465 1680 4504 non
1702 4450 1993 4506 divinum?

412 4539 636 4594 leites
685 4540 849 4593 simul
876 4554 1069 4595 omnes
1120 4540 1173 4593 in
1211 4539 1509 4611 Egyptum
1556 4541 1765 4611 fugere,
1825 4544 1992 4612 inque

411 4631 714 4703 belluarum
786 4629 991 4685 formas
1064 4632 1254 4685 mutati
1313 4633 1456 4701 quod
1524 4633 1821 4687 terribilem
1880 4630 1991 4705 Ty-

411 4723 632 4793 phoeum
660 4722 933 4779 sustinere
967 4735 1077 4777 non
1124 4732 1369 4793 possent,
1406 4723 1500 4793 qui
1542 4739 1716 4794 nuper
1742 4723 1992 4794 giganteo

409 4815 677 4885 sanguine
736 4826 891 4871 ortus
942 4814 1168 4871 deorum
1228 4823 1439 4871 turmas
1498 4816 1648 4871 solus
1703 4818 1757 4871 in
1804 4816 1985 4887 fugam

410 4905 695 4971 vertebat?
754 4904 886 4959 lllud
950 4922 1116 4977 porro
1173 4906 1403 4962 Veneris
1453 4922 1578 4961 cum
1621 4906 1790 4962 Marte
1834 4907 1988 4961 adulo

408 4998 630 5064 lerium,
668 5006 722 5052 et
760 5011 956 5052 rursus
1009 5014 1137 5054 cum
1170 4998 1418 5054 Adonide
1452 4998 1800 5064 concubitus,
1828 5014 1987 5069 quem

405 5089 568 5147 etiam
625 5089 740 5159 apri
799 5089 908 5145 ictu
974 5098 1226 5146 necatum
1275 5090 1557 5145 amatoriis
1620 5089 1763 5143 lavat
1822 5090 1990 5159 lacry-

406 5181 551 5235 mis?
610 5182 747 5247 Quid
808 5182 1169 5239 .Iunoecmlo
1239 5186 1503 5253 pendens,
1564 5198 1724 5252 quam
1776 5164 1991 5251 Jupiter

405 5269 631 5338 coniux,
702 5271 830 5337 quia
884 5279 1104 5340 propter
1161 5270 1448 5329 Herculem
1506 5272 1776 5344 zelotypia
1836 5272 1976 5326 labo-

408 5358 589 5422 rabat,
638 5358 790 5429 gravi
843 5368 1036 5414 catena
1087 5364 1414 5431 suspendit?
1466 5364 1572 5419 Sed
1621 5364 1712 5419 ubi
1762 5379 1992 5433 repone-

404 5460 530 5503 mus
586 5463 707 5516 eas,
742 5465 865 5519 qua:
914 5464 1041 5504 cum
1071 5452 1208 5507 artis
1262 5455 1460 5509 aemulo
1500 5454 1831 5527 Thamyride
1876 5470 1991 5510 cer-

408 5547 608 5607 tantes,
665 5544 948 5612 prannium
1015 5542 1333 5601 certaminis
1381 5559 1718 5615 proposuere
1771 5554 1983 5603 scorta-

2096 4366 2239 4438 quod
2274 4376 2539 4421 aeternum
2590 4365 2802 4428 habuit,
2836 4364 3039 4418 nullam
3081 4369 3202 4416 erat
3245 4375 3471 4415 suorum
3503 4358 3683 4411 factu-

2095 4474 2190 4515 rus
2214 4458 2523 4529 jacturam;
2566 4455 2661 4512 sed
2691 4456 2818 4524 quia
2845 4456 3006 4510 etiam
3038 4450 3202 4505 Verbi
3237 4460 3358 4506 erat
3393 4462 3682 4504 removere

2096 4567 2125 4604 a
2184 4550 2343 4605 nobis
2388 4564 2485 4619 per
2538 4563 2699 4603 suum
2747 4543 3137 4601 commercium
3189 4550 3395 4596 nostrae
3446 4539 3679 4593 rationis

2094 4641 2445 4697 detrimenta.
2494 4637 2703 4699 ideirco
2768 4638 2859 4710 qui
2917 4637 3117 4692 saecula
3172 4632 3443 4695 condidit,
3507 4629 3679 4686 sumit

2094 4733 2311 4788 initium
2342 4732 2654 4787 aeternitate
2690 4728 2987 4800 posterius,
3038 4736 3094 4781 et
3120 4724 3476 4779 immaculato
3507 4736 3676 4790 puer-

2092 4824 2247 4894 perio
2278 4837 2451 4877 meam
2502 4820 2938 4893 procreationem
2977 4818 3231 4881 honorat;
3275 4822 3331 4868 et
3354 4813 3497 4883 quod
3535 4812 3679 4867 cele-

2091 4913 2318 4970 bramus
2369 4913 2553 4978 hodie,
2606 4927 2774 4967 carne
2810 4910 3039 4967 offertur
3078 4909 3133 4962 in
3162 4905 3388 4975 templo,
3424 4917 3512 4957 me
3550 4917 3681 4956 ειιηε

2090 5004 2340 5060 ctillcans
2369 5004 2435 5058 de
2480 5002 2712 5073 profano
2753 5010 2808 5059 et
2859 5003 3076 5069 impuro
3118 4994 3414 5066 impietatis
3460 4989 3677 5047 vivendi

2092 5093 2367 5150 instituto.
2406 5093 2519 5150 Hoc
2546 5103 2652 5159 est,
2708 5094 2854 5164 quod
2892 5082 3177 5160 hodieper
3205 5085 3681 5156 dispensationem

2090 5185 2273 5251 edicit,
2314 5186 2405 5256 qui
2445 5202 2543 5256 pro
2573 5187 2732 5241 nobis
2780 5184 2958 5239 factus
3004 5190 3090 5237 est
3134 5179 3343 5234 infans.
3377 5178 3490 5232 Hoc
3522 5174 3675 5229 cele-

2093 5276 2342 5344 bramus,
2392 5278 2724 5334 oblationem
2777 5276 2832 5330 in
2880 5276 3084 5345 templo
3124 5271 3377 5333 infantis,
3439 5270 3528 5324 cui
3573 5269 3682 5322 lin-

2091 5382 2323 5438 guarum
2356 5368 2637 5438 ignearum
2664 5366 3059 5422 oﬂ‘erturlaus.
3096 5363 3234 5430 Quis
3268 5378 3380 5417 non
3416 5360 3689 5415 horreat?

2093 5459 2235 5525 Quis
2272 5474 2380 5512 non
2406 5460 2806 5530 obstupescat?
2831 5458 2967 5525 Quis
2998 5473 3103 5513 non
3136 5464 3261 5528 agat
3296 5453 3545 5526 gratias?
3570 5450 3682 5518 Qui

2104 5549 2287 5606 omnia
2315 5548 2522 5622 perficit
2556 5559 2613 5605 ut
2638 5549 2801 5615 Deus,
2851 5546 3183 5623 imperfectae
3208 5543 3521 5605 mortalium
3547 5548 3685 5606 teta-
