4070 6210
244 259 315 321 53
1064 256 1354 342 ORATIO
1392 258 1493 317 VI.
1516 282 1586 292 -
1618 255 1699 315 IN
1735 253 2047 315 CHRISTI
2090 250 2612 315 NA'I‘IVITATEM
2645 248 2762 312 III.
3472 246 3542 312 54

246 372 318 425 tis
369 367 707 424 formatione
762 380 966 436 parvus
993 368 1360 439 conspicitur.
1402 366 1505 433 Qui
1544 379 1843 421 consessor
1873 370 1918 428 Α
1953 371 2007 419 et
2035 362 2327 427 formatus,
2374 362 2553 431 majus
2596 358 2729 429 quid
2754 363 2839 411 est
2888 364 2942 411 et
2974 354 3379 413 admirabilius.
3430 356 3543 415 Hoc

244 468 329 517 est
362 458 549 521 Patri,
601 456 870 513 maternis
908 465 1154 528 gestator
1199 458 1474 512 inanibus.
1536 457 1652 521 Ille,
1686 456 1847 525 cujus

246 553 419 611 verba
468 558 667 607 vocata
724 550 930 619 prodiit
974 549 1089 617 lux,
1136 550 1390 605 obtectus
1440 548 1675 619 caligine
1721 548 1849 603 vitae

248 652 457 698 nostra:
487 640 863 712 progreditur.
905 639 1140 697 Obscuri
1184 641 1427 711 gentium
1474 640 1617 695 oeuli
1647 638 1849 693 seden-

249 734 388 788 tium
423 731 481 786 in
538 729 833 786 tenebrosa
863 730 1059 784 mortis
1085 736 1269 791 nocte,
1310 728 1720 796 illuminamini,
1760 729 1847 782 lu-

247 823 439 880 eidum
500 823 628 879 vitae
674 822 824 877 diem
863 821 1307 892 conspicientes;
1359 821 1595 877 sublata:
1645 822 1851 878 etenim

247 925 385 974 sunt
436 915 768 986 ignorantur
818 915 1081 981 tenebrae,
1130 915 1334 983 quibus
1361 914 1525 970 divisi
1553 930 1583 970 a
1617 915 1727 971 Deo
1758 916 1853 971 de-

249 1008 619 1063 tinebamur:
665 1006 909 1075 seipsum
968 1008 1037 1061 ad
1092 1006 1196 1061 hoc
1249 1016 1605 1077 permovente
1657 1021 1855 1078 magno

247 1099 770 1156 misericordiarum
830 1097 1017 1161 Patre,
1049 1099 1144 1168 qui
1182 1113 1369 1155 rerum
1400 1098 1643 1155 ostendit
1672 1097 1855 1153 lumen

250 1191 622 1264 pereuntibus
662 1190 717 1245 in
764 1189 1028 1246 tenebris.
1061 1188 1212 1244 Abiit
1252 1190 1512 1245 maestitia
1566 1189 1857 1260 splendore

250 1282 443 1354 gloriae
493 1280 655 1337 nobis
704 1278 1018 1351 atl‘ulgente.
1067 1277 1305 1336 Videant
1347 1280 1612 1347 salutare,
1662 1280 1752 1350 qui
1789 1279 1858 1335 de

253 1372 466 1444 peccati
503 1370 875 1427 on‘uscatione
921 1375 1243 1426 cascutiunt.
1292 1369 1436 1427 Ecce
1480 1370 1628 1428 enim
1678 1370 1858 1437 puella

253 1461 415 1532 puris
479 1460 742 1514 manibus
800 1458 1133 1515 insidentem
1168 1468 1421 1530 portans,
1486 1461 1542 1514 in
1593 1460 1855 1531 templum

258 1552 516 1610 succedit
562 1551 909 1617 umbrarum,
966 1552 1275 1607 sacerdotis
1316 1552 1575 1607 manibus
1617 1550 1857 1607 otl'erens

258 1648 413 1701 illum
442 1642 643 1715 (l3).0
672 1644 1004 1717 profundam
1039 1644 1131 1700 Dei
1179 1644 1246 1698 ad
1280 1660 1380 1699 nos
1410 1645 1801 1700 demissionem
1838 1646 1849 1697 l

257 1740 367 1805 Qui
407 1739 475 1793 ad
496 1738 919 1793 ministrantium
955 1738 1242 1808 delegerat
1276 1738 1575 1803 Aaronem,
1609 1747 1663 1793 et
1695 1745 1857 1793 antea

262 1829 472 1885 Mosem
514 1829 793 1884 allocutus
845 1836 987 1895 erat,
1029 1845 1192 1899 quem
1230 1829 1396 1884 etiam
1444 1829 1733 1899 praesentia
1763 1828 1859 1883 do-

261 1920 421 1975 cebat
444 1921 739 1991 mysteria,
767 1920 897 1973 dum
938 1919 1015 1973 illi
1056 1921 1361 1988 posteriora
1390 1922 1708 1977 ostenderet
1744 1922 1858 1994 (fu-

263 2024 443 2069 turam
473 2014 676 2083 quippe
707 2029 830 2068 cum
856 2013 1173 2069 hominibus
1203 2028 1359 2069 suam
1384 2016 1858 2071 conversationem

266 2106 509 2161 obscure
547 2105 719 2161 Deum
778 2115 1237 2176 prtemonstrans,
1289 2106 1498 2162 famulo
1557 2108 1862 2177 posteriora

264 2197 565 2268 ostendit),
604 2209 868 2268 tanquam
900 2200 1232 2256 sacerdotali
1288 2200 1670 2257 benedictione
1717 2201 1859 2256 indi-

265 2307 429 2359 g--ns,
480 2291 756 2347 sacerdoti
807 2290 1056 2348 oD‘ertur.
1100 2294 1180 2348 Ita
1230 2294 1306 2349 illi
1356 2294 1561 2364 placuit
1617 2311 1861 2351 errorem

268 2382 575 2452 corrigere,
629 2398 793 2451 quem
842 2397 965 2454 ego,
1009 2384 1063 2438 in
1118 2385 1292 2455 legem
1352 2400 1610 2455 peccans,
1644 2386 1863 2442 admisi.

270 2472 402 2540 Quae
434 2482 585 2528 tanta
622 2474 945 2529 clementia!
997 2475 1129 2541 Qua:
1171 2476 1346 2545 pietas
1374 2477 1699 2532 inell‘abilisl
1732 2476 1863 2533 Ser-

271 2582 371 2623 vus
392 2582 530 2637 ergo
568 2567 839 2622 berilibus
870 2567 1174 2639 privilegiis
1197 2577 1447 2633 ornatus,
1481 2578 1535 2623 et
1557 2571 1715 2637 quasi
1754 2572 1867 2625 heri

271 2663 380 2714 vita
414 2660 645 2730 degens.
690 2659 980 2715 custodem
1030 2660 1218 2728 gloriae
1258 2676 1391 2715 mea:
1440 2660 1516 2729 (a)
1559 2676 1664 2714 non
1720 2661 1868 2715 rein-

273 2755 348 2822 git
378 2769 409 2805 a
448 2751 791 2806 traducenda
846 2766 969 2805 cum
998 2752 1175 2807 servis
1220 2752 1497 2807 communi
1533 2752 1659 2816 vita,
1693 2751 1762 2806 ob
1790 2751 1870 2805 id-

274 2860 381 2913 que
444 2842 641 2913 positae
712 2842 891 2897 servis
938 2842 1261 2912 obsequitur
1310 2843 1434 2913 legi.
1492 2843 1766 2911 Quorsum
1816 2843 1865 2897 id

273 2934 439 2990 vero?
466 2934 738 2987 Nimirum
771 2942 832 2987 ut
868 2948 952 2986 me
975 2933 1237 3000 instruat,
1272 2949 1379 3004 qua
1407 2936 1623 2989 ratione
1658 2935 1867 2988 incom-

1954 456 2201 513 divinius
2231 467 2317 513 est
2355 464 2411 512 et
2440 454 2758 519 sublimius,
2794 450 2938 507 Deus
2970 465 3071 517 pro
3099 465 3188 505 me
3250 452 3417 507 ubera
3454 470 3549 509 su-

1953 566 2117 622 gens.
2159 557 2215 604 et
2247 555 2497 619 gestatus
2544 544 2841 610 manibus;
2877 542 3007 598 licet
3042 542 3147 599 hoc
3195 544 3549 616 loquentibus

1956 644 2299 713 iniquitatem
2346 641 2402 695 in
2453 638 2673 695 excelso
2732 636 2799 700 “,
2846 650 2982 691 ansa
3033 636 3125 692 ﬁat
3174 637 3543 692 inhonorandi

1960 733 2277 806 Unigeniti:
2318 730 2477 803 quasi
2528 744 2661 785 vero
2707 729 2779 784 ob
2818 729 3205 800 praestantiora
3248 716 3413 799 Opera
3450 744 3543 783 rc-

1959 844 2079 885 rum
2124 827 2345 898 penitus
2377 826 2450 881 sit
2492 823 2912 895 aspernandus;
2947 833 3042 880 aut
3076 823 3206 880 inde
3247 824 3441 879 conari
3470 823 3554 879 vi-

1960 937 2050 979 res
2079 920 2394 991 cuiuspiam
2428 934 2653 989 negare,
2698 918 2845 972 unde
2898 917 3226 973 excellentis
3260 916 3553 987 provenire

1959 1012 2121 1069 debet
2187 1009 2472 1065 attestatio
2594 1007 2837 1061 roboris.
2887 1005 3032 1071 Quid
3100 1006 3226 1063 ais?
3279 1006 3548 1073 Quoniam

1960 1104 2161 1160 obruto
2205 1100 2305 1155 tibi
2361 1098 2611 1155 tenebris
2642 1097 2852 1152 aliulsit
2886 1097 3005 1161 lux,
3048 1095 3259 1151 idcirco
3296 1106 3553 1152 contem-

1962 1195 2050 1249 nis
2082 1190 2304 1247 lucem?
2336 1190 2403 1244 Et
2428 1188 2555 1257 quia
2587 1187 2701 1241 Rex
2729 1195 2953 1241 tuarum
2980 1200 3355 1241 aerumnarum
3387 1187 3552 1241 mise-

1963 1282 2205 1341 ricordia
2257 1287 2543 1352 permotus
2574 1276 2792 1333 accedit
2828 1278 2898 1331 ad
2936 1284 3012 1340 te,
3067 1290 3168 1332 nec
3202 1275 3363 1331 alteri
3397 1289 3552 1330 eom-

1968 1378 2137 1433 mittit
2169 1377 2295 1439 hoc,
2333 1373 2428 1429 sed
2469 1373 2586 1442 ipse
2617 1384 2720 1427 suo
2763 1369 3076 1425 ministerio
3105 1367 3364 1440 pietatem
3395 1366 3554 1424 exhi-

1965 1473 2079 1539 bet,
2110 1465 2465 1542 parvipendis
2507 1461 2763 1519 benelleii
2804 1459 3034 1531 gloriam
3080 1466 3304 1529 propter
3347 1458 3555 1515 beneﬁ-

1966 1564 2036 1618 cii
2069 1556 2543 1631 magnitudinem?
2569 1553 2967 1611 Celsitudinem
2990 1550 3111 1621 ejus
3141 1549 3555 1621 deprimendum

1968 1662 2151 1725 putas,
2186 1652 2448 1722 quoniam
2486 1663 2545 1704 se
2575 1648 2667 1702 ille
2699 1646 2766 1700 ad
2801 1656 2855 1700 te
2899 1642 3162 1699 demisit?
3194 1642 3354 1697 Certe
3393 1642 3463 1696 ob
3503 1640 3557 1694 id

1969 1745 2154 1814 potius
2194 1740 2637 1813 magniﬁcandus
2688 1745 2809 1793 erat
2840 1737 2951 1791 ille.
2991 1734 3073 1789 Tu
3121 1750 3252 1790 vero
3298 1734 3428 1804 quia
3469 1734 3555 1787 in-

1968 1837 2173 1893 fantem
2225 1833 2408 1896 audis,
2461 1842 2516 1887 et
2547 1830 2771 1894 fascias,
2805 1836 2861 1884 et
2905 1841 3104 1882 manus
3134 1825 3556 1894 amplectentes.

1966 1939 2021 1987 et
2058 1943 2403 2001 quaecunque
2433 1926 2573 1980 liunt
2607 1922 2953 1980 oeconomiee
2998 1928 3106 1974 tua:
3145 1916 3343 1973 salutis
3365 1930 3557 1979 causa,

1973 2022 2209 2077 Verbum
2243 2019 2579 2089 sempiterna
2614 2031 2710 2071 sua
2753 2015 2926 2085 gloria
2976 2011 3205 2082 privas?
3240 2008 3471 2063 Perinde
3495 2020 3561 2060 ac

1967 2116 2013 2172 si
2031 2129 2210 2184 regem
2228 2125 2447 2183 quoque
2465 2122 2669 2164 corona
2691 2105 3017 2177 privandum
3039 2111 3285 2173 putares,
3299 2098 3558 2170 quoniam

1971 2210 2088 2279 ipse
2121 2204 2395 2261 accedens
2411 2201 2477 2257 ad
2510 2210 2585 2268 te,
2617 2198 2899 2255 laboribus
2935 2193 3333 2262 doloribusque
3350 2192 3559 2245 exime-

1967 2313 2070 2357 ret.
2106 2298 2375 2367 Quoniam
2408 2304 2631 2368 propter
2662 2301 2715 2347 te
2730 2299 2973 2351 creatur,
3009 2286 3139 2340 dum
3169 2284 3228 2339 ﬁt
3255 2282 3448 2338 Matris
3472 2279 3562 2335 Fi-

1968 2392 2309 2458 lius,idcirco
2333 2404 2459 2443 cum
2485 2401 2513 2441 a
2537 2393 2763 2457 paterna
2780 2381 2983 2437 unione
3012 2376 3255 2435 secernis
3276 2414 3292 2440 ,
3322 2381 3377 2430 et
3401 2387 3563 2429 crea-

1970 2485 2111 2540 turis
2142 2492 2497 2541 annumeras,
2522 2490 2647 2531 cum
2686 2489 2756 2529 ne
2778 2470 3009 2528 inferior
3029 2467 3250 2538 quidem
3282 2462 3563 2536 generatio

1970 2579 2138 2648 capia
2169 2573 2408 2629 curiosis
2428 2570 2600 2643 possit
2632 2567 2773 2637 (li)?
2800 2565 3025 2622 Obtecta
3053 2562 3256 2632 quippe
3275 2565 3359 2648 est
3384 2564 3440 2612 et
3470 2554 3564 2609 illa

1973 2646 2470 2734 impcrmcabilium
2530 2658 2879 2713 tenebrarum
2933 2649 3260 2708 involucris.
3315 2646 3395 2700 Tn
3431 2660 3563 2700 vero

1976 2759 2124 2821 lixis,
2162 2766 2222 2811 ut
2256 2757 2434 2820 aiunt,
2471 2751 2670 2817 oculis,
2700 2764 2813 2820 pra:
2852 2744 3216 2816 impudentia,
3278 2755 3401 2811 qua:
3434 2746 3565 2793 sunt

1973 2850 2250 2906 anteriora
2277 2846 2498 2903 smculis
2532 2838 2986 2913 comprehendis,
3020 2847 3075 2892 et
3106 2834 3306 2889 statuis
3330 2831 3399 2887 de
3424 2826 3565 2885 Filio

1975 2950 2036 2995 ut
2068 2938 2415 2994 meditationi
2458 2944 2565 2989 tum
2611 2934 2809 3002 placet,
2852 2939 3075 2984 utraeca
3130 2933 3238 2991 est,
3267 2932 3429 2979 acuta
3458 2932 3565 2977 tue

276 3026 587 3095 positorum
634 3039 849 3079 morum
878 3023 1258 3079 defensionem
1300 3026 1555 3089 habeam,
1588 3036 1641 3080 et
1667 3026 1865 3081 liberer
1893 3039 1935 3094 ο
1972 3029 2169 3086 mentis
2220 3027 2390 3089 acies,
2444 3032 2498 3080 et
2535 3021 2736 3079 stolida
2801 3019 3071 3089 sapientia
3103 3017 3127 3069 ?

277 3115 666 3171 inoboedientiae
699 3115 954 3170 crimine.
996 3112 1063 3169 Ut
1097 3116 1143 3170 si
1176 3116 1302 3185 quis
1347 3115 1641 3170 liberorum
1673 3129 1864 3168 aman-

276 3210 525 3263 tissimus
572 3216 761 3277 pater,
822 3216 1010 3259 natum
1067 3207 1259 3261 videns
1309 3208 1607 3261 obnoxium
1655 3206 1869 3261 luendis

277 3300 478 3371 poenis,
543 3299 817 3352 malorum
880 3313 1100 3352 causam
1166 3297 1276 3351 tilio
1333 3279 1488 3352 tollat
1546 3313 1713 3367 opere
1768 3313 1871 3353 suo

276 3393 464 3462 aliquo
496 3390 658 3460 longe
692 3389 1088 3458 prmstantiori.
1128 3388 1414 3451 Quodnam
1449 3390 1551 3443 hoc
1587 3404 1727 3458 opus
1762 3388 1873 3444 for-

277 3482 557 3544 midabiie,
616 3480 943 3549 cunctisque
1020 3481 1380 3536 excellentius
1416 3522 1432 3544 ,
1511 3498 1634 3553 quae
1681 3498 1711 3535 a
1762 3483 1873 3538 Deo

278 3585 409 3630 sunt
440 3574 626 3629 facta?
671 3572 926 3643 Magnum
954 3574 1085 3642 quid
1120 3575 1367 3641 profecto
1408 3584 1491 3630 est
1540 3578 1743 3629 cmlum
1772 3593 1869 3631 ex-

275 3676 519 3729 tensum,
563 3673 619 3719 et
658 3664 810 3717 nullo
842 3661 1200 3717 fundamento
1248 3665 1481 3718 subnixa
1528 3666 1711 3729 tellus,
1749 3682 1871 3721 ver-

280 3759 464 3828 boque
514 3757 612 3811 lux
663 3755 1054 3823 obtemperans
1090 3754 1156 3809 ad
1189 3756 1433 3810 universi
1460 3769 1869 3823 ornamentum,

275 3858 328 3903 et
361 3861 487 3904 ante
534 3848 678 3902 hanc
727 3861 925 3917 expers
977 3847 1220 3902 materia:
1263 3847 1582 3912 multitudo,
1616 3859 1868 3919 prompta

276 3943 343 3997 ad
385 3940 784 3997 ministerium.
835 3938 1035 3993 Verum
1083 3939 1225 3996 Deus
1268 3940 1319 3994 in
1365 3941 1524 3995 vulva
1560 3952 1870 4012 susceptus,

347 4078 393 4110 ⁸⁸
420 4076 569 4132 Psal.
608 4091 783 4137 usit,
814 4072 865 4129 8.

2044 3120 2243 3177 Verum
2286 3117 2515 3172 dimisso
2574 3112 2911 3169 dementium
2971 3108 3212 3170 insania,
3276 3105 3565 3160 redeamus

1970 3218 2035 3272 ad
2064 3232 2125 3273 ea
2157 3230 2277 3287 quae
2310 3211 2605 3285 praesentia
2662 3218 2813 3273 sunt,
2848 3206 3053 3275 Deique
3090 3204 3412 3275 mysterium
3466 3215 3558 3253 ve-

1972 3323 2252 3373 neremur,
2287 3305 2440 3359 sanis
2483 3302 2660 3357 oculis
2713 3302 2994 3355 intuentes
3030 3294 3219 3350 mundi
3268 3292 3557 3354 solatium,

1970 3417 2096 3456 eum
2141 3399 2207 3455 ad
2251 3397 2513 3467 templum
2556 3391 2884 3464 ingreditur.
2918 3388 3037 3443 Jam
3077 3401 3255 3456 nuper
3323 3382 3566 3437 versanti

1983 3492 2037 3546 in
2090 3490 2355 3560 spelunca
2410 3485 2544 3555 Regi
2572 3499 2602 3539 e
2633 3482 2900 3537 cmlorum
2932 3479 3085 3549 regia
3114 3476 3435 3532 satellitium
3473 3471 3569 3525 ad—

1980 3583 2265 3645 ventabat,
2321 3591 2576 3647 supernae
2625 3574 2945 3628 accinentes
2998 3578 3214 3623 turmae.
3269 3565 3437 3619 Stella
3466 3563 3570 3617 dn-

1979 3688 2097 3728 cem
2130 3687 2190 3727 se
2216 3670 2464 3739 praebens
2522 3664 2771 3733 regibus,
2796 3660 3003 3730 iacenti
3057 3660 3111 3711 in
3156 3654 3387 3726 pra‘scpi
3465 3652 3571 3704 Do-

1982 3765 2132 3817 mino
2174 3762 2497 3815 adoratorcs
2554 3755 2857 3815 adducens,
2903 3761 2957 3806 et
3006 3748 3193 3818 inopia
3259 3746 3569 3815 stipabatur

1982 3868 2009 3906 a
2070 3852 2379 3916 dominatu,
2435 3846 2641 3904 divinis
2711 3844 2912 3914 opibus
2973 3838 3347 3895 indicantibus
3405 3850 3571 3905 spon-

1986 3955 2199 4000 laneam
2234 3950 2379 3997 tecto
2440 3940 2715 4008 domotluc
2777 3933 3018 3991 carentis
3075 3938 3395 4003 egestatem.
3428 3926 3572 3993 Quid

1817 4158 2053 4216 NOTxE.

347 4263 463 4331 (1'5)
499 4259 807 4331 Sacerdotis
850 4256 1353 4331 manibusue/ferens
1386 4255 1561 4331 illum.
1597 4252 1864 4331 Sacerdo-
1900 4257 1942 4311 D
1974 4271 2184 4309 munem
2228 4253 2458 4331 Filium,
2480 4266 2694 4331 _tu_um_
2726 4258 2809 4331 alr
2846 4265 3065 4331 aeterno.
3115 4270 3295 4331 meant
3301 4322 3323 4331 _
3338 4254 3392 4307 in
3440 4263 3572 4307 tem-

278 4322 642 4388 tis‘manihus
675 4330 783 4383 Deo
810 4329 1009 4382 obtulit
1045 4322 1246 4380 Filitim
1280 4341 1441 4379 suum
1497 4324 1559 4377 Β.
1600 4322 1764 4394 Virgo
1810 4325 1864 4377 in

276 4405 365 4459 die
398 4401 829 4471 puriticationis,
861 4413 956 4467 per
992 4397 1135 4471 hanc
1164 4396 1358 4471 e_t_ip_sa
1386 4394 1716 4471 oblationem
1750 4397 1868 4471 spi-

279 4463 501 4527 ritualis
531 4469 795 4526 sacerdos
830 4463 1152 4523 constituta.
1190 4463 1345 4519 Unde
1383 4464 1727 4534 Carthagena
1763 4463 1873 4517 llo-

1971 4340 2119 4392 pore,
2149 4335 2258 4378 etc.
2296 4325 2428 4382 Vide
2477 4327 2537 4383 S.
2574 4327 2907 4382 Methodinm
2961 4325 3115 4380 Orat.
3170 4329 3223 4378 in
3278 4322 3569 4392 lIypapan-

1971 4340 2119 4392 pore,
2149 4340 2258 4378 etc.
2300 4340 2428 4382 vute
2477 4340 2537 4383 δ.
2574 4340 2907 4382 atettiootnm
2961 4340 3115 4380 urat.
3170 4342 3223 4378 In
3278 4340 3318 4377 rt

1971 4405 2099 4457 tem,
2126 4393 2452 4452 Guerrieum
2471 4398 2724 4450 abbatem
2750 4398 2929 4450 Serm.
2957 4396 2990 4448 5
3015 4395 3083 4448 de
3108 4392 3279 4447 Purif.

1972 4464 2033 4519 S.
2067 4465 2381 4520 Brunonem
2421 4466 2875 4527 Carthusianum,
2907 4464 2991 4516 vel
3025 4466 3208 4531 potius
3250 4463 3573 4531 episcopum

3396 4393 3572 4464 Virg.,

282 4543 401 4598 mil.
435 4542 466 4595 1
524 4541 595 4595 de
654 4538 828 4594 Puril'.
876 4537 937 4592 Β.
986 4534 1049 4591 ν.
1103 4543 1158 4591 et
1204 4530 1635 4605 Praisentatione
1665 4533 1870 4589 Christi
1971 4534 2261 4605 Signinum
2296 4536 2473 4590 Serm.
2506 4535 2573 4590 de
2600 4534 2815 4605 eadem.
2844 4541 2902 4589 et
2933 4531 2997 4587 Ι).
3029 4530 3372 4605 Bernardttm
3402 4532 3574 4605 abba—

284 4612 545 4673 Domini,
605 4609 831 4664 Mariam
889 4616 1048 4661 vocat
1097 4620 1365 4661 summam
1413 4604 1871 4670 sacerdotissatn,
1914 4662 1923 4671 ,

283 4681 621 4738 sacriﬁcium
648 4680 771 4734 Filii
797 4679 883 4733 sui
917 4677 1025 4731 Deo
1053 4676 1370 4731 offerentem
1404 4673 1456 4727 in
1490 4683 1637 4728 veste
1661 4677 1875 4744 purita-

286 4755 359 4809 tis
392 4752 647 4806 candida.
681 4752 1007 4817 lntegroque
1036 4748 1292 4817 discursu
1330 4760 1429 4817 ego
1455 4746 1750 4817 aliquando
1781 4745 1875 4817 de-

286 4823 589 4890 monstravi
637 4814 935 4888 Dciparaui
957 4814 1233 4890 Virginem
1267 4814 1322 4868 in
1347 4814 1437 4869 die
1466 4814 1876 4890 Pttrilicatiotiis

283 4887 544 4963 tanquam
592 4883 936 4963 spiritualem
981 4883 1322 4963 sacerdote-ni
1355 4883 1753 4963 _a:teruo__Pa_tl_'i
1784 4883 1879 4963 F_i_-

280 4954 419 5017 lium
452 4954 1022 5019 suum-sacriﬁcasse,
1056 4954 1310 5016 adductis
1355 4957 1497 5008 inter
1522 4956 1628 5007 alia
1672 4955 1782 5009 illis
1812 4955 1873 5009 Β.

282 5032 512 5087 Thomas
537 5046 565 5084 a
603 5027 887 5083 Vallanova
916 5027 1122 5087 verbis,
1152 5026 1205 5078 in
1229 5026 1495 5078 concione
1524 5024 1591 5079 de
1611 5022 1879 5078 Purilica-

284 5100 438 5161 tione
470 5103 645 5155 beatae
670 5097 919 5169 Virginis
943 5097 1182 5169 exaratis
1217 5114 1229 5149 :
1267 5093 1561 5169 {estquam
1595 5095 1677 5169 ad!
1708 5095 1880 5169 altare

282 5183 496 5227 rentum
527 5180 626 5230 est,
664 5164 822 5238 Virg'o
847 5184 1005 5221 sacra
1034 5167 1249 5238 genibus
1273 5164 1427 5238 ﬂexis
1446 5166 1633 5238 divino
1662 5165 1881 5238 inﬂam-

284 5256 432 5303 mata
474 5240 708 5309 Spiritu,
746 5234 866 5306 plus
898 5234 1057 5309 quani
1083 5235 1391 5309 Seraphim,
1426 5234 1609 5309 ﬁliuni
1634 5235 1879 5309 tutoribus

285 5322 489 5374 tenens,
520 5304 695 5375 ipsum
731 5304 886 5377 o/fert
909 5304 1186 5369 'Domiuo,
1222 5321 1435 5377 munus,
1469 5315 1516 5357 et
1557 5304 1882 5377 oblationem

285 5379 665 5449 acceptabilem
707 5376 841 5439 Deo,
874 5394 929 5431 tn
966 5378 1102 5449 hunc
1142 5376 1357 5449 modum
1391 5392 1552 5449 orans
1588 5390 1606 5427 :
1637 5376 1882 5440 Suscipe,

284 5444 473 5517 Pater
500 5452 857 5517 omnipotens,
897 5448 1103 5515 suscipe
1151 5444 1688 5517 ob!ationem_lmnc,
1721 5461 1881 5514 quam

288 5524 380 5577 tibi
410 5514 584 5592 oﬂ'ero
624 5514 721 5589 pro
757 5528 866 5572 toto
905 5514 1050 5586 orbe,
1098 5518 1297 5570 ancilla
1333 5526 1447 5571 tua.
1484 5514 1703 5584 Suscipe
1737 5531 1881 5569 com-

1974 4600 2080 4658 tem
2120 4603 2296 4659 Serm.
2331 4606 2367 4660 2
2419 4614 2472 4659 et
2524 4606 2558 4660 5
2596 4606 2664 4660 de
2698 4602 2889 4658 eadem
2923 4602 3132 4673 pariter
3168 4600 3574 4673 puriﬁcatione,

1982 4676 2072 4727 uhi
2108 4675 2175 4727 de
2207 4675 2308 4728 hac
2340 4676 2399 4730 Β.
2442 4676 2683 4746 Virginis
2719 4670 3030 4743 spiritualis
3060 4670 3447 4729 sacerdotissze
3475 4670 3575 4725 ob-

1986 4746 2209 4805 latione,
2236 4749 2461 4800 omuino
2497 4748 2783 4811 preeelare.

2056 4815 2168 4883 (Ml
2201 4814 2333 4869 Cum
2370 4833 2432 4870 ne
2457 4816 2680 4884 inferior
2719 4815 2931 4885 quidem
2959 4814 3228 4884 generatio
3262 4811 3384 4880 capi
3415 4827 3447 4864 a
3480 4827 3576 4864 cu-

1985 4886 2147 4955 riosis
2189 4887 2379 4955 possit.
2426 4886 2566 4941 Hinc
2596 4887 2736 4940 dixit
2772 4885 2944 4943 Isaias
2972 4885 3235 4955 propheta
3266 4896 3523 4955 capaci"
3559 4897 3574 4935 :

1984 4952 2389 5027 generationem
2437 4957 2551 5026 ejus
2614 4962 2730 5027 quis
2786 4952 3105 5027 enarrabili
3138 4952 3309 5027 Quasi
3384 4953 3574 5027 di_cat_:

1985 5024 2195 5091 Nemo;
2233 5042 2357 5079 cum
2384 5021 2710 5082 sit'omni'no
2736 5024 3310 5091 incomprehensibilis
3333 5032 3383 5078 et
3434 5021 3577 5077 inef-

1986 5094 2190 5151 fabilis.
2224 5094 2384 5151 Hunc
2412 5100 2554 5151 enim
2589 5098 2767 5152 locum
2819 5095 3099 5163 accipiunt
3150 5094 3343 5163 Patres
3385 5092 3453 5147 de
3486 5107 3578 5162 ge—

1992 5166 2283 5221 neratione
2334 5166 2575 5231 Christi,
2624 5183 2733 5221 non
2775 5162 2955 5221 solum
2994 5164 3177 5218 divina
3205 5180 3272 5219 ex
3298 5162 3483 5223 Patre,
3520 5172 3580 5215 ut

1995 5234 2051 5289 S.
2082 5234 2317 5292 Basilius
2336 5238 2430 5291 lib.
2454 5246 2676 5292 teontra
2700 5235 3051 5305 I'Iunomium,
3070 5242 3124 5288 et
3141 5233 3577 5305 Chrysostomus

1994 5306 2089 5359 lib.
2127 5321 2139 5358 I
2177 5307 2245 5361 de
2292 5305 2838 5378 incomprehensibili
2864 5304 2977 5378 Dei
3001 5312 3195 5378 natura
3222 5320 3237 5378 j,
3261 5302 3575 5378 'sedetiam

1995 5378 2231 5429 humana
2252 5394 2316 5431 ex
2336 5373 2526 5435 Matre,
2558 5387 2616 5429 ut
2631 5376 2688 5430 S.
2715 5375 3053 5429 Athanasius
3094 5377 3145 5428 in
3182 5375 3275 5429 lib.
3306 5374 3372 5427 de
3403 5373 3580 5426 lucar-

1992 5455 2105 5516 nat.
2128 5444 2316 5509 Verbi,
2356 5444 2607 5501 Justinus
2657 5443 3116 5516 martyrAQuzest.
3142 5443 3208 5516 67
3235 5443 3299 5496 ad
3332 5441 3577 5506 orthod.,

1994 5515 2223 5570 Tertull.
2247 5527 2440 5570 contra
2465 5516 2684 5572 Judteos
2718 5512 2839 5587 cap.
2872 5512 2961 5579 15,
2991 5526 3042 5569 et
3072 5515 3162 5568 alii
3189 5516 3398 5584 plures.

322 5631 420 5693 vta)
457 5630 619 5693 Deest
643 5627 851 5691 aliquid.
876 5627 1032 5691 Lege,
1064 5627 1311 5680 custodem
1342 5624 1516 5691 gloria;
1553 5638 1676 5679 mea:
1716 5623 1891 5693 rcpuli,
1926 5625 2160 5677 Dominus
2204 5632 2360 5677 autent
2395 5638 2489 5677 nou
2534 5624 2728 5692 refugit,
2780 5628 2875 5675 etc.
2912 5623 3038 5680 Vide
3071 5623 3327 5689 homiliam
3350 5620 3396 5684 «ὁ,
3431 5634 3579 5685 supra

289 5693 383 5744 Col.
410 5693 468 5743 31
502 5692 540 5743 C
596 5692 730 5741 Eutr.
