3992 6204
461 246 530 311 55
1716 232 1993 295 LEONIS
2011 229 2469 292 PHILOSOPHI
3665 224 3740 288 56

465 371 594 411 vero
650 350 979 424 praesentia?
1036 348 1227 414 Mater,
1277 361 1399 418 quae
1462 358 1570 400 non
1622 344 1838 415 peperit
1887 358 2043 398 com-
2075 348 2123 404 Α
2155 355 2277 396 mus
2334 342 2401 396 ad
2476 342 2765 412 sapientem
2802 355 3011 405 senem,
3068 341 3159 411 qui
3195 342 3249 396 in
3306 339 3578 410 profundo
3633 340 3745 395 hu-

471 444 622 499 muni
664 450 904 511 matrum
953 440 1071 509 lege
1109 438 1341 509 prolem,
1392 444 1453 489 ιιι
1499 449 1655 489 suam
1711 431 2054 502 primogeni-

468 547 647 591 turam
692 535 851 589 sistat
907 531 1037 595 Deo,
1065 527 1311 599 procedit
1350 543 1366 592 ;
1401 525 1665 579 infantem
1719 524 1915 594 pannis
1969 523 2053 575 in-

468 630 714 683 volutum
764 626 964 680 vilibus
1020 620 1297 678 sacerdoti
1342 619 1532 683 offert;
1591 617 1824 686 suscipit
1856 628 2044 669 sacer.

470 719 593 774 dos.
667 716 810 783 Quid
869 714 1068 770 deinde
1130 712 1223 767 fit?
1268 709 1426 765 Ulnis
1491 709 1695 778 excipit
1760 707 2053 773 infantem,

472 817 641 879 utque
689 806 919 861 Domino
977 805 1242 874 hymnum
1306 801 1573 864 concinit,
1627 810 1686 855 ut
1734 815 1910 869 nuper
1957 814 2050 868 ge-

472 900 650 954 nitum
708 907 918 951 natura!
990 908 1215 964 germen
1262 891 1482 961 accipit,
1515 900 1569 946 et
1620 908 1651 945 e
1682 890 1795 944 vita
1848 888 2053 943 dimitti

473 1001 533 1045 ut
584 989 902 1045 Creatorem
942 994 1121 1053 rogat.
1188 984 1331 1051 Quid
1390 982 1667 1054 loqueris?
1730 982 1874 1048 Quid
1926 981 2054 1036 novi

472 1088 578 1141 est,
628 1093 661 1133 o
715 1074 1017 1131 sacerdos?
1050 1073 1187 1127 Cutn
1253 1073 1323 1127 iis
1360 1088 1483 1143 quae
1548 1072 1825 1136 videntur,
1881 1070 2048 1125 verba

476 1179 566 1222 tua
626 1183 737 1220 non
793 1164 1151 1219 conveniunt.
1218 1161 1322 1217 Ubi
1384 1161 1779 1217 dominationis
1837 1162 2059 1216 fastus?

478 1259 578 1315 Ubi
627 1258 929 1326 majestatis
962 1266 1068 1311 tua:
1130 1256 1397 1311 satellites
1448 1262 1871 1318 concursantes.
1923 1269 2058 1325 prae-

473 1350 704 1405 euntes?
735 1347 901 1401 Vides
958 1353 1165 1415 quanta
1227 1360 1409 1399 rerum
1469 1345 1677 1413 inopia,
1761 1355 1815 1399 et
1876 1344 2058 1399 Domi-

475 1454 605 1491 num
666 1436 873 1490 vocas?
916 1434 1184 1488 Infantem
1242 1448 1419 1504 nuper
1451 1434 1507 1487 in
1562 1435 1686 1489 vitae
1732 1434 1910 1489 luccm
1946 1434 2056 1489 edi-

474 1539 588 1583 tum
653 1537 827 1592 tenes,
867 1536 920 1581 et
952 1526 1115 1581 verba
1178 1524 1335 1589 facis,
1389 1524 1548 1594 quasi
1604 1524 1673 1578 ad
1713 1524 1840 1580 vita:
1886 1525 2060 1595 impe-

2157 434 2405 488 militatis
2439 436 2725 504 prospexit
2816 434 3158 488 altitudinem
3216 432 3648 503 magnitudinis,
3686 442 3746 487 et

2156 526 2260 579 sub
2311 534 2554 581 testaceo
2614 535 2823 581 naturae
2880 534 3083 581 nostrae
3134 525 3482 595 operimento
3529 522 3749 594 Marga-

2158 615 2320 669 ritam
2356 615 2587 673 Deitatis
2647 618 2892 679 invenit;
2948 616 3110 684 cujus
3169 614 3579 686 pulchritudine
3616 620 3749 688 plu-

2154 708 2352 761 rimum
2402 710 2726 775 delectatus,
2786 710 2853 765 ad
2903 726 3121 765 sacrum
3180 726 3406 767 carmen
3450 712 3749 766 modulan-

2155 799 2282 853 dum
2310 800 2552 856 alacrius
2614 811 2797 869 movet
2844 802 3111 872 linguam.
3155 804 3197 856 A
3254 817 3368 872 quo
3416 816 3748 859 remunera-

2151 894 2320 948 tionis
2368 894 2609 957 nomine,
2654 908 2719 947 eo
2753 894 2898 964 quod
2928 908 3095 947 senex
3125 908 3252 947 eum
3290 894 3345 947 in
3388 894 3548 949 ulnas
3587 909 3747 949 acce-

2164 983 2326 1053 perit,
2361 982 2673 1037 discessum
2706 982 2867 1036 evita
2918 982 3240 1051 impetratis,
3294 978 3429 1035 abiit
3479 982 3546 1036 ad
3600 982 3747 1038 infe-

2154 1089 2269 1137 ros,
2312 1072 2746 1128 annuntiaturus
2807 1073 3045 1127 detentis
3106 1072 3239 1126 inibi
3321 1072 3533 1140 egenis,
3598 1088 3745 1142 quas

2152 1165 2292 1220 vidit
2355 1166 2472 1235 ipse
2520 1165 2768 1219 divitias.
2800 1164 2901 1218 Cui
2932 1164 3402 1233 appropinquans,
3434 1170 3745 1232 torporem-

2153 1271 2260 1325 que
2290 1254 2529 1310 flaccidaa
2554 1258 2737 1311 carnis
2771 1256 3075 1324 deponens,
3139 1253 3515 1323 reflorensque
3549 1255 3740 1309 sensi-

2160 1347 2281 1410 bus,
2338 1346 2534 1415 spiritu
2601 1347 2719 1400 obit
2782 1345 3030 1415 spiritale
3099 1344 3487 1400 ministerium.
3555 1342 3747 1397 Enim-

2157 1454 2283 1495 vero
2332 1439 2664 1509 pr0pheticis
2710 1440 2843 1493 olim
2894 1438 3072 1494 oculis
3120 1452 3216 1507 per
3293 1437 3542 1507 symbola
3602 1452 3744 1507 pra»

2162 1538 2463 1585 monstrata
2493 1538 2640 1594 sunt,
2683 1545 2800 1600 qua:
2830 1531 2985 1596 fiunt,
3015 1537 3070 1585 et
3105 1531 3159 1584 in
3214 1528 3445 1599 forcipe,
3479 1537 3532 1583 et
3565 1543 3743 1598 pruna

470 1622 614 1676 rium
665 1620 1047 1675 obtinentem?
1097 1617 1381 1683 Quomodo
1431 1617 1595 1672 rebus
1663 1617 1801 1671 adeo
1870 1618 2053 1685 parvis
2089 1652 2123 1690 ἦ
2162 1628 2281 1671 erat
2325 1619 2579 1690 aenigma,
2642 1620 2961 1675 continente
3027 1619 3144 1684 illo,
3191 1620 3295 1674 bac
3330 1616 3612 1688 pr0pheta
3662 1618 3744 1670 la-

470 1726 527 1771 ct
580 1716 859 1787 tenuibus,
916 1728 1109 1783 magna
1143 1721 1199 1767 et
1253 1712 1575 1766 admiranda
1626 1712 2050 1768 accommodas?
2089 1677 2125 1730 Β
2168 1709 2253 1762 bia
2309 1717 2589 1779 tangente,
2630 1718 2686 1764 et
2745 1710 3118 1779 proplteticam
3178 1710 3740 1765 inﬂammantemen-

471 1806 538 1860 Et
588 1806 815 1875 gloriam
866 1806 1056 1871 Israel,
1115 1814 1169 1859 et
1213 1804 1395 1859 lumen
1437 1820 1602 1859 vocas
1660 1805 1902 1874 gentium
1962 1807 2053 1858 ln-

472 1897 673 1952 fantem
707 1897 885 1967 inOpis
909 1897 1099 1952 Matris
1133 1896 1286 1965 (15)?
1320 1894 1425 1950 Sed
1457 1896 1613 1961 adde,
1648 1912 1769 1965 qua:
1819 1904 2050 1963 restant,

471 1987 539 2041 ad
580 1988 953 2042 laudationem
1017 1988 1159 2055 ejus,
1187 1986 1280 2055 qui
1310 1985 1413 2040 sub
1454 1994 1653 2040 nostrai
1692 1988 1879 2042 carnis
1910 1988 2054 2041 vela-

474 2085 661 2133 mento
715 2079 807 2132 lux
849 2079 1001 2132 latet.
1056 2076 1200 2143 Quid
1259 2077 1474 2132 tandem
1538 2078 1693 2147 aget?
1743 2076 1887 2145 Quid
1935 2095 2054 2136 mo-

472 2169 645 2225 litur?
685 2171 771 2224 An
817 2171 956 2225 duas
1008 2169 1099 2226 ille
1147 2185 1234 2225 res
1291 2178 1537 2241 peraget,
1594 2171 1826 2225 aliorum
1867 2188 2055 2229 resur-

469 2264 662 2327 rectio,
694 2261 927 2316 aliorum
978 2260 1139 2315 ruina
1187 2260 1433 2325 futurus,
1484 2262 1576 2331 qui
1630 2262 1752 2325 tibi,
1795 2277 1829 2317 o
1861 2279 2052 2330 senex,

469 2354 816 2423 conspicitur
868 2368 897 2406 a
929 2354 1147 2408 duobus
1198 2363 1489 2419 constans,
1528 2353 1777 2423 deiectos
1812 2355 1957 2410 bono
1995 2358 2050 2412 in

470 2454 616 2500 statu
652 2446 1054 2509 collocaturus,
1117 2444 1362 2500 tumidos
1398 2443 1795 2513 depressurus:
1836 2448 2054 2515 quando

469 2545 528 2593 et
566 2536 738 2590 Mater
773 2536 1107 2602 virginitatis
1154 2535 1380 2605 integra!
1413 2536 1595 2606 gladio
1622 2536 1831 2593 doloris
1862 2545 2047 2595 trans-

470 2628 675 2684 fossam
725 2629 829 2683 sibi
881 2628 1082 2683 sentiet
1108 2628 1347 2681 animam
1380 2627 1530 2698 (i6)?
1569 2626 1737 2683 Norat
1762 2630 1905 2684 enim
1934 2631 2054 2687 dei-

473 2719 725 2775 cidarum
782 2720 1020 2783 facinus,
1060 2728 1115 2775 et
1159 2719 1279 2775 fore
1326 2730 1382 2775 ut
1415 2728 1659 2776 cruentae
1712 2736 1909 2779 manus
1959 2739 2050 2779 ar-

471 2816 754 2863 marentur
778 2810 832 2862 in
866 2824 1014 2872 eum,
1069 2808 1162 2878 qui
1193 2810 1365 2865 sacris
1408 2811 1718 2867 vehebatur
1771 2814 2047 2870 manibus.

469 2895 628 2952 Nunc
655 2912 788 2952 sane
830 2897 984 2951 illum
1020 2898 1073 2952 in
1108 2895 1293 2953 fasciis
1334 2898 1520 2955 furens
1561 2902 1907 2983 persequitur
1937 2900 2047 2956 lie-

2170 1808 2298 1854 tetn.
2347 1798 2533 1869 Itaque
2585 1815 2707 1869 qua:
2757 1816 2903 1853 nunc
2954 1809 3084 1854 sunt
3117 1815 3226 1864 res,
3282 1800 3570 1869 aenigmata
3608 1808 3745 1853 tunc

2163 1898 2357 1945 erant:
2388 1892 2526 1945 lacte
2556 1891 2805 1947 nutriens
2830 1901 2883 1945 et
2903 1889 3066 1960 Virgo
3084 1905 3309 1945 manens
3339 1889 3475 1959 (17),
3498 1890 3749 1943 inacces-

2170 1980 2347 2037 sibilis
2386 1992 2440 2035 et
2490 1989 2761 2050 portatus,
2813 1980 3000 2035 Puella
3056 1989 3313 2049 tanquam
3355 1979 3569 2048 forceps
3610 1995 3749 2049 pru-

2171 2086 2295 2125 nam
2362 2071 2667 2125 divinitatis
2728 2079 2945 2136 tenens,
2980 2087 3143 2140 quam
3174 2071 3338 2125 etiam
3395 2085 3590 2124 manus
3648 2085 3747 2123 sa-

2169 2164 2409 2219 cerdotis
2473 2152 2772 2232 tangentes
2799 2162 3250 2223 sanctificautur,
3282 2170 3335 2216 et
3381 2176 3445 2216 os
3482 2161 3746 2217 vaticinio

2171 2255 2413 2326 Spiritus
2445 2255 2742 2325 impletur;
2808 2255 2955 2308 ulna:
3009 2267 3292 2323 corporeae
3340 2252 3493 2307 illum
3533 2252 3743 2321 ample-

2169 2354 2403 2411 ctentes,
2452 2361 2613 2417 quem
2674 2344 2877 2398 intueri
2934 2358 3041 2398 non
3099 2342 3303 2397 audent
3353 2340 3749 2395 immateriales

2169 2438 2334 2495 oculi.
2380 2436 2484 2503 Qui
2544 2435 2883 2490 materialem
2950 2440 3194 2488 nostram
3246 2432 3616 2487 substantiam
3655 2446 3749 2486 es-

2169 2529 2360 2585 sentia:
2419 2543 2533 2582 sua:
2569 2529 2785 2591 unicus,
2827 2526 2957 2581 facit
2992 2534 3052 2579 ut
3088 2540 3188 2581 sua
3224 2524 3568 2580 intoleranda
3620 2540 3741 2577 ma-

2164 2619 2339 2688 jestas
2374 2620 2425 2672 in
2462 2618 2729 2672 materiali
2766 2624 2964 2671 uestro
2989 2625 3269 2685 portetur:
3299 2626 3351 2671 et
3402 2614 3588 2670 fasciis
3619 2616 3750 2683 qui-

2169 2710 2291 2765 dem
2351 2710 2609 2779 alligatus
2681 2718 2785 2772 est,
2856 2708 2950 2762 sed
3017 2714 3327 2776 portantem
3402 2705 3746 2761 sacerdotem

2166 2803 2546 2870 corporalibus
2607 2800 2770 2856 solvit
2816 2798 3024 2862 fasciis,
3056 2806 3114 2852 ut
3149 2798 3364 2867 rugosis
3426 2797 3517 2851 ille
3566 2797 3751 2851 oculis

2168 2895 2324 2959 vidit,
2362 2892 2507 2963 quod
2543 2908 2716 2962 nuper
2748 2890 3026 2962 apparuit,
3060 2889 3311 2943 Saiutare
3346 2889 3531 2943 Israel.
3562 2887 3749 2959 Opor-

470 2987 659 3041 rodes.
708 2987 774 3041 Et
834 2984 1109 3056 Egyptus
1164 2989 1398 3059 excipiet
1457 2980 1696 3045 illum.a
1762 3008 1871 3061 quo
1922 2992 2122 3054 oiimC
2158 2987 2304 3042 lebat
2356 2986 2503 3040 enim
2578 2984 2937 3039 subterranea
3005 2980 3376 3036 incolentibus
3433 2980 3552 3034 loca
3602 2996 3750 3035 nun-

468 3077 749 3145 vapulavit
795 3085 1023 3148 propter
1057 3077 1309 3148 hospites
1350 3080 1492 3135 male
1548 3091 1823 3151 acceptos,
1860 3093 1915 3139 et
1959 3083 2047 3137 in-

470 3166 751 3236 tingentnr
798 3167 960 3238 gladii
998 3168 1053 3222 iu
1094 3168 1362 3223 infantum
1411 3172 1578 3237 caede,
1633 3180 1692 3226 ut
1730 3173 1917 3231 Infans
1950 3191 2049 3231 ne-

470 3267 647 3314 cetur.
709 3258 1009 3328 Oportebat
1054 3261 1199 3315 enim
1242 3260 1349 3315 Deo
1380 3262 1434 3316 in
1468 3272 1614 3317 terra
1657 3273 1787 3319 nato
1815 3265 1883 3319 de
1906 3280 2038 3321 san-

470 3349 736 3420 guinibus
779 3349 1040 3420 Virginis,
1082 3352 1324 3419 aequales
1355 3352 1458 3406 sibi
1490 3368 1587 3422 per
1625 3355 1948 3425 sanguinem
1992 3357 2047 3410 in

470 3442 625 3497 cretis
660 3442 849 3507 nasci;
898 3450 950 3497 et
989 3442 1222 3511 primam
1276 3443 1424 3497 illam
1459 3454 1699 3510 aetatem,
1738 3462 1768 3501 e
1808 3462 2047 3514 praesen-

471 3535 545 3588 tia
592 3532 809 3593 Domini
864 3536 1100 3589 fructum
1168 3537 1473 3605 percipere,
1522 3551 1643 3605 quae
1687 3538 1861 3607 prima
1897 3539 2046 3593 illum

472 3624 527 3679 in
570 3625 687 3681 suis
739 3626 966 3681 habuit:
1007 3626 1209 3681 caedem
1260 3627 1354 3681 illo
1416 3630 1725 3684 sustinente
1768 3646 1866 3699 pro
1898 3646 2050 3702 rege-

472 3717 734 3772 nerandis
782 3718 1070 3783 omnibus,
1114 3719 1336 3789 quando
1394 3718 1571 3775 Patris
1618 3735 1850 3793 magnus
1906 3724 2053 3793 Apo-

474 3807 675 3873 stolus,
728 3808 983 3865 absoluto
1032 3826 1197 3879 opere
1238 3816 1461 3879 propter
1496 3812 1642 3881 quod
1691 3822 1776 3868 est
1822 3814 2049 3881 missus,

471 3896 729 3951 omnibus
781 3897 942 3952 simul
994 3900 1193 3965 pandet
1247 3901 1402 3954 sinus
1430 3902 1703 3957 etelestes.
1763 3902 1867 3959 Sed
1922 3920 2054 3961 cave

418 4024 425 4027 -
477 3993 535 4038 ιιι
591 3985 788 4040 iterum
853 3988 923 4039 ob
977 3988 1320 4053 apostolatus
1348 4002 1569 4053 nomen,
1618 3991 1895 4061 Unigeniti
1946 3994 2054 4047 im-

476 4075 691 4129 minuas
740 4076 993 4145 gloriam,
1064 4092 1164 4131 nec
1219 4075 1561 4139 dominatum
1619 4082 1673 4135 in
1733 4085 2049 4139 servitutem

474 4162 727 4233 redigas;
793 4164 1030 4219 alienum
1088 4163 1244 4217 illiilli
1293 4182 1322 4219 a
1370 4174 1600 4235 paterna
1668 4178 1863 4223 natura
1920 4186 2054 4227 con-

475 4254 730 4310 stituens.
796 4253 901 4309 Sed
950 4255 1318 4325 apostolatum
1384 4257 1634 4325 audiens,
1679 4259 2049 4329 aequalitatem

474 4342 787 4400 considera.
859 4342 985 4401 Haec
1047 4346 1115 4398 ad
1176 4360 1295 4411 eos,
1350 4348 1442 4416 qui
1498 4346 1784 4405 beneficiis
1838 4350 2046 4417 affecti,

477 4435 677 4504 ingrati
710 4444 859 4503 sunt,
882 4443 935 4491 et
962 4436 1170 4491 bouore
1193 4438 1337 4493 aucti
1372 4454 1435 4493 ac
1463 4442 1742 4497 sublimati
1768 4457 1863 4511 per
1892 4440 2048 4497 Verbi

474 4525 831 4582 humilitatem
857 4528 1191 4583 inhonorant
1223 4532 1607 4597 bonorantem,
1654 4549 1861 4603 proque
1890 4534 2043 4590 fasti-

473 4618 564 4689 gio
609 4618 911 4672 cacuminis
967 4618 1200 4672 reddunt
1247 4620 1675 4688 depressionem.
1702 4622 1807 4676 Sed
1838 4624 2042 4691 ;redea-

553 4738 598 4770 ³⁷
628 4737 803 4793 Exod.
836 4753 919 4804 ιιι,
951 4736 974 4789 1
1038 4752 1193 4808 seqq.

2161 3080 2286 3135 tiari
2322 3094 2448 3149 quae
2496 3093 2661 3147 supra
2723 3085 2925 3131 terram
2979 3075 3182 3130 fiebant
3228 3073 3601 3139 admirabilia,
3652 3073 3751 3130 do-

2162 3173 2393 3243 cerique
2471 3170 2595 3224 illos
2650 3170 2815 3223 etiam
2873 3166 3165 3223 advenisse
3221 3166 3414 3221 mundi
3484 3167 3747 3231 salutem,

2164 3264 2443 3333 Deumque
2469 3270 2683 3331 gestare
2716 3275 2961 3324 carnem,
2996 3268 3045 3313 et
3085 3272 3317 3327 puerum
3350 3273 3494 3321 esse,
3527 3258 3619 3327 qui
3658 3264 3751 3312 est

2159 3365 2285 3411 ante
2307 3356 2535 3411 saecula:
2560 3364 2612 3409 et
2632 3353 2963 3407 nutrimenta
2987 3350 3522 3413 subministrantem,
3541 3350 3624 3403 lac
3650 3365 3756 3403 su-

2158 3463 2284 3519 gere
2305 3466 2314 3496 :
2334 3448 2805 3513 adventurumque
2829 3453 2885 3497 ut
2917 3442 3145 3498 aﬂlictos
3167 3443 3238 3497 ab
3258 3442 3518 3496 aerumnis
3545 3442 3754 3495 libera-

2164 3547 2266 3603 ret,
2291 3546 2545 3604 essetque
2569 3534 2784 3589 interim
2821 3534 2933 3587 illic
2961 3532 3306 3588 morantibus
3330 3532 3605 3602 patientia:
3636 3532 3752 3585 iar-

2165 3628 2329 3695 gitor.
2384 3624 2511 3678 ideo
2563 3623 2819 3694 Symeoni
2862 3636 3185 3690 responsum
3216 3622 3422 3675 dature
3444 3622 3629 3674 carnis
3652 3635 3753 3675 er-

2166 3716 2382 3787 gastulo
2438 3730 2496 3769 se
2548 3728 2656 3768 non
2705 3712 2977 3768 exiturum
3008 3753 3025 3779 ,
3104 3713 3162 3767 ni
3215 3712 3394 3767 videat
3444 3710 3753 3769 Salvatoris

2166 3807 2459 3862 adventum
2478 3807 2542 3859 ³⁸.
2564 3805 2734 3858 Adam
2762 3819 2927 3859 aures
2957 3818 3193 3859 maerore
3216 3818 3512 3874 oppressas
3536 3803 3755 3871 aperiet

2172 3899 2377 3953 laetiti:e
2424 3898 2637 3961 nuntio,
2685 3903 2739 3950 et
2786 3896 3101 3951 Creatorem
3133 3910 3365 3951 narrans
3401 3896 3601 3965 gestari
3631 3911 3756 3952 ma-

2167 3989 2349 4051 nibus,
2384 3986 2644 4043 mcestitia
2677 3986 2878 4056 posita,
2914 4000 3099 4041 senem
3133 4000 3231 4055 spe
3260 3985 3455 4041 eﬂiciet
3484 3986 3753 4042 alacrem.

2171 4080 2280 4133 Eva
2316 4077 2409 4132 ubi
2441 4076 2697 4132 didicerit
2718 4092 2749 4132 e
2780 4076 3005 4132 muliere
3033 4084 3245 4141 natum,
3275 4085 3466 4146 partus
3493 4077 3753 4132 dolorum

2170 4170 2609 4226 maledictionem
2638 4184 2746 4224 non
2789 4184 2931 4239 aegre
2979 4169 3133 4225 feret.
3190 4184 3353 4238 quam
3410 4167 3756 4224 haereditatis

2170 4263 2391 4317 nomine
2447 4262 2685 4333 posteris
2740 4261 3068 4316 transmisit.
3109 4250 3287 4315 Moses
3335 4260 3403 4316 ab
3452 4274 3517 4314 eo
3571 4259 3755 4331 legem

2160 4354 2375 4424 impleri
2430 4354 2568 4409 sciet
2605 4354 2674 4417 ⁸⁷,
2715 4352 2873 4422 cujus
2903 4350 3089 4422 digitis
3118 4350 3379 4421 scriptam
3414 4350 3659 4419 accepit,
3692 4358 3759 4405 et

2156 4460 2218 4500 ea
2273 4444 2385 4511 jam
2416 4442 2607 4499 effecta
2640 4443 2815 4505 reddi,
2844 4457 2969 4512 qum
3014 4442 3066 4495 in
3108 4441 3230 4511 igne
3259 4451 3314 4495 et
3347 4442 3484 4495 rubo
3513 4439 3751 4494 viderat.

2155 4534 2357 4591 Omnes
2404 4534 2608 4590 detenti
2663 4534 2715 4589 in
2747 4534 2961 4598 inferis,
2992 4543 3046 4588 et
3086 4535 3140 4588 in
3183 4547 3422 4587 maerore
3474 4533 3751 4602 iacentes,

2156 4641 2457 4696 praeconem
2492 4626 2795 4695 suscipient
2829 4625 3030 4680 laetum.
3078 4622 3204 4677 Erat
3261 4638 3425 4694 porro
3476 4624 3741 4678 immensi

2000 4809 2235 4865 ΝΟΤᾸΞ.

548 4893 662 4969 (15)
690 4894 874 4969 Inopia
903 4894 1120 4951 Matris.
1156 4896 1572 4969 De__pa_upertate
1604 4897 1775 4969 beata;
1807 4897 2049 4969 Virginis

473 4965 583 5037 late
619 4965 761 5037 inter
807 4968 945 5037 alios
998 4975 1165 5037 agunt
1217 4965 1526 5021 liic’bardus
1577 4983 1603 5017 a
1664 4968 1720 5021 S.
1752 4965 2051 5026 Laut-cutio

472 5034 773 5112 iib._tv__de
805 5034 1085 5112 Laudibus
1106 5035 1263 5112 gYirg.
1293 5052 1346 5112 _a_
1377 5052 1503 5106 pag.
1533 5037 1660 5098 279.
1693 5040 2049 5112 etAdeinceps,

473 5113 528 5159 et
576 5103 864 5177 Pelbartus
903 5107 955 5159 in
1006 5103 1260 5162 Stellario
1293 5103 1392 5162 lib.
1428 5103 1523 5169 vit,
1556 5114 1695 5177 part.
1740 5108 1795 5175 2,
1838 5103 2051 5177 art.'5,

474 5189 596 5243 cap.
625 5176 709 5229 10.
739 5176 889 5242 Quos
929 5186 982 5229 ιιι
1006 5178 1254 5232 consule.
1564 5176 1567 5177 ⁷
1992 5212 1995 5215 ν

548 5246 660 5311 (16)
693 5244 885 5316 gladio
920 5247 1120 5301 doloris
1172 5248 1525 5316 transfossam
1571 5248 1672 5302 sibi
1720 5252 1905 5304 sentiet
1944 5251 2055 5304 ani-

476 5330 659 5390 mam._
693 5313 766 5369 De
810 5316 995 5390 gladio
1051 5319 1295 5383 doloris,
1326 5313 1454 5389 quo
1493 5319 1674 5373 anima
1714 5320 1774 5372 Β.
1820 5320 2055 5390 Virginis

478 5333 638 5366 mam.
693 5333 766 5369 ue
806 5333 995 5435 'gtauto
1051 5333 1295 5383 umoris,
1346 5334 1454 5389 quo
1493 5334 1674 5373 antma
1714 5333 1774 5372 Β.
1824 5333 2055 5390 Vtrglttts

478 5382 783 5462 transfossa
830 5386 911 5462 uit
937 5385 1006 5462 ob
1036 5390 1348 5453 passionem
1377 5398 1431 5444 et
1463 5398 1694 5462 mortem
1724 5390 1869 5453 Filii,
1897 5393 2055 5462 plura

478 5454 669 5530 babes
705 5468 769 5506 ex
833 5452 935 5530 SS.
970 5452 1189 5530 Patrum
1245 5460 1611 5530 monumentis
1663 5452 1863 5515 hausta
1898 5452 2053 5530 'apud

474 5521 768 5590 Georgium
831 5523 1212 5579 Colvenerium
1278 5527 1331 5581 in
1386 5528 1503 5581 Kal.
1539 5528 1785 5585 Mariano
1844 5521 2053 5586 die'i8

477 5591 680 5655 Martii,
710 5591 987 5648 Justiuum
1020 5594 1471 5652 Miecbovicnsem
1506 5608 1651 5651 torno
1678 5598 1719 5652 ll
1754 5602 1807 5654 in
1838 5600 2055 5655 litanias

479 5663 845 5731 Laurctanas,
898 5679 1063 5730 super
1116 5665 1247 5720 illud
1310 5666 1455 5734 Virg.
1503 5668 1738 5738 elogium
1787 5684 1799 5722 :
1853 5670 2052 5740 Regina

2157 4911 2471 4973 martyrum,
2507 4912 2560 4957 et
2589 4902 2949 4973 TheOpbilnm
2980 4902 3339 4973 Rayuaudum
3367 4902 3421 4973 in
3462 4896 3751 4973 Diptychis

2155 4972 2417 5041 Marianis
2454 4987 2506 5040 p.
2538 4977 2589 5039 t,
2624 4972 2827 5041 puncto
2857 4973 2913 5037 9,
2953 4990 3008 5027 n.
3036 4972 3091 5033 (ἶ.
3123 4973 3176 5035 7,
3204 4972 3238 5026 8
3264 4982 3317 5027 et
3358 4972 3410 5027 9.

2229 5041 2341 5111 (Hi
2370 5040 2525 5096 Lacte
2552 5040 2811 5107 nutriens,
2854 5053 2902 5098 et
2949 5046 3088 5112 virgo
3123 5059 3363 5114 manens.
3400 5043 3587 5114 Virgo,
3623 5055 3753 5114 ma-

2156 5110 2293 5167 nens
2321 5114 2509 5182 virgo,
2569 5116 2650 5182 lae
2688 5115 2891 5167 habere
2917 5110 3243 5166 naturaliter
3271 5128 3379 5182 non
3419 5110 3617 5181 pot'est.
3657 5110 3754 5164 Li-

2154 5191 2243 5237 cet
2300 5181 2443 5252 enim
2512 5184 2568 5235 S.
2610 5181 2773 5251 Virgo
2816 5182 3103 5245 Liduvina,
3138 5190 3191 5236 et
3234 5181 3354 5252 aliae
3386 5185 3631 5252 quaedam
3684 5182 3750 5238 itt

2157 5259 2319 5306 nocte
2375 5250 2667 5306 Dominicze
2716 5250 3031 5306 Nativitatis
3082 5255 3219 5305 lacte
3253 5250 3633 5318 redundarint,
3688 5262 3755 5305 ut

2157 5322 2357 5375 habent
2391 5322 2537 5392 Acta
2591 5322 2839 5392 ejusdem
2869 5322 2925 5376 S.
2965 5320 3244 5375 Liduvinze
3291 5322 3389 5376 lib.
3421 5340 3481 5386 ιι.
3522 5338 3645 5392 cap.
3688 5322 3751 5386 4,

2156 5400 2340 5445 tamen
2388 5390 2469 5446 hae
2500 5390 2741 5462 virgines
2772 5393 2857 5445 lac
2890 5407 2998 5445 non
3040 5392 3354 5462 habuerunt
3388 5390 3750 5456 naturaliter,

2159 5462 2252 5515 sed
2290 5475 2453 5528 supra
2490 5460 2699 5517 naturae
2730 5462 2977 5516 debitum
3015 5470 3070 5516 et
3103 5460 3481 5515 ellicacitatem
3520 5464 3601 5516 lac
3637 5464 3752 5517 illis

2164 5530 2529 5599 suppeditavit
2566 5530 2727 5587 Deus.
2763 5530 3051 5597 Quomodo
3088 5537 3269 5584 autem
3298 5529 3463 5585 fuerit
3504 5531 3587 5586 lac
3625 5530 3753 5585 Vir—

2166 5601 2523 5671 giuiabsque
2553 5602 2671 5671 viro
2699 5602 2853 5657 Matri
2888 5604 3094 5671 Optime
3122 5600 3378 5671 edisserit
3404 5600 3750 5671 Baynattdus

2162 5672 2216 5726 in
2245 5668 2523 5741 Diptychis
2554 5670 2809 5729 Marianis
2852 5688 2905 5744 p.
2926 5668 2988 5738 ἰ,
3018 5685 3069 5741 p.
3112 5670 3167 5737 8,
3206 5685 3357 5725 num.
3391 5670 3446 5725 2.
