3992 6204
184 334 245 395 57
982 334 1266 395 ORATIO
1296 336 1394 397 VI.
1423 361 1488 371 -
1526 336 1606 397 IN
1633 336 1944 398 CHRISTI
1984 337 2499 399 NATIVITATEM
2544 339 2657 400 III.
3388 347 3457 411 58

184 448 279 500 hoc
305 443 479 499 etiam
515 458 648 514 erga
684 443 943 498 homines
976 447 1203 511 amoris,
1242 462 1351 501 non
1395 448 1557 501 modo
1590 448 1767 518 ipsum
1796 451 1849 510 Α
1873 448 2115 503 ferentes
2154 462 2276 516 quae
2322 464 2551 517 nequam
2615 448 2898 520 Synagoga
2947 452 3198 507 molictor
3234 454 3286 508 in
3337 454 3458 524 ejus

183 539 437 594 advenire
460 536 709 600 afﬂictis,
737 545 791 592 et
812 539 1099 607 angustias
1130 540 1463 606 patientibus
1492 540 1771 608 solatium,

185 631 277 686 sed
312 628 695 700 praznuntiare
725 643 948 698 quoque
994 629 1339 695 beneﬁcium,
1370 639 1431 684 ut
1463 646 1560 700 spe
1608 632 1775 686 bono-

185 737 296 774 rum
326 720 502 774 levior
535 728 690 773 esset
731 719 1003 773 malorum
1033 720 1299 789 gravitas,
1331 730 1384 774 et
1420 736 1484 775 ea
1514 732 1770 790 tanquam

182 828 297 867 rore
329 812 661 866 mitesceret
706 808 930 864 ﬂamma
980 809 1254 887 dolorum.
1302 811 1571 881 Caeterum
1608 827 1775 867 senex

180 903 395 973 quidem
414 902 763 971 decrepitus,
794 912 846 957 et
867 904 1128 961 sacerdos
1147 905 1258 976 (i8)
1283 907 1576 978 antiquiori
1601 922 1661 962 se
1688 907 1773 962 ln-

180 995 307 1047 fanti
356 1008 566 1047 manus
600 994 671 1047 ad
702 994 1089 1065 excipiendum
1142 997 1340 1051 obtulit
1383 1000 1685 1065 ministras,
1718 1004 1775 1052 et

182 1086 369 1140 futura:
405 1087 622 1140 salutis
652 1086 947 1141 decantato
982 1089 1185 1159 hymno
1223 1091 1527 1144 mercedem
1551 1093 1773 1163 accipit,

184 1188 230 1229 ut
256 1192 288 1229 e
309 1177 567 1230 vinculis
606 1178 891 1246 corporeis
925 1179 1124 1235 avolet.
1157 1178 1296 1245 Quid
1332 1197 1495 1250 porro
1529 1200 1649 1248 nos,
1679 1187 1771 1253 qui

180 1274 516 1320 re’ustatem
561 1266 926 1335 deposuimus
981 1270 1285 1335 regenerati
1318 1285 1413 1338 per
1462 1275 1772 1339 generatio-

181 1372 292 1411 nem
318 1395 335 1420 ,
395 1355 498 1426 qui
552 1357 727 1410 oblati
768 1372 960 1411 sumus
1005 1357 1152 1412 Patri
1195 1359 1501 1415 ministerio
1534 1363 1774 1417 humano

182 1447 355 1500 dilecti
408 1444 543 1499 Filii
599 1444 757 1513 ejus,
804 1447 947 1515 quod
998 1447 1387 1512 ministerium,
1437 1450 1582 1519 quod
1615 1450 1776 1507 obse-

182 1539 286 1607 quii
330 1538 631 1607 specimen
688 1536 1037 1593 oﬂ'eremus?
1092 1540 1173 1594 An
1221 1549 1370 1597 certe
1406 1543 1774 1613 nosmetipsos

184 1629 497 1692 oneremus,
534 1640 770 1701 propter
799 1646 939 1701 quos
974 1640 1121 1686 tanta
1155 1633 1482 1699 exinanitio,
1514 1643 1777 1706 tantaque

184 1722 611 1787 eondescensio,
638 1731 697 1776 ut
724 1724 993 1793 integram
1025 1740 1306 1782 servemus
1329 1727 1645 1798 imaginem,
1673 1743 1773 1783 nec

189 1814 322 1868 vitiis
372 1814 695 1870 obruamus
744 1816 958 1871 colores
1011 1815 1188 1884 vivos,
1242 1818 1443 1888 quibus
1505 1821 1772 1889 picturam

187 1921 330 1958 suam
378 1908 613 1961 ornavit
646 1906 914 1963 Dominus
948 1909 972 1961 ?
1019 1908 1115 1962 Sin
1148 1910 1350 1974 minus,
1402 1919 1461 1964 ut
1492 1926 1598 1965 non
1630 1912 1774 1968 osci-

190 2007 356 2052 tanter
388 2014 789 2067 repurgemus.
820 2000 914 2055 sed
946 2000 1191 2070 pulchris
1220 2001 1415 2056 iterum
1448 2002 1773 2059 decoremus

187 2087 321 2140 illam
361 2089 652 2142 coloribus
683 2090 706 2142 ?
754 2088 977 2145 Fiamus
1006 2089 1186 2147 Patris
1218 2092 1475 2146 altissimi
1503 2092 1619 2158 lilii,
1651 2108 1776 2161 pro-

186 2187 303 2246 pter
348 2193 476 2232 eum
532 2180 630 2247 qui
661 2195 727 2234 ex
780 2182 967 2235 intimo
1008 2183 1344 2238 conditionis
1396 2192 1597 2238 nostra:
1653 2185 1773 2240 loco

188 2266 412 2322 Matrem
453 2272 704 2341 agnovit.
744 2271 967 2329 Fiamus
1017 2273 1106 2330 Dei
1149 2275 1451 2344 templum;
1498 2275 1602 2330 hoc
1627 2277 1770 2331 enim

190 2370 273 2414 est
293 2376 399 2429 quo
428 2369 654 2431 spectat
685 2363 954 2420 adventus
985 2365 1076 2419 Dei
1105 2366 1171 2419 ad
1208 2366 1475 2422 homines.
1501 2366 1772 2424 Ornemus

190 2448 447 2502 virtutum
494 2449 753 2506 donariis
781 2454 1150 2523 nosmetipsos
1172 2494 1187 2520 ,
1220 2462 1273 2508 et
1306 2454 1586 2512 latitantes
1614 2458 1773 2527 quasi

190 2537 252 2593 de
281 2540 536 2594 latibulis
563 2550 877 2611 serpentes,
909 2558 1109 2612 pravos
1143 2544 1369 2602 affectus
1399 2549 1546 2602 omni
1572 2557 1770 2605 conatu

189 2627 490 2695 eiiciamus.
545 2630 879 2699 Aperiamus
921 2648 1117 2688 manus
1152 2637 1440 2693 conservis
1472 2637 1771 2704 beneﬁcus,

191 2718 274 2784 qui
312 2719 456 2773 bona
510 2733 752 2789 quaeque
796 2735 828 2775 a
860 2720 1091 2777 Domino
1144 2724 1471 2797 recepimus.
1541 2728 1771 2784 Humani

194 2808 519 2879 benignique
549 2815 747 2875 simus,
768 2813 863 2884 qui
898 2814 1284 2884 benignitatem
1312 2819 1521 2887 experti
1557 2836 1770 2876 sumus.

193 2900 264 2954 Ad
296 2904 615 2971 spiritualis
650 2905 1048 2960 incrementum
1080 2909 1441 2964 ascendamus
1470 2913 1669 2976 aetatis,
1703 2913 1774 2969 ob

190 2990 300 3060 ejus
316 2994 723 3059 reverentiam,
751 2996 843 3064 qui
869 2997 1047 3051 aetatis
1072 2996 1407 3067 imperfecta:
1436 3000 1554 3067 fuit,
1586 3011 1646 3056 ut
1672 3018 1771 3059 nos

1878 541 2299 613 primogenitum
2344 556 2361 605 ;
2412 555 2513 593 nec
2559 540 2690 595 illud
2726 557 2741 594 :
2786 541 2955 596 Tuam
2998 546 3166 613 ipsius
3220 546 3456 601 animum

1878 632 2217 703 pertransibit
2242 630 2450 701 gladius
2473 632 2619 697 amo;
2645 633 2740 687 sed
2774 634 2891 688 laeta
2918 635 3233 703 aderamus,
3254 639 3462 694 benefi-

1880 726 1985 791 cia,
2015 724 2236 794 quibus,
2265 730 2325 777 ut
2344 721 2658 777 htercditate
2674 725 2932 794 quadam,
2953 727 3104 783 orbis
3127 736 3287 783 terrae
3326 729 3461 784 ﬁnes

1882 812 2158 878 fruuntur,
2209 820 2560 866 recensentes
2591 812 2850 881 Virginis,
2880 816 3037 885 cujus
3079 819 3278 887 gaudio
3306 820 3462 875 ditati

1879 921 2091 963 sumus.
2126 906 2440 960 Clamemus
2464 904 2531 959 ad
2570 906 2975 960 immaculatam
3034 911 3250 978 penitus
3286 909 3465 980 Virgi-

1880 1013 2001 1053 nem
2038 997 2149 1069 (19)
2184 1010 2320 1052 voce
2370 1011 2481 1050 non
2517 995 2740 1066 indigna
2770 1016 2784 1052 :
2814 997 3222 1067 Magnificamus
3251 1010 3323 1063 te,
3368 1018 3465 1072 per

1879 1105 2041 1159 quam
2102 1090 2168 1156 is,
2220 1091 2317 1161 qui
2355 1104 2443 1145 res
2474 1104 2703 1159 magnas
2741 1088 2924 1156 efiicit,
2972 1106 3195 1147 suorum
3236 1110 3463 1164 operum

1880 1181 2177 1235 maximum
2223 1190 2277 1235 et
2317 1179 2552 1234 maxime
2589 1182 2916 1249 stupendum
2948 1182 3159 1250 peregit
3195 1199 3209 1247 ;
3244 1199 3368 1252 quae
3408 1184 3464 1238 in

1879 1270 2001 1323 sinu
2070 1270 2291 1323 tenuisti
2348 1269 2721 1323 continentem
2806 1270 3012 1335 cmlos,
3070 1272 3231 1340 cujus
3300 1273 3469 1328 ubere

1879 1359 2122 1414 nutritus
2152 1366 2235 1413 est
2262 1357 2354 1428 qui
2383 1358 2640 1413 omnibus
2666 1373 2730 1412 ex
2764 1359 2931 1414 humo
2964 1360 3225 1415 alimenta
3255 1362 3455 1431 produ-

1879 1450 1976 1514 cit,
2023 1464 2144 1517 quac
2194 1450 2335 1503 inter
2370 1449 2626 1503 mulieres
2653 1465 2760 1503 una
2801 1450 3085 1505 benedicta
3114 1466 3193 1517 es,
3224 1462 3277 1507 et
3304 1454 3470 1507 bene-

1879 1546 2175 1600 dictionem
2224 1544 2560 1600 hazreditatis
2607 1545 2729 1599 loco
2777 1545 3017 1601 eﬂ‘udisti
3053 1548 3107 1601 in
3144 1549 3465 1604 universum

1878 1651 2072 1706 genus,
2116 1650 2212 1707 per
2243 1643 2296 1691 te
2330 1650 2361 1691 e
2385 1635 2545 1692 nobis
2581 1636 2687 1691 rite
2719 1636 2935 1691 sublata
2967 1637 3143 1693 invisa
3176 1647 3465 1708 parentum

1879 1724 2229 1780 haareditate.
2288 1723 2603 1795 Enigmata
2665 1733 2717 1780 te
2772 1726 2998 1796 antiqua
3064 1728 3468 1800 praesignabant

1882 1817 2137 1883 Matrem,
2171 1824 2363 1886 partus
2399 1815 2661 1871 felicitate
2704 1817 3063 1887 praecipuam.
3105 1817 3387 1882 Thronus,
3411 1826 3468 1874 et
3565 1880 3571 1886 ,

1881 1903 2141 1976 Forceps,
2162 1914 2215 1961 et
2242 1905 2450 1961 Domus
2479 1907 2654 1977 gloria
2686 1907 2870 1975 plena,
2895 1916 2949 1963 et
2971 1924 3313 1980 quacunque
3336 1910 3463 1964 alia.

1881 1997 2153 2053 Videbant
2196 1998 2416 2068 quidem
2458 2000 2644 2063 oculi,
2696 1999 2917 2055 interim
2982 2010 3163 2056 tamen
3211 2003 3464 2057 umbram

1880 2088 2153 2152 videntes,
2204 2096 2259 2142 te
2304 2087 2598 2143 referentia
2652 2093 2954 2145 cernebant
2988 2093 3275 2163 mysteria.
3309 2094 3464 2148 Nunc

1885 2192 2016 2233 vero
2061 2185 2119 2231 tu
2148 2177 2265 2231 haec
2294 2177 2557 2247 prodiens
2603 2187 2790 2248 aperta
2838 2187 2891 2233 et
2918 2179 3209 2234 manifesta
3260 2180 3464 2245 reddis,

1883 2271 2112 2325 mutatis
2146 2271 2361 2327 umbris
2392 2270 2444 2325 in
2482 2272 2657 2327 lucem
2700 2273 2906 2342 gratiae.
2953 2270 3110 2327 Nunc
3156 2280 3207 2328 te
3256 2273 3466 2343 liquido

1878 2358 2268 2426 Cheruhicum,
2316 2360 2426 2415 imo
2473 2359 2798 2414 nobiliorem
2881 2359 3254 2429 con5pieimus
3314 2360 3465 2418 thro:

1878 2466 2031 2505 num.
2076 2448 2234 2505 Nunc
2265 2460 2316 2506 te
2363 2450 2627 2521 forcipem
2662 2451 3015 2521 agnoscimus
3044 2451 3362 2520 igniferum,
3410 2458 3467 2504 et

1878 2544 2097 2613 plenum
2151 2541 2531 2598 sanctimonia:
2585 2542 2872 2612 templum.
2905 2542 2961 2596 In
3014 2550 3069 2597 te
3104 2542 3248 2598 enim
3303 2544 3464 2613 quasi

1880 2637 2081 2690 throno
2122 2634 2392 2705 requievit
2424 2632 2711 2701 Dominus,
2742 2643 2797 2689 et
2832 2641 3092 2704 tanquam
3139 2635 3348 2705 forcipe
3378 2650 3467 2688 ar-

1882 2741 2069 2798 reptus
2100 2736 2207 2793 est,
2231 2742 2393 2797 quem
2431 2726 2567 2780 nihil
2597 2725 2742 2782 ferre
2776 2734 2954 2797 potest
2984 2744 2999 2792 ;
3026 2735 3082 2782 et
3110 2728 3267 2797 quasi
3303 2727 3466 2782 domo

1884 2826 2148 2888 exceptus
2183 2826 2292 2883 est,
2323 2818 2417 2888 qui
2447 2817 2566 2887 capi
2608 2832 2879 2886 nusquam
2913 2826 3110 2887 potest.
3154 2817 3317 2873 Beata
3343 2833 3468 2874 vere

1881 2924 1940 2964 es
1971 2910 2086 2963 sola
2126 2909 2270 2962 inter
2317 2906 2606 2970 mulieres,
2634 2922 2756 2977 qua:
2791 2921 2892 2962 nos
2918 2908 3083 2961 etiam
3112 2915 3221 2961 tuae
3256 2908 3465 2964 felicis-

1883 3004 2037 3060 sima:
2062 3003 2343 3059 beatitatis
2368 3002 2560 3059 'fecisti
2601 3003 2918 3072 participes.
2964 3003 3095 3065 Sed.
3128 3018 3162 3057 o
3191 3002 3379 3075 Virgo,
3409 3015 3466 3061 et

192 3086 251 3139 ad
316 3094 535 3138 statum
604 3086 906 3154 perfectum
964 3090 1391 3158 perveniremus.
1468 3091 1770 3163 l’urgentur
1798 3115 1840 3174 ο
1873 3095 2064 3160 Mater,
2090 3094 2158 3150 de
2187 3093 2347 3164 cujus
2375 3094 2742 3149 immaculatis
2783 3094 3145 3164 sanguinibus
3179 3095 3470 3152 formatio-

194 3174 307 3244 igne
359 3174 515 3227 labia
562 3182 775 3241 nostra,
827 3174 953 3231 licet
1002 3179 1202 3247 quippe
1246 3187 1300 3234 et
1342 3180 1501 3234 nobis
1533 3197 1763 3252 prunam

193 3268 455 3334 attingere
495 3266 893 3336 purgatricem.
938 3269 1052 3323 lino
1086 3284 1216 3324 vero
1246 3284 1370 3325 cum
1412 3286 1477 3326 eo
1508 3272 1614 3326 frui
1655 3273 1767 3343 jam

196 3358 346 3412 nobis
370 3357 467 3411 Dei
498 3356 769 3411 beneficio
798 3358 1109 3429 contigerit,
1140 3376 1206 3415 ne
1234 3362 1615 3431 purgationem
1640 3378 1775 3419 con-

199 3459 504 3505 temnamus
579 3466 718 3520 quae~
762 3449 888 3504 inde
948 3460 1243 3507 consecuta
1306 3461 1408 3509 est.
1483 3455 1563 3510 Ita
1616 3472 1775 3512 acce-

198 3540 380 3598 dentes
426 3544 556 3615 puri
593 3543 661 3598 ad
701 3558 826 3598 eum
862 3543 953 3613 qui
997 3545 1053 3598 in
1088 3545 1291 3614 templo
1321 3545 1481 3603 hodie
1525 3547 1771 3616 offertur,

198 3647 314 3687 cum
356 3649 574 3689 annosa
618 3642 672 3689 et
712 3644 863 3689 casta
905 3638 1060 3689 Anna
1101 3638 1457 3692 contiteamur
1495 3639 1725 3694 Domino
1753 3679 1769 3706 ,

201 3743 314 3779 cum
355 3727 652 3782 sacerdote
682 3726 894 3781 dierum
922 3728 1086 3796 pleno
1125 3728 1178 3781 in
1211 3728 1374 3783 ulnas
1404 3728 1766 3798 excipiamus.

201 3816 626 3873 Cousalutemus
653 3817 877 3872 Matrem
902 3833 1116 3887 semper
1153 3819 1438 3890 virginem,
1467 3834 1573 3874 non
1598 3834 1661 3875 ea
1686 3835 1772 3875 re-

295 3910 415 3943 ⁸⁸·⁸⁸
446 3910 590 3965 Luc.
628 3926 688 3975 ιι,
722 3910 811 3965 55.

1874 3202 1942 3241 ne
1996 3185 2158 3249 facta,
2202 3194 2459 3255 tanquam
2507 3184 2560 3238 in
2622 3185 2812 3240 codice
2838 3183 3079 3241 Verbum
3120 3185 3366 3255 legimus.
3411 3194 3469 3242 et

1881 3277 2112 3333 rationis
2172 3277 2516 3332 orbationem
2569 3276 2948 3346 deposuimus.
3017 3276 3136 3347 ipsa
3186 3276 3325 3333 Filio
3374 3286 3469 3332 tuo

1881 3368 2153 3424 sermonis
2194 3368 2369 3422 nostri
2398 3382 2601 3421 munus
2625 3365 2824 3421 offerto
2854 3366 2993 3437 (20),
3022 3366 3300 3437 indignum
3336 3367 3467 3421 illud

1881 3476 2035 3526 sane,
2071 3476 2101 3515 a
2133 3475 2218 3516 me
2247 3467 2427 3514 tamen
2454 3459 2796 3515 elaboratum
2835 3459 3140 3514 honorante
3186 3459 3333 3530 quod
3375 3459 3468 3513 ille

1874 3554 2039 3609 hodie
2057 3567 2155 3623 pro
2180 3560 2371 3606 nostra
2396 3552 2575 3606 salute
2606 3550 2801 3621 gessit.
2834 3550 3039 3619 Accipe
3061 3552 3164 3605 hoc
3192 3568 3209 3616 ;
3240 3557 3294 3604 te
3316 3548 3464 3603 enim

1869 3644 2142 3714 adiutrice
2164 3657 2287 3697 mea
2322 3641 2518 3706 fretus,
2562 3640 2781 3709 suscepi
2814 3638 3057 3693 laborem
3096 3656 3111 3705 ;
3158 3654 3280 3708 quae
3310 3653 3397 3693 me
3426 3653 3460 3694 a

1866 3747 2037 3803 puero
2061 3732 2129 3786 ad
2161 3732 2301 3785 hanc
2324 3736 2539 3783 aetatem
2567 3728 2876 3798 protexisti,
2909 3735 2964 3781 et
2990 3737 3051 3781 ut
3093 3742 3310 3797 semper
3339 3742 3467 3798 pro-

1883 3831 2037 3893 tegas
2089 3836 2209 3877 oro.
2263 3819 2339 3874 Ne
2395 3825 2487 3873 tua
2523 3833 2624 3873 nos
2669 3815 3314 3884 dcl‘cnsionedestituas,
3366 3818 3462 3875 sed

1680 3977 1913 4034 NOTIE.

266 4074 377 4145 (18)
411 4073 592 4127 Senex
618 4074 822 4143 quidem
854 4073 1147 4145 decrepitus
1173 4070 1780 4145 et_sacerdo_s.___Sytneo-

200 4142 313 4199 nem
346 4142 653 4197 sanctitate
687 4154 739 4198 et
779 4144 932 4197 senio
973 4142 1364 4203 venerabilem,
1391 4142 1776 4209 quiChristutn

203 4215 498 4267 Dominum
519 4214 575 4266 in
609 4228 706 4266 sua
733 4212 1162 4281 Pratsentatione
1195 4212 1248 4263 in
1281 4216 1482 4279 templo
1531 4213 1778 4281 suscepit

201 4285 251 4338 in
312 4284 480 4337 ulnas
524 4298 679 4343 suas,
732 4283 904 4337 fuisse
967 4280 1330 4341 sacerdotem,
1368 4290 1599 4334 censent
1648 4280 1775 4334 cum

202 4352 372 4423 Leone
415 4364 613 4423 nostro
662 4352 951 4423 Lyrauus,
998 4351 1305 4423 Dionysi_us_
1335 4350 1770 4423 Carthnsianus,

198 4422 511 4490 Caietanus,
545 4418 877 4477 Franciscus
894 4421 1092 4483 Lucas,
1127 4418 1180 4473 et
1210 4418 1432 4473 Toletus
1490 4420 1544 4473 in
1577 4434 1698 4489 cap.
1734 4436 1773 4475 ιι

1888 4074 2252 4146 pensitemus,
2295 4078 2605 4133 invenietur
2653 4088 2803 4133 certe
2845 4076 2910 4131 ad
2949 4090 3163 4131 omnem
3203 4077 3464 4146 temporis

1884 4143 2248 4216 differentiam
2278 4148 2679 4203 extendenclam
2721 4147 2857 4203 fore.
2904 4146 3130 4216 Negatio
3164 4143 3459 4208 enim—illa,

1885 4213 1973 4277 In,
2028 4216 2135 4269 vim
2193 4217 2520 4273 universalis
2579 4218 2780 4283 habet;
2822 4233 2885 4271 ac
2930 4213 3208 4273 si'doceat
3260 4218 3464 4272 nullam

1883 4299 2110 4357 prorsus
2143 4289 2409 4357 maculam
2434 4303 2611 4357 neque
2640 4289 2908 4341 actualem
2934 4286 3460 4357 neque‘originalem

1884 4353 2171 4422 Dciparam
2209 4356 2493 4411 habuisse.
2522 4353 2817 4420 'Secundo,
2850 4353 3076 4424 quia,‘si
3112 4353 3311 4408 femina
3341 4372 3463 4409 cor-

1880 4432 2041 4492 rupta
2101 4425 2290 4494 semel,
2344 4440 2449 4478 non
2502 4432 2684 4494 potest
2732 4426 3086 4494 imposterum
3140 4426 3460 4494 incorrupta

203 4484 378 4556 Lucae,
415 4507 483 4545 ac
504 4492 571 4561 ξ.
605 4492 940 4546 Athanasius
978 4490 1098 4561 Lib.
1121 4490 1188 4544 de
1212 4490 1501 4561 Communi
1533 4484 1773 4561 essentia
1810 4484 1851 4539 D
1882 4484 2224 4561 nuncupari;
2277 4484 2560 4561 quomodo
2620 4492 2720 4548 SS.
2788 4484 2988 4547 femina
3036 4492 3203 4545 Maria
3231 4531 3246 4555 ,
3284 4494 3329 4546 si
3363 4484 3464 4546 ali-

202 4561 395 4626 Patris,
423 4570 479 4617 et
501 4560 624 4615 Filii
649 4604 664 4628 ,
690 4561 747 4616 S.
778 4561 1016 4632 Cyrinus
1035 4631 1039 4632 ν
1061 4559 1595 4632 llierosolymitanus
1619 4557 1773 4632 Or_at.

202 4634 538 4687 deOecursu
586 4626 912 4696 Doinini,'s.
951 4629 1289 4698 Epiphanius
1316 4626 1519 4683 ’Tract.
1566 4630 1635 4685 de
1675 4628 1777 4683 Pa-

203 4704 375 4755 tribus
415 4699 631 4755 Veteris
685 4700 1022 4756 Testamenti
1049 4741 1064 4763 ,
1106 4708 1159 4753 et
1198 4698 1454 4753 Canisius
1494 4699 1588 4753 lib.
1626 4714 1679 4752 iv
1709 4700 1777 4754 de

203 4771 630 4841 Deiparatcap.
687 4771 789 4841 107.
848 4772 1076 4841 ideoque
1127 4776 1187 4821 ut
1226 4770 1568 4841 sacerdotem
1611 4768 1775 4841 bene-

200 4837 412 4910 dixisse
454 4837 640 4894 Mariae
669 4852 721 4895 et
753 4837 999 4910 Ioseph,‘
1024 4837 1159 4892 Luc.
1202 4854 1261 4902 ιι,
1298 4852 1441 4910 vers.
1486 4837 1776 4910 δελ-ω(εεὶ

199 4928 317 4965 eum
338 4909 516 4966 fuisse
534 4910 753 4973 laicum,
769 4907 1260 4971 non'sacerdotem,
1280 4907 1576 4976 opinentur
1592 4907 1773 4963 Theo-

200 4983 509 5052 phylactus.
542 4978 893 5052 Euthymius,
927 4978 1245 5052 Jansenius,
1279 4987 1333 5031 et
1363 4976 1679 5052 Barradius,
1710 4992 1775 5033 ac

201 5048 552 5107 iieuedixisse
586 5048 790 5113 Mariae,
823 5065 930 5104 non
963 5055 1021 5102 ut
1057 5051 1420 5111 sacerdotem,
1457 5048 1550 5101 sed
1596 5057 1655 5101 ut
1688 5062 1775 5102 se-

200 5138 338 5176 nem.
383 5120 524 5175 \‘ide
552 5119 873 5176 Cornelium
919 5135 949 5174 a
995 5118 1197 5188 Lepide
1238 5117 1293 5170 in
1342 5131 1465 5187 cap.
1511 5132 1547 5172 ιι
1590 5116 1773 5183 Lucae,
1820 5134 1829 5143 '

199 5205 335 5245 vers.
367 5191 465 5244 25.

261 5262 379 5333 (19)
420 5260 508 5315 Ad
536 5259 937 5333 immaculatum
962 5259 1169 5333 penitus
1198 5256 1488 5333 Virginem.
1514 5256 1590 5333 Ut_
1611 5266 1774 5322 recte,

200 5328 300 5401 pie,
334 5328 393 5387 et
422 5332 725 5403 prudenter
755 5332 969 5403 beatam
1007 5328 1280 5403 Virginem
1323 5329 1540 5403 penitus
1577 5329 1775 5403 innua-

200 5398 551 5465 culatzfimo
579 5401 948 5454 immaculatae
993 5401 1169 5453 solum
1214 5398 1435 5451 nomine
1481 5398 1774 5464 compella-

200 5480 303 5525 tam
343 5488 473 5528 esse
499 5473 772 5535 dicamus,
810 5470 956 5523 facili
984 5469 1309 5524 deductione
1352 5480 1600 5521 asserere
1641 5468 1773 5520 lice-

203 5540 277 5595 bit
304 5557 426 5597 earn
462 5544 609 5596 omni
636 5555 868 5610 prorsus
896 5539 1103 5606 peccati
1133 5538 1418 5607 originalis
1448 5536 1660 5610 macula
1688 5550 1779 5610 ca-

201 5612 396 5681 ruisse.
458 5604 939 5681 Primo'quideni,
975 5612 1102 5681 quia
1135 5604 1321 5681 (ttt_'in_
1354 5621 1456 5681 suo
1492 5604 1777 5681 Tract._de

203 5679 461 5752 Concept.
493 5697 617 5750 cap.
652 5676 741 5743 i3,
784 5681 960 5752 inquit
994 5676 1233 5752 Lezﬁa'na)
1268 5678 1323 5752 _si
1361 5677 1475 5752 vim
1529 5677 1776 5746 negatio—

206 5752 308 5816 nis,
338 5748 459 5824 qua:
487 5748 586 5823 per
614 5765 822 5807 nomen
856 5748 1205 5804 Immaculata
1234 5748 1595 5818 signiﬁcatur,
1630 5753 1775 5800 recte

1889 4559 2109 4632 quando
2137 4559 2455 4632 originalem
2487 4562 2756 4616 maculam
2792 4561 2985 4617 fuisset
3019 4575 3297 4632 perpessa,
3333 4576 3460 4630 pos-

1889 4640 1972 4685 set
2004 4630 2358 4701 imposterum
2391 4631 2739 4686 immaculata
2767 4632 2995 4686 vocari?
3020 4630 3157 4686 Cum
3184 4646 3315 4701 ergo
3337 4644 3462 4700 pas-

1890 4702 1991 4755 sim
2026 4699 2401 4768 immaculata,
2441 4701 2551 4756 imo
2580 4717 2807 4770 prorsus
2838 4703 3185 4756 immaculata
3220 4699 3264 4752 a'
3289 4699 3460 4754 Putri-

1889 4771 1992 4825 bus
2041 4778 2094 4823 et
2132 4772 2383 4827 conciliis
2429 4773 2753 4840 appelletur,
2800 4774 3016 4840 signum
3075 4778 3160 4825 est
3205 4771 3351 4823 illam
3388 4771 3458 4825 ab

1889 4840 2035 4895 omni
2072 4842 2289 4910 penitus
2307 4841 2571 4910 originali
2605 4842 2819 4895 macula
2861 4840 3030 4895 fuisse
3064 4841 3383 4894 immunem.

1962 4910 2074 4979 (20)
2116 4908 2240 4977 Ipsa
2298 4907 2439 4964 Filio
2473 4921 2560 4965 tuo
2608 4912 2866 4965 sermonis
2914 4926 3106 4963 munus
3137 4910 3345 4977 θίγεν-ιο.
3394 4907 3460 4963 Ει

1889 4977 2141 5034 Οίιὲςιιτθο
2176 4980 2387 5049 Leonis,
2405 4981 2677 5049 exemplo,
2717 4990 2771 5036 et
2796 4979 2897 5034 SS.
2921 4980 3140 5049 Patrum
3178 4980 3457 5043 suasione,

1892 5056 1950 5103 ut
1983 5058 2168 5119 nostra
2200 5051 2313 5105 sint
2366 5048 2477 5104 Deo
2516 5048 2741 5103 munera
2775 5053 3034 5119 gratiora,
3077 5048 3259 5103 Maria:
3307 5049 3459 5117 prius

1890 5118 2164 5189 manibus,
2202 5134 2297 5189 per
2326 5118 2427 5189 has
2455 5119 2563 5173 Deo
2602 5118 2899 5181 offerenda,
2936 5119 3461 5189 consignaredehe-

1890 5202 2032 5242 mus.
2090 5186 2225 5242 Hinc
2271 5188 2327 5242 S.
2380 5188 2687 5242 Bernardus
2731 5189 2785 5242 in
2834 5204 2999 5243 serm.
3053 5186 3120 5241 de
3160 5186 3338 5240 Nativ.
3394 5186 3456 5243 Β.

1890 5256 2037 5326 Virg.
2092 5258 2209 5327 ait:
2260 5257 2530 5310 Modicum
2562 5257 2722 5320 illud,
2767 5257 2905 5327 quod
2946 5258 3134 5326 offerre
3162 5256 3455 5327 desideras,

1887 5326 2205 5396 gratissimis
2233 5328 2365 5388 illis,
2402 5336 2451 5397 et
2486 5329 2629 5380 omni
2656 5326 2952 5394 acceptione
2981 5328 3303 5397 dignissimis
3338 5326 3458 5380 Ma-

1889 5399 1985 5450 ria:
2048 5397 2287 5450 manibus
2336 5396 2660 5464 o/ferendum
2706 5397 2915 5451 tradere
2947 5414 3098 5457 cura,
3146 5399 3193 5452 si
3231 5414 3336 5451 non
3381 5401 3456 5451 vis

1890 5468 2148 5538 sustinere
2200 5469 2488 5538 repulsam.
2537 5466 2826 5538 Consonat
2895 5468 3153 5523 Albertus
3228 5466 3459 5538 Magnus

1891 5551 2054 5591 serm.
2105 5536 2169 5607 in
2208 5534 2487 5607 Dominica
2533 5536 2566 5591 5
2598 5546 2717 5607 post
2764 5535 2983 5593 Pentec.
3027 5538 3095 5592 de
3142 5538 3202 5591 Β.
3236 5534 3459 5607 Virgine

1891 5607 1994 5660 suh
2025 5605 2247 5659 nomine
2292 5602 2566 5661 Naviculae
2598 5602 2663 5660 'in
2717 5607 2861 5661 hunc
2921 5608 3139 5661 modum
3182 5602 3453 5675 loquc'ns:

1892 5675 2095 5730 Bonum
2133 5684 2229 5746 est,
2267 5676 2594 5741 charissimi,
2616 5688 2669 5729 ut
2696 5694 2789 5731 uos
2812 5689 3107 5746 peccatores
3144 5677 3456 5729 munuscula

1892 5758 2098 5811 nostra,
2130 5744 2180 5798 id
2214 5756 2312 5811 est,
2344 5748 2625 5817 orationes,
2662 5744 2950 5818 lacryiuas,
2993 5748 3365 5813 eleemosynas,
3395 5759 3457 5797 ac
