3992 6204
436 290 509 355 53
1661 275 1937 338 LEONIS
1979 276 2048 336 Pl

2152 270 2449 335 .OSOPHI
3624 264 3698 328 64

440 396 597 453 lestia
634 409 699 450 ac
744 393 1032 448 vexatione
1079 390 1364 445 liberasset
1398 406 1411 441 :
1456 386 1533 442 illi
1588 396 1791 450 autem,
1828 386 1921 455 qui
1957 385 2013 441 in
2043 431 2048 441 .

2152 386 2217 455 ἧς
2251 382 2525 455 βοηθείας,
2561 379 2658 433 καὶ
2695 378 2762 448 τῇ
2800 375 2993 447 μακρὰ
3042 374 3454 444 κεκακωμένων
3486 377 3708 449 φρουρᾷ

440 490 656 545 inferno
707 487 869 556 positi
918 490 1123 547 essent,
1175 481 1421 550 ejusdem
1476 478 1833 532 nihilominus
1891 478 2011 545 opis

443 580 768 648 indigerent,
794 575 1164 639 diuturnoque
1189 583 1413 622 carcere
1441 564 1653 629 afflicti,
1684 564 2013 633 Redempto-

446 664 560 726 retn
597 675 1001 737 exspectarent,
1038 666 1217 732 ipsum
1272 659 1483 727 utique,
1535 657 1628 726 qui
1679 670 1777 726 pro
1830 653 2018 709 mundi

446 763 616 815 totius
666 759 841 813 salute
902 771 968 810 ex
1018 751 1270 808 :ethereis
1319 749 1541 803 sedibus
1598 746 1880 811 venisset;
1923 759 2019 800 eos

445 845 727 900 exsolvere
776 843 1025 906 moliens,
1072 839 1164 908 qui
1232 835 1444 890 inferne
1486 835 1652 889 vincti
1682 843 2020 899 tenerentur,

451 949 792 1002 manumque
837 931 1135 986 beneticam
1191 928 1256 981 ad
1298 941 1394 981 eos
1433 940 1653 995 quoque
1681 925 1869 979 volens
1901 939 2025 993 per—

451 1026 679 1095 tingere,
726 1024 815 1093 qui
852 1026 903 1076 in
950 1031 1108 1076 terra:
1140 1018 1339 1074 infimis
1370 1019 1581 1072 sinibus
1626 1023 1871 1087 agerent,
1905 1015 2029 1070 Hie-

450 1117 783 1184 rosolymam
813 1155 828 1179 ,
853 1128 972 1182 qua:
1000 1112 1276 1181 jnstorunt
1304 1110 1545 1164 caedibus
1573 1109 1851 1174 gauderet,
1887 1106 2030 1163 Deus

446 1207 723 1275 justorum
775 1203 952 1265 venit,
995 1211 1107 1255 tum
1166 1208 1342 1255 morte
1392 1214 1513 1263 sua,
1559 1208 1786 1253 mortem
1818 1213 2028 1267 perem-

451 1305 664 1366 pturus,
727 1305 837 1348 tum
884 1292 1031 1363 quod
1087 1294 1273 1355 sciret,
1321 1291 1498 1346 nullos
1546 1290 1682 1345 alios
1711 1290 1812 1359 ipsi
1841 1289 2033 1343 mortis

453 1394 706 1439 auctores
765 1383 899 1447 fore,
956 1390 1149 1451 pra-ter
1179 1398 1273 1436 eos
1307 1396 1444 1450 quos
1477 1380 1760 1449 sanguinis
1801 1379 1934 1447 justi
1970 1393 2034 1434 ac

453 1475 759 1530 innocentis
808 1474 929 1528 sitis
980 1484 1239 1543 perpetua
1297 1471 1553 1537 haberet;
1586 1471 1679 1539 qui
1720 1480 1774 1524 et
1823 1471 2035 1531 oculos.

454 1581 519 1621 ac
550 1574 783 1620 mentem
813 1581 922 1635 pra:
974 1564 1177 1618 invidia
1202 1563 1551 1625 clausissent,
1587 1561 1845 1631 onmique
1870 1561 2038 1629 proba

409 1656 415 1662 ’
457 1674 522 1713 ac
573 1658 709 1728 grati
747 1657 914 1710 animi
946 1654 1231 1711 affectione
1267 1671 1330 1710 ex
1363 1653 1563 1711 stolido
1590 1654 1755 1709 corde
1783 1654 2034 1722 expulsa,

457 1749 763 1803 deteriores
810 1763 1025 1817 semper
1076 1746 1357 1802 beneficiis
1382 1744 1778 1809 redderentur;
1809 1744 2040 1799 divinae-

454 1854 563 1910 que
622 1840 877 1909 congruis
925 1838 1192 1907 majestati
1241 1836 1537 1907 operibus,
1590 1837 1643 1890 in
1701 1834 1793 1888 Dei
1851 1850 2039 1890 necem

2118 478 2211 530 τὸν
2269 472 2642 545 ἐλευθερωτήν
2698 468 3090 540 ἐκδεχομένων,
3130 468 3188 530 ὃς
3238 468 3381 539 ὐπέρ
3434 469 3558 523 ὅλου
3606 469 3705 523 τοῦ

2121 569 2325 636 κόσμου
2359 565 2462 620 τῶν
2519 562 2785 632 οὐρανίων
2844 559 3069 631 ἐλήλυθε
3126 559 3371 631 θρόνων·
3422 559 3521 631 τὴν
3550 559 3711 614 λύσιν

2122 660 2231 714 τῶν
2271 658 2421 712 κάτω
2454 654 2689 725 δεσμίων
2748 650 3297 722 πραγματευόμενος,
3340 653 3435 705 καὶ
3482 651 3711 719 φθάνειν

2133 753 2234 821 τὴν
2262 748 2544 820 εὐεργέτιν
2575 750 2733 817 χεῖρα
2762 746 2866 798 κάν
2916 747 3031 808 τοῖς
3080 744 3165 796 ἐπ’
3197 742 3401 813 ἔσχατα
3434 744 3537 811 γῆς
3590 738 3712 797 οὖσι

2134 838 2588 912 προαιρούμενος,
2606 838 2699 889 ἐπὶ
2732 835 3110 905 Ἰερουσαλὴμ,
3139 834 3173 903 ἢ
3196 836 3317 895 ταῖς
3347 834 3456 885 τῶν
3484 833 3714 887 δικαίων

2133 931 2343 1002 ἐτρύφα
2379 929 2635 997 σφαγαῖς,
2669 928 2697 979 ό
2725 924 2833 978 τῶν
2877 923 3103 977 δικαίων
3153 922 3282 985 Θεὸς
3337 922 3709 992 παραγίνεται

2137 1021 2353 1089 Θανάτῳ
2396 1017 2494 1088 μὲν
2521 1017 2707 1086 οίκείῳ
2731 1015 2821 1068 τὸν
2861 1014 3090 1067 θάνατον
3125 1012 3387 1076 ἐξολέσων
3411 1028 3424 1041 ·
3469 1012 3711 1082 ἐργάτας

2134 1113 2191 1165 δέ
2213 1110 2305 1165 τοῦ
2325 1111 2552 1164 θανάτου
2572 1108 2749 1171 εἰδὼς,
2771 1106 2892 1176 οὐχὶ
2916 1107 3138 1177 ἐτέρους
3160 1106 3193 1175 ἢ
3217 1104 3480 1170 ἐκείνους,
3531 1104 3584 1157 οἳ
3622 1104 3716 1158 ἀεὶ

2137 1203 2335 1271 ἐδίψων
2363 1202 2513 1253 ὁσίου
2566 1196 2835 1267 αἵματος·
2891 1197 2941 1249 οἳ
2986 1197 3080 1249 καὶ
3128 1195 3460 1265 ὀφθαλμοὺς,
3489 1196 3717 1249 καὶδιά-

2137 1310 2287 1347 νοιαν
2314 1291 2493 1361 φθόνῳ
2518 1283 2812 1359 μύσαντες,
2843 1286 2935 1340 καὶ
2964 1289 3145 1341 πᾶσαν
3165 1285 3586 1356 εὐγνωμοσύνην
3609 1285 3711 1356 τῆς

2141 1385 2344 1439 ἀτόπου
2368 1382 2595 1452 καρδίας
2616 1379 2973 1442 κενώσαντες,
3003 1379 3219 1448 χείρους
3242 1378 3330 1431 ἀεὶ⁸
3350 1381 3468 1440 ταῖς
3489 1378 3713 1448 εὐεργεο

2144 1478 2285 1541 σίαις
2314 1475 2580 1543 ἐγίνοντο,
2611 1472 2706 1526 καὶ
2736 1475 2846 1534 τοῖς
2868 1470 3198 1541 θεοπρεπέσι
3226 1469 3335 1522 τῶν
3366 1468 3543 1541 ἔργων
3576 1467 3720 1537 πρὸς

2148 1565 2459 1620 θεοκτονίαν
2494 1563 2797 1635 ἠκονῶντο·
2829 1560 3040 1615 ἐκεῖθεν
3074 1561 3154 1621 είς
3185 1558 3481 1629 θεομαχίαν
3510 1556 3720 1627 προκόο

2151 1673 2397 1719 πτοντες,
2425 1654 2548 1708 ὅθεν
2605 1652 2825 1721 εὐλογον
2867 1653 2945 1715 είς
3001 1650 3333 1720 θεογνωσίαν
3378 1665 3724 1719 χειραγωγη-

2148 1747 2358 1809 θέντας,
2395 1744 2573 1815 ἀκραν
2602 1741 2735 1797 αίδὼ
2799 1743 2895 1796 καὶ
2943 1741 3239 1811 θεραπείαν
3274 1737 3565 1809 φυλάττειν
3608 1737 3723 1791 τῶν

2152 1838 2469 1909 παραδόξων
2503 1836 2681 1908 ἔργων
2718 1834 2795 1903 τῷ
2830 1837 3053 1905 ποιητῇ.

457 1939 827 1995 acuerentur;
867 1932 919 1985 in
952 1929 1045 1984 Dei
1077 1930 1201 1986 inde
1232 1930 1455 1995 bellum,
1487 1938 1651 1999 atque
1681 1928 1863 1983 odimn
1906 1943 2317 1998 promoventes,
2365 1931 2510 1986 unde
2558 1946 2655 2002 par
2705 1936 2848 1992 erat,
2902 1936 2962 1981 ut
3034 1928 3183 1984 velut
3253 1944 3416 1982 manu
3486 1929 3541 1983 in
3619 1925 3720 1983 Dei

458 2023 821 2093 cognitionem
860 2022 1032 2083 ducti.
1058 2037 1270 2076 summa
1318 2021 1621 2077 reverentia
1647 2034 1711 2074 ac
1755 2021 2099 2076 veneratione
2130 2024 2209 2078 sic
2240 2024 2567 2079 mirabilium
2607 2036 2833 2094 operum
2864 2019 3176 2075 effectorem
3235 2031 3719 2090 prosequerentur.

529 2115 607 2166 Ac
666 2113 795 2167 olim
832 2113 1049 2182 quidem
1116 2113 1208 2166 irae
1262 2112 1505 2167 fomitem
1572 2110 2033 2167 subministrabat

2206 2116 2314 2168 Καὶ
2345 2116 2512 2170 πάλαι
2545 2114 2644 2185 μὲν
2679 2110 2745 2185 ἦν
2773 2114 2955 2176 αὐτοῖς
2974 2107 3145 2181 όργῆς
3166 2112 3456 2181 πρόφασις,
3476 2112 3600 2183 ἄρτι
3630 2110 3719 2182 χοῖ

470 2203 634 2257 homo
684 2202 795 2269 ille,
830 2204 921 2273 qui
957 2204 1070 2256 luto
1100 2203 1326 2267 oblitus,
1358 2217 1421 2257 ac
1458 2212 1620 2272 sputo
1652 2203 1830 2256 visum
1884 2217 2045 2257 recu-

459 2305 743 2365 peraverat
792 2294 862 2361 “,
896 2312 1006 2365 quo
1058 2296 1303 2363 privatus
1332 2309 1397 2347 ex
1449 2304 1604 2348 utero
1637 2303 1884 2349 materno
1916 2310 2044 2362 pro-

469 2396 717 2441 cesserat
773 2404 787 2439 :
842 2386 1081 2453 itemque
1145 2385 1254 2449 ille,
1308 2384 1466 2453 cujus
1521 2384 1685 2453 lepra:
1732 2398 2046 2453 squamulas

462 2478 630 2531 verbo
680 2475 1010 2530 absterserat
1061 2472 1141 2540 “;
1178 2488 1388 2527 necnon
1444 2474 1567 2538 ille,
1608 2489 1637 2526 a
1686 2474 1845 2542 cujus
1884 2489 2044 2527 manu

465 2575 725 2635 tanquam
770 2580 935 2635 grave
967 2580 1107 2618 onus
1136 2564 1367 2620 ariditas
1398 2564 1624 2633 depulsa
1663 2564 1841 2621 fuerat
1894 2566 1965 2630 “,
1994 2576 2049 2619 et

466 2655 521 2710 id
561 2670 732 2725 genus
775 2654 913 2721 alia;
945 2664 999 2707 at
1034 2670 1177 2709 nunc
1218 2655 1417 2710 furoris
1464 2653 1681 2709 flamma
1726 2671 1920 2712 rursus
1949 2670 2047 2710 ex-

467 2746 791 2810 suscitatur,
846 2753 1140 2815 postquam
1197 2745 1361 2799 homo
1404 2753 1683 2812 mortuus,
1740 2748 1860 2816 ejus
1907 2763 2045 2817 pra:-

466 2848 627 2905 cepto
654 2836 804 2889 visus
836 2844 923 2889 est
954 2836 1153 2888 intenti
1181 2850 1247 2889 ac
1279 2836 1477 2890 mortis
1508 2836 1782 2904 sprevisse
1810 2836 1954 2903 jura,
1983 2852 2048 2890 ac

470 2942 594 2981 cum
626 2926 758 2993 ipsis
794 2925 995 2979 institis
1015 2940 1082 2977 ex
1120 2925 1372 2993 sepulcro
1412 2925 1606 2978 resiliit
1652 2926 1733 2977 δτι
1760 2934 2045 2994 postquam

472 3018 600 3072 item
651 3015 940 3070 infantium
993 3015 1176 3087 lingua
1205 3016 1276 3069 ob
1311 3018 1490 3071 aetatis
1520 3016 1739 3085 quidem
1774 3016 2045 3072 defectum

471 3106 784 3161 balbutiens
836 3106 906 3169 ‘°,
978 3104 1189 3175 Spiritu
1258 3118 1439 3168 autem
1501 3107 1729 3171 diserta,
1786 3107 2046 3163 victorem

473 3197 671 3251 mortis
702 3196 1026 3267 tlteOIOgicis
1060 3197 1373 3251 decantavit
1408 3198 1678 3252 vocibus:
1713 3212 1836 3267 quae
1864 3206 2048 3253 autem

476 3287 693 3357 impuro
745 3302 839 3341 ore
895 3302 1110 3357 seraper
1164 3288 1459 3342 volvebant
1515 3289 1757 3352 oracula,
1818 3303 1881 3343 ea
1935 3288 2048 3357 jam

474 3376 727 3430 videntes
777 3377 899 3446 ipso
944 3377 1213 3447 completa
1259 3392 1443 3447 opere,
1493 3377 1675 3433 videre
1709 3376 2046 3444 noluerunt;

476 3463 627 3516 velut
658 3464 845 3533 utique
878 3463 945 3517 ad
1002 3465 1282 3520 meliorem
1312 3474 1548 3520 mentem
1586 3466 1765 3521 redire
1790 3468 2045 3522 reveriti:
2078 3453 2121 3510 ο

478 3569 543 3610 ac
579 3556 729 3609 velut
778 3555 845 3610 ad
888 3571 1129 3611 antorem
1171 3572 1236 3611 ac
1284 3557 1687 3612 observantiam
1737 3558 2055 3615 benefacto-

477 3649 556 3702 ris
582 3646 821 3718 regredi,
852 3663 915 3703 ex
952 3648 1019 3704 its
1046 3664 1166 3717 quae
1196 3648 1389 3703 fierent
1420 3647 1562 3703 haud
1598 3651 1843 3721 proclive
1868 3660 2052 3715 esset;

479 3753 649 3793 necve
688 3749 748 3793 ut
780 3740 853 3793 ita
885 3739 1242 3804 insanientes,
1270 3743 1552 3808 praesentis
1589 3740 1818 3795 remedii
1849 3756 1913 3795 ac
1949 3755 2052 3796 cu-

481 3828 713 3883 rationis
758 3828 961 3883 donum
1012 3831 1355 3899 perciperent
1386 3850 1399 3884 :
1432 3831 1527 3885 sed
1559 3847 1683 3885 eum
1720 3847 1749 3884 a
1778 3833 2054 3902 principio

483 3918 540 3973 in
591 3934 760 3971 unum
805 3919 956 3972 illum
997 3920 1154 3975 finem
1197 3936 1298 3975 sua
1328 3924 1510 3975 omnia
1548 3923 1781 3976 consilia
1825 3938 2056 3978 conver-

484 4012 707 4073 tissent,
742 4020 802 4065 ut
837 4013 885 4066 ei
918 4028 1103 4067 necem
1146 4014 1430 4076 inferrent,
1468 4016 1562 4084 qui
1598 4016 1841 4083 ipsorum
1872 4017 2059 4071 deme-

484 4111 702 4158 reretur
755 4112 1004 4173 gentem;
1057 4121 1167 4158 non
1224 4107 1376 4174 prius
1426 4106 1757 4160 destiterunt
1786 4122 1951 4175 quam
1990 4106 2056 4160 ad

486 4194 809 4265 sanguinem
840 4196 1251 4265 prophetarum,
1296 4195 1455 4264 cujus
1488 4196 1598 4265 jam
1633 4198 1707 4250 rei
1744 4206 1924 4263 erant,
1958 4212 2062 4252 ca:-

487 4284 609 4338 dem
656 4300 874 4354 quoque
923 4283 1137 4338 Domini
1172 4285 1472 4355 atljicerent
1511 4304 1524 4340 :
1567 4287 1693 4341 inde
1729 4286 2060 4359 indignatio-

486 4380 578 4432 nis
627 4378 924 4432 occasione
955 4388 1192 4448 sumpta.
1246 4379 1389 4433 unde
1422 4379 1524 4434 etsi
1570 4394 1677 4433 non
1710 4380 1973 4442 volentes,
2006 4389 2061 4434 at

486 4482 634 4529 certe
659 4475 926 4537 nolentes,
953 4474 1345 4543 impudentiam
1373 4489 1527 4530 suam
1556 4474 1899 4529 verecundiae
1923 4491 2061 4545 prae-

488 4572 641 4619 textu
689 4573 901 4618 mutare
946 4571 1219 4633 poterant.
1269 4564 1539 4619 Caeterum
1597 4563 1802 4618 invidia
1856 4564 2059 4619 nullam

488 4655 730 4710 admittit
759 4656 1207 4717 admonitionem,
1241 4670 1305 4709 ac
1337 4656 1481 4725 quod
1514 4657 1808 4727 proverbio
1837 4656 2060 4723 dicitur,

490 4749 718 4802 auribus
778 4754 929 4802 caret
987 4765 1002 4802 :
1056 4761 1389 4816 omnemque
1462 4747 1713 4802 medendi
1766 4748 2059 4813 rationem,

489 4838 757 4907 aegritudo
789 4836 1065 4907 ejusmodi
1117 4847 1388 4906 superat:
1442 4851 1550 4906 qua
1601 4839 1898 4892 etiamnum
1955 4836 2064 4894 He-

493 4929 763 4983 braeorum
839 4929 1119 4999 principes
1188 4928 1665 4983 irremediahiliter
1732 4930 2063 4995 laborantes,

492 5018 714 5073 interim
742 5017 976 5075 infantes
998 5020 1202 5075 diserta
1233 5018 1417 5088 lingua
1448 5032 1511 5071 ac
1551 5018 1861 5089 rectiloqua
1898 5019 2065 5074 Deum

493 5108 884 5178 depraedicant,
932 5108 1036 5177 ipsi
1088 5109 1373 5162 maledicta
1436 5108 1616 5177 lingua
1650 5100 2069 5163 conviciantur:

494 5211 560 5251 ac
607 5196 849 5252 infantes
903 5199 1123 5266 quidem
1172 5198 1324 5253 nullo
1375 5198 1600 5253 doctore
1652 5197 1852 5267 Regem
1902 5215 2071 5271 agno-

494 5295 679 5351 scunt,
728 5303 792 5341 ac
841 5287 1072 5366 honore.
1104 5298 1545 5359 prosequuntur;
1580 5291 1825 5345 seniores
1859 5300 2064 5350 autem.

495 5375 703 5445 quique
757 5376 1091 5431 meditandis
1133 5380 1521 5449 prophetarum
1568 5379 1811 5435 oraculis
1858 5388 2068 5436 aetatem

498 5476 667 5522 tutam
704 5468 1150 5538 insumpsissent,
1184 5474 1432 5528 eumdem
1465 5472 1741 5543 ignorant,
1775 5487 1838 5527 ac
1877 5472 2072 5529 salutis

500 5561 710 5619 aurlori
751 5562 1029 5616 interitum
1063 5572 1283 5618 struunt
1313 5583 1325 5618 :
1360 5565 1517 5634 quasi
1564 5580 1630 5619 eo
1676 5565 1910 5620 consilio
1936 5564 2073 5619 divi-

569 5678 612 5712 “
651 5676 808 5735 Joan.
845 5682 1007 5747 xx,l.
1086 5681 1129 5710 "‘
1160 5681 1292 5734 Luc.
1333 5697 1388 5746 ν,
1424 5681 1507 5733 12.

2147 2209 2240 2260 καὶ
2291 2207 2567 2276 πτύσματι
2608 2204 2903 2275 λαμϐάνων
2948 2201 3010 2255 τὸ
3065 2201 3283 2272 βλέπειν
3324 2202 3627 2272 ἄνθρωπος,
3662 2196 3728 2256 οὗ

2148 2299 2319 2366 πένης
2367 2296 2472 2352 τῶν
2515 2296 2798 2369 μητρικῶν
2845 2294 3107 2364 θαλάμων
3164 2295 3245 2357 είς
3283 2292 3395 2363 βίον
3439 2293 3747 2364 παρῆλθε’.

2148 2391 2244 2445 καὶ
2274 2390 2525 2462 σώματος
2576 2388 2889 2458 λεπρῶντος
2944 2387 3154 2457 φολίδες
3203 2384 3565 2453 ἀποξεόμεναι
3627 2386 3732 2456 ρή-

2152 2496 2315 2548 ματι·
2357 2481 2451 2532 καὶ
2498 2479 2619 2549 χεὶρ
2657 2477 2732 2541 ὼς
2785 2476 2922 2548 βαρὺ
2959 2474 3179 2547 φορτίον
3226 2474 3592 2545 ἀποτιθεμένη
3627 2474 3733 2545 τὴν

2149 2568 2371 2641 ἀργίαν,
2408 2570 2502 2623 καὶ
2530 2567 2599 2622 τά
2626 2569 2789 2621 λοιπά
2810 2584 2823 2598 ·
2859 2567 2979 2619 νυνὶ
3012 2566 3091 2629 δέ,
3144 2565 3339 2628 ἀναζεί
3359 2566 3420 2617 τὸ
3463 2565 3571 2633 πϋρ
3622 2563 3731 2633 τῆς

2151 2663 2351 2733 μανίας
2373 2661 2579 2724 αὐτοῖς,
2623 2654 2857 2728 ἐπείπερ
2888 2658 3064 2727 ἐφάνη
3105 2656 3396 2726 προστάξει
3451 2672 3734 2727 καταφρο-

2148 2760 2319 2828 νήσας
2372 2752 2500 2827 ᾇδου
2553 2755 2648 2807 καὶ
2677 2752 2882 2821 φθορᾶς
2932 2750 3219 2817 ἄνθρωπος
3247 2750 3462 2819 νεκρὸς,
3494 2749 3589 2803 καὶ
3614 2766 3734 2801 κει-

2153 2847 2321 2916 ρίαις
2348 2847 2539 2909 αὐταῖς
2592 2844 2947 2912 ἀναπηδήσας
3004 2840 3099 2894 τοῦ
3138 2842 3455 2911 μνήματος·
3509 2840 3603 2892 καὶ
3645 2841 3735 2893 ὅτι.

2154 2938 2364 2992 παίδων
2392 2937 2637 3005 γλῶσσα,
2677 2934 2755 3003 τῷ
2799 2932 2896 3003 μὲν
2947 2933 3130 2986 ἀτελεῖ
3170 2933 3267 3001 τῆς
3298 2931 3513 3002 ἡλικίας
3539 2930 3729 2999 ψελλί-

2150 3026 2342 3092 ζουσα,
2391 3024 2663 3093 πνεύματι
2702 3021 2757 3075 δὲ
2813 3021 3177 3090 τρανουμένη,
3212 3019 3483 3083 θεολόγοις
3525 3024 3737 3088 φωναῖς

2151 3116 2463 3185 ἐπευφήμει
2486 3114 2577 3167 τὸν
2593 3112 2820 3184 νικητὴν
2840 3112 2933 3166 τοῦ
2962 3112 3215 3166 θανάτου·
3241 3114 3335 3166 καὶ
3350 3112 3443 3175 οὒς
3468 3112 3738 3179 διηνεκῶς

2150 3209 2422 3279 ἐμελέτων
2437 3206 2719 3277 χρησμοὺς
2743 3205 2975 3275 στόμασι
3000 3207 3233 3275 μιαροῖς,
3260 3204 3481 3268 τούτους
3508 3206 3599 3257 ἐπὶ
3622 3203 3737 3257 τῶν

2151 3302 2330 3371 ἔργων
2378 3298 2748 3369 ἐκϐεϐηκότας
2808 3297 3067 3366 ὁρῶντες,
3117 3298 3250 3367 όρᾷν
3277 3297 3376 3349 οὐκ
3426 3296 3737 3360 ἐϐούλοντο,

2154 3391 2341 3460 ὥσπερ
2374 3387 2699 3461 φοϐούμενοι
2731 3391 3056 3459 σωφρονεῖν·
3102 3389 3221 3441 οὐδὲ
3269 3388 3403 3459 προς
3447 3387 3739 3442 εὐλάϐειαν

2157 3482 2491 3551 καταστῆναι
2536 3479 2633 3533 τοῦ
2685 3478 3001 3549 εὐεργέτου,
3037 3479 3221 3550 ῥᾳδίου
3272 3479 3365 3532 τοῦ
3403 3479 3736 3549 πράγματος

2156 3577 2221 3626 ἐκ
2254 3570 2362 3626 τῶν
2388 3572 2691 3641 γινομένων
2743 3571 2895 3633 ὄντος
2916 3587 2929 3600 ·
2966 3570 3073 3622 οὐδ’
3126 3572 3240 3640 ἅμα
3270 3571 3370 3640 τῆς
3422 3569 3741 3640 παροινίας,

2156 3664 2441 3734 παρούσης
2466 3663 2569 3731 τῆς
2591 3662 2889 3732 θεραπείας
2914 3660 3099 3715 λαϐεῖν
3117 3676 3132 3691 ·
3164 3661 3279 3713 ἀλλ’
3309 3662 3562 3733 ἀπαρχῆς
3597 3664 3745 3731 πρὸς

2158 3756 2216 3809 ἒν
2256 3756 2416 3826 μόνον
2465 3754 2811 3825 ὡρμηκότες,
2847 3754 2937 3806 τὸν
2991 3754 3151 3822 φόνον
3183 3752 3277 3806 τοῦ
3325 3753 3479 3819 γένος
3512 3753 3748 3822 εὐεργε-

2156 3845 2398 3908 τοῦντος,
2452 3846 2513 3897 οὐ
2552 3846 2682 3913 πρὶν
2733 3843 2962 3912 ἀνῆκαν,
3002 3843 3196 3914 μέχρις
3245 3837 3306 3896 οὗ
3339 3845 3422 3911 ἐφ’
3461 3841 3541 3905 οἷς
3595 3838 3749 3914 ἦσαν

2159 3937 2335 4004 ἔνοχοι.
2369 3936 2733 4005 προφητικοῖς
2769 3934 2989 4003 αἵμασι,
3034 3932 3125 3985 τοῦ
3174 3933 3442 3986 Δεσπότου
3471 3932 3751 4002 προσὲθη-

2161 4044 2264 4080 καν
2283 4026 2381 4096 τὴν
2418 4028 2634 4095 σφαγήν
2660 4040 2674 4054 ·
2712 4027 2829 4077 ἐκεῖ
2881 4024 3319 4093 χαλεπαίνοντες,
3351 4023 3411 4087 ἐξ
3462 4018 3523 4077 οὐ
3552 4018 3639 4094 ἦν,
3692 4025 3749 4076 εί

2161 4120 2254 4172 καὶ
2288 4121 2361 4187 μὴ
2394 4103 2639 4181 ἑκόντας,
2677 4117 2792 4169 ἀλλ’
2840 4118 3070 4178 ἄκοντας
3097 4114 3229 4183 γοῦν
3270 4115 3452 4178 αἰδοῦς
3484 4114 3753 4185 χρώματι

2165 4210 2490 4279 μεταϐαλεῖν
2521 4208 2618 4278 τὴν
2640 4208 2938 4261 ἀναίδειαν.
2975 4207 3115 4259 Ἀλλ’
3134 4207 3506 4274 ἀνουθέτητος,
3532 4208 3625 4259 καὶ
3639 4208 3753 4260 οὐκ

2162 4301 2297 4370 ἔχων
2322 4293 2468 4361 ὦτα,
2510 4299 2667 4351 τοῦτο
2705 4298 2769 4368 δὴ
2832 4300 2892 4350 τὸ
2940 4297 3036 4350 τοῦ
3070 4297 3231 4365 λόγου
3257 4336 3270 4359 ,
3302 4300 3329 4349 ὁ
3373 4297 3585 4365 φθόνος,
3643 4300 3752 4351 καὶ

2164 4390 2454 4459 φαρμάκου
2494 4388 2814 4458 βοηθοῦντος
2838 4389 3078 4458 ἀμείνων
3111 4392 3140 4455 ὴ
3172 4385 3383 4439 ἐκείνου
3420 4386 3707 4457 ἀρρωστία
3732 4403 3748 4416 ·

2161 4472 2205 4545 ᾧ
2245 4478 2337 4529 καὶ
2367 4478 2462 4530 νῦν
2496 4478 2738 4549 Ἑϐραῖοι
2766 4479 3069 4546 κάμνοντες
3104 4478 3472 4547 ἀθεράπευτα,
3528 4476 3753 4547 νηπίων

2163 4564 2540 4636 εὐθυρῤήμονιξ
2589 4565 2811 4637 γλώσσῃ
2869 4564 3264 4633 θεολογούντων
3302 4607 3317 4630 ,
3371 4566 3527 4619 αὐτοὶ
3573 4566 3756 4619 λοιδο-

2166 4656 2387 4727 ροῦνται
2417 4657 2687 4727 δυσφήμῳ
2712 4656 2963 4725 γλώσσῃ·
2998 4658 3091 4708 καὶ
3122 4656 3298 4726 βρέφη
3342 4659 3439 4726 μὲν
3482 4656 3755 4711 ἀδίδακτά

2166 4747 2424 4817 γνωρίζει
2485 4748 2577 4799 τὸν
2631 4746 2878 4817 βασιλέα,
2922 4748 3015 4800 καὶ
3042 4749 3208 4817 τιμᾷ·
3254 4747 3617 4818 πρεσϐύτεροι
3666 4749 3753 4815 δὲ,

2167 4845 2233 4911 τῇ
2264 4841 2464 4912 μελέτῃ
2500 4842 2607 4893 τῶν
2638 4840 2992 4912 προφητικῶν
3022 4841 3287 4911 χρησμῶν
3331 4842 3741 4911 γεγηρακότες,

2166 4931 2460 4998 ἀγνοοῦσι,
2510 4932 2604 4984 καὶ
2646 4932 2787 4985 κατὰ
2841 4930 2936 4985 τοῦ
2986 4931 3597 4995 σώζοντοςτμελετῶσιν
3635 4934 3756 4985 ἀπ-

2166 5020 2381 5074 ώλειαν·
2415 5022 2601 5092 ῶσπερ
2626 5024 2718 5075 ἐπὶ
2747 5021 2906 5076 τοῦτο
2941 5024 3324 5093 μεμαθηκότες
3348 5025 3415 5077 τά
3436 5024 3613 5089 λόγια,
3647 5026 3759 5096 οὐχ

2170 5112 2256 5165 ἵνα
2291 5112 2555 5179 ἐπιγνῶσι
2624 5114 3046 5184 παραγεγονότα
3086 5115 3185 5168 τὸν
3232 5116 3756 5187 προφητευόμενον·

2172 5202 2285 5253 ἀλλ’
2323 5202 2410 5254 ἵνα
2460 5205 2832 5273 φονικωτέραν
2876 5202 2990 5268 ἕξιν
3032 5204 3311 5271 λαϐόντες,
3344 5207 3590 5277 ὀξύτεροι
3617 5208 3757 5277 δρα-

2179 5296 2299 5363 μεῖν
2350 5288 2451 5346 ῶσι
2497 5295 2633 5365 πρὸς
2686 5297 2785 5365 τὴν
2838 5296 3168 5368 ἐπιϐουλήν·
3231 5299 3453 5367 Ὄντως
3516 5304 3758 5370 ταχινὸί

2171 5383 2352 5449 πόδες
2387 5384 2509 5449 τοῖς
2538 5386 2907 5455 παρανόμοις
2932 5392 3021 5454 είς
3044 5389 3110 5442 τὸ
3134 5387 3277 5459 αἷμα
3301 5392 3368 5445 ἐκ
3377 5392 3558 5458 χέειν,
3587 5396 3761 5461 ἀργοὶ

2169 5475 2225 5527 δὲ
2257 5476 2346 5527 καὶ
2368 5475 2529 5543 χωλοὶ
2558 5475 2795 5545 βαδίζειν
2824 5480 2961 5531 κατά
3010 5482 3236 5551 γνώμην
3282 5483 3377 5535 τοῦ
3417 5483 3753 5553 κρείττονος.

2172 5562 2240 5617 Ὦ
2268 5569 2331 5619 σὺ
2356 5572 2449 5620 καὶ
2486 5568 2820 5638 ὀφθαλμοὺς,
2849 5570 2941 5622 καὶ
2970 5570 3232 5642 λογισμὸν
3272 5575 3575 5645 ἀφῃρηκὼς
3625 5577 3764 5630 ἐαυ-

1588 5683 1632 5713 *⁸
1660 5683 1792 5738 Luc.
1822 5699 1894 5749 Vl,
1926 5684 1978 5738 7.
2053 5684 2093 5715 "
2134 5682 2290 5738 Joan.
2336 5700 2393 5748 ιι,
2418 5684 2503 5737 44.
2584 5685 2627 5716 “‘
2666 5687 2832 5741 Matth
2886 5707 2945 5755 ιι,
2996 5693 3078 5746 Ιϋ.
