4070 6210
273 307 346 374 6.3
1184 316 1466 378 ORATIO
1498 316 1628 381 VII.
1668 345 1738 355 -—
1776 316 1859 379 IN
1899 314 2200 381 FESTUM
2231 313 2678 381 PALMARUM.
3481 309 3552 373 Bb

270 418 386 481 τὸν,
422 414 480 469 τί
509 415 577 470 τὰ
608 418 809 488 σημεῖα
838 418 1239 491 παρατρέχεις;
1268 425 1363 477 καὶ
1391 425 1460 479 τὰ
1508 426 1689 480 λοιπά.
1746 429 1861 499 Οὐχ

1988 445 2086 483 nas
2124 427 2358 483 Litteras
2415 427 2763 490 didicissent,
2811 436 2917 478 non
2965 430 3025 477 ut
3062 435 3210 483 eum,
3252 435 3413 490 quem
3445 420 3553 475 illa:

270 508 625 579 θηλαζόντων
656 509 963 578 στομάτων,
1002 511 1161 565 τοῦτο
1219 514 1284 584 δὴ
1320 516 1381 568 τὸ
1407 518 1574 571 πάλαι
1601 536 1866 592 προειρη-

271 598 441 668 μένον
476 598 557 669 τῷ
586 599 809 652 Βασιλεῖ
836 601 933 654 καὶ⁵
957 602 1240 675 Προφήτῃ,
1277 607 1407 677 ὁρᾷς
1441 608 1532 661 τὸν
1562 607 1711 662 αἶνον
1727 627 1862 664 κατ-

266 692 639 763 αρτιζόμενον
666 709 681 758 ;
713 693 813 764 οὐχ
850 693 888 747 ἃ
918 695 1089 748 πάλαι
1127 697 1346 768 ᾄδοντος
1379 701 1589 754 ἐκείνου
1615 704 1674 755 ὲν
1698 702 1866 757 Πνεύ-

268 803 429 856 ματι,
464 784 777 856 ἐδιδάχθης,
811 786 889 851 ὡς
918 782 1059 841 εἷναί
1101 806 1184 842 σοι
1223 790 1476 861 καθάπερ
1521 793 1664 845 τισὶν
1704 794 1864 865 ἐνδη-

259 878 518 942 λοτάτοις
538 879 790 950 σημείοις
808 884 1065 952 γνωριεῖν
1086 884 1388 939 ἐπιστάντα
1406 885 1659 953 Βασιλέα,
1691 889 1864 942 ταῦτα

260 972 420 1043 ἔχεις
451 971 549 1025 καὶ
577 972 714 1025 ὠσὶν
758 974 1027 1040 ἀκουστὰ,
1086 978 1182 1029 καὶ
1240 979 1354 1039 τοῖς
1390 979 1502 1040 σοῖς
1539 978 1637 1048 οὐχ
1665 979 1866 1050 ὁρῶσιν

259 1066 576 1135 ὀφθαλμοῖς
629 1065 1013 1137 θεωρούμενας
1046 1068 1122 1139 μὴ
1178 1068 1274 1121 καὶ
1324 1069 1496 1123 ταῦτα
1537 1072 1673 1142 πρὸς
1706 1074 1865 1144 χάριν

260 1161 505 1228 γίνεται.
538 1157 571 1228 ἢ
624 1157 956 1228 πλανώμενα
992 1159 1063 1213 τὰ
1103 1162 1276 1230 νήπια
1325 1163 1596 1233 προσάγει
1626 1163 1726 1235 τὴν
1777 1166 1867 1218 εὐ-

263 1252 481 1321 φημίαν
505 1268 522 1317 ;
550 1250 667 1303 ἀλλ’
698 1250 814 1304 οὐθ’
843 1254 871 1304 ὁ
899 1246 1047 1315 αἶνος
1078 1247 1190 1317 οἷος
1220 1257 1283 1307 ἐκ
1316 1255 1696 1326 πλανωμένης,
1739 1273 1866 1326 γεν-

262 1344 463 1397 νᾶσθαι
498 1344 701 1413 φρενός
725 1357 739 1370 ·
772 1342 888 1396 οὐθ’
915 1346 947 1412 ή
979 1344 1163 1415 ήλικία
1212 1345 1347 1415 πρὸς
1384 1328 1544 1418 χάριν
1594 1350 1861 1419 πράττειν

264 1435 580 1506 ἐπιτηδεία.
612 1436 783 1490 Ὅθεν
809 1434 903 1491 οὖν
934 1439 1046 1510 ᾄδει
1079 1441 1273 1509 σοφίας
1293 1440 1518 1512 ᾄσματα
1567 1443 1720 1513 χείλη
1764 1442 1862 1514 θη-

266 1530 525 1594 λάζοντα,
556 1532 607 1583 εἰ
667 1532 743 1599 μὴ
796 1530 893 1583 τοῦ
926 1531 1244 1602 Πνεύματος
1275 1534 1534 1606 κινούσης
1578 1536 1678 1606 τῆς
1734 1538 1859 1590 ὲπι-

272 1623 457 1685 πνοίας
489 1623 562 1675 τὰ
589 1623 694 1692 τῆς
719 1624 820 1692 σῆς
851 1623 1116 1694 πονηρίας
1137 1625 1420 1692 ἁμέθεκτα
1436 1627 1640 1697 νήπια;

1984 520 2381 592 prmdicebant,
2415 529 2738 590 prresentem
2767 515 2878 585 jam
2930 519 3312 586 agnoscerent,
3365 511 3459 567 sed
3493 523 3554 565 nt

1975 618 2157 669 animo
2190 616 2244 667 in
2275 613 2477 667 cmdem
2514 611 2687 681 magis
2730 608 2980 668 incenso,
3006 606 3248 661 velocius
3301 604 3369 659 ad
3412 604 3551 657 insi-

1972 706 2092 759 dias
2143 702 2444 759 tendendas
2488 707 2866 770 properarent.
2922 695 3063 752 Vere
3137 695 3336 749 veloces
3397 693 3553 763 pedes

1971 797 2169 864 iniquis
2222 794 2291 849 ad
2339 792 2711 863 effundendum
2742 792 3052 861 sanguinem
3082 788 3202 855 ‘3‘;
3236 786 3376 841 lardi
3426 801 3555 841 vero

1973 905 2037 945 ac
2085 887 2288 952 claudi,
2336 897 2395 940 ut
2448 900 2507 941 se
2537 899 2601 939 eo
2631 883 2936 944 conferant,
2978 895 3089 950 quo
3121 890 3279 934 mens
3314 891 3378 931 ac
3411 878 3555 929 ratio

1974 981 2165 1035 tnelior
2201 979 2415 1035 suadet.
2453 976 2498 1033 0
2535 986 2587 1031 te
2636 977 2917 1038 miserum,
2964 972 3057 1042 qui
3094 970 3284 1023 oculos
3329 967 3426 1021 tibi
3490 980 3555 1018 ac

1972 1074 2238 1128 rationem
2292 1072 2408 1142 ipse
2449 1069 2723 1133 ademisli,
2768 1079 2868 1120 cur
2921 1066 3077 1134 signa
3127 1062 3345 1129 aliaque
3379 1058 3555 1112 admi-

1972 1166 2143 1220 randa
2182 1166 2375 1220 leviter
2403 1163 2540 1217 adeo
2576 1158 2864 1231 praeteris?
2892 1156 3085 1210 Nonne
3127 1167 3195 1208 ex
3233 1149 3568 1204 lactentium‘
3659 1208 3673 1223 θ

1970 1276 2086 1325 ore,
2112 1259 2257 1331 quod
2296 1258 2424 1312 olim
2471 1255 2603 1325 Regi
2656 1261 2819 1321 atque
2863 1249 3150 1319 PI‘Ophela‘.
3192 1244 3305 1316 (23)
3357 1241 3557 1313 ιιι-πάι-

1968 1364 2113 1408 ctum
2151 1364 2320 1417 esset,
2356 1351 2567 1404 laudem
2594 1346 2782 1418 perlici
2812 1340 3000 1397 vides?
3023 1338 3236 1400 Nonne,
3266 1349 3388 1405 quae
3418 1334 3550 1389 olim

1966 1444 2155 1498 eodem
2190 1444 2243 1497 in
2275 1440 2474 1513 spiritu
2490 1438 2805 1494 modulante
2831 1433 3061 1489 edoctus
3097 1446 3157 1485 es
3178 1468 3194 1492 ,
3226 1435 3286 1481 ut
3321 1423 3553 1479 manife~

1964 1537 2222 1591 stissimis
2246 1551 2310 1589 ac
2323 1530 2756 1589 evidentissimis
2778 1527 2950 1599 signis
2998 1530 3322 1595 praesentem
3350 1518 3552 1589 Regem

1961 1629 2059 1683 tibi
2085 1643 2383 1700 agnoscere
2414 1626 2635 1690 liceret,
2663 1624 2775 1693 jam
2798 1629 2852 1676 et
2879 1619 3106 1674 auribus
3136 1614 3341 1678 audita,
3365 1611 3555 1665 caecis-

278 1731 381 1785 que
399 1715 576 1769 oculis
606 1715 721 1769 tuis
744 1715 1041 1783 conspicua
1064 1729 1129 1769 ac
1154 1715 1272 1770 visa
1299 1715 1511 1772 habes?
1537 1717 1673 1773 Num
1692 1728 1741 1774 et
1762 1718 1877 1774 haec
1897 1719 1964 1773 ad
1988 1721 2215 1791 gratiam
2244 1719 2379 1773 fiunt
2399 1737 2413 1786 ;
2432 1726 2526 1772 aut
2551 1716 2749 1773 errore
2764 1712 2976 1783 decepti
3005 1709 3264 1772 infantes.
3290 1709 3550 1776 hymnum

285 1821 457 1868 texunt
475 1810 580 1862 ?At
616 1824 795 1878 neque
814 1808 1224 1879 laus'ﬁjusmodi
1244 1821 1352 1875 est,
1375 1821 1512 1867 utex
1530 1811 1755 1884 decepta
1784 1823 1964 1870 mente
1996 1815 2272 1885 proﬁcisci
2302 1821 2489 1885 queat;
2515 1827 2691 1881 neque
2712 1817 2844 1864 actas
2861 1808 3008 1871 talis,
3033 1821 3154 1876 quze
3177 1800 3406 1855 auribus
3431 1811 3553 1853 ser-

283 1907 383 1961 vire
413 1906 588 1957 novit.
616 1901 734 1969 Qua
758 1902 921 1972 igitur
938 1903 1149 1957 ratione
1175 1903 1357 1959 adhuc
1372 1906 1675 1975 pendentes
1695 1908 1765 1963 ab
1788 1908 1955 1963 ubere
1987 1908 2245 1973 infantes,
2270 1909 2427 1977 plena
2457 1905 2671 1976 sapient
2691 1904 2754 1958 iac
2786 1896 3297 1973 promuntcantica,
3324 1892 3430 1947 nisi
3461 1890 3551 1945 di-

279 1998 488 2052 viuieos
529 1996 775 2066 Spiritus
814 1995 1031 2052 afﬂatus
1078 1998 1518 2068 instinctusque,
1551 2015 1786 2071 quorum
1819 2003 1969 2056 nulla
1997 2013 2103 2057 tua:
2140 2001 2515 2072 improbitatis
2555 1998 2793 2053 societas
2828 1995 2922 2053 sit.
2958 1998 3140 2046 movet
3167 2003 3232 2042 ac
3270 1980 3551 2041 concitat?

333 2088 404 2145 Ὦ
427 2092 497 2145 σύ
533 2108 600 2161 γε
632 2091 874 2162 ἀρχῆθεν
926 2090 1302 2164 ἐμπαροινῶν,
1342 2094 1412 2148 δι’
1444 2087 1519 2149 ὧν
1544 2090 1626 2159 οἷς
1655 2096 1861 2151 ὲνέπνει

2043 2100 2087 2154 Ο
2124 2108 2175 2154 te
2216 2098 2331 2168 jam
2390 2095 2522 2151 olim
2572 2096 2849 2158 insanum,
2898 2087 3044 2160 quod
3094 2101 3218 2143 cum
3267 2082 3548 2154 prephetis

274 2187 600 2258 προφήταις,
634 2185 732 2249 τὰς
787 2187 1108 2256 μιαιφόνους
1157 2188 1424 2252 ἐπέϐαλες
1480 2191 1709 2259 χεῖρας·
1762 2191 1858 2245 νῦν

278 2275 515 2343 ὡσπερεὶ
566 2275 966 2345 σεμνυνόμενος
1009 2277 1060 2328 εί
1128 2277 1526 2349 αὐθαδέστερον
1566 2280 1857 2353 ἐξυϐριεῖς,

287 2364 433 2434 αὐτῷ
460 2381 513 2417 τε
542 2364 872 2435 διαλοιδορῇ,
893 2366 991 2436 τήν
1017 2368 1229 2421 ἐκείνου
1259 2367 1492 2439 δύναμιν
1518 2369 1854 2436 Βεελζεϐοὐλ

284 2457 561 2527 ἀναφέρων
592 2473 609 2487 ⁸
664 2457 761 2510 καὶ
804 2458 1015 2520 τοῦτον,
1075 2452 1119 2527 ᾧ
1159 2466 1574 2533 προσμαρτυρεῖ
1617 2464 1705 2517 διὰ
1749 2464 1859 2518 τῶν

276 2548 445 2621 ἔργων
502 2548 581 2613 ὡς
628 2552 886 2618 συγγενεῖ
932 2551 1256 2622 συμπαρὼν,
1284 2552 1386 2623 τῆς
1443 2555 1545 2624 σῆς
1585 2556 1860 2629 πονηρεύῃ

268 2638 500 2709 φονικῆς
534 2642 909 2713 προαιρέσεως
943 2643 1100 2716 ἔργον
1132 2646 1482 2715 ποιήσασθαι.
1515 2649 1587 2702 Σὺ
1624 2649 1721 2719 μὲν
1741 2645 1856 2717 οὖν,

266 2732 420 2797 ἅπαξ
447 2733 521 2784 τὰ
549 2732 649 2786 τοῦ
669 2733 866 2801 φθόνου
903 2736 1182 2790 συλλαϐὼν
1203 2739 1424 2811 ὀλέθρια
1448 2739 1760 2810 σπέρματα,
1796 2745 1856 2798 οὐ

265 2824 458 2898 παύσῃ
512 2827 1040 2898 στενοχωρούμενος,
1107 2830 1212 2895 ἕως
1256 2831 1322 2885 ἂν
1371 2832 1472 2903 τήν
1545 2835 1859 2911 ἀπολοῦσαν

267 2915 442 2987 ῥήξῃς
480 2916 670 2971 ὠδῖνα.
708 2917 847 2990 Ἤδη
873 2919 982 2991 γὰρ
1007 2920 1200 2991 ἐκείνῳ
1219 2923 1318 2992 τὴν
1349 2924 1551 2996 μιαρὰν
1581 2926 1859 2992 ἐπιϐαλεῖς

266 3009 574 3080 παλάμην,
628 3009 727 3063 καὶ
780 3010 1155 3076 ἐπιϐαλόντος,
1206 3017 1317 3068 πᾶν
1368 3011 1509 3085 αἷμα
1576 3016 1804 3085 δίκαιον,
1830 3019 1860 3073 ὃ

264 3099 518 3170 ἐξέχεας,
552 3101 978 3169 καταϐοήσεται.
1012 3105 1120 3158 Καί
1151 3123 1211 3158 σε
1243 3104 1527 3177 κολοφῶνα
1553 3111 1675 3175 ταῖς
1709 3129 1859 3179 μιαι-

264 3193 485 3261 φονίαις
512 3191 896 3245 ὲπιτεθεικότα
922 3192 1021 3264 τὴν
1056 3195 1396 3267 Δεσποτικὴν
1421 3198 1657 3268 σφαγὴν,
1691 3201 1719 3252 ὁ
1748 3200 1858 3252 τῶν

261 3283 461 3337 κακῶν
483 3282 851 3354 περιλήψεται
885 3283 1153 3354 κολοερὼν.
1188 3287 1500 3343 Μεταϐαλεῖ
1530 3291 1630 3359 μὲν
1673 3288 1736 3362 δή
1775 3309 1858 3345 σοι

261 3377 409 3447 πρὸς
430 3376 654 3441 ἁὼξέαν
684 3378 718 3447 ή
749 3376 962 3443 εὐδοξία
981 3394 994 3407 ο
1051 3379 1348 3447 μεταϐαλεῖ
1379 3380 1435 3432 δὲ
1478 3382 1512 3451 ή
1561 3381 1851 3453 εὐκληρία,

263 3464 414 3543 ὲφ⁹ᾖ
444 3469 601 3539 παρὰ
626 3468 848 3521 πάντων
885 3467 1225 3538 ἐθαυμάζου,
1274 3472 1353 3533 εἰς
1394 3471 1683 3542 ἀσχήμονα
1731 3474 1860 3526 δυσ-

261 3561 541 3633 κληρίαν*
574 3561 637 3613 οὐ
672 3560 951 3630 βασιλείας
975 3560 1158 3629 μόνον,
1188 3561 1296 3615 οὐδ’
1330 3564 1632 3634 ἱερωσύνης
1654 3548 1681 3630 ,’
1723 3565 1863 3619 ἀλλὰ

262 3654 368 3707 καὶ
397 3652 594 3721 αὐτῆς,
630 3654 700 3724 ἢν
723 3652 923 3722 ἕφυρες
948 3653 1143 3722 αἵματι
1174 3653 1392 3724 δικαίῳ,
1441 3655 1548 3723 γῆς
1583 3656 1860 3728 ἀφαιρού-

271 3760 470 3813 μενος·
512 3744 611 3796 καὶ
664 3743 1086 3813 σκυθρωπάσεις
1136 3744 1359 3815 ἀληθῶς
1392 3746 1474 3807 είς
1514 3746 1689 3801 αἰῶνα
1740 3749 1862 3811 ταῖς

272 3837 588 3906 συμφοραῖς
631 3834 954 3905 φροντίζων,
1005 3835 1121 3888 ἀνθ’
1153 3830 1227 3888 ὧν
1261 3835 1400 3906 ἔχων
1427 3837 1719 3905 δυσκόλως,
1767 3839 1863 3892 καὶ

272 3931 563 4000 προτιμῶν
594 3924 736 3981 εἶναι
773 3928 967 3991 κακὸς,
998 3927 1117 3982 δέον
1144 3928 1534 4000 φαιδρύνεσθαι
1560 3933 1624 4001 τῇ
1660 3948 1863 4001 παρου-

272 4024 365 4094 σίᾳ
391 4022 489 4075 τοῦ
520 4022 798 4085 Βασιλέως
823 4037 842 4054 ο
873 4023 939 4075 σὺ
977 4022 1035 4075 δὲ
1062 4022 1155 4074 τὸν
1182 4021 1392 4075 ἐκείνου
1425 4039 1561 4095 πονη
1573 4024 1862 4094 ρευόμενος

276 4114 530 4179 θάνατον,
568 4112 1023 4185 ὲσκυθρὼπαξες.
1068 4115 1141 4168 Σὺ
1203 4114 1304 4185 μὲν
1333 4111 1465 4185 οὖν,
1516 4117 1753 4181 Ἰουδαῖε,
1782 4121 1861 4183 εἰς

271 4211 330 4263 ὂν
347 4212 556 4283 ἥκιστα
580 4211 749 4281 ἐχρῆν
766 4213 1123 4283 παροινήσας,
1149 4212 1375 4266 τοιαῦτα
1399 4214 1856 4285 κληρονομήσεις,

272 4302 458 4356 οὐκέτι
496 4303 599 4372 μὲν
627 4304 709 4365 είς
733 4301 862 4355 λαὸν
888 4343 905 4367 ,
950 4302 1134 4357 οὐκέτι
1187 4301 1244 4356 δὲ
1299 4306 1377 4366 είς
1404 4305 1521 4357 υἱὸν
1552 4307 1861 4376 τιμώμενος

272 4396 352 4468 τῷ
381 4396 537 4467 Θεῷ’
594 4395 711 4449 ἀλλ’
755 4394 1176 4466 ὲξελαυνόμενος
1221 4396 1317 4449 τοῦ
1371 4397 1523 4451 οἴκου
1567 4398 1707 4466 μετὰ
1759 4398 1859 4468 τῆς

270 4488 570 4558 δυσγενοῦς
603 4489 699 4542 καὶ
741 4487 954 4558 φαύλης
992 4488 1384 4561 προαιρέσεως.
1424 4490 1670 4558 Λήψεται
1724 4489 1781 4542 δὲ
1832 4489 1861 4542 ό

267 4581 589 4650 Μονογενὴς
619 4580 774 4651 παρὰ
804 4579 897 4632 τοῦ
927 4581 1138 4651 [ἰατρὸς
1165 4582 1368 4652 κλῆρον
1401 4581 1471 4634 τὰ
1504 4581 1632 4652 ἔθνη
1667 4581 1855 4646 αἰτῶν,

267 4672 321 4724 οἶ
361 4674 461 4725 καὶ
487 4672 610 4725 λαοὶ
637 4672 1066 4743 χρηματίσουσι,
1103 4672 1199 4726 καὶ
1250 4674 1359 4725 τῶν
1403 4672 1506 4744 υἱῷ
1541 4674 1858 4744 πρεπόντων

266 4764 703 4827 ἀπολαύσουσιν,
728 4766 941 4832 εὐγενεῖ
962 4766 1104 4836 τόκῳ
1129 4766 1222 4818 καὶ
1242 4765 1514 4836 ἐλευθέρῳ
1539 4766 1857 4835 γεννώμενα

264 4858 350 4928 τῷ
376 4859 586 4930 Πατρί·
620 4860 650 4912 ὂ
678 4861 919 4930 σήμερον
950 4860 983 4929 ή
1014 4860 1109 4911 ἐπὶ
1141 4857 1219 4929 τῷ
1245 4856 1408 4930 πώλῳ
1454 4859 1694 4931 καθέδρα
1751 4877 1856 4929 μη-

262 4950 414 5014 νύει,
450 4952 560 5006 τῶν
592 4952 734 5015 τέως
768 4952 1120 5022 ἀκαθάρτων,
1150 4951 1245 5004 καὶ
1265 4952 1659 5005 ἀνυποτάκτων
1686 4951 1856 5006 ἐθνῶν

265 5041 389 5112 Θεῷ
411 5043 516 5113 τὴν
537 5044 805 5114 ἐσομένην
837 5044 1134 5114 ὐποταγήν.

1967 2192 2159 2247 divino
2181 2179 2389 2246 afﬂatis
2419 2187 2631 2260 Spiritu
2665 2185 2966 2253 Sacrilegas
3006 2178 3296 2250 injecisses
3325 2187 3549 2235 manus,

1966 2299 2113 2341 nunc
2147 2282 2305 2353 quasi
2341 2282 2606 2353 glorians,
2642 2288 2703 2333 ut
2738 2274 2966 2346 majoris
2995 2271 3276 2343 quidpiam
3308 2262 3546 2335 injuriae,

1965 2370 2302 2444 majorisque
2335 2372 2653 2442 petulantiae
2681 2368 2876 2423 feceris
2910 2383 2925 2419 :
2955 2378 3066 2418 tum
3099 2362 3174 2417 illi
3193 2356 3547 2418 conviciaris.

1964 2468 2084 2538 ejus
2120 2475 2441 2539 potestatem
2483 2457 2790 2520 Beelzehud
2827 2461 3111 2515 ascribens
3145 2457 3225 2524 “;
3253 2456 3548 2525 ipsumque

1965 2561 2055 2617 cui
2091 2559 2181 2616 ille
2223 2568 2281 2615 ut
2333 2559 2580 2630 ejusdem
2633 2570 2822 2613 secum
2859 2563 3070 2609 natura:
3125 2567 3192 2607 ac
3224 2549 3548 2605 substantiae

1966 2669 2063 2724 per
2108 2658 2288 2723 opera‘
2328 2650 2709 2708 testimonium
2743 2646 2944 2711 defert,
3003 2658 3172 2714 pravo
3205 2650 3301 2696 tuo
3345 2640 3545 2694 volun-

1968 2746 2097 2800 tatis
2144 2743 2429 2817 proposito
2465 2744 2585 2798 neci
2618 2741 2834 2797 tradere
2861 2739 3083 2811 quaeris.
3120 2736 3188 2790 At
3233 2748 3290 2790 ιιι
3323 2732 3545 2806 quidem

1966 2847 2257 2910 postquam
2307 2837 2620 2908 perniciosa
2679 2833 2901 2889 invidiae
2943 2831 3151 2888 semina
3190 2828 3359 2885 semel
3408 2840 3544 2881 con~

1968 2932 2187 3001 cepisti,
2220 2945 2327 2985 non
2361 2930 2583 2985 desines
2609 2926 2809 2982 arctari
2839 2940 2903 2979 ac
2930 2920 3328 2994 coangustiari,
3362 2927 3546 2989 quoad

1965 3020 2291 3093 perniciem,
2342 3036 2509 3091 quam
2570 3019 2838 3090 parturis,
2889 3017 3094 3086 parias.
3130 3012 3251 3071 Jam
3286 3013 3432 3069 enim
3466 3012 3544 3065 illi

1967 3113 2253 3169 scelestam
2292 3128 2515 3167 manum
2564 3112 2802 3181 injicics,
2839 3124 2904 3165 ac
2937 3107 3027 3162 ubi
3062 3106 3334 3176 injeceris,
3364 3105 3548 3160 omnis

1967 3206 2192 3277 sanguis
2216 3205 2422 3274 justus,
2455 3219 2617 3274 quem
2665 3201 2930 3267 elludisti,
2967 3211 3161 3255 contra
3195 3208 3248 3255 te
3271 3200 3548 3255 exclama-

1968 3299 2092 3351 bit:
2140 3312 2375 3367 cumque
2441 3294 2752 3350 homicidiis
2806 3309 2871 3348 ac
2919 3292 3230 3364 parricidiis
3295 3291 3546 3362 apposita

1968 3403 2101 3442 nece
2141 3388 2381 3452 Domini,
2422 3386 2585 3457 quasi
2628 3387 2934 3456 colophona
2970 3386 3320 3455 imposueris,
3379 3384 3544 3438 simul

1889 3481 1935 3543 ς
1966 3483 2129 3533 etiam
2160 3487 2212 3534 te
2256 3479 2528 3533 malorum
2556 3478 2800 3533 omnium
2842 3477 3114 3546 colbphon
3147 3464 3557 3546 apprehendet.~

1967 3573 2252 3644 gloriaque
2305 3573 2361 3626 in
2433 3571 2728 3641 inglorium
2794 3570 2893 3623 tibi
2955 3578 3158 3624 statum
3209 3568 3366 3622 cedet
3412 3585 3425 3622 :
3481 3582 3546 3621 ac

1966 3682 2088 3720 sors
2117 3665 2208 3718 illa
2241 3664 2390 3728 felix,
2437 3663 2599 3733 cujus
2632 3663 2807 3733 gratia
2836 3662 3094 3717 omnibus
3127 3661 3277 3717 fuisti
3307 3661 3547 3725 admira-

1967 3757 2127 3819 tioni,
2156 3757 2210 3810 in
2253 3755 2568 3824 ignominiae
2599 3756 2815 3825 plenam
2852 3754 3231 3810 infelicitatem
3267 3763 3542 3822 vertetur;

1966 3858 2028 3903 ιιι
2075 3848 2274 3903 nedum
2311 3862 2479 3918 regno
2512 3855 2567 3903 et
2603 3847 2936 3912 sacerdotio,
2984 3847 3079 3903 sed
3112 3856 3168 3902 et
3200 3848 3341 3917 ipsa,
3378 3862 3544 3917 quant

1959 3940 2112 4012 justo
2145 3940 2412 4010 sanguine
2463 3938 2700 4003 tinxisti,
2756 3950 2903 3994 terra
2954 3938 3261 4010 spolieris:
3306 3954 3545 4010 vereque

1965 4034 2021 4087 in
2075 4034 2469 4103 sempiternum
2524 4040 2742 4100 tempus
2802 4029 3084 4104 allligerist,
3137 4031 3544 4085 calamitatibus

1965 4124 2296 4191 confectus;
2333 4138 2398 4177 eo
2440 4122 2590 4193 quod
2632 4130 2685 4176 te
2732 4138 2882 4178 nunc
2939 4123 3188 4193 improbe
3235 4139 3431 4193 gerens
3479 4142 3544 4179 ac

1964 4217 2286 4285 pravitatem
2325 4224 2659 4287 praeoptans,
2691 4230 2815 4270 cum
2849 4212 3014 4286 Regis
3053 4216 3346 4286 praesentia
3380 4224 3432 4271 te
3459 4220 3541 4270 vel

1965 4309 2201 4362 maxime
2249 4307 2543 4363 exllilarari
2590 4314 2895 4377 oporteret.
2945 4315 3001 4360 tu
3062 4323 3317 4377 perversa
3359 4319 3543 4361 tuente

1963 4402 2010 4454 ei
2037 4399 2319 4453 interitum
2352 4399 2604 4464 moliens,
2643 4397 2915 4452 morosior
2936 4412 3060 4453 esse
3091 4398 3374 4455 malueris.
3404 4396 3540 4453 Cum

1963 4492 2152 4563 igitur,
2192 4489 2399 4556 Iudaee,
2450 4490 2507 4544 in
2555 4505 2717 4560 quem
2772 4489 2996 4544 minime
3033 4488 3305 4544 debueras
3336 4488 3541 4543 debac-

1969 4583 2166 4636 chatus
2201 4579 2299 4646 sis,
2336 4578 2392 4633 id
2444 4594 2574 4634 vero
2624 4580 3008 4649 consequeris,
3060 4588 3120 4655 ut
3166 4594 3274 4634 non
3302 4580 3540 4648 amplius

1963 4673 2019 4728 in
2078 4673 2247 4727 ﬁlium
2284 4671 2556 4743 reputeris
2583 4711 2599 4736 ,
2647 4672 2741 4727 sed
2793 4673 2955 4727 domo
3000 4673 3244 4745 propria,
3289 4687 3414 4726 cum
3446 4670 3540 4726 de-
3576 4659 3585 4665 ’

1963 4780 2165 4829 genere
2213 4779 2277 4819 ac
2351 4763 2600 4835 improbo
2659 4776 2753 4818 tuo
2807 4765 3090 4835 proposito
3135 4760 3536 4818 extermineris.

1963 4859 2032 4912 At
2077 4854 2422 4926 Unigenitus,
2470 4865 2659 4927 gentes
2707 4871 2737 4910 a
2784 4858 2949 4910 Patre
2999 4855 3289 4925 postulans
3318 4854 3373 4908 in
3425 4854 3539 4908 ha:-

1964 4953 2250 5007 reditatem
2309 4958 2636 5021 accepturus
2671 4957 2756 5005 est
2789 4948 2858 5017 ⁵⁸,
2905 4964 3027 5018 quae
3072 4956 3125 5003 et
3180 4947 3411 5019 populus
3443 4963 3539 5002 vo-

1968 5044 2265 5109 cabuntur,
2322 5056 2388 5095 ac
2435 5041 2531 5095 lilii
2592 5046 3005 5109 consequentur
3059 5037 3232 5106 jura;
3299 5038 3537 5107 ingenuo

266 5134 561 5203 liberoque
614 5144 772 5204 partu
825 5135 973 5189 Patri
1023 5143 1167 5189 natae
1229 5148 1295 5190 ac
1328 5143 1677 5207 comparatae:
1710 5134 1855 5207 quod
1894 5135 2056 5190 hodie
2107 5134 2286 5191 sessio
2316 5134 2409 5188 illa
2456 5148 2621 5204 super
2654 5133 2864 5202 pullum
2939 5128 3167 5194 indicat,
3197 5128 3313 5183 fore
3378 5130 3540 5183 nimi'

264 5242 395 5283 tum
454 5236 518 5283 ut
566 5241 811 5297 eousque
860 5224 1154 5280 immundae
1198 5235 1386 5296 gentes
1420 5241 1484 5281 ac
1525 5226 1805 5282 indomitae
1846 5224 1957 5281 Deo
2002 5224 2414 5294 subjicerentur.

337 5368 429 5405 ⁸⁸*
462 5365 618 5424 Psal.
657 5367 870 5449 ηυνξ.
946 5367 992 5399 ⁸⁸
1020 5365 1221 5422 Matth.
1246 5381 1347 5432 χιι,
1372 5365 1464 5422 24.
1536 5367 1586 5400 '°
1617 5366 1762 5422 Psal.
1802 5383 1865 5432 ιι,
1892 5367 1946 5422 8.

1794 5479 2030 5538 NOTAE.

308 5576 459 5662 ,(ξὸ)
498 5573 654 5662 Quod
675 5574 935 5662 o‘limrr’egi
955 5583 1111 5643 atque
1141 5574 1428 5662 prophetia.
1452 5575 1856 5662 flgoapqpévov

265 5645 361 5717 τῷ
384 5645 599 5717 βασιλεῖ
630 5645 729 5698 καὶ
756 5648 1035 5716 προφήτῃ,
1087 5663 1282 5715 nempe
1338 5645 1529 5701 David't
1566 5647 1710 5715 psal.
1737 5662 1854 5701 vttt.

269 5718 424 5773 Nihil
477 5718 711 5785 clarius.
751 5715 1025 5785 Interpres
1046 5716 1221 5771 levius
1266 5719 1319 5772 in
1344 5717 1624 5772 Christum
1664 5714 1853 5777 refert,

269 5791 368 5844 cui
394 5789 530 5859 Regi
588 5802 654 5840 ac
684 5784 972 5856 PrOpbetae
998 5788 1321 5855 praedictum
1355 5788 1425 5842 sit
1458 5786 1854 5859 perliciendum

592 5885 868 5945 Parnon.
910 5883 1026 5944 Gtt.
1073 5884 1263 5947 (Zl'll.

1962 5574 2201 5630 laudem.
2238 5573 2344 5631 Sed
2382 5573 2436 5629 id
2490 5572 2656 5646 longe
2704 5590 2734 5630 a
2767 5574 2932 5646 plano
2968 5590 3139 5630 sensu
3177 5588 3241 5629 ac
3290 5574 3535 5629 auctoris

1964 5657 2163 5702 tuente.
2196 5648 2592 5717 Argumentum
2649 5645 2866 5700 hoc’ad
2909 5645 3116 5701 Christi
3176 5649 3530 5717 astruendam

1965 5716 2310 5774 divinitatem
2341 5725 2540 5789 urgent
2570 5718 2776 5788 pariter
2812 5725 3142 5773 tractatores
3180 5716 3402 5786 reliqui.

3063 5879 3101 5937 3
