3992 6204
460 305 528 369 67
1683 290 1875 353 LEON
1889 289 1958 347 IS
1989 281 2451 347 PIIlLOSOPI-ll
3644 277 3716 337 (‘8

535 412 848 474 Enimvero,
899 407 1011 462 haec
1047 408 1265 477 quidem
1309 421 1410 460 suo
1440 412 1701 458 eventura
1757 411 2028 471 tempore,
2065 401 2114 458 Α

465 517 618 560 ιιιιιιο
670 503 931 556 Dominus
970 501 1152 570 operis
1182 497 1586 569 pramuntiabat
1618 493 1934 564 praeconio;
1978 499 2034 542 at

470 596 700 660 Hebraei,
753 595 889 648 nihil
939 593 991 646 in
1050 593 1292 646 animum
1345 591 1586 642 volentes
1646 585 1928 646 inducere,
1977 597 2039 636 ac

468 689 792 756 intelligere,
829 685 907 738 vel
942 693 999 736 ut
1025 684 1296 753 pra-terita
1330 680 1502 745 dicas,
1533 678 1698 731 velut
1726 675 2037 746 praesentia,

470 779 562 833 scd
606 779 656 830 id
709 784 922 830 tantum
974 775 1261 828 molientes
1302 781 1361 825 ut
1409 769 1743 835 impudentia
1777 775 2040 837 agerent,

472 869 629 937 quasi
689 867 938 920 Salvator
993 865 1090 918 has
1141 863 1244 918 sibi
1304 862 1494 916 laudes
1549 868 1926 930 procurasset,
1983 874 2046 912 ac

476 959 792 1013 laudatores
830 963 1242 1025 congregasset,
1296 954 1472 1022 ipsum
1515 951 1736 1014 adeunt,
1796 959 1956 1018 atque
1993 952 2044 1002 in

477 1066 724 1104 murmur
772 1055 1233 1117 prorumpentes:
1270 1043 1391 1097 Non
1452 1044 1630 1109 audis,
1676 1043 1874 1112 inquit,
1923 1043 2047 1112 quid

478 1141 567 1194 isti
601 1141 779 1192 dicant
808 1138 887 1190 5‘?
921 1138 998 1190 Tu
1027 1138 1151 1191 illos
1179 1137 1454 1206 interroga
1475 1175 1489 1199 ,
1524 1136 1657 1201 Quis
1690 1143 1793 1196 cst,
1828 1135 1918 1205 qui
1949 1137 2049 1188 im-

479 1232 647 1299 pulit?
698 1230 952 1298 quisnam
985 1228 1192 1292 docuit,
1233 1227 1452 1296 quando
1481 1227 1801 1280 memoriam
1835 1241 2050 1280 omnem

480 1337 592 1378 tum
647 1325 995 1376 oraculorum
1036 1322 1372 1381 divinorum,
1433 1329 1546 1372 tum
1603 1333 1828 1387 operum
1875 1328 2049 1370 exter-

482 1415 723 1476 miuasti,
777 1427 1104 1480 oumcmque
1153 1413 1447 1464 humanam
1485 1407 1752 1462 rationem
1801 1422 1867 1461 ac
1903 1405 2054 1475 cogi-

482 1508 743 1559 tationem
796 1520 862 1558 ex
913 1504 1161 1574 improbo
1223 1512 1317 1555 tuo
1365 1511 1586 1570 pectore
1625 1499 2052 1570 proscripsisti?

480 1603 618 1655 Nam
650 1601 738 1654 ille
765 1600 985 1669 quidem
1023 1599 1210 1652 habitu
1247 1600 1493 1651 modesto
1523 1613 1587 1650 ac
1615 1596 1894 1650 moderato
1932 1610 2048 1666 pro-

484 1695 628 1748 cedit
661 1711 674 1746 :
714 1693 766 1745 hi
802 1707 929 1746 vero
971 1695 1133 1761 regite
1161 1691 1423 1760 congruis
1466 1689 1738 1758 majestati
1773 1687 2058 1742 salutatio-

2224 393 2382 446 Ἀλλὰ
2413 389 2585 444 ταῦτα
2623 388 2721 458 μὲν
2747 386 2826 450 εἰς
2846 387 2977 440 ἴδιον
3000 385 3406 455 ἀπαντήσοντα,
3431 386 3719 457 πράγματι

2142 486 2417 540 σιωπῶντι
2458 480 2755 552 προύλεγεν
2784 481 2812 532 ό
2837 479 3145 546 Δεσπότης·
3199 477 3448 546 Ἑϐραῖοι
3491 478 3548 530 δὲ
3600 498 3712 550 μη-

2139 581 2225 632 δὲν
2254 576 2531 630 συνεῖναιιι
2567 573 2902 644 βουλόμενοι,
2932 571 2992 623 ού
3014 570 3122 623 τῶν
3153 570 3476 638 γεγονότων,
3515 572 3575 624 ού
3613 573 3728 626 τῶν

2150 671 2436 741 παρόντων
2459 685 2472 699 ⁸
2529 666 2667 718 ἀλλὰ
2693 664 2852 718 τοῦτο
2877 662 3036 734 μόνον
3071 663 3443 732 ἀναισχυντεῖν
3490 664 3728 728 ἑαυτοὺς

2145 762 2527 833 πεποιηκότες,
2548 755 2637 812 οἷα
2662 758 2918 828 Σωτῆρος
2949 756 3047 828 τὴν
3076 756 3354 826 εὐφημίαν
3381 758 3553 827 ἑαυτῷ
3583 775 3731 829 προ-

2145 853 2495 926 διῳκηκότος,
2521 851 2760 914 καὶτοὺς
2779 849 3069 911 ἐπαινέτας
3089 849 3505 917 συναγαγόντος,
3530 852 3734 920 ἐκείνῳ

2150 951 2574 1018 προσέρχονται·
2611 947 2731 998 Οὐκ
2770 943 3010 1008 ἀκούεις
3033 941 3092 994 τί
3113 943 3406 1010 λέγουσιν
3441 951 3735 1011 καταγωγε-

2151 1043 2461 1112 γύζοντεω
2487 1037 2760 1100 Ἐκείνους
2784 1036 2990 1108 ἐρώτα·
3020 1035 3112 1097 Τίς
3137 1037 3165 1088 ὁ
3192 1035 3416 1104 κινήσας
3439 1052 3453 1099 ;
3478 1037 3558 1098 τίς
3606 1038 3634 1089 ὁ
3659 1037 3740 1089 διε

2152 1135 2318 1202 δάξας
2341 1149 2355 1162 ⁸
2385 1133 2574 1203 ἐπειδὴ
2608 1133 2828 1202 μνήμης
2853 1131 3071 1197 ἀπάσης
3102 1129 3195 1181 καὶ
3222 1127 3383 1181 θείων
3408 1129 3604 1196 λογίων
3631 1130 3733 1182 καὶ

2155 1227 2330 1296 ἔργων
2357 1225 2546 1295 ὥσπερ
2571 1224 2860 1291 ἀειφυγίαν
2879 1220 3262 1290 κατεψηφίσω,
3279 1222 3374 1274 καὶ
3391 1222 3565 1274 πάντα
3588 1221 3741 1290 λογι-

2159 1315 2293 1382 σμὸν
2320 1313 2656 1384 ἀνθρώπινον
2675 1312 2773 1381 τῆς
2801 1314 2900 1382 σῆς
2924 1311 3123 1364 ἀτόπου
3145 1310 3370 1382 καρδίας
3399 1311 3622 1374 ἐδίωξας
3639 1329 3655 1376 ;
3671 1313 3737 1364 Ὀ

2162 1409 2258 1477 μὲν
2282 1405 2388 1476 γὰρ
2414 1405 2549 1476 μετὰ
2574 1404 2793 1476 μετρίου
2826 1402 2919 1455 τοῦ
2959 1403 3237 1472 σχήματος
3263 1401 3512 1472 πρόεισιν
3534 1420 3548 1433 ’
3582 1405 3633 1456 οἱ
3676 1404 3738 1456 δὲ

2159 1503 2279 1563 ταῖς
2308 1499 2520 1570 βασιλεῖ
2545 1497 2885 1570 πρεπούσαις
2910 1495 3208 1563 δεξιοῦνται
3235 1499 3442 1565 φωναῖς
3466 1513 3479 1526 ·
3510 1498 3734 1550 ἐκείνων

2161 1591 2353 1656 πύθου,
2390 1590 2443 1643 τί
2481 1589 2742 1660 μαθόντες
2795 1589 2856 1640 ού
2889 1588 3026 1659 πρὸς
3075 1586 3134 1640 τὸ
3165 1587 3493 1657 φαινόμενον
3549 1590 3732 1659 σχῆμα

2163 1681 2454 1753 φρονοῦσιο
2514 1680 2906 1751 μεγαλοπρεπῆ
2931 1679 2973 1732 δ’
3002 1677 3147 1732 οὕτω
3186 1679 3412 1748 φέρουσι
3468 1682 3664 1748 τιμήν·
3697 1681 3735 1750 ἦ

483 1786 647 1838 nibus
670 1784 982 1854 excipiunt:
1013 1800 1079 1837 ex
1104 1783 1212 1837 illis
1242 1782 1548 1844 sciscitare,
1571 1779 1834 1849 quidnam
1857 1779 2056 1838 edocti,

2173 1748 2256 1826 καὶ
2285 1771 2404 1828 λίαν
2446 1748 2788 1840 ἀναισθήτως
2845 1748 2938 1822 ἐπὶ
2988 1771 3102 1830 τοῖς
3145 1767 3328 1832 καλοῖς
3375 1748 3744 1839 διακείμενος,

485 1892 594 1928 non
639 1889 738 1944 pro
764 1876 883 1944 ejus
908 1874 1108 1944 speciei
1149 1874 1392 1928 sentiant
1422 1871 1659 1934 ratione,
1679 1887 1842 1940 quam
1879 1871 2063 1924 vident

484 1969 661 2024 oculis
695 1968 1031 2036 subjectam,
1061 1967 1155 2021 sed
1195 1966 1330 2021 adeo
1358 1967 1587 2021 eximios
1637 1966 1875 2020 honores
1911 1964 2059 2017 defe-

487 2066 630 2112 rant.
656 2056 810 2120 llem,
839 2071 963 2110 cum
1001 2055 1254 2125 stupidus
1278 2055 1432 2110 valde
1455 2057 1555 2118 sis,
1589 2070 1652 2109 ac
1678 2055 1866 2110 tardus
1897 2070 2062 2108 sensu

486 2149 552 2201 ad
603 2149 871 2210 honesta,
905 2146 1197 2200 admodum
1250 2156 1433 2200 tamen
1468 2147 1628 2200 velox
1672 2162 1735 2200 ac
1779 2147 2066 2214 expeditus

490 2239 824 2308 arripiendis
857 2237 998 2291 male
1043 2238 1234 2306 agendi
1265 2237 1652 2292 occasionibus
1698 2237 1949 2291 exsistis!
2005 2235 2068 2289 Et

486 2333 557 2388 iis
607 2332 826 2399 quidem
861 2331 953 2401 qui
987 2329 1121 2400 Regi
1149 2329 1412 2384 honorem
1444 2330 1666 2392 habent,
1695 2327 1832 2382 nihil
1864 2327 2065 2383 videris

488 2429 755 2483 molestia:
787 2427 1023 2490 inferre;
1077 2426 1223 2479 nosti
1270 2427 1415 2478 enim
1454 2440 1559 2477 non
1609 2425 1677 2478 ab
1712 2425 1819 2477 alio
1841 2439 2004 2494 quam
2038 2439 2066 2476 a

490 2517 759 2588 superiori
802 2517 852 2570 vi
905 2517 1131 2570 edoctos
1193 2515 1600 2586 impulsosquc;
1651 2529 1822 2585 quare
1874 2514 1944 2568 ab
1985 2513 2068 2566 his

489 2612 757 2676 abstines,
807 2623 914 2662 non
972 2605 1228 2676 parcendi
1280 2607 1505 2670 studio,
1565 2606 1663 2660 sed
1719 2605 1861 2675 quod
1926 2605 2069 2660 scias

490 2717 599 2757 non
655 2716 778 2756 esse
829 2707 1046 2752 tuarum
1110 2699 1333 2761 virium,
1395 2706 1451 2751 ut
1497 2698 1608 2751 vim
1663 2712 1759 2752 eos
1805 2696 2070 2751 divinitus

491 2792 770 2845 al'ilautem
817 2789 1079 2843 cohibeas
1119 2806 1131 2841 :
1172 2804 1234 2844 ac
1262 2802 1331 2841 ne
1363 2787 1408 2842 si
1441 2797 1623 2842 vetare
1655 2786 1873 2850 nitaris,
1909 2786 2072 2840 nihil-

493 2897 599 2951 que
645 2879 930 2934 molitione
977 2879 1263 2943 coniicias,
1303 2888 1358 2931 tu
1415 2879 1529 2948 ipse
1558 2877 1818 2947 deinceps
1857 2877 1940 2933 vel
1988 2880 2072 2932 in-

494 2977 638 3028 vitus
695 2973 940 3033 fatearis.
996 2971 1210 3024 laudem
1263 2970 1409 3024 illam
1467 2971 1738 3025 Salvatori
1786 2985 1816 3022 a
1865 2971 2072 3040 Spiritu

495 3072 688 3117 sancto
729 3062 900 3116 fuisse
939 3063 1348 3115 concinnatam.
1393 3059 1526 3113 Nam
1558 3061 1751 3115 tenella
1795 3061 1887 3114 illa
1915 3071 2068 3123 aetas,

494 3168 658 3223 quam
685 3155 918 3222 agrestis
949 3160 1043 3205 tua
1074 3150 1264 3205 fei'itas
1297 3150 1521 3204 minime
1542 3159 1659 3204 erat
1684 3150 2070 3214 terrel‘actura,

501 3261 566 3301 ac
600 3246 759 3314 cujus
794 3245 944 3299 nulla
986 3244 1200 3297 ratione
1237 3243 1512 3312 inceptum
1555 3250 1673 3297 erat
1713 3241 2073 3314 diremptura,

497 3341 618 3395 haec
679 3355 801 3410 qua:
847 3339 993 3404 dixi,
1039 3350 1089 3392 te
1134 3339 1219 3392 vel
1277 3338 1506 3391 invitum
1567 3337 1726 3391 fateri
1785 3338 2013 3408 cogebat
2060 3357 2072 3390 z

504 3433 671 3500 idque
718 3443 773 3485 tu
831 3432 1030 3484 callide
1075 3429 1368 3483 admodum
1426 3429 1892 3494 animadvertens,
1953 3429 2076 3484 illus

499 3524 718 3595 quidem
766 3524 1034 3594 praeteris,
1095 3525 1160 3575 ad
1216 3523 1366 3577 illum
1399 3537 1527 3576 vero
1560 3522 1651 3590 qui
1684 3521 1775 3575 vili
1805 3529 2074 3591 apparatu

502 3618 864 3674 invehebatur
897 3657 912 3681 ,
962 3615 1187 3685 Rexque
1260 3615 1620 3670 nihilominus
1659 3629 1690 3668 a
1740 3613 2081 3668 laudantium

503 3713 671 3764 rectis
713 3711 890 3764 oculis
943 3709 1270 3763 intuentium
1315 3708 1473 3762 turba
1520 3707 1939 3776 agnoscebatur,
1972 3724 2081 3761 non

502 3806 621 3859 sine
659 3820 939 3858 murmure
983 3803 1231 3866 accedis,
1273 3802 1648 3872 hymnumque
1690 3801 1740 3857 ei
1776 3803 1833 3856 in
1875 3803 2085 3856 crimen

500 3894 689 3946 vertis.
714 3891 912 3946 Verum
939 3893 1090 3946 audit
1120 3907 1338 3959 pueros,
1361 3893 1455 3962 qui
1487 3893 1600 3946 haec
1623 3893 1738 3961 ipsa
1762 3893 2085 3962 priusquam

510 4000 543 4038 n
585 3994 741 4036 utero
792 3981 1181 4044 formarentur,
1231 3988 1287 4033 ut
1325 3982 1514 4034 tierent
1562 3983 1878 4047 ordinavit;
1910 3982 2086 4042 audit,

511 4083 567 4130 et
614 4082 672 4127 ut
722 4072 952 4141 plurima
990 4071 1115 4135 alia,
1153 4072 1225 4124 ita
1258 4080 1313 4124 et
1352 4070 1454 4123 hoc
1500 4071 1618 4138 ipso
1663 4081 1859 4124 eventu
1908 4073 2092 4125 consi-

520 4165 723 4235 gnavit.
779 4161 824 4218 0
863 4172 932 4226 te,
958 4161 1052 4230 qui
1082 4161 1162 4214 vel
1199 4158 1421 4215 surdam
1453 4159 1697 4228 aspidem
1738 4160 1965 4216 auribus
1993 4163 2092 4215 ob-

2165 1863 2504 1934 εύαισθήτως
2531 1861 2679 1930 ἔχεις
2709 1861 2767 1912 ἐν
2800 1863 2921 1923 ταῖς
2942 1859 3050 1913 τῶν
3087 1861 3275 1912 κακῶν
3300 1862 3592 1929 ἀφορμαῖς.
3628 1862 3753 1914 Καὶ

2164 1958 2271 2019 τοῖς
2305 1956 2402 2024 μὲν
2432 1955 2666 2024 τιμῶσιν
2697 1953 2932 2023 ἐνοχλεῖν
2959 1953 3020 2006 ού
3046 1953 3220 2016 δοκεῖς
3249 1970 3262 1982 ⁸
3294 1947 3438 2016 οἶδας
3485 1955 3592 2025 γὰρ
3636 1954 3752 2024 οὐχ

2168 2050 2260 2117 ὑφ’
2289 2048 2480 2117 ἑτέρου
2513 2048 2657 2108 τινος
2693 2046 2726 2116 ἢ
2768 2045 2862 2098 τοῦ
2914 2045 3224 2114 κρείττονος
3267 2045 3753 2114 καὶ-διδαχθέντας

2167 2143 2260 2194 καὶ
2294 2139 2614 2211 κινηθέντας
2641 2155 2654 2168 ·
2694 2136 3022 2190 καὶτούτων
3077 2137 3176 2207 μὲν
3226 2137 3426 2208 ἀπέχῃ,
3453 2139 3510 2190 ού
3564 2139 3757 2207 φειδό-

2172 2248 2365 2302 μενος·
2417 2232 2530 2284 ἁλλ’
2569 2229 2728 2293 εἰδὼς
2781 2230 3039 2284 ἀδύνατον
3095 2229 3154 2282 ὃν
3206 2246 3288 2282 σοι
3338 2229 3611 2299 διακόψειν
3644 2231 3757 2298 τὴν

2168 2322 2374 2378 ἄνωθεν
2402 2324 2586 2386 αὐτοῖς
2643 2322 3050 2375 ἐπιπνεύσασαν
3076 2321 3302 2391 δύναμιν
3332 2337 3345 2349 ·
3394 2322 3488 2374 καὶ
3552 2321 3637 2374 ἵνα
3671 2322 3758 2392 μὴ

2171 2416 2402 2470 κωλύειν
2435 2415 2753 2486 ἐπιχειρῶν,
2785 2408 2906 2468 εἶτα
2946 2413 3111 2484 μηδὲν
3160 2412 3423 2475 ἐξανύων,
3476 2415 3623 2466 ἄκων
3655 2415 3756 2467 καὶ

2171 2509 2334 2567 αὐτὸς
2369 2510 2753 2579 μαρτυρήσῃς,
2787 2507 2890 2559 ὑπὸ
2922 2505 3016 2558 τοῦ
3048 2505 3365 2575 Ιινεύματος
3391 2505 3750 2576 ἐξειργάσθαι

2169 2599 2250 2669 τῷ
2279 2599 2492 2670 Σωτῆρι
2517 2599 2606 2651 τὸν
2638 2599 2877 2650 ἔπαινον.
2916 2597 2990 2649 Τὸ
3020 2596 3127 2664 γὰρ
3155 2597 3361 2649 ἁπαλὸν
3389 2597 3492 2666 τῆς
3513 2596 3755 2666 ἡλικίας,

2181 2692 2210 2745 ὃ
2242 2693 2504 2762 φοϐήσειν
2543 2694 2574 2761 ἡ
2627 2692 2693 2761 σὴ
2732 2691 2830 2744 ούκ
2862 2689 3055 2760 ἔμελλε
3106 2689 3388 2761 θηριωδία,
3439 2690 3545 2742 οὐδ’
3594 2691 3758 2744 ἐκκό-

2173 2784 2292 2855 ψειν
2332 2784 2509 2838 αὐτῶν
2534 2786 2634 2855 τὴν
2670 2785 3011 2856 προαίρεσιν,
3054 2785 3209 2837 ταῦθ’
3233 2783 3378 2853 ἆπερ
3400 2778 3550 2835 εἷπον
3579 2784 3762 2850 ὴνάγ-

2175 2870 2310 2935 καζε
2362 2872 2459 2923 καὶ
2507 2873 2710 2924 ἄκοντα
2747 2875 3086 2944 μαρτυρεῖν·
3138 2873 3166 2925 ὃ
3213 2875 3277 2925 σὺ
3324 2873 3444 2925 λίαν
3505 2872 3761 2935 ὑπούλως

2174 2963 2330 3028 νοῶν,
2369 2963 2608 3028 ἐκείνους
2636 2965 2735 3034 μὲν
2758 2965 3144 3036 παρατρέχεις,
3167 2964 3245 3035 τῷ
3273 2964 3317 3017 δ’
3338 2957 3462 3034 οχον
3475 2966 3626 3035 μένῳ
3652 2967 3762 3034 μὲν

2177 3057 2432 3123 εὐτελῶς,
2459 3059 2788 3130 ἐγνωσμένῳ
2817 3059 2871 3111 δὲ
2905 3058 3116 3128 βασιλεῖ
3139 3061 3250 3122 τοῖς
3285 3059 3394 3112 τῶν
3445 3059 3766 3130 εὐφημούν-

2177 3167 2285 3203 των
2309 3149 2445 3222 όρθὰ
2472 3149 2777 3220 βλεπόντων
2804 3150 3128 3219 ὀφθαλμοῖς,
3153 3151 3432 3222 προσέρχῃ
3451 3149 3766 3218 γογγύζων,

2179 3242 2270 3293 καὶ
2306 3239 2396 3293 τὸν
2432 3240 2601 3311 ὕμνον
2640 3243 2938 3305 ἐπικαλεῖς.
2985 3242 3125 3295 Ἀλλ’
3149 3243 3338 3296 ἀκούει
3364 3243 3471 3296 τῶν
3523 3243 3762 3307 παίδων,

2183 3332 2359 3384 ταῦτα
2395 3335 2523 3403 πρὶν
2551 3335 2608 3387 ἐν
2644 3336 2828 3406 μήτρα
2851 3335 3160 3405 πλασθῆναι
3192 3337 3271 3398 εἰς
3327 3337 3394 3389 τὰ
3441 3335 3536 3387 νῦν
3570 3335 3768 3402 γιγνό-

2189 3441 2328 3494 μενα
2358 3425 2565 3490 τάξαςο
2614 3426 2822 3490 ἀκούει,
2855 3428 2948 3480 καὶ
2997 3425 3185 3497 ῶσπερ
3223 3427 3286 3496 δὴ
3339 3425 3544 3479 πλεῖσθ’
3571 3426 3767 3498 ἕτερα,

2177 3514 2322 3569 οὕτω
2353 3518 2445 3569 καὶ⁵
2483 3517 2638 3570 τοῦτο
2678 3520 2968 3588 σφραγίζει
3001 3518 3091 3572 διὰ
3123 3517 3224 3587 τῆς
3250 3519 3548 3579 ἐκϐάσεως.
3590 3517 3653 3568 ’Ὠ
3688 3517 3762 3568 σὺ

2179 3607 2277 3678 τὴν
2308 3608 2497 3677 κωφὴν
2524 3609 2725 3663 ἀσπίδα
2749 3611 2915 3663 νικῶν
2950 3613 3007 3664 ἐν
3065 3610 3142 3682 τῷ
3189 3610 3342 3681 βύειν
3379 3610 3447 3662 τὰ.
3477 3604 3614 3671 ὦτα,
3664 3610 3770 3660 καὶ

2181 3701 2249 3754 δι’
2283 3701 2340 3754 ἓν
2378 3704 2534 3756 τοῦτο
2567 3703 2805 3767 ἀκούσας
2861 3705 2977 3769 νῦν,
3035 3705 3101 3758 ἵν’
3158 3705 3568 3774 ἀγανακτήσῃς.
3608 3701 3771 3754 Τίθει

2188 3814 2278 3866 μοι
2342 3797 2473 3868 παρ’
2523 3798 2742 3869 ἐκείνην
2797 3800 2895 3861 τὴν
2943 3799 3162 3868 γραφὴν
3201 3799 3269 3852 τὰ
3308 3797 3632 3865 τελούμενα,
3696 3793 3771 3864 ἦς

2185 3889 2526 3964 θηλαζόντων
2560 3893 2845 3962 στομάτων
2889 3891 3092 3963 ἔμαθες
3139 3887 3288 3946 αἶνον
3337 3891 3558 3963 ᾄδεσθαι
3584 3907 3598 3918 ·
3659 3891 3774 3942 κᾶν

2202 3983 2277 4051 μὴ
2311 3984 2426 4035 κατ’
2465 3983 2683 4053 ἐκείνην
2712 3986 2842 4054 ὁρᾷς
2877 3983 2996 4054 ἕχον
3029 3985 3090 4037 τὸ
3136 3984 3324 4054 σχῆμα
3376 3983 3472 4036 τοῦ
3509 3983 3777 4051 πράγμα-

2198 4088 2311 4136 τος,
2343 4074 2646 4142 ἀγανάκτει
2669 4092 2682 4106 ·
2720 4078 2768 4128 εἰ
2800 4076 2844 4128 δ’
2876 4076 3190 4144 ἁπανταχοῦ
3240 4074 3301 4127 τὸ
3345 4075 3551 4144 ὅμοιον,
3601 4074 3780 4126 κατὰ·

2203 4163 2293 4226 θες
2324 4164 2549 4235 ἠρεμεῖν
2578 4167 2877 4238 ἐπιτρέψας
2897 4170 3008 4231 τοῖς
3029 4168 3358 4237 γογγύζουσι
3392 4168 3648 4238 χείλεσιν.

517 4258 770 4311 turandis
811 4270 1058 4324 superas,
1109 4261 1162 4308 et
1211 4269 1276 4308 eo
1328 4254 1501 4308 solum
1561 4254 1665 4309 ﬁne
1717 4270 1864 4309 nunc
1893 4256 2079 4310 auditu
2121 4271 2180 4311 es
2224 4273 2378 4322 usus,
2414 4267 2470 4312 ut
2503 4263 2900 4316 succenseres!
2963 4263 3092 4316 Mihi
3145 4276 3208 4316 ea
3250 4278 3373 4330 (μνη
3436 4268 3783 4331 peraguntur

502 4360 628 4406 eum
664 4365 725 4404 ea
755 4362 1024 4419 compone
1056 4345 1358 4416 Scriptura,
1391 4361 1512 4416 quae
1541 4363 1609 4401 ex
1638 4360 1732 4401 ore
1766 4346 2059 4400 infantium
2111 4357 2166 4402 et
2211 4347 2529 4405 lactentium
2560 4361 2792 4407 testatur
2824 4355 2869 4384 ⁵⁸
2900 4354 3115 4408 laudem
3185 4353 3481 4421 perfectum
3524 4354 3590 4407 iri
3623 4371 3637 4407 :
3709 4367 3783 4406 ac

505 4448 610 4503 nisi
666 4461 792 4501 cum
839 4461 904 4501 ea
957 4461 1070 4499 rem
1111 4445 1283 4515 ipsam
1353 4459 1662 4514 congruere
1726 4445 2079 4514 compereris,
2119 4455 2251 4500 tunc
2294 4463 2626 4506 succenseas
2675 4449 2827 4505 licet.
2871 4451 2942 4504 At
3013 4450 3060 4506 si
3099 4450 3282 4506 omnia
3325 4464 3631 4505 consonare
3695 4448 3787 4501 vi-

503 4542 681 4606 deris,
721 4543 928 4610 impera
959 4539 1380 4594 mussitantibus
1417 4539 1525 4592 tuis
1560 4538 1728 4593 labris
1775 4538 2073 4594 silentium.

575 4634 764 4704 Neque
796 4635 929 4687 illud
973 4634 1091 4694 tibi,
1118 4633 1264 4701 quod
1305 4634 1416 4702 jam
1447 4642 1575 4687 ante
1600 4633 1763 4702 pedes
1807 4641 2072 4696 versatur,

2259 4628 2380 4683 Οὐδ’
2411 4628 2586 4680 ἐκεῖνο
2619 4625 2727 4696 ἄρα
2764 4643 2844 4678 σοι
2880 4625 3021 4678 κατά
3053 4625 3219 4688 πόδας
3273 4625 3566 4695 ἱστάμενον
3612 4623 3786 4696 εὔδη-

505 4727 714 4796 liquet;
750 4727 887 4798 lapis
919 4724 1212 4788 nimirum,
1261 4727 1352 4795 qui
1399 4725 1577 4794 factus
1612 4735 1687 4779 est
1727 4727 1782 4778 in
1811 4735 1968 4793 caput
1997 4743 2086 4778 au-

506 4821 619 4890 guli
646 4820 712 4884 ⁵³,
748 4821 800 4874 in
836 4817 929 4873 illo
966 4818 1246 4872 insolubili
1286 4832 1348 4871 ac
1382 4833 1664 4886 nunquam
1701 4817 1918 4872 ruituro
1953 4817 2086 4872 aadi-

511 4910 655 4974 licio,
685 4927 845 4979 quem
886 4911 1116 4978 lapidem
1149 4919 1203 4961 tu
1243 4909 1492 4977 imperite
1521 4908 1850 4977 reprobasti,
1898 4917 2085 4978 aptum

510 5002 662 5055 illum
695 5015 756 5053 ac
785 5001 932 5054 oumi
973 5013 1126 5070 parte
1161 5009 1535 5068 comparatum
1589 4999 1657 5053 ob
1687 4999 1888 5054 mentis
1929 5000 2089 5054 caeci-

511 5100 674 5143 tatem
718 5091 1031 5159 perspicere
1059 5105 1165 5144 non
1197 5091 1404 5152 valens,
1434 5104 1667 5159 eamque
1698 5089 1766 5144 ob
1803 5103 1916 5144 rem
1940 5106 1970 5144 a
1995 5100 2088 5144 tua

512 5183 689 5253 ipsum
717 5183 879 5237 domo
901 5185 1158 5238 amolitus
1175 5199 1256 5248 es,
1281 5182 1441 5251 cujus
1464 5181 1744 5252 putridum
1770 5181 2094 5237 fundamen-

515 5282 625 5327 tum
661 5275 906 5344 proxima
943 5274 1096 5329 ruina
1122 5282 1384 5345 coarguet
1416 5289 1578 5328 :cum
1605 5274 1742 5328 alter
1766 5275 1854 5330 ille
1887 5277 2091 5345 pretio-

512 5379 608 5420 tus
640 5379 704 5420 ac
743 5367 950 5420 electus
973 5366 1110 5434 lapis
1135 5367 1200 5420 ad
1222 5366 1613 5423 semaiternam
1652 5366 1816 5420 aliam
1867 5381 1932 5421 ac
1963 5381 2089 5421 vete

2193 4730 2304 4786 λον,
2343 4720 2442 4792 Ιἤδη
2484 4718 2630 4787 πρὸς
2663 4719 2939 4787 κεφαλὴν
2965 4719 3182 4788 γωνίας
3199 4719 3298 4788 τῆς
3336 4719 3530 4773 ἀλύτου
3569 4718 3785 4772 οἰκοδο-

2198 4815 2304 4886 μῆς
2336 4805 2762 4883 γιγνομὲνου,οὗ
2798 4811 2864 4864 σὺ
2903 4811 3051 4864 λίθου
3095 4811 3300 4880 φαύλου
3330 4807 3381 4864 εἷ
3431 4812 3779 4880 ἀποδοκιμα-

2198 4907 2363 4976 στὴς,
2415 4907 2475 4957 τὸ
2526 4904 2863 4973 πανταχόθεν
2939 4903 3105 4957 αὑτοῦ
3195 4903 3367 4970 δεξιὸν
3394 4903 3460 4955 δι’
3510 4902 3781 4970 ἀϐλενξίαν

2195 5002 2420 5066 γνώμης
2453 4995 2579 5048 ἰδεῖν
2602 4995 2662 5048 ού
2696 4995 2996 5065 δυνάμενος
3027 5009 3042 5025 ·
3073 4995 3167 5048 καὶ
3204 4995 3292 5048 διὰ
3321 4994 3480 5047 τοῦτο
3507 4993 3787 5061 ἀδοκιμά-

2198 5089 2307 5152 ζων
2335 5087 2425 5140 τοῦ
2450 5088 2542 5140 σοῦ
2563 5088 2735 5151 οἴκου,
2761 5083 2820 5143 οὗ
2852 5087 2910 5140 τὸ
2937 5088 3134 5159 σαθρὸν
3163 5088 3287 5141 ὅσον
3326 5087 3385 5140 οῦ
3397 5105 3477 5140 πω
3523 5089 3554 5156 ἡ
3605 5086 3785 5139 κατάο

2200 5180 2352 5241 λυσις
2387 5181 2799 5251 παραγινομένη
2823 5179 3034 5248 ἐλέγξει
3062 5197 3076 5210 ·
3107 5182 3189 5244 εἰς
3211 5179 3428 5234 αἰώνιον
3472 5180 3643 5250 ἄλλην
3685 5179 3792 5232 καὶ

2199 5273 2346 5324 θείαν
2365 5271 2532 5336 ὅντως
2551 5273 2836 5343 οἰκοδομὴν
2859 5273 2953 5326 τοῦ
2970 5273 3188 5342 ἐντίμου
3206 5275 3298 5326 καὶ
3315 5271 3573 5326 ἐκλεκτοῦ
3596 5287 3789 5343 παρα-

2196 5366 2607 5438 λαμϐανομένου
2661 5368 2810 5422 λίθου
2849 5386 2863 5399 ·
2912 5370 2980 5440 ἢν
3032 5368 3130 5423 καὶ
3171 5367 3497 5440 λαμπρύνας
3554 5366 3650 5422 τού
3692 5365 3792 5421 αἷ-

582 5523 626 5555 ⁸¹
663 5520 853 5576 Matth.
881 5535 996 5583 χχι,
1030 5519 1114 5576 16.
1177 5523 1388 5578 "Psal.
1424 5539 1540 5590 vui,
1569 5533 1625 5584 δ.
1691 5522 1739 5556 ³³
1770 5520 1916 5577 Psal.
1947 5536 2113 5584 cxvii,
2136 5521 2228 5577 22.

1801 5631 2034 5695 VARIA'I
2079 5634 2484 5694 LECTIONES.

586 5737 614 5779 ιι
645 5731 910 5788 συνιέναι.
