4070 6210
462 335 529 400 Ἠ
1686 329 1832 391 LEO
1845 328 1972 388 NIS
1998 326 2460 388 PHILOSOPHI
3639 316 3723 386 '72

448 453 606 507 ninnt
627 490 641 513 ,
673 456 837 518 atque
876 449 942 503 ad
973 448 1234 502 victorem
1267 447 1460 501 mortis
1488 446 1788 512 omniSque
1826 457 2032 498 moero-
2060 450 2107 506 Α
2139 441 2344 516 ρίζοντι
2383 459 2397 471 ·

457 545 534 600 ris
567 545 939 614 expulsorem,
991 543 1112 596 laeto
1145 549 1258 594 tum
1305 551 1524 610 pectore
1553 546 1666 590 tum
1717 539 1902 606 lingua
1931 551 2027 589 ac-

449 645 698 701 currunt,
741 635 1188 704 congratulantes
1237 633 1415 684 amico
1467 628 1692 691 Lazaro,
1730 629 1822 698 qui
1866 628 2028 681 modo

453 731 674 783 fetorem
693 744 759 781 ex
788 728 1042 796 sepulcro
1075 731 1420 779 contractum
1455 723 1759 791 deponens,
1782 737 2028 776 commu-

450 825 538 877 nis
567 823 783 891 generis
820 818 1252 886 incorruptionis
1276 824 1548 884 unguenta
1586 815 1857 883 perspirat
1892 831 1904 866 :
1935 811 2030 867 sed

447 930 499 972 et
528 918 602 969 illi
636 915 1098 984 congratulantes,
1133 909 1227 979 qui
1263 925 1358 978 per
1390 910 1606 963 viscera
1635 907 2033 962 misericordias

451 1012 568 1064 suis
599 1012 714 1077 ipse
746 1008 1028 1060 laboribus
1066 1005 1348 1056 tristitiam
1381 1003 1666 1068 exstinxit,
1720 1002 2033 1070 mundoque

451 1103 706 1173 gaudium
749 1099 942 1153 iusevit
978 1115 992 1151 :
1028 1098 1310 1164 multoque
1359 1105 1582 1163 stupore
1641 1108 1704 1149 ac
1767 1094 2033 1148 miraculo

451 1212 514 1251 ea
569 1195 925 1253 honorantes,
969 1205 1091 1258 qua:
1138 1189 1550 1259 dispensatione
1601 1195 1872 1258 geruntur
1912 1206 1926 1242 :
1970 1204 2034 1243 ac

450 1286 619 1341 vestri
645 1283 842 1337 cantici
870 1282 1060 1334 modos
1088 1279 1404 1333 dulcissimo
1435 1280 1783 1333 haurientes.
1809 1277 1999 1331 auditu
2020 1263 2044 1336 ,’

455 1392 683 1446 quorum
726 1375 859 1428 nihil
902 1383 1031 1425 tunc
1077 1387 1333 1441 perversa
1386 1370 1674 1441 Synagoga
1725 1370 2037 1424 intellexit:

455 1469 546 1523 sed
577 1483 700 1519 cum
734 1465 1006 1518 infernum
1038 1471 1273 1516 tremore
1296 1475 1630 1515 concussum
1666 1461 1939 1522 viderent,
1972 1473 2038 1512 ac

458 1559 689 1614 net-dum
743 1557 970 1626 prolatis
1018 1555 1226 1620 verbis,
1265 1554 1384 1621 ipso
1416 1553 1748 1616 remittente,
1780 1551 2036 1606 eductum

459 1659 754 1710 mortuum,
790 1660 854 1700 eo
885 1645 1209 1698 audaciores
1243 1658 1366 1696 esse
1393 1640 1819 1694 contendebant.
1843 1640 1921 1694 Ac
1950 1641 2039 1695 ille

460 1743 680 1811 quidem
715 1755 838 1792 cum
867 1735 1271 1806 sepulcralibus
1309 1733 1496 1788 fasciis
1538 1749 1568 1788 e
1607 1734 1865 1802 sepulcro
1895 1732 2039 1785 exsi-

2445 439 2839 510 συγχαίροντες
2861 439 2916 492 δέ
2947 439 3024 511 τῷ
3060 438 3146 491 διὰ
3199 437 3483 506 σπλάγχνα
3539 437 3724 504 ἐλέους

2133 535 2406 605 καμάτοις
2431 534 2653 594 οἰκείοις
2686 533 2782 603 τὴν
2813 532 2990 601 λύπην
3020 531 3429 599 ἐξαφανίσαντι,
3491 533 3588 584 καὶ
3644 534 3725 604 τῷ

2136 629 2329 697 κόσμῳ
2358 627 2790 696 φυτουργήσαντι
2821 625 2921 694 τὴν
2952 626 3128 694 χαράν
3163 643 3177 654 ’
3203 624 3297 676 καὶ
3335 624 3600 693 τιμῶντες
3627 628 3725 679 ἐκ-

2136 720 2330 789 πλήξει
2356 722 2449 771 καὶ
2470 717 2707 785 θαύματι
2754 717 2824 770 τὰ
2853 715 3283 786 οἰκονομούμενοι
3315 732 3329 744 ·
3352 716 3451 786 ἡδὺ
3473 717 3529 768 δὲ
3554 717 3728 770 ἄκου-

2141 829 2252 882 σμα
2268 812 2328 864 τὸ
2355 812 2620 882 ὑμέτερον
2652 807 2803 886 ᾆσμα
2844 811 3180 879 ποιούμενοι,
3203 803 3279 862 ὧν
3330 810 3451 862 τότε
3504 811 3657 864 οὐδὲν
3693 813 3729 881 ἠ

2139 905 2351 975 πονηρὰ
2374 905 2544 956 συνίει
2580 904 2869 972 συναγωγή
2908 918 2923 934 °
2955 903 3070 955 ἀλλ’
3117 902 3352 973 ὁρῶντες
3387 903 3519 973 ᾅδην
3595 921 3729 972 τρο-

2144 999 2412 1069 μάξαντα,
2455 998 2550 1050 καὶ
2581 996 2692 1049 τῶν
2723 996 3032 1049 καλούντων
3057 996 3317 1065 ῥημάτων
3349 994 3429 1046 ἐτι
3466 994 3736 1064 λαλουμέ-

2140 1107 2248 1142 νων
2291 1087 2691 1156 ἀναπέμψαντα
2739 1085 2828 1138 τὸν
2870 1086 3100 1156 νεκρὸν,
3161 1085 3535 1152 ἐφιλονείκουν
3587 1080 3735 1138 εἶναι

2140 1182 2330 1241 τούτου
2370 1178 2694 1250 θρασύτεροι
2720 1193 2734 1208 ·
2762 1178 2857 1230 καὶ
2890 1181 2917 1230 ὁ
2948 1177 3046 1247 μὲν
3080 1177 3323 1245 ἀνεπήδα
3355 1176 3493 1246 μετὰ
3519 1177 3628 1228 τῶν
3651 1178 3740 1228 ἐν-

2143 1271 2353 1338 ταφίων
2384 1269 2712 1337 σπαργάνων
2741 1268 2835 1320 τοῦ
2881 1269 3162 1337 μνήματος
3195 1284 3208 1297 ·
3242 1268 3291 1319 οἱ
3319 1266 3374 1319 δὲ
3402 1265 3479 1336 τῷ
3520 1266 3737 1335 λύτροι-

2141 1363 2207 1429 τῇ
2236 1361 2292 1410 ἐν
2325 1362 2392 1428 τῇ
2425 1359 2606 1429 ἀλύτῳ
2637 1359 2807 1421 ὅντως
2851 1361 2950 1423 τῆς
3002 1359 3269 1428 πονηρίας
3329 1357 3525 1431 γνώμῃ
3577 1358 3740 1410 ἐπλε-

2144 1470 2238 1505 κον
2260 1452 2328 1505 τὰ
2358 1451 2576 1522 δεσμὰ,
2597 1453 2692 1506 καὶ
2737 1455 2943 1523 ῥήμασι
2970 1452 3108 1519 γάλα
3149 1453 3453 1514 σταζὸντων
3509 1451 3737 1521 χειλέων

2145 1546 2246 1609 τὰς
2272 1549 2332 1599 ἐν
2361 1546 2531 1614 κακίᾳ
2563 1549 2776 1616 σαπρὰς
2807 1545 3114 1612 διεπρίοντο
3150 1543 3397 1614 καρδίας.
3438 1543 3609 1613 Δεῦρο
3637 1561 3736 1612 με-

2145 1636 2213 1689 τὰ
2240 1637 2339 1703 τῆς
2361 1637 2695 1705 ὡραιότητος
2749 1635 2982 1704 ὠραῖζου
3009 1634 3107 1708 τῆς
3153 1633 3471 1700 ἐκκλησίας,
3509 1632 3605 1702 τῆς
3638 1634 3736 1685 καὶ

2149 1727 2437 1797 ποθούσης,
2462 1728 2553 1780 καὶ
2583 1727 2950 1796 στεργομένης
2987 1725 3220 1796 ἀμώμου
3275 1724 3496 1794 νύμφης
3521 1741 3533 1756 ο
3596 1729 3664 1796 ἦν
3709 1731 3736 1780 ὁ

463 1810 661 1892 liebat,
690 1831 724 1884 ii
759 1844 888 1883 vero
940 1826 1332 1882 insolubilibus
1378 1825 1626 1892 maligna:
1658 1825 1860 1875 mentis
1895 1824 2042 1876 nexi-

2155 1819 2336 1890 Πατὴρ
2367 1819 2444 1887 τῷ
2467 1819 2735 1887 ἀγαπητῷ
2777 1818 3058 1887 ἡρμόσατο
3113 1817 3248 1886 Υἱῷ,
3299 1817 3587 1884 διαζεύξας
3639 1820 3738 1870 τοῦ

463 1929 565 1980 bus
597 1923 832 1987 astricti,
855 1921 1137 1975 liberatori
1168 1919 1460 1971 nectebant
1485 1917 1725 1979 vincula,
1756 1915 2044 1980 verbismte

463 2021 604 2072 lacte
641 2015 988 2068 manantibus
1032 2011 1191 2064 labiis
1224 2010 1380 2067 fusis,
1409 2024 1607 2076 spurca
1633 2023 1822 2061 eormn
1857 2015 2042 2075 pecto-

464 2128 522 2165 ra
542 2109 960 2163 dissecabantur
989 2102 1352 2171 improbitatis
1378 2118 1437 2154 ex
1450 2100 1785 2169 superantia.
1807 2099 2035 2164 Adesto,

464 2203 663 2256 decore
705 2212 768 2250 ac
819 2194 1111 2266 splendore
1155 2191 1416 2246 Ecclesiae.
1469 2191 1729 2260 praeclare
1777 2189 2048 2277 induere;

465 2293 863 2356 desiderantis,
925 2289 1172 2359 inquam,
1245 2288 1446 2356 pariter
1481 2285 1916 2355 desidet-alteque
1985 2299 2049 2339 ac

467 2389 791 2460 praadilecta:
833 2384 1124 2451 inculpatze
1161 2395 1402 2448 sponsze,
1452 2393 1614 2448 quam
1657 2376 1821 2432 Pater
1865 2379 2048 2448 junxit

467 2481 796 2537 charissimo
821 2477 981 2540 Filio,
1033 2474 1293 2543 abjuncta
1323 2490 1352 2526 a
1399 2473 1694 2526 mitissimo
1728 2487 1934 2540 spenso
1971 2470 2050 2525 fe-

429 2576 583 2628 .roci
624 2587 686 2625 ac
734 2571 945 2638 ingrata
992 2567 1279 2637 Syltagnga
1331 2565 1522 2631 :quod
1574 2563 1834 2616 nimirum
1887 2571 2052 2617 tantae

469 2659 1057 2734 desponsationisjura
1096 2658 1329 2721 violatis,
1363 2671 1628 2726 sponsmn
1665 2671 1824 2710 suttm
1861 2656 2050 2724 despi-

470 2760 613 2813 catui
657 2754 927 2816 habuerit,
965 2768 1088 2806 eum
1128 2765 1466 2820 prosequens
1498 2748 1624 2802 odio
1653 2765 1682 2800 a
1707 2764 1817 2818 quo
1855 2747 2055 2802 dilecta

471 2859 641 2911 esset,
675 2864 738 2902 ac
769 2862 869 2918 pro
895 2845 1065 2899 nihilo
1093 2844 1303 2898 ducens
1334 2858 1458 2896 ettm
1494 2841 1586 2909 qui
1615 2841 1823 2894 honore
1864 2841 2054 2894 auxis-

475 2953 560 3000 set
600 2956 776 2996 zeum
819 2939 1077 3007 denique,
1127 2938 1286 3003 cujus
1336 2935 1611 2989 beneficio
1671 2949 1849 2987 rerum
1900 2934 2056 3004 copia

477 3033 816 3095 abundabat,
869 3045 934 3084 ac
963 3029 1159 3098 agebat
1194 3027 1338 3090 felix,
1365 3025 1661 3078 contrariis
1691 3026 1849 3094 plane
1880 3024 2056 3078 modis

478 3136 858 3178 remunerans.
889 3119 1239 3186 Quapropter
1273 3130 1420 3168 nunc
1459 3130 1489 3166 a
1518 3113 1671 3167 vobis
1706 3114 1922 3177 repulsa
1957 3114 2052 3166 de-

481 3224 757 3283 sertaque,
790 3225 854 3264 ac
883 3212 1098 3263 festiva:
1132 3208 1314 3262 omnis
1351 3206 1550 3258 laetitiae
1570 3220 1782 3263 exsors,
1823 3204 2052 3257 felicita-

483 3312 555 3364 tis
627 3309 746 3359 loco
806 3305 1186 3358 calamitatum
1257 3299 1408 3352 dives
1489 3301 1640 3365 agit;
1705 3297 2053 3351 deformitate

485 3399 708 3460 vestita,
765 3395 886 3463 ejus
935 3394 1052 3446 vice
1085 3389 1408 3452 venustatis,
1449 3389 1610 3455 cujus
1647 3396 1804 3441 antea
1827 3387 2054 3440 floribus

487 3488 855 3552 coruscabat;
891 3485 1162 3552 faecesque
1185 3481 1303 3551 ejus
1335 3481 1622 3533 vindemiae
1651 3479 1863 3542 bibens,
1891 3495 2053 3548 quam

487 3584 590 3638 sibi
618 3581 930 3649 collegerat.
966 3576 1034 3628 At
1065 3588 1195 3627 vero
1219 3587 1358 3625 nova
1390 3587 1452 3624 ac
1481 3571 1804 3624 charissima
1834 3586 2054 3638 sponsa,

487 3677 559 3729 ob
591 3668 1112 3728 excellentissimam
1133 3665 1615 3734 desponsationem
1639 3664 1851 3732 gaudiis
1880 3663 2058 3715 omni-

490 3769 592 3822 bus
617 3768 796 3834 plena,
821 3776 1134 3832 sponsoque
1175 3775 1274 3814 suo
1303 3756 1727 3820 formosissimo,
1750 3755 2059 3810 castissimo

492 3873 678 3912 amore
725 3855 1081 3924 agglutinata,
1113 3851 1317 3904 fruitur
1347 3851 1569 3919 quidem
1608 3850 1781 3918 ipsius
1827 3847 2058 3911 deliciis,

494 3951 587 4004 sed
613 3958 668 4002 et
701 3945 982 4014 praesentis
1013 3945 1121 3998 diei
1150 3944 1486 4010 voluptatem
1524 3942 1776 4010 percipit,
1808 3957 1908 4008 qua
1937 3943 2062 3993 licet

496 4043 608 4104 hic,
656 4049 870 4093 servata
899 4037 992 4089 illa
1027 4036 1227 4089 veteris
1266 4035 1492 4087 honoris
1532 4034 1702 4086 forma
1731 4043 1784 4086 et
1830 4035 2058 4096 ratione,

495 4147 618 4185 cum
655 4129 820 4182 ramis
854 4127 1165 4180 Palmarum
1203 4125 1568 4178 laudationem
1595 4124 1884 4186 instituat,
1920 4131 2063 4175 atta-

499 4238 624 4275 men
663 4220 838 4274 oculis
875 4220 930 4272 in
973 4231 1210 4286 superna
1258 4215 1450 4269 defixis
1492 4213 1738 4268 eumdem
1785 4229 1890 4268 una
1941 4229 2063 4268 cum

498 4314 708 4384 angelis
732 4311 1018 4382 gloriﬁcat,
1055 4319 1311 4378 tanquam
1344 4308 1496 4361 illum
1530 4309 1625 4376 qui
1660 4316 1712 4361 et
1747 4308 1798 4359 in
1825 4308 1964 4361 cmlo
2013 4319 2066 4361 et

498 4407 552 4458 in
600 4415 742 4458 terra
781 4413 989 4473 regnat.
1031 4400 1167 4454 Nam
1213 4401 1332 4455 loco
1397 4399 1720 4454 obedientite
1780 4415 1952 4468 usque
1997 4399 2066 4453 ad

2148 1913 2326 1982 πράου
2385 1911 2617 1980 νυμφίου
2676 1911 2774 1976 τὴν
2832 1910 3222 1979 ἀγριαίνουσαν
3299 1911 3391 1963 καὶ⁴
3439 1912 3740 1980 ἀχάριστον

2153 2006 2487 2074 Συναγωγήν
2521 2021 2534 2033 '
2563 2003 2679 2056 ἀνθ’
2707 1997 2782 2058 ὧν
2825 2005 2906 2066 εἰς
2934 2003 3034 2073 τὴν
3081 2005 3350 2074 τοσαύτην
3401 2004 3740 2074 ἐνυϐρίσασα

2155 2097 2471 2166 μνηστείαν,
2525 2096 2617 2148 τὸν
2662 2096 3117 2164 νυμφευσάμενον
3162 2096 3506 2162 ἐξουὸἐνωσε,
3560 2098 3732 2166 μισή-

2152 2205 2290 2240 σασα
2318 2188 2407 2240 τὸν
2436 2188 2760 2258 ἡγαπηκύτα
2803 2204 2816 2218 ⁶
2873 2189 3183 2256 φαυλίσασα
3228 2188 3318 2241 τὸν
3362 2189 3692 2258 τετιμηκότα
3717 2204 3734 2219 ο

2151 2281 2240 2332 τὸν
2269 2279 2334 2332 δι’
2359 2280 2417 2332 ὃν
2448 2282 2610 2332 πᾶσιν
2635 2281 2856 2349 εύοήνει
2883 2280 3091 2344 καλοῖς,
3113 2282 3278 2332 πᾶσιν
3296 2279 3558 2342 ἐναντίοις
3581 2281 3745 2348 ἀμει-

2151 2371 2388 2442 ψαμένη.
2424 2374 2523 2425 Διά
2572 2373 2729 2424 τοῦτο
2780 2374 2875 2426 νῦν
2925 2373 3052 2442 ὑμῖν
3087 2372 3410 2442 ἁπωσμένη,
3465 2372 3562 2423 καὶ
3611 2371 3747 2442 ἐρη-

2156 2477 2276 2530 μος,
2303 2461 2397 2513 καὶ
2429 2461 2703 2530 ἀνέορτος,
2738 2462 2837 2514 καὶ
2869 2461 3177 2514 πλουτοῦσα
3199 2463 3296 2525 τὰς
3333 2462 3621 2531 συμφορὰς
3649 2464 3748 2515 ἁν-

2152 2552 2207 2602 τ“ι
2241 2552 2339 2620 τῆς
2379 2552 2780 2621 μακαριότητος
2812 2569 2827 2582 ο
2855 2553 2948 2605 καὶ
2972 2553 3207 2606 ἀνθοῦσα
3236 2555 3334 2623 τὴν
3357 2553 3749 2624 ἀσχημοσύνην

2155 2643 2276 2695 ἀντὶ⁵
2295 2646 2392 2712 τῆς
2433 2643 2553 2696 τότε
2593 2645 2854 2713 καλλονῆς
2881 2645 3219 2715 ἐπανθούσης
3238 2647 3374 2717 αὐτῇ
3406 2662 3419 2675 ·
3444 2648 3538 2701 καὶ
3559 2648 3750 2700 πίνου·-

2158 2750 2226 2786 σα
2257 2734 2354 2804 τὴν
2375 2737 2624 2803 τρυγίαν,
2677 2729 2752 2789 ὧν
2799 2737 2987 2800 κακῶς
3031 2737 3403 2808 ἐγεώργησεν.
3457 2738 3520 2791 Ἦ
3567 2739 3624 2791 δὲ
3653 2742 3750 2793 νέα

2155 2827 2340 2897 νύμφη
2374 2831 2468 2880 καὶ
2497 2828 2737 2899 ἔντιμος,
2759 2830 2849 2881 ἐπὶ
2873 2833 2936 2898 τῇ
2964 2830 3254 2901 ὑπερτίμῳ
3285 2832 3552 2901 χαίρουσα
3606 2849 3752 2902 μνη-

2160 2919 2332 2989 στείᾳ,
2362 2921 2457 2971 καὶ
2489 2920 2565 2986 τῷ
2597 2920 2749 2990 καλῷ
2787 2921 3058 2990 μνηστῆρι
3091 2922 3352 2993 πανάγνῳ
3379 2923 3538 2993 ἔρωτι
3581 2941 3750 2996 περι-

2157 3010 2430 3079 ψυομένη,
2475 3010 2740 3062 ἀπολαύει
2803 3011 2902 3079 μὲν
2936 3011 3035 3080 τῆς
3073 3011 3283 3065 ἐκείνου
3331 3015 3700 3084 τερπνότητος
3731 3031 3747 3045 ⁶

2159 3098 2419 3152 ἀπολαύει
2437 3099 2492 3151 δέ
2517 3103 2607 3152 καὶ
2631 3101 2739 3152 τῶν
2768 3101 2865 3169 τῆς
2901 3101 3180 3172 παρούσης
3204 3105 3418 3173 ἡμέρας
3457 3105 3709 3176 τερπνῶν
3730 3123 3746 3137 ·

2156 3194 2214 3244 ἐν
2240 3189 2292 3266 ᾖ,
2331 3197 2379 3246 εἰ
2418 3195 2514 3246 καὶ
2558 3195 2708 3247 κάτω
2758 3197 2857 3262 τῆς
2909 3196 3146 3259 παλαιᾶς
3195 3198 3409 3266 ἐκείνης
3453 3199 3621 3268 τιμῆς
3678 3200 3753 3254 τὰ

2159 3287 2403 3355 σύμϐολα
2460 3287 2707 3350 σώζουσα
2756 3288 2894 3355 μετὰ
2954 3288 3119 3357 βαῒων
3156 3288 3304 3359 αύτῷ
3337 3292 3606 3359 προσάγει
3651 3293 3745 3344 τὸν

2159 3379 2406 3442 ἔπαινον,
2448 3380 2699 3433 ἀλλ’άνω
2739 3383 2966 3448 Θεωροῖς
3007 3383 3170 3435 αὐτὸν
3217 3383 3514 3455 ὀφθαλμοῖς
3563 3388 3752 3458 ὁρῶσα

2125 3492 2133 3500 θ
2161 3472 2278 3540 μετ’
2333 3473 2579 3541 ἀγγέλων
2634 3474 2919 3542 δοξολογεῖ,
2978 3474 3053 3536 ὡς
3095 3475 3203 3527 τῶν
3236 3476 3347 3530 ἄνω
3399 3480 3748 3548 κυριείοντα,

2160 3567 2386 3617 καὶτῶν
2420 3567 2588 3619 κάτω.
2629 3567 2835 3618 Ἔδωκε
2854 3568 2962 3636 γὰρ
2979 3567 3128 3638 αύτῷ
3147 3569 3267 3621 ἀντὶ
3299 3571 3398 3640 τῆς
3443 3572 3606 3642 μέχρι
3638 3591 3748 3626 πα-

2163 3655 2269 3707 θῶν
2336 3657 2428 3708 καί
2475 3656 2707 3709 θανάτου
2753 3658 3000 3728 ὑπακοῆς
3052 3660 3080 3712 ὀ
3143 3661 3350 3731 Πατὴρ,
3391 3663 3488 3729 τὴν
3527 3664 3749 3716 πάντων

2163 3749 2429 3815 ἐξουσίαν,
2447 3750 2546 3802 ὅσα
2579 3752 2636 3802 ἐν
2671 3750 2906 3821 οὐρανῷ,
2956 3753 3049 3804 καὶ
3082 3754 3183 3805 ὅσα
3213 3754 3270 3805 ἐν
3303 3756 3396 3824 γῇ,
3434 3754 3603 3808 ἔδωκε
3646 3759 3749 3828 τὴν

2163 3842 2410 3908 ἐξουσίαν
2463 3841 2566 3894 ὑπὸ
2623 3844 2747 3906 τοὺς
2809 3845 2973 3906 πόδας
3011 3845 3266 3908 καταθεὶς
3310 3889 3324 3911 ,
3375 3849 3468 3899 καὶ
3512 3849 3752 3914 ἄκοντας

2165 3935 2288 3994 τοὺς
2317 3935 2566 4004 ἐχθροὺς,
2587 3938 2702 3988 ὅσοι
2727 3937 2825 4007 τὴν
2845 3938 3053 3989 ἐκείνου
3078 3939 3418 4010 παρῃτοῦντο
3447 3941 3745 4011 βασιλείαν.

2179 4025 2426 4090 Ἐδόξασε
2461 4028 2570 4098 γὰρ
2613 4029 2703 4080 τὸν
2736 4029 3014 4098 Μονογενῆ
3048 4033 3111 4100 τῇ
3171 4031 3318 4103 δόξῃ,
3466 4029 3573 4104 εἶχε
3612 4037 3744 4104 πρὶν

2167 4120 2257 4171 τὸν
2281 4119 2484 4188 κόσμον
2513 4112 2788 4186 γενέσθαι,
2823 4124 2918 4174 καὶ
2948 4125 3078 4193 πρὶν
3124 4125 3226 4176 ὑπὸ
3275 4126 3467 4196 χρόνου
3518 4128 3746 4199 ὀφθῆναι

2168 4211 2257 4262 τὸν
2284 4211 2510 4280 ποιητὴν
2525 4212 2632 4263 τῶν
2654 4212 2861 4284 χρόνων
2891 4232 2905 4246 ο
2936 4215 3143 4284 χαίρων
3195 4218 3284 4268 ἐπὶ
3308 4217 3389 4288 τῷ
3412 4221 3632 4292 μεγάλῳ
3658 4224 3750 4293 ἐρ-

2167 4319 2250 4372 γῳ
2279 4302 2466 4368 αὐτοῦ,
2497 4306 2562 4377 τῇ
2586 4304 2890 4375 ἀνθρώπων
2922 4306 3205 4378 ἐλευθερία
3250 4311 3343 4362 καὶ
3388 4314 3705 4381 προσενέξει
3734 4333 3748 4346 ·

2171 4393 2250 4446 ὅτι
2304 4393 2718 4457 καταπαλαίσας
2775 4396 2866 4448 τὸν
2927 4398 3191 4468 ἀήττητον
3243 4395 3382 4452 εἷναι
3447 4404 3752 4471 νομίσαντα

498 4497 808 4566 passionem
857 4509 922 4548 ac
962 4501 1214 4557 mortem,
1260 4492 1408 4546 dedit
1447 4492 1496 4546 ei
1530 4493 1694 4545 Pater
1739 4502 2051 4561 potestateu.

2172 4487 2267 4540 καὶ
2288 4487 2619 4557 καταλήψειν
2645 4489 2719 4550 ὡς
2739 4491 2983 4543 νεοσσιὰν
3003 4493 3071 4544 τὰ
3105 4493 3337 4563 πέρατα,
3362 4494 3460 4564 τῆς
3481 4497 3750 4567 τυράννου

501 4593 555 4645 in
586 4591 788 4654 omnia,
821 4598 931 4642 tum
964 4602 1086 4657 quae
1123 4587 1174 4639 iu
1211 4588 1371 4652 caelo,
1401 4594 1514 4639 tum
1539 4602 1659 4655 qua:
1684 4597 1812 4639 sunt
1833 4587 2067 4640 interra.

500 4683 658 4736 Dedit
683 4687 1028 4749 potestatem,
1061 4676 1179 4743 ejus
1213 4677 1516 4744 subjicicns
1548 4675 1776 4745 pedibus
1797 4677 1959 4729 etiam
1991 4675 2074 4728 in-

501 4776 644 4828 vitos
693 4775 879 4826 hostes
905 4771 974 4832 ⁸⁸,
1009 4777 1277 4838 quotquot
1303 4783 1527 4836 regnum
1577 4767 1697 4834 ejus
1727 4777 2069 4834 respuerant.

505 4863 832 4916 Clarilieavit
875 4874 1115 4927 namque
1160 4856 1529 4925 Unigenitum,
1566 4871 1627 4909 ea
1667 4856 1860 4925 gloria,
1904 4870 2068 4924 quam

508 4955 699 5008 habuit
724 4954 1036 5021 priusquam
1074 4950 1311 5003 tnundus
1336 4949 1490 5001 lieret
1521 4961 1583 5000 ac
1609 4957 1896 5016 antequam
1935 4957 2068 5002 tem-

501 5061 695 5117 porum
726 5045 974 5098 conditor
994 5043 1221 5112 tempori
1274 5041 1556 5108 subjectus
1588 5049 1872 5107 appareret
1903 5054 2069 5107 :gau-

501 5142 638 5194 deus
685 5138 965 5199 nimirum,
997 5138 1067 5190 ob
1103 5149 1356 5204 magnum
1392 5133 1523 5186 illud
1553 5133 1620 5186 ab
1670 5132 1791 5202 ipso
1817 5132 2070 5199 designa-

502 5242 618 5285 tum
645 5247 817 5300 opus;
841 5230 910 5283 ob
932 5228 1178 5281 homines
1210 5227 1421 5282 scilicet
1447 5224 1686 5278 libertati
1718 5231 1959 5278 assertos
2005 5239 2068 5277 ac

503 5325 825 5377 conciliatos
843 5341 856 5375 :
877 5323 1042 5391 quod,
1067 5323 1308 5390 inquam,
1336 5320 1607 5376 debellato
1630 5333 1694 5373 eo
1717 5318 1808 5388 qui
1834 5318 2066 5371 invictus

502 5415 813 5477 videbatur,
875 5413 1078 5480 quique
1119 5413 1252 5466 lines
1287 5424 1446 5466 terra;
1487 5410 1660 5465 niduli
1704 5410 1875 5464 instar
1909 5423 2061 5462 com-

503 5509 901 5578 prehensurum
938 5519 997 5558 se
1025 5505 1286 5573 jactabat,
1326 5522 1356 5561 e
1409 5506 1624 5577 tyranni
1662 5519 1756 5560 eos
1799 5504 2066 5572 eripuerit

507 5596 783 5660 manibus,
815 5595 1030 5665 Deoque
1069 5611 1131 5650 ac
1150 5594 1293 5651 Patri
1321 5598 1601 5663 obtulerit,
1623 5611 1685 5651 ac
1714 5596 1764 5652 ei
1799 5595 2064 5650 concilia-

581 5773 624 5804 ⁸⁸
652 5771 807 5826 Joan.
845 5790 974 5828 avri.
1017 5776 1110 5830 ΞΟ.

2172 4579 2351 4651 χειρὸς
2386 4580 2722 4652 ἐξαρπάσας,
2753 4585 3069 4653 προσήγαγε
3117 4585 3196 4655 τῷ
3232 4585 3351 4657 Θεῷ
3409 4591 3502 4640 καὶ
3551 4591 3751 4662 Πατρὶ,

2169 4671 2258 4724 διὰ
2287 4672 2384 4741 τῆς
2413 4674 2604 4743 ἐκείνῳ
2637 4675 2950 4744 πρεπούσης
2976 4679 3306 4748 οἰκονομίας.
3366 4682 3613 4750 Ἐπρεπε
3642 4686 3751 4755 γὰρ

2168 4762 2302 4816 Θεοῦ
2327 4763 2391 4816 δι’
2411 4763 2615 4834 ἄφατον
2655 4767 2965 4838 ἀγαθότητα
3007 4768 3153 4822 λύειν
3185 4771 3274 4823 τὸν
3321 4773 3608 4842 ἄνθρωπον
3656 4778 3750 4828 εύ..

2165 4856 2496 4929 δοκήσαντος
2529 4853 2603 4912 ὧν
2627 4860 2807 4930 ἔνοχος
2830 4857 2920 4931 ἦν,
2949 4862 3042 4914 καὶ
3068 4866 3146 4927 εἰς
3172 4866 3536 4936 κληρονομίαν
3567 4887 3747 4939 παρα-

2168 4950 2696 5019 λαμϐάνοντος,Υίὸν
2715 4949 2851 5006 εἶναι
2882 4959 2972 5006 τὸν
3005 4955 3162 5009 τοῦτο
3197 4960 3745 5028 πραγματευόμενον.

2168 5043 2308 5096 Οὔτε
2348 5047 2455 5114 γὰρ
2490 5045 2667 5112 Πατρὶ
2697 5045 2757 5096 τὸ
2789 5047 2887 5114 τῆς
2917 5047 3053 5116 πρὸς
3089 5050 3234 5118 ἡμᾶς
3255 5051 3471 5120 ὁμιλίας
3506 5053 3746 5124 ἥρμοζεν

2165 5137 2345 5207 ἔργον,
2376 5138 2461 5190 ἵνα
2485 5139 2559 5208 μὴ
2579 5139 2671 5190 τοῦ
2696 5140 2882 5209 Πατὴρ
2904 5136 3044 5194 εἶναι
3065 5142 3396 5211 μετάστασιν
3432 5146 3618 5209 πάθοι,
3650 5150 3749 5200 καὶ

2166 5229 2300 5297 πρὸς
2351 5229 2447 5297 τὴν
2485 5229 2576 5281 τοῦ
2612 5230 2737 5282 Υίοῦ
2778 5233 2947 5297 τάξιν,
2979 5235 3073 5287 καὶ
3125 5237 3379 5304 χρονικὴν
3409 5237 3611 5301 αἰτίαν,
3654 5240 3750 5294 καὶ

2166 5319 2340 5381 αἰτίας
2375 5320 2631 5373 ἐπέκεινα
2661 5323 3046 5395 καταδέξηται.
3088 5325 3249 5378 Ἀλλά
3281 5327 3390 5398 γὰρ
3414 5329 3539 5381 οὐδὲ
3572 5331 3748 5382 Πνεύο

2169 5427 2318 5477 ματι.
2347 5409 2482 5463 Οὔτε
2507 5411 2615 5480 γὰρ
2641 5412 2832 5483 ἐκείνῳ
2855 5415 2990 5485 πρὸς
3040 5416 3139 5485 τὴν
3193 5416 3322 5470 Υίοῦ
3373 5421 3749 5490 προσηγορίαν

2165 5499 2255 5551 διὰ
2295 5498 2386 5552 τοῦ
2412 5503 2572 5553 τόκου
2608 5504 2884 5572 προσῆκον
2927 5501 2995 5576 ἦν
3033 5507 3427 5578 μετατετάχθαι
3469 5525 3484 5540 ⁸
3543 5511 3641 5562 καὶ
3688 5513 3750 5564 τὸ

2169 5588 2299 5641 αὐτὸ
2319 5587 2412 5641 νῦν
2459 5591 2557 5660 μὲν
2588 5592 2830 5663 Πνεῦμα,
2854 5595 2948 5648 νῦν
2963 5596 3018 5649 δὲ
3049 5595 3174 5651 Υίὸν
3205 5593 3342 5652 εἶναι
3376 5615 3389 5630 ·
3425 5600 3520 5655 καὶ
3547 5602 3748 5672 φύρσιν
