3992 6204
170 343 244 403 73
1038 327 1040 334 “
1102 346 1380 408 ORATIO
1416 350 1551 410 vn.
1589 374 1658 385 —
1691 350 1772 412 IN
1812 353 2108 414 FESTUM
2161 355 2602 418 PALMARUM.
3396 365 3468 427 7t

180 459 238 508 ὲν
268 457 335 524 τῇ
383 455 684 522 συνεκτικῇ
737 451 918 522 πάσης
949 453 1202 519 εὐταξίας
1242 457 1435 528 Τριάδι
1483 462 1786 528 γεγονέναι.
1820 514 1827 523 ,

1932 467 2061 528 erit,
2113 480 2175 520 ea
2234 466 2684 535 dispensatione,
2751 482 2912 537 quam
2990 477 3048 521 ut
3087 480 3300 539 gereret
3352 473 3468 538 ipse

179 547 289 602 Ἦν
309 544 408 602 οὖν
430 548 582 608 εἰκὸς
610 546 738 599 Υίδν
762 547 1092 616 διῳκηκέναι
1118 549 1180 601 τὸ
1203 550 1302 619 τῆς
1330 552 1652 623 εὐεργεσίας
1684 573 1785 623 μυ-

1932 573 2197 627 ongruum
2234 559 2355 612 fuit.
2381 559 2614 614 Decebat
2635 559 2776 614 cnim
2800 570 2877 626 ut,
2905 577 3029 615 cum
3055 562 3471 619 ineli'abiliDeus

192 645 439 713 στήριον,
485 641 550 703 ὃς
580 640 685 692 οὐκ
726 637 874 709 εἶχεν
925 641 1169 712 ἀνάγκην
1206 648 1632 715 καινοτομήσειν
1688 649 1786 719 τὴν

1937 650 2143 702 onitate
2174 649 2242 702 ab
2296 649 2360 703 iis
2383 650 2658 703 hominem
2693 652 2976 706 absolvere
3003 654 3299 720 statuisset,
3325 671 3462 725 quo-

191 733 594 804 προσηγορίαν,
619 728 688 804 ἦς
720 732 1078 802 ἐκληρονόμει
1115 773 1130 795 ,
1159 734 1398 788 οὐδὲτοῦ
1451 738 1583 792 ἰδίου
1621 757 1786 808 μετα-

1932 758 2018 795 um
2046 743 2334 798 tenebatur
2365 758 2515 807 reus,
2549 757 2612 797 ac
2647 743 2698 796 in
2729 743 3100 798 baereditatem
3151 745 3456 811 asciscere,

189 827 377 896 στῆναι
414 843 429 857 ·
450 825 658 894 ἔμελλε
687 826 766 887 δὲ,
791 825 982 896 ὥσπερ
1006 826 1234 891 ἀπαθῶς
1264 831 1327 881 ὲκ
1352 831 1566 896 Πατρός
1597 850 1793 902 γεννη-

1932 836 1952 888 1
2006 835 2147 889 alius
2211 843 2407 903 prater
2467 834 2663 888 Filittm
2717 852 2822 888 non
2882 843 3181 906 perageret.
3245 835 3463 892 Minime

185 921 296 984 θεὶς
332 917 404 991 ἦν
427 917 586 981 Υἱὸς,
623 916 801 980 οὕτως
828 917 1053 981 ἀπαθῶς
1081 921 1144 971 ὲκ
1179 920 1383 992 μητρὸς
1431 925 1793 996 κυοφορηθεὶς

1932 943 2139 998 iamque
2167 936 2618 997 congruum'erat
2654 937 2711 982 nt
2735 928 2898 982 Pater
2929 930 3072 982 inter
3097 945 3198 984 nos
3221 946 3469 983 versare-

186 1012 452 1081 ὕπάρξειν
469 1011 593 1073 υἱὸς
623 1012 718 1062 καὶ
749 1009 981 1078 ἀδελφὸς
1003 1012 1179 1080 ἡμῶν,
1209 1013 1319 1065 τῶν
1353 1015 1443 1066 ἐπὶ
1465 1016 1665 1086 κλῆρον
1693 1035 1793 1069 κα-

1932 1037 2014 1085 ur,
2057 1036 2121 1075 ac
2173 1021 2326 1075 ﬁeret
2360 1021 2544 1083 homo,
2581 1036 2648 1073 ne
2674 1020 2850 1074 Patris
2874 1022 2989 1089 ipse
3019 1022 3285 1075 rationem
3317 1020 3476 1073 amit-

184 1101 786 1175 λουμένων,γεγονὼς.
822 1103 891 1155 τά
938 1103 1183 1171 ἀδελφοῖς
1237 1106 1622 1178 ὲπιπρέποντα
1687 1110 1796 1162 τῶν

1932 1121 2072 1177 cret,
2133 1127 2194 1164 ac
2238 1112 2290 1163 in
2341 1111 2464 1164 Filii
2531 1109 2777 1163 ordinem
2827 1111 3255 1180 temporalisque
3312 1119 3470 1165 ortus

185 1198 457 1269 zzzpojxav
505 1195 1000 1265 συγκληρονὸμους
1025 1197 1381 1266 παραλαϐεῖν.
1444 1201 1517 1251 Οὐ
1550 1200 1656 1270 μὴν
1687 1201 1798 1253 οὐδ’

1932 1202 2237 1271 irincipium
2255 1201 2616 1272 redigeretur,
2649 1201 2739 1270 qui
2769 1201 2915 1254 omni
2947 1202 3223 1270 principio
3254 1216 3317 1256 ac
3345 1217 3477 1255 cau-

183 1290 289 1362 εἶχε
321 1293 516 1359 λόγον,
551 1291 652 1343 τὸν
681 1290 849 1355 Νοῦν,
881 1289 998 1362 ἢτὺ
1031 1291 1253 1362 Πνεῦμα
1275 1296 1340 1364 τῇ
1373 1294 1619 1367 ἡμετέρᾳ
1637 1313 1799 1366 περι-

1932 1311 1968 1346 .a
1997 1294 2252 1363 superior
2287 1303 2392 1348 est.
2443 1292 2544 1347 Sed
2584 1308 2762 1362 neque
2813 1291 3074 1361 Spiritum
3105 1301 3354 1347 sanctum
3388 1309 3474 1347 res

181 1383 458 1454 τραφῆναι
522 1380 811 1451 παχύτητι
849 1397 863 1412 ³
931 1381 1047 1434 ἀλλ’
1099 1378 1167 1453 ἦν
1219 1385 1420 1437 οἰκεῖον
1472 1385 1562 1438 τὸν
1606 1387 1799 1454 Λόγονν

1932 1383 2158 1436 leceliat.
2185 1381 2318 1434 Nam
2338 1398 2511 1450 neque
2526 1399 2648 1436 eum
2684 1398 2780 1452 par
2803 1391 2921 1434 erat
2945 1382 2998 1435 in
3020 1381 3141 1434 Filii
3168 1384 3475 1452 proprieta-

181 1479 363 1545 ὥσπερ
381 1476 478 1529 διά
494 1477 680 1544 τόμου
708 1475 811 1544 τῆς
837 1476 1099 1546 σαρκίνης
1127 1477 1584 1547 παχύτητος,τοῖς
1612 1480 1691 1542 είς
1713 1478 1802 1531 τὸν

1932 1491 2018 1526 μτηι
2057 1489 2120 1527 ac
2168 1474 2584 1543 appellationem
2613 1474 2662 1526 vi
2693 1474 3060 1543 generationis
3089 1476 3360 1538 transire;
3393 1486 3480 1526 IIl-

184 1570 376 1637 κλῆρον
395 1566 807 1635 εἰσαγομένοις
837 1567 1258 1638 προσομιλῆσαι.
1276 1563 1453 1621 Ἧκεν
1472 1569 1563 1622 οὖν
1614 1573 1688 1641 μὴ
1725 1571 1805 1621 δι-

1932 1583 2019 1636 lue
2063 1566 2203 1619 idem
2242 1567 2406 1618 modo
2447 1564 2691 1634 Spiritus
2725 1575 2893 1625 esset,
2937 1566 3096 1619 modo
3123 1565 3336 1623 Filius:
3369 1567 3478 1620 sic-

194 1662 454 1728 επτμὼς,
473 1659 608 1713 Ξθεν
646 1658 898 1729 ὥρμητο.
927 1659 1060 1712 Οὐδὲ
1091 1661 1197 1729 γὰρ
1213 1662 1495 1724 διάστασις
1518 1661 1687 1733 ὁρίζει
1711 1664 1803 1716 τον

1932 1669 2021 1723 pte
2049 1653 2101 1707 in
2135 1665 2326 1708 sancta
2358 1653 2652 1713 Trinitate.
2685 1670 2805 1724 quae
2835 1669 3050 1710 omnem
3097 1658 3481 1725 complectitur

206 1752 385 1803 πὰν-τα
409 1749 728 1818 πληροῦντα
752 1748 894 1811 οὐδὲ,
928 1749 1019 1800 τοῦ
1040 1751 1427 1820 γεγεννηκότος
1456 1751 1567 1804 Νοῦ
1604 1753 1804 1806 ἀποτέ-

1932 1745 2184 1809 )rdinem,
2230 1745 2480 1800 confusio
2529 1763 2590 1800 ac
2615 1749 2929 1802 commistio
2960 1748 3220 1803 oriretur.
3268 1750 3479 1803 Conve-

219 1859 409 1911 τμηται
439 1844 465 1893 ό
489 1843 694 1909 Λόγος.
725 1840 939 1893 οὐκοῦν
970 1841 1078 1893 οὐδ’
1102 1842 1376 1912 ἐζημίωσε
1403 1845 1530 1906 τοὺς
1548 1845 1809 1914 γεννήτο-

1932 1838 2073 1890 tiens
2104 1836 2272 1905 igitur
2293 1845 2490 1892 eratut
2523 1837 2696 1893 Filius
2746 1840 3122 1894 beneﬁcentiae
3169 1839 3335 1908 hujus
3365 1857 3481 1910 rny‘

219 1951 305 2002 ρας
324 1934 579 1997 κόλπους,
596 1932 717 1986 οὐδ’
742 1929 904 1995 αὐτὸς
927 1931 1134 2003 ὑπέστη
1158 1931 1363 2002 ζημίαν
1385 1937 1451 2004 τῇ
1468 1934 1717 1996 κενώσει,
1741 1929 1809 2006 ἦς

1932 1928 2143 1982 iterium
2188 1938 2504 1998 perageret;
2545 1946 2702 1998 quem
2741 1930 2876 1984 nihil
2916 1945 3142 1986 necesse
3177 1941 3322 1987 esset
3359 1948 3478 1986 eam

210 2023 304 2094 εἶχε
335 2027 528 2095 δόξης,
558 2025 658 2078 διὰ
701 2025 766 2077 τὸ
799 2024 894 2078 τοῦ
924 2024 1363 2096 προσληφθέντος
1393 2026 1602 2091 ἄδοξον.
1650 2027 1795 2079 Ἀλλ’

1936 2036 2176 2075 nnovare
2200 2023 2643 2090 appellationem,
2671 2041 2833 2092 quam
2861 2033 3059 2078 natura
3085 2026 3320 2088 obtinet,
3351 2037 3475 2081 aut-

196 2121 238 2170 εἰ
262 2118 379 2186 χρὴ
411 2119 620 2182 φάναι.
653 2116 732 2185 τῷ
755 2115 956 2185 πλήρει
1026 2115 1346 2185 προσθήκην
1365 2117 1487 2169 τινὰ
1505 2118 1806 2185 γεγονέναι,

1932 2129 1977 2168 re
2011 2129 2039 2167 a
2087 2129 2186 2168 sua
2231 2115 2562 2184 pr0prictate
2592 2116 2874 2172 excedere.
2916 2116 3034 2182 Qua
3089 2118 3236 2172 enim
3272 2120 3482 2174 ratione

198 2208 546 2278 προσθήκην
576 2211 645 2259 ὲκ
663 2209 757 2277 τῆς
774 2210 905 2278 περὶ
925 2209 1073 2278 ἡμᾶς
1093 2209 1404 2278 οἰκονομίας
1424 2209 1580 2278 δόξης
1601 2209 1803 2262 λαϐών·

1932 2223 1979 2262 2x
2009 2206 2169 2261 Patre
2211 2206 2357 2260 nulla
2401 2207 2657 2276 passione
2697 2216 2858 2262 natus
2903 2206 3078 2262 Filius
3108 2216 3249 2274 erat,
3291 2211 3372 2262 sic
3427 2218 3483 2262 et

200 2299 326 2353 ἀνθ’
363 2293 446 2352 ὧν
478 2295 564 2361 οἷς
590 2300 685 2353 οὐκ
711 2295 776 2367 ἧν
805 2300 982 2362 ἄλλως
1002 2299 1061 2352 εὖ
1082 2301 1385 2367 γεγονέναι,
1415 2299 1607 2370 ὥσπερ
1635 2301 1694 2354 ὲν
1716 2301 1803 2353 τό-

1932 2301 2033 2355 sine
2068 2299 2326 2370 passione
2358 2315 2424 2353 ex
2461 2299 2656 2353 matris
2688 2309 2847 2354 utero
2874 2310 3170 2370 susceptus
3215 2311 3483 2370 partuque

211 2407 324 2458 μῳ,
339 2392 408 2459 τῇ
429 2390 658 2442 ἐκείνων
681 2391 954 2460 παχύτητι
974 2390 1584 2460 ὀραθεὶςβξαγγελεύς
1607 2407 1672 2444 τε
1691 2391 1812 2460 ἅμα

1932 2394 2116 2455 aditus,
2153 2391 2328 2447 Filius
2352 2401 2470 2447 erat
2505 2392 2727 2448 futurus
2753 2437 2769 2460 ,
2808 2405 3104 2465 nosterque
3127 2393 3354 2450 eﬂ‘ectus
3373 2394 3482 2448 fra-

206 2479 320 2548 τῆς
355 2481 640 2550 μεγάλης
682 2481 928 2549 ,ϐουλῆς
971 2482 1163 2550 γέγονε
1201 2483 1296 2536 καὶ
1341 2483 1592 2553 ποιητὴς,
1631 2483 1811 2537 καὶτὸ

1932 2497 2016 2544 ετ,
2048 2482 2140 2552 qui
2168 2482 2236 2536 ad
2267 2483 2638 2536 hrereditatem
2676 2497 2960 2549 vocamur,
2995 2493 3350 2554 paternorum
3386 2501 3485 2539 nos

213 2574 390 2644 πάσης
417 2575 748 2646 ἐκπλήξεως
771 2575 1040 2630 ἐπέκεινα
1061 2575 1222 2646 ἔργον
1246 2576 1460 2646 πληροῖ,
1488 2576 1578 2629 τὸν
1598 2576 1692 2630 ἀνθ
1703 2594 1809 2646 ρω-

1932 2591 2182 2629 ›οηοιίιιη
2239 2575 2553 2631 colizercdes
2574 2585 2987 2647 assumpturus,
3017 2577 3162 2648 quod
3201 2580 3343 2634 inter
3375 2578 3487 2633 fra—

216 2683 309 2718 πον
331 2666 637 2731 θεοποιῶν,
662 2667 761 2720 καὶ
803 2667 1048 2729 καθίζων
1097 2670 1156 2720 ὲν
1185 2666 1360 2737 Θρόνῳ
1411 2667 1490 2738 τῷ
1518 2667 1796 2738 πατρικῷ.

1940 2682 2027 2721 res
2049 2667 2187 2721 solet
2229 2668 2372 2732 ﬁeri,
2407 2683 2471 2721 ac
2499 2666 2699 2722 fratres
2733 2669 2912 2724 decet.
2941 2670 3009 2722 At
3035 2685 3214 2739 neque
3257 2669 3488 2724 decebat

220 2769 279 2812 ut
319 2759 475 2816 Mens
518 2760 663 2829 (25),
701 2770 795 2814 aut
835 2759 1098 2828 Spiritus,
1146 2761 1322 2814 nostri
1365 2762 1616 2830 corporis
1659 2762 1801 2815 male
1839 2761 2428 2816 circumscriberentur
2462 2779 2475 2814 :
2508 2761 2602 2816 sed
2659 2762 2817 2830 plane
2893 2771 3010 2816 erat
3057 2778 3360 2832 congruum
3429 2771 3490 2815 ut

223 2853 481 2918 Verbum,
511 2856 668 2908 velut
699 2871 794 2924 per
821 2863 1027 2908 tomum
1057 2869 1122 2908 ac
1145 2855 1267 2908 libri
1294 2870 1517 2925 corpus,
1549 2871 1644 2924 per
1660 2865 1863 2909 nostra:
1886 2856 2070 2909 carnis
2107 2856 2327 2916 molem,
2401 2855 2467 2908 iis
2503 2851 2889 2910 consuesceret
2957 2855 3049 2924 qui
3116 2855 3181 2908 ad
3252 2855 3484 2910 haeredi-

225 2956 379 3002 tatem
403 2946 804 3002 introducendi
833 2954 1040 3002 essent.
1074 2945 1235 3000 Venit
1262 2948 1447 3017 itaque
1488 2964 1594 3002 non
1627 2947 1888 3002 derelicto
1916 2949 2058 3010 loco,
2088 2963 2156 3002 ex
2182 2961 2292 3016 quo
2327 2947 2608 3016 profectus
2673 2956 2810 3001 erat.
2874 2946 3061 3018 Neque
3123 2947 3272 3002 enim
3333 2963 3484 3009 eum.

223 3045 310 3109 qui
343 3045 535 3098 omnia
585 3044 805 3112 implet,
848 3045 955 3097 ulla
1003 3043 1265 3099 distantia
1312 3055 1564 3116 segregat
1606 3063 1621 3098 :
1666 3061 1844 3115 neque
1917 3043 2156 3100 Verbum
2204 3044 2274 3099 ab
2320 3044 2600 3100 intellectu
2660 3057 2952 3116 generante
3011 3045 3263 3124 recessit.
3321 3044 3490 3114 Igitur

225 3151 393 3205 neque
418 3135 671 3191 Paterno
704 3137 912 3205 gremio
940 3137 1106 3191 ullum
1152 3137 1411 3191 damnum
1444 3139 1668 3204 attulit,
1701 3155 1875 3210 neque
1899 3140 2076 3209 ipsum
2129 3139 2451 3194 detrimenti
2496 3139 2706 3209 aliquid
2770 3139 2940 3196 subiit
2995 3156 3101 3209 qua
3169 3155 3229 3194 se
3301 3140 3489 3194 exina-

225 3231 356 3282 nirit
402 3230 536 3298 ejus
581 3244 750 3298 quam
813 3231 1001 3286 habuit
1039 3231 1246 3302 gloriae,
1284 3239 1509 3301 propter
1551 3234 1806 3288 humanm
1839 3241 2050 3288 natura:
2109 3232 2401 3304 inglorium
2430 3241 2772 3301 assumptam
2836 3231 3236 3287 conditionem.
3320 3230 3490 3296 Quin-

227 3324 352 3384 imo,
385 3323 430 3376 si
470 3325 548 3374 ita
575 3321 662 3376 fas
686 3323 889 3389 dicere,
921 3329 1290 3379 accessionem
1321 3325 1556 3395 aliquam
1587 3327 1635 3380 ei
1682 3325 1825 3395 quod
1880 3335 1966 3380 est
2025 3327 2244 3397 plenum
2283 3326 2482 3382 factam
2512 3342 2653 3390 esse,
2679 3326 2997 3380 accessione
3021 3326 3160 3379 facta
3189 3326 3374 3394 gloria:
3423 3342 3488 3379 ex

227 3414 443 3476 humani
481 3415 706 3484 generis
737 3414 1050 3484 dispensata
1077 3417 1297 3483 salute;
1335 3417 1479 3487 quod
1522 3434 1611 3473 res
1643 3419 1803 3472 aliter
1843 3433 2086 3487 congrue
2115 3419 2320 3473 habere
2346 3432 2454 3472 non
2500 3425 2706 3487 posset,
2753 3418 2808 3471 in
2879 3425 3069 3470 nostra
3126 3416 3292 3478 mole,
3366 3425 3490 3468 tau-

226 3518 384 3566 quam
414 3509 470 3560 in
498 3517 678 3571 tomo,
711 3511 1058 3579 perspicuum
1089 3528 1148 3566 se
1199 3527 1264 3565 ac
1292 3513 1466 3566 oculis
1494 3513 1798 3582 subjectum
1839 3513 2094 3576 reddens,
2133 3520 2247 3564 tum
2296 3511 2474 3580 magni
2503 3510 2717 3564 consilii
2765 3514 2980 3579 angelus
3011 3509 3056 3539 ⁸⁷
3085 3547 3103 3573 ,
3159 3515 3272 3558 tum
3336 3519 3493 3558 exse-

228 3612 382 3652 cutor
405 3599 647 3656 effectus
673 3614 796 3666 est,
826 3617 1073 3673 opusque
1105 3604 1268 3669 illud,
1295 3605 1443 3674 quod
1478 3621 1692 3660 omnem
1717 3605 2138 3660 admirationem
2193 3611 2440 3674 superat,
2473 3602 2694 3672 implet;
2758 3610 2818 3655 ut
2887 3598 3146 3654 nimirum
3215 3596 3494 3650 hominem

230 3696 430 3748 deitate
464 3694 662 3754 donet,
698 3695 839 3754 acip
875 3704 1105 3762 paterno
1141 3697 1279 3751 solio
1303 3697 1554 3751 collocet.

307 3788 449 3842 Ἀλλ’
484 3781 535 3840 ὦ
572 3787 741 3854 Λόγε,
773 3787 863 3840 διὰ
891 3789 992 3858 τὴν
1018 3789 1247 3860 ἄχρονον
1285 3792 1348 3842 ἐκ
1383 3789 1596 3859 Πατρὸς
1623 3789 1816 3857 γέννη-

1993 3784 2098 3840 Sed
2127 3799 2160 3836 o
2186 3781 2450 3846 Verbum,
2487 3780 2558 3836 ob
2591 3781 2736 3835 illam
2769 3795 2835 3834 ex
2859 3780 3022 3838 Patre
3059 3785 3317 3834 mternam
3350 3778 3493 3833 nati-

236 3897 348 3944 σιν,
375 3879 475 3932 καὶ
514 3878 795 3947 ἄνθρωπε,
831 3873 1041 3950 διά’τὴν
1074 3881 1130 3932 ὲν
1163 3881 1339 3952 χρόνῳ
1368 3882 1431 3932 ὲκ
1454 3881 1656 3951 μητρὸς
1680 3879 1816 3931 ἀπό-

235 3972 412 4036 τεξινί
457 3967 535 4022 Ὠ
595 3969 759 4038 σοφία
804 3971 898 4022 κα)⁸
936 3971 1278 4039 ἀπαύγασμα
1332 3973 1426 4025 καὶ
1470 3970 1601 4041 ζωὴ,
1634 3971 1722 4039 ὑφ’
1752 3965 1821 4042 ἦς

239 4063 618 4114 araxira-.1:
656 4060 922 4123 θάνατοςί
966 4063 1030 4114 Ὢ
1057 4062 1123 4114 δι’
1168 4056 1230 4116 οὗ
1255 4063 1443 4133 Πατὴρ
1479 4061 1816 4132 ἐφανερώθη,

242 4155 326 4206 καὶ
349 4155 497 4208 Πνεύ
508 4169 683 4220 ματος
710 4153 946 4223 ποταμοὶ
969 4156 1026 4205 ἐν
1054 4154 1361 4224 ἀνθρώποις
1397 4153 1674 4226 ἐρρύησαν
1705 4156 1716 4207 !
1751 4150 1822 4206 Ὦ

244 4247 404 4314 Τρι-ἀς
426 4247 569 4312 ἁγία
610 4245 802 4299 ἐνώσει
830 4247 1209 4318 διαιρουμένη,
1238 4249 1333 4301 καὶ¹
1369 4247 1635 4319 διαιρέσει
1697 4265 1825 4300 συν-

249 4343 543 4410 απτομένη,
569 4340 633 4390 ὲν
662 4342 811 4408 τρισὶ
842 4340 1156 4412 προσώποις
1191 4335 1272 4406 εἷς
1301 4341 1432 4405 Θεὸς
1494 4340 1776 4412 ὁμοούσιος

249 4430 549 4502 [Ep-(arca!
575 4449 660 4484 σοι
692 4431 801 4483 τῶν
830 4433 1112 4502 ἡμετέρων
1134 4433 1309 4501 λόγων
1335 4431 1494 4486 τοῦτο
1549 4431 1827 4503 ἀνάθημα,

249 4521 658 4590 προθυμηθέντι
687 4520 787 4590 μὲν
807 4524 886 4585 είς
917 4523 1015 4592 σὴν
1044 4524 1210 4594 τιμὴν
1229 4523 1290 4576 τὸ
1309 4523 1468 4594 ἔργον
1514 4523 1828 4590 διενεγκεῖν,

247 4611 302 4660 οὗ
353 4611 804 4681 συγχωρουμὲνῳ
847 4612 903 4664 δὲ
943 4615 1021 4676 εἰς
1045 4613 1170 4667 ὅσον
1216 4613 1458 4684 καθῆκεν
1494 4613 1698 4684 ἀκριϐῆ
1733 4613 1830 4685 τὴν

251 4702 506 4770 ἐργασίαν
536 4705 716 4755 ποιεῖν
747 4703 852 4755 ὑπὸ
901 4704 999 4774 τῆς
1045 4705 1321 4775 προνοίας,
1441 4704 1672 4777 κρίμασι
1720 4707 1833 4768 τοῖς

253 4796 364 4855 σοῖς
407 4794 759 4864 ἑνδεδέμεθα.
808 4797 952 4866 Ἤδη
997 4796 1105 4868 γάρ
1141 4799 1235 4850 καὶ
1265 4797 1360 4850 νῦν
1384 4797 1574 4869 ὥσπερ
1604 4796 1831 4860 ἑαυτοὺς

250 4884 558 4951 ἡρπακότες
600 4885 702 4956 τῆς
735 4885 843 4941 τῶν
866 4888 1210 4958 πραγμάτων
1235 4889 1514 4960 ἀσχολίας,
1545 4888 1688 4943 κατά
1730 4889 1830 4958 τὴν

315 5022 360 5054 ³⁷
403 5021 513 5078 lsa.
555 5037 638 5087 Ix,
671 5021 727 5077 6.

1923 3878 2168 3940 vitalem,
2205 3889 2270 3929 ac
2303 3875 2467 3928 homo
2493 3873 2562 3927 ob
2597 3873 2952 3944 temporalem
2967 3879 3150 3926 ortum
3176 3887 3242 3926 ex
3273 3880 3446 3924 matre
3474 3872 3488 3924 !

1923 3969 1966 4026 Ο
2012 3970 2304 4038 sapientia,
2344 3965 2715 4036 splendorque
2770 3976 2824 4021 et
2875 3965 3022 4028 vita,
3086 3963 3248 4034 cujus
3282 3963 3505 4018 viribus

1925 4077 2073 4116 mors
2105 4061 2206 4114 l'uit
2228 4060 2524 4127 absorpta!
2563 4057 2608 4112 0
2640 4073 2735 4128 per
2772 4073 2933 4128 quem
2961 4057 3123 4112 Pater
3175 4055 3498 4111 manifesta—

1925 4163 2015 4208 tus
2047 4161 2152 4218 est,
2190 4168 2253 4207 ac
2282 4152 2526 4222 Spiritus
2567 4149 2793 4204 (lumina
2828 4151 2970 4204 iuter
3015 4150 3270 4204 homines
3301 4148 3500 4204 decur-

1928 4247 2156 4300 rerunt!
2195 4246 2236 4297 0
2273 4253 2464 4298 sancta
2497 4241 2766 4305 Trinitas,
2814 4240 3022 4294 unitate
3059 4238 3258 4304 divisa,
3303 4253 3367 4292 ac
3412 4238 3498 4293 di-

1926 4337 2139 4390 visione
2171 4337 2346 4396 unita,
2375 4334 2428 4386 iu
2450 4332 2628 4386 tribus
2654 4331 2908 4400 personis
2927 4344 3070 4382 unus
3089 4327 3232 4382 Deus
3257 4327 3498 4381 cousub-

1929 4427 2202 4484 stantialis
2235 4427 2249 4479 l
2284 4423 2464 4480 Hocce
2491 4422 2589 4476 tibi
2632 4430 2834 4474 nostrae
2863 4419 3128 4474 orationis
3153 4418 3497 4472 elaboratum

1928 4528 2012 4574 est
2059 4531 2297 4581 munus;
2355 4528 2480 4568 cum
2533 4511 2652 4581 ipse
2695 4509 2943 4579 quidem,
2979 4516 3039 4562 ut
3089 4509 3143 4562 in
3178 4517 3328 4562 tuum
3361 4522 3501 4575 opus

1933 4611 2195 4666 honorem
2221 4607 2456 4672 cederet,
2493 4617 2885 4675 percuperem;
2936 4617 3125 4656 verum
3181 4601 3283 4656 sim
3316 4598 3502 4668 prohi-

1939 4705 2110 4768 bitus,
2160 4701 2456 4772 quominus
2505 4713 2607 4765 ea,
2646 4712 2752 4767 qua
2800 4709 2898 4764 par
2952 4701 3070 4748 erat
3110 4690 3390 4760 diligentia
3437 4702 3502 4742 ac

1939 4797 2121 4850 studio
2162 4794 2500 4848 absolverem
2539 4810 2551 4845 :
2580 4800 2744 4860 atque
2784 4787 2838 4842 id
2869 4787 3040 4850 curis,
3071 4784 3292 4855 quibus,
3337 4789 3391 4836 te
3423 4780 3496 4833 ita

1935 4890 2172 4954 volente,
2213 4886 2564 4943 distinemur.
2623 4882 2756 4937 Nam
2798 4891 2853 4936 et
2894 4893 3043 4934 nunc
3074 4889 3292 4947 quoque
3336 4871 3496 4944 quasi

1763 5115 1997 5172 ΝΟΤᾸΞ.

317 5213 430 5284 (25)
470 5211 540 5267 Ut
565 5210 1164 5284 Mens,Aaut_Spiritnk.
1205 5208 1349 5284 Νοῦς
1395 5208 1430 5280 ἦ
1455 5209 1833 5284 ΔΠνεῦμαεῐδιι-

257 5290 330 5335 ter
347 5280 572 5338 scilicet
598 5284 694 5352 qui
716 5282 869 5338 Mens
891 5281 1240 5352 intelligitur,
1267 5283 1412 5334 velut
1435 5281 1660 5336 deitatis
1687 5280 1828 5352 fons,

257 5368 313 5405 ex
351 5371 471 5419 quo
505 5350 777 5416 Ver-bum,
801 5360 855 5405 et
888 5355 1085 5415 Amor;
1111 5351 1285 5406 Filius
1318 5353 1556 5414 scilicet,
1607 5367 1670 5405 ac
1702 5350 1828 5419 Spi-

259 5425 386 5478 ritus
410 5435 670 5480 sanr-tus.
713 5423 791 5478 Ex
824 5421 1021 5476 Mentis
1046 5437 1176 5492 ergo
1223 5430 1276 5492 et
1330 5421 1573 5492 Spiritus
1618 5422 1829 5476 ratione

260 5504 396 5550 recte
417 5496 632 5565 colligit
665 5510 777 5546 non
808 5493 982 5547 fuisse
1013 5491 1348 5565 conveniens
1379 5493 1462 5546 vel
1492 5491 1830 5565 Patrem__in-

261 5568 491 5627 carnari,
525 5560 609 5619 vél
651 5565 927 5633 Spiritum
951 5573 1200 5633 sanctum
1234 5580 1252 5633 γε
1287 5563 1425 5616 bene
1473 5571 1654 5633 autem
1698 5560 1833 5615 Ver-

263 5633 404 5700 bum,
438 5637 603 5705 cujus
632 5631 710 5690 sit
734 5637 790 5688 in
823 5631 1328 5705 Tomo,_seu_Libro
1359 5634 1560 5705 sens_i_le
1596 5632 1734 5705 fieri,
1770 5645 1834 5684 ac

269 5701 662 5762 :ircumscribi.
718 5705 908 5760 Grets.
936 5703 1084 5757 nulla
1121 5702 1338 5765 Mentis,
1370 5713 1462 5756 aut
1483 5701 1639 5755 Tomi
1683 5718 1836 5754 men-

267 5775 423 5847 done,
460 5779 598 5834 nihil
651 5775 918 5834 subtilem
961 5775 1205 5829 auctoris
1255 5788 1480 5830 sensqu
1533 5772 1831 5843 exprimit;

1936 5206 2080 5278 apud
2120 5219 2298 5278 quem
2341 5202 2508 5278 etiam
2545 5213 2827 5278 perperam
2875 5196 2944 5250 δι’
2981 5193 3497 5278 ἀτόμουαιεοῑῑρῑιιιη

1935 5266 2043 5342 est,
2075 5266 2197 5348 pro,
2227 5273 2519 5348 staLTépou
2541 5266 2663 5348 ’ζυιί
2689 5270 2851 5348 paulo
2878 5279 3001 5337 post
3029 5266 3244 5348 repetit.
3264 5273 3457 5348 auctor
3483 5279 3498 5316 :

1936 5332 2148 5417 ’Ὠσπερ
2184 5332 2244 5398 ἒν
2293 5332 2476 5417 Τόμῲ,
2517 5344 2583 5410 τῇ
2616 5332 2846 5417 ἐκέίνων
2878 5332 3173 5417 ῖπαχιξτητι
3225 5332 3499 5404 ὁρασθείς,

1935 5421 2026 5473 ubi
2065 5408 2228 5471 etiam
2285 5408 3044 5478 Gt'étserqdisplicetTomi
3106 5421 3330 5468 nomen,
3383 5420 3495 5478 seu

1939 5489 2125 5552 Libri;
2159 5485 2303 5554 quod
2331 5499 2423 5537 rex
2464 5476 2750 5554 theologus
2782 5496 2847 5533 ex
2879 5476 3505 5554 pruplteta‘evangelista

1939 5542 2150 5626 accepit
2177 5542 2192 5609 Ξ
2220 5555 2366 5609 Λάϐε
2402 5551 2611 5626 σεαυτῷ
2643 5542 2820 5626 ’ἰδόμαν
2850 5542 2999 5602 νεου’
3027 5546 3262 5618 μεγάλου
3281 5542 3506 5626 '_'Sume

1943 5631 2033 5682 tibi
2067 5617 2287 5682 Tantum
2337 5625 2454 5679 novi
2503 5617 2700 5693 ma‘gui,
2722 5617 2849 5676 ’lsa.
2884 5617 3037 5686 vui,
3064 5633 3240 5688 eoque
3273 5617 3501 5672 charum

1943 5701 2106 5754 toties
2143 5696 2358 5766 repetit.
