4070 6210
441 337 508 394 75
1655 329 1927 388 LEONIS
1967 329 2055 386 PH

2157 327 2425 386 DSOPHI
3614 323 3684 383 76

443 462 543 500 nos
572 460 638 497 cx
668 440 1125 511 occupationibus
1160 439 1410 494 suﬂurati
1439 481 1453 503 ,
1485 452 1583 507 pro
1615 436 1875 490 facultate
1910 452 2006 487 no-
2036 447 2055 497 Α

2157 436 2214 486 αἱ
2238 433 2331 486 σοῦ
2368 430 2778 501 χορηγηθεῐσαν
2823 430 3092 499 μυστικὴν
3141 430 3345 499 κρόκην
3399 430 3499 497 τῆς
3546 431 3689 496 γνὼ-

441 539 523 591 his
554 553 582 589 a
616 546 667 590 te
690 549 976 599 concessa,
1000 534 1052 586 in
1084 534 1316 603 gloriam
1340 542 1393 586 et
1420 534 1679 585 honorem
1714 532 1876 583 unius
1904 528 1998 581 Doi

2157 538 2243 582 ιως
2279 537 2292 550 ·
2332 521 2408 589 τῷ
2440 520 2520 572 ἐνὶ
2549 518 2845 588 τιμωμένῳ
2875 520 2932 571 ἑν
2963 518 3153 588 Τριάδι
3184 519 3303 587 Θεῷ
3352 520 3409 570 ἐν
3460 519 3691 589 ἡμερῶν

441 627 531 695 qui
576 624 630 678 in
659 621 927 678 Trinitate
980 624 1257 682 adorator,
1293 623 1431 673 hanc
1474 621 1773 673 orationem
1820 620 2001 673 tribus

2157 610 2295 679 ριάδι
2324 612 2401 672 είς
2451 608 2626 671 δόξαν,
2675 608 2769 661 καὶ
2802 608 3021 661 ἔπαινον
3058 608 3117 659 τὸ
3157 608 3328 677 δῶρον
3369 608 3695 677 ἐξειργασά-

444 717 636 771 diebus
669 716 1110 784 composuimus;
1144 713 1267 781 quia
1294 722 1346 766 te
1375 713 1531 766 decet
1567 712 1742 765 honor
1767 711 2002 780 etgloria

2157 704 2273 755 εθα·
2294 704 2377 755 ὅτι
2414 702 2498 753 σοὶ
2536 701 2735 770 πρέπει
2763 701 2894 770 τιμὴ
2928 702 3021 753 καὶ
3043 700 3169 765 δόξα
3201 702 3279 763 εἰς
3305 700 3428 762 τοὺς
3460 701 3691 764 αἰῶνας.

444 813 499 864 in
534 810 754 871 smcula,
776 808 967 861 Amen.

2157 800 2316 867 ὶμήν.

1009 956 1265 1015 ORATIO
1305 955 1438 1010 VIII.

2737 955 2952 1008 ΛυΓΟΣ
2980 955 3059 1005 H'.

449 1112 507 1161 In
560 1107 933 1160 extractionem
995 1100 1368 1154 venerabilium
1422 1116 1482 1150 ac
1544 1106 2006 1150 sacroaamtorum

522 1178 810 1234 clavorum,
854 1175 943 1241 qui
994 1173 1149 1239 inﬁxi
1184 1172 1403 1241 fuerqu
1446 1171 1499 1220 in
1541 1183 1755 1232 corpore
1800 1167 2012 1219 Domini

523 1247 689 1300 nostri
714 1245 841 1297 .lesu
868 1240 1116 1303 Christi;
1141 1252 1186 1293 et
1224 1244 1275 1292 iu
1303 1240 1467 1293 divini
1497 1240 1730 1302 corporis
1770 1240 2012 1304 sepultu-

523 1315 856 1439 ramz‘zgfcta
904 1324 982 1368 est
1022 1321 1211 1365 sancta
1267 1326 1329 1362 ac
1392 1326 1586 1378 magna
1634 1308 1718 1360 die
1753 1307 2013 1360 Parasce-

527 1405 610 1439 ves
772 1425 784 1437 .

527 1405 610 1441 ves
648 1388 759 1455 (‘26)
772 1425 784 1437 .

2115 1096 2221 1179 Είς
2249 1095 2378 1179 ⁸τὴν·
2417 1095 2888 1179 ἀςτοκᾳθήλωισιν
2939 1091 3057 1179 τῷν
3098 1094 3302 1179 ζιμίων
3358 1094 3459 1147 καὶ
3506 1094 3701 1174 style»-

2187 1165 2375 1229 ἥλων,
2409 1165 2527 1244 {dir
2564 1163 3037 1244 ἐμπαρέητωγ-ἐν
3066 1162 3538 1244 τερ-,Δεσπιξτικῷ
3559 1162 3701 1218 ήσώ-

2182 1250 2321 1322 μειτι
2337 1235 2451 1322 Ξοῇ
2474 1237 2694 1302 Κυρίου
2713 1233 2889 1322 ’δήμῷν
2914 1233 3118 1319 Ἰηςοῦ
3146 1234 3403 1312 Χριστοῦ
3429 1251 3443 1264 ·
3480 1236 3577 1287 καὶ
3617 1237 3705 1299 εἰς

2190 1303 2311 1390 τὴς
2332 1307 2634 1390 (leg-cremor
2659 1304 2845 1382 αὑξοῦ
2885 1303 3099 1370 ταφήν.
3154 1303 3228 1371 Τῇ
3269 1305 3408 1373 ἁγίᾳ
3460 1306 3557 1357 καί
3599 1320 3708 1374 με⁸

2197 1373 2355 1441 τάλῃ
2392 1372 2777 1441 Παρασκευῇ.

1634 1487 1943 1558 (COIBEFIS.
1976 1488 2191 1539 Auctar.
2234 1502 2356 1555 pag.
2387 1488 2567 1557 I675.)

528 1616 573 1670 0
602 1614 939 1669 tremendum
970 1611 1285 1681 mysterium
1313 1607 1581 1661 universa:
1602 1611 1886 1663 creaturae,
1908 1612 2022 1655 tum
2053 1606 2101 1663 B

463 1709 696 1775 ('(BICSII,
746 1715 860 1760 tum
907 1703 1228 1758 mundanae!
1290 1702 1331 1753 Ο
1374 1698 1739 1767 mysterium,
1790 1692 2022 1746 miriﬁca

462 1801 667 1859 omnia.
703 1814 823 1868 quae
871 1814 900 1851 a
934 1794 1134 1848 mundo
1162 1790 1386 1846 condito
1432 1792 1751 1846 evenerunt,
1799 1797 1896 1837 sua
1930 1780 2026 1834 ad-

465 1890 816 1946 mirabilitate
850 1889 1007 1955 longe
1038 1880 1415 1952 exsuperans!
1450 1878 1614 1932 Plane
1644 1875 1868 1944 dignum
1904 1882 2026 1928 stu-

470 1999 618 2053 pore,
650 1989 898 2035 materno
931 1978 1097 2031 Deum
1129 1974 1249 2044 capi
1273 1982 1449 2035 utero,
1474 1979 1528 2024 et
1557 1983 1679 2023 cum
1714 1963 2029 2019 hominibus

466 2073 804 2135 conversari,
856 2087 920 2125 ac
958 2072 1004 2126 si
1048 2086 1153 2139 qua
1198 2068 1302 2121 alia
1354 2068 1604 2118 humanae
1643 2059 1837 2115 salutis
1861 2072 2028 2111 causa

469 2180 619 2238 gesta
651 2168 873 2222 luerunt
906 2180 969 2219 ac
1013 2166 1330 2232 dispensata
1367 2179 1380 2213 :
1413 2157 1650 2211 voluisse
1678 2162 1857 2207 autem
1885 2164 2031 2202 mor-

471 2271 577 2315 tem
600 2268 875 2329 oppetere,
911 2256 961 2310 id
994 2264 1259 2325 quantum
1293 2251 1359 2304 ad
1397 2247 1808 2303 inclinatiomnn
1854 2240 2035 2295 humi-

475 2358 604 2421 lius,
635 2365 842 2409 tantum
880 2354 945 2407 ad
974 2362 1253 2421 stuporem
1282 2347 1595 2403 sublimius.
1629 2343 1770 2407 Quid
1802 2342 1848 2394 ei
1872 2340 2036 2394 retrio

2205 1608 2267 1659 Ὢ
2286 1607 2515 1677 φρικτοῦ
2543 1610 2847 1679 μυστηρίου
2880 1610 3028 1681 πάσῃ
3052 1612 3120 1679 τῇ
3154 1609 3329 1662 κτίσει
3361 1648 3377 1672 ,
3407 1608 3505 1678 ὅση
3534 1607 3707 1679 ὑπερ-

2124 1700 2394 1770 ουράνιος,
2427 1702 2633 1773 καὶὸση
2666 1703 2987 1771 ὲγκόσμιοςί
3029 1703 3093 1754 Ὢ
3132 1700 3435 1772 μυστηρίου
3492 1701 3625 1766 πᾶν,
3658 1700 3712 1752 εί

2126 1809 2178 1844 τι
2211 1792 2512 1859 παράδοξον
2545 1792 2601 1858 ἐξ
2632 1792 2827 1856 αἰῶνος
2855 1792 3129 1862 ἐπράχθη,
3161 1789 3610 1862 ἀποκρύπτοντος
3630 1789 3711 1861 τῷ

2130 1885 2449 1956 παραδόξῳί
2481 1886 2780 1955 Ἐκπληξις
2812 1885 2913 1956 μὲν
2938 1886 3046 1956 γὰρ
3063 1885 3193 1938 Θεὸν
3216 1887 3275 1937 ὲν
3307 1885 3485 1955 μήτρᾳ
3510 1901 3707 1951 γυναι-

2131 1978 2225 2040 κὸς
2276 1977 2610 2048 χωρηθῆναι,
2670 1978 2762 2031 καλ⁵
2810 1976 3117 2045 ἀνθρώποις
3173 1975 3709 2045 συναναστραφῆναι,

2131 2072 2226 2124 καὶ
2274 2072 2341 2124 τὰ
2388 2071 2543 2132 ἄλλα,
2586 2072 2683 2124 ὅσα
2715 2072 2793 2134 είς
2844 2069 3001 2140 ἡμῶν
3043 2070 3319 2137 σωτηρίαν
3349 2067 3703 2137 ᾠκονομήθηο

2134 2163 2269 2217 ἀλλὰ
2301 2162 2361 2215 τὸ
2393 2163 2681 2232 εύδοκῆσαι
2719 2162 2934 2231 θανάτῳ
2958 2160 3216 2229 ὁμιλῆσαι
3238 2161 3361 2212 ὅσον
3393 2161 3472 2222 είς
3505 2175 3710 2225 συγκα-

2135 2258 2361 2313 τάὸασιν
2398 2260 2675 2321 ταπεινὸν,
2713 2259 2963 2311 τοσοῦτον
2990 2260 3069 2321 είς
3094 2256 3357 2325 ἔκπληξιν
3386 2255 3608 2325 ὑψηλόν.
3646 2254 3715 2306 Τί

2136 2350 2524 2420 ἁνταποδῶμεν
2546 2350 2623 2421 τῷ
2647 2350 2818 2413 οὕτως
2842 2350 2987 2421 ἡμᾶς
3025 2350 3373 2418 ἁγαπήσαντι
3402 2365 3415 2413 ;
3458 2347 3573 2399 Οὐκ
3616 2347 3718 2416 ἧρ-

475 2453 702 2505 buemus
727 2449 821 2518 qui
853 2462 955 2501 nos
995 2446 1129 2499 adeo
1155 2441 1388 2496 dilexit?
1419 2440 1532 2493 Non
1562 2437 1695 2491 satis
1744 2434 1847 2488 fuit
1877 2432 2036 2488 honi-

475 2545 571 2598 Iati
602 2543 743 2611 ejus,
774 2551 831 2595 ut
855 2556 975 2601 nos,
1011 2555 1133 2593 cum
1166 2552 1275 2591 non
1308 2549 1584 2595 essemus,
1624 2545 1843 2599 propria
1872 2542 2037 2581 manu

476 2639 773 2702 conderet,
828 2635 1232 2705 injuriososque
1281 2645 1345 2683 ac
1378 2644 1472 2683 eos
1508 2627 1599 2696 qui
1643 2627 1693 2677 in
1737 2620 2038 2675 adversarii

478 2748 661 2806 partes
694 2733 1184 2791 concessissemus,
1215 2728 1366 2781 mille
1401 2724 1578 2778 modis
1606 2720 1673 2774 ad
1705 2734 1763 2773 se
1794 2716 2042 2771 traduce-

478 2839 582 2895 ret,
623 2838 785 2897 atque
811 2835 868 2879 ut
896 2836 1057 2878 tanta:
1074 2819 1335 2875 bonitatis
1360 2818 1413 2871 in
1441 2832 1539 2870 nos
1560 2814 1771 2867 collata:
1793 2809 2041 2880 praemio,

2140 2465 2226 2501 κει
2254 2449 2319 2516 τῇ
2348 2445 2512 2500 αὑτοῦ
2564 2443 2859 2511 ἀγαθότητι
2914 2440 3363 2511 πλαστούργῆσαι
3422 2438 3495 2509 μὴ
3553 2439 3718 2502 ὄντας

2142 2540 2367 2609 παλάμῃ
2403 2528 2580 2608 οίκείᾳξ
2604 2554 2618 2567 ⁸
2651 2537 2770 2590 οὐδὲ
2810 2536 3159 2605 ὑϐρίσαντας,
3184 2534 3279 2586 καὶ
3308 2534 3445 2603 μετὰ
3475 2531 3570 2584 τοῦ
3623 2533 3721 2583 ἀνα

2142 2632 2363 2685 τιπάλου
2426 2629 2744 2698 γενομένους
2809 2627 3031 2697 μυρίαις
3096 2625 3373 2687 ὲπιὸολαῖς
3433 2622 3721 2694 μεθέλκειν

2143 2726 2279 2796 πρὸς
2306 2724 2516 2788 ἑαυτὸν,
2561 2721 2694 2791 μηδὲ
2742 2722 2806 2773 ἐκ
2851 2720 2945 2772 τοῦ
2985 2719 3251 2787 τοσαύτης
3302 2712 3723 2775 ἀπολαύσαντας

2144 2819 2529 2891 χρηστότητος,
2553 2814 2724 2876 οὓτως
2755 2812 2941 2873 κακῶς
2987 2809 3290 2864 διακεῖσθαι
3319 2805 3723 2877 παροργισθὼ-

483 2926 563 2978 sic
595 2922 737 2977 male
767 2922 820 2974 in
847 2919 981 2972 iram
1016 2924 1344 2985 provocatus
1366 2911 1593 2964 haberet
1627 2922 1641 2960 :
1676 2905 1807 2974 quin
1844 2912 1897 2957 ct
1946 2916 2042 2954 us-

2157 2930 2215 2965 τα
2251 2909 2426 2964 ’κάλλά
2450 2908 2544 2961 καὶ
2578 2907 2739 2976 μέχρι
2778 2904 2966 2958 παθῶν
2998 2903 3241 2956 κατιέναι
3274 2900 3341 2953 δι’
3370 2900 3515 2968 ἡμᾶς
3566 2896 3724 2949 εὐδο-

483 3032 591 3085 que
612 3015 676 3069 ad
709 3012 990 3067 cruciatus
1034 3025 1097 3062 ac
1130 3016 1361 3060 mortem
1390 3004 1649 3072 dignatur
1672 2995 2004 3051 descendere
2029 3013 2041 3047 :

488 3115 657 3176 utque
685 3105 723 3159 ii
760 3118 897 3173 quos
934 3115 1034 3171 par
1053 3107 1175 3151 erat
1202 3110 1311 3151 non
1337 3108 1445 3147 uno
1476 3089 1670 3144 mortis
1698 3101 1917 3155 genere,
1950 3082 2043 3138 sed

491 3192 982 3252 innumerabilibus
1015 3204 1112 3259 pro
1129 3194 1280 3241 reatu
1306 3184 1527 3254 punire,
1555 3193 1586 3231 a
1615 3184 1788 3230 morte
1816 3174 2051 3227 liberen-

490 3298 601 3351 tur,
638 3286 902 3341 Dominus
925 3278 1408 3345 congrediturcum
1441 3279 1613 3324 morte
1643 3261 2050 3333 :congreditur,

492 3384 549 3429 nl.
578 3389 687 3429 non
726 3371 989 3432 vincitur,
1010 3366 1091 3421 vel
1122 3371 1360 3419 tenetur.
1382 3359 1536 3412 Licet
1561 3354 1708 3409 enim
1745 3352 1798 3403 in
1832 3362 2049 3402 arenam

490 3480 616 3519 cum
657 3470 853 3526 morte,
898 3472 1020 3528 qua:
1065 3468 1237 3525 genus
1268 3453 1568 3506 humanum
1600 3440 2051 3514 persequebatur,

493 3555 810 3617 descendat,
862 3552 915 3606 id
949 3560 1127 3604 tamen
1158 3560 1225 3601 eo
1254 3542 1486 3598 consilio
1547 3536 1696 3597 facit,
1754 3542 1814 3585 ut
1848 3528 2054 3583 insolu-

497 3651 700 3707 bilibus
723 3635 1382 3704 constrictam‘vincuiis,
1417 3632 1483 3687 ab
1512 3624 1763 3684 ulleriori
1809 3636 1926 3676 eam
1959 3619 2057 3671 im-

497 3744 776 3812 pressione
808 3756 873 3795 ae
908 3735 1311 3808 persecutione,
1353 3727 1491 3783 nihil
1522 3723 1651 3778 inde
1697 3722 1823 3773 lmsa
1873 3712 2057 3769 divina

500 3808 721 3895 virtute,
744 3830 1017 3884 cohibeat.
1046 3825 1161 3880 [Ioc
1183 3835 1403 3893 quoque
1430 3818 1560 3872 olim
1592 3814 1700 3866 Deo
1728 3808 1906 3862 aIIlata
1935 3819 2061 3874 pro-

502 3924 787 3991 phetarum
819 3934 914 3973 ora
942 3917 1224 3986 prolocuta
1256 3919 1420 3963 sunt:
1450 3909 1679 3971 Propter
1710 3905 1933 3969 peccata
1968 3908 2065 3963 po—

500 4016 609 4084 puli
644 4014 771 4073 mei,
813 4011 880 4064 ad
915 4016 1147 4062 mortem
1195 4004 1392 4057 ductus
1444 4014 1565 4053 surn
1603 4012 1619 4059 ;
1676 3994 1927 4048 Creator,
1969 4001 2066 4054 pro

503 4114 796 4169 creatura;
842 4103 1049 4172 justus,
1092 4112 1189 4167 pro
1231 4092 1481 4159 iniustis;
1519 4102 1616 4157 pro
1644 4085 1841 4144 servis,
1885 4081 2067 4133 Domi-

506 4214 641 4263 nus;
668 4198 805 4259 Itex,
840 4209 935 4264 pro
986 4192 1114 4244 rcis.
1151 4189 1336 4256 Neque
1378 4186 1481 4238 hoc
1511 4183 1709 4244 solum,
1744 4180 1837 4234 sed
1870 4179 2069 4248 quibus

2150 3007 2269 3058 κεῖ·
2303 3002 2397 3056 καὶ
2418 3002 2512 3063 οὒς
2537 3001 2635 3069 οὐχ
2664 3000 2743 3051 ἐνὶ
2778 2997 3011 3065 θανάτῳ,
3054 2992 3191 3048 ἀλλὰ
3236 2992 3448 3062 μυρίοις
3486 2989 3591 3041 ἔδει
3639 2988 3728 3040 δο-

2152 3098 2338 3165 θῆναι,
2384 3093 2451 3147 ἵν’
2504 3086 2651 3145 οὗτοι
2694 3090 2926 3143 θανάτου
2969 3084 3351 3155 λυτρωθῶσιν,
3382 3084 3409 3135 ὀ
3446 3080 3727 3148 Δεσπότης

2153 3188 2370 3257 θανάτῳ
2399 3182 2790 3254 συμπλέκεται.
2816 3178 3215 3249 Συμπλέκεται,
3248 3174 3359 3228 ἀλλ’
3408 3173 3469 3226 ού
3508 3173 3730 3242 κρατεῖ-

2152 3299 2263 3334 ται.
2314 3280 2376 3331 Et
2436 3277 2545 3347 γὰρ
2581 3276 2675 3328 καὶ
2728 3274 2861 3343 πρὸς
2912 3270 3227 3340 συμπλοκὴν
3248 3268 3324 3337 τῷ
3358 3267 3571 3336 θανάτῳ
3597 3263 3729 3316 διώ-

2154 3389 2305 3427 κοντι
2324 3371 2383 3422 τὸ
2411 3369 2565 3437 γένος
2585 3367 2834 3437 καθίησιν
2848 3362 3183 3426 ὲαυτὸν,άλλ’
3211 3362 3274 3414 ἵν’
3298 3360 3493 3430 ἐπίσχῃ
3510 3359 3731 3426 δεσμοῖς

2158 3464 2372 3526 ἀλύτοις
2400 3462 2559 3515 αὐτὸν
2589 3464 2687 3530 τῆς
2736 3459 2827 3511 ἐπὶ
2886 3459 2947 3510 τὸ
2983 3455 3217 3524 πρόσθεν
3249 3454 3423 3524 ὁρμῆς
3471 3452 3565 3504 καὶ
3602 3449 3733 3502 διὼο

2159 3559 2313 3625 ξεως,
2351 3554 2515 3624 μηδὲν
2545 3553 2641 3621 τῆς
2681 3550 2830 3614 θείας
2875 3548 3157 3621 δυνάμεως
3200 3548 3263 3601 ἐκ
3288 3544 3474 3600 τούτου
3524 3540 3733 3612 καμού-

2162 3665 2282 3720 σης.
2314 3642 2612 3714 Ῥοῦτσᾶρα
2635 3645 2727 3696 καὶ
2756 3639 3158 3710 θεοφορούμενα
3173 3637 3324 3707 χείλη
3355 3633 3518 3688 πάλαι
3558 3629 3732 3700 προῦ-

2163 3746 2318 3811 λεγεν
2350 3758 2363 3770 ο
2404 3739 2573 3807 ’Υπὲρ
2600 3736 2707 3789 τῶν
2736 3733 3017 3804 ἁμαρτιῶν
3046 3730 3139 3784 τοῦ
3162 3729 3292 3782 λαοῦ
3321 3744 3419 3797 μου
3443 3725 3617 3794 ῆχθην
3653 3724 3732 3783 εἰς

2166 3833 2411 3887 θάνατον.
2445 3828 2616 3893 ’Υπὲρ
2668 3824 2761 3877 τοῦ
2800 3822 3147 3891 πλάσματος,
3192 3822 3219 3872 ὁ
3249 3817 3499 3882 Πλάστης
3525 3829 3539 3843 ·
3590 3812 3736 3880 ὑπὲρ

2167 3924 2385 3984 ἀδίκων,
2436 3923 2464 3973 ὁ
2502 3919 2704 3979 δίκαιος
2730 3931 2743 3944 ·
2788 3914 2928 3983 ὑπὲρ
2970 3912 3078 3965 τῶν
3115 3910 3316 3964 δούλων
3358 3910 3387 3960 ὀ
3412 3904 3691 3971 Δεσπότης
3716 3919 3732 3932 ο

2170 4015 2309 4084 ὑπὲρ
2346 4013 2454 4064 τῶν
2488 4008 2855 4079 κατακρίτων,
2902 4006 2931 4057 ὁ
2978 4003 3263 4064 Βασιλεύς.
3309 4000 3421 4053 Καὶ
3469 3997 3529 4050 ού
3574 3993 3735 4047 τοῦτο

2175 4107 2351 4177 μόνον,
2380 4102 2493 4155 ἀλλ’
2522 4102 2657 4168 ὑπὲρ
2686 4094 2760 4153 ὧν
2806 4098 2904 4169 τὴν
2943 4096 3217 4166 σωτηρίαν
3263 4088 3732 4163 πραγματεύεται,

2175 4192 2278 4245 ὑπὸ
2298 4188 2500 4243 τούτων
2522 4184 2971 4258 τραυματίζεται.
3007 4185 3128 4237 Ἵνα
3156 4183 3266 4253 γὰρ
3314 4180 3600 4252 ἄνθρωπος
3628 4177 3738 4228 ὰπ-

506 4293 738 4347 salutem
770 4295 1049 4360 procurrat,
1075 4284 1141 4337 ab
1174 4282 1257 4335 his
1277 4280 1615 4332 vulneratur.
1642 4271 1712 4327 Ut
1737 4270 1881 4325 enim
1907 4269 2055 4322 homc

2176 4283 2530 4353 αθανατισθῇ,
2569 4280 2789 4351 γεύεται
2848 4280 3080 4333 θανάτου
3108 4277 3273 4338 Θεὸς⁸
3320 4274 3414 4327 καὶ
3468 4268 3743 4339 τολμῶσιν

509 4384 833 4441 immortalis
858 4380 971 4443 ﬁat,
999 4377 1143 4431 Deus
1176 4381 1405 4428 mortem
1443 4376 1660 4439 gustat;
1691 4380 1789 4419 uec
1816 4364 2071 4417 homines

508 4498 536 4533 a
579 4484 734 4531 tanto
765 4475 1144 4528 absterrentur
1195 4450 1463 4518 facinore.
1513 4458 1673 4513 Venit
1704 4456 1771 4509 ad
1820 4454 2071 4523 captivos

508 4570 859 4636 Redemptor,
913 4560 1223 4631 ingratique
1288 4554 1588 4609 solventem
1643 4549 1822 4618 ipsum
1876 4546 2069 4614 ligant.

508 4661 671 4717 Venit
697 4656 946 4711 medicus
980 4653 1047 4705 ad
1080 4663 1257 4719 aegros
1285 4665 1299 4713 ;
1350 4647 1495 4713 iique
1518 4642 1813 4713 gratiarum
1836 4638 2073 4692 actionis

514 4755 631 4805 loco
663 4748 838 4805 eidem
867 4742 1115 4813 inﬂigunt
1134 4740 1380 4793 vulnera.
1420 4736 1577 4789 Venit
1604 4734 1856 4787 Salvator
1889 4730 1955 4782 ad
1979 4742 2074 4783 eos

513 4846 606 4913 qui
629 4859 723 4913 per
773 4841 979 4911 lignum
1040 4832 1355 4904 periissem,
1406 4837 1570 4895 atque
1620 4824 1689 4878 ab
1729 4823 1797 4877 iis
1838 4823 1893 4875 in
1927 4822 2075 4890 ligno

514 4930 842 4987 extenditur.
884 4929 961 4982 Ac
986 4938 1162 4995 neque
1210 4921 1475 4975 hactenus
1520 4916 1696 4983 iisque
1732 4914 2076 4967 cruciamen-

517 5030 590 5081 tis
619 5038 684 5079 ac
731 5029 906 5075 morte
930 5020 1065 5073 iram
1110 5012 1388 5070 deﬁnitam
1440 5010 1668 5071 volunt;
1728 5005 1859 5075 quin
1911 5006 2075 5059 etiam

2174 4377 2451 4446 ἂνθρωποι
2470 4375 2529 4426 τὸ
2546 4370 2871 4443 ἐγχείρημα.
2892 4371 2950 4423 Ὀ
2976 4367 3255 4438 λυτρωτὴς
3278 4364 3615 4435 παρεγένετο
3629 4361 3742 4421 τοῖς

2175 4465 2541 4539 αἰχμαλώτοις
2567 4482 2579 4495 ·
2623 4465 2717 4517 καὶ
2753 4464 2802 4517 οἱ
2846 4462 3129 4531 ἀχάριστοι
3170 4456 3428 4526 δεσμοῦσι
3464 4454 3555 4506 τὸν
3583 4452 3743 4504 λύον-

2173 4579 2263 4616 τα.
2308 4559 2541 4625 Ἐπέστη
2562 4558 2671 4619 τοῖς
2703 4552 3018 4607 ἀσθενοῦσιν
3046 4554 3073 4604 ὁ
3101 4551 3283 4622 ἱατρός
3319 4565 3332 4579 ·
3392 4547 3483 4600 καὶ
3499 4546 3622 4598 ἀντὶ
3650 4541 3746 4595 τοῦ

2176 4654 2333 4723 χάριν
2360 4650 2556 4702 εἰδέναι
2602 4648 2698 4716 τῆς
2732 4645 3044 4713 θεραπείας,
3075 4641 3414 4712 τραυματίαν
3467 4634 3750 4689 δεικνύου-

2184 4737 2472 4798 σιν,τΗλθε
2494 4741 2605 4802 τοῖς
2631 4736 2931 4792 ἀπολωλόσι
2959 4735 3043 4789 διὰ
3067 4734 3222 4798 ξύλου
3251 4732 3437 4801 Σωτήρ
3456 4741 3471 4757 ⁶
3509 4726 3607 4781 καὶ
3647 4726 3748 4779 αύ-

2182 4837 2273 4888 τὸν
2310 4835 2401 4886 ἐπὶ
2426 4832 2583 4897 ξύλου
2613 4828 2917 4882 ταννύουσι.
2935 4829 3045 4882 Καὶ
3074 4826 3195 4879 οὐδὲ
3245 4824 3407 4893 μέχρι
3438 4819 3627 4872 τούτου
3649 4817 3750 4885 τὴν

2185 4927 2367 4978 ἄδικον
2406 4924 2576 4994 ὀργὴν
2610 4920 2985 4981 ίκαταλύουσιν
3027 4935 3040 4949 ·
3074 4916 3188 4970 ἀλλ’
3234 4913 3613 4984 ὲποργίζονται
3653 4909 3746 4959 καὶ

2188 5022 2399 5073 θανόντι
2448 5039 2457 5049 ι
2490 5019 2581 5071 καί
2620 5034 2700 5069 τοι
2726 5017 2813 5069 καὶ
2847 5015 2980 5084 πρὸς
3012 5012 3240 5084 ἐχθροὺς
3278 5010 3563 5081 εὐμένειαν
3596 5006 3755 5073 φέρει

1988 5201 2218 5256 NOTAE.

593 5317 703 5388 (26)
731 5312 974 5388 Primam
1004 5268 1190 5364 hauc'e
1213 5320 1409 5360 novem
1437 5317 1467 5356 e
1495 5298 1756 5388 Bavarica
1782 5294 2079 5388 bibliqthe-

522 5367 869 5444 ca‘Ediderat
907 5380 1200 5434 Grctserus
1228 5396 1241 5431 :
1266 5390 1373 5446 quo
1397 5379 1720 5446 argumento
1746 5375 1965 5446 exstant
2002 5367 2082 5416 lu-

523 5436 909 5513 culentissima:
954 5436 1604 5513 Grmcorum-oratirmes.
1640 5439 1721 5493 Ad
1773 5436 1952 5513 magni
1990 5450 2084 5502 po-

527 5505 917 5583 tius-sabbati
976 5522 1119 5575 diem
1152 5528 1397 5587 spectare
1435 5512 1674 5587 videtur,
1713 5524 1878 5587 quam
1915 5505 2083 5587 Pani-a-

527 5613 717 5654 sceves
747 5614 758 5648 :
784 5574 975 5647 utnon
1007 5574 1231 5644 omnin
1259 5585 1478 5655 probem
1512 5581 1654 5655 quofl
1687 5574 1845 5631 titulo
1868 5574 2087 5644 praefer-

528 5684 642 5730 tur,
688 5668 751 5737 τῇ
780 5666 911 5730 ἁγία
940 5664 1036 5737 καὶ
1079 5654 1288 5737 μεγάλῃ
1321 5654 1676 5737 Παρασκευῇ·
1733 5664 1855 5702 cum
1898 5654 2089 5727 auctor

531 5717 799 5812 iS-ééciﬁim
817 5717 1054 5791 celebret
1077 5717 1218 5785 diem
1240 5717 1549 5795 septimam,
1570 5719 1796 5788 ejusque
1820 5717 2078 5785 requiem,

2182 5280 2580 5357 rmva‘operum
2633 5283 2965 5357 cessatione,
3006 5296 3071 5336 ac
3110 5295 3335 5348 operum
3367 5272 3754 5357 recreationis.

2180 5349 2603 5417 consecratam:
2644 5356 2720 5409 uti
2772 5353 2949 5422 primo
2983 5359 3300 5422 consecrata
3365 5349 3761 5422 fueratncessa-

2183 5413 2331 5485 tione
2364 5443 2589 5497 operum
2642 5413 2960 5497 creatiouis.
3022 5420 3182 5497 Forte
3236 5422 3382 5475 dicta
3426 5416 3497 5471 sit
3523 5413 3611 5466 die
3638 5415 3760 5497 ipsa

2182 5484 2549 5561 Par-asceves;
2605 5495 2699 5549 sed
2765 5501 3020 5563 vergente
3069 5491 3153 5563 ad_
3189 5502 3500 5563 vesperam,
3538 5484 3761 5563 quando

2180 5554 2291 5643 iam
2328 5572 2471 5643 velut
2520 5554 2809 5643 inchoante
2838 5554 3099 5643 ‘Svahhato,
3132 5554 3425 5616 Dominica:
3464 5554 3760 5620 sepultut'a'

2194 5635 2454 5696 memoria
2488 5637 2651 5693 recoli
2684 5635 3000 5704 incipiebat.
