4070 6210
312 313 381 372 77
943 311 1223 374 ORATIO
1258 317 1420 378 VIII.
1451 341 1521 352 -·
1548 316 1630 377 ΙΝ
1669 282 2225 377 DEPOSITIONEM
2263 319 2632 378 CORPORIS
2667 320 2993 381 CHRISTI.
3485 325 3554 384 78

314 424 574 482 θάνατος.
616 422 729 474 Νῦν
789 421 847 473 δὲ
898 422 989 475 τὸν
1037 427 1332 500 εὐεργέτην
1384 427 1792 491 θανατώσαντες
1828 426 1888 479 ού

1998 440 2214 483 mortuo
2265 431 2596 495 irascuntur,
2647 433 2862 486 tametsi
2908 448 3054 486 mors
3091 432 3144 484 in
3171 433 3319 502 ip-zos
3341 452 3555 503 quoque

315 515 627 586 πραΰνουσι
663 517 786 573 τοὺς
816 515 1043 586 θυμούς.

388 607 566 661 Ηάλαι
605 608 705 678 μὲν
733 609 826 662 οὖν
862 613 891 664 6
922 611 1247 681 δημαγωγὸς
1288 613 1501 685 Ἰσραὴλ
1560 613 1832 684 Μωῦσῆς’,
1865 613 1896 665 6

314 700 406 752 τὸν
435 700 710 771 ἡμέτερον
747 744 763 767 ,
797 703 996 771 μᾶλλον
1062 704 1152 770 δὲ,
1193 707 1448 760 κάκείνου
1484 709 1762 778 Δεσπότην
1816 713 1894 762 εί-

315 790 572 855 κονίζων,
615 786 696 855 οἷς
738 793 918 863 ῥάϐδῳ
941 795 1036 864 τὴν
1062 794 1334 849 θάλασσαν
1361 796 1472 866 λαῷ
1521 798 1895 868 ταλαιπωρου-

313 885 474 954 μένῳ
502 884 711 937 ὲδείκνυ
749 885 943 956 βατὴν,
969 888 1063 940 καὶ
1119 891 1246 952 τοὺς
1287 889 1583 953 διώκοντας
1624 891 1893 961 ἔκρυπτεν

311 978 377 1026 ἐν
414 975 554 1046 αὐτῇ
584 991 597 1004 ·
634 978 714 1039 εἰς
751 978 820 1032 τὰ
853 979 948 1032 νῦν
986 979 1285 1050 τελούμενα
1335 980 1604 1052 βλέμματι
1664 983 1894 1052 θεωρίας

313 1067 672 1134 ἀποσκοπῶν,
731 1069 913 1132 ἄλλοις
948 1088 1006 1123 τε
1041 1071 1277 1136 πολλοῖς,
1327 1073 1426 1142 τῆς
1476 1075 1568 1127 ἐπὶ
1598 1074 1893 1146 θεομαχίαν

309 1160 496 1229 ὁρμῆς
520 1161 872 1216 ἀναστέλλειν
899 1165 1096 1228 αὐτοὺς
1135 1168 1392 1237 ἐπειρᾶτο
1421 1185 1435 1199 ·
1485 1169 1581 1238 οὐχ
1622 1163 1783 1240 ἦττον
1837 1171 1894 1223 δὲ

315 1252 615 1306 κάντεῦθεν
645 1255 840 1323 λέγων,
905 1257 981 1321 ὡς
1014 1259 1174 1312 ἴδοιεν
1206 1261 1300 1312 ἐπὶ
1341 1260 1498 1326 ξύλου
1539 1262 1894 1333 κρεμαμένην

312 1342 496 1394 αὐτῶν
554 1344 658 1414 τὴν
711 1345 858 1415 ζωὴν
884 1386 900 1410 ,
953 1343 1065 1400 οἷον
1129 1350 1298 1403 εἰκόνι
1355 1352 1581 1422 γράφων
1655 1354 1715 1406 ὲν
1770 1355 1894 1423 ὄφει

311 1430 504 1500 χαλκῷ
524 1431 623 1484 τοῦ
661 1433 982 1503 πράγματος
1007 1436 1106 1507 τὴν
1142 1438 1419 1508 ἀλήθειαν.
1463 1441 1603 1494 Ἀλλ’
1654 1437 1723 1513 ἦν
1784 1443 1894 1512 ἄρα

313 1525 406 1577 τοῦ
444 1525 742 1580 Ἰουδαῖκοῦ
783 1529 1170 1600 καλύμματος,
1210 1534 1284 1604 μὴ
1329 1536 1489 1605 μόνον
1530 1539 1628 1608 τὴν
1686 1540 1891 1605 εξκόνα,

315 1618 448 1670 ἀλλλά
481 1617 613 1688 μηδ’
643 1619 814 1690 αὐτὴν
839 1623 969 1692 όρᾷν
996 1623 1089 1676 τοῦ
1125 1625 1446 1696 πράγματος
1469 1628 1570 1698 τὴν
1593 1630 1890 1701 ἐνέργειαν.

319 1711 470 1764 nisa
497 1711 613 1779 γὰρ
646 1711 824 1774 κτίσις
850 1712 926 1783 τῷ
953 1715 1264 1787 Δεσποτικῷ
1305 1717 1655 1790 θαμὸουμένη
1706 1722 1892 1790 πάθει,

1996 523 2180 578 hostes
2209 523 2443 578 leniores
2469 524 2686 578 eﬂiciat.
2733 527 2800 577 At
2833 526 2920 578 isti
2975 542 3040 578 ne
3071 526 3414 582 benefactore
3431 529 3554 598 qui-

1995 615 2115 669 dem
2148 614 2436 669 interfecto
2469 616 2685 672 animos
2706 617 2917 670 leniunt
2957 633 3020 670 ac
3046 618 3178 672 iras.

2062 705 2181 760 Jam
2218 708 2344 760 olim
2388 708 2568 777 populi
2599 708 2890 764 Israelitici
2942 710 3141 764 ductor
3177 710 3410 781 Moyses,
3452 727 3554 766 no-

1996 807 2190 862 strum,
2227 803 2359 869 quin
2392 808 2448 854 et
2499 816 2658 854 suum
2694 802 2842 856 illius
2875 801 3164 856 Dominum
3196 803 3552 867 adumbratis,

1995 897 2193 965 quibus
2236 912 2331 966 per
2382 895 2587 964 virgam
2640 899 2838 966 populo
2884 897 3083 952 afﬂicto
3119 914 3269 952 mare
3309 900 3553 967 pervium

1996 985 2147 1053 fecit,
2174 1003 2235 1040 ac
2273 996 2666 1055 persequentes
2695 988 2750 1042 in
2783 1003 2848 1042 eo
2881 989 3183 1044 submersit
3210 1007 3225 1055 ;
3260 993 3312 1044 in
3347 1007 3405 1043 ea
3438 1007 3558 1058 quae

1994 1093 2139 1131 nunc
2176 1086 2518 1145 peraguntur
2563 1079 2828 1146 spiritalis
2858 1080 3230 1149 intelligentia:
3273 1084 3433 1136 oculo
3469 1083 3555 1134 in-

1997 1176 2200 1228 tentus.
2242 1168 2475 1237 aliisque
2525 1169 2797 1237 plurimis,
2831 1170 2898 1223 ab
2945 1185 3010 1224 eo
3045 1171 3245 1239 impetu
3297 1187 3407 1239 quo
3446 1171 3558 1225 Deo

1995 1260 2353 1337 resistebant,
2409 1261 2682 1316 abducere
2742 1264 3048 1317 conabatur
3087 1281 3104 1319 :
3150 1275 3277 1318 tunc
3325 1266 3560 1318 maxime

1994 1367 2117 1406 cum
2146 1353 2220 1406 ait
2254 1352 2368 1408 fore
2400 1363 2459 1408 ut
2488 1354 2736 1409 viderent
2767 1356 2935 1408 vitam
2969 1372 3122 1409 suam
3160 1357 3481 1426 pendentem
3504 1358 3559 1410 in

1993 1442 2140 1513 ligno
2171 1444 2239 1510 ⁵⁸,
2269 1460 2528 1514 expressa
2565 1452 2826 1512 tanquam
2862 1447 2914 1499 in
2949 1447 3186 1515 imagine
3224 1449 3304 1500 rei
3332 1450 3560 1503 veritate

1994 1533 2048 1586 in
2078 1549 2229 1588 teneo
2251 1545 2500 1604 serpente
2529 1535 2593 1589 ³³.
2621 1534 2892 1590 Caeterum
2917 1537 3016 1591 hoc
3047 1535 3360 1592 Judaeorum
3391 1539 3555 1592 (δίιιεί-

1994 1625 2090 1678 tati
2127 1627 2461 1682 conveniens
2483 1637 2620 1692 erat,
2656 1635 2715 1679 ut
2749 1642 2859 1679 non
2908 1627 3067 1681 modo
3116 1629 3408 1697 imaginem
3452 1645 3560 1683 non

1994 1725 2388 1787 agnoscerent,
2417 1718 2512 1772 sed
2543 1733 2610 1771 ne
2635 1717 2703 1771 ad
2741 1720 2911 1786 ipsam
2944 1735 3080 1781 rem,
3107 1736 3232 1775 cum
3273 1737 3558 1791 peragere-

327 1802 413 1853 καὶ
439 1803 600 1870 μόνον
641 1805 765 1874 ούχὶ
794 1807 976 1876 φωνὴν
1020 1811 1263 1877 ἀφιεῖσα,
1312 1787 1404 1864 καὶ
1441 1787 1549 1868 τῶν
1603 1787 1895 1886 μιαιφόνων

2002 1816 2124 1872 tur,
2179 1809 2422 1863 animum
2468 1809 2837 1864 adverterent.
2884 1809 3148 1874 Quamvis
3190 1811 3335 1865 enim
3380 1821 3559 1867 creata

325 1894 708 1963 στηλιτεύουσα
741 1899 840 1968 τὴν
864 1899 1067 1970 τόλμαν
1098 1917 1112 1932 ·
1149 1901 1256 1972 γῆς
1316 1904 1542 1972 θεμέλια
1577 1907 1850 1977 τρέμοντα
1878 1925 1893 1940 θ

319 1987 506 2057 πέτραι
532 1987 876 2057 ῥηγνύμεναι
913 2007 927 2022 ο
957 1993 1242 2065 φωστῆρες
1286 1997 1366 2060 είς
1399 1997 1559 2066 ζόφον
1613 2001 1712 2068 τὴν
1758 2001 1898 2072 λάμ-

325 2079 418 2141 dav
493 2080 824 2148 ἀμείϐοντες
877 2099 890 2114 ο
984 2085 1092 2137 οὐδ’
1154 2085 1328 2150 οὕτως
1404 2090 1484 2153 είς
1559 2091 1900 2162 συναίσθησιν

311 2165 457 2225 εἷλκε
515 2175 584 2242 τῇ
651 2174 795 2246 μέθῃ
867 2177 963 2247 τῆς
1047 2180 1243 2243 μανίας
1333 2183 1750 2253 κεκαρωμένους
1795 2186 1898 2238 αύο

318 2265 482 2324 τούς·
539 2265 680 2318 ἀλλά
725 2268 923 2335 μανίαν
974 2268 1142 2341 ἄλλην
1199 2273 1292 2326 ἐπὶ
1353 2275 1518 2347 μανίᾳ
1582 2278 1886 2347 μαίνονται.

341 2359 487 2411 Ἐπεὶ
509 2361 619 2428 γὰρ
650 2362 757 2414 ὑπὸ
807 2363 1004 2434 Ἰωσὴφ
1035 2366 1112 2436 τῷ
1142 2367 1323 2438 χωρίῳ
1361 2370 1460 2439 τῆς
1483 2371 1789 2441 ἀφθαρσίας
1837 2375 1899 2428 τὸ

328 2451 457 2502 (ἓεῖον
512 2452 681 2523 ἐτέθη
738 2455 917 2523 σῶμα,
953 2457 1003 2510 τί
1050 2476 1182 2526 φασι
1221 2461 1289 2514 τά
1347 2462 1499 2530 χείλη
1537 2462 1604 2516 τὰ
1649 2465 1893 2532 μάταια;

321 2541 740 2611 Ἔμνήσθημεν
797 2544 889 2598 ὅτι
939 2546 1170 2616 ἐκεῖνος
1217 2552 1250 2603 ό
1301 2551 1534 2619 πλάνος
1557 2549 1779 2626 [εἴπεν],
1810 2557 1898 2610 ἔτι

313 2631 456 2690 ὧν·
499 2633 668 2688 Μετὰ
695 2635 855 2703 τρεῖς
896 2636 1119 2705 ἡμέρας
1163 2641 1476 2710 ἐγείρομαι.
1529 2644 1591 2695 Ὢ
1641 2644 1897 2715 πώρωσις

316 2724 540 2792 καρδίας
570 2726 681 2778 τῶν
731 2725 952 2796 ἀψύχων
1001 2730 1481 2802 ἀναισθητοτὲρας.
1518 2734 1757 2804 Οὐρανὸς
1805 2737 1896 2790 καὶ

315 2817 386 2882 «ιῆ
419 2817 751 2887 συνῄσθοντο
774 2818 872 2889 τὴν
899 2819 1221 2894 δεσποτικὴν
1274 2823 1451 2894 ὓϐριν,
1498 2828 1593 2880 καὶ
1622 2827 1847 2898 ἔφριξαν
1877 2845 1894 2860 ⁸

317 2911 410 2962 καὶ
434 2911 564 2972 λαὸς
599 2909 874 2981 Ἐϐραίων
905 2914 996 2966 ἐπὶ
1033 2915 1220 2969 πλεῖον
1253 2919 1317 2986 τῇ
1364 2919 1591 2989 ἀπονοίᾳ
1638 2919 1896 2990 βακχεύε-

315 3021 422 3058 ται.
453 3004 570 3056 Ούκ
591 2999 767 3070 εἶπεν,
792 3004 1035 3069 Ἰουδαῖε,
1065 3009 1194 3078 πρὶν
1214 3008 1484 3075 γενέσθαι,
1502 3011 1582 3063 ὅτι
1617 3012 1894 3081 μαστιγὼ-

317 3112 448 3158 σεις,
489 3097 592 3147 καὶ
621 3098 862 3167 ῥαπιεῖς,
895 3099 987 3150 καὶ
1031 3099 1126 3151 ἐπὶ
1177 3098 1332 3164 ξύλου
1371 3103 1716 3172 κρεμάσεις;
1779 3106 1896 3170 πῶς

315 3190 412 3258 τὴν
445 3188 676 3241 ἔκϐασιν
700 3189 810 3241 τῶν
856 3192 1266 3261 προειρημένων
1304 3195 1420 3246 ἐκεῖ
1478 3197 1577 3250 ούκ
1632 3197 1901 3269 ἐνεθυμή-

318 3281 462 3348 θης,
516 3281 636 3333 ἀλλ’
684 3281 916 3351 ἔδρασας
971 3283 1184 3337 ἅπαντα
1233 3286 1399 3356 μηδὲν
1445 3287 1544 3358 τὴν
1596 3290 1900 3361 πρόρρησιν

319 3371 783 3441 ὑπολογισάμενος
817 3391 832 3440 ;
875 3375 940 3426 Τί
969 3373 1060 3428 οὖν
1087 3377 1319 3430 ἐνταῦθά
1346 3395 1404 3431 σε
1445 3381 1472 3432 ὁ
1525 3381 1621 3450 τῆς
1667 3381 1901 3436 ἀναστά-

320 3482 454 3528 σεως
486 3465 713 3535 θορυϐεῖ
743 3466 932 3534 λόγος;
982 3468 1094 3522 Οὐκ
1125 3469 1246 3522 ἔθου
1290 3471 1542 3540 φροντίδα
1565 3471 1674 3525 τῶν
1697 3473 1898 3526 ὲκόάνο

316 3577 424 3612 των
455 3559 622 3628 μέχρι
649 3560 744 3612 τοῦ
773 3561 1007 3630 σταυροῦ
1037 3579 1050 3593 ·
1086 3562 1218 3630 μηδὲ
1247 3563 1404 3615 τοῦτό
1453 3581 1535 3616 σοι
1590 3565 1900 3635 πράγματα

320 3653 633 3720 παρεχέτω.
679 3653 818 3705 Ἀλλ’
855 3655 913 3706 ὲν
940 3649 1020 3716 οἷς
1045 3654 1141 3722 μὲν
1165 3653 1392 3722 ὲφλέγου
1441 3656 1608 3724 διψῶν
1648 3657 1741 3710 τοῦ
1799 3661 1893 3711 Δε-

318 3742 581 3796 σποτικοῦ
615 3744 865 3813 αἵματος,
888 3745 1010 3797 οὐδὲ
1029 3746 1122 3797 ἐπὶ
1148 3747 1386 3799 διάνοιαν
1411 3746 1627 3811 ὲὸάλου,
1659 3741 1734 3801 ὧν
1764 3766 1899 3818 προ-

317 3837 436 3886 εῖπε
469 3834 573 3902 μὲν
601 3835 828 3898 ἐκεῖνος,
859 3835 1132 3906 ἐπλήρους
1168 3835 1224 3889 δὲ
1253 3835 1338 3890 σύ.
1367 3837 1499 3889 Οὐδὲ
1523 3836 1630 3906 γὰρ
1663 3838 1900 3909 συνεχώ-

319 3945 401 3996 ρει
433 3927 534 3996 τῆς
565 3927 882 3996 μιαιφονῖας
904 3930 937 3998 ὴ
970 3927 1142 3980 λύσσα
1171 3927 1480 3996 λογίζεσθαι
1501 3928 1590 3980 τὸν
1617 3929 1897 3999 λογισμόν.

325 4019 481 4072 Ἐπεὶ
497 4020 540 4072 δ’
573 4019 765 4090 ὥσπερ
787 4020 848 4073 τὸ
868 4019 1017 4088 δίψος
1039 4021 1134 4074 τοῦ
1157 4020 1482 4074 Δεσποτικού
1516 4023 1675 4091 φόνου
1706 4024 1899 4094 μικρὸν

315 4110 597 4180 ὑπανῆκεν
623 4149 638 4173 ,
676 4111 754 4172 είς
773 4111 1008 4181 μνήμην,
1036 4103 1111 4163 ὧν
1139 4128 1196 4163 τε
1231 4115 1477 4180 προεῖπε,
1520 4115 1614 4165 καὶ
1639 4106 1712 4166 ὧν
1741 4113 1899 4185 ἔδρα-

315 4217 416 4262 σας
439 4192 662 4262 ’ἑλθὼν,
693 4196 807 4252 οἷον
843 4198 1269 4270 προκύπτουσαν
1310 4203 1451 4272 ὀρῶν
1497 4202 1594 4274 τὴν
1614 4204 1897 4274 ἀλήθειαν,

311 4293 435 4346 ὅσον
453 4291 614 4344 οὔπω
645 4291 890 4354 δέδοικας
918 4291 1045 4361 ὃλην
1075 4291 1247 4360 αὐτῆς
1272 4293 1370 4359 τὴν
1401 4294 1708 4363 φανέρωσιν
1744 4311 1759 4328 ⁸
1799 4297 1896 4350 καὶ

308 4386 422 4447 τοῖς
483 4387 613 4454 περὶ
677 4385 778 4453 τῆς
810 4385 1153 4446 ἀναστάσεως
1205 4383 1382 4452 λόγοις
1427 4386 1552 4448 τοὺς
1601 4387 1892 4457 λογισμοὺς

1999 1900 2252 1954 universa
2278 1899 2492 1955 homini
2526 1901 2783 1970 passione
2815 1901 3220 1966 cohorruerint,
3240 1910 3562 1972 tantumque

2000 2007 2106 2044 non
2137 1992 2406 2046 ediderint
2424 2007 2638 2059 vocem,
2665 2007 2727 2046 ac
2754 1993 3146 2063 sacrilegorum
3166 1995 3559 2063 parricidarum

1999 2085 2282 2139 audaciam
2353 2086 2736 2154 coarguerint:
2797 2101 2920 2138 nam
2988 2085 3338 2140 fundamenta
3403 2097 3563 2141 terra:

1999 2182 2473 2239 contremuerunt,
2513 2183 2680 2244 petra:
2709 2176 2897 2230 scissa:
2920 2185 3070 2242 sunt,
3105 2176 3226 2230 coeli
3256 2177 3458 2230 lumina
3487 2178 3564 2230 lu-

1998 2281 2115 2320 cem
2151 2265 2203 2318 in
2238 2266 2526 2336 caliginem
2569 2275 2853 2322 verterunt
2888 2286 2902 2322 :
2939 2277 3176 2321 attamen
3215 2283 3281 2321 ne
3310 2269 3390 2322 sic
3434 2269 3560 2338 qui-

2000 2357 2120 2412 dem
2156 2357 2326 2412 Judaei
2375 2358 2563 2414 furore
2591 2369 2645 2414 et
2673 2360 2893 2415 vesania
2939 2360 3077 2415 ebrii
3105 2359 3432 2429 sepultique,
3477 2359 3560 2414 sui

2001 2451 2222 2506 sceleris
2263 2451 2656 2506 humanitatem
2705 2460 3132 2520 persenserunt,
3177 2451 3273 2507 sed
3322 2451 3563 2506 furorem

2003 2543 2170 2598 furori
2208 2544 2584 2597 accumulant.
2609 2543 2904 2612 Postquam
2946 2544 3088 2598 enim
3134 2541 3326 2611 Ioseph
3370 2543 3422 2596 in
3460 2544 3563 2597 im-

2001 2633 2351 2686 mOrtaIitatis
2396 2633 2517 2686 loco
2559 2633 2652 2686 illo
2680 2632 2924 2686 divinum
2962 2647 3162 2702 corpus
3203 2631 3562 2697 condiderat,

1999 2723 2129 2794 quid
2179 2725 2462 2778 vanissimi
2518 2725 2799 2777 hominum
2849 2723 3239 2778 delilaterant?
3287 2723 3565 2778 Recorduti

1999 2833 2201 2876 sumus.
2238 2816 2487 2884 quoniam
2533 2816 2780 2869 seductor
2830 2817 2919 2871 ille
2957 2817 3092 2869 dixit
3139 2815 3311 2869 adhuc
3345 2818 3513 2872 vivens
3544 2859 3559 2873 .

1997 2910 2128 2964 Post
2156 2919 2260 2964 tres
2309 2908 2420 2962 dies
2458 2925 2734 2978 resurgam
2775 2910 2840 2962 °°.
2898 2909 2942 2962 Ο
2974 2909 3159 2964 cordis
3207 2911 3562 2965 stoliditatem

1998 3017 2061 3054 ac
2096 3011 2403 3070 stuporem,
2429 3002 2648 3068 qualem
2683 3001 2735 3053 in
2772 3000 2936 3056 rebus
2965 3000 3226 3053 inanimis
3256 3015 3360 3053 non
3404 3014 3566 3068 repe-

1924 3125 1970 3184 C
2001 3092 2140 3145 rias!
2182 3091 2392 3145 C(elum
2429 3098 2483 3144 et
2503 3101 2650 3145 terra
2694 3089 2952 3159 injuriam
2999 3088 3228 3143 Domino
3272 3090 3564 3159 irrogatam

2003 3191 2316 3246 senserunt,
2354 3183 2831 3252 horrueruntque;
2862 3198 2925 3236 ac
2952 3182 3303 3236 Hebraeorum
3337 3182 3567 3250 p0pulus

2000 3289 2066 3328 eo
2106 3275 2277 3344 magis
2313 3274 2603 3343 desperata
2642 3274 2864 3329 vesania
2909 3273 3065 3327 furit.
3112 3273 3196 3327 An
3231 3287 3362 3336 non,
3400 3288 3432 3324 ο
3461 3270 3562 3325 Ju-

1999 3363 2132 3426 dtee,
2169 3362 2421 3432 pnedixit
2453 3362 2568 3418 fore
2599 3372 2659 3416 ut
2698 3378 2728 3416 a
2761 3372 2811 3417 te
2844 3363 3231 3432 llagellaretur,
3267 3363 3439 3432 alapis
3465 3378 3566 3417 rat-

1999 3455 2251 3516 deretur,
2307 3463 2362 3508 et
2415 3453 2474 3507 in
2525 3453 2672 3523 ligno
2738 3453 3212 3524 suspenderetur?
3283 3453 3565 3518 Quomodo

1998 3553 2250 3599 eventum
2299 3543 2717 3612 praedictionum
2749 3544 2802 3598 in
2841 3544 3157 3598 memoriam
3189 3552 3316 3598 tunc
3343 3559 3448 3596 uon
3475 3558 3564 3597 re-

2000 3637 2228 3696 vocasti,
2257 3635 2352 3690 sed
2388 3637 2717 3705 perpetrasti
2747 3636 2957 3699 omnia,
3003 3634 3150 3688 nulla
3195 3634 3564 3703 prredictionis

1999 3727 2181 3780 habita
2215 3726 2467 3781 ratione?
2491 3726 2599 3779 Cur
2626 3726 2792 3794 igitur
2837 3725 2950 3793 jam
2987 3723 3189 3778 mentio
3219 3724 3287 3778 de
3316 3738 3564 3778 resurre-

2002 3819 2185 3872 ctione
2210 3827 2260 3872 te
2283 3816 2568 3887 perturbat
2590 3815 2613 3868 ?
2637 3815 2772 3870 Cum
2807 3825 3035 3869 eventus
3060 3831 3230 3883 usque
3252 3813 3318 3869 ad
3344 3829 3560 3868 crucem

1998 3907 2420 3979 ﬂoccipenderis
2443 3949 2458 3974 ,
2496 3922 2566 3962 ne
2589 3906 2738 3962 istud
2773 3922 2994 3977 quoque
3026 3909 3302 3976 negotium
3333 3906 3431 3961 tibi
3482 3907 3565 3960 l'a-

1999 4017 2124 4056 cere
2153 4001 2423 4055 debuerit.
2457 3997 2654 4054 Verum
2675 3999 2818 4062 sitis,
2837 4015 2942 4068 qua
2971 3997 3312 4052 Dominicum
3345 3999 3564 4067 sangui-

1997 4108 2121 4147 nem
2179 4091 2562 4166 ardentissime
2600 4089 2845 4156 sitiebas,
2872 4104 2978 4142 non
3024 4088 3253 4153 sinebat,
3284 4098 3343 4142 ut
3388 4098 3566 4142 tuente

2000 4183 2308 4237 revolveres
2347 4181 2398 4234 id
2439 4182 2584 4250 quod
2618 4180 2735 4250 ipse
2765 4180 3128 4249 prtedixerat;
3169 4188 3226 4234 tu
3254 4195 3382 4234 vero
3403 4195 3565 4249 opere

1997 4275 2305 4344 complesti.
2348 4273 2532 4342 Neque
2564 4273 2711 4326 enim
2753 4272 2955 4336 rabies,
3003 4287 3109 4342 qua
3151 4273 3217 4327 ad
3255 4272 3563 4326 innocentis

1998 4366 2416 4436 perpetrandum
2450 4365 2652 4418 czedem
2677 4363 2961 4427 ferebaris,
2996 4378 3185 4416 sanam
3220 4364 3382 4416 ullam
3415 4363 3564 4433 cogi-

310 4453 623 4536 κατασείεις
658 4475 702 4530 ⁸.
747 4473 1167 4544 Ἐμνήσθημεν
1194 4476 1282 4528 ὅτι
1312 4476 1539 4543 ἐκεῖνος
1575 4480 1607 4530 ὁ
1659 4453 1892 4546 πλάνος

1999 4459 2261 4512 tationem
2286 4455 2629 4509 admittebat.
2657 4455 2725 4507 At
2761 4463 3052 4523 postquam
3084 4454 3205 4507 sitis
3241 4453 3328 4506 illa
3379 4453 3566 4506 Domi-

305 4563 482 4620 εἶπεν
516 4567 606 4620 ἔτι
634 4565 768 4626 ζῶν.
802 4565 866 4618 Τί
889 4567 1065 4634 λέγεις
1092 4584 1106 4633 ;
1129 4567 1252 4630 Πῶς
1273 4568 1339 4621 δι’
1374 4564 1450 4621 ὧν
1476 4569 1776 4642 ἐμνήσθης,
1806 4572 1887 4625 ὅτι

307 4661 575 4726 προεῖπεν
607 4659 1028 4729 ἀναστήσεσθαι,
1065 4659 1264 4714 πλάνον
1305 4661 1503 4728 καλῶν,
1543 4663 1644 4716 ούκ
1695 4663 1892 4734 ἀναμι-

312 4750 560 4820 μνήσκῃ,
595 4751 739 4819 ἆπερ
794 4750 1048 4813 ὲτέλεσας
1079 4752 1158 4812 είς
1180 4751 1360 4815 αὑτὸν,
1393 4753 1472 4806 ὅτι
1499 4753 1784 4807 καὶταῦτα
1815 4750 1896 4808 εῖ-

307 4857 434 4902 πεν,
459 4840 550 4892 καὶ
573 4839 632 4892 τὸ
657 4840 848 4911 μιαρὸν
871 4841 1157 4913 ὲμφράττῃ
1184 4841 1197 4891 i
1244 4842 1414 4913 στόμα
1439 4861 1454 4910 ;
1493 4843 1650 4898 Ἀλλὰ
1675 4845 1894 4909 πλάνος.

304 4930 420 4984 Καὶ
442 4929 495 4982 τί
527 4929 787 4983 τοσοῦτον
814 4930 1118 5001 φροντίζεις
1151 4930 1352 4996 αὑτοῦ;
1411 4933 1484 4984 Τὸ
1523 4933 1893 5004 σπουδαζόμε-

306 5039 396 5074 νον
450 5021 678 5090 ἤνυσας.
723 5021 960 5084 Ἐλυσας
987 5022 1094 5100 ,τῷ
1143 5023 1360 5093 θανάτῳ
1395 5024 1494 5094 τὴν
1523 5025 1774 5094 ἀφορμὴν
1792 5026 1891 5093 τῆς

306 5110 541 5182 πλάνης.
577 5111 691 5164 Οὐκ
719 5110 909 5165 ἀκούει
931 5112 1153 5182 χειλέων
1188 5113 1398 5166 ἐκείνου
1433 5113 1579 5178 λαὸς,
1609 5115 1667 5167 ὃν
1691 5114 1765 5179 ὡς
1795 5113 1888 5168 εύ-

304 5202 467 5255 κολον
500 5204 583 5266 είς
627 5202 844 5272 ἀπάτην
873 5203 977 5257 ὑπὸ
1029 5205 1272 5276 κατάραν
1311 5204 1523 5269 ἐτίθεις.
1562 5207 1674 5277 Οὐχ
1725 5207 1894 5278 ὁρῶσι

304 5294 369 5346 τά
402 5292 686 5363 παράδοξα
709 5293 818 5348 τῶν
841 5295 1157 5366 τεραστίων.

1996 4551 2105 4606 nici
2136 4548 2418 4617 sanguinis
2452 4546 2704 4602 nonnihil
2764 4546 2996 4611 remisit,
3023 4545 3266 4599 animum
3301 4545 3560 4608 subeunt,

1998 4653 2110 4697 tam
2145 4658 2265 4712 quae
2297 4641 2414 4713 ipse
2436 4640 2703 4711 prtedixit,
2728 4655 2888 4710 quam
2918 4653 3040 4709 quae
3080 4646 3135 4692 tu
3195 4639 3516 4707 perpetrasu
3544 4653 3559 4702 ;

2000 4751 2063 4789 ae
2086 4735 2372 4789 veritatem
2422 4732 2579 4802 quasi
2616 4740 3054 4801 prospectantem
3081 4729 3292 4790 videns,
3335 4743 3562 4796 magno-

1997 4842 2126 4897 pere
2151 4834 2319 4879 totam
2353 4824 2472 4892 ejus
2503 4822 2996 4877 manifestationem
3030 4819 3249 4879 metuis,
3277 4819 3562 4886 verbisque

1996 4922 2064 4974 de
2135 4917 2538 4972 resurrectione
2603 4915 2785 4967 animo
2848 4911 3230 4966 commoveris.
3281 4906 3561 4961 Recordati

1994 5026 2196 5074 smnus,
2239 5009 2363 5078 quia
2391 5007 2637 5060 seductor
2664 5004 2774 5067 ille,
2805 5003 2942 5056 dixit
2987 4999 3157 5052 adhuc
3193 5000 3384 5052 vivens.
3424 4998 3559 5064 Quid

1997 5105 2127 5158 ais?
2161 5101 2448 5168 Quomodo
2484 5098 2827 5154 seductorem
2877 5109 3101 5158 vocans,
3147 5093 3289 5162 quod
3331 5093 3559 5162 praedic-

1998 5206 2109 5249 tam
2136 5196 2202 5248 ah
2229 5210 2294 5248 eo
2325 5191 2783 5247 resurrectionem
2823 5185 3145 5246 recorderis,
3182 5199 3290 5236 non
3327 5183 3562 5238 simulin

2001 5298 2235 5341 utentem
2266 5299 2490 5338 revocas
2515 5299 2578 5338 ea
2596 5298 2713 5352 qua:
2742 5280 2795 5332 in
2817 5280 2993 5348 ipsum
3020 5275 3316 5341 admisisti,
3350 5289 3472 5328 cum
3506 5281 3562 5325 et

2000 5380 2046 5434 is
2075 5379 2166 5432 illa
2202 5375 2534 5446 praedixerit,
2575 5389 2639 5428 ac
2665 5371 2988 5427 sceleratqu
3013 5384 3074 5423 os
3093 5377 3242 5422 tuum
3271 5363 3561 5422 obstruxe-

376 5540 427 5571 ⁸⁸
451 5540 612 5594 Deut.
660 5555 850 5607 xxvm,
898 5541 985 5596 66.
1062 5542 1108 5573 "
1148 5539 1310 5595 Num.
1353 5556 1467 5606 nt,
1497 5539 1550 5594 9.
1629 5537 1675 5570 ”
1698 5537 1888 5592 Matth.
1916 5550 2084 5596 xxv",
2113 5532 2202 5585 65.

1579 5655 1809 5710 \‘Allle
1852 5649 2244 5708 LECTIONES.

426 5762 442 5789 ι
491 5750 780 5819 κατασείῃ.
861 5750 1235 5824 ιὲμφράττει.
