3992 6204
510 325 584 393 ’19
980 319 982 324 ’
1740 333 2007 391 LEONIS
2046 331 2504 392 PHILOSOPIII
3680 335 3749 396 so

500 445 612 502 rit?
641 445 710 498 At
751 443 1009 498 seductor
1044 450 1148 497 est.
1189 442 1301 495 Cur
1347 457 1476 495 vero
1510 449 1658 494 tanta
1717 443 1815 496 tibi
1860 443 1926 496 de
1962 441 2059 493 illo
2099 456 2232 496 cura
2266 442 2391 495 est?
2425 441 2722 495 Confecisti
2748 441 2898 512 quod
2935 441 3116 496 studio
3186 442 3518 498 moliebaris.
3587 444 3756 500 Occa-

500 542 711 596 sionem
756 534 1090 591 seductionis
1136 546 1311 589 morte
1371 535 1688 605 praecidisti.
1756 534 1873 588 Non
1927 534 2074 587 audit
2118 536 2353 604 populus
2400 535 2520 603 ejus
2564 535 2834 589 labiorum
2859 535 3022 589 verba
3053 535 3118 598 οι,
3164 551 3325 604 quem
3408 547 3466 591 ut
3535 537 3752 593 facilem

501 625 678 693 decipi
726 623 1014 679 maledicto
1060 624 1411 692 subjiciebas.
1445 625 1564 678 Non
1617 634 1857 679 cernunt
1889 624 2209 678 admiranda
2243 625 2332 678 illa
2358 623 2627 693 prodigia.

573 715 856 771 Uudenam
897 731 1026 772 vero
1078 718 1422 771 occasionem
1486 729 1778 786 acceptura
1832 726 1914 770 est
1966 717 2061 770 de-

2235 716 2404 768 Πόθεν
2427 717 2538 780 ἕξει
2573 717 2672 786 τὴν
2705 715 2958 786 ἀφορμὴν
3009 717 3041 786 ἡ
3093 715 3308 784 πλάνης
3364 717 3472 768 Ναὶ
3515 719 3758 784 μήποτε

500 811 718 878 ceptio?
755 808 837 862 Ne
867 809 1002 876 forte
1021 809 1272 878 discipuli
1304 810 1534 872 veniant,
1575 819 1622 862 et
1656 811 1899 877 furentur
1927 826 2066 872 eum,

2174 809 2454 873 ἐλθόντες
2469 810 2523 861 οἱ
2550 807 2805 876 μαθηταὶ
2830 811 3140 875 κλέψωσιν
3167 809 3375 870 αὑτὸν,
3410 809 3506 861 καὶ
3533 813 3755 866 εἴπωσι

503 919 565 954 ac
581 904 760 954 dicant
777 904 986 971 populo,
1009 903 1250 956 Surrexit
1275 920 1306 954 α
1338 903 1580 956 mortuis.
1605 901 1865 971 Discipuli
1887 903 2068 955 furen-

2174 899 2251 965 τῷ
2287 898 2414 964 λαῷ
2448 899 2536 952 ὅτι
2569 898 2787 967 ἠγέρθη
2817 900 2883 952 ἐκ
2937 898 3054 950 τῶν
3101 899 3349 966 νεκρῶν.
3401 901 3462 951 Οἱ
3516 903 3760 972 μαθηταὶ

503 1007 614 1058 tur,
643 997 734 1064 qui
767 1012 833 1048 ne
871 997 1152 1048 minimum
1199 996 1417 1065 quidem
1459 1011 1580 1048 cum
1621 997 1709 1049 ille
1736 997 2066 1060 traheretur,

2174 992 2478 1061 κλέψωσιν,
2512 992 2561 1043 οἱ
2606 991 2739 1060 μηδὲ
2785 992 2844 1042 τὸ
2895 991 3232 1060 βραχύτατον
3285 991 3760 1061 ἀκολουθήσαντες

503 1090 672 1141 secuti
709 1087 875 1141 sunt?
904 1086 1134 1139 Tantum
1181 1088 1254 1139 illi
1295 1103 1394 1155 pro
1440 1099 1656 1141 mortuo
1695 1103 1842 1142 cura:
1881 1103 2068 1143 susce-

2174 1084 2482 1153 ὲλκομένῳ;
2540 1085 2739 1135 ἐκεῖνοι
2775 1083 3041 1151 τοσαύτην
3075 1083 3310 1150 σπουδὴν
3361 1086 3488 1153 περὶ
3535 1086 3628 1137 τὸν
3661 1103 3758 1137 νεα

502 1170 648 1247 pturi
685 1189 833 1240 sunt,
888 1179 979 1246 qui
1013 1194 1076 1232 eo
1129 1180 1364 1242 vivente,
1401 1196 1467 1232 ne
1503 1180 1918 1249 impressionem
1947 1183 2068 1249 qui-

2174 1176 2304 1245 κρὸν
2361 1176 2671 1244 σχήσουσιν,
2706 1177 2754 1226 οἱ
2809 1172 3008 1238 ζῶντος
3062 1176 3186 1243 μηδ’
3241 1175 3410 1246 αὐτὴν
3449 1177 3608 1245 ὑμῶν
3653 1179 3758 1248 τὴν

504 1276 628 1324 dem
678 1282 918 1324 vestram
969 1272 1111 1323 ferre
1143 1272 1482 1324 valuerunt:
1537 1272 1616 1324 vel
1660 1287 1727 1325 eo
1782 1271 2068 1336 duntaxat,

2174 1271 2348 1340 ὁρμὴν
2401 1269 2829 1336 ὑπομείναντες,
2894 1267 3016 1336 μηδ’
3070 1267 3210 1320 ὥστε
3280 1269 3560 1338 πόρρωθεν
3623 1271 3757 1324 ἰδεῖν

501 1373 629 1416 uta
679 1363 839 1430 longe
884 1371 1219 1431 speetarent,
1274 1363 1421 1430 quali
1482 1379 1613 1418 nece
1657 1364 1914 1433 Magister
1957 1377 2068 1419 tra-

2174 1362 2310 1428 ποίῳ
2387 1360 2661 1430 θανάτῳὸ
2722 1359 3052 1422 Διδάσκαλος
3106 1359 3499 1429 παραδίδοται;
3591 1354 3756 1414 Οὗτοι

502 1457 763 1509 deretur?
798 1456 928 1517 line,
988 1455 1080 1508 illo
1113 1455 1223 1522 jam
1261 1456 1493 1523 sepulto,
1523 1465 1762 1509 vestrum
1807 1460 2065 1526 impetum

503 1547 884 1609 ilocciiacient,
924 1545 1238 1615 furtumque
1278 1547 1561 1601 cadaveris
1596 1551 1920 1602 tentabnnt‘!
1951 1549 2067 1603 Non

502 1639 749 1693 beneficii
787 1640 904 1693 loco
941 1639 1225 1708 deputent,
1268 1640 1342 1692 ita
1374 1640 1539 1695 animi
1576 1641 1868 1695 timiditate
1906 1659 2067 1712 repu-

2169 1455 2323 1523 τάφῳ
2383 1451 2672 1523 κρυϐἐντος
2726 1452 3159 1522 καταφρονοῦσιν
3208 1453 3381 1522 ὑμῶν,
3418 1453 3511 1505 καὶ
3572 1457 3752 1524 χωρή⁹

2173 1562 2357 1597 σουσιν
2395 1545 2486 1597 ἐπὶ
2518 1542 2769 1613 σώματος
2823 1543 3014 1614 νεκροῦ
3046 1543 3289 1614 κλοπήν;
3321 1544 3420 1596 οὐκ
3448 1547 3743 1614 ἀγαπητὸν,

2168 1639 2277 1692 ἀπὸ
2325 1639 2522 1701 δειλίας
2573 1639 2928 1708 ἡγουμένους,
2982 1639 3028 1690 εί
3083 1639 3245 1707 μηδὲν
3289 1639 3742 1708 νεωτερίζουσιν.

503 1738 704 1790 tantes,
749 1738 808 1782 ut
856 1730 936 1783 vel
970 1731 1105 1784 nihil
1155 1738 1445 1792 novantes,
1489 1731 1662 1785 latere
1690 1735 1938 1801 possint;
1972 1734 2065 1788 sed

504 1820 570 1871 ad
623 1835 812 1874 necem
854 1818 1214 1884 inferendam,
1253 1831 1416 1890 atque
1461 1820 1526 1874 ad
1558 1822 1708 1891 ipsos
1755 1823 1819 1876 ad
1855 1825 2066 1894 suppli-

503 1912 650 1966 cium
695 1913 1164 1981 pervestigandos,
1209 1912 1601 1983 cupidissimos
1648 1915 1896 1971 homines
1956 1933 2067 1970 ma-

2173 1733 2355 1786 αὴτοῖς
2393 1731 2675 1798 περιέσται
2735 1730 2915 1782 λαθεῖν
2944 1745 2958 1760 ·
2993 1730 3104 1782 ἀλλ’
3136 1731 3215 1793 εἰς
3256 1731 3480 1800 ἔρευναν
3531 1733 3627 1783 καὶ
3671 1750 3753 1782 τι·-

2172 1823 2384 1891 μωρίαν
2423 1822 2696 1890 φονῶντας
2741 1820 3057 1892 ἀνθρώπους
3087 1823 3536 1891 ἀνακινήσουσιν;
3580 1818 3752 1875 Εἷταν

2171 1915 2258 1966 ἵνα
2293 1915 2387 1965 καὶ
2420 1914 2471 1966 τί
2506 1914 2773 1982 ποιήσωσι
2819 1913 3115 1980 κλέψαντες
3145 1931 3159 1978 ;
3220 1914 3331 1984 Οὐχ
3367 1915 3453 1966 ἵνα
3502 1915 3632 1965 ὅπου
3682 1914 3754 1983 δὴ

501 2001 587 2067 gis
618 2012 914 2070 provocent
942 2003 964 2055 ’ἶ
997 2003 1215 2068 Deinde,
1242 2018 1350 2071 quo
1378 2005 1481 2057 line
1512 2019 1708 2074 corpus
1731 2005 2068 2062 furarentur?

501 2090 614 2111 Kl-_
666 2103 720 2111 __.
759 2092 1034 2111 -ιε-λ.ιςει
1087 2110 1094 2111 ,
1147 2109 1190 2111 __
1259 2110 1262 2111 ,
1377 2102 1390 2111 Α
1467 2110 1470 2111 ,
1629 2105 1641 2111 -

2177 2007 2498 2078 μεταθέντες
2561 2004 2722 2074 ἔχωσι
2782 2004 3131 2074 παραμύθιον
3184 2004 3277 2056 τοῦ
3333 2005 3585 2072 φίλτρου,
3649 2006 3754 2056 καὶ

500 2090 619 2144 Non
666 2103 722 2144 ut
753 2092 955 2146 alicubi
984 2093 1035 2146 id
1074 2102 1397 2162 reponerent
1420 2110 1596 2165 eoque
1628 2105 1883 2166 tanquam
1914 2116 2068 2154 amo-

499 2185 578 2238 ris
617 2184 815 2238 solatio
852 2185 1185 2248 fruerentur,
1219 2188 1314 2241 sed
1351 2201 1408 2242 ut
1453 2191 1820 2246 resnrrexisse
1868 2195 2068 2261 passim

497 2276 896 2344 praedicarent?
939 2270 1072 2332 Rem
1116 2280 1441 2346 inauditam,
1479 2298 1541 2337 ac
1571 2285 1784 2352 qualem
1816 2287 1895 2339 sol
1933 2304 2072 2340 Inm-

497 2383 663 2436 quam
703 2369 888 2422 vidit:
923 2386 1115 2440 nempe
1167 2382 1443 2426 mortuum
1497 2377 1716 2444 propria
1767 2377 2068 2431 redivivum

496 2463 700 2517 virtute
735 2481 749 2516 :
787 2464 943 2531 quasi
989 2464 1242 2518 videlicet
1292 2482 1401 2519 rem
1438 2469 1640 2534 tritam,
1679 2485 1740 2522 ac
1771 2487 1891 2540 qua:
1933 2488 2067 2542 quo-

497 2555 632 2607 tidie
655 2555 886 2618 accidat,
921 2560 1225 2625 aggressuri
1262 2571 1463 2612 essent.
1532 2561 1693 2629 Atqui
1731 2565 2065 2618 contrarium

499 2659 730 2713 prorsus
785 2645 907 2699 illos
960 2646 1139 2700 facere
1185 2663 1285 2716 par
1328 2643 1462 2715 erat,
1504 2661 1769 2719 quantum
1830 2656 2066 2711 humana

498 2752 652 2790 inens
697 2737 908 2792 ratione
952 2740 1169 2808 assequi
1220 2749 1429 2808 potest;
1462 2745 1643 2812 potius
1688 2749 1833 2800 enim
1881 2757 2068 2816 Optare

497 2830 771 2884 debebant
793 2841 850 2884 ut
877 2831 981 2909 sibi
1013 2841 1154 2885 terra
1184 2831 1513 2896 dehisceret,
1546 2852 1655 2906 pra:
1684 2847 1828 2891 metu
1871 2842 2068 2909 ubique

500 2923 722 2977 latibula
748 2939 1012 2992 quaerere,
1035 2925 1170 2978 nihil
1197 2940 1302 2979 non
1329 2927 1502 2980 moliri
1533 2944 1600 2982 ne
1624 2938 1805 2984 vestro
1829 2947 2066 2999 unquam

499 3016 686 3070 animo
733 3027 1125 3073 occurrerent:
1162 3019 1294 3086 quin
1343 3028 1397 3072 et
1445 3021 1778 3090 implacabili
1829 3026 1954 3078 odio
2012 3027 2065 3080 in

499 3108 844 3162 seductorem
901 3124 1054 3163 amor
1118 3112 1386 3180 pristinus
1449 3117 1875 3170 commutandus
1927 3130 2064 3172 erat.

499 3193 635 3250 Nam
685 3213 838 3268 rogo.
885 3215 1120 3270 quanam
1168 3204 1332 3257 etiam
1387 3219 1452 3258 ex
1494 3219 1658 3262 causa
1703 3215 1905 3262 tantam
1955 3226 2069 3263 ma-

500 3289 654 3357 gistri
707 3303 896 3344 curam
930 3295 1186 3362 agerent?
1217 3299 1297 3348 An
1325 3297 1450 3365 quia
1488 3312 1612 3350 cum
1671 3301 1788 3368 ipso
1821 3313 2063 3370 agentes,

2172 2099 2372 2168 τιμῶσι
2396 2098 2455 2150 τὸ
2484 2097 2642 2166 σῶμα
2667 2135 2680 2158 ,
2709 2096 2822 2148 ἀλλ’
2852 2097 2939 2148 ἵνα
2963 2113 3034 2165 φη
3045 2097 3272 2165 μίσωσιν
3290 2097 3388 2165 τὴν
3418 2098 3746 2160 ἀνάστασινς

2173 2193 2406 2262 πρᾶγμα
2454 2187 2565 2242 οἷον
2621 2187 2773 2241 οὔπω
2821 2188 3044 2240 τεθέατο
3098 2189 3278 2256 ἥλιος,
3313 2189 3504 2258 νεκρὸν
3557 2188 3750 2255 οίκεὶῳ

2171 2288 2361 2358 κράτει
2387 2283 2709 2338 ἀναϐιοῦντα
2729 2300 2742 2313 ’
2775 2282 2962 2352 ὥσπερ
2985 2299 3038 2334 τι
3067 2283 3174 2334 τῶν
3209 2282 3330 2334 καθ’
3377 2283 3614 2351 ἑκάστην
3661 2299 3756 2348 γιο

2170 2380 2408 2450 νομένων
2483 2375 3021 2438 κατασκευάζοντεςς
3075 2374 3185 2427 Καί⁸
3265 2375 3370 2444 μὴν
3431 2375 3753 2426 τούναντίον

2169 2471 2314 2523 ἆπαν
2346 2468 2489 2529 εἰκὸς
2510 2466 2703 2525 αὐτοὺς
2735 2467 2924 2529 ποιεῖν,
2951 2466 3052 2517 ὅσα
3086 2481 3148 2532 γε
3182 2464 3439 2532 λογισμὸς
3464 2463 3754 2533 ἀνθρώπι-

2169 2578 2257 2624 νος
2313 2558 2594 2628 ἐπιτρέπει
2627 2574 2642 2588 ο
2692 2549 2942 2624 εὔχεσθαι
2980 2555 3209 2626 ῥαγῆναι
3240 2555 3449 2617 τούτοις
3482 2556 3580 2623 τὴν
3611 2555 3751 2623 γῆν,

2168 2653 2247 2722 τῷ
2275 2651 2383 2705 δέει
2425 2648 2698 2718 πανταχοῦ
2731 2647 3086 2700 καταδύεσθαι
3118 2663 3131 2676 ·
3164 2646 3343 2699 πάντα
3381 2646 3760 2716 μηχανᾶσθαι,

2173 2745 2295 2814 μηδ’
2327 2745 2416 2796 ἐπὶ
2448 2744 2665 2812 μνήμην
2691 2741 2844 2811 ὑμῶν
2869 2740 3063 2802 αὐτοὺς
3111 2740 3289 2809 ἥκειν.
3339 2739 3450 2791 Καὶ
3505 2738 3611 2810 μὴν
3648 2741 3754 2791 καὶ

2174 2838 2329 2906 μῖσος
2385 2834 2670 2888 ἀναλαϐεῖν
2722 2834 2844 2886 ἀντὶ
2895 2830 2989 2885 τοῦ
3030 2832 3296 2902 πρότερον
3352 2831 3574 2901 φίλτρου
3611 2831 3758 2884 κατά

2169 2927 2263 2979 τοῦ
2288 2927 2685 2994 ἀπατήσαντος.
2738 2923 2861 2976 Ἐπὶ
2891 2922 2996 2975 τίνι
3035 2923 3142 2992 γὰρ
3192 2921 3286 2974 καὶ
3341 2921 3561 2991 ἔμελλον
3609 2920 3760 2972 οὕτω

2167 3016 2426 3088 κήδεσθαι
2456 3015 2548 3068 τοῦ
2575 3015 2904 3068 Διδασκάλου
2931 3031 2945 3079 ;
2985 3016 3108 3067 Ὀτι
3138 3015 3222 3082 ἐφ’
3245 3008 3324 3075 οἷς
3347 3012 3494 3082 αὐτῷ
3511 3013 3758 3079 συνῆσαν

2171 3112 2228 3161 ὲν
2252 3109 2544 3162 ἀπολαύσει
2599 3105 2828 3171 διέζωνς
2888 3105 3026 3160 ἀλλά
3061 3106 3154 3159 καὶ
3199 3109 3266 3176 ἢν
3312 3101 3456 3174 εῐχον
3493 3103 3761 3172 πενιχρὰν

2171 3201 2425 3272 ὓπαρξιν,
2478 3202 2591 3262 τοῖς
2641 3199 2850 3251 ἐκείνου
2887 3198 3192 3266 πειθόμενοι
3239 3195 3416 3262 λόγοις
3472 3194 3758 3265 ῥίψαντες,

2171 3295 2316 3365 λιμῷ
2365 3296 2459 3346 καὶ
2490 3293 2665 3361 δίψει,
2705 3291 2802 3344 καὶ
2846 3293 2958 3353 τοῖς
3005 3289 3184 3351 ἄλλοις
3233 3289 3505 3357 ὲτήκοντο.
3555 3285 3619 3336 Τί
3654 3284 3757 3343 δὲς

501 3384 558 3436 in
611 3383 820 3440 deliciis
861 3386 1154 3440 vivebant?
1207 3391 1273 3440 At
1320 3389 1411 3458 qui
1447 3405 1584 3457 quas
1635 3393 1798 3445 etiam
1846 3395 2068 3462 exiguas

2175 3389 2297 3440 Ὅτι
2350 3386 2687 3454 πλασάμενοι
2741 3384 2839 3453 τὴν
2893 3381 3207 3442 ἀνάστασιν,
3261 3378 3466 3440 εὐθέως
3522 3375 3760 3445 ἔμελλον

500 3475 790 3530 facultates
839 3477 1129 3542 habebant,
1162 3479 1342 3532 verbis
1373 3481 1519 3534 illius
1566 3481 1814 3536 obsecuti
1850 3485 2067 3553 abjece-

504 3576 670 3631 rant;
715 3568 966 3638 fameque
1009 3580 1063 3624 et
1112 3572 1222 3634 siti,
1273 3579 1326 3625 et
1363 3572 1487 3627 aliis
1536 3574 1902 3630 incommodis
1941 3592 2075 3630 con-

505 3661 886 3716 tabescebaut.
922 3662 1061 3728 Quid
1093 3663 1269 3718 vero?
1309 3665 1389 3718 An
1434 3665 1563 3735 quia
1610 3671 2073 3723 resurrectionem

505 3753 904 3822 contingentes,
966 3759 1142 3811 betam
1208 3760 1391 3813 statim
1439 3775 1503 3815 ac
1552 3761 1848 3827 jucundam
1912 3765 2074 3818 vitam

505 3844 707 3896 victuri
764 3848 964 3899 erant?
1017 3846 1217 3903 Verum
1287 3849 1607 3920 magis‘eos
1654 3855 1818 3906 animi
1872 3871 2078 3909 mceror

505 3937 855 3993 cruciaturus
878 3947 1024 4000 erat,
1048 3957 1170 3994 cum
1201 3943 1288 4004 iis,
1315 3959 1435 4011 qua:
1464 3946 1882 4013 conﬂuxissent,
1913 3948 2079 4002 haud-

509 4043 784 4097 quaquam
849 4032 1054 4086 certius
1109 4034 1208 4086 niti
1275 4045 1520 4102 possent.
1581 4036 1880 4102 Cujusnam
1946 4056 2077 4108 ergo

508 4117 683 4185 gratia
720 4119 772 4172 in
804 4128 1012 4173 tantum
1068 4138 1126 4175 se
1160 4125 1462 4190 periculum
1499 4127 1905 4194 conjet-issent?
1935 4129 2075 4183 Nihil

507 4205 668 4274 plane
697 4205 967 4274 ejusmodi
1019 4216 1102 4261 est
1145 4209 1305 4278 quale
1345 4219 1424 4276 tu,
1461 4228 1585 4266 vere
1638 4215 1911 4279 seductor,
1961 4218 2073 4284 ais;

506 4296 639 4366 quin
666 4299 749 4352 vel
783 4299 987 4354 invitus
1025 4303 1447 4357 resurrectionis
1479 4304 1822 4372 splendorem
1855 4309 2075 4363 visurus

505 4405 588 4451 vs,
656 4399 924 4444 terrarum
999 4393 1315 4448 universum
1381 4396 1569 4450 orbem
1624 4398 2073 4464 collustrantcm,

508 4483 724 4536 tametsi
777 4485 1001 4554 gravius
1048 4485 1228 4539 adhuc
1262 4487 1508 4543 velamen
1557 4491 1708 4542 cordi
1759 4491 2072 4562 impositum

504 4591 683 4644 geras.
713 4573 958 4638 Interim.
991 4577 1267 4644 quodnam
1313 4580 1414 4633 hoc
1445 4581 1778 4648 praesidium,
1811 4584 1958 4652 quod
1987 4600 2073 4638 se-

502 4667 697 4734 pulcro
727 4667 973 4721 moliris?
998 4667 1289 4737 Signacula
1322 4672 1558 4739 imponis
1580 4711 1594 4736 ,
1632 4689 1695 4726 ac
1727 4675 1935 4728 circum
1973 4691 2072 4730 cu-

2183 3478 2470 3550 βιώσεσθαι
2497 3476 2668 3544 ;Ἀλλ’
2700 3475 2842 3528 οὕτω
2856 3491 2919 3542 γε
2945 3473 3103 3526 πλέον
3132 3475 3164 3542 ὴ
3192 3471 3398 3541 ἀθυμία
3424 3471 3653 3530 ὲκέντει,
3673 3463 3762 3531 οἷς

2179 3575 2479 3628 ὲπλάσαντο
2517 3571 2735 3642 θαρρεῖν
2764 3569 2864 3621 οὒκ
2891 3567 3123 3636 ἔχοντες.
3171 3565 3316 3617 ’Λντὶ
3345 3564 3488 3625 τίνος
3537 3559 3629 3614 οὖν
3675 3563 3760 3624 εἰς

2177 3667 2428 3720 τοσοῦτον
2461 3663 2704 3718 κινδύνου
2736 3661 2994 3714 καθίεσαν
3043 3657 3272 3722 αύτούςς
3309 3655 3424 3709 ἀλλ’
3452 3656 3550 3708 οὐκ
3580 3653 3756 3717 ἐστιν,

2178 3762 2251 3824 ὡς
2274 3760 2336 3813 σὺ
2367 3759 2564 3826 λέγεις,
2593 3749 2636 3808 ὦ
2672 3755 2838 3806 πλάνε
2869 3750 3083 3822 ἀληθῶς
3107 3767 3119 3780 ·
3153 3750 3266 3802 ἀλλ’
3294 3748 3416 3817 ὄψει
3452 3746 3544 3800 καὶ
3601 3746 3760 3798 ἄκων

2179 3855 2276 3922 τῆς
2313 3851 2659 3911 ἀναστάσεως
2702 3847 2764 3900 τὸ
2810 3845 3012 3915 φέγγος
3064 3845 3244 3896 πᾶσαν
3295 3841 3635 3911 περιλάμπον
3655 3839 3765 3909 τὴν

2177 3942 2501 4010 οἰκουμένην
2533 3955 2547 3970 ⁸
2583 3940 2684 3992 κάν
2715 3938 2792 3991 ἔτι
2825 3937 3123 4006 βαρύτερον
3142 3933 3259 4002 εἴης
3281 3934 3373 3985 ἐπὶ
3395 3933 3492 4000 τῆς
3521 3930 3758 4000 καρδίας

2181 4035 2364 4104 φέρων
2396 4034 2454 4086 τὸ
2493 4033 2778 4100 κάλυμμα.
2811 4030 2959 4091 Τέως
2997 4027 3055 4080 δὲ
3077 4026 3170 4078 νῦν
3199 4025 3337 4095 τίςὴ
3371 4023 3660 4092 ἀσφάλεια,
3691 4025 3764 4092 ἣν

2178 4126 2254 4194 τῷ
2275 4127 2427 4193 τάφῳ
2447 4126 2712 4194 περινοεῖς
2734 4141 2747 4186 ;
2776 4121 3075 4190 σφραγῖδας
3114 4118 3378 4186 ἐπιτίθης,
3399 4111 3492 4168 καλ
3515 4130 3764 4199 κουστω-

2177 4219 2295 4280 δίας
2355 4215 2745 4285 περικαθίζεις.
2783 4213 2849 4265 Τί
2906 4215 3099 4276 ποιεῖς,
3140 4210 3401 4274 ἰουδαῖε;
3458 4206 3764 4269 Λανθάνεις

2182 4307 2394 4378 σεαυτῷ
2432 4308 2520 4360 τὸν
2556 4306 2774 4374 ἔλεγχον
2803 4304 2901 4374 τῆς
2934 4304 3118 4366 ἀνοίας
3151 4299 3522 4369 ἀφυκτότερον
3580 4313 3764 4349 κατα-

2181 4399 2492 4464 σκευάζων;
2542 4397 2606 4452 Et
2651 4397 2747 4468 μὲν
2800 4397 2908 4466 γὰρ
2959 4394 3147 4464 ὥσπερ
3193 4393 3294 4444 οῐει
3343 4389 3540 4450 πλάνος
3579 4389 3607 4440 ὁ
3653 4386 3764 4456 τῆς

2177 4494 2523 4554 ἀναστάσεως
2565 4491 2741 4558 λόγος,
2798 4489 2879 4551 τίς
2930 4489 2962 4557 ἡ
3000 4485 3126 4555 περὶ
3167 4483 3256 4538 τὸν
3281 4483 3453 4552 τάφον
3508 4480 3764 4542 διάκενος

2179 4586 2416 4654 σπουδή;
2454 4584 2514 4635 Εἰ
2566 4581 2610 4634 δ’
2642 4582 2716 4644 ὡς
2764 4580 2958 4650 ἀληθῆ,
3017 4580 3154 4647 ὅπερ
3193 4574 3328 4638 ἐστὶ,
3388 4572 3652 4635 δέδοικας
3704 4570 3764 4623 τε

2176 4679 2241 4730 δι’
2279 4672 2352 4730 ὧν
2408 4675 2591 4745 ἐκείνῃ
2645 4674 2812 4744 μάχῃ,
2876 4671 3067 4723 σαυτὸν
3123 4669 3479 4737 ἀνατρέπεις;
3516 4665 3590 4735 μὴ
3643 4666 3762 4730 γὰρ

505 4761 712 4814 stodias
749 4760 998 4815 adhibes.
1051 4760 1190 4825 Quid
1238 4763 1373 4830 agis,
1406 4761 1623 4817 Judaae?
1675 4762 1791 4818 Non
1824 4768 2068 4819 animad-

2179 4768 2320 4822 οὕτω
2380 4765 2792 4837 περικροτοῦντί
2845 4780 2926 4816 σοι
2966 4763 3066 4832 τὴν
3091 4760 3375 4829 φυλακὴν,
3413 4758 3542 4820 ιἴσως
3608 4755 3678 4808 ἂν
3719 4758 3754 4822 ἡ

503 4852 672 4904 vertis
723 4851 866 4905 viam
915 4861 967 4905 te
1009 4850 1104 4904 tibi
1142 4851 1473 4905 excusanda
1515 4853 1844 4922 insipientia:
1893 4858 2067 4927 magis

411 4957 421 4969 ·
505 4957 568 4994 ac
614 4945 787 5012 magis
821 4945 1196 5014 praecludere?
1227 4943 1283 4997 Si
1335 4945 1502 5014 enim,
1537 4955 1592 4999 ut
1633 4948 1940 5013 arbitraris,
1975 4953 2065 5019 qni

503 5035 570 5087 de
603 5037 1007 5092 resurrectione
1031 5036 1268 5106 iactatur
1308 5053 1510 5100 sermo,
1544 5039 1774 5092 mendax
1820 5056 1882 5095 ac
1915 5058 2067 5096 COIII-

2178 4861 2422 4914 ἀναίδεια
2452 4857 2543 4910 ἐπὶ
2577 4857 2636 4909 τὸ
2668 4856 3019 4923 συκοφαντεῖν
3056 4853 3154 4920 τὴν
3209 4853 3505 4905 ἀνάστασιν
3552 4849 3753 4914 dippin—

2178 4953 2348 5023 μένῳ,
2416 4950 2516 5003 οὐκ
2588 4947 2653 5002 ἂν
2721 4947 2860 5018 μετά
2932 4945 3200 5016 τοσαύτης
3267 4943 3526 5013 αἰσχύνης
3579 4939 3756 5009 προῦ-

2171 5044 2357 5115 χώρει.

505 5127 784 5184 mcntitius
833 5135 938 5190 est,
973 5127 1104 5198 quid
1151 5144 1291 5182 vano
1330 5129 1510 5183 studio
1556 5131 1702 5184 circa
1752 5135 2064 5202 sepulcrum
2105 5137 2440 5204 occuparis?
2493 5136 2588 5189 Sin
2623 5145 2802 5188 autem
2873 5141 2930 5187 ut
2979 5147 3192 5194 verum,
3244 5129 3406 5186 sicuti
3455 5136 3562 5191 est,
3628 5143 3755 5182 me-

501 5221 630 5285 tuis,
659 5222 789 5291 quid
825 5224 894 5279 iis
920 5224 1087 5277 armis
1111 5222 1309 5293 quibus
1333 5221 1478 5274 illum
1511 5237 1792 5293 oppugnas
1817 5225 2050 5292 teipsnm
2093 5228 2417 5297 oppugnas?
2452 5225 2626 5285 gForte
2648 5226 2792 5279 enim
2835 5225 2878 5279 si
2936 5239 3045 5278 non
3113 5230 3326 5275 tantum
3377 5219 3547 5276 studii
3619 5235 3754 5271 mn-

449 5327 458 5332 ‘
501 5318 701 5371 niendo
727 5334 790 5372 ac
812 5321 1167 5376 custodiendo
1203 5328 1454 5396 sepulcro
1491 5327 1853 5398 adhibuisses,
1880 5331 2216 5400 impudentia
2266 5330 2332 5385 ad
2388 5328 2829 5386 Caiumniaudam
2881 5325 3341 5382 resurrectionem
3388 5337 3749 5391 prOInOVwS.

499 5412 698 5466 minori
736 5412 928 5467 fuisset
961 5415 1233 5475 dedecori.

571 5501 677 5556 Sed
721 5504 934 5557 valeant
975 5503 1182 5561 Hebraei
1231 5525 1354 5564 cum
1409 5515 1524 5567 suis
1583 5515 1743 5584 nugis
1789 5533 1803 5568 :
1848 5515 2059 5570 Christi

498 5609 628 5650 vero
673 5596 1024 5650 immaculata
1073 5598 1316 5655 Ecclesia
1350 5618 1472 5658 cum
1507 5607 1688 5677 Moyse
1732 5624 1945 5663 sacram
1980 5625 2056 5663 re-

497 5687 795 5758 quietionis
839 5688 979 5742 diem
1027 5701 1336 5760 veneretur,
1395 5697 1460 5750 de
1505 5714 1608 5766 qua
1669 5700 1883 5755 diccbat
1928 5722 1938 5756 :
1999 5701 2062 5754 Et

573 5783 610 5815 ⁶¹
638 5779 798 5837 Joan.
833 5798 927 5843 vn,
963 5781 1049 5836 49.

2247 5512 2385 5567 Ἀλλ’
2421 5508 2766 5582 ὲρῥίφθωσαν
2807 5509 2926 5569 ταῖς
2974 5504 3154 5558 αὐτῶν
3183 5503 3402 5573 λέσχαις
3456 5501 3698 5572 Ἑϐραῖοι
3728 5525 3739 5534 ·

2169 5609 2202 5680 ἡ
2233 5607 2290 5658 δὲ
2315 5605 2406 5658 τοῦ
2433 5601 2668 5673 Χριστοῦ
2699 5602 2928 5671 ἄμωμος
2971 5599 3264 5667 Ἐκκλησία
3295 5597 3431 5665 μετά
3461 5595 3745 5656 Μωῦσέως

2169 5702 2268 5772 τῆς
2303 5695 2696 5757 καταπαύσεως
2747 5693 2844 5764 τὴν
2879 5693 3029 5766 ἱερὰν
3073 5692 3283 5762 ἡμέραν
3311 5690 3521 5743 τιμάτω
3553 5708 3563 5719 ·
3611 5687 3743 5757 περὶ
