4070 6210
343 242 418 305 81
928 244 1212 305 ORATIO
1260 248 1424 308 VIII.
1460 274 1525 283 -
1569 250 1650 310 IN
1694 252 2254 319 DEPOSITIONEM
2293 256 2666 322 CORPORIS
2702 263 3031 330 CHRISTI.

3550 269 3627 333 8‘3

334 352 415 426 ἦς
446 353 625 423 ἔλεγε·
655 354 789 455 Καὶ.
807 357 1147 427 εὐλόγησεν
1175 362 1209 414 ὀ
1255 362 1399 428 Θεὸς
1430 361 1544 429 τὴν
1572 365 1801 433 ἡμέραν
1826 368 1925 436 τὴν

2042 371 2307 428 benedixit
2346 375 2485 429 Deus
2515 377 2623 431 diei
2665 380 2885 448 septimo
2937 380 2982 413 ⁸⁸
3009 422 3025 447 ,
3083 381 3138 436 in
3185 397 3297 453 quo
3347 387 3619 455 requievit

336 448 637 516 ἑϐδόμην,
665 450 722 500 ἐν
756 441 790 521 ᾖ
844 448 1188 504 κατέπαυσεν
1226 452 1332 505 ἀπὸ
1375 453 1592 507 πάντων
1621 455 1728 509 τῶν
1762 457 1939 527 ἔργων

335 534 540 590 αὐτοῦ.
566 537 628 590 Ei
653 538 763 608 γὰρ
792 538 889 591 καὶ
912 538 1022 591 τῶν
1046 537 1228 613 ἔργων
1258 543 1318 607 ἐξ
1351 537 1426 594 ὧν
1446 545 1474 596 6
1498 544 1701 615 κόσμος
1733 547 1939 620 ὑπέστη

334 626 499 697 δηλοῖ
514 627 864 681 κατάπαυσιν
895 645 909 658 ·
941 630 1054 683 ἀλλ’
1076 628 1171 685 οὖν
1202 632 1341 701 αὕτη
1362 633 1439 704 τῷ
1469 634 1581 688 ὄντι
1624 636 1726 705 τῆς
1761 655 1935 692 κατα-

337 719 605 782 παύσεως
628 720 834 791 ἡμέρα,
878 721 937 773 ἐν
984 715 1073 796 ᾖό
1108 723 1399 795 μονογενὴς
1424 725 1548 789 Tib;
1580 726 1673 780 τοῦ
1714 728 1848 781 Θεοῦ
1881 729 1941 794 ἐξ

331 809 528 879 ἔργων
549 808 644 862 τοῦ
676 810 948 881 ἡμετέρου
998 811 1453 883 πῳσλήμματος,
1494 815 1637 870 ἑκὼν
1670 819 1939 889 ὁμιλήσας

331 902 596 971 θανάτῳ,
639 902 985 958 κατέπαυσεν
1010 920 1025 935 ⁸
1066 901 1186 978 ἐνῇ
1228 907 1317 960 τοῦ
1360 909 1590 964 θανάτου
1646 912 1679 982 ἠ
1722 914 1939 978 αἰώνιος

328 993 612 1062 τυραννὶς
662 993 958 1065 κατελύθη,
1007 997 1104 1050 καὶ
1131 998 1181 1050 oi
1217 999 1312 1051 ὑπ’
1333 1000 1526 1071 ἐκείνῳ
1553 1002 1935 1075 ταλαιπωρού-

2044 467 2114 520 ab
2158 468 2414 524 omnibus
2459 470 2717 538 operibus
2765 474 2901 527 suis.
2962 473 3112 528 Licet
3146 478 3294 530 enim
3348 478 3621 547 signiﬁcet

2040 559 2284 629 requiem
2321 561 2390 614 ah
2412 563 2689 631 operibus,
2715 566 2919 634 quibus
2947 569 3202 623 conditus
3236 578 3320 623 est
3350 571 3614 627 mundus:

2041 651 2159 706 haec
2208 662 2389 708 tamen
2444 671 2629 710 revera
2680 657 2797 711 dies
2821 668 2905 713 est
2939 662 3316 730 requietionis,
3350 679 3454 732 qua
3493 644 3624 718 uni;

2039 744 2255 812 genitus
2301 746 2391 800 Dei
2431 745 2603 801 Filius
2671 763 2699 800 a
2736 750 3112 821 designatisiu
3158 754 3395 809 humana
3449 771 3614 811 carne

2038 845 2316 905 assumpta
2377 837 2636 904 operibus
2680 842 2965 908 requievit,
3026 854 3218 912 sponte
3275 846 3327 899 in
3384 858 3615 903 moz-tem

2036 928 2341 984 concedens
2374 947 2387 983 :
2420 944 2527 998 qua
2592 931 2681 985 die
2742 932 2944 987 aeterna
2992 936 3079 988 illa
3130 936 3321 991 mortis
3367 939 3647 1008 tyrannis.

2035 1019 2302 1076 dissoluta
2341 1032 2446 1089 est,
2479 1038 2542 1078 ac
2572 1025 2666 1094 qui
2699 1026 2805 1080 sub
2828 1042 2891 1081 ea
2927 1029 3330 1095 atterebantur,
3370 1033 3611 1100 requiem

333 1101 542 1153 μενοι,
582 1086 888 1139 ἀνάπαυσιν
920 1085 1142 1159 εὕροντο
1177 1105 1192 1120 ο
1225 1090 1282 1143 ἐν
1384 1092 1492 1145 τῶν
1527 1092 1800 1147 σπιλάδων
1837 1095 1925 1165 τῆς

2037 1113 2359 1168 invenerunt
2393 1133 2409 1171 :
2445 1131 2551 1186 qua
2597 1133 2627 1172 e
2655 1119 2859 1187 peccati
2907 1122 3151 1189 scopulis
3215 1137 3277 1176 ac
3317 1125 3483 1191 petris
3519 1141 3614 1178 ex-

331 1177 628 1247 ἁμαρτίας
663 1178 1029 1244 ὑπεξελθοῦσα
1070 1183 1103 1250 ἡ
1140 1180 1321 1249 φύσις,
1362 1183 1429 1238 δι’
1458 1177 1532 1239 ὧν
1559 1185 1695 1255 πρὸς
1728 1185 1925 1257 φθοράν

2035 1207 2211 1275 pedita
2262 1207 2372 1276 (9.7)
2415 1218 2635 1273 natura,
2677 1211 2878 1279 quibus
2930 1213 2982 1265 in
3015 1215 3425 1283 corruptionem
3471 1232 3611 1268 nau-

320 1269 632 1337 hnudyer,
667 1270 1057 1341 καθωρμίσατο
1094 1272 1230 1344 πρὸς
1269 1274 1579 1346 ἀφθαρσίαν
1606 1291 1621 1306 ·
1660 1278 1788 1331 καθ’
1809 1280 1925 1349 ἢνό

2032 1295 2207 1366 fragio
2232 1297 2554 1369 impegerat,
2579 1299 2646 1352 ad
2674 1300 3102 1369 iucorruptionis
3131 1314 3346 1371 portum
3380 1306 3607 1373 appulsa

333 1362 648 1431 κραταιὸς,
693 1361 769 1426 ὡς
818 1362 878 1427 ἐξ
924 1363 1093 1417 ὕπνου
1150 1365 1258 1419 τῶν
1298 1367 1437 1437 ὑπὲρ
1476 1368 1633 1439 ήμῶν
1679 1369 1925 1434 ὑπνώσας

2030 1396 2112 1441 est
2137 1405 2150 1440 :
2183 1402 2287 1456 qua
2318 1397 2511 1456 potens
2547 1390 2657 1453 ille,
2678 1390 2833 1459 quasi
2860 1406 3053 1447 somno
3083 1408 3149 1446 ex
3181 1394 3490 1448 vulneribus
3509 1409 3608 1464 pro

333 1455 701 1522 τραυμάτων,
762 1452 853 1507 τὸν
923 1455 1267 1526 ὑπερήφανον
1344 1458 1537 1529 ἐχθρὸν
1589 1463 1925 1532 τραυματίαν

2032 1478 2188 1533 nobis
2204 1481 2481 1548 susceptis
2500 1493 2809 1551 soporatus,
2835 1484 3131 1552 superbum
3150 1485 3361 1539 hostem
3376 1486 3609 1540 vulneri-

340 1544 674 1611 εἰργάσατο,
740 1544 836 1599 καὶ
889 1546 1016 1609 τοὺς
1073 1547 1453 1617 αἰχμαλώτους
1517 1551 1756 1605 ἀπέλυσε
1831 1552 1925 1621 τῆς

2028 1569 2128 1625 bus
2179 1572 2572 1637 cousauciavit,
2596 1576 2946 1643 captivosque
2977 1589 3044 1629 ex
3089 1574 3349 1630 diuturno
3389 1591 3609 1633 carcere

344 1636 713 1707 πολυχρονίου
763 1639 1029 1708 φρουρᾶς.
1060 1638 1155 1703 Τίς
1193 1642 1221 1693 6
1253 1640 1479 1705 πλοῦτος
1527 1643 1624 1711 τῆς
1658 1644 1782 1715 περὶ⁸
1826 1645 1925 1714 ἐμὲ

356 1726 700 1795 συμπαθείας
725 1745 741 1794 ;
822 1728 888 1781 Τί

355 1835 484 1880 σεως
506 1836 525 1884 ;
558 1817 909 1891 Ἐγευσάμην
935 1818 1045 1888 ἐγὼ
1073 1820 1325 1891 βρώσεως
1346 1824 1622 1893 γλυκείας,
1644 1827 1678 1897 ἥ
1710 1844 1777 1896 με
1799 1845 1931 1882 κατ-

348 1911 577 1980 έστησεν
611 1909 868 1964 ὑπόδικον
901 1910 980 1981 τῷ
1013 1911 1226 1983 θανάτῳ
1248 1930 1262 1944 ’
1294 1916 1389 1967 καὶ
1433 1915 1653 1983 γεύεται
1698 1917 1930 1974 θανάτου

344 1998 501 2066 Θεὸς,
538 1999 611 2052 ἶν’
648 2000 873 2072 ἁρπάσῃ
930 2000 1183 2056 θανάτου.
1231 2003 1297 2055 Ἢ
1349 2004 1534 2068 κόνις,
1592 2007 1930 2079 ἀγαθότητος

342 2091 495 2161 ὕψει,
530 2092 670 2162 πρὸς
696 2090 849 2147 θείαν
875 2091 1082 2163 ἀνήχθη
1109 2092 1289 2158 δόξαν,
1320 2095 1415 2147 καὶ
1444 2095 1542 2148 οὐκ
1574 2095 1803 2169 ἔστερξα
1832 2099 1930 2169 τὴν

347 2187 535 2254 τιμήν
600 2181 925 2236 καταϐαίνει
974 2183 1107 2246 Θεὸς
1156 2184 1291 2254 πρὸς
1350 2187 1491 2257 ἐμὴν
1523 2189 1804 2259 ἐσχατιὰν,
1844 2191 1929 2245 ἵνα

361 2277 436 2345 μὴ
500 2274 657 2343 μόνον
711 2273 902 2346 ἐγείρῃ
980 2274 1254 2341 πεσόντα,
1314 2277 1428 2329 ἀλλ’
1501 2279 1587 2331 ἵνα
1641 2279 1742 2349 τῆς
1789 2281 1928 2351 ἐμῆς

356 2363 720 2433 ἀνασχόμενος
757 2362 986 2433 φθορᾶς,
1047 2363 1452 2436 καταπλουτίσῃ
1498 2365 1558 2418 τὸ
1616 2365 1913 2438 ἄφθαρτον.

348 2457 453 2527 καὶ
483 2458 585 2525 τὴν
619 2454 758 2525 μετὰ
806 2455 1015 2526 νεκρῶν
1052 2456 1348 2510 κατάθεσιν
1401 2459 1434 2527 ἡ
1486 2456 1599 2529 ζωὴ
1648 2459 1926 2529 ὑπομένει,

341 2550 431 2600 ἵνα
459 2547 610 2618 πρὸς
637 2546 782 2617 ζωὴν
825 2546 889 2599 τὸ
921 2547 1051 2616 ἐμὸν
1095 2547 1287 2619 θνητὸν
1328 2552 1609 2621 μεταταγῇ
1643 2565 1660 2580 ·
1704 2550 1799 2603 καὶ
1842 2566 1930 2603 νε-

336 2639 654 2708 κροστόλοις
694 2637 907 2701 όθὸναις
937 2639 1227 2702 ἑλίσσεται,
1247 2640 1313 2693 ἵν’
1356 2638 1467 2708 ἐγὼ
1498 2640 1769 2712 σωτηρίας
1803 2642 1929 2713 ἱμά-

339 2750 457 2784 τιον
480 2729 868 2800 περιϐάλωμαι
896 2747 911 2762 ’
945 2731 1036 2784 καὶ
1062 2731 1218 2803 χερσὶ
1247 2732 1495 2801 πηλίναις
1526 2733 1926 2802 ἐνταφιάζεται,

343 2823 411 2877 ἶν’
477 2820 594 2891 ἐγὼ
651 2820 738 2875 ἐπ’
796 2819 964 2891 ὤμων
1013 2822 1224 2876 καθίσω
1285 2823 1657 2894 Χερουϐικῶν.
1726 2823 1928 2896 Χερσὶν

351 2914 559 2986 Ἰωσὴφ
611 2913 707 2967 τοῦ
755 2912 978 2984 σεμνοῦ.
1025 2908 1193 2978 Οὗτος
1235 2915 1344 2987 γὰρ
1395 2915 1651 2969 ἁπάντων
1698 2915 1931 2970 καταλι-

341 3008 560 3060 πόντων
583 3004 864 3074 γνωστῶν,
890 3005 980 3058 τὸν
1003 3006 1092 3060 διὰ
1116 3008 1400 3077 σπλάγχνα
1429 3008 1610 3072 ἐλέους
1635 3010 1925 3077 ἐπιγνόντα

338 3100 517 3168 ἡμᾶς,
560 3097 830 3168 λαμϐάνει
885 3100 1021 3167 πρὸς
1073 3098 1170 3168 τὴν
1207 3101 1405 3171 ταφήν.
1460 3099 1570 3153 Ποῦ
1617 3118 1707 3171 μοι
1758 3100 1924 3174 νῦνὴ

338 3191 557 3259 Πέτρου
586 3189 903 3261 παρρησίας
964 3189 1072 3243 Ποῦ
1102 3190 1159 3243 δὲ
1188 3190 1248 3243 τὸ
1282 3192 1560 3262 πρόθυμον
1584 3192 1680 3245 τοῦ
1712 3193 1922 3262 Θωμᾶ;

340 3281 452 3334 ποῦ
479 3279 537 3333 δέ
567 3279 676 3333 τῶν
697 3280 869 3334 ἄλλων
887 3281 1144 3350 μαθητῶν
1173 3282 1232 3336 τὸ
1258 3284 1479 3355 φίλτρον
1506 3301 1520 3350 ;
1549 3284 1663 3338 Νῦν
1686 3287 1923 3355 ἐλέγετε·

344 3375 612 3441 Ἄγωμεν
641 3372 737 3425 καὶ
768 3371 958 3441 ἡμεῖς,
1000 3373 1077 3425 ἵν’
1108 3374 1500 3445 ἀποθάνωμεν
1537 3378 1667 3447 μετ’
1696 3379 1881 3432 αὐτοῦ
1906 3394 1920 3410 ⁸

344 3464 447 3518 καὶ
504 3462 605 3517 νῦν
667 3463 767 3516 οὐκ
826 3464 1110 3518 ἀκολουθεῖ
1145 3482 1229 3529 τις
1257 3467 1472 3520 ἀπιόντι
1506 3468 1585 3539 τῷ
1621 3468 1925 3539 διδασκάλῳ

344 3555 488 3629 πρὸς
515 3555 615 3625 τὴν
638 3553 875 3625 σφαγήν.
908 3558 1020 3609 Καὶ
1049 3556 1248 3625 γύναια
1275 3559 1374 3629 μὲν
1408 3561 1568 3624 τέως,
1605 3564 1653 3614 εί
1676 3562 1770 3615 καὶ
1810 3579 1917 3633 μα-

345 3650 550 3722 κρόθεν
582 3651 803 3721 ἔστηκε,
860 3651 954 3704 καὶ
986 3651 1206 3723 θρηνεῖ·
1236 3654 1285 3706 oi
1318 3654 1374 3707 δὲ
1399 3655 1638 3725 μαθηταὶ
1659 3656 1782 3708 οὐδὲ
1826 3672 1924 3724 γυ-

345 3742 576 3803 ναικῶνζ
599 3740 939 3811 λαμϐάνουσι
970 3743 1197 3813 τόλμαν.
1229 3744 1295 3796 Τί
1325 3743 1466 3796 οὕτω
1491 3745 1676 3798 πᾶσαν
1710 3745 1924 3816 ἐκείνην

344 3837 449 3905 τῆς
504 3833 741 3903 στοργῆς
801 3832 956 3904 ὑμῶν
995 3834 1095 3904 τὴν
1142 3834 1318 3904 φλόγα
1373 3834 1561 3888 ἔσϐεσε
1598 3836 1660 3890 τὸ
1709 3837 1921 3905 δειλόν;

344 3930 469 3983 οἵ)δέ
507 3928 713 3998 ἐγείρει
741 3928 841 3999 τὴν
870 3927 1066 4000 ψυχὴν,
1099 3921 1173 3983 ὧν
1201 3946 1261 3982 τε
1289 3924 1445 3989 εἶπεν
1491 3926 1641 3985 ὧντε
1680 3932 1923 3987 ἐτέλεσεν

344 4025 375 4073 6
402 4019 758 4087 διδάσκαλοςς
816 4019 933 4073 ἀλλ’
957 4020 1101 4075 οὑτω
1152 4020 1401 4094 διέθηκεν
1421 4023 1449 4076 ό
1474 4024 1658 4090 φόϐος,
1708 4023 1785 4087 ὡς
1816 4041 1922 4093 μη-

343 4110 498 4174 δενὸς
551 4110 695 4180 ἔχειν
740 4108 897 4178 λόγον
945 4110 1118 4179 back;
1177 4113 1251 4181 μὴ
1302 4112 1399 4182 τῆς
1460 4112 1732 4184 τοσαύτης
1786 4114 1924 4182 ἀγά-

347 4220 458 4270 πης
486 4218 504 4232 ο
563 4202 638 4273 μὴ
695 4201 803 4255 τῶν
850 4202 1145 4273 ὑπερφυῶν
1207 4202 1522 4274 θαυμάτων,
1568 4203 1604 4258 ἃ
1663 4204 1722 4270 ἐξ
1759 4206 1923 4261 αὐτοῦ

347 4296 728 4364 ἐπλουτήσατε
784 4310 799 4327 ·
834 4295 909 4366 μὴ
939 4295 1035 4365 τῆς
1063 4295 1173 4348 τῶν
1203 4296 1494 4365 δαιμονίων
1540 4297 1839 4368 ὑποταγῆς,
1889 4298 1926 4353 ἃ

2029 1658 2296 1718 liberavit.
2346 1663 2476 1729 Qum
2522 1664 2641 1719 ista:
2689 1665 2890 1721 divitia:
2935 1667 3135 1722 divina:
3173 1668 3226 1721 in
3264 1683 3348 1722 me
3378 1670 3607 1722 commi-

963 1728 1024 1781 τὸ
1106 1730 1333 1801 ἄπειρον
1407 1733 1507 1800 τῆς
1584 1735 1925 1803 συγκαταϐά-

2035 1757 2641 1823 serationis?Qu:enam
2674 1759 2938 1816 immensa
2982 1761 3097 1816 haec
3128 1761 3182 1815 iu
3229 1777 3406 1817 meum
3447 1776 3603 1816 usum

2032 1848 2363 1919 modumque
2424 1851 2750 1906 inclinatio?
2807 1851 3169 1908 Gustaveram
3235 1869 3338 1925 ego
3389 1856 3603 1909 dulcem

2030 1955 2231 2005 escam,
2282 1957 2389 2011 qua
2440 1959 2564 1998 reus
2616 1946 2809 2000 mortis
2867 1945 3043 2001 iactus
3108 1963 3254 2028 sum,
3314 1954 3606 2017 gustatque

2031 2031 2175 2088 Deus
2228 2041 2494 2100 mortem,
2551 2044 2611 2090 ut
2662 2051 2691 2089 a
2742 2046 2918 2115 morte
2966 2048 3143 2093 eruat.
3192 2037 3377 2093 Pulris
3438 2055 3604 2093 exsu-

2032 2126 2277 2196 perantia
2331 2127 2590 2181 bonitatis
2648 2127 2714 2181 ad
2745 2127 2982 2182 divinam
3032 2130 3262 2198 gloriam
3298 2130 3605 2185 subductus

2030 2227 2144 2283 est;
2189 2232 2290 2273 nec
2336 2232 2439 2286 ego
2488 2219 2747 2272 honorem
2783 2221 3068 2288 amplexus
3113 2237 3265 2285 smn,
3314 2235 3378 2275 ac
3426 2222 3603 2277 libens

2031 2310 2192 2364 habui
2225 2329 2239 2365 :
2268 2309 2659 2380 descenditque
2709 2310 2853 2367 Deus
2880 2312 2945 2366 ad
3003 2312 3241 2367 intimam
3302 2329 3475 2367 meam
3518 2315 3603 2368 vi-

2031 2401 2259 2467 litatem,
2303 2410 2362 2456 ut
2409 2417 2516 2455 non
2571 2403 2751 2457 solum
2808 2404 3127 2474 prolapsum
3164 2406 3359 2476 erigat,
3409 2421 3598 2460 verum

2029 2493 2192 2548 etiam
2237 2501 2297 2547 ut
2342 2508 2519 2547 meam
2575 2493 2857 2549 sustinens
2886 2496 3314 2564 corruptionem,
3350 2497 3602 2550 incorru—

2031 2587 2234 2656 ptionis
2306 2586 2438 2640 mihi
2489 2586 2708 2641 divitias
2739 2588 3016 2657 praebeat:
3061 2590 3371 2659 patiturque
3405 2591 3509 2642 vita
3541 2599 3601 2642 ut

2031 2688 2154 2725 cum
2198 2673 2428 2728 mortuis
2495 2674 2827 2744 deponatur,
2871 2684 2930 2729 ut
2973 2677 3039 2731 ad
3082 2678 3246 2732 vitam
3298 2679 3602 2733 mortalita-

2031 2769 2137 2815 tem
2163 2777 2336 2816 meam
2364 2765 2659 2819 transierat
2686 2781 2701 2819 :
2730 2765 3052 2821 funebribus
3075 2768 3255 2822 linteis
3279 2769 3597 2835 involvitur,

2031 2866 2092 2908 ut
2136 2869 2238 2924 ego
2281 2856 2599 2911 indumento
2646 2858 2843 2913 salutis
2900 2860 3133 2925 vestiar;
3181 2861 3455 2931 luteisque
3485 2876 3599 2915 ma-

2032 2945 2196 3001 nibus
2245 2946 2502 3014 sepulcro
2573 2948 2851 3010 conditur,
2894 2958 2957 3002 ut
3020 2966 3121 3021 ego
3158 2950 3596 3007 Cberubiuorum

2035 3034 2280 3089 humeris
2302 3035 2590 3096 insideam.
2621 3035 2895 3104 Manibus,
2939 3039 3183 3109 inquam,
3224 3040 3597 3097 honestissimi

2029 3125 2252 3196 Ioseph.
2301 3127 2402 3180 Hie
2447 3128 2616 3192 enim,
2650 3143 2772 3183 cum
2823 3131 2937 3184 noti
2991 3146 3183 3186 omnes
3223 3132 3596 3202 reliquissent,

2026 3232 2147 3270 eum
2203 3217 2574 3286 sepeliendum
2619 3220 2871 3289 suscipit,
2925 3221 3016 3290 qui
3072 3237 3171 3292 per
3204 3223 3597 3280 misericordia

2027 3308 2235 3362 viscera
2275 3316 2438 3363 notos
2468 3324 2570 3365 nos
2603 3310 2906 3368 habuisset.
2952 3312 3050 3368 Ubi
3089 3328 3234 3369 nunc
3285 3316 3417 3369 mihi
3449 3314 3595 3369 Petri

2027 3398 2290 3452 libertas?
2317 3396 2414 3453 Ubi
2450 3398 2675 3454 Thema;
2700 3402 3001 3457 alacritas?
3035 3401 3137 3458 Ubi
3164 3405 3396 3459 aliorum
3427 3405 3597 3459 disci-

2024 3491 2276 3559 pulorum
2305 3492 2496 3545 amor?
2520 3491 2681 3547 Modo
2725 3494 2992 3550 dicebatis
3029 3514 3041 3550 :
3074 3495 3276 3549 Eamus
3305 3506 3356 3550 et
3388 3513 3504 3559 pios,
3545 3508 3598 3550 et

2025 3585 2319 3636 moriamur
2352 3599 2470 3636 cum
2507 3584 2604 3637 illo
2633 3584 2718 3654 ⁶⁸;
2769 3600 2869 3638 nec
2897 3586 3189 3655 quisquam
3230 3586 3394 3640 modo
3436 3601 3596 3653 repe-

2026 3675 2167 3728 ritur
2188 3714 2203 3737 ,
2231 3680 2323 3744 qui
2354 3677 2672 3747 magistrum
2695 3686 2911 3731 euntem
2938 3678 3003 3732 ad
3031 3688 3259 3733 mortem
3283 3679 3595 3733 comitetur.

2023 3766 2102 3820 Ac
2139 3768 2405 3823 mulieres
2436 3768 2655 3837 quidem
2702 3768 2985 3832 hactenus,
3016 3784 3327 3841 quanquam
3357 3785 3386 3824 a
3417 3771 3594 3840 longe,

2025 3866 2194 3922 stant,
2236 3875 2302 3914 ac
2355 3861 2726 3917 lamentantur
2763 3881 2777 3918 :
2809 3863 3065 3933 discipuli
3117 3878 3250 3919 vero
3299 3880 3368 3918 ne
3412 3879 3596 3933 parem

2023 3952 2244 4021 quidem
2282 3953 2603 4011 mulieribus
2642 3965 2919 4011 ostentant
2968 3958 3273 4014 audaciam.
3309 3956 3421 4013 Cur
3463 3959 3598 4014 adeo

2032 4045 2196 4099 timor
2223 4055 2467 4100 vestram
2514 4048 2664 4101 illam
2699 4049 2906 4103 amoris
2950 4049 3222 4104 flammam
3257 4051 3469 4121 penitus
3497 4067 3595 4106 ex-

2025 4131 2250 4186 stinxit?
2295 4148 2397 4188 nec
2443 4137 2723 4205 magister,
2775 4138 2843 4192 iis
2888 4156 3008 4206 qua:
3052 4140 3190 4194 dixit
3231 4143 3592 4212 patravitque,

2022 4228 2235 4276 vestros
2267 4223 2481 4279 animos
2514 4226 2814 4295 quidquam
2848 4229 3053 4298 erigit?
3082 4230 3177 4285 sed
3226 4231 3299 4285 ita
3335 4248 3432 4288 vos
3461 4247 3596 4286 con-

2025 4317 2291 4371 sternavit
2334 4333 2506 4388 pavor
2543 4327 2601 4371 ut
2638 4321 2842 4377 nullius
2884 4324 2962 4376 rei
3012 4324 3278 4380 rationem
3313 4326 3590 4394 habeatis;

346 4389 456 4443 ὑπὸ
511 4387 679 4451 πόδας
750 4387 904 4458 ὑμῶν
953 4388 1183 4460 siin-cev;
1258 4388 1374 4442 ἀλλ’
1455 4387 1598 4443 οὕτω
1662 4390 1922 4460 ῥίψαντας

2028 4421 2133 4460 non
2181 4409 2315 4462 tanti
2361 4410 2505 4465 illius
2524 4412 2756 4475 amoris,
2784 4427 2890 4466 non
2930 4414 3240 4470 divinorum
3288 4432 3352 4471 ac
3381 4411 3594 4473 naturae

347 4481 567 4537 ἅπαντα
647 4480 813 4551 μόνης
885 4478 1022 4534 εἶναι
1076 4482 1175 4551 τῆς
1233 4480 1728 4553 σκυθρωπότητος;
1802 4483 1921 4538 οὑδέ

344 4576 451 4643 τῆς
514 4572 739 4644 Μητρός
795 4575 911 4627 ἐστι
965 4573 1123 4643 λόγος
1164 4575 1290 4644 ὑμῖν
1319 4591 1333 4607 ·
1384 4568 1588 4648 ᾖείκδς
1626 4575 1718 4629 ἐπὶ
1768 4593 1923 4646 μονο-

347 4670 500 4736 γενεῖ
530 4667 692 4721 Παιδί
742 4664 886 4719 οὕτω
930 4667 1259 4738 κρεμαμένῳ
1317 4668 1731 4741 ἀπαραμυθήτῳ
1768 4669 1920 4736 άλγει

347 4758 745 4829 διεσπαράχθαι
777 4756 848 4810 τὰ
908 4758 1188 4828 σπλάγχνα
1220 4776 1233 4824 ;
1360 4762 1454 4813 καὶ
1500 4760 1656 4822 ἄλλος
1691 4766 1784 4830 τιςέ
1813 4760 1921 4814 τῶν

345 4851 448 4905 οὐκ
502 4850 720 4904 εἰδότων
776 4849 1079 4920 συνήλγησε
1097 4851 1195 4917 τὴν
1252 4850 1449 4921 ψυχὴν,
1483 4853 1578 4906 καὶ
1620 4853 1920 4923 ἀγαπητῶς

344 4942 415 4997 ἂν
438 4945 507 5013 τῇ
531 4944 596 4996 ἐκ
616 4942 789 5011 λόγων
815 4941 1025 5014 ἰατρείᾳ
1044 4942 1142 5013 τὴν
1171 4942 1359 5013 ὀδύνην
1376 4946 1640 5015 ἐπειράθη
1656 4946 1922 5019 διαπραῦ-

342 5053 459 5092 ναι.
495 5035 739 5100 Ἠλίκαις
776 5035 883 5106 γάρ
913 5036 1034 5089 τότε
1090 5036 1123 5105 ἡ
1177 5036 1407 5106 ἄμωμος
1462 5039 1749 5110 ἐμερίζετο
1810 5041 1918 5096 πά-

345 5126 542 5194 θεσιν;
580 5128 725 5191 Οῖοις
778 5127 1099 5197 ἐκυμαίνετο
1152 5126 1452 5199 λογισμοῖς,
1509 5130 1604 5184 νῦν
1658 5130 1759 5201 μὲν
1815 5131 1909 5185 τὸν

347 5219 600 5290 ὑπερφυῆ
648 5218 805 5272 τόκον
851 5215 1226 5289 ἐνθυμουμένη
1256 5257 1272 5282 ,
1335 5218 1431 5272 νῦν
1478 5219 1535 5273 δὲ
1593 5221 1700 5276 τῶν
1745 5222 1921 5279 ἄλλων

418 5377 465 5407 ⁶¹
498 5373 636 5430 Gen.
684 5389 748 5435 ιι.
801 5372 858 5428 2.
934 5373 980 5405 ⁸³
1024 5372 1183 5428 Joan.
1215 5391 1292 5444 τι,
1327 5377 1412 5432 16.

2018 4500 2125 4552 vim
2175 4506 2343 4553 totam
2400 4503 2846 4570 exsuperantium
2897 4504 3311 4570 miraculorum,
3353 4524 3590 4577 quorum

2020 4591 2411 4660 patrandorum
2463 4602 2734 4662 potestate
2784 4597 2854 4651 ab
2901 4597 3018 4665 ipso
3059 4597 3446 4667 donati'estis;
3479 4617 3591 4656 non

2019 4683 2387 4751 subjectionis
2414 4684 2747 4755 dannonunt,
2791 4704 2933 4759 quos
2970 4690 3197 4758 pedibus
3232 4696 3429 4747 vestris
3456 4694 3589 4747 sub-

2015 4773 2196 4843 jecit:
2237 4776 2331 4831 sed
2383 4779 2639 4835 omnibus
2691 4780 2746 4833 in
2791 4781 2935 4835 hunc
2968 4780 3188 4835 modum
3238 4782 3468 4851 abiectis
3524 4798 3589 4838 ac

2020 4868 2372 4935 posthabitis,
2424 4869 2616 4924 tetrica
2672 4871 2927 4926 maestitia
2988 4872 3230 4943 absorpti
3265 4874 3442 4929 estis?
3477 4873 3589 4929 Nec

2022 4955 2211 5013 Matris
2254 4974 2366 5016 vos.
2403 4976 2536 5015 cura
2589 4962 2783 5032 tangit,
2840 4978 3003 5032 quam
3048 4967 3314 5021 credibile
3364 4978 3466 5030 est,
3519 4968 3589 5022 ob

2023 5047 2364 5117 unigenitum
2394 5048 2592 5106 Filium
2625 5053 2702 5107 ita
2737 5053 2793 5108 in
2823 5055 2972 5123 ligno
3013 5072 3366 5128 suspensum,
3409 5062 3590 5115 incon-

2023 5138 2237 5193 solabili
2281 5142 2469 5197 dolore
2520 5143 2730 5200 intimis
2784 5146 3086 5205 visceribus
3140 5153 3485 5208 excruciari?
3532 5156 3585 5210 in

2024 5244 2187 5300 quam
2234 5233 2316 5288 vel
2374 5234 2594 5305 ignotus
2642 5237 2916 5308 quispiam
2977 5242 3357 5300 misericordia
3408 5256 3589 5305 motus

1856 5474 2089 5533 NOTE.

420 5564 535 5631 (27)
569 5563 839 5632 Scapulis.
887 5582 950 5620 ac
998 5566 1158 5633 petris
1191 5565 1450 5633 expedita.
1490 5566 1612 5619 Τῶν
1643 5568 1914 5625 σπιλάδων

347 5637 448 5706 τῆς
475 5634 750 5702 ἁμαρτίας
783 5635 1167 5708 ὑπεξελθοῦσα.
1192 5635 1401 5708 Clara.
1456 5646 1692 5708 aptaque
1742 5649 1913 5695 meta-

349 5716 522 5760 ouora
560 5724 573 5759 :
614 5721 724 5759 non
771 5721 935 5765 uuam
972 5707 1228 5773 exprimit
1279 5705 1612 5773 Grctserus,’
1650 5708 1778 5763 dum
1812 5727 1909 5780 pro

2021 5577 2448 5659 petrishquibus
2499 5580 2605 5659 sub
2654 5585 2812 5659 aquis
2848 5587 3144 5650 latentibus
3193 5595 3332 5653 solet
3360 5597 3586 5653 naufra-

2018 5649 2164 5715 gium
2192 5649 2352 5714 cllici,
2383 5653 2584 5718 peccati
2622 5649 2860 5713 maculas
2896 5664 3097 5719 reddit.
