4070 6210
366 298 441 361 85
976 303 1262 366 ORATIO
1299 307 1554 369 VIII.-
1583 310 1664 371 IN
1700 311 2259 376 DEPOSITIONEM
2295 312 2665 374 CORPORIS
2704 311 3036 373 CHRISTI.
3551 311 3624 373 86

360 409 697 482 ἐπιλέλησθε
724 410 933 479 λόγων;
956 415 1083 478 Τοῖς
1117 417 1214 486 μὲν
1249 419 1394 482 εἰκὸς
1418 421 1727 489 ἐγγίνεσθαι
1751 423 1941 492 λήθην,

2049 423 2362 490 conspicuae
2394 445 2405 478 :
2463 423 2754 477 laudabilis
2779 425 3033 482 voluntas
3062 461 3079 483 ,
3151 421 3467 489 praclarum
3503 432 3623 477 stu-

361 503 672 574 ’.τειροσδοκίςι⁵
690 503 787 573 τῆς
811 503 921 556 τῶν
977 509 1278 575 μιαιφόνων
1327 511 1627 576 ἐπιθέσεως
1657 514 1948 581 συγχυθέν-

357 615 471 652 των
500 596 614 650 τῶν
635 597 914 667 λογισμῶν
939 615 954 630 ο
983 599 1112 668 ὑμῖν
1141 599 1217 662 δὲ,
1251 601 1413 654 πόθεν
1456 605 1488 672 ή
1519 603 1654 673 λήθη
1679 621 1694 668 ;
1734 605 1807 656 Οὑ
1844 605 1950 674 γάρ

359 690 426 758 δὴ
460 689 560 741 καὶ
586 689 732 757 ὑμᾶς
770 687 1011 742 Ἰουδαῖοι
1039 691 1224 749 κακῶς
1247 695 1423 744 ποιεῖν
1451 693 1739 764 μελετῶσι.
1774 694 1838 746 Τί
1858 691 1952 748 οὖν

365 781 796 850 ἐπιλαϐόμεναι,
821 781 897 844 ὡς
952 781 1046 834 ἐπὶ
1083 783 1262 852 νεκρῷ
1287 783 1364 852 τῷ
1391 786 1518 848 τοὺς
1554 787 1777 855 νεκροὺς
1820 786 1952 838 ἀνα-

354 872 574 926 ϐιοῦντι
629 871 777 942 μύρα
824 872 1080 942 κομίζετε
1109 893 1122 935 ;
1169 875 1306 926 Ἀλλ’
1338 876 1387 926 εἰ
1417 876 1512 927 καὶ
1552 877 1626 946 μὴ
1655 875 1952 946 προσδοκία

351 967 457 1022 τοῦ
485 967 682 1019 παθεῖν
714 965 922 1030 κακῶς,
947 966 1060 1018 ἀλλ’
1083 965 1260 1019 ἔοικεν
1301 968 1334 1036 ή
1365 967 1510 1036 λύπη
1552 969 1630 1031 εἰς
1671 969 1730 1020 τὸ
1769 968 1950 1021 λαθεῖν

354 1062 510 1129 ὑμᾶς
541 1059 641 1128 τὴν
663 1058 957 1112 ἀνάστασιν
987 1058 1274 1114 διαθεῖναι.
1305 1060 1404 1112 Διὰ
1441 1059 1600 1112 τοῦτο
1632 1059 1725 1112 καὶ
1754 1061 1820 1112 τὰ
1852 1061 1946 1113 δά-

354 1167 506 1218 κρυα
555 1149 743 1201 πλύνει
799 1150 897 1212 τὰς
957 1149 1210 1220 παρειάς.
1278 1150 1438 1203 Ἀλλά
1480 1151 1557 1221 μὴ
1606 1151 1946 1204 κλαίετε.οὑ

355 1244 580 1313 δέχεται
609 1242 862 1312 δακρύων
896 1243 1162 1310 σταγόνας
1183 1243 1286 1312 τῆς
1317 1243 1541 1313 χάριτος
1561 1246 1594 1313 ἠ
1616 1245 1800 1314 πηγή·
1827 1241 1948 1296 οὐδὲ

354 1335 531 1388 καλὸν
589 1335 804 1403 ἐπιχεῖν
860 1335 1091 1404 ἐντάφια
1147 1334 1317 1406 μύρα,
1369 1335 1448 1406 τῷ
1486 1335 1585 1406 τὴν
1637 1335 1947 1405 ἀφθαρσίαν

355 1426 719 1491 εὐωδιάζοντι
767 1426 976 1497 χωρίῳ.
1036 1413 1230 1495 ’0ρᾶτὲ
1281 1426 1408 1490 τοὺς
1461 1426 1948 1496 λευχειμονοῦντας

353 1519 716 1588 δορυφόρους.
772 1513 935 1570 Οὗτοι
999 1519 1128 1580 τοὺς
1173 1516 1548 1584 φυλάσσοντας
1611 1517 1948 1586 στρατιώτας

357 1611 699 1681 ἐνέκρωσαν,
726 1611 815 1662 καὶ
837 1609 936 1680 τὴν
979 1611 1278 1664 ἀνάστασιν
1325 1608 1419 1662 τοῦ
1462 1610 1798 1680 ζητουμένου
1841 1626 1947 1680 μη-

353 1702 598 1755 νὼυσιν.
659 1701 849 1754 Αὐτῶν
909 1703 1258 1773 κεκραγότων
1293 1702 1558 1755 ἀκούετε²
1627 1703 1747 1754 Οὐκ
1776 1701 1946 1754 ἐστιν

2051 517 2200 568 dium
2229 532 2292 569 ac
2335 515 2634 584 diligentia.
2668 516 2808 570 Bene
2835 516 3013 576 habet,
3055 514 3196 582 quod
3217 514 3282 567 ad
3315 515 3624 583 sepulcrum

2053 607 2377 675 praperatis.
2439 607 2581 673 Quid
2633 623 2764 663 vero
2815 622 2939 660 cum
2992 607 3333 675 unguentis?
3383 605 3520 659 Num
3569 617 3627 658 ut

2052 699 2331 768 discipuli,
2372 715 2685 753 sermonmu
2733 699 3158 754 resurrectionis
3209 699 3392 752 oblita:
3439 701 3628 754 estis?

2051 787 2160 842 Illis
2200 791 2417 858 quidem
2455 791 2587 844 nihil
2623 791 2818 844 mirum
2853 801 2908 841 ut
2934 791 3161 859 obrepat
3190 789 3623 853 oblivio,eornm

2053 880 2388 945 perturbatis
2419 880 2618 934 animis
2641 881 3052 949 exspectatione
3084 882 3483 949 parricidarum
3525 883 3623 936 Ju-

2055 971 2314 1035 tlaeorum,
2365 987 2504 1040 quos
2536 971 2882 1036 suspicentur
2931 971 3190 1039 impetmn
3233 972 3479 1027 facturos
3517 991 3530 1026 :
3571 983 3626 1026 at

2052 1064 2197 1119 unde
2231 1065 2387 1120 vobis
2419 1065 2617 1118 oblivio
2647 1065 2670 1118 ?
2699 1063 2807 1119 Nec
2836 1066 2982 1119 enim
3010 1064 3182 1121 ,ιιιᾱωί
3218 1067 3373 1121 vobis
3403 1084 3626 1137 quoque

2051 1160 2250 1211 malum
2293 1158 2497 1213 inferre
2533 1159 2886 1212 meditantur.
2922 1159 3034 1213 Cur
3078 1159 3243 1229 igitur
3282 1159 3464 1213 oblitre
3503 1175 3624 1212 mu-

2049 1251 2230 1313 neris,
2261 1251 2406 1304 velut
2437 1251 2502 1304 ad
2554 1255 2868 1321 ungendum
2911 1262 3207 1315 mortuum,
3246 1251 3295 1304 ei
3349 1261 3623 1321 unguenta

2049 1341 2276 1407 aliertis,
2307 1343 2398 1410 qui
2431 1344 2662 1398 mortuis
2692 1345 2856 1396 vitam
2911 1344 3219 1412 suppeditat
3249 1345 3271 1397 ?
3320 1343 3542 1408 Verum,
3575 1343 3622 1398 si

2050 1433 2232 1486 minus
2285 1434 2622 1503 exspectatio
2677 1431 2842 1487 futuri
2885 1434 3011 1486 mali
3047 1475 3061 1498 ,
3115 1443 3320 1487 maeror
3365 1443 3534 1495 certe,
3565 1443 3625 1487 ut

2050 1523 2265 1576 videtur
2291 1565 2306 1589 ,
2343 1523 2662 1578 memoriam
2707 1525 2862 1578 vobis
2895 1526 3322 1580 resurrectionis
3371 1526 3620 1580 abstulit.

2048 1607 2319 1674 Quocirca
2346 1609 2596 1681 laerymae
2622 1611 2786 1666 etiam
2815 1612 3025 1666 vultum
3065 1613 3266 1683 rigant.
3306 1613 3619 1675 Enimvero.

2053 1697 2222 1750 nolite
2270 1697 2423 1752 ﬂere.
2484 1698 2875 1771 Lacrymarnm
2918 1711 3100 1773 guttas
3161 1703 3284 1757 fons
3316 1705 3503 1772 gratia:
3537 1719 3624 1758 re-

354 1788 503 1847 ὧόεο
528 1793 754 1862 ἠγέρθη
812 1793 931 1846 ἀπὸ
989 1791 1239 1861 νεκρῶν,
1276 1793 1370 1847 καὶ
1405 1794 1586 1862 στήτω
1611 1791 1677 1844 τὰ
1709 1792 1941 1862 δάκρυα.

2048 1789 2162 1842 nuit
2195 1806 2208 1842 :
2247 1803 2350 1844 nec
2377 1805 2475 1859 par
2507 1801 2612 1854 est,
2648 1801 2705 1844 ut
2735 1802 3008 1862 unguenta
3044 1793 3293 1849 funebria
3329 1794 3623 1852 affundatis

353 1886 526 1953 Δεῦρό
560 1903 677 1953 μοι,
715 1886 927 1954 πονηρά
967 1885 1236 1938 Ἰουδαίων
1261 1884 1776 1956 ΣυναγωγήίΔεῦρό
1812 1900 1941 1948 μοι,

352 1977 482 2038 λαὸς
510 1976 648 2028 κενὰ
698 1975 1114 2046 φρυαξάμενοςί
1156 1975 1458 2045 Κατάμαθε
1486 1975 1582 2038 τὰς
1623 1975 1944 2044 σφραγῖδας,

351 2068 417 2130 ἃς
447 2066 656 2137 ἔθηκας
675 2083 690 2096 ο
726 2065 980 2137 ὲπερὼτα
1009 2065 1108 2137 τὴν
1139 2066 1494 2128 κουστωδίαν,
1533 2066 1599 2136 ἢν
1654 2065 1947 2132 φυλάσσειν

354 2161 624 2224 διέταξας.
674 2160 786 2214 Ποῦ
852 2161 1000 2212 ἐστιν
1049 2161 1077 2212 ὁ
1143 2157 1448 2228 θησαυρὸς,
1508 2156 1566 2208 ὃν
1613 2155 1936 2224 ὴσφαλίσως

374 2253 720 2323 Ἐρεὺνησον,
754 2251 824 2322 ἢν
866 2251 1089 2304 ἐπλάσω
1140 2249 1368 2318 κλοπήν.
1414 2249 1596 2318 Ἔχεις
1652 2249 1800 2318 παρά
1863 2247 1946 2300 σοὶ

372 2347 496 2408 τοὺς
553 2348 632 2408 εἰς
689 2343 898 2414 κλοπὴν
957 2341 1440 2409 διαδαλλομένουςο
1499 2340 1551 2394 οἵ
1592 2358 1653 2408 γε
1695 2339 1946 2393 τοσοῦτον

369 2435 496 2508 ἦσαν
554 2439 703 2504 ὀξεῖς
741 2435 1220 2506 αὺτουργήσαντες
1277 2432 1482 2502 κλοπὴν
1522 2431 1618 2502 τὴν
1649 2433 1944 2485 ἀνάστασιν

360 2531 709 2599 διαφημιεῖν,
750 2527 883 2580 ὥσθ’
923 2525 1125 2596 ἐτέρων
1153 2525 1605 2594 ἀπαγγελλόντων
1649 2525 1818 2595 αὐτὴν
1863 2523 1945 2576 ἔτι

355 2619 809 2691 ἐσκυθρώπαξον,
840 2618 941 2671 οὐκ
963 2617 1244 2680 ἐπαΐοντες
1269 2615 1375 2670 ὑπὸ
1399 2615 1600 2685 πολλῆς
1620 2614 1820 2677 δειλίας
1837 2615 1944 2668 τῶν

359 2715 623 2786 ῥημάτων
659 2713 760 2781 τῆς
793 2698 1188 2778 ἀγαλλιάσεως.
1223 2710 1347 2772 Τοῖς
1394 2708 1756 2780 στρατιώταις
1779 2708 1944 2762 ῦπνον

357 2807 701 2878 περιϐαλεῖς,
731 2803 980 2858 ἐντεῦθεν
1022 2801 1258 2865 ἐλπίζων
1302 2803 1658 2870 συκοφαντεῖν
1685 2801 1782 2872 τήν
1811 2803 1943 2856 ἀνά-

356 2917 582 2965 στασινς
648 2897 948 2960 Καθεύδεις
1001 2895 1162 2958 αὐτὸς
1226 2893 1304 2965 τῷ
1357 2894 1469 2948 ὖντι
1536 2895 1629 2947 τὸν
1702 2894 1943 2964 ὀλέθριον

355 2993 544 3056 ὕπνον,
610 2990 687 3062 μὴ
743 2989 1063 3061 βουλόμενος
1110 2989 1211 3051 τὰς
1257 2988 1358 3058 τῆς
1410 2985 1688 3058 σωτηρίας
1719 2988 1944 3050 ἀκτῖνας

355 3086 502 3137 ἰδεῖν.

2052 1882 2193 1946 loco,
2235 1883 2329 1951 qui
2362 1882 2790 1939 immortalitatis
2839 1887 3270 1940 suaveolentiam
3317 1887 3501 1942 habet.
3530 1885 3623 1941 Vi-

2051 1973 2173 2027 dete
2195 1975 2430 2029 candida
2466 1986 2618 2031 veste
2659 1978 2897 2046 fulgidos
2931 1980 3214 2034 satellites.
3266 1977 3381 2043 Isti,
3420 1979 3622 2032 milites

2055 2066 2313 2122 custodes
2341 2069 2733 2137 propemodum
2769 2072 3170 2135 exanimarunt,
3202 2087 3266 2127 ac
3287 2073 3429 2139 ejus,
3459 2086 3620 2142 quem

2051 2158 2325 2228 quaeritis,
2378 2161 2838 2215 resurrectionem
2907 2164 3255 2218 annuntiant.
3313 2162 3464 2233 lpsos
3516 2163 3624 2217 cla-

2054 2258 2266 2304 mantes
2297 2250 2481 2305 audite
2520 2269 2534 2303 :
2571 2252 2686 2304 Non
2707 2262 2783 2306 est
2808 2253 2890 2305 hic
2915 2269 2933 2306 :
2955 2255 3186 2308 surrexit
3225 2272 3257 2307 a
3293 2255 3514 2307 mortuis
3541 2254 3616 2318 ⁶⁶;

2047 2343 2274 2412 proinde
2320 2345 2522 2398 sistant
2569 2359 2634 2400 ac
2674 2347 3041 2400 cohibeantur
3100 2349 3374 2418 lacrymm.
3418 2347 3621 2402 Adest»

2053 2433 2300 2503 improba
2333 2431 2645 2488 Judaeorum
2684 2435 2988 2506 Synagoga.
3016 2437 3217 2492 Adesto
3251 2437 3503 2507 populus,
3544 2437 3623 2490 in-

2050 2541 2269 2579 cassum
2297 2525 2536 2581 fremens
2565 2528 2577 2580 l
2606 2526 2956 2597 Recognosce
2980 2530 3286 2599 signacula,
3309 2543 3430 2598 qua:
3457 2543 3622 2596 appo-

2052 2618 2230 2672 suisti.
2284 2617 2561 2689 Interroga
2629 2620 2933 2674 custodiam
2969 2662 2984 2686 ,
3052 2636 3216 2691 quam
3276 2617 3620 2675 custodiendi

2050 2725 2214 2764 causa
2275 2710 2593 2780 designasti.
2645 2712 2748 2768 Ubi
2793 2714 3212 2778 estlhesaurus,
3260 2727 3420 2783 quem
3469 2711 3622 2766 obsi-

2051 2802 2502 2874 gnasti‘Hndaga
2555 2803 2799 2869 furtum,
2851 2805 2998 2875 quod
3048 2805 3381 2860 confinxisti.
3415 2803 3619 2857 Tecum

2053 2899 2322 2962 habitant,
2359 2915 2498 2968 quos
2525 2898 2653 2954 furti
2687 2901 2968 2955 insimulas
2994 2920 3006 2955 :
3031 2903 3124 2971 qui
3154 2901 3409 2956 nimirum
3439 2913 3624 2968 prom-

2051 2988 2128 3058 pti
2151 2988 2287 3042 adeo
2317 2989 2382 3042 ad
2413 2988 2616 3042 furtum
2649 2991 3128 3056 committendum,
3166 3006 3228 3046 ac
3261 2989 3622 3045 resurrectio-

2051 3094 2175 3133 nem
2207 3080 2592 3150 divulgandam
2627 3079 2889 3146 fuerunt,
2916 3091 2975 3135 ut
3009 3097 3129 3136 cmn
3161 3084 3321 3136 etiam
3355 3083 3443 3137 alii
3479 3096 3625 3135 nun-

355 3179 609 3242 tiarent,
665 3173 771 3244 ipsi
827 3171 1188 3227 nihilominus
1218 3185 1455 3226 maerore
1517 3170 1942 3234 conficerentur,
1983 3171 2240 3226 admissis
2313 3187 2427 3242 prae
2511 3173 2680 3226 multa
2734 3172 3024 3228 formidine
3068 3176 3410 3230 sermonibus
3469 3161 3622 3228 omni

353 3268 729 3325 exsultatione
772 3264 1013 3320 refertis.
1059 3263 1256 3318 Milites
1289 3263 1613 3319 dormivisse
1667 3267 1938 3324 causaris.
1981 3279 2231 3334 Sperans,
2276 3265 2358 3319 vel
2391 3265 2495 3320 hac
2541 3267 2756 3320 ratione
2820 3269 3278 3322 resurrectionem
3345 3269 3618 3324 calumnia

355 3377 649 3436 aspersum
681 3360 751 3414 iri
783 3359 900 3412 ?At
937 3374 1127 3412 revera
1173 3358 1384 3412 dormis
1418 3358 1535 3426 ipse
1567 3357 1941 3427 perniciosum
1983 3372 2258 3419 somnum,
2295 3357 2389 3427 qui
2423 3359 2618 3416 salutis
2647 3361 2830 3414 radios
2856 3361 2998 3414 nolis
3041 3361 3264 3416 intueri.

438 3456 601 3511 Ἀλλά
644 3454 752 3524 γὰρ
802 3451 1086 3514 Ἰουδαίους
1149 3451 1327 3520 ἐῶμεν
1368 3449 1446 3520 τῷ
1495 3449 1702 3503 ἑαυτῶν
1765 3451 1940 3520 σκότῳ

2121 3448 2318 3504 Verum
2362 3451 2585 3508 Juda‘os
2639 3452 2756 3508 suis
2788 3452 2935 3520 ipsos
2967 3453 3206 3508 tenebris
3239 3451 3512 3507 offendere
3544 3456 3620 3509 si-

357 3550 769 3622 προσκόπτειν·
836 3543 1170 3614 διεφημίσθη
1225 3543 1333 3612 γὰρ
1388 3541 1531 3596 οὕτω
1593 3543 1722 3613 παρ’
1761 3543 1944 3604 αὐτοῖς

362 3647 525 3716 μέχρι
540 3644 639 3712 τῆς
665 3642 730 3710 σή
742 3657 925 3710 μερον.
949 3639 1014 3690 Tt
1023 3639 1282 3708 μήσωμεν
1304 3637 1360 3689 δὲ
1379 3637 1471 3689 καὶ
1492 3638 1652 3706 ἡμεῖς
1673 3637 1772 3706 τὴν
1792 3635 1942 3688 θείαν

355 3738 538 3806 ταφήν
557 3752 570 3766 ο
592 3735 900 3803 τιμήσομεν
929 3730 1006 3792 δὲ,
1030 3731 1129 3782 οὐκ
1150 3729 1357 3790 ὀθόναις
1392 3729 1552 3781 αὑτὸν
1569 3726 1942 3796 περιστέλλον-

355 3847 468 3894 τες,
507 3828 628 3880 οὐδὲ
652 3827 809 3895 τάφῳ
829 3822 1212 3884 κατατιθέντες
1232 3839 1245 3852 ο
1274 3821 1420 3886 ἅπαξ
1462 3822 1569 3891 γὰρ
1614 3821 1770 3873 τοῦτο
1802 3819 1942 3890 ὑπὲρ

355 3922 447 3976 τοῦ
483 3919 846 3987 σκυλευθῆναι
868 3917 958 3969 τὸν
990 3916 1120 3986 ᾅδην
1149 3915 1254 3967 ἔδει
1273 3913 1546 3982 γενέσθαι.
1574 3913 1669 3966 καὶ
1688 3913 1907 3982 γέγονεν
1928 3929 1942 3943 ⁸

355 4010 471 4064 ἀλλ’
494 4011 648 4082 ἡμᾶς
676 4006 875 4069 αὐτοὺς
909 4004 1325 4076 περιϐάλλοντες
1355 4005 1598 4074 ἀρεταῖς.
1639 4003 1809 4073 Σῶμα
1833 4003 1940 4074 γὰρ

355 4105 506 4173 ἡμᾶς
537 4103 567 4154 ὁ
605 4097 882 4168 Δεσπότης
908 4095 996 4148 διά
1033 4095 1126 4148 τοῦ
1175 4094 1440 4164 ταφέντος
1480 4096 1574 4147 καὶ
1613 4095 1943 4157 ἀναστάντος

355 4195 585 4264 ἐποίησε
631 4188 921 4261 σώματος·
989 4191 1069 4252 εἰς
1157 4189 1291 4258 μέλη
1360 4187 1657 4252 κατέταξεν
1702 4186 1938 4240 ἐαυτοῦ’

354 4286 485 4339 ναὸν
514 4281 923 4338 κατεσκεύασεν
965 4281 1162 4351 ἐαυτῷ.
1226 4280 1608 4350 Κοσμήσωμεν
1654 4277 1943 4350 τοιγαροῦν

351 4379 446 4431 τὸν
488 4377 616 4429 ναὸν
644 4373 740 4428 τοῦ
770 4374 928 4438 Θεοῦ,
953 4374 1010 4427 οῖ
1071 4374 1217 4437 τινές
1270 4376 1439 4444 ἐσμεν
1473 4375 1654 4441 ἡμεῖς.
1681 4373 1834 4424 Ὅσοι
1863 4370 1940 4441 τῷ

356 4469 537 4541 καιρῷ
559 4470 659 4537 τῆς
696 4467 949 4536 νηστείας
976 4468 1075 4536 τῆς
1121 4465 1395 4535 παντίμου
1435 4465 1639 4535 κρόκης
1674 4463 1778 4516 τῶν
1811 4464 1939 4534 ἀρε-

351 4561 464 4613 τῶν
489 4559 684 4628 στολὴν
722 4559 985 4628 ἐποίησαν
1015 4559 1244 4620 ἑαυτοῖς,
1279 4557 1373 4608 καὶ
1393 4555 1595 4624 ταύτην
1611 4555 1936 4624 ἐγρηγορότι

353 4651 604 4722 λογισμῷ
643 4650 895 4718 καθαρὰν
944 4648 1160 4720 κηλῖδος
1200 4647 1496 4716 ἐτήρησαν,
1551 4646 1810 4716 μακάριοι
1839 4645 1941 4711 τῆς

359 4741 693 4811 περιδολῆςο
729 4742 790 4792 οὐ
842 4740 1000 4809 μόνον
1045 4738 1133 4790 διὰ
1184 4737 1284 4805 τὴν
1327 4737 1532 4789 ἐκεῖθεν
1583 4735 1760 4801 δόξαν,
1804 4734 1939 4788 ἀλλά

357 4839 455 4890 καὶ
505 4836 575 4889 δι’
641 4827 717 4887 ῶν
767 4831 1018 4885 ἐντεῦθεν
1043 4829 1118 4894 ὡς
1149 4828 1266 4897 φῶς
1296 4831 1354 4882 ἐν
1389 4829 1578 4898 κόσμῳ
1633 4827 1935 4896 φαίνουσιν.

366 4931 526 4983 Ὅσοι
575 4928 623 4981 δ’
684 4927 984 4997 ἀμόλυντον
1033 4923 1204 4992 αὐτὴν
1261 4923 1360 4975 οὐκ
1392 4921 1585 4992 ἔχομεν
1625 4919 1949 4988 διαφυλάξαι

359 5025 472 5077 τῶν
499 5021 771 5094 βιωτικῶν
815 5021 1042 5082 σπίλων,
1080 5017 1196 5071 ἀλλ’
1246 5016 1406 5086 ἡμεῖς
1458 5029 1522 5080 γε
1556 5014 1650 5067 καὶ
1709 5014 1948 5083 σήμερον

363 5113 788 5183 ἐκπλυνὼμεθα.
843 5111 1102 5180 Ἔτοιμος
1161 5105 1505 5177 βουλομένοις
1555 5107 1589 5174 ἠ
1651 5103 1946 5173 κάθαρσιςο

364 5206 496 5277 παρ’
535 5208 670 5276 ήμῖν
725 5205 796 5257 τά
848 5202 1064 5272 ῥεῖθραο
1099 5202 1160 5253 οὑ
1212 5199 1377 5270 δεήσῃ
1425 5198 1552 5268 παρ’
1582 5196 1742 5250 ἀλλου
1773 5194 1946 5248 ταῦτα

363 5298 570 5368 ζητεῖν.
634 5296 922 5364 Περιϐαλε
978 5292 1086 5346 τὸν
1129 5289 1378 5360 γυμνὸνν
1421 5284 1500 5352 οἷς
1533 5287 1620 5340 διὰ
1673 5287 1732 5339 σὲ
1789 5285 1943 5356 ὤφθη

361 5390 590 5458 γυμνὸς,
621 5391 654 5441 ό
699 5386 823 5456 ςρῶς
861 5386 940 5450 ὡς
981 5383 1212 5454 ἱμάτιον
1236 5380 1746 5449 περιϐαλλόμενος
1769 5395 1783 5409 ο
1848 5379 1939 5440 δὸς

359 5477 867 5550 πεινῶντιτροφὴν,
889 5479 917 5530 ὁ
936 5475 1081 5546 λιμῷ
1119 5473 1466 5536 κινδυνεύων,
1503 5470 1702 5536 καὶτῷ
1726 5469 1794 5534 ἐξ
1840 5470 1942 5522 οὺ·-

350 5571 548 5642 ρανοῦ
601 5570 920 5626 καταϐάντι
951 5569 1109 5639 ἄρτῳ
1151 5567 1394 5636 τραφείς
1417 5581 1431 5595 ⁸
1469 5563 1632 5618 λῦσον
1677 5563 1775 5634 τὴν
1800 5562 1942 5616 κατά

431 5756 476 5786 ⁶⁶
511 5750 702 5806 Matth.
759 5747 1021 5814 xxvm,5.
1099 5747 1141 5779 ⁸⁷
1180 5744 1367 5800 Matth.
1406 5758 1592 5807 xxvnt,
1629 5743 1712 5797 15.

2051 3555 2246 3595 namus
2281 3542 2346 3595 ⁸⁷.
2385 3540 2475 3595 Sic
2497 3542 2642 3596 enim
2677 3543 3016 3611 divulgatum
3043 3551 3126 3596 est
3158 3542 3300 3610 apud
3327 3558 3419 3596 eos
3444 3558 3620 3612 usque

2048 3635 2115 3685 ad
2158 3632 2482 3686 hodiernum
2513 3633 2679 3688 diem.
2714 3635 3058 3686 Honoremus
3107 3649 3234 3687 vero
3273 3648 3371 3687 nos
3400 3648 3619 3704 quoque

2047 3725 2287 3777 divinam
2343 3725 2700 3794 sepulturam.
2733 3725 3140 3779 Honorabimus
3189 3733 3391 3788 autem,
3425 3742 3531 3780 non
3570 3727 3618 3782 si

2049 3817 2234 3871 linteis
2266 3825 2540 3871 mortuum
2586 3817 2950 3876 involvamus.
2989 3824 3085 3870 aut
3130 3818 3380 3884 sepulcro
3408 3819 3617 3873 conda-

1986 3922 1993 3930 '
2049 3922 2172 3961 mus
2201 3923 2217 3974 ;
2250 3907 2352 3960 hoc
2393 3907 2540 3962 enim
2571 3907 2736 3962 semel
2769 3906 2884 3960 lieri
2918 3906 3209 3976 oportebat
3253 3916 3311 3961 ut
3365 3908 3617 3965 infernus

2049 3999 2402 4066 spoliaretur,
2433 4013 2497 4054 ac
2525 3997 2726 4054 factum
2748 4007 2834 4054 est
2864 4015 2880 4064 ;
2917 3999 3010 4052 sed
3040 3999 3086 4054 si
3135 4013 3234 4053 nos
3269 3999 3417 4068 ipsos
3445 4001 3618 4054 virtu-

2051 4093 2200 4148 tibus
2236 4107 2589 4148 cxornemus.
2633 4091 2743 4146 Nos
2791 4092 2937 4146 enim
2978 4090 3241 4146 Dominus
3288 4103 3475 4146 noster
3521 4105 3618 4162 per

2044 4201 2266 4256 corpus,
2297 4184 2446 4251 quod
2471 4183 2742 4254 sepultmn
2773 4191 2856 4238 est
2893 4192 2947 4236 et
2976 4184 3293 4248 resurrexit,
3319 4200 3478 4239 suum
3502 4185 3617 4239 clli-

2043 4280 2196 4334 ciens
2224 4293 2446 4347 corpus,
2475 4276 2710 4346 propriis
2739 4276 3000 4330 membris
3029 4276 3308 4346 ascripsit,
3335 4291 3398 4329 ac
3421 4275 3524 4332 sibi
3558 4277 3614 4330 in

2043 4369 2303 4438 templum
2333 4368 2616 4422 exstruxit.
2632 4366 2697 4419 ⁸⁸.
2747 4365 3112 4421 Perornemus
3136 4367 3322 4435 itaque
3354 4369 3612 4437 templum

2047 4460 2162 4523 Dei,
2204 4457 2347 4528 quod
2381 4472 2574 4512 sumus
2603 4472 2729 4514 nos.
2780 4456 3106 4525 Quicunque
3138 4456 3332 4524 jejunii
3373 4467 3618 4525 tempore

2047 4554 2240 4606 stolam
2285 4547 2389 4602 sibi
2435 4563 2500 4603 ex
2549 4548 2699 4601 varia
2745 4547 3009 4600 virtutum
3062 4554 3276 4600 textura
3321 4551 3619 4599 concinna-

2048 4653 2197 4707 runt,
2246 4657 2478 4712 eamque
2529 4640 2776 4709 vigilanti
2811 4639 2996 4694 studio
3039 4652 3233 4708 puram
3268 4637 3406 4691 labis
3435 4645 3620 4688 custo-

2049 4734 2290 4799 dierunt,
2345 4733 2382 4787 ii
2415 4748 2544 4788 vere
2569 4732 2691 4803 ejus
2728 4731 2900 4801 gratia
2925 4730 3160 4785 amictus
3203 4729 3344 4783 beati
3375 4745 3390 4794 ;
3421 4737 3620 4781 nedum

2054 4837 2273 4898 propter
2321 4827 2574 4897 gloriam,
2628 4840 2749 4893 quae
2794 4823 2846 4877 in
2892 4825 3034 4878 cmlo
3079 4831 3354 4892 speratur,
3426 4835 3618 4874 verum

2047 4921 2208 4974 etiam
2257 4919 2404 4988 quod
2446 4919 2535 4972 hic
2570 4918 2719 4971 velut
2757 4917 2943 4970 lumen
2997 4915 3242 4984 fulgeant
3299 4915 3354 4968 in
3392 4913 3616 4966 mundo.

2048 5007 2369 5078 Quicunque
2426 5022 2558 5062 vero
2616 5008 2878 5062 intactam
2932 5020 2996 5060 ac
3055 5005 3539 5060 incontaminatam
3585 5018 3617 5056 a

2049 5100 2236 5155 mundi
2284 5101 2447 5170 hujus
2497 5099 2926 5170 inquinamentis
2973 5112 3082 5152 non
3129 5096 3612 5158 conservavimus,

2049 5191 2133 5247 vel
2162 5192 2353 5246 saltem
2410 5191 2570 5246 hodie
2601 5199 2813 5245 nosmet
2839 5203 3225 5260 expurgemus.
3272 5186 3328 5240 ln
3365 5197 3615 5256 promptu

2049 5290 2134 5337 est
2189 5283 2534 5352 cupientibus
2583 5281 2917 5335 emundatio.
2976 5279 3034 5334 In
3096 5286 3281 5333 nostra
3338 5279 3612 5330 lavacrum

2049 5375 2214 5427 situm
2280 5383 2364 5428 est
2430 5380 2698 5444 potestate
2733 5414 2748 5438 ,
2808 5387 2907 5426 nec
2953 5388 3092 5443 opus
3145 5370 3364 5426 aliunde
3412 5381 3612 5440 petere.

2054 5466 2213 5536 Operi
2241 5467 2438 5519 nudum
2462 5466 2530 5529 ",
2575 5465 2786 5520 idcirco
2825 5465 2953 5535 quia
2985 5467 3060 5521 tui
3098 5480 3264 5520 causa
3305 5463 3482 5518 nudus
3513 5478 3613 5533 aps

2048 5557 2298 5630 paruerit
2330 5558 2439 5624 ille,
2470 5557 2564 5629 qui
2593 5559 2818 5613 amictus
2843 5568 2925 5614 est
2951 5559 3146 5614 lumine
3169 5560 3301 5613 sicut
3336 5558 3617 5612 vestimen-

1820 5743 1864 5774 ⁸⁸
1891 5741 1910 5796 ι
1940 5741 2063 5797 Cor.
2095 5755 2175 5802 ιιι,
2211 5741 2293 5794 l7.
2371 5741 2413 5772 ‘9
2441 5738 2539 5794 lsa.
2574 5756 2727 5803 mu,
2757 5740 2810 5794 7.
