  <div class='ocr_page' id='page_1' title='image "/cluster/home/n/w/nwhite01/storage/ocr_20150623/107/hvd.32044073502338/085.png"; bbox 0 0 4070 6210; ppageno 0'>
   <div class='ocr_carea' id='block_1_1' title="bbox 424 264 2018 354">
    <p class='ocr_par' dir='ltr' id='par_1_1' title="bbox 424 271 2018 354">
     <span class='ocr_line' id='line_1_1' title="bbox 424 271 2018 354; baseline 0 -22"><span class='ocrx_word' id='word_1_1' title='bbox 424 271 493 332; x_wconf 86' lang='grc'>87</span> <span class='ocrx_word' id='word_1_2' title='bbox 1645 271 2018 354; x_wconf 30' lang='lat' dir='ltr'><strong>LEONIS‘PI</strong></span> 
     </span>
    </p>
   </div>
   <div class='ocr_carea' id='block_1_2' title="bbox 2125 264 3692 354">
    <p class='ocr_par' dir='ltr' id='par_1_2' title="bbox 2125 264 3692 332">
     <span class='ocr_line' id='line_1_2' title="bbox 2125 264 3692 332; baseline -0.004 0"><span class='ocrx_word' id='word_1_3' title='bbox 2125 271 2409 332; x_wconf 83' lang='lat' dir='ltr'><strong>.OSOPHI</strong></span> <span class='ocrx_word' id='word_1_4' title='bbox 3623 264 3692 325; x_wconf 73' lang='lat'>88</span> 
     </span>
    </p>
   </div>
   <div class='ocr_carea' id='block_1_3' title="bbox 427 380 2018 465">
    <p class='ocr_par' dir='ltr' id='par_1_3' title="bbox 427 387 2010 464">
     <span class='ocr_line' id='line_1_3' title="bbox 427 387 2010 464; baseline 0.008 -28"><span class='ocrx_word' id='word_1_5' title='bbox 427 396 478 440; x_wconf 82' lang='lat' dir='ltr'><strong>to</strong></span> <span class='ocrx_word' id='word_1_6' title='bbox 494 390 562 442; x_wconf 79' lang='grc'><strong>⁷⁸.</strong></span> <span class='ocrx_word' id='word_1_7' title='bbox 601 387 671 440; x_wconf 84' lang='lat' dir='ltr'><strong>Da</strong></span> <span class='ocrx_word' id='word_1_8' title='bbox 697 387 875 440; x_wconf 70' lang='lat' dir='ltr'><strong>cihu&#39;u</strong></span> <span class='ocrx_word' id='word_1_9' title='bbox 899 388 1183 447; x_wconf 87' lang='lat' dir='ltr'><strong>esurienti.</strong></span> <span class='ocrx_word' id='word_1_10' title='bbox 1206 389 1296 458; x_wconf 90' lang='lat' dir='ltr'><strong>qui</strong></span> <span class='ocrx_word' id='word_1_11' title='bbox 1329 390 1469 445; x_wconf 86' lang='lat' dir='ltr'><strong>fame</strong></span> <span class='ocrx_word' id='word_1_12' title='bbox 1511 393 1844 456; x_wconf 82' lang='lat' dir='ltr'><strong>periclitatur</strong></span> <span class='ocrx_word' id='word_1_13' title='bbox 1874 394 2010 464; x_wconf 71' lang='lat'><strong>(9.8),</strong></span> 
     </span>
    </p>
   </div>
   <div class='ocr_carea' id='block_1_4' title="bbox 2125 380 3696 465">
    <p class='ocr_par' dir='ltr' id='par_1_4' title="bbox 2125 380 3696 465">
     <span class='ocr_line' id='line_1_4' title="bbox 2125 380 3696 465; baseline -0.004 -19"><span class='ocrx_word' id='word_1_14' title='bbox 2125 395 2210 448; x_wconf 81' lang='grc' dir='ltr'>τοῦ</span> <span class='ocrx_word' id='word_1_15' title='bbox 2272 395 2497 465; x_wconf 75' lang='grc' dir='ltr'>πλησίον</span> <span class='ocrx_word' id='word_1_16' title='bbox 2544 392 2766 464; x_wconf 71' lang='grc' dir='ltr'>ἔχθραν,</span> <span class='ocrx_word' id='word_1_17' title='bbox 2829 389 3186 461; x_wconf 74' lang='grc' dir='ltr'>ἐνθυμηθεὶς,</span> <span class='ocrx_word' id='word_1_18' title='bbox 3225 387 3307 440; x_wconf 74' lang='grc' dir='ltr'><strong>ὅτι</strong></span> <span class='ocrx_word' id='word_1_19' title='bbox 3349 387 3376 438; x_wconf 90' lang='grc' dir='ltr'>ὁ</span> <span class='ocrx_word' id='word_1_20' title='bbox 3421 380 3696 446; x_wconf 65' lang='grc' dir='ltr'>Δεσπότης</span> 
     </span>
    </p>
   </div>
   <div class='ocr_carea' id='block_1_5' title="bbox 424 482 1998 550">
    <p class='ocr_par' dir='ltr' id='par_1_5' title="bbox 424 482 1998 550">
     <span class='ocr_line' id='line_1_5' title="bbox 424 482 1998 550; baseline 0.005 -17"><span class='ocrx_word' id='word_1_21' title='bbox 424 497 656 548; x_wconf 74' lang='lat' dir='ltr'><strong>panaque</strong></span> <span class='ocrx_word' id='word_1_22' title='bbox 705 482 797 535; x_wconf 91' lang='lat' dir='ltr'><strong>illo</strong></span> <span class='ocrx_word' id='word_1_23' title='bbox 851 483 940 550; x_wconf 80' lang='lat' dir='ltr'><strong>qui</strong></span> <span class='ocrx_word' id='word_1_24' title='bbox 997 482 1060 536; x_wconf 85' lang='lat' dir='ltr'><strong>de</strong></span> <span class='ocrx_word' id='word_1_25' title='bbox 1111 485 1238 536; x_wconf 67' lang='lat' dir='ltr'><strong>caelo</strong></span> <span class='ocrx_word' id='word_1_26' title='bbox 1297 484 1564 538; x_wconf 82' lang='lat' dir='ltr'><strong>descendit</strong></span> <span class='ocrx_word' id='word_1_27' title='bbox 1595 487 1680 548; x_wconf 69' lang='grc' dir='ltr'><strong>τ’,</strong></span> <span class='ocrx_word' id='word_1_28' title='bbox 1731 489 1998 540; x_wconf 85' lang='lat' dir='ltr'><strong>nutritur.</strong></span> 
     </span>
    </p>
   </div>
   <div class='ocr_carea' id='block_1_6' title="bbox 430 574 2007 646">
    <p class='ocr_par' dir='ltr' id='par_1_6' title="bbox 430 574 2007 646">
     <span class='ocr_line' id='line_1_6' title="bbox 430 574 2007 646; baseline 0.004 -19"><span class='ocrx_word' id='word_1_29' title='bbox 430 575 678 628; x_wconf 84' lang='lat' dir='ltr'><strong>Dissolve</strong></span> <span class='ocrx_word' id='word_1_30' title='bbox 703 574 1021 630; x_wconf 75' lang='lat' dir='ltr'><strong>inimicitias</strong></span> <span class='ocrx_word' id='word_1_31' title='bbox 1061 577 1328 629; x_wconf 82' lang='lat' dir='ltr'><strong>adversus</strong></span> <span class='ocrx_word' id='word_1_32' title='bbox 1355 578 1688 646; x_wconf 81' lang='lat' dir='ltr'><strong>proximum,</strong></span> <span class='ocrx_word' id='word_1_33' title='bbox 1717 577 2007 633; x_wconf 85' lang='lat' dir='ltr'><strong>Dominum</strong></span> 
     </span>
    </p>
   </div>
   <div class='ocr_carea' id='block_1_7' title="bbox 429 666 2006 736">
    <p class='ocr_par' dir='ltr' id='par_1_7' title="bbox 429 666 2006 736">
     <span class='ocr_line' id='line_1_7' title="bbox 429 666 2006 736; baseline 0.003 -17"><span class='ocrx_word' id='word_1_34' title='bbox 429 668 718 733; x_wconf 81' lang='lat' dir='ltr'><strong>cogitans,</strong></span> <span class='ocrx_word' id='word_1_35' title='bbox 772 666 931 734; x_wconf 86' lang='lat' dir='ltr'><strong>cujus</strong></span> <span class='ocrx_word' id='word_1_36' title='bbox 975 683 1075 722; x_wconf 93' lang='lat' dir='ltr'><strong>nos</strong></span> <span class='ocrx_word' id='word_1_37' title='bbox 1115 669 1446 736; x_wconf 82' lang='lat' dir='ltr'><strong>immorigeri</strong></span> <span class='ocrx_word' id='word_1_38' title='bbox 1499 670 1640 721; x_wconf 80' lang='lat' dir='ltr'><strong>servi</strong></span> <span class='ocrx_word' id='word_1_39' title='bbox 1695 686 1886 724; x_wconf 83' lang='lat' dir='ltr'><strong>smnus</strong></span> <span class='ocrx_word' id='word_1_40' title='bbox 1943 685 2006 724; x_wconf 89' lang='lat' dir='ltr'><strong>ac</strong></span> 
     </span>
    </p>
   </div>
   <div class='ocr_carea' id='block_1_8' title="bbox 431 756 2009 826">
    <p class='ocr_par' dir='ltr' id='par_1_8' title="bbox 431 756 2009 826">
     <span class='ocr_line' id='line_1_8' title="bbox 431 756 2009 826; baseline 0.005 -19"><span class='ocrx_word' id='word_1_41' title='bbox 431 756 760 818; x_wconf 84' lang='lat' dir='ltr'><strong>refractarii,</strong></span> <span class='ocrx_word' id='word_1_42' title='bbox 824 757 1062 810; x_wconf 90' lang='lat' dir='ltr'><strong>medium</strong></span> <span class='ocrx_word' id='word_1_43' title='bbox 1115 760 1374 826; x_wconf 86' lang='lat' dir='ltr'><strong>parietem</strong></span> <span class='ocrx_word' id='word_1_44' title='bbox 1426 759 1836 813; x_wconf 73' lang='lat' dir='ltr'><strong>inimicitiarum</strong></span> <span class='ocrx_word' id='word_1_45' title='bbox 1892 761 2009 815; x_wconf 90' lang='lat' dir='ltr'><strong>suis</strong></span> 
     </span>
    </p>
   </div>
   <div class='ocr_carea' id='block_1_9' title="bbox 431 849 2007 923">
    <p class='ocr_par' dir='ltr' id='par_1_9' title="bbox 431 849 2007 923">
     <span class='ocr_line' id='line_1_9' title="bbox 431 849 2007 923; baseline 0.005 -23"><span class='ocrx_word' id='word_1_46' title='bbox 431 849 609 916; x_wconf 92' lang='lat' dir='ltr'><strong>ipsum</strong></span> <span class='ocrx_word' id='word_1_47' title='bbox 642 851 956 918; x_wconf 87' lang='lat' dir='ltr'><strong>perrupisse</strong></span> <span class='ocrx_word' id='word_1_48' title='bbox 985 850 1326 904; x_wconf 75' lang='lat' dir='ltr'><strong>vulneribus.</strong></span> <span class='ocrx_word' id='word_1_49' title='bbox 1365 849 1656 907; x_wconf 82' lang='lat' dir='ltr'><strong>Enimvero</strong></span> <span class='ocrx_word' id='word_1_50' title='bbox 1690 854 2007 923; x_wconf 78' lang='lat' dir='ltr'><strong>quicunque</strong></span> 
     </span>
    </p>
   </div>
   <div class='ocr_carea' id='block_1_10' title="bbox 433 942 2010 1012">
    <p class='ocr_par' dir='ltr' id='par_1_10' title="bbox 433 942 2010 1012">
     <span class='ocr_line' id='line_1_10' title="bbox 433 942 2010 1012; baseline 0.004 -19"><span class='ocrx_word' id='word_1_51' title='bbox 433 942 629 995; x_wconf 82' lang='lat' dir='ltr'><strong>laceris</strong></span> <span class='ocrx_word' id='word_1_52' title='bbox 664 943 868 1012; x_wconf 79' lang='lat' dir='ltr'><strong>peccati</strong></span> <span class='ocrx_word' id='word_1_53' title='bbox 913 943 1108 1011; x_wconf 86' lang='lat' dir='ltr'><strong>pannis</strong></span> <span class='ocrx_word' id='word_1_54' title='bbox 1144 943 1382 1007; x_wconf 84' lang='lat' dir='ltr'><strong>assueti,</strong></span> <span class='ocrx_word' id='word_1_55' title='bbox 1435 945 1629 998; x_wconf 82' lang='lat' dir='ltr'><strong>stolam</strong></span> <span class='ocrx_word' id='word_1_56' title='bbox 1665 946 1882 1000; x_wconf 84' lang='lat' dir='ltr'><strong>virtutis</strong></span> <span class='ocrx_word' id='word_1_57' title='bbox 1914 964 2010 1000; x_wconf 88' lang='lat' dir='ltr'><strong>ne-</strong></span> 
     </span>
    </p>
   </div>
   <div class='ocr_carea' id='block_1_11' title="bbox 431 1031 2004 1104">
    <p class='ocr_par' dir='ltr' id='par_1_11' title="bbox 431 1031 2004 1104">
     <span class='ocr_line' id='line_1_11' title="bbox 431 1031 2004 1104; baseline 0.004 -20"><span class='ocrx_word' id='word_1_58' title='bbox 431 1034 630 1102; x_wconf 79' lang='lat' dir='ltr'><strong>glectui</strong></span> <span class='ocrx_word' id='word_1_59' title='bbox 660 1034 965 1086; x_wconf 86' lang='lat' dir='ltr'><strong>habuerunt</strong></span> <span class='ocrx_word' id='word_1_60' title='bbox 996 1031 1228 1104; x_wconf 84' lang='lat' dir='ltr'><strong>[utinam</strong></span> <span class='ocrx_word' id='word_1_61' title='bbox 1259 1051 1388 1087; x_wconf 82' lang='lat' dir='ltr'><strong>vero</strong></span> <span class='ocrx_word' id='word_1_62' title='bbox 1411 1051 1572 1089; x_wconf 87' lang='lat' dir='ltr'><strong>nemo</strong></span> <span class='ocrx_word' id='word_1_63' title='bbox 1614 1037 1734 1090; x_wconf 88' lang='lat' dir='ltr'><strong>talis</strong></span> <span class='ocrx_word' id='word_1_64' title='bbox 1761 1038 1960 1092; x_wconf 81' lang='lat' dir='ltr'><strong>existat</strong></span> <span class='ocrx_word' id='word_1_65' title='bbox 1991 1039 2004 1091; x_wconf 76' lang='grc' dir='ltr'><strong>ί</strong></span> 
     </span>
    </p>
   </div>
   <div class='ocr_carea' id='block_1_12' title="bbox 435 1119 2007 1196">
    <p class='ocr_par' dir='ltr' id='par_1_12' title="bbox 435 1119 2007 1196">
     <span class='ocr_line' id='line_1_12' title="bbox 435 1119 2007 1196; baseline 0.004 -20"><span class='ocrx_word' id='word_1_66' title='bbox 435 1136 546 1186; x_wconf 84' lang='lat' dir='ltr'><strong>tua,</strong></span> <span class='ocrx_word' id='word_1_67' title='bbox 575 1119 822 1189; x_wconf 65' lang='lat' dir='ltr'><strong>Domino,</strong></span> <span class='ocrx_word' id='word_1_68' title='bbox 853 1126 1049 1195; x_wconf 79' lang='lat' dir='ltr'><strong>gratia,</strong></span> <span class='ocrx_word' id='word_1_69' title='bbox 1078 1127 1168 1194; x_wconf 87' lang='lat' dir='ltr'><strong>qui</strong></span> <span class='ocrx_word' id='word_1_70' title='bbox 1190 1142 1287 1195; x_wconf 91' lang='lat' dir='ltr'><strong>pro</strong></span> <span class='ocrx_word' id='word_1_71' title='bbox 1317 1128 1476 1183; x_wconf 88' lang='lat' dir='ltr'><strong>nobis</strong></span> <span class='ocrx_word' id='word_1_72' title='bbox 1501 1131 1884 1196; x_wconf 86' lang='lat' dir='ltr'><strong>peccatoribus</strong></span> <span class='ocrx_word' id='word_1_73' title='bbox 1903 1131 2007 1184; x_wconf 91' lang='lat' dir='ltr'><strong>im-</strong></span> 
     </span>
    </p>
   </div>
   <div class='ocr_carea' id='block_1_13' title="bbox 433 1216 2006 1292">
    <p class='ocr_par' dir='ltr' id='par_1_13' title="bbox 433 1216 2006 1292">
     <span class='ocr_line' id='line_1_13' title="bbox 433 1216 2006 1292; baseline 0.005 -24"><span class='ocrx_word' id='word_1_74' title='bbox 433 1218 668 1271; x_wconf 88' lang='lat' dir='ltr'><strong>molatus</strong></span> <span class='ocrx_word' id='word_1_75' title='bbox 699 1216 805 1286; x_wconf 75' lang='lat' dir='ltr'><strong>es],</strong></span> <span class='ocrx_word' id='word_1_76' title='bbox 861 1234 926 1272; x_wconf 90' lang='lat' dir='ltr'><strong>ne</strong></span> <span class='ocrx_word' id='word_1_77' title='bbox 972 1219 1006 1271; x_wconf 92' lang='lat' dir='ltr'><strong>ii</strong></span> <span class='ocrx_word' id='word_1_78' title='bbox 1042 1219 1264 1288; x_wconf 88' lang='lat' dir='ltr'><strong>quidem</strong></span> <span class='ocrx_word' id='word_1_79' title='bbox 1324 1221 1566 1274; x_wconf 88' lang='lat' dir='ltr'><strong>animum</strong></span> <span class='ocrx_word' id='word_1_80' title='bbox 1607 1223 2006 1292; x_wconf 78' lang='lat' dir='ltr'><strong>despdndeant,</strong></span> 
     </span>
    </p>
   </div>
   <div class='ocr_carea' id='block_1_14' title="bbox 429 1307 2011 1378">
    <p class='ocr_par' dir='ltr' id='par_1_14' title="bbox 429 1307 2011 1378">
     <span class='ocr_line' id='line_1_14' title="bbox 429 1307 2011 1378; baseline 0.006 -18"><span class='ocrx_word' id='word_1_81' title='bbox 429 1307 522 1376; x_wconf 90' lang='lat' dir='ltr'><strong>qui</strong></span> <span class='ocrx_word' id='word_1_82' title='bbox 573 1317 788 1378; x_wconf 85' lang='lat' dir='ltr'><strong>tempus</strong></span> <span class='ocrx_word' id='word_1_83' title='bbox 837 1317 1206 1378; x_wconf 77' lang='lat' dir='ltr'><strong>Opportunum</strong></span> <span class='ocrx_word' id='word_1_84' title='bbox 1257 1311 1329 1364; x_wconf 89' lang='lat' dir='ltr'><strong>rei</strong></span> <span class='ocrx_word' id='word_1_85' title='bbox 1383 1311 1647 1366; x_wconf 73' lang='lat' dir='ltr'><strong>facienda:</strong></span> <span class='ocrx_word' id='word_1_86' title='bbox 1687 1315 2011 1370; x_wconf 88' lang='lat' dir='ltr'><strong>adventasse</strong></span> 
     </span>
    </p>
   </div>
   <div class='ocr_carea' id='block_1_15' title="bbox 428 1398 2009 1466">
    <p class='ocr_par' dir='ltr' id='par_1_15' title="bbox 428 1398 2009 1466">
     <span class='ocr_line' id='line_1_15' title="bbox 428 1398 2009 1466; baseline 0.008 -17"><span class='ocrx_word' id='word_1_87' title='bbox 428 1398 672 1453; x_wconf 85' lang='lat' dir='ltr'><strong>videant.</strong></span> <span class='ocrx_word' id='word_1_88' title='bbox 713 1399 923 1454; x_wconf 87' lang='lat' dir='ltr'><strong>Licebit</strong></span> <span class='ocrx_word' id='word_1_89' title='bbox 971 1403 1140 1466; x_wconf 85' lang='lat' dir='ltr'><strong>enim,</strong></span> <span class='ocrx_word' id='word_1_90' title='bbox 1197 1403 1241 1457; x_wconf 90' lang='lat' dir='ltr'><strong>si</strong></span> <span class='ocrx_word' id='word_1_91' title='bbox 1288 1403 1473 1464; x_wconf 87' lang='lat' dir='ltr'><strong>velint.</strong></span> <span class='ocrx_word' id='word_1_92' title='bbox 1503 1405 1587 1459; x_wconf 86' lang='lat' dir='ltr'><strong>vel</strong></span> <span class='ocrx_word' id='word_1_93' title='bbox 1621 1421 1729 1460; x_wconf 92' lang='lat' dir='ltr'><strong>una</strong></span> <span class='ocrx_word' id='word_1_94' title='bbox 1767 1407 1866 1460; x_wconf 90' lang='lat' dir='ltr'><strong>hac</strong></span> <span class='ocrx_word' id='word_1_95' title='bbox 1909 1407 2009 1461; x_wconf 88' lang='lat' dir='ltr'><strong>ho-</strong></span> 
     </span>
    </p>
   </div>
   <div class='ocr_carea' id='block_1_16' title="bbox 429 1489 2007 1569">
    <p class='ocr_par' dir='ltr' id='par_1_16' title="bbox 429 1489 2007 1569">
     <span class='ocr_line' id='line_1_16' title="bbox 429 1489 2007 1569; baseline 0.007 -28"><span class='ocrx_word' id='word_1_96' title='bbox 429 1489 620 1544; x_wconf 87' lang='lat' dir='ltr'><strong>dierna</strong></span> <span class='ocrx_word' id='word_1_97' title='bbox 665 1491 752 1546; x_wconf 90' lang='lat' dir='ltr'><strong>die</strong></span> <span class='ocrx_word' id='word_1_98' title='bbox 783 1532 800 1557; x_wconf 89' lang='lat'><strong>,</strong></span> <span class='ocrx_word' id='word_1_99' title='bbox 859 1493 1056 1548; x_wconf 86' lang='lat' dir='ltr'><strong>stolam</strong></span> <span class='ocrx_word' id='word_1_100' title='bbox 1106 1498 1511 1551; x_wconf 82' lang='lat' dir='ltr'><strong>resurrectione</strong></span> <span class='ocrx_word' id='word_1_101' title='bbox 1569 1513 1676 1552; x_wconf 91' lang='lat' dir='ltr'><strong>nou</strong></span> <span class='ocrx_word' id='word_1_102' title='bbox 1730 1499 2007 1569; x_wconf 84' lang='lat' dir='ltr'><strong>indignam</strong></span> 
     </span>
    </p>
   </div>
   <div class='ocr_carea' id='block_1_17' title="bbox 428 1582 2010 1658">
    <p class='ocr_par' dir='ltr' id='par_1_17' title="bbox 428 1582 2010 1658">
     <span class='ocr_line' id='line_1_17' title="bbox 428 1582 2010 1658; baseline 0.005 -24"><span class='ocrx_word' id='word_1_103' title='bbox 428 1582 722 1637; x_wconf 84' lang='lat' dir='ltr'><strong>conficere.</strong></span> <span class='ocrx_word' id='word_1_104' title='bbox 756 1583 1165 1640; x_wconf 87' lang='lat' dir='ltr'><strong>Tantummodo</strong></span> <span class='ocrx_word' id='word_1_105' title='bbox 1188 1601 1547 1658; x_wconf 82' lang='lat' dir='ltr'><strong>exsurgamus</strong></span> <span class='ocrx_word' id='word_1_106' title='bbox 1581 1607 1594 1655; x_wconf 92' lang='lat'>;</span> <span class='ocrx_word' id='word_1_107' title='bbox 1629 1589 2010 1642; x_wconf 86' lang='lat' dir='ltr'><strong>tantummodo</strong></span> 
     </span>
    </p>
   </div>
   <div class='ocr_carea' id='block_1_18' title="bbox 433 1675 2010 1749">
    <p class='ocr_par' dir='ltr' id='par_1_18' title="bbox 433 1675 2010 1749">
     <span class='ocr_line' id='line_1_18' title="bbox 433 1675 2010 1749; baseline 0.007 -25"><span class='ocrx_word' id='word_1_108' title='bbox 433 1675 649 1731; x_wconf 73' lang='lat' dir='ltr'><strong>virtutis</strong></span> <span class='ocrx_word' id='word_1_109' title='bbox 703 1679 1085 1745; x_wconf 86' lang='lat' dir='ltr'><strong>cogitationem</strong></span> <span class='ocrx_word' id='word_1_110' title='bbox 1149 1681 1519 1749; x_wconf 81' lang='lat' dir='ltr'><strong>suscipiamus</strong></span> <span class='ocrx_word' id='word_1_111' title='bbox 1567 1698 1582 1747; x_wconf 90' lang='lat'><strong>;</strong></span> <span class='ocrx_word' id='word_1_112' title='bbox 1629 1681 2010 1736; x_wconf 83' lang='lat' dir='ltr'><strong>tantummodo</strong></span> 
     </span>
    </p>
   </div>
   <div class='ocr_carea' id='block_1_19' title="bbox 431 1766 2011 1839">
    <p class='ocr_par' dir='ltr' id='par_1_19' title="bbox 431 1766 2011 1839">
     <span class='ocr_line' id='line_1_19' title="bbox 431 1766 2011 1839; baseline 0.004 -20"><span class='ocrx_word' id='word_1_113' title='bbox 431 1766 693 1835; x_wconf 63' lang='lat' dir='ltr'><strong>praeclaro</strong></span> <span class='ocrx_word' id='word_1_114' title='bbox 727 1767 855 1822; x_wconf 91' lang='lat' dir='ltr'><strong>huic</strong></span> <span class='ocrx_word' id='word_1_115' title='bbox 883 1770 1038 1838; x_wconf 90' lang='lat' dir='ltr'><strong>operi</strong></span> <span class='ocrx_word' id='word_1_116' title='bbox 1076 1785 1297 1823; x_wconf 88' lang='lat' dir='ltr'><strong>manum</strong></span> <span class='ocrx_word' id='word_1_117' title='bbox 1331 1771 1742 1824; x_wconf 85' lang='lat' dir='ltr'><strong>admoveamus.</strong></span> <span class='ocrx_word' id='word_1_118' title='bbox 1777 1770 2011 1839; x_wconf 85' lang='lat' dir='ltr'><strong>Adjutor</strong></span> 
     </span>
    </p>
   </div>
   <div class='ocr_carea' id='block_1_20' title="bbox 431 1857 2014 1932">
    <p class='ocr_par' dir='ltr' id='par_1_20' title="bbox 431 1857 2014 1932">
     <span class='ocr_line' id='line_1_20' title="bbox 431 1857 2014 1932; baseline 0.003 -21"><span class='ocrx_word' id='word_1_119' title='bbox 431 1857 536 1911; x_wconf 85' lang='lat' dir='ltr'><strong>erit</strong></span> <span class='ocrx_word' id='word_1_120' title='bbox 565 1857 656 1912; x_wconf 90' lang='lat' dir='ltr'><strong>ille</strong></span> <span class='ocrx_word' id='word_1_121' title='bbox 684 1857 819 1927; x_wconf 88' lang='lat' dir='ltr'><strong>ipse,</strong></span> <span class='ocrx_word' id='word_1_122' title='bbox 847 1861 938 1929; x_wconf 89' lang='lat' dir='ltr'><strong>qui</strong></span> <span class='ocrx_word' id='word_1_123' title='bbox 977 1876 1074 1929; x_wconf 89' lang='lat' dir='ltr'><strong>pro</strong></span> <span class='ocrx_word' id='word_1_124' title='bbox 1123 1862 1281 1916; x_wconf 90' lang='lat' dir='ltr'><strong>nobis</strong></span> <span class='ocrx_word' id='word_1_125' title='bbox 1315 1877 1509 1930; x_wconf 80' lang='lat' dir='ltr'><strong>passus</strong></span> <span class='ocrx_word' id='word_1_126' title='bbox 1549 1871 1631 1915; x_wconf 88' lang='lat' dir='ltr'><strong>est</strong></span> <span class='ocrx_word' id='word_1_127' title='bbox 1664 1879 1679 1926; x_wconf 90' lang='lat'><strong>;</strong></span> <span class='ocrx_word' id='word_1_128' title='bbox 1714 1862 2014 1932; x_wconf 83' lang='lat' dir='ltr'><strong>exiguaque</strong></span> 
     </span>
    </p>
   </div>
   <div class='ocr_carea' id='block_1_21' title="bbox 432 1951 2015 2018">
    <p class='ocr_par' dir='ltr' id='par_1_21' title="bbox 432 1951 2015 2018">
     <span class='ocr_line' id='line_1_21' title="bbox 432 1951 2015 2018; baseline 0.004 -16"><span class='ocrx_word' id='word_1_129' title='bbox 432 1963 624 2018; x_wconf 83' lang='lat' dir='ltr'><strong>opera,</strong></span> <span class='ocrx_word' id='word_1_130' title='bbox 651 1966 719 2006; x_wconf 85' lang='lat' dir='ltr'><strong>ac</strong></span> <span class='ocrx_word' id='word_1_131' title='bbox 755 1951 904 2005; x_wconf 89' lang='lat' dir='ltr'><strong>nullo</strong></span> <span class='ocrx_word' id='word_1_132' title='bbox 943 1952 1150 2018; x_wconf 90' lang='lat' dir='ltr'><strong>labore,</strong></span> <span class='ocrx_word' id='word_1_133' title='bbox 1192 1955 1408 2008; x_wconf 82' lang='lat' dir='ltr'><strong>beatum</strong></span> <span class='ocrx_word' id='word_1_134' title='bbox 1444 1953 1602 2007; x_wconf 89' lang='lat' dir='ltr'><strong>nobis</strong></span> <span class='ocrx_word' id='word_1_135' title='bbox 1635 1953 2015 2008; x_wconf 83' lang='lat' dir='ltr'><strong>indumentum</strong></span> 
     </span>
    </p>
   </div>
   <div class='ocr_carea' id='block_1_22' title="bbox 2115 476 3685 559">
    <p class='ocr_par' dir='ltr' id='par_1_22' title="bbox 2115 476 3685 559">
     <span class='ocr_line' id='line_1_22' title="bbox 2115 476 3685 559; baseline -0.012 -14"><span class='ocrx_word' id='word_1_136' title='bbox 2115 491 2272 559; x_wconf 81' lang='grc' dir='ltr'>ἡμῶν</span> <span class='ocrx_word' id='word_1_137' title='bbox 2300 490 2406 542; x_wconf 82' lang='grc' dir='ltr'>τῶν</span> <span class='ocrx_word' id='word_1_138' title='bbox 2431 489 2680 542; x_wconf 79' lang='grc' dir='ltr'><strong>ἀτάκτων</strong></span> <span class='ocrx_word' id='word_1_139' title='bbox 2703 487 2998 544; x_wconf 75' lang='grc' dir='ltr'>δούλων,τὺ</span> <span class='ocrx_word' id='word_1_140' title='bbox 3026 483 3340 553; x_wconf 73' lang='grc' dir='ltr'>μεσότοιχον</span> <span class='ocrx_word' id='word_1_141' title='bbox 3365 483 3462 548; x_wconf 78' lang='grc' dir='ltr'><strong>τῆς</strong></span> <span class='ocrx_word' id='word_1_142' title='bbox 3488 476 3685 544; x_wconf 75' lang='grc' dir='ltr'>ἔχθρας</span> 
     </span>
    </p>
   </div>
   <div class='ocr_carea' id='block_1_23' title="bbox 2116 569 3702 652">
    <p class='ocr_par' dir='ltr' id='par_1_23' title="bbox 2116 569 3702 652">
     <span class='ocr_line' id='line_1_23' title="bbox 2116 569 3702 652; baseline -0.01 -17"><span class='ocrx_word' id='word_1_143' title='bbox 2116 583 2336 646; x_wconf 75' lang='grc' dir='ltr'>οἰκείοις</span> <span class='ocrx_word' id='word_1_144' title='bbox 2405 581 2623 651; x_wconf 72' lang='grc' dir='ltr'>διέκοψε</span> <span class='ocrx_word' id='word_1_145' title='bbox 2673 581 3005 652; x_wconf 89' lang='grc' dir='ltr'>τραύμασιν.</span> <span class='ocrx_word' id='word_1_146' title='bbox 3054 579 3209 630; x_wconf 84' lang='grc' dir='ltr'>Ὂσοι</span> <span class='ocrx_word' id='word_1_147' title='bbox 3256 575 3300 627; x_wconf 77' lang='grc' dir='ltr'>δ’</span> <span class='ocrx_word' id='word_1_148' title='bbox 3347 573 3534 640; x_wconf 81' lang='grc' dir='ltr'>ὥσπερ</span> <span class='ocrx_word' id='word_1_149' title='bbox 3585 569 3702 621; x_wconf 76' lang='grc' dir='ltr'>ἐθι-</span> 
     </span>
    </p>
   </div>
   <div class='ocr_carea' id='block_1_24' title="bbox 2120 664 3700 744">
    <p class='ocr_par' dir='ltr' id='par_1_24' title="bbox 2120 664 3700 744">
     <span class='ocr_line' id='line_1_24' title="bbox 2120 664 3700 744; baseline -0.009 -17"><span class='ocrx_word' id='word_1_150' title='bbox 2120 675 2338 736; x_wconf 81' lang='grc' dir='ltr'>σθέντες</span> <span class='ocrx_word' id='word_1_151' title='bbox 2373 673 2448 744; x_wconf 84' lang='grc' dir='ltr'>τῷ</span> <span class='ocrx_word' id='word_1_152' title='bbox 2483 674 2640 744; x_wconf 61' lang='lat' dir='ltr'><strong>{laxat</strong></span> <span class='ocrx_word' id='word_1_153' title='bbox 2663 674 2761 741; x_wconf 79' lang='grc' dir='ltr'>τῆς</span> <span class='ocrx_word' id='word_1_154' title='bbox 2791 672 3067 742; x_wconf 77' lang='grc' dir='ltr'>ἁμαρτίας</span> <span class='ocrx_word' id='word_1_155' title='bbox 3101 670 3380 737; x_wconf 73' lang='grc' dir='ltr'>ὴλόγησαν</span> <span class='ocrx_word' id='word_1_156' title='bbox 3426 666 3534 718; x_wconf 84' lang='grc' dir='ltr'><strong>τῶν</strong></span> <span class='ocrx_word' id='word_1_157' title='bbox 3567 664 3700 732; x_wconf 80' lang='grc' dir='ltr'>ἀρε-</span> 
     </span>
    </p>
   </div>
   <div class='ocr_carea' id='block_1_25' title="bbox 2115 753 3703 835">
    <p class='ocr_par' dir='ltr' id='par_1_25' title="bbox 2115 753 3703 835">
     <span class='ocr_line' id='line_1_25' title="bbox 2115 753 3703 835; baseline -0.006 -17"><span class='ocrx_word' id='word_1_158' title='bbox 2115 765 2224 818; x_wconf 81' lang='grc' dir='ltr'><strong>τῶν</strong></span> <span class='ocrx_word' id='word_1_159' title='bbox 2263 767 2361 835; x_wconf 78' lang='grc' dir='ltr'><strong>τῆς</strong></span> <span class='ocrx_word' id='word_1_160' title='bbox 2402 766 2624 833; x_wconf 74' lang='grc' dir='ltr'>στολῆςο</span> <span class='ocrx_word' id='word_1_161' title='bbox 2681 765 2816 820; x_wconf 85' lang='grc' dir='ltr'><strong>ἀλλά</strong></span> <span class='ocrx_word' id='word_1_162' title='bbox 2867 765 3054 833; x_wconf 70' lang='grc' dir='ltr'>μηδεὶς</span> <span class='ocrx_word' id='word_1_163' title='bbox 3081 763 3166 833; x_wconf 71' lang='grc' dir='ltr'><strong>εἴη</strong></span> <span class='ocrx_word' id='word_1_164' title='bbox 3191 760 3449 824; x_wconf 75' lang='grc' dir='ltr'>τοιοῦτος,</span> <span class='ocrx_word' id='word_1_165' title='bbox 3481 753 3524 812; x_wconf 79' lang='grc' dir='ltr'><strong>ὦ</strong></span> <span class='ocrx_word' id='word_1_166' title='bbox 3560 757 3703 827; x_wconf 72' lang='grc' dir='ltr'>ὑπὲρ</span> 
     </span>
    </p>
   </div>
   <div class='ocr_carea' id='block_1_26' title="bbox 2118 845 3704 929">
    <p class='ocr_par' dir='ltr' id='par_1_26' title="bbox 2118 845 3704 929">
     <span class='ocr_line' id='line_1_26' title="bbox 2118 845 3704 929; baseline -0.008 -18"><span class='ocrx_word' id='word_1_167' title='bbox 2118 858 2274 929; x_wconf 80' lang='grc' dir='ltr'>ἡμῶν</span> <span class='ocrx_word' id='word_1_168' title='bbox 2294 859 2401 911; x_wconf 82' lang='grc' dir='ltr'><strong>τῶν</strong></span> <span class='ocrx_word' id='word_1_169' title='bbox 2432 858 2772 928; x_wconf 80' lang='grc' dir='ltr'>ἁμαρτωλῶν</span> <span class='ocrx_word' id='word_1_170' title='bbox 2802 855 3158 924; x_wconf 83' lang='grc' dir='ltr'>σφαγιασθείς</span> <span class='ocrx_word' id='word_1_171' title='bbox 3185 870 3200 885; x_wconf 89' lang='grc'><strong>·</strong></span> <span class='ocrx_word' id='word_1_172' title='bbox 3235 853 3358 923; x_wconf 79' lang='grc' dir='ltr'>μηδ’</span> <span class='ocrx_word' id='word_1_173' title='bbox 3390 845 3533 905; x_wconf 70' lang='grc' dir='ltr'>οὗτοι</span> <span class='ocrx_word' id='word_1_174' title='bbox 3568 850 3704 902; x_wconf 78' lang='grc' dir='ltr'>ἀπο-</span> 
     </span>
    </p>
   </div>
   <div class='ocr_carea' id='block_1_27' title="bbox 2116 941 3706 1020">
    <p class='ocr_par' dir='ltr' id='par_1_27' title="bbox 2116 941 3706 1020">
     <span class='ocr_line' id='line_1_27' title="bbox 2116 941 3706 1020; baseline -0.008 -16"><span class='ocrx_word' id='word_1_175' title='bbox 2116 952 2573 1019; x_wconf 73' lang='grc' dir='ltr'>γινωσκέτωταν,</span> <span class='ocrx_word' id='word_1_176' title='bbox 2609 951 2699 1004; x_wconf 73' lang='grc' dir='ltr'><strong>τὸν</strong></span> <span class='ocrx_word' id='word_1_177' title='bbox 2751 951 2944 1020; x_wconf 74' lang='grc' dir='ltr'>καιρὸν</span> <span class='ocrx_word' id='word_1_178' title='bbox 2998 948 3231 1018; x_wconf 83' lang='grc' dir='ltr'>δρῶντες</span> <span class='ocrx_word' id='word_1_179' title='bbox 3294 945 3392 1014; x_wconf 82' lang='grc' dir='ltr'>τῆς</span> <span class='ocrx_word' id='word_1_180' title='bbox 3443 941 3706 1013; x_wconf 77' lang='grc' dir='ltr'><strong>ἐργασίας</strong></span> 
     </span>
    </p>
   </div>
   <div class='ocr_carea' id='block_1_28' title="bbox 2120 1031 3706 1112">
    <p class='ocr_par' dir='ltr' id='par_1_28' title="bbox 2120 1031 3706 1112">
     <span class='ocr_line' id='line_1_28' title="bbox 2120 1031 3706 1112; baseline -0.007 -17"><span class='ocrx_word' id='word_1_181' title='bbox 2120 1045 2457 1112; x_wconf 83' lang='grc' dir='ltr'>παρήκοντα.</span> <span class='ocrx_word' id='word_1_182' title='bbox 2505 1041 2662 1095; x_wconf 81' lang='grc' dir='ltr'>Ἐστι</span> <span class='ocrx_word' id='word_1_183' title='bbox 2693 1041 2800 1112; x_wconf 78' lang='grc' dir='ltr'>γὰρ</span> <span class='ocrx_word' id='word_1_184' title='bbox 2838 1041 3145 1112; x_wconf 76' lang='grc' dir='ltr'><strong>βουληθεῖσι</strong></span> <span class='ocrx_word' id='word_1_185' title='bbox 3184 1037 3276 1090; x_wconf 70' lang='grc' dir='ltr'><strong>καὶ</strong></span> <span class='ocrx_word' id='word_1_186' title='bbox 3309 1034 3399 1089; x_wconf 81' lang='grc' dir='ltr'>διὰ</span> <span class='ocrx_word' id='word_1_187' title='bbox 3441 1035 3568 1104; x_wconf 86' lang='grc' dir='ltr'>μιᾶς</span> <span class='ocrx_word' id='word_1_188' title='bbox 3601 1031 3706 1099; x_wconf 76' lang='grc' dir='ltr'>τῆς</span> 
     </span>
    </p>
   </div>
   <div class='ocr_carea' id='block_1_29' title="bbox 2119 1125 3708 1204">
    <p class='ocr_par' dir='ltr' id='par_1_29' title="bbox 2119 1125 3708 1204">
     <span class='ocr_line' id='line_1_29' title="bbox 2119 1125 3708 1204; baseline -0.008 -18"><span class='ocrx_word' id='word_1_189' title='bbox 2119 1133 2214 1186; x_wconf 83' lang='grc' dir='ltr'>νῦν</span> <span class='ocrx_word' id='word_1_190' title='bbox 2244 1133 2475 1203; x_wconf 77' lang='grc' dir='ltr'>ἡμέρας,</span> <span class='ocrx_word' id='word_1_191' title='bbox 2512 1133 2585 1204; x_wconf 83' lang='grc' dir='ltr'>μὴ</span> <span class='ocrx_word' id='word_1_192' title='bbox 2620 1133 2844 1199; x_wconf 75' lang='grc' dir='ltr'>ἀναξίαν</span> <span class='ocrx_word' id='word_1_193' title='bbox 2882 1135 2979 1202; x_wconf 87' lang='grc' dir='ltr'>τῆς</span> <span class='ocrx_word' id='word_1_194' title='bbox 3014 1129 3365 1190; x_wconf 78' lang='grc' dir='ltr'>ἀναστάσεως</span> <span class='ocrx_word' id='word_1_195' title='bbox 3397 1125 3708 1198; x_wconf 84' lang='grc' dir='ltr'>περιποιεῖ-</span> 
     </span>
    </p>
   </div>
   <div class='ocr_carea' id='block_1_30' title="bbox 2124 1207 3709 1294">
    <p class='ocr_par' dir='ltr' id='par_1_30' title="bbox 2124 1207 3709 1294">
     <span class='ocr_line' id='line_1_30' title="bbox 2124 1207 3709 1294; baseline -0.006 -16"><span class='ocrx_word' id='word_1_196' title='bbox 2124 1226 2249 1278; x_wconf 77' lang='grc' dir='ltr'>σθαι</span> <span class='ocrx_word' id='word_1_197' title='bbox 2292 1225 2504 1294; x_wconf 84' lang='grc' dir='ltr'>στολήν.</span> <span class='ocrx_word' id='word_1_198' title='bbox 2564 1226 2742 1279; x_wconf 84' lang='grc' dir='ltr'>Μόνον</span> <span class='ocrx_word' id='word_1_199' title='bbox 2790 1207 3167 1290; x_wconf 71' lang='grc' dir='ltr'>διαναστῶμεν</span> <span class='ocrx_word' id='word_1_200' title='bbox 3193 1239 3206 1254; x_wconf 78' lang='grc' dir='ltr'><strong>ο</strong></span> <span class='ocrx_word' id='word_1_201' title='bbox 3243 1221 3403 1291; x_wconf 85' lang='grc' dir='ltr'>μόνον</span> <span class='ocrx_word' id='word_1_202' title='bbox 3435 1219 3528 1272; x_wconf 75' lang='grc' dir='ltr'>ἐπὶ</span> <span class='ocrx_word' id='word_1_203' title='bbox 3556 1217 3709 1281; x_wconf 74' lang='grc' dir='ltr'>λογι-</span> 
     </span>
    </p>
   </div>
   <div class='ocr_carea' id='block_1_31' title="bbox 2125 1308 3708 1386">
    <p class='ocr_par' dir='ltr' id='par_1_31' title="bbox 2125 1308 3708 1386">
     <span class='ocr_line' id='line_1_31' title="bbox 2125 1308 3708 1386; baseline -0.006 -16"><span class='ocrx_word' id='word_1_204' title='bbox 2125 1317 2261 1386; x_wconf 67' lang='grc' dir='ltr'>σμὸν</span> <span class='ocrx_word' id='word_1_205' title='bbox 2291 1317 2490 1386; x_wconf 79' lang='grc' dir='ltr'>ἀρετῆς</span> <span class='ocrx_word' id='word_1_206' title='bbox 2553 1317 2880 1386; x_wconf 76' lang='grc' dir='ltr'>ἀναδῶμεν,·</span> <span class='ocrx_word' id='word_1_207' title='bbox 2918 1317 3076 1386; x_wconf 89' lang='grc' dir='ltr'>μόνον</span> <span class='ocrx_word' id='word_1_208' title='bbox 3101 1315 3201 1383; x_wconf 72' lang='grc' dir='ltr'>τῆς</span> <span class='ocrx_word' id='word_1_209' title='bbox 3241 1312 3409 1379; x_wconf 76' lang='grc' dir='ltr'>καλῆς</span> <span class='ocrx_word' id='word_1_210' title='bbox 3442 1308 3708 1380; x_wconf 72' lang='grc' dir='ltr'>ἐργασίας</span> 
     </span>
    </p>
   </div>
   <div class='ocr_carea' id='block_1_32' title="bbox 2121 1402 3708 1480">
    <p class='ocr_par' dir='ltr' id='par_1_32' title="bbox 2121 1402 3708 1480">
     <span class='ocr_line' id='line_1_32' title="bbox 2121 1402 3708 1480; baseline -0.006 -16"><span class='ocrx_word' id='word_1_211' title='bbox 2121 1409 2411 1480; x_wconf 60' lang='grc' dir='ltr'>ἁψώμεθα,</span> <span class='ocrx_word' id='word_1_212' title='bbox 2443 1409 2602 1473; x_wconf 78' lang='grc' dir='ltr'>αὐτὸς</span> <span class='ocrx_word' id='word_1_213' title='bbox 2631 1412 2758 1480; x_wconf 80' lang='grc' dir='ltr'>ἡμῖν</span> <span class='ocrx_word' id='word_1_214' title='bbox 2801 1411 3258 1479; x_wconf 84' lang='grc' dir='ltr'>συνεπικουρήσει</span> <span class='ocrx_word' id='word_1_215' title='bbox 3287 1409 3315 1460; x_wconf 90' lang='grc' dir='ltr'><strong>ό</strong></span> <span class='ocrx_word' id='word_1_216' title='bbox 3345 1402 3532 1458; x_wconf 78' lang='grc' dir='ltr'>παθὼν</span> <span class='ocrx_word' id='word_1_217' title='bbox 3564 1403 3708 1472; x_wconf 81' lang='grc' dir='ltr'>ὑπὲρ</span> 
     </span>
    </p>
   </div>
   <div class='ocr_carea' id='block_1_33' title="bbox 2121 1498 3708 1573">
    <p class='ocr_par' dir='ltr' id='par_1_33' title="bbox 2121 1498 3708 1573">
     <span class='ocr_line' id='line_1_33' title="bbox 2121 1498 3708 1573; baseline -0.004 -19"><span class='ocrx_word' id='word_1_218' title='bbox 2121 1503 2279 1573; x_wconf 76' lang='grc' dir='ltr'>ἡμῶν</span> <span class='ocrx_word' id='word_1_219' title='bbox 2307 1544 2322 1567; x_wconf 87' lang='grc'><strong>,</strong></span> <span class='ocrx_word' id='word_1_220' title='bbox 2349 1503 2444 1556; x_wconf 71' lang='grc' dir='ltr'><strong>καὶ</strong></span> <span class='ocrx_word' id='word_1_221' title='bbox 2476 1503 2738 1572; x_wconf 86' lang='grc' dir='ltr'>σύντομον</span> <span class='ocrx_word' id='word_1_222' title='bbox 2795 1505 2888 1557; x_wconf 77' lang='grc' dir='ltr'><strong>καὶ</strong></span> <span class='ocrx_word' id='word_1_223' title='bbox 2910 1503 3290 1571; x_wconf 74' lang='grc' dir='ltr'>ἀταλαίπωρον</span> <span class='ocrx_word' id='word_1_224' title='bbox 3317 1499 3616 1568; x_wconf 85' lang='grc' dir='ltr'>ἀπαρτίσει</span> <span class='ocrx_word' id='word_1_225' title='bbox 3645 1498 3708 1550; x_wconf 81' lang='grc' dir='ltr'>τὸ</span> 
     </span>
    </p>
   </div>
   <div class='ocr_carea' id='block_1_34' title="bbox 2127 1590 3708 1664">
    <p class='ocr_par' dir='ltr' id='par_1_34' title="bbox 2127 1590 3708 1664">
     <span class='ocr_line' id='line_1_34' title="bbox 2127 1590 3708 1664; baseline -0.003 -18"><span class='ocrx_word' id='word_1_226' title='bbox 2127 1594 2396 1663; x_wconf 88' lang='grc' dir='ltr'>μακάριον</span> <span class='ocrx_word' id='word_1_227' title='bbox 2439 1594 2804 1664; x_wconf 76' lang='grc' dir='ltr'>περιϐόλαιον.</span> <span class='ocrx_word' id='word_1_228' title='bbox 2868 1595 3092 1656; x_wconf 78' lang='grc' dir='ltr'>Πάντως</span> <span class='ocrx_word' id='word_1_229' title='bbox 3139 1593 3182 1645; x_wconf 82' lang='grc' dir='ltr'>δ’</span> <span class='ocrx_word' id='word_1_230' title='bbox 3225 1594 3483 1652; x_wconf 83' lang='grc' dir='ltr'>ἀπαντες,</span> <span class='ocrx_word' id='word_1_231' title='bbox 3529 1591 3576 1641; x_wconf 89' lang='grc' dir='ltr'>εἰ</span> <span class='ocrx_word' id='word_1_232' title='bbox 3611 1590 3708 1642; x_wconf 71' lang='grc' dir='ltr'><strong>καὶ</strong></span> 
     </span>
    </p>
   </div>
   <div class='ocr_carea' id='block_1_35' title="bbox 2125 1679 3708 1756">
    <p class='ocr_par' dir='ltr' id='par_1_35' title="bbox 2125 1679 3708 1756">
     <span class='ocr_line' id='line_1_35' title="bbox 2125 1679 3708 1756; baseline -0.003 -20"><span class='ocrx_word' id='word_1_233' title='bbox 2125 1685 2201 1752; x_wconf 83' lang='grc' dir='ltr'><strong>μὴ</strong></span> <span class='ocrx_word' id='word_1_234' title='bbox 2233 1686 2392 1754; x_wconf 84' lang='grc' dir='ltr'>ὁμοία</span> <span class='ocrx_word' id='word_1_235' title='bbox 2425 1688 2590 1739; x_wconf 77' lang='grc' dir='ltr'>πᾶσιν</span> <span class='ocrx_word' id='word_1_236' title='bbox 2615 1685 2865 1756; x_wconf 76' lang='grc' dir='ltr'>εὐπορία,</span> <span class='ocrx_word' id='word_1_237' title='bbox 2910 1684 3296 1752; x_wconf 82' lang='grc' dir='ltr'>στολισθῶμεν,</span> <span class='ocrx_word' id='word_1_238' title='bbox 3323 1683 3408 1734; x_wconf 81' lang='grc' dir='ltr'>ἵνα</span> <span class='ocrx_word' id='word_1_239' title='bbox 3439 1681 3588 1745; x_wconf 82' lang='grc' dir='ltr'>ἀξιον</span> <span class='ocrx_word' id='word_1_240' title='bbox 3613 1679 3708 1732; x_wconf 64' lang='grc' dir='ltr'>τεῦ</span> 
     </span>
    </p>
   </div>
   <div class='ocr_carea' id='block_1_36' title="bbox 2123 1772 3707 1848">
    <p class='ocr_par' dir='ltr' id='par_1_36' title="bbox 2123 1772 3707 1848">
     <span class='ocr_line' id='line_1_36' title="bbox 2123 1772 3707 1848; baseline -0.003 -19"><span class='ocrx_word' id='word_1_241' title='bbox 2123 1779 2329 1848; x_wconf 84' lang='grc' dir='ltr'>Κυρίου</span> <span class='ocrx_word' id='word_1_242' title='bbox 2360 1777 2518 1847; x_wconf 78' lang='grc' dir='ltr'>ἡμῶν</span> <span class='ocrx_word' id='word_1_243' title='bbox 2562 1777 2734 1848; x_wconf 77' lang='grc' dir='ltr'>Ἰησοῦ</span> <span class='ocrx_word' id='word_1_244' title='bbox 2766 1775 3003 1848; x_wconf 74' lang='grc' dir='ltr'>Χριστοῦ</span> <span class='ocrx_word' id='word_1_245' title='bbox 3033 1775 3372 1842; x_wconf 73' lang='grc' dir='ltr'>δεικνύμενοι</span> <span class='ocrx_word' id='word_1_246' title='bbox 3399 1773 3574 1842; x_wconf 84' lang='grc' dir='ltr'>σῶμα,</span> <span class='ocrx_word' id='word_1_247' title='bbox 3602 1772 3707 1840; x_wconf 77' lang='grc' dir='ltr'>τῆς</span> 
     </span>
    </p>
   </div>
   <div class='ocr_carea' id='block_1_37' title="bbox 2122 1862 3702 1938">
    <p class='ocr_par' dir='ltr' id='par_1_37' title="bbox 2122 1862 3702 1938">
     <span class='ocr_line' id='line_1_37' title="bbox 2122 1862 3702 1938; baseline -0.006 -17"><span class='ocrx_word' id='word_1_248' title='bbox 2122 1867 2287 1921; x_wconf 80' lang='grc' dir='ltr'>αὑτοῦ</span> <span class='ocrx_word' id='word_1_249' title='bbox 2311 1867 2467 1937; x_wconf 80' lang='grc' dir='ltr'>δόξης</span> <span class='ocrx_word' id='word_1_250' title='bbox 2497 1867 2819 1938; x_wconf 81' lang='grc' dir='ltr'>μετέχωμεν</span> <span class='ocrx_word' id='word_1_251' title='bbox 2840 1883 2854 1896; x_wconf 75' lang='grc' dir='ltr'><strong>ο</strong></span> <span class='ocrx_word' id='word_1_252' title='bbox 2897 1865 2994 1919; x_wconf 83' lang='grc' dir='ltr'>νῦν</span> <span class='ocrx_word' id='word_1_253' title='bbox 3021 1866 3115 1918; x_wconf 59' lang='grc' dir='ltr'><strong>καί⁵</strong></span> <span class='ocrx_word' id='word_1_254' title='bbox 3181 1864 3288 1928; x_wconf 75' lang='grc' dir='ltr'>ἀεὶ,</span> <span class='ocrx_word' id='word_1_255' title='bbox 3334 1863 3428 1916; x_wconf 77' lang='grc' dir='ltr'>καὶ</span> <span class='ocrx_word' id='word_1_256' title='bbox 3465 1863 3542 1926; x_wconf 83' lang='grc' dir='ltr'><strong>είς</strong></span> <span class='ocrx_word' id='word_1_257' title='bbox 3567 1862 3702 1923; x_wconf 79' lang='grc' dir='ltr'>τοὺς</span> 
     </span>
    </p>
   </div>
   <div class='ocr_carea' id='block_1_38' title="bbox 2129 1959 2965 2030">
    <p class='ocr_par' dir='ltr' id='par_1_38' title="bbox 2129 1959 2965 2030">
     <span class='ocr_line' id='line_1_38' title="bbox 2129 1959 2965 2030; baseline 0 -17"><span class='ocrx_word' id='word_1_258' title='bbox 2129 1961 2335 2024; x_wconf 84' lang='grc' dir='ltr'>αἰῶνας</span> <span class='ocrx_word' id='word_1_259' title='bbox 2357 1961 2465 2014; x_wconf 84' lang='grc' dir='ltr'><strong>τῶν</strong></span> <span class='ocrx_word' id='word_1_260' title='bbox 2497 1959 2730 2016; x_wconf 78' lang='grc' dir='ltr'>αἰώνων.</span> <span class='ocrx_word' id='word_1_261' title='bbox 2769 1960 2965 2030; x_wconf 84' lang='grc' dir='ltr'>Ἀμήν.</span> 
     </span>
    </p>
   </div>
   <div class='ocr_carea' id='block_1_39' title="bbox 431 2039 3711 2124">
    <p class='ocr_par' dir='ltr' id='par_1_39' title="bbox 431 2039 3711 2124">
     <span class='ocr_line' id='line_1_39' title="bbox 431 2039 3711 2124; baseline 0.001 -28"><span class='ocrx_word' id='word_1_262' title='bbox 431 2039 707 2097; x_wconf 81' lang='lat' dir='ltr'><strong>coniiciet.</strong></span> <span class='ocrx_word' id='word_1_263' title='bbox 752 2041 989 2098; x_wconf 82' lang='lat' dir='ltr'><strong>Prorsus</strong></span> <span class='ocrx_word' id='word_1_264' title='bbox 1021 2055 1200 2099; x_wconf 89' lang='lat' dir='ltr'><strong>autem</strong></span> <span class='ocrx_word' id='word_1_265' title='bbox 1233 2059 1445 2110; x_wconf 85' lang='lat' dir='ltr'><strong>Omnes,</strong></span> <span class='ocrx_word' id='word_1_266' title='bbox 1474 2047 1599 2101; x_wconf 80' lang='lat' dir='ltr'><strong>licet</strong></span> <span class='ocrx_word' id='word_1_267' title='bbox 1631 2045 1820 2100; x_wconf 85' lang='lat' dir='ltr'><strong>eadem</strong></span> <span class='ocrx_word' id='word_1_268' title='bbox 1850 2049 2006 2117; x_wconf 89' lang='lat' dir='ltr'><strong>copia</strong></span> <span class='ocrx_word' id='word_1_269' title='bbox 2085 2068 2194 2107; x_wconf 91' lang='lat' dir='ltr'><strong>non</strong></span> <span class='ocrx_word' id='word_1_270' title='bbox 2249 2053 2504 2109; x_wconf 91' lang='lat' dir='ltr'><strong>omnibus</strong></span> <span class='ocrx_word' id='word_1_271' title='bbox 2593 2063 2865 2124; x_wconf 90' lang='lat' dir='ltr'><strong>suppetat,</strong></span> <span class='ocrx_word' id='word_1_272' title='bbox 2939 2053 3134 2107; x_wconf 87' lang='lat' dir='ltr'><strong>stolam</strong></span> <span class='ocrx_word' id='word_1_273' title='bbox 3205 2064 3547 2105; x_wconf 87' lang='lat' dir='ltr'><strong>assumamus</strong></span> <span class='ocrx_word' id='word_1_274' title='bbox 3579 2086 3595 2112; x_wconf 81' lang='lat'><strong>,</strong></span> <span class='ocrx_word' id='word_1_275' title='bbox 3643 2052 3711 2099; x_wconf 86' lang='lat' dir='ltr'><strong>ut</strong></span> 
     </span>
    </p>
   </div>
   <div class='ocr_carea' id='block_1_40' title="bbox 431 2133 3711 2219">
    <p class='ocr_par' dir='ltr' id='par_1_40' title="bbox 431 2133 3711 2219">
     <span class='ocr_line' id='line_1_40' title="bbox 431 2133 3711 2219; baseline 0.003 -37"><span class='ocrx_word' id='word_1_276' title='bbox 431 2135 658 2205; x_wconf 79' lang='lat' dir='ltr'><strong>dignum</strong></span> <span class='ocrx_word' id='word_1_277' title='bbox 709 2133 921 2188; x_wconf 87' lang='lat' dir='ltr'><strong>Domini</strong></span> <span class='ocrx_word' id='word_1_278' title='bbox 971 2139 1141 2192; x_wconf 88' lang='lat' dir='ltr'><strong>nostri</strong></span> <span class='ocrx_word' id='word_1_279' title='bbox 1173 2136 1302 2193; x_wconf 84' lang='lat' dir='ltr'><strong>Jesu</strong></span> <span class='ocrx_word' id='word_1_280' title='bbox 1343 2139 1545 2196; x_wconf 79' lang='lat' dir='ltr'><strong>Christi</strong></span> <span class='ocrx_word' id='word_1_281' title='bbox 1578 2155 1779 2210; x_wconf 88' lang='lat' dir='ltr'><strong>corpus</strong></span> <span class='ocrx_word' id='word_1_282' title='bbox 1812 2139 2011 2210; x_wconf 84' lang='lat' dir='ltr'><strong>elfecti,</strong></span> <span class='ocrx_word' id='word_1_283' title='bbox 2053 2145 2244 2216; x_wconf 71' lang='lat' dir='ltr'><strong>gloriae</strong></span> <span class='ocrx_word' id='word_1_284' title='bbox 2270 2148 2456 2219; x_wconf 89' lang='lat' dir='ltr'><strong>ipsius</strong></span> <span class='ocrx_word' id='word_1_285' title='bbox 2478 2147 2777 2219; x_wconf 87' lang='lat' dir='ltr'><strong>participes</strong></span> <span class='ocrx_word' id='word_1_286' title='bbox 2803 2145 3141 2208; x_wconf 75' lang='lat' dir='ltr'><strong>reddantur,</strong></span> <span class='ocrx_word' id='word_1_287' title='bbox 3188 2158 3336 2198; x_wconf 90' lang='lat' dir='ltr'><strong>nunc</strong></span> <span class='ocrx_word' id='word_1_288' title='bbox 3386 2149 3440 2196; x_wconf 87' lang='lat' dir='ltr'><strong>et</strong></span> <span class='ocrx_word' id='word_1_289' title='bbox 3491 2152 3711 2206; x_wconf 85' lang='lat' dir='ltr'><strong>semper</strong></span> 
     </span>
    </p>
   </div>
   <div class='ocr_carea' id='block_1_41' title="bbox 433 2227 1419 2286">
    <p class='ocr_par' dir='ltr' id='par_1_41' title="bbox 433 2227 1419 2286">
     <span class='ocr_line' id='line_1_41' title="bbox 433 2227 1419 2286; baseline 0.004 -3"><span class='ocrx_word' id='word_1_290' title='bbox 433 2239 487 2283; x_wconf 88' lang='lat' dir='ltr'><strong>et</strong></span> <span class='ocrx_word' id='word_1_291' title='bbox 520 2227 577 2284; x_wconf 87' lang='lat' dir='ltr'><strong>in</strong></span> <span class='ocrx_word' id='word_1_292' title='bbox 606 2230 806 2286; x_wconf 72' lang='lat' dir='ltr'><strong>szecula</strong></span> <span class='ocrx_word' id='word_1_293' title='bbox 837 2231 1189 2286; x_wconf 65' lang='lat' dir='ltr'><strong>saeculorum.</strong></span> <span class='ocrx_word' id='word_1_294' title='bbox 1222 2233 1419 2286; x_wconf 82' lang='lat' dir='ltr'><strong>Amen.</strong></span> 
     </span>
    </p>
   </div>
   <div class='ocr_carea' id='block_1_42' title="bbox 1053 2389 1425 2446">
    <p class='ocr_par' dir='ltr' id='par_1_42' title="bbox 1053 2389 1425 2446">
     <span class='ocr_line' id='line_1_42' title="bbox 1053 2389 1425 2446; baseline 0 0"><span class='ocrx_word' id='word_1_295' title='bbox 1053 2389 1310 2446; x_wconf 75' lang='lat' dir='ltr'><strong>ORATIO</strong></span> <span class='ocrx_word' id='word_1_296' title='bbox 1337 2391 1425 2446; x_wconf 78' lang='lat' dir='ltr'><strong>IX.</strong></span> 
     </span>
    </p>
   </div>
   <div class='ocr_carea' id='block_1_43' title="bbox 434 2531 2001 2616">
    <p class='ocr_par' dir='ltr' id='par_1_43' title="bbox 434 2531 2001 2616">
     <span class='ocr_line' id='line_1_43' title="bbox 434 2531 2001 2616; baseline 0.004 -27"><span class='ocrx_word' id='word_1_297' title='bbox 434 2531 504 2589; x_wconf 86' lang='lat' dir='ltr'><strong>In</strong></span> <span class='ocrx_word' id='word_1_298' title='bbox 529 2533 1026 2616; x_wconf 46' lang='lat' dir='ltr'><strong>salutiferwfrucis</strong></span> <span class='ocrx_word' id='word_1_299' title='bbox 1061 2534 1459 2616; x_wconf 63' lang='lat' dir='ltr'><strong>exultationem.</strong></span> <span class='ocrx_word' id='word_1_300' title='bbox 1496 2553 1587 2605; x_wconf 85' lang='lat' dir='ltr'><strong>per</strong></span> <span class='ocrx_word' id='word_1_301' title='bbox 1611 2557 1765 2608; x_wconf 81' lang='lat' dir='ltr'><strong>quant</strong></span> <span class='ocrx_word' id='word_1_302' title='bbox 1806 2559 1838 2596; x_wconf 88' lang='lat' dir='ltr'><strong>a</strong></span> <span class='ocrx_word' id='word_1_303' title='bbox 1872 2557 2001 2596; x_wconf 76' lang='lat' dir='ltr'><strong>casu</strong></span> 
     </span>
    </p>
   </div>
   <div class='ocr_carea' id='block_1_44' title="bbox 751 2607 1683 2674">
    <p class='ocr_par' dir='ltr' id='par_1_44' title="bbox 751 2607 1683 2674">
     <span class='ocr_line' id='line_1_44' title="bbox 751 2607 1683 2674; baseline 0.011 -19"><span class='ocrx_word' id='word_1_304' title='bbox 751 2607 912 2674; x_wconf 82' lang='lat' dir='ltr'><strong>primi</strong></span> <span class='ocrx_word' id='word_1_305' title='bbox 939 2607 1175 2674; x_wconf 79' lang='lat' dir='ltr'><strong>parentis</strong></span> <span class='ocrx_word' id='word_1_306' title='bbox 1208 2608 1440 2660; x_wconf 73' lang='lat' dir='ltr'><strong>restituti</strong></span> <span class='ocrx_word' id='word_1_307' title='bbox 1476 2607 1683 2666; x_wconf 72' lang='lat' dir='ltr'><strong>sumus.</strong></span> 
     </span>
    </p>
   </div>
   <div class='ocr_carea' id='block_1_45' title="bbox 2719 2389 3062 2448">
    <p class='ocr_par' dir='ltr' id='par_1_45' title="bbox 2719 2389 3062 2448">
     <span class='ocr_line' id='line_1_45' title="bbox 2719 2389 3062 2448; baseline -0.015 0"><span class='ocrx_word' id='word_1_308' title='bbox 2719 2393 2952 2448; x_wconf 86' lang='grc' dir='ltr'><strong>ΛΟΓΟΣ·</strong></span> <span class='ocrx_word' id='word_1_309' title='bbox 2971 2389 3062 2444; x_wconf 77' lang='grc'><strong>6⁸.</strong></span> 
     </span>
    </p>
   </div>
   <div class='ocr_carea' id='block_1_46' title="bbox 2106 2528 3718 2605">
    <p class='ocr_par' dir='ltr' id='par_1_46' title="bbox 2106 2528 3718 2605">
     <span class='ocr_line' id='line_1_46' title="bbox 2106 2528 3718 2605; baseline -0.007 -13"><span class='ocrx_word' id='word_1_310' title='bbox 2106 2536 2212 2604; x_wconf 80' lang='grc' dir='ltr'><strong>Εἰς</strong></span> <span class='ocrx_word' id='word_1_311' title='bbox 2240 2535 2354 2605; x_wconf 80' lang='grc' dir='ltr'>τὴν</span> <span class='ocrx_word' id='word_1_312' title='bbox 2371 2536 2448 2590; x_wconf 80' lang='grc' dir='ltr'>δι’</span> <span class='ocrx_word' id='word_1_313' title='bbox 2473 2530 2544 2590; x_wconf 85' lang='grc' dir='ltr'>οὗ</span> <span class='ocrx_word' id='word_1_314' title='bbox 2573 2535 2678 2588; x_wconf 84' lang='grc' dir='ltr'>τοῦ</span> <span class='ocrx_word' id='word_1_315' title='bbox 2704 2532 3067 2602; x_wconf 72' lang='grc' dir='ltr'>προγονικοῦ</span> <span class='ocrx_word' id='word_1_316' title='bbox 3104 2531 3514 2605; x_wconf 46' lang='lat' dir='ltr'><strong>drop-diam!”</strong></span> <span class='ocrx_word' id='word_1_317' title='bbox 3551 2528 3718 2582; x_wconf 76' lang='grc' dir='ltr'>πτώ-</span> 
     </span>
    </p>
   </div>
   <div class='ocr_carea' id='block_1_47' title="bbox 2328 2602 3480 2674">
    <p class='ocr_par' dir='ltr' id='par_1_47' title="bbox 2328 2602 3480 2674">
     <span class='ocr_line' id='line_1_47' title="bbox 2328 2602 3480 2674; baseline -0.005 -14"><span class='ocrx_word' id='word_1_318' title='bbox 2328 2623 2520 2674; x_wconf 78' lang='grc' dir='ltr'>ματος</span> <span class='ocrx_word' id='word_1_319' title='bbox 2565 2606 2863 2672; x_wconf 77' lang='grc' dir='ltr'>σωτηρίου</span> <span class='ocrx_word' id='word_1_320' title='bbox 2905 2602 3174 2672; x_wconf 79' lang='grc' dir='ltr'>σταυροῦ</span> <span class='ocrx_word' id='word_1_321' title='bbox 3208 2602 3480 2670; x_wconf 72' lang='grc' dir='ltr'>ὕψωσιν.</span> 
     </span>
    </p>
   </div>
   <div class='ocr_carea' id='block_1_48' title="bbox 1479 2719 2667 2793">
    <p class='ocr_par' dir='ltr' id='par_1_48' title="bbox 1479 2719 2667 2793">
     <span class='ocr_line' id='line_1_48' title="bbox 1479 2719 2667 2793; baseline -0.003 -17"><span class='ocrx_word' id='word_1_322' title='bbox 1479 2722 1774 2793; x_wconf 75' lang='grc' dir='ltr'>(ϐιιετεειι.</span> <span class='ocrx_word' id='word_1_323' title='bbox 1813 2726 1900 2780; x_wconf 92' lang='lat' dir='ltr'><strong>ed.</strong></span> <span class='ocrx_word' id='word_1_324' title='bbox 1949 2723 2224 2779; x_wconf 82' lang='lat' dir='ltr'><strong>Ratisbon.</strong></span> <span class='ocrx_word' id='word_1_325' title='bbox 2267 2731 2310 2776; x_wconf 88' lang='lat' dir='ltr'><strong>t.</strong></span> <span class='ocrx_word' id='word_1_326' title='bbox 2345 2721 2478 2791; x_wconf 88' lang='lat' dir='ltr'><strong>ll,p.</strong></span> <span class='ocrx_word' id='word_1_327' title='bbox 2516 2719 2667 2788; x_wconf 71' lang='grc'><strong>102.)</strong></span> 
     </span>
    </p>
   </div>
   <div class='ocr_carea' id='block_1_49' title="bbox 506 2835 2014 2912">
    <p class='ocr_par' dir='ltr' id='par_1_49' title="bbox 506 2835 2014 2912">
     <span class='ocr_line' id='line_1_49' title="bbox 506 2835 2014 2912; baseline 0.003 -20"><span class='ocrx_word' id='word_1_328' title='bbox 506 2835 666 2893; x_wconf 82' lang='lat' dir='ltr'><strong>Prius</strong></span> <span class='ocrx_word' id='word_1_329' title='bbox 710 2853 834 2893; x_wconf 93' lang='lat' dir='ltr'><strong>cum</strong></span> <span class='ocrx_word' id='word_1_330' title='bbox 887 2837 1140 2893; x_wconf 75' lang='lat' dir='ltr'><strong>homines</strong></span> <span class='ocrx_word' id='word_1_331' title='bbox 1173 2837 1227 2892; x_wconf 93' lang='lat' dir='ltr'><strong>in</strong></span> <span class='ocrx_word' id='word_1_332' title='bbox 1270 2848 1531 2911; x_wconf 88' lang='lat' dir='ltr'><strong>perpetua</strong></span> <span class='ocrx_word' id='word_1_333' title='bbox 1563 2851 1616 2896; x_wconf 87' lang='lat' dir='ltr'><strong>et</strong></span> <span class='ocrx_word' id='word_1_334' title='bbox 1651 2852 1841 2898; x_wconf 90' lang='lat' dir='ltr'><strong>sancta</strong></span> <span class='ocrx_word' id='word_1_335' title='bbox 1878 2859 2014 2912; x_wconf 89' lang='lat' dir='ltr'><strong>qua-</strong></span> 
     </span>
    </p>
   </div>
   <div class='ocr_carea' id='block_1_50' title="bbox 435 2927 2016 3000">
    <p class='ocr_par' dir='ltr' id='par_1_50' title="bbox 435 2927 2016 3000">
     <span class='ocr_line' id='line_1_50' title="bbox 435 2927 2016 3000; baseline 0.001 -18"><span class='ocrx_word' id='word_1_336' title='bbox 435 2929 561 2982; x_wconf 85' lang='lat' dir='ltr'><strong>dam</strong></span> <span class='ocrx_word' id='word_1_337' title='bbox 591 2927 956 2983; x_wconf 74' lang='lat' dir='ltr'><strong>exsultatione</strong></span> <span class='ocrx_word' id='word_1_338' title='bbox 990 2936 1044 2982; x_wconf 89' lang='lat' dir='ltr'><strong>et</strong></span> <span class='ocrx_word' id='word_1_339' title='bbox 1099 2929 1376 2996; x_wconf 87' lang='lat' dir='ltr'><strong>voluptate</strong></span> <span class='ocrx_word' id='word_1_340' title='bbox 1421 2929 1586 2983; x_wconf 86' lang='lat' dir='ltr'><strong>vitam</strong></span> <span class='ocrx_word' id='word_1_341' title='bbox 1624 2940 1869 3000; x_wconf 77' lang='lat' dir='ltr'><strong>agerent,</strong></span> <span class='ocrx_word' id='word_1_342' title='bbox 1917 2931 2016 3000; x_wconf 77' lang='lat' dir='ltr'><strong>lig-</strong></span> 
     </span>
    </p>
   </div>
   <div class='ocr_carea' id='block_1_51' title="bbox 436 3019 2016 3089">
    <p class='ocr_par' dir='ltr' id='par_1_51' title="bbox 436 3019 2016 3089">
     <span class='ocr_line' id='line_1_51' title="bbox 436 3019 2016 3089; baseline 0.001 -15"><span class='ocrx_word' id='word_1_343' title='bbox 436 3035 566 3075; x_wconf 84' lang='lat' dir='ltr'><strong>num</strong></span> <span class='ocrx_word' id='word_1_344' title='bbox 593 3019 800 3073; x_wconf 89' lang='lat' dir='ltr'><strong>doloris</strong></span> <span class='ocrx_word' id='word_1_345' title='bbox 817 3026 870 3072; x_wconf 89' lang='lat' dir='ltr'><strong>et</strong></span> <span class='ocrx_word' id='word_1_346' title='bbox 904 3020 1163 3073; x_wconf 71' lang='lat' dir='ltr'><strong>mteroris</strong></span> <span class='ocrx_word' id='word_1_347' title='bbox 1185 3035 1408 3074; x_wconf 79' lang='lat' dir='ltr'><strong>causam</strong></span> <span class='ocrx_word' id='word_1_348' title='bbox 1451 3021 1706 3089; x_wconf 79' lang='lat' dir='ltr'><strong>praebuit.</strong></span> <span class='ocrx_word' id='word_1_349' title='bbox 1739 3020 1856 3075; x_wconf 86' lang='lat' dir='ltr'><strong>Jam</strong></span> <span class='ocrx_word' id='word_1_350' title='bbox 1889 3037 2016 3075; x_wconf 79' lang='lat' dir='ltr'><strong>vero</strong></span> 
     </span>
    </p>
   </div>
   <div class='ocr_carea' id='block_1_52' title="bbox 439 3109 2020 3179">
    <p class='ocr_par' dir='ltr' id='par_1_52' title="bbox 439 3109 2020 3179">
     <span class='ocr_line' id='line_1_52' title="bbox 439 3109 2020 3179; baseline 0.002 -15"><span class='ocrx_word' id='word_1_351' title='bbox 439 3120 790 3166; x_wconf 86' lang='lat' dir='ltr'><strong>sacrosancta</strong></span> <span class='ocrx_word' id='word_1_352' title='bbox 819 3109 1088 3166; x_wconf 77' lang='lat' dir='ltr'><strong>festivitas</strong></span> <span class='ocrx_word' id='word_1_353' title='bbox 1133 3111 1277 3179; x_wconf 83' lang='lat' dir='ltr'><strong>ligno</strong></span> <span class='ocrx_word' id='word_1_354' title='bbox 1321 3123 1668 3173; x_wconf 86' lang='lat' dir='ltr'><strong>consecrata,</strong></span> <span class='ocrx_word' id='word_1_355' title='bbox 1709 3115 1855 3167; x_wconf 88' lang='lat' dir='ltr'><strong>velut</strong></span> <span class='ocrx_word' id='word_1_356' title='bbox 1883 3115 2020 3167; x_wconf 90' lang='lat' dir='ltr'><strong>luci—</strong></span> 
     </span>
    </p>
   </div>
   <div class='ocr_carea' id='block_1_53' title="bbox 439 3201 2015 3272">
    <p class='ocr_par' dir='ltr' id='par_1_53' title="bbox 439 3201 2015 3272">
     <span class='ocr_line' id='line_1_53' title="bbox 439 3201 2015 3272; baseline 0.002 -18"><span class='ocrx_word' id='word_1_357' title='bbox 439 3202 545 3267; x_wconf 87' lang='lat' dir='ltr'><strong>fer,</strong></span> <span class='ocrx_word' id='word_1_358' title='bbox 586 3201 790 3254; x_wconf 90' lang='lat' dir='ltr'><strong>mundo</strong></span> <span class='ocrx_word' id='word_1_359' title='bbox 822 3203 1099 3264; x_wconf 78' lang='lat' dir='ltr'><strong>exoriens,</strong></span> <span class='ocrx_word' id='word_1_360' title='bbox 1131 3202 1322 3271; x_wconf 89' lang='lat' dir='ltr'><strong>procul</strong></span> <span class='ocrx_word' id='word_1_361' title='bbox 1357 3203 1504 3270; x_wconf 84' lang='lat' dir='ltr'><strong>pellit</strong></span> <span class='ocrx_word' id='word_1_362' title='bbox 1531 3211 1586 3257; x_wconf 93' lang='lat' dir='ltr'><strong>et</strong></span> <span class='ocrx_word' id='word_1_363' title='bbox 1620 3203 1770 3272; x_wconf 88' lang='lat' dir='ltr'><strong>fugat</strong></span> <span class='ocrx_word' id='word_1_364' title='bbox 1798 3219 2015 3258; x_wconf 82' lang='lat' dir='ltr'><strong>omnem</strong></span> 
     </span>
    </p>
   </div>
   <div class='ocr_carea' id='block_1_54' title="bbox 2190 2831 3715 2910">
    <p class='ocr_par' dir='ltr' id='par_1_54' title="bbox 2190 2831 3715 2910">
     <span class='ocr_line' id='line_1_54' title="bbox 2190 2831 3715 2910; baseline -0.006 -17"><span class='ocrx_word' id='word_1_365' title='bbox 2190 2837 2462 2910; x_wconf 87' lang='grc' dir='ltr'>Πρότερον</span> <span class='ocrx_word' id='word_1_366' title='bbox 2488 2838 2544 2890; x_wconf 80' lang='grc' dir='ltr'>ὲν</span> <span class='ocrx_word' id='word_1_367' title='bbox 2593 2837 2716 2907; x_wconf 74' lang='grc' dir='ltr'>ἱερᾷ</span> <span class='ocrx_word' id='word_1_368' title='bbox 2750 2835 3051 2903; x_wconf 81' lang='grc' dir='ltr'>διαγόντων</span> <span class='ocrx_word' id='word_1_369' title='bbox 3090 2832 3393 2903; x_wconf 85' lang='grc' dir='ltr'>ἀνθρώπων</span> <span class='ocrx_word' id='word_1_370' title='bbox 3447 2831 3715 2900; x_wconf 80' lang='grc' dir='ltr'>ἀγαλλιά-</span> 
     </span>
    </p>
   </div>
   <div class='ocr_carea' id='block_1_55' title="bbox 2124 2923 3712 2998">
    <p class='ocr_par' dir='ltr' id='par_1_55' title="bbox 2124 2923 3712 2998">
     <span class='ocr_line' id='line_1_55' title="bbox 2124 2923 3712 2998; baseline -0.003 -14"><span class='ocrx_word' id='word_1_371' title='bbox 2124 2949 2226 2994; x_wconf 86' lang='grc' dir='ltr'>σει,</span> <span class='ocrx_word' id='word_1_372' title='bbox 2262 2930 2438 2998; x_wconf 83' lang='grc' dir='ltr'>λύπης</span> <span class='ocrx_word' id='word_1_373' title='bbox 2467 2929 2562 2982; x_wconf 67' lang='grc' dir='ltr'>καὶ</span> <span class='ocrx_word' id='word_1_374' title='bbox 2595 2928 2896 2998; x_wconf 80' lang='grc' dir='ltr'>κατηφείας</span> <span class='ocrx_word' id='word_1_375' title='bbox 2921 2925 3177 2979; x_wconf 84' lang='grc' dir='ltr'>ὑπόθεσιν</span> <span class='ocrx_word' id='word_1_376' title='bbox 3197 2925 3503 2994; x_wconf 74' lang='grc' dir='ltr'>ἐχορήγησε</span> <span class='ocrx_word' id='word_1_377' title='bbox 3527 2923 3712 2989; x_wconf 69' lang='grc' dir='ltr'>ξύλονδ</span> 
     </span>
    </p>
   </div>
   <div class='ocr_carea' id='block_1_56' title="bbox 2123 3016 3714 3090">
    <p class='ocr_par' dir='ltr' id='par_1_56' title="bbox 2123 3016 3714 3090">
     <span class='ocr_line' id='line_1_56' title="bbox 2123 3016 3714 3090; baseline -0.008 -10"><span class='ocrx_word' id='word_1_378' title='bbox 2123 3025 2217 3080; x_wconf 79' lang='grc' dir='ltr'><strong>νῦν</strong></span> <span class='ocrx_word' id='word_1_379' title='bbox 2246 3024 2302 3077; x_wconf 84' lang='grc' dir='ltr'><strong>δὲ</strong></span> <span class='ocrx_word' id='word_1_380' title='bbox 2351 3023 2440 3075; x_wconf 85' lang='grc' dir='ltr'><strong>διὰ</strong></span> <span class='ocrx_word' id='word_1_381' title='bbox 2472 3022 2630 3086; x_wconf 84' lang='grc' dir='ltr'>ξύλου</span> <span class='ocrx_word' id='word_1_382' title='bbox 2662 3023 2972 3090; x_wconf 87' lang='grc' dir='ltr'>πανήγυρις</span> <span class='ocrx_word' id='word_1_383' title='bbox 2996 3018 3137 3088; x_wconf 83' lang='grc' dir='ltr'>ίερά,</span> <span class='ocrx_word' id='word_1_384' title='bbox 3162 3017 3349 3087; x_wconf 82' lang='grc' dir='ltr'>ὥσπερ</span> <span class='ocrx_word' id='word_1_385' title='bbox 3376 3033 3460 3080; x_wconf 88' lang='grc' dir='ltr'><strong>τις</strong></span> <span class='ocrx_word' id='word_1_386' title='bbox 3493 3016 3714 3085; x_wconf 77' lang='grc' dir='ltr'>ἑωσφό-</span> 
     </span>
    </p>
   </div>
   <div class='ocr_carea' id='block_1_57' title="bbox 2129 3103 3718 3187">
    <p class='ocr_par' dir='ltr' id='par_1_57' title="bbox 2129 3103 3718 3187">
     <span class='ocr_line' id='line_1_57' title="bbox 2129 3103 3718 3187; baseline -0.006 -18"><span class='ocrx_word' id='word_1_387' title='bbox 2129 3133 2220 3187; x_wconf 87' lang='grc' dir='ltr'><strong>ρος</strong></span> <span class='ocrx_word' id='word_1_388' title='bbox 2253 3115 2620 3169; x_wconf 81' lang='grc' dir='ltr'>ἀνατέλλουσα</span> <span class='ocrx_word' id='word_1_389' title='bbox 2669 3103 2878 3184; x_wconf 86' lang='grc' dir='ltr'>κόσμῳ,</span> <span class='ocrx_word' id='word_1_390' title='bbox 2914 3112 2975 3166; x_wconf 82' lang='grc' dir='ltr'>τὸ</span> <span class='ocrx_word' id='word_1_391' title='bbox 3018 3110 3245 3180; x_wconf 80' lang='grc' dir='ltr'>στυγνὸν</span> <span class='ocrx_word' id='word_1_392' title='bbox 3281 3107 3575 3162; x_wconf 86' lang='grc' dir='ltr'>ἀποδιώκει</span> <span class='ocrx_word' id='word_1_393' title='bbox 3609 3108 3718 3178; x_wconf 85' lang='grc' dir='ltr'>τῆς</span> 
     </span>
    </p>
   </div>
   <div class='ocr_carea' id='block_1_58' title="bbox 2121 3200 3720 3278">
    <p class='ocr_par' dir='ltr' id='par_1_58' title="bbox 2121 3200 3720 3278">
     <span class='ocr_line' id='line_1_58' title="bbox 2121 3200 3720 3278; baseline -0.004 -17"><span class='ocrx_word' id='word_1_394' title='bbox 2121 3208 2446 3278; x_wconf 57' lang='grc' dir='ltr'>κατηφείας</span> <span class='ocrx_word' id='word_1_395' title='bbox 2472 3208 2567 3259; x_wconf 62' lang='grc' dir='ltr'><strong>καὶ⁴</strong></span> <span class='ocrx_word' id='word_1_396' title='bbox 2589 3205 2759 3259; x_wconf 83' lang='grc' dir='ltr'>πάλαι</span> <span class='ocrx_word' id='word_1_397' title='bbox 2791 3205 2888 3276; x_wconf 87' lang='grc' dir='ltr'><strong>μὲν</strong></span> <span class='ocrx_word' id='word_1_398' title='bbox 2911 3201 3213 3273; x_wconf 81' lang='grc' dir='ltr'>ἐγυμνοῦτο</span> <span class='ocrx_word' id='word_1_399' title='bbox 3233 3201 3378 3254; x_wconf 85' lang='grc' dir='ltr'>θείου</span> <span class='ocrx_word' id='word_1_400' title='bbox 3401 3200 3720 3270; x_wconf 85' lang='grc' dir='ltr'>ἀξιώματος</span> 
     </span>
    </p>
   </div>
   <div class='ocr_carea' id='block_1_59' title="bbox 436 3291 2018 3372">
    <p class='ocr_par' dir='ltr' id='par_1_59' title="bbox 436 3291 2018 3363">
     <span class='ocr_line' id='line_1_59' title="bbox 436 3291 2018 3363; baseline 0.003 -17"><span class='ocrx_word' id='word_1_401' title='bbox 436 3293 682 3348; x_wconf 71' lang='lat' dir='ltr'><strong>tristitiae</strong></span> <span class='ocrx_word' id='word_1_402' title='bbox 711 3307 1023 3346; x_wconf 77' lang='lat' dir='ltr'><strong>mterorem.</strong></span> <span class='ocrx_word' id='word_1_403' title='bbox 1052 3291 1114 3345; x_wconf 88' lang='lat' dir='ltr'><strong>Et</strong></span> <span class='ocrx_word' id='word_1_404' title='bbox 1136 3293 1261 3346; x_wconf 90' lang='lat' dir='ltr'><strong>olim</strong></span> <span class='ocrx_word' id='word_1_405' title='bbox 1288 3293 1507 3362; x_wconf 84' lang='lat' dir='ltr'><strong>quidem</strong></span> <span class='ocrx_word' id='word_1_406' title='bbox 1530 3293 1714 3348; x_wconf 82' lang='lat' dir='ltr'><strong>divina</strong></span> <span class='ocrx_word' id='word_1_407' title='bbox 1752 3295 2018 3363; x_wconf 80' lang='lat' dir='ltr'><strong>dignitate</strong></span> 
     </span>
    </p>
   </div>
   <div class='ocr_carea' id='block_1_60' title="bbox 2125 3291 3719 3372">
    <p class='ocr_par' dir='ltr' id='par_1_60' title="bbox 2125 3293 3719 3372">
     <span class='ocr_line' id='line_1_60' title="bbox 2125 3293 3719 3372; baseline -0.006 -16"><span class='ocrx_word' id='word_1_408' title='bbox 2125 3302 2420 3372; x_wconf 76' lang='grc' dir='ltr'>Ξνθρωπος,</span> <span class='ocrx_word' id='word_1_409' title='bbox 2437 3300 2526 3354; x_wconf 86' lang='grc' dir='ltr'><strong>διά</strong></span> <span class='ocrx_word' id='word_1_410' title='bbox 2547 3299 2726 3364; x_wconf 82' lang='grc' dir='ltr'>ξύλου,</span> <span class='ocrx_word' id='word_1_411' title='bbox 2750 3298 2865 3370; x_wconf 78' lang='grc' dir='ltr'>[νῦν</span> <span class='ocrx_word' id='word_1_412' title='bbox 2877 3295 2956 3368; x_wconf 80' lang='grc' dir='ltr'><strong>δὲ]</strong></span> <span class='ocrx_word' id='word_1_413' title='bbox 2981 3298 3073 3350; x_wconf 75' lang='grc' dir='ltr'><strong>καὶ</strong></span> <span class='ocrx_word' id='word_1_414' title='bbox 3089 3297 3150 3350; x_wconf 78' lang='grc' dir='ltr'>τὸ</span> <span class='ocrx_word' id='word_1_415' title='bbox 3166 3296 3308 3349; x_wconf 83' lang='grc' dir='ltr'>θεῖον</span> <span class='ocrx_word' id='word_1_416' title='bbox 3331 3293 3719 3364; x_wconf 75' lang='grc' dir='ltr'>ἀπολαμϐάνει</span> 
     </span>
    </p>
   </div>
   <div class='ocr_carea' id='block_1_61' title="bbox 438 3387 2016 3458">
    <p class='ocr_par' dir='ltr' id='par_1_61' title="bbox 438 3387 2016 3458">
     <span class='ocr_line' id='line_1_61' title="bbox 438 3387 2016 3458; baseline 0.001 -18"><span class='ocrx_word' id='word_1_417' title='bbox 438 3387 707 3454; x_wconf 85' lang='lat' dir='ltr'><strong>spoliatus</strong></span> <span class='ocrx_word' id='word_1_418' title='bbox 741 3395 826 3440; x_wconf 84' lang='lat' dir='ltr'><strong>est</strong></span> <span class='ocrx_word' id='word_1_419' title='bbox 859 3387 1020 3440; x_wconf 86' lang='lat' dir='ltr'><strong>homo</strong></span> <span class='ocrx_word' id='word_1_420' title='bbox 1069 3402 1166 3456; x_wconf 87' lang='lat' dir='ltr'><strong>per</strong></span> <span class='ocrx_word' id='word_1_421' title='bbox 1213 3387 1417 3458; x_wconf 84' lang='lat' dir='ltr'><strong>lignum</strong></span> <span class='ocrx_word' id='word_1_422' title='bbox 1457 3405 1471 3452; x_wconf 89' lang='lat'><strong>;</strong></span> <span class='ocrx_word' id='word_1_423' title='bbox 1518 3402 1664 3442; x_wconf 87' lang='lat' dir='ltr'><strong>nunc</strong></span> <span class='ocrx_word' id='word_1_424' title='bbox 1696 3395 1877 3442; x_wconf 88' lang='lat' dir='ltr'><strong>autem</strong></span> <span class='ocrx_word' id='word_1_425' title='bbox 1921 3404 2016 3457; x_wconf 88' lang='lat' dir='ltr'><strong>per</strong></span> 
     </span>
    </p>
   </div>
   <div class='ocr_carea' id='block_1_62' title="bbox 439 3475 2018 3548">
    <p class='ocr_par' dir='ltr' id='par_1_62' title="bbox 439 3475 2018 3548">
     <span class='ocr_line' id='line_1_62' title="bbox 439 3475 2018 3548; baseline 0.002 -18"><span class='ocrx_word' id='word_1_426' title='bbox 439 3477 648 3547; x_wconf 80' lang='lat' dir='ltr'><strong>lignum</strong></span> <span class='ocrx_word' id='word_1_427' title='bbox 699 3475 940 3530; x_wconf 84' lang='lat' dir='ltr'><strong>divinam</strong></span> <span class='ocrx_word' id='word_1_428' title='bbox 969 3478 1290 3547; x_wconf 83' lang='lat' dir='ltr'><strong>dignitatem</strong></span> <span class='ocrx_word' id='word_1_429' title='bbox 1340 3479 1552 3546; x_wconf 84' lang='lat' dir='ltr'><strong>recipit,</strong></span> <span class='ocrx_word' id='word_1_430' title='bbox 1594 3487 1650 3533; x_wconf 85' lang='lat' dir='ltr'><strong>et</strong></span> <span class='ocrx_word' id='word_1_431' title='bbox 1685 3480 1751 3533; x_wconf 92' lang='lat' dir='ltr'><strong>ad</strong></span> <span class='ocrx_word' id='word_1_432' title='bbox 1788 3481 2018 3548; x_wconf 88' lang='lat' dir='ltr'><strong>patriam</strong></span> 
     </span>
    </p>
   </div>
   <div class='ocr_carea' id='block_1_63' title="bbox 441 3569 2016 3640">
    <p class='ocr_par' dir='ltr' id='par_1_63' title="bbox 441 3569 2016 3640">
     <span class='ocr_line' id='line_1_63' title="bbox 441 3569 2016 3640; baseline 0.004 -18"><span class='ocrx_word' id='word_1_433' title='bbox 441 3571 756 3625; x_wconf 83' lang='lat' dir='ltr'><strong>revertitur.</strong></span> <span class='ocrx_word' id='word_1_434' title='bbox 783 3569 942 3625; x_wconf 84' lang='lat' dir='ltr'><strong>Prius</strong></span> <span class='ocrx_word' id='word_1_435' title='bbox 967 3571 1096 3640; x_wconf 85' lang='lat' dir='ltr'><strong>ligni</strong></span> <span class='ocrx_word' id='word_1_436' title='bbox 1125 3570 1338 3626; x_wconf 82' lang='lat' dir='ltr'><strong>fructus</strong></span> <span class='ocrx_word' id='word_1_437' title='bbox 1366 3587 1532 3626; x_wconf 88' lang='lat' dir='ltr'><strong>causa</strong></span> <span class='ocrx_word' id='word_1_438' title='bbox 1557 3574 1748 3628; x_wconf 80' lang='lat' dir='ltr'><strong>mortis</strong></span> <span class='ocrx_word' id='word_1_439' title='bbox 1777 3574 2016 3628; x_wconf 74' lang='lat' dir='ltr'><strong>exstitit:</strong></span> 
     </span>
    </p>
   </div>
   <div class='ocr_carea' id='block_1_64' title="bbox 438 3664 2021 3735">
    <p class='ocr_par' dir='ltr' id='par_1_64' title="bbox 438 3664 2021 3735">
     <span class='ocr_line' id='line_1_64' title="bbox 438 3664 2021 3735; baseline 0.002 -19"><span class='ocrx_word' id='word_1_440' title='bbox 438 3679 505 3717; x_wconf 83' lang='lat' dir='ltr'><strong>ex</strong></span> <span class='ocrx_word' id='word_1_441' title='bbox 546 3679 655 3733; x_wconf 88' lang='lat' dir='ltr'><strong>quo</strong></span> <span class='ocrx_word' id='word_1_442' title='bbox 689 3667 833 3717; x_wconf 86' lang='lat' dir='ltr'><strong>enim</strong></span> <span class='ocrx_word' id='word_1_443' title='bbox 865 3679 1000 3718; x_wconf 79' lang='lat' dir='ltr'><strong>crux</strong></span> <span class='ocrx_word' id='word_1_444' title='bbox 1043 3664 1262 3729; x_wconf 88' lang='lat' dir='ltr'><strong>enituit,</strong></span> <span class='ocrx_word' id='word_1_445' title='bbox 1316 3679 1464 3718; x_wconf 89' lang='lat' dir='ltr'><strong>mors</strong></span> <span class='ocrx_word' id='word_1_446' title='bbox 1497 3673 1550 3719; x_wconf 88' lang='lat' dir='ltr'><strong>et</strong></span> <span class='ocrx_word' id='word_1_447' title='bbox 1579 3668 1859 3735; x_wconf 87' lang='lat' dir='ltr'><strong>corruptio</strong></span> <span class='ocrx_word' id='word_1_448' title='bbox 1889 3682 2021 3720; x_wconf 87' lang='lat' dir='ltr'><strong>cou-</strong></span> 
     </span>
    </p>
   </div>
   <div class='ocr_carea' id='block_1_65' title="bbox 440 3737 2076 3828">
    <p class='ocr_par' dir='ltr' id='par_1_65' title="bbox 440 3737 2076 3828">
     <span class='ocr_line' id='line_1_65' title="bbox 440 3737 2076 3828; baseline 0.002 -19"><span class='ocrx_word' id='word_1_449' title='bbox 440 3755 668 3809; x_wconf 70' lang='lat' dir='ltr'><strong>culcata:</strong></span> <span class='ocrx_word' id='word_1_450' title='bbox 721 3766 904 3820; x_wconf 88' lang='lat' dir='ltr'><strong>sunt;</strong></span> <span class='ocrx_word' id='word_1_451' title='bbox 963 3757 1308 3826; x_wconf 87' lang='lat' dir='ltr'><strong>incorruplio</strong></span> <span class='ocrx_word' id='word_1_452' title='bbox 1357 3766 1566 3826; x_wconf 82' lang='lat' dir='ltr'><strong>regnat.</strong></span> <span class='ocrx_word' id='word_1_453' title='bbox 1626 3756 1691 3810; x_wconf 89' lang='lat' dir='ltr'><strong>Et</strong></span> <span class='ocrx_word' id='word_1_454' title='bbox 1742 3759 2024 3828; x_wconf 85' lang='lat' dir='ltr'><strong>improbus</strong></span> <span class='ocrx_word' id='word_1_455' title='bbox 2072 3737 2076 3742; x_wconf 28' lang='lat'>&#39;</span> 
     </span>
    </p>
   </div>
   <div class='ocr_carea' id='block_1_66' title="bbox 442 3845 2025 3917">
    <p class='ocr_par' dir='ltr' id='par_1_66' title="bbox 442 3845 2025 3917">
     <span class='ocr_line' id='line_1_66' title="bbox 442 3845 2025 3917; baseline 0.001 -17"><span class='ocrx_word' id='word_1_456' title='bbox 442 3845 660 3917; x_wconf 88' lang='lat' dir='ltr'><strong>quidem</strong></span> <span class='ocrx_word' id='word_1_457' title='bbox 698 3846 912 3901; x_wconf 66' lang='lat' dir='ltr'><strong>daemon</strong></span> <span class='ocrx_word' id='word_1_458' title='bbox 948 3863 1046 3916; x_wconf 88' lang='lat' dir='ltr'><strong>pro</strong></span> <span class='ocrx_word' id='word_1_459' title='bbox 1077 3863 1202 3902; x_wconf 87' lang='lat' dir='ltr'><strong>esca</strong></span> <span class='ocrx_word' id='word_1_460' title='bbox 1235 3848 1478 3902; x_wconf 89' lang='lat' dir='ltr'><strong>abutitur</strong></span> <span class='ocrx_word' id='word_1_461' title='bbox 1505 3849 1676 3917; x_wconf 87' lang='lat' dir='ltr'><strong>ligno.</strong></span> <span class='ocrx_word' id='word_1_462' title='bbox 1706 3857 1758 3903; x_wconf 91' lang='lat' dir='ltr'><strong>et</strong></span> <span class='ocrx_word' id='word_1_463' title='bbox 1796 3851 2025 3916; x_wconf 73' lang='lat' dir='ltr'><strong>flgmeu~</strong></span> 
     </span>
    </p>
   </div>
   <div class='ocr_carea' id='block_1_67' title="bbox 445 3939 2026 4007">
    <p class='ocr_par' dir='ltr' id='par_1_67' title="bbox 445 3939 2026 4007">
     <span class='ocr_line' id='line_1_67' title="bbox 445 3939 2026 4007; baseline 0.001 -15"><span class='ocrx_word' id='word_1_464' title='bbox 445 3948 583 4002; x_wconf 92' lang='lat' dir='ltr'><strong>tum,</strong></span> <span class='ocrx_word' id='word_1_465' title='bbox 613 3939 756 4007; x_wconf 86' lang='lat' dir='ltr'><strong>quod</strong></span> <span class='ocrx_word' id='word_1_466' title='bbox 796 3953 896 3992; x_wconf 93' lang='lat' dir='ltr'><strong>usu</strong></span> <span class='ocrx_word' id='word_1_467' title='bbox 933 3945 988 3990; x_wconf 89' lang='lat' dir='ltr'><strong>et</strong></span> <span class='ocrx_word' id='word_1_468' title='bbox 1020 3939 1360 4006; x_wconf 77' lang='lat' dir='ltr'><strong>experientia</strong></span> <span class='ocrx_word' id='word_1_469' title='bbox 1401 3945 1592 3992; x_wconf 88' lang='lat' dir='ltr'><strong>rerum’</strong></span> <span class='ocrx_word' id='word_1_470' title='bbox 1613 3939 1852 3992; x_wconf 88' lang='lat' dir='ltr'><strong>nondum</strong></span> <span class='ocrx_word' id='word_1_471' title='bbox 1881 3941 2026 3994; x_wconf 78' lang='lat' dir='ltr'><strong>vale-</strong></span> 
     </span>
    </p>
   </div>
   <div class='ocr_carea' id='block_1_68' title="bbox 446 4031 2022 4100">
    <p class='ocr_par' dir='ltr' id='par_1_68' title="bbox 446 4031 2022 4100">
     <span class='ocr_line' id='line_1_68' title="bbox 446 4031 2022 4100; baseline 0 -13"><span class='ocrx_word' id='word_1_472' title='bbox 446 4032 562 4095; x_wconf 84' lang='lat' dir='ltr'><strong>bat,</strong></span> <span class='ocrx_word' id='word_1_473' title='bbox 617 4031 804 4085; x_wconf 88' lang='lat' dir='ltr'><strong>fraude</strong></span> <span class='ocrx_word' id='word_1_474' title='bbox 859 4031 1078 4099; x_wconf 84' lang='lat' dir='ltr'><strong>spoliat.</strong></span> <span class='ocrx_word' id='word_1_475' title='bbox 1133 4038 1187 4082; x_wconf 91' lang='lat' dir='ltr'><strong>et</strong></span> <span class='ocrx_word' id='word_1_476' title='bbox 1238 4047 1300 4084; x_wconf 80' lang='lat' dir='ltr'><strong>ex</strong></span> <span class='ocrx_word' id='word_1_477' title='bbox 1330 4031 1586 4100; x_wconf 89' lang='lat' dir='ltr'><strong>paradiso</strong></span> <span class='ocrx_word' id='word_1_478' title='bbox 1634 4033 2022 4087; x_wconf 85' lang='lat' dir='ltr'><strong>miserabiliter</strong></span> 
     </span>
    </p>
   </div>
   <div class='ocr_carea' id='block_1_69' title="bbox 445 4123 2022 4193">
    <p class='ocr_par' dir='ltr' id='par_1_69' title="bbox 445 4123 2022 4193">
     <span class='ocr_line' id='line_1_69' title="bbox 445 4123 2022 4193; baseline -0.001 -13"><span class='ocrx_word' id='word_1_479' title='bbox 445 4123 704 4180; x_wconf 78' lang='lat' dir='ltr'><strong>extrahit.</strong></span> <span class='ocrx_word' id='word_1_480' title='bbox 737 4123 806 4175; x_wconf 86' lang='lat' dir='ltr'><strong>At</strong></span> <span class='ocrx_word' id='word_1_481' title='bbox 829 4123 1291 4178; x_wconf 89' lang='lat' dir='ltr'><strong>clementissimus</strong></span> <span class='ocrx_word' id='word_1_482' title='bbox 1322 4123 1585 4178; x_wconf 83' lang='lat' dir='ltr'><strong>Dominus</strong></span> <span class='ocrx_word' id='word_1_483' title='bbox 1610 4123 1813 4193; x_wconf 85' lang='lat' dir='ltr'><strong>lignum</strong></span> <span class='ocrx_word' id='word_1_484' title='bbox 1840 4125 2022 4189; x_wconf 90' lang='lat' dir='ltr'><strong>nobis,</strong></span> 
     </span>
    </p>
   </div>
   <div class='ocr_carea' id='block_1_70' title="bbox 445 4211 2016 4281">
    <p class='ocr_par' dir='ltr' id='par_1_70' title="bbox 445 4211 2016 4281">
     <span class='ocr_line' id='line_1_70' title="bbox 445 4211 2016 4281; baseline -0.001 -12"><span class='ocrx_word' id='word_1_485' title='bbox 445 4223 508 4269; x_wconf 89' lang='lat' dir='ltr'><strong>ut</strong></span> <span class='ocrx_word' id='word_1_486' title='bbox 536 4216 607 4270; x_wconf 89' lang='lat' dir='ltr'><strong>sit</strong></span> <span class='ocrx_word' id='word_1_487' title='bbox 641 4213 835 4268; x_wconf 91' lang='lat' dir='ltr'><strong>salutis</strong></span> <span class='ocrx_word' id='word_1_488' title='bbox 866 4222 1142 4266; x_wconf 89' lang='lat' dir='ltr'><strong>armatura</strong></span> <span class='ocrx_word' id='word_1_489' title='bbox 1169 4253 1184 4278; x_wconf 86' lang='lat'><strong>,</strong></span> <span class='ocrx_word' id='word_1_490' title='bbox 1217 4213 1404 4277; x_wconf 89' lang='lat' dir='ltr'><strong>donat,</strong></span> <span class='ocrx_word' id='word_1_491' title='bbox 1439 4211 1732 4281; x_wconf 79' lang='lat' dir='ltr'><strong>efﬁcitque,</strong></span> <span class='ocrx_word' id='word_1_492' title='bbox 1772 4222 1832 4266; x_wconf 90' lang='lat' dir='ltr'><strong>ut</strong></span> <span class='ocrx_word' id='word_1_493' title='bbox 1867 4213 2016 4268; x_wconf 90' lang='lat' dir='ltr'><strong>illius</strong></span> 
     </span>
    </p>
   </div>
   <div class='ocr_carea' id='block_1_71' title="bbox 2125 3388 3720 3465">
    <p class='ocr_par' dir='ltr' id='par_1_71' title="bbox 2125 3388 3720 3465">
     <span class='ocr_line' id='line_1_71' title="bbox 2125 3388 3720 3465; baseline -0.007 -17"><span class='ocrx_word' id='word_1_494' title='bbox 2125 3395 2364 3463; x_wconf 84' lang='grc' dir='ltr'>ἀξίωμα,</span> <span class='ocrx_word' id='word_1_495' title='bbox 2394 3393 2647 3465; x_wconf 77' lang='grc' dir='ltr'>καὶπρὸς</span> <span class='ocrx_word' id='word_1_496' title='bbox 2671 3393 2769 3462; x_wconf 84' lang='grc' dir='ltr'><strong>τὴν</strong></span> <span class='ocrx_word' id='word_1_497' title='bbox 2801 3391 3040 3460; x_wconf 87' lang='grc' dir='ltr'>πατρίδα</span> <span class='ocrx_word' id='word_1_498' title='bbox 3071 3390 3485 3459; x_wconf 80' lang='grc' dir='ltr'>ἀνακομίζεται.</span> <span class='ocrx_word' id='word_1_499' title='bbox 3513 3388 3720 3457; x_wconf 88' lang='grc' dir='ltr'>Πρώην</span> 
     </span>
    </p>
   </div>
   <div class='ocr_carea' id='block_1_72' title="bbox 2131 3474 3718 3556">
    <p class='ocr_par' dir='ltr' id='par_1_72' title="bbox 2131 3474 3718 3556">
     <span class='ocr_line' id='line_1_72' title="bbox 2131 3474 3718 3556; baseline -0.004 -18"><span class='ocrx_word' id='word_1_500' title='bbox 2131 3487 2159 3538; x_wconf 85' lang='grc' dir='ltr'>ὁ</span> <span class='ocrx_word' id='word_1_501' title='bbox 2182 3487 2275 3540; x_wconf 82' lang='grc' dir='ltr'>τοῦ</span> <span class='ocrx_word' id='word_1_502' title='bbox 2313 3485 2471 3550; x_wconf 84' lang='grc' dir='ltr'>ξύλου</span> <span class='ocrx_word' id='word_1_503' title='bbox 2509 3485 2722 3556; x_wconf 78' lang='grc' dir='ltr'>καρπὸς</span> <span class='ocrx_word' id='word_1_504' title='bbox 2750 3483 3035 3554; x_wconf 80' lang='grc' dir='ltr'>προύξένει</span> <span class='ocrx_word' id='word_1_505' title='bbox 3071 3483 3163 3535; x_wconf 82' lang='grc' dir='ltr'><strong>τὸν</strong></span> <span class='ocrx_word' id='word_1_506' title='bbox 3216 3481 3464 3535; x_wconf 84' lang='grc' dir='ltr'>Θάνατον.</span> <span class='ocrx_word' id='word_1_507' title='bbox 3509 3479 3628 3547; x_wconf 76' lang='grc' dir='ltr'><strong>’Δφ’</strong></span> <span class='ocrx_word' id='word_1_508' title='bbox 3654 3474 3718 3533; x_wconf 71' lang='grc' dir='ltr'>οὗ</span> 
     </span>
    </p>
   </div>
   <div class='ocr_carea' id='block_1_73' title="bbox 2119 3571 3720 3650">
    <p class='ocr_par' dir='ltr' id='par_1_73' title="bbox 2119 3571 3720 3650">
     <span class='ocr_line' id='line_1_73' title="bbox 2119 3571 3720 3650; baseline -0.004 -18"><span class='ocrx_word' id='word_1_509' title='bbox 2119 3580 2229 3650; x_wconf 83' lang='grc' dir='ltr'><strong>γάρ</strong></span> <span class='ocrx_word' id='word_1_510' title='bbox 2254 3579 2506 3650; x_wconf 81' lang='grc' dir='ltr'>σταυρὸς,</span> <span class='ocrx_word' id='word_1_511' title='bbox 2525 3577 2751 3640; x_wconf 85' lang='grc' dir='ltr'>θάνατος</span> <span class='ocrx_word' id='word_1_512' title='bbox 2776 3579 2868 3629; x_wconf 79' lang='grc' dir='ltr'><strong>καὶ</strong></span> <span class='ocrx_word' id='word_1_513' title='bbox 2890 3575 3067 3646; x_wconf 80' lang='grc' dir='ltr'>φθορά</span> <span class='ocrx_word' id='word_1_514' title='bbox 3085 3571 3720 3645; x_wconf 75' lang='grc' dir='ltr'>κατεπάθησαν,ἀφοαρο</span> 
     </span>
    </p>
   </div>
   <div class='ocr_carea' id='block_1_74' title="bbox 2133 3663 3718 3734">
    <p class='ocr_par' dir='ltr' id='par_1_74' title="bbox 2133 3663 3718 3734">
     <span class='ocr_line' id='line_1_74' title="bbox 2133 3663 3718 3734; baseline -0.003 -16"><span class='ocrx_word' id='word_1_515' title='bbox 2133 3666 2225 3718; x_wconf 90' lang='grc' dir='ltr'><strong>σία</strong></span> <span class='ocrx_word' id='word_1_516' title='bbox 2247 3665 2302 3718; x_wconf 82' lang='grc' dir='ltr'>δὲ</span> <span class='ocrx_word' id='word_1_517' title='bbox 2352 3665 2718 3719; x_wconf 85' lang='grc' dir='ltr'>πολιτεύεται.</span> <span class='ocrx_word' id='word_1_518' title='bbox 2750 3667 2861 3719; x_wconf 72' lang='grc' dir='ltr'>Καὶ</span> <span class='ocrx_word' id='word_1_519' title='bbox 2912 3665 3167 3734; x_wconf 75' lang='grc' dir='ltr'>ἀλάστωρ</span> <span class='ocrx_word' id='word_1_520' title='bbox 3219 3664 3318 3734; x_wconf 78' lang='grc' dir='ltr'><strong>μὲν</strong></span> <span class='ocrx_word' id='word_1_521' title='bbox 3378 3663 3588 3732; x_wconf 76' lang='grc' dir='ltr'>δαίμων</span> <span class='ocrx_word' id='word_1_522' title='bbox 3634 3664 3718 3723; x_wconf 82' lang='grc' dir='ltr'>εἰς</span> 
     </span>
    </p>
   </div>
   <div class='ocr_carea' id='block_1_75' title="bbox 2127 3755 3719 3830">
    <p class='ocr_par' dir='ltr' id='par_1_75' title="bbox 2127 3755 3719 3830">
     <span class='ocr_line' id='line_1_75' title="bbox 2127 3755 3719 3830; baseline -0.001 -18"><span class='ocrx_word' id='word_1_523' title='bbox 2127 3758 2317 3830; x_wconf 82' lang='grc' dir='ltr'>δέλεαρ</span> <span class='ocrx_word' id='word_1_524' title='bbox 2375 3762 2688 3830; x_wconf 80' lang='grc' dir='ltr'>ἀποχρῆται</span> <span class='ocrx_word' id='word_1_525' title='bbox 2749 3757 2910 3828; x_wconf 83' lang='grc' dir='ltr'>ξύλῳ,</span> <span class='ocrx_word' id='word_1_526' title='bbox 2962 3759 3059 3811; x_wconf 75' lang='grc' dir='ltr'><strong>καὶ</strong></span> <span class='ocrx_word' id='word_1_527' title='bbox 3106 3758 3167 3811; x_wconf 80' lang='grc' dir='ltr'>τὺ</span> <span class='ocrx_word' id='word_1_528' title='bbox 3212 3756 3580 3827; x_wconf 84' lang='grc' dir='ltr'>ἀπειρόκαλον</span> <span class='ocrx_word' id='word_1_529' title='bbox 3636 3755 3719 3810; x_wconf 80' lang='grc' dir='ltr'><strong>ἔτι</strong></span> 
     </span>
    </p>
   </div>
   <div class='ocr_carea' id='block_1_76' title="bbox 2130 3847 3718 3922">
    <p class='ocr_par' dir='ltr' id='par_1_76' title="bbox 2130 3847 3718 3922">
     <span class='ocr_line' id='line_1_76' title="bbox 2130 3847 3718 3922; baseline -0.003 -18"><span class='ocrx_word' id='word_1_530' title='bbox 2130 3851 2355 3922; x_wconf 84' lang='grc' dir='ltr'>πλάσμα</span> <span class='ocrx_word' id='word_1_531' title='bbox 2400 3851 2459 3917; x_wconf 86' lang='grc' dir='ltr'><strong>ὲξ</strong></span> <span class='ocrx_word' id='word_1_532' title='bbox 2504 3853 2721 3921; x_wconf 86' lang='grc' dir='ltr'>ἀπάτης</span> <span class='ocrx_word' id='word_1_533' title='bbox 2791 3850 3065 3913; x_wconf 87' lang='grc' dir='ltr'>σκυλεύει,</span> <span class='ocrx_word' id='word_1_534' title='bbox 3109 3850 3204 3904; x_wconf 77' lang='grc' dir='ltr'><strong>καὶ</strong></span> <span class='ocrx_word' id='word_1_535' title='bbox 3243 3849 3336 3903; x_wconf 78' lang='grc' dir='ltr'><strong>τοῦ</strong></span> <span class='ocrx_word' id='word_1_536' title='bbox 3385 3847 3718 3918; x_wconf 75' lang='grc' dir='ltr'>παραδείσου</span> 
     </span>
    </p>
   </div>
   <div class='ocr_carea' id='block_1_77' title="bbox 2130 3939 3716 4013">
    <p class='ocr_par' dir='ltr' id='par_1_77' title="bbox 2130 3939 3716 4013">
     <span class='ocr_line' id='line_1_77' title="bbox 2130 3939 3716 4013; baseline -0.004 -16"><span class='ocrx_word' id='word_1_537' title='bbox 2130 3944 2381 4008; x_wconf 77' lang='grc' dir='ltr'>ἐλεεινῶς</span> <span class='ocrx_word' id='word_1_538' title='bbox 2432 3945 2680 4012; x_wconf 74' lang='grc' dir='ltr'>ὑφέλκει.</span> <span class='ocrx_word' id='word_1_539' title='bbox 2738 3943 3120 4013; x_wconf 80' lang='grc' dir='ltr'>Φιλάνθρωπος</span> <span class='ocrx_word' id='word_1_540' title='bbox 3145 3942 3203 3995; x_wconf 82' lang='grc' dir='ltr'>δὲ</span> <span class='ocrx_word' id='word_1_541' title='bbox 3246 3942 3522 4010; x_wconf 84' lang='grc' dir='ltr'>Δεσπότης</span> <span class='ocrx_word' id='word_1_542' title='bbox 3553 3939 3716 4005; x_wconf 85' lang='grc' dir='ltr'>ξύλον</span> 
     </span>
    </p>
   </div>
   <div class='ocr_carea' id='block_1_78' title="bbox 2131 4032 3712 4107">
    <p class='ocr_par' dir='ltr' id='par_1_78' title="bbox 2131 4032 3712 4107">
     <span class='ocr_line' id='line_1_78' title="bbox 2131 4032 3712 4107; baseline -0.003 -19"><span class='ocrx_word' id='word_1_543' title='bbox 2131 4036 2264 4106; x_wconf 80' lang='grc' dir='ltr'>ἡμῖν</span> <span class='ocrx_word' id='word_1_544' title='bbox 2313 4037 2394 4098; x_wconf 79' lang='grc' dir='ltr'><strong>είς</strong></span> <span class='ocrx_word' id='word_1_545' title='bbox 2439 4037 2715 4107; x_wconf 81' lang='grc' dir='ltr'>σωτηρίας</span> <span class='ocrx_word' id='word_1_546' title='bbox 2754 4036 2916 4089; x_wconf 82' lang='grc' dir='ltr'>ὅπλον</span> <span class='ocrx_word' id='word_1_547' title='bbox 2959 4035 3234 4105; x_wconf 82' lang='grc' dir='ltr'>δωρεῖται,</span> <span class='ocrx_word' id='word_1_548' title='bbox 3287 4035 3382 4088; x_wconf 77' lang='grc' dir='ltr'>καὶ</span> <span class='ocrx_word' id='word_1_549' title='bbox 3429 4035 3610 4102; x_wconf 77' lang='grc' dir='ltr'>τίθησι</span> <span class='ocrx_word' id='word_1_550' title='bbox 3642 4032 3712 4084; x_wconf 86' lang='grc' dir='ltr'>δι’</span> 
     </span>
    </p>
   </div>
   <div class='ocr_carea' id='block_1_79' title="bbox 2132 4122 3715 4198">
    <p class='ocr_par' dir='ltr' id='par_1_79' title="bbox 2132 4122 3715 4198">
     <span class='ocr_line' id='line_1_79' title="bbox 2132 4122 3715 4198; baseline -0.003 -19"><span class='ocrx_word' id='word_1_551' title='bbox 2132 4127 2344 4181; x_wconf 78' lang='grc' dir='ltr'>ἐκείνου</span> <span class='ocrx_word' id='word_1_552' title='bbox 2369 4127 2694 4198; x_wconf 83' lang='grc' dir='ltr'>εὐχείρωτον</span> <span class='ocrx_word' id='word_1_553' title='bbox 2723 4128 2814 4180; x_wconf 81' lang='grc' dir='ltr'><strong>τὸν</strong></span> <span class='ocrx_word' id='word_1_554' title='bbox 2841 4128 3121 4197; x_wconf 84' lang='grc' dir='ltr'>πολέμιον,</span> <span class='ocrx_word' id='word_1_555' title='bbox 3151 4126 3245 4180; x_wconf 76' lang='grc' dir='ltr'>καὶ</span> <span class='ocrx_word' id='word_1_556' title='bbox 3271 4125 3488 4178; x_wconf 85' lang='grc' dir='ltr'>δίδωσιν</span> <span class='ocrx_word' id='word_1_557' title='bbox 3510 4125 3572 4177; x_wconf 84' lang='grc' dir='ltr'><strong>οὑ</strong></span> <span class='ocrx_word' id='word_1_558' title='bbox 3611 4122 3715 4192; x_wconf 88' lang='grc' dir='ltr'>μό-</span> 
     </span>
    </p>
   </div>
   <div class='ocr_carea' id='block_1_80' title="bbox 2127 4217 3716 4290">
    <p class='ocr_par' dir='ltr' id='par_1_80' title="bbox 2127 4217 3716 4290">
     <span class='ocr_line' id='line_1_80' title="bbox 2127 4217 3716 4290; baseline -0.003 -19"><span class='ocrx_word' id='word_1_559' title='bbox 2127 4235 2217 4272; x_wconf 91' lang='grc' dir='ltr'><strong>νον</strong></span> <span class='ocrx_word' id='word_1_560' title='bbox 2243 4221 2595 4290; x_wconf 86' lang='grc' dir='ltr'>παράδεισον,</span> <span class='ocrx_word' id='word_1_561' title='bbox 2647 4219 2762 4273; x_wconf 83' lang='grc' dir='ltr'>ἀλλ’</span> <span class='ocrx_word' id='word_1_562' title='bbox 2789 4220 2953 4273; x_wconf 79' lang='grc' dir='ltr'>αὑτὸν</span> <span class='ocrx_word' id='word_1_563' title='bbox 2987 4220 3078 4272; x_wconf 77' lang='grc' dir='ltr'><strong>τὸν</strong></span> <span class='ocrx_word' id='word_1_564' title='bbox 3111 4219 3340 4290; x_wconf 80' lang='grc' dir='ltr'>οὐρανὸν</span> <span class='ocrx_word' id='word_1_565' title='bbox 3369 4217 3716 4288; x_wconf 73' lang='grc' dir='ltr'>οἰκητήριον,</span> 
     </span>
    </p>
   </div>
   <div class='ocr_carea' id='block_1_81' title="bbox 445 4305 3720 4386">
    <p class='ocr_par' dir='ltr' id='par_1_81' title="bbox 445 4305 3720 4386">
     <span class='ocr_line' id='line_1_81' title="bbox 445 4305 3720 4386; baseline -0.001 -22"><span class='ocrx_word' id='word_1_566' title='bbox 445 4325 611 4381; x_wconf 82' lang='lat' dir='ltr'><strong>opera</strong></span> <span class='ocrx_word' id='word_1_567' title='bbox 643 4308 800 4362; x_wconf 87' lang='lat' dir='ltr'><strong>facile</strong></span> <span class='ocrx_word' id='word_1_568' title='bbox 826 4324 856 4362; x_wconf 87' lang='lat' dir='ltr'><strong>a</strong></span> <span class='ocrx_word' id='word_1_569' title='bbox 889 4307 1047 4363; x_wconf 89' lang='lat' dir='ltr'><strong>nobis</strong></span> <span class='ocrx_word' id='word_1_570' title='bbox 1077 4307 1196 4378; x_wconf 88' lang='lat' dir='ltr'><strong>capi</strong></span> <span class='ocrx_word' id='word_1_571' title='bbox 1242 4316 1296 4362; x_wconf 91' lang='lat' dir='ltr'><strong>et</strong></span> <span class='ocrx_word' id='word_1_572' title='bbox 1329 4305 1540 4361; x_wconf 90' lang='lat' dir='ltr'><strong>domari</strong></span> <span class='ocrx_word' id='word_1_573' title='bbox 1569 4314 1738 4378; x_wconf 89' lang='lat' dir='ltr'><strong>queat</strong></span> <span class='ocrx_word' id='word_1_574' title='bbox 1797 4305 2169 4373; x_wconf 87' lang='lat' dir='ltr'><strong>adversarius.</strong></span> <span class='ocrx_word' id='word_1_575' title='bbox 2212 4315 2413 4386; x_wconf 87' lang='lat' dir='ltr'><strong>datque</strong></span> <span class='ocrx_word' id='word_1_576' title='bbox 2464 4329 2576 4370; x_wconf 89' lang='lat' dir='ltr'><strong>non</strong></span> <span class='ocrx_word' id='word_1_577' title='bbox 2619 4313 2796 4369; x_wconf 89' lang='lat' dir='ltr'><strong>solum</strong></span> <span class='ocrx_word' id='word_1_578' title='bbox 2849 4312 3187 4384; x_wconf 89' lang='lat' dir='ltr'><strong>paradisum,</strong></span> <span class='ocrx_word' id='word_1_579' title='bbox 3255 4309 3351 4365; x_wconf 91' lang='lat' dir='ltr'><strong>sed</strong></span> <span class='ocrx_word' id='word_1_580' title='bbox 3415 4316 3468 4364; x_wconf 88' lang='lat' dir='ltr'><strong>et</strong></span> <span class='ocrx_word' id='word_1_581' title='bbox 3536 4308 3720 4377; x_wconf 88' lang='lat' dir='ltr'><strong>ipsum</strong></span> 
     </span>
    </p>
   </div>
   <div class='ocr_carea' id='block_1_82' title="bbox 445 4400 1056 4460">
    <p class='ocr_par' dir='ltr' id='par_1_82' title="bbox 445 4400 1056 4460">
     <span class='ocr_line' id='line_1_82' title="bbox 445 4400 1056 4460; baseline -0.01 0"><span class='ocrx_word' id='word_1_582' title='bbox 445 4403 646 4460; x_wconf 66' lang='lat' dir='ltr'><strong>caelum</strong></span> <span class='ocrx_word' id='word_1_583' title='bbox 681 4400 1056 4456; x_wconf 87' lang='lat' dir='ltr'><strong>incoleudum.</strong></span> 
     </span>
    </p>
   </div>
   <div class='ocr_carea' id='block_1_83' title="bbox 515 4485 2018 4564">
    <p class='ocr_par' dir='ltr' id='par_1_83' title="bbox 515 4493 2018 4564">
     <span class='ocr_line' id='line_1_83' title="bbox 515 4493 2018 4564; baseline -0.001 -14"><span class='ocrx_word' id='word_1_584' title='bbox 515 4495 673 4551; x_wconf 85' lang='lat' dir='ltr'><strong>Nunc</strong></span> <span class='ocrx_word' id='word_1_585' title='bbox 707 4495 891 4550; x_wconf 90' lang='lat' dir='ltr'><strong>crucis</strong></span> <span class='ocrx_word' id='word_1_586' title='bbox 915 4494 1246 4555; x_wconf 89' lang='lat' dir='ltr'><strong>amaritudo.</strong></span> <span class='ocrx_word' id='word_1_587' title='bbox 1277 4510 1400 4564; x_wconf 75' lang='lat' dir='ltr'><strong>qua:</strong></span> <span class='ocrx_word' id='word_1_588' title='bbox 1428 4493 1589 4563; x_wconf 90' lang='lat' dir='ltr'><strong>paulo</strong></span> <span class='ocrx_word' id='word_1_589' title='bbox 1629 4504 1753 4548; x_wconf 88' lang='lat' dir='ltr'><strong>ante</strong></span> <span class='ocrx_word' id='word_1_590' title='bbox 1778 4509 1877 4548; x_wconf 90' lang='lat' dir='ltr'><strong>nos</strong></span> <span class='ocrx_word' id='word_1_591' title='bbox 1909 4502 2018 4549; x_wconf 86' lang='lat' dir='ltr'><strong>tur-</strong></span> 
     </span>
    </p>
   </div>
   <div class='ocr_carea' id='block_1_84' title="bbox 2125 4485 3722 4564">
    <p class='ocr_par' dir='ltr' id='par_1_84' title="bbox 2198 4485 3722 4564">
     <span class='ocr_line' id='line_1_84' title="bbox 2198 4485 3722 4564; baseline -0.008 -15"><span class='ocrx_word' id='word_1_592' title='bbox 2198 4495 2313 4549; x_wconf 78' lang='grc' dir='ltr'><strong>Νὖν</strong></span> <span class='ocrx_word' id='word_1_593' title='bbox 2341 4497 2373 4564; x_wconf 85' lang='grc' dir='ltr'>ἠ</span> <span class='ocrx_word' id='word_1_594' title='bbox 2403 4494 2498 4548; x_wconf 76' lang='grc' dir='ltr'>τοῦ</span> <span class='ocrx_word' id='word_1_595' title='bbox 2530 4493 2688 4560; x_wconf 84' lang='grc' dir='ltr'>ξύλου</span> <span class='ocrx_word' id='word_1_596' title='bbox 2723 4491 2969 4562; x_wconf 85' lang='grc' dir='ltr'>πικρία,’</span> <span class='ocrx_word' id='word_1_597' title='bbox 2993 4489 3028 4560; x_wconf 86' lang='grc' dir='ltr'>ἢ</span> <span class='ocrx_word' id='word_1_598' title='bbox 3099 4490 3191 4542; x_wconf 76' lang='grc' dir='ltr'><strong>ἐπὶ</strong></span> <span class='ocrx_word' id='word_1_599' title='bbox 3232 4488 3428 4559; x_wconf 72' lang='grc' dir='ltr'>μικρὸν</span> <span class='ocrx_word' id='word_1_600' title='bbox 3453 4485 3532 4556; x_wconf 86' lang='grc' dir='ltr'>τῷ</span> <span class='ocrx_word' id='word_1_601' title='bbox 3560 4485 3722 4557; x_wconf 84' lang='grc' dir='ltr'>ἀηδεῖ</span> 
     </span>
    </p>
   </div>
   <div class='ocr_carea' id='block_1_85' title="bbox 447 4584 2028 4653">
    <p class='ocr_par' dir='ltr' id='par_1_85' title="bbox 447 4584 2028 4653">
     <span class='ocr_line' id='line_1_85' title="bbox 447 4584 2028 4653; baseline -0.003 -10"><span class='ocrx_word' id='word_1_602' title='bbox 447 4588 636 4653; x_wconf 87' lang='lat' dir='ltr'><strong>babat,</strong></span> <span class='ocrx_word' id='word_1_603' title='bbox 663 4589 718 4642; x_wconf 92' lang='lat' dir='ltr'><strong>in</strong></span> <span class='ocrx_word' id='word_1_604' title='bbox 751 4586 1096 4642; x_wconf 82' lang='lat' dir='ltr'><strong>dulcedinem</strong></span> <span class='ocrx_word' id='word_1_605' title='bbox 1132 4601 1396 4640; x_wconf 85' lang='lat' dir='ltr'><strong>conversa</strong></span> <span class='ocrx_word' id='word_1_606' title='bbox 1427 4594 1532 4648; x_wconf 87' lang='lat' dir='ltr'><strong>est,</strong></span> <span class='ocrx_word' id='word_1_607' title='bbox 1563 4584 1794 4638; x_wconf 69' lang='lat' dir='ltr'><strong>dteutoni</strong></span> <span class='ocrx_word' id='word_1_608' title='bbox 1821 4593 2028 4648; x_wconf 87' lang='lat' dir='ltr'><strong>autem,</strong></span> 
     </span>
    </p>
   </div>
   <div class='ocr_carea' id='block_1_86' title="bbox 447 4676 2029 4748">
    <p class='ocr_par' dir='ltr' id='par_1_86' title="bbox 447 4676 2029 4748">
     <span class='ocr_line' id='line_1_86' title="bbox 447 4676 2029 4748; baseline -0.001 -16"><span class='ocrx_word' id='word_1_609' title='bbox 447 4679 543 4748; x_wconf 92' lang='lat' dir='ltr'><strong>qui</strong></span> <span class='ocrx_word' id='word_1_610' title='bbox 599 4694 701 4734; x_wconf 79' lang='lat' dir='ltr'><strong>nos</strong></span> <span class='ocrx_word' id='word_1_611' title='bbox 735 4679 1210 4741; x_wconf 88' lang='lat' dir='ltr'><strong>circumvenerat,</strong></span> <span class='ocrx_word' id='word_1_612' title='bbox 1243 4693 1369 4731; x_wconf 85' lang='lat' dir='ltr'><strong>vere</strong></span> <span class='ocrx_word' id='word_1_613' title='bbox 1417 4678 1470 4731; x_wconf 91' lang='lat' dir='ltr'><strong>in</strong></span> <span class='ocrx_word' id='word_1_614' title='bbox 1513 4677 1819 4730; x_wconf 89' lang='lat' dir='ltr'><strong>amaritiem</strong></span> <span class='ocrx_word' id='word_1_615' title='bbox 1873 4676 2029 4731; x_wconf 88' lang='lat' dir='ltr'><strong>abiit.</strong></span> 
     </span>
    </p>
   </div>
   <div class='ocr_carea' id='block_1_87' title="bbox 446 4767 2032 4839">
    <p class='ocr_par' dir='ltr' id='par_1_87' title="bbox 446 4767 2032 4839">
     <span class='ocr_line' id='line_1_87' title="bbox 446 4767 2032 4839; baseline -0.003 -15"><span class='ocrx_word' id='word_1_616' title='bbox 446 4768 608 4826; x_wconf 83' lang='lat' dir='ltr'><strong>Nunc</strong></span> <span class='ocrx_word' id='word_1_617' title='bbox 639 4769 951 4836; x_wconf 88' lang='lat' dir='ltr'><strong>delectatio,</strong></span> <span class='ocrx_word' id='word_1_618' title='bbox 981 4783 1088 4839; x_wconf 87' lang='lat' dir='ltr'><strong>qua</strong></span> <span class='ocrx_word' id='word_1_619' title='bbox 1120 4769 1465 4838; x_wconf 77' lang='lat' dir='ltr'><strong>gloriabatur</strong></span> <span class='ocrx_word' id='word_1_620' title='bbox 1498 4767 1654 4837; x_wconf 88' lang='lat' dir='ltr'><strong>quasi</strong></span> <span class='ocrx_word' id='word_1_621' title='bbox 1689 4783 1810 4827; x_wconf 89' lang='lat' dir='ltr'><strong>nos,</strong></span> <span class='ocrx_word' id='word_1_622' title='bbox 1841 4775 1898 4820; x_wconf 90' lang='lat' dir='ltr'><strong>ut</strong></span> <span class='ocrx_word' id='word_1_623' title='bbox 1927 4767 2032 4822; x_wconf 90' lang='lat' dir='ltr'><strong>sibi</strong></span> 
     </span>
    </p>
   </div>
   <div class='ocr_carea' id='block_1_88' title="bbox 448 4858 2033 4931">
    <p class='ocr_par' dir='ltr' id='par_1_88' title="bbox 448 4858 2033 4931">
     <span class='ocr_line' id='line_1_88' title="bbox 448 4858 2033 4931; baseline -0.001 -15"><span class='ocrx_word' id='word_1_624' title='bbox 448 4863 840 4931; x_wconf 86' lang='lat' dir='ltr'><strong>persuadebat,</strong></span> <span class='ocrx_word' id='word_1_625' title='bbox 890 4861 1288 4917; x_wconf 87' lang='lat' dir='ltr'><strong>immedicabili</strong></span> <span class='ocrx_word' id='word_1_626' title='bbox 1323 4861 1526 4915; x_wconf 89' lang='lat' dir='ltr'><strong>damno</strong></span> <span class='ocrx_word' id='word_1_627' title='bbox 1554 4859 1845 4927; x_wconf 81' lang='lat' dir='ltr'><strong>affecisset,</strong></span> <span class='ocrx_word' id='word_1_628' title='bbox 1875 4861 1928 4914; x_wconf 93' lang='lat' dir='ltr'><strong>in</strong></span> <span class='ocrx_word' id='word_1_629' title='bbox 1963 4858 2033 4915; x_wconf 84' lang='lat' dir='ltr'><strong>fel</strong></span> 
     </span>
    </p>
   </div>
   <div class='ocr_carea' id='block_1_89' title="bbox 453 4951 2034 5023">
    <p class='ocr_par' dir='ltr' id='par_1_89' title="bbox 453 4951 2034 5023">
     <span class='ocr_line' id='line_1_89' title="bbox 453 4951 2034 5023; baseline 0 -16"><span class='ocrx_word' id='word_1_630' title='bbox 453 4952 561 5023; x_wconf 84' lang='lat' dir='ltr'><strong>ipsi</strong></span> <span class='ocrx_word' id='word_1_631' title='bbox 597 4962 931 5007; x_wconf 90' lang='lat' dir='ltr'><strong>commutata</strong></span> <span class='ocrx_word' id='word_1_632' title='bbox 984 4953 1231 5008; x_wconf 89' lang='lat' dir='ltr'><strong>recessit.</strong></span> <span class='ocrx_word' id='word_1_633' title='bbox 1276 4951 1563 5007; x_wconf 84' lang='lat' dir='ltr'><strong>Gaudebat</strong></span> <span class='ocrx_word' id='word_1_634' title='bbox 1602 4952 1748 5006; x_wconf 89' lang='lat' dir='ltr'><strong>enim</strong></span> <span class='ocrx_word' id='word_1_635' title='bbox 1782 4967 1908 5006; x_wconf 91' lang='lat' dir='ltr'><strong>cum</strong></span> <span class='ocrx_word' id='word_1_636' title='bbox 1949 4968 2034 5007; x_wconf 87' lang='lat' dir='ltr'><strong>me</strong></span> 
     </span>
    </p>
   </div>
   <div class='ocr_carea' id='block_1_90' title="bbox 450 5045 2034 5117">
    <p class='ocr_par' dir='ltr' id='par_1_90' title="bbox 450 5045 2034 5117">
     <span class='ocr_line' id='line_1_90' title="bbox 450 5045 2034 5117; baseline 0 -17"><span class='ocrx_word' id='word_1_637' title='bbox 450 5046 662 5101; x_wconf 85' lang='lat' dir='ltr'><strong>videret</strong></span> <span class='ocrx_word' id='word_1_638' title='bbox 709 5061 775 5100; x_wconf 84' lang='lat' dir='ltr'><strong>ex</strong></span> <span class='ocrx_word' id='word_1_639' title='bbox 819 5047 1074 5117; x_wconf 87' lang='lat' dir='ltr'><strong>paradiso</strong></span> <span class='ocrx_word' id='word_1_640' title='bbox 1104 5045 1419 5116; x_wconf 75' lang='lat' dir='ltr'><strong>expulsum,</strong></span> <span class='ocrx_word' id='word_1_641' title='bbox 1453 5052 1766 5116; x_wconf 89' lang='lat' dir='ltr'><strong>terramque</strong></span> <span class='ocrx_word' id='word_1_642' title='bbox 1807 5048 2034 5102; x_wconf 71' lang='lat' dir='ltr'><strong>culturae</strong></span> 
     </span>
    </p>
   </div>
   <div class='ocr_carea' id='block_1_91' title="bbox 489 5223 1462 5291">
    <p class='ocr_par' dir='ltr' id='par_1_91' title="bbox 489 5223 1462 5291">
     <span class='ocr_line' id='line_1_91' title="bbox 489 5223 1462 5291; baseline -0.002 -11"><span class='ocrx_word' id='word_1_643' title='bbox 489 5228 534 5260; x_wconf 90' lang='lat'><strong><em>&quot;°</em></strong></span> <span class='ocrx_word' id='word_1_644' title='bbox 564 5227 712 5283; x_wconf 88' lang='lat' dir='ltr'><strong>Psal.</strong></span> <span class='ocrx_word' id='word_1_645' title='bbox 744 5242 862 5291; x_wconf 89' lang='lat' dir='ltr'><strong>cm,</strong></span> <span class='ocrx_word' id='word_1_646' title='bbox 887 5227 942 5281; x_wconf 66' lang='lat'><strong>2.</strong></span> <span class='ocrx_word' id='word_1_647' title='bbox 1016 5227 1058 5256; x_wconf 83' lang='grc'>⁷¹</span> <span class='ocrx_word' id='word_1_648' title='bbox 1087 5223 1246 5280; x_wconf 82' lang='lat' dir='ltr'><strong>Joan.</strong></span> <span class='ocrx_word' id='word_1_649' title='bbox 1274 5240 1351 5289; x_wconf 83' lang='lat' dir='ltr'><strong>vt,</strong></span> <span class='ocrx_word' id='word_1_650' title='bbox 1375 5225 1462 5279; x_wconf 77' lang='lat'><strong>35.</strong></span> 
     </span>
    </p>
   </div>
   <div class='ocr_carea' id='block_1_92' title="bbox 2130 4576 3722 4659">
    <p class='ocr_par' dir='ltr' id='par_1_92' title="bbox 2130 4576 3722 4659">
     <span class='ocr_line' id='line_1_92' title="bbox 2130 4576 3722 4659; baseline -0.01 -16"><span class='ocrx_word' id='word_1_651' title='bbox 2130 4590 2282 4659; x_wconf 73' lang='grc' dir='ltr'>ἡμᾶς</span> <span class='ocrx_word' id='word_1_652' title='bbox 2315 4587 2738 4656; x_wconf 87' lang='grc' dir='ltr'>συνετάραττεν,</span> <span class='ocrx_word' id='word_1_653' title='bbox 2781 4586 2860 4646; x_wconf 83' lang='grc' dir='ltr'><strong>εἰς</strong></span> <span class='ocrx_word' id='word_1_654' title='bbox 2893 4582 3209 4652; x_wconf 85' lang='grc' dir='ltr'>γλυκύτητα</span> <span class='ocrx_word' id='word_1_655' title='bbox 3247 4577 3604 4650; x_wconf 81' lang='grc' dir='ltr'>μετεποιήθη,</span> <span class='ocrx_word' id='word_1_656' title='bbox 3639 4576 3722 4645; x_wconf 80' lang='grc' dir='ltr'><strong>τῷ</strong></span> 
     </span>
    </p>
   </div>
   <div class='ocr_carea' id='block_1_93' title="bbox 2128 4672 3722 4748">
    <p class='ocr_par' dir='ltr' id='par_1_93' title="bbox 2128 4672 3722 4748">
     <span class='ocr_line' id='line_1_93' title="bbox 2128 4672 3722 4748; baseline -0.006 -16"><span class='ocrx_word' id='word_1_657' title='bbox 2128 4679 2173 4732; x_wconf 79' lang='grc' dir='ltr'>δ’</span> <span class='ocrx_word' id='word_1_658' title='bbox 2215 4679 2618 4748; x_wconf 83' lang='grc' dir='ltr'>ἐξαπατήσαντι</span> <span class='ocrx_word' id='word_1_659' title='bbox 2669 4677 2888 4744; x_wconf 88' lang='grc' dir='ltr'>δαίμονι</span> <span class='ocrx_word' id='word_1_660' title='bbox 2944 4673 3160 4744; x_wconf 76' lang='grc' dir='ltr'>ἀληθῶς</span> <span class='ocrx_word' id='word_1_661' title='bbox 3194 4675 3275 4736; x_wconf 85' lang='grc' dir='ltr'><strong>εἰς</strong></span> <span class='ocrx_word' id='word_1_662' title='bbox 3323 4672 3548 4740; x_wconf 84' lang='grc' dir='ltr'>πικρίαν</span> <span class='ocrx_word' id='word_1_663' title='bbox 3581 4687 3722 4724; x_wconf 85' lang='grc' dir='ltr'>κατ-</span> 
     </span>
    </p>
   </div>
   <div class='ocr_carea' id='block_1_94' title="bbox 2130 4759 3720 4839">
    <p class='ocr_par' dir='ltr' id='par_1_94' title="bbox 2130 4759 3720 4839">
     <span class='ocr_line' id='line_1_94' title="bbox 2130 4759 3720 4839; baseline -0.005 -17"><span class='ocrx_word' id='word_1_664' title='bbox 2130 4771 2285 4839; x_wconf 82' lang='grc' dir='ltr'>έστη.</span> <span class='ocrx_word' id='word_1_665' title='bbox 2314 4767 2428 4821; x_wconf 78' lang='grc' dir='ltr'><strong>Νῦν</strong></span> <span class='ocrx_word' id='word_1_666' title='bbox 2456 4770 2489 4838; x_wconf 78' lang='grc' dir='ltr'><strong>ἡ</strong></span> <span class='ocrx_word' id='word_1_667' title='bbox 2526 4767 2715 4838; x_wconf 80' lang='grc' dir='ltr'>τέρψις</span> <span class='ocrx_word' id='word_1_668' title='bbox 2775 4768 2858 4835; x_wconf 78' lang='grc' dir='ltr'><strong>ἐφ’</strong></span> <span class='ocrx_word' id='word_1_669' title='bbox 2959 4765 3290 4832; x_wconf 81' lang='grc' dir='ltr'>ὲγεγάννυτο</span> <span class='ocrx_word' id='word_1_670' title='bbox 3324 4761 3720 4832; x_wconf 85' lang='grc' dir='ltr'>ἀθεραπεύτως</span> 
     </span>
    </p>
   </div>
   <div class='ocr_carea' id='block_1_95' title="bbox 2124 4853 3714 4932">
    <p class='ocr_par' dir='ltr' id='par_1_95' title="bbox 2124 4853 3714 4932">
     <span class='ocr_line' id='line_1_95' title="bbox 2124 4853 3714 4932; baseline -0.005 -17"><span class='ocrx_word' id='word_1_671' title='bbox 2124 4863 2295 4930; x_wconf 78' lang='grc' dir='ltr'>ἡμᾶς,</span> <span class='ocrx_word' id='word_1_672' title='bbox 2325 4863 2400 4924; x_wconf 86' lang='grc' dir='ltr'>ὡς</span> <span class='ocrx_word' id='word_1_673' title='bbox 2428 4859 2591 4932; x_wconf 76' lang='grc' dir='ltr'>ᾤετο,</span> <span class='ocrx_word' id='word_1_674' title='bbox 2620 4859 2851 4923; x_wconf 76' lang='grc' dir='ltr'>διαθεὶς,</span> <span class='ocrx_word' id='word_1_675' title='bbox 2882 4861 2964 4922; x_wconf 87' lang='grc' dir='ltr'><strong>είς</strong></span> <span class='ocrx_word' id='word_1_676' title='bbox 3002 4858 3166 4929; x_wconf 83' lang='grc' dir='ltr'>χολὴν</span> <span class='ocrx_word' id='word_1_677' title='bbox 3204 4855 3357 4927; x_wconf 82' lang='grc' dir='ltr'>αὐτῷ</span> <span class='ocrx_word' id='word_1_678' title='bbox 3399 4853 3714 4926; x_wconf 79' lang='grc' dir='ltr'>μετέϐαλεν.</span> 
     </span>
    </p>
   </div>
   <div class='ocr_carea' id='block_1_96' title="bbox 2149 4947 3715 5024">
    <p class='ocr_par' dir='ltr' id='par_1_96' title="bbox 2149 4947 3715 5024">
     <span class='ocr_line' id='line_1_96' title="bbox 2149 4947 3715 5024; baseline -0.007 -16"><span class='ocrx_word' id='word_1_679' title='bbox 2149 4955 2446 5024; x_wconf 83' lang='grc' dir='ltr'>Ἐτέρπετο</span> <span class='ocrx_word' id='word_1_680' title='bbox 2474 4953 2582 5024; x_wconf 82' lang='grc' dir='ltr'>γὰρ</span> <span class='ocrx_word' id='word_1_681' title='bbox 2635 4951 2965 5023; x_wconf 81' lang='grc' dir='ltr'>παραδείσου</span> <span class='ocrx_word' id='word_1_682' title='bbox 3021 4951 3120 5022; x_wconf 85' lang='grc' dir='ltr'><strong>μὲν</strong></span> <span class='ocrx_word' id='word_1_683' title='bbox 3157 4950 3300 5021; x_wconf 85' lang='grc' dir='ltr'>ὁρῶν</span> <span class='ocrx_word' id='word_1_684' title='bbox 3334 4947 3715 5017; x_wconf 79' lang='grc' dir='ltr'>ἐλαυνόμενον,</span> 
     </span>
    </p>
   </div>
   <div class='ocr_carea' id='block_1_97' title="bbox 2132 5038 3720 5117">
    <p class='ocr_par' dir='ltr' id='par_1_97' title="bbox 2132 5038 3720 5117">
     <span class='ocr_line' id='line_1_97' title="bbox 2132 5038 3720 5117; baseline -0.006 -17"><span class='ocrx_word' id='word_1_685' title='bbox 2132 5047 2328 5117; x_wconf 79' lang='grc' dir='ltr'>πικρὸν</span> <span class='ocrx_word' id='word_1_686' title='bbox 2355 5045 2416 5100; x_wconf 80' lang='grc' dir='ltr'>δέ</span> <span class='ocrx_word' id='word_1_687' title='bbox 2459 5063 2549 5116; x_wconf 84' lang='grc' dir='ltr'><strong>μοι</strong></span> <span class='ocrx_word' id='word_1_688' title='bbox 2595 5043 2864 5116; x_wconf 87' lang='grc' dir='ltr'>γεώργιον</span> <span class='ocrx_word' id='word_1_689' title='bbox 2894 5047 2991 5116; x_wconf 81' lang='grc' dir='ltr'>τὴν</span> <span class='ocrx_word' id='word_1_690' title='bbox 3026 5043 3129 5114; x_wconf 82' lang='grc' dir='ltr'>γῆν</span> <span class='ocrx_word' id='word_1_691' title='bbox 3161 5043 3404 5097; x_wconf 83' lang='grc' dir='ltr'>ἀνιεῖσαν</span> <span class='ocrx_word' id='word_1_692' title='bbox 3424 5039 3521 5112; x_wconf 83' lang='grc' dir='ltr'>τὴν</span> <span class='ocrx_word' id='word_1_693' title='bbox 3547 5038 3720 5092; x_wconf 75' lang='grc' dir='ltr'>ἀκαν-</span> 
     </span>
    </p>
   </div>
   <div class='ocr_carea' id='block_1_98' title="bbox 1998 5335 2230 5391">
    <p class='ocr_par' dir='ltr' id='par_1_98' title="bbox 1998 5335 2230 5391">
     <span class='ocr_line' id='line_1_98' title="bbox 1998 5335 2230 5391; baseline 0 -1"><span class='ocrx_word' id='word_1_694' title='bbox 1998 5335 2230 5391; x_wconf 64' lang='grc' dir='ltr'><strong>ΝΟΤᾸἾ.</strong></span> 
     </span>
    </p>
   </div>
   <div class='ocr_carea' id='block_1_99' title="bbox 531 5428 2026 5499">
    <p class='ocr_par' dir='ltr' id='par_1_99' title="bbox 531 5428 2026 5499">
     <span class='ocr_line' id='line_1_99' title="bbox 531 5428 2026 5499; baseline 0 -17"><span class='ocrx_word' id='word_1_695' title='bbox 531 5429 646 5499; x_wconf 73' lang='lat'><strong>(28)</strong></span> <span class='ocrx_word' id='word_1_696' title='bbox 682 5431 786 5496; x_wconf 81' lang='lat' dir='ltr'><strong>Qui</strong></span> <span class='ocrx_word' id='word_1_697' title='bbox 819 5430 958 5496; x_wconf 76' lang='lat' dir='ltr'><strong>[ante</strong></span> <span class='ocrx_word' id='word_1_698' title='bbox 979 5430 1334 5498; x_wconf 84' lang='lat' dir='ltr'><strong>periclitatur.</strong></span> <span class='ocrx_word' id='word_1_699' title='bbox 1392 5430 1629 5486; x_wconf 81' lang='lat' dir='ltr'><strong>Pulchra</strong></span> <span class='ocrx_word' id='word_1_700' title='bbox 1681 5429 1826 5483; x_wconf 87' lang='lat' dir='ltr'><strong>ratio</strong></span> <span class='ocrx_word' id='word_1_701' title='bbox 1862 5428 2026 5482; x_wconf 88' lang='lat' dir='ltr'><strong>indu-</strong></span> 
     </span>
    </p>
   </div>
   <div class='ocr_carea' id='block_1_100' title="bbox 455 5501 2032 5571">
    <p class='ocr_par' dir='ltr' id='par_1_100' title="bbox 455 5501 2032 5571">
     <span class='ocr_line' id='line_1_100' title="bbox 455 5501 2032 5571; baseline -0.004 -14"><span class='ocrx_word' id='word_1_702' title='bbox 455 5517 587 5557; x_wconf 87' lang='lat' dir='ltr'><strong>cens</strong></span> <span class='ocrx_word' id='word_1_703' title='bbox 616 5503 684 5556; x_wconf 90' lang='lat' dir='ltr'><strong>ad</strong></span> <span class='ocrx_word' id='word_1_704' title='bbox 728 5501 1170 5571; x_wconf 78' lang='lat' dir='ltr'><strong>eleemosyuam;</strong></span> <span class='ocrx_word' id='word_1_705' title='bbox 1203 5512 1262 5555; x_wconf 93' lang='lat' dir='ltr'><strong>ut</strong></span> <span class='ocrx_word' id='word_1_706' title='bbox 1307 5503 1396 5556; x_wconf 90' lang='lat' dir='ltr'><strong>cui</strong></span> <span class='ocrx_word' id='word_1_707' title='bbox 1428 5517 1602 5556; x_wconf 76' lang='lat' dir='ltr'><strong>sacrze</strong></span> <span class='ocrx_word' id='word_1_708' title='bbox 1637 5516 1841 5554; x_wconf 72' lang='lat' dir='ltr'><strong>mensa:</strong></span> <span class='ocrx_word' id='word_1_709' title='bbox 1875 5515 2032 5554; x_wconf 88' lang='lat' dir='ltr'><strong>com-</strong></span> 
     </span>
    </p>
   </div>
   <div class='ocr_carea' id='block_1_101' title="bbox 457 5573 2030 5643">
    <p class='ocr_par' dir='ltr' id='par_1_101' title="bbox 457 5573 2030 5643">
     <span class='ocr_line' id='line_1_101' title="bbox 457 5573 2030 5643; baseline -0.004 -16"><span class='ocrx_word' id='word_1_710' title='bbox 457 5573 649 5627; x_wconf 87' lang='lat' dir='ltr'><strong>tnunio</strong></span> <span class='ocrx_word' id='word_1_711' title='bbox 667 5573 951 5630; x_wconf 87' lang='lat' dir='ltr'><strong>tribuitur.</strong></span> <span class='ocrx_word' id='word_1_712' title='bbox 979 5573 1229 5643; x_wconf 86' lang='lat' dir='ltr'><strong>huicnec</strong></span> <span class='ocrx_word' id='word_1_713' title='bbox 1253 5574 1561 5626; x_wconf 89' lang='lat' dir='ltr'><strong>communis</strong></span> <span class='ocrx_word' id='word_1_714' title='bbox 1585 5581 1830 5643; x_wconf 69' lang='lat' dir='ltr'><strong>negetur,</strong></span> <span class='ocrx_word' id='word_1_715' title='bbox 1853 5586 2030 5643; x_wconf 83' lang='lat' dir='ltr'><strong>quan-</strong></span> 
     </span>
    </p>
   </div>
   <div class='ocr_carea' id='block_1_102' title="bbox 461 5641 2032 5711">
    <p class='ocr_par' dir='ltr' id='par_1_102' title="bbox 461 5641 2032 5711">
     <span class='ocr_line' id='line_1_102' title="bbox 461 5641 2032 5711; baseline -0.001 -18"><span class='ocrx_word' id='word_1_716' title='bbox 461 5653 577 5696; x_wconf 92' lang='lat' dir='ltr'><strong>tum</strong></span> <span class='ocrx_word' id='word_1_717' title='bbox 610 5645 799 5697; x_wconf 90' lang='lat' dir='ltr'><strong>saltem</strong></span> <span class='ocrx_word' id='word_1_718' title='bbox 839 5641 1194 5696; x_wconf 84' lang='lat' dir='ltr'><strong>necessarius</strong></span> <span class='ocrx_word' id='word_1_719' title='bbox 1219 5657 1355 5696; x_wconf 87' lang='lat' dir='ltr'><strong>usus</strong></span> <span class='ocrx_word' id='word_1_720' title='bbox 1388 5641 1672 5711; x_wconf 36' lang='lat' dir='ltr'><strong>postulat.‘</strong></span> <span class='ocrx_word' id='word_1_721' title='bbox 1705 5641 1842 5694; x_wconf 78' lang='lat' dir='ltr'><strong>Male</strong></span> <span class='ocrx_word' id='word_1_722' title='bbox 1869 5641 2032 5694; x_wconf 80' lang='lat' dir='ltr'><strong>Gret-</strong></span> 
     </span>
    </p>
   </div>
   <div class='ocr_carea' id='block_1_103' title="bbox 463 5711 2034 5783">
    <p class='ocr_par' dir='ltr' id='par_1_103' title="bbox 463 5711 2034 5783">
     <span class='ocr_line' id='line_1_103' title="bbox 463 5711 2034 5783; baseline -0.003 -15"><span class='ocrx_word' id='word_1_723' title='bbox 463 5729 625 5770; x_wconf 85' lang='lat' dir='ltr'><strong>serus</strong></span> <span class='ocrx_word' id='word_1_724' title='bbox 655 5713 722 5768; x_wconf 84' lang='lat' dir='ltr'><strong>ad</strong></span> <span class='ocrx_word' id='word_1_725' title='bbox 760 5714 938 5783; x_wconf 86' lang='lat' dir='ltr'><strong>ipsum</strong></span> <span class='ocrx_word' id='word_1_726' title='bbox 977 5712 1160 5777; x_wconf 88' lang='lat' dir='ltr'><strong>refert,</strong></span> <span class='ocrx_word' id='word_1_727' title='bbox 1223 5728 1252 5765; x_wconf 88' lang='lat' dir='ltr'><strong>a</strong></span> <span class='ocrx_word' id='word_1_728' title='bbox 1286 5727 1396 5782; x_wconf 87' lang='lat' dir='ltr'><strong>quo</strong></span> <span class='ocrx_word' id='word_1_729' title='bbox 1430 5713 1502 5767; x_wconf 91' lang='lat' dir='ltr'><strong>sit</strong></span> <span class='ocrx_word' id='word_1_730' title='bbox 1553 5711 1858 5781; x_wconf 73' lang='lat' dir='ltr'><strong>praestanda</strong></span> <span class='ocrx_word' id='word_1_731' title='bbox 1893 5713 2034 5764; x_wconf 83' lang='lat' dir='ltr'><strong>elec-</strong></span> 
     </span>
    </p>
   </div>
   <div class='ocr_carea' id='block_1_104' title="bbox 2138 5425 3717 5499">
    <p class='ocr_par' dir='ltr' id='par_1_104' title="bbox 2138 5425 3717 5499">
     <span class='ocr_line' id='line_1_104' title="bbox 2138 5425 3717 5499; baseline -0.003 -17"><span class='ocrx_word' id='word_1_732' title='bbox 2138 5441 2388 5499; x_wconf 82' lang='lat' dir='ltr'><strong>mosyna,</strong></span> <span class='ocrx_word' id='word_1_733' title='bbox 2410 5443 2521 5482; x_wconf 87' lang='lat' dir='ltr'><strong>non</strong></span> <span class='ocrx_word' id='word_1_734' title='bbox 2553 5425 2641 5480; x_wconf 90' lang='lat' dir='ltr'><strong>cui</strong></span> <span class='ocrx_word' id='word_1_735' title='bbox 2668 5425 3070 5499; x_wconf 72' lang='lat' dir='ltr'><strong>sitprzestanda</strong></span> <span class='ocrx_word' id='word_1_736' title='bbox 3106 5442 3118 5478; x_wconf 93' lang='lat'><strong>:</strong></span> <span class='ocrx_word' id='word_1_737' title='bbox 3155 5425 3312 5499; x_wconf 78' lang='lat' dir='ltr'><strong>quasi</strong></span> <span class='ocrx_word' id='word_1_738' title='bbox 3358 5440 3490 5478; x_wconf 85' lang='lat' dir='ltr'><strong>vero</strong></span> <span class='ocrx_word' id='word_1_739' title='bbox 3515 5437 3717 5492; x_wconf 83' lang='lat' dir='ltr'><strong>provo-</strong></span> 
     </span>
    </p>
   </div>
   <div class='ocr_carea' id='block_1_105' title="bbox 2137 5496 3717 5566">
    <p class='ocr_par' dir='ltr' id='par_1_105' title="bbox 2137 5496 3717 5566">
     <span class='ocr_line' id='line_1_105' title="bbox 2137 5496 3717 5566; baseline -0.003 -14"><span class='ocrx_word' id='word_1_740' title='bbox 2137 5496 2276 5553; x_wconf 53' lang='lat' dir='ltr'><strong>care&#39;</strong></span> <span class='ocrx_word' id='word_1_741' title='bbox 2294 5498 2595 5552; x_wconf 85' lang='lat' dir='ltr'><strong>debeamus</strong></span> <span class='ocrx_word' id='word_1_742' title='bbox 2625 5506 2681 5548; x_wconf 90' lang='lat' dir='ltr'><strong>ut</strong></span> <span class='ocrx_word' id='word_1_743' title='bbox 2709 5498 3114 5566; x_wconf 84' lang='lat' dir='ltr'><strong>eleetnosynam</strong></span> <span class='ocrx_word' id='word_1_744' title='bbox 3141 5496 3346 5550; x_wconf 84' lang='lat' dir='ltr'><strong>tribuat</strong></span> <span class='ocrx_word' id='word_1_745' title='bbox 3398 5507 3717 5566; x_wconf 81' lang='lat' dir='ltr'><strong>pereuntem</strong></span> 
     </span>
    </p>
   </div>
   <div class='ocr_carea' id='block_1_106' title="bbox 2139 5562 3720 5636">
    <p class='ocr_par' dir='ltr' id='par_1_106' title="bbox 2139 5562 3720 5636">
     <span class='ocr_line' id='line_1_106' title="bbox 2139 5562 3720 5636; baseline -0.006 -14"><span class='ocrx_word' id='word_1_746' title='bbox 2139 5569 2312 5629; x_wconf 84' lang='lat' dir='ltr'><strong>fame;</strong></span> <span class='ocrx_word' id='word_1_747' title='bbox 2352 5583 2459 5621; x_wconf 93' lang='lat' dir='ltr'><strong>non</strong></span> <span class='ocrx_word' id='word_1_748' title='bbox 2503 5568 2722 5631; x_wconf 84' lang='lat' dir='ltr'><strong>divites,</strong></span> <span class='ocrx_word' id='word_1_749' title='bbox 2754 5583 2821 5620; x_wconf 88' lang='lat' dir='ltr'><strong>ac</strong></span> <span class='ocrx_word' id='word_1_750' title='bbox 2852 5562 3053 5636; x_wconf 87' lang='lat' dir='ltr'><strong>quibus</strong></span> <span class='ocrx_word' id='word_1_751' title='bbox 3083 5566 3336 5635; x_wconf 78' lang='lat' dir='ltr'><strong>expedita</strong></span> <span class='ocrx_word' id='word_1_752' title='bbox 3371 5565 3442 5620; x_wconf 91' lang='lat' dir='ltr'><strong>sit</strong></span> <span class='ocrx_word' id='word_1_753' title='bbox 3470 5565 3593 5633; x_wconf 85' lang='lat' dir='ltr'><strong>ejus</strong></span> <span class='ocrx_word' id='word_1_754' title='bbox 3632 5562 3720 5636; x_wconf 74' lang='lat' dir='ltr'><strong>fa-</strong></span> 
     </span>
    </p>
   </div>
   <div class='ocr_carea' id='block_1_107' title="bbox 2140 5633 3719 5711">
    <p class='ocr_par' dir='ltr' id='par_1_107' title="bbox 2140 5633 3719 5711">
     <span class='ocr_line' id='line_1_107' title="bbox 2140 5633 3719 5711; baseline -0.003 -19"><span class='ocrx_word' id='word_1_755' title='bbox 2140 5642 2340 5703; x_wconf 86' lang='lat' dir='ltr'><strong>cultas,</strong></span> <span class='ocrx_word' id='word_1_756' title='bbox 2377 5641 2508 5693; x_wconf 92' lang='lat' dir='ltr'><strong>utin</strong></span> <span class='ocrx_word' id='word_1_757' title='bbox 2531 5653 2732 5711; x_wconf 76' lang='lat' dir='ltr'><strong>egenos</strong></span> <span class='ocrx_word' id='word_1_758' title='bbox 2756 5633 3026 5706; x_wconf 84' lang='lat' dir='ltr'><strong>ejusmodi</strong></span> <span class='ocrx_word' id='word_1_759' title='bbox 3073 5633 3477 5706; x_wconf 79' lang='lat' dir='ltr'><strong>elcemosynam</strong></span> <span class='ocrx_word' id='word_1_760' title='bbox 3526 5633 3719 5690; x_wconf 82' lang='lat' dir='ltr'><strong>confe-</strong></span> 
     </span>
    </p>
   </div>
   <div class='ocr_carea' id='block_1_108' title="bbox 2143 5721 2285 5764">
    <p class='ocr_par' dir='ltr' id='par_1_108' title="bbox 2143 5721 2285 5764">
     <span class='ocr_line' id='line_1_108' title="bbox 2143 5721 2285 5764; baseline -0.007 0"><span class='ocrx_word' id='word_1_761' title='bbox 2143 5721 2285 5764; x_wconf 83' lang='lat' dir='ltr'><strong>rant.</strong></span> 
     </span>
    </p>
   </div>
  </div>
