4070 6210
284 249 361 311 83

286 360 412 420 θαν,
450 358 592 413 ἀλλά
620 360 717 415 νῦν
744 362 928 417 οὐκέτι

284 450 359 518 τῆ
391 451 804 517 ἁνατελεῖ,ούδ’
832 459 1238 531 ἐπικαταρατος
1270 467 1328 518 ἐν
1364 470 1477 532 τοῖς
1506 469 1688 541 ἔργοις
1709 450 1883 529 Eant.

292 543 363 597 Ἦ
394 547 513 615 γὰρ
535 546 633 600 τοῦ
658 546 819 612 ξύλου
869 551 1055 621 φύσις,
1112 555 1181 608 δι’
1228 554 1289 614 οὗ
1322 561 1495 616 ταῦτα
1545 567 1881 637 ἐχορηγεῖτο,

282 635 384 707 τῆν
451 640 717 710 εὐφορίαν
761 660 854 711 μοι
910 646 1016 698 τῶν
1076 648 1257 704 καλῶν
1333 635 1708 728 ἐχορήγησεν,
1740 660 1890 715 Ἀντ-

281 730 544 801 εστράφη
601 734 781 786 πάντα
802 751 817 765 ⁸
855 736 887 807 ἡ
937 737 1080 811 λύπη
1111 743 1461 815 είςλχαρμδν,
1492 752 1524 819 ἡ
1553 752 1766 823 κατάρα
1805 757 1885 818 εἰς

280 819 574 888 εὐλογίαν,
611 824 645 894 ἡ
676 825 885 879 ἄκανθα
906 831 986 891 είς
1014 833 1225 901 καρπὸν
1248 835 1487 904 ⁴ἥδιστον.
1527 819 1879 914 Τοῦτο-μόνον

277 909 675 982 ἀμετάϐλητον
702 914 999 989 ἐμεινεν,ὴ
1039 922 1135 974 τοῦ
1170 925 1367 994 ἐχθροῦ
1404 930 1491 998 ἐφ’
1520 925 1603 995 οἷς
1645 909 1747 1004 ἔμε
1791 954 1882 990 κα-

275 1001 399 1066 κῶς
426 1004 648 1074 διέθηκε
683 1011 947 1080 τιμωρία·
983 1011 1064 1067 ἔτι
1107 1015 1199 1069 ἐπὶ
1224 1018 1430 1075 κοιλίαν
1454 1023 1483 1076 ό
1524 1001 1732 1090 σκολιδς
1755 1027 1879 1097 ὄφις

273 1094 469 1166 ἕρπει.
502 1097 612 1150 Τοῦ
646 1099 756 1171 γὰρ
779 1101 926 1156 θείου
949 1103 1118 1175 ὕψους
1175 1109 1316 1164 ἑκὼν
1347 1114 1405 1166 ὲν
1437 1115 1751 1172 ἀποπτώσει
1779 1094 1872 1189 γῖεη

273 1188 515 1259 νόμενος
539 1191 641 1243 οὐκ
665 1192 731 1245 ἂν
764 1194 1021 1250 οὐδέποτε
1064 1200 1166 1269 τῆς
1201 1206 1375 1273 χαμαὶ
1434 1210 1741 1280 συρομένης
1774 1188 1876 1267 κα-

274 1280 411 1344 κίας
437 1283 756 1341 άνανεύσει.
786 1287 909 1340 Ἔτι
927 1289 1018 1342 τὸν
1051 1292 1179 1361 χοῦν
1203 1295 1370 1350 ἐσθίει
1395 1300 1494 1371 τὴν
1529 1301 1751 1372 βαρεῖαν
1780 1307 1874 1358 καὶ

273 1374 700 1442 συμπιέζουσαν
761 1380 924 1433 αὑτὸν
968 1383 1178 1449 ὀδύνην,
1226 1388 1344 1441 ἀνθ’
1384 1383 1458 1443 ὧν
1484 1394 1749 1465 ἐπειράθη
1780 1386 1872 1450 τὸν

272 1467 363 1520 διὰ
394 1467 689 1538 σπλάγχνα
742 1470 926 1531 ἐλέους
977 1474 1042 1526 ἐκ
1090 1472 1215 1545 χοὸς
1241 1481 1319 1541 είς
1361 1480 1514 1536 θείαν
1558 1485 1871 1557 ἀνηγμένον

279 1558 691 1627 μακαριότητα,
726 1560 886 1614 πάλιν
940 1563 1020 1626 είς
1056 1564 1181 1634 χοῦν
1216 1574 1566 1639 καταγαγεῖν.
1592 1574 1775 1629 Ταῦτα
1807 1578 1870 1649 δὴ

275 1649 477 1710 ταῦτα,
509 1653 544 1719 ἡ
572 1650 668 1703 τοῦ
724 1653 921 1724 ἐχθροῦ
968 1658 1000 1725 ἡ
1065 1658 1286 1729 δριμεῖα
1328 1663 1487 1736 ὀδύνη
1521 1666 1713 1732 ἀλυτος
1748 1670 1865 1723 δια-

958 256 1239 322 ORATIO
1278 262 1377 323 IX.
1412 292 1478 302 --
1527 267 1609 327 IN
1639 268 2225 335 EXALTATIONEM
2263 277 2566 339 SANCTAE
2596 282 2889 345 CRUCIS.

992 384 1083 437 μοι
1136 371 1418 442 τριϐόλους
1447 378 1543 430 καὶ
1576 379 1818 444 ἀκάνθας
1849 384 1863 433 i

1988 383 2130 449 loco,
2177 387 2335 455 quasi
2389 404 2488 457 pro
2520 394 2792 457 mercede,
2837 396 3023 465 spinas
3060 398 3191 454 milii
3239 402 3562 463 submitten-

3493 300 3561 364 90

1989 482 2096 526 tem
2136 492 2151 529 :
2184 484 2241 530 at
2261 476 2373 546 jam
2415 487 2560 535 terra
2587 498 2697 539 non
2727 487 2964 556 amplius
2992 491 3226 548 tribulos
3263 504 3319 549 et
3370 499 3560 568 spinas

1996 564 2258 633 proferet,
2314 582 2489 639 neque
2536 573 2822 629 maledicta
2855 576 2910 631 in
2959 582 3217 648 operibus
3252 585 3378 642 erit.
3405 564 3558 643 'Nam

1986 665 2177 709 natura
2214 657 2368 729 ligni,
2397 675 2506 730 quo
2528 664 2657 719 talia
2681 666 3246 734 subministrabantur
3267 719 3280 741 ,
3317 676 3565 733 fecundi-

1990 756 2154 802 tatem
2207 753 2596 819 prteclarorutn
2651 756 2931 815 fructuum
2985 766 3118 819 milii
3168 771 3556 838 suppeditavit.

1990 835 2269 895 Conversa
2301 850 2429 897 sunt
2456 846 2637 903 omnia
2674 865 2688 899 :
2724 850 2945 906 tristitia
2975 855 3027 909 in
3064 860 3347 927 gaudium,
3385 863 3557 915 male-

1983 928 2153 986 dictio
2189 934 2242 987 in
2281 934 2735 1008 benedictionem,
2758 945 2917 1012 spina
2942 946 2997 1000 in
3029 948 3407 1006 dulcissimum
3443 956 3557 1007 l'ru-

1982 1031 2152 1077 ctum.
2224 1025 2348 1082 Sola
2424 1030 2786 1089 immutabilis
2847 1041 3111 1093 remansit
3176 1057 3384 1111 paena,
3446 1061 3556 1115 qua

1983 1113 2247 1170 multatus
2266 1125 2350 1171 est
2368 1118 2562 1185 hostis,
2581 1122 2651 1177 ob
2672 1138 2759 1189 ea,
2777 1140 2899 1194 quae
2915 1128 3058 1182 male
3090 1129 3142 1182 in
3173 1146 3259 1185 me
3284 1142 3550 1200 patrarat.

1981 1203 2100 1260 Jam
2148 1193 2313 1279 supra
2346 1222 2587 1268 ventrem
2636 1215 2882 1272 lubricus
2914 1234 3140 1287 serpens
3178 1224 3370 1291 serpit.
3414 1225 3550 1282 Cum

1981 1299 2125 1353 enim
2154 1317 2218 1354 ex
2250 1302 2431 1367 divina
2451 1304 2542 1357 illa
2560 1307 2884 1361 celsitudine
2909 1320 3103 1379 Sponte
3125 1316 3410 1381 exciderit,
3441 1334 3551 1375 non

1978 1391 2214 1459 amplius
2257 1392 2538 1449 abdicabit
2595 1412 2718 1452 sese
2757 1401 2984 1463 malitia,
3019 1419 3140 1472 qtue
3200 1406 3351 1461 humi
3386 1413 3546 1479 repit.

1981 1478 2204 1536 Terram
2231 1483 2407 1539 adhuc
2428 1490 2664 1542 comedit
2682 1505 2900 1560 gravent
2924 1493 3094 1558 illam,
3113 1511 3233 1565 quae
3252 1499 3303 1553 ei
3331 1499 3549 1558 dolores

1975 1574 2254 1638 conciliat,
2287 1591 2352 1629 eo
2372 1579 2512 1647 quod
2544 1590 2776 1638 conatus
2807 1585 2899 1650 sit,
2930 1602 3078 1650 eum,
3109 1591 3201 1659 qui
3223 1605 3316 1659 per
3337 1594 3547 1650 viscera

1974 1664 2370 1721 misericordia:
2400 1685 2464 1724 ex
2495 1671 2624 1726 limo
2659 1680 2818 1728 terrae
2849 1677 2915 1731 ad
2950 1679 3228 1736 caelestem
3263 1683 3548 1741 beatitudi-

281 1742 453 1811 μένει,
484 1743 518 1812 ἡ
548 1744 764 1798 ἐκείνου
777 1748 1211 1822 ἀπαραμύθητος
1235 1759 1587 1828 στενοχωρία,
1612 1760 1707 1814 ἅδ’
1734 1763 1863 1833 ἡμῖν

1970 1771 2093 1809 nem
2113 1768 2338 1814 evectus
2361 1772 2498 1827 erat,
2518 1778 2712 1820 rursus
2729 1767 2796 1820 ad
2818 1768 3005 1823 limum
3034 1779 3192 1826 terra:
3212 1774 3502 1832 detrudere
3526 1796 3543 1846 ;

281 1836 652 1906 στενοχωρίαν
685 1838 885 1903 ἐποίει,
940 1842 1020 1904 είς
1075 1844 1297 1913 εὐρεῖαν
1342 1849 1604 1921 μετῆλθεν
1660 1853 1866 1913 ἄνεσιν.

290 1926 425 1980 Ἀλλ’
447 1924 520 1999 ἦν
542 1927 653 1999 ἄρα
678 1931 771 1983 καὶ
802 1930 957 1985 τοῦτο
998 1933 1145 1999 θείας
1178 1938 1527 2010 κηδεμονίας,
1580 1944 1655 2015 μὴ
1703 1946 1865 2015 μόνον

279 2022 545 2091 οἰκτεῖραι
579 2022 674 2074 τὸν
708 2022 951 2078 παθόντα
980 2028 1184 2094 κακῶς,
1223 2031 1357 2100 μηδὲ
1386 2032 1568 2088 δοῦναι
1590 2036 1689 2108 τὴν
1713 2038 1865 2092 ἐλευ-

281 2113 466 2184 θερίαν
493 2113 605 2165 τῶν
639 2132 705 2168 πε
717 2115 1151 2187 ριστοιχιζόντων
1179 2123 1441 2194 ἀνιαρῶν,
1476 2126 1614 2180 ἀλλὰ
1644 2130 1867 2184 κάκεῖνο

285 2206 344 2258 δι’
381 2199 444 2258 οῦ
478 2208 572 2276 τῆς
596 2207 776 2277 λύπης
813 2210 1117 2283 ήάφορμὴ,
1171 2217 1253 2278 είς
1282 2218 1456 2271 αἴτιον
1494 2224 1860 2294 μεταποιῆσαι

297 2299 664 2369 φαιδρότητος,
712 2303 807 2355 καὶ
850 2295 911 2356 οὗ
956 2304 1025 2358 δι’
1076 2307 1105 2359 ὁ
1148 2308 1341 2379 ἐχθρὸς
1378 2311 1505 2381 ἔσχε
1532 2313 1760 2384 τρῶσαι,
1789 2317 1859 2371 δι’

294 2393 492 2443 ἐκείνου
515 2393 737 2463 καιρίαν
764 2394 1070 2450 ἀντιδοῦναι
1098 2399 1270 2470 αὐτῷ,
1297 2400 1356 2465 δς
1371 2402 1466 2456 νῦν
1481 2404 1636 2461 ἀλύει
1659 2408 1862 2463 στένων

286 2484 371 2535 καὶ
426 2485 760 2553 ὀδυρόμενος
807 2487 895 2541 διὰ
952 2489 1132 2557 ξύλου,
1184 2485 1227 2559 ᾧ
1264 2494 1454 2566 πρώην
1504 2498 1605 2567 ἐμὲ
1648 2501 1864 2569 φυγάδα

276 2576 635 2647 κατέστησεν.
676 2580 918 2648 Ἐφυγον
960 2583 1069 2654 γὰρ
1110 2584 1176 2638 ἐκ
1221 2587 1518 2657 προσώπου
1570 2591 1727 2659 Θεοῦ,
1765 2594 1862 2666 τὴν

272 2670 558 2739 γύμνωσιν
598 2673 1039 2744 συναισθόμενος,
1095 2676 1189 2730 νῦν
1230 2680 1393 2732 αὑτὸν
1425 2684 1864 2757 φυγαδευόμενον

268 2763 381 2815 ἀπὸ
412 2764 605 2833 πάσης
628 2765 858 2830 κτίσεως
880 2769 1151 2839 καθορῶν,
1175 2774 1267 2825 καὶ
1295 2773 1414 2829 ἀνθ’
1465 2770 1541 2830 ὧν
1586 2777 1698 2846 ἐγὼ
1739 2779 1863 2833 τότε

268 2857 490 2923 φύλλων
540 2859 628 2921 εἰς
692 2858 947 2928 βοήθειαν
1010 2863 1257 2934 ἐδεήθην,
1312 2866 1520 2937 γυμνὸς
1571 2865 1727 2934 οὗτος
1765 2870 1863 2926 καὶ

270 2949 491 3020 ἔρημος
530 2951 714 3021 πάσης
747 2951 1005 3024 βοηθείας
1042 2955 1357 3026 πορεύεται.
1398 2960 1562 3015 Ἀλλά
1604 2962 1700 3017 νῦν
1742 2963 1854 3034 ἐγὼ

1972 1856 2027 1900 et
2059 1850 2171 1902 haec
2212 1851 2432 1919 quidem
2474 1854 2551 1908 ita
2597 1871 2656 1911 se
2687 1857 2910 1914 habent.
2943 1861 3165 1918 Interim
3198 1867 3546 1927 incessabilis

1968 1939 2061 1993 ille
2096 1939 2252 1995 dolor
2277 1952 2331 1997 et
2376 1946 2790 2006 inconsolabilis
2817 1952 3036 2010 afﬂictio
3065 1967 3120 2012 et
3146 1973 3389 2015 aerumna
3423 1979 3536 2033 per-

1968 2032 2132 2100 petim
2180 2034 2386 2100 durat;
2439 2054 2560 2108 quae
2598 2058 2726 2097 vero
2757 2046 2911 2101 nobis
2954 2062 3212 2120 angorem
3254 2032 3539 2122 creabant,

1967 2121 2060 2175 illa
2101 2124 2156 2177 in
2189 2128 2432 2195 requiem
2472 2138 2527 2185 et
2557 2134 2964 2200 pacatissimam
3012 2142 3405 2202 relaxationem
3436 2150 3536 2205 ἀοι

1966 2215 2196 2271 sierunt.
2219 2217 2417 2274 Verum
2436 2223 2578 2277 enim
2597 2240 2727 2281 vero
2743 2228 2843 2284 hoc
2859 2229 3098 2287 divinam
3124 2235 3532 2297 Providentiam

1965 2309 2214 2380 decebat,
2258 2325 2319 2368 ut
2350 2332 2457 2371 non
2489 2319 2665 2374 solum
2703 2322 2842 2377 male
2875 2324 3126 2382 affectum
3158 2333 3538 2403 miseraretur,

1967 2411 2022 2456 et
2062 2418 2091 2456 a
2134 2405 2665 2467 circumsistentibus
2714 2414 3074 2477 incommodis
3124 2423 3400 2493 liberaret,
3442 2433 3538 2487 sed

1966 2501 2027 2547 ut
2055 2496 2107 2550 id
2139 2511 2357 2567 quoque
2380 2539 2396 2563 ,
2451 2503 2598 2571 quod
2628 2507 2847 2561 occasio
2875 2508 3081 2567 doloris
3111 2514 3238 2578 fuit,
3274 2519 3327 2572 in
3369 2506 3539 2579 mate-

1964 2587 2101 2640 riam
2135 2590 2428 2648 hilaritatis
2453 2605 2838 2664 commutaret,
2858 2610 2911 2655 et
2941 2617 3035 2671 per
3066 2604 3116 2659 id
3146 2623 3255 2677 quo
3283 2610 3537 2670 inimicus

1966 2679 2198 2746 laeserat,
2231 2683 2349 2752 ipse
2382 2686 2624 2742 vicissim
2651 2689 2853 2746 letbale
2879 2698 3078 2751 vulnus
3103 2701 3401 2770 acciperet,
3435 2707 3532 2776 qui

1964 2787 2112 2827 nunc
2161 2774 2383 2831 oberrat
2442 2794 2665 2848 gemens
2715 2792 2769 2836 et
2804 2784 3018 2854 eiulans
3073 2790 3337 2850 beneficio
3380 2774 3533 2867 ligni,

1962 2864 2071 2933 quo
2103 2880 2190 2922 me
2220 2876 2379 2922 antea
2415 2872 2707 2942 profugum
2734 2874 2957 2933 fecerat.
2996 2879 3132 2951 Fugi
3162 2882 3308 2939 enim
3342 2903 3370 2940 a
3398 2864 3536 2945 facie

1963 2954 2057 3012 Dei
2113 2958 2416 3016 nuditatem
2478 2979 2651 3019 meam
2700 2971 2991 3026 reveritus.
3047 2970 3203 3029 Nunc
3247 2977 3424 3047 ipsum
3466 2984 3535 3037 ab

267 3041 408 3112 ὁμοῦ
436 3043 510 3096 τὰ
539 3043 738 3111 φύλλα,
763 3049 859 3100 καὶ
895 3047 1022 3110 τοὺς
1065 3047 1425 3118 δερματίνους
1472 3053 1757 3127 ἀπεθέμην
1776 3075 1859 3128 χι-

1967 3049 2112 3104 omni
2148 3060 2405 3106 creatura
2434 3056 2722 3125 expulsum
2753 3061 3065 3130 conspicor.
3099 3063 3167 3118 Et
3214 3066 3335 3122 loco
3366 3070 3486 3138 ejus
3514 3110 3534 3138 ,

267 3135 474 3198 τῶνας·
504 3135 632 3189 οὐδὲ
662 3135 772 3209 γὰρ
792 3136 873 3190 ἐτι
903 3137 1107 3192 τούτων
1144 3139 1224 3193 δεῖ
1254 3140 1353 3210 τῆς
1380 3143 1618 3214 ἀρχαίας
1662 3148 1855 3218 στολῆς

1967 3139 2107 3209 quod
2147 3148 2278 3196 tunc
2307 3141 2454 3198 foliis
2481 3146 2714 3202 subsidii
2753 3163 2919 3207 causa
2958 3152 3190 3225 indigni,
3232 3158 3349 3228 ipse
3386 3135 3536 3217 nunc

270 3241 363 3294 μοι
384 3240 729 3294 περιπεποιη
739 3226 932 3295 μένης,
960 3228 1025 3299 ῆν
1049 3227 1189 3300 ξύλῳ
1208 3229 1625 3305 λελυμασμένην
1651 3235 1739 3291 διὰ
1761 3236 1855 3303 ξύ-

1967 3235 2109 3290 omni
2140 3250 2244 3307 ope
2273 3238 2571 3296 destitutus
2605 3244 2821 3300 circuit.
2866 3246 2972 3303 Sed
3006 3264 3108 3319 ego
3130 3226 3267 3322 jami
3291 3252 3454 3307 simul
3479 3265 3536 3311 et

265 3317 361 3370 λου
392 3318 862 3388 περιεποιήσαντο
886 3323 940 3372 αἱ
983 3321 1081 3392 τὴν
1110 3321 1342 3393 ὓπαρξιν
1372 3326 1436 3377 ὲκ
1467 3326 1570 3395 γῆς
1604 3327 1854 3398 δωρησά-

1967 3323 2089 3380 folia
2118 3339 2175 3382 et
2204 3338 2392 3386 vestes
2415 3332 2673 3402 pelliceas
2693 3336 2923 3408 deposui
2951 3357 2966 3406 ;
3003 3317 3114 3395 non
3134 3342 3534 3415 enimIamplius

268 3423 436 3475 μεναι
468 3408 677 3477 χεῖρες,
696 3408 756 3461 ὲν
786 3409 962 3480 τούτῳ
988 3410 1374 3480 διεκταθεῖσαι,
1406 3417 1587 3485 χεῖρες
1621 3419 1851 3485 ἐκεῖναι,

1967 3416 2050 3474 his
2084 3433 2223 3490 Opus
2247 3420 2445 3487 habeo,
2470 3425 2697 3495 antiqua
2731 3429 2870 3483 stola
2888 3432 3069 3486 denuo
3092 3446 3333 3503 recepta,
3367 3452 3532 3505 quam

263 3492 344 3551 ὧν
372 3498 479 3569 τὴν
507 3499 736 3552 ἔκτασιν
768 3501 878 3553 καὶ
918 3501 1015 3571 τὴν
1066 3503 1348 3571 ἐνέργειαν
1401 3506 1620 3560 οἰκείων
1655 3510 1854 3580 χειρῶν

1967 3508 2108 3580 ligno
2126 3515 2552 3571 contaminatam
2575 3492 2672 3587 per
2693 3520 2898 3590 lignum
2928 3526 3289 3579 restituerunt
3312 3542 3530 3592 manus,

264 3594 501 3647 ἐκτάσει
529 3593 773 3663 Μωῦσῆς
794 3593 1184 3660 προδιετύπου,
1215 3597 1476 3666 Μωῦσῆς,
1508 3598 1566 3662 ὃς
1582 3600 1704 3671 ἵστη
1729 3602 1855 3673 τρό-

1967 3616 2081 3671 quae
2109 3620 2195 3659 me
2212 3620 2277 3661 ex
2304 3617 2449 3662 terra
2470 3608 2800 3676 formarunt,
2830 3613 2886 3667 in
2914 3615 3017 3667 hoc
3043 3630 3295 3684 expansa:
3313 3632 3530 3682 manus,

264 3703 436 3740 παιον
470 3684 627 3749 ἔθνος
673 3686 933 3754 πολέμιον
989 3685 1200 3742 διώκων
1249 3688 1339 3742 τὸν
1378 3690 1646 3761 Ἀμαλὴκ,
1716 3710 1854 3763 προ-

1967 3699 2200 3767 inquam,
2235 3701 2361 3765 illaz,
2396 3717 2626 3771 quarum
2664 3707 3041 3761 extensionem
3082 3719 3133 3763 et
3167 3711 3275 3762 vim
3316 3708 3531 3780 Moyses

263 3780 624 3850 ῳκειωμένου
656 3779 786 3835 λαοῦ
814 3781 892 3851 τῷ
931 3780 1070 3852 Θεῷ.

1967 3791 2086 3846 olim
2145 3808 2369 3848 suarum
2419 3809 2675 3853 manuum
2734 3800 3053 3856 extensione
3113 3805 3524 3873 praellgurabat,

264 3869 507 3942 Moyses,
559 3871 653 3941 qui
709 3880 974 3942 tropaeum
1034 3874 1269 3955 statuit,
1316 3873 1568 3932 hostilem
1645 3886 1863 3948 gentem
1919 3880 2346 3940 Amalecitarum
2406 3900 2743 3958 persequens
2801 3889 2884 3955 τι,
2939 3869 3296 3951 reconciliato
3370 3897 3528 3968 prius

265 3967 472 4038 populo
497 3982 625 4021 cum
666 3966 798 4021 Deo.

344 4059 514 4113 Ἀλλά
568 4058 742 4112 ταῦτα
793 4059 891 4129 μὲν
932 4061 1137 4131 Μωῦσῇ
1178 4059 1255 4131 τῷ
1287 4060 1639 4133 πρεσϐυτέρῳ
1685 4065 1839 4118 τετέ-

2016 4065 2081 4120 Ει
2131 4065 2247 4121 haec
2279 4066 2497 4139 quidem
2528 4069 2598 4124 ab
2646 4069 2873 4140 antiquo
2921 4072 3015 4129 illo
3067 4073 3253 4148 Moyse
3304 4088 3526 4148 peracta

267 4152 447 4205 λεστοο
488 4151 655 4220 ἡμεῖς
693 4150 751 4203 δὲ
773 4150 1071 4219 τρυφῶμεν
1109 4150 1217 4203 τῶν
1255 4151 1440 4205 τύπων
1468 4155 1586 4218 ταῖς
1617 4155 1843 4208 ἐκϐάσε-

1967 4168 2097 4214 ιυηι.
2130 4157 2242 4214 Nos
2276 4168 2458 4215 autem
2492 4162 2833 4218 exsultamus
2855 4165 3150 4234 figurarum
3199 4172 3482 4228 eventibus
3504 4212 3523 4234 .

264 4260 372 4312 σιν,
395 4243 539 4313 ὁμοῦ
568 4240 648 4313 τῷ
691 4241 940 4312 ’Δμαλὴκ
961 4246 1056 4294 καὶ
1087 4242 1180 4295 τοῦ
1209 4242 1435 4307 σκότους
1462 4244 1555 4298 τοῦ
1583 4244 1842 4316 ἄρχοντος

1967 4249 2111 4302 simul
2140 4250 2459 4306 Amalecitis
2488 4261 2541 4306 et
2574 4252 2824 4323 principe
2869 4254 3215 4311 tenebrarum
3257 4273 3522 4317 corruen-

261 4337 558 4399 πίπτοντος
585 4336 685 4388 σὺν
724 4334 911 4405 ἁπάσῃ
937 4351 995 4387 τε
1039 4335 1256 4405 ἀοράτῳ
1292 4335 1455 4389 αὐτοῦ
1505 4338 1754 4408 στρατιᾷ,
1780 4332 1843 4391 οὗ

1967 4340 2120 4403 .ibus,
2152 4354 2277 4394 eum
2308 4341 2567 4396 universo
2603 4358 2701 4398 suo
2735 4344 3001 4399 invisibili
3037 4350 3306 4414 exercitu,
3341 4350 3393 4404 in
3423 4366 3523 4406 cu-

259 4430 354 4481 καὶ
394 4429 532 4497 πρὶν
584 4428 664 4488 εἰς
702 4424 1026 4496 καθαίρεσιν
1068 4424 1422 4497 ὡπλοποιήθη
1464 4427 1699 4498 σταυρὸς
1747 4427 1844 4480 καὶ

1974 4445 2037 4484 us
2083 4430 2306 4484 exitium
2350 4432 2501 4499 prius
2555 4447 2773 4503 quoque
2807 4449 2943 4489 crux
2977 4445 3058 4489 est
3104 4436 3423 4506 fabrefacta,
3462 4451 3521 4497 et

257 4521 353 4574 νῦν
388 4519 702 4589 ὕψούμενος
740 4521 857 4582 ταῖς
892 4518 1082 4572 ἑαυτοῦ
1124 4521 1534 4589 μαρμαρυγαῖς,
1556 4514 1644 4572 οἷα
1679 4520 1842 4587 ζόφον

1969 4535 2094 4574 nunc
2114 4522 2372 4585 exaltata,
2397 4521 2687 4590 Splendore
2708 4538 2830 4588 suo,
2857 4525 3003 4579 velut
3022 4526 3308 4597 caliginem
3330 4544 3520 4599 quam-

257 4614 423 4668 αὐτὸν
468 4614 537 4665 ὲκ
575 4610 686 4664 τῶν
718 4610 968 4682 περάτων
1004 4611 1326 4664 άποδιώκει.
1371 4610 1630 4679 Ὑψοῦται
1689 4610 1841 4676 ξύλον

1967 4610 2093 4677 lam,
2127 4613 2307 4682 ipsqu
2341 4629 2408 4668 ex
2437 4614 2830 4671 ﬁnibus‘terra:
2854 4619 3204 4674 exterminat.
3232 4618 3519 4676 Exaltatur

258 4703 629 4777 μακαριστὸν,
659 4704 718 4756 ὲν
742 4695 786 4770 ᾧ
816 4701 982 4755 πάλαι
1006 4702 1139 4766 Θεὸς
1169 4702 1328 4773 χερσὶ
1352 4704 1654 4771 μιαιφόνοις
1693 4703 1839 4774 ὑψω-

1967 4713 2165 4759 reatum
2194 4705 2423 4777 lignum,
2466 4707 2520 4761 in
2556 4709 2699 4777 quod
2729 4710 2858 4764 olim
2882 4724 2912 4764 a
2939 4711 3223 4768 sceleratis
3263 4713 3517 4770 manibus

254 4797 373 4859 θεὶς
424 4794 752 4866 ἐχλευάζετο
777 4832 793 4858 ,
844 4795 874 4846 ό
918 4793 1117 4863 χλεύης
1171 4792 1341 4846 ἐλθὼν
1375 4792 1681 4858 ἀπαλλάξαι
1712 4793 1839 4855 τοὺς

1967 4805 2104 4850 tctus
2161 4794 2493 4851 irridebatur
2530 4798 2599 4863 is,
2628 4798 2723 4868 qui
2767 4811 3010 4864 venerat,
3052 4808 3111 4854 ut
3149 4802 3219 4856 ab
3262 4802 3517 4859 irrisione

259 4887 533 4957 ὑϐριστάς
569 4886 666 4939 καὶ
695 4884 1039 4956 ἀγνώμονας.
1094 4884 1355 4954 ’Υψοῦται
1389 4884 1565 4951 ξύλον,
1593 4884 1624 4938 δ
1671 4882 1839 4937 πάλαι

256 4982 355 5051 μὲν
396 4978 697 5049 συναγωγὴ
770 4976 983 5047 πονηρά
1027 4976 1214 5047 χερσὶν
1269 4978 1594 5046 ἐτεκτήνατο
1667 4974 1841 5028 παλα-

255 5072 503 5142 μναίακ,
556 5070 774 5140 θανάτῳ
817 5067 1161 5139 διανοηθεῖσα
1214 5066 1314 5138 τὴν
1344 5067 1489 5137 ζωὴν
1527 5065 1837 5138 προδοῦναι,

256 5165 394 5233 σφᾶς
421 5163 472 5216 δ’
502 5161 702 5225 αὐτοὺς
731 5161 1208 5229 ἀποστερήσαντες
1234 5158 1335 5229 τῆς
1363 5158 1508 5228 ζωῆς
1539 5159 1588 5211 οἱ
1611 5156 1840 5228 πονηροὶ

253 5256 518 5328 γεωργοὶ,
569 5255 619 5307 οἱ
650 5252 730 5324 τῷ
762 5251 1090 5323 κληρονόμῳ
1137 5252 1341 5351 τόλμαν
1376 5249 1640 5351 ἀράμενοι
1670 5266 1839 5351 πονη-

257 5348 354 5417 ρὲς
382 5349 581 5419 χεῖρας
606 5343 907 5407 ἐπιϐαλεῖν,
941 5344 1057 5412 οἵγε
1088 5342 1426 5415 κληρονόμον
1457 5341 1841 5414 ὁμολογοῦντες

256 5438 435 5510 φθόνῳ
462 5438 564 5492 καὶ
594 5435 763 5508 μανίᾳ
800 5433 1089 5505 μεθύοντες
1113 5433 1212 5505 τὴν
1233 5433 1395 5487 αὑτοῦ
1422 5431 1578 5497 δόξαν
1621 5433 1681 5487 οὐ
1719 5449 1847 5488 συν-

260 5546 426 5598 ιεσαν,
477 5521 675 5602 ᾖφησι
710 5526 770 5580 τὸ
797 5526 996 5596 λόγιον,
1036 5527 1104 5581 Εἰ
1150 5525 1260 5595 γὰρ
1296 5524 1591 5597 ἔγνωσαν,
1628 5525 1738 5580 οὐκ
1769 5524 1850 5581 ἂν

324 5714 370 5745 ⁷³
406 5711 581 5767 Exod.
618 5723 750 5771 xvtt,
778 5708 830 5761 9.

1941 4887 2242 4958 injuriosos
2271 4887 2395 4945 illos
2433 4878 2764 4961 et‘ingralos
2798 4891 3078 4946 liberaret.
3113 4891 3398 4948 Exaltatur
3450 4895 3519 4949 li-

1942 4993 2130 5048 gnum,
2169 4981 2312 5051 quod
2346 4981 2472 5036 olim
2509 4983 2745 5052 maligna
2769 4996 3041 5053 synagoga
3074 4985 3327 5041 manibus
3364 4985 3518 5043 fune-

1943 5071 2043 5127 stis
2078 5069 2462 5138 fabricaverat,
2496 5074 2658 5143 morti
2704 5076 2870 5128 vitam
2907 5076 3125 5132 tradere
3151 5086 3344 5133 conata
3376 5096 3391 5144 ;
3427 5081 3515 5134 in-

1942 5162 2104 5217 terim
2146 5164 2359 5232 seipsos
2396 5165 2616 5232 prepria
2668 5164 2779 5217 vita
2821 5165 3104 5233 privarunt
3150 5169 3388 5240 improbi
3434 5171 3514 5226 illi

1937 5253 2228 5323 agricolze,
2291 5254 2381 5325 qui
2423 5255 2647 5321 liter-edi,
2684 5265 2899 5324 sumpta
2949 5256 3222 5322 audacia,
3276 5259 3515 5319 nefarias

1941 5359 2138 5399 manus
2171 5345 2476 5414 injecerunt
2506 5363 2521 5412 ;
2550 5347 2643 5415 qui
2674 5346 2941 5401 tucredem
2966 5362 3088 5405 esse
3111 5350 3269 5417 fassi,
3308 5353 3511 5410 invidia

1942 5444 1997 5491 et
2032 5435 2219 5491 furore
2248 5437 2409 5501 ebrii,
2443 5440 2673 5508 gloriam
2711 5437 2832 5509 ejus
2870 5454 2980 5495 non
3011 5442 3417 5511 intellexerunt,
3452 5455 3512 5501 ut

1948 5543 2121 5585 sacrae
2149 5528 2371 5585 Litterae
2393 5537 2665 5587 testantur
2696 5548 2711 5586 :
2758 5528 2900 5586 Nam
2932 5534 2977 5587 si
2997 5536 3379 5605 cognovissent,
3407 5553 3510 5595 non
