3992 6204
515 275 584 342 91
1753 263 2029 328 LEONIS
2071 268 2169 326 PII
2182 260 2529 324 [LOSOPHI
3709 262 3784 323 92

521 396 699 463 utique
761 387 1044 445 Dominum
1090 386 1273 457 ρίου-ἕω
1310 383 1693 450 cruciﬁxissent
1718 381 1784 432 ⁷³.
1831 381 1947 435 Non
1994 395 2088 434 co-

2195 379 2297 431 τόν
2324 379 2544 445 Κύριον
2566 375 2677 443 τῆς
2710 374 2897 443 δόξης
2918 375 3331 443 ἐσταύρωσαν.
3362 374 3476 428 Οὐκ
3505 376 3777 444 ἔγνωσαν.

523 490 853 557 gnoverunt,
884 480 1011 551 quia
1042 490 1375 548 cognoscere
1404 476 1717 539 noluerunt,
1747 481 1860 525 tota
1890 474 2099 543 cogita-

520 579 671 631 tione
698 573 763 627 ad
795 571 1054 626 invidiam
1104 580 1390 631 conversa,
1429 565 1725 636 gloriaeque
1757 563 2096 634 magnitudi-

520 685 668 732 nem,
710 668 813 722 etsi
844 662 1213 724 manifestam,
1247 673 1547 729 agnoscere
1576 658 1964 720 detrectantes,
1989 670 2095 708 non

510 762 788 816 'dederunt
817 758 995 810 locum
1024 753 1218 807 rationi
1242 750 1309 805 ad
1343 750 1780 821 intelligendum,
1805 757 1862 801 ut
1891 756 2094 801 tantam

517 853 727 908 rabiem
766 849 1109 907 cohiberent,
1169 854 1385 897 tantum
1421 842 1485 895 ad
1516 841 1834 911 sanguinem
1879 839 2095 893 Domini

516 937 906 994 ellundendum
959 932 1191 987 intenti:
1217 932 1311 986 sed
1343 929 1597 984 viderunt
1634 938 1687 983 et
1721 934 2096 999 cognoverunt

517 1029 813 1084 bmredem.

584 1122 971 1191 Cognoverunt
1018 1124 1186 1180 certe,
1231 1131 1339 1169 non
1388 1122 1447 1168 ut
1496 1125 1752 1182 tanquam
1802 1112 2090 1167 Dominum

516 1216 705 1286 gloria:
738 1213 1093 1271 honorarent,
1127 1209 1223 1262 Sed
1256 1216 1314 1261 ut
1346 1206 1713 1275 ignominiosa
1740 1212 1915 1257 morte
1946 1204 2093 1273 peri-

515 1318 748 1365 merent.
797 1309 871 1361 Ea
908 1310 1052 1362 enim
1089 1305 1307 1360 invidia:
1339 1312 1534 1356 natura
1565 1310 1668 1356 est.
1719 1300 1837 1354 Non
1874 1300 2090 1368 recipit,

516 1401 942 1469 quaeeoniitetur
966 1416 981 1465 ;
1008 1413 1182 1466 neque
1217 1395 1270 1448 id
1298 1394 1445 1464 quod
1472 1392 1707 1455 videtur,
1737 1392 1921 1444 videre
1953 1390 2092 1447 vult,

510 1507 691 1560 neque
724 1490 976 1545 assentiri
1013 1488 1101 1550 iis,
1142 1500 1262 1554 qu:c
1290 1482 1475 1551 negari
1512 1487 1813 1550 nequeunt.
1857 1477 1968 1531 liae
1999 1493 2093 1530 oc-

515 1580 723 1650 cupati,
773 1578 1003 1648 pepulus
1035 1577 1306 1644 ingratus.
1360 1572 1652 1631 lueredem,
1686 1567 1875 1636 gloriae
1904 1565 2089 1618 Domi-

518 1688 670 1734 num,
697 1686 857 1739 quem
882 1674 1148 1723 noverant
1175 1663 1483 1735 (quomodo
1513 1663 1657 1716 enim
1698 1662 1939 1715 divinam
1972 1657 2092 1727 ejus

520 1731 859 1831 majestatem
914 1731 1465 1827 ignorare-poterant
1513 1754 1615 1815 illi,
1657 1751 1801 1821 apud
1836 1765 1977 1820 quos
2012 1760 2093 1803 tot
2126 1731 2165 1784 Β

518 1857 797 1923 tantisque
831 1852 1112 1907 miraculis
1142 1848 1449 1919 fulgebat?)
1482 1846 1639 1915 quasi
1666 1859 1772 1898 non
1806 1843 2083 1912 cognitum

520 1948 575 2000 in
608 1948 753 2013 ligno
782 1943 1104 2006 extendunt,
1140 1943 1299 2009 cujus
1332 1940 1478 2004 virga
1516 1934 1950 2005 praesignificans
1980 1934 2085 1986 vim

510 2046 572 2090 et
607 2037 926 2100 eﬂieaeiam,
959 2035 1255 2088 scelestum
1298 2030 1633 2083 Pharaonem
1668 2042 1791 2080 cum
1834 2026 2089 2080 curribus

519 2138 572 2182 et
598 2128 984 2183 ascensoribus
1006 2127 1060 2179 in
1086 2125 1415 2195 profundum
1441 2123 1726 2187 demersit,
1751 2123 1897 2175 viam
1932 2120 2093 2175 liber-

518 2224 648 2276 tatis
688 2223 943 2291 aperiens
996 2219 1218 2289 populo,
1250 2220 1343 2287 qui
1377 2217 1492 2269 luto
1535 2224 1589 2269 et
1648 2215 1883 2268 lateritio
1923 2228 2088 2283 opere

508 2317 747 2369 \alllictus
781 2315 977 2367 fuerat.
1020 2314 1135 2365 Non
1170 2311 1532 2365 conllietahor
1558 2325 1686 2379 ergo
1712 2308 1946 2376 amplius
1976 2308 2089 2360 luto

518 2417 572 2459 et
597 2406 749 2477 gravi
779 2405 1013 2458 lateritio
1039 2419 1201 2471 opere
1233 2402 1461 2471 peccati.
1487 2398 1605 2453 lam
1637 2401 1781 2453 enim
1804 2401 2088 2453 salutifera

516 2498 671 2566 virga
738 2496 928 2549 mundi
994 2496 1206 2549 hostem
1256 2496 1416 2549 nobis
1476 2494 1908 2548 inlensissimum
1961 2509 2085 2548 cum

521 2596 631 2640 tota
686 2588 929 2658 potentia
981 2597 1036 2639 et
1071 2587 1360 2656 tyrannide
1409 2587 1617 2655 peeeati
1675 2586 1858 2641 obruit
1902 2603 1915 2638 :
1955 2584 2088 2637 mihi

518 2694 652 2732 vero
681 2679 888 2732 misero
913 2689 965 2733 et
1001 2680 1265 2732 destituto
1297 2678 1494 2733 salutis
1532 2678 1675 2731 viam
1708 2678 1922 2746 pandit.
1959 2674 2089 2729 Vio-

520 2773 696 2825 lenter
726 2771 944 2839 quidem
972 2778 1295 2840 persecutor
1329 2786 1413 2824 me
1435 2771 1720 2825 insecutus
1757 2779 1860 2832 est,
1903 2771 1995 2823 sed
2022 2768 2091 2821 ab

521 2868 724 2936 impetu
766 2866 1041 2919 cohibitus
1084 2873 1166 2919 est
1218 2866 1451 2918 terribili
1510 2866 1747 2933 quodam
1802 2862 2090 2917 obstaculo

518 2959 754 3027 objeclo.
781 2956 928 3012 Vidit
956 2958 1197 3011 divinam
1236 2968 1593 3019 armaturam,
1625 2966 1677 3011 et
1710 2956 1951 3009 concidit
1991 2969 2092 3024 po-

2202 471 2323 523 ἐπεὶ
2360 469 2481 539 μηδ’
2510 468 2897 537 ἠϐουλήθησαν
2935 467 3164 535 γνῶναι,
3211 467 3331 521 ὅλον
3378 468 3469 520 τὸν
3521 469 3786 539 λογισμὸν

2201 567 2294 617 ἐπὶ
2322 566 2414 619 τὸν
2444 566 2637 633 φθόνον
2676 565 3086 628 ἀποκλίναντες,
3131 564 3223 616 καὶ
3268 563 3329 615 τὸ
3363 563 3647 633 μεγαλεῖον
3678 563 3787 633 τῆς

2201 658 2381 725 δόξης,
2416 658 2509 711 καί
2540 674 2623 710 τοι
2652 674 2714 719 γε
2734 656 2964 726 φανερὸν
2993 656 3073 721 ὂν,
3104 656 3333 708 συνιδεῖν
3358 656 3457 706 οὐκ
3482 654 3788 718 ἐθέλοντες.

2199 752 2312 803 υύκ
2345 751 2552 804 ἔδωκαν
2593 751 2757 802 τόπον
2786 750 2864 820 τῷ
2892 750 3139 819 λογισμῷ
3175 750 3413 801 συνεῖναι
3438 788 3452 811 ,
3492 747 3632 800 ὥστε
3684 749 3791 819 τὴν

2197 842 2466 910 τοσαύτην
2494 840 2690 895 λύτταν
2740 844 3006 911 ἐπισχεῖν,
3046 841 3182 910 πρὸς
3232 840 3394 910 μόνον
3430 839 3488 891 τὸ
3536 840 3789 893 κενῶσαι

2198 934 2261 986 τὸ
2284 934 2604 987 δεσποτικὸν
2630 929 2768 1003 αἷμα
2806 934 2948 999 ὀξεῖς
2976 934 3284 1002 γεγονότες.
3332 933 3473 986 Ἀλλ’
3503 931 3645 987 εἶδον
3678 936 3788 1005 μὲν

2200 1028 2295 1080 καὶ
2331 1029 2546 1081 συνιᾶσι
2584 1026 2675 1079 τὸν
2708 1027 3066 1096 κληρονόμον.

2266 1118 2487 1171 Συνιᾶσι
2520 1119 2619 1188 μέν
2650 1135 2733 1170 τοι
2767 1116 2852 1186 ἐφ’
2874 1110 2917 1185 ᾧ
2946 1119 3043 1188 οὐχ
3075 1118 3152 1179 ὡς
3180 1116 3387 1190 Κύριον
3425 1116 3581 1189 δόξης
3610 1120 3785 1189 τιμῆ-

2196 1228 2308 1275 σαι,
2342 1210 2457 1264 ἀλλ’
2484 1212 2567 1279 ἐφ’
2598 1203 2638 1277 ᾧ
2673 1208 3007 1281 παραδοῦναι
3038 1210 3251 1281 Θανάτῳ
3295 1209 3493 1279 ἀτίμῳ.
3527 1211 3785 1265 Τοιοῦτον
3848 1227 3863 1246 ο

2196 1304 2304 1372 γὰρ
2332 1305 2359 1355 ὁ
2387 1302 2599 1371 φθόνος·
2638 1302 2698 1354 οὐ
2735 1302 3094 1371 καταδέχεται
3133 1302 3168 1355 ἃ
3197 1302 3474 1370 ὁμολογεῖ,
3511 1303 3620 1356 οὐδ’
3646 1306 3783 1376 ὁρᾷν

2196 1393 2441 1463 βούλεται
2472 1394 2531 1446 τὸ
2574 1394 2918 1463 φαινόμενον,
2958 1393 3079 1446 οὐδὲ
3122 1394 3509 1447 κατατίθεσθαι
3541 1394 3781 1460 τούτοις,

2193 1483 2228 1535 ἆ
2258 1484 2331 1553 μὴ
2365 1483 2649 1553 ἀρνεῖσθαι
2680 1484 2926 1536 δυνατόν.
2981 1484 3169 1554 Τούτῳ
3203 1484 3603 1554 κρατηθέντες,
3649 1486 3776 1550 λαὸς

2194 1575 2465 1645 ἀγνώμων
2506 1576 2596 1629 τὸν
2640 1577 2974 1647 κληρονόμον
3014 1576 3113 1645 τῆς
3151 1576 3309 1646 δόξης
3333 1577 3422 1629 τὸν
3457 1577 3680 1643 Κύριον,
3715 1579 3771 1630 ὃν

2192 1666 2394 1735 ᾔδεσαν
2429 1666 2570 1736 (πῶς
2621 1668 2731 1736 γάρ
2786 1666 2936 1735 ὲνῆν,
2974 1668 3190 1735 ἀγνοεῖν
3246 1668 3344 1736 τὴν
3398 1667 3587 1737 θεῖκὴν
3614 1669 3771 1721 αὑτοῦ

2193 1756 2369 1821 δόξαν,
2416 1751 2496 1819 οἷς
2524 1758 2589 1826 τῇ
2639 1757 2919 1827 ὑπερφυῖα
2959 1757 3067 1810 τῶν
3100 1758 3393 1827 θαυμάτων
3420 1758 3713 1828 διέλαμψεν
3739 1766 3776 1824 ;)

2192 1849 2265 1913 ὼς
2314 1848 2388 1919 μὴ
2430 1848 2628 1911 εἰδότες
2668 1850 2760 1901 ἐπὶ
2795 1848 2949 1914 ξύλου
2987 1848 3277 1913 τανύουσι,
3310 1845 3370 1904 οὗ
3404 1851 3597 1919 ῥάϐδος
3638 1869 3781 1921 προ-

2197 1938 2475 2008 μηνύουσα
2513 1939 2611 2009 τὴν
2644 1940 2943 2009 ἐνέργειαν,
2978 1940 3069 1992 τὸν
3118 1940 3392 2011 ἀλιτήριον
3440 1940 3637 2012 Φαραὼ
3675 1942 3779 1992 αύ-

2191 2036 2302 2095 τοῖς
2333 2032 2540 2102 ἅρμασι
2574 2034 2668 2087 καὶ
2709 2032 3005 2095 ἀναϐάταις
3036 2032 3282 2104 θαλάσσῃ
3318 2032 3575 2097 ἐϐύθιζεν,
3615 2033 3775 2087 ἐλευ-

2195 2126 2380 2196 θερίας
2410 2126 2532 2178 ὁδὸν
2561 2126 2837 2195 τέμνουσα
2880 2126 3037 2197 πηλῷ
3068 2128 3163 2180 καλ⁸
3194 2125 3443 2196 πλινθείᾳ
3488 2127 3768 2181 ταλαιπω-

2197 2218 2446 2289 ρουμένῳ
2498 2218 2633 2288 λαῷ.
2690 2204 2900 2271 Οὔκουν
2931 2219 3112 2272 οὐκέτι
3148 2218 3303 2289 πηλῷ
3330 2220 3423 2272 καὶ
3455 2218 3655 2290 πλίνθῳ
3701 2222 3771 2289 τῇ

2195 2312 2387 2383 βαρείᾳ
2436 2312 2535 2380 τῆς
2596 2311 2871 2381 ἁμαρτίας
2920 2312 3153 2381 ἐργασίᾳ
3199 2312 3630 2382 ταλαιπωρήσω’
3673 2312 3774 2382 ήδη

2193 2404 2301 2474 γὰρ
2329 2405 2362 2472 ἡ
2392 2402 2483 2456 τοῦ
2526 2403 2735 2472 κόσμου
2787 2405 3055 2474 σωτήριος
3100 2404 3294 2475 ῥάϐδος
3330 2403 3528 2474 Φαραὼ
3560 2404 3659 2475 μὲν
3685 2404 3778 2457 τὸν

2191 2494 2452 2564 δυσμενῆ,
2485 2494 2620 2564 αὐτῇ
2651 2494 2879 2564 δυνάμει
2918 2496 3012 2546 καὶ
3050 2494 3322 2564 τυραννίδι
3344 2495 3447 2565 τῆς
3474 2496 3773 2565 ἁμαρτίας,

2195 2585 2627 2650 κατακαλύπτει,
2662 2587 2784 2657 ἐμοὶ
2830 2586 2874 2638 δ’
2909 2586 3310 2657 ἐξηπορημένῳ
3355 2588 3632 2657 σωτηρίας
3660 2587 3775 2641 ὁδὸν

2195 2678 2506 2746 ὑπανοίγει.
2541 2678 2733 2731 Βιαίαν
2767 2681 2794 2731 ὁ
2818 2677 3054 2747 διώκτης
3082 2679 3305 2749 ἐποίησε
3332 2680 3430 2749 τὴν
3451 2678 3631 2744 δίωξιν
3656 2681 3774 2733 κατ’

2194 2770 2350 2839 ἐμοῦ,
2400 2770 2537 2822 ἀλλά
2583 2773 2683 2840 τῆς
2729 2769 2910 2839 ῥύμης
2968 2769 3099 2838 ἔστη
3140 2770 3453 2840 περιτυχὼν
3490 2771 3779 2841 κωλύματι

2194 2863 2429 2933 φοϐερῷ.
2460 2860 2612 2916 Εἷδεν
2638 2863 2802 2916 ὅπλον
2832 2862 2996 2926 θεῖον,
3033 2864 3129 2916 καὶ
3158 2863 3446 2934 συνετρίϐη
3478 2864 3577 2934 τὴν
3618 2864 3781 2918 δύναι-

2197 2972 2309 3025 μιν.
2348 2955 2734 3025 Ἑπέστραψαν
2774 2957 2829 3008 αἱ
2864 2956 3057 3009 τούτου
3096 2958 3335 3021 ἀκτῖνες,
3376 2958 3557 3011 καὶτὸ
3580 2958 3783 3012 διῶκον

520 3052 707 3106 tentia.
734 3049 890 3105 Radii
922 3050 1083 3120 hujus
1110 3050 1453 3113 eﬂulsernnt,
1486 3051 1852 3118 tenebrasque
1879 3048 2089 3102 instan-

2197 3048 2389 3117 σκότος
2416 3046 2662 3112 ἐδίωξαν.
2709 3044 2830 3102 Εἷδε
2859 3050 2920 3103 τὸ
2952 3047 3229 3119 βασιλικὸν
3263 3053 3541 3121 σκῆπτρον
3571 3052 3599 3105 ὁ
3645 3052 3783 3105 ἀλά-

520 3154 602 3197 tes
636 3153 688 3197 et
715 3153 1105 3211 persequentes
1135 3142 1499 3211 dispulerunt.
1534 3140 1681 3195 Vidit
1724 3142 1930 3207 regium
1970 3155 2091 3194 see-

517 3243 697 3303 ptrum
735 3236 1016 3303 improbus
1055 3234 1143 3286 illo
1176 3235 1395 3303 genius,
1439 3241 1493 3287 et
1518 3232 1768 3287 desertor
1802 3242 2089 3302 tyrannus,

514 3338 571 3381 et
628 3329 855 3382 horrore
880 3331 1130 3397 perfusus
1174 3330 1227 3380 in
1250 3343 1490 3382 summas
1522 3328 1804 3395 angustias
1832 3326 2088 3381 detrusus

518 3427 623 3474 est.
656 3419 796 3485 Quid
828 3435 960 3488 ergo
989 3420 1010 3471 ?
1038 3420 1140 3484 An,
1166 3434 1198 3472 ο
1224 3421 1403 3473 omnis
1440 3419 1809 3487 improbitatis
1841 3426 2087 3487 repertor

517 3518 572 3565 et
616 3509 832 3573 artifex,
874 3512 1053 3565 adhuc
1106 3513 1160 3565 in
1199 3513 1366 3565 altum
1416 3511 1660 3579 loqueris
1710 3509 1999 3572 sublimia,
2034 3519 2089 3562 et

519 3601 806 3672 magnifice
834 3602 1180 3672 gloriaberis,
1210 3602 1369 3669 quasi
1408 3617 1603 3655 manus
1632 3611 1750 3654 tuas
1788 3601 1865 3654 sis
1892 3610 2088 3653 exten-

517 3707 703 3758 surus,
726 3702 1009 3763 totumque
1036 3702 1306 3747 terrarum
1326 3694 1515 3747 orbem
1540 3694 1681 3747 velut
1712 3706 1812 3745 ova
1832 3691 2093 3745 detractis

520 3786 893 3851 putaminibus
914 3787 965 3837 in
994 3788 1164 3839 altum
1211 3797 1469 3854 rapturus
1498 3786 1521 3839 ἳ
1552 3784 1923 3854 Nequaquam.
1948 3782 2090 3848 Quin

517 3888 743 3944 magnas
771 3876 842 3929 ob
882 3878 1406 3945 magniloquentiam
1444 3878 1603 3931 istam
1640 3892 1832 3947 punias
1873 3877 2089 3945 pendis.

517 3964 687 4033 Igitur
716 3982 821 4020 non
866 3967 1041 4020 solum
1075 3968 1172 4019 tibi
1214 3983 1318 4020 non
1353 3968 1481 4021 licet
1530 3983 1727 4022 manus
1771 3968 2089 4033 extendere,

2200 3154 2368 3208 στωρ,
2414 3140 2443 3191 ὁ
2476 3139 2792 3211 ἀποστάτης
2826 3142 3109 3211 τύραννος,
3137 3143 3232 3195 καὶ
3258 3142 3429 3214 φρίκῃ
3469 3143 3780 3212 συσχεθεὶς,

2197 3230 2526 3300 ὲξηπόρησε.
2558 3232 2622 3283 Τί
2661 3232 2775 3298 Eat;
2820 3234 2942 3303 Ἆρ’
2964 3230 3079 3299 οὖν,
3120 3228 3166 3288 ὦ
3189 3238 3290 3305 τῆς
3323 3236 3518 3299 κακίας
3555 3237 3783 3306 εὑρετὰ,

2195 3320 2276 3373 ἔτι
2302 3321 2556 3392 λαλήσεις
2592 3325 2670 3384 είς
2707 3325 2769 3376 τὸ
2792 3323 2926 3393 ὕψος
2958 3326 3260 3398 ὑπέρογκα,
3304 3328 3397 3380 καὶ
3427 3329 3787 3399 μεγαλορρη-

2199 3413 2453 3481 μονὴσεις
2491 3416 2729 3465 έκτενεῖν
2758 3414 2856 3477 τὰς
2887 3417 3097 3485 χεῖρας,
3126 3417 3221 3468 καὶ
3250 3418 3434 3470 πᾶσαν
3460 3417 3674 3487 ἐξαρεῖν
3699 3417 3786 3479 ὡς

2194 3506 2276 3558 tbi
2312 3506 2779 3576 καταλελειμμένα
2810 3508 2909 3577 τὴν
2927 3509 3289 3577 οἰκουμένην;
3322 3508 3607 3577 Οὐδαμῶς,
3638 3507 3782 3561 ἀλλὰ

2189 3599 2283 3650 καὶ
2310 3596 2546 3665 φοϐερὰν
2582 3599 2885 3670 εἰσπράττῃ
2920 3600 3019 3669 τῆς
3072 3599 3635 3671 μεγαλορρημοσύνης
3671 3600 3779 3670 τὴν

2188 3692 2405 3762 ποινήν.
2438 3692 2552 3744 Οὐκ
2600 3690 2695 3744 οὖν
2749 3693 3038 3763 περιέσται
3082 3709 3163 3747 σοι
3216 3694 3291 3765 μὴ
3347 3694 3430 3747 ὅτι
3482 3694 3775 3755 ἐκτείνειν,

2186 3781 2303 3835 ἀλλ’
2335 3781 2454 3835 οὐδὲ
2486 3784 2657 3835 κινεῖν
2692 3781 2789 3853 τήν
2825 3785 3004 3854 χεῖρα·
3046 3783 3285 3856 παρείθη
3315 3786 3424 3856 γὰρ
3456 3784 3552 3840 καὶ
3581 3786 3784 3855 γέγονε

2192 3873 2556 3944 ἀνενέργητος
2582 3912 2598 3939 ,
2627 3873 2724 3926 τοῦ
2762 3873 2998 3946 σταυροῦ
3052 3877 3131 3939 είς
3169 3876 3239 3929 τὰ
3291 3877 3503 3947 πέρατα
3558 3877 3784 3931 διεκτα-

2189 3967 2395 4029 θέντος.

515 4058 610 4111 sed
652 4072 829 4127 neque
869 4072 1103 4111 movere.
1155 4056 1443 4112 Dissolutaa
1488 4058 1632 4111 enim
1666 4060 1778 4129 jam
1832 4066 1962 4112 sunt
2001 4065 2056 4111 et
2093 4056 2400 4111 ineﬂicaces
2453 4056 2701 4121 reddita),
2737 4073 2900 4113 cruce
2935 4075 3107 4130 usque
3136 4060 3203 4114 ad
3242 4060 3376 4117 lines
3448 4072 3605 4117 terrae
3670 4078 3776 4118 ex-

515 4164 691 4207 tensa.

583 4244 702 4299 Jam
745 4245 873 4297 olim
910 4244 1128 4313 quidem
1175 4246 1449 4298 hominem
1491 4246 1764 4317 perversis
1814 4247 1921 4300 tuis
1963 4262 2088 4317 per-

516 4337 866 4391 suasionibus
901 4340 1371 4407 oltentperantcnt
1401 4340 1664 4408 relinquit
1695 4338 1862 4405 Deus,
1896 4355 2003 4392 non
2031 4349 2087 4392 ut

515 4429 638 4491 tibi,
668 4429 1083 4490 seelestissime,
1113 4430 1308 4499 prada:
1340 4441 1485 4484 esset
1536 4434 1667 4498 (non
1701 4440 1985 4501 tantopere
2015 4432 2084 4485 ob

513 4534 693 4573 meum
723 4533 964 4572 errorem
999 4518 1426 4587 benignissimus
1458 4520 1617 4575 Pater
1645 4522 1902 4576 irascitur
1927 4526 1966 4591 ),
1992 4521 2087 4576 sed

513 4619 784 4672 eousque
834 4604 1100 4657 duntaxat
1148 4605 1385 4669 deserit,
1429 4617 1489 4659 ut
1535 4623 1696 4662 casus
1744 4610 1826 4661 sui
1868 4619 2087 4677 gustum

513 4696 804 4766 quemdam
828 4703 883 4750 et
908 4711 1129 4749 sensum
1163 4698 1378 4762 habeat,
1398 4714 1572 4767 eoque
1601 4700 1772 4770 magis
1800 4700 2084 4770 intelligat,

512 4803 619 4857 qua
654 4791 864 4844 ratione
889 4787 1265 4844 insidiatorem
1299 4792 1472 4846 vitare
1496 4792 1688 4847 debeat
1714 4833 1727 4854 ,
1766 4796 1847 4847 vel
1881 4799 2085 4851 rectius

512 4878 811 4946 loquendo,
848 4879 966 4949 ipse
998 4894 1107 4933 non
1133 4879 1486 4950 derelinquit,
1520 4884 1646 4952 quia
1678 4899 1799 4937 cum
1831 4900 1931 4955 ego
1969 4902 2089 4955 pro-

512 4970 633 5039 pria
673 4971 878 5023 malitia
907 4988 973 5027 ex
1008 4981 1235 5041 paterno
1266 4973 1391 5027 sinu
1428 4990 1513 5029 me
1558 4977 1940 5044 praecipitat-im
1970 5016 1984 5038 ,
2016 4978 2081 5031 ad

513 5060 788 5115 modicum
824 5064 1058 5131 spatium
1096 5064 1362 5119 insultum
1401 5074 1454 5119 et
1487 5067 1900 5137 impressionem
1935 5070 2030 5123 tibi
2066 5111 2080 5134 ,

514 5154 759 5224 improba
787 5155 984 5221 bestia,
1007 5158 1279 5226 permisit,
1305 5167 1479 5229 utego
1502 5161 1809 5215 calamitate
1838 5178 2080 5231 pressus.

514 5258 730 5297 rursum
761 5245 827 5298 ad
858 5257 1109 5314 paternas
1141 5250 1297 5303 ulnas
1329 5265 1415 5303 me
1444 5250 1724 5320 recipiam.
1756 5251 1835 5305 Tu
1864 5254 2080 5322 quidem

513 5333 766 5399 putabas,
813 5347 937 5387 cum
974 5337 1165 5391 l'raude
1199 5339 1456 5409 abreptus
1486 5357 1686 5408 essem,
1739 5359 1824 5398 me
1857 5347 2079 5401 omnino

517 5436 545 5473 a
579 5435 802 5489 paterna
829 5439 959 5479 cura
986 5437 1036 5480 et
1063 5432 1402 5497 providentia
1430 5435 1700 5503 ahjectum
1730 5452 1871 5501 esse,
1904 5456 2080 5509 neque

515 5517 720 5586 aliquid
763 5522 1157 5577 consolationis
1192 5526 1272 5579 vel
1308 5527 1420 5594 spei
1453 5527 1519 5582 dc
1549 5530 1719 5584 reditu
1749 5546 2038 5601 superesse
2064 5572 2077 5598 ,

614 5694 633 5724 ³
656 5692 676 5745 ι
698 5694 824 5748 Cor.
854 5712 914 5763 ll,
956 5701 1008 5752 8.

2267 4240 2442 4293 Πάλαι
2500 4239 2599 4308 μὲν
2648 4236 2740 4291 οὖν
2768 4239 2857 4291 τὸν
2893 4240 3182 4311 ἄνθρωπον
3228 4244 3347 4305 ταῖς
3382 4246 3500 4307 σαῖς
3529 4245 3781 4306 σκολιαῖς

2196 4335 2556 4402 παραγωγαῖς
2610 4331 3058 4404 πειθαρχήσαντα
3085 4373 3099 4397 ,
3153 4334 3327 4387 λείπει
3359 4334 3510 4399 Θεὸς,
3548 4338 3649 4408 οὐχ
3686 4339 3781 4392 ἵνα

2195 4443 2276 4478 σοι
2328 4424 2406 4496 τῷ
2452 4425 2780 4495 παλαμναίῳ
2823 4424 3099 4495 ἅρπαγμα
3129 4427 3375 4497 γένηται⁸
3411 4429 3507 4499 οὐχ
3539 4429 3717 4497 οὕτως
3751 4436 3784 4486 ὁ

2201 4518 2585 4587 φιλάνθρωπος
2638 4516 2833 4586 Πατὴρ
2891 4517 2985 4569 ἐπὶ
3049 4516 3126 4586 τῷ
3183 4518 3300 4588 ἐμῷ
3375 4522 3783 4592 παροργίζεται

2189 4610 2502 4679 σφάλματι·
2562 4608 2697 4661 ἀλλὰ
2757 4609 3011 4661 τοσοῦτον
3064 4611 3220 4678 μόνον
3272 4612 3588 4665 καταλείπει
3647 4617 3787 4668 ὅσον

2188 4701 2541 4767 συναίσθησιν
2594 4700 2777 4755 λαϐεῖν
2818 4701 2912 4755 τοῦ
2957 4703 3293 4774 σφάλματος,
3352 4710 3444 4759 καὶ
3477 4708 3677 4778 μαθεῖν
3704 4710 3782 4764 δι’

2183 4786 2257 4845 ὧν
2294 4792 2599 4862 φυλάξομαι
2636 4793 2728 4846 τὸν
2778 4794 3062 4847 ἐπίϐουλον
3092 4811 3106 4825 ·
3144 4797 3344 4865 μᾶλλον
3385 4798 3428 4850 δ’
3461 4798 3572 4851 οὐδ’
3608 4801 3783 4863 αὐτὸς

2184 4886 2527 4951 καταλείπει,
2560 4886 2673 4939 ἀλλ’
2698 4889 2831 4958 ἐμοῦ
2862 4890 3045 4953 κακῶς
3065 4890 3173 4944 τῶν
3196 4892 3481 4962 πατρικῶν
3498 4894 3784 4962 ἀποσκιρ-

2179 4980 2445 5047 τήσαντος
2489 4978 2729 5043 κόλπων,
2783 4982 2875 5033 ἐπὶ
2915 4983 3087 5053 βραχὺ
3141 4983 3237 5051 τὴν
3290 4986 3640 5055 καταδρομήν
3689 5005 3786 5042 σοι

2179 5072 2258 5141 τῷ
2288 5072 2509 5143 πονηρῷ
2558 5072 2793 5142 διαφῆκε
2821 5076 3015 5145 θηρίῳ,
3049 5077 3113 5129 ἵν’
3141 5078 3252 5145 ἐγὼ
3287 5080 3574 5143 συσταλεὶς
3606 5080 3787 5138 πάλιν

2178 5167 2244 5232 τῇ
2284 5164 2512 5235 πατρώᾳ
2562 5166 2896 5236 προσδράμω
2949 5167 3185 5240 ἀγκάλῃ.
3221 5170 3293 5221 Σὺ
3337 5170 3381 5223 δ’
3414 5172 3523 5242 ἄρα
3557 5171 3782 5244 ᾠήθης,

2182 5259 2303 5309 ἐπεὶ
2349 5258 2711 5329 παρεκλάπην
2745 5261 3091 5315 παντάπασιν
3122 5264 3463 5335 ἀπεῤῥίφθαι
3493 5272 3787 5339 πατρικῆς

2186 5350 2441 5420 προνοίας
2465 5392 2479 5415 ,
2515 5352 2606 5405 καὶ
2656 5354 2852 5423 μηκέτι
2892 5357 3241 5427 παραμύθιον
3273 5358 3395 5427 μηδ’
3431 5361 3790 5431 ἐπιστροφὴν

2187 5440 2323 5496 εἷναί
2377 5461 2501 5513 μοι,
2550 5445 2685 5499 ἀλλὰ
2733 5448 2822 5500 τὸν
2872 5449 3016 5503 οὕτω
3066 5451 3201 5504 Θεοῦ
3244 5452 3542 5523 τιμηθέντα
3595 5457 3790 5509 εἰκόνι

2189 5532 2442 5601 καθάπαξ
2462 5538 2777 5611 ὑποχείριον
2800 5536 2887 5596 οἷα
2908 5542 2963 5595 δὲ
2994 5544 3261 5617 ἅρπαγμα
3277 5545 3573 5617 ἐπειράθης
3605 5549 3790 5620 ποιή-
