4070 6210
272 268 343 329 93
597 294 619 313 ι
922 264 1204 325 ORATIO
1240 265 1343 326 IX.
1381 290 1447 302 -
1480 264 1563 324 ΙΝ
1603 260 1882 325 ΕΧΑΙιΤΑ

1983 262 2195 324 ΟΝΕΜ
2233 259 2536 326 ΞΑΝΟΤᾹΞ
2569 264 2861 327 CRUCIS.
3454 265 3524 330 94

272 381 504 436 σασθαι.
538 381 694 433 una
725 379 964 450 μάνθανε
995 379 1113 444 νῦν,
1137 380 1212 442 ὡς
1236 380 1415 450 μάτην
1438 378 1539 448 μὲν
1569 381 1603 450 ἡ
1628 378 1864 450 κακίστη

1983 379 2062 435 sed
2092 394 2237 443 eum,
2258 381 2351 448 qui
2380 381 2471 433 Dei
2501 380 2734 448 imagine
2758 379 3050 449 insignitus
3089 384 3228 442 erat,
3257 378 3354 434 tibi
3378 394 3525 449 prur-

268 475 442 544 τέχνη
468 471 863 543 διεσπουδάσθη
894 489 977 525 σοι
1021 471 1122 541 τῆς
1155 470 1466 540 ἐπιϐουλῆς,
1504 470 1682 541 μάτην
1705 468 1762 524 δέ
1792 488 1860 541 με

271 565 349 634 τῷ
382 562 539 634 φυτῷ
562 562 859 628 ὑποθέλξας
902 564 999 631 τῆς
1046 562 1299 630 γνώσεως
1327 563 1421 617 τοῦ
1444 562 1546 633 τῆς
1582 561 1744 632 Ἐδὲμ
1773 562 1861 631 ἐξ·

270 658 433 724 άγεις
487 655 710 725 χωρίου.
750 655 945 725 Μάτην
977 654 1033 707 δὲ
1066 655 1298 726 σοϐαρὸς
1350 656 1618 727 περιῄεις,
1670 651 1861 725 ὲφόίς

268 745 603 801 ἐπεπόνθειν
655 744 788 813 ἐγὼ,
839 740 1141 817 κομπάζων
1169 748 1263 803 ἐπὶ
1309 749 1430 812 ταῖς
1466 749 1586 811 σαῖς
1621 746 1862 811 ἀπάταις

267 840 371 893 καὶ
405 836 832 909 σεμνυνόμενος.

346 1106 502 1175 Ὅρα
528 1103 638 1179 γὰρ
670 1095 758 1155 οἶά
785 1118 877 1172 μοι
900 1100 1114 1170 γέγονε,
1164 1101 1364 1172 μᾶλλον
1407 1102 1454 1156 δ’
1479 1104 1610 1175 δρᾷς
1639 1103 1733 1161 καὶ
1766 1120 1863 1157 πε-

270 1197 533 1267 ριφέρεις
567 1193 758 1262 ὀδύνης
811 1193 1034 1264 κέντρον
1083 1194 1533 1265 ἀπαραμύθητον.
1588 1194 1717 1248 Ἰδοὺ
1752 1193 1862 1266 γὰρ

270 1289 337 1338 ἐν
372 1283 602 1355 Κρανίῳ
627 1285 728 1352 τῆς
759 1281 906 1352 ζωῆς
939 1300 1029 1352 μοι
1060 1280 1216 1346 ξύλον
1241 1283 1431 1354 ἀνέϐη,
1454 1286 1520 1337 δι’
1547 1278 1608 1338 οὗ
1639 1285 1730 1339 καὶ⁵
1762 1300 1865 1338 πα-

278 1377 541 1445 ράδεισον
574 1373 671 1426 καὶ
720 1370 1045 1435 ἀθανασίαν,
1082 1374 1177 1425 καὶ
1209 1373 1307 1442 τὴν
1340 1360 1474 1442 πρὸς
1502 1373 1593 1427 τὸν
1620 1373 1865 1444 πλάστην

270 1466 621 1535 οἰκειότητα,
656 1464 748 1517 τὸν
800 1465 1024 1533 ἀρχαῖον
1067 1462 1433 1534 ἀπολαμϐάνω
1463 1463 1714 1517 πλοῦτον.
1752 1463 1867 1519 Νῦν

277 1577 339 1611 σε
373 1542 581 1627 μᾶλλον
609 1554 641 1625 ἢ
671 1557 791 1608 τότε
824 1554 1150 1625 θερμότερος
1185 1554 1481 1623 ἀναφλέγει
1514 1554 1727 1623 φθόνος,
1760 1554 1867 1623 μά-

1966 486 2063 526 sus
2093 470 2362 533 subdere,
2412 481 2467 523 et
2511 472 2661 524 velut
2713 469 2983 539 rapinam,
3033 470 3311 539 proprium
3359 468 3537 524 facere

1961 560 2179 615 tentasti
2210 576 2227 627 ;
2274 568 2328 615 at
2361 560 2513 615 disce
2548 561 2684 631 jam,
2718 559 2920 615 frustra
2952 569 3004 615 te
3047 560 3188 615 hanc
3241 560 3537 629 pessimam

1960 650 2223 707 fraudem.
2266 661 2320 706 et
2355 653 2585 708 sutelam
2617 652 2981 706 machinatum
3007 666 3130 707 esse
3163 669 3178 713 ;
3222 651 3424 707 frustra
3452 666 3538 707 me

1960 743 2112 814 ligno
2149 745 2399 800 scientiae
2426 744 2738 809 delinitnm,
2769 761 2834 799 ex
2862 745 3083 814 regione
3129 744 3293 799 Edem
3323 745 3534 800 educis.

1963 834 2192 891 Frustra
2225 836 2435 891 circuis
2480 836 2665 890 elatus
2693 836 2764 891 ob
2786 851 2871 901 ea,
2904 852 3025 904 quae
3069 851 3262 906 passus
3292 851 3412 891 sum
3443 836 3539 890 de-
3588 828 3599 837 ’

1960 928 2220 982 trimenta
2247 944 2261 983 :
2291 927 2634 997 triumphans
2665 936 2720 982 et
2749 927 2979 982 mirifice
3007 937 3060 982 te
3080 926 3538 997 circumspiciens

1962 1028 2183 1091 propter
2218 1020 2360 1083 illas,
2391 1034 2530 1089 quas
2566 1030 2909 1075 commentus
2940 1020 3007 1074 es
3040 1019 3280 1075 fraudes.

2038 1112 2255 1167 Intuere
2304 1111 2450 1166 enim
2493 1125 2616 1179 quae
2652 1109 2784 1164 mihi
2825 1110 3107 1165 evenerint
3158 1127 3174 1164 :
3224 1109 3307 1164 vel
3357 1108 3536 1178 potius

1961 1205 2079 1275 jam
2101 1204 2352 1267 intueris,
2387 1203 2781 1271 stimulumqne
2821 1202 3164 1258 insolubilem
3196 1202 3402 1256 doloris
3429 1202 3541 1256 (“ira

1977 1295 2233 1351 curulers.
2264 1281 2408 1349 Ecc'e
2438 1297 2583 1348 enim
2643 1293 2696 1346 in
2722 1294 2988 1348 Calvariae
3038 1295 3156 1348 loco
3183 1294 3386 1363 lignum
3417 1295 3543 1349 vitae

1973 1387 2105 1442 mihi
2134 1386 2368 1451 exstitit,
2398 1399 2508 1455 quo
2530 1393 2584 1440 et
2612 1385 2956 1455 paradisum,
2979 1392 3033 1440 et
3056 1386 3537 1450 immortalitatem,

1972 1489 2026 1533 et
2050 1479 2501 1548 conjunctionem
2542 1490 2669 1531 cum
2708 1477 3023 1539 Conditore,
3055 1485 3373 1546 veteresque
3409 1492 3542 1546 opes

1972 1582 2259 1636 recupero.
2290 1567 2361 1621 At
2390 1574 2447 1619 tu
2478 1580 2625 1620 nunc
2674 1566 2989 1621 ardentiore
3018 1582 3182 1636 quam
3211 1568 3339 1621 olim
3372 1568 3544 1621 livore

277 1652 441 1705 λιστά
493 1668 582 1719 γε,
616 1651 644 1703 ὃ
674 1667 728 1703 τι
771 1648 868 1702 καὶ
901 1646 1080 1720 δρῴης
1125 1647 1514 1718 ὲξαποροῦντα.
1556 1649 1712 1702 Πᾶσα
1759 1648 1869 1718 γὰρ

1983 1659 2341 1718 contabescis,
2376 1658 2614 1713 maxime
2652 1672 2777 1712 cum
2827 1658 3064 1721 nescias,
3098 1673 3208 1727 quo
3246 1667 3299 1713 te
3342 1669 3539 1714 vertas.

280 1740 646 1808 κακοτεχνίας
710 1718 943 1808 μηχανὴν
985 1735 1335 1808 περιῄρηται,
1386 1737 1494 1790 οὐδ’
1532 1738 1647 1791 ἔστι
1689 1737 1757 1792 δι’
1795 1730 1871 1790 ὧν

1983 1750 2167 1805 Omnis
2192 1750 2337 1805 enim
2368 1752 2741 1805 versutiarum
2765 1750 3019 1804 machina
3041 1750 3138 1804 tibi
3170 1751 3394 1820 pracisa
3421 1761 3539 1804 est:

284 1834 362 1884 ἐτι
386 1832 560 1901 πόρον
604 1831 740 1902 πρὸς
777 1831 991 1900 ἀπάτην
1025 1830 1231 1895 λάϐοις.
1280 1831 1356 1884 Οὐ
1393 1830 1500 1902 γάρ
1534 1831 1693 1902 μόνον
1738 1831 1874 1885 ὑπο-

284 1921 599 1994 ψιθυρξζειν
626 1922 687 1974 οὐ
722 1923 1098 1994 παρρησιάσῃ,
1123 1922 1240 1975 ἀλλ’
1287 1918 1409 1975 οὐδὲ
1439 1924 1616 1976 οἰστόν
1656 1912 1738 1975 σὸι
1775 1922 1875 1993 μέο

292 2034 395 2069 tam
422 2013 525 2085 τὴν
555 2014 667 2067 ἀπὸ
691 2013 787 2066 τοῦ
812 2013 955 2067 θείου
989 2014 1181 2068 τούτου
1216 2014 1383 2082 φυτοῦ
1417 2012 1645 2085 δύναμιν
1686 2018 1870 2086 προῖε-

297 2106 482 2175 μὲνην.
540 2103 679 2157 Ἰδού
714 2122 805 2175 μοι
844 2104 906 2156 τὸ
956 2102 1236 2173 βασιλικὸν
1291 2103 1571 2174 σκῆπτρον
1604 2097 1693 2158 οἶα
1722 2102 1882 2158 παιδὶ

295 2196 634 2267 ἠγαπημένῳ
667 2195 885 2249 δίδωσιν
926 2197 956 2248 δ
1000 2195 1298 2265 Δεσπότης.
1330 2196 1408 2247 Δι’
1440 2186 1501 2246 οῦ
1534 2211 1594 2247 σε
1621 2194 1712 2247 τὸν
1747 2210 1876 2247 σκο-

305 2289 416 2340 λιὸν
442 2286 757 2350 θανατώσας
785 2286 908 2354 δςριν
952 2286 1051 2359 τὴν
1099 2286 1243 2358 ζωὴν
1277 2285 1592 2357 ἐχαρίσατο.
1638 2284 1752 2339 Νῦν
1784 2304 1875 2357 μοι

310 2383 367 2434 τὸ
394 2381 523 2450 μέγα
547 2380 652 2447 τῆς
689 2378 989 2447 ἀσφαλείας
1026 2377 1189 2431 ὅπλον
1224 2375 1547 2447 ἐχαλκεύθη,
1579 2375 1646 2428 δι’
1673 2370 1734 2429 οῦ
1773 2376 1879 2430 πά-

309 2491 400 2544 σης
433 2471 732 2542 ἐπιϐουλῆς
785 2469 1026 2541 ἀμείνων
1076 2469 1436 2539 καθίσταμαι.
1478 2468 1620 2522 Ἀλλ’
1655 2463 1699 2521 ὦ
1725 2468 1878 2533 ξύλον

299 2562 454 2631 μόνον
486 2564 551 2613 ἐκ
601 2558 785 2628 φυτῶν
825 2558 970 2611 θείου
1003 2558 1241 2628 νάματος
1280 2557 1473 2629 ἀρδείᾳ
1504 2558 1768 2612 πιανθένι
1810 2558 1875 2609 Ὢ

296 2653 445 2717 ξύλον
477 2653 615 2720 φυὲν
643 2652 743 2721 μὲν
774 2645 835 2703 ἒν
860 2651 1105 2721 Κρανίῳ,
1139 2652 1320 2703 πᾶσαν
1354 2650 1410 2702 δὲ
1448 2649 1551 2720 γῆν
1587 2650 1880 2720 περιλαϐὸν

290 2748 355 2815 τῇ
407 2746 563 2817 σκιᾷ,
600 2746 658 2797 ὲν
693 2737 737 2812 ᾧ
766 2744 866 2812 τῆς
897 2742 1174 2812 κακούσης
1208 2743 1484 2813 ἁμαρτίας
1508 2742 1880 2804 ,διανεπαυσά-

296 2838 439 2909 μηνί
492 2838 561 2889 Ὠ
610 2837 775 2907 φυτὸν
811 2836 870 2887 ὲν
911 2837 982 2904 γῇ
1027 2834 1127 2904 μὲν
1158 2833 1492 2905 βλαστῆσαν,
1525 2833 1880 2909 ύπερῆκονδξ

292 2932 386 2983 τὸν
407 2927 668 2999 οὐρανὸν,
702 2920 762 2980 οὗ
788 2927 879 2981 τὸν
906 2926 1186 2997 ἀμύθητον
1212 2925 1434 2994 ἄγγελοι
1464 2925 1676 2997 καρπὸν
1707 2925 1878 2997 ὁρῶν-

1971 1859 2147 1912 neque
2186 1853 2272 1898 cst
2330 1843 2472 1899 unde
2515 1841 2754 1913 amplius
2793 1843 3140 1897 occasionem
3188 1842 3256 1895 ad
3297 1842 3546 1896 fraudem

1974 1944 2150 2003 petas.
2181 1932 2317 1988 Nam
2361 1948 2472 1988 non
2517 1933 2694 1989 solum
2745 1933 3044 1988 mussitare
3084 1947 3193 1987 non
3224 1932 3412 1997 audes,
3450 1932 3544 1988 sed

1971 2037 2148 2091 neque
2175 2030 2331 2091 potes
2371 2021 2486 2076 ullo
2528 2019 2692 2074 modo
2722 2020 2954 2075 sufferre
2984 2021 3237 2075 virtutem
3281 2028 3337 2074 et
3367 2019 3551 2075 eflicao

1971 2112 2133 2178 ciam,
2166 2127 2287 2181 qua:
2315 2111 2383 2165 ab
2414 2111 2517 2164 hac
2544 2111 2729 2163 divina
2757 2110 2944 2179 planta
2974 2110 3264 2165 emittitur.
3295 2110 3431 2165 Ecce
3462 2125 3548 2165 re-

1971 2203 2119 2275 gium
2150 2211 2455 2272 sceptrum,
2512 2208 2773 2270 tanquam
2820 2200 3020 2256 dilecto
3062 2201 3192 2265 ﬁlio,
3244 2202 3411 2255 tradit
3445 2199 3551 2254 Do.

1973 2293 2178 2356 minus,
2209 2308 2314 2362 quo
2349 2300 2424 2352 te.
2454 2302 2673 2346 versute
2705 2306 2953 2360 serpens,
2980 2295 3183 2356 occiso,
3214 2293 3383 2346 vitam
3415 2292 3546 2345 mihi

1973 2384 2216 2438 donavit.
2267 2383 2422 2437 Nunc
2472 2383 2604 2435 mihi
2658 2382 2891 2451 insignis
2943 2384 3034 2437 illa
3064 2393 3337 2437 armatura
3370 2382 3552 2437 omnis

1977 2473 2218 2544 praesidii
2254 2474 2501 2528 confecta
2530 2482 2632 2539 est,
2671 2488 2777 2544 qua
2809 2475 3027 2529 cunctis
3060 2474 3273 2529 insidiis
3301 2475 3554 2543 superior

1975 2566 2198 2622 eﬂicior.
2232 2567 2302 2619 At
2324 2582 2357 2619 o
2393 2567 2595 2635 lignum
2628 2567 2804 2620 solum
2826 2581 2893 2620 ex
2923 2567 3180 2621 omnibus
3227 2566 3429 2635 plantis
3466 2566 3554 2621 di-

1978 2659 2087 2713 vini
2120 2659 2309 2713 fluenti
2341 2641 2659 2728 irrigatione
2685 2646 3113 2728 pinguefactuml
3147 2661 3190 2713 υ
3216 2659 3420 2730 lignum
3450 2674 3555 2714 na-

1976 2760 2090 2806 tum
2117 2753 2335 2821 quidem
2380 2751 2433 2804 in
2471 2750 2590 2805 loco
2618 2750 2904 2815 Calvariae,
2933 2762 2989 2804 at
3015 2751 3207 2805 umbra
3247 2762 3339 2805 tua
3380 2760 3553 2806 totum

1974 2852 2246 2898 terrarum
2276 2843 2463 2897 orbem
2500 2841 2796 2905 ambivisti,
2830 2842 2885 2895 in
2918 2857 3030 2911 quo
3063 2857 3093 2896 a
3121 2853 3372 2910 peccato,
3409 2842 3557 2912 quud

1980 2950 2067 2990 me
2114 2934 2406 3005 afﬂigebat,
2462 2932 2728 2989 liberatus
2770 2934 2931 2988 sum!
2985 2931 3271 3003 inlanta,
3316 2934 3370 2987 in
3416 2943 3559 2989 terra

294 3037 408 3085 τες,
444 3020 549 3088 τὴν
594 3015 832 3087 μεγάλην
866 3015 1057 3084 σοφίαν
1094 3014 1188 3068 τοῦ
1229 3015 1538 3084 φυτοκόμου
1567 3014 1872 3085 θαυμάζου-

1983 3025 2199 3097 quidem
2239 3026 2577 3097 germinans,
2610 3033 2667 3080 at
2721 3029 2919 3081 caelum
2953 3026 3368 3091 transrendens,
3400 3026 3560 3096 cujus

298 3127 384 3163 σιν
417 3108 874 3178 ἐκπληττόμενοι,
922 3106 1091 3177 ὁρῶσι
1147 3106 1357 3177 καρπὸν
1412 3104 1520 3157 τῶν
1574 3104 1876 3176 ἀνθρώπων

1984 3116 2316 3173 ineffabilem
2341 3118 2579 3172 fructum
2611 3119 2784 3188 angeli
2826 3118 2954 3172 dum
2984 3118 3288 3184 intuentur,
3326 3118 3560 3174 immen-

294 3205 396 3275 τὴν
440 3200 743 3272 σωτηρίαν,
788 3200 882 3253 τοῦ
914 3197 1146 3253 θανάτου
1175 3197 1494 3262 κατάλυσιν,
1524 3196 1625 3269 τὴν
1670 3200 1747 3260 εἰς
1780 3199 1879 3269 τὴν

296 3295 539 3367 πατρίδα
567 3295 677 3346 τῶν
705 3291 1009 3365 ἀνθρώπων
1035 3291 1314 3355 ἐπάνοδον,
1340 3292 1437 3362 τῆς
1463 3289 1723 3363 φλογίνης
1752 3292 1881 3362 ῥομ-

299 3394 472 3460 φαίας
501 3389 603 3460 τὴν
633 3386 1007 3458 ὑποχώρησιν,
1032 3385 1127 3439 τοῦ
1157 3385 1403 3439 διαϐόλου
1439 3386 1542 3457 τὴν
1567 3381 1734 3458 ἧτταν
1782 3384 1879 3438 καὶ

296 3486 526 3554 τρόμον,
579 3481 674 3534 καὶ
699 3481 799 3552 τὴν
853 3480 947 3534 ἐπὶ
985 3480 1131 3551 μόνῳ
1179 3479 1334 3551 τύπῳ
1363 3479 1513 3549 τῆξιν
1566 3478 1731 3532 αὑτοῦ
1780 3478 1875 3531 καὶ

302 3573 617 3646 ἀτρανισμόν
649 3574 664 3628 l

377 3755 576 3810 Ταῦτα
610 3754 667 3807 δὲ
714 3752 808 3806 τοῦ
865 3750 1100 3820 σταυροῦ
1147 3750 1245 3822 τὴν
1295 3751 1447 3823 ἰσχὺν
1495 3751 1591 3805 καὶ
1638 3749 1888 3819 θειότητα

310 3848 507 3920 πρώην
542 3846 808 3913 εἰκόνιζον
838 3843 1266 3914 προτυποῦντες,
1298 3842 1570 3914 ὁμήγυρις
1597 3840 1736 3911 ἱερὰ.
1762 3841 1888 3912 ἄρτι

314 3943 412 4013 μὲν
451 3939 653 4012 ῥάϐδου
702 3938 1070 4011 προφητικῆς,
1115 3937 1331 4004 ἀπάτης
1361 3933 1673 4011 σοφίὶσμασα
1721 3951 1889 3987 κατα-

313 4034 544 4103 πιούσης
572 4031 867 4101 Αἰγύπτια,
919 4031 1010 4084 καὶ
1041 4030 1170 4083 λαὸν
1209 4029 1270 4094 ἐξ
1320 4027 1596 4097 Αἰγύπτου
1646 4026 1891 4090 δουλείας

312 4126 637 4194 ἐξαγούσης,
690 4122 816 4193 ἄρτι
860 4120 903 4175 δ’
931 4121 1230 4193 ἀκροτάτου
1279 4122 1498 4191 νάματα
1536 4106 1892 4190 πηγαζούσης

317 4218 513 4291 ῥάϐδου
545 4216 727 4297 πληγῇ
764 4215 855 4287 καί
880 4213 1066 4284 δίψους
1091 4214 1339 4282 ἀνάγκην
1368 4210 1890 4283 παραμυθουμένης,

316 4309 557 4380 ὲρημικῇ
591 4306 788 4377 πορείᾳ
825 4304 1165 4368 διαθλοῦντος
1199 4303 1352 4358 λαοῦ.
1385 4304 1496 4357 Καὶ
1531 4302 1626 4356 νῦν
1657 4303 1757 4373 μὲν
1797 4302 1892 4355 ἀν-

1985 3225 2100 3265 sant
2127 3207 2326 3265 saloris
2357 3210 2523 3278 hujus
2558 3209 2880 3279 sapientiam
2918 3209 3366 3279 obstupescentes
3390 3209 3564 3264 admi-

1985 3304 2221 3358 rantur!
2275 3303 2559 3356 intuentur
2604 3301 2867 3366 fructum,
2903 3303 3135 3358 salutem
3183 3302 3431 3357 videlicet
3472 3301 3562 3356 lto-

1990 3395 2218 3456 minum,
2245 3394 2440 3448 mortis
2465 3394 2901 3457 dissolutionem,
2932 3394 3165 3448 reditum
3195 3393 3473 3447 hominum
3504 3394 3560 3447 in

1998 3485 2253 3556 patriam,
2275 3483 2538 3539 flammeae
2556 3485 2708 3539 rltom
2718 3485 2882 3554 plna-aa
2898 3499 3196 3548 recessum,
3219 3482 3422 3538 diaboli
3445 3484 3561 3537 cla-

1990 3579 2109 3634 dem
2141 3589 2196 3633 et
2225 3587 2538 3643 tremor-em,
2581 3577 2812 3647 ejusque
2856 3576 2923 3630 ad
2966 3576 3132 3646 hujus
3156 3575 3392 3646 speciem
3419 3574 3563 3629 dun-

1988 3679 2140 3726 taxat
2163 3668 2581 3724 tabefactioncnt
2612 3679 2666 3722 et
2692 3666 2900 3736 fugam.

2060 3761 2126 3814 Et
2180 3761 2318 3813 hanc
2370 3757 2591 3828 quidem
2643 3757 2898 3812 virtutem
2944 3765 3000 3811 et
3047 3755 3389 3812 divinitatem
3429 3756 3560 3811 olim

1996 3853 2144 3906 varia
2193 3848 2615 3921 praefigurabant
2666 3856 2719 3903 et
2772 3848 3210 3913 adumbrabant,
3261 3847 3562 3915 auditores,

1997 3941 2159 3996 modo
2184 3941 2340 4010 virga
2374 3939 2717 4010 praphetica,
2758 3954 2881 4010 qua:
2923 3938 3213 4010 [Egyptias
3260 3938 3564 4009 praestigias

1996 4032 2298 4097 devoravit,
2315 4032 2683 4102 populumque
2704 4047 2770 4085 ex
2785 4029 3041 4102 Egyptia
3064 4032 3325 4087 servitute
3340 4030 3561 4085 eduxit:

1993 4123 2158 4178 modo
2190 4121 2338 4193 virga
2367 4123 2476 4176 ictu
2499 4136 2601 4176 suo
2625 4136 2692 4176 ex
2724 4129 2874 4191 petra
2904 4136 3059 4191 aqua:
3085 4120 3299 4191 copiam
3315 4120 3564 4185 eiiciens,

1995 4216 2228 4286 sitisque
2286 4225 2569 4285 urgentem
2628 4213 3008 4269 necessitatem
3063 4213 3362 4282 depellens,
3423 4194 3562 4274 tum,

1998 4323 2122 4363 cum
2154 4306 2389 4377 populus
2423 4306 2620 4361 itinere
2656 4320 2753 4375 per
2785 4304 3134 4360 solitudinem
3191 4302 3518 4371 fatigabatur
3549 4318 3563 4356 :

317 4371 632 4469 θεῖ’-ῥάϐδος
667 4371 775 4451 καὶ.
808 4398 906 4467 τῆς
938 4395 1237 4469 ἱερωσύνης
1266 4394 1515 4465 δωρεῖται
1542 4394 1604 4447 τὸ
1643 4371 1882 4464 χάρισμα

1996 4371 2372 4454 modo-itidem
2406 4396 2562 4451 floret
2590 4371 2760 4466 virga,
2807 4405 2862 4451 et
2909 4395 3202 4451 sacerdotii
3242 4396 3565 4464 dignitatem

314 4494 391 4565 τῷ
434 4491 799 4562 βλαστήματι.
854 4488 970 4542 Νῦν
1018 4489 1063 4542 δ’
1102 4487 1208 4541 ύπδ
1255 4488 1510 4558 γέροντος
1554 4488 1889 4558 πατριάρχου

315 4584 734 4655 προσκυνεῖται,
776 4582 824 4634 εί
854 4582 949 4633 καὶ
998 4578 1285 4650 βασιλέως,
1317 4578 1434 4633 ἀλλ’
1462 4575 1590 4631 Υίοῦ
1619 4577 1895 4649 χρηματί-

315 4675 484 4742 (suae.
512 4673 733 4746 ῥάϐδος.
762 4671 936 4726 Τοῦτο
965 4672 1072 4745 ἄρα
1105 4667 1194 4742 ἦν,
1225 4670 1457 4742 ἐπείπερ
1484 4669 1706 4741 ἔμελλεν
1735 4670 1769 4740 ἠ
1798 4666 1903 4723 τοῦ.

316 4766 559 4838 σταυροῦ
591 4765 860 4836 σωτήριος
896 4763 1092 4836 ῥάϐδος
1128 4764 1190 4817 ού
1231 4762 1390 4834 μόνον
1421 4762 1526 4816 ὑπὸ
1570 4762 1760 4829 ἐθνῶν,
1800 4759 1895 4825 οὓς

314 4861 380 4931 δὴ
411 4854 782 4930 κληρονομίαν
815 4858 844 4910 δ
888 4855 1079 4928 Πατὴρ
1122 4855 1305 4910 δίδωσι
1350 4854 1428 4926 τῷ
1462 4855 1600 4925 Υίῷ,
1633 4853 1770 4908 άλλά
1802 4844 1897 4909 καῖ

318 4950 602 5005 ὑπἀὐτοῦ
633 4948 1057 5019 προσκυνεῖσθαι
1072 4946 1176 5001 τοῦ
1204 4947 1453 5019 γέροντος
1490 4946 1804 5019 Ἰσραὴλ,ὃς
1835 4946 1899 5018 δὴ

316 5049 462 5103 κατά
500 5048 683 5117 σάρκα
710 5045 990 5115 γεννήτωρ
1011 5041 1289 5115 ὧφθηιτοῦ
1315 5041 1665 5114 γεννηθέντος
1702 5042 1901 5097 ἀπάτο-

320 5157 430 5210 ρος.
480 5138 707 5199 Πάντως
747 5134 804 5188 δὲ
836 5135 991 5188 οὐδὲν
1014 5133 1333 5188 ὑπεναντίον
1356 5133 1433 5204 τῷ
1466 5132 1609 5205 λόγῳ
1637 5134 1671 5204 ὴ
1697 5134 1902 5187 τούτων

321 5231 487 5301 μέχρι
517 5227 616 5280 καὶ
647 5224 745 5280 νῦν
780 5224 919 5295 πρὸς
947 5223 1245 5294 ἐπίγνωσιν
1274 5221 1534 5294 ἀναϐολὴ,
1572 5221 1731 5294 εῐπερ
1760 5225 1903 5278 κατὰ

316 5322 377 5376 τὸ
393 5322 602 5388 λόγιον,
627 5313 778 5392 ἑάνῇ
800 5320 828 5371 ὁ
848 5315 1079 5387 ἀριθμὸς
1105 5315 1215 5370 τῶν
1240 5314 1371 5369 υἱῶν
1385 5314 1713 5387 Ἰσραὴλ,ὠς
1733 5317 1766 5388 ἡ
1795 5315 1903 5386 ἄμ-

322 5433 421 5484 μος
448 5413 555 5485 τῆς
582 5410 882 5483 θαλάσσης,
909 5410 977 5464 τὸ
1005 5409 1379 5479 κατάλειμμα
1405 5409 1765 5478 σωθήσεται.
1796 5409 1906 5462 Σω-

318 5500 486 5578 τηρία
512 5506 562 5559 δ’
589 5505 697 5560 οὐκ
741 5502 892 5559 ἐστιν
930 5503 991 5558 ὲν
1019 5501 1164 5573 ἄλλῳ
1193 5500 1321 5568 τινὶ,
1347 5500 1383 5573 η
1429 5498 1507 5570 τῷ
1535 5497 1898 5573 σταυρωθέντι

391 5703 437 5737 τι
466 5701 578 5758 lsa.
608 5716 667 5765 ς,
694 5697 756 5752 21
787 5711 802 5760 ;
829 5694 985 5753 Rom.
1012 5711 1088 5763 ιι,
1114 5694 1203 5749 27.

1990 4491 2113 4561 ipso
2147 4504 2248 4544 suo
2279 4488 2523 4558 germine
2571 4487 2821 4542 confert:
2847 4486 3009 4541 modo
3043 4501 3072 4540 a
3113 4486 3425 4555 patriarcha
3451 4484 3566 4554 jam

1993 4581 2211 4635 seniore
2251 4576 2517 4632 aduratur
2561 4576 2691 4631 licet
2747 4576 2914 4646 regis,
2964 4583 3209 4629 attamen
3268 4573 3364 4627 ﬁlii
3415 4574 3568 4644 virga

1994 4673 2163 4727 dicta.
2188 4670 2341 4737 Quod
2392 4670 2633 4734 accidit,
2665 4668 2791 4738 quia
2837 4666 3089 4721 futurum
3125 4673 3263 4730 erat,
3307 4672 3366 4720 ut
3415 4664 3567 4718 salu-

1998 4767 2134 4820 taris
2164 4766 2315 4835 virga
2345 4764 2523 4819 crucis
2549 4778 2659 4817 non
2702 4764 2876 4818 solum
2910 4777 2939 4815 a
2963 4760 3386 4831 gentibus,quas
3410 4757 3569 4812 Pater

1996 4857 2138 4913 Filio
2163 4873 2264 4913 suo
2291 4859 2384 4913 dat
2418 4872 2518 4926 pro
2547 4854 2884 4918 haereditate,
2915 4852 3257 4917 adoraretur,
3279 4851 3373 4906 sed
3400 4850 3567 4905 etiam

1996 4953 2063 5005 ab
2090 4950 2210 5020 ipso
2236 4964 2367 5004 sene
2413 4947 2601 5012 Israel,
2652 4946 2745 5018 qui
2810 4945 3110 5002 secundum
3160 4957 3380 4998 carnem
3416 4950 3571 5013 pater

1996 5057 2117 5097 esse
2150 5042 2297 5095 visus
2325 5049 2409 5095 est
2438 5038 2580 5108 ejus,
2612 5038 2705 5107 qui
2741 5036 2862 5092 sine
2889 5042 3044 5105 patre
3071 5036 3290 5105 genitus
3316 5041 3425 5089 est.
3457 5033 3571 5088 Nec

1999 5130 2323 5186 adversatur
2359 5122 2594 5184 orationi
2626 5142 2779 5192 meae,
2813 5127 2958 5197 quod
2986 5126 3075 5181 isti
3108 5126 3177 5180 ad
3202 5126 3444 5182 veritatis
3471 5140 3569 5179 co-

2006 5226 2302 5296 gnitionem
2337 5225 2442 5280 huc
2488 5240 2662 5294 usque
2712 5230 3060 5287 cunctantur,
3101 5222 3228 5291 quia
3265 5220 3569 5275 secundum

2007 5318 2191 5374 divina
2214 5317 2461 5382 oracula,
2493 5316 2538 5370 si
2571 5329 2831 5369 numerus
2865 5314 3099 5368 filiorum
3127 5312 3291 5368 lsrael
3320 5311 3483 5367 fuerit
3513 5320 3571 5365 ut

2009 5423 2174 5465 arena
2203 5410 2390 5473 maris,
2424 5406 2622 5460 residui
2645 5406 2990 5461 salvabuntur
3019 5404 3083 5459 ⁷⁸.
3113 5404 3274 5459 Salus
3302 5412 3481 5458 autem
3515 5404 3571 5458 in

2007 5500 2113 5557 alio
2150 5516 2257 5556 non
2284 5510 2364 5556 est
2404 5514 2567 5571 quam
2600 5498 2655 5555 in
2686 5497 2950 5555 crucifixo
2978 5495 3572 5566 Unigenitoﬁaternm
