4070 6210
318 301 394 366 97
1044 295 1326 356 ORATIO
1364 296 1418 355 Χ
1468 319 1536 335 -
1560 296 1644 358 ΙΝ
1678 296 2108 361 DOMINICAM
2149 299 2873 364 RESURRECTIONEM.
3507 305 3581 371 98

320 412 517 486 φθορὰ
557 409 954 481 φυγαδεύεται.
1030 409 1125 463 καὶ
1181 409 1527 462 πολιτεύεται
1593 409 1907 480 ἀφθαρσεα·

2018 413 2193 481 ruptio
2220 421 2274 465 et
2309 413 2584 477 interitus,
2610 428 2675 468 ac
2706 412 3051 483 incorruptio
3085 420 3315 483 regnat:
3345 413 3585 473 Jubilatc

330 502 706 567 Ἄλαλάξατε
723 500 803 565 τῷ
821 499 961 565 Θεῷ,
983 496 1153 555 πᾶσα
1179 501 1217 568 ἡ
1238 498 1336 569 τῆ·
1358 501 1625 555 ἀναϐοᾶτε
1643 501 1743 571 τὴν
1758 502 1914 556 δυνα-

321 598 516 650 στείαν
541 592 711 647 αὐτοῦ
734 609 749 623 ·
784 590 1096 662 καθῄρηται
1127 590 1158 642 ὁ
1202 590 1473 654 ἀντίδικος
1493 607 1508 621 ο
1557 592 1587 644 ό
1624 592 1912 661 ὑπερήφα-

321 704 422 751 νος
480 684 921 740 τεταπείνωταιο
964 685 994 737 ό
1054 682 1307 752 δεσμίους
1366 682 1632 753 κατέχων,
1693 682 1911 753 δεσμοῖς

317 778 761 848 περιϐέὸλψεαν
822 778 852 830 ό
901 776 964 829 τὸ
1010 775 1167 844 γάνος
1234 775 1533 843 ἀφανίζων,
1608 774 1859 830 ἀπώλετο
1890 793 1905 808 ·

315 872 569 942 Χριστὸς
602 871 665 934 ἐξ
696 869 823 939 ᾅδου
875 868 1277 938 τροπαιοφόρος
1302 907 1317 931 ,
1362 866 1448 931 τίς
1488 868 1550 921 ού
1586 870 1912 941 προῦπαντᾷ

274 1022 283 1036 ι
314 958 425 1013 τοῦ
457 958 704 1011 τοιούτου
750 956 1035 1027 τροπαίου,
1069 958 1196 1011 ποσί
1244 956 1339 1009 καὶ
1380 959 1585 1025 φωναῖς
1616 957 1797 1023 ἀξίαις
1832 959 1911 1030 τῷ

315 1053 565 1121 νικητῇς
610 1048 811 1121 ’ᾼδέτω
858 1047 1064 1103 ἀνωθεν
1094 1048 1125 1101 δ
1155 1048 1405 1119 οὐρανὸς,
1436 1049 1533 1103 καὶ
1565 1050 1639 1119 γῆ
1665 1051 1911 1106 κάτωθεν

316 1142 397 1196 τὰ
426 1142 725 1213 νικητήρια
750 1141 994 1212 ᾄσματα.
1027 1140 1144 1195 Νῦν
1172 1140 1395 1209 ἄγγελοι
1414 1142 1867 1211 δοξολογείτωσαν
1892 1161 1907 1177 ο

316 1234 423 1290 νῦν
446 1233 729 1303 ἅνθρωποι
783 1231 1182 1304 χορευέτωσαν,
1216 1234 1438 1303 εἰρήνης
1467 1235 1650 1298 αὐτοῖς
1676 1236 1907 1303 ἀναφαι-

317 1328 486 1399 ρέτου
512 1325 914 1396 δεδωρημένης.
954 1325 1203 1381 Ἐκτεινε
1256 1325 1365 1395 γὰρ
1397 1326 1494 1397 τὴν
1522 1326 1727 1397 ἔχθραν
1753 1328 1809 1380 ὲν
1841 1331 1906 1398 τῇ

319 1418 497 1488 σαρκὶ
521 1416 957 1479 συναποκτείνας
989 1416 1126 1486 αὐτῇ
1152 1415 1244 1469 τὸν
1267 1416 1471 1487 ταύτης
1498 1418 1734 1486 πατέρα,
1762 1417 1792 1469 ὁ
1821 1420 1910 1489 σή.

321 1526 497 1581 μερον
536 1507 656 1571 ιὼς
709 1509 776 1562 ὲκ
835 1507 1110 1570 παστάδος
1162 1505 1445 1578 προελθὼν
1472 1507 1567 1561 τοῦ
1596 1508 1789 1577 τάφου,
1821 1508 1910 1560 δε-

322 1601 483 1672 σμῶν
520 1599 758 1654 αἰωνίων
824 1599 921 1654 καὶ
975 1598 1163 1653 πυλῶν
1208 1598 1304 1653 τοῦ
1366 1599 1599 1654 θανάτου
1643 1598 1908 1671 κρείττων

330 1695 643 1765 (ενόμενος.
674 1691 790 1747 Νῦν
813 1695 948 1763 ημῖν
981 1691 1173 1745 πασῶν
1216 1692 1442 1762 ἑορτῶν,
1466 1693 1569 1763 ὅση
1612 1694 1670 1745 ὲν
1691 1693 1909 1762 ὁρατοῖς

2016 505 2125 559 Deo
2152 506 2322 559 onmt’s
2353 518 2497 558 terra
2519 506 2599 573 7°;
2627 507 2737 560 alto
2762 506 2911 560 vocis
2935 509 3211 576 praeconio
3248 507 3370 575 ejus
3397 508 3585 567 cll‘erte

2014 598 2310 664 potentiam
2349 616 2361 650 ε
2396 606 2705 667 prostratus
2739 608 2824 652 est
2853 597 3205 655 adversarius
3241 617 3255 655 :
3288 601 3583 669 superbus,

2012 690 2343 759 depressus;
2404 691 2495 759 qui
2551 691 2764 745 vinctos
2800 689 2953 759 prius
3011 695 3249 755 tenebat,
3292 708 3438 747 nunc
3468 693 3587 749 vin-

2012 782 2155 836 culis
2194 782 2529 836 constrictus
2586 790 2801 836 tenetur
2844 800 2857 835 :
2914 780 3011 852 qui
3061 798 3235 851 genus
3288 785 3586 841 humanum

2014 872 2266 927 abolebat
2322 889 2387 928 ac
2440 872 2845 942 exstinguebat,
2898 873 2946 928 is
2989 874 3101 943 jam
3153 875 3376 932 occidit.
3419 876 3589 935 Adest

2011 963 2267 1021 Christus
2301 980 2367 1019 ex
2400 963 2591 1018 inferis
2636 964 2857 1029 vietor;
2912 966 3040 1034 quis
3086 982 3197 1021 non
3242 968 3455 1023 obviam
3514 969 3586 1025 ei.

2010 1072 2120 1126 qua
2160 1058 2359 1129 pedum
2387 1056 2632 1126 agilitate
2674 1072 2739 1112 ac
2782 1072 2979 1113 vocum
3040 1058 3322 1115 alacritate
3374 1067 3587 1115 tantum

2010 1148 2168 1201 decet
2203 1147 2489 1211 victorem,
2535 1147 2873 1203 occurrerit?
2903 1145 3079 1204 Canat
3120 1149 3321 1204 ctelnm
3352 1150 3590 1220 desuper

2013 1238 2259 1293 victoriae
2312 1239 2549 1305 cantica,
2603 1248 2857 1309 terraque
2924 1240 3135 1296 subter.
3188 1239 3345 1295 Nunc
3405 1240 3587 1311 angeli

2011 1331 2244 1400 gloriam
2287 1340 2588 1387 resonent:
2620 1348 2767 1386 nunc
2818 1332 3071 1388 homines
3126 1332 3328 1389 chorus
3353 1333 3585 1395 ducant,

2010 1425 2083 1478 oh
2127 1437 2337 1492 pacem,
2383 1438 2614 1493 eamque
2643 1422 3059 1493 sempiternam,
3106 1438 3452 1480 concessam.
3495 1424 3586 1479 ln-

2010 1514 2226 1569 terl'ecit
2241 1513 2387 1567 enim
2414 1514 2730 1583 inimicitias
2749 1514 2802 1568 in
2826 1528 2995 1581 carne
3017 1514 3083 1578 ⁷⁷,
3110 1515 3399 1571 interiecto
3421 1515 3586 1571 simul

2009 1620 2134 1659 cum
2190 1604 2387 1661 iisdem
2432 1603 2748 1661 earumdem
2781 1615 3009 1675 parente
3057 1620 3122 1660 ac
3155 1606 3393 1671 artiﬁce;
3426 1606 3473 1662 is
3499 1606 3587 1663 ni-

2010 1693 2234 1758 mirum,
2263 1695 2358 1765 qui
2391 1694 2552 1751 hodie
2578 1710 2641 1750 ex
2664 1697 2939 1766 sepulcro,
2962 1704 3224 1767 tanquam
3244 1713 3314 1753 ex
3349 1697 3589 1752 tlmlamo

327 1791 419 1841 οιαὶ
442 1790 545 1856 ὅση
580 1789 641 1839 ἐν
686 1787 918 1855 νοητοῖς,
950 1784 1115 1856 ἑορτὴ
1173 1784 1423 1857 θειοτέρα
1463 1786 1556 1839 καὶ
1584 1784 1913 1856 ὑψηλοτέρα.

2018 1785 2339 1857 processit,‘
2374 1787 2598 1843 eternis
2648 1788 2757 1844 illis
2799 1789 3036 1845 vinculis
3073 1804 3138 1845 ac
3178 1790 3357 1860 portis
3392 1791 3589 1847 mortis

327 1879 435 1933 Καὶ
457 1878 518 1930 εἴ
543 1894 630 1939 τις
652 1876 761 1947 γάρ
791 1876 926 1947 ἄλλη
959 1876 1112 1929 ἐστὶν
1144 1876 1539 1947 ὑπερουράνιος
1565 1876 1908 1945 ἀγαλλίασις,

325 1972 389 2042 ἢν
409 1972 506 2025 διὰ
535 1970 741 2033 παντὸς
784 1970 841 2023 αί
893 1969 1021 2039 περὶ
1070 1967 1206 2022 Θεὸν
1256 1969 1611 2040 ἑορτάζουσαι
1655 1969 1912 2041 δυνάμεις

324 2064 741 2134 εὐφραίνονται,
804 2060 1067 2130 κάκείνην
1114 2058 1457 2129 ὑποληπτέον
1508 2061 1684 2133 ταύτῃ
1732 2078 1912 2132 παρα-

329 2157 561 2227 χωρεῖν·
592 2155 656 2208 ού
694 2155 857 2225 μόνον
889 2153 983 2207 διὰ
1035 2154 1126 2209 τὸν
1162 2152 1503 2217 ἀναστάντα,
1541 2152 1681 2207 ἀλλὰ
1728 2153 1821 2205 καὶ
1844 2151 1913 2205 δι’

332 2246 430 2307 οὓς
450 2242 625 2315 ἑαυτῷ
683 2243 1089 2317 συνεξήγειρεν.
1123 2245 1188 2300 Εἰ
1220 2245 1330 2315 γὰρ
1360 2244 1453 2296 ἐπὶ
1482 2244 1599 2308 ἑνὸς
1634 2242 1913 2314 ὲξεγέρσει

343 2337 485 2408 χαρὰ
503 2336 709 2400 τούτοις
738 2335 971 2406 γίνεται,
1003 2335 1056 2389 τί
1087 2339 1194 2407 χρὴ
1226 2336 1467 2406 σήμερον
1508 2335 1914 2406 ὑπολαμᾱὶνειν

336 2431 513 2493 αὐτοῖς
535 2428 813 2498 γίνεσθαι,
846 2429 1053 2498 κόσμου
1089 2428 1289 2491 παντὸς
1324 2427 1773 2499 ὲξεγειρομένους
1809 2427 1914 2498 Σή-

328 2538 499 2592 μιρον
539 2521 675 2591 ἡμῖν
709 2521 743 2590 ἡ
774 2517 875 2590 τῆς
904 2519 1151 2589 χαλεπῆς
1176 2518 1456 2588 Αἰγύπτου
1512 2517 1690 2584 ἔξοδος
1721 2516 1915 2589 ἑορτά-

320 2615 504 2679 ζεται,
557 2611 685 2666 καθ’
732 2614 800 2682 ἣν
844 2613 942 2683 τῆς
1000 2610 1274 2665 ὲπωδύνου
1319 2611 1413 2664 τοῦ
1463 2609 1638 2679 πηλοῦ
1671 2609 1916 2673 δουλείας

324 2703 815 2775 ἠλευθερώθημεν,
849 2703 945 2756 καὶ
972 2703 1061 2755 τὸν
1088 2701 1258 2772 βαρὺν
1278 2701 1536 2771 ἐλίπομεν
1566 2700 1785 2771 Φαραὼ,
1823 2700 1917 2753 καὶ

326 2796 466 2850 Θεοῦ
497 2795 629 2857 λαὸς
670 2790 805 2847 εἷναί
850 2811 910 2847 τε
954 2795 1049 2847 καὶ
1105 2793 1386 2847 καλεῖσθαι
1439 2792 1776 2864 ἠξιώθημεν,
1823 2797 1918 2847 καὶ

329 2888 429 2957 τῆς
462 2887 737 2958 φερούσης
758 2886 881 2939 ὁδοῦ
916 2885 1053 2957 πρὸς
1073 2884 1174 2955 τὴν
1204 2884 1416 2955 ἀγαθὴν
1446 2886 1544 2957 τῆς
1566 2885 1916 2958 κληροδοσίας

328 2980 623 3049 ἁπέὸημεν
647 2978 775 3047 γῆν,
805 2977 1173 3048 ὑφηγουμὲνῳ
1196 2974 1273 3045 τῷ
1311 2975 1614 3047 θαυμαστῷ
1647 2978 1916 3047 νομοθέτῃ

332 3070 828 3141 καθοδηγούμενοι,
857 3072 925 3141 τῇ
974 3069 1066 3122 τοῦ
1124 3068 1362 3137 σταυροῦ
1393 3068 1574 3139 ῥάϐδῳ
1624 3085 1920 3139 τερατουρ-

2018 1876 2293 1946 potentior
2334 1875 2583 1933 ell'ectus.
2643 1875 2899 1932 Omnium
2949 1880 3107 1935 nobis
3154 1881 3585 1945 solemnitatem,

2018 1968 2065 2024 si
2093 1981 2232 2038 quas
2254 1968 2427 2024 oculis
2450 1970 2735 2039 conspicui
2770 1970 3041 2036 homines,
3074 1985 3139 2026 ac
3182 1972 3227 2026 si
3260 1987 3402 2041 quas
3431 1972 3589 2029 inad-

2016 2060 2346 2129 spectabiles
2390 2072 2600 2118 mentes
2653 2062 2956 2128 celebrant,
3006 2063 3270 2120 hodierna
3320 2066 3589 2121 festivitas

2020 2151 2262 2205 divinior
2289 2152 2689 2223 sublimior-que
2719 2153 2917 2210 illuxit.
2947 2153 3080 2209 Nam
3108 2155 3153 2211 si
3188 2170 3309 2224 quae
3356 2158 3461 2210 alia
3492 2172 3589 2211 su-

2018 2243 2359 2313 percmlestis
2392 2244 2688 2299 exsultatio
2747 2254 2852 2307 est,
2881 2258 3047 2315 quam
3081 2245 3197 2316 jugi
3266 2247 3589 2301 celebritate

2020 2333 2344 2387 assistentes
2374 2331 2484 2388 Deo
2507 2331 2751 2389 Virtutes
2775 2333 2975 2405 gaudio
2996 2345 3280 2405 peragant,
3303 2350 3423 2390 eam
3451 2350 3588 2406 quo-

2020 2441 2126 2496 que
2167 2434 2371 2481 nostra:
2400 2426 2529 2481 huic
2562 2427 2761 2482 laatitiae
2784 2428 3085 2497 putandum
3116 2437 3203 2483 est
3218 2429 3447 2485 cedere:
3479 2444 3588 2485 non

2021 2516 2184 2572 modo
2216 2527 2443 2588 propter
2468 2530 2595 2575 eum
2626 2516 2720 2587 qui
2766 2517 3086 2583 resurrexit,
3123 2519 3219 2575 sed
3263 2528 3319 2573 ct
3365 2529 3591 2590 prapter

2020 2624 2114 2663 eos
2148 2623 2291 2679 quos
2318 2620 2509 2663 secum
2548 2609 2862 2663 suscitavit.
2898 2607 2954 2661 Si
2988 2608 3207 2676 quidem
3248 2610 3393 2665 enim
3426 2611 3593 2666 unius

2024 2702 2141 2767 ipsa
2190 2700 2556 2758 suscitatione
2600 2700 2683 2755 eis
2732 2700 2993 2769 gaudium
3028 2709 3134 2765 est,
3165 2701 3297 2771 quid
3328 2701 3591 2759 hodierna

2023 2794 2113 2848 die
2157 2793 2442 2857 acciderit,
2493 2808 2620 2847 cum
2681 2793 2920 2847 mundus
2967 2794 3260 2851 universus
3313 2796 3594 2866 resurgit?

2024 2883 2199 2939 Hodie
2246 2897 2529 2953 egressum
2577 2896 2645 2937 ex
2687 2881 3013 2953 gravissima
3054 2881 3271 2953 IEgypti
3330 2885 3592 2940 servitute

2028 2976 2181 3032 testis
2219 2975 2437 3047 gaudiis
2481 2974 2743 3040 colimus;
2802 2989 2934 3044 quo,
2982 2988 3012 3027 a
3075 2976 3306 3030 molesto
3349 2976 3442 3031 illo
3491 2976 3593 3035 luti

2026 3084 2191 3137 opere
2239 3066 2479 3130 liberati,
2525 3066 2805 3121 crudelem
2862 3065 3205 3120 Pharaonem
3245 3066 3594 3136 reliquimus,

329 3166 547 3237 γοῦντι.
613 3163 890 3234 Ἑώρταζε
946 3162 1117 3216 πάλαι
1174 3161 1394 3233 Ἰσραὴλ
1435 3161 1637 3226 ἐξόδιον
1691 3162 1911 3233 ἑορτὴν,

2019 3162 2231 3231 Deique
2260 3160 2499 3231 populus
2528 3173 2653 3213 esse
2684 3158 2891 3225 pariter
2948 3170 3012 3209 ac
3051 3156 3233 3209 vocari
3270 3158 3594 3223 meruimus,

330 3258 455 3314 ἀλλ’
486 3261 571 3320 είς
604 3255 789 3309 στενὸν
820 3254 1015 3325 κομιδῇ
1068 3254 1136 3307 τὰ.
1174 3255 1271 3326 τῆς
1298 3254 1495 3326 ἑορτῆς
1531 3254 1873 3309 συνεκλείετο
1899 3271 1913 3284 ⁸

329 3352 613 3424 ἑώρταζεν
638 3349 854 3419 ἑορτὴν,
894 3342 961 3419 ἦς
992 3348 1046 3400 τί
1096 3347 1180 3401 δεῖ
1231 3347 1414 3417 λέγειν
1458 3348 1533 3411 ὡς
1564 3348 1713 3402 οὐδὲν
1747 3348 1918 3419 μετῆν

328 3445 449 3504 τοῖς
476 3440 591 3494 ἄνω
615 3438 1002 3507 ὲορτάζουσινς
1028 3438 1163 3491 ὅπου
1182 3454 1246 3507 γε
1264 3438 1388 3491 οὐδὲ
1418 3439 1555 3509 πρὸς
1578 3440 1701 3502 τοὺς
1736 3438 1919 3510 μικρῷ

329 3532 731 3604 διῳκισμένους
766 3528 970 3594 αὐτῶν,
1014 3530 1109 3582 καὶ⁹
1151 3529 1305 3582 κάτω
1330 3528 1599 3583 διέϐαινεν
1635 3531 1667 3599 ή
1705 3530 1922 3603 φαιδρό-

329 3641 441 3695 της
468 3641 483 3655 ·
549 3624 772 3686 εἰκότως
827 3622 893 3691 γέ
950 3640 1033 3675 τοι
1081 3621 1261 3693 πολλῷ
1315 3624 1453 3691 πρὸς
1493 3624 1620 3687 τοὺς
1662 3623 1774 3677 ἄνω
1817 3623 1915 3676 οὐκ

329 3719 535 3787 ἔφθανε
560 3732 575 3748 ⁸
612 3716 903 3787 σωματικά
949 3715 1058 3785 γὰρ
1091 3712 1158 3786 ἦν
1206 3715 1274 3768 τά
1314 3715 1636 3785 τελούμενα,
1669 3717 1763 3769 καὶ
1799 3717 1914 3779 τοῖς

329 3812 523 3874 ἁΰλοις
553 3807 858 3879 ἐπιστροφὴ
884 3808 987 3861 οὐκ
1011 3809 1246 3874 ἐγίνετο.

2019 3255 2275 3324 viamque
2322 3252 2493 3315 illam,
2543 3264 2665 3319 qua:
2703 3248 2770 3302 ad
2806 3242 3140 3302 hmreditatis
3172 3248 3457 3319 promissa:
3484 3258 3597 3305 ler-

2024 3362 2137 3402 ram
2173 3347 2373 3401 bonam
2404 3343 2575 3401 ducit.
2615 3338 2900 3404 inivimus,
2920 3340 3300 3399 admirandum
3336 3341 3487 3395 illum
3520 3343 3597 3396 le-

2019 3438 2359 3510 gislatorem,
2411 3449 2474 3488 ac
2526 3432 2617 3500 qui
2671 3432 2819 3501 virga
2862 3432 3042 3485 crucis
3074 3430 3319 3502 prodigia
3355 3438 3595 3501 praestet,

2020 3532 2196 3587 secuti
2246 3531 2467 3587 ducem.
2528 3528 2897 3583 Celebrabant
2969 3527 3188 3596 quidem
3245 3527 3375 3581 olim
3431 3530 3594 3582 etiam

2024 3624 2282 3680 Israelita:
2313 3621 2651 3691 egressionis
2698 3621 3001 3674 solemnem
3027 3618 3198 3681 diem,
3229 3618 3385 3672 valde
3416 3628 3597 3674 tamen

2021 3733 2085 3771 ea
2134 3713 2454 3770 solemnitas
2500 3711 2555 3765 in
2599 3718 2894 3780 angustum
2942 3718 3134 3764 coacta
3167 3718 3309 3765 erat.
3347 3708 3595 3777 Festum,

2019 3807 2265 3876 inquam,
2315 3804 2559 3859 solemne
2607 3800 2879 3872 agebant;
2922 3809 2979 3854 at
3017 3801 3148 3872 quid
3188 3801 3356 3856 refert
3384 3802 3590 3865 dicere.

331 3917 395 3960 ut
440 3903 577 3960 nihil
632 3902 754 3973 ejus
811 3900 1109 3970 participes
1168 3906 1379 3967 essent,
1425 3900 1518 3969 qui
1551 3900 1608 3954 in
1654 3900 1810 3954 cuslis
1848 3900 1964 3953 dies
2001 3896 2173 3952 festos
2222 3901 2390 3965 agunt
2420 3904 2486 3947 ac
2518 3889 2850 3963 epulantur?
2885 3906 3009 3944 cum
3040 3908 3109 3945 ne
3127 3892 3193 3947 ad
3227 3892 3350 3949 illos
3376 3893 3593 3963 quidem

328 4001 430 4072 qui
499 3999 555 4053 in
607 3998 770 4053 terris
826 4011 893 4051 ac
962 3996 1218 4063 proximo
1280 3993 1571 4049 intervallo
1626 3992 1807 4053 dissiti
1864 3992 2172 4062 degebant,
2231 3986 2575 4043 celebritatis
2630 3985 2798 4055 hujus
2839 3984 3026 4038 laetitia
3067 3994 3359 4042 manaret:
3394 3986 3597 4059 potiori

330 4090 670 4160 itaquejure
690 4104 800 4145 non
836 4085 1181 4158 pertingebat
1202 4084 1271 4140 ad
1314 4100 1567 4156 superos.
1634 4086 1773 4141 Cum
1837 4088 1982 4142 enim
2024 4100 2089 4138 ea
2145 4096 2270 4153 qua:
2316 4079 2624 4151 agebantur
2680 4076 2956 4148 corporali
3016 4078 3229 4132 ratione
3278 4087 3599 4139 constarent

330 4184 474 4238 nihil
516 4192 638 4237 erat
688 4192 748 4237 ut
800 4180 1030 4252 spiritus
1088 4193 1155 4233 ac
1202 4180 1402 4235 secreti
1460 4195 1491 4233 a
1545 4180 1776 4235 materia
1815 4181 1881 4235 all
1923 4191 2041 4233 eam
2097 4174 2472 4252 celebritatem
2530 4171 2908 4227 convenirent.

406 4272 520 4329 Ἦν
566 4291 700 4329 ποτε
756 4274 852 4329 καὶ
905 4272 1165 4343 Ἕλλησιν
1211 4272 1493 4345 ἑορτάζειν
1519 4286 1535 4302 ⁸
1589 4274 1727 4328 ἀλλά
1760 4272 1816 4326 τί
1854 4271 1918 4325 τὸ

333 4369 626 4423 κάλλιστον
668 4366 777 4420 τῶν
824 4364 955 4436 παρ’
988 4366 1173 4428 αὐτοῖς
1208 4367 1452 4437 ὲορτῶνς
1496 4366 1787 4433 Ἐπίδειξις
1828 4368 1914 4419 αἰ-

2093 4251 2381 4325 llabebanl
2424 4268 2666 4337 antiquis
2716 4264 3061 4334 temporibus
3101 4265 3265 4319 etiam
3300 4264 3474 4322 Graeci
3499 4281 3599 4323 sua

2022 4359 2202 4425 festa;
2244 4362 2337 4413 sed
2380 4357 2660 4425 quodnam
2707 4356 2816 4409 illis
2861 4354 3129 4408 festorum
3183 4356 3431 4423 omnium
3478 4357 3595 4425 pul-

334 4462 658 4530 σχρότητος,
687 4457 781 4509 καί.
805 4455 883 4525 τῷ
908 4455 1154 4509 δοκοῦντι
1181 4436 1411 4528 φαιδρῷ,
1443 4458 1538 4510 τοῦ
1556 4458 1655 4528 τῆς
1683 4458 1911 4527 γνώμης

2018 4450 2347 4506 uberrimum
2372 4449 2396 4501 ?
2425 4446 2559 4501 Illud
2585 4444 2839 4500 videlicet
2861 4443 3008 4512 quod
3030 4444 3209 4498 omnis
3231 4444 3592 4513 turpitudinis

330 4551 571 4621 ἀνοήτου
602 4547 971 4617 δημοσίευσις.
1032 4548 1189 4611 Τίνος
1218 4549 1328 4620 γὰρ
1382 4548 1626 4618 αἴσχους,
1674 4548 1707 4617 ἢ
1755 4550 1915 4611 ποίας

332 4642 526 4702 ἀνοίας
583 4637 887 4709 ὑπερὸολῆς
928 4636 1145 4690 ἔλαττον
1184 4638 1315 4707 ἔχει,
1368 4641 1396 4691 ὀ
1459 4639 1569 4691 τῶν
1616 4638 1785 4701 θεῶν,
1839 4638 1915 4701 ὡς

334 4732 497 4787 αὐτοὶ
530 4747 716 4801 φασιν.
752 4729 977 4795 ὖπατος,
1004 4728 1203 4799 ταῦρος
1236 4730 1540 4800 γινόμενος,
1565 4732 1657 4784 καὶ
1684 4731 1754 4783 τὰ
1798 4748 1916 4783 παι-

330 4824 467 4879 δικά
492 4822 675 4891 φέρων
706 4821 800 4873 ἐπὶ
821 4818 1016 4881 νώτου,
1053 4822 1150 4874 καὶ
1197 4819 1410 4887 τέμνων
1444 4821 1669 4890 πορείαν
1697 4820 1869 4890 ὑγρὰν
1888 4821 1917 4872 ὁ

331 4916 635 4984 θεὸταυρος
660 4951 677 4977 ,
731 4912 1017 4983 μυκήματι
1043 4910 1238 4981 ἀπαλῷ
1272 4910 1541 4974 δελεάζων
1573 4911 1672 4983 τὴν
1710 4912 1916 4981 Κόρην,

334 5009 435 5062 καὶ
461 5006 666 5059 πείθων
683 5003 1000 5058 ἀναϐαίνειν
1049 5003 1125 5066 ὡς
1151 5006 1208 5056 ἐν
1259 5004 1495 5075 ὀχήματι
1524 5020 1537 5032 ⁸
1564 5004 1598 5075 ἢ
1630 5005 1916 5075 μειρακίου

330 5103 586 5169 δύσερως
615 5097 756 5168 ἔρως
786 5095 1185 5165 ὀρνιδεικνύων.
1224 5096 1291 5149 ἶν’
1325 5094 1500 5160 οὕτως
1527 5094 1858 5166 ἀναληφθεὶς
1893 5097 1922 5148 ὁ

337 5190 664 5261 Γανυμήδης
694 5190 759 5241 τὸ
788 5189 992 5257 νέκταρ
1022 5187 1324 5256 οίνοχοήσοι
1362 5186 1510 5256 αὐτῷ
1535 5203 1551 5218 ο
1582 5187 1615 5257 ἢ
1645 5188 1920 5254 γυναικῶν

337 5285 579 5357 ἀσελγὴς
602 5284 765 5354 ἔρως,
792 5281 886 5335 νῦν
914 5282 1013 5350 μὲν
1049 5282 1128 5343 εἰς
1146 5279 1343 5350 χρυσὸν
1361 5279 1523 5331 αὐτὸν
1549 5278 1919 5350 μεταμείόων,

340 5380 439 5433 καὶ
482 5377 577 5433 τὸν
630 5376 835 5438 πάντας
891 5368 1139 5428 ἀνέλκειν
1183 5372 1339 5436 θεοὺς
1371 5370 1704 5426 ἀπειλοῦντα
1734 5372 1919 5441 σειρᾷ,

427 5516 476 5549 ⁷⁸
518 5512 670 5570 Psal.
713 5526 840 5577 uv,
888 5510 937 5564 1.
1018 5512 1061 5543 ⁷⁷
1094 5508 1295 5581 Ephes.
1341 5527 1403 5574 tt,
1458 5508 1541 5563 l6.

2020 4547 2403 4612 argumentum
2434 4544 2588 4601 erat;
2619 4546 2673 4591 et
2708 4534 2813 4589 ho'c
2856 4538 2999 4604 ipso,
3051 4533 3196 4603 quod
3248 4535 3592 4603 splendidum

2018 4631 2480 4703 magniﬁcumque
2511 4628 2819 4689 videbatur,
2853 4627 2991 4680 nihil
3014 4625 3163 4679 aliud
3192 4625 3297 4679 nisi
3328 4640 3595 4679 summam

2018 4724 2187 4781 animi
2213 4723 2582 4794 insipientiam
2614 4728 2669 4775 et
2698 4719 3053 4776 Stoliditatem
3108 4716 3409 4772 testabatur
3436 4755 3452 4772 .
3480 4717 3596 4782 Qua

2020 4820 2166 4874 enim
2199 4815 2559 4885 turpitudine,
2589 4820 2645 4868 et
2682 4826 2814 4883 qua,
2845 4808 3200 4880 quantumvis
3234 4806 3433 4877 insigni
3459 4807 3595 4864 stul-

2024 4910 2170 4973 titia,
2219 4909 2400 4963 mittor
2438 4905 2649 4960 censeri
2698 4903 2860 4957 debet
2892 4900 3007 4965 illa,
3055 4906 3117 4952 ut
3162 4899 3349 4953 divum
3398 4913 3514 4962 rex,
3544 4906 3597 4950 ut

2035 5002 2338 5073 loquuntur
2360 5000 2482 5067 ipsi,
2509 4998 2565 5051 in
2584 5004 2802 5050 taurum
2837 5000 3106 5056 mutetur;
3134 4998 3193 5044 ut
3224 5005 3440 5045 amores
3471 5004 3595 5045 suos

2024 5094 2191 5151 dorso
2225 5092 2383 5154 lerat,
2432 5090 2679 5159 deusque
2732 5095 2926 5140 taurus
2976 5083 3263 5139 humidum
3282 5091 3431 5137 secet
3463 5084 3599 5144 iter,

2027 5188 2228 5245 blando
2259 5186 2463 5255 mugitu
2493 5183 2766 5251 Europam
2797 5179 3124 5241 demulceat,
3160 5178 3324 5246 inque
3342 5178 3597 5243 «reuna,

2028 5280 2180 5334 velut
2232 5278 2546 5335 vehiculum
2586 5272 2962 5332 conscendere
2982 5270 3246 5327 inducat?
3273 5281 3365 5324 aut
3396 5279 3454 5324 ut
3480 5285 3579 5341 per

2026 5370 2144 5425 dito
2186 5384 2372 5425 amore
2411 5367 2648 5437 ﬂagrans
2677 5366 2733 5419 in
2792 5378 2946 5418 avetu
2978 5376 3106 5419 sese
3152 5366 3503 5427 transmutat,
3534 5365 3601 5416 nt

1695 5614 1928 5673 νΑιιυΕ
1966 5609 2373 5667 LECTIONES.

418 5729 436 5764 ³
472 5727 573 5783 Ed.
604 5725 745 5780 male
772 5724 1071 5794 ὁσημέραι.

663 5821 935 5880 Panos.
972 5820 1088 5879 Ga.
1145 5818 1323 5879 (ΝΗ.
