4070 6210
445 317 516 381 99
1669 303 1936 362 LEONIS
1974 283 2427 364 Pt—tttosobm

3570 291 3668 356 100

445 433 518 485 ita
542 433 822 496 assumpto
868 441 931 480 ac
953 433 1107 495 rapto
1125 421 1434 493 Ganymede
1458 418 1775 488 pocillatore
1794 428 2002 472 utatur:

2127 421 2244 490 πρὸς
2274 417 2472 472 κόλπον
2499 418 2561 484 τῇ
2616 412 2793 483 Δανάῃ
2816 420 2852 447 ω
2884 408 3134 476 κατάγων
3161 421 3175 436 ⁶
3202 407 3325 476 ἄρτι
3379 404 3438 458 δὲ
3472 403 3675 460 κύκνον

343 511 382 534 “"
449 531 540 574 aut
585 528 642 573 ut
691 521 884 572 insano
909 518 1198 572 mulierum
1225 523 1362 570 :estu
1407 511 1671 579 percitus,
1705 525 1826 564 sese
1856 511 2014 564 modo

347 630 353 634 ·
451 614 505 665 in
562 612 680 665 a'uri
725 611 962 678 Speciem
997 608 1226 668 induat,

1298 614 1462 672 atque
1503 604 1569 666 is,
1604 603 1696 670 qui
1729 612 1916 656 catena
1949 603 2017 658 de

453 702 590 754 οωΙο
631 701 866 756 demissa
897 701 1027 753 deos
1053 712 1242 752 omnes
1286 710 1407 749 sese
1445 700 1806 746 attracturum
1844 693 2017 746 mina-

447 791 635 854 batur,
683 794 737 844 in
793 789 1000 843 Danaes
1026 787 1345 841 detrahatur
1372 785 1641 855 gremium
1672 802 1685 838 :
1725 783 1886 837 modo
1919 799 2016 853 cy-

449 882 540 948 gni
596 881 823 934 formam
881 879 1092 942 subeat,
1145 886 1204 930 ut
1249 876 1506 928 nimirum
1549 874 1824 929 modulata
1863 889 2015 941 voce,

451 971 598 1040 quod
650 986 746 1040 par
797 980 880 1024 est
925 967 1168 1030 credere,
1221 966 1421 1020 Ledam
1453 965 1725 1036 decipiat?
1753 966 2014 1020 Caeterum

449 1078 633 1116 annon
687 1062 806 1115 dies
858 1062 948 1114 ille
1004 1060 1231 1113 festivus
1314 1058 1474 1114 valde
1521 1074 1587 1113 ac
1659 1059 1863 1126 clarus,
1907 1072 2016 1128 quo

454 1155 624 1224 patris
674 1153 894 1208 Saturni
949 1153 1058 1221 (5i)
1117 1153 1430 1206 celebratur
1485 1153 1768 1212 memoria,
1829 1169 1858 1205 a
1910 1152 2019 1205 tilio

451 1243 774 1314 gravissima
817 1243 1056 1311 perpessi
1098 1241 1448 1310 cxsectique;
1491 1255 1591 1295 nec
1625 1257 1733 1295 non
1766 1255 2019 1311 suprema

455 1335 578 1390 inde
618 1349 812 1387 rursus
866 1333 1068 1401 proles,
1124 1332 1356 1399 turpiter
1389 1339 1501 1385 tum
1537 1340 1682 1390 nata.
1723 1339 1835 1384 tum
1864 1342 2021 1385 notos

455 1425 727 1479 adiciens?
758 1423 1047 1480 Similibus
1075 1423 1342 1478 addamus
1377 1423 1606 1488 similia;
1646 1423 1896 1479 videlicet
1919 1423 2022 1477 Pa-

445 1533 578 1572 nem
619 1518 793 1579 illum,
824 1515 940 1585 qui,
971 1523 1030 1568 ut
1054 1513 1703 1584 gravissimiﬁraeeorum
1749 1517 2022 1583 sapientes

456 1611 666 1672 volunt,
700 1624 767 1663 ex
790 1609 1166 1662 universorum
1199 1607 1466 1661 seminum
1489 1607 1873 1662 commistione
1910 1623 2021 1660 na-

457 1710 565 1763 tus,
609 1714 784 1767 eaque
825 1683 895 1752 de
925 1712 1093 1751 causa
1128 1696 1238 1749 Pan
1270 1697 1575 1766 appellatus
1623 1705 1708 1751 est
1742 1714 1756 1750 :
1786 1697 2020 1765 armige-

2115 514 2347 575 δεικνὺς,
2369 511 2458 571 ἵν’,
2474 508 2548 570 ὡς
2569 506 2737 571 ἔοικε,
2759 506 2879 566 ταῖς
2893 503 3100 574 ᾠδαῐςή
3123 500 3269 568 Λήδα
3283 496 3672 568 κατακηλοίτο;

2129 604 2333 654 Ἐκεῖνο
2353 599 2407 651 δὲ
2439 597 2556 659 πῶς
2589 596 2650 648 ού
2680 594 2800 647 λίαν
2839 593 3039 662 φαιδρὰ
3088 589 3271 660 ἑορτὴ,
3317 586 3530 660 Κρόνου
3573 603 3680 639 πα-

2115 693 2217 764 τὴρ
2249 691 2353 744 ὑπὸ
2381 689 2475 742 τοῦ
2511 688 2698 749 παιδὸς
2729 685 2962 755 ἀτυχῶν,
2997 683 3090 738 καὶ
3115 683 3176 734 τὸ
3206 677 3347 735 εἶναι
3378 679 3561 750 πατὴρ
3597 680 3679 732 ἔτι

2117 784 2537 853 ἀποκειρόμενος
2559 798 2572 811 ο
2631 781 2724 833 καὶ
2768 777 3054 832 τελευταία
3085 775 3244 828 πάλιν
3286 774 3494 826 ἐκεῖθεν
3519 773 3679 842 γονὴ,

2117 873 2356 944 αἰσχρῶς
2378 873 2470 925 καὶ
2499 874 2712 940 φυεῖσα,
2743 869 2981 930 καὶτοὺς
3002 865 3311 938 γνωρίμους
3339 864 3677 927 διατιθεῖσσ.;

2119 961 2450 1032 Προσθετέον
2495 960 2698 1030 ὁμοίοις
2740 960 2902 1028 ὃμοια
2929 973 2943 986 ·
2997 956 3086 1008 τὸν
3146 955 3211 1006 ἐκ
3267 955 3362 1024 τῆς
3399 969 3682 1022 πανσπερ-

2121 1054 2269 1123 μίας,
2299 1053 2374 1115 ὡς
2395 1054 2428 1122 ὴ
2456 1052 2678 1104 ἐκείνων
2729 1051 2992 1121 σεμνότης
3034 1048 3302 1119 βούλεται,
3341 1048 3432 1100 καὶ
3448 1047 3678 1114 γενόμε-

2118 1162 2207 1198 νον
2239 1155 2264 1182 υ
2297 1146 2472 1210 Πάνα,
2508 1145 2604 1198 καὶ
2643 1142 3009 1213 ὀνομασθέντα
3031 1159 3046 1172 ·
3099 1141 3190 1195 καὶ
3235 1142 3332 1210 τὴν
3380 1137 3687 1209 ὁπλοφόρον

2119 1237 2389 1309 παρθένον
2433 1241 2532 1308 τῆς
2563 1238 2808 1307 κεφαλῆς
2864 1234 3322 1304 ἀποτικτομένην,
3351 1227 3419 1304 ἦς
3450 1230 3554 1300 τὴν
3576 1247 3688 1299 μη-

2119 1331 2256 1400 τέρα
2291 1329 2572 1384 καταπιὼν
2601 1330 2629 1381 ὁ
2663 1327 2860 1398 θερμὸς
2901 1327 3154 1397 ἐραστὴς,
3187 1325 3347 1394 αὐτὸς
3384 1325 3504 1385 ταῖς
3531 1323 3688 1375 ὠδῖσι

2121 1423 2436 1476 καινότατον
2455 1424 2718 1492 ὑπηρετεῖ
2773 1421 2975 1492 τρόπον
3003 1437 3015 1451 ⁸
3074 1417 3317 1478 ἔνοπλον,
3349 1409 3494 1487 ᾗπερ
3525 1413 3684 1482 ἔφην,

2119 1513 2220 1582 τῆς
2242 1513 2480 1584 κεφαλῆς
2508 1511 2764 1566 ἁποκύων
2797 1512 2965 1581 γονήν
2989 1526 3003 1538 ·
3032 1510 3118 1564 ἵνα
3147 1509 3210 1578 δὴ
3229 1508 3321 1560 καὶ
3351 1506 3618 1576 σύμϐολον
3651 1508 3685 1573 ἡ

2122 1607 2251 1668 παῖς
2276 1605 2454 1673 φέροι,
2495 1606 2716 1675 μήνυμα
2751 1603 2844 1657 τοῦ
2899 1603 3168 1664 τεκόντος,
3231 1595 3312 1660 οἷς
3350 1601 3556 1660 ἐκεῖνος
3607 1597 3685 1666 τῷ

2123 1697 2279 1762 φύντι
2302 1695 2559 1762 πολέμιος
2614 1693 2795 1762 ὤφθη,
2855 1689 3132 1761 καθαιρῶν
3169 1689 3328 1742 αὑτὸν
3352 1687 3448 1755 τῆς
3487 1685 3684 1756 ἀρχῆς,

449 1803 572 1843 ram
616 1790 744 1842 item
795 1788 939 1841 illam
985 1787 1285 1856 virginem,
1340 1801 1461 1855 quae
1493 1801 1557 1840 ex
1608 1785 1760 1840 Jovis
1812 1786 2014 1838 vertice

2127 1789 2208 1839 καὶ
2233 1786 2566 1839 κατακλείων
2614 1787 2901 1857 Ταρτάρῳ.
2933 1783 3094 1850 Ἀξιά
3119 1798 3181 1850 γε
3223 1781 3274 1833 οἱ
3325 1779 3461 1832 θεῶν
3490 1779 3691 1847 φύντες

447 1881 664 1936 exstitit
697 1900 708 1932 :
744 1881 901 1948 cujus
936 1888 1160 1934 matrem
1200 1894 1326 1932 cum
1357 1877 1670 1940 vehemens,
1712 1876 2017 1946 ardensque

2124 1880 2410 1933 ἀντέδοσαν
2433 1882 2760 1950 γεννητήρια
2789 1881 2801 1932 !

455 1974 549 2028 ille
596 1982 806 2027 amator
846 1972 1176 2033 devorasset,
1238 1970 1353 2040 ipse
1405 1971 1666 2024 inusitato
1723 1985 1871 2026 more
1931 1987 1995 2026 ac
2045 1972 2205 2025 modo
2240 1984 2425 2043 partus
2477 1973 2696 2027 dolores
2743 1970 3022 2034 sustinuit,
3071 1978 3129 2022 ut
3198 1965 3447 2020 nimirum
3505 1976 3694 2016 arma-

449 2075 573 2122 1um
620 2068 828 2131 fmtum,
884 2067 958 2119 uti
1008 2065 1277 2130 dicebam,
1323 2081 1386 2118 ex
1441 2064 1620 2133 capite
1667 2063 2012 2119 eﬂ'underet:
2058 2082 2268 2134 nempe,
2309 2078 2368 2124 ut
2393 2078 2446 2122 et
2515 2070 2620 2122 lilia
2685 2068 2991 2139 symbolum
3019 2065 3227 2136 parenti
3259 2069 3688 2116 consentaneum

458 2166 707 2229 gereret;
761 2157 904 2226 quod
953 2157 1042 2210 ille
1091 2157 1336 2225 genitore
1389 2171 1490 2210 suo
1542 2154 1812 2208 hostiliter
1859 2169 2015 2218 usus,
2054 2171 2178 2210 eum
2208 2167 2260 2211 et
2315 2161 2542 2231 imperio
2577 2161 2888 2229 dejeeisset,
2944 2176 3007 2214 ac
3053 2160 3282 2213 Tartaro
3352 2153 3689 2210 inclusisset.

461 2251 628 2320 Digna
680 2249 918 2321 profecto
971 2247 1076 2303 diis
1130 2248 1297 2319 geniti
1337 2248 1654 2317 parentibus
1688 2246 1803 2304 suis
1833 2247 1902 2302 ob
1933 2247 2099 2304 vitam
2142 2259 2194 2306 et
2229 2252 2366 2310 lucis
2429 2262 2711 2324 arceptam
2793 2270 3041 2322 usuram,
3108 2255 3488 2326 persolverunt
3549 2265 3694 2323 pra:-

460 2347 568 2400 nlia
593 2347 605 2398 !

525 2440 668 2510 Quid
713 2455 858 2495 nunc
915 2439 1174 2501 referam,
1222 2453 1330 2508 quo
1373 2437 1655 2507 Neptunus
1691 2450 1864 2494 (nstro
1903 2457 2029 2511 per-

458 2549 659 2593 cussus
683 2532 972 2588 insanierit
1001 2533 1055 2586 in
1083 2531 1377 2602 Phrygium
1410 2530 1835 2596 adolescentem,
1867 2549 2028 2604 quem

455 2637 512 2683 et
555 2629 694 2698 ipse,
732 2625 924 2679 fratris
959 2627 1039 2679 sui
1069 2626 1318 2693 exemplo
1347 2623 1413 2677 ad
1443 2633 1599 2692 turpe
1622 2624 2030 2698 nefandumque

460 2708 824 2775 ministerium
860 2719 975 2790 (32)
1009 2717 1184 2786 rapit?
1209 2716 1301 2771 Sic
1332 2717 1476 2770 enim
1503 2714 1821 2772 Grteeorum
1860 2719 2029 2775 disci-

460 2813 733 2882 plinarum
789 2811 1156 2866 sectatoribus
1192 2810 1427 2872 videtur,
1459 2810 1552 2878 qui
1581 2810 1869 2865 inhonesta
1917 2827 2031 2865 ma-

466 2904 548 2973 gis
597 2902 906 2957 inhonestis
952 2900 1244 2956 emendare
1279 2899 1534 2954 studeant
1565 2918 1578 2954 :
1611 2901 1808 2970 quibus
1839 2901 2030 2972 religio

452 3003 565 3058 est,
604 3001 663 3046 ut
710 2992 894 3045 divum
927 2989 1237 3060 quempiam
1268 2990 1405 3059 gula:
1461 3004 1524 3044 ac
1573 2990 1758 3045 ventri“
1781 2990 2025 3044 deditum

463 3085 766 3151 fateantur;
797 3085 960 3154 inque
990 3098 1113 3138 eum
1151 3097 1332 3144 usum,
1367 3080 1618 3151 Pelopem
1672 3092 1973 3151 agnoscant
1999 3098 2027 3136 a

461 3176 710 3246 Neptuno
745 3185 989 3246 raptum,
1015 3184 1094 3240 ut,
1125 3174 1269 3243 quod
1306 3177 1594 3245 proverbio
1647 3175 1850 3239 ferunt,
1897 3176 2024 3230 dum

2195 2445 2335 2497 Τίδὲ
2364 2444 2454 2496 τὸν
2495 2442 2823 2504 Ποσειδῶνος
2863 2441 2957 2495 νῦν
3011 2440 3110 2510 μὲν
3149 2441 3242 2492 ἐπὶ
3273 2440 3443 2508 Φρυγὶ
3497 2455 3698 2507 μειρα-

2127 2537 2228 2605 κίῳ
2268 2531 2512 2607 οἶστρον,
2562 2536 2621 2589 δν
2655 2533 3051 2606 παραπλησίως
3097 2533 3191 2585 καὶ
3243 2531 3403 2594 αὐτὸς
3449 2532 3700 2600 τάδελφῷ

2127 2630 2204 2691 είς
2234 2630 2432 2682 ἄτοπον
2461 2636 2486 2662 ο
2516 2627 2749 2697 ἁρπάζει
2774 2627 3047 2679 διακονίαν
3068 2642 3080 2690 ;
3104 2625 3259 2678 Οὕτω
3288 2623 3394 2694 γὰρ
3425 2626 3538 2686 τοῖς
3573 2623 3702 2676 Έλ-

2127 2719 2299 2789 λήνων
2365 2716 2658 2779 θιασώταις
2722 2715 2905 2780 δοκεῖ,
2962 2717 3322 2786 πειρωμένοις
3364 2712 3701 2784 ἐπανορθοῦν

2131 2810 2620 2882 ἀσχημονεστέροις
2661 2811 2944 2879 ἀσχήμονα
2967 2824 2978 2837 ·
3012 2804 3092 2871 οἷς
3123 2808 3326 2879 ἄπορον
3368 2809 3426 2860 τὸ
3472 2806 3706 2876 γαστρί-

2135 2920 2342 2974 μαργον
2367 2903 2627 2973 μακάρων
2649 2903 2768 2956 τινὰ
2798 2902 2990 2965 εἰπεῖν,
3016 2899 3212 2953 καὶδιὰ
3229 2899 3387 2952 τοῦτο
3417 2899 3705 2968 βούλεσθαι

2131 2997 2219 3049 τὸν
2265 2995 2706 3065 Ἀγλαυτριαίναν
2740 2993 3005 3062 ἁρπάζειν
3040 2993 3128 3044 τὸν
3159 2989 3402 3044 Πέλοπα’
3429 2991 3521 3043 καὶ
3567 2988 3709 3058 φεύ-

2131 3105 2316 3156 γοντες
2369 3087 2664 3156 ἄνθρακας,
2699 3085 2757 3138 τὸ
2801 3086 2898 3154 τῆς
2931 3085 3250 3155 παροιμίας,
3288 3084 3444 3152 φλογὶ
3478 3084 3706 3154 περιπί-

2133 3197 2344 3233 πτουσι.
2369 3179 2434 3231 Τί
2463 3179 2631 3247 δὲτὴν
2651 3177 2814 3248 ἄλλην
2833 3178 2925 3230 καὶ
2957 3175 3038 3239 τίς
3062 3176 3125 3229 ἂν
3149 3176 3452 3245 ἀριθμήσαι
3478 3175 3703 3241 μανίαν,

462 3269 727 3322 carbones
761 3265 994 3336 fugiunt,
1028 3265 1273 3320 incidant
1315 3267 1370 3320 in
1428 3267 1721 3320 ﬂammam.
1757 3266 2023 3322 (Steterunt

2132 3275 2198 3343 ἣν
2233 3275 2323 3326 ἐπὶ
2367 3241 2604 3341 γυναίοις
2663 3241 2994 3341 ὲκμζέμηνεν,
3027 3241 3214 3323 ἄλλοτε
3248 3241 3382 3339 προς
3414 3267 3539 3321 ἄλλο
3561 3263 3712 3330 εἷδος

464 3359 589 3428 quis
640 3357 806 3412 fando
847 3357 1103 3426 explicet,
1156 3371 1393 3426 quonam
1445 3365 1604 3426 pacto
1653 3357 1746 3412 ille
1790 3358 1932 3412 idem
1972 3359 2028 3413 in

466 3449 817 3504 mulierculas
878 3449 1004 3503 item
1057 3450 1420 3504 exardescens
1463 3450 1518 3503 in
1555 3450 1716 3504 aliam
1760 3451 2030 3520 aliamque

464 3544 698 3612 speciem
729 3545 1146 3598 transformatus
1180 3543 1286 3598 sit?
1319 3543 1413 3599 His
1440 3543 1669 3615 adjuoge
1701 3545 2028 3615 Apollinem,

463 3636 555 3704 qui
612 3633 890 3705 Daphnem
925 3635 1475 3704 efﬂictim-deperiit;
1528 3637 1620 3706 qui
1663 3637 1784 3691 aliis
1813 3638 2024 3691 occulta

464 3729 728 3796 pandens,
775 3729 878 3783 sibi
938 3730 1054 3799 ipse
1089 3730 1332 3798 nequivit
1377 3744 1533 3798 opem
1596 3727 1740 3784 ferre
1780 3748 1793 3783 :
1830 3731 2028 3799 quippe

467 3819 699 3873 nescivit
753 3819 890 3884 fore,
932 3830 988 3872 ut
1023 3821 1090 3875 ab
1119 3837 1182 3875 eo
1216 3821 1422 3875 amasia
1459 3821 1697 3890 fugeret;
1753 3822 1866 3890 ipse
1903 3835 2030 3874 vero

468 3909 624 3962 vanis
675 3924 739 3962 ac
777 3910 1052 3964 incassum
1115 3911 1250 3964 fusis
1301 3913 1625 3979 ploratibus,
1675 3912 1832 3980 juxta
1870 3913 2029 3965 arbo-

453 4014 581 4054 rem
611 3999 860 4068 ejularct,
897 4000 1046 4053 nullo
1077 4002 1185 4054 alio
1237 4003 1302 4053 ad
1336 4003 1594 4054 solatium
1625 4003 1835 4062 relicto,
1865 4017 2025 4070 quam

453 4100 527 4143 -ιιι
572 4090 811 4144 dolorem
850 4093 1022 4161 magis
1069 4092 1678 4147 accenderet:tamelsi
1723 4093 1768 4146 is
1801 4093 2023 4147 Martem

454 4182 859 4236 .adulterantem
887 4182 1088 4251 prodit.
1115 4184 1402 4252 ipsumque
1426 4183 1658 4239 vinculis
1676 4184 2022 4252 circumqua-

444 4290 570 4345 que
619 4273 891 4345 astringit.
937 4273 1076 4341 Quid
1125 4289 1252 4330 vero
1296 4290 1620 4345 percensere
1670 4277 1861 4332 attinet
1901 4291 2022 4331 ont-

2137 3364 2632 3436 μεταποιούμενος;
2663 3363 2802 3430 Λέγε
2851 3364 2945 3414 καὶ
2977 3362 3065 3414 τὸν
3096 3361 3312 3430 Δάφνης
3343 3360 3574 3430 ἐραστὴν
3609 3359 3711 3412 τὸν

2137 3457 2352 3520 Πύθιον,
2404 3456 2461 3520 ὃς
2512 3461 2686 3508 καίτοι
2743 3455 2949 3521 ἑτέροις
2986 3453 3203 3523 μηνύων
3234 3455 3301 3505 τὰ
3351 3452 3551 3521 ἄδηλα,
3601 3451 3712 3504 οὔκ

2138 3537 2447 3617 ἀπέχρησεν
2513 3545 2722 3615 ἐαυτῷ,
2773 3545 2888 3598 ἀλλ’
2937 3545 3200 3612 ἠγνόησεν
3244 3543 3318 3604 ὡς
3360 3541 3711 3609 διαφεύξεται

2131 3641 2316 3694 τοῦτον
2350 3643 2382 3710 ἡ
2414 3641 2684 3710 ἐρωμένη,
2713 3638 2807 3691 καὶ
2855 3637 3093 3707 ἀνόνητα
3123 3636 3370 3706 κλαιήσει
3411 3636 3501 3687 ἐπὶ⁵
3529 3634 3709 3704 φυτῷ,

2133 3733 2284 3784 οὐδὲν
2331 3731 2489 3784 πλέον
2543 3731 2727 3801 ἢὸσον
2773 3730 3104 3797 ὑπέκκαυμα
3148 3728 3245 3796 τῆς
3297 3727 3488 3794 ὀδύνης
3530 3726 3706 3796 ἔχωνο

2139 3821 2315 3873 καίτοι
2340 3818 2431 3871 τὸν
2500 3819 2639 3889 ’Ἄρη
2695 3818 3078 3885 ἀσελγαίνοντα
3123 3815 3334 3887 μηνύει,
3370 3816 3461 3868 καὶ
3488 3816 3713 3886 δεσμοξ

2140 3911 2471 3982 περιϐάλλει.
2526 3911 2590 3963 Τί
2637 3909 2731 3972 τὰς
2789 3911 3005 3962 πάντων
3057 3908 3192 3978 ὁμοῦ
3247 3908 3385 3959 θεῶν
3433 3907 3708 3976 ἐφ’ἒτερα

2139 4004 2250 4073 εἴδη
2291 4003 2692 4072 μεταποιήσεις,
2730 4001 2816 4053 ἵνα
2846 4001 2943 4070 τὴν
2983 4000 3175 4071 Κόρην
3214 3999 3604 4068 διερευνωμένῃ
3635 4002 3702 4067 τῇ

2135 4097 2378 4165 Δήμητρι
2413 4095 2486 4165 μὴ
2513 4096 2594 4163 εἴη
2619 4095 2719 4162 τῆς
2743 4093 2949 4164 πλάνης
2988 4094 3297 4154 ἀπόπαυσις
3316 4133 3330 4156 ,
3365 4095 3464 4144 οὐκ
3503 4093 3700 4160 ἐχούσῃ

2131 4187 2262 4254 παρ’
2291 4186 2411 4238 ὅτου
2453 4184 2632 4254 μάθοι,
2668 4184 2884 4236 πάντων
2923 4183 3059 4251 ὁμοῦ
3104 4182 3202 4245 τὰς
3248 4184 3454 4245 οἰκείας
3484 4182 3703 4251 διαμει-

2128 4277 2342 4348 ψάντων
2369 4276 2562 4342 εὲδέας,
2598 4277 2691 4331 καὶ
2723 4275 2857 4347 πρὸς
2887 4275 3078 4346 ἑτέρας
3106 4275 3166 4328 οὐ
3199 4275 3505 4346 γνωρίμους
3536 4291 3704 4343 μετα-

1710 4455 1944 4510 VARUE
1987 4455 2277 4512 LECTION
2287 4458 2384 4512 ES.

567 4576 610 4604 ω
637 4565 725 4621 ed.
753 4567 851 4636 τῆς
872 4568 1102 4638 Δανάης.
1186 4577 1210 4602 η
1253 4569 1340 4623 ed.
1384 4569 1740 4639 νεννὼμενον.

1829 4576 1854 4602 ο
1896 4568 2082 4623 Grets.
2108 4570 2203 4622 τοῦ
2239 4569 2422 4633 ποτοῦ,
2447 4572 2526 4624 vel
2557 4571 2741 4633 πότου,
2773 4570 2854 4623 vel
2896 4567 3236 4632 είςεΰποτον.

1979 4657 2210 4715 ΝΟΤιίΕ.

537 4751 648 4836 iiii)
683 4751 984 4836 Quamuis
1018 4749 1260 4836 Saturni.
1287 4750 1640 4836 Notaii’abula
1669 4750 1874 4805 exsecti
1898 4749 2032 4831 Cceli
2061 4755 2114 4814 D
2141 4771 2250 4811 non
2279 4753 2594 4836 emendatio
2618 4763 2721 4816 est,
2753 4753 2844 4836 sed
2872 4751 3228 4836 depravatio,-
3247 4749 3390 4820 quod
3405 4749 3713 4836 .Gretserus

465 4837 499 4876 a
531 4819 770 4876 Saturno
799 4821 931 4881 lilio,
963 4837 1031 4875 ex
1057 4819 1219 4887 cujus
1245 4821 1578 4888 genitalibus
1604 4821 1659 4874 i-n
1687 4833 1838 4873 mare
1864 4820 2039 4888 proje-

465 4892 573 4945 ctis
597 4900 722 4944 nata
763 4892 835 4945 sit
889 4889 1095 4954 Venus,
1131 4893 1306 4958 turpis
1362 4902 1552 4944 revera
1609 4890 1780 4953 fetus,
1831 4888 2039 4958 quique

457 4961 707 5030 turpiter
727 4975 858 5016 suos
875 4976 940 5014 ac
967 4965 1167 5017 nothos
1198 4969 1442 5030 scortum
1471 4969 1629 5030 turpe
1649 4959 2040 5030 aﬂiciat.Gret-

467 5045 627 5085 serus
657 5029 794 5100 nihil
826 5045 938 5084 rem
979 5030 1258 5100 eXpt'itnit,
1314 5028 1598 5100 refertque
1633 5031 1685 5082 itt
1735 5028 2034 5082 Saturnum

467 5099 609 5154 male
640 5099 914 5166 aﬂ'ectum,
941 5106 1082 5168 quod
1110 5111 1300 5154 auctor
1331 5102 1384 5154 in
1413 5099 1665 5153 cuntdem
1693 5099 1852 5152 habet
1895 5101 2036 5154 male

465 5169 815 5234 aﬂicientem,
857 5183 1088 5240 patrem.
1156 5170 1266 5226 Nec
1295 5172 1434 5225 bene
1475 5185 1660 5224 vocem
1711 5170 2032 5231 διατιθεῑσα,

470 5249 726 5310 tanquam
757 5250 1068 5308 suspectam
1103 5243 1296 5294 nititur
1322 5240 1614 5295 emendare
1642 5280 1655 5300 ,
1699 5256 1823 5293 cum
1863 5242 2037 5292 ascri-

471 5309 550 5362 bit
589 5309 769 5378 ’marg.
819 5310 1169 5363 διατίκτουσα
1211 5312 1296 5364 vel
1332 5310 1686 5363 διατεκοῦσα·
1726 5325 1846 5377 quze
1886 5313 2040 5379 plano

465 5393 632 5433 voces
654 5380 788 5432 nihil
816 5381 1108 5447 quadrant.
1135 5379 1278 5434 Nihil
1315 5397 1501 5434 moror
1527 5381 1738 5435 fabulas
1777 5396 1915 5450 quas
1942 5394 2040 5431 au-

469 5456 588 5499 ctor
619 5450 955 5519 perstringit,
981 5459 1194 5520 tantum
1218 5460 1453 5505 mentem
1477 5453 1622 5504 clare
1647 5459 2042 5520 repraesentare

469 5533 686 5591 conor:
723 5526 866 5586 petet
902 5519 992 5586 qtti
1042 5519 1190 5572 volet
1238 5536 1268 5573 a
1320 5521 1676 5591 mythologis,
1711 5519 1863 5589 apud
1902 5535 2040 5587 quos

471 5588 499 5614 '-
523 5597 577 5639 ta
597 5591 791 5692 cpervia
821 5597 967 5644 sunt.

542 5659 651 5692 ιιι
727 5659 799 5692 ΔΑ
861 5668 967 5692 han

541 5657 651 5726 (32)
719 5659 799 5710 Ad
855 5668 1007 5728 turpe
1063 5657 1446 5728 nefandumquc
1521 5661 1871 5713 ministerium
1945 5659 2038 5722 Είς

468 5726 669 5780 ἄτοπον
697 5727 927 5792 ἁρπάζει
953 5729 1243 5784 διακονίαν.
1269 5726 1370 5783 Sic
1391 5729 1567 5797 palam
1615 5742 1842 5795 auctor;
1878 5730 2035 5799 cujus

2137 4825 2371 4892 margini
2399 4824 2647 4887 ascribit,
2685 4823 2995 4892 redditque,
3028 4823 3119 4884 Εἰς
3140 4822 3231 4874 τοῦ
3269 4820 3454 4892 ποτοῦ,
3491 4821 3572 4874 vel
3608 4822 3711 4873 πό-

2137 4891 2357 4960 τουίυει
2377 4897 2456 4958 εἰς
2487 4893 2714 4947 εὖποτον
2740 4909 2754 4924 ο
2789 4891 3060 4947 Ρίιιεενηω
3079 4891 3375 4946 ministerio
3397 4892 3709 4944 destinavit.

2137 4966 2244 5022 Eos
2278 4981 2512 5035 namque
2563 4965 2790 5035 gentiles
2845 4963 3182 5035 perstringit,
3225 4962 3319 5035 qui
3370 4961 3421 5013 in
3455 4962 3713 5035 Neptuno

2136 5054 2200 5092 ac
2235 5035 2377 5090 divis
2408 5029 2532 5090 aliis
2562 5029 2741 5103 gulam
2774 5029 3030 5104 putarent
3065 5029 3255 5086 minus
3288 5033 3498 5104 decere,
3532 5029 3714 5104 liben-

2137 5118 2331 5175 tesque
2370 5101 2722 5175 admitterent
2761 5101 2816 5156 iit
2866 5106 2947 5158 eis
2976 5101 3290 5175 luxuriam,
3327 5101 3489 5170 cujus
3535 5101 3713 5175 liquet

2136 5170 2382 5232 notatum
2437 5174 2786 5241 Neptunum,
2841 5189 2952 5227 non
2995 5183 3173 5226 autem
3203 5172 3379 5241 gulat;
3435 5185 3538 5226 nec
3567 5170 3715 5226 forte

2141 5251 2364 5302 deerant
2384 5247 2476 5315 qui
2501 5241 2872 5315 Ganymedem
2902 5244 2984 5298 sic
3014 5259 3040 5293 a
3071 5241 3203 5298 Jove
3235 5249 3449 5315 raptum
3484 5249 3714 5315 conten-

2140 5319 2353 5381 derent,
2389 5311 2446 5369 ut
2479 5317 2528 5368 ei
2573 5311 2638 5368 in'
2669 5314 2887 5368 deliciis
2931 5322 3097 5375 esset,
3131 5311 3272 5381 quod
3313 5312 3504 5366 leniori
3539 5324 3712 5363 voca-

2141 5387 2266 5440 bulo
2299 5386 2634 5455 pocillatoris
2657 5399 2720 5436 ac
2747 5387 3025 5453 pincernae
3071 5383 3369 5455 mollirent.
3400 5381 3515 5455 Son
3541 5381 3715 5449 liquet

2141 5458 2273 5510 mihi
2300 5452 2364 5508 ex
2403 5456 2602 5524 quibus
2651 5452 2980 5524 mythologis
3015 5454 3214 5524 habeat.
3248 5452 3354 5524 Lego
3377 5453 3457 5524 sic
3493 5462 3709 5524 raptum

2143 5543 2171 5579 τι
2203 5521 2453 5594 Neptuno
2487 5521 2766 5591 Pelopetit,
2813 5533 2874 5577 ut
2903 5521 3039 5594 Vnon
3081 5523 3275 5594 ambio
3295 5522 3507 5594 doctior
3536 5521 3710 5594 videri

2144 5599 2198 5649 in
2235 5589 2516 5666 gentilium
2550 5589 2769 5656 fabulis,
2817 5596 2908 5665 qui
2939 5593 3079 5648 nuda
3113 5608 3178 5647 ac
3218 5591 3532 5647 Christiana
3562 5589 3712 5644 veri—

2145 5677 2254 5722 tate
2277 5668 2448 5737 magis
2483 5666 2743 5722 delecter.
