4070 6210
271 305 368 372 101
985 311 1268 372 ORATIO
1295 315 1367 373 X.
1409 339 1479 350 -·
1516 313 1598 375 IN
1639 315 2067 377 DOMINICAM
2090 317 2816 381 RESURRECTIONEM.
3417 320 3516 386 102

266 424 556 495 θεμένων;
601 424 714 478 Οὐκ
762 420 883 479 οἶδα
917 426 968 478 τί
996 426 1110 497 φῶ,
1143 428 1244 499 τὴν
1268 428 1475 498 κλοπὴν
1507 429 1618 482 τῶν
1650 428 1847 500 γάμων

1971 431 2100 485 nium
2154 432 2363 502 pariter
2406 432 2632 487 deorum
2669 434 2723 486 in
2757 433 2966 487 alienas
3003 431 3208 490 formas
3237 442 3515 490 transmu-

265 518 726 587 συγκρυπτόντων
784 518 862 588 τῷ
912 518 1207 585 Πλούτωνι,
1254 519 1287 590 ἢ
1337 521 1694 588 ἀγνοούντων,
1748 520 1846 576 καὶ

1975 525 2208 586 ationes,
2249 538 2318 578 ne
2360 523 2525 578 Ceres
2568 522 2956 595 Proserpinam
2991 527 3312 596 quaeritans,
3359 530 3520 584 linem

262 611 351 664 διὰ
378 610 543 664 τοῦτο
575 611 711 679 πρὸς
732 609 831 682 τὴν
879 609 1104 682 ζήτησιν
1133 611 1511 680 ἀγωνιώντων,
1545 616 1640 667 καὶ
1673 631 1842 684 μετα-

1974 615 2157 670 aboris
2189 617 2492 686 reperiret;
2527 617 2743 670 nemine
2786 617 3001 672 scilicet
3023 618 3320 674 exsistente
3347 635 3376 672 a
3410 635 3521 689 quo

267 705 688 774 μορφουμένων.
742 702 881 756 Ἀλλ’
934 695 1080 757 οὗτοι
1145 704 1244 774 μὲν
1291 704 1476 775 ὥσπερ
1530 705 1846 774 ἐπισφαλῶς

1974 716 2347 778 nterrogarct,
2409 723 2530 762 cum
2581 723 2770 763 omnes
2801 709 2964 763 simul
2999 709 3095 774 dii,
3131 712 3305 779 posita
3348 713 3522 782 ligura

261 793 494 863 ἐξεῦρον
525 793 620 856 οὓς
649 793 846 864 ᾔδεσαν
870 796 1046 860 θεοὺς,
1075 795 1218 849 οὕτω
1250 797 1343 851 καὶ
1372 798 1498 866 περὶ
1525 797 1637 850 τῶν·
1659 797 1844 851 τελουο

1971 802 2190 870 ir0pria,
2237 800 2552 870 peregrinas
2610 800 2936 871 ignotasque
2974 801 3177 857 formas
3220 803 3328 859 sibi
3367 804 3515 859 asci-

263 886 472 956 μένων,
497 885 717 955 φαύλως
733 887 1133 957 ὑπελάμϐανον.
1157 889 1251 941 καὶ
1275 889 1376 942 οὐκ
1406 885 1552 960 εἶχον
1579 891 1843 970 συνιέναι,

1971 893 2164 946 vissent
2183 891 2206 944 ?
2225 890 2362 956 Quid
2385 892 2586 956 dicam,
2615 906 2723 946 non
2765 892 2902 947 satis
2925 892 3160 962 dispicio
3184 911 3197 948 :
3235 910 3364 947 num
3392 894 3524 962 quia

259 979 347 1031 ὅτι
404 978 544 1048 πρὺς
589 979 852 1049 αἰσχύνην
901 980 1088 1042 αὐτοῖς
1120 979 1582 1050 καταστρέφουσιν
1623 980 1678 1034 αἱ
1720 998 1856 1035 παν-

1971 982 2189 1037 furtivas
2223 982 2346 1037 illas
2381 980 2630 1038 Plutonis
2685 984 2906 1054 nuptias
2962 984 3242 1039 communi
3291 985 3525 1041 consilio

259 1071 522 1141 ηγύρεις,
549 1072 644 1126 καὶ
675 1072 772 1142 τὴν
804 1073 1011 1125 ἑαυτῶν
1029 1071 1378 1143 ἑορτάζουσιν
1399 1073 1604 1128 ἄνοιαν.

1971 1075 2138 1129 :elare
2178 1075 2521 1138 statuissent,
2576 1082 2670 1129 aut
2724 1077 2852 1146 quia
2904 1077 3260 1146 ignorarent,
3293 1090 3527 1146 eamque

261 1166 338 1220 ob
401 1179 626 1220 causam
678 1165 952 1222 diﬁciiiori
1001 1166 1377 1236 inquisitione,
1429 1166 1636 1223 formas
1687 1167 1826 1224 alias
1889 1172 2345 1240 assumpsissent.
2399 1175 2468 1227 At
2518 1172 2608 1226 isti
2692 1172 2933 1242 quidem,
2983 1181 3043 1225 ut
3094 1182 3298 1227 temere
3361 1184 3527 1226 exco-

261 1257 541 1327 gitarunt,
595 1271 734 1326 quos
762 1258 1011 1312 arbitrati
1061 1266 1192 1312 sunt
1221 1259 1354 1314 deos
1381 1299 1397 1325 ,
1426 1259 1501 1312 ita
1540 1260 1704 1314 etiam
1735 1262 1854 1316 sine
1890 1265 2106 1318 ratione
2131 1263 2326 1318 iisdem
2351 1264 2469 1320 dies
2510 1263 2678 1320 festos
2729 1272 3156 1332 consecrarunt;
3231 1281 3337 1321 non
3401 1265 3528 1319 ani-

261 1349 702 1413 nadvertentes,
737 1364 877 1418 quos
923 1349 1006 1404 eis
1057 1349 1228 1404 festos
1261 1350 1679 1406 constituissent
1733 1351 1873 1418 dies,
1916 1353 1972 1408 in
2032 1368 2225 1409 eorum
2266 1355 2506 1412 dedecus
2527 1370 2591 1410 ac
2611 1356 2965 1426 opprobrium
2986 1357 3201 1424 cedere,
3254 1375 3355 1415 nec
3378 1361 3526 1416 aliud

262 1443 443 1514 ipsos,
491 1458 658 1514 quam
712 1457 873 1498 suam
925 1444 1173 1514 ipsorum
1227 1445 1587 1500 stoliditatem
1641 1446 1961 1504 solemniter
2001 1451 2204 1506 colere.

351 1535 520 1602 Ἡμῖν
551 1536 611 1589 δὲ
641 1534 829 1607 ὥσπερ
865 1537 943 1599 είς
982 1535 1142 1590 καλὸν
1181 1537 1242 1590 τὸ
1273 1537 1477 1605 γνῶναι
1520 1538 1684 1606 Θεὸν,
1717 1540 1850 1610 μᾶλ-

2023 1541 2194 1599 Nobis
2229 1559 2418 1614 porro,
2461 1554 2522 1598 ut
2572 1543 2740 1598 Deum
2775 1545 3120 1615 cognovisse,
3155 1547 3240 1600 vel
3290 1547 3475 1616 potius
3499 1566 3529 1604 a

265 1629 362 1682 λον
407 1627 827 1692 δὲ,’ὑπάὐτοῦ
870 1628 1225 1701 γνωσθῆναιΡ
1276 1631 1440 1710 ἡμᾶς,
1463 1628 1614 1683 ,οὕτω
1656 1631 1752 1684 καὶ
1793 1630 1855 1682 τὸ

1971 1631 2065 1688 )eo
2113 1635 2366 1704 cognitos
2399 1650 2545 1699 esse,
2586 1635 2910 1705 praeclarum
2963 1650 3027 1690 ac
3085 1633 3377 1691 honestum
3411 1649 3527 1702 est,

269 1718 578 1791 ἑορτάζειν.
635 1719 732 1773 Διὰ
775 1719 934 1772 τοῦτο
987 1721 1227 1792 σήμερον
1249 1722 1382 1791 ἡμῖν
1413 1722 1561 1774 πᾶσα
1593 1721 1692 1790 μὲν
1719 1721 1856 1791 ὁμοῦ

1979 1734 2030 1778 ta
2055 1733 2111 1780 et
2143 1724 2284 1780 festa
2317 1726 2618 1782 celebrare.
2675 1725 3023 1796 Quapropter
3060 1734 3171 1781 tota
3203 1743 3386 1782 rerum
3413 1729 3533 1782 uni-

273 1810 628 1882 σννεορτάζει
667 1814 702 1881 ἠ
732 1812 942 1874 κτίσις⁸
975 1811 1162 1876 πάντα
1194 1812 1240 1886 δ’
1263 1811 1398 1882 ὁμοῦ
1437 1813 1754 1884 συνέρχεται
1791 1814 1860 1867 τὰ

1971 1820 2192 1874 versitas
2227 1834 2334 1872 una
2386 1819 2675 1874 nobiscum
2723 1819 2885 1874 hodie
2913 1819 3180 1882 celebrat,
3232 1835 3295 1873 ac
3335 1820 3531 1874 festum

273 1904 442 1958 καλά’
470 1903 779 1974 ἐλευθερία,
818 1903 1120 1974 ἁφθαρσία,
1163 1903 1288 1969 δόξα
1341 1903 1434 1956 τοῦ
1489 1905 1556 1958 δι’
1586 1906 1733 1959 ἔλεον
1761 1907 1862 1958 ὲπ-

1971 1909 2108 1978 ιείῑς
2152 1909 2423 1979 simulque
2452 1910 2635 1964 omnia
2667 1910 2805 1964 bona
2845 1912 3001 1980 quasi
3037 1911 3090 1964 in
3127 1927 3293 1964 unum
3331 1911 3532 1965 fontem

274 1956 577 2066 εγνῷχότος
611 1956 784 2068 ἡμᾶς,
824 1956 1132 2068 εϐφροσύνη
1308 1998 1400 2050 ἐπὶ
1422 1956 1734 2069 τῇ-εὑρέσει
1892 1956 1934 2011 Β

279 2090 560 2160 βασιλικῆς
623 2089 1048 2158 ἀγαλλιωμένων
1116 2089 1365 2160 δραχμῆς
1385 2107 1401 2120 ο
1472 2089 1864 2162 σκυθρωπότης

280 2181 384 2234 τῶν
422 2183 500 2244 εἰς
533 2180 696 2244 τέλος
721 2179 1238 2252 καταϐεϐλημένων,
1275 2180 1402 2252 ᾅδου
1455 2181 1551 2235 καὶ
1605 2181 1863 2246 Θανάτου,

289 2277 384 2327 καὶ
411 2275 511 2328 τῶν
542 2274 836 2346 στυγηρῶν
867 2274 1178 2345 δαιμονίων,
1211 2273 1305 2338 οὓς
1336 2274 1597 2339 Ἕλληνες
1623 2275 1864 2346 αἰσχρῶς

296 2365 589 2434 ἐπιγνόντες
609 2407 626 2433 ,
657 2366 867 2436 αῐσχιον
913 2366 1180 2436 ἐτίμησάν
1220 2383 1279 2418 τε
1326 2367 1420 2419 καὶ
1468 2366 1862 2435 ἐσεϐάσθησαν.

307 2457 455 2510 Ἀλλὰ
485 2458 598 2530 γὰρ
627 2457 883 2528 ἀπίωμεν
913 2459 1007 2510 ἐπὶ
1039 2458 1108 2511 τὰ
1135 2457 1252 2511 θεῖα
1273 2457 1441 2521 ὅντως
1462 2459 1558 2512 καὶ
1585 2459 1857 2531 ἡμέτερα,

279 2545 385 2605 οἷον
412 2553 501 2621 ἐφ’
538 2553 693 2622 ἱερᾶς
732 2553 965 2615 σκοπιᾶς
1009 2552 1378 2620 ἀναγαγόντες
1409 2551 1500 2605 τὸν
1533 2551 1723 2620 λόγον,
1763 2551 1858 2604 καὶ

275 2642 486 2713 ὃμματι
533 2643 753 2696 εὐσεϐεῖ
787 2642 886 2714 τὴν
915 2645 972 2696 ἐν
1002 2644 1143 2714 ἀρχῇ
1164 2642 1323 2710 δόξαν
1363 2643 1458 2697 τοῦ
1491 2642 1695 2712 ταύτης
1722 2645 1857 2714 ἡμῖν

275 2734 452 2788 αἰτίου
484 2736 588 2804 τῆς
622 2734 816 2805 ἑορτῆς
871 2733 1222 2804 θεωροῦντες,
1275 2735 1418 2789 οὕτω
1469 2753 1530 2790 τε
1559 2737 1697 2806 πρὸς
1754 2738 1854 2809 τὴν

273 2826 366 2880 ἐπ’
394 2827 646 2896 ἐσχάτων
689 2827 1056 2892 διαϐαίνοντες
1094 2828 1426 2900 οἰκονομίαν.

1961 2001 2269 2067 conﬂuunt,
2319 2000 2568 2066 libertas,
2620 2002 3001 2072 incorruptio;
3043 2004 3165 2072 ejus
3210 2003 3403 2072 gloria,
3434 2004 3532 2072 ‘qui

1960 2107 2056 2161 per
2127 2091 2520 2147 misericordiae
2573 2091 2786 2146 viscera
2845 2109 2945 2147 nos
2996 2095 3285 2162 cognovit;
3350 2095 3535 2149 laetitia

1961 2199 2173 2247 eorum,
2230 2184 2324 2253 qui
2357 2182 2429 2237 ob
2459 2183 2664 2253 regiam
2728 2183 3044 2238 drachmam
3082 2185 3357 2239 inventam
3401 2201 3538 2257 gau-

1962 2275 2094 2330 dent
2133 2293 2148 2327 z
2178 2275 2403 2328 tristitia
2451 2289 2516 2328 ac
2563 2289 2769 2329 mceror
2795 2290 3010 2341 eorum,
3040 2279 3132 2345 qui
3165 2278 3382 2346 penitus
3406 2293 3536 2347 pro-

1964 2366 2124 2421 strati
2169 2374 2319 2429 sunt,
2374 2363 2578 2420 inferni
2637 2366 2851 2420 scilicet
2897 2381 2961 2419 ac
3005 2367 3221 2431 mortis,
3269 2383 3369 2422 nec
3423 2385 3533 2424 non

1964 2459 2268 2514 invisorum
2321 2457 2652 2522 daemonum,
2688 2472 2827 2528 quos
2876 2473 3002 2512 cum
3069 2458 3242 2514 Graeci
3306 2465 3539 2531 turpiter

1965 2551 2341 2623 agnovissent,
2394 2550 2557 2622 longe
2609 2549 2790 2605 adhuc
2849 2551 3066 2621 turpius
3119 2552 3430 2619 coluerunt,
3475 2568 3539 2609 ac

1967 2643 2076 2700 Deo
2124 2644 2324 2699 debitis
2375 2643 2684 2698 honoribus
2718 2643 2997 2712 prosecuti
3048 2651 3198 2698 sunt.
3235 2642 3436 2699 Verum
3469 2645 3539 2702 ad

1963 2745 2173 2801 nostra,
2217 2750 2340 2806 quae
2370 2749 2496 2790 vere
2543 2733 2727 2788 divina
2782 2743 2929 2798 sunt,
2976 2734 3374 2804 regrediamur,
3410 2752 3538 2791 ora-

1963 2828 2280 2896 tionemque
2331 2825 2480 2881 velut
2507 2824 2577 2880 ad
2611 2839 2832 2881 sacram
2869 2825 3146 2894 speculam
3179 2841 3536 2883 revocamus:

271 2931 336 2978 et
379 2924 638 2995 gloriam,
678 2939 784 2993 qua
824 2937 856 2977 a
908 2924 1179 2994 principio
1226 2925 1428 2980 claruit
1463 2925 1531 2991 is,
1563 2925 1658 2996 qui
1693 2925 1856 2980 nobis
1893 2923 2060 2993 hujus
2117 2922 2240 2978 festi
2285 2928 2478 2976 auctor
2507 2927 2610 2984 est,
2654 2918 2914 2990 religioso
2975 2920 3136 2976 oculo
3203 2922 3539 2992 contemple-

274 3032 434 3081 mur;
490 3017 686 3087 sicque
716 3015 784 3070 ad
836 3016 1197 3071 oeconomiam
1250 3017 1458 3072 ultimis
1512 3017 1852 3087 temporibus
1885 3016 2184 3072 exhibitam
2233 3011 2621 3083 procedamus.

349 3111 489 3172 Θεὸς
526 3104 592 3162 οῦ
624 3110 862 3180 σήμερον
884 3110 1014 3180 ἡμῖν
1042 3111 1076 3182 ἡ
1112 3112 1436 3181 πανήγυρις,
1463 3105 1534 3182 ἦν
1575 3112 1673 3181 μὲν
1695 3110 1754 3176 ἐξ
1778 3112 1866 3166 ἀϊ-

271 3201 598 3271 δίουξσυνὼν
623 3200 702 3271 τῷ
723 3201 953 3261 τεκόντι.
970 3202 1082 3271 οὐχ
1109 3201 1425 3273 ἁρπαγμὸν
1453 3203 1862 3273 ἡγησάμενος,

2039 3108 2184 3164 Deus
2229 3108 2390 3178 cujus
2456 3106 2615 3162 nobis
2673 3105 2833 3161 hodie
2883 3104 3153 3161 festivitas
3211 3105 3413 3176 agitur,
3471 3109 3541 3165 ab

1966 3210 2172 3257 aeterno
2215 3199 2427 3255 exstitit
2478 3213 2543 3253 ac
2569 3198 2574 3202 ’
2601 3197 2705 3252 fuit
2752 3213 2876 3253 cum
2938 3197 3130 3260 Patre;
3167 3213 3260 3250 nec
3293 3198 3538 3264 rapinam

277 3294 428 3346 κατὰ
469 3294 532 3346 τὸ
574 3293 779 3361 λόγιον,
826 3293 892 3346 τὸ
931 3288 1083 3347 εἶναι
1118 3291 1224 3349 ἴσα
1267 3295 1409 3361 Θεῷ,
1453 3295 1568 3349 ἀλλ’
1595 3296 1735 3365 ἔχων
1767 3297 1864 3366 μὲν

1971 3293 2259 3347 arbitratus
2295 3299 2397 3352 est,
2430 3297 2490 3344 ut
2519 3289 2806 3358 Scriptura
2839 3287 3101 3356 loquitur,
3135 3301 3247 3340 esse
3277 3303 3334 3340 se
3356 3303 3540 3358 wqua-

277 3386 344 3451 ἐξ
372 3383 546 3438 αὑτοῦ
576 3384 635 3436 τὸ
668 3379 838 3437 εἶναι·
885 3385 1236 3455 κληρονομῶν
1281 3386 1326 3439 δ’
1357 3385 1547 3457 ὥσπερ
1591 3388 1690 3458 τῆς
1725 3404 1867 3457 συμ-

275 3478 456 3545 φυΐας
487 3476 584 3529 καὶ
615 3478 711 3546 τῆς
743 3475 1062 3546 ἀῖδιότητος,
1094 3475 1235 3530 οὕτω
1260 3478 1354 3530 καὶ
1385 3478 1566 3549 δόξης,
1594 3480 1688 3532 καὶ
1737 3479 1874 3534 πάν-

281 3587 400 3622 των
446 3569 548 3622 ὅσα
595 3566 690 3620 τοῦ
742 3569 1086 3639 γεννήτορος.
1121 3570 1370 3640 Ἔπρεπε
1419 3571 1529 3641 γὰρ
1579 3571 1736 3641 δόξης
1780 3565 1875 3625 καὶ

285 3663 616 3733 κυριότητος
646 3662 742 3714 ἀπ’
770 3661 946 3731 ἀρχῆς
989 3664 1250 3734 ὁμοτιμία
1281 3663 1358 3734 τῷ
1397 3662 1531 3734 Υίῷ,
1561 3664 1644 3716 ὅτι
1667 3662 1874 3725 τέλειος

285 3757 355 3807 ἐκ
382 3754 626 3807 τελείου·
664 3753 758 3806 καὶ
792 3754 874 3807 ὃτι
917 3752 1061 3809 οὕτω
1097 3755 1296 3825 μᾶλλον
1329 3755 1544 3819 σώζοιτ’
1576 3755 1643 3808 ἂν
1689 3757 1720 3826 ἡ
1747 3753 1874 3819 δόξα

291 3845 373 3911 τῷ
409 3845 482 3910 ἐξ
504 3841 578 3901 αὖ
605 3844 774 3902 πᾶσα
805 3847 1040 3914 πατριὰ,
1078 3848 1137 3900 ὲν
1173 3846 1250 3918 τῷ
1283 3847 1450 3917 μηδὲν
1474 3847 1873 3917 ὑποϐεϐηκὲναι

287 3939 449 4010 δόξης
491 3940 587 3992 καὶ
628 3939 792 4008 τιμῆς
821 3939 911 3991 τὸν
943 3939 1090 3993 Υίόν.
1123 3939 1433 4011 ’Ἄνθρωποι
1466 3940 1565 4010 μὲν
1601 3941 1709 4010 γὰρ
1750 3941 1872 3996 ἐπεὶ

296 4033 414 4085 κατ’
440 4031 594 4084 οὐδὲν
623 4031 839 4094 τέλειοι,
873 4030 1138 4094 ἐνδέοντες
1164 4030 1436 4084 τίκτουσιν
1467 4032 1664 4096 ἐνδεεῖς
1690 4049 1704 4064 ο
1727 4035 1757 4086 ό
1790 4033 1866 4096 δὲ,

294 4125 500 4185 τέλειος
531 4123 626 4187 ὢν,
658 4122 857 4192 μᾶλλον
879 4123 922 4175 δ’
945 4123 1264 4194 ὑπερτελὴς,
1289 4123 1558 4194 ἀπροσδεῆ
1584 4126 1745 4195 γεννᾷ
1763 4143 1776 4157 ·
1806 4124 1874 4177 ἵν’

295 4215 472 4268 οἰκεία
510 4213 986 4284 μεγαλοπρεπείας
1038 4213 1172 4267 Θεοῦ
1228 4216 1262 4285 ἡ
1310 4217 1561 4286 γέννησις
1587 4212 1643 4290 ᾖ,
1667 4218 1763 4270 καὶ
1795 4218 1870 4289 μὴ

298 4312 390 4379 τῆς
427 4308 641 4360 ἐκείνου
694 4305 910 4374 φύσεως
953 4307 1229 4378 ἀπρεπής.
1267 4309 1418 4360 Ἐπεὶ
1447 4307 1503 4360 δὲ
1537 4309 1871 4379 κληρονόμος

289 4401 366 4454 ὢν
388 4401 647 4454 ἁπάντων
671 4401 772 4453 ὅσα
820 4398 914 4454 τοῦ
955 4403 1293 4472 γεννήτορος,
1338 4402 1536 4468 ἀγαθὸς
1565 4397 1632 4472 ἦν
1660 4403 1718 4468 ἐξ
1736 4404 1870 4471 ἁγα-

291 4493 414 4546 θοῦ·
449 4493 560 4544 ἔδει
605 4491 660 4544 δὲ
703 4493 793 4545 τὸν
826 4492 1050 4546 πλοῦτον
1081 4493 1311 4564 ὀφθῆναι
1353 4494 1452 4563 τῆς
1496 4492 1866 4564 ἀγαθότητος,

294 4583 369 4652 μὴ
428 4583 594 4652 μόνον
641 4583 698 4634 ὲν
747 4581 826 4652 τῷ
874 4583 1275 4654 δημιουργῆσαι
1330 4584 1422 4638 τὸν
1469 4584 1596 4655 χοῦν
1641 4587 1867 4640 εἰκόναει

1976 3385 2075 3440 lem
2109 3383 2219 3438 Deo
2253 3383 2298 3415 ⁷⁸
2323 3401 2336 3436 :
2364 3383 2458 3438 sed
2483 3381 2551 3436 ab
2581 3381 2697 3450 ipso
2719 3378 2937 3449 quidem
2961 3393 3086 3434 esse
3119 3393 3275 3434 suum
3305 3380 3537 3451 accepit,

1975 3478 2248 3548 particeps
2293 3485 2353 3531 ut
2395 3475 2639 3545 ejusdem
2688 3481 2898 3528 natura}
2958 3478 3014 3527 et
3053 3473 3418 3538 aeternitatis,
3469 3476 3544 3530 ita

1975 3578 2031 3624 et
2065 3569 2252 3641 gloriae
2305 3576 2360 3624 et
2390 3568 2657 3634 omnium,
2688 3580 2810 3636 quae
2838 3564 2998 3619 Pater
3021 3563 3203 3617 habet.
3228 3561 3367 3619 Filio
3390 3564 3540 3624 enim

1973 3662 2043 3716 ab
2092 3661 2251 3716 initio
2306 3659 2654 3728 competebat
2702 3664 2755 3711 et
2808 3655 3016 3726 gloriae,
3071 3662 3127 3710 et
3181 3655 3392 3725 imperii
3443 3671 3540 3712 seu

1973 3755 2264 3827 potestatis
2321 3752 2623 3822 aequalitas,
2669 3751 2798 3819 quia
2850 3748 3125 3818 perlectus
3180 3762 3248 3803 ex
3298 3747 3541 3818 perfecto

1971 3854 2273 3921 prognatus
2325 3852 2442 3908 est;
2498 3841 2753 3911 quodque
2808 3855 2872 3896 ea
2928 3839 3141 3894 ratione
3188 3841 3362 3909 magis
3406 3855 3544 3896 con-

1973 3947 2081 3996 stet
2121 3937 2241 4008 ejus
2271 3936 2478 4006 gloria,
2531 3950 2596 3988 ea:
2649 3950 2750 3997 quo
2803 3936 2969 3988 omnis
2995 3934 3290 4002 paternilas
3315 3932 3545 3991 descen-

1974 4031 2054 4083 dit
2080 4029 2147 4090 ",
2189 4034 2250 4081 ut
2280 4025 2476 4080 Filium
2512 4024 2782 4094 genuerit,
2816 4023 2907 4091 qui
2933 4039 3109 4092 neque
3138 4023 3332 4092 gloria,
3367 4039 3545 4095 neque

1971 4123 2180 4175 honore
2222 4120 2402 4172 minor
2423 4116 2554 4187 quid
2586 4130 2748 4185 quam
2792 4114 2954 4168 Pater
2995 4115 3242 4169 exsistat.
3289 4113 3546 4170 Homines

1971 4217 2191 4289 quidem
2237 4231 2361 4270 cum
2395 4213 2749 4286 perfectionis
2796 4221 3043 4280 expertes
3074 4212 3203 4277 sint,
3243 4211 3544 4282 imperfecti

1971 4309 2344 4380 imperfectos,
2391 4313 2727 4376 egentesque
2781 4317 2986 4368 egenos
3032 4312 3399 4371 progenerant
3437 4318 3452 4354 :
3492 4311 3547 4356 at

1971 4403 2064 4472 qui
2105 4399 2404 4471 perfectus,
2454 4396 2560 4461 vel,
2611 4403 2668 4448 ut
2724 4393 2928 4448 rectius
2962 4393 3175 4461 loquar,
3224 4393 3372 4446 omni
3423 4408 3546 4463 per-

1969 4491 2202 4548 fectione
2225 4488 2400 4557 major
2427 4495 2527 4550 est,
2553 4485 2600 4540 is
2621 4485 2876 4540 omnibus
2903 4481 3080 4536 modis
3107 4490 3542 4535 consummatum

1971 4584 2180 4654 gignit;
2223 4589 2284 4634 ut
2315 4578 2598 4650 generatio
2652 4576 2742 4629 illa
2773 4575 2972 4628 divina:
3000 4572 3271 4642 maiestati
3303 4574 3374 4628 sit
3407 4587 3542 4627 con-

288 4676 427 4729 Θεοῦ
452 4691 469 4704 °
507 4674 642 4745 μηδ’
671 4676 764 4744 ἀφ’
794 4670 869 4729 ὧν
921 4676 1289 4747 ὑπέρπλουτος
1335 4687 1356 4713 ι’
1387 4678 1415 4730 ὁ
1434 4677 1688 4748 τιμηθεὶς
1712 4679 1869 4750 ἐχρη-

1977 4686 2260 4739 sentanea,
2311 4689 2417 4726 non
2464 4685 2494 4724 a
2540 4675 2731 4723 natura
2784 4668 2934 4722 illius
2990 4666 3185 4720 aliena.
3225 4663 3362 4730 Quia
3413 4679 3544 4717 vero

288 4768 519 4840 μάτιζεν
536 4783 550 4796 ·
580 4768 696 4820 ἀλλ’
718 4768 838 4820 ἐπεὶ
860 4770 1051 4838 ῥοπαῖς
1071 4769 1298 4834 οἰκείαις
1321 4769 1536 4840 θανάτῳ
1554 4769 1864 4836 δεδούλωτο,

288 4861 382 4912 καὶ
429 4861 641 4931 ἄπορον
697 4862 730 4931 ἡ
783 4860 1045 4931 λύτρωσις
1079 4857 1168 4934 ἦν,
1204 4859 1465 4916 εἶναικαὶ
1513 4862 1670 4916 τοῦτο
1697 4862 1869 4933 δῶρον

293 4954 388 5023 τῆς
444 4953 661 5007 ἐκεῖθεν
708 4954 1058 5024 ἀγαθότητος.
1101 4954 1380 5007 Ἐϐούλετο
1405 4955 1450 5006 δ’
1473 4953 1581 5023 ἄρα
1628 4954 1870 5024 ὑπερϐα-

291 5047 480 5101 λέσθαι
534 5044 696 5108 αὐτὸς
744 5045 936 5099 ἑαυτὸν
981 5043 1388 5116 φιλανθρωπίας
1437 5045 1739 5117 ὑπερϐολῇ·
1781 5045 1869 5100 διὰ

293 5140 448 5194 τοῦτο
499 5138 730 5200 εὐδοκεῖ,
768 5138 945 5191 πόνων
994 5136 1207 5192 οἰκείων
1256 5138 1318 5189 οὐ
1359 5139 1527 5208 χωρὶς
1553 5137 1736 5191 δοῦναι
1765 5140 1866 5207 τὴν

293 5229 632 5302 ἐλευθερίαν.
665 5225 771 5282 Ἦν
798 5229 854 5282 δὲ
889 5228 1044 5282 τοῦτο
1075 5229 1385 5299 βουληθέντι
1413 5230 1628 5299 ἕτοιμον
1647 5247 1662 5261 ’
1696 5229 1873 5283 πάντα

296 5323 404 5392 γὰρ
432 5323 576 5375 εἴκει
601 5321 719 5391 Θεῷ
738 5339 751 5351 ·
781 5321 894 5374 ἀλλ’
921 5323 978 5373 ὲν
1005 5322 1080 5392 τῷ
1103 5324 1427 5390 κοινωνῆσαι
1456 5322 1554 5390 μὲν
1576 5324 1688 5384 τοῖς
1706 5337 1874 5374 κατα-

298 5413 473 5477 όίκοις
504 5414 604 5482 τῆς
633 5414 1096 5484 συναναστροφῆς,
1131 5411 1274 5466 οὕτω
1308 5413 1365 5467 δὲ
1407 5417 1602 5484 πεῖραν
1623 5413 1723 5482 τῆς
1775 5431 1872 5465 atate

376 5592 423 5625 ⁷⁸
470 5591 712 5661 Philipp.
764 5605 827 5653 ιι,
887 5590 940 5644 6.
1019 5590 1064 5621 ⁷⁸
1105 5589 1312 5645 Eoltcs.
1350 5607 1433 5655 ιιι,
1480 5591 1568 5645 l5.

1977 4767 2153 4821 haeres
2193 4765 2465 4820 exsistens
2517 4760 2761 4815 omnium
2813 4757 2992 4813 Patris
3059 4757 3324 4808 bonorum
3381 4763 3546 4823 atque

1977 4859 2270 4923 donorum,
2303 4858 2479 4911 bonus
2506 4869 2573 4908 ex
2619 4853 2764 4908 bono
2807 4859 2946 4916 erat,
3006 4848 3341 4917 decebatque
3374 4849 3541 4902 utdi-

1979 4954 2124 5006 vitia:
2171 4950 2428 5005 bonitatis
2466 4964 2576 5002 non
2619 4948 2794 5001 solum
2841 4945 2894 4997 in
2921 4957 2988 4996 eo
3016 4947 3362 5010 apparerent,
3396 4939 3541 5010 quod

1981 5045 2256 5113 pulverem
2298 5039 2365 5092 ad
2403 5037 2494 5091 Dei
2524 5037 2814 5106 imaginem
2857 5029 3226 5095 condidisset;
3263 5043 3327 5084 ac
3369 5043 3544 5098 neque

1983 5147 2039 5189 ut
2088 5135 2204 5205 ipse
2259 5136 2519 5189 honorem
2572 5131 2799 5192 habens,
2857 5125 3307 5198 opulentissimus
3346 5132 3540 5178 esset:

1981 5227 2179 5296 adjecit
2207 5235 2260 5279 ct
2283 5227 2386 5280 hoc
2410 5224 2670 5278 bonitatis
2695 5235 2806 5275 suae
2833 5233 3034 5273 munus
3066 5224 3121 5272 et
3141 5221 3540 5286 argumentum.

1981 5332 2063 5382 ut,
2111 5327 2397 5386 postquam
2433 5315 2597 5369 homo
2638 5311 2858 5384 propria
2905 5308 3262 5364 inclinatione
3293 5313 3348 5362 et
3385 5307 3545 5363 ruina

1979 5411 2034 5464 in
2074 5411 2395 5463 servitutem
2445 5406 2638 5460 mortis
2683 5403 2971 5471 inciderat,
3021 5417 3198 5473 neque
3250 5400 3390 5456 ratio
3436 5398 3544 5457 ulla

1603 5683 1836 5739 VARUS
1894 5676 2295 5738 LECTIONES.

390 5790 418 5831 Ρ
435 5784 522 5838 ed.
556 5779 845 5853 ὲγνῶσθαι.

956 5790 983 5832 <t
1009 5779 1095 5836 ed.
1131 5779 1321 5836 εἰκόνι.
1407 5789 1430 5818 τ
1461 5796 1551 5851 γρ.
1583 5776 2002 5854 ὑπερπλούσιος.
