4070 6210
448 335 551 401 103

1673 328 1944 388 LEOle
1974 327 2433 388 PHILOSOl’llI

3594 315 3695 379 1M

448 466 556 521 qua
592 466 652 505 se
694 451 817 504 inde
849 448 1151 519 expediret,
1190 446 1531 517 suppetebat,
1560 460 1683 498 cum
1724 459 1753 497 a
1787 443 2020 505 vinculis

2145 443 2342 504 εώσεως
2397 441 2627 493 λαϐόντα
2672 438 2915 492 διαλῦσαι
2962 440 3060 510 τὴν
3109 440 3373 494 κάκωσιν.
3444 434 3599 486 Ἐπεὶ
3641 435 3699 486 δὲ

376 582 397 588 ..
447 539 535 593 his
565 539 891 592 exsolveret.
930 536 1275 606 Quapropter
1306 533 1472 587 nimia
1511 532 1744 600 quadam
1781 530 2016 585 benevo-

446 630 629 686 lentiae
663 629 1003 683 abundantia
1052 628 1172 697 ipse
1205 641 1266 681 se
1315 638 1649 692 exsuperare
1694 622 1887 679 voluit.
1926 622 2016 676 ld-

394 748 405 758 ο
449 721 601 776 circo
630 721 824 776 statuit
862 720 1134 789 perditum
1167 719 1221 772 in
1249 718 1557 771 libertatem
1595 729 1869 778 asserere,
1903 729 2012 767 non

451 814 571 868 sine
615 813 883 867 molestiis
932 810 1099 883 (quod
1131 809 1335 864 volenti
1378 808 1539 863 facile
1564 817 1709 873 erat;
1748 822 1872 862 nam
1902 822 2022 859 om-

452 906 545 959 nia
575 904 777 961 cedunt
830 903 1000 971 Deo),
1042 902 1138 957 sed
1192 902 1266 955 ita
1322 910 1382 954 ut
1429 901 1865 957 conversationis
1899 916 2021 955 cum

450 998 562 1052 reis
614 998 929 1052 societatem
965 994 1148 1057 iniret,
1203 992 1393 1063 sicque
1429 992 1546 1062 ipse
1579 993 1925 1047 incommoda
1962 1006 2024 1046 ac

452 1090 705 1145 miserias
755 1094 1035 1156 expertus,
1088 1086 1369 1141 miseriam
1424 1099 1640 1139 omnem
1675 1084 2022 1139 dissolveret.

436 1180 719 1236 Caeterum
753 1192 878 1231 cum
912 1175 966 1229 id
999 1174 1160 1229 aliter
1194 1172 1442 1243 praestari
1481 1189 1591 1229 non
1626 1184 1830 1243 posset,
1862 1190 2024 1244 quam

454 1279 513 1323 ut
561 1272 629 1329 is.
663 1267 754 1337 qui
805 1281 890 1321 me
925 1266 1178 1330 ﬁnxerat,
1214 1281 1390 1319 meum
1426 1267 1543 1338 ipse
1588 1265 1902 1337 ﬁgmentum
1943 1266 2029 1319 in—

450 1362 671 1428 dueret;
727 1359 1005 1430 peragitur
1055 1359 1202 1428 quod
1249 1366 1426 1412 totum
1460 1360 1804 1429 mysterium,
1836 1359 2027 1414 occul-

442 1464 568 1508 tum
620 1466 683 1506 ac
737 1466 998 1505 arcanum
1050 1450 1369 1520 mysterium
1416 1460 1529 1512 est;
1581 1466 1645 1505 ac
1698 1452 1803 1505 mei
1856 1450 2032 1507 simile

454 1547 689 1615 primum
716 1545 911 1613 incipit
937 1558 1083 1607 esse,
1105 1542 1249 1612 quod
1276 1560 1304 1596 a
1328 1544 1599 1613 principio
1621 1552 1741 1598 erat
1764 1544 2029 1598 Verbum:
2070 1536 2076 1544 ’

454 1637 746 1708 magnique
793 1636 1008 1690 consilii
1076 1635 1255 1691 Patris
1300 1636 1542 1705 Angelus
1573 1636 1642 1699 ⁸⁸³,
1692 1636 1748 1690 in
1794 1635 2032 1691 humana

455 1730 638 1799 specie
660 1729 811 1783 venit
836 1744 850 1795 ;
888 1727 1096 1783 amoris
1128 1728 1581 1798 magnitudinem,
1614 1743 1722 1799 quo
1748 1743 1852 1785 nos
1874 1730 2033 1785 Pater

455 1820 760 1885 dilexisset,
811 1834 909 1888 per
963 1819 1206 1889 seipsum
1272 1819 1546 1881 ostendit,
1602 1835 1666 1873 ac
1716 1834 1814 1876 sua
1878 1822 2033 1875 carni

451 1909 867 1979 justitieatione,
889 1918 947 1962 ut
977 1924 1005 1961 a
1034 1908 1227 1963 mortis
1246 1908 1617 1964 dominatione
1637 1909 1764 1979 iusti
1796 1911 2032 1978 speciem

457 1997 713 2062 habente,
744 1997 1082 2064 exsolvatur,
1116 1996 1325 2073 tribuit.
1361 1995 1569 2062 Quibus
1592 1997 1739 2053 enim
1770 1999 2034 2055 adversus

2119 535 2275 587 τοῦτο
2300 532 2611 602 πραχθῆναι
2653 530 2826 593 ἄλλως
2855 532 2954 584 οὑκ
2978 527 3100 600 ἦνῆ
3138 528 3446 597 πλασθῆναι
3474 525 3553 597 τῷ
3584 524 3704 595 ἐμῷ

2119 628 2210 680 τὸν
2236 626 2483 695 πλάστην
2514 625 2815 695 φυράματι,
2843 625 3078 677 τελεῖται
3112 624 3176 675 τὸ
3208 624 3316 675 πᾶν
3367 620 3701 690 μυστήριον,

2122 717 2475 787 ἀποκρύπτου
2535 717 2860 785 μυστήριονο
2898 717 2993 769 καὶ
3051 713 3323 783 λαμϐάνει
3374 712 3550 783 ἀρχὴν
3580 712 3704 763 κατ’

2123 811 2224 879 ἐμὲ
2262 814 2289 864 ὁ
2315 810 2388 863 ὢν
2432 812 2489 862 ἐν
2520 812 2661 880 ἀρχῇ
2694 811 2865 877 Λόγος
2884 824 2897 836 ·
2925 808 3017 861 καὶ
3044 808 3071 859 ὁ
3094 809 3194 876 τῆς
3229 805 3469 875 μεγάλης
3505 803 3707 873 βουλῆς

2122 900 2215 953 τοῦ
2245 900 2453 970 [ἰατρὸς
2488 899 2749 967 Ἀγγελος
2794 899 2851 951 ἐν
2884 898 3138 968 ἡμετέρῳ
3168 897 3299 949 εῖδει
3324 894 3610 963 ἐπιφοιτᾷ,
3642 892 3708 945 τό

2124 1012 2184 1049 τε
2240 992 2371 1062 ὕψος
2405 993 2505 1063 τῆς
2533 994 2749 1061 tivam);
2789 992 2858 1061 ἣν
2896 992 3182 1061 ἠγάπησεν
3232 990 3384 1058 ἡμᾶς
3429 990 3456 1040 ὁ
3514 987 3707 1055 Πατὴρ

2125 1087 2190 1139 δι’
2243 1084 2436 1138 ἑαυτοῦ
2486 1085 2786 1154 γνωρίζων,
2818 1085 2911 1136 καὶ
2963 1084 3029 1151 τῇ
3080 1082 3246 1151 σαρκὶ
3297 1079 3475 1141 διδοὺς
3516 1078 3709 1146 οἰκείῳ

2126 1177 2454 1246 δικαιώματι
2491 1177 2590 1246 τῆς
2637 1177 2713 1245 τῷ
2752 1174 2968 1243 θανάτῳ
3001 1172 3263 1241 δοκούσης
3294 1171 3516 1237 εὐλόγου
3571 1186 3710 1222 κατ-

2129 1269 2263 1339 οχῆς
2296 1268 2684 1321 ἀπολελύσθαι.
2704 1263 2801 1330 Οἷς
2832 1267 2941 1336 γὰρ
2974 1265 3113 1319 κατὰ
3133 1264 3227 1317 τοῦ
3259 1263 3422 1333 μηδὲν
3454 1264 3711 1333 ἡμαρτη-

2132 1361 2285 1424 κότος
2314 1360 2528 1431 ἐπήρθη
2560 1360 2657 1430 τὴν
2683 1359 2971 1430 τυραννίδα
2994 1358 3298 1421 ἐπιϐαλεῖν,
3321 1354 3534 1418 τούτοις
3561 1354 3659 1407 καὶ
3682 1353 3711 1407 ὅ

2133 1454 2274 1507 κατὰ
2303 1451 2396 1506 τοῦ
2444 1454 2861 1523 ἁμαρτήσαντος
2898 1447 2967 1523 ἦν
2997 1449 3144 1522 αὑτῷ
3179 1449 3430 1504 διόλωλεν
3457 1447 3708 1516 είὶλογον⁹

2135 1548 2227 1599 καὶ
2246 1545 2314 1598 δι’
2337 1544 2453 1607 ἐνὸς
2474 1545 2694 1615 ἀμαρτή
2704 1558 2894 1613 ματος,
2915 1542 3058 1597 κατὰ
3072 1543 3134 1595 τὸ
3155 1541 3356 1609 λόγιον,
3384 1542 3485 1610 τὴν
3510 1557 3711 1611 τυραν-

2136 1636 2254 1690 νίδα
2284 1636 2630 1707 πηξάμενος,
2664 1634 2734 1688 δι’
2780 1634 2898 1698 ἐνὸς
2948 1634 3277 1688 καταλύεται
3320 1633 3709 1704 δικαιώματος.

2138 1729 2353 1799 Οίηθεὶς
2381 1729 2490 1799 γὰρ
2520 1727 2597 1799 τῷ
2625 1727 2722 1782 τοῦ
2763 1727 3147 1799 ἡμαρτηκότος
3188 1727 3359 1796 Ἀδὰμ
3382 1726 3712 1796 ὁμοιώματι,

2133 1816 2223 1869 τὸν
2248 1816 2518 1886 ἁμαρτίαν
2555 1819 2631 1888 μὴ
2673 1818 2869 1885 γνόντα
2916 1819 3290 1889 κατασχήσειν
3325 1818 3518 1887 Ἀδὰμ,
3554 1816 3717 1869 ἔλαθε

2137 1906 2212 1976 τῷ
2236 1908 2537 1981 καθαιρέτῃ
2563 1908 2661 1979 τῆς
2697 1908 3049 1979 πολυχρονίου
3080 1908 3399 1981 τυραννίδος
3440 1924 3719 1978 ποοσομι-

2136 2001 2201 2071 λή
2209 2018 2324 2064 σας.

455 2107 603 2155 eum,
642 2090 736 2159 qui
790 2089 928 2144 nihil
976 2088 1181 2158 piaculi
1234 2089 1288 2142 in
1329 2104 1389 2144 se
1442 2100 1743 2160 receperat,
1793 2106 1906 2146 suae
1956 2094 2064 2146 vim
2127 2093 2432 2165 tyrannidis
2490 2096 2765 2165 explicare
2845 2095 3211 2168 praesumpsit,
3260 2109 3329 2149 us
3384 2093 3568 2159 etiam,
3602 2108 3719 2163 quo

452 2190 725 2245 adversus
751 2189 1177 2259 peccatumjure
1214 2186 1350 2241 fulta
1375 2195 1514 2253 erat,
1547 2187 1731 2243 amisit
1763 2229 1776 2243 .
1836 2203 1900 2243 ac
1962 2205 2084 2244 cum
2120 2205 2217 2260 per
2265 2206 2431 2246 unum
2468 2201 2773 2263 peccatum,
2804 2201 2941 2248 teste
2977 2192 3260 2263 Scriptura
3291 2192 3360 2254 ⁸⁸,
3427 2190 3716 2260 imperimn

458 2301 617 2340 suum
664 2283 956 2346 ﬁrmasset,
1002 2283 1141 2337 idem
1205 2299 1300 2353 per
1358 2299 1521 2338 unam
1566 2284 2015 2355 justiticationem
2056 2300 2120 2341 ac
2173 2288 2428 2343 meritum
2474 2292 2879 2359 pessumdatum
2928 2298 3031 2346 est.
3083 2290 3219 2344 Cum
3255 2289 3399 2344 enim
3438 2305 3604 2354 mors,
3651 2290 3720 2342 ad

454 2376 579 2446 ejus
632 2374 850 2429 modum
896 2374 1111 2439 Adami,
1168 2373 1259 2444 qui
1299 2382 1585 2442 peccatum
1625 2375 1942 2439 admiserat,
1991 2392 2114 2433 eum
2160 2394 2221 2436 se
2256 2379 2524 2435 Adamum
2556 2381 2651 2451 qui
2684 2389 2970 2453 peccatum
3011 2380 3350 2443 nescivisset,
3382 2385 3722 2435 retenturam

460 2478 728 2542 speraret,
795 2485 905 2524 non
986 2470 1367 2525 animadvertit
1462 2485 1578 2525 rem
1625 2470 1731 2526 sibi
1800 2486 1923 2527 cum
1989 2489 2053 2529 eo
2106 2491 2248 2540 esse,
2285 2475 2378 2546 qui
2428 2477 2738 2531 diuturnam
2771 2476 2917 2531 illam
2964 2474 3305 2547 tyrannidem
3353 2474 3723 2544 dissipaturus

458 2574 624 2621 esset.

537 2656 652 2711 Hoc
716 2656 1005 2725 prtesentis
1071 2656 1247 2711 nostri
1295 2654 1418 2710 festi
1480 2662 1647 2726 caput
1698 2662 1754 2712 et
1802 2669 2036 2711 summa.

463 2746 631 2812 Deus,
682 2763 793 2802 non
833 2746 1107 2817 suﬂragiis
1136 2748 1417 2801 hominum
1450 2758 1695 2813 creatus,
1725 2750 1819 2804 sed
1850 2748 2038 2803 divino

465 2842 583 2911 ipse
636 2839 997 2910 peculiariter
1027 2840 1302 2910 gloriosus
1336 2839 1567 2910 imperio
1608 2850 1773 2911 atque
1814 2842 2034 2908 virtute,

463 2930 843 2989 misericordia
888 2945 1018 3001 erga
1063 2929 1316 2986 homines
1368 2938 1696 2995 commotus,
1743 2931 2034 2984 humanam

465 3032 719 3079 naturam
764 3023 1096 3092 assumpsit,
1142 3037 1208 3076 ac
1264 3038 1481 3077 carnem
1540 3039 1696 3078 suam
1751 3023 1805 3077 in
1862 3028 2036 3075 atram

464 3127 695 3170 mortem
742 3115 987 3178 tradidit,
1036 3122 1094 3168 ut
1140 3129 1240 3168 nos
1288 3115 1717 3169 immortalitatis
1769 3114 1891 3168 luce
1925 3114 2043 3169 col-

468 3207 847 3262 lustraremnr.
897 3203 1082 3275 Neque
1112 3208 1256 3260 enim
1291 3205 1407 3260 ﬁeri
1457 3215 1693 3274 poterat,
1744 3213 1802 3259 ut
1835 3205 1903 3260 ab
1928 3206 2049 3275 ipso

469 3306 712 3354 creatum
761 3298 1039 3353 hominem
1070 3300 1125 3351 in
1155 3298 1564 3354 calamitatibus
1603 3307 1913 3353 versantem
1952 3298 2049 3352 de-

473 3390 750 3463 spiceret;
801 3405 989 3459 quem,
1030 3389 1277 3459 inquam,
1322 3406 1390 3444 ex
1440 3390 1615 3444 nihilo
1645 3390 1713 3444 ad
1757 3390 2046 3459 imaginem

472 3479 851 3547 condidisset;
909 3488 1035 3533 utve
1094 3478 1286 3533 morbo
1326 3494 1394 3534 ex
1427 3479 1555 3549 ligni
1604 3494 1702 3535 esu
1743 3487 2049 3546 contracto,

473 3580 737 3642 perpetuo
783 3571 1092 3626 excruciari
1146 3571 1382 3637 sineret;
1433 3580 1527 3625 aut
1594 3570 1828 3641 paradisi
1875 3571 2050 3626 civem

467 3662 582 3734 jugi
628 3662 874 3717 custodia
922 3662 1185 3716 macerari
1230 3661 1571 3731 permitteret
1603 3676 1616 3713 :
1652 3668 1707 3714 at
1740 3676 1863 3715 cum
1900 3660 2053 3714 auxi-

475 3753 898 3817 liodestitututn
923 3753 1217 3823 aspiceret,
1246 3768 1467 3807 manum
1500 3770 1677 3819 suam,
1702 3756 1862 3823 cujus
1889 3757 2052 3810 homo

473 3860 614 3916 Opus
662 3855 827 3910 esset,
883 3844 1210 3913 adiutricem
1256 3845 1551 3899 extendit:
1589 3846 1646 3899 tit
1694 3860 2051 3914 personarum

479 3943 809 4003 acceptator,
844 3934 939 4003 qui
969 3934 1316 4003 justissimus
1347 3943 1431 3989 est
1459 3952 1475 3988 :
1501 3933 1896 4006 decretumque
1918 3926 2050 3990 illud

478 4026 743 4080 adversus
792 4040 939 4089 eum,
977 4024 1070 4092 qui
1116 4024 1432 4079 mandatum
1471 4026 1762 4093 violasset,
1812 4029 2053 4097 legitime

481 4116 876 4187 conscriptum,
913 4117 1077 4171 insita
1111 4117 1613 4185 commiseratione,
1646 4120 1794 4174 velut
1830 4137 2055 4177 munere

482 4210 718 4279 quodam
760 4218 975 4278 captus.
1032 4209 1312 4264 oblitterat
1350 4220 1515 4280 atque
1584 4213 1874 4283 expungit;
1927 4228 2054 4282 pro-

483 4303 712 4375 priaque
776 4309 951 4357 morte
996 4302 1192 4357 mortis
1234 4303 1289 4357 in
1342 4319 1444 4358 nos
1494 4303 1907 4375 impressionem
1958 4319 2054 4360 co-

2211 2656 2382 2710 Τοῦτο
2417 2657 2520 2727 τῆς
2546 2657 2703 2727 ήμῶν
2736 2658 3100 2731 πανηγύρεως
3126 2659 3187 2712 τὸ
3230 2659 3526 2729 κεφάλαιον
3547 2675 3562 2692 ·
3586 2660 3728 2724 Θεὸς

2143 2748 2202 2799 οὐ
2250 2748 2451 2818 ψήφοις
2497 2749 2897 2820 χειροτονηθεὶς
2955 2750 3361 2821 ἀνθρωπίναις,
3407 2750 3521 2804 ἀλλ’
3577 2752 3729 2813 ίδίως

2144 2838 2309 2909 θεῖκῷ
2336 2839 2688 2911 δοξαζόμενος
2716 2842 2926 2912 κράτει,
2948 2843 3015 2897 δι’
3043 2843 3195 2897 ἔλεον
3223 2845 3316 2897 τὸν
3346 2845 3483 2915 πρὸς
3511 2844 3730 2913 ἀνθρώ⁹

2144 2948 2278 2994 πους
2326 2932 2615 3003 γενόμενος
2668 2935 2975 3006 ἄνθρωπος,
3022 2937 3118 2989 καὶ
3172 2938 3337 3006 σαρκὶ
3379 2937 3459 3007 τῷ
3508 2936 3730 3007 ζοφερῷ

2144 3025 2314 3089 διδοὺς
2362 3028 2743 3097 προσεγγίζειν
2803 3029 3039 3099 θανάτῳ,
3066 3028 3136 3082 ἵν’
3164 3031 3325 3099 ἡμεῖς
3355 3029 3432 3098 τῷ
3462 3030 3603 3096 φωτὶ
3626 3029 3730 3099 τῆς

2149 3120 2444 3185 ἀθανασίας
2472 3121 2890 3192 ἐλλαμφθῶμεν.
2941 3123 3073 3176 Οὐδὲ
3127 3124 3225 3195 γὰρ
3251 3119 3318 3193 ἦν
3349 3121 3484 3191 πρὸς
3518 3122 3732 3174 ἐκείνου

2149 3213 2439 3281 γενόμενον
2489 3214 2545 3265 ἐν
2586 3215 2776 3276 κακοῖς
2809 3214 3058 3283 παριδεῖν
3079 3253 3094 3278 ,
3122 3213 3183 3267 ὃν
3208 3215 3305 3266 οὐκ
3337 3214 3466 3266 ὅντα
3508 3211 3629 3264 κατ’
3657 3213 3734 3264 εί·

2151 3304 2282 3358 κόνα
2306 3304 2662 3375 δημιουργεῖ·
2700 3303 2807 3357 οὐδ’
2843 3305 3188 3374 ἀθεράπευτα
3224 3307 3455 3374 κάμνειν
3496 3303 3591 3356 τοῦ
3640 3303 3735 3367 ξύ-

2152 3394 2243 3447 λου
2264 3394 2342 3464 τῷ
2362 3397 2620 3468 ἀρρωστή
2632 3414 2757 3466 ματι
2772 3412 2787 3428 ·
2809 3396 2929 3449 οὐδὲ
2963 3397 3054 3450 τὸν
3077 3396 3169 3450 τοῦ
3202 3396 3540 3467 παραδείσου
3573 3396 3733 3448 πολί-

2151 3497 2250 3557 την
2275 3489 2488 3557 ἀφεῖναι
2511 3489 2979 3559 κατατρυχόμενον
3007 3490 3065 3541 ἐν
3094 3491 3309 3559 φρουρᾷ
3327 3506 3340 3518 ·
3364 3487 3478 3541 ἀλλ’
3500 3488 3738 3559 ἐπείπερ

2153 3576 2295 3633 εἶδεν
2344 3580 2759 3651 ἐξαπορήσαντα
2816 3579 3089 3649 βοηθείας,
3143 3582 3377 3634 ἐκτείνει
3417 3581 3516 3650 τὴν
3551 3582 3735 3650 χεῖρα,

2152 3666 2221 3744 ἧς
2248 3673 2404 3743 ἔργον
2430 3672 2734 3743 ἄνθρωπος,
2768 3673 2848 3735 είς
2876 3672 3160 3743 βοήθειανο
3196 3672 3291 3725 καὶ
3318 3672 3529 3740 γίνεται
3559 3688 3736 3741 προσ-

2153 3765 2483 3836 ωπολήπτης
2533 3766 2562 3817 ό
2618 3764 2852 3827 δίκαιος·
2903 3764 2997 3817 καὶ
3047 3764 3182 3833 ὅπερ
3228 3764 3440 3834 ἐγράφη
3512 3763 3737 3832 ἔννομον

2153 3857 2409 3929 ψήφισμα
2459 3857 2598 3909 κατὰ
2656 3856 2747 3909 τοῦ
2805 3856 2879 3926 μὴ
2930 3855 3295 3925 τετηρηκότος
3341 3854 3440 3924 τὴν
3494 3854 3736 3925 ἐντολὴν,

2154 3952 2265 4013 τοῖς
2291 3949 2513 4012 οἰκείοις
2543 3947 2934 4020 δωροδοκηθεὶς
2958 3949 3262 4018 οἱκτιρμοῖς
3284 3946 3577 4014 ἀπαλείφει
3597 3962 3612 3975 ·
3641 3935 3737 4001 κᾶὶ

2154 4041 2342 4112 οἰκείῳ
2385 4041 2598 4111 θανάτῳ
2641 4043 2742 4111 τὴν
2784 4039 2909 4093 καθ’
2953 4040 3111 4110 ἡμῶν
3138 4039 3233 4092 τοῦ
3265 4038 3496 4094 θανάτου
3523 4038 3735 4108 ἵστησιν

2156 4133 2359 4202 ἔφοδον.
2397 4134 2460 4185 Ὢ
2516 4134 2745 4204 ἀπείρου
2803 4132 3166 4202 άγαθότητοςι
3208 4130 3253 4183 ὣ
3305 4129 3658 4199 σπλάγχνωνῖ
3688 4128 3735 4180 ὣ

2156 4226 2412 4295 φίλτρου,
2447 4222 2529 4288 οἷς
2581 4223 2723 4277 οὕτω
2775 4223 2906 4286 Θεὸς
2962 4222 3253 4293 ἀνθρώπου
3286 4224 3424 4294 ἐρᾷῙ
3466 4223 3562 4275 Ἐκ
3613 4221 3739 4291 χοὸς

2155 4317 2529 4380 διαπλάττεις·
2555 4316 2732 4387 ψυχὴν
2749 4316 2826 4387 τῷ
2856 4316 2935 4388 σῷ
2954 4316 3111 4379 δίδως
3131 4317 3486 4387 ἐμφυσήματι
3506 4323 3528 4349 ⁸
3552 4332 3565 4345 ’
3594 4300 3742 4367 οἷκον

486 4394 655 4449 hibet.
678 4392 723 4449 Ο
746 4395 1064 4449 immensam
1094 4395 1423 4451 bonitatem!
1451 4396 1494 4450 Ο
1516 4397 1756 4453 viscera!
1785 4399 1825 4452 Ο
1848 4398 2042 4454 amoris

2157 4402 2503 4479 παντοδαπῆς
2533 4410 2774 4480 τέρψεως
2793 4409 3071 4480 ἀφορίζεις
3090 4408 3307 4479 μεστόν.
3330 4409 3444 4461 Οὐκ
3461 4408 3743 4478 ἐμέτρησα

482 4489 614 4553 vim,
652 4504 761 4558 quo
809 4489 891 4544 sic
935 4487 1077 4544 Deus
1112 4489 1385 4546 hominem
1441 4490 1704 4561 deperiit!
1759 4492 1834 4546 Ex
1892 4501 2051 4548 terra!

483 4579 693 4649 eﬂingis
721 4579 979 4648 pulvere;
1020 4590 1109 4633 tua
1152 4581 1515 4649 inspiratione
1544 4582 1782 4635 animam
1817 4583 2048 4649 tribuis;

482 4674 708 4728 domum
757 4673 1002 4728 destinas
1052 4674 1232 4728 omnis
1267 4675 1485 4743 generis
1542 4673 1756 4743 plenam
1796 4673 2048 4731 deliciis:

485 4774 572 4823 ast
617 4781 719 4835 ego
765 4774 875 4820 tam
912 4767 1233 4821 immensam
1277 4767 1575 4822 bonitatem
1615 4783 1721 4822 non
1753 4768 2050 4838 perpendi'

486 4860 852 4930 magnitudini
905 4859 1153 4914 muneris
1200 4859 1337 4913 tanti
1398 4868 1611 4930 gratum
1648 4876 1733 4916 me
1762 4876 1870 4915 non
1903 4862 2056 4917 exhi-

487 4951 615 5019 bui;
644 4966 742 5006 nec
763 4951 1108 5022 dignitatem,
1134 4967 1241 5023 qua
1269 4952 1561 5021 pollebam,
1583 4954 1872 5009 aestimavi.
1902 4956 2055 5026 Ligni

2156 4501 2255 4571 τὴν
2300 4499 2643 4570 ἀγαθότητα·
2688 4501 2789 4553 οὐκ
2816 4500 3085 4570 ἐγενόμην
3114 4498 3433 4569 εὐχάριστός
3484 4498 3743 4551 τοσούτου

2157 4592 2330 4663 δώρου
2382 4592 2631 4662 μεγέθει’
2662 4592 2762 4646 οὐκ
2792 4591 3021 4661 ἔστερξα
3041 4590 3141 4660 τὴν
3192 4592 3359 4661 τιμήν
3404 4607 3419 4621 ο
3447 4588 3744 4659 προῦδωκα

2161 4682 2413 4753 βρώσεως
2454 4682 2593 4735 θεῖον
2644 4681 3015 4751 διάγγελμαί,
3049 4683 3076 4734 ὅ
3130 4698 3218 4741 μοι
3273 4678 3579 4748 ἀνώλεθρον
3642 4678 3748 4731 ὑπ-

2164 4776 2394 4843 ισχνεῖτο
2428 4773 2596 4843 ζωήν.
2625 4774 2697 4827 Τδ
2724 4772 3021 4844 βαρύτατον
3046 4772 3155 4826 τῶν
3182 4773 3330 4842 ἐμῶν
3360 4769 3745 4855 ἐγκλημάτων⁹

2155 4864 2399 4935 ὴγνόησα
2445 4866 2543 4930 τὴν
2579 4864 2911 4933 δημιουργὸν
2952 4864 3166 4929 δεξιάνο
3211 4864 3391 4916 ἔδωκα
3433 4865 3547 4924 τοῖς
3589 4862 3749 4931 ποιή-

2161 4972 2292 5023 μασι
2365 4955 2460 5008 τοῦ
2520 4960 2845 5026 ποιήσαντος
2888 4958 2985 5027 τὴν
3036 4958 3227 5027 τιμήν.
3279 4956 3391 5010 Καὶ
3431 4955 3484 5007 τί
3534 4953 3749 5022 γίνεται

487 5058 589 5098 esu
650 5042 890 5097 divinam
935 5043 1149 5114 prodidi
1204 5044 1711 5111 denuntiationem,
1763 5063 1883 5116 quae
1928 5049 2036 5101 mih

2160 5051 2281 5103 ἀντὶ
2340 5048 2584 5115 τούτωνς
2639 5049 2751 5118 Τὴν
2810 5048 3040 5118 πηλίνην
3088 5052 3117 5103 ό
3169 5048 3417 5116 πλάστης
3467 5044 3751 5115 ἀμορφίαν

488 5136 661 5190 vitam
693 5138 873 5192 omnis
904 5136 1162 5194 interitus
1190 5147 1470 5208 expertem
1501 5139 1879 5207 pollicebatur.
1906 5140 2059 5206 Quod

492 5227 728 5297 denique
767 5244 1010 5284 meorum
1030 5231 1298 5287 scelerum
1331 5231 1716 5301 gravissimum
1748 5243 1853 5297 est,
1882 5235 2065 5288 dexte-

495 5332 608 5371 ram
640 5321 869 5386 nescivi,
893 5336 997 5390 qua
1030 5322 1288 5379 conditus
1312 5340 1524 5379 essem:
1560 5328 1766 5380 creatis
1802 5328 2064 5381 honorem

494 5422 605 5475 quo
630 5407 858 5463 Creator
895 5414 1305 5478 prosconendus
1355 5426 1472 5468 erat
1530 5415 1721 5471 detuli.
1759 5414 1901 5481 Quid
1933 5431 2061 5470 vero

569 5590 615 5622 ⁸⁸
660 5590 764 5644 lsn.
803 5606 878 5653 Ix,
926 5592 980 5645 6.
1057 5592 1099 5623 ⁸³
1142 5592 1297 5647 Ront.
1356 5612 1385 5645 ν
1450 5597 1534 5652 ιε.

2166 5139 2481 5207 λαμϐάνεις.
2513 5141 2622 5194 Καὶ
2653 5143 2811 5211 μέχρι
2836 5145 2934 5211 τῆς
2958 5143 3194 5212 ἐσχάτης
3220 5142 3443 5210 ἀτιμίας
3471 5139 3569 5191 οὐκ
3591 5141 3752 5191 ἐπαι-

2175 5231 2345 5302 σχύνῃ
2386 5232 2772 5297 συγκατελθεῖν
2817 5247 2830 5261 ο
2869 5231 2961 5284 καὶ
2994 5229 3129 5300 γεύῃ
3155 5229 3249 5283 τοῦ
3274 5225 3474 5298 πικροῦ
3506 5226 3754 5294 πόματος

2173 5325 2265 5376 τοῦ
2298 5323 2559 5387 θανάτου,
2606 5324 2669 5376 ἶν’
2698 5325 2807 5390 ἐγὼ
2835 5323 2931 5393 τῆς
2966 5322 3299 5390 γλυκύτητος
3330 5319 3425 5373 τοῦ
3452 5317 3754 5388 χειμάρρου

2172 5416 2271 5485 τῆς
2317 5415 2614 5479 ἀθανασίας
2661 5416 2818 5470 πιὼν.
2863 5416 2960 5486 τὴν
2994 5415 3217 5486 πικρίαν
3260 5417 3355 5481 τῆς
3386 5412 3591 5482 φθορᾶς
3618 5412 3761 5462 ἀπο-

1825 5686 2049 5742 νΑιιυΕ
2093 5685 2496 5742 LECTIONES.

582 5785 604 5816 ³
632 5777 721 5832 ed.
748 5778 919 5843 διδοὺς
952 5781 1041 5850 ἐμ.
1160 5781 1285 5835 ‘cd.
1325 5783 1567 5850 παράγν.
