4070 6210
313 273 422 337 105

995 276 1278 335 ORATIO
1318 278 1387 336 Χ.
1432 305 1497 314 -
1529 278 1608 337 ΙΝ
1648 277 2074 338 DOMINICAM
2105 277 2818 338 RESURREC'I‘IONEM.

3461 281 3564 343 106

309 391 525 461 θῶμαι.
563 392 658 455 Τίς
682 392 711 445 6
743 389 1045 463 παράδοξος
1086 396 1186 463 τῆς
1238 389 1644 465 φιλανθρωπίας
1669 397 1899 467 τρόπος;

2017 400 2200 450 horum
2252 395 2426 466 gratia
2475 397 2742 452 mercedis
2792 397 3139 466 rependitur?
3168 398 3392 454 Luteam
3421 400 3563 456 lianc

323 483 620 550 Ἐξέπεσεν
646 484 884 554 οὐρανοῦ
923 487 952 538 6
1000 485 1308 555 Ἐωσφόρος
1341 489 1370 537 6
1399 486 1546 556 πρωῒ
1572 488 1895 546 ἀνατέλλων.

310 577 411 631 καὶ
455 576 622 644 ζόφος
670 576 924 644 ὲγὲνετο’
955 577 1212 644 ἐξέπεσον
1246 579 1358 646 ἐγὼ
1411 577 1559 642 θείας
1604 577 1772 649 ζωῆς,
1809 581 1903 634 καὶ

309 671 502 722 πᾶσαν
553 668 767 738 ὕϐρεως
822 670 1114 740 ὑπομένεις
1153 671 1352 732 εἰδέαν,
1384 672 1469 724 ἵνα
1507 671 1603 724 τοῦ
1634 671 1902 743 προτέρου

310 763 553 833 ποιήσῃς
571 761 984 834 θεοειδέστερον.
1007 763 1071 814 Τί
1092 763 1190 832 τὴν
1206 763 1465 832 φλογίνην
1482 763 1602 817 ἔθου
1623 764 1904 833 ῥομφαίαν

309 854 418 923 τῆς
464 853 608 918 ζωῆς
637 854 697 906 τὸ
734 853 890 920 ξύλον
940 855 1271 924 φυλάσσειν,
1303 857 1448 919 ὅπως
1498 855 1575 926 μὴ
1615 856 1804 924 φαγὼν
1847 854 1907 921 ἐξ

314 935 490 999 αὐτοῦ
532 947 684 1014 ζήσω
717 947 796 1008 είς
826 948 915 998 τὸν
959 946 1132 999 αἰῶνα
1153 963 1165 976 ·
1194 946 1250 1016 ἢ,
1277 947 1344 1000 ἵν’
1379 949 1469 1000 ἐπὶ
1505 947 1715 1018 σεαυτῷ
1743 948 1905 1002 ἐλκύ-

317 1054 425 1099 σας
443 1037 535 1088 τὸν
551 1037 780 1091 θάνατον
821 1037 888 1090 δι’
915 1039 1044 1108 ἐμὲ,
1068 1039 1210 1092 οὕτω
1234 1039 1378 1110 ζωὴν
1405 1039 1628 1092 αἰώνιον
1653 1041 1796 1111 δωρή
1807 1057 1903 1114 an;

317 1127 386 1179 Τί
406 1127 467 1179 δέ
497 1144 564 1196 με
587 1128 667 1191 είς
686 1130 789 1198 γῆν
811 1130 1174 1202 ἀποστρέφεις
1192 1132 1262 1186 δι’
1291 1131 1587 1202 ἐπιθυμίαν
1623 1133 1904 1196 θεώσεωςς

321 1216 376 1284 ἦ,
412 1217 505 1268 ῖνα
549 1217 685 1286 πρὸς
721 1219 822 1288 ἐμὲ
857 1220 1320 1291 παραγενόμενος,
1369 1219 1511 1274 οὕτω
1551 1221 1904 1294 θεοποιήσῃςς

334 1302 498 1356 ’Λλλά
547 1304 658 1374 γὰρ
716 1307 976 1376 ὲνικήθης
1011 1311 1125 1372 τοῖς
1167 1313 1281 1373 σοῖς
1323 1311 1646 1382 οίκτιρμοῖς,
1688 1313 1782 1364 καὶ
1809 1313 1910 1364 οὐκ

322 1395 522 1466 ἔφερες
557 1397 690 1468 ὁρᾷν
728 1398 942 1472 Θανάτῳ
979 1402 1420 1474 κατανεμόμενον
1467 1403 1567 1475 τῆς
1597 1405 1698 1472 σῆς
1734 1404 1911 1458 παλά-

324 1507 437 1560 μης
480 1491 542 1543 τὸ
587 1491 977 1562 φιλοτέχνημα,
1018 1495 1139 1547 οὐδὲ
1170 1494 1263 1548 τοῦ
1321 1495 1411 1549 σοῦ
1461 1492 1599 1549 εῖναι
1647 1497 1776 1568 περὶ
1811 1497 1911 1563 ἐμὲ

321 1579 554 1648 φίλτρου
604 1581 785 1650 κρίσιν
839 1585 991 1654 ποιῇ,
1037 1585 1358 1638 καταλιπεῖν
1407 1585 1740 1656 ἀϐοήθητον*
1797 1587 1911 1640 ἀλλ’

325 1672 628 1740 εὑδόκῆσας
658 1673 972 1745 ἀντίλυτρον
1001 1674 1186 1728 δοῦναι
1231 1675 1455 1730 σεαυτὸν
1487 1676 1587 1746 τῆς
1614 1676 1752 1745 ἐμῆς
1798 1694 1906 1729 σω-

325 1764 520 1833 τηρίας
540 1778 555 1790 ⁸
590 1765 683 1818 καὶ
715 1765 955 1837 κατέρχῃ
979 1767 1115 1838 πρὸς
1156 1768 1255 1838 τὴν
1289 1768 1428 1839 ἐμὴν
1471 1768 1746 1838 ἐσχατιὰν,
1785 1769 1850 1821 ἵν’
1880 1772 1908 1822 6
1941 1747 1980 1800 Β

323 1855 390 1908 δι’
420 1856 717 1924 ἐπιϐουλῆς
753 1857 890 1928 πρὸς
913 1857 1115 1929 ταύτην
1140 1858 1486 1923 καταπεσὼν,
1521 1860 1595 1931 μὴ
1629 1859 1787 1931 μόνον
1810 1861 1908 1930 τῆς

325 1950 584 2018 ἐσχατιᾶς
632 1950 1017 2018 ἁνακομισθῶ,
1049 1951 1185 2004 ἀλλὰ
1244 1953 1378 2022 πρὸς
1411 1952 1673 2022 οὐρανὸν,
1737 1945 1797 2005 οὗ
1834 1952 1908 2022 μὴ

327 2042 454 2110 πρὶν
528 2040 738 2109 ᾤκουν,
785 2041 1202 2108 ὲγκατοικισθῶ.
1260 2041 1416 2095 Οῦτω
1463 2043 1562 2110 τὴν
1621 2041 1910 2110 ἐπιϐουλὴν

323 2133 450 2199 ἐμοὶ
473 2133 611 2201 πρὸς
646 2132 832 2203 κέρδος
870 2135 1205 2202 μεταποιεῖς,
1238 2133 1331 2186 καὶ
1353 2133 1450 2203 τὴν
1473 2133 1610 2220 ὲμῂν
1641 2135 1910 2203 μαλακίαν

336 2227 617 2292 ἀναφέρει,
643 2233 692 2286 ιι,
728 2226 824 2278 καὶ
871 2228 969 2290 τὰς
1011 2226 1151 2296 ἐμάς
1183 2226 1417 2300 ἀναδέχῃ
1457 2226 1668 2290 ὀδύνας,
1707 2226 1772 2278 ἵν’
1801 2224 1911 2292 ἐγὼ

345 2314 475 2382 7:96;
500 2315 760 2367 ἀνώδυνον
786 2315 897 2385 βίον
921 2317 1440 2386 μετασκευάσωμαι.

2003 504 2178 544 meam
2231 489 2637 545 deformitatem
2675 490 2928 544 conditor
2988 491 3105 560 ipse
3139 506 3292 546 meus
3343 491 3564 558 induis;

2003 594 2179 648 neque
2233 579 2441 643 renuis,
2487 581 2780 648 quominus
2828 591 2879 637 te
2933 583 2999 636 ad
3043 591 3342 636 extremam
3393 599 3567 652 usque

2004 669 2360 740 ignominiam
2409 669 2687 736 demittas,
2737 680 3037 742 gustesque
3087 687 3332 726 amarum
3377 677 3568 730 mortis

2005 761 2279 828 poculum,
2317 772 2376 814 ut
2410 775 2510 830 ego
2557 759 2626 816 de
2673 771 2916 817 torrente
2956 762 3276 832 voluptatis,
3329 779 3438 832 quo
3464 765 3567 818 itu-

1992 853 2312 909 ‘mortalitas
2365 854 2559 921 adluit,
2619 855 2830 919 bibens,
2892 857 3084 914 mortis
3150 858 3567 911 amaritudinem

2008 945 2297 1012 deponam.
2361 946 2623 1010 Quisnam
2695 947 2798 1001 iste
2856 962 3030 1004 novus
3095 952 3231 1004 adeo
3282 966 3344 1003 ac
3380 962 3572 1017 praeter

2006 1039 2317 1107 Opinionem
2380 1039 2747 1095 beneﬁcentia:
2805 1056 2869 1095 ac
2943 1041 3300 1097 humanitatis
3345 1044 3573 1096 ιιιοάυεῖ

2007 1131 2218 1186 Cecidit
2248 1147 2279 1186 e
2308 1132 2447 1186 ccelo
2472 1130 2712 1191 Lucifer.
2743 1133 2833 1200 qui
2867 1148 3025 1186 mane
3060 1133 3339 1187 oriebatur
3363 1135 3429 1197 θ’,
3459 1143 3573 1188 est-

2009 1239 2114 1290 que
2159 1223 2386 1278 ell‘ectus
2428 1223 2637 1291 caligo;
2683 1225 2859 1277 excidi
2900 1233 2954 1276 et
2995 1240 3096 1294 ego
3147 1239 3176 1278 a
3220 1224 3401 1278 divina
3436 1225 3570 1289 vita,

2009 1329 2281 1384 omneque
2335 1314 2791 1368 contumeliarum
2827 1329 2999 1383 genus
3057 1314 3276 1375 sulTers.
3313 1324 3372 1368 ut
3405 1315 3573 1384 priori

2011 1408 2067 1460 in
2110 1423 2192 1462 me
2224 1407 2578 1462 illustriorem
2602 1407 2839 1461 divinam
2867 1405 3097 1460 formam
3126 1407 3422 1463 instaures.
3457 1406 3574 1473 Qua

2012 1502 2078 1554 de
2103 1516 2268 1556 causa
2301 1499 2608 1554 ﬂammeum
2636 1515 2824 1552 ensem
2857 1500 3108 1568 posuisti,
3135 1509 3194 1553 ut
3225 1501 3428 1570 lignum
3456 1501 3577 1555 vitae

2013 1593 2306 1650 cusmdiat.
2361 1600 2419 1645 ut
2468 1607 2536 1645 ne
2590 1605 2657 1645 eo
2705 1574 2934 1644 vesceris
2990 1591 3042 1642 iu
3077 1600 3338 1644 aeternum
3363 1590 3579 1643 vivam?

2013 1681 2206 1736 Nonne
2261 1690 2320 1736 ιιι
2375 1683 2480 1734 mei
2529 1680 2702 1749 gratia
2747 1680 2801 1734 in
2851 1689 2904 1733 te
2944 1688 3176 1733 mortem
3224 1679 3470 1741 trahens,
3497 1680 3579 1732 sic

2014 1771 2177 1822 vitam
2219 1768 2352 1823 mihi
2385 1769 2771 1838 sempiternam
2802 1769 3016 1824 dones?
3049 1769 3188 1834 Ouid
3221 1784 3349 1822 vero
3380 1769 3433 1822 in
3470 1777 3577 1823 ter-

2013 1877 2128 1916 ram
2181 1863 2379 1916 reverti
2421 1862 2558 1916 facis
2589 1862 2661 1916 ob
2687 1861 2991 1917 affectatam
3029 1861 3282 1915 deitatem
3325 1862 3348 1914 ?
3385 1863 3577 1914 Annon

2014 1961 2073 2007 ut
2132 1953 2200 2007 ad
2258 1968 2342 2007 me
2401 1953 2690 2017 accedens,
2743 1952 2942 2006 deitate
2987 1951 3206 2007 dones?
3261 1951 3456 2006 Verum
3511 1950 3580 2004 ab

2013 2045 2197 2098 inuata
2233 2054 2324 2098 tua
2378 2043 2752 2099 misericordia
2797 2046 2977 2099 victus
3015 2059 3106 2109 es;
3147 2059 3247 2098 nec
3289 2059 3349 2099 es
3380 2056 3582 2112 passus

2015 2147 2073 2191 ut
2124 2153 2152 2188 a
2208 2146 2379 2191 morte
2434 2152 2632 2192 manus
2687 2145 2794 2192 tuae
2839 2135 3118 2207 opiﬁcium
3173 2137 3577 2197 absumeretur.

2021 2244 2196 2298 neque
2249 2231 2419 2284 amori
2457 2236 2551 2282 tuo
2581 2229 2850 2283 adversus
2877 2244 2962 2282 me
2989 2236 3425 2284 consentaneum
3456 2244 3581 2284 esse

2016 2320 2247 2388 duxisti,
2296 2322 2341 2375 si
2375 2337 2460 2376 me
2501 2321 2651 2374 omni
2687 2321 2893 2375 auxilio
2940 2319 3308 2374 destitueres:
3343 2318 3435 2374 sed
3472 2331 3583 2371 sta-

346 2407 485 2459 tuiin
537 2409 773 2476 teipsum
822 2423 920 2477 pro
970 2425 1053 2464 me
1095 2409 1330 2480 pretium
1380 2409 1773 2482 redemptionis
1819 2422 1872 2469 et
1921 2413 2118 2469 salutis
2175 2413 2560 2482 comparanda:
2604 2412 2854 2479 tradere;
2888 2410 3285 2482 descendisque
3351 2410 3416 2464 ad
3483 2410 3581 2464 has

336 2515 478 2553 meas
533 2500 752 2553 intimas
802 2501 978 2566 sedes,
1030 2508 1089 2556 ut
1140 2502 1232 2572 qui
1263 2517 1359 2571 per
1399 2502 1626 2558 insidias
1669 2504 1777 2558 huc
1809 2504 2064 2576 delapsus
2101 2521 2246 2569 sum,
2313 2519 2419 2557 non
2457 2505 2632 2559 solum
2664 2504 2734 2556 ab
2770 2505 2882 2556 imo
2943 2517 3188 2567 revocer,
3229 2503 3322 2559 sed
3390 2513 3446 2558 ct
3515 2504 3582 2558 ad

330 2595 522 2658 caelos,
570 2595 666 2650 ubi
716 2597 871 2666 pri-us
911 2611 1018 2650 non
1076 2597 1365 2668 degebam,
1412 2597 1738 2654 transferar.
1786 2598 1901 2654 Hoc
1974 2601 2134 2654 modo
2183 2600 2433 2664 insidias,
2487 2601 2687 2670 quibus
2743 2601 3002 2670 deceptus
3053 2615 3252 2664 essem,
3313 2602 3446 2656 mihi
3514 2601 3569 2656 in

326 2684 548 2738 lucrum
602 2685 916 2751 convertis;
952 2701 1239 2756 meamque
1269 2687 1640 2744 inﬁrmitatem
1694 2698 1904 2759 portas,
1945 2705 2010 2744 ac
2066 2691 2285 2745 dolores
2332 2707 2483 2747 meos
2523 2694 2742 2758 recipis,
2778 2701 2838 2746 ut
2880 2709 2981 2759 ego
3041 2695 3106 2748 ad
3179 2695 3348 2750 vitam
3431 2697 3578 2751 omni

332 2782 519 2836 dolore
564 2788 840 2834 carentem
875 2781 1228 2851 commigrem
1267 2783 1334 2835 ⁸³.

405 2873 703 2944 Προδίδωσι
754 2871 1022 2945 μαθητὴς,
1071 2876 1163 2928 καὶ
1201 2875 1306 2928 οὑκ
1360 2877 1591 2950 ὀργίζῃο
1643 2878 1904 2932 τύπτουσι

337 2963 618 3034 μιαιφόνοι
652 2966 855 3032 χεῖρες,
907 2965 1001 3017 καὶ
1039 2966 1139 3018 οὐκ
1188 2967 1400 3038 ἀμύνῃ·
1433 2969 1612 3038 κρίνει
1653 2968 1906 3033 Πιλάτος,

332 3058 430 3109 καὶ
469 3057 650 3125 σιγᾷς,
673 3056 748 3118 ὡς
779 3056 1140 3126 κατάκριτοςο
1173 3058 1496 3128 ἐμπτύουσι,
1532 3061 1627 3113 καὶ
1653 3061 1754 3114 οὐκ
1774 3063 1907 3115 άποα

2077 2874 2266 2927 Ρι-οιιὶι
2290 2871 2614 2941 discipulus,
2649 2887 2748 2927 nec
2792 2875 3092 2935 irasceris;
3141 2873 3457 2943 percutiunt
3487 2890 3580 2930 sa-

2008 2965 2221 3034 crilcgae
2252 2977 2445 3016 manus
2469 3003 2484 3027 ,
2528 2976 2629 3017 nec
2663 2962 2984 3029 ulcisceris;
3031 2963 3243 3032 judicat
3276 2963 3508 3030 Pilatus,
3533 2975 3588 3020 et

2010 3068 2179 3119 taces,
2203 3069 2460 3128 tanquam
2492 3072 2652 3119 reus;
2702 3064 3035 3128 conspuunt,
3077 3073 3178 3112 nec
3206 3058 3397 3113 faciem
3432 3073 3590 3115 aver-

336 3150 594 3222 στρὲφεις
635 3149 695 3202 τὸ
738 3149 1058 3221 πρόσωπον·
1111 3150 1361 3204 ἕλκουσιν
1418 3153 1511 3206 ἐπὶ
1569 3154 1782 3224 σφαγὴν
1834 3153 1908 3217 ὡς

2018 3153 2128 3217 tis;
2181 3153 2408 3204 trahunt
2455 3151 2522 3204 ad
2566 3151 2792 3212 caedem,
2870 3159 3126 3218 tanquam
3163 3165 3383 3219 agnum,
3412 3168 3590 3223 neque

334 3242 534 3310 ἀμνὸν,
582 3241 676 3294 καὶ
715 3242 813 3294 οὐκ
873 3241 1111 3309 ἀνοίγεις
1143 3243 1204 3296 τὸ
1255 3245 1464 3314 στόμα·
1507 3245 1802 3312 καθηλοῦσι
1839 3245 1916 3316 τῷ

338 3332 505 3400 ξύλῳ,
537 3332 635 3385 καὶ
664 3332 961 3403 ὑπερεύχῃ.
992 3332 1108 3385 Νῦν
1137 3334 1227 3387 τὸν
1277 3335 1502 3405 βασιλέα
1533 3337 1915 3406 χλευάζουσιν·
1949 3349 1955 3355 ’

337 3424 412 3476 El
455 3422 758 3488 ,ϐασιλεὺς
804 3424 1052 3490 Ἰσραήλ
1102 3425 1254 3490 ἐστι,
1308 3427 1614 3483 καταϐάτω
1656 3430 1776 3484 ἀπὸ
1811 3431 1917 3484 τοῦ

338 3514 634 3581 σταυροῦο
664 3514 758 3568 νῦν
787 3515 869 3579 τὸ,
896 3517 1019 3571 οὐαὶ
1043 3525 1090 3580 ν,
1118 3519 1350 3586 φωνοῦσι
1388 3521 1619 3591 στόμασι
1665 3525 1884 3593 μιαροῖς
1904 3539 1915 3551 ο

340 3608 410 3659 σὺ
443 3608 502 3660 δὲ
539 3606 716 3661 πάντα
763 3607 912 3679 βυθῷ
957 3609 1257 3673 καλύπτεις
1281 3611 1695 3684 φιλοστοργίας,
1730 3613 1920 3683 ὥσπερ

335 3697 438 3752 ἐπὶ
469 3697 645 3768 τούτῳ
669 3697 1016 3770 δημιουργῶν
1047 3701 1110 3753 ὲκ
1130 3699 1304 3770 πηλοῦ
1331 3702 1487 3769 ζῶον,
1518 3703 1583 3756 ἵν’
1616 3705 1791 3757 ἐκεῖνο
1820 3704 1920 3774 μὲν

341 3794 517 3864 μηδὲν
568 3791 779 3864 ὕϐρεως
838 3793 1176 3864 παραλίποιο
1230 3797 1293 3848 σὺ
1345 3796 1399 3848 δὲ
1459 3797 1660 3866 μηδένα
1720 3797 1922 3868 τρόπον

339 3885 665 3956 εὐεργεσίας
689 3880 770 3949 οἷς
798 3885 899 3938 οὐκ
941 3881 998 3938 εὖ
1030 3886 1192 3940 πάθοι
1223 3887 1252 3939 6
1279 3887 1564 3958 ὑϐριστής.
1601 3889 1677 3942 υὺ
1706 3889 1815 3960 γάρ
1840 3890 1921 3952 είς

340 3981 443 4051 τὴν
479 3981 787 4048 παροινίαν,
818 3979 934 4033 ἀλλ’
971 3980 1052 4042 είς
1103 3979 1203 4051 τὴν
1248 3978 1517 4057 σωτηρίαν
1562 3981 1672 4035 τῶν
1718 3983 1917 4053 ἀχαρί-

345 4090 491 4127 στων
537 4073 890 4136 άποσκοπεῖς.
960 4071 1120 4124 Ἀλλὰ
1171 4069 1346 4126 ταῦτα
1397 4073 1496 4143 μὲν
1552 4075 1585 4140 ή
1639 4072 1920 4136 θεοκτόνος

341 4165 666 4234 παλαμᾶται
697 4164 1027 4233 Συναγωγή·
1056 4165 1084 4216 ό
1113 4162 1170 4216 δὲ
1196 4163 1290 4216 τοῦ
1336 4163 1468 4216 Θεοῦ
1500 4163 1577 4234 τῷ
1616 4163 1732 4217 ὄντι
1792 4163 1920 4227 λαὸς

342 4257 540 4325 Πάσχα
581 4255 643 4308 τὸ
684 4255 827 4308 θεῖον
877 4257 1146 4328 ἑορτάζει,
1175 4255 1271 4309 καὶ
1305 4257 1576 4327 σωτήριον
1603 4259 1670 4327 τῇ
1710 4259 1915 4327 σφαγῇ,

342 4351 440 4403 καὶ
468 4348 548 4418 τῷ
570 4348 736 4418 τιμίῳ
765 4348 1028 4420 χρίσματι
1050 4365 1062 4379 ’
1095 4348 1316 4419 ἀπαθὴς
1349 4349 1446 4417 μὲν
1481 4348 1574 4401 τοῦ
1607 4349 1918 4420 ὀλοθρεύον·

340 4458 435 4504 τος
484 4441 939 4510 συντηρούμενος,
1001 4441 1282 4512 ῥυόμενος,
1325 4439 1382 4494 δὲ
1420 4441 1534 4498 ,τῶν
1582 4440 1921 4501 κακούντων,

2025 3258 2088 3297 os
2119 3243 2339 3312 aperis;
2379 3243 2551 3296 clavis
2582 3241 2728 3311 ligno
2771 3240 3013 3310 alligant,
3044 3240 3250 3311 proque
3272 3243 3380 3298 illis
3403 3259 3594 3313 preces

2029 3335 2236 3389 fundis.
2267 3334 2433 3388 Modo
2461 3349 2641 3402 regem
2669 3334 3006 3390 subsannant
3038 3347 3052 3386 :
3090 3333 3148 3388 Si
3173 3349 3264 3387 rex
3297 3333 3471 3389 Israel
3491 3346 3589 3396 est.
3684 3322 3687 3329 ’

2023 3427 2306 3482 descendat
2341 3428 2405 3480 de
2445 3441 2598 3479 cruce
2617 3424 2663 3457 3"
2701 3444 2714 3480 :
2745 3423 2906 3480 modo
2942 3425 3280 3480 exsecrando
3321 3440 3417 3479 ore
3459 3425 3590 3479 illud

2026 3520 2123 3574 vah
2157 3519 2430 3572 intonaut.
2459 3517 2526 3570 At
2558 3527 2611 3570 tu
2643 3517 2825 3570 omnia
2865 3516 3139 3586 profundo
3171 3517 3418 3571 immensi
3451 3531 3595 3571 amo-

2023 3609 2103 3663 ris
2161 3609 2237 3660 ttti
2290 3607 2461 3676 tegis,
2510 3607 2666 3675 quasi
2711 3606 2985 3662 hominem
3025 3624 3093 3661 eo
3138 3607 3429 3662 consilioe
3478 3607 3593 3660 lttto

2026 3699 2320 3761 elIiuxeris,
2366 3707 2423 3751 ut
2469 3697 2603 3753 nihil
2650 3697 2740 3751 ille
2792 3697 2846 3750 in
2884 3707 2934 3752 te
2967 3697 3288 3766 injuriarum
3309 3705 3364 3754 et
3398 3706 3595 3753 contu-

2028 3794 2311 3848 meliarum
2342 3791 2615 3846 omitteret
2643 3807 2659 3855 ;
2709 3799 2764 3842 tu
2796 3803 2928 3844 vero
2981 3789 3187 3842 nullam
3222 3789 3596 3845 beneﬁcentia

2028 3885 2316 3946 rationem,
2339 3899 2446 3953 qua
2469 3881 2923 3936 contumeliosum
2957 3880 3343 3944 demerereris,
3375 3892 3598 3952 praeter-

2025 3978 2154 4032 ires.
2196 3974 2386 4045 Neque
2431 3976 2574 4029 enim
2619 3973 2673 4026 in
2707 3972 3010 4036 vesaniam,
3043 3973 3137 4028 sed
3176 3974 3228 4027 in
3259 3973 3490 4031 salutem
3521 3968 3599 4027 iit-

2027 4068 2468 4140 gratissimorum
2501 4081 2786 4122 servorum
2821 4067 3013 4122 oculos
3047 4066 3300 4135 conjicis.
3328 4065 3600 4122 Caeterum

2028 4162 2144 4216 haec
2174 4160 2267 4214 Dei
2298 4157 2638 4214 interfectrix
2673 4157 2956 4229 Synagoga
2989 4157 3249 4213 molitur:
3281 4167 3340 4213 at
3357 4159 3450 4229 qui
3475 4173 3597 4213 vers

2030 4255 2126 4311 Dei
2163 4253 2396 4324 populus
2420 4258 2526 4317 est,
2557 4252 2606 4307 is
2639 4251 2882 4306 celebrat
2911 4250 3120 4306 Pascha
3155 4250 3400 4305 divinum
3424 4258 3480 4305 et
3507 4265 3597 4306 sa-

2029 4345 2310 4400 lutiferum
2341 4382 2357 4404 .
2395 4351 2511 4396 tum
2552 4341 2945 4402 immolatione,
2995 4349 3108 4393 tum
3150 4341 3457 4395 veneranda
3496 4355 3589 4394 un-

2029 4437 2233 4500 ctione,
2266 4449 2496 4490 securus
2523 4433 2802 4502 plagarum
2830 4447 2968 4500 quas
2993 4431 3380 4486 exterminator
3417 4433 3596 4486 illatu-

344 4535 440 4588 καὶ
470 4535 609 4604 πρὸς
639 4535 736 4597 τὰς
768 4533 1100 4602 ἐπαγγελίας
1131 4533 1588 4604 μετοικιζόμενος.
1621 4533 1792 4587 Πάλαι
1822 4533 1916 4602 μὲν

2026 4542 2120 4581 rus
2149 4534 2316 4591 esset,
2367 4533 2530 4593 atque
2557 4539 2585 4575 a
2606 4521 2818 4576 cunctis
2853 4523 3050 4592 quibus
3079 4522 3374 4576 vexabatur
3397 4537 3597 4575 terum-

343 4622 441 4680 οὖν
471 4627 534 4679 τὸ
573 4624 841 4695 Ἐϐραίων
873 4629 1026 4694 γένος
1066 4626 1309 4696 Μωῦσῆς
1340 4624 1641 4696 ἐλευθερῶν
1688 4624 1787 4694 τῆς
1835 4626 1926 4676 Αί-

344 4715 598 4786 γυπτίων
642 4715 960 4779 κακώσεως,
1015 4711 1128 4768 οἷον
1179 4715 1521 4787 σκιαγραφίᾳ
1566 4714 1634 4768 τά
1680 4714 1923 4782 παρόντα

345 4807 618 4871 είκόνιζεο
668 4809 766 4861 καὶ
818 4808 1066 4878 μαστίζει
1112 4808 1211 4879 μὲν
1256 4809 1530 4873 Αἴγυπτον
1571 4809 1658 4860 ἐπ’
1687 4807 1954 4867 ἄλ).αις²’

345 4902 608 4974 πληγαῖς,
663 4901 940 4973 βαρυτέρᾳ
980 4903 1119 4964 τέως
1160 4901 1364 4972 πληγῇ,
1414 4901 1524 4957 τῶν
1557 4900 1920 4971 πρωτοτόκων

346 4994 602 5063 θανάτῳ·
637 4993 822 5046 δίδωσι
868 4992 924 5045 δὲ
973 4996 1084 5057 τοῖς
1118 4993 1523 5062 κακουμένοις)⁹
1562 4991 1879 5061 ἐλευθερίαν
1903 5007 1919 5022 ο

351 5085 450 5138 καὶ
504 5084 702 5156 μικρὸν
738 5084 963 5155 ὕστερον
1007 5085 1194 5154 τέμνει
1254 5085 1501 5154 πορείαν,
1539 5084 1571 5154 ἥ
1604 5083 1772 5152 τάφος
1809 5083 1920 5144 τοῖς

419 5200 466 5232 ³¹
509 5197 617 5254 lsa.
677 5214 789 5263 xiv,
825 5198 909 5252 l2.
984 5200 1031 5233 ⁸³
1077 5199 1182 5254 lsa.
1225 5214 1342 5263 Llll,
1399 5201 1449 5254 4.

2025 4623 2108 4674 nis
2126 4619 2408 4684 liberatus,
2427 4631 2491 4671 ac
2515 4615 2580 4670 ad
2599 4615 2848 4670 caelestes
2873 4614 3261 4685 promissiones
3279 4614 3596 4670 translatus.

2021 4711 2156 4766 Nam
2189 4711 2316 4765 olim
2349 4710 2565 4779 quidem
2610 4707 2841 4778 Moyses,
2899 4706 3249 4762 Hebra'orum
3282 4715 3494 4777 gentem
3529 4721 3596 4761 ex

2023 4802 2159 4857 dura
2186 4803 2274 4856 illa
2306 4799 2686 4871 Egyptiorum
2721 4801 2982 4854 servitute
3010 4798 3268 4863 liberans,
3300 4799 3446 4852 velut
3479 4813 3599 4852 um-

2023 4894 2122 4948 bra
2173 4891 2402 4961 quadam
2446 4906 2510 4945 ac
2554 4889 2964 4944 obscurioribus
3014 4887 3169 4941 lineis
3216 4903 3401 4943 rerum
3456 4903 3596 4959 prse-

2027 4993 2236 5040 sentem
2273 4991 2474 5038 statum
2507 4981 2814 5051 designavit
2857 5001 2871 5036 :
2899 4996 2961 5036 ac
2982 4980 3071 5034 ille
3099 4981 3314 5048 quidem
3347 4989 3468 5048 post
3485 4980 3598 5050 pla-

2025 5093 2121 5150 gas
2150 5078 2284 5132 alias
2311 5076 2696 5147 (55),graviori
2721 5075 2986 5129 hactenus
3014 5075 3270 5142 plaga,ac
3287 5072 3598 5142 superiores

1536 5196 1584 5228 “
1609 5195 1797 5250 Matth.
1858 5211 2026 5261 xxvu,
2055 5194 2146 5258 40,
2178 5193 2265 5245 42.

1653 5314 1886 5370 ἾΑΠΙᾸΞ
1927 5311 2331 5368 LECTIONES.

467 5407 614 5463 Ied.
665 5408 874 5479 φέρεις.
943 5415 966 5442 ‘
1000 5407 1090 5462 ed.
1151 5407 1270 5460 οὐά.

357 5483 520 5539 bene.

1370 5421 1391 5447 ι
1425 5406 1604 5461 Grets.
1656 5406 2003 5474 ἐπαλλήλοις,
2063 5405 2143 5458 vel
2179 5401 2369 5465 ἄλλαις
2405 5403 2503 5452 ἐπ’
2528 5400 2739 5463 ἄλλαις.

2854 5407 2884 5449 7
2919 5397 3005 5454 ed.
3042 5396 3401 5468 καλουμένοις
3430 5436 3445 5461 ,
3484 5409 3592 5450 non

1855 5546 2084 5603 NOTAE.

435 5651 546 5720 (55)
576 5653 704 5706 Post
733 5652 918 5722 plagas
942 5653 1100 5705 alias.
1133 5649 1250 5703 Ἐπ’
1273 5650 1459 5711 ἄλλαις
1483 5648 1736 5722 πληγαῖς.
1771 5645 1931 5722 Clara

369 5717 676 5779 sententia:
721 5717 891 5793 liquet
913 5725 1056 5778 enim
1084 5721 1569 5794 primogenitorum
1605 5717 1804 5774 caedem
1853 5717 1933 5769 ul-

2045 5643 2229 5696 timam
2256 5639 2426 5696 fuisse
2449 5655 2511 5693 ac
2544 5638 2922 5712 gravissimam
2943 5636 3325 5712 Egyptiorum
3345 5634 3557 5712 plagam
3579 5670 3596 5692 ,

2040 5723 2264 5782 excepta
2309 5705 2574 5766 duntaxat
2601 5709 2902 5766 Pharaonis
2935 5705 3336 5771 submersioue,
3369 5705 3461 5760 ubi
3485 5705 3600 5772 jam
