3952 6210
489 310 588 378 ῙΟἿ

1710 312 1985 372 LEONIS
2025 310 2479 373 PHILOSOPHI

3631 300 3732 363 103

481 445 675 486 omnes
705 432 982 497 vincente,
1018 434 1509 504 primogenitorum
1547 441 1720 488 morte.
1766 432 2062 503 Egyptum

2189 432 2420 484 ῑιώκουσι
2450 429 2679 497 γίνεται.
2716 424 2943 493 Tatii?!)
3000 423 3295 494 παλαιότης
3342 424 3424 481 είς
3462 423 3738 493 μνημόσυ-

486 523 693 588 allicit,
735 530 898 592 atque
930 524 1021 587 iis,
1055 525 1147 593 qui
1181 526 1325 579 male
1358 525 1721 589 vexabantur,
1756 527 2065 580 libertatem

485 614 751 683 impertit,
784 615 1047 686 brevique
1070 617 1357 672 intervallo
1392 618 1498 671 iter
1542 629 1714 683 secat,
1760 619 1903 689 quod
1937 633 2065 688 per-

486 704 844 773 sequentibus
868 709 921 761 in
952 708 1265 778 sepulcrum
1291 707 1457 763 cedit.
1488 707 1614 763 Haec
1649 711 1949 780 antiquitas
1975 712 2071 765 be-

487 797 666 851 neﬁcii
724 808 1079 855 monumento
1121 801 1383 868 recolere,
1438 817 1504 857 ac
1549 805 1804 872 prosequi
1862 804 2071 861 honore

482 886 800 956 jubebatur.
820 894 889 942 At
924 898 1209 959 postquam
1238 890 1378 944 satis
1403 891 1513 959 jam
1542 893 1733 945 umbra
1754 890 2069 961 duraverat,

487 987 815 1049 tempusque
866 982 1188 1045 advenerat,
1240 990 1298 1035 ut
1342 982 1461 1052 ipsa
1508 984 1709 1036 veritas
1758 985 2069 1051 coleretur,

489 1085 666 1139 neque
698 1070 808 1139 jam
845 1086 948 1124 una
996 1072 1164 1138 natio,
1198 1072 1294 1127 sed
1338 1083 1511 1127 totum
1558 1089 1730 1143 genus
1771 1076 2069 1131 humanum

488 1161 762 1218 libertatis
788 1177 1119 1231 recuperata:
1166 1166 1490 1220 beneficium
1532 1167 1874 1235 celebraret;
1912 1185 2065 1238 pera-

490 1254 636 1323 gitur
666 1270 919 1324 magnum
960 1255 1063 1309 hoc
1106 1256 1295 1310 mundi
1338 1256 1577 1320 Pascha,
1612 1274 1720 1311 non
1770 1263 1927 1315 caesis
1974 1261 2075 1315 im-

494 1346 822 1415 molatisque
852 1348 1124 1417 pluribus,
1155 1348 1532 1403 anniversario
1580 1351 1713 1414 ritu,
1755 1353 1931 1423 agnis,
1981 1353 2075 1409 sed

495 1440 657 1490 unico
707 1437 800 1491 illo
852 1453 915 1491 ac
945 1440 1213 1505 singulari
1269 1441 1422 1509 Agno
1467 1442 1671 1507 occiso,
1704 1448 1796 1512 qui
1827 1448 2074 1499 omnium

493 1544 662 1581 onera
690 1529 806 1582 suis
835 1528 1079 1585 humeris
1117 1532 1240 1584 tulit
1271 1549 1283 1583 :
1317 1532 1645 1603 ungiturque
1674 1537 1916 1603 pretioso
1947 1553 2075 1591 san-

493 1618 655 1685 guine
711 1635 819 1672 non
867 1621 1062 1673 aedium
1109 1622 1441 1674 caducarum
1495 1625 1932 1692 superliminare,
1983 1627 2078 1681 sed

496 1713 825 1769 immortalis
862 1716 1146 1782 sapientiae
1196 1716 1577 1772 indissolubile
1608 1736 1747 1787 opus
1781 1737 1794 1773 :
1822 1722 2077 1777 videlicet

494 1816 580 1866 ea,
620 1819 739 1871 qua:
766 1821 861 1873 per
897 1808 1053 1859 [idem
1108 1815 1212 1869 est,
1245 1815 1550 1871 structura,
1582 1808 1648 1862 ad
1696 1825 1857 1879 quam
1893 1822 2073 1866 exter-

498 1895 752 1952 minatori
789 1898 1163 1967 propinquare
1215 1914 1324 1953 non
1370 1901 1496 1954 licet
1534 1920 1547 1955 :
1586 1917 1747 1969 quam
1782 1918 1948 1971 supra
1994 1919 2073 1967 se,

496 1996 756 2056 tanquam
790 2004 955 2059 supra
990 1990 1429 2053 fundamentum,
1471 1994 1681 2046 ratione
1715 1994 1936 2050 [ixionis
1966 1995 2079 2065 (Si)

498 2077 552 2131 in
588 2080 694 2133 imo
725 2082 1241 2148 superaedilicatam,
1284 2086 1430 2136 velut
1467 2085 1745 2154 angularis
1784 2088 1922 2156 lapis
1952 2102 2085 2141 con-

499 2172 636 2225 tinet
692 2188 757 2227 ac
806 2183 1103 2237 sustentat.
1156 2186 1382 2246 propter
1440 2193 1733 2247 supernam
1781 2179 1926 2233 illam
1963 2179 2085 2249 ejus

502 2264 784 2325 virtutem.
814 2281 921 2334 qua
972 2266 1219 2321 continet
1265 2268 1453 2321 omnia
1520 2280 1683 2339 atque
1740 2280 2075 2325 conservat:

498 2372 661 2424 quam
701 2358 939 2425 pretioso
982 2374 1083 2413 suo
1125 2358 1394 2427 sanguine
1442 2361 1770 2425 sanctillcat,
1805 2360 1953 2414 velut
1998 2362 2081 2414 vi-

499 2449 666 2503 ctima
698 2465 796 2518 pro
827 2450 986 2505 nobis
1022 2451 1199 2505 oblata
1239 2471 1252 2506 :
1284 2466 1347 2506 ac
1393 2458 1453 2505 ut
1496 2450 1842 2521 Redemptor,
1874 2456 2079 2510 salvam

504 2540 635 2594 facit
672 2556 867 2594 novam
904 2541 1125 2595 initiaus
1171 2543 1337 2606 viam,
1372 2558 1479 2597 non
1513 2543 1734 2613 quidem
1790 2544 1966 2600 diviso
2018 2562 2081 2599 ac

503 2635 661 2701 quasi
692 2633 929 2688 discisso
979 2634 1147 2689 maris
1193 2634 1492 2705 profundo,
1543 2652 1717 2703 neque
1762 2639 1907 2690 enim
1952 2653 2080 2707 pro-

502 2722 654 2782 fundi
697 2724 845 2779 illius
870 2726 1065 2779 semita
1106 2740 1239 2781 suos
1286 2726 1599 2796 redemptor
1620 2728 1792 2791 ducit,
1824 2727 1917 2784 sed
1948 2744 2082 2797 quo-

504 2815 571 2869 ad
624 2832 853 2885 superas
902 2832 1030 2872 oras
1080 2817 1342 2881 tenditur,
1379 2833 1442 2872 ac
1494 2834 1602 2888 quo
1635 2822 2081 2888 persecutoribus

511 2907 743 2960 μυηθῇ-ο
778 2908 926 2960 nulla
960 2916 1170 2963 ratione
1196 2909 1542 2966 conceditur.
1581 2910 1723 2979 Ipse,
1760 2926 1868 2966 non
1915 2911 2077 2977 alius,

508 2997 563 3052 in
584 2998 906 3067 promissam
936 3007 1134 3053 terram
1154 3013 1252 3053 nos
1278 2999 1595 3066 introducit,
1622 3001 1713 3054 ubi
1739 3003 1924 3058 nullus
1946 3003 2080 3057 Cha-

506 3103 747 3149 nanaeus,
802 3105 901 3145 nec
944 3106 1131 3144 eorum
1182 3092 1455 3161 quispiam
1509 3108 1573 3147 ex
1626 3094 1755 3157 illis,
1800 3096 1891 3161 qui
1924 3098 2074 3151 exosi

2171 540 2260 574 νον
2298 521 2400 591 τῆς
2445 520 2762 591 εὐεργεσίας
2811 518 2985 587 τιμᾷν
3030 515 3326 569 ἐκελεύετο.
3372 514 3525 567 Ἐπεὶ
3553 513 3598 566 δ’
3626 514 3742 578 ἃλις

2174 610 2319 684 εἶχεν
2346 616 2376 683 ἠ
2408 611 2558 675 σκιά,
2589 612 2684 663 καὶ
2710 610 2879 681 αὐτὴν
2902 609 3007 663 ἔδει
3038 607 3299 678 τιμᾶσθαι
3326 606 3424 676 τὴν
3456 606 3708 675 ἀλήθειαν
3727 647 3744 670 ,

2173 708 2269 759 καὶ
2315 705 2469 773 γένος
2516 704 2613 773 οὐχ
2660 703 2738 767 ἓν,
2775 703 2890 755 ἀλλ’
2924 701 3060 770 ὁμοῦ
3105 698 3313 762 πάντας
3347 696 3623 768 ἑορτάζειν
3646 696 3744 767 τὴν

2175 798 2490 869 ἐλευθερίαν
2522 795 2844 863 ἀνθρώπους
2869 812 2882 825 ’
2925 795 3161 846 τελεῖται
3190 792 3251 845 τὸ
3284 792 3421 862 μέγα
3471 790 3626 844 τοῦτο
3653 791 3747 843 τοῦ

2174 895 2382 961 κόσμου
2432 892 2663 959 Πάσχα,
2712 890 2772 941 οὐ
2832 887 3120 956 προϐάτων
3172 886 3463 939 ἐνιαυσίων
3540 882 3747 937 πολλῶν

2176 983 2471 1055 θυομένων,
2506 981 2640 1035 ἀλλά
2663 980 2757 1033 τοῦ
2790 980 2907 1043 ἐνὸς
2935 979 3156 1049 ’Λμνοῦ,
3185 979 3244 1041 ὃς
3273 980 3338 1030 τά
3367 976 3506 1047 βάρη
3533 977 3748 1029 πάντων

2175 1079 2268 1129 ἐπὶ
2300 1076 2408 1129 τῶν
2434 1074 2599 1145 ὤμων
2620 1073 2907 1127 ἐϐάστασε.
2934 1072 3044 1123 Καὶ
3062 1071 3271 1141 χρίεται
3296 1070 3373 1140 τῷ
3401 1069 3564 1138 τιμίῳ
3588 1070 3752 1137 αἷμα·

2175 1188 2249 1236 τι,
2275 1170 2335 1224 οὐ
2372 1169 2790 1238 καταλυομένων
2820 1168 2986 1220 οἴκων
3028 1164 3178 1233 φλιὰ,
3210 1161 3347 1215 ἀλλά
3386 1162 3576 1230 σοφίας
3605 1160 3753 1214 ἀθα-

2177 1265 2337 1318 νάτου
2383 1264 2544 1333 ἔργον
2584 1260 2941 1320 άκατάλυτον,
2973 1259 3006 1326 ἠ
3044 1255 3133 1309 διὰ
3176 1253 3414 1315 πίστεως
3472 1251 3748 1323 οἰκοδομὴ,

2178 1350 2239 1411 οὗ
2287 1352 2675 1425 προσεγγίζειν
2722 1352 2822 1403 οὐκ
2865 1350 2943 1402 ἔνι
2994 1347 3070 1417 τῷ
3122 1343 3503 1416 ὀλοθρεύοντι·
3553 1345 3619 1413 ἣν
3664 1344 3746 1412 ἐφ’

2180 1445 2358 1515 ἑαυτῷ
2391 1441 2840 1511 οἰκοδομηθεῖσαν
2872 1440 2947 1501 ὡς
2988 1436 3242 1507 θεμελίῳ,
3290 1434 3433 1488 κατά
3471 1434 3568 1503 τὴν
3601 1433 3744 1486 κάτω

2180 1536 2360 1606 πῆξιν,
2399 1535 2632 1604 συνέχει,
2658 1533 2732 1596 ὡς
2753 1531 2897 1593 λίθος
2918 1530 3330 1599 ἀκρογωνιαῑος,
3364 1526 3455 1579 διὰ
3485 1526 3576 1595 τὴν
3606 1527 3738 1579 ἄνω-

2181 1630 2272 1682 θεν
2296 1630 2364 1680 τά
2393 1628 2567 1680 πάντα
2597 1626 2924 1696 συνέχουσαν
2952 1624 3114 1675 αὐτοῦ
3146 1619 3379 1691 δύναμιν
3400 1638 3412 1651 ·
3450 1621 3513 1691 ἢν
3541 1620 3741 1687 ἁγιάζει

2185 1720 2282 1786 μὲν
2305 1718 2382 1788 τῷ
2408 1719 2576 1788 τιμίῳ
2608 1718 2801 1786 αἵματι
2833 1717 2906 1777 ὡς
2932 1716 3071 1783 ὑπὲρ
3107 1714 3262 1783 ἡμῶν
3301 1715 3556 1781 σφάγιον*
3596 1713 3745 1775 σώζει

2176 1814 2229 1863 ἑὲ
2273 1812 2348 1873 ὡς
2390 1810 2689 1880 λυτρωτὴς,
2728 1810 2882 1877 ξένην
2931 1808 3079 1873 ἄγων
3114 1808 3261 1859 ὁδόν·
3305 1807 3361 1857 οὐ
3420 1804 3559 1857 κατά
3593 1801 3750 1873 βυθοῦ

2183 1904 2520 1973 τεμνομένου
2542 1920 2553 1931 ·
2589 1902 2707 1954 οὐδὲ
2762 1901 2870 1969 γὰρ
2902 1900 3107 1952 ἐκεῖνον
3138 1899 3261 1966 ἄγει
3294 1898 3383 1949 τὸν
3416 1896 3575 1966 βυθὸν
3600 1896 3628 1946 ὁ
3656 1894 3751 1947 λυ-

2177 1994 2418 2063 τρωτήςο
2454 1991 2587 2045 ἀλλά
2616 1990 2709 2043 τοῦ
2744 1990 2876 2055 ἀνω,
2912 1983 2974 2043 οὗ
3010 1999 3031 2025 ²
3070 1988 3328 2058 παριέναι
3364 1989 3469 2049 τοῖς
3495 1986 3756 2050 διωκταις

2183 2085 2502 2153 ἀμήχανον’
2566 2081 2727 2144 αὐτὸς
2779 2082 2859 2143 είς
2902 2078 3003 2149 τὴν
3070 2076 3481 2157 ἐπηγγελμένην
3518 2072 3753 2142 εἰσάγων

2187 2174 2578 2244 κληρονομίαν,
2623 2172 2720 2242 οὐχ
2773 2170 2996 2241 ἔτερος·
3039 2168 3167 2221 ἔνθα
3196 2169 3256 2221 οὑ
3293 2169 3606 2229 Χαναναῖος,
3633 2162 3755 2217 οὐδὲ

2188 2286 2269 2329 τις
2301 2265 2457 2328 ἄλλος
2503 2267 2611 2318 τῶν
2660 2264 3049 2335 μεμισημένων
3101 2263 3279 2315 οἰκεῖ’
3314 2260 3461 2330 μόνοι
3480 2261 3523 2310 δ’
3570 2261 3616 2312 oi
3662 2260 3757 2313 τὸν

2188 2362 2516 2431 κληροδὸτην
2557 2358 3028 2426 ἐπιγινώσκοντες,
3082 2357 3177 2408 καὶ
3212 2354 3305 2417 οὓς
3327 2356 3530 2415 ἐκεῖνος
3560 2354 3760 2421 ἐγκατ-

2188 2454 2379 2516 οικὶζει
2407 2452 2589 2505 λαὸεῖν
2629 2466 2653 2492 ιι
2686 2451 2888 2522 κλῆρον
2918 2449 3071 2520 παρά
3112 2448 3206 2501 τοῦ
3245 2448 3471 2516 Πατρδς,
3503 2447 3623 2498 ἀντὶ
3653 2441 3762 2498 τῶν

2188 2544 2513 2615 τραυμάτων
2554 2545 2647 2596 καὶ
2674 2542 2767 2595 τοῦ
2816 2542 3068 2610 αἵματος,
3095 2537 3124 2591 ὃ
3154 2542 3545 2609 προσήνεγκεν.
3583 2537 3761 2607 Προσ-

2191 2641 2310 2705 άγει
2350 2637 2457 2705 γάρ
2502 2635 2579 2705 τῷ
2632 2636 2805 2705 [Iath
2850 2634 2911 2686 τὸ
2962 2631 3122 2703 αἷμα,
3154 2632 3279 2694 ὠςι)
3308 2633 3398 2684 καὶ
3445 2631 3544 2701 τὴν
3586 2629 3764 2700 ψυχὴν

2191 2730 2575 2801 παρατίθησιν.
2620 2728 2681 2781 El
2729 2727 2838 2797 γάρ
2886 2726 2982 2780 καὶ
3043 2726 3181 2796 ὑπὲρ
3239 2724 3395 2794 ἡμῶν
3448 2722 3760 2793 ἀντίλυτρον

2190 2823 2400 2876 ταῦταο
2430 2822 2611 2875 δοῦναι
2662 2820 2917 2887 λέγει-αι’
2983 2816 3305 2886 ἀντίλυτρον
3358 2817 3466 2886 γάρ
3528 2813 3766 2884 άληθῶς,

2185 2917 2267 2969 ὅτι
2318 2916 2409 2969 τὸν
2459 2914 2600 2985 ὑπὲρ
2645 2912 2800 2982 ἡμῶν
2852 2912 3142 2982 ὑπομένων
3186 2900 3414 2963 θάνατον
3440 2908 3767 2978 λυτροῦται·

2187 3007 2300 3060 ἀλλ’
2328 3008 2362 3077 ἦ
2402 3025 2465 3075 γε
2510 3004 2829 3077 προσένεξις
2880 3003 2958 3075 τῷ
3011 3003 3197 3071 οἰκείῳ
3228 3002 3405 3072 Πατρὶ
3463 3000 3615 3071 παρὰ
3665 2998 3771 3054 τοῦ

2188 3100 2406 3162 Παιδὸς.
2430 3092 2447 3105 ’⁸

506 3183 657 3244 ‘unt,
681 3178 775 3234 sed
804 3180 903 3235 soli
950 3180 1027 3233 illi
1062 3181 1155 3249 qui
1189 3182 1521 3237 haereditatis
1555 3182 1871 3253 largitorem
1906 3200 2238 3254 agnoscunt,
2274 3207 2337 3243 ac
2362 3204 2503 3259 quos
2535 3190 2625 3243 ille
2656 3190 2938 3243 habitandi
2999 3203 3167 3244 causa
3235 3184 3548 3249 introducit,
3611 3192 3670 3238 ut
3734 3194 3777 3236 ι

504 3270 666 3325 Patre
725 3269 1097 3324 haereditatem
1153 3272 1443 3340 accipiant,
1504 3274 1624 3327 loco
1692 3275 1977 3329 vulnerum
2046 3293 2109 3331 ae
2184 3282 2621 3350 sanguinisque:
2673 3282 2790 3346 ipse
2833 3281 3055 3333 obtulit.
3095 3280 3237 3333 Patri
3267 3281 3412 3333 enim
3447 3275 3777 3345 sanguinem

504 3362 683 3425 oliert,
723 3361 800 3413 uti
831 3360 993 3413 etiam
1022 3363 1369 3417 commendat
1394 3364 1656 3418 animam.
1689 3363 1822 3419 Nam
1859 3367 1984 3421 licet
2052 3386 2112 3422 ea
2190 3388 2287 3440 pro
2349 3375 2506 3428 nobis
2568 3373 2960 3442 redemptionis
3030 3372 3261 3442 pretium
3310 3370 3501 3423 olierre
3553 3370 3781 3439 dicatur

507 3472 656 3534 (vere
672 3455 873 3509 etenim
900 3456 1132 3525 pretium
1159 3468 1288 3511 sunt
1312 3461 1889 3531 redemptionis,quod
1916 3469 2085 3521 nostri
2127 3485 2292 3526 causa
2322 3482 2550 3525 mortem
2584 3471 2806 3527 subiens
2864 3485 2964 3525 nos
3000 3472 3045 3525 is
3107 3470 3419 3523 redemeritl
3448 3485 3461 3522 :
3531 3476 3781 3521 attamen

504 3547 676 3602 Filius
707 3547 852 3601 Patri
880 3565 982 3603 suo
1008 3550 1338 3605 oblationem
1374 3550 1525 3607 facit.

572 3640 819 3710 Agedum
849 3658 1000 3707 vero,
1032 3642 1193 3696 sicuti
1227 3659 1515 3697 ascensum
1541 3660 1841 3715 supernum
1894 3663 1958 3702 ac
1982 3649 2091 3705 ha:-
2119 3660 2161 3715 (ζ

510 3735 793 3789 reditatcm
828 3738 1059 3805 mystico
1096 3736 1257 3789 oculo
1281 3738 1636 3807 contemplati
1683 3757 1898 3807 sumus,
1935 3744 2014 3797 sic
2044 3754 2097 3798 et

506 3842 571 3879 ea
599 3843 719 3895 qua:
751 3828 803 3881 in
836 3830 918 3883 lus
939 3829 1295 3883 inferioribus
1332 3830 1465 3885 locis
1491 3843 1850 3902 peraguntur,
1885 3836 2096 3890 intuea-

511 3934 665 3971 mur:
709 3919 904 3986 duplex
940 3919 1085 3972 enim
1117 3928 1200 3973 est
1259 3937 1445 3974 eorum
1476 3938 1597 3990 quae
1632 3936 1968 3995 peraguntur
1990 3930 2073 3997 spi

513 4005 691 4058 ritalis
745 4005 1127 4075 intelligentia.
1182 4008 1393 4062 Etenim
1452 4011 1707 4066 Christus
1755 4016 1945 4069 tribttit
2000 4034 2096 4071 su-

512 4111 679 4165 perna
714 4114 727 4150 :
766 4096 893 4152 inde
932 4114 1169 4167 namque
1213 4100 1279 4152 ad
1326 4117 1425 4156 nos
1474 4105 1645 4171 venit,
1692 4120 1756 4159 ac
1802 4116 1861 4159 ut
1901 4125 2000 4164 nos
2030 4128 2096 4164 eo

513 4188 891 4244 transferret:
938 4201 1190 4261 peragrat
1244 4200 1422 4247 aute-n
1479 4204 1533 4247 et
1590 4197 1702 4251 haec
1761 4198 1982 4265 intima,
2043 4214 2101 4255 ut

512 4291 692 4337 tamen
726 4283 857 4337 nihil
904 4284 1110 4337 humile
1140 4295 1233 4338 aut
1270 4288 1551 4343 sordidum
1575 4307 1639 4345 ex
1676 4290 1764 4348 ilis
1789 4295 2095 4358 contrahat,

517 4384 653 4429 utet
684 4374 813 4429 inde
846 4377 1088 4431 salutare
1120 4375 1212 4431 Dei
1238 4378 1539 4436 elucescat.
1567 4383 1702 4437 Cum
1736 4384 1868 4439 illud
1895 4387 2053 4442 audis
2079 4407 2093 4441 :

512 4465 657 4521 Deus
680 4484 846 4533 meus,
885 4469 1021 4523 Deus
1068 4487 1235 4538 meus,
1261 4484 1320 4525 ut
1362 4474 1486 4543 quid
1530 4493 1612 4531 me
1650 4479 1980 4549 dereliquisti
2005 4481 2095 4537 3'?

587 4561 632 4595 ⁸⁸
674 4561 868 4616 Matth.
927 4579 1096 4627 xxvii,
1146 4564 1234 4617 46.

2280 3651 2443 3705 Ἀλλὰ
2475 3652 2607 3721 φέρε
2646 3650 2729 3718 δὴ,
2766 3648 2955 3717 ὥσπερ
2983 3646 3080 3716 τὴν
3112 3646 3222 3699 ἄνω
3276 3645 3525 3698 διάϐασιν
3550 3645 3642 3696 καὶ
3667 3643 3781 3713 τὴν

2201 3744 2567 3815 κληρονομίαν
2594 3741 2836 3811 μυστικῷ
2866 3739 3103 3801 διανοίας
3138 3736 3453 3806 κατείδομεν
3484 3733 3778 3804 ὀφθαλμῷ,

2198 3834 2341 3887 οὕτω
2390 3835 2754 3903 θεωρήσωμεν
2808 3831 2904 3883 καὶ
2957 3829 3025 3881 τά
3069 3828 3219 3881 κάτω
3246 3826 3566 3895 τελούμεναο
3613 3825 3783 3898 διττὴ

2201 3926 2308 3995 γάρ
2342 3927 2373 3992 ὴ
2412 3924 2521 3975 τῶν
2564 3922 2903 3991 τελουμένων
2960 3920 3181 3987 θεωρία.
3220 3919 3413 3970 Δίδωσι
3440 3918 3538 3987 μὲν
3568 3918 3677 3987 γάρ
3702 3919 3789 3971 τὰ

2200 4021 2343 4071 ἄνω·
2380 4015 2590 4068 ἐκεῖθεν
2636 4016 2745 4081 γάρ
2798 4013 2901 4064 καὶ¹
2940 4014 3074 4081 πρὸς
3121 4011 3258 4063 αὐτὰ
3318 4011 3568 4079 μετάγων
3602 4010 3787 4079 ἡμᾶς,

2203 4110 2536 4179 παρεγένετο
2556 4124 2567 4135 ·
2603 4104 2806 4175 βαδίζει
2843 4103 2898 4155 δὲ
2929 4106 3022 4155 καὶ
3051 4102 3140 4155 διὰ
3182 4102 3288 4154 τῶν
3320 4099 3640 4163 κατωτάτω,
3672 4115 3793 4171 μη-

2198 4203 2284 4255 δὲν
2324 4201 2578 4255 ταπεινὸν
2616 4199 2823 4251 ἐκεῖθεν
2880 4196 3324 4269 προσκτώμενος,
3385 4196 3472 4247 ἵνα
3518 4193 3793 4247 κακεῖθεν

2196 4296 2336 4365 ὀφθῇ
2364 4295 2424 4346 τὸ
2452 4293 2717 4362 σωτήριον
2739 4288 2832 4342 τοῦ
2864 4287 3021 4342 Θεοῦ.
3063 4289 3230 4340 Ὅταν
3259 4285 3496 4355 ἀκούσῃς
3530 4285 3751 4353 βοῶντα
3771 4304 3788 4317 ·

2199 4390 2304 4443 Θεέ
2352 4405 2491 4457 μου,
2542 4384 2650 4438 Θεέ
2700 4401 2839 4452 μου,
2901 4382 3055 4433 irati
3102 4396 3177 4449 με
3219 4377 3645 4447 ἐγκατέλιπεςὶ
3702 4374 3795 4447 μὴ

2197 4480 2605 4552 συναρπασθῇς.
2651 4476 2781 4547 Βοᾷ,
2838 4472 2944 4528 Θεέ
2997 4492 3138 4543 μου,
3176 4471 3332 4525 (rat!
3365 4486 3440 4539 με
3473 4470 3799 4540 ἐγκατέλι-

1854 4633 2087 4687 νΑιιικιΕ
2129 4632 2535 4689 LECTliiNES.

620 4734 645 4763 ⁸
668 4727 756 4782 ed.
782 4718 976 4796 οὗπερ.
1054 4726 1081 4754 ⁸
1114 4724 1202 4780 ed.
1225 4726 1423 4781 λαϐὼν.
1502 4724 1531 4765 ³³
1553 4723 1641 4778 ed.

1808 4737 1830 4762 ε
1856 4724 1944 4778 ed.
1970 4726 2118 4778 αὐτό.

2021 4816 2245 4873 NOTAE.

520 4914 781 4971 Israelita:
807 4910 1013 4965 dimissi
1047 4908 1301 4964 fuissent.
1344 4909 1462 4963 Non
1495 4927 1624 4982 ergo
1652 4919 1788 4982 apte
1811 4912 2082 4982 interpres

517 4995 793 5045 auctorem
849 4984 1087 5044 intricat,
1155 4997 1278 5033 cum
1337 4980 1577 5050 corrigit
1625 4981 1711 5034 ἐπ’
1742 4980 2084 5051 ὰλλήλοις,ἧ

516 5058 705 5116 ἄλλαις
762 5052 848 5103 ἐπ’
881 5051 1099 5112 ἄλλαιςο
1161 5052 1304 5121 quod
1346 5069 1503 5105 sumn
1543 5052 1723 5105 minus
1781 5051 2082 5113 coltmrens,

521 5144 618 5198 pro
652 5124 897 5198 auctoris
937 5124 1347 5198 colta‘rentjbus
1378 5122 1683 5198 reddit._'i‘_o
1708 5121 2083 5198 καλουμένοις,

519 5192 672 5270 quod;
694 5196 894 5249 habent
918 5193 1079 5251 edita,
1104 5210 1170 5270 ac
1194 5194 1486 5270 Gretserns
1512 5192 1707 5270 reddit,
1740 5193 1875 5244 nihil
1898 5206 2084 5261 aptum

517 5264 600 5323 est
620 5310 633 5330 ,
663 5268 800 5320 bene
826 5271 1004 5315 autem
1028 5268 1172 5330 quod
1198 5282 1261 5319 ex
1302 5264 1467 5333 ltegio
1489 5264 1857 5324 restituimus,
1887 5279 2089 5315 κακου-

524 5351 733 5406 μενοις’
758 5350 864 5402 qua
908 5347 1038 5406 voce
1074 5337 1279 5398 passim
1314 5344 1668 5406 tractatores,
1690 5334 1920 5406 ipseque
1954 5349 2087 5401 pro-

520 5401 665 5462 itime
692 5401 819 5465 Leo,
846 5401 984 5454 mala
1018 5407 1355 5468 captivitatis
1391 5404 1744 5462 Hebraeorum
1770 5404 1823 5456 in
1856 5403 2089 5474 Egypto

520 5478 850 5533 exprimunt.
1764 5522 1767 5525 λ

592 5488 956 5610 igi‘riigiione
1001 5547 1213 5617 [ixionis
1244 5546 1297 5617 in
1325 5547 1452 5601 imo.
1488 5545 1587 5599 Διὰ
1608 5543 1706 5615 τὴν
1732 5522 1879 5617 κάτω
1901 5542 2083 5617 πῆξιν.

526 5616 817 5687 Dis-tinguit
850 5620 1121 5676 subtiliter
1156 5616 1297 5686 quod
1334 5616 1514 5687 nostri
1545 5616 1779 5684 theologi
1820 5616 2083 5669 rationem

522 5686 883 5755 fundamenti,
930 5698 983 5745 et
1010 5690 1262 5742 virtutem
1320 5686 1604 5747 fundandi.
1643 5687 1803 5739 habet
1848 5689 2082 5753 primum

522 5762 774 5812 Christus
816 5761 1023 5815 ratione
1063 5757 1438 5815 humanitatis,
1498 5770 1619 5822 qua:
1661 5764 1743 5809 est
1798 5758 1889 5808 illa
1933 5756 2082 5806 κάτω

530 5830 717 5900 πῆξιςθ
756 5825 900 5885 velut
926 5833 1053 5891 ima,
1090 5844 1147 5880 ac
1181 5830 1229 5879 in
1269 5828 1420 5878 terris
1466 5827 1592 5893 [mo
1640 5828 1919 5894 (irimque;
1948 5827 2077 5879 alte-

2197 4927 2317 4968 rum
2348 4911 2509 4967 habet
2552 4928 2792 4982 superna
2842 4928 2903 4965 ae
2938 4911 3159 4966 deitatis
3181 4911 3421 4965 virtute:
3463 4910 3612 4982 quod
3650 4909 3811 4963 ulti-

2194 4999 2341 5035 tnum
2386 4983 2596 5052 integre
2630 4981 2911 5039 omissum
2968 4984 3036 5036 ab
3063 4985 3381 5050 interprete,
3423 4981 3572 5052 nullo
3608 4990 3809 5035 sensu

2192 5054 2359 5106 altum
2420 5051 2661 5107 auctoris
2734 5070 2951 5108 Sensum
3013 5053 3213 5105 habere
3268 5052 3414 5105 facit.
3476 5051 3812 5119 Seqttentia

2192 5138 2408 5191 quoque.
2435 5123 2591 5177 valde
2614 5127 2846 5187 erudita,
2875 5133 2930 5175 ut
2977 5124 3182 5176 Christi
3209 5122 3431 5175 vulnera
3459 5139 3520 5174 ac
3547 5124 3813 5189 sanguis

2194 5196 2304 5247 sint
2333 5195 2511 5248 oblata
2537 5195 2708 5258 Patri,
2745 5210 2852 5248 non
2894 5193 3133 5255 diabolo,
3168 5193 3384 5246 tametsi
3416 5192 3685 5246 Christus
3724 5193 3813 5246 ab

2196 5264 2314 5333 ejus
2346 5264 2577 5319 redemit
2614 5274 2916 5335 potestate;
2973 5264 3167 5333 partim
3202 5272 3349 5335 textu
3407 5264 3587 5314 minus
3628 5262 3770 5313 inte

2196 5351 2313 5403 gro,
2346 5335 2539 5403 partim
2582 5337 2764 5389 minus
2798 5336 2953 5405 plene
2990 5335 3224 5405 reddito,
3278 5334 3511 5405 obscura
3550 5347 3615 5405 at-
3656 5346 3815 5400 per-

2198 5398 2360 5474 plexa
2392 5414 2595 5474 erant:
2626 5421 2687 5459 ac
2748 5398 2896 5459 iu'iis
2930 5406 3081 5469 illud,
3124 5398 3192 5473 ᾮ
3219 5404 3311 5456 καὶ
3335 5402 3431 5471 τὴν
3458 5398 3817 5471 ψυχὴνστια-

2200 5472 2506 5543 ράτίθεται·
2542 5472 2642 5527 Cui
2678 5479 2835 5528 etiam
2894 5472 3224 5528 commendat
3283 5475 3557 5532 animant.
3603 5488 3819 5542 quam

2193 5547 2455 5615 optimam
2496 5555 2686 5599 auctor
2718 5547 3094 5614 probationem
3128 5546 3399 5615 assumitﬂ;
3442 5543 3639 5615 jejuue
3705 5543 3824 5615 in:

2193 5613 2451 5685 terpres:
2495 5616 2595 5670 Cui
2650 5613 2993 5670 etianimam
3042 5615 3306 5685 adjungit.
3339 5613 3481 5685 rVult
3535 5613 3661 5685 ille,
3706 5613 3819 5664 uti

2184 5683 2441 5741 Christus
2484 5688 2583 5741 soli
2626 5685 2768 5740 Patri
2810 5683 3224 5743 commendavit
3261 5684 3532 5748 animam,
3570 5683 3666 5739 sic
3742 5691 3829 5735 et.

2193 5761 2289 5813 soli
2324 5758 2589 5814 obtulisse
2631 5773 2761 5812 suos
2789 5758 3089 5812 cruciatus.
