4070 6210
385 272 496 336 109

1096 281 1375 343 ORATIO
1417 287 1484 345 X.
1525 313 1589 321 —
1627 290 1708 347 IN
1749 291 2176 353 DOMINICAM
2223 297 2938 363 RESURRECTIONEM.

3519 305 3635 369 110-

380 407 497 455 πες
524 408 545 455 ;
582 391 718 445 ἀλλά
744 394 1009 463 ῥήγνυται
1037 396 1097 448 τὸ
1122 401 1521 472 καταπέτασμα
1547 402 1694 458 οἴκου
1727 405 1820 458 τοῦ
1844 424 1945 461 πα-

2057 411 2163 465 noli
2194 414 2332 469 male
2356 416 2407 468 in
2439 414 2770 472 dubietatem
2801 418 2997 488 abripi.
3029 418 3260 499 Clamat,
3286 420 3423 476 Deus
3454 439 3617 491 utens,

374 480 600 550 τρικοῦ,
647 481 954 547 δεικνύντος
984 485 1075 539 τοῦ
1104 487 1334 560 Πατρὸς,
1365 490 1511 555 ὅπως
1555 494 1645 546 ἐπὶ
1672 495 1748 563 τῷ
1780 498 1951 550 Μονο-

376 573 537 639 γενεϊ
564 572 846 641 ὀργίζεται
881 576 1139 646 πάσχοντι
1162 595 1176 610 ’
1206 581 1299 633 καὶ
1321 579 1396 644 ὡς
1439 582 1555 636 ἀνθ’
1588 577 1663 639 ὧν
1710 588 1955 659 ἐπήρθη-

380 678 483 715 σαν
535 661 722 716 λύσειν
770 666 919 738 αὐτῷ
957 667 1049 720 τοῦ
1088 669 1336 739 σώματος
1381 673 1471 727 τὸν
1500 675 1642 739 ναὸν,
1674 677 1953 751 διαρρήξει

379 756 487 825 μὲν
531 758 729 822 αὐτοὺς
757 759 910 814 οἴκου
944 761 1037 815 τοῦ
1069 763 1286 827 ἑαυτοῦ,
1325 766 1601 838 διαρῤήξει
1625 768 1680 822 δὲ
1726 772 1821 823 καὶ
1853 771 1952 840 τῆς

370 848 863 920 περιφρουρούσης
888 853 1193 924 ὲποπτικῆς
1212 856 1305 909 καὶ
1335 855 1484 921 Θείας
1504 860 1780 928 προνοίας.
1811 862 1950 915 Κενο

371 941 559 991 τεῖται
584 939 849 1009 πλευρὰν,
894 943 1010 996 ἀλλ’
1041 946 1143 1017 ὅρα
1167 947 1268 1017 τῆς
1308 948 1607 1014 ἀθανασίας
1635 953 1761 1015 τοὺς
1784 971 1949 1025 κρου-

374 1031 532 1093 νοὺς,
588 1034 651 1085 τδ
682 1029 821 1102 αἷμα
859 1035 955 1089 καὶ
992 1036 1054 1090 τὸ
1097 1036 1261 1109 ὕδωρ,
1314 1041 1519 1094 ἐκεῖθεν
1567 1042 1946 1109 ὲκϐλύζοντας.

386 1123 701 1191 Ἐνταφίοις
732 1125 1032 1194 ἑλίσσεται,
1072 1131 1164 1183 καὶ
1209 1134 1279 1202 γῇ
1325 1133 1647 1203 κρύπτεται,
1678 1139 1772 1189 καὶ
1815 1139 1951 1207 μετὰ

370 1213 591 1284 νεκρῶν
616 1216 896 1280 αὐλίζεται
918 1235 931 1247 '
958 1219 1073 1273 ἀλλ’
1099 1220 1240 1276 ἑκὼν
1268 1228 1591 1295 παραχωρεῖ
1624 1229 1951 1298 πειρωμένῳ

372 1305 454 1375 τῷ
497 1305 624 1377 ᾇδη,
672 1307 740 1360 ἵν’
781 1309 840 1361 ὲν
883 1313 947 1381 τῇ
983 1311 1159 1383 οἰκείᾳ
1204 1314 1339 1384 πρὸς
1370 1304 1773 1391 βραχὺθκατοχῇ
1825 1323 1951 1384 τοὺς

372 1398 635 1462 αίωνέους
664 1399 921 1468 ἐξαγάγοι
956 1401 1237 1471 κατόχους.
1254 1403 1412 1457 Ἀλλά
1435 1405 1543 1477 γάρ
1575 1405 1762 1460 ἔλαθεν
1796 1407 1949 1479 ᾅδης.

371 1487 701 1560 προσθήκην
726 1490 971 1555 ἐλπίσας,
994 1493 1088 1544 καὶ
1123 1491 1216 1556 οὒς
1243 1498 1571 1566 προκατεῖχε
1620 1497 1946 1567 ζημιωθείς·

368 1579 558 1642 ἔλαθε,
584 1582 956 1651 κατασχήσειν
1002 1582 1203 1652 οἰηθεὶς
1240 1587 1371 1654 παρ’
1409 1587 1585 1657 ἑαυτῷ
1641 1591 1738 1658 τὴν
1781 1588 1945 1658 ζωὴν,

368 1672 500 1733 τοὺς
529 1674 766 1741 νεκροὺς
809 1673 918 1725 τῶν
968 1675 1213 1741 ὲγκάτων
1256 1667 1628 1741 ἀποκενώσας.
1671 1679 1946 1749 Ἐπεφάνη

2056 504 2239 573 utquid
2276 521 2354 559 me
2407 507 2727 578 dereliquisti
2749 511 2774 563 ?
2806 520 2860 562 at
2886 511 3159 580 rumpitur
3187 511 3362 566 velum
3383 523 3618 583 paternae

2053 593 2271 660 domus,
2294 612 2401 664 quo
2429 598 2679 653 ostendat
2709 600 2883 666 Pater,
2912 609 3171 671 quantam
3206 603 3498 673 Unigenito
3522 621 3619 674 pa-

2054 690 2223 744 tiente
2263 691 2397 744 iram
2431 693 2766 762 conceperit,
2800 700 2967 762 utque
3009 694 3250 749 futurum
3280 699 3372 763 sit,
3400 707 3460 752 ut
3491 699 3617 768 quia

2053 777 2173 845 ejus
2200 777 2448 847 corporis
2478 780 2736 848 templum
2778 781 2987 836 solvere
3028 783 3521 853 prarsumpsissent,
3550 800 3618 839 ex

2054 883 2153 922 sua
2201 869 2289 921 ille
2348 868 2510 924 domo
2554 883 2649 925 eos
2719 870 3005 941 abrumpat
3054 882 3216 942 atque
3268 875 3611 937 cxtermiuet,

2053 960 2184 1030 quin
2222 969 2274 1014 et
2301 975 2329 1012 a
2359 959 2539 1014 divina
2590 976 2685 1013 sua
2723 962 3061 1029 providentia
3100 980 3193 1032 per
3226 965 3614 1033 inspectionetu

2053 1060 2392 1121 protegente,
2426 1053 2573 1106 velut
2606 1053 2891 1122 abruptos,
2936 1056 3121 1123 procul
3166 1057 3406 1125 abjicial.
3450 1056 3617 1113 Latus

2054 1143 2242 1197 lancea
2276 1142 2607 1213 perforatur,
2646 1143 2738 1197 sed
2777 1143 2900 1199 vide
2944 1146 3369 1201 immortalitatis
3418 1147 3615 1211 fontes,

2054 1236 2371 1305 sanguinem
2398 1243 2451 1289 et
2494 1250 2714 1304 aquam,
2759 1235 2884 1290 inde
2927 1246 3231 1293 manantes.
3281 1237 3487 1294 Linteis
3529 1238 3616 1293 fu-

2054 1325 2314 1381 nebribus
2338 1322 2652 1388 involvitur,
2690 1340 2753 1378 ac
2781 1333 2924 1379 terra
2960 1329 3234 1389 conditur,
3262 1341 3615 1399 versaturque

2052 1434 2176 1471 cum
2208 1418 2441 1473 mortuis
2470 1437 2484 1472 :
2523 1417 2616 1472 sed
2644 1425 2841 1488 sponte
2872 1418 3015 1473 cedit
3067 1419 3364 1489 periculum
3398 1419 3613 1475 facienti

2052 1508 2291 1572 inferno,
2321 1519 2381 1560 ut
2412 1523 2511 1563 sua
2543 1508 2661 1578 ipse
2696 1507 2767 1581 ad
2824 1508 2987 1562 breve
3030 1516 3246 1578 tempus
3300 1510 3614 1563 detentione

2050 1616 2168 1664 eos,
2193 1599 2284 1668 qui
2314 1607 2575 1668 perpetuo
2604 1599 2673 1652 ibi
2703 1600 3109 1661 detinebantur,
3130 1599 3408 1654 educeret.
3434 1599 3616 1655 Enim-

2052 1705 2182 1743 vero
2213 1690 2467 1743 nesciens
2498 1688 2768 1754 infernus,
2793 1691 2922 1743 dum
2950 1689 3379 1744 additamentum
3406 1700 3611 1760 sperat,

368 1760 484 1830 γάρ
516 1762 635 1821 τοῖς
666 1761 725 1812 έν
760 1761 1097 1825 σκοτεινοϊςί
1128 1765 1222 1817 καὶ
1258 1767 1385 1835 σκιᾷ
1424 1766 1657 1821 Θανάτου
1707 1769 1945 1839 καθημέσ

2049 1784 2214 1831 etiam
2248 1794 2343 1833 eos
2368 1778 2552 1833 amisit
2581 1793 2720 1848 quos
2765 1780 2915 1847 prius
2963 1776 3302 1846 possederat.
3335 1776 3614 1843 Nesciens,

366 1869 483 1916 νοις
514 1853 549 1920 ἡ
582 1852 777 1916 άδυτος
821 1852 1098 1927 Ἀνατολὴ,
1131 1856 1224 1908 καὶ
1255 1859 1388 1927 πρὸς
1414 1861 1476 1911 τὸ
1505 1858 1621 1927 φῶς
1648 1860 1942 1932 ἐξέδραμον

364 1944 471 2013 τῆς
499 1943 673 2013 ζωῆς.
714 1944 828 1997 Οὐκ
860 1943 1118 2014 ἔστερξαν
1146 1947 1193 1999 οἱ
1224 1948 1465 2019 πυλωροὶ
1493 1951 1585 2003 τὸν
1626 1952 1703 2015 είς
1731 1953 1947 2024 ἐκδίκη-

370 2050 457 2084 σιν
488 2034 605 2086 τῶν
643 2036 1001 2106 κακουμένων
1045 2038 1505 2107 παραγενόμενον.
1564 2036 1712 2095 Εἶδον
1744 2044 1944 2097 παναλ-

369 2128 461 2177 κεῖ
490 2126 668 2196 δεξιᾷ,
707 2128 779 2179 τά
806 2129 1093 2183 άθάναταε
1141 2129 1509 2200 σκυλευόμενα
1554 2136 1796 2202 ταμιεῖα,
1852 2136 1944 2188 καὶ

378 2215 602 2285 ἐφριξαν
642 2217 913 2272 ἀνθοῦσαν
953 2221 1053 2291 τὴν
1093 2222 1424 2294 ἀφθαρσίαν,
1474 2225 1570 2279 καὶ
1614 2227 1711 2297 τὴν
1741 2226 1944 2295 φθορὰν

391 2311 812 2381 μαραινομένην,
851 2313 946 2366 καὶ
1001 2316 1171 2388 ταύτῃ
1223 2321 1803 2392 συναπεμαράνθησαν.
1852 2318 1943 2376 Εἷ-

383 2402 469 2453 όον
517 2407 764 2473 μνημεῖα
798 2405 1121 2476 ἀνοιγόμενα
1155 2408 1199 2471 ί,
1233 2409 1328 2462 καὶ
1380 2412 1605 2481 νεκροὺς
1646 2415 1753 2466 τῶν
1809 2416 1945 2485 ἀφύο

375 2508 517 2544 κτων
548 2492 739 2545 πυλῶν
766 2494 988 2564 ἀκμαίῳ
1012 2497 1134 2548 ποδὶ
1169 2496 1429 2564 ἐξιόντας,
1463 2503 1556 2554 καὶ
1606 2503 1705 2573 τὴν
1732 2504 1945 2558 ἐλευθεο

368 2583 497 2653 ρίαν
547 2583 897 2653 χορεύοντας,
938 2588 1033 2640 καὶ
1079 2588 1218 2658 πρὸς
1281 2592 1508 2655 ἑαυτοὺς
1560 2594 1939 2666 συνεφύροντο.

366 2672 530 2728 Εἷδεν
565 2675 699 2747 ᾅδης
726 2677 787 2730 τὸ
818 2680 1014 2749 πικρὸν
1052 2680 1296 2750 κέντρον,
1333 2683 1361 2735 ὃ
1390 2683 1470 2753 τῷ
1508 2688 1653 2753 γένει
1698 2688 1940 2759 nam.»

368 2784 465 2821 σεν
497 2769 533 2838 ή
566 2770 885 2839 παράϐασις
930 2772 1335 2846 ἐξαιρούμενον,
1367 2778 1461 2828 καὶ
1500 2778 1637 2848 πρὸς
1656 2779 1718 2831 τὸ
1743 2781 1942 2832 οἰκεῖον

364 2863 848 2936 ἀνακομιζομένην
881 2867 981 2936 τὴν
1020 2868 1199 2936 φύσιν,
1217 2869 1318 2938 τῆς
1348 2872 1746 2944 ἐπινεμομένης
1775 2874 1941 2943 αὐτὴν

360 2953 819 3027 ἀναρρωσθετσαν
884 2958 1061 3021 νόσου,
1108 2960 1202 3012 καὶ
1249 2960 1326 3022 ὡς
1396 2961 1579 3016 οὐκέτι
1646 2963 1939 3031 συναγάγο⁹

363 3044 565 3117 ῥέοντα
586 3046 679 3099 τὸν
705 3046 909 3120 ταύτης
932 3048 1141 3121 καρπὸν
1172 3050 1389 3115 ἐννοῶν,
1419 3052 1611 3123 ὀδύνης
1632 3053 1731 3125 τὴν
1768 3055 1944 3127 ἀπλη-

2050 1870 2177 1922 dum
2208 1869 2372 1922 vitam
2405 1870 2545 1939 apud
2575 1885 2634 1924 se
2664 1869 2909 1924 detinere
2943 1877 3117 1938 putat,
3162 1878 3406 1923 mortuos
3437 1870 3614 1924 visce-

2053 1965 2204 2017 ribus
2230 1964 2429 2032 quibus
2467 1964 2781 2025 coercebat,
2808 1960 3017 2015 eﬂ'udit.
3060 1960 3325 2030 Apparuit
3370 1960 3512 2013 enim
3547 1960 3614 2013 iis

2049 2050 2141 2118 qui
2177 2049 2230 2101 in
2267 2049 2507 2103 tenebris
2562 2063 2624 2103 ac
2655 2048 2844 2102 umbra
2878 2045 3069 2102 mortis
3098 2045 3612 2109 sedebant,0riens,

2049 2141 2142 2209 qui
2177 2153 2431 2194 occasum
2464 2138 2662 2200 nescit,
2699 2138 2845 2207 iique
2874 2136 2939 2190 ad
2982 2137 3104 2189 vita:
3142 2134 3323 2188 lumen
3356 2148 3613 2187 accurre-

2052 2233 2196 2283 iunt.
2228 2228 2500 2285 Janitores
2546 2232 2805 2297 impetum
2851 2227 2971 2294 ejus
3010 2241 3073 2279 ac
3124 2225 3485 2292 priesentiam,
3517 2225 3610 2295 qui

2049 2319 2114 2375 ad
2146 2317 2370 2375 afflictos
2400 2315 2748 2375 ulciscendos
2781 2324 3026 2376 veoerat,
3063 2314 3283 2373 minime
3332 2321 3609 2373 sustinue-

2049 2400 2193 2465 runt.
2254 2410 2589 2464 Immortalia
2657 2408 2745 2462 illa
2826 2408 3167 2476 receptacula
3251 2408 3607 2476 omnipotenti

2048 2506 2267 2558 dextera
2300 2502 2521 2572 spoliari
2551 2501 2825 2564 videntes,
2856 2484 3256 2552 cohorruerunt
3275 2500 3607 2553 eﬂlorentetn

2046 2595 2509 2662 incorruptionem
2545 2606 2607 2645 ac
2651 2591 3056 2659 corruptionem
3096 2589 3483 2651 tabescentem,
3510 2603 3609 2658 pa-

2048 2686 2289 2754 riterque
2335 2684 2435 2753 ipsi
2478 2682 2692 2737 abunde
2726 2680 3152 2737 contabuerunt.
3188 2677 3451 2733 Viderunt
3486 2693 3611 2748 ape-

2047 2778 2143 2831 riri
2171 2782 2546 2839 monumenta,
2596 2783 2954 2843 mortuosque
2980 2784 3173 2842 vegeto
3205 2772 3342 2841 pede
3394 2786 3457 2826 ac
3496 2772 3610 2827 ala-

2047 2870 2148 2935 cri,
2178 2867 2517 2925 ineluctabili
2544 2884 2573 2924 e
2599 2866 2845 2923 custodia
2877 2865 3300 2936 progredientes,
3333 2875 3608 2935 partaeque

2043 2960 2313 3016 libertatis
2339 2958 2539 3029 gaudio
2564 2959 2796 3012 choreas
2818 2956 3102 3022 ducentes,
3130 2973 3193 3011 ac
3226 2957 3365 3026 apud
3398 2971 3455 3011 se
3478 2972 3610 3012 con-

2046 3052 2433 3108 fundebantur.
2470 3048 2621 3106 Vidit
2658 3047 2908 3105 infernus
2947 3046 3191 3102 amarum
3238 3048 3371 3102 illud
3415 3063 3481 3102 ac.
3531 3049 3605 3102 le-

361 3151 496 3188 στον
528 3135 776 3207 ἐνεφόρει
806 3137 1070 3208 γαστέρα.
1100 3137 1285 3207 Τάφος
1333 3138 1528 3223 ξενίζει
1568 3141 1659 3196 τὸν
1687 3124 1943 3218 ὕπεράνω

2046 3143 2191 3200 thale
2221 3144 2512 3214 spiculum,
2554 3154 2664 3211 quo
2694 3156 2862 3211 genus
2884 3141 3177 3194 humanum
3204 3141 3276 3195 ob
3301 3148 3606 3223 transgres-

356 3227 475 3281 τῶν
502 3227 784 3299 οὐρανῶν·
816 3229 953 3283 ἀλλά
991 3230 1089 3300 τὴν
1128 3232 1371 3304 σαπρίαν
1415 3234 1522 3287 τῶν
1576 3234 1765 3305 τάφων
1806 3238 1943 3292 ἀπο-

356 3318 639 3389 δυόμενοι,
684 3323 884 3391 νεαρὰν
915 3322 1106 3393 στολὴν
1134 3324 1232 3394 τῆς
1267 3322 1415 3395 ζωῆς
1459 3327 1508 3380 οί
1548 3330 1666 3381 ἐκεῖ
1694 3346 1939 3382 κατασα-

358 3410 564 3474 πέντες
614 3412 925 3467 ὲνδύονται’
960 3415 1076 3468 ἀλλ’
1114 3415 1201 3469 ῐνα
1233 3419 1329 3471 καὶ
1374 3422 1630 3487 γυναῖκες
1675 3424 1739 3474 ὲκ
1767 3421 1939 3489 τάφου

360 3504 547 3574 χαρᾶς
569 3504 866 3573 εὐαγγέλια
903 3506 1183 3573 δέξωνται,
1215 3502 1290 3562 ὧν
1320 3509 1480 3581 ἔργον
1506 3512 1539 3581 ἡ
1568 3511 1737 3581 λύπη,
1780 3512 1872 3565 καὶ
1906 3513 1939 3582 ἡ

359 3595 546 3664 πρδςε
566 3596 735 3663 τάφον
767 3598 1106 3668 κατοίκησις.
1146 3594 1256 3653 Ἦν
1289 3603 1398 3672 γὰρ
1439 3601 1502 3674 δὴ
1532 3602 1627 3656 καλ⁹
1654 3604 1813 3657 τοῦτο
1842 3604 1939 3656 τοῦ

359 3686 571 3749 παντὸς
623 3687 785 3758 ἔργου
837 3690 934 3758 τῆς
988 3692 1263 3760 σωτηρίας
1348 3692 1672 3756 ἀκόλουθον,
1730 3694 1941 3746 ἐκεῖθεν

357 3777 633 3831 ἀκοῦσαι·
681 3780 1082 3849 Μὴκλαίετεσ
1123 3776 1186 3834 οὗ
1236 3782 1326 3835 διὰ
1372 3782 1471 3853 τὴν
1526 3784 1799 3851 ἀπόφασιν
1866 3784 1938 3836 τά

356 3868 580 3939 δάκρυα
635 3870 975 3939 ἀνεπήγαζεο
1025 3873 1119 3926 καὶ
1182 3872 1327 3943 ζωῆς
1381 3874 1588 3928 ἐκεῖθεν
1643 3876 1937 3946 λαμὸάνειν

363 3956 687 4027 μηνύματα,
722 3952 785 4012 οὗ
810 3960 1075 4030 νέκρωσις
1103 3963 1491 4033 ἐπεχωρίαζεν.

2041 3239 2247 3295 sionem
2278 3236 2599 3291 transﬁxum
2650 3232 2820 3289 fuerat
2848 3272 2865 3297 ,
2909 3233 3019 3302 jam
3065 3240 3394 3295 extractum,
3448 3222 3606 3285 natu-

2038 3340 2263 3395 ramque
2305 3324 2359 3378 in
2416 3323 2706 3393 pristinum
2753 3324 3063 3377 restitutam
3104 3330 3331 3387 statum,
3383 3335 3602 3376 recrea-

2038 3425 2259 3486 tamque
2282 3431 2349 3471 ex
2378 3429 2443 3469 eo
2492 3430 2602 3484 quo
2641 3412 3059 3469 conﬂictabatur
3104 3413 3333 3479 morbo;
3381 3412 3606 3480 fereque

2037 3509 2371 3578 intelligens,
2404 3515 2463 3560 ut
2496 3522 2564 3562 ne
2595 3506 2828 3575 amplius
2853 3504 3186 3560 difﬂuentem
3215 3505 3336 3573 ejus
3362 3503 3600 3557 fructum

2034 3600 2369 3665 collecturus
2400 3608 2567 3659 esset,
2598 3595 2980 3664 inexplebilem
3032 3603 3273 3649 ventrem
3319 3608 3479 3649 suum
3520 3594 3604 3645 in-

2033 3688 2177 3759 genti
2201 3687 2454 3741 cruciatu
2491 3683 2803 3754 complevit.
2841 3682 3163 3751 Sepulcrum
3195 3695 3321 3735 eum
3366 3681 3605 3751 hospitio

2032 3777 2251 3846 excipit,
2300 3775 2393 3845 qui
2441 3774 2599 3828 ctelis
2653 3773 2944 3827 sublimior
2984 3784 3107 3838 est;
3154 3783 3210 3825 at
3256 3772 3457 3825 mortui
3508 3771 3602 3841 qui

2035 3868 2197 3923 isthic
2217 3873 2690 3937 computruerant,
2720 3864 2966 3935 deposita
3006 3865 3382 3936 sepulcrorum
3413 3872 3603 3934 putre-

2031 3962 2178 4024 dine,
2212 3974 2406 4013 uovam
2439 3959 2564 4013 Vita:
2593 3958 2789 4013 stolam
2840 3957 3097 4013 induunt.
3126 3957 3271 4024 Quin
3317 3966 3373 4012 et
3412 3957 3606 4011 mulie-

357 4063 453 4105 res
502 4050 718 4118 plenum
751 4050 935 4107 laetitia
976 4055 1229 4109 nuntium
1258 4069 1289 4109 e
1318 4056 1567 4125 sepulcro
1610 4058 1923 4129 accipiunt;
1962 4068 2196 4125 quorum
2244 4059 2402 4106 antea
2461 4066 2683 4117 munus,
2751 4064 2973 4117 mmror,
3010 4065 3075 4106 ac
3147 4050 3505 4105 commoratio
3546 4051 3602 4103 in

356 4141 637 4212 sepulcro.
666 4141 805 4222 8am
834 4152 887 4198 et
914 4145 1016 4200 hoe
1047 4150 1325 4202 communi
1372 4148 1570 4204 salutis
1635 4160 1838 4206 nostrae
1895 4148 2248 4222 negotiationi
2336 4154 2761 4202 consentaneum
2832 4156 2972 4208 erat,
3032 4151 3094 4198 ut
3144 4144 3273 4199 inde
3354 4144 3605 4198 audirent

357 4235 545 4290 illud:
580 4216 761 4291 Nofite
803 4239 930 4307 ﬂere
950 4239 1032 4304 ⁸⁶;
1084 4241 1173 4294 ubi
1229 4247 1453 4312 propter
1503 4242 1668 4297 latam
1726 4216 2052 4300 sententiam
2105 4240 2250 4314 (55),
2326 4241 2583 4311 lacryma:
2633 4240 2789 4311 copia
2840 4238 3156 4294 difﬂuebant
3198 4255 3212 4291 :
3279 4245 3334 4291 et
3416 4244 3473 4289 ut
3540 4249 3606 4289 eo

354 4327 486 4383 loco
514 4327 640 4381 vitae
664 4326 865 4382 indicia
887 4331 1236 4394 sortirentur,
1265 4347 1428 4402 quem
1460 4347 1609 4388 mors
1647 4333 1802 4403 prius
1829 4334 2138 4389 obsederat.

442 4419 589 4473 Ἀλλ’
647 4419 693 4473 ὣ
751 4422 1014 4493 μακάριαι
1066 4426 1343 4492 γυναῖκες,
1405 4428 1500 4481 καὶ
1552 4430 1651 4499 τῆς
1697 4428 1788 4480 ἐπὶ
1841 4430 1932 4481 τὸν
1966 4430 2008 4484 υ

352 4512 530 4580 τάφον
550 4511 867 4581 όρθρίσεως,
899 4513 995 4567 καὶ
1014 4513 1110 4567 τοῦ
1139 4516 1310 4571 καλοῦ
1339 4518 1547 4572 ἐκείνου
1574 4521 1671 4573 καὶ
1687 4518 1934 4588 φθέγμα-

351 4620 448 4666 τος
466 4604 565 4658 καὶ
582 4602 871 4675 θεάματοςί
890 4606 947 4659 αϊ
972 4606 1187 4677 πρῶται
1211 4610 1312 4680 μὲν
1326 4611 1387 4663 τὸ
1405 4611 1600 4681 χωρίον
1616 4612 1715 4681 τῆς
1729 4610 1938 4682 ἀφθαρ-

353 4694 482 4759 σίας
492 4694 684 4768 ὡραίῳ
699 4698 820 4751 ποδὶ
845 4698 1172 4755 κατελάσιτε
1187 4741 1204 4768 ,
1236 4702 1448 4773 πρῶται
1464 4703 1521 4756 δὲ
1546 4702 1609 4756 τὸ
1633 4702 1773 4774 μέγα
1810 4704 1936 4773 τρό-

465 4853 510 4885 ⁹⁶
532 4850 668 4910 Luc.
700 4870 856 4915 mu.
879 4856 950 4910 28

2107 4428 2235 4493 Sed,
2278 4443 2313 4483 o
2345 4428 2516 4481 beatae
2557 4422 2838 4486 mulieres,
2866 4428 2981 4474 tum
3010 4420 3082 4475 ob
3110 4419 3402 4475 adventum
3426 4418 3604 4487 primo

2042 4520 2283 4576 diluculo
2319 4519 2387 4574 ad
2427 4523 2859 4579 monumentum,
2908 4519 3021 4566 tum
3069 4511 3140 4565 ob
3177 4511 3603 4581 pulcherrimum

2044 4610 2177 4666 illud
2206 4619 2262 4666 et
2305 4609 2597 4680 alloquium
2632 4614 2689 4662 et
2737 4603 3130 4676 spectaculum,
3178 4617 3301 4672 quae
3344 4601 3605 4655 nimirum

2043 4705 2232 4775 prima:
2282 4701 2709 4759 immortalitatis
2757 4699 2912 4754 illum
2958 4698 3139 4753 locum
3184 4695 3436 4767 specioso
3469 4694 3604 4765 pede

1632 4992 1868 5048 VARIE
1907 4993 2311 5051 LECTIONES.

425 5112 558 5168 ded.
586 5111 791 5167 σκότει.
873 5124 897 5151 ε
926 5112 1015 5168 ed.
1047 5110 1272 5167 ἀθέατα.

1388 5109 1407 5149 ί
1445 5108 1532 5167 ed.
1573 5109 1799 5181 διανοιγ.
1877 5120 1903 5159 8
1941 5113 2029 5168 ed.
2055 5113 2208 5185 περί.

1862 5229 2094 5287 NOTAE.

432 5323 547 5391 (35)
580 5322 805 5385 Propter
828 5323 993 5376 latam
1014 5321 1344 5393 sententiam.
1383 5322 1483 5376 Διὰ
1507 5323 1608 5393 τὴν
1633 5323 1927 5390 ἀπόφασιν.

348 5390 544 5453 Palam
572 5401 765 5448 auctor
785 5393 978 5446 aliudit
1011 5391 1077 5445 ad
1110 5390 1285 5463 locum
1312 5393 1477 5463 borti,
1500 5390 1611 5463 quo
1640 5394 1789 5461 prius
1819 5394 1924 5447 lata

354 5465 460 5519 fuit
496 5465 692 5519 mortis
728 5463 1026 5522 sententia,
1061 5461 1302 5533 auctrice
1350 5461 1546 5516 femina
1594 5463 1925 5533 praevarica-

355 5536 548 5597 tionis,
580 5534 635 5589 in
689 5533 851 5599 cujus
876 5546 1093 5603 pinnam
1144 5531 1233 5603 illa
1284 5531 1393 5603 lata
1425 5541 1550 5587 est:
1585 5531 1744 5602 cujus
1798 5532 1918 5587 ideo

356 5618 561 5658 munus
595 5603 668 5657 sit
715 5600 920 5657 mceror
961 5616 1024 5670 ac
1080 5600 1342 5655 habitatio
1382 5601 1438 5655 in
1494 5600 1775 5669 sepulcro;
1817 5617 1913 5670 pa-

2038 5326 2117 5393 cri
2160 5325 2512 5380 habitatores.
2555 5323 2799 5380 mortalis
2832 5325 2945 5393 ipsa
2985 5338 3053 5378 ac
3103 5324 3339 5393 sepulcri
3394 5325 3593 5383 incola.

2035 5392 2322 5465 Perperam
2348 5409 2479 5468 ergo
2518 5394 2814 5468 interpres,
2836 5392 3034 5468 aptam
3090 5392 3300 5455 vocem,
3328 5410 3437 5468 non
3468 5406 3591 5468 apta

2030 5464 2397 5525 commutatis.
2421 5464 2708 5526 ἀπόϐασιν,
2738 5465 2857 5518 ἀντὶ
2885 5464 3158 5532 ἀπόφασιν
3177 5480 3190 5493 ·
3220 5465 3363 5530 quod
3390 5464 3589 5522 secun-

2025 5532 2154 5587 dum
2177 5542 2492 5589 constanter
2528 5533 2727 5587 habent
2769 5533 3006 5596 codices,
3041 5550 3137 5587 sua
3175 5549 3281 5587 non
3312 5534 3473 5599 bona,
3521 5554 3588 5591 ac

2021 5603 2283 5660 acumine“
2322 5617 2509 5667 vacua,
2550 5603 2705 5658 bonis
2748 5619 2809 5659 ac
2843 5604 3136 5659 subtilibus
3181 5606 3417 5660 anetoris
3447 5611 3588 5661 sub-

360 5674 553 5727 rientis
580 5674 634 5726 in
663 5685 914 5735 maerore,
951 5666 1008 5723 ἐν
1037 5670 1233 5733 )ύπαις
1257 5686 1269 5700 ·
1295 5672 1348 5724 in
1380 5666 1629 5737 tristitiis,
1668 5666 1831 5740 quani
1859 5682 1911 5726 et
2016 5674 2214 5729 stituit.

362 5752 556 5799 auctor
578 5743 775 5800 retinet
815 5756 1021 5808 vocem,
1074 5755 1174 5796 nec
1207 5741 1309 5797 nisi
1350 5744 1607 5798 mortales
1640 5757 1702 5798 ac
1730 5743 1905 5811 sepul-
