3952 6210
411 246 500 311 111
1626 249 1900 311 LEONIS
1955 251 1982 311 Ῑ

2085 303 2086 309 η
2102 253 2421 315 LOSOPIII

3538 248 3641 313 11?.

410 362 722 433 presseritis
746 379 763 428 ;
790 361 1087 434 primaeque
1136 378 1389 435 magnum
1417 364 1550 419 illud
1583 372 1846 435 tropeum
1874 380 1976 419 au-

2085 384 2235 420 παιον
2270 369 2571 439 ἀκηκόατε·
2607 368 2741 439 ᾅδην
2771 367 3150 431 σκυλευθέντα,
3177 368 3272 421 καὶ
3300 364 3642 435 νεκρωθέντα

409 456 644 523 dieritis,
686 470 882 526 nempe
908 456 1200 527 spoliatum
1249 454 1547 522 infernum,
1578 467 1805 512 mortem
1852 472 1977 527 per-

408 556 646 618 emptam
676 588 693 613 ,
755 547 1166 617 corruptionem
1219 548 1492 617 profundo
1544 562 1801 601 mersam.
1856 547 1975 603 Non

410 640 645 709 amplius
680 648 899 710 pr0pter
929 639 1138 708 lapsum
1170 639 1449 693 vocandus
1482 638 1534 691 in
1566 639 1772 693 crimen
1812 654 1977 694 sexus

410 727 699 795 femineus,
729 745 826 800 per
851 746 1012 800 quem
1039 729 1369 784 resurrectio
1395 726 1571 782 fausto
1599 730 1975 783 aunuutietur.

409 817 528 877 Non
570 822 803 893 amplius
850 832 1077 893 propter
1125 821 1354 891 primam
1428 822 1645 890 generis
1700 832 1975 887 parentem

411 912 671 968 mulieres
695 914 902 984 pudore
931 914 1291 983 obleguntur;
1317 911 1516 981 quippe
1545 928 1665 982 qua:
1697 913 1837 975 laeta,
1861 922 1974 965 ttttn

411 1004 572 1070 facie,
604 1014 718 1059 tum
751 1006 953 1074 lingua,
986 1004 1171 1070 prima:
1209 1003 1393 1073 gaudii
1445 1004 1630 1057 nuntia
1678 1004 1975 1071 perferunt.

410 1094 454 1151 0
480 1095 664 1151 felices
698 1112 876 1157 aures,
909 1111 1031 1165 quae
1070 1103 1197 1148 ante
1228 1094 1364 1149 alias
1412 1096 1490 1149 rei
1523 1104 1687 1149 tanta:
1730 1095 1974 1148 auditum

409 1190 764 1257 acceperunt!
795 1186 838 1241 Ο
871 1187 1056 1241 felices
1085 1185 1296 1251 oculos,
1332 1185 1424 1254 qui
1456 1186 1619 1239 vitam
1651 1186 1875 1255 jamjum
1910 1200 1974 1239 ex

408 1280 680 1349 sepulcro,
729 1282 877 1333 velut
938 1278 1005 1332 ab
1061 1275 1283 1332 Oriente
1334 1279 1503 1332 solem
1553 1278 1781 1333 rutilare
1825 1276 1979 1332 vide-

409 1368 647 1426 runth
682 1370 868 1426 felices
916 1385 1130 1435 manus,
1174 1385 1294 1439 quze
1345 1368 1530 1439 pedes,
1583 1371 1786 1440 quibus
1829 1385 1978 1424 mors

410 1461 513 1516 fuit
544 1462 865 1515 conculcata
897 1460 1282 1531 contigerunt!
1319 1458 1518 1513 Verum
1561 1463 1656 1524 ite,
1702 1478 1799 1516 nec
1850 1463 1980 1517 solae

412 1558 486 1611 rei
517 1565 680 1610 tantze
708 1557 1038 1625 voluptatem
1072 1554 1334 1625 percipite
1362 1554 1375 1607 l
1430 1555 1611 1620 Abite,
1648 1556 1980 1626 tristitiaque

408 1645 660 1701 confecto
708 1644 973 1715 prazclaro
1019 1646 1093 1700 illi
1153 1648 1325 1700 choro
1369 1646 1690 1701 inchoandre
1741 1647 1980 1701 exsulta-

409 1737 578 1792 tionis
612 1713 826 1806 signum
860 1735 1023 1791 datel
1057 1734 1174 1791 Non
1206 1748 1335 1793 sunt
1376 1736 1514 1792 forte
1555 1738 1737 1793 verbis
1782 1739 1979 1793 vestris
2013 1713 2053 1769 Β

410 1826 645 1883 habituri
701 1829 881 1895 ﬁdem,
915 1839 1153 1885 veterem
1207 1830 1423 1884 reveriti
1475 1831 1849 1900 deceptionem
1879 1847 1894 1897 ;
1927 1840 1982 1883 at

410 1922 648 1991 propriis
678 1921 853 1977 oculis
883 1922 1127 1976 credent.
1169 1920 1331 1977 Forte
1363 1922 1617 1993 indignas
1649 1939 1746 1977 vos
1794 1938 1984 1979 cense.-

411 2014 567 2076 buut,
608 2015 807 2083 quibus
850 2016 1204 2069 narrantibus
1248 2030 1533 2071 assensum
1580 2017 1881 2086 praebeant;
1929 2026 1984 2070 at

410 2108 826 2170 reverehuntur,
868 2122 975 2161 non
1022 2122 1088 2161 eo
1125 2107 1395 2161 duntaxat
1446 2108 1603 2162 titulo
1650 2108 1795 2177 quod
1827 2107 1984 2163 vobis

411 2198 485 2252 illi
515 2198 568 2251 in
601 2200 847 2267 magistri
882 2198 1030 2253 cultu
1081 2214 1145 2253 ac
1182 2200 1392 2254 honore
1437 2200 1725 2255 inferiores
1765 2202 1982 2254 exstite-

409 2289 541 2355 rint,
571 2305 757 2342 verum
790 2290 955 2344 etiam
984 2292 1131 2358 quod
1175 2289 1355 2345 fausto
1384 2290 1523 2344 adeo
1555 2291 1747 2344 nuntio
1776 2291 1982 2360 primas

409 2382 659 2435 teneatis.
720 2379 815 2445 Ite,
868 2389 1035 2448 utque
1086 2381 1151 2434 ad
1196 2380 1474 2436 Pastorem
1536 2390 1845 2446 recurrant,
1874 2398 1982 2451 quo

412 2488 674 2542 percusso
703 2472 962 2541 dispersae
991 2480 1119 2526 sunt
1164 2488 1295 2527 Oves
1318 2516 1332 2538 ,
1384 2489 1507 2527 cum
1540 2474 1629 2529 ille
1652 2474 1764 2543 jam
1800 2475 1982 2545 requi-

411 2566 595 2619 reudis
641 2565 922 2619 incumbat
958 2564 1107 2635 ('56),
1155 2574 1519 2622 commonete.
1577 2562 1839 2636 Dispersit
1887 2583 1982 2623 eas

412 2658 831 2724 pereutientiutu
891 2668 1045 2711 atrox
1102 2658 1357 2722 facinus;
1411 2661 1824 2730 cougregaverit
1861 2660 1981 2730 ejus

414 2750 674 2819 potentia,
723 2749 817 2819 qui
870 2764 977 2819 qua
1031 2751 1245 2803 ratione
1297 2750 1398 2804 fuit
1442 2766 1760 2820 percussus,
1792 2751 1982 2807 hostes

415 2842 765 2913 disperdidit.
807 2842 1231 2899 Ahsconderunt
1266 2861 1344 2907 se.
1379 2854 1437 2899 ut
1492 2844 1690 2915 Regem
1726 2845 1983 2898 vulnera-

414 2946 527 2990 tum
561 2935 847 3001 vidissent,
882 2935 1141 3005 brevique
1164 2945 1407 3006 tempore
1430 2939 1502 2991 oh
1540 2937 1823 2992 molestias
1856 2937 1984 2990 inde

2080 458 2169 511 τὸν
2199 458 2446 522 θάνατον,
2507 458 2602 512 καὶ
2645 459 2850 529 φθορὰν
2901 458 3273 510 καταδυεῐσαν.
3327 452 3525 508 Οὐκέτι
3586 454 3646 504 ὲν

2080 554 2229 625 αἰτία
2259 555 2345 607 διὰ
2388 554 2449 607 τὸ
2482 555 2683 624 πτῶμα
2725 555 2785 607 τὸ
2839 553 2972 623 θῆλυ
3014 553 3201 621 γένος·
3231 551 3298 603 δι’
3335 548 3511 603 αὐτῶν
3538 548 3650 616 γὰρ

2080 646 2487 713 εὐαγγελίζεται
2537 647 2569 715 ἡ
2622 646 2941 705 ἀνάστασις.
2972 644 3166 696 Οὐκέτι
3190 642 3279 695 διὰ
3305 640 3401 712 τὴν
3428 639 3651 709 προμή-

2079 758 2210 810 τορο.
2240 740 2670 808 ἐγκαλύπτονται
2693 757 2707 771 ο
2761 732 2922 793 αὒται
2955 735 3061 807 γὰρ
3092 733 3303 806 φαιδρῷ
3344 732 3441 787 καὶ¹
3479 746 3654 801 προσ-

2079 833 2214 903 ώπῳ
2234 834 2326 885 καὶ
2356 830 2597 905 γλώσσῃ,
2617 830 2851 901 πρῶται,
2867 830 2966 899 τὴν
2994 828 3170 899 χαρὰν
3191 822 3650 893 ἀπαγγέλλουσιν.

2081 926 2143 978 Ὢ
2180 925 2370 994 ἀκοῆς,
2398 926 2433 994 ἢ
2462 924 2565 992 πρὸ
2585 922 2693 975 τῶν
2713 922 2887 976 ἄλλων
2906 920 3143 992 ὲνηχήθη
3165 915 3431 986 τοσαύτην
3457 916 3649 983 ἀκοήνῑ

2082 1018 2145 1070 Ὠ
2182 1014 2498 1084 ὀφθαλμῶν,
2543 1014 2592 1067 οἳ
2640 1014 2740 1084 τὴν
2784 1012 2928 1081 ζωὴν
2961 1012 3085 1081 ἄρτι
3114 1008 3208 1062 τοῦ
3239 1008 3407 1076 τάφου
3460 1006 3658 1074 ὥσπερ

2080 1106 2343 1176 ἀνατολῆς
2372 1106 2728 1177 ἁστράψασαν
2762 1102 3090 1156 ἑθεάσαντοὶ
3128 1101 3193 1153 Ὢ
3217 1098 3435 1169 χειρῶν,
3472 1096 3660 1148 ποδῶν

2080 1199 2371 1269 ἁψαμένων
2403 1195 2902 1264 καταπατησάντων
2924 1192 3149 1261 φθοράνὶ
3191 1189 3326 1244 Ἀλλ’
3351 1188 3532 1252 ἄπιτε,
3554 1187 3658 1240 καὶ

2084 1292 2159 1362 μὴ
2202 1291 2358 1361 μόναι
2412 1289 2685 1358 τρυφᾶτεί
2727 1288 2944 1350 Ἀπιτε,
2972 1284 3068 1338 καὶ⁸
3094 1280 3173 1353 τῷ
3207 1281 3359 1351 καλῷ
3399 1280 3659 1349 σκυθρω-

2082 1382 2307 1445 πάζοντι
2361 1380 2507 1451 χορῷ
2580 1381 2678 1448 τῆς
2725 1378 3098 1451 ἀγαλλιάσεως
3141 1374 3201 1429 τὸ
3249 1373 3527 1442 ἐνδόσιμον
3575 1372 3659 1424 εῖ-

2081 1491 2241 1527 πατε.
2293 1472 2705 1542 ’Δπιστήσουσιν
2735 1471 2864 1532 ῖσως
2884 1471 2994 1532 τοῖς
3029 1468 3259 1539 ῥήμασι,
3288 1466 3386 1535 τὴν
3414 1462 3652 1517 παλαιὰν

2082 1563 2481 1629 ὑποπτεύοντες
2513 1564 2758 1631 ἀπάτην·
2791 1562 2904 1615 ἀλλ’
2954 1561 3251 1629 ὀφθαλμοῖς
3288 1557 3508 1620 οἰκείοις
3557 1574 3648 1608 πι-

2084 1655 2419 1708 στεύσουσιν.
2473 1655 2588 1707 Οὐκ
2634 1652 2946 1718 ἀξιόπιστον
2997 1651 3058 1703 τὸ
3109 1650 3374 1718 ὑμέτερον
3407 1646 3654 1716 νομιοῦσι

2082 1748 2347 1817 κήρυγμα
2370 1761 2383 1774 ⁸
2419 1745 2533 1797 ἀλλ’
2564 1743 2993 1812 αἱδεδθήσονται,
3025 1742 3121 1811 οὐχ
3148 1742 3231 1793 ὅτι
3261 1739 3419 1808 μόνον
3452 1740 3533 1800 είς
3556 1736 3661 1807 τὴν

2080 1839 2173 1892 τοῦ
2220 1838 2540 1891 διδασκάλου
2592 1838 2756 1905 τιμὴν
2791 1834 2945 1903 ὑμῶν
2978 1833 3330 1897 ἀπελίποντο,
3364 1830 3496 1885 ἀλλὰ
3551 1830 3659 1882 καὶ

2082 1932 2155 1995 ὡς
2186 1932 2375 2001 πρῶτα
2407 1928 2677 2000 φερούσας
2703 1926 2781 1997 τῷ
2809 1925 3081 1996 ἀξιώματι
3131 1925 3225 1978 τοῦ
3272 1924 3653 1995 κηρύγματος.

2095 2024 2419 2078 Ἀπὲλθετε·
2464 2022 2560 2074 καὶ
2614 2013 2675 2074 οὗ
2732 2018 3099 2089 παταχθέντος
3155 2016 3403 2085 ποιμένος
3454 2015 3655 2082 ἐσκορ-

2086 2118 2251 2185 πισθη
2281 2117 2350 2168 τὰ
2396 2114 2665 2185 πρόϐατα,
2702 2112 2797 2166 νῦν
2847 2113 2925 2174 είς
2976 2110 3306 2177 ἀναζήτησιν
3344 2105 3517 2160 αὐτῶν
3568 2104 3655 2157 δι-

2083 2212 2413 2272 αναστάντος
2439 2208 2711 2278 μηνύσατε
2741 2205 3134 2276 προσδραμεῖν.
3189 2200 3510 2269 Ἐσκόρπισε
3544 2198 3660 2252 τῶν

2084 2297 2441 2361 παταξάντων
2474 2296 2508 2364 η
2543 2294 2847 2364 μιαιφονία,
2878 2291 3176 2360 συναγάγοι
3206 2292 3241 2359 ἡ
3263 2288 3473 2342 ἐκείνου
3496 2288 3665 2340 δυνα-

2085 2388 2258 2452 στεία,
2293 2385 2386 2439 τοῦ
2416 2388 2474 2437 ἐν
2502 2384 2579 2453 τῷ
2625 2381 2973 2452 πεπατάχθαι
3029 2382 3155 2443 τοὺς
3206 2378 3432 2449 ἐχθροὺς
3460 2375 3668 2431 ἀπολέ-

2086 2496 2301 2541 σαντος.
2348 2476 2709 2546 Ἐκρύϐησαν,
2742 2475 2817 2539 ὡς
2866 2469 3006 2527 εἶδον
3062 2469 3538 2544 τραυματισθέντα
3562 2467 3665 2521 τὸν

2084 2570 2342 2632 Βασιλέα,
2379 2570 2473 2622 καὶ
2495 2569 2631 2641 πρὸς
2662 2566 2835 2637 βραχὺ
2868 2565 2975 2619 τῶν
3007 2565 3217 2619 ἐκεῖθεν
3253 2563 3431 2616 πόνων
3470 2558 3661 2614 ὑπνώ-

2085 2684 2284 2722 σαντα·
2342 2666 2672 2735 προΐτωσαν.
2742 2663 2963 2731 ’Δνέστη
2993 2662 3123 2731 γὰρ,
3176 2660 3269 2713 καὶ
3311 2655 3663 2728 τραυματίας

2086 2764 2210 2823 τοὺς
2263 2758 2616 2812 ὑπεναντίους
2682 2756 2883 2823 δείξας,
2945 2753 3341 2824 τροπαιοφόρος
3397 2748 3659 2821 προάγει.

2090 2851 2264 2921 Δεῦρό
2302 2868 2416 2921 μοι,
2442 2849 2688 2919 Παρθένε
2737 2848 2932 2918 μῆτερ,
2962 2844 3219 2911 ἐξελοῦσα
3250 2843 3345 2912 τὴν
3378 2838 3664 2911 ῥομφαίαν

2086 2944 2121 3015 ἦ
2142 2942 2239 3013 τὴν
2270 2941 2495 3013 καρδίαν
2526 2941 2771 3010 διέτεμνε
2795 2937 3138 3009 κρεμάμενον
3153 2935 3243 2987 τὸν
3264 2931 3393 2985 Υίδν
3419 2929 3661 3004 δρώσης,

414 3038 607 3084 enatas
636 3042 830 3084 somno
860 3038 1076 3099 captum
1105 3045 1121 3094 ;
1167 3045 1317 3084 nunc
1371 3029 1693 3098 procedant.
1732 3028 1982 3085 Surrexit

2088 3036 2182 3089 νῦν
2205 3030 2292 3088 οἶα
2321 3032 2752 3103 ἐπραγματεύθη
2784 3030 3012 3100 καθόρα,
3039 3028 3135 3082 καὶ
3169 3026 3270 3097 τῆς
3317 3021 3662 3093 εὐφροσύνης

415 3121 589 3185 enim,
643 3120 1075 3190 vulneribusque
1128 3119 1397 3176 confectis
1434 3120 1792 3184 adversariis,
1842 3136 1984 3191 pra:-

415 3214 568 3269 claro
599 3212 877 3283 triumpho
907 3214 1083 3267 victor
1115 3214 1293 3283 praeit.
1318 3212 1543 3278 Adesto,
1569 3210 1738 3284 Virgo
1761 3228 1982 3284 parens,

413 3320 649 3373 eumque
672 3305 851 3360 exime
892 3304 1156 3377 gladium,
1186 3305 1279 3373 qui
1314 3304 1547 3360 videntis
1572 3320 1603 3359 ο
1632 3320 1798 3360 cruce
1849 3321 1985 3375 pen-

413 3398 631 3453 dentem
698 3396 896 3452 Filium
971 3412 1069 3453 cor
1131 3397 1455 3464 transfodit;
1520 3413 1688 3459 nunc.
1752 3412 1873 3467 qua:
1928 3408 1986 3453 et

413 3500 618 3560 quanta
645 3491 946 3552 evenerint,
986 3491 1218 3552 intuere,
1243 3491 1542 3561 gloriaeque
1573 3499 1627 3545 et
1665 3491 1986 3546 exsultatio-

415 3582 503 3637 nis
534 3581 810 3651 particeps
841 3582 1075 3637 edicere.
1117 3579 1369 3637 Claustra
1408 3596 1473 3636 ac
1513 3593 1683 3651 porte
1718 3582 1987 3637 inelucta-

414 3673 554 3729 biles
592 3674 889 3729 confracta:
913 3683 1044 3730 sunt
1070 3692 1084 3729 :
1116 3674 1172 3729 in
1194 3674 1413 3727 vincula
1438 3673 1719 3743 conjectus
1756 3681 1841 3729 est
1872 3675 1985 3741 ille,

414 3765 509 3833 qui
542 3766 774 3821 vinculis
804 3766 1153 3821 liberatorem
1188 3766 1413 3835 alligare
1455 3766 1707 3821 tentavit.
1758 3766 1989 3836 Compe-

415 3856 514 3911 diti
559 3857 744 3915 educti
775 3868 905 3912 sunt
942 3874 972 3912 e
1018 3859 1183 3913 domo
1223 3858 1486 3913 carceris.
1534 3858 1892 3928 lmpassibilis
1919 3874 1988 3913 ex

417 3948 670 4019 sepulcro
697 3949 920 4019 prodiit,
956 3951 1049 4019 qui
1091 3950 1417 4020 virginitatis
1450 3950 1711 4020 pudorem
1758 3951 1986 4007 illaesum

416 4049 471 4094 et
495 4038 787 4101 intactum,
821 4054 943 4093 eum
975 4050 1315 4105 nasceretur,
1343 4041 1671 4096 custodivit:
1711 4049 1770 4095 ut
1797 4048 1988 4111 quem.

416 4129 708 4186 admodum
757 4132 1068 4201 auspicans,
1119 4133 1192 4185 ita
1236 4141 1291 4187 et
1327 4148 1741 4198 consummans,
1785 4140 1988 4188 nostrae

416 4222 612 4278 salutis
669 4237 835 4277 causa
891 4232 1206 4292 susceptum
1264 4222 1534 4279 ineffabile
1573 4239 1734 4294 opus,
1778 4233 1988 4279 natum

416 4315 689 4371 transiliat
718 4315 866 4386 leges
898 4333 914 4370 :
948 4332 1261 4386 qttanquam
1306 4318 1417 4371 illic
1447 4331 1662 4388 quoque
1700 4318 1986 4373 formatio-

2086 3130 2181 3183 καὶ
2232 3129 2329 3199 τῆς
2364 3127 2520 3197 δόξης
2561 3125 2819 3180 ἀπόλαυε.
2850 3123 2931 3176 Τὰ
2983 3121 3210 3195 κλεῖθρα
3257 3117 3354 3173 καὶ
3386 3116 3549 3170 πύλαι
3598 3114 3661 3168 αῖ

2086 3221 2327 3290 ἄφυκται
2359 3217 2750 3288 συνετρίϐησαν
2768 3232 2783 3247 ·
2812 3218 2841 3269 ό
2890 3212 3170 3284 πειραθεὶς
3195 3211 3286 3265 τὸν
3315 3208 3514 3282 ρύστην
3540 3208 3665 3270 τοῖς

2088 3314 2282 3369 ἑαυτοῦ
2325 3312 2638 3366 συντάττειν
2689 3309 2955 3380 δεσμίοις,
2991 3306 3183 3376 ἐδέθη·
3242 3303 3302 3370 ιε
3357 3304 3506 3356 οῖκου
3545 3318 3658 3369 φυ-

2087 3406 2259 3475 λακῆς
2311 3406 2359 3457 οἱ
2416 3402 2781 3472 πεπεδημένοι
2835 3398 3177 3470 ἐξήχθησαν·
3238 3393 3506 3466 προῆλθεν
3591 3390 3667 3445 ἐκ

2086 3497 2265 3565 ταφῆς
2324 3494 2564 3565 ἀπαθὴς,
2595 3495 2624 3546 ὁ
2656 3493 2754 3565 τὴν
2796 3493 3009 3562 μήτραν
3052 3488 3238 3558 ἀπαθῆ
3284 3488 3341 3539 ἐν
3370 3485 3447 3556 τῷ
3482 3482 3664 3538 ἐλθεῖν

2086 3590 2329 3661 φυλάξας
2350 3604 2364 3617 ·
2398 3586 2585 3658 ὥσπερ
2638 3586 2960 3656 ἀρχόμενος,
3003 3581 3146 3636 οὕτω
3197 3580 3293 3633 καὶ
3318 3575 3563 3642 τελειῶν,
3597 3575 3664 3629 τὸ

2088 3683 2229 3753 ὑπὲρ
2282 3680 2441 3751 ἡμῶν
2490 3680 2873 3751 πανάφραστον
2913 3676 3094 3747 ἔργον,
3136 3675 3261 3737 τοὺς
3297 3672 3398 3743 τῆς
3442 3670 3665 3740 φύσεως

2088 3776 2282 3845 νόμους
2316 3772 2643 3843 ύπερπηδῶν
2664 3787 2679 3801 ·
2713 3771 2761 3823 εί
2798 3770 2894 3823 καὶ
2923 3769 3082 3839 τηρεῖ
3124 3766 3289 3820 κάκεῖ
3320 3766 3411 3817 τὸν
3463 3761 3666 3833 χρόνον

2088 3868 2187 3935 τῆς
2217 3866 2576 3926 διαπλάσεως,
2614 3864 2701 3918 ἵνα
2754 3863 2829 3933 μὴ
2857 3861 3126 3931 φαντάσαι
3175 3857 3307 3929 δόξῃ
3356 3854 3455 3925 τὴν
3484 3853 3668 3920 πρόσι-

2087 3958 2283 4026 ληψιν·
2321 3955 2595 4009 κάνταῦθα
2647 3953 2745 4025 τὴν
2802 3956 2862 4006 ἐν
2911 3952 3068 4019 τάφῳ
3130 3952 3427 4019 τριήμερον
3483 3960 3669 3998 κατα-

2088 4052 2300 4118 δέχεται
2351 4046 2551 4112 ξενίαν,
2583 4044 2843 4114 θειοτὲρῳ
2876 4040 3163 4111 μυστηρίῳ
3209 4036 3672 4103 διοικονομουμέ-

2089 4158 2206 4209 νην.
2238 4140 2392 4191 Δοκεῖ
2434 4136 2543 4206 γάρ
2578 4153 2689 4205 μοι,
2718 4134 2948 4205 τριπλῆς
2995 4130 3162 4201 οὒσης
3201 4128 3407 4193 τάξεως
3438 4126 3535 4194 τῆς
3564 4124 3666 4177 ἀν-

2090 4231 2366 4303 θρωπίνης
2401 4228 2566 4297 ζωῆς,
2629 4218 2804 4294 ἁφόὗ
2862 4225 2961 4293 τῆς
3015 4222 3270 4293 πατρίδος
3335 4218 3666 4290 ὴλάθημεν·

2091 4323 2186 4376 καὶ
2214 4322 2319 4375 τῶν
2356 4320 2453 4391 μὲν
2482 4317 2587 4389 πρὸ
2618 4316 2783 4387 νόμου
2804 4354 2823 4381 ,
2852 4315 2961 4368 τῶν
3006 4314 3062 4367 δὲ
3109 4315 3215 4368 ύπδ
3236 4312 3396 4381 νόμον
3418 4352 3433 4375 ,
3464 4308 3575 4361 τῶν
3602 4308 3669 4363 δὲ

416 4409 501 4464 nis
524 4416 744 4478 tempus
772 4384 978 4474 servet,
1014 4424 1079 4464 ne
1113 4384 1262 4465 inani
1300 4384 1517 4464 tantum
1554 4384 1737 4481 specie
1762 4426 1982 4466 carnem

2094 4413 2210 4487 μετ’
2242 4384 2468 4474 ἐκεῖνον,
2504 4384 2597 4463 καὶ
2632 4384 2731 4479 την
2772 4409 2829 4460 ιν
2861 4408 3050 4478 χάριτι
3074 4404 3218 4475 ζωὴν
3251 4401 3665 4471 ἀπολαχόντων,

414 4516 697 4557 assumere
752 4501 1035 4566 videatur;
1095 4499 1296 4570 hicque
1367 4500 1631 4556 triduana:
1692 4502 1989 4572 sepulturae

414 4593 737 4664 hospitium,
788 4608 1145 4662 moramque,
1194 4593 1449 4649 diviniori
1505 4594 1694 4663 utique
1756 4594 1990 4650 consilio

414 4689 816 4757 dispensatam,
853 4685 1129 4738 admittat.
1172 4683 1312 4737 Puto
1352 4683 1523 4746 enim,
1562 4698 1686 4738 cum
1737 4683 1988 4737 humana

415 4780 537 4832 vitae
569 4776 762 4847 triplex
792 4776 865 4831 sit
890 4783 1070 4829 status
1102 4789 1165 4828 ex
1210 4788 1277 4827 eo
1305 4781 1551 4843 tempore
1578 4788 1687 4843 quo
1714 4788 1780 4828 ex
1810 4775 1987 4843 patria

374 4876 379 4881 '
411 4868 569 4937 ejecti
598 4883 813 4931 sumus,
841 4884 904 4921 ac
929 4867 1018 4921 alii
1044 4864 1265 4935 quidem
1303 4865 1417 4934 lege
1467 4866 1699 4936 priores,
1750 4866 1842 4920 alii
1877 4866 1982 4922 sub

416 4962 549 5031 lege,
584 4960 673 5012 alii
704 4969 826 5028 post
856 4962 1031 5031 legem
1083 4974 1147 5013 ac
1174 4973 1292 5013 eam
1327 4972 1450 5027 qua:
1476 4966 1562 5013 est
1602 4959 1656 5012 in
1698 4959 1872 5028 gratia
1899 4959 1980 5014 vi-

413 5064 525 5106 tam
560 5054 842 5107 consecuti
881 5054 992 5106 sint
1030 5070 1044 5105 :
1086 5053 1288 5121 ipsum,
1316 5052 1409 5119 qui
1456 5052 1651 5106 salutis
1689 5052 1980 5106 universo-

413 5160 535 5199 rum
587 5160 752 5200 causa
803 5155 1034 5199 mortem
1085 5145 1238 5199 obire
1310 5144 1604 5213 elegisset,
1667 5143 1981 5198 triduanam

414 5238 617 5293 tnundo
643 5238 889 5294 initiasse
937 5238 1393 5293 resurrectionem
1443 5253 1595 5307 :quo
1646 5239 1844 5306 cuique
1886 5254 1981 5309 ge—

416 5330 564 5385 neris
587 5330 846 5401 portioni,
879 5333 993 5399 pari
1042 5347 1269 5387 numero
1298 5331 1529 5395 dierum,
1561 5331 1761 5400 quibus
1803 5330 1856 5383 in
1898 5334 1981 5385 in-

2089 4506 2181 4559 τδν
2234 4505 2373 4574 ὑπὲρ
2414 4503 2512 4571 τῆς
2557 4502 2775 4555 πάντων
2819 4498 3095 4567 σωτηρίας
3150 4497 3332 4549 θανεῖν
3377 4493 3670 4562 ἑλόμενον,

2086 4598 2383 4668 τριήμερον
2444 4593 2752 4663 ὲγκαινίσαι
2794 4592 2873 4663 τῷ
2936 4591 3127 4660 κόσμῳ
3182 4588 3281 4659 τὴν
3336 4588 3669 4651 ἀνάστασιν,

2086 4692 2291 4761 ἑκάστῃ
2328 4688 2491 4760 μοίρᾳ
2542 4687 2637 4740 τοῦ
2668 4686 2859 4754 γένους
2900 4685 3000 4755 τὴν
3040 4681 3357 4752 ἐλευθερίαν
3386 4680 3672 4749 ἐπισφρα-

2086 4780 2324 4849 γίζοντα,
2375 4780 2473 4845 τῆς
2515 4779 2718 4849 φθορᾶς
2766 4778 3012 4848 ὁμολόγῳ
3062 4777 3222 4846 μέρει
3270 4774 3369 4843 τῆς
3400 4772 3533 4843 πρὸς
3565 4770 3670 4824 τὸν

2091 4873 2223 4944 ᾅδην
2275 4870 2440 4924 αὑτοῦ
2474 4871 2846 4949 καταῦάσεως.
2883 4870 2945 4922 Ei
2978 4867 3034 4921 δέ
3072 4885 3149 4937 τῳ
3192 4866 3367 4936 φίλον,
3415 4863 3512 4918 καὶ
3555 4862 3669 4934 τὴν

2086 4958 2202 5016 οἷον
2239 4962 2332 5017 τοῦ
2372 4962 2562 5025 γένους
2593 4959 3035 5029 ἀναστοιχείωσιν
3059 4960 3138 5021 εἰς
3167 4957 3347 5009 αἰτίαν
3372 4953 3524 5023 ἄγειν
3553 4953 3665 5023 τῆς

2088 5051 2421 5120 Δεσποτικῆς
2481 5050 2845 5109 ἀναστάσεως,
2878 5049 2973 5100 καὶ
3027 5047 3118 5100 διὰ
3144 5046 3206 5098 τὸ
3236 5044 3441 5109 ταύτην
3496 5043 3663 5111 ἐνερ-

2091 5143 2363 5214 γουμένην
2395 5142 2500 5195 ὑπὸ
2549 5142 2646 5209 τῆς
2683 5137 3056 5208 τελεσιουργοῦ
3093 5138 3201 5190 τῶν
3229 5138 3365 5190 ὅλων
3406 5133 3666 5204 Τριάδος,

2090 5236 2235 5303 τρισὶ
2270 5231 2659 5286 καταλελύσθαι
2689 5231 2776 5282 τὸν
2806 5228 3033 5282 θάνατον
3081 5227 3184 5281 ὑπὸ
3232 5224 3325 5279 τοῦ
3384 5221 3664 5275 Δεσπότου

2088 5329 2195 5381 τῶν
2242 5328 2378 5380 ὅλων
2420 5325 2672 5395 ἡμέραις,
2709 5322 2827 5375 οὐδὲ
2862 5321 2931 5374 τὰ
2981 5322 3111 5391 παρ’
3142 5319 3297 5391 ἡμῶν
3323 5317 3403 5380 εἷς
3430 5332 3485 5368 τι
3515 5329 3670 5385 συμ-

1918 5487 2147 5543 NOTAE.

481 5582 592 5651 ('35)
628 5580 760 5636 Cum
816 5580 1043 5652 illehjant
1082 5585 1404 5652 requirendi:
1442 5583 1727 5637 incumbat.
1791 5583 1976 5635 Κατα-

2082 5583 2356 5651 interpres
2388 5586 2561 5651 mutat
2589 5578 2641 5651 in
2675 5576 3027 5639 ἀναστάντος.
3068 5573 3129 5628 in
3179 5573 3557 5651 sequentibus,
3591 5583 3665 5627 ac

414 5647 635 5715 στάντος
674 5655 752 5713 εις
794 5647 1159 5720 ἁναζήτησινξ
1208 5651 1499 5721 Perspicua
1533 5671 1597 5707 ac
1654 5653 1976 5707 auctoribus

2085 5655 2143 5705 ad
2180 5647 2338 5705 linem
2394 5650 2560 5703 multa
2593 5648 2995 5721 desiderantur.
3028 5660 3200 5717 eaque
3243 5647 3499 5706 illustria,
3522 5655 3652 5711 quae

417 5714 640 5795 probata
675 5724 909 5796 phrasis,
940 5714 1134 5793 liicquc
1163 5714 1521 5779 sensu'nixa:
1557 5726 1691 5779 male
1747 5723 1976 5791 proinde
2082 5738 2222 5779 nova
2250 5730 2581 5792 reprrescnto
2604 5735 2666 5777 es
2698 5720 2818 5777 cod.
2852 5714 3044 5789 Regio.
