4070 6210
273 273 393 337 113

1027 271 1310 332 ORATIO
1340 272 1446 334 XI.
1487 297 1557 310 -ο
1591 273 1675 336 ΙΝ
1714 273 2144 339 DOMINICAM
2180 279 2788 343 ASSUMPTIONEM.

3431 281 3532 348 114

271 387 491 458 φωνεῖν
523 385 908 442 άντικείσεται.
944 385 1067 447 Πῶς
1099 387 1193 441 οὖν
1222 389 1252 442 ὁ
1279 388 1430 458 φίλος
1460 390 1733 462 ἐγείρεται
1777 410 1866 446 τε·

1969 395 2123 451 ferno
2146 405 2320 452 morte
2348 398 2625 454 resolutus
2684 398 2998 464 mansisset,
3041 397 3352 456 libertatem
3401 401 3534 456 san-

272 482 568 553 ταρταίος,
601 480 760 551 είπερ
806 482 908 550 τῆς
949 483 1220 553 κοσμικῆς
1247 483 1743 554 ἁναστοιχειώσεως
1772 487 1867 538 καὶ

274 572 720 642 παλιγγενεσίας
747 571 918 635 τύπος
945 569 1015 644 ἦν
1059 573 1266 646 Ἰησοῦς
1292 578 1357 646 τῇ
1386 577 1507 630 κατ’
1535 575 1694 630 αὐτὸν
1732 577 1868 632 ἀνα·

273 663 515 729 ϐιώσεις
547 664 865 734 Διατρανοῖ,
911 663 995 717 ὅτι
1047 663 1230 720 πάλιν,
1249 667 1483 722 ἀνιστῶν
1529 667 1693 721 αὑτὸν
1716 669 1744 721 ὁ
1769 668 1865 738 δη-

276 754 639 826 μιουργήσας
668 755 765 808 καὶ
791 755 1046 825 φιλήσας,
1075 758 1155 820 είς
1181 757 1281 826 τὴν
1311 757 1575 830 ἐπίκηρον
1601 759 1865 826 ἐπανάγει

273 843 464 908 τάξιν,
493 845 562 914 ἢν
587 843 983 914 στοιχειῶδεσιν
1017 845 1325 916 ισαρίθμοις
1377 847 1572 916 ἀρχαῖς
1595 848 1756 911 αὐτὸς
1786 848 1865 901 δι-

271 935 540 999 ετάξατο.
567 933 813 1005 Προῆλθε
837 935 945 988 τῶν
967 936 1227 1004 ἀφεγγῶν
1255 937 1471 1006 χωρίων
1491 937 1552 990 τὸ
1580 938 1684 1008 πρὸ
1711 938 1864 1008 ἡλίου

270 1028 405 1093 φῶς
437 1027 792 1090 ὲξανατεῖλαν
823 1027 1142 1097 τριήμερον,
1190 1028 1287 1080 καὶ
1326 1027 1478 1082 λύσιν
1526 1029 1743 1083 αἰώνιον
1771 1031 1866 1083 καὶ

271 1117 464 1187 δῶρον
481 1119 510 1158 ιι
539 1117 846 1186 κατηφείας
888 1119 1212 1188 παρέσχετο.
1252 1121 1376 1179 Τοῖς
1407 1120 1506 1188 μὲν
1534 1121 1641 1190 γὰρ
1666 1121 1865 1174 ἔδωκεν

271 1207 457 1260 ἀΐδιον
484 1206 695 1260 πτῶσιν
724 1207 818 1261 καὶ
860 1209 1182 1278 κατήφειαν,
1210 1211 1329 1272 ταῖς
1355 1210 1748 1273 ἀποστατικαῖς
1771 1212 1863 1264 δυ-

273 1299 510 1369 νάμεσι,
542 1299 637 1352 καὶ
665 1300 777 1362 τοῖς
810 1300 922 1352 ὅσοι
951 1299 1088 1370 πρὸς
1133 1301 1332 1364 αὐτοὺς
1375 1300 1747 1368 ἀπονεύοντες,
1773 1301 1864 1355 τὸν

271 1391 515 1445 ἐλθόντα
564 1390 740 1443 σῶσαι
784 1390 1064 1460 Δεσπότην
1092 1392 1386 1459 ἐπιγνῶναι
1429 1393 1530 1446 οὐκ
1571 1392 1865 1464 ἠϐουλήθη.

274 1498 424 1536 σαν’
475 1482 606 1541 τοὺς
638 1480 696 1533 δὲ
739 1481 855 1534 ὅσοι
909 1481 999 1534 τὸν
1031 1481 1327 1553 εὐεργέτην
1382 1483 1640 1552 συνῆκαν,
1687 1482 1864 1554 ἑαυτῷ

281 1577 590 1646 συνήγειρέ
623 1592 683 1628 τε
714 1577 809 1629 καὶ
842 1576 1282 1646 κατελάμπρυνε.
1315 1578 1418 1630 Τὸν
1459 1578 1630 1646 Ἀδὰμ
1654 1579 1865 1630 ἀνεσώ-

281 1683 443 1719 σατοο
487 1669 550 1736 τῇ
589 1665 703 1737 Εὕα
730 1667 831 1736 τὴν
859 1666 1036 1738 λύπην
1073 1667 1307 1737 ἠμειψεν
1327 1669 1408 1732 είς
1436 1670 1604 1738 χαράν
1629 1684 1644 1700 ·
1677 1671 1859 1721 πᾶσαν

285 1752 379 1826 τὴν
407 1755 600 1809 κτίσιν
645 1757 1056 1828 ἐκαινοποίησεν
1080 1775 1095 1790 ·
1126 1758 1276 1812 οὐδὲν
1309 1761 1401 1812 ἐπὶ
1425 1760 1518 1814 τοῦ
1553 1759 1718 1813 αὑτοῦ
1757 1763 1856 1828 μὲ-

283 1868 391 1904 νειν
445 1850 683 1922 ἀφείθη,
754 1851 894 1921 πλὴν
945 1851 981 1905 ἃ
1037 1852 1135 1922 τὴν
1197 1853 1460 1905 Ἰουδαίων
1543 1851 1852 1922 στηλιτεύει

285 1940 484 2010 μανίαν
545 1941 884 2010 σφραγίδων.
924 1941 1024 1994 Διὰ
1082 1941 1240 1994 τοῦτο
1287 1943 1436 1995 πᾶσα
1485 1943 1520 2013 ἢ
1584 1943 1761 2006 κτίσις
1792 1943 1857 1996 τὸ

286 2034 551 2104 σωτήριον
575 2033 592 2072 ί
616 2033 951 2101 ἑορτάζουσα
969 2075 984 2097 ,
1019 2032 1142 2086 Ποῦ
1171 2048 1309 2098 σου,
1338 2033 1474 2100 ᾅδη,
1497 2033 1563 2086 τὸ
1585 2033 1858 2102 xcv-mor;

1971 487 2127 540 ciret.
2163 487 2261 542 Sin
2290 496 2469 543 autem
2513 491 2599 542 cui
2631 489 2863 559 placeat,
2894 499 2953 543 ut
2981 505 3100 544 eam
3145 491 3358 560 generis
3386 493 3535 548 velut

1966 594 2032 633 ex
2064 578 2370 642 elementis,
2404 593 2468 633 ac
2503 580 2733 649 primam
2783 580 3223 636 reformationem
3267 582 3322 636 in
3356 581 3535 638 Domi-

1968 670 2104 723 niraa
2151 685 2370 724 causam
2420 671 2842 726 resurrectionis
2889 673 3130 736 referat,
3183 682 3345 742 atque
3410 675 3534 731 ideo

1965 761 2115 822 velit,
2156 761 2318 814 trium
2345 761 2556 816 dierum
2585 764 2761 830 spatio
2799 763 2869 817 ab
2900 765 3274 820 universorum
3303 765 3534 822 Domino

1967 851 2342 905 labefactatam
2373 859 2622 916 mortem,
2652 853 2796 921 quod
2824 868 2966 916 eam,
2992 855 3366 909 universorum
3395 869 3534 910 con-

1966 943 2282 998 Summatrix
2312 943 2555 998 Trinitas
2586 942 2812 1012 peragit,
2867 959 2936 998 ne
2965 959 3030 998 ea
3075 944 3316 1015 quidem,
3347 960 3470 1016 qua:
3501 960 3532 1000 ιι

1967 1033 2126 1089 nobis
2160 1033 2304 1088 dicta
2359 1042 2509 1097 sunt,
2550 1033 2832 1088 adversari
2882 1035 3200 1104 comperiet.
3258 1035 3532 1101 Quorsum

1966 1141 2100 1196 ergo
2138 1127 2351 1182 amicus
2385 1126 2787 1194 quatriduanus
2817 1125 2887 1180 ad
2916 1127 3080 1180 vitam
3117 1134 3420 1190 revocatur,
3453 1128 3533 1180 si-

1965 1219 2181 1288 quidem
2212 1216 2371 1273 Jesus
2394 1233 2492 1272 sua
2540 1218 2966 1281 resurrectione,
3011 1217 3200 1272 mundi
3245 1219 3414 1273 totius
3445 1233 3534 1271 reo

1963 1308 2307 1363 formationis
2351 1323 2417 1363 ac
2448 1309 2872 1377 regenerationis
2896 1307 3063 1378 ﬁgura
3092 1307 3230 1362 fuit?
3260 1307 3530 1362 Nimirum

1963 1399 2226 1464 declarat,
2269 1415 2393 1454 cum
2438 1415 2560 1455 eum
2607 1415 2805 1454 rursus
2849 1399 3075 1453 Creator
3110 1413 3175 1453 ac
3216 1399 3425 1454 amicus
3463 1414 3527 1454 ex

1963 1488 2196 1543 mortuis
2241 1487 2496 1552 suscitat,
2548 1487 2616 1541 ad
2667 1486 2950 1542 mortalem
3005 1486 3170 1538 vitam
3228 1485 3527 1546 reducere.

1963 1593 2125 1647 quam
2152 1578 2268 1646 ipse
2298 1576 2519 1632 totidem
2550 1579 2836 1632 constituit
2867 1575 3292 1632 elementaribus
3320 1576 3525 1645 princi-

1965 1669 2090 1738 piis.
2115 1667 2386 1722 Processit
2421 1683 2454 1722 e
2508 1668 2642 1722 locis
2684 1668 2958 1732 obscuris,
3007 1665 3153 1736 quod
3202 1673 3328 1719 ante
3359 1665 3530 1720 solem

1961 1761 2142 1812 lumen
2200 1765 2448 1812 exortum
2487 1766 2614 1823 est,
2657 1760 3158 1828 setnpiternamque
3201 1771 3327 1810 cum
3381 1756 3532 1812 solu-

1962 1850 2194 1912 tionem,
2227 1857 2339 1901 tum
2370 1849 2624 1903 mceroris
2652 1849 2930 1903 vinculum
2961 1848 3215 1902 contulit.
3241 1845 3377 1902 Nam
3405 1846 3532 1902 aliis

1962 1937 2182 2006 quidem
2215 1938 2605 2008 sempiternam
2659 1941 2874 1993 ruinam
2916 1954 2980 1993 ac
3008 1939 3292 1993 tristitiam
3323 1938 3529 2004 intulit,

1963 2045 2155 2100 nempe
2186 2030 2587 2086 desertricibus
2619 2032 2918 2088 virtutibus
2938 2072 2954 2095 ,
2980 2045 3044 2084 ac
3079 2031 3124 2085 si
3155 2030 3248 2099 qui
3287 2030 3354 2084 iis
3381 2043 3530 2084 acce-

286 2123 523 2194 ἀναὸοᾷ,
577 2123 696 2177 ποῦ
745 2123 815 2176 δὲ
867 2123 933 2177 τὸ
968 2123 1139 2189 νῖκός
1183 2139 1321 2186 σου,
1351 2123 1600 2190 mirata;
1641 2125 1863 2194 Κατήρ-

1966 2120 2172 2180 dentes.
2207 2118 2540 2176 Salvatorem
2562 2135 2859 2190 agnoscere
2886 2121 3178 2175 noluerunt
3204 2137 3219 2185 ;
3252 2121 3374 2174 illos
3403 2133 3532 2173 vero

291 2231 488 2284 τηταις
521 2215 917 2276 καταλέλυται,
967 2216 1082 2282 μετ’
1111 2215 1244 2284 ἤχου
1293 2213 1560 2276 ἀπώλετο,
1591 2216 1657 2284 τῇ
1705 2214 1857 2284 θεῖκῇ

1966 2208 2054 2278 qui
2083 2207 2407 2262 beneﬁcium
2433 2216 2780 2278 receperunt,
2811 2222 2918 2262 una
2947 2223 3131 2263 secum
3160 2206 3528 2270 resuscitavit,

295 2303 513 2373 ὶξουσίᾳ
559 2302 654 2356 τοῦ
705 2303 870 2373 σαρκί
901 2302 1166 2366 παθόντος
1199 2305 1292 2356 καὶ¹
1317 2303 1577 2370 ταφέντος
1602 2302 1698 2357 καὶ
1727 2303 1860 2356 ἀνα-

1966 2315 2022 2354 ac
2069 2301 2358 2370 magniﬁce
2407 2301 2580 2367 gloria
2641 2302 2946 2355 exornavit.
2997 2298 3264 2354 Adamum
3318 2297 3532 2353 salvum

301 2395 512 2457 στάντος
537 2394 778 2464 Χριστοῦ
827 2393 923 2449 τοῦ
949 2393 1084 2449 Θεοῦ
1113 2395 1297 2466 ἡμῶν·
1323 2388 1367 2462 ᾧ
1399 2396 1432 2464 ἡ
1466 2393 1592 2459 δόξα
1629 2395 1710 2458 είς
1731 2394 1857 2458 τοὺς

1966 2392 2118 2458 fecit;
2156 2391 2280 2447 Eva:
2308 2392 2513 2445 luctum
2547 2393 2600 2446 in
2655 2391 2913 2460 gaudium
2948 2391 3344 2457 commutavit,
3375 2403 3530 2444 crea-

293 2483 506 2545 αἰῶνας.
560 2484 754 2554 Ἀμήν.

1966 2488 2110 2538 iuras
2137 2498 2330 2538 omnes
2378 2484 2742 2548 instauravit;
2785 2483 2924 2538 nihil
2968 2485 3023 2537 in
3073 2483 3246 2538 veteri
3275 2497 3339 2536 ac
3366 2481 3530 2536 obso-

284 2577 389 2628 leto
415 2583 565 2630 statu
603 2573 847 2644 reliquit,
880 2573 1120 2643 exceptis
1163 2571 1254 2635 iis,
1298 2588 1419 2642 quae
1473 2572 1784 2629 Judteorum
1852 2573 2092 2632 furorem
2153 2583 2210 2630 ct
2267 2575 2542 2630 vesaniam
2604 2583 2865 2645 perpetua
2930 2575 3226 2644 ignominia
3318 2580 3530 2628 notant.

281 2667 631 2736 Quapropter
655 2667 837 2719 omnis
866 2675 1116 2720 creatura
1150 2666 1402 2722 collatam
1436 2667 1722 2722 celebrans
1761 2668 1992 2722 salutem
2029 2684 2041 2720 :
2075 2666 2199 2734 Ubi,
2247 2667 2474 2736 inferne,
2542 2665 2790 2722 stimulus
2850 2667 3021 2721 tuus?
3055 2664 3325 2719 exclamat
3369 2682 3384 2719 :
3419 2663 3530 2730 ubi,

281 2774 449 2822 mors,
478 2756 704 2810 victoria
737 2765 830 2808 tua
848 2754 937 2807 '7?
969 2753 1187 2809 Abolita
1214 2761 1319 2818 est,
1346 2754 1608 2824 dissipata
1633 2763 1742 2821 est,
1801 2772 1922 2810 cum
1963 2757 2142 2811 sonitu
2177 2757 2358 2826 periit,
2408 2756 2591 2811 divina
2637 2755 2758 2826 ejus
2800 2756 3022 2814 virtute.
3089 2754 3181 2823 qui
3231 2769 3397 2809 carne
3435 2769 3534 2822 pro

280 2852 444 2906 nobis
473 2867 672 2922 passus
702 2858 807 2917 est,
846 2850 1220 2921 sepultusque,
1249 2865 1314 2906 ac
1344 2864 1377 2904 a
1420 2851 1654 2906 mortuis
1686 2851 2006 2916 suscitatus,
2036 2850 2296 2908 Christus
2331 2853 2472 2906 Deus
2539 2861 2749 2913 noster,
2809 2849 2897 2904 cui
2966 2846 3138 2918 gloria
3210 2847 3266 2901 in
3314 2845 3531 2902 saaculs.

280 2948 480 3002 Amen.

884 3081 1101 3138 ΛΟΓΟΣ
1159 3081 1258 3140 IA'.

289 3193 374 3264 Τῇ
411 3196 657 3288 πέμπτῃ
692 3195 805 3264 τῆς
839 3195 1021 3263 ἕκτης
1042 3194 1389 3287 ἑϐδομάδος,
1418 3203 1600 3282 λόγος
1638 3203 1726 3266 εὶς
1750 3199 1867 3266 τὴν

354 3267 545 3321 ἁγίαν
599 3266 942 3321 Arrunti-tr-
965 3268 1062 3321 ὅτε
1097 3266 1291 3321 ωέοων
1316 3286 1431 3321 την
1458 3288 1563 3321 του
1589 3271 1866 3321 πλάσμα.

354 3267 545 3334 ἁγίαν
583 3267 942 3335 Ἀνάληψιν·
965 3268 1062 3321 ὅτε
1095 3267 1291 3335 εοέρων
1316 3271 1431 3335 τὴν
1458 3267 1563 3324 τοῦ
1579 3267 1866 3338 suam.

354 3337 882 3415 ζοςματαλλαγῂν
912 3339 944 3391 ὁ
979 3338 1112 3402 Υἱὸς
1142 3336 1236 3415 ξῷ
1257 3339 1455 3406 "arpi,
1490 3340 1643 3415 μετὰ
1669 3341 1776 3415 τοῦ
1797 3341 1868 3415 ἐξ

357 3405 537 3473 ἡμῶν
578 3406 1048 3477 προσλήμματος
1072 3405 1197 3474 τοῖς
1237 3405 1542 3479 πατρικοῖς
1571 3410 1868 3481 ἐνεθρονί-

361 3477 484 3543 σθη
519 3477 793 3543 κόλποις.

1477 3637 1790 3710 (σοιιιιειηιε.
1831 3636 2056 3691 Auctor.
2089 3647 2144 3703 p.
2179 3628 2363 3697 ΠΗ).

369 3800 456 3874 Τῇ
490 3801 594 3874 μιν
628 3800 925 3858 ἀναστάσει
961 3799 1023 3855 τδ
1061 3799 1256 3870 θνητὸν
1297 3800 1605 3872 κατεπόθη·
1647 3802 1741 3855 καὶ
1768 3801 1868 3871 τῆς

297 3892 618 3965 ἀφθαρσίας
648 3892 833 3946 ὠδῖσιν
853 3891 1182 3963 ἀνεγεννήθη
1193 3909 1289 3963 μεν
1309 3909 1324 3925 ο
1347 3893 1442 3946 καὶ
1463 3891 1525 3945 τὸ
1543 3892 1665 3946 κατ’
1689 3893 1869 3946 εἰκόνα

296 3983 692 4049 ἀπολαϐόντες,
739 3985 866 4048 τοὺς
916 3984 1271 4055 δερματίνους
1325 3985 1558 4055 χιτῶνας
1601 3986 1872 4040 ἀπεδυσά-

302 4079 444 4147 μεθα
470 4091 487 4108 ⁶
533 4077 652 4131 νυνὶ
697 4075 742 4130 δ’
787 4077 883 4131 επὶ
932 4077 1120 4142 θείοις,
1151 4077 1397 4148 θειότερα
1438 4077 1644 4150 Ἰησοῦς
1671 4081 1700 4132 ὁ
1739 4079 1872 4149 ἐμὸς

296 4170 606 4240 χαρίζεται.
640 4168 802 4236 Μέγα
837 4170 937 4236 μὲν
972 4165 1088 4230 οὖν,
1115 4169 1208 4222 καὶ
1240 4169 1399 4223 θείων
1429 4169 1644 4238 ἀληθῶς
1666 4170 1873 4241 οἰκτιρ-

301 4261 419 4332 μῶν
482 4259 786 4330 ἀναστῆσαι
822 4259 950 4322 τοὺς
995 4259 1281 4325 πεσόντας,
1337 4260 1429 4314 καὶ
1481 4261 1875 4333 διαφθαρέντας

299 4351 636 4413 ἀναπλάσαι,
699 4351 794 4405 καὶ
846 4349 944 4420 τὴν
1001 4349 1230 4423 πρώτην
1285 4352 1576 4407 ἀποδοῦναι
1637 4354 1872 4424 μορφὴν,

296 4441 456 4495 οὐδὲν
507 4439 639 4511 παρ’
675 4439 836 4510 ἡμῶν
870 4439 1140 4495 λαὸόντα·
1171 4439 1293 4493 οὐδὲ
1341 4441 1449 4511 γὰρ
1478 4439 1875 4512 είσηνέγκαμέν

296 4551 376 4600 τι,
420 4530 540 4589 ἀλλ’
586 4532 755 4585 ἔδωκε
785 4532 854 4586 τὰ
889 4531 1035 4586 οὕτω
1083 4532 1296 4602 μεγάλα
1321 4532 1383 4586 οὐ
1431 4532 1591 4602 μόνον
1647 4535 1870 4603 προῖκα,

300 4627 442 4680 ἀλλὰ
465 4624 564 4679 καὶ
584 4624 782 4688 πόνους
803 4625 986 4688 αὐτὸς,
1013 4625 1101 4678 ἵνα
1125 4624 1224 4696 δῷ,
1267 4625 1584 4694 ὑπομείνας.
1623 4625 1869 4697 Ἐπρεπε

297 4718 414 4788 γὰρ
455 4717 533 4787 τῷ
575 4716 646 4772 δι’
687 4713 867 4772 οἶκτον
897 4717 1264 4788 ὕποστήσαντι
1293 4716 1460 4788 ἡμᾶς,
1498 4717 1558 4770 οὐ
1592 4717 1752 4788 μόνον
1777 4719 1872 4786 δη-

302 4811 644 4882 μιουργῆσαι
695 4809 977 4878 παλάμαις
1032 4808 1281 4874 οίκείαις,
1315 4808 1452 4862 ἀλλὰ
1494 4807 1590 4861 καὶ
1646 4809 1871 4863 παθόντι

299 4899 495 4964 κακῶς
526 4899 603 4970 τῷ
646 4899 1112 4970 δημιουργήματι,
1159 4899 1381 4963 οἰκείοις
1427 4897 1630 4966 ἀμῦναι
1673 4899 1866 4966 ἀγῶσι.

300 4993 423 5047 τίνι
457 4991 568 5064 γάρ
594 4991 661 5046 ἂν
686 4990 922 5061 τοσαύτη
957 4991 1189 5061 πάρεστι
1228 4990 1544 5060 κηδεμονία,
1589 4991 1688 5060 ὅση
1730 4989 1869 5059 ὑπὲρ

302 5081 397 5134 τοῦ
427 5081 561 5134 ἰδίου
588 5080 902 5151 πλάσματος
929 5079 1007 5152 τῷ
1039 5079 1400 5150 Δημιουργῷς
1434 5081 1496 5133 τὸ
1521 5081 1567 5133 δ’
1601 5083 1663 5134 ού
1713 5081 1873 5150 μόνον

304 5177 521 5245 ἐγεῖραι
548 5171 806 5234 πεσόντα,
829 5171 965 5226 ἀλλὰ
993 5172 1087 5228 καὶ
1115 5172 1400 5244 σύνθρονον
1426 5173 1602 5242 ἑαυτῷ
1626 5173 1870 5240 ποιῆσαι,

307 5266 480 5318 ποίων
522 5262 868 5334 σπλάγχνων,
915 5264 947 5336 ἢ
980 5264 1139 5325 ποίας
1187 5263 1547 5333 κηδεμονίας;
1586 5266 1650 5316 '0
1687 5264 1749 5334 δὴ
1782 5266 1877 5333 σήο

2544 3074 2803 3136 ORATIO
2839 3075 2911 3131 XI

1976 3199 2162 3256 Oratio
2203 3197 2341 3267 feria
2391 3195 2576 3264 quinta
2624 3203 2784 3267 sextae
2810 3185 3161 3267 je‘bdomadw
3295 3191 3531 3267 san-ctam

2045 3253 2469 3336 Assumptioném
2501 3279 2520 3318 :
2558 3261 2767 3334 quando
2800 3259 2976 3336 ilius
3006 3256 3349 3336 reconciliata
3386 3253 3532 3336 Patri

2042 3326 2271 3401 homine,
2299 3351 2416 3390 cum
2456 3326 2614 3389 carne
2632 3348 2696 3388 ea:
2723 3332 2871 3387 nobis
2901 3337 3198 3397 assumpta,
3229 3326 3286 3379 in
3318 3333 3535 3394 paterno

2043 3412 2164 3466 sinu
2190 3407 2481 3464 collocatus
2505 3415 2606 3459 est.

2043 3792 2258 3850 Domini
2291 3785 2700 3846 resurrectione
2753 3782 3074 3854 absorptum
3099 3786 3187 3837 est
3217 3777 3359 3850 quod
3394 3793 3540 3834 mor-

1973 3887 2084 3942 tale
2133 3891 2274 3948 erat,
2320 3897 2385 3938 ac
2431 3875 2859 3936 immortalitatis
2886 3884 3044 3946 partu
3079 3872 3254 3927 renati
3306 3883 3538 3926 sumus:

1975 3978 2292 4048 divinaque,
2321 3973 2386 4028 ad
2413 3985 2577 4043 quam
2605 3968 2885 4024 fueramus
2925 3965 3154 4030 conditi,
3189 3963 3424 4033 imagine
3456 3975 3542 4016 re-

1975 4079 2154 4142 cepta,
2181 4067 2436 4139 pelliceas
2469 4063 2686 4117 tunicas
2715 4060 2969 4114 exuimus
3003 4074 3017 4112 :
3047 4063 3104 4111 at
3134 4069 3282 4110 nunc
3324 4051 3540 4107 abunde

1970 4163 2170 4219 divinis
2234 4159 2501 4215 diviniora
2559 4153 2790 4225 largitur
2843 4166 3001 4206 meus
3051 4148 3230 4204 Jesus.
3285 4145 3540 4216 Magnum

1972 4254 2216 4326 quidem,
2250 4265 2312 4305 ac
2359 4248 2598 4304 divinam
2633 4245 2837 4300 decens
2877 4239 3332 4299 misericordiam,
3359 4237 3540 4305 lapsos

1971 4349 2255 4410 erexisse,
2311 4347 2710 4410 corruptosqne
2765 4333 3132 4395 reiormasse,
3183 4345 3248 4383 ac
3305 4330 3540 4396 priorem

1971 4436 2278 4492 reddidisse
2306 4433 2562 4491 formam,
2587 4442 2710 4482 cum
2746 4426 2878 4479 nihil
2905 4425 3022 4494 ipse
3046 4437 3077 4476 a
3105 4421 3266 4476 nobis
3293 4417 3540 4486 accepis-

1898 4513 1952 4574 D
1976 4534 2081 4590 set,
2111 4539 2286 4594 neque
2318 4522 2461 4578 enim
2497 4519 2790 4590 quidquam
2823 4513 3232 4569 contuleramus
3265 4527 3278 4562 :
3307 4507 3403 4562 sed
3441 4506 3539 4560 do-

1971 4620 2122 4675 navit
2146 4617 2286 4672 adeo-
2311 4615 2597 4676 immensa,
2619 4625 2730 4665 non
2759 4607 2921 4663 modo
2944 4603 3136 4678 gratis,
3154 4616 3342 4657 verum
3374 4600 3534 4654 etiam

1971 4727 2094 4768 cum
2122 4710 2319 4765 multos
2340 4708 2460 4777 ipse
2489 4706 2723 4768 labores,
2757 4701 3014 4764 daturus,
3037 4695 3392 4754 exantlasset.
3434 4690 3533 4745 Par

1971 4806 2116 4862 enim
2147 4809 2264 4858 erat
2298 4811 2359 4856 ut
2393 4801 2485 4870 qui
2521 4795 2898 4853 misericordia
2947 4799 3128 4846 motus
3166 4784 3534 4846 condidisset,
3565 4783 3572 4792 '

1973 4912 2082 4952 non
2129 4894 2293 4950 modo
2333 4892 2567 4964 propriis
2602 4889 2855 4944 manibus
2900 4899 3001 4940 nos
3047 4887 3297 4944 crearet,
3357 4875 3452 4931 sed
3486 4883 3533 4930 et

1974 4988 2288 5058 ﬁgmentum
2341 4983 2482 5038 male
2533 4979 2785 5034 aﬁ‘ectum
2835 4975 2953 5032 suis
2995 4973 3113 5041 ipse
3146 4965 3534 5025 certaminibus

1975 5077 2248 5131 liberaret.
2284 5072 2544 5140 Quisnam
2567 5070 2710 5124 enim
2743 5074 2947 5121 tantam
2970 5075 3158 5118 curam
3188 5067 3337 5131 agat,
3366 5070 3533 5127 quan-

1975 5183 2086 5227 tam
2123 5170 2359 5242 ﬁgmenti
2397 5168 2508 5238 agit
2533 5162 2842 5221 Conditor?
2891 5159 3133 5229 Lapsum
3197 5163 3376 5208 autem
3427 5164 3534 5242 non

1979 5264 2142 5319 modo
2165 5239 2401 5332 erigere,
2427 5259 2522 5316 sed
2554 5267 2607 5312 et
2638 5257 2694 5310 in
2725 5252 2916 5310 eodem
2960 5263 3148 5306 secum
3187 5246 3386 5300 throno
3419 5239 3535 5332 col-

311 5370 479 5425 μερον
525 5355 555 5408 ὸ
606 5331 902 5426 μονογενὴς
936 5331 1063 5418 "me
1107 5331 1415 5428 ἐκπληρῶν,
1454 5355 1628 5409 λείπει
1658 5331 1755 5427 μὲι
1782 5331 1866 5427 an

1982 5356 2184 5419 locare,
2209 5331 2444 5424 quorum
2471 5351 2598 5422 quis
2625 5347 2897 5402 viscerum
2939 5357 3006 5397 ac
3035 5333 3422 5396 sollicitudinis
3446 5331 3532 5388 di-

385 5532 428 5562 ⁸⁷
463 5528 482 5584 Ι
522 5527 656 5585 Cor.
707 5546 798 5596 xv,
833 5529 924 5585 55.

1644 5639 1878 5700 VARUE
1907 5637 2305 5696 LECTIONES.

383 5730 410 5774 λ·
439 5733 566 5807 ch.
602 5734 819 5790 δεσιιόν.
903 5745 916 5774 ι
958 5733 1042 5790 ia.
1073 5734 1278 5805 πάσχα.
