3952 6210
494 254 597 320 115

1748 261 2022 323 LEONIS
2061 262 2521 326 PHILOSOPlll

3624 258 3737 321 116

494 367 619 421 cat?
650 366 703 420 ld
738 365 899 421 hodie
940 367 1257 437 unigenitus
1297 367 1390 423 Dei
1426 368 1596 423 Filius
1644 370 1877 440 implens
1902 410 1917 434 ,
1954 379 2061 425 ter-

2190 376 2308 427 ιετά
2347 376 2454 429 τῶν
2477 375 2629 427 κάτω
2669 374 2744 436 ὡς
2782 372 3066 443 ἄνθρωπος
3094 368 3537 445 συναναστροφὴν
3560 385 3574 398 ·
3602 371 3743 439 πρὸς

494 465 724 511 restrem
760 458 1003 525 quidem,
1030 475 1127 529 pro
1157 460 1397 514 humana
1431 462 1657 523 ratione,
1692 464 2065 517 conversatio-

496 566 617 604 nem
675 551 974 619 relinquit;
1038 552 1289 606 ascendit
1339 566 1468 605 vero
1525 553 1590 606 ad
1652 552 1864 607 Patrem
1904 593 1919 612 .
1969 555 2064 623 qui

495 642 775 706 misisset,
816 641 979 710 eique
1015 643 1324 711 primitias,
1370 658 1437 697 ac
1486 660 1593 713 quo
1643 647 2065 712 reconcilietur,

494 752 657 805 quam
683 752 747 790 ex
784 739 943 792 nobis
969 752 1187 791 carnem
1220 738 1491 801 induerat,
1514 738 1690 794 ollert.
1721 739 1891 795 liodie
1919 756 2070 794 nam-

498 842 605 895 que
637 826 816 896 pulvis
853 839 1041 883 noster
1076 844 1240 895 supra
1283 826 1719 883 Cherubinorum
1768 831 2068 900 suscipitur

497 918 780 981 humeros,
828 920 1081 989 intraque
1120 919 1310 972 intima
1362 930 1619 990 receptus
1664 922 1848 994 adyta,
1901 926 2068 994 regali

498 1010 637 1064 solio
666 1011 989 1065 collocatur.
1037 1010 1209 1065 Hodie
1256 1027 1505 1082 supernae
1530 1013 1795 1081 Virtutes,
1838 1016 2067 1069 formam

498 1103 744 1157 videntes
787 1104 1028 1156 materiae
1064 1116 1399 1168 concretam,
1448 1106 1605 1174 quasi
1644 1106 1812 1161 dorso
1850 1108 2069 1176 spirita-

506 1195 635 1248 lium
660 1210 723 1248 ac
754 1198 1058 1263 expertium
1078 1209 1309 1264 corpore
1326 1196 1617 1256 invectam.
1642 1196 1850 1250 Domini
1878 1208 2069 1251 aucto-

502 1288 663 1340 ritate
718 1287 771 1339 in
834 1287 1089 1339 otelestes
1142 1286 1525 1341 ascendentem
1577 1303 1709 1342 axes
1740 1328 1754 1350 ,
1804 1290 2072 1357 ancipites

502 1379 691 1441 animi,
725 1378 985 1445 quidnam
1018 1378 1119 1430 hoe
1146 1387 1312 1441 esset,
1358 1378 1702 1432 haesitarunt.
1738 1378 1913 1434 Ilodie
1951 1380 2072 1434 Sal-

502 1476 694 1529 vatur,
745 1476 1034 1537 postquam
1094 1469 1382 1539 discipulis
1437 1470 1489 1523 in
1545 1480 1730 1525 monte
1794 1472 2071 1526 Olivarum

503 1559 669 1611 verba
701 1572 959 1626 suprema
992 1558 1232 1611 humano
1270 1575 1422 1614 more
1454 1560 1711 1623 fecisset,
1754 1562 1934 1615 divina
1976 1577 2072 1631 po-

506 1659 700 1705 testate
734 1654 801 1704 ah
832 1652 912 1705 eis
954 1652 1005 1704 in
1051 1652 1249 1705 malum
1282 1655 1531 1708 evolavit.
1556 1654 1879 1719 Enimvero,
1916 1672 2074 1711 assu-

505 1756 659 1794 mens
692 1740 940 1793 Salvator
972 1742 1293 1809 discipulus,
1327 1758 1431 1795 una
1460 1760 1584 1797 cum
1622 1747 1700 1799 eis
1743 1747 1985 1801 ascendit
2020 1750 2072 1802 in
2108 1734 2147 1786 Β

508 1841 743 1884 montem
779 1830 1057 1885 Olivarum
1096 1852 1108 1885 :
1139 1834 1282 1902 quod
1314 1835 1568 1888 nimirum
1597 1853 1755 1891 mons
1782 1837 1870 1893 ille
1896 1854 2073 1900 sacer,

506 1920 657 1975 locus
705 1939 826 1976 esse
864 1925 1242 1978 consuevisset
1266 1967 1280 1990 ,
1325 1927 1414 1979 ubi
1445 1925 1606 1981 Jesus
1646 1944 1809 1995 opera
1847 1944 2075 2000 quzeque

505 2017 843 2070 abstrusiora
892 2018 1219 2084 designaret.
1258 2022 1325 2071 At
1360 2022 1574 2074 videtur
1612 2022 1743 2075 mihi
1807 2024 1907 2076 hoc
1942 2040 2077 2094 pra:-

506 2112 651 2160 terea
688 2122 787 2161 suo
822 2108 965 2159 facto
996 2108 1236 2162 voluisse
1258 2149 1271 2170 ,
1306 2110 1642 2164 sublimioris
1676 2113 1963 2179 cujusdam
1996 2114 2077 2166 vi-

503 2198 661 2252 vendi
694 2200 929 2269 {rationis
973 2200 1316 2271 disciplinam
1341 2242 1356 2266 ,
1396 2204 1707 2257 mortalium
1759 2205 1956 2260 animis
1990 2206 2076 2258 in-

502 2292 766 2346 scribere.
795 2291 950 2345 Nulla
983 2293 1125 2346 enim
1150 2300 1233 2346 est
1257 2293 1461 2346 Christi
1500 2292 1804 2347 Salvatoris
1826 2296 1991 2357 actio,
2022 2296 2074 2350 in

504 2399 609 2452 qua
640 2399 746 2437 non
787 2384 1089 2452 spiritalior
1122 2384 1476 2453 intelligentia
1540 2399 1603 2437 ac
1655 2401 1851 2440 sensus
1895 2388 2076 2441 lateat.

504 2474 643 2540 Quid
676 2474 840 2543 igitur
870 2474 1134 2527 doctrina:
1165 2473 1255 2527 hic
1278 2474 1434 2528 nobis
1454 2475 1871 2541 praescribitur?
1898 2475 2064 2530 Vide-

510 2568 638 2620 licet
670 2581 766 2620 eos
801 2566 892 2633 qui
939 2580 1102 2634 regna
1134 2566 1378 2619 coelestia
1416 2568 1677 2619 scandere
1717 2569 2073 2635 desiderant,

505 2656 701 2711 debere
739 2657 944 2709 caduca
974 2656 1086 2709 haec
1111 2664 1165 2709 et
1205 2656 1431 2709 humilia
1475 2656 1863 2711 transcendere
1886 2702 1901 2723 ,
1935 2671 1988 2712 et
2020 2661 2075 2713 in

507 2748 675 2803 altum
712 2748 935 2801 virtutis
962 2746 1079 2800 sine
1116 2746 1522 2801 intermissione
1554 2747 1685 2801 eniti
1736 2757 1789 2803 ct
1833 2750 2125 2807 subvolare

2168 467 2224 519 δὲ
2276 467 2365 519 τὸν
2418 465 2814 518 ἀποστείλαντα
2865 462 3146 517 ἀναϐαίνει
3195 462 3432 530 Πατέρα,
3486 461 3744 530 ἀπαρχὴν

2168 557 2316 627 αὐτῷ
2367 558 2460 610 καὶ
2507 556 2959 626 διαλλακτήριον,
3008 556 3074 624 ἣν
3133 552 3192 617 ἐξ
3238 552 3393 622 ἡμῶν
3449 550 3747 621 ἐξεφόρεσε

2170 651 2366 717 σάρκα,
2404 652 2605 720 φέρων.
2653 650 2898 719 Σήμερον
2948 647 3058 718 γὰρ
3111 644 3429 715 ὁὴμέτερος
3474 644 3602 713 χοῦς
3654 645 3753 698 ἐπ’

2170 741 2335 811 ὤμων
2384 741 2825 811 ἀναλαμϐάνεται
2871 739 3169 809 Χερουϐὶμ,
3212 738 3305 790 καὶ
3336 736 3443 788 τῶν
3473 737 3755 789 ἐνδοτάτω

2171 834 2694 903 παραπετασμάτων
2756 831 3047 901 γενόμενος
3099 830 3173 900 τῷ
3231 827 3491 899 βασιλικῷ
3532 828 3756 899 ἐνιδρύ-

2171 942 2317 978 νεται
2371 925 2565 995 θρόνῳ.
2616 925 2861 997 Σήμερον
2922 924 2978 977 αἱ
3038 923 3150 976 ἀνω
3211 921 3477 989 Δυνάμεις
3537 920 3752 990 ὁρῶσαι

2176 1015 2389 1085 μορφὴν
2427 1014 2610 1067 ἔνυλον
2656 1016 2746 1067 ἐπί
2784 1014 2970 1070 νώτων
3005 1011 3373 1081 ἐποχουμένην
3397 1011 3599 1075 ἀΰὶων,
3650 1012 3754 1063 καὶ

2172 1108 2509 1168 δεσποτικῶς
2557 1109 2693 1180 πρὸς
2752 1109 2851 1171 τὰς
2880 1106 3284 1177 ὑπερκοσμίους
3329 1104 3585 1156 ἀνιοῦσαν
3616 1105 3752 1173 ἀψῖ-

2172 1200 2287 1264 δας,
2322 1198 2400 1260 εἰς
2426 1198 2629 1266 ἄπορον
2666 1198 3033 1267 περιίσταντο.
3075 1195 3323 1264 Σήμερον
3355 1197 3381 1245 ὁ
3409 1193 3598 1263 Σωτὴρ
3634 1196 3754 1257 τοῖς

2177 1289 2439 1358 μαθηταῖς,
2486 1291 2541 1341 ἐν
2570 1289 2686 1360 ὄρει
2725 1289 2831 1341 τῶν
2870 1288 3095 1341 Ἐλαιῶν
3119 1328 3132 1349 ,
3159 1286 3227 1338 τὰ
3284 1286 3489 1337 ὕστατα
3540 1288 3612 1347 ὡς
3658 1285 3754 1337 ἀν-

2176 1381 2389 1451 θρωπος
2417 1380 2649 1450 ὁμιλῶν,
2696 1382 2902 1450 ἀνέπτη
2935 1379 2946 1429 i
2994 1380 3086 1432 ἀπ’
3122 1379 3323 1441 αὐτῶν,
3368 1378 3442 1439 ὡς
3473 1379 3616 1441 Θεὸς,
3664 1382 3747 1439 εἰς

2174 1474 2427 1543 οὐρανόν.
2473 1474 2633 1526 Ἀλλὰ
2666 1475 2774 1542 γὰρ
2810 1472 3227 1543 παραλαμϐάνει
3259 1473 3384 1530 τοὺς
3428 1471 3665 1540 μαθητάς
3711 1472 3739 1521 ὁ

2176 1564 2385 1634 Σωτὴρ,
2425 1565 2518 1618 καὶ
2543 1566 2747 1618 ἄνεισιν
2787 1567 2865 1627 εἰς
2894 1565 2951 1615 τὸ
2990 1564 3114 1633 ὅρος
3141 1562 3249 1614 τῶν
3292 1561 3517 1613 Ἐλαιῶν
3543 1579 3555 1591 .
3587 1562 3740 1613 τοῦτο

2180 1655 2297 1723 μὲν,
2337 1657 2417 1708 ὅτι
2455 1658 2629 1708 ἐκεῖνο
2656 1657 2714 1707 τὸ
2748 1657 2890 1725 ίερὺν
2930 1654 3055 1723 ὅρος
3078 1654 3184 1705 τῶν
3211 1654 3625 1723 μυστικωτὲρων
3652 1654 3745 1723 ἐρ-

2178 1764 2287 1813 γων
2330 1748 2498 1817 Ἰησοῦ
2523 1748 2716 1816 χωρίον
2761 1749 2961 1800 εἴθιστο
3002 1747 3289 1813 γίνεσθαι·
3336 1747 3456 1811 ἐμοὶ
3481 1745 3535 1796 δὲ
3580 1746 3749 1807 δοκεῖ,

2176 1837 2385 1905 ὑψηλῆς
2440 1839 2714 1901 πολιτείας
2754 1841 2844 1891 καὶ
2882 1839 2968 1891 διὰ
3004 1838 3196 1890 τούτου
3225 1837 3465 1905 δόγματα
3494 1838 3613 1898 ταῖς
3644 1836 3756 1887 τῶν

2178 1930 2482 1999 ἀνθρώπων
2505 1932 2798 2000 ἐγγράφων
2829 1930 3047 2000 ψυχαῖς.
3082 1932 3322 1999 Οὐδεμία
3349 1931 3449 2000 γὰρ
3480 1930 3757 1998 σωτήριος

2179 2024 2398 2093 πρᾶξις,
2431 2026 2485 2075 ἐν
2562 2025 2681 2094 οὐχὶ
2712 2025 2912 2095 θεωρία
2947 2027 3327 2095 μυστικωτέρα
3358 2024 3751 2092 ἐγκέκρυπται.

2179 2118 2243 2169 Τί
2294 2113 2386 2170 οὖν
2418 2116 2666 2169 ἐντεῦθεν
2714 2117 2995 2179 παιδεύει;
3045 2118 3253 2188 Χρῆναι
3302 2119 3425 2179 τοῦς
3474 2118 3585 2168 ὅσοι
3640 2114 3756 2167 τῶν

2182 2210 2445 2276 οὐρανίων
2495 2208 2698 2277 ἀψίδων
2753 2209 3054 2261 ἐπιϐαίνειν
3115 2209 3296 2279 ἔρωτα
3351 2210 3569 2278 ἔχουσι,

2183 2300 2475 2370 περιγείων
2523 2301 2615 2352 καὶ
2668 2300 3022 2369 χαμαιζήλων
3062 2301 3316 2371 ὑπεράνω
3356 2299 3628 2367 γενέσθαι,
3664 2297 3764 2350 καὶ

2184 2392 2289 2460 ὕψη
2328 2391 2619 2461 βεδηκέναι
2644 2392 2741 2460 τῆς
2766 2392 2965 2463 ἀρετῆς
2998 2408 3009 2420 ⁸
3041 2393 3273 2462 μάλιστα
3304 2393 3398 2461 μὲν
3423 2394 3511 2443 διὰ
3538 2389 3765 2453 παντὸς,

2181 2483 2305 2535 εἰδὲ
2336 2484 2513 2551 μήγε,
2569 2482 2682 2535 ἀλλ’
2714 2479 2805 2536 οὖν
2834 2501 2896 2551 γε
2926 2486 3052 2546 τοὺς
3082 2485 3188 2537 ἀπὸ
3217 2485 3308 2537 τοῦ
3340 2483 3572 2551 γεώδους
3610 2482 3768 2549 οἰκηο

2182 2574 2370 2644 τηρίου
2408 2574 2718 2645 ἀποδημίαν
2770 2577 3147 2647 ποιουμένους,
3193 2576 3350 2647 εἴπερ
3400 2574 3583 2644 μέλλοι
3629 2574 3766 2642 ἡμῖν

2186 2665 2558 2734 ἀποδημοῦσιν
2581 2665 2758 2729 καλῶς
2790 2665 2955 2737 ἔχειν.

3644 2207 3759 2257 τῶν

2169 2772 2183 2808 :
2239 2756 2318 2809 sin
2352 2756 2554 2820 minus,
2601 2767 2656 2811 at
2720 2767 2869 2813 certe
2944 2773 3038 2813 eos
3080 2758 3173 2826 qui
3255 2772 3284 2810 a
3333 2755 3577 2811 terrestri
3657 2754 3768 2808 isto

509 2842 826 2912 emigraturi
870 2852 997 2896 sunt
1026 2841 1421 2904 tabernaculo;
1460 2840 1727 2910 siquidem
1752 2856 1900 2897 cura:
1923 2844 2084 2900 nobis
2124 2847 2233 2911 sit,
2267 2864 2391 2902 cum
2424 2849 2553 2903 hinc
2595 2850 2973 2920 emigrandum
3009 2850 3153 2911 erit,
3183 2850 3319 2903 bene
3386 2848 3544 2902 nobis
3617 2862 3767 2901 esse.

581 2934 759 2990 Vultis
776 2945 835 2989 ut
860 2944 913 2989 et
942 2948 1231 2987 numerum
1262 2932 1475 2987 dierum
1498 2932 1916 3001 expendamus?
1942 2932 2081 2989 Puto

511 3029 657 3084 enim
686 3042 792 3081 nou
819 3029 1086 3096 ingratam
1122 3024 1426 3095 spiritalem
1462 3039 1654 3079 eorum
1680 3026 2083 3081 consideratio-

2261 2938 2523 2992 Βούλεσθε
2563 2940 2655 2993 καὶ
2689 2942 2816 3011 περὶ
2853 2940 2946 2993 τοῦ
2993 2940 3101 2993 τῶν
3129 2940 3348 3009 ἡμερῶν
3374 2936 3605 3007 ἀριθμοῦ
3634 2938 3779 2991 θεω-

2192 3033 2446 3101 ρήσωμεν
2472 3027 2671 3101 ;Οἷμαι
2694 3032 2801 3101 γὰρ
2822 3032 2921 3085 οὐκ
2939 3032 3103 3102 ἄχαρι
3130 3034 3239 3093 τοῖς
3262 3030 3774 3101 θεωρητικωτὲροις

516 3134 638 3173 nem
674 3118 741 3172 iis
780 3117 915 3179 fore,
955 3116 1047 3186 qui
1090 3116 1329 3185 penitius
1366 3116 1496 3169 talia
1548 3114 1908 3184 introspicere
1953 3131 2086 3170 con-

2190 3121 2337 3185 δόξαι
2385 3122 2455 3173 τὰ
2499 3122 2903 3191 τεθεωρημένα.
2949 3120 3088 3189 Ἐγὼ
3118 3122 3223 3192 γὰρ
3258 3124 3353 3191 οὐχ
3393 3121 3577 3183 ἁπλῶς
3623 3120 3777 3174 οὕτω

518 3217 835 3266 sueveruut.
862 3206 1049 3277 Neque
1072 3207 1216 3261 enim
1252 3206 1325 3259 ita
1354 3214 1580 3269 temere,
1610 3221 1672 3259 ac.
1702 3207 1851 3259 nulla
1883 3208 2094 3262 ratione

523 3304 733 3367 habita,
762 3318 885 3357 eum
923 3316 1214 3355 numerum
1245 3300 1485 3353 arbitror
1529 3299 1813 3354 Dominum
1857 3301 2095 3369 comple-

519 3398 687 3461 visse,
724 3410 827 3449 nec
846 3395 953 3449 nisi
990 3408 1195 3447 arcano
1226 3408 1290 3445 ac
1317 3391 1604 3446 secretiori
1634 3392 1885 3454 consilio,
1911 3394 2094 3446 statim

520 3497 801 3543 transacto
830 3488 922 3539 illo
945 3487 1156 3540 dierum
1193 3499 1447 3547 numero,
1469 3484 1639 3538 caelos
1672 3484 1916 3552 petiisse.
1954 3482 2094 3549 Quid

518 3594 650 3649 ergo
689 3576 961 3631 dicimus?
984 3574 1279 3640 Nimirum,
1312 3573 1557 3628 videmus
1588 3573 1757 3643 legem
1787 3572 2094 3627 futurorum

520 3674 722 3727 habere
742 3674 1049 3741 unaginem,
1075 3684 1137 3723 ac
1160 3684 1279 3739 quae
1296 3674 1441 3723 statu
1474 3682 1573 3722 suo
1596 3705 1611 3731 ,
1632 3677 1834 3721 statum
1858 3667 1934 3720 illi
1971 3682 2097 3722 suc.

521 3764 819 3819 cedaneum
863 3764 930 3817 iis
981 3770 1336 3831 repraesentet
1401 3770 1564 3829 atque
1599 3760 1957 3823 demonstret,
2002 3761 2096 3828 qui

523 3863 757 3909 mentem
780 3854 937 3923 plane
954 3862 1284 3907 excaecatam
1310 3867 1417 3905 non
1440 3852 1657 3905 habent.
1681 3850 1818 3905 Cum
1841 3866 1969 3920 ergo
2012 3851 2098 3904 lex

523 3948 653 4009 illis,
676 3948 769 4015 qui
787 3962 851 3999 ex
874 3944 1354 4013 corruptionenati
1378 3944 1613 4005 fuerant,
1632 3958 1727 4011 per
1748 3944 1891 3995 hunc
1910 3957 2099 3996 nume-

524 4054 646 4092 rum
673 4049 931 4107 tanquam
965 4051 1061 4105 per
1092 4050 1310 4089 sacrum
1342 4033 1632 4102 quemdam
1667 4034 2097 4088 introductoretn

523 4146 591 4186 ac
613 4130 869 4185 :edituum
895 4169 911 4193 ,
943 4128 1150 4180 aditum
1174 4125 1242 4179 ad
1277 4133 1466 4179 sancta
1490 4124 1815 4179 concederet
1842 4138 1905 4177 ac
1946 4134 2100 4193 pate-

524 4222 727 4278 faceret
762 4241 775 4275 :
809 4219 936 4273 hinc
959 4218 1125 4273 etiam
1153 4217 1255 4271 hoc
1280 4231 1512 4270 numero
1569 4216 1783 4270 dierum
1816 4215 2097 4279 absoluto,

522 4314 776 4370 Christus
828 4310 1231 4383 primogenitus
1285 4325 1349 4364 ex
1403 4308 1635 4362 mortuis
1682 4306 1896 4374 factus,
1937 4323 2000 4362 ac
2041 4307 2102 4361 ti-

522 4415 741 4481 gmento
778 4403 1245 4460 immortalitatem
1298 4400 1560 4465 initians,
1607 4401 1659 4455 in
1705 4401 2099 4470 superetnleste

524 4515 687 4557 suum
714 4498 978 4567 templum
1016 4498 1389 4565 ingressurus,
1419 4493 1743 4549 assumitur.
1789 4490 1985 4547 Verum
2025 4492 2099 4545 ita

524 4595 795 4667 spiritalis
824 4592 1097 4663 ejusmodi
1125 4589 1481 4658 intelligentia
1512 4589 1712 4645 habeat
1739 4607 1753 4654 ;
1789 4603 1951 4656 quam
1984 4587 2099 4643 for-

526 4688 691 4743 tassis
738 4683 1187 4753 contemplationi
1230 4682 1467 4737 deditior
1514 4682 1730 4735 animus
1779 4678 1926 4733 haud
1976 4693 2100 4749 gra-

526 4788 649 4835 vate
690 4778 905 4848 assequi
941 4784 1125 4847 queat.
1158 4774 1267 4829 Nos
1303 4783 1488 4828 autem
1550 4771 1616 4825 ad
1663 4769 2099 4826 sacratissimum

526 4871 678 4923 illum
714 4879 951 4923 montem
988 4870 1270 4930 abeamus,
1299 4866 1389 4920 ubi
1416 4862 1665 4917 Salvator
1688 4877 1881 4915 manus
1912 4871 2102 4915 exten-

531 4961 667 5015 dens
702 4960 1142 5015 benedictionem
1176 4956 1468 5028 discipulis
1502 4954 1763 5024 impertit.
1803 4952 1973 5007 Sacro
2004 4967 2100 5022 pa-

526 5055 666 5109 riter
694 5054 867 5107 choro
899 5067 1259 5125 aggregemur
1282 5092 1297 5117 ,
1330 5064 1394 5105 ac
1433 5064 1494 5103 ea
1529 5062 1651 5117 quae
1683 5046 1737 5100 in
1773 5054 1956 5100 monte
1980 5060 2102 5115 per-

526 5154 785 5217 aguntur,
820 5146 1088 5200 secretius
1117 5142 1523 5200 condiscamus.
1553 5138 1669 5193 Sub
1698 5138 1819 5192 illas
1848 5151 1950 5192 nos
1987 5149 2098 5189 ma-

526 5248 633 5293 nus
686 5239 1038 5307 ingeramus,
1082 5251 1207 5305 quae
1243 5249 1497 5304 expansa:
1528 5230 1849 5301 discipulis,
1900 5244 1965 5284 ac
2009 5244 2105 5298 per

529 5344 625 5383 eos
658 5329 917 5382 universo
972 5328 1219 5390 mundo,
1267 5326 1703 5382 benedictionem
1758 5324 1907 5378 velut
1952 5328 2103 5377 sorte

532 5422 895 5477 distribuunt.
950 5418 1206 5474 Extendit
1248 5419 1394 5474 enim
1456 5434 1607 5473 meus
1652 5415 1813 5472 Jesus
1865 5429 2102 5478 manus,

532 5530 639 5570 non
676 5513 786 5593 jam
815 5510 1107 5567 transﬁxus
1169 5526 1343 5567 neque
1380 5519 1436 5565 ut
1475 5510 1823 5567 maledictum
1860 5507 1977 5577 ipse
2010 5518 2103 5557 vo-

2196 3213 2331 3283 μετά
2390 3214 2489 3283 τὴν
2543 3215 2760 3283 ἔγερσιν
2850 3215 3302 3283 συμπεράνασθαι
3375 3213 3557 3266 τοῦτόν
3626 3232 3780 3282 φημι

2190 3304 2281 3356 τὸν
2323 3303 2555 3374 ἀριθμὸν
2601 3304 2693 3356 τὸν
2734 3305 3033 3374 Δεσπότην,
3064 3306 3185 3357 οὐδὲ
3222 3305 3392 3374 χωρὶς
3428 3305 3585 3372 λόγου
3626 3306 3783 3368 τινὸς

2198 3398 2630 3467 μυστικωτέρου,
2659 3396 2858 3450 αὐτίκα
2906 3398 3041 3465 μετὰ
3074 3396 3174 3464 τὴν
3221 3396 3615 3464 συμπλήρωσιν
3661 3396 3784 3449 τῶν

2193 3488 2415 3559 ἡμερῶν
2442 3490 2521 3550 είς
2548 3489 2811 3557 οὐρανοὺς
2856 3488 3163 3555 ἀναπτῆναι
3209 3488 3299 3539 τὸν
3344 3487 3541 3553 Λόγον.
3606 3486 3781 3541 Ἀλλά

2194 3580 2247 3631 τί
2269 3595 2448 3648 φημις
2505 3578 2754 3647 Ὀρῶμεν
2780 3577 2869 3631 τὸν
2904 3578 3087 3647 νόμον,
3114 3576 3282 3628 τύπον
3324 3575 3431 3627 τῶν
3468 3574 3782 3644 μελλόντων

2198 3671 2506 3740 ἐπέχοντα,
2562 3670 2656 3721 καὶ
2707 3669 2803 3739 τὴν
2864 3668 3073 3720 ἐκεῖθεν
3124 3667 3479 3729 κατάστασιν,
3534 3668 3648 3729 τοῖς
3697 3669 3782 3737 μὴ

2198 3760 2478 3823 παντελῶς
2510 3758 2603 3813 τὸν
2642 3758 2765 3811 νοῦν
2810 3758 3137 3827 ἀναπήροις,
3161 3760 3226 3827 τῇ
3261 3757 3384 3810 καθ’
3426 3757 3617 3809 ἑαυτὸν
3650 3758 3785 3809 ὕπο-

2199 3855 2458 3924 φαίνοντα
2509 3853 2859 3905 καταστάσει.
2909 3846 3191 3910 Ἐπεὶ,οῦν
3225 3842 3379 3912 οὗτος
3406 3853 3515 3912 τοῖς
3545 3853 3610 3902 ἐκ
3643 3850 3787 3917 φθο-

2202 3946 2302 4014 ρᾶς
2340 3942 2788 4011 ἁποτικτομένοις
2827 3940 2913 3995 διά
2940 3940 3035 3994 τοῦ
3067 3940 3301 4011 ἀριθμοῦ
3336 3940 3548 3999 τούτου,
3583 3940 3787 4012 ῶσπερ

2199 4034 2343 4095 τινὸς
2367 4033 2513 4102 ἱεροῦ
2543 4033 2914 4101 εἰσαγωγέως,
2948 4032 3049 4102 τὴν
3072 4033 3207 4102 πρὸς
3228 4032 3287 4084 τὸ
3312 4032 3465 4099 ἆγιον
3492 4031 3790 4101 ἐχαρίζετο

2200 4125 2424 4190 εἴσοδον,
2477 4124 2564 4177 διὰ
2612 4123 2769 4177 τοῦτο
2812 4126 2905 4177 καὶ
2936 4126 3030 4177 νῦν
3058 4125 3399 4193 πρωτότοκος
3456 4126 3521 4177 ἐκ
3567 4126 3791 4196 νεκρῶν

2201 4216 2433 4285 Χριστὸς
2482 4214 2741 4284 γεγονὼς,
2797 4216 2891 4269 καὶ
2945 4216 3043 4286 τὴν
3094 4214 3401 4285 ἀφθαρσίαν
3459 4216 3791 4283 ἐγκαινίσας

2201 4308 2279 4379 τῷ
2309 4309 2608 4379 πλάσματι,
2643 4308 2778 4378 πρὸς
2812 4309 2872 4361 τὺ
2915 4307 3309 4377 ὑπερουράνιον
3358 4306 3522 4360 αὑτοῦ
3567 4307 3790 4362 εἰσελά-

2206 4419 2314 4455 σων
2351 4400 2791 4472 ἀναλαμϐάνεται
2849 4401 2927 4452 Τὰ
2964 4399 3063 4469 μὲν
3097 4399 3189 4452 οῦν
3228 4400 3326 4469 τῆς
3376 4398 3610 4469 Θεωρίας
3651 4401 3791 4464 ἴσως

2202 4492 2303 4545 οὐκ
2346 4491 2411 4544 ἂν
2438 4492 2505 4562 τῇ
2549 4487 2862 4559 φιλοθεώρῳ
2898 4488 3105 4558 διανοίᾳ
3135 4488 3499 4541 δυσέντευκτα
3544 4488 3789 4558 ἐσόμενα

2198 4577 2448 4631 τοσοῦτον
2501 4576 2690 4647 ἐχέτω.
2749 4576 2940 4645 Ἡμεῖς
2988 4575 3045 4628 δὲ
3105 4576 3239 4647 πρὸς
3306 4577 3483 4629 ἐκεῖνο
3526 4576 3588 4629 τὸ
3637 4578 3789 4647 ἱερὸν

2200 4674 2324 4743 ὅρος
2384 4669 2656 4739 ἀπίωμεν,
2697 4662 2759 4722 οῦ
2788 4667 2972 4721 ἁπλῶν
3019 4666 3119 4731 τὰς
3175 4669 3363 4739 χεῖρας
3401 4668 3493 4721 τὸν
3538 4668 3645 4736 τῆς
3694 4671 3791 4721 εὐ-

2200 4764 2385 4833 λογίας
2432 4762 2634 4832 κλῆρον
2686 4760 2929 4830 διανέμει
2986 4762 3101 4820 τοῖς
3155 4760 3421 4830 μαθηταῖς
3475 4762 3503 4813 ὁ
3561 4762 3785 4831 Σωτήρ.

2200 4852 2702 4924 Συναριθμηθῶμεν
2732 4851 2808 4921 τῷ
2839 4850 2967 4921 θείῳ
3011 4849 3177 4920 χορῷ,
3212 4854 3303 4903 καὶ
3331 4852 3400 4903 τὰ
3447 4853 3503 4904 ἐν
3545 4851 3624 4921 τῷ
3664 4853 3791 4921 ὃρει

2207 4944 2843 5017 συμμυσταγωγηθῶμεν
2867 4942 3183 5011 τελούμενα.
3225 4943 3544 5014 ’Υποὸῶμεν
3590 4948 3793 5015 χεῖρας

2204 5039 2439 5102 ὲκείνας,
2493 5037 2549 5090 αἳ
2604 5036 2994 5106 διαπλούμεναι
3022 5034 3120 5106 τὴν
3157 5036 3404 5105 εὐλογίαν
3436 5040 3547 5099 τοῖς
3581 5037 3793 5104 φίλοις,

2208 5131 2302 5184 καὶ
2370 5129 2439 5182 δι’
2498 5128 2676 5182 αὐτῶν
2734 5129 2894 5181 παντὶ
2948 5128 3025 5198 τῷ
3087 5127 3277 5197 κόσμῳ
3340 5127 3792 5198 κληροδοτοῦσιν.

2222 5222 2411 5274 Ἀπλοῖ
2440 5220 2547 5291 γὰρ
2575 5224 2763 5291 χεῖρας
2810 5221 2839 5273 ὁ
2903 5218 3110 5289 Ἰησοῦς
3150 5222 3178 5272 ὁ
3217 5220 3369 5290 ἐμὸς,
3406 5222 3507 5272 οὐκ
3555 5218 3636 5271 ἔτι
3674 5218 3798 5272 δια-

2210 5312 2539 5382 πειρομένας
2572 5328 2585 5342 ·
2616 5310 2726 5363 οὐδ’
2779 5310 2866 5365 ῐνα
2910 5311 3070 5365 τοῦτο
3121 5312 3334 5382 κατάρα
3382 5310 3632 5380 κληθείη,
3684 5315 3799 5383 τῆς

2211 5407 2454 5476 κατάρας
2499 5405 2703 5458 ἐκλύων
2752 5406 2851 5475 ἐμέ
2879 5421 2891 5434 ⁶
2948 5405 3062 5458 ἀλλ’
3116 5405 3202 5458 ἵνα
3246 5406 3343 5475 τὴν
3398 5403 3652 5472 εὐλογίαν
3698 5404 3799 5457 διὰ

2212 5501 2319 5553 τῶν
2370 5499 2679 5572 μαθητῶνή
2721 5501 3009 5571 οἰκουμένη
3035 5499 3293 5570 πλουτίσῃ
3319 5515 3333 5530 ·
3364 5498 3451 5553 ἵνα
3480 5496 3579 5567 τὴν
3613 5498 3799 5551 ἀπαν-

1853 5617 2086 5675 νΑΒιΑΣ
2119 5614 2529 5675 LECTIONES.

644 5735 655 5771 ι
698 5722 781 5779 ed.
812 5720 1029 5789 ἀνέστη.
