4070 6210
342 280 454 348 117

330 399 515 474 ταχοῦ
603 403 708 475 γῆς
778 405 1186 469 ὲξαπλωθεῖσαν
1268 413 1427 481 χεῖρα
1506 414 1592 466 rei

332 681 719 751 παρακροτῶν
747 683 970 756 εὐλογίᾳ
1002 686 1139 756 πρὸς
1178 687 1239 739 τὸ
1270 689 1412 758 μέγα
1450 690 1542 743 τοῦ
1591 692 1926 762 Εὐαγγελίου

331 771 506 840 ἔργον
534 789 551 804 ο
591 775 668 836 ὠς
716 776 770 828 εί
813 793 898 838 τις
951 778 1133 848 πατὴρ
1181 781 1273 832 ἐπὶ
1321 782 1479 834 παισὶ
1523 783 1774 852 φλέγοιτο
1828 787 1926 856 μὲν

328 865 444 931 τὴν
483 865 664 936 ψυχὴν
696 866 776 936 τῷ
815 867 1023 940 φίλτρῳ
1049 911 1064 935 ,
1101 871 1250 938 ὅμως
1291 873 1376 940 ἐφ’
1417 873 1581 945 ἕτερα
1622 877 1924 947 πράγματα

329 954 560 1024 ἀμείνω
585 959 940 1028 μεταχωρῶν,
973 960 1262 1014 καταλίποι
1315 963 1542 1031 τούτοις,
1597 966 1633 1020 ἂ
1680 969 1819 1032 τέως
1852 970 1933 1022 δι-’

328 1049 565 1114 ῳκεττο.
630 1047 770 1100 Ἀλλ’
799 1049 952 1103 οὐδὲν
989 1045 1099 1104 οἷον
1135 1052 1315 1108 αὐτῶν
1344 1055 1577 1111 ἀκοῦσαι
1610 1059 1717 1111 τῶν
1767 1060 1929 1131 ἱερῶν

328 1137 567 1206 λογίων.
594 1141 660 1193 Τί
686 1140 780 1194 οὖν
804 1143 988 1196 ἐκεῖνά
1015 1160 1148 1213 φησι
1175 1161 1189 1209 ;

334 1233 462 1300 ipse
516 1233 786 1289 hactenus
833 1235 1225 1293 administrare
1307 1240 1524 1297 soleret.

332 1325 487 1394 Quid
526 1328 692 1396 igitur
723 1329 852 1382 illa?

424 1420 702 1488 Ἐγένετο
721 1421 790 1473 ἐν
814 1420 896 1486 τῷ
921 1423 1197 1492 εὐλογεῖν
1233 1427 1421 1480 αὐτὸν
1439 1430 1682 1496 αὐτοὺς,
1714 1431 1920 1502 διέστη

334 1511 442 1563 ἀπ’
511 1512 749 1575 αὐτῶν,
818 1513 914 1566 καί
975 1515 1294 1583 ἀνεφέρετο
1345 1521 1431 1586 εἰς
1487 1521 1593 1573 τὸν
1644 1523 1920 1590 οίιοανόν.

337 1610 404 1660 Ὠ
451 1608 730 1677 θεάματος
782 1611 995 1680 ἡδίστου
1039 1613 1136 1683 μὲν
1177 1613 1265 1668 διὰ
1295 1615 1392 1684 τὴν
1438 1615 1531 1668 τοῦ
1570 1619 1922 1690 Παρακλήτου

337 1700 684 1767 ἐπαγγελίαν
712 1741 727 1764 ,
785 1703 1041 1772 φέροντος
1093 1705 1149 1758 δέ
1180 1723 1231 1759 τι
1268 1709 1362 1760 καὶ
1403 1709 1646 1776 στυγνὸν,
1693 1711 1768 1774 ὡς
1813 1714 1924 1779 ἐγὼ

338 1789 519 1862 οἶμαι,
561 1797 679 1857 τοῖς
716 1797 1007 1864 μαθηταῖς,
1057 1798 1144 1850 διὰ
1208 1800 1304 1868 τὴν
1358 1801 1540 1854 οὐκέτι
1587 1804 1706 1872 μετ’
1747 1804 1924 1858 αὐτῶν

336 1886 612 1955 ἐσομένην
662 1887 824 1955 σαρκὶ
853 1889 1109 1955 γλυκεῖαν
1135 1890 1227 1942 τοῦ
1253 1892 1585 1946 Διδασκὰλου
1615 1898 1925 1965 παρουσίαν

336 1975 432 2027 καὶ
466 1976 841 2044 ἀναστροφήν.
902 1977 962 2028 Et
1012 1978 1118 2046 γὰρ
1165 1977 1259 2032 καὶ
1312 1982 1528 2032 πάντων
1579 1981 1929 2051 ἀνθρωπίνων

338 2068 621 2120 ἀπωτάτω
645 2066 1021 2135 διεστήκεσαν,
1053 2069 1187 2121 ἀλλὰ
1216 2070 1374 2123 τοῦτό
1404 2088 1465 2139 γε
1505 2073 1604 2124 οὐκ
1647 2073 1714 2126 ἂν
1761 2074 1927 2144 φαίην

343 2159 541 2220 αὐτοὺς
586 2158 662 2227 μὴ
717 2159 940 2218 παθεῖν,
983 2159 1044 2212 τὺ
1083 2160 1156 2230 μὴ
1194 2161 1445 2232 δριμεῖαν
1473 2163 1665 2233 ὀδύνην
1697 2165 1787 2217 διὰ
1821 2166 1930 2218 τῶν

352 2248 597 2314 ἑγκὰτων
625 2248 818 2300 ἐλάσαι
873 2249 1075 2312 αὐτῶν,
1112 2246 1192 2313 οἷς
1231 2250 1417 2320 ἐώρων
1459 2253 1551 2305 τὸν
1598 2254 1684 2324 ἐφ’
1727 2255 1786 2308 ὃν
1833 2257 1930 2309 ἀν-

363 2338 547 2392 έθεσαν
567 2339 728 2402 ὅλους
752 2340 998 2404 ἑαυτοὺς,
1024 2341 1210 2394 τοῦτον
1235 2343 1329 2394 ἀπ’
1365 2343 1546 2396 αὐτῶν
1565 2345 1925 2414 διιστάμενον.

359 2431 424 2483 Εἰ
450 2432 576 2501 γὰρ,
605 2433 729 2483 ἐπεὶ
757 2431 863 2502 πρὸ
889 2431 982 2483 τοῦ
1008 2432 1210 2495 πάθους
1236 2435 1264 2486 ό
1298 2434 1486 2503 Σωτὴρ
1516 2435 1721 2502 ἔλεγεν,
1747 2437 1821 2499 ὡς
1844 2438 1928 2509 εἴη

353 2523 544 2593 καιρὸς
569 2523 812 2586 ἐκείνους
848 2523 946 2575 ιιὲν
979 2523 1156 2575 λιπεῖν
1188 2565 1202 2584 ,
1245 2524 1503 2576 ἀπελθεῖν
1535 2525 1592 2578 δὲ
1633 2527 1766 2597 πρὸς
1791 2529 1928 2580 ἁπο-

347 2615 642 2668 στείλαντα
677 2614 768 2666 τὸν
802 2615 1018 2684 Πατέρα
1047 2655 1062 2678 ,
1109 2615 1313 2668 τούτων
1351 2615 1639 2680 ἀκούοντες
1671 2619 1764 2670 ὑπ’
1797 2618 1930 2672 ἀθυ-

348 2708 482 2778 μίας
514 2707 860 2776 κεκάρωντο,
906 2707 1081 2760 καίτοι
1109 2708 1194 2760 ἐπ’
1225 2706 1412 2767 ὄψεσιν
1433 2710 1614 2762 αὐτῶν
1642 2710 1932 2781 ὁμιλοῦντα

343 2799 588 2872 δρῶντες
614 2817 630 2829 ’
665 2800 810 2862 τίνες
849 2798 915 2852 ἂν
957 2800 1304 2866 ἐγεγόνεισαν
1349 2802 1468 2854 τότε
1510 2803 1704 2872 μόνους
1735 2806 1932 2868 αὐτοὺς

343 2893 588 2965 ὁρῶντες
627 2891 1133 2959 καταλιπομένουςς
1178 2891 1485 2946 Ἐνεννόουν
1545 2894 1642 2961 μὲν
1694 2895 1824 2966 γὰρ,
1857 2897 1932 2960 ὡς

341 2985 520 3048 εἰκὸς,
577 2983 658 3053 τῷ
703 2983 833 3053 θείῳ
885 2985 984 3054 τῆς
1013 2983 1202 3036 ἀνόδου
1232 2983 1330 3053 τὴν
1410 2985 1706 3054 κυριότητα
1755 2986 1933 3056 πάσης

344 3077 587 3139 κτίσεως
639 3075 732 3128 τοῦ
791 3075 1109 3129 διδασκάλου
1137 3093 1152 3108 ο
1213 3076 1314 3129 οὐκ
1380 3076 1651 3130 ἀπέϐαλον
1711 3077 1769 3131 δὲ
1832 3079 1933 3148 τῆς

1096 295 1378 356 ORATIO
1414 298 1518 358 XI.
1548 299 1616 333 -έ
1655 300 1734 359 ΙΝ
1779 301 2212 366 DOMINICAM
2250 306 2867 368 ASBUMPTIONEM.

3502 303 3602 368 118

1683 415 1927 468 διαϐόλου
1959 423 2003 479 Α
2032 430 2206 486 cetur,
2239 424 2331 491 qtti
2381 438 2465 475 me
2495 438 2524 476 a
2565 423 2860 476 maledicto
2893 422 3138 476 exsolvat
3171 421 3238 486 “,
3280 421 3374 475 sed
3408 435 3468 477 ut
3508 442 3602 492 per

331 497 711 568 ἁνενέργητον
751 498 902 571 δείξῃ
930 517 944 532 ·
1005 501 1168 554 ἁπλοῖ
1197 507 1404 574 χεῖρας,
1451 507 1766 572 τελευταίας
1794 527 1933 580 παρ-

346 586 600 651 αινέσεις
654 594 776 652 ταῖς
833 591 1082 662 καρδίαις
1130 595 1309 647 αὐτῶν
1343 598 1789 668 ἐπισφραγίζων,
1837 601 1931 653 καὶ

2035 513 2339 582 discipulos
2395 516 2683 567 universus
2739 514 3100 582 locupletetur
3149 513 3302 567 orbis
3361 531 3376 568 :
3437 524 3603 583 utque

2035 604 2235 657 diaboli
2255 616 2470 668 manus,
2498 611 2610 656 toto
2629 611 2897 656 terrarum
2922 603 3052 657 orbe
3074 611 3418 672 exporrecta,
3444 604 3600 658 irrita

2034 695 2294 750 reddatur
2327 711 2390 750 ac
2415 694 2681 749 inetl‘tcax.
2716 694 2967 763 Explicat
3005 710 3221 757 manus,
3259 706 3319 750 ut
3349 709 3601 765 Suprema

2032 790 2235 842 monita
2285 788 2338 841 in
2384 787 2643 852 cordibus
2689 803 2876 841 eorum
2909 788 3216 856 Consignet,
3271 787 3604 842 ae-henedio

2030 881 2210 934 ctione
2245 878 2310 932 ad
2340 879 2601 934 eximium
2655 878 2935 948 Evangelii
2979 879 3310 948 praedicandi
3353 878 3601 932 ministe-

2029 971 2171 1026 rium
2219 970 2432 1034 incitet,
2471 985 2624 1024 more
2662 970 2832 1037 patris
2867 968 3004 1023 lilios
3036 984 3169 1026 suos
3211 963 3507 1024 tenerrime
3533 982 3599 1022 ac

2035 1064 2420 1119 ardentissime
2454 1063 2693 1117 amantis
2726 1080 2738 1114 :
2769 1063 2862 1132 qui
2888 1062 3191 1132 potioribus
3215 1063 3336 1116 aliis
3364 1077 3600 1116 evocan-

2021 1159 2167 1212 tibus
2199 1156 2286 1210 vix
2322 1156 2527 1210 invitus
2568 1154 2868 1217 recedens,
2909 1153 2980 1209 iis
3020 1154 3109 1207 illa
3149 1154 3453 1207 committat
3481 1167 3601 1223 qua:

1607 1245 1804 1300 Verum
1858 1251 1994 1305 nihil
2033 1253 2207 1307 satius
2255 1266 2417 1322 quam
2479 1258 2536 1306 ttt
2583 1251 2768 1306 divina
2834 1250 2952 1318 ipsa
3010 1248 3233 1301 oracula
3287 1248 3596 1302 audiamus-

2103 1438 2167 1492 Et
2205 1439 2405 1506 factum
2439 1441 2518 1486 est
2543 1471 2557 1491 ,
2599 1431 2723 1482 dum
2755 1428 3074 1482 benediceret
3107 1425 3216 1478 illis
3243 1463 3258 1488 ,
3292 1426 3503 1478 recessit
3533 1423 3598 1476 ab

2025 1529 2122 1592 eis,
2164 1536 2210 1580 et
2253 1525 2521 1593 ferebatur
2552 1523 2605 1575 in
2649 1520 2836 1574 cwlum
2879 1519 2946 1572 ⁸³.
2986 1517 3030 1571 Ο
3072 1516 3465 1585 spectaculum,
3507 1515 3597 1584 ju-

2027 1619 2428 1676 cundissimum
2458 1617 2678 1686 quidem
2717 1620 2939 1684 propter
2981 1612 3307 1680 proluissum
3347 1609 3600 1662 Paracle-

2030 1723 2166 1774 tum,
2199 1721 2259 1764 ut
2288 1717 2468 1763 tamen
2506 1716 2638 1778 puto
2666 1707 2832 1760 etiam
2868 1705 3101 1758 tristitia:
3135 1701 3336 1770 aliquid
3367 1688 3613 1766 discipu-V

2029 1803 2094 1855 lis
2118 1800 2376 1864 aiferret;
2431 1814 2495 1852 eo
2529 1797 2671 1866 quod
2716 1797 2768 1848 in
2812 1803 3086 1862 posterum
3122 1808 3228 1845 non
3271 1799 3454 1846 essent
3483 1807 3600 1844 am-

2034 1895 2176 1964 plius
2206 1892 2424 1946 fruituri
2460 1891 2606 1944 dulci
2666 1890 2756 1941 illa
2787 1886 3027 1955 Magistri
3074 1883 3361 1954 praesentia
3406 1898 3600 1937 secun-

2031 1985 2160 2038 dum
2201 1998 2418 2036 carnem
2475 1991 2637 2049 atque
2685 1979 2964 2032 convictu.
3037 1974 3171 2028 Nam
3214 1975 3318 2029 etsi
3352 1975 3420 2028 ab
3451 1975 3600 2028 omni

2033 2076 2272 2129 humano
2295 2072 2492 2126 aﬂ‘cctu
2522 2087 2685 2140 quam
2711 2069 3030 2136 longissime
3065 2074 3424 2128 recesserant,
3455 2064 3599 2118 haud

2034 2176 2209 2220 tamen
2241 2163 2364 2233 jure
2407 2161 2722 2215 aliirmarim
2771 2160 2907 2213 nihil
2937 2173 3031 2212 eos
3059 2156 3283 2211 allectos
3320 2172 3462 2216 esse,
3501 2171 3600 2210 ne-

2031 2275 2136 2329 que
2159 2256 2369 2312 intitnis
2393 2253 2699 2310 visceribus
2731 2253 2843 2306 acri
2879 2252 3070 2305 dolore
3092 2249 3261 2304 fuisse
3291 2249 3597 2318 perculsos,

2032 2364 2154 2402 cum
2191 2362 2314 2401 eum
2348 2347 2400 2398 in
2428 2357 2536 2414 quo
2573 2357 2766 2397 omnes
2799 2357 2922 2411 spes
2959 2357 3088 2396 suas
3128 2340 3259 2395 sitas
3289 2340 3598 2402 habebant,

2033 2455 2095 2493 ac
2124 2438 2212 2492 cui
2249 2452 2308 2492 se
2341 2447 2488 2490 totos
2530 2433 2876 2497 addixeram,
2903 2433 2970 2486 ab
3013 2433 3142 2501 ipsis
3179 2432 3294 2498 jam
3328 2430 3600 2501 segregari

2031 2531 2374 2586 viderent".
2429 2527 2485 2583 Si
2537 2531 2682 2582 enim
2726 2535 2851 2580 ante
2898 2526 3206 2585 passionem
3251 2539 3427 2590 snam,
3475 2538 3600 2577 cuttt

2033 2623 2298 2678 Dominus
2328 2620 2558 2676 dixisset
2601 2619 2896 2672 adventare
2925 2627 3135 2686 tempus
3177 2625 3236 2671 ιιι
3271 2617 3418 2686 ipsos
3443 2615 3602 2670 dese-

2034 2723 2198 2776 reret,
2223 2720 2279 2767 et
2316 2712 2380 2765 ad
2404 2726 2527 2766 eum
2556 2725 2586 2763 a
2615 2725 2724 2779 quo
2750 2709 2956 2763 missus
2985 2707 3180 2772 fuerat,
3215 2714 3599 2770 reverteretur,

2031 2823 2145 2878 pra:
2191 2807 2452 2876 languore
2484 2802 2685 2858 mentis
2727 2803 2780 2856 in
2813 2817 3029 2873 gravem
3075 2815 3360 2854 ttttBrorem
3401 2797 3602 2852 incide-

2032 2908 2198 2964 runt,
2231 2911 2546 2966 quanquam
2589 2895 2770 2964 ipsum
2801 2908 2988 2948 coram
3033 2892 3397 2955 intuerentur,
3431 2905 3493 2945 ac
3524 2890 3602 2944 Io-

2034 2999 2293 3061 quentetn
2331 2988 2586 3042 audirent
2617 3001 2630 3040 :
2667 2986 2797 3056 quid
2839 2985 2945 3040 illis
2982 2984 3232 3038 evenisse
3266 2983 3598 3038 censendum

2035 3091 2145 3145 est,
2188 3089 2477 3150 postquam
2521 3093 2580 3134 se
2628 3079 2776 3132 solos
2821 3076 3040 3132 relictos
3089 3074 3392 3144 conspicati
3427 3073 3604 3128 sunt?

345 3170 599 3238 μνήμης,
651 3167 680 3220 ὅ
729 3167 1026 3232 ὲπέσταζεν
1075 3168 1170 3240 ἡδὺ
1221 3170 1340 3232 ταῖς
1391 3168 1591 3238 ψυχαῖς
1647 3169 1849 3236 αὐτῶν,
1897 3173 1930 3242 ἡ

2034 3171 2166 3225 Nam
2201 3171 2385 3224 animo
2405 3169 2622 3240 quidem
2649 3183 2835 3224 secum
2859 3167 3148 3222 volvebant
3199 3180 3262 3219 ac
3288 3164 3602 3234 cogitabant

341 3262 564 3316 ἐκείνου
617 3260 759 3330 μετὰ
803 3261 1008 3328 σαρκὸς
1044 3261 1332 3331 παρουσία.
1385 3264 1594 3316 Ἀνεισι
1641 3265 1928 3336 τοιγαροῦν

341 3355 442 3405 ἐπὶ
496 3353 606 3406 τῶν
653 3351 892 3421 νεφελῶν
938 3355 965 3405 ό
1017 3353 1226 3424 Σωτὴρ,
1267 3355 1362 3407 καὶ
1415 3355 1541 3418 τοὺς
1595 3355 1927 3424 ὀφθαλμοὺς,

347 3441 546 3508 ὥσπερ
580 3443 676 3495 σὺν
707 3443 900 3513 ἐκείνῳ
931 3444 1202 3512 ἀφιέντες,
1253 3445 1345 3498 τοῦ
1397 3446 1667 3517 μακαρίου
1720 3449 1929 3502 ἐκείνου

347 3531 631 3602 θεάματος
659 3533 1046 3603 ὲξεκρέμαντο,
1092 3535 1153 3586 οὐ
1199 3535 1511 3605 βουλόμενοι
1564 3537 1774 3591 ἐκεῖθεν
1806 3540 1934 3593 καθ-

346 3624 537 3677 έλκειν
582 3627 681 3687 τὰς
728 3627 897 3696 κόρας
928 3641 942 3654 ·
995 3627 1193 3694 ἤκουον
1233 3627 1319 3680 ,δὲ
1367 3627 1573 3680 ἄνωθεν
1633 3629 1882 3698 βοώντων
1914 3649 1927 3664 ·

354 3719 422 3774 Τί
476 3717 667 3782 οὕτως
731 3717 1024 3783 ἑστήκατε
1072 3718 1449 3784 βλέποντες;
1506 3722 1598 3775 καὶ
1645 3722 1722 3786 ὡς
1776 3724 1933 3776 ἴδοιεν

351 3809 521 3863 πάλιν
547 3808 766 3877 ἥξοντα,
806 3807 990 3870 καθὼς
1037 3809 1236 3879 ὁρῶσιν
1278 3811 1794 3882 ἀναλαμϐανόμενον
1839 3815 1938 3885 ἰη-

351 3902 507 3955 σοῦν.
563 3900 628 3953 Τί
684 3900 881 3967 τοῦτο;
933 3901 1094 3968 Μέγα
1140 3905 1234 3954 καὶ
1273 3902 1432 3955 τοῦτο
1473 3905 1553 3966 είς
1586 3904 1934 3975 παραμύθιον

348 3993 468 4054 τοῖς
488 3990 774 4061 μαθηταῖς.
799 3991 1096 4060 Μονονουχὶ
1119 3993 1227 4062 γὰρ
1248 3993 1280 4061 ἡ
1307 3994 1456 4064 φωνὴ
1481 3993 1660 4048 ἓλάλει
1683 3997 1933 4064 ’Ἄνδρες

351 4083 655 4147 Γαλιλαῖοι,
689 4083 786 4134 οὐκ
843 4083 925 4145 είς
968 4082 1116 4148 ἅπαξ
1169 4085 1323 4153 ὑμῶν
1370 4085 1398 4137 ὁ
1447 4087 1778 4151 Διδάσκαλος
1829 4106 1934 4158 χω-

353 4177 570 4250 ρίζεται
601 4193 617 4207 ·
653 4176 762 4228 οὐδ’
812 4175 950 4246 ὅπερ
984 4170 1052 4245 ἦν
1100 4176 1274 4230 συνὼν
1321 4177 1447 4248 ὑμῖν
1483 4181 1936 4250 ἀποσκευασάμε-

350 4287 469 4332 νος,
499 4268 617 4330 δέος
661 4267 975 4338 ὲμποιήσει,
1005 4266 1103 4337 τὴν
1127 4268 1262 4338 πρὸς
1292 4270 1452 4322 αὐτὸν
1481 4270 1634 4341 ὑμῶν
1679 4271 1938 4341 διακοπῆ-

351 4381 443 4418 ναι
502 4355 814 4431 οἰκειότητα
839 4377 854 4391 °
907 4359 1024 4414 ἀλλ’
1072 4359 1125 4412 εἴ
1168 4378 1232 4429 γε
1264 4361 1512 4430 ἀκριϐεῖς
1544 4364 1652 4417 τῶν
1706 4365 1936 4418 ἐντολῶν

352 4453 726 4523 κατασταίητε
752 4452 1012 4522 φύλακες,
1033 4451 1228 4522 ὄψεσθε
1246 4453 1407 4506 πάλιν
1437 4455 1622 4519 αὐτὸν,
1654 4455 1729 4517 ὼς
1747 4458 1932 4525 ὁρᾶτε,

2035 3280 2102 3318 ex
2140 3263 2326 3317 divino
2361 3263 2453 3316 illo
2486 3276 2717 3316 ascensu
2746 3299 2760 3322 ,
2807 3261 3099 3329 pollentem
3142 3256 3457 3327 Magistrum
3499 3255 3603 3309 do-

2034 3356 2204 3410 minio
2235 3355 2288 3408 itt
2325 3369 2516 3409 omnes
2563 3361 2886 3407 creaturas:
2927 3350 3070 3404 haud
3124 3356 3363 3403 attamen
3406 3361 3605 3400 memo-

2033 3451 2116 3505 ria
2146 3449 2435 3506 excidebat
2465 3448 2695 3503 dulcedo
2722 3448 2814 3500 illa
2857 3461 3020 3516 quam
3060 3445 3141 3500 eis
3189 3445 3344 3514 quasi
3376 3442 3604 3496 instilla-

2034 3543 2166 3605 bat,
2226 3541 2373 3596 illius
2428 3541 2481 3594 in
2541 3555 2706 3594 carne
2769 3538 3058 3608 praesentia
3120 3551 3184 3590 ac
3241 3532 3602 3589 consuetudo.

2033 3633 2458 3700 Ascenditergo
2502 3629 2754 3684 Salvator
2796 3645 2962 3698 super
3008 3629 3224 3684 nubes:
3258 3640 3492 3694 eumque
3525 3624 3603 3677 illi

2035 3720 2213 3774 oculis
2231 3719 2508 3781 comitati,
2539 3719 2698 3772 beato
2727 3719 2820 3771 illo
2838 3719 3153 3786 spectaculo
3183 3717 3337 3784 quasi
3353 3715 3604 3784 suspensi

2034 3812 2393 3871 tenebantur,
2432 3825 2606 3878 neque
2643 3811 2768 3864 inde
2822 3809 3110 3879 palpebras
3162 3818 3407 3862 avertere
3458 3807 3602 3862 fere-

2033 3905 2184 3958 bant.
2219 3901 2523 3956 Audicrunt
2553 3917 2681 3956 vero
2709 3903 2800 3972 qui
2831 3903 2898 3957 de
2928 3903 3082 3957 cmlis
3103 3903 3156 3956 in
3192 3903 3288 3958 bas
3312 3917 3471 3957 voces
3493 3901 3605 3955 cla-

2036 4008 2246 4052 marent
2280 4015 2292 4050 :
2328 3996 2468 4063 Quid
2497 3998 2574 4050 sic
2602 3997 2761 4050 statis
2795 3999 3102 4067 aspicientes
3133 3998 3219 4052 “‘1
3252 3999 3454 4068 quique
3488 3998 3603 4052 fore
3701 4039 3706 4046 .

2036 4092 2370 4152 nuntiarent,
2406 4095 2463 4141 ut
2495 4087 2744 4142 eumdem
2767 4086 2953 4144 Jesum
2981 4091 3173 4143 iterum
3202 4088 3368 4142 visuri
3393 4094 3600 4152 essent,

2032 4197 2141 4251 qua
2185 4197 2308 4238 eum
2342 4181 2559 4235 ratione
2596 4183 2802 4236 assumi
2835 4182 3110 4236 videbant.
3149 4179 3291 4246 Quid
3335 4181 3439 4234 hoc
3485 4179 3606 4234 rei?

2034 4271 2322 4343 Egregium
2363 4271 2619 4342 quiddam
2672 4281 2727 4326 et
2782 4271 2848 4325 ad
2897 4271 3264 4326 consolandos
3303 4269 3604 4338 discipulos

2036 4377 2296 4432 perquam
2349 4361 2844 4416 accommodatum.
2885 4359 3118 4413 Tantum
3145 4361 3290 4414 enim
3317 4375 3423 4413 non
3457 4360 3605 4413 dice-

2039 4453 2128 4506 bat
2157 4453 2248 4506 illa
2276 4466 2377 4504 vox
2416 4471 2428 4506 :
2467 4451 2580 4504 Viri
2609 4451 2849 4516 Galilzei,
2881 4449 3137 4519 Magister
3182 4463 3288 4502 non
3317 4449 3542 4503 omnino
3572 4463 3603 4503 a

358 4545 534 4616 μηδέν
581 4562 634 4596 τι
675 4543 778 4613 τῆς
823 4544 919 4596 νῦν
971 4544 1312 4608 διαστάσεως
1347 4544 1556 4599 ἀλλοῖον
1595 4537 1931 4618 διατεθείσης

2036 4544 2191 4598 vobis
2219 4537 2524 4612 separatur,
2569 4556 2746 4611 neque.
2787 4547 2872 4595 est
2898 4539 3044 4609 quod
3076 4537 3370 4593 vereamini
3405 4537 3522 4591 fore
3544 4545 3604 4590 ut

351 4637 544 4693 αὐτόν.
567 4637 656 4706 Μή
681 4653 764 4700 τις
791 4631 886 4690 οὖν
917 4636 1064 4707 ὑμᾶς
1095 4639 1428 4691 κατασειέτω
1466 4637 1745 4708 λογισμός.
1785 4639 1939 4709 Μνη-

359 4728 622 4800 μονεύετε
654 4721 729 4780 ὧν
761 4725 916 4781 εἶπεν
947 4728 1026 4781 ἔτι
1060 4727 1233 4782 συνὼν
1281 4729 1430 4798 ὑμῖν,
1476 4729 1551 4794 ὡς
1601 4732 1698 4784 σὺν
1743 4731 1939 4800 ἐκείνῳ

353 4822 455 4875 ἐπὶ
514 4821 707 4891 θρόνου
763 4819 1064 4889 καθήμενοι
1127 4823 1363 4889 κρινεῖτε
1414 4821 1508 4875 τὸν
1583 4821 1823 4893 Ἰσραήλ.
1877 4822 1939 4874 Ei

350 4913 402 4967 δ’
436 4911 794 4974 ἐπελάθεσθε,
830 4910 966 4964 ἀλλὰ
1005 4909 1099 4962 νῦν
1131 4905 1210 4973 οἷς
1241 4910 1490 4973 ἀκούετε,
1537 4912 1761 4965 ἐκείνων
1808 4912 1938 4966 ἁνα-

351 5005 666 5075 ζωπυρεῖτε
707 5005 808 5072 τὴν
858 5004 1099 5074 μνήμηνο
1133 4998 1320 5067 Οὗτος
1349 5005 1381 5056 ό
1431 5003 1671 5069 Ἰησοῦς
1707 5003 1933 5070 ἀναλη-

353 5096 530 5166 φθεὶς
574 5097 674 5165 ἀφ’
699 5094 867 5164 ὑμῶν
889 5098 976 5161 εὶς
1003 5094 1110 5147 τὸν
1145 5093 1422 5162 οὐρανὸν,
1462 5093 1650 5159 οὕτως
1693 5094 1939 5147 ἐλεύσε-

353 5205 477 5250 ται,
534 5187 607 5240 ὃν
653 5187 872 5255 τρόπον
925 5183 1258 5242 ἐθεάσασθε
1307 5183 1493 5237 αὐτὸν
1536 5186 1941 5254 πορευόμενον

356 5282 446 5345 εις
476 5279 586 5332 τὸν
598 5279 879 5346 οὐρανόν.
911 5277 1098 5332 Ταῦτα
1125 5275 1174 5329 oi
1203 5276 1304 5346 μὲν
1326 5278 1662 5345 ἐπεφώνουν.

2032 4648 2061 4686 a
2095 4632 2253 4688 vobis
2297 4631 2583 4703 digressus
2611 4671 2627 4697 ,
2678 4630 3112 4686 benevolentiam
3147 4627 3293 4681 illam
3329 4642 3458 4696 erga
3481 4641 3602 4691 vos,

2031 4740 2194 4795 quam
2241 4739 2477 4794 praesens
2508 4739 2618 4794 pra:
2653 4739 2712 4779 se
2743 4721 2981 4786 ferebat,
3019 4719 3311 4774 intercidat
3353 4736 3369 4772 ι
3413 4718 3516 4774 sed
3555 4721 3600 4772 si

2031 4820 2288 4872 mandata
2343 4817 2467 4888 ejus
2527 4825 2783 4870 accurate
2843 4811 3294 4873 observaveritis,
3343 4809 3602 4864 videbitis

2034 4893 2228 4965 rursus
2258 4926 2405 4974 eum,
2435 4917 2494 4964 ut
2525 4907 2638 4978 jam
2681 4909 2910 4972 videtis,
2965 4920 3140 4974 neque
3193 4902 3463 4970 seiunctio
3491 4903 3603 4957 ulla

2037 5001 2250 5055 ratione
2275 5015 2304 5053 a
2330 5000 2486 5056 vobis
2505 5001 2742 5056 alienum
2774 4997 2982 5052 reddet.
3015 4994 3094 5050 Ne.
3122 4995 3290 5066 igitur
3311 4993 3605 5064 cogitatio-

2041 5109 2139 5150 nes
2172 5103 2369 5150 vestra:
2397 5109 2492 5149 vos
2521 5091 2867 5148 conturbent.
2900 5089 3172 5143 Itevncate
3201 5087 3256 5141 in
3284 5085 3602 5140 memoriam

2042 5201 2104 5241 ea
2149 5203 2270 5257 quae
2317 5201 2554 5258 praesens
2603 5183 2761 5239 vobis
2797 5181 2936 5236 dixit
2967 5179 3051 5233 ηε
3087 5177 3205 5234 fore
3243 5178 3499 5232 nimirum
3545 5186 3604 5231 ut

2042 5292 2167 5332 cum
2199 5295 2266 5334 eo
2291 5279 2524 5335 sedeatis
2545 5294 2709 5346 super
2728 5277 2982 5331 thronum
3001 5271 3298 5344 iudicaturi
3325 5269 3599 5327 lsraelem.

358 5373 524 5442 Quod
554 5373 601 5428 si
638 5374 751 5427 haec
781 5371 1039 5427 oblivioni
1088 5371 1394 5426 tradidistis
1415 5409 1430 5434 ,
1470 5380 1525 5423 at
1568 5369 1678 5437 jam
1709 5384 1772 5424 ex
1808 5369 1892 5423 his
1919 5407 1936 5432 ,
1977 5385 2096 5439 quas
2126 5371 2328 5426 auditis
2351 5411 2366 5436 ,
2398 5371 2716 5425 memoriam
2749 5375 3006 5423 revocate
3039 5383 3053 5420 :
3088 5366 3186 5420 Hic
3252 5362 3444 5428 Iesus,
3513 5364 3604 5433 qui

359 5474 664 5534 assumptus
694 5475 771 5520 est
799 5483 831 5519 a
865 5465 1005 5520 vobis
1034 5465 1086 5518 in
1119 5466 1330 5530 emtum,
1355 5463 1432 5518 sic
1461 5465 1645 5529 veniet,
1671 5463 2108 5518 auemadntodum
2144 5465 2345 5520 vidistis
2407 5481 2524 5519 eum
2589 5473 2793 5518 euntem
2832 5463 2888 5516 in
2951 5461 3137 5514 cretum
3162 5459 3228 5514 ⁸³.
3297 5456 3424 5512 Haec
3471 5455 3599 5513 uui-

360 5562 484 5615 dem
516 5557 608 5614 isti
635 5557 1027 5613 inclamabant.

436 5738 483 5771 ⁸⁸
521 5736 696 5794 Galat.
730 5754 779 5807 γ,
834 5737 917 5793 15.
993 5737 1038 5771 ⁸⁸
1076 5735 1207 5792 Luc.
1240 5751 1385 5801 xxtv,
1551 5733 1595 5767 ⁹⁰
1655 5731 1811 5789 Joan.
1856 5747 1922 5788 xv

2036 5775 2048 5788 .
2128 5732 2168 5764 9‘
2211 5731 2332 5788 Act.
2367 5747 2404 5797 ι,
2451 5729 2533 5785 l0.
2609 5730 2652 5761 ⁵³
2683 5727 2873 5784 Matth.
2910 5726 3138 5796 31x,“28.
3215 5725 3258 5762 ’³
3284 5725 3404 5782 Act.
3442 5724 3596 5792 1,10.
