3952 6210
437 268 536 329 119

1695 269 1971 331 LEONIS
2000 268 2449 329 PHILOSOPHI

3562 262 3673 325 120

502 379 607 433 Alii
644 394 794 442 vero,
827 386 888 432 ιιι
922 388 1089 447 porta:
1119 378 1502 433 attollerentur
1536 379 1848 440 monebant,
1871 394 2010 432 nun-

2182 376 2245 427 υί
2291 375 2348 427 δὲ
2387 372 2498 427 τῶν
2530 371 2714 426 πυλῶν
2739 370 3041 440 ἐκέκραγον
3085 384 3336 439 επαρσιν,
3376 373 3495 435 ταῖς
3534 373 3674 427 ἀνω·

435 471 630 524 tiantes
682 468 1069 537 superioribus
1123 466 1427 520 Virtutibus
1475 466 1871 536 Regisglorize
1914 470 2008 521 ad-

438 571 679 617 ventum.
711 564 779 614 At
806 561 912 614 illa:
940 598 956 623 ,
1000 575 1142 612 novo
1186 562 1380 613 nuntio
1406 560 1819 629 obstupefacta,
1853 577 2009 631 roga-

438 656 567 709 bant
599 672 613 707 :
640 654 770 718 Quis
800 662 878 707 est
932 653 1033 707 iste
1083 650 1195 705 Rex
1239 653 1423 721 gloria:
1455 652 1538 704 9‘?
1568 650 1834 707 Nimirum
1857 694 1872 715 ,
1915 654 2005 723 qui

437 750 761 800 descensum
842 761 951 799 non
1025 746 1435 811 intellexerant,
1542 746 1891 801 subdubitant
1944 746 2009 800 de

438 854 689 892 ascensu.
745 837 1112 891 Nihilominus
1176 848 1353 891 tamen
1411 845 1599 906 portas
1656 840 1919 908 pandunt.
1946 854 2009 893 ac

440 927 570 998 {tegi
603 929 816 981 obviam
856 927 1197 996 procedunt;
1229 928 1545 995 stipantque
1591 937 1645 981 et
1680 931 2010 984 comitantur

442 1022 673 1088 eumqui
703 1029 891 1073 nostro
915 1021 1134 1073 nomine
1159 1019 1525 1073 obedientiam
1551 1019 1695 1074 Patri
1723 1020 2006 1076 oﬂ‘erebat:

443 1126 604 1181 atque
631 1113 681 1165 iu
714 1112 882 1179 gloria
918 1112 1222 1179 majestatis
1254 1112 1466 1165 sedenti
1487 1114 1727 1167 astitere.
1760 1114 1873 1167 Hoc
1903 1114 2012 1169 dis-

445 1201 779 1270 pensationis
805 1203 951 1255 circa
992 1218 1091 1255 nos
1124 1212 1357 1270 peracta}
1386 1204 1865 1272 complementum.
1899 1204 2011 1260 Hoc

444 1291 563 1357 ejus
606 1293 697 1360 qui
726 1292 1045 1345 incarnatus
1083 1292 1296 1357 fuerat,
1343 1293 1582 1346 studium
1625 1308 1689 1347 ac
1749 1292 1900 1347 labor
1932 1296 2013 1347 in-

447 1381 736 1437 defessus:
774 1391 833 1437 ut
864 1385 1120 1437 nimirum
1172 1385 1449 1438 hominem
1490 1400 1587 1453 per
1630 1385 1887 1439 invidiam
1928 1388 2014 1441 ile-

443 1472 669 1541 jectum,
693 1486 855 1542 atque
878 1474 942 1526 ad
972 1482 1239 1527 terrenam
1262 1484 1462 1527 sortem
1485 1474 1784 1541 delapsum,
1815 1475 2010 1529 nedum

449 1567 514 1620 ad
562 1567 919 1620 immortalem
965 1575 1164 1618 statum
1218 1567 1501 1621 reducemt
1530 1606 1545 1628 ,
1589 1568 1682 1621 sed
1732 1577 1787 1621 et
1833 1583 2013 1636 regem

449 1665 715 1718 creatum.
752 1658 960 1711 caelesti
995 1658 1159 1714 solio.
1203 1673 1269 1710 ex
1305 1674 1417 1726 quo
1440 1658 1660 1713 invidus
1691 1659 1778 1711 ille
1800 1657 2017 1712 excide-

449 1759 534 1804 rat
564 1790 579 1815 ,
629 1749 965 1819 dignaretur.
992 1750 1079 1813 At,
1114 1766 1147 1803 o
1174 1748 1264 1803 Dei
1298 1748 1558 1814 Verbum,
1584 1752 1677 1818 qui
1712 1752 1779 1804 ad
1810 1759 2012 1803 tantam

451 1840 679 1911 gloriam
727 1848 975 1894 nostrum
1036 1841 1307 1909 pulverem
1366 1842 1591 1895 evexisti
1629 1880 1644 1903 ,
1697 1840 1789 1911 qui
1830 1841 2012 1893 divina

450 1932 633 1984 omnia
671 1932 954 1998 majestate
1006 1933 1182 2001 reples
1212 1971 1226 1995 ,
1267 1933 1361 2001 qui
1410 1933 1477 1988 iis
1522 1933 1610 2000 qui
1642 1941 1693 1987 te
1745 1934 2014 1987 sustinent

452 2038 667 2090 semper
690 2033 740 2073 te
773 2022 1072 2076 aﬂuturum
1106 2025 1427 2092 promisisti,
1456 2025 1711 2093 pupulum
1744 2040 1904 2093 quem
1928 2040 2012 2078 me

455 2130 638 2180 regere
668 2114 909 2178 voluisti,
940 2114 1055 2182 ipse
1098 2130 1337 2182 praesens
1364 2116 1519 2169 nobis
1544 2123 1634 2168 tua
1660 2117 1879 2170 dextera
1907 2131 2010 2185 gu-

451 2207 638 2267 berna,
669 2207 879 2259 ducens
902 2206 958 2259 in
990 2207 1131 2260 viam
1159 2209 1351 2263 salutis
1380 2249 1394 2270 .
1434 2212 1725 2276 omniaque
1758 2210 2008 2270 adversa,

453 2298 686 2352 maxime
729 2313 859 2351 vero
885 2314 948 2353 ea
988 2314 1108 2369 quae
1154 2301 1439 2354 animabus
1469 2299 1853 2353 detrimentum
1888 2299 2013 2353 affe-

453 2396 614 2452 runt,
658 2390 1007 2458 propulsans.
1070 2391 1145 2445 Da
1189 2402 1249 2445 ut
1282 2392 1373 2459 qui
1419 2392 1577 2445 nobis
1618 2392 1692 2444 tui
1725 2395 2014 2447 occasione

455 2481 691 2534 nominis
726 2482 1084 2536 adversantur
1112 2521 1127 2546 ,
1160 2491 1249 2534 tua
1285 2484 1523 2549 potentia
1569 2484 1747 2551 agnita
1783 2500 1888 2535 una
1925 2499 2016 2537 no-

455 2571 662 2623 biscum
705 2579 756 2624 te
797 2572 1125 2635 conciliant,
1167 2573 1310 2641 quod
1343 2572 1583 2625 otnniutn
1622 2574 1814 2627 salutis
1848 2588 2013 2628 causa

456 2660 779 2715 ineti‘abilem
815 2661 961 2713 illam
998 2660 1195 2715 feceris
1230 2661 1691 2729 dispensationem
1714 2681 1728 2716 :
1751 2663 2013 2732 decetque

455 2760 514 2803 ut
540 2761 591 2805 te
612 2752 794 2805 omnis
820 2752 1004 2823 lingua
1030 2755 1285 2815 celebret,
1337 2757 1463 2821 quia
1494 2765 1640 2806 tuum
1663 2763 1745 2808 est
1766 2771 2013 2824 regnum,

452 2854 505 2897 ρι
566 2844 849 2912 potentia,
903 2854 958 2899 et
1015 2847 1228 2915 gloria,
1289 2847 1341 2898 in
1410 2847 1606 2901 saacula
1671 2848 2013 2901 stimulorum.

454 2938 628 2991 Amen

1040 3108 1299 3163 ORATIO
1330 3108 1423 3163 XII

464 3220 529 3276 In
568 3222 923 3297 Pentecosten,
971 3238 1088 3275 cum
1131 3223 1363 3297 Spiritus
1395 3224 1801 3297 sanctigratia,
1845 3228 2022 3297 ignea-

538 3310 651 3374 rmu
691 3293 995 3362 linguarum
1025 3293 1211 3363 specie,
1239 3295 1292 3346 in
1316 3295 1709 3349 sacratissima:
1735 3293 2024 3353 disci—aulas

531 3373 693 3417 venit;
1453 3393 1459 3399 -

532 3499 762 3566 Quando
774 3514 923 3555 nunc
942 3501 1103 3556 etiam
1126 3502 1310 3558 divina
1333 3504 1624 3561 celebritas
1654 3506 1833 3572 adest,
1848 3524 2022 3578 quau-

465 3601 581 3648 tum
620 3594 761 3649 Deus
793 3594 907 3664 ipse
927 3594 1139 3651 dederit
1175 3595 1242 3651 ad
1268 3597 1512 3666 ejusdem
1552 3598 1813 3655 honorem
1841 3600 2026 3657 confe—

468 3700 653 3741 remus
692 3702 708 3740 :
736 3699 837 3741 nec
862 3696 1147 3757 propterea
1185 3691 1573 3745 cunctabimur
1602 3692 1746 3761 quod
1786 3692 1908 3762 ejus
1938 3708 2027 3748 ce-

470 3778 749 3833 lebrandis
794 3780 1085 3848 praeconiis
1135 3796 1243 3835 non
1273 3783 1446 3839 simus
1491 3785 1660 3851 satis;
1700 3789 1825 3854 quis
1882 3786 2025 3841 enim

471 3868 588 3934 ejus
615 3883 714 3936 pro
741 3868 1003 3937 dignitate
1034 3870 1221 3926 laudes
1252 3871 1698 3941 depraedicaverit
1724 3874 1863 3929 ?sed
1883 3876 2025 3945 quod

477 3958 708 4013 facultas
738 3965 928 4011 nostra
972 3958 1361 4028 suppeditabit,
1406 3963 1639 4017 libenter
1673 3964 1739 4017 ad
1772 3964 1892 4019 festi
1929 3965 2029 4018 lut-

465 4047 559 4116 jus
609 4046 1002 4101 solemnitatem
1056 4047 1417 4105 decorandam
1482 4067 1815 4121 promemus.
1872 4054 2026 4120 Quod

2109 469 2296 538 τέραις
2343 466 2661 533 Δυνάμεσι,
2714 466 2813 533 τῆς
2868 464 3028 531 δόξης
3080 464 3237 533 ήκειν
3295 464 3384 516 τὸν
3442 464 3680 519 Βασιλέα

2113 558 2428 629 μηνύοντες.
2477 557 2543 608 Δί
2578 557 2655 618 δὲ,
2687 555 2765 624 τῷ
2793 554 2927 625 ξένῳ
2959 554 3053 607 τοῦ
3084 557 3408 625 πράγματος
3438 556 3683 626 ἐκπλητ-

2106 651 2329 720 τόμεναι
2353 664 2366 678 ⁶
2402 650 2496 713 Τίς
2519 651 2551 701 ὁ
2572 647 2684 713 τῆς
2705 647 2909 714 δόξης,
2935 648 3317 709 ἐπυνθάνοντο,
3342 648 3683 714 ,βασιλεύς-ς

2108 743 2204 797 ἇτε
2258 740 2332 812 μὴ
2367 738 2467 811 τὴν
2505 739 2808 792 κατάϐασιν
2842 741 3124 803 συνιεῖσαι,
3163 737 3496 807 ὲπαποροῦσι
3542 741 3687 810 πρὸς

2108 835 2204 905 τὴν
2246 834 2527 887 ἀνάϐασιν.
2563 832 2747 901 Ὅμως
2794 831 2837 883 δ’
2873 831 3156 902 ἐπαίρουσι
3205 830 3397 892 πύλας,
3452 831 3547 882 καὶ
3600 831 3684 901 τῷ

2111 927 2327 981 Βασιλεῖ
2374 924 2813 997 προσυπαντῶσι,
2865 926 2957 989 καὶ
2989 921 3345 994 δορυφοροῦσι
3384 924 3481 992 τὴν
3520 924 3685 993 ήμῶν

2112 1020 2438 1087 προσάγοντι
2491 1016 2771 1086 ὑποταγὴν
2820 1015 2895 1084 τῷ
2950 1016 3143 1084 Πατρὶ,
3180 1016 3272 1067 καὶ
3315 1016 3371 1067 ἐν
3423 1014 3549 1087 δόξῃ
3579 1016 3687 1084 τῆς

2116 1109 2506 1181 μεγαλωσύνης
2562 1109 2938 1178 παρεστήκασι
2993 1106 3304 1175 καθημένῳ.
3372 1105 3519 1175 Λῦτη
3580 1107 3688 1175 τῆς

2115 1203 2243 1271 περὶ
2275 1203 2422 1270 ἡμᾶς
2473 1200 2785 1269 οἰκονομίας
2822 1198 3233 1269 συμπλήρωσις.
3271 1198 3442 1251 Τοῦτο
3477 1193 3546 1268 ἦν
3572 1200 3690 1268 ἄρα

2114 1293 2206 1345 τοῦ
2252 1292 2626 1363 σαρκωθέντος
2668 1294 2695 1344 ὁ
2747 1291 2934 1354 πολὺς,
2993 1292 3062 1342 ἵν’
3095 1290 3266 1353 οὕτως
3315 1292 3474 1355 εἴπω,
3510 1289 3684 1357 ἀγὼν,

2112 1386 2203 1438 τὸν
2233 1386 2587 1455 φθονηθέντα,
2633 1384 2895 1454 καὶπρὸς
2948 1384 3047 1446 τὰς
3094 1382 3316 1450 γεώδεις
3364 1382 3538 1453 κῆρας
3584 1400 3686 1435 κα-

2113 1479 2443 1537 ταπεσόντα,
2483 1477 2558 1546 μὴ
2592 1478 2748 1546 μόνον
2777 1476 2911 1547 πρὸς
2960 1475 3061 1545 τὴν
3093 1476 3368 1543 ἀκήρατον
3410 1478 3682 1541 ἐπαναγα-

2114 1573 2227 1637 γεῖν
2276 1569 2571 1633 πολιτείαν,
2623 1568 2757 1620 ἀλλά
2794 1567 2890 1620 καὶ
2936 1566 3159 1636 βασιλέα
3199 1566 3401 1631 δεῖξαι,
3462 1567 3550 1619 καὶ
3581 1566 3677 1620 οὐ-

2119 1663 2299 1731 ρανοῖς
2326 1660 2651 1730 ἐνθρονίσαι,
2677 1654 2750 1711 ὧν
2779 1662 2806 1712 ὁ
2832 1658 3104 1728 φθονήσας
3133 1658 3456 1713 κατέπεσεν.
3496 1659 3678 1721 Ἀλλὰ,

2115 1747 2159 1805 ὦ
2190 1752 2329 1819 Λόγε
2363 1751 2521 1812 Θεοῦ,
2548 1751 2578 1802 ὁ
2626 1751 2759 1821 πρὸς
2793 1752 3045 1805 τοσοῦτον
3080 1750 3236 1821 δόξης
3282 1750 3374 1802 τὸν
3416 1751 3688 1821 ἡμέτερον

2114 1845 2242 1914 χοῦν
2274 1843 2561 1913 ἀνυψὼσας
2592 1862 2606 1874 ·
2637 1845 2665 1895 ὁ
2710 1845 2885 1898 πάντα
2915 1843 3136 1913 πληρῶν
3161 1841 3235 1904 ὼς
3281 1842 3410 1905 Θεός
3440 1859 3453 1871 ·
3496 1844 3526 1895 ὁ
3567 1845 3691 1905 τοῖς

2115 1937 2393 2006 ἀνέχουσιν
2436 1937 2516 2000 εἰς
2571 1938 2629 1989 σὲ
2669 1939 3035 2005 συμπαρεῖναι
3068 1934 3136 1987 δι’
3185 1934 3374 1997 αἰῶνος
3418 1936 3691 2002 ἐπαγγει-

2112 2028 2365 2097 λάμενος,
2417 2028 2598 2091 αὐτὸς,
2642 2027 2700 2079 ὃν
2745 2027 2936 2092 ἔταξας
2988 2026 3115 2079 λαόν
3172 2043 3266 2077 σου
3305 2025 3681 2095 διακυϐερνᾷν,

2115 2119 2420 2190 συμπαρὼν
2458 2122 2587 2190 ήμῖν
2633 2122 2699 2189 τῇ
2758 2121 2823 2189 σῇ
2872 2116 3277 2187 διακυϐερνῴης
3317 2117 3480 2186 δεξιᾷ,
3532 2117 3683 2183 ἀγων

2113 2213 2173 2265 ἐν
2217 2212 2424 2283 τρίϐοις
2467 2212 2566 2280 τῆς
2621 2210 2987 2280 δικαιοσύνης,
3044 2211 3139 2263 καὶ
3189 2210 3366 2263 πάντα
3417 2208 3684 2271 κίνδυνον,

2115 2306 2236 2368 ὅσος
2270 2305 2503 2375 μάλιστα
2527 2303 2722 2372 ψυχαῖς
2761 2302 2919 2371 φέρει
2954 2301 3054 2370 τὴν
3084 2301 3344 2361 κάκωσιν,
3368 2299 3686 2369 ἑπαμύνων.

2117 2400 2214 2457 Δὸς
2260 2397 2384 2459 τοὺς
2425 2395 2793 2463 πολεμοῦντας
2824 2396 2972 2462 ήμᾶς
3018 2393 3105 2445 διὰ
3138 2393 3227 2445 σὸν
3258 2392 3447 2461 ὄνομα,
3494 2390 3555 2442 τὸ
3594 2391 3691 2442 σὺν

2120 2488 2436 2554 ἐπι-γνόντας
2490 2486 2711 2555 κράτος,
2771 2485 2889 2555 ἅμα
2941 2488 3129 2555 ὑμνεῖν
3176 2503 3264 2550 σε,
3305 2487 3386 2539 ὅτι
3444 2485 3533 2537 διὰ
3585 2487 3693 2551 τὴν

2121 2578 2372 2629 ἁπάντων
2404 2575 2675 2644 σωτηρίαν
2725 2576 2823 2644 τὴν
2851 2577 3056 2643 ἄφατον
3084 2576 3334 2635 ἐτέλεσας
3356 2574 3691 2643 οἰκονομίαν·

2118 2669 2213 2720 καὶ
2239 2668 2321 2719 σοὶ
2369 2668 2567 2735 πρέπει
2606 2668 2784 2719 πᾶσαν
2808 2668 3057 2735 γλῶσσαν
3092 2668 3275 2736 φέρειν
3315 2668 3410 2739 τήν
3448 2667 3690 2721 αἰνεσιν·

2119 2760 2199 2811 ὅτι
2256 2758 2347 2810 σοῦ
2394 2760 2541 2811 ἐστιν
2591 2762 2624 2823 ἡ
2684 2758 2949 2829 βασιλεία,
3004 2762 3096 2811 καὶ
3134 2762 3168 2830 ή
3216 2760 3462 2828 δύναμις,
3514 2762 3610 2813 καὶ
3658 2762 3693 2830 ή

2119 2847 2266 2911 δόξα,
2301 2847 2383 2910 εἰς
2414 2848 2541 2911 τοὺς
2572 2848 2777 2911 αἰῶνας
2807 2847 2915 2901 τῶν
2945 2848 3176 2902 αἰώνων.
3209 2849 3404 2917 Ἀμήν.

2719 3116 2941 3173 ΛΟΓΟΣ
2979 3116 3077 3174 1Β’.

2121 3232 2315 3300 Λόγος
2342 3234 2429 3295 εἰς
2454 3230 2571 3299 τὴν
2600 3232 3048 3299 Πεντηκοστὴν,
3091 3230 3190 3285 ὅτε
3227 3231 3298 3286 ἐν
3325 3230 3473 3285 εῖδει
3498 3235 3701 3300 γλωσσ-

2197 3299 2325 3354 σῶν
2368 3303 2652 3369 πυρίνων,
2709 3304 2747 3370 ἡ
2776 3302 2881 3355 τοῦ
2921 3303 3082 3357 θείου
3129 3302 3471 3369 Πνεύματος
3518 3303 3704 3369 χάρις

2199 3370 2294 3423 ἐπὶ
2328 3370 2468 3438 τοὺς
2488 3371 2681 3439 ἱεροὺς
2705 3372 2972 3441 μαθητὰς
2996 3372 3443 3441 κατεφοίτησεν.

2207 3511 2464 3582 Ἐπείπερ
2508 3513 2602 3567 καὶ
2646 3513 2749 3565 νῦν
2783 3512 2900 3565 θεία
2935 3512 3137 3583 ἐπέστη
3172 3512 3499 3580 πανήγυρις,
3542 3512 3697 3563 κατὰ

2124 3603 2222 3673 τήν
2248 3604 2397 3658 Θείαν
2425 3606 2704 3676 χορηγίαν,
2734 3605 2801 3659 τά
2829 3608 2909 3669 είς
2936 3604 3098 3675 τιμήν
3130 3606 3196 3676 τῇ
3227 3602 3531 3674 πανηγύρει
3564 3620 3700 3656 συν⁸

2125 3699 2370 3769 οίσομενο
2401 3700 2497 3769 οὐχ
2525 3701 2606 3752 ὅτι
2653 3700 2726 3770 μὴ
2753 3697 3115 3767 ἀποχρώντως
3148 3698 3278 3767 ἡμῖν
3307 3695 3418 3765 ἔχει
3449 3695 3518 3755 τὰ
3551 3694 3701 3764 πρὸς

2125 3790 2226 3860 τήν
2256 3790 2582 3852 συντέλειαν,
2630 3789 2717 3843 διὰ
2763 3788 2919 3841 τοῦτο
2956 3787 3092 3857 πρὸς
3130 3787 3189 3839 τὸ
3229 3786 3532 3855 ἐγχείρημα
3583 3786 3704 3838 ἀπ-

2127 3878 2434 3942 οκνοῦντες·
2454 3880 2624 3950 ταύτῃ
2647 3882 2756 3948 γὰρ
2770 3879 2943 3941 οὐδεὶς
2971 3877 3106 3947 πρὸς
3130 3876 3280 3930 θείαν
3304 3875 3584 3945 αὐτάρκης
3607 3893 3700 3928 τι·

2133 3972 2272 4040 μήν’
2306 3972 2421 4025 ἀλλ’
2453 3972 2644 4040 ἐφόσον
2690 3969 2919 4039 εύπορον
2953 3970 3011 4022 ὲν
3044 3969 3121 4037 τῷ
3163 3968 3372 4021 ἑλέσθαι
3405 3968 3592 4036 τιμᾷν,
3626 3967 3704 4020 τὰ

2129 4064 2301 4115 οἰκεῖα
2323 4065 2388 4133 τῇ
2426 4064 2583 4133 ἑορτῇ
2619 4063 3078 4133 συνεισφέροντες.
3110 4061 3207 4124 Τίς
3230 4062 3287 4114 δὲ
3316 4060 3447 4128 άλλη
3480 4076 3706 4112 συνεισ-

470 4153 601 4192 vero
656 4153 872 4203 munus,
916 4140 1163 4195 oratione
1201 4143 1596 4212 congruentius
1626 4146 1877 4213 praestari
1900 4161 2019 4216 pos-

2130 4153 2271 4221 φορά
2315 4153 2474 4222 λόγου
2517 4154 2849 4222 οἰκειοτέρα;
2876 4154 2951 4208 Οὐ
2987 4153 3147 4224 μόνον
3178 4153 3257 4206 ὅτι
3300 4152 3517 4205 πάντων
3547 4151 3701 4203 ἐντι-

471 4229 542 4283 sit
570 4228 593 4281 7
625 4243 735 4281 non
769 4243 831 4283 ea
860 4228 1034 4284 solum
1084 4230 1298 4286 ratione
1326 4231 1471 4301 quod
1506 4233 1641 4287 nihil
1665 4249 1918 4290 sermone
1960 4250 2027 4291 ae

470 4318 717 4374 oratione
773 4320 851 4374 sit
881 4320 1277 4385 honorabilius,
1301 4322 1397 4378 sed
1430 4324 1558 4393 quia
1587 4326 1839 4393 prazsenti
1888 4342 2028 4395 quo-

471 4426 577 4480 que
628 4413 859 4480 tempori
918 4412 1057 4467 nihil
1086 4414 1259 4484 magis
1289 4415 1546 4485 competit
1570 4432 1730 4486 quam
1761 4418 2029 4473 orationis

471 4514 690 4560 munus.
714 4502 849 4558 Nam
880 4506 1079 4575 quibus
1105 4507 1365 4563 hodierna
1380 4508 1466 4563 die
1488 4508 1690 4563 donum
1722 4510 2028 4579 linguarum

474 4598 703 4652 missum
737 4595 860 4662 fuit,
887 4597 975 4652 his
1006 4598 1168 4653 hodie
1197 4614 1457 4668 perquam
1484 4608 1608 4670 apte
1646 4615 1710 4654 ac
1739 4610 2029 4656 consenta-

474 4703 577 4743 nee
609 4688 877 4743 orationis
903 4702 1106 4743 munus
1132 4689 1494 4743 dedicandum
1533 4698 1638 4745 est.
1667 4689 1791 4745 llaec
1830 4706 2031 4761 propo-

472 4778 567 4833 siti
640 4791 703 4833 ac
743 4778 979 4834 instituti
1023 4777 1199 4833 nostri
1234 4780 1377 4833 ratio
1401 4787 1506 4833 est.
1544 4779 1833 4834 Precetnur
1878 4796 2031 4843 vero,

473 4878 533 4922 ut
558 4868 755 4923 artifex
800 4869 892 4923 illa
949 4868 1127 4925 virtus
1166 4870 1322 4925 nobis
1351 4870 1668 4925 auxiliatrix
1718 4872 1884 4936 adsit,
1911 4889 2034 4941 quae

476 4959 639 5015 hodie
672 4961 827 5015 rudia
864 4963 1198 5032 piscatorum
1245 4977 1341 5017 ora
1370 4963 1605 5027 aperuit,
1639 4973 1805 5034 atque
1843 4964 2035 5021 adver-

474 5068 575 5109 sus
608 5068 703 5109 eos
720 5055 817 5123 qui
849 5054 1070 5110 dicendi
1100 5057 1153 5111 vi
1187 5056 1639 5126 inexpugnabiles
1666 5056 1993 5111 videbantur
2016 5098 2032 5125 ,

477 5146 747 5201 armavit:
775 5147 1047 5220 simulque
1090 5158 1149 5205 et
1177 5149 1310 5215 illis,
1343 5159 1401 5204 et
1430 5164 1490 5203 ea
1522 5165 1625 5219 qua
1674 5148 2037 5218 loquebantur

477 5238 763 5307 sapientia,
819 5241 1129 5310 superiores
1165 5241 1365 5297 eﬂ‘ecit.
1410 5241 1543 5308 Ejus
1594 5254 1830 5309 namque
1870 5240 2033 5296 etiam

478 5328 639 5384 modo
661 5332 902 5387 muneris
926 5334 997 5387 sit
1038 5344 1097 5387 ut
1120 5334 1398 5389 indoctam
1438 5333 1682 5403 linguam
1707 5331 1929 5398 excitet,
1972 5346 2038 5387 ac

479 5422 748 5475 sermonis
765 5421 976 5491 copiam
1001 5423 1144 5478 haud
1170 5441 1397 5494 prorsus
1420 5433 1738 5497 argumento
1768 5426 2031 5496 imparem

480 5513 761 5569 concedat.
794 5513 922 5569 Veni
949 5514 1134 5586 igitur,
1168 5532 1305 5573 verae
1336 5518 1665 5588 cognitionis
1691 5518 1902 5574 doctrix
1935 5518 2033 5575 Sa-

560 5714 603 5748 "
644 5714 792 5769 Psal.
824 5729 979 5778 nm,
1017 5713 1064 5766 7.

2132 4244 2361 4314 μότατον
2384 4244 2541 4313 λόγος
2561 4286 2576 4312 ,
2612 4244 2726 4298 ἀλλ’
2754 4246 2835 4298 ὅτι
2857 4244 2951 4299 καὶ
2976 4244 3055 4315 τῷ
3084 4243 3310 4313 παρόντι
3338 4240 3511 4311 καιρῷ
3534 4230 3670 4311 ἀκρι
3686 4270 3709 4277 -

2131 4335 2240 4400 θῶς
2283 4338 2317 4408 ή
2362 4336 2457 4391 τοῦ
2489 4337 2646 4404 λόγου
2695 4335 2926 4407 ἁρμόσει
2956 4335 3290 4406 προσένεξις.
3323 4328 3418 4396 Οἷς
3445 4333 3554 4402 γὰρ
3577 4331 3703 4387 τῶν

2127 4426 2386 4495 γλωσσῶν
2425 4428 2486 4480 τὸ
2532 4426 2703 4497 δῶρον
2743 4428 2984 4496 σήμερον
3016 4424 3406 4494 κατεπέμφθη,
3444 4424 3699 4493 σήμερον

2132 4518 2377 4587 ἀκριϐῶς
2405 4518 2694 4587 εὐλόγωςή
2752 4516 2845 4570 τοῦ
2870 4517 3031 4583 λόγου
3061 4514 3548 4585 προσενεχθήσεται
3589 4514 3707 4566 δω-

2135 4610 2251 4679 ρεά.
2278 4604 2444 4672 Οὗτος
2470 4610 2569 4677 μὲν
2586 4604 2678 4662 οὖν
2698 4610 2725 4662 ὁ
2746 4608 2845 4676 τῆς
2870 4607 3237 4676 προαιρέσεως
3262 4606 3415 4673 λόγος
3433 4621 3447 4636 ·
3474 4604 3709 4675 ήτήσθω

2126 4701 2173 4755 δ’
2216 4703 2348 4771 ἡμῖν
2375 4702 2474 4771 τὴν
2504 4704 2739 4771 τεχνῖτιν
2774 4700 3203 4771 συνεργάζεσθαι
3231 4699 3479 4769 δύναμιν,
3515 4699 3549 4769 ἦ
3596 4700 3705 4768 σή-

2133 4809 2296 4862 μερον
2317 4792 2384 4844 τὰ
2408 4791 2592 4863 ἀμαθῆ
2616 4794 2721 4846 τῶν
2749 4793 2942 4847 ἀλιέων
2979 4793 3289 4858 διανοίξασα
3310 4792 3574 4861 στόματα,
3603 4791 3706 4844 καὶ

2132 4882 2274 4937 κατά
2326 4881 2435 4935 τῶν
2481 4884 2780 4954 ἁμαχήτων
2814 4885 2871 4937 ἐν
2899 4883 2977 4954 τῷ
3020 4883 3196 4952 λέγειν
3237 4884 3524 4946 ὁπλίσασα,
3558 4882 3704 4953 ὁμοῦ

2132 4976 2178 5028 τ’
2209 4974 2453 5037 ἐκείνων,
2478 4977 2572 5028 καὶ
2611 4977 2708 5045 τῆς
2735 4972 2803 5048 ἦς
2831 4976 3051 5030 ἐλάλουν
3079 4976 3289 5044 σοφίας,
3324 4976 3707 5046 ύπερήκοντας

2136 5064 2325 5129 ἔδειξε.
2353 5066 2567 5137 Ταύτης
2605 5068 2715 5139 γὰρ
2756 5067 2851 5120 καὶ
2879 5067 2971 5120 νῦν
3000 5067 3183 5137 ἔργον,
3231 5068 3416 5137 ἀμαθῆ
3448 5067 3712 5135 γλῶσσαν

2137 5158 2573 5230 παρακροτῆσαι,
2618 5160 2713 5212 καὶ
2746 5159 2929 5213 δοῦναι
2958 5161 3153 5226 εἰπεῖν,
3188 5160 3262 5229 μή
3290 5158 3469 5227 πολλῷ
3504 5157 3710 5225 φαυλό-

2135 5266 2292 5317 τερον
2328 5250 2426 5319 τῆς
2469 5249 2800 5313 ὑποθέσεως.
2837 5248 2986 5303 Ἐλθὲ
3015 5248 3079 5319 δὴ
3124 5249 3237 5312 οῦν,
3266 5250 3300 5318 ή
3327 5250 3427 5318 τῆς
3464 5246 3712 5316 ἀληθοῦς

2138 5340 2390 5409 γνώσεως
2408 5340 2727 5403 διδάσκαλος
2753 5340 2945 5409 Σοφία,
2971 5340 3031 5393 τὸ
3055 5339 3281 5409 Πνεῦμα
3306 5339 3403 5408 τῆς
3422 5336 3709 5405 ἀληθείας,

2142 5431 2236 5485 καὶ
2269 5431 2330 5483 σὲ
2360 5431 2589 5497 θειάζειν
2615 5432 2995 5504 προελομένοις
3035 5432 3261 5501 φθέγξαι
3299 5431 3425 5500 περὶ
3449 5427 3709 5491 σεαυτοῦ,

2140 5521 2198 5575 ἐν
2226 5520 2303 5590 τῷ
2332 5522 2615 5593 πληρῶσαι
2652 5525 2714 5577 τὸ
2744 5524 2917 5594 στόμα
2949 5523 3129 5593 ἡμῶν.
3174 5520 3421 5591 Ἐξουσίᾳ
3454 5521 3564 5588 γάρ
3598 5533 3714 5570 πα-
