4070 6206
264 300 410 387 _125

1336 305 1617 368 ORATIO
1639 307 1776 368 XII.
1808 330 1874 342 --
1898 307 1983 369 ΙΝ
2019 304 2576 368 PENTECOSTEN.

3448 302 3548 369 126

298 408 430 484 Ἆρ’
461 408 564 466 οὖν
598 410 713 484 ἔχει
752 412 847 465 καὶ
867 412 938 466 τὰ
974 412 1214 485 παρόντα
1250 412 1346 483 τῆς
1386 413 1562 484 Ἰησοῦ
1592 415 1877 486 κρυφιότη·

1990 415 2219 486 gesimo.
2262 413 2378 468 Iloc
2402 428 2534 469 vero
2575 426 2813 484 quanam
2864 426 2932 469 ex
2972 411 3184 468 causa?
3231 412 3388 467 Anne
3430 411 3546 469 haec

299 523 394 567 τος
430 504 669 569 ἐπάξιον
696 506 1016 576 μυστήριον,
1043 506 1077 576 ἢ
1107 504 1291 568 ἁπλῶς
1311 504 1453 558 οὕτω
1487 503 1888 575 παραδέχεσθαι

298 599 406 669 χρή
428 615 447 663 ;
474 597 556 651 οὗ
583 596 683 667 μὲν
703 596 796 649 οὖν
815 612 830 626 ο
861 596 1013 649 οὐδὲν
1038 596 1181 667 εἰκῆ,
1207 596 1314 650 οὐδ’
1335 595 1646 666 ἀθεώρητον
1668 598 1696 649 δ
1718 596 1890 664 Λόγος

300 689 576 759 ἐπλήρου.
620 688 733 741 Καὶ
786 687 939 755 γοῦν,
969 688 1017 739 εί
1067 685 1345 758 βούλεσθε,
1395 684 1779 756 συγχωρητέον
1810 683 1889 754 τῷ

300 781 487 851 Λόγῳ,
518 781 604 843 είς
624 780 687 833 τὸ
715 779 878 849 βάθος
908 780 1016 832 τῶν
1044 779 1381 849 τελουμένων
1408 778 1710 847 ἐγκύψαντι
1741 779 1887 830 ἐκεῖ·

298 874 415 935 θεν,
444 873 624 937 εἶπως
650 871 897 937 δύναιτο,
926 871 1290 942 πειράσασθαι
1322 869 1633 935 ἀνελκύσαι,
1669 870 1798 933 ἴσως
1822 869 1884 922 ού

300 965 511 1035 φαῦλον
554 965 781 1035 θεωροῖς
815 964 1115 1035 ὀφθαλμοῖς
1152 963 1350 1033 θέαμα.
1390 963 1640 1033 Εὑρίσκω
1686 961 1749 1034 δὴ
1792 961 1885 1016 οὖν

296 1058 628 1128 τιμωμένην
644 1057 741 1127 τὴν
760 1056 1159 1127 Πεντηκοστήνο
1183 1055 1244 1108 ού
1262 1054 1425 1125 μόνον
1449 1056 1529 1107 δτι
1551 1053 1740 1125 ὥσπερ
1764 1054 1885 1125 ἱερὰ

300 1151 358 1215 ἐξ
387 1152 555 1221 ἱερᾶς
577 1149 695 1219 ἔχει
720 1149 876 1219 ῥίζης
910 1148 1009 1220 τὴν
1037 1148 1271 1216 γένεσιν,
1298 1146 1512 1217 ἐκείνης
1548 1148 1646 1218 τῆς
1672 1145 1883 1218 ἡμέρας

298 1242 357 1295 ἓν
378 1242 459 1312 τῷ
478 1282 497 1307 ,
520 1242 662 1311 πρὸς
682 1240 851 1310 αὐτὴν
873 1237 1329 1303 ἀνακυκλοῦσθαι,
1352 1236 1558 1308 ταύτην
1583 1236 1879 1307 γεννώσης,

295 1326 362 1402 ἧς
385 1330 501 1384 ἀπὸ
538 1329 758 1382 πάντων
790 1327 1131 1381 ἀνεπαύσατο
1156 1329 1184 1380 ὁ
1221 1327 1583 1397 Δημιουργδς,
1608 1324 1883 1395 ὁποτέρων

298 1422 479 1492 βούλει
503 1462 521 1486 ,
562 1419 676 1473 τῶν
720 1419 820 1485 τῆς
856 1416 1231 1488 ἐπιδημίας,ἢ
1262 1414 1373 1467 τῶν
1393 1416 1492 1486 τῆς
1522 1413 1881 1487 δημιουργίας

296 1513 511 1584 ἐργων⁸
557 1510 677 1563 ἀλλ’
727 1509 811 1562 ὅτι
859 1508 953 1561 καὶ⁵
993 1507 1163 1560 τύπον
1208 1506 1444 1578 ἐπλήρου
1482 1506 1580 1578 τῆς
1608 1506 1879 1576 ἀφεσίμου

295 1607 383 1659 καὶ
428 1605 747 1672 ἀπσπέρου
794 1600 1050 1673 ἡμέρας·
1100 1599 1189 1652 διὰ
1230 1599 1388 1652 τοῦτο
1415 1599 1508 1653 καὶ
1538 1601 1667 1670 παρ’
1690 1593 1774 1662 οἷς
1818 1597 1880 1651 τὸ

298 1697 528 1751 παλαιὸν
566 1693 916 1747 ἐπολιτεύετο
944 1694 1199 1764 γράμμα,
1232 1690 1421 1762 ὥσπερ
1447 1695 1503 1744 ἐν
1529 1693 1657 1763 σκιᾷ
1692 1708 1879 1761 φαινο-

1986 508 2125 579 ipsa,
2151 507 2366 562 occulta
2384 504 2515 562 Jesu
2546 505 2979 576 dispensatione,
3020 505 3245 576 dignum
3270 504 3399 574 quid
3440 519 3556 577 my-

1988 599 2377 664 steriihabent,
2408 605 2504 652 aut
2526 596 2606 653 sic
2625 606 2831 653 temere
2859 597 3120 667 nulloque
3146 598 3379 652 consilio
3398 608 3549 667 gesta

1986 698 2206 765 oportet
2239 690 2529 763 accipere?
2554 689 2708 745 Absit
2735 690 2749 743 ι
2772 688 2923 744 Nihil
2954 699 3158 744 temere
3212 704 3277 744 ac
3309 688 3553 756 frustra;

1986 784 2122 839 nihil
2154 783 2392 838 Verbum
2431 782 2691 852 implebat
2734 782 2879 851 quod
2934 796 3041 835 non
3068 782 3331 852 spiritalis
3348 782 3553 852 aliquid

1985 873 2357 943 intelligentiae
2384 871 2629 925 haberet.
2656 869 2867 940 Itaque,
2901 872 2947 925 si
2978 871 3130 936 libet,
3159 871 3402 926 habenas
3429 886 3556 926 ora-

1981 963 2120 1018 tioni
2164 964 2497 1027 laxabimus,
2550 968 2608 1016 ut
2645 962 2699 1015 in
2756 961 3151 1033 mysteriorum
3210 962 3550 1017 altitudinem

1984 1051 2227 1116 intuens,
2276 1049 2424 1117 inde,
2452 1049 2634 1120 quoad
2683 1049 2798 1104 ﬁeri
2833 1058 3034 1119 potest,
3072 1052 3359 1106 extrahere
3394 1051 3554 1121 quid-

1983 1143 2127 1214 piam
2155 1149 2405 1207 conetur,
2443 1141 2587 1196 haud
2613 1141 2753 1197 forte
2788 1142 2944 1208 illud,
2977 1142 3309 1212 spiritalium
3357 1158 3553 1198 senso-

1982 1247 2104 1286 rum
2146 1231 2607 1302 contemplatione
2651 1233 2888 1287 eruditis
2925 1234 3105 1288 oculis
3183 1235 3549 1303 spernendum

1981 1323 2047 1378 ad
2087 1326 2482 1393 spectaculum.
2533 1323 2771 1395 Reperio
2839 1325 3023 1394 itaque
3069 1325 3264 1380 honori
3309 1327 3550 1380 habitam

1981 1412 2529 1485 Quinquagesimam,
2564 1414 2767 1471 nedum
2795 1431 2862 1470 eo
2894 1415 3077 1479 titulo,
3106 1415 3253 1486 quod
3280 1418 3429 1471 velut
3457 1432 3549 1471 sa—

1980 1521 2097 1571 cra,
2126 1522 2281 1563 sacra
2313 1522 2382 1562 ex
2422 1509 2606 1562 radice
2658 1506 2926 1576 originem
2975 1506 3174 1562 habeat
3204 1524 3219 1560 :
3246 1523 3311 1563 ex
3342 1509 3433 1561 illa
3462 1509 3549 1563 ni-

1982 1596 2178 1648 mirum
2206 1595 2317 1658 die,
2349 1611 2470 1666 quae
2497 1597 2551 1650 in
2583 1598 2823 1666 seipsam
2858 1610 3154 1654 recurrens
3185 1610 3253 1654 ac‘
3270 1599 3549 1669 aliquanto

1980 1689 2207 1757 repetita
2252 1688 2391 1741 hanc
2423 1698 2668 1758 generat,
2727 1703 2837 1759 qua
2886 1704 3081 1759 nempe
3118 1705 3301 1745 rerum
3355 1690 3547 1762 Opifex

299 1789 429 1858 μὲνη
460 1785 646 1838 ἐδίδου
678 1784 898 1837 πάντων
940 1783 1275 1853 ἐλευθερίαν,
1318 1781 1595 1835 ἐπὶτοῦτο
1637 1781 1874 1852 ἀριθμοῦ

1979 1779 2050 1833 ab
2097 1779 2246 1833 omni
2286 1781 2555 1851 requievit
2599 1796 2785 1851 opere,
2835 1797 3176 1852 quaecunque
3228 1784 3445 1839 tandem
3486 1783 3551 1837 li-

295 1878 380 1931 τοῧ
418 1877 535 1930 τῶν
563 1872 835 1928 ἐνιαυτῶν
872 1873 1072 1927 κύκλου
1104 1873 1527 1944 καθισταμένουο
1547 1871 1876 1944 δηλούντων,

1981 1871 2161 1925 huerit
2190 1885 2375 1940 Opera,
2416 1872 2531 1928 sive
2556 1874 2824 1930 adventus
2865 1890 2929 1931 ac
2979 1875 3403 1939 incarnationis,
3434 1876 3549 1930 sive

293 1963 467 2039 οἶμαι,
523 1967 641 2020 τῶν
683 1965 1048 2034 τελουμένων,
1091 1964 1167 2027 ὡς
1196 1964 1333 2033 μετὰ
1374 1965 1473 2035 τὴν
1522 1963 1877 2034 ἐὸδοματικὴν

1980 1962 2320 2018 creationis-:
2349 1979 2535 2019 verum
2562 1968 2726 2020 etiam
2775 1967 2921 2036 quod
2958 1967 3063 2021 diei
3103 1967 3450 2023 remissionis
3483 1982 3549 2022 ac

290 2060 496 2130 ταύτην
520 2058 801 2128 περίοδον,
832 2058 933 2127 τῆς
972 2056 1264 2127 ἐπικαίρου
1303 2056 1397 2110 καὶ
1433 2056 1684 2126 ὢυλικῆς
1720 2055 1877 2126 ἡμῶν

1978 2070 2261 2124 vesperam
2327 2071 2439 2110 non
2489 2057 2742 2112 habentis
2790 2057 3018 2127 ﬁguram
3069 2068 3303 2128 gereret.
3334 2059 3548 2113 Idcirco

290 2152 462 2222 ζωῆς,
503 2151 867 2222 ἐπιστήσεται
909 2149 1092 2220 ἐκείνη
1126 2149 1161 2219 ή
1194 2147 1399 2218 ἡμέρα,
1426 2146 1546 2200 καθ’
1571 2147 1639 2219 ἢν
1674 2147 1774 2219 τὴν
1796 2149 1877 2210 είς

1977 2149 2141 2201 etiam
2169 2147 2309 2216 apud
2338 2164 2434 2203 eos
2472 2162 2702 2218 quorum
2750 2165 2835 2204 res
2883 2150 2949 2203 ex
2978 2150 3196 2219 scripta:
3226 2150 3361 2220 legis
3404 2165 3545 2219 pra:-

294 2244 358 2296 τδ
400 2244 628 2313 ἀρχαῖον
672 2240 1124 2296 ἀποκατάστασιν
1166 2239 1353 2293 λαϐεῖν
1404 2239 1610 2310 δεήσει,
1642 2239 1737 2292 καὶ
1772 2238 1872 2311 τήν

1977 2239 2177 2308 scripto
2196 2238 2739 2303 administrabantur,
2755 2240 2901 2296 velut
2920 2241 2973 2294 iu
2997 2240 3190 2295 umbra
3203 2243 3546 2312 obscuraque

305 2331 513 2385 ἄνωθεν
531 2332 618 2384 καὶ
646 2329 841 2400 πρώην
869 2327 1182 2400 ἐλευθερίαν

1977 2330 2341 2386 delineatione
2382 2347 2658 2401 apparens
2686 2333 2758 2387 ab
2784 2333 3062 2388 universis
3092 2333 3294 2390 liberos
3318 2345 3545 2404 praesta-

310 2427 420 2488 bat,
449 2426 530 2479 ubi
561 2440 838 2479 annorum
882 2424 1123 2479 circulus
1161 2438 1227 2477 ao
1254 2437 1378 2477 eum
1413 2437 1699 2478 numerum
1724 2422 2004 2480 revolutus
2034 2432 2201 2481 esset.
2236 2424 2474 2491 Quibus,
2544 2426 2763 2495 opinor,
2837 2425 3252 2514 signiﬁcabatpr
3301 2426 3420 2482 fore
3485 2436 3545 2482 ut

300 2528 420 2586 post
448 2517 823 2588 septenariam
852 2515 994 2571 hanc
1019 2517 1142 2570 vita!
1173 2525 1379 2570 nostra:
1402 2515 1708 2585 periodum,
1736 2524 2141 2585 temporaneam
2182 2517 2331 2571 illam
2381 2531 2444 2571 ac
2513 2517 2765 2572 servituti
2810 2517 3126 2585 obnoxiam,
3217 2520 3309 2574 ille
3378 2518 3541 2575 adve-

290 2615 404 2668 niat
432 2615 555 2669 dies
594 2629 711 2685 quo
740 2616 795 2668 in
817 2614 1094 2684 integrum
1121 2612 1446 2668 restituendi
1475 2613 1671 2675 simus,
1705 2614 2102 2685 pristinamque
2126 2630 2189 2669 ac
2219 2616 2498 2685 antiquam
2527 2614 2831 2671 libertatem
2860 2616 3154 2686 recepturi.

2045 2734 2313 2803 Quoniam
2360 2736 2527 2806 igitur
2568 2737 2873 2793 etiamnum
2926 2736 3148 2792 divinus
3196 2735 3433 2807 Spiritus
3475 2753 3541 2792 eo

1972 2829 2138 2891 venit,
2201 2839 2262 2882 ut
2317 2843 2510 2882 novam
2560 2828 2717 2903 nobis
2767 2827 2894 2882 vita:
2941 2827 3205 2882 rationem
3250 2828 3545 2895 constituat

370 2730 530 2784 Ἐπεὶ
552 2729 655 2784 οὖν
679 2730 774 2784 καὶ
800 2729 894 2785 νῦν
915 2732 949 2801 ή
972 2730 1064 2783 τοῦ
1100 2721 1411 2802 Πνεύματος
1442 2733 1706 2806 ἐπιδημία
1739 2733 1866 2786 νέαν

284 2824 423 2895 ἡμῖν
466 2817 608 2895 ἦλθε
658 2820 776 2892 βίου
823 2821 1155 2876 κατάστασιν
1192 2822 1551 2895 διαθήσουσα,
1595 2824 1691 2877 καὶ
1729 2824 1866 2894 πρὸς

286 2916 509 2985 ἐκείνην
534 2914 640 2984 τὴν
675 2912 890 2985 ἡμέραν
916 2913 1026 2968 ἀπὸ
1048 2912 1141 2967 τοῦ
1160 2913 1387 2979 σκότους
1416 2914 1512 2984 τῆς
1541 2915 1600 2968 ἐν
1627 2913 1705 2984 τῷ
1728 2932 1871 2984 παρ-

1977 2933 2186 2988 nosque
2211 2917 2282 2971 ad
2316 2919 2459 2971 illam
2486 2918 2625 2973 diem
2657 2918 2726 2972 ab
2755 2919 2919 2988 hujus
2953 2919 3143 2975 saeculi
3176 2920 3357 2974 noctis
3390 2928 3541 2975 tene-

285 3004 401 3062 όντι
442 3007 549 3078 βίῳ
602 3007 799 3067 νυκτὸς
865 3006 1239 3076 διεγείρουσα,
1277 3006 1366 3061 διὰ
1398 3006 1557 3060 τοῦτο
1604 3007 1662 3059 ἐν
1703 3006 1877 3078 ταύτῃ

1977 3008 2092 3065 bris
2141 3010 2366 3074 excitet,
2420 3009 2623 3063 idcirco
2655 3008 2758 3063 hoc
2787 3009 2907 3079 ipso
2952 3009 3040 3064 die
3089 3009 3328 3064 advenit.
3386 3010 3538 3077 Quod

289 3102 666 3171 παραγίνεται
705 3103 771 3171 τῇ
817 3101 1027 3172 ἡμέρᾳ.
1062 3101 1135 3154 Τὸ
1178 3101 1233 3154 δέ
1272 3117 1337 3171 γε
1371 3100 1510 3169 μετὰ
1550 3100 1647 3171 τὴν
1693 3099 1877 3154 ἄνοδον

1977 3108 2155 3155 autem
2185 3100 2396 3156 decima
2416 3104 2483 3155 ah
2510 3101 2630 3170 ejus
2660 3102 2713 3156 in
2740 3103 2937 3158 ccelum
2971 3090 3311 3157 Ascensione
3346 3102 3458 3166 ﬁat,
3475 3116 3538 3157 ea

290 3193 429 3249 εἶναι
452 3196 721 3267 δεκάτην,
744 3196 828 3248 ὃτι
850 3194 1041 3268 ὥσπερ
1063 3198 1097 3268 ἡ
1122 3194 1346 3267 ἑϐδόμη,
1376 3194 1521 3250 οὕτω
1545 3196 1639 3248 καὶ
1662 3197 1695 3267 ἡ
1718 3195 1874 3265 τρίτη

1977 3193 2116 3247 ratio
2160 3192 2251 3257 sit,
2278 3191 2425 3263 quod
2449 3193 2589 3248 sicut
2612 3194 2863 3264 septima,
2901 3195 2983 3249 sic
3023 3202 3078 3249 et
3119 3194 3279 3249 tertia
3311 3195 3542 3265 repetita

289 3289 372 3358 ἐφ’
406 3288 623 3358 ἑαυτὴν
663 3288 1131 3362 ἅνακυκλουμένη,
1173 3288 1378 3359 ταύτην
1412 3290 1545 3359 ήμϊν
1578 3288 1678 3360 τὴν
1726 3288 1877 3358 ἱερὰν

1977 3300 2041 3340 ac
2069 3286 2346 3353 revoluta,
2408 3300 2622 3361 sacram
2675 3288 2818 3343 hanc
2859 3287 3017 3343 nobis
3065 3286 3319 3341 conﬁciat
3373 3286 3541 3343 diem.

287 3381 506 3451 ἡμέραν
543 3379 866 3433 ἀνέστελλεν
893 3378 935 3433 1.
981 3376 1090 3433 Ἦν
1118 3381 1163 3435 δ’
1194 3382 1302 3455 ἄρα
1330 3382 1423 3436 καὶ
1465 3380 1622 3434 τοῦτο
1654 3381 1877 3434 ἀκόλουο

1977 3376 2108 3432 Erat
2157 3393 2286 3433 vero
2326 3379 2427 3433 hoc
2458 3379 2658 3434 rationi
2708 3388 3161 3446 consentaneum,
3201 3395 3311 3433 non
3361 3380 3539 3436 solum

290 3473 401 3537 θον,
427 3473 493 3525 οὐ
534 3472 703 3542 μόνον
725 3471 813 3525 διὰ
835 3472 933 3541 τὴν
960 3473 1059 3543 τῆς
1088 3472 1344 3544 θεαρχίας
1374 3475 1617 3542 τριττὴν,
1650 3473 1764 3526 ἀλλ’
1793 3475 1874 3527 ὅτι

290 3563 381 3616 καὶ
428 3563 496 3614 τὸ
534 3561 683 3631 μέγα
710 3561 871 3633 ἔργον
911 3563 1009 3633 τῆς
1041 3562 1131 3616 τοῦ
1176 3565 1382 3633 κόσμου
1425 3565 1716 3634 ἐγέρσεως,
1762 3581 1877 3636 τρι-

288 3655 443 3714 ταῖος
493 3654 523 3704 ό
569 3652 743 3729 Λόγος
796 3651 1362 3722 διεπραγματεύσατα
1422 3653 1581 3707 Ἀλλὰ
1630 3653 1725 3706 τοῦ
1777 3652 1876 3723 μὲν

232 3730 237 3735 ’
289 3742 499 3798 κείσθω
528 3743 592 3794 ού
631 3743 907 3814 πάρεργον
943 3743 1072 3807 ἴσως
1099 3746 1212 3807 τοῖς
1251 3745 1681 3814 φιλακροάμοσιν
1712 3745 1877 3798 ἄκου-

292 3852 426 3908 αμα⁸
462 3836 925 3905 ἐπαναχωρητέον
949 3835 993 3888 δ’
1017 3835 1138 3888 ὅθεν
1169 3835 1589 3906 ἐξεληλύθαμεν.
1619 3834 1876 3906 Ἔρχεται

289 3931 353 4001 δὴ
380 3927 617 3999 πληρῶν
642 3928 742 3997 τὴν
771 3925 1104 3995 ἐπαγγελίαν
1130 3926 1222 4001 τοῦ
1248 3926 1401 3993 Υίοῦ,
1441 3929 1468 3980 ὁ
1497 3925 1874 3998 Παράκλητος,

292 4023 351 4074 τὸ
379 4018 614 4088 Πνεῦμα
644 4018 705 4069 τὸ
737 4016 960 4085 ἀγαθὸν,
987 4017 1081 4069 ἐπὶ
1119 4018 1245 4081 τοὺς
1271 4018 1450 4089 ἱεροὺς
1487 4018 1755 4088 μαθητὰς,
1783 4017 1877 4070 καὶ

287 4116 356 4168 δι’
384 4113 619 4168 ἐκείνων
652 4110 895 4179 ἁγιάσων
937 4108 1037 4180 τήν
1065 4109 1261 4175 κτίσιν,
1300 4110 1397 4179 τὴν
1430 4109 1534 4161 ὑπδ
1571 4108 1680 4162 τῶν
1706 4125 1875 4180 πονη-

294 4207 405 4278 ρῶν
438 4203 954 4273 διαλελυμασμένην
976 4202 1322 4274 πνευμάτων.
1360 4202 1474 4253 Οὐκ
1503 4200 1585 4253 ἔτι
1615 4200 1738 4254 καθ’
1757 4201 1873 4264 ἕνα,

1976 3480 2199 3544 prepter
2227 3472 2467 3526 divinam
2497 3470 2854 3537 Trinitatem,
2888 3474 2982 3528 sed
3029 3473 3157 3542 quia
3200 3473 3367 3526 etiam
3406 3470 3540 3527 Vero

1976 3566 2105 3621 butn
2140 3578 2393 3634 magnum
2427 3564 2561 3618 illud
2602 3566 2829 3618 excitati
2876 3579 2942 3617 ac
2994 3566 3310 3619 resuscitati
3353 3565 3540 3618 mundi

1975 3671 2123 3727 opus
2165 3657 2333 3711 tridui
2368 3656 2939 3727 spatioabsolvisset.
2966 3653 3168 3709 Verum
3198 3656 3311 3710 haec
3339 3654 3541 3710 fortas-

1978 3748 2189 3824 sismon
2218 3747 2315 3800 abs
2344 3761 2404 3800 re
2423 3745 2567 3800 dicta
2597 3746 2742 3815 apud
2768 3760 2862 3800 eos
2893 3744 3099 3799 fuerint
3123 3746 3215 3813 qui
3267 3745 3538 3814 ejusmodi

1978 3838 2157 3894 sensis
2204 3837 2583 3901 delectantur,
2635 3836 2731 3892 sed
2789 3837 2949 3893 nobis
3007 3838 3420 3907 regrediendum
3475 3854 3540 3894 eo

1979 3932 2121 3985 unde
2146 3945 2333 3985 sumus
2362 3928 2786 4000 egressi.,Venit
2812 3945 2943 4000 ergo
2961 3929 3084 3984 Filii
3121 3931 3539 3999 promissionem

1978 4022 2301 4093 impleturus
2334 4021 2676 4087 Paracletus,
2739 4022 2938 4086 bonus,
2969 4023 3217 4093 inquam,
3247 4022 3339 4078 ille
3365 4023 3541 4095 Spiri-

1977 4122 2088 4176 tus,
2136 4114 2191 4168 in
2220 4124 2470 4169 sacratos
2500 4112 2831 4183 discipulos,
2852 4121 3021 4183 utque
3046 4128 3142 4184 per
3171 4114 3294 4170 illos
3322 4120 3538 4169 creatu-

1976 4222 2092 4260 ram
2126 4207 2512 4271 sanctilicaret,
2536 4220 2567 4259 ιι
2599 4206 2758 4260 malis
2788 4207 2929 4260 male
2950 4202 3187 4260 habitam
3212 4205 3539 4276 damnisque

292 4300 387 4351 καὶ
427 4295 577 4351 κατὰ
623 4294 789 4365 μέρος
820 4292 1037 4362 ἁγιάζει
1061 4307 1075 4321 ⁸
1112 4292 1221 4348 οὐδ’
1251 4291 1330 4345 ἐνὶ
1359 4293 1503 4360 γένει
1532 4291 1627 4355 τὰς
1654 4293 1875 4362 εὐεργε-

1978 4297 2226 4353 οίῖοειειιη
2272 4297 2582 4367 spiritibus.
2620 4295 2775 4351 Haud
2823 4299 2967 4353 ultra
3019 4297 3110 4353 ille
3161 4298 3441 4368 sigillatim
3471 4313 3537 4351 ac

292 4392 418 4454 σίας
469 4385 949 4456 ἐπιδαψιλεύεταιο
999 4384 1112 4438 ἀλλ’
1157 4383 1290 4455 ὁμοῦ
1322 4383 1498 4438 πάντα
1532 4382 1732 4454 πληροῖ
1768 4382 1874 4436 κό-

291 4498 435 4554 σμον
471 4477 777 4549 ἁγιασμοῦ.
820 4475 941 4530 Οὐδ’
967 4476 1047 4530 ἔτι
1073 4475 1232 4547 μόνος
1264 4475 1293 4527 ὁ
1323 4475 1592 4547 ἀγνώμων
1629 4474 1876 4539 Ἰουδαῖος

286 4573 387 4627 τοῦ
415 4572 568 4625 θείου
601 4568 834 4623 πλούτου
867 4567 1214 4639 κατατρυφᾷ,
1245 4566 1452 4630 πάντας
1478 4567 1557 4629 είς
1590 4565 1683 4619 τὸν
1711 4564 1875 4619 αὐτοῦ

287 4664 501 4735 κλῆρον
526 4660 933 4729 εἰσαγαγόντος,
957 4656 1052 4711 τοῦ
1072 4657 1252 4718 κακῶς
1278 4658 1369 4710 ὑπ’
1389 4657 1598 4711 ἐκείνου
1615 4657 1874 4721 παθόντο,

287 4757 667 4828 κληρονόμουο
727 4753 849 4807 οὐδὲ
907 4752 1065 4825 μόνος
1137 4752 1301 4821 εἰδείη
1339 4752 1438 4823 τὴν
1496 4753 1643 4805 θείαν
1696 4752 1870 4818 δόξαν,

288 4850 482 4919 πάσης
520 4844 900 4916 μανθανούσης
945 4844 1145 4915 σαρκὸς
1188 4843 1249 4897 τὸ
1295 4845 1557 4915 σωτήριον
1588 4842 1681 4897 τοῦ
1713 4842 1869 4896 θεοῦ.

284 4937 425 4990 Οᾶδὲ
456 4935 709 4988 κείσεται
733 4932 862 5004 παρ’
886 4932 1035 5004 αὑτῷ
1054 4934 1150 5004 τῆς
1174 4935 1506 5003 προφητείας
1527 4933 1587 4986 τὸ
1603 4933 1867 5003 χάρισμα,

284 5030 381 5080 ἐπὶ
413 5029 608 5081 πᾶσαν
633 5002 1223 5096 σάρκα-χεομένουήτοῦ
1249 5002 1584 5097 Πνεύματος,
1614 5002 1872 5097 xui/etpo-

285 5122 645 5192 φητευόντων
727 5117 892 5182 υἱῶν,
965 5118 1059 5171 καὶ
1120 5116 1435 5190 θυγατέρων
1498 5119 1868 5189 ὼδινηθέντων

282 5213 586 5283 ἀκράντοις
616 5208 794 5263 ὠδῖσι.
824 5276 831 5277 ί

351 5521 403 5555 ’⁵
433 5518 638 5575 Matth.
672 5532 793 5577 ut.
828 5516 921 5573 59.

1976 4404 2040 4445 ex
2071 4399 2224 4459 parte
2261 4389 2585 4452 sanctiﬁcat,
2629 4404 2729 4443 nec
2773 4389 2867 4471 uni
2903 4396 3115 4441 tantum
3174 4388 3381 4443 nationi
3437 4402 3537 4442 sua

1976 4481 2120 4536 dona
2148 4480 2374 4549 cepiose
2405 4478 2653 4545 cﬁundit,
2690 4479 2784 4534 sed
2822 4479 2986 4533 simul
3019 4479 3333 4545 universum
3371 4495 3534 4532 mun-

1978 4571 2107 4628 dum
2135 4570 2498 4625 sanctimonia
2523 4569 2739 4639 plenum
2764 4567 2943 4624 eﬁicit.
2978 4568 3088 4623 Nec
3110 4584 3276 4640 porro
3300 4570 3533 4639 amplius

1978 4658 2228 4727 ingratus
2252 4657 2640 4727 improbusque
2661 4655 2890 4712 Judteus
2920 4656 3234 4713 divinarum
3265 4658 3415 4713 solus
3452 4656 3535 4711 di-

1970 4752 2228 4807 vitiarum
2262 4750 2489 4807 delicias
2519 4752 2772 4821 percipit,
2806 4767 2932 4806 cum
2965 4752 3222 4806 nimirum
3250 4766 3410 4827 quem
3443 4750 3533 4806 ille

1970 4844 2237 4900 haaredem
2264 4845 2404 4897 male
2437 4854 2611 4899 morte
2643 4842 2846 4909 aﬁ‘ecit,
2875 4843 2930 4896 in
2956 4857 3118 4911 suam
3147 4856 3335 4896 omnes
3361 4841 3534 4895 intro—

1966 4936 2137 4992 ducat
2184 4936 2564 4991 hmreditatem
2599 4934 2784 4989 :haud
2829 4934 2956 4988 item
2991 4933 3141 4988 solus
3195 4932 3408 4988 noverit
3440 4929 3531 4985 Dei

1964 5025 2218 5095 gloriam,
2248 5038 2371 5077 cum
2398 5024 2582 5078 omnis
2613 5038 2744 5079 caro
2796 5022 2891 5078 Dei
2924 5022 3165 5078 salutare
3193 5021 3530 5081 doceatur”.

1964 5115 2075 5170 Nec
2124 5114 2342 5169 demum
2401 5114 2699 5185 prophetia)
2744 5112 2884 5184 apud
2936 5128 3061 5169 eum
3087 5113 3289 5169 donum
3319 5112 3536 5184 deposi-

1960 5215 2079 5261 tum
2112 5205 2236 5268 erit,
2274 5220 2401 5259 cum
2438 5204 2681 5277 Spiritus
2724 5205 3035 5260 eﬁ'undatur
3070 5206 3126 5259 in
3161 5218 3377 5261 Omnem
3404 5219 3532 5258 car-

1982 5312 2147 5359 nem,
2195 5299 2621 5366 propheteutque
2669 5296 2761 5351 ﬁlii
2804 5306 2966 5366 atque
3013 5296 3137 5352 ﬁliae
3206 5296 3529 5352 intemerato

1972 5392 2100 5446 editi
2138 5398 2323 5463 partu.

1566 5642 1801 5701 VARUE
1844 5644 2245 5704 LECTIONES.

410 5736 423 5774 1
466 5730 603 5803 Leg,
636 5728 941 5786 ἀνέτελλεν.
