4070 6206
510 247 607 310 ῙΖΊ

1744 234 2021 299 LEONIS
2056 233 2517 293 PHILOSOPHI

3639 225 3745 289 128

572 356 732 412 Nunc
760 354 930 409 eﬂ'usa
964 360 1049 409 est
1083 353 1369 407 afﬂuenter
1400 352 1577 405 sancti
1606 348 1845 417 Spiritus
1869 345 2066 417 gratia;

2241 326 2355 392 Νῦν
2404 340 2634 412 ἐξεχύθη
2685 339 2954 402 πλουσίως
3007 337 3099 390 τοῦ
3133 338 3513 407 Πνεύματοςὴ
3562 337 3748 409 χάρις.

504 448 649 521 quod
679 447 901 516 quidam
931 446 1319 515 prophetarum
1346 443 1479 497 olim
1515 442 1568 494 in
1608 440 1807 507 spiritu
1861 436 2073 499 videns,

504 541 839 594 vaticinatus
863 549 948 591 est
985 538 1051 589 ’⁸.
1103 534 1331 603 Propter
1355 535 1457 587 hoc
1491 548 1521 586 e
1556 530 1724 585 labris
1756 529 1985 583 rudibus
2021 537 2077 582 et

505 631 740 686 indoctis
798 627 1087 701 sapientiae
1162 624 1437 695 proﬂuunt
1485 622 1709 682 ﬂuenta,
1792 620 2077 687 tribusque

508 733 563 778 et
606 723 803 792 linguae
831 719 1074 774 enarrari
1119 718 1347 771 audiunt
1391 714 1481 769 Dei
1528 713 1797 783 rnagnalia
1819 714 1887 765 ⁸⁷.
1922 710 2077 766 Nunc

508 815 665 886 probi
692 813 869 866 coloni
908 811 1110 863 virtute
1149 824 1213 862 ex
1247 810 1358 860 alto
1396 805 1634 859 roborati
1690 813 1853 874 atque
1898 806 2078 856 ﬁrma-

509 908 573 970 ti,
608 922 675 961 ex
704 920 835 974 agro
886 900 1171 956 Dominico
1213 900 1472 968 nequitiae
1528 897 1737 950 zizania
1794 896 2076 957 auferunt.

514 998 865 1065 emlestisque
921 1009 1060 1047 areae
1116 992 1356 1046 fructum
1414 990 1483 1043 ad
1541 994 1842 1043 ubertatem
1904 1003 2078 1058 usque

509 1090 876 1158 adaugcbunt.
899 1085 1056 1140 Nunc
1083 1086 1279 1153 lingua:
1305 1083 1446 1153 ignis
1472 1082 1774 1152 dispertita:
1794 1080 2081 1135 divisionis

509 1182 639 1235 olim
665 1180 823 1234 facta:
852 1179 968 1250 (59)
996 1178 1262 1231 unitatem
1294 1176 1553 1229 ctﬁciunt.
1580 1174 1722 1228 Nam
1755 1182 1810 1226 et
1833 1172 1964 1226 mihi
1999 1172 2081 1226 id-

508 1274 659 1327 circo
690 1272 906 1325 videtur
939 1270 1109 1324 forma
1138 1270 1237 1322 hac
1269 1268 1487 1337 linguas
1512 1266 1872 1336 apparuisse;
1907 1279 2083 1334 quan—

509 1380 675 1435 quam
723 1364 958 1419 liberum
998 1370 1103 1423 est,
1138 1370 1197 1413 ut
1226 1362 1353 1429 quis
1387 1360 1507 1428 ejus
1554 1359 1629 1411 rei
1667 1358 1803 1412 alias
1839 1357 2084 1411 rationes

509 1459 644 1514 velit
692 1458 997 1526 assignare.
1055 1455 1132 1507 Ac
1186 1468 1316 1507 vero
1370 1450 1537 1519 hujus
1581 1458 1768 1521 specta
1820 1450 2085 1505 doctrinae

512 1549 858 1618 mysterium.
899 1545 1040 1599 Olim
1087 1544 1308 1614 quidem
1356 1543 1627 1612 dividens,
1658 1555 1723 1593 ac
1749 1540 1817 1593 ab
1853 1542 2083 1595 invicem

514 1654 775 1708 separatis
805 1640 1098 1691 humanam
1127 1637 1375 1705 stirpem,
1402 1633 1531 1702 quid
1554 1634 1711 1704 agit?
1743 1632 1945 1698 Venite,
1996 1632 2082 1685 in-

514 1732 655 1799 quit,
689 1728 1087 1793 descendamus,
1108 1738 1155 1781 et
1176 1726 1560 1795 confundamus
1580 1725 1784 1794 linguas
1807 1739 1988 1777 eorum
2005 1723 2081 1777 '3:

514 1820 898 1875 descendentis
941 1834 1073 1873 voce
1134 1818 1190 1871 in
1224 1816 1631 1871 multitudinem
1665 1813 1914 1869 dividens
1968 1827 2085 1878 eos,

516 1914 606 1983 qui
626 1929 735 1967 non
767 1913 866 1965 rite
889 1911 1109 1965 adunati
1145 1910 1397 1965 fuissent.
1425 1907 1583 1962 Nunc
1613 1922 1764 1968 vero,
1799 1906 2086 1976 ignearum

515 1999 825 2070 linguarum
856 1999 1147 2063 divisione,
1179 1998 1511 2053 divisionem
1561 1998 1614 2051 in
1656 2012 1825 2053 unum
1855 1996 2084 2062 colligit.

516 2087 763 2145 Observa
823 2104 952 2144 vero
1000 2091 1211 2143 unitum
1250 2088 1451 2158 ignem,
1485 2088 1538 2142 in
1573 2096 1708 2159 quot
1756 2103 1820 2141 ac
1856 2096 2089 2156 quantas

518 2194 704 2254 partes
731 2184 1109 2254 dispertiatur.
1144 2182 1211 2236 Et
1235 2185 1338 2238 hoc
1355 2182 1575 2253 quidem
1614 2184 1761 2237 hunc
1784 2183 1839 2235 in
1868 2180 2087 2234 modum

516 2292 548 2330 a
573 2277 732 2331 nobis
772 2276 1126 2331 observatum
1190 2284 1298 2331 est.
1346 2275 1687 2329 Audiebalur
1729 2282 1911 2327 autem
1949 2273 2091 2327 inter

519 2377 708 2434 gentes
730 2366 1002 2437 variarum
1036 2366 1343 2436 linguarum
1401 2365 1604 2437 cuique
1630 2366 2092 2435 proprialoquens

519 2476 711 2515 eormn
760 2460 966 2528 lingua,
1007 2473 1146 2527 quos
1184 2457 1548 2513 neseivissent
1591 2458 1812 2527 quidem
1870 2459 2089 2512 ubinam

522 2552 766 2621 gentium
824 2550 1175 2612 habitarent,
1227 2551 1546 2619 priusquam
1591 2550 1669 2603 illi
1722 2547 1853 2605 Jesu
1900 2549 2091 2604 sociati

520 2651 727 2699 essent.
754 2641 991 2711 Eratque
1020 2656 1109 2695 res
1128 2642 1652 2696 omniadtniratione
1675 2642 1829 2711 plena
1856 2660 1869 2695 :
1892 2642 2093 2711 quippe

521 2748 641 2791 erat
696 2734 851 2804 plane
910 2734 1196 2799 inusitata,
1251 2744 1417 2803 atque
1465 2749 1495 2786 a
1527 2733 1863 2803 loquentium
1901 2741 2094 2785 natura

526 2842 593 2882 ac
629 2826 876 2880 moribus
909 2825 1069 2894 longe
1094 2824 1295 2877 aliena.
1342 2822 1612 2889 Quocirca
1642 2824 1710 2878 ab
1754 2822 2093 2877 absurdissi-

525 2920 629 2973 mis
661 2918 971 2971 mortalium
993 2918 1049 2968 in
1078 2915 1740 2970 absurdisnumerabatur
1788 2929 1851 2968 ac
1880 2923 2091 2967 tantum

2173 437 2309 505 ὅπερ
2350 452 2433 497 τις
2467 434 2634 488 πάλαι
2667 433 2879 503 βλέπων
2911 435 2987 496 ἐν,
3014 430 3286 500 πνεύματι
3321 427 3614 499 προῦλεγε.
3650 432 3757 485 Διὰ

2174 533 2331 585 τοῦτο
2381 532 2447 584 ὲκ
2492 529 2715 599 χειλέων
2751 527 3052 580 ἁδιδάκτων
3104 523 3294 592 σοφίας
3336 522 3632 593 προχέεται
3663 522 3761 576 νά-

2181 641 2372 693 ματα,
2422 621 2517 673 καὶ
2574 620 2739 688 φυλαὶ
2788 619 2883 671 καὶ
2931 618 3173 685 γλῶσσαι
3235 615 3305 667 τὰ
3350 616 3611 686 μεγαλεῖα
3659 614 3759 669 τοῦ

2175 715 2311 768 Θεοῦ
2355 713 2610 771 ἀκούουσι
2639 710 2998 781 διηγούμενα.
3031 710 3145 761 Νῦν
3174 711 3239 778 τῇ
3276 708 3334 773 ἐξ
3371 707 3537 777 ὕψους
3569 707 3622 759 οἱ
3652 725 3763 760 κα·-

2176 810 2258 862 λοὶ
2315 808 2542 880 ἐργάται
2601 805 2825 874 δυνάμει
2884 802 3216 874 ρωσθέντες,
3265 799 3358 853 τοῦ
3419 799 3761 853 Δεσποτικοῦ

2177 899 2475 969 γεωργίου,
2512 896 2571 948 τὸ
2596 896 2694 966 τῆς
2722 893 2987 964 πονηρίας
3016 891 3453 959 άποκαθαίρουσι
3488 888 3759 955 ζιζάνιον,

2178 992 2274 1046 καὶ
2317 995 2384 1063 τῇ
2431 990 2666 1061 οὐρανίῳ
2701 988 2813 1058 ἅλῳ
2839 987 2932 1040 τὸν
2961 984 3173 1055 καρπὸν
3208 985 3286 1047 είς
3334 981 3535 1049 πλῆθος
3585 982 3764 1052 αὐξή-

2181 1100 2352 1137 σουσι.
2388 1081 2502 1135 Νῦν
2530 1082 2774 1149 γλῶσσαι
2814 1080 2986 1149 πυρδς
3026 1074 3474 1146 διαμεριζόμεναι
3518 1073 3613 1127 τοῦ
3655 1074 3768 1128 πά-

2180 1177 2268 1230 λαι
2329 1173 2599 1246 μερισμοῦ
2650 1173 2749 1244 τὴν
2814 1171 3041 1241 ἑνότητα
3083 1165 3588 1239 πραγματεύονται.
3659 1167 3768 1219 Διὰ

2182 1268 2342 1322 τοῦτο
2374 1267 2561 1338 ἔμοιγε
2620 1268 2716 1319 xal.
2741 1265 2965 1335 τοιούτῳ
2994 1262 3124 1315 εῖδει
3174 1260 3275 1322 τὰς
3301 1256 3553 1327 γλώσσας
3590 1256 3767 1326 ὀφθῆ-

2184 1375 2271 1410 ναι
2303 1357 2481 1409 δοκεῖ’
2531 1356 2581 1408 εί
2629 1356 2722 1407 καὶ
2777 1353 2895 1407 κατ’
2951 1351 3115 1413 ἄλλας
3147 1349 3326 1411 αἰτίας
3359 1339 3642 1400 ἀκώλυτον
3679 1345 3763 1413 τῷ

2187 1446 2495 1517 βουλομένῳ
2539 1444 2783 1513 θεωρεῖν.
2837 1442 2946 1497 Καὶ
2994 1442 3187 1495 σκόπει
3228 1457 3319 1511 μοι
3356 1436 3452 1491 τοῦ
3485 1437 3756 1507 δόγματος

2184 1539 2247 1592 τὸ
2282 1538 2596 1609 μυστήριον.
2650 1535 2826 1588 Πάλαι
2863 1534 2960 1603 μὲν
3005 1530 3223 1585 διιστῶν
3252 1528 3311 1594 ἐξ
3356 1528 3600 1600 ἀλλήλων
3628 1527 3761 1590 Θεὸς

2184 1629 2293 1681 τῶν
2331 1628 2632 1700 ἀνθρώπων
2678 1625 2775 1695 τὴν
2803 1624 3016 1694 γενεὰν,
3055 1624 3111 1675 τί
3160 1623 3331 1684 ποιεῖς
3361 1619 3563 1684 Δεῦτε,
3588 1618 3721 1688 φησι
3743 1658 3761 1683 ,

2185 1719 2549 1785 καταϐάντες
2594 1716 2945 1787 συγχέωμεν
2969 1711 3167 1769 αὐτῶν
3210 1714 3315 1778 τὰς
3343 1711 3628 1781 γλώσσας
3646 1726 3661 1741 ο
3690 1711 3764 1779 τῇ

2186 1814 2437 1886 προφορᾷ
2478 1812 2572 1865 τοῦ
2612 1809 2948 1871 καταϐάντος
3005 1807 3244 1878 μερίζων
3288 1806 3367 1868 είς
3401 1803 3605 1875 πλῆθος
3636 1802 3771 1865 τοὺς

2184 1908 2244 1960 ού
2276 1906 2455 1967 καλῶς
2481 1904 2816 1975 ήνωμένους.
2866 1900 2980 1954 Νῦν
3010 1899 3067 1952 δὲ
3095 1898 3204 1952 τῶν
3234 1897 3475 1970 πυρίνων
3501 1894 3771 1965 γλωσσῶν

2183 2005 2250 2073 τῇ
2283 2000 2509 2069 διανομῇ
2573 1998 2652 2060 είς
2684 1995 2741 2050 ἒν
2786 1995 3009 2063 συνάγει
3039 1992 3133 2045 τὸν
3176 1986 3557 2061 διαμερισμόν.
3611 1986 3777 2039 Ἐπι-

2185 2095 2341 2164 τήρει
2392 2090 2451 2144 δέ
2502 2106 2592 2159 μοι
2641 2088 2702 2140 τὸ
2753 2085 2862 2158 πῦρ
2894 2084 3203 2155 ἡνωμένον,
3239 2083 3319 2144 είς
3346 2078 3519 2133 ὁπόσα
3547 2076 3615 2131 ἂν
3664 2078 3779 2131 καὶ

2192 2184 2503 2256 μερίζηται.
2552 2179 2690 2235 Ἀλλ’
2715 2180 2846 2250 ἡμῖν
2875 2177 2972 2248 μὲν
3002 2170 3104 2230 ὦδε
3135 2175 3229 2228 καὶ
3256 2172 3415 2226 τοῦτο
3443 2171 3775 2242 τετήρηται.

2200 2278 2457 2330 Ἦκούετο
2496 2274 2553 2326 δὲ
2593 2272 2813 2341 γλῶσσα
2862 2268 3211 2340 φθεγγομένη
3262 2267 3321 2319 ὲν
3356 2262 3776 2333 πολυγλώσσοις

2191 2370 2399 2424 ἔθνεσιν
2450 2367 2665 2436 ἑκάστῳ
2713 2362 2886 2418 οἰκεία
2929 2361 3159 2432 ἀνδρῶν,
3196 2358 3318 2431 μηδ’
3372 2360 3478 2428 ὅπη
3524 2357 3625 2427 τῆς
3683 2358 3777 2408 ὲν-

2192 2461 2503 2532 εγκαμένης
2544 2458 2741 2529 ᾤκουν,
2767 2456 2895 2526 πρὶν
2929 2455 3025 2508 σὺν
3053 2453 3131 2523 τῷ
3171 2449 3346 2520 Ἰησοῦ
3373 2446 3651 2519 γενέσθαι,
3682 2462 3777 2516 γι-

2193 2552 2570 2623 νωσκομένων.
2618 2548 2727 2603 Καὶ
2769 2548 2832 2600 τὸ
2881 2547 3112 2617 πρᾶγμα
3148 2541 3449 2614 παράδοξον
3471 2554 3485 2569 ο
3510 2539 3632 2594 οὐδὲ
3655 2538 3773 2609 γὰρ

2192 2642 2260 2717 ἦν
2288 2645 2396 2699 τῶν
2431 2643 2698 2712 συνήθων,
2746 2639 2860 2693 οὔτ’
2900 2635 3047 2708 εἶχεν
3080 2636 3296 2699 οἰκείως
3337 2633 3476 2706 πρὸς
3519 2632 3620 2703 τὴν
3654 2630 3775 2683 τῶν

2194 2735 2498 2791 λαλούντων
2530 2731 2709 2803 φύσιν.
2736 2731 2834 2783 Διὰ
2859 2728 3018 2782 τοῦτο
3048 2730 3157 2789 τοῖς
3189 2726 3367 2779 πάντα
3394 2723 3616 2787 ἀτόποις
3645 2722 3771 2775 ἐδό-

2195 2847 2281 2885 κει
2313 2830 2534 2891 ἄτοπον,
2570 2826 2649 2886 είς
2698 2823 2982 2895 τερατείαν
3020 2820 3082 2872 τὸ
3115 2818 3301 2889 θαῦμα
3345 2815 3774 2879 ειαὸαλλόντων,

2197 2920 2293 2972 καλ⁵
2322 2917 2492 2990 μέθην
2517 2913 2891 2984 ἐγκαλούντων
2912 2908 3020 2963 τῶν
3050 2907 3402 2978 ἀθεράπευτα
3434 2902 3772 2975 μεθυόντων.

528 3009 875 3069 miraculum.
899 3019 1155 3078 tanquam
1188 3007 1677 3069 incantamentum,
1707 3022 1768 3059 ac
1787 3008 2091 3076 praestigia-

2207 3013 2457 3082 Ἀρχαῖος
2490 3001 2644 3070 οὗτος
2668 3005 2745 3076 τῷ
2771 3003 2889 3073 Θεῷ
2915 3001 3234 3072 μαχομένων
3260 2999 3479 3061 σκοπὸς,
3504 2996 3579 3067 μὴ
3606 2996 3776 3066 μόνον

527 3113 648 3151 rum
680 3097 976 3151 ludibrium
1007 3096 1397 3151 traducebatur
1421 3137 1435 3160 ,
1468 3097 1902 3165 temulentiaeque
1925 3097 2090 3150 ascri-

526 3187 762 3243 bebatur
791 3190 856 3239 ab
888 3188 994 3253 his,
1029 3187 1120 3256 qui
1161 3186 1551 3241 imtnedicabili
1586 3188 1907 3241 temulentia
1939 3188 2095 3240 labo-

527 3279 741 3333 rabant.
786 3277 949 3331 Vetus
986 3279 1073 3332 hic
1109 3293 1323 3341 eorum,
1373 3279 1621 3347 quicum
1672 3278 1781 3333 Deo
1829 3286 2094 3349 pugnant,

529 3384 648 3422 nios
677 3377 795 3433 est,
835 3378 893 3422 ut
923 3386 1031 3423 non
1060 3369 1235 3424 solum
1265 3370 1468 3424 divinis
1497 3369 1755 3440 operibus
1782 3371 1988 3424 nullam
2038 3370 2117 3424 ίὶ-⁴

530 3461 653 3517 dem
685 3463 998 3527 adhibeant,
1031 3478 1218 3517 verum
1252 3462 1419 3515 etiam
1450 3471 1742 3527 conentur,
1775 3472 1836 3517 ut
1867 3463 1933 3516 de
1967 3477 2099 3531 pro-

534 3557 653 3627 pria
685 3557 1036 3626 improbitate
1095 3556 1356 3626 improbae
1380 3555 1583 3621 aliquid
1621 3554 1972 3623 suspicionis,
2020 3555 2103 3607 in-

535 3650 770 3720 culpatis
824 3662 888 3703 ac
918 3649 974 3703 in
1018 3648 1218 3718 quibus
1254 3647 1390 3701 nihil
1417 3648 1756 3711 crimineris,
1785 3656 2097 3717 aspergant.

531 3738 790 3794 Patrabat
819 3737 1055 3793 Verbum
1090 3740 1340 3793 indutum
1372 3753 1596 3793 carnem
1631 3737 1686 3791 in
1716 3738 1920 3807 Spiritu
1972 3753 2102 3792 san-

532 3838 623 3881 cto
663 3829 902 3882 humana
950 3828 1155 3897 majora
1186 3830 1387 3882 virtute
1411 3829 1711 3893 miracula;
1756 3829 1919 3897 inque
1949 3828 2101 3882 Beel-

534 3918 709 3972 zebub
788 3918 1181 3972 daemoniorum
1268 3919 1568 3987 principem
1645 3926 1851 3971 tantum
1930 3920 2103 3972 virtu-

533 4019 641 4063 tem
671 4007 977 4063 rel'erebant
1008 4008 1053 4038 ”
1089 4026 1102 4059 :
1143 4007 1419 4075 agitnune
1442 4007 1743 4061 secundum
1774 4010 2106 4062 convenien-

535 4109 646 4153 tem
716 4098 822 4152 sibi
880 4105 1201 4166 potestatem
1261 4097 1499 4166 Spiritus
1560 4111 1819 4165 sanctus,
1880 4116 2103 4170 remque

538 4189 705 4244 musti
730 4204 869 4259 opus
899 4204 1023 4244 esse
1063 4198 1341 4258 nugantur
1368 4206 1380 4241 :
1427 4190 1482 4243 in
1512 4191 1658 4243 hunc
1689 4190 1912 4246 modum
1949 4192 2100 4246 arbi-

539 4290 752 4335 trantes
795 4295 855 4336 se
908 4281 1174 4334 miraculo
1218 4280 1470 4336 illaturos
1500 4282 1829 4336 ealnnmiam
1865 4299 1879 4335 :
1914 4298 2101 4337 verum

2201 3105 2447 3156 άπιστεῖν
2491 3101 2673 3170 ἔργοις
2720 3100 2830 3160 τοῖς
2872 3095 3091 3161 θεῖκοῖς,
3144 3091 3279 3145 ἀλλὰ
3327 3092 3421 3143 καὶ
3472 3087 3775 3162 πειρᾶσθαι

2202 3192 2309 3245 ἀπὸ
2350 3191 2447 3260 τῆς
2493 3189 2693 3251 οἰκείας
2738 3186 3071 3256 φαυλότητος
3119 3181 3329 3251 φαύλην
3386 3179 3621 3248 ὑποψίαν
3664 3176 3781 3231 τῶν

2201 3285 2516 3355 ἁμωμὴτων
2556 3278 3001 3342 κατασκεδάζειν.
3047 3274 3253 3330 Ἐποίει
3279 3273 3349 3326 τὰ
3386 3273 3528 3342 ὑπὲρ
3556 3269 3777 3340 ἄνθρω-

2202 3393 2302 3428 πον
2347 3377 2403 3428 ὲν
2452 3374 2591 3443 άγίῳ
2635 3370 2910 3441 Πνεύματι
2952 3369 2980 3420 ό
3017 3368 3190 3435 Λόγος
3226 3364 3405 3435 σάρκα
3454 3361 3661 3433 φορῶν
3694 3362 3783 3426 εἰς

2203 3465 2528 3531 Βεελζεὸοὺλ
2562 3466 2797 3534 ἀνῆπτον
2822 3462 2919 3531 τὴν
2949 3461 3197 3530 δύναμιν.
3227 3457 3471 3527 Ἐνεργεί
3503 3453 3599 3507 νῦν
3629 3454 3784 3507 κατὰ

2203 3562 2301 3630 τὴν
2330 3556 2476 3628 αὐτῷ
2510 3556 2827 3625 πρέπουσαν
2871 3551 3116 3616 ἐξουσίαν
3148 3550 3209 3603 τὸ
3254 3548 3463 3618 θαῦμα,
3494 3547 3591 3600 καὶ
3611 3544 3783 3614 γλεύ-

2205 3671 2333 3716 κους
2368 3648 2508 3705 είναι
2551 3650 2613 3702 τὸ
2654 3649 2814 3718 ἔργον
2861 3645 3117 3717 ληροῦσιν
3142 3681 3159 3708 ,
3189 3641 3332 3695 οὕτω
3360 3641 3423 3695 τὸ
3444 3640 3632 3711 θαῦμα
3656 3637 3781 3693 δια·

2208 3744 2389 3815 σύρειν
2415 3738 2725 3809 νομίζοντες
2743 3754 2757 3768 ·
2784 3735 2919 3789 ἀλλὰ
2944 3735 3069 3804 νικᾷ
3091 3734 3190 3803 τὴν
3214 3731 3502 3803 παροινίαν
3526 3731 3560 3800 ἡ
3584 3728 3776 3798 σοφία.

2207 3839 2299 3890 καὶ
2358 3836 2601 3906 στόματα
2663 3829 2922 3884 λαλοῦντα
2988 3827 3162 3897 φθόνῳ
3224 3825 3397 3895 στόμα
3445 3820 3780 3893 λαλούμενον

2207 3928 2505 3999 Πνεύματι.
2542 3927 2600 3979 '0
2639 3923 2746 3992 γὰρ
2785 3921 2877 3975 τὸν
2908 3921 3155 3986 κάλαμον
3199 3918 3325 3989 ἄρτι
3353 3914 3543 3981 λιπὼν,
3573 3913 3668 3967 καὶ
3703 3912 3776 3965 τά

2206 4018 2393 4070 δίκτυα
2439 4015 2642 4078 ἁλιεὺς,
2673 4010 2875 4065 ἁπλοῦν
2920 4010 3016 4063 καὶ
3066 4007 3290 4079 ἄτεχνον
3316 4005 3533 4071 ἀνοίξας
3563 4002 3769 4073 στόμα,

2207 4110 2297 4161 τὸν
2324 4108 2486 4178 λῆρον
2526 4108 2625 4175 τῆς
2673 4102 3006 4172 πανουργίας
3039 4101 3277 4171 σώφρονι
3326 4098 3466 4169 λόγῳ
3504 4093 3768 4149 διέλυσεν.

2221 4200 2381 4253 Ἀλλὰ.
2397 4198 2559 4251 πόθεν
2582 4195 2808 4265 γλεῦκος
2827 4193 2924 4258 τὰς
2945 4194 3138 4258 καινὰς
3161 4190 3413 4260 γλώσσας
3430 4185 3771 4258 δημιουργεῖ,

2208 4293 2237 4344 ὁ
2265 4292 2330 4361 τῇ
2365 4289 2533 4360 μανίᾳ
2558 4287 2723 4352 θύων;
2748 4285 3146 4354 Καταμάνθανέ
3176 4301 3265 4354 μοι
3296 4283 3385 4336 τὸν
3420 4280 3574 4353 δῆλον
3596 4278 3777 4350 δημη-

538 4378 712 4431 vincit
738 4376 1009 4447 sapientia
1060 4377 1441 4446 petulantiam,
1491 4377 1745 4447 quodque
1792 4375 1997 4447 Spiritu
2041 4391 2094 4431 os

2208 4350 2471 4452 vop-oﬁ'vra
2492 4350 2717 4449 liérpov,
2750 4378 2847 4430 καὶ
2880 4350 3107 4448 μετάθες
3133 4350 3214 4437 εἰς
3233 4374 3458 4444 φρικτὸν
3472 4350 3778 4443 θαῦματὴν

539 4471 888 4541 loquebatur,
931 4485 1121 4524 eorum
1178 4486 1273 4523 ora
1329 4486 1451 4539 quae
1489 4469 1555 4523 ad
1605 4469 1938 4538 loquendum
1972 4470 2109 4522 livor
2146 4477 2153 4483 '

539 4562 917 4631 compellebat.
949 4560 1042 4616 Ille
1082 4563 1225 4615 enim
1257 4561 1348 4631 qui
1384 4577 1490 4616 non
1522 4562 1724 4631 pridem
1757 4562 1962 4631 virgam
1997 4561 2109 4630 pis-

541 4655 807 4710 catoriam
835 4669 898 4707 ac
925 4654 1062 4708 retia
1088 4654 1325 4722 piscator
1358 4655 1672 4722 reliquerat,
1697 4670 1760 4708 os
1795 4655 2023 4723 simplex
2046 4669 2109 4708 ac

542 4745 679 4801 rude
702 4745 979 4815 aperiens,
1003 4745 1357 4813 malignitatis
1385 4760 1560 4815 nugas
1587 4745 1770 4799 sobria
1802 4759 1865 4799 ac
1888 4746 2110 4815 sapien-

543 4843 598 4889 te
638 4835 884 4888 oratione
937 4833 1211 4888 dissolvit.
1264 4831 1417 4887 Unde
1473 4848 1603 4887 vero
1650 4842 1886 4888 mustum
1940 4850 2109 4891 novas

546 4924 761 4993 linguas
803 4923 1005 4995 efﬁngit
1047 4939 1111 4978 ac
1158 4931 1343 4986 creat,
1395 4931 1455 4977 tu
1497 4924 1589 4992 qui
1643 4924 1873 4977 insani-ae
1942 4925 2109 4979 litas?

546 5012 723 5069 Nosce
778 5014 994 5069 Petrum
1050 5014 1200 5069 illum
1249 5014 1520 5078 timidmn,
1579 5015 1791 5083 publica
1844 5018 2108 5071 concione

547 5115 814 5169 orantem,
844 5120 907 5158 ac
930 5106 1257 5159 calumniam
1282 5106 1333 5158 in
1359 5106 1575 5174 plenum
1595 5114 1817 5175 stupore
1849 5116 2105 5161 coitverte

2205 4472 2567 4541 συκοφαντίαν
2608 4471 2703 4522 καὶ
2742 4467 2894 4533 δόξαν
2922 4466 3016 4520 τοῦ
3043 4468 3098 4519 ὲν
3124 4464 3271 4535 αὐτῷ
3300 4462 3584 4526 λαλοῦντος
3610 4463 3782 4516 Ilvati—

2208 4583 2395 4637 ματος.
2421 4565 2533 4617 υύκ
2552 4563 2667 4616 ἔστι
2691 4561 2954 4631 γλεύκους
2975 4562 3010 4631 ἡ
3035 4558 3338 4631 παρρησία,
3365 4555 3503 4609 ἀλλὰ
3525 4555 3626 4626 τῆς
3655 4556 3785 4625 ἄρτι

2204 4658 2569 4725 κατελθούσης
2619 4656 2899 4726 δυνάμεως
2963 4653 3204 4717 ἄνωθεν,
3277 4651 3313 4723 ἢ
3363 4651 3458 4704 καὶ
3508 4647 3638 4703 νοῦν
3684 4649 3783 4701 καὶ

2205 4732 2456 4821 γλῶσσαν
2504 4747 2652 4817 αύτῷ
2685 4747 3022 4819 διανέστησε.
3074 4744 3246 4800 Πόθεν
3272 4741 3415 4796 οὕτω
3438 4741 3629 4811 γέγονε
3654 4739 3778 4793 τολ-

2216 4836 2697 4909 μηρὸς,ὲνθυμοῦ,
2744 4838 2773 4889 ό
2804 4837 2879 4907 μὴ
2925 4835 3024 4905 τῆς
3054 4834 3345 4905 παιδίσκης
3386 4831 3686 4902 ὑπομείνας
3712 4829 3787 4884 τὰ

2218 4931 2459 5001 ῥήματα.
2510 4929 2671 4981 Ἀλλὰ
2712 4928 2821 4998 γάρ
2863 4927 3009 4990 ὅσοις
3053 4924 3298 4997 ὰργοῦσα
3345 4924 3438 4977 καὶ
3490 4921 3644 4991 ἀκοὴ,
3687 4920 3787 4972 καὶ

2214 5023 2445 5086 διάνοια,
2475 5020 2617 5073 οὕτω
2638 5021 2729 5073 τοῦ
2763 5020 2957 5089 φθόνου
2986 5016 3408 5089 ἐξειργασμένου
3434 5015 3647 5077 αὐτοὺς,
3670 5010 3787 5065 τῶν

2218 5108 2313 5161 τοῦ
2354 5109 2668 5178 Πνεύματος
2696 5109 2754 5161 ού
2791 5112 3055 5178 συνῄεσαν
3086 5106 3381 5177 ῥημάτων·
3423 5098 3504 5167 οἷς
3529 5102 3574 5158 δ’
3610 5102 3787 5172 ἀνεμ-

619 5222 786 5277 “lsa.
818 5236 906 5285 ιιι,
939 5222 1158 5287 5;Luc.
1208 5238 1267 5276 ιιι
1316 5222 1371 5276 6.
1446 5223 1488 5254 ⁸⁷
1528 5221 1646 5276 Joel
1675 5238 1710 5276 ιι
1757 5223 1848 5276 Ξιι
1918 5226 1962 5257 ⁸³
1991 5226 2094 5280 Gen

2200 5244 2237 5291 t,
2279 5227 2333 5280 7.
2404 5228 2451 5259 θ’
2483 5225 2674 5280 Matth.
2703 5243 2801 5291 xu,
2828 5226 2915 5280 27.

2041 5335 2272 5394 NOTAE.

630 5428 732 5501 {59)
760 5427 1041 5501 Divisionis
1071 5429 1198 5483 olim
1220 5428 1649 5501 facteridetur
1669 5445 1787 5483 eam
1818 5430 1959 5501 ignis
1988 5447 2106 5500 pro-

551 5499 833 5570 prietatem
859 5499 1178 5570 respicere,
1229 5515 1334 5567 qua
1369 5500 1612 5570 ejusdem
1645 5515 1731 5555 res
1787 5499 2013 5555 rationis
2053 5505 2105 5555 in

554 5567 718 5623 unum
742 5567 1024 5623 conﬂatae
1057 5567 1289 5623 invicem
1313 5567 1478 5641 nuit:
1518 5572 1594 5622 uti
1634 5580 1874 5624 econtra
1903 5570 2110 5641 disgreo

552 5650 643 5712 gat
685 5656 748 5692 ac
796 5649 1015 5708 separat
1056 5652 1177 5709 qua:
1229 5648 1358 5692 sunt
1419 5639 1645 5693 diversa:
1678 5641 1921 5694 rationis.
1961 5639 2115 5696 Venit

2214 5447 2345 5500 ergo
2370 5430 2512 5502 ignis
2564 5445 2743 5500 specie
2784 5432 3019 5501 Spiritus
3049 5438 3295 5497 sanctus,
3327 5442 3386 5486 ut
3419 5432 3475 5487 in
3524 5429 3789 5502 symbolis

2212 5504 2440 5566 divisus,
2467 5517 2530 5556 ac
2560 5503 2803 5573 singulis
2822 5504 3053 5557 seorsim
3081 5503 3348 5572 insidens,
3370 5516 3541 5559 unum
3568 5514 3785 5568 omnes,

2213 5589 2275 5628 ac
2312 5574 2475 5627 unius
2506 5572 2705 5644 lingua:
2732 5572 2987 5628 eﬂicerct.
