4070 6206
277 400 392 466 129
1301 401 1582 462 ORATIO
1619 401 1758 463 XII.
1794 426 1849 436 -

1988 401 2539 465 PENTECOSTEN.
3445 405 3544 469 130

274 517 548 576 ⁴ιτίιδιστος
591 510 846 582 αἴσθησις
890 507 978 584 ἦν,
1011 505 1156 566 οὗτοι
1189 513 1286 567 καὶ
1317 515 1580 584 συνῆκαν,
1617 518 1714 570 καὶ
1761 516 1869 571 τῶν

1978 518 2316 582 miraculum,
2350 531 2513 590 atque
2539 521 2890 592 loquentisin
2923 537 2988 578 eo
3019 520 3260 593 Spiritus
3283 520 3544 593 gloriam.

269 608 492 665 ἁλιέων
539 605 652 660 τῶν
692 606 939 676 χειλέων,
993 607 1212 661 καὶτοῦ
1252 609 1567 680 Πνεύματος
1597 603 1740 680 ἦσαν
1781 610 1874 681 θή-

1978 608 2094 664 Νοη
2127 620 2210 665 est
2239 613 2405 665 musti
2443 627 2507 666 ac
2562 615 2842 668 temulenti
2876 615 2991 670 haec
3019 614 3274 685 loquendi
3301 615 3546 679 libertas,

283 721 467 775 ραμα.
510 702 576 754 Ὠ
610 700 902 772 μακαρίως
935 700 1390 771 σαγηνευθέντεςῖ
1421 702 1485 754 Ὢ
1509 701 1608 772 τῆς
1635 703 1874 772 σαγήνης

1978 702 2071 756 sed
2111 702 2353 766 virtutis,
2397 718 2519 772 qua:
2569 719 2766 762 recens
2812 706 3098 763 descendit
3134 709 3201 763 de
3241 708 3402 769 caelo,
3439 721 3547 778 qua

280 794 546 866 ὀλεθρίας
595 792 1052 861 ἁπολειφθέντεςί
1090 794 1155 846 Ὠ
1188 793 1324 864 πρὸς
1365 794 1509 865 ζωὴν
1538 793 1874 864 ἀπαχθέντες

1978 795 2098 865 ejus
2125 802 2239 848 tum
2279 812 2456 860 mens,
2487 805 2601 850 tum
2638 797 2822 869 lingua
2869 801 3107 854 excitata
3158 809 3308 854 sunt.
3360 800 3547 870 Cogita

278 890 340 941 ἐν
370 887 452 956 τῷ
483 883 722 939 ἀλῶναιί
758 886 827 937 Ὠ
856 885 992 956 πρὸς
1025 884 1256 939 θάνατον
1281 885 1682 958 ζωγρηθέντες,
1715 887 1773 939 ὲν
1799 886 1874 957 τῷ

1979 900 2037 942 ιιι
2068 888 2242 942 factus
2278 889 2347 941 sit
2379 898 2488 943 tam
2522 890 2797 946 animatus
2829 906 2892 945 ac
2922 892 3152 952 audens,
3201 894 3298 961 qui
3329 906 3396 946 ne
3449 906 3545 944 an-

275 979 384 1051 τὴν
417 979 599 1050 θήραν
632 976 947 1046 διαφυγεῖνί
984 977 1125 1030 Ἀλλ’
1165 978 1400 1050 ἐκάθητο
1427 979 1628 1052 πυρίνῃ
1654 977 1874 1051 γλώσσῃ

1978 980 2116 1034 Cilla:
2145 980 2361 1049 quidem
2397 982 2558 1035 verba
2591 981 2733 1038 ferre
2767 984 3075 1053 potuisset?
3115 983 3221 1037 Sed
3253 984 3397 1038 enim
3427 983 3544 1052 qui-

278 1073 342 1125 το
393 1071 628 1140 Πνεῦμα
676 1069 762 1140 ἐφ’
809 1069 908 1123 ’ἐνα
957 1071 1190 1123 ἕκαστον
1231 1069 1340 1122 τῶν
1378 1069 1670 1139 μαθητῶν,
1720 1069 1874 1122 συνὸν

1978 1074 2302 1146 buscunque
2332 1072 2872 1146 auditus,'mensque
2915 1076 3064 1146 pigra
3119 1083 3295 1141 erant,
3333 1089 3397 1129 ac
3431 1085 3544 1129 tor-

282 1163 388 1234 μὲν
422 1163 524 1216 καὶ
559 1159 751 1233 πρώην
778 1163 963 1224 αὐτοῖς
985 1201 1000 1227 ,
1063 1161 1158 1215 νῦν
1189 1160 1247 1214 δὲ
1298 1162 1497 1232 μᾶλλον
1530 1165 1629 1233 τὴν
1669 1179 1874 1232 παρου-

1978 1167 2123 1236 pida,
2149 1167 2218 1222 ab
2258 1167 2458 1220 invidia
2496 1167 2632 1221 tales
2665 1167 2888 1232 redditi,
2915 1168 3158 1238 Spiritus
3186 1167 3360 1222 sancti
3384 1166 3544 1220 verba

281 1254 409 1307 σίαν
435 1253 786 1323 ποιούμενον,
811 1252 907 1306 καὶ
933 1255 1060 1317 πᾶν,
1087 1254 1142 1306 εἴ
1163 1271 1216 1306 τι
1236 1254 1346 1306 τῶν
1378 1254 1529 1308 κάτω
1550 1255 1641 1308 καὶ
1675 1253 1874 1325 χοῖκῶν

1978 1274 2084 1312 non
2130 1260 2518 1312 intellexerunt
2558 1275 2572 1311 :
2610 1260 2812 1328 quibus
2847 1271 3029 1314 autem
3063 1276 3259 1315 sensus
3293 1275 3400 1314 non
3431 1267 3544 1314 erat

279 1346 476 1416 παρῆν
525 1346 734 1411 αὐτοῖς,
783 1344 1076 1412 καταλύον,
1123 1345 1220 1399 καὶ
1264 1347 1402 1418 πρὸς
1453 1346 1640 1418 θεῖκὴν
1677 1347 1874 1410 αὐτοὺς

1978 1349 2288 1420 impeditus,
2341 1351 2394 1402 hi
2443 1359 2496 1402 et
2548 1351 2961 1412 intellexerunt.
2995 1363 3047 1406 et
3077 1352 3274 1422 lingua:
3313 1354 3545 1423 piscato-

279 1435 817 1508 ἀναλαμϐανόμενον
863 1439 1208 1507 συγγένειαν.
1260 1441 1399 1504 Τοὺς
1438 1440 1547 1510 γάρ
1572 1457 1654 1493 τοι
1693 1456 1874 1492 καινο-

1978 1457 2096 1496 rum
2133 1458 2197 1497 ac
2238 1443 2478 1514 Spiritus
2511 1443 2690 1513 praeda
2739 1445 3074 1499 exstiterunt
3099 1445 3144 1498 Ο
3178 1460 3344 1514 quam
3392 1445 3546 1500 beate

281 1531 544 1601 ποιήσειν
575 1529 671 1582 τὸν
723 1529 928 1600 κόσμον
975 1531 1440 1601 ἀπεσταλμένους,
1479 1531 1624 1594 είκὺς
1657 1526 1745 1602 ἦν,
1777 1530 1874 1599 τῆς

1978 1534 2314 1606 feliciterque
2345 1551 2542 1606 sagena
2578 1539 2903 1608 intercepti!
2933 1537 2976 1592 Ο
3005 1554 3034 1593 ο
3068 1553 3269 1608 sagena
3315 1539 3546 1594 exitiosa

282 1622 642 1692 Δημιουργοῦ
679 1621 1003 1692 μεταλαϐεῖν
1030 1623 1302 1695 θεότητος.
1333 1624 1448 1677 Οὐκ
1479 1622 1571 1677 οὖν
1599 1621 1677 1676 ἔτι
1712 1623 1874 1692 ζητή-

1978 1627 2240 1680 extracti!
2273 1627 2318 1681 Ο
2341 1629 2467 1680 dum
2495 1633 2789 1697 capiuntur
2820 1629 2884 1680 ad
2917 1629 3082 1682 vitam
3119 1629 3362 1684 reducti!
3405 1626 3450 1681 Ο
3480 1628 3547 1681 ad

284 1733 438 1768 τουσι
494 1714 694 1784 μαθεῖν
735 1715 830 1768 τὸν
876 1715 1132 1788 Πατέρα,
1158 1717 1279 1770 οὐδὲ
1303 1717 1373 1788 ἢν
1413 1717 1471 1784 ἐξ
1503 1716 1684 1770 αὐτῶν
1723 1717 1750 1768 ὀ
1789 1717 1874 1766 Δι-

1978 1728 2208 1771 mortem
2261 1720 2400 1787 capti
2450 1730 2666 1782 venatu,
2711 1719 2839 1772 dum
2891 1720 2940 1773 id
2985 1729 3202 1784 cavent,
3253 1734 3321 1774 ne
3353 1729 3546 1774 venatu

281 1807 562 1870 δάσκαλος
595 1807 714 1860 ὁδὸν
745 1807 1101 1878 ὲπορεύσατο.
1141 1810 1327 1863 Οίδασι
1375 1810 1484 1880 γὰρ
1517 1810 1612 1862 καὶ
1639 1810 1732 1862 τὸν
1765 1809 1874 1862 Ποι-

1978 1809 2306 1879 capiantur!
2357 1808 2559 1865 Verum
2596 1811 2833 1881 Spiritus
2867 1823 3096 1867 sanctus
3149 1813 3349 1883 lingua:
3377 1812 3550 1882 ignea:

280 1900 455 1970 τέρα,
503 1898 608 1952 καὶ
651 1899 744 1952 τὸν
781 1900 869 1952 ἀεὶ
915 1900 1014 1970 μὲν
1043 1901 1364 1973 ἀχωρίστως
1410 1901 1603 1972 ἐκείνῳ
1650 1902 1874 1955 συνόντα

1980 1900 2181 1968 specie,
2228 1900 2427 1970 cuique
2470 1902 2868 1973 discipulorum
2923 1905 3162 1970 insedit;
3224 1919 3350 1958 cum
3394 1905 3549 1975 prius

281 1990 432 2055 Υίδν,
481 1991 617 2061 ἄρτι
665 1989 722 2042 δὲ
749 1990 849 2061 τὴν
885 1993 948 2044 ὲκ
980 1993 1088 2045 τῶν
1131 1994 1282 2046 κάτω
1322 1994 1459 2064 πρὸς
1491 1994 1654 2046 αὑτὸν
1696 1994 1874 2064 διηνυ-

1978 1993 2194 2061 quidem
2229 1993 2472 2063 olimque
2502 1995 2584 2049 eis
2621 1995 2859 2061 adesset,
2901 2011 3045 2050 nunc
3092 2010 3222 2050 vero
3271 2010 3384 2050 suae
3411 2010 3550 2066 prae-

281 2086 413 2138 κότα
445 2084 594 2146 ὁδὸν,
626 2085 736 2153 ὅπη
779 2084 973 2152 διάγει.
1011 2086 1084 2139 Τὸ
1138 2085 1247 2156 γὰρ
1293 2088 1365 2140 τὰ
1397 2086 1556 2154 βάθη
1591 2085 1697 2140 τοῦ
1731 2085 1874 2139 Θεοῦ

1978 2088 2164 2137 sentin:
2193 2086 2371 2152 majus
2400 2100 2464 2140 ac
2490 2087 2827 2155 peculiarius
2868 2089 3146 2156 specimen
3173 2087 3382 2154 ederet,
3432 2087 3549 2142 dis-

281 2175 513 2241 Πνεῦμα
541 2173 812 2244 ἐρευνῶν
830 2214 847 2240 ,
879 2178 1056 2229 ἐκεῖνο
1087 2179 1266 2231 πάντα
1295 2177 1644 2247 ὲπιδημῆσαν
1673 2179 1874 2231 ὑπανα-

1978 2177 2339 2248 solveretque,
2359 2178 2404 2233 si
2436 2181 2564 2249 quid
2588 2180 2640 2234 in
2665 2181 2746 2235 eis
2773 2191 3008 2234 terrena}
3047 2182 3185 2236 labis
3230 2195 3293 2235 ac
3323 2195 3550 2237 concre-

299 2271 618 2339 μιμνήσκει,
653 2269 757 2321 ὃσα
787 2285 848 2320 τε
896 2268 1090 2340 παρὼν
1121 2271 1149 2322 ὁ
1186 2269 1515 2334 Διδάσκαλος
1551 2268 1874 2340 ὲμυσταγὼ-

1978 2270 2143 2326 tionis
2196 2272 2520 2334 adhaereret,
2555 2281 2722 2344 atque
2773 2274 2839 2327 ad
2875 2274 3115 2328 divinam
3143 2258 3292 2342 ipsos
3333 2287 3544 2344 cogna-

297 2376 460 2427 γησε,
487 2361 576 2412 καὶ
607 2361 713 2413 ὅσα
737 2359 810 2430 μὴ
840 2361 1108 2432 χωροῦσιν
1138 2361 1322 2424 αὐτοῖς
1341 2402 1356 2429 ,
1387 2362 1468 2424 είς
1491 2361 1590 2432 τὴν
1623 2361 1718 2414 νῦν
1745 2363 1872 2415 ἐτα-

1978 2363 2181 2415 tionem
2208 2371 2535 2416 assumeret.
2566 2362 2775 2416 Etenim
2800 2363 2997 2416 rationi
3031 2372 3456 2418 consentaneum
3483 2377 3548 2418 ac

294 2451 483 2524 μιεῦθη
514 2453 897 2507 διδασκαλίαν.

1978 2465 2077 2517 par
2106 2461 2248 2516 erat,
2297 2460 2357 2506 ut
2390 2454 2481 2522 qui
2522 2452 2674 2507 missi
2725 2461 2912 2506 essent
2942 2455 3007 2506 ad
3041 2455 3302 2507 mundum
3335 2454 3548 2508 instau-

282 2550 536 2609 randum,
579 2545 779 2599 sunimi
827 2560 1008 2601 rerum
1046 2542 1271 2616 Opiﬁcis
1301 2543 1524 2600 deitatis
1565 2545 1860 2614 participes
1901 2541 2116 2598 ﬁerent.
2157 2543 2311 2597 Haud
2339 2560 2471 2615 ergo
2512 2546 2658 2599 ultro
2681 2545 2963 2616 quaesituri
3013 2557 3176 2608 sunt.
3234 2556 3293 2600 ut
3348 2561 3549 2619 cogno-

274 2647 435 2696 scant
466 2639 693 2693 Patrem
712 2640 779 2704 ⁸⁸,
811 2647 870 2693 ut
887 2654 1064 2710 neque
1106 2639 1248 2693 viam
1282 2654 1388 2708 qua
1423 2636 1680 2708 Magister
1721 2638 1790 2692 ab
1861 2636 1942 2691 eis
1980 2636 2259 2707 digressus
2294 2646 2400 2692 est.
2427 2634 2546 2690 Jam
2573 2639 2717 2692 enim
2750 2649 2803 2693 et
2827 2637 3044 2694 Patrem
3069 2651 3464 2708 cognoverunt,
3493 2649 3550 2696 et

272 2738 322 2790 ei
357 2736 653 2793 individue
692 2751 910 2805 semper
939 2735 1292 2805 conjunctum
1328 2733 1526 2788 Filium
1562 2733 1712 2803 :jam
1741 2733 1869 2788 item
1910 2743 2183 2790 noverunt
2239 2735 2382 2788 viam
2417 2735 2728 2790 confecisse
2757 2745 2958 2790 eterra
3040 2733 3106 2790 ad
3156 2737 3360 2804 ipsum,
3439 2753 3550 2808 quo

271 2845 428 2885 nunc
465 2831 597 2885 loco
651 2831 786 2899 agit.
819 2829 954 2884 Nam
1004 2831 1265 2900 Spiritus,
1291 2829 1384 2899 qui
1435 2831 1702 2900 profunda
1751 2829 1846 2884 Dei
1888 2838 2162 2882 scrutatur
2184 2829 2251 2893 ⁸⁸,
2303 2844 2404 2883 suo
2442 2829 2531 2884 ille
2577 2831 2812 2884 adventu
2843 2830 3086 2899 suggerit
3154 2832 3362 2897 omnia,
3431 2839 3549 2886 tum

270 2939 398 2995 qua
431 2923 703 2993 Magister
730 2938 976 2992 praesens
998 2923 1204 2990 docuit,
1253 2931 1367 2978 tum
1392 2924 1598 2994 quaead
1668 2921 1908 2993 Spiritus
1947 2936 2188 2992 praesens
2213 2921 2588 2992 magisterium
2613 2932 2890 2978 reservata
2911 2923 3101 2990 voluit,
3121 2938 3244 2977 cum
3314 2925 3548 2981 necdum

271 3019 350 3074 illi
383 3032 586 3073 eorum
629 3031 867 3087 capaces
888 3024 1092 3070 essent.
2397 3085 2403 3092 δ

341 3110 492 3166 Ἀλλ’
524 3112 578 3163 οί
615 3111 714 3180 μὲν
751 3109 1033 3181 ἱερώτατοι
1068 3109 1310 3180 μαθηταὶ
1339 3109 1596 3180 τοιαύτης
1631 3109 1872 3163 ἀπέλαυ-

2043 3105 2115 3159 At
2153 3105 2514 3161 sacratissimi
2549 3105 2766 3174 quidem
2796 3105 3078 3177 discipuli,
3112 3107 3380 3174 ejusmodi
3424 3122 3548 3179 gra-

275 3221 378 3258 σαν
413 3207 476 3257 ὲν
501 3203 588 3274 τῷ
615 3201 748 3273 ἱερῷ
773 3202 1017 3272 χάριτος,
1050 3205 1106 3256 ὲν
1133 3205 1199 3273 τῇ
1225 3203 1346 3275 ἱερᾷ
1372 3197 1470 3274 τῆς
1495 3201 1874 3273 Πεντηκοστῆς

1979 3201 2112 3254 tiam
2158 3198 2212 3250 in
2271 3211 2426 3251 sacra
2471 3197 2584 3252 aede
2638 3211 2703 3252 ac
2757 3199 3046 3252 ctenaculo
3081 3200 3361 3255 consecuti
3399 3210 3546 3264 sunt.

274 3297 465 3368 ἡμέρα
483 3309 501 3325 ο
530 3295 753 3357 πάντως
779 3294 836 3347 δὲ
862 3295 954 3347 καὶ
984 3293 1100 3360 νῦν,
1133 3297 1182 3346 εί
1209 3295 1304 3348 καὶ
1337 3295 1411 3367 μὴ
1442 3293 1718 3364 τοιαύτης,
1739 3293 1874 3348 ἀλλά

1979 3305 2138 3346 sacro
2181 3289 2534 3345 Pentecostes
2573 3289 2697 3355 die;
2734 3289 2960 3345 omnino
2988 3306 3117 3346 vero
3158 3293 3320 3346 etiam
3379 3279 3546 3353 nunc.

275 3406 341 3459 γε
375 3388 544 3456 ἀξίας
589 3386 686 3440 τοῦ
735 3386 1071 3457 Πνεύματος,
1117 3387 1230 3440 ὅσοι
1257 3389 1423 3458 τιμᾷν
1451 3386 1747 3456 ἐγνώκασι.
1780 3387 1874 3439 Τι-

1978 3384 2080 3438 etsi
2119 3398 2228 3435 non
2295 3390 2467 3446 tanta,
2511 3390 2883 3436 verumtamen
2941 3382 3107 3452 digno
3149 3381 3386 3452 Spiritus
3423 3399 3552 3438 san-

277 3481 434 3551 μῷεν
459 3481 506 3532 δ’
529 3478 597 3532 ἂν
623 3478 674 3532 οἱ
705 3477 838 3532 Θεὸν
885 3478 1091 3542 εἰδότες
1117 3479 1364 3550 ὁμοτίμῳ
1405 3479 1532 3552 δόξῃ
1570 3479 1665 3533 καὶ
1693 3478 1874 3548 κυριό-

1979 3478 2051 3530 cti
2086 3491 2310 3531 munere
2344 3476 2642 3543 donantur,
2679 3483 2946 3546 quotquot
2983 3475 3245 3545 Spiritum
3295 3485 3548 3531 sanctum

275 3593 429 3645 τητι,
483 3574 664 3640 Πατρὶ
710 3570 1302 3642 συμπροσκυνούμενον
1349 3572 1444 3627 καὶ
1477 3571 1623 3643 Υίῷ,
1660 3573 1874 3625 πάντων

1979 3569 2269 3623 honorant.
2333 3566 2617 3622 Houorare
2671 3577 2854 3621 autem
2926 3577 3225 3622 censentur
3283 3569 3384 3632 illi,
3453 3571 3549 3639 qui

278 3666 572 3730 κοινωνὸν,
601 3663 738 3735 πλὴν
764 3657 845 3726 οἷς
871 3663 940 3716 τὰ
974 3662 1242 3733 πρόσωπα
1266 3663 1668 3717 διαστέλλεται·
1699 3662 1874 3715 πάντα

1978 3660 2147 3716 Deum
2207 3677 2334 3716 esse
2381 3663 2734 3726 conﬁtentur,
2800 3661 3029 3730 aequalis
3087 3676 3211 3716 cum
3278 3661 3439 3717 Patre
3489 3671 3550 3717 et

279 3759 430 3829 ἔχον,
459 3758 571 3811 ὅσα
596 3755 753 3810 θείαν
799 3754 962 3824 φύσιν
1004 3754 1170 3822 είκδς,
1200 3755 1564 3826 Δημιουργὺν,
1597 3755 1872 3820 ἆκτιστον,

1978 3752 2116 3808 Filio
2174 3755 2402 3824 gloriae,
2466 3755 2750 3822 potentiaa,
2816 3755 3001 3810 cultus
3047 3769 3111 3809 ac
3171 3756 3550 3826 adorationis;

281 3849 518 3918 συνέχον
547 3845 649 3916 τὴν
681 3845 881 3909 κτίσιν,
913 3845 1159 3913 ἁγιάζον,
1197 3846 1374 3900 πάντα
1405 3843 1648 3916 πληροῦν
1682 3846 1874 3915 ἀπερι-

1978 3845 2243 3916 quidquid
2283 3849 2567 3902 amborum
2609 3857 2715 3909 est,
2764 3861 3055 3903 commune
3089 3849 3402 3914 habentem.
3455 3867 3554 3905 cx-

279 3939 505 4012 λήπτως
528 3955 543 3969 ·
592 3938 687 3990 καὶ
740 3937 814 4009 μὴ
864 3929 1027 4008 μόνον
1051 3939 1182 4010 περὶ
1208 3938 1309 4010 τὴν
1335 3937 1496 4008 φύσιν
1527 3938 1586 3992 ού
1629 3953 1874 3992 καινοτο-

1978 3940 2146 4007 ceptis
2178 3938 2246 3994 iis
2274 3953 2370 4008 per
2388 3954 2507 4008 qua:
2554 3954 2804 4009 persona
2843 3939 3290 4013 distinguuntur;
3327 3941 3538 4004 omnia,

282 4032 542 4102 μοῦντες,
568 4030 705 4084 ἀλλὰ
731 4030 852 4101 μηδ’
874 4033 954 4094 είς
987 4032 1164 4086 αἰτίαν
1196 4030 1327 4085 αὐτὸ
1352 4031 1545 4102 διπλῆν
1578 4029 1874 4100 ἀναφέρον-

1979 4029 2225 4098 inquam,
2269 4029 2581 4096 habentem,
2621 4046 2742 4100 quas
2804 4045 2904 4100 par
2949 4040 3034 4086 est
3075 4030 3242 4085 Deum
3303 4031 3546 4088 habere:

278 4141 393 4189 τες.
410 4124 714 4194 Ἑκάτερον
745 4125 855 4196 γὰρ
884 4122 1046 4193 ἀπείη
1074 4122 1300 4194 γνώμης
1327 4123 1515 4195 δρθῆς.
1538 4123 1610 4177 Τὸ
1645 4122 1744 4192 μὲν
1765 4122 1874 4191 γάρ

1979 4131 2037 4175 ut
2073 4123 2146 4177 sit
2195 4121 2448 4185 Creator,
2514 4124 2584 4178 sit
2616 4125 2930 4189 increatus;
2979 4125 3281 4190 contineat,
3326 4139 3391 4179 ac
3419 4139 3551 4180 con-

281 4217 431 4270 ἐστιν
466 4215 554 4277 εἰς
588 4215 797 4284 κτίσμα
828 4213 928 4282 τὴν
957 4213 1354 4285 δημιουργικὴν
1399 4213 1748 4282 καταγόντων
1779 4212 1871 4264 οὐ·

1978 4224 2373 4281 servetcreata,
2409 4217 2856 4286 incomprehensa
2882 4217 3093 4272 ratione
3117 4217 3301 4272 omnia
3326 4217 3546 4287 replen-

282 4308 440 4363 σίαν·
491 4306 558 4360 τὸ
603 4306 683 4370 δὲ,
720 4304 1057 4376 πολυαρχίαν
1103 4305 1164 4360 ἐν
1211 4309 1276 4378 τῇ
1329 4308 1631 4377 μοναρχικῇ
1681 4303 1871 4376 Τριάδι

1978 4316 2123 4362 tem:
2173 4309 2265 4379 qui
2315 4324 2423 4362 non
2463 4317 2674 4362 tantum
2737 4309 2885 4362 circa
2940 4303 3193 4362 naturam
3246 4308 3367 4376 ejus
3413 4309 3549 4363 nihil

281 4401 760 4472 παρεισαγόντων.
807 4398 1078 4469 Τιμητὲον
1125 4394 1218 4451 οὖν
1268 4397 1464 4460 θεῖκῶς
1513 4397 1574 4450 τὸ
1622 4395 1868 4466 Πνεῦμα.

1979 4401 2263 4466 innovant,
2320 4401 2413 4455 sed
2470 4417 2647 4470 neque
2679 4402 2946 4471 originem
2990 4401 3110 4470 ejus
3142 4401 3209 4455 ad
3243 4401 3382 4458 duas
3423 4416 3551 4456 cau-

279 4494 416 4558 Θεος
445 4495 560 4563 γὰρ
581 4533 596 4558 ,
632 4493 730 4563 οὐχ
761 4484 873 4555 οἷος
904 4493 937 4563 ἡ
967 4491 1095 4560 πρὶν
1129 4490 1470 4544 διαπλάσασα
1506 4489 1680 4560 πλάνη
1723 4489 1874 4559 νομί-

1981 4509 2092 4556 sas,
2129 4509 2224 4548 seu
2263 4495 2530 4563 principia
2561 4491 2827 4547 referunt.
2879 4493 3190 4562 Utrumque
3230 4493 3376 4548 enim
3436 4493 3552 4548 abit

280 4589 397 4654 ζειν
425 4588 710 4658 ἡπάτησε,
745 4583 928 4656 μικρῷ
963 4585 1057 4638 καὶ
1089 4583 1310 4654 μεγάλῳ
1337 4583 1493 4656 μέρει
1520 4583 1580 4638 τὸ
1609 4583 1762 4637 Θεῖον
1793 4583 1873 4636 δι-

1979 4602 2008 4642 a
2045 4597 2190 4641 recta
2236 4587 2529 4642 sententia.
2593 4587 2842 4640 Alterum
2882 4593 2968 4640 est
3013 4601 3204 4640 eorum
3255 4585 3350 4656 qui
3399 4600 3552 4640 crea-

278 4681 558 4754 αιροῦσα·
610 4678 725 4732 ἀλλ’
754 4672 866 4732 οἷον
909 4679 941 4750 ή
982 4678 1049 4732 δι’
1094 4674 1163 4751 ἧς
1209 4678 1495 4750 ήνώθημεν
1525 4678 1643 4748 Θεῷ
1679 4678 1874 4748 γνῶσις

1980 4677 2172 4732 tricem
2241 4685 2491 4731 naturam
2538 4676 2593 4731 in
2623 4686 2934 4731 creatorum
2991 4677 3260 4746 dejiciunt
3309 4682 3547 4741 sortem;

281 4774 517 4838 ὲδίδαξε,
548 4774 651 4842 τὴν
679 4772 956 4842 ἀγνωσίαν
981 4772 1079 4842 τῆς
1114 4772 1322 4842 πλάνης
1349 4771 1764 4844 ἀποκαθάρασα.
1782 4771 1874 4840 Μὴ

283 4869 448 4925 πάλιν
481 4867 579 4920 ἐπὶ
612 4865 680 4919 τὰ
719 4865 996 4937 κτίσματα
1021 4864 1461 4935 καταϐαίνωμεν,
1489 4863 1625 4935 πρὸς
1658 4865 1748 4917 τὸν
1777 4862 1874 4917 ἕνα

285 4963 416 5016 Θεὸν
465 4958 882 5030 ἀνεληλυθότες.
927 4957 1236 5028 Κτίσμασίν
1283 4957 1431 5012 ἐστιν
1479 4955 1784 5027 λατρεύειν,
1815 4955 1876 5006 τὸ

284 5056 496 5124 κτίσμα
539 5051 784 5116 νομίζειν
816 5051 879 5106 τὸ
921 5051 1172 5120 Πνεῦμα,
1217 5049 1351 5120 μηδὲ
1397 5049 1494 5120 τὴν
1542 5048 1749 5117 ἄφατον
1780 5045 1874 5100 τοῦ

285 5144 537 5201 θεοποιοῦ
574 5144 897 5214 Πνεύματος
931 5141 1250 5214 εὐεργεσίαν
1288 5139 1596 5211 ὲλαττώσῃς
1633 5139 1876 5209 λυμηνά-

288 5257 450 5311 μενος
481 5237 686 5309 ἑαυτῷ.
710 5239 785 5290 Οὐ
816 5237 924 5306 γὰρ
949 5237 1098 5288 ἐστιν
1117 5236 1265 5298 ὅπως
1291 5233 1506 5303 φύσεως
1534 5233 1758 5300 κτιστῆς
1776 5230 1876 5301 τὴν

288 5331 598 5386 ἀνάπλασιν
627 5327 928 5397 ἁπολάὁῃς,
949 5326 1056 5380 οὐδ’
1077 5325 1272 5380 ἕνωσιν
1294 5323 1391 5396 τὴν
1418 5323 1552 5395 πρὸς
1581 5321 1734 5387 Θεὸν,
1757 5320 1874 5375 ἀλλ’

288 5427 320 5496 ἦ
353 5425 576 5494 ἐκείνῳ,
611 5423 742 5492 παρ’
771 5415 854 5479 οὗ.
885 5423 978 5473 καὶ
1006 5420 1104 5472 οὐκ
1135 5417 1211 5471 ὢν
1239 5418 1548 5488 δημιουργῇ
1567 5431 1580 5444 ·
1621 5415 1717 5468 καὶ
1759 5414 1875 5467 δια-

291 5519 540 5588 φθαρεὶς,
581 5515 709 5584 θείῳ
741 5514 930 5584 κράτει
958 5513 1264 5582 καινοποιῇ.
1284 5511 1424 5562 Ἀλλ’
1452 5503 1532 5573 οἷς
1568 5508 1665 5580 μὲν
1701 5506 1760 5561 εὖ
1792 5507 1872 5559 εί-

287 5613 398 5666 δόσι
440 5613 478 5681 ἡ
513 5609 606 5680 σὴ,
645 5606 995 5678 Παράκλητε.
1022 5604 1252 5668 σώζεται
1280 5603 1435 5674 τιμὴ,
1460 5603 1557 5656 καὶ
1598 5601 1697 5668 τῆς
1724 5599 1875 5670 παρὰ

293 5706 381 5762 σοῦ
409 5703 583 5777 τιμῆς
610 5699 845 5772 ὑπάρξει
876 5698 1181 5752 ἀντιλαϐεῖν
1200 5716 1213 5729 ο
1243 5699 1356 5751 ὅσοι
1385 5697 1430 5750 δ’
1457 5695 1713 5761 ἐναντίως
1738 5696 1874 5749 ὑπο-

356 5869 404 5901 "'
444 5865 600 5922 Joan.
632 5880 745 5923 xw.
769 5862 827 5922 ὁ,
862 5862 915 5916 9.
988 5863 1036 5892 θ’
1071 5863 1083 5914 Ι
1116 5861 1240 5916 Cor.
1267 5877 1326 5923 ιι,
1367 5861 1450 5913 10.

667 5961 940 6017 ΡΔτιιυι.
985 5956 1101 6014 (iu.
1147 5955 1329 6015 CV11.

1978 4769 2208 4822 alterum
2236 4783 2424 4821 eorum
2454 4767 2546 4838 qui
2600 4767 2771 4822 multa
2813 4768 3087 4838 principia
3118 4768 3172 4821 in
3200 4767 3366 4822 unius
3390 4766 3550 4838 prin—

1978 4864 2128 4933 cipii,
2162 4878 2226 4918 ac
2266 4861 2606 4932 principatus
2651 4860 2980 4915 Trinitatem
3020 4859 3315 4914 inducunt.
3353 4857 3550 4915 Divino

1976 4956 2143 5027 igitur
2191 4956 2398 5010 honore
2432 4953 2847 5024 prosequendus
2878 4961 2963 5008 est
3009 4951 3250 5022 Spiritus
3287 4961 3549 5008 sanctus:

1977 5047 2177 5118 quippe
2203 5062 2327 5101 cum
2357 5045 2500 5102 Deus
2543 5045 2635 5111 sit,
2687 5061 2797 5100 non
2840 5045 3060 5114 quidem
3093 5041 3286 5113 quales
3332 5044 3551 5114 priscos

1979 5156 2136 5196 error
2164 5140 2296 5194 deos
2345 5137 2523 5202 ﬁnxit,
2571 5152 2636 5192 ac
2662 5137 2914 5209 tingendo
2939 5136 2994 5190 in
3028 5149 3274 5190 errorem
3309 5133 3550 5199 induxit,

1978 5232 2172 5302 majori
2223 5246 2288 5285 ac
2345 5230 2544 5286 minori
2602 5241 2758 5300 parte
2802 5229 3059 5284 deitatem
3121 5227 3395 5293 dividens,
3455 5227 3552 5282 sed

1977 5324 2190 5395 qualem
2245 5320 2497 5384 scientia,
2541 5335 2649 5390 qua
2695 5318 2806 5374 Deo
2858 5318 2996 5374 uniti
3034 5332 3247 5383 sumus,
3305 5315 3552 5387 ﬁdesque

1979 5415 2184 5482 docuit,
2235 5415 2386 5468 omni
2421 5415 2628 5468 erroris
2682 5411 2994 5480 ignorantia
3027 5418 3351 5480 perpurgata
3383 5418 3550 5479 atque

1978 5509 2211 5565 sublata.
2242 5507 2350 5560 Nec
2369 5520 2582 5559 rursum
2609 5505 2676 5559 ad
2697 5513 2881 5560 creata
2898 5502 3416 5572 descendamus,qui
3437 5501 3550 5571 jam

1979 5603 2044 5654 ad
2075 5598 2239 5653 Deum
2271 5599 2476 5651 unitate
2500 5606 2843 5652 constantem
2872 5596 3246 5652 ascendimus.
3272 5593 3375 5660 Qui
3407 5594 3552 5647 enim

1984 5693 2248 5764 Spiritum
2301 5699 2553 5750 sanctum
2600 5700 2910 5747 creaturam
2958 5705 3083 5746 csse
3125 5687 3426 5753 existimat,
3460 5682 3553 5738 ille

3155 5940 3189 6000 5
