4070 6206
465 414 561 484 131
1702 411 1974 472 LEONIS
2011 405 2469 473 PHILOSOPHI
2974 360 2977 363 f
3593 396 3693 463 132

461 525 733 586 creaturis
768 522 985 578 divinos
1028 521 1270 577 honores
1320 519 1606 590 impendit.
1652 517 1731 573 Ne
1766 518 2033 574 ineffabile

2139 517 2523 588 λαμϐάνοντες,
2576 514 2633 566 ὲν
2679 512 2757 581 τῷ
2805 510 3099 581 πειρᾶσθαι
3155 508 3315 581 δόξης
3362 508 3711 577 ἀποστερεῖν,

464 622 644 679 deilici
696 616 934 689 Spiritus
989 613 1337 677 beneficium,
1390 627 1700 682 munusque
1747 621 2031 675 extenues,

465 732 579 772 non
629 713 749 769 sine
791 720 885 764 tuo
930 708 1290 773 detrimento;
1342 720 1519 775 neque
1585 705 1729 759 enim
1783 704 1900 759 tleri
1939 719 2033 774 po-

465 815 576 865 test
626 814 686 861 ut
733 819 764 858 a
809 808 993 858 creata
1046 812 1244 853 natura
1300 797 1709 853 renovationem
1767 796 2032 866 accipias,

467 910 565 959 aut
626 915 690 955 ea
754 902 1051 969 praestante
1097 891 1210 946 Deo
1267 890 1625 960 conjungaris
1690 890 1773 943 vel
1822 890 1926 945 nisi
1982 889 2033 943 is

466 1000 711 1066 praestet,
737 989 829 1060 qui
864 997 940 1052 te,
970 1000 1094 1039 cum
1126 997 1236 1037 non
1270 996 1445 1045 esses,
1470 980 1755 1043 condidit;
1808 993 1872 1032 ac
1908 992 2033 1030 cum

465 1100 623 1143 esses
673 1088 986 1151 corruptus,
1034 1075 1278 1148 potentia
1332 1074 1496 1145 digna
1546 1071 1890 1126 instauravit.
1920 1070 2036 1123 Cae-

467 1189 669 1240 terum,
713 1173 809 1243 qui
870 1179 1047 1232 tuum,
1100 1166 1403 1232 Paraclete,
1446 1165 1713 1219 honorem
1765 1162 2035 1231 integrum

2140 610 2359 671 ἐαυτοὺς
2396 605 2754 677 ἀφαιροῦνται
2782 604 2882 674 τὴν
2912 604 3076 673 ζωήν.
3095 601 3251 655 Ἀλλὰ
3273 600 3337 654 σύ
3369 617 3431 668 γε
3464 600 3560 652 καὶ
3587 598 3718 651 τού-

2139 718 2284 764 τους,
2324 698 2665 770 μακρόθυμε,
2696 695 2843 765 δοίης
2869 696 2969 763 τῆς
3020 692 3199 762 λώϐης
3241 692 3586 760 ἁνενεγκεῐν’
3625 692 3718 743 ἵνα

2140 795 2339 854 πάντες
2368 790 2500 861 ὀρθῇ
2540 791 2772 850 πίστεως
2802 785 3110 855 συμφωνίᾳ,
3142 784 3234 848 οὓς
3265 785 3350 852 ἐφ’
3390 776 3433 851 ᾧ
3462 785 3720 853 οὐρανοῖς

2140 885 2362 949 συνάψει
2391 883 2418 934 ὁ
2447 883 2638 948 Λόγος,
2676 878 2740 931 σύ
2784 895 2843 930 τε
2877 877 3216 938 ὰναπτὰντος
3249 875 3485 941 ἐκείνου,
3514 877 3721 946 ἐπεδή-

2140 988 2340 1041 μησας,
2368 970 2559 1038 εἴημεν
2590 967 2857 1038 ἠνωμένοι
2880 1006 2894 1030 ,
2928 968 3019 1019 καὶ
3049 966 3247 1027 πάντες
3276 964 3384 1018 τῶν
3414 967 3524 1019 σῶν
3556 966 3720 1020 θείων

2142 1060 2579 1133 μεταληψώμεθα
2606 1059 2855 1131 δωρεῶν,
2890 1061 2954 1129 τῇ
2990 1062 3088 1130 μιᾷ
3132 1058 3376 1129 βασιλείᾳ
3405 1062 3499 1111 καὶ
3529 1059 3723 1129 κυριό-

2136 1171 2259 1222 τητι
2307 1152 2401 1205 τοῦ
2450 1151 2568 1214 ἑνὸς
2619 1151 2677 1202 ὲν
2727 1150 3045 1220 Πατρὶ,κσ.¹ι
3075 1148 3210 1218 mp,
3262 1149 3357 1202 xui.
3412 1149 3725 1219 Πνεύματι,

466 1240 823 1331 conserva—nt,
876 1263 965 1318 his
1019 1261 1184 1315 etiam
1213 1275 1244 1313 τι
1304 1267 1357 1313 te
1397 1258 1573 1313 bonos
1602 1254 1847 1324 obtinget
1890 1270 1904 1306 :
1942 1248 2033 1321 qui

2140 1242 2275 1297 Θεοῦ
2299 1260 2311 1273 ο
2363 1242 2490 1312 μίαν
2526 1242 2619 1295 καὶ
2645 1241 2742 1312 τὴν
2770 1240 3047 1311 λατρείαν,
3080 1241 3173 1293 καὶ
3215 1242 3315 1310 τὴν
3349 1240 3727 1311 προσκύνησιν

464 1377 597 1418 vero
645 1359 802 1413 aliter
830 1354 1059 1417 .ail‘eeti,
1108 1359 1162 1407 te
1190 1350 1377 1405 debito
1401 1348 1616 1403 honore
1646 1345 1864 1416 privare
1903 1358 2033 1399 con-

2143 1339 2423 1407 φέροντες,
2458 1335 2554 1387 νῦν
2584 1336 2678 1387 καὶ
2712 1335 2790 1398 είς
2818 1334 2946 1395 τοὺς
2975 1334 3413 1405 αἰῶνας.Ἀμήν.

467 1453 721 1516 tendunt,
777 1448 832 1503 1ιὶ
864 1448 1073 1517 seipsos
1132 1444 1245 1498 vita
1302 1442 1541 1511 privant.
1593 1438 1699 1495 Sed
1752 1446 1835 1501 tu,
1879 1451 1914 1491 0
1974 1432 2189 1506 patiens
2246 1444 2310 1483 ac
2368 1427 2731 1497 longanimisl
2791 1426 2890 1480 hos
2962 1442 3180 1497 quoque
3266 1444 3297 1481 a
3382 1427 3727 1498 blasphemia

466 1564 533 1604 ac
619 1559 810 1601 errore
830 1541 1051 1598 liberari
1103 1536 1364 1601 concede,
1407 1545 1467 1591 ut
1501 1550 1695 1593 omnes
1754 1541 1900 1587 recta
1960 1530 2087 1585 ﬁdei
2157 1525 2474 1590 concordia,
2520 1539 2658 1591 quos
2714 1530 2775 1577 ut
2832 1523 3060 1577 verbum
3132 1524 3188 1577 in
3239 1523 3395 1579 caelis
3434 1533 3727 1580 connectat

466 1644 585 1713 ipse
613 1657 853 1712 quoque,
886 1653 1010 1694 cum
1041 1638 1131 1692 ille
1160 1632 1525 1696 ascendisset,
1558 1629 1848 1694 advenisti,
1910 1627 2111 1681 unione
2159 1625 2331 1679 simus
2393 1619 2654 1713 conserti,
2718 1633 3036 1713 pomi—tesque
3105 1617 3416 1713 divinorum
3500 1630 3725 1677 tuorum

468 1710 763 1789 munerum
844 1730 1175 1802 participes
1218 1727 1556 1791 efﬁciamur,
1610 1722 1705 1777 uni
1740 1735 1909 1791 regno
1952 1733 2016 1773 ac
2050 1715 2445 1777 dominatione,
2506 1712 2668 1766 unius
2716 1712 2771 1765 in
2826 1710 3011 1777 Patre,
3079 1719 3135 1766 et
3184 1711 3344 1776 Filio,
3410 1723 3467 1770 et
3515 1714 3725 1788 Spiritu

467 1835 683 1893 sancto,
745 1822 862 1889 Dei,
896 1836 1210 1891 supremum
1246 1834 1416 1874 unum
1462 1816 1667 1873 cultum
1696 1828 1760 1868 ac
1802 1812 2176 1867 atloralionem
2211 1805 2549 1869 exhibentes,
2583 1819 2729 1858 nunc
2755 1804 2889 1861 etin
2934 1804 3155 1860 saecula.
3196 1806 3396 1862 Amen.

964 2145 1338 2207 SCIPIONIS
1365 2142 1516 2201 MAF
1521 2142 1561 2199 F
1566 2140 1643 2199 EI
1704 2140 2100 2203 PREFATIO
2157 2140 2237 2199 IN
2296 2138 2747 2210 SEQUENTEM
2779 2137 3186 2199 HOMILIAM.

2049 2356 2116 2367 σ--υ

543 2490 759 2545 Accidit
792 2507 988 2563 nuper,
1032 2504 1091 2549 ut
1120 2495 1407 2556 Ruthenus
1429 2502 1677 2571 quidam,
1703 2520 1813 2558 non
1842 2503 2045 2559 infimae
2074 2506 2240 2560 sortis
2273 2504 2460 2569 homo,
2500 2518 2601 2558 nec
2625 2501 2903 2562 indoctus,
2931 2498 3025 2568 qui
3060 2496 3244 2568 plures
3278 2491 3501 2547 ϐαι-σιω
3535 2488 3725 2560 regio-

477 2593 574 2631 nes
598 2582 929 2651 peragravit,
965 2599 1048 2638 me
1084 2585 1368 2643 inviseret.
1399 2590 1526 2647 Post
1559 2607 1732 2662 pauca
1764 2595 1829 2649 de
1851 2593 2116 2649 Photiano
2148 2595 2295 2648 circa
2334 2590 2571 2663 Spiritus
2598 2591 2771 2645 sancti
2799 2588 3208 2658 processionem
3240 2597 3447 2644 errore,
3480 2579 3567 2633 cui
3592 2581 3731 2648 qui-

475 2665 599 2718 dem
628 2666 1039 2728 addictissimus
1070 2684 1174 2742 est,
1210 2691 1542 2742 sermonem,
1599 2697 1693 2736 seu
1731 2684 1913 2751 potius
1956 2680 2387 2752 diSputationem
2441 2678 2645 2732 intulit.
2707 2676 2865 2742 Quod
2896 2674 3145 2745 urgebat,
3179 2680 3232 2726 et
3262 2672 3317 2723 in
3352 2684 3460 2738 quo
3491 2666 3739 2721 maxime

478 2754 775 2851 nitebatur,
804 2757 854 2810 id
877 2769 993 2814 erat
1028 2780 1041 2814 :
1075 2762 1359 2819 Ostensam
1384 2768 1489 2822 sibi
1513 2769 1683 2825 fuisse
1714 2770 1956 2841 Smyrnae
1985 2771 2037 2824 in
2070 2771 2237 2824 veteri
2262 2769 2579 2824 membrana
2617 2768 2976 2839 perscriptum
3010 2764 3209 2819 Leonis
3239 2757 3517 2829 Sapientis
3545 2757 3736 2810 homi—

476 2843 626 2907 liam.
656 2844 817 2913 cuius
846 2847 948 2903 hac
973 2849 1039 2903 de
1076 2866 1135 2906 re
1166 2864 1486 2922 argumenta
1514 2874 1657 2929 aegre
1686 2875 1717 2914 a
1742 2860 1901 2913 nobis
1927 2858 2098 2914 refelli
2124 2860 2355 2929 possint,
2384 2858 2548 2926 idque
2591 2859 2647 2911 in
2682 2871 2848 2911 causa
2885 2869 3028 2918 esse,
3082 2867 3203 2916 cur,
3260 2847 3474 2904 etiamsi
3507 2846 3562 2899 in
3597 2846 3743 2914 qui-

438 2958 447 2967 -
478 2934 712 2989 busdam
744 2934 910 2992 Italia:
938 2939 1283 3000 bibliothecis
1314 2946 1601 3014 habeatur,
1642 2965 1921 3019 nunquam
1952 2950 2098 3004 edita
2145 2950 2237 3003 sit.
2270 2948 2512 3002 Primum
2553 2962 2681 3017 ergo
2711 2953 2920 3016 quanto
2968 2945 3024 2998 in
3052 2956 3241 2996 errore
3277 2944 3589 2997 versentur,
3625 2934 3726 3003 qui

478 3024 747 3092 snpprimi
775 3040 805 3079 a
841 3028 1021 3093 nobis,
1054 3040 1217 3100 atque
1256 3034 1419 3087 etiam
1454 3036 1659 3091 aboleri
1697 3036 2133 3093 adversariorum
2166 3046 2482 3092 nostrorum
2532 3047 2713 3091 vetera
2746 3034 2952 3103 scripta
2979 3031 3297 3101 opinantur,
3325 3024 3539 3081 ostendi
3576 3022 3746 3077 facil-

479 3109 607 3165 lime
633 3126 647 3162 :
681 3128 805 3165 nam
842 3114 1045 3170 latebat
1075 3120 1305 3189 exempli
1343 3122 1540 3191 gratia,
1571 3130 1626 3178 et
1652 3125 1999 3193 paucissimis
2032 3134 2149 3181 erat
2175 3135 2325 3189 nota,
2389 3122 2571 3178 Photii
2599 3123 2665 3177 ad
2692 3121 3101 3191 Aquileiensem
3125 3117 3445 3187 episcopum
3478 3111 3740 3189 epistola,

481 3210 605 3249 cum
647 3212 765 3252 eam
806 3215 872 3254 ex
908 3206 1301 3276 manuscriptis
1333 3209 1499 3273 eruit,
1529 3217 1692 3279 atque
1718 3212 1771 3265 in
1803 3212 2076 3281 publicam
2105 3214 2280 3265 lucem
2315 3210 2543 3279 protulit
2571 3209 2873 3264 cardinalis
2906 3207 3211 3271 Baronius;
3245 3218 3309 3259 ea
3345 3201 3535 3273 procul
3568 3200 3747 3255 dubio

480 3287 694 3339 ratione
726 3287 1004 3354 inductus,
1035 3293 1294 3359 quoniam
1328 3311 1606 3365 nunquam
1632 3298 1855 3361 clarius,
1887 3314 2049 3369 quam
2084 3313 2205 3353 cum
2236 3307 2607 3368 oppugnatur,
2640 3297 2845 3351 veritas
2874 3296 3097 3350 emicat.
3139 3293 3207 3347 At
3256 3305 3438 3346 nonne
3462 3297 3745 3359 praestan-

482 3374 591 3426 tior
627 3376 885 3432 omnibus
918 3378 1179 3435 Alcorani
1203 3382 1372 3437 editio
1397 3385 1654 3449 Arabice,
1681 3394 1735 3441 et
1759 3385 1949 3443 Latine
1976 3385 2187 3442 Patavii
2220 3386 2503 3442 elaborata
2530 3384 2772 3456 prodiit?
2800 3382 2997 3439 Nonne
3028 3380 3271 3436 Venetiis
3309 3380 3582 3434 virulenta
3610 3377 3748 3448 plu-

480 3461 624 3514 rium
660 3461 1033 3521 Rabbiuorum
1056 3483 1223 3539 opera
1255 3487 1429 3542 nuper
1457 3474 1679 3544 vulgata
1703 3474 1726 3527 ‘l

551 3572 755 3630 Verum
781 3578 927 3645 quod
955 3580 1021 3634 ad
1051 3582 1251 3640 Leonis
1279 3586 1586 3641 orationem
1642 3588 1859 3653 attinet,
1908 3587 2056 3644 unde
2082 3587 2299 3645 erudito
2347 3584 2529 3641 Russo
2576 3583 2896 3655 plenissime
2945 3582 3350 3644 satisfacerem,
3384 3579 3444 3635 in
3473 3588 3743 3650 promptu

480 3661 615 3716 mihi
646 3662 765 3716 fuit.
799 3665 1055 3746 codicem
1089 3671 1305 3725 ostendi
1333 3673 1669 3738 inauratum,
1694 3683 1756 3729 ut
1782 3676 2128 3743 imperatoris
2154 3674 2565 3730 lucubrationes
2591 3681 2895 3727 servantem
2923 3672 3103 3737 decet,
3129 3672 3182 3723 iu
3210 3668 3415 3724 Graacia
3447 3671 3743 3738 scriptum,

481 3748 871 3822 eleganterque
904 3768 1273 3827 compactum,
1317 3757 1513 3814 Leonis
1537 3758 1602 3813 Vl
1640 3762 1799 3829 vulgo
1838 3760 2115 3831 Sapientis
2156 3762 2410 3815 bomilias
2446 3762 2818 3814 continentem
2859 3759 2927 3813 55
2981 3773 3045 3812 ea
3094 3757 3283 3811 morali
3316 3756 3570 3825 epistola,
3622 3754 3746 3809 sive

483 3837 772 3934 paramesi,
810 3841 953 3897 inter
978 3843 1078 3899 has
1101 3854 1436 3915 computata,
1472 3863 1636 3917 quam
1668 3847 1860 3903 Latine
1889 3849 1954 3902 ad
1995 3864 2194 3902 annum
2245 3850 2341 3904 9H
2372 3848 2640 3904 Baronius
2667 3848 2862 3902 edidit.
2899 3846 3069 3908 Ordo,
3106 3860 3216 3915 quo
3265 3853 3646 3905 recensentur,
3688 3844 3741 3898 is

484 3928 603 3993 ipse
630 3935 733 3991 est,
769 3929 858 3982 cui
888 3928 1182 3986 Vaticanus
1220 3934 1358 3988 liber
1403 3936 1729 4002 inhaerebat,
1780 3952 1809 3989 a
1841 3952 1953 4005 quo
1987 3937 2251 3991 Baronius
2296 3952 2484 3991 earum
2525 3944 2851 4006 argumenta
2906 3934 3268 4004 deprompsit.
3301 3932 3381 3987 Ex
3404 3933 3490 3987 his
3516 3932 3580 3987 15
3609 3941 3740 3985 tan-

483 4015 775 4068 tummodo
800 4016 852 4069 in
881 4017 1153 4086 publicam
1191 4021 1367 4075 lucem
1404 4023 1628 4092 prolatas
1658 4033 1805 4090 sunt,
1836 4023 1902 4076 18
1928 4024 2119 4090 latent,
2149 4032 2202 4077 et
2229 4024 2298 4077 ab
2324 4022 2559 4077 eruditis
2589 4022 2908 4090 cupiuntur.
2941 4021 3297 4091 Vulgatarum
3329 4035 3359 4073 a
3383 4018 3733 4079 Combeﬁsio,

483 4114 605 4170 qua:
638 4104 810 4158 beatae
840 4102 1083 4177 Virginis
1117 4108 1648 4177 Annuntiationem,
1697 4109 2020 4179 Dominique
2078 4110 2557 4165 Resurrectionem
2612 4109 2915 4176 celebrant,
2980 4124 3080 4165 nec
3120 4107 3365 4163 Vaticani
3416 4124 3443 4161 a
3491 4106 3732 4160 Baronio

483 4190 721 4261 inspecti
755 4190 911 4248 fidem
948 4197 1381 4265 comprobarunt
1413 4197 1656 4260 codices,
1685 4214 1789 4253 nec
1820 4209 2008 4254 noster
2037 4197 2379 4267 comprobat,
2412 4197 2505 4267 qui
2545 4212 2640 4251 eas
2695 4213 2803 4250 non
2854 4197 3076 4251 habent.
3136 4196 3255 4259 lll'a,
3294 4196 3362 4251 de
3419 4211 3519 4265 qua
3545 4209 3735 4249 sermo

483 4287 623 4345 erat,
649 4281 869 4335 tertium
906 4282 963 4347 in
992 4300 1122 4340 mss.
1156 4287 1365 4341 obtinet
1398 4287 1599 4341 locum.
1636 4285 1695 4341 1n
1726 4302 1787 4341 ea
1816 4287 2080 4357 quidquid
2112 4301 2210 4356 pro
2240 4284 2551 4340 Graecorum
2590 4300 2778 4338 errore
2810 4285 2877 4339 de
2907 4286 3083 4339 saneti
3113 4284 3353 4353 Spiritus
3383 4285 3740 4354 processiune

485 4370 856 4438 excogitatum
892 4371 1016 4435 fttit,
1061 4373 1267 4444 colligit
1318 4373 1450 4437 Leo.
1482 4383 1647 4443 atque
1676 4386 1925 4445 apparat.
1962 4375 2307 4443 Quapmpter
2338 4371 2531 4427 nullibi
2571 4371 2745 4442 magis
2777 4373 2978 4440 elucet,
3004 4389 3169 4443 quam
3203 4374 3423 4428 miseris
3468 4370 3741 4443 captioni-

489 4456 616 4520 bus,
651 4472 813 4525 quam
848 4458 1079 4515 infirmis
1110 4463 1428 4518 schismatis
1458 4472 1896 4533 propugnatores
1926 4462 2233 4517 innitantur
2263 4460 2644 4531 50pliismatis.

559 4540 699 4593 Cum
735 4553 914 4598 autem
946 4547 1013 4601 ad
1045 4549 1327 4605 chartulas
1360 4566 1510 4606 meas
1545 4551 1932 4615 accessissem,
1961 4551 2203 4605 libellum
2229 4548 2462 4613 extraxi,
2496 4549 2548 4601 in
2575 4562 2685 4617 quo
2716 4555 2842 4601 ante
2867 4546 2969 4602 hos
2993 4546 3064 4601 20
3093 4554 3189 4600 aut
3230 4546 3439 4617 plures,
3466 4547 3521 4600 ni
3556 4545 3740 4612 fallor,

490 4639 689 4692 annos,
711 4631 1005 4700 exscripta
1030 4649 1127 4702 per
1159 4651 1245 4690 me
1275 4652 1305 4690 e
1326 4637 1516 4692 codice
1547 4639 1724 4693 oratio
1756 4639 1956 4705 fuerat,
1994 4638 2185 4691 Latine
2215 4637 2449 4699 reddita,
2477 4645 2531 4690 et
2567 4636 2637 4689 ob
2669 4650 2891 4690 causam
2919 4636 3059 4689 hanc
3100 4637 3317 4690 abunde
3341 4636 3654 4703 confutata,
3687 4645 3744 4692 et

492 4713 716 4783 rejecta.
753 4713 869 4771 Hoc
906 4727 1086 4773 autem
1108 4724 1491 4790 praastiteram,
1526 4741 1650 4779 cum
1684 4726 2072 4780 anecdotorum
2128 4725 2181 4779 iu
2220 4739 2353 4779 mss.
2408 4718 2823 4781 Veronensibus
2872 4724 3156 4778 latentium
3198 4725 3581 4779 collectionem
3614 4736 3747 4781 tunc

496 4804 760 4872 temporis
800 4805 1145 4875 adornarem,
1170 4824 1400 4878 quorum
1438 4814 1711 4881 quaedam,
1739 4814 2031 4868 occasione
2056 4813 2257 4876 oblata,
2300 4812 2529 4867 seorsim
2559 4820 2747 4880 postea
2780 4813 3055 4883 prodiere,
3091 4813 3198 4866 alia
3230 4828 3340 4866 non
3372 4828 3546 4883 pauca
3574 4814 3747 4869 latent

489 4888 693 4955 adhuc,
720 4902 774 4947 et
809 4894 1247 4963 obdormiscunt.
1282 4900 1429 4954 Inter
1450 4902 1635 4958 Graeca
1662 4904 1922 4973 opuscula
1948 4902 2088 4957 hanc
2116 4900 2387 4972 praecipue
2412 4900 2689 4954 homiliam
2718 4903 3037 4969 selegeram,
3068 4900 3196 4969 quia
3216 4900 3744 4969 opportunissimum

488 4988 752 5048 prastare
776 4982 980 5037 aditum
1014 4985 1303 5041 videbatur
1339 4991 1469 5045 mibi
1511 4990 1577 5044 ad
1610 4992 1936 5046 catholicam
1966 4990 2018 5044 in
2056 4990 2158 5042 hoc
2183 4996 2506 5058 argumento
2537 4986 2843 5041 doctrinam
2886 5001 2915 5038 a
2945 4984 3262 5056 sophisticis
3283 4990 3544 5042 omnibus
3584 4989 3744 5042 tricis

488 5080 720 5135 prorsus
749 5068 1156 5127 vindicandam.
1186 5073 1310 5131 Haec
1344 5078 1472 5132 item
1513 5080 1678 5144 ratio,
1720 5086 1779 5133 ut
1830 5077 1989 5133 modo
2016 5077 2284 5141 emittam,
2332 5076 2583 5145 impellit,
2618 5090 2792 5144 eoque
2850 5076 3047 5144 magis,
3101 5074 3273 5144 quod,
3317 5091 3442 5129 cum
3483 5075 3746 5129 adnutata

488 5154 713 5209 advena:
738 5171 868 5233 meo
903 5159 1262 5231 perlegerent,
1303 5166 1434 5233 quid
1474 5176 1781 5237 reponeret,
1826 5182 1937 5222 non
1990 5165 2244 5219 habebat.
2289 5163 2551 5220 Crwciam
2586 5164 2939 5219 orthodoxam
2965 5164 3058 5234 ,illi
3088 5165 3234 5220 dono
3258 5165 3407 5231 dedi,
3440 5168 3627 5235 atque,
3663 5183 3746 5232 ut,

487 5242 557 5296 de
584 5257 695 5310 quo
722 5244 921 5313 agitur,
958 5245 1224 5316 Spiritum
1252 5262 1503 5306 sanctum
1528 5261 1643 5308 toto
1677 5254 1842 5308 corde
1871 5254 2173 5315 invocaret,
2207 5252 2462 5309 hortatus
2496 5268 2641 5307 sum.

559 5327 846 5428 Sapientis
871 5334 1112 5401 titulum,
1143 5352 1307 5407 quem
1338 5330 1583 5395 studium
1620 5342 2254 5413 multiplex,.varia:que,
2284 5360 2427 5414 quas
2450 5346 2697 5415 impense
2729 5345 2923 5411 coluit,
2952 5346 3217 5400 doctrinae
3249 5343 3419 5399 Leoni
3459 5358 3745 5414 peperere,

488 5429 647 5513 εἷπον
683 5417 897 5483 adium,
928 5437 1038 5513 quo
1077 5436 1283 5482 arecto
1315 5429 1441 5484 fidei
1505 5433 1725 5487 tramite
1774 5432 2085 5497 deﬂexisse,
2142 5443 2343 5502 prater
2394 5438 2692 5488 multorum
2733 5435 3076 5504 Opinionem,
3139 5436 3255 5487 hmc
3310 5433 3536 5487 homilia
3561 5433 3744 5486 docet.

488 5500 657 5556 Miror
680 5513 860 5561 tamen
888 5516 943 5560 et
978 5508 1099 5565 sine
1128 5512 1232 5568 hac
1255 5518 1406 5572 viros
1435 5517 1629 5573 doctos
1662 5533 1822 5574 secus
1856 5521 2110 5590 opinatos
2139 5500 2287 5575 esse.
2322 5519 2459 5574 Nam
2509 5523 2745 5591 primum
2773 5500 2937 5592 ’ψιίά
2971 5522 3117 5577 aliud
3157 5537 3187 5575 a
3234 5520 3418 5575 Photii
3472 5521 3747 5591 discipulo

488 5594 941 5657 exspectaretur?
973 5595 1170 5654 deinde
1198 5618 1362 5670 quam
1395 5607 1688 5675 perspicue
1718 5607 1938 5677 vulgata
1970 5608 2027 5661 in
2070 5608 2429 5664 Pentecosten
2465 5609 2689 5664 homilia
2724 5609 3045 5664 Pliotianam
3088 5626 3153 5665 eo
3183 5610 3305 5664 loco
3329 5609 3511 5679 prodit
3539 5608 3749 5664 doctri-

489 5695 638 5745 nam,
666 5697 772 5781 quo
803 5683 1068 5755 Spiritum
1108 5701 1358 5746 sanctum
1392 5696 1461 5749 ab
1494 5695 1562 5750 iis
1590 5704 1740 5751 recte
1765 5698 1869 5752 coli
1911 5698 2208 5761 asseritur,
2229 5699 2319 5769 qui
2356 5714 2518 5769 neque
2546 5700 2691 5752 circa
2720 5699 2835 5765 ejus
2861 5708 3113 5753 naturam
3142 5698 3435 5769 quidquam
3468 5700 3746 5761 innovant,

489 5786 653 5839 neque
689 5774 803 5841 ejus
841 5774 1097 5845 originem
1125 5780 1195 5832 ad
1232 5780 1370 5833 duas
1399 5797 1593 5836 causas
1631 5784 1907 5851 referunt?
1939 5786 2030 5855 Μὴ

2143 5804 2232 5839 νον
2264 5788 2393 5857 περὶ
2422 5789 2519 5856 τὴν
2564 5788 2726 5855 φύσιν
2751 5789 2811 5839 οὐ
2845 5788 3317 5857 καινοτομοῦντες,
3350 5788 3489 5841 ἀλλὰ
3513 5787 3637 5859 μηδ’
3664 5788 3747 5850 εἰς

487 5859 667 5914 αἰτίαν
702 5861 833 5916 αὐτὸ
868 5863 1062 5930 διπλῆν
1084 5867 1482 5933 ἀναφέροντεςο
1508 5872 1709 5935 quibus
1737 5874 1918 5931 verbis
1951 5874 2033 5930 Ca‘

2139 5877 2266 5932 licos
2296 5877 2588 5945 perstringi
2646 5884 2815 5944 patet,
2871 5876 3350 5946 orthodoxamque
3410 5878 3745 5934 sententiam
