4070 6206
490 416 591 481 135

1718 422 1992 484 LEONIS
2030 425 2489 486 PI‘IILOSOPHI
2594 460 2596 467 ν

3637 425 3734 489 136

483 528 572 581 die
604 527 708 581 ista
747 540 848 581 nos
881 525 1136 580 adventui
1179 526 1298 594 ejus
1331 526 1543 581 debitos
1576 526 1811 584 honores
1838 529 2047 598 persol-

2152 534 2301 603 ἡμᾶς
2330 535 2493 603 ἐτίμα
2528 536 2593 603 τῇ
2649 531 2943 604 παρουσίᾳ,
2978 535 3218 603 σήμερον
3247 535 3410 603 ήμεῖς
3436 531 3537 602 τὴν
3567 534 3733 587 αὐτοῦ

482 619 685 673 vimus.
722 616 851 672 Heri
898 616 1219 672 benelicium
1276 632 1305 670 a
1356 616 1518 672 nobis
1564 629 1867 688 acceptum,
1902 620 2061 674 hodie

485 721 716 768 sanctus
751 710 989 781 Spiritus
1013 709 1181 780 gloria
1204 717 1584 777 argumentum
1608 712 1920 781 suppeditat
1944 712 2061 764 lau-

483 804 665 858 dibus.
693 802 953 869 Quaenam
986 815 1117 855 vero
1143 800 1293 853 illum
1326 801 1497 870 magis
1526 802 1717 856 deceat
1742 802 1902 855 laus?
1927 802 2060 855 Pro-

483 901 572 955 cul
611 901 780 955 dubio
810 899 980 956 Deum
1012 898 1282 953 confiteri.
1315 897 1609 971 PrOpterea
1639 901 1850 956 scilicet
1871 916 1900 954 a
1922 900 2058 955 Filio

483 991 742 1054 mittitur,
769 991 870 1044 hoc
899 990 1001 1060 ipsi
1028 1001 1314 1058 prmstans,
1347 1004 1472 1044 cum
1503 990 1569 1043 ad
1598 1006 1720 1045 eum
1749 991 2059 1061 gloriﬁcan-

483 1084 613 1137 dum
643 1083 983 1138 advenerit‘.
1018 1081 1179 1136 Venit
1209 1098 1338 1152 ergo
1376 1082 1649 1152 propriam
1694 1099 1909 1153 quoque
1940 1085 2057 1154 glo-

482 1164 620 1229 riam
652 1174 967 1230 hominibus
999 1173 1396 1244 patefacturus.
1432 1174 1730 1243 Oportebat
1758 1178 1924 1238 enim,
1965 1191 2057 1230 co-

376 1272 385 1283 ‘
483 1266 697 1322 lendam
728 1276 856 1323 ante
887 1268 1075 1324 orbem
1121 1267 1400 1321 conditum
1455 1267 1773 1323 Trinitatem
1806 1269 1872 1323 ab
1906 1269 2057 1323 orbis

484 1358 682 1413 incolis
710 1359 1077 1414 communiter
1116 1358 1412 1428 aliquando
1443 1359 1583 1424 coli;
1631 1359 1775 1426 quod
1809 1367 1867 1413 ut
1896 1359 2057 1416 hodie

480 1447 737 1502 alacriter
764 1448 1020 1502 ostendat
1048 1448 1246 1514 oratio,
1276 1446 1489 1501 initium
1524 1449 1604 1504 sic
1639 1458 1842 1505 statuo.

553 1721 704 1777 Unus
748 1721 892 1775 Deus
937 1720 989 1773 in
1028 1718 1209 1784 Patre,
1236 1729 1290 1775 et
1317 1718 1479 1783 Filio,
1511 1732 1563 1775 et
1594 1720 1799 1789 Spiritu
1836 1728 2051 1785 sancto,

481 1811 721 1867 Trinitas
758 1827 1112 1881 persciiarum
1154 1813 1361 1865 unitate
1398 1822 1605 1866 natura:
1640 1812 1693 1865 in
1727 1828 1893 1866 unum
1924 1829 2054 1867 coa-

480 1903 716 1966 lescens,
743 1916 808 1955 ex
852 1916 909 1955 se
959 1901 1238 1971 perlecta,
1307 1903 1613 1969 completa,
1649 1918 1861 1973 semper
1908 1905 2055 1959 exsi-

2159 624 2411 693 τιμῶμεν
2446 624 2769 693 ἐπιδημίαν’
2816 623 2943 692 χθὲς
2988 625 3122 692 ἡμῖν
3159 623 3415 686 ὑπόθεσις
3449 622 3552 690 τῆς
3599 639 3737 675 παν-

2159 717 2410 789 ηγύρεως
2438 718 2470 787 ἡ
2503 717 2743 787 ὑμετέρα
2773 715 3081 785 εὐεργεσία,
3113 716 3349 784 σήμερον
3380 713 3606 793 ἀφορμὴ
3636 714 3733 767 τοῦ

2158 807 2550 879 πανηγυρίζειν
2592 809 2625 878 ἡ
2669 806 2760 859 τοῦ
2809 805 3125 875 Πνεύματος
3174 804 3472 873 δοξολογία.
3513 804 3609 868 Τίς
3639 804 3734 860 οῦν

2157 899 2353 969 ἐκείνῳ
2384 898 2669 969 πρέπουσα
2710 897 2907 965 γένοιτ’
2934 896 3000 950 ἂν
3034 894 3346 962 δοξολογία;
3392 896 3457 949 Ἡ
3482 898 3581 967 τῆς
3613 896 3735 949 Osee

2158 988 2404 1061 πρεποῦς
2440 988 2598 1058 δόξης
2654 986 2930 1057 ὁμολογία.
2962 984 3041 1037 Δι’
3094 985 3162 1055 ἦν
3214 985 3603 1039 ἀποστέλλεται
3635 989 3732 1057 μὲν

2158 1080 2308 1147 παρὰ
2359 1078 2451 1132 τοῦ
2516 1077 2686 1139 Υίοῦ,
2741 1076 3299 1149 πραγματευσάμενος
3350 1075 3508 1128 τοῦτο
3558 1077 3728 1146 αὐτῷ.

2171 1170 2375 1224 Ἐκεῖνο
2408 1170 2517 1240 γὰρ
2564 1168 2801 1233 δοξάσων
2831 1169 3107 1239 ἐλήλυθεν.
3135 1162 3279 1221 ’Ἦκε
3319 1167 3375 1220 δέ
3404 1169 3497 1220 καὶ
3526 1168 3624 1238 τὴν
3648 1170 3729 1221 0i-

2158 1262 2309 1317 κείαν
2338 1262 2502 1333 τιμὴν
2537 1262 2853 1332 ἐμφανίσων
2877 1261 2956 1331 τῷ
2991 1261 3295 1331 πλάσματι.
3335 1260 3598 1331 Ἐπείπερ
3624 1262 3730 1316 ἔδει

2155 1354 2254 1426 τὴν
2285 1355 2390 1424 πρὸ
2423 1354 2519 1407 τοῦ
2583 1354 2675 1407 τὸν
2725 1354 2931 1424 κόσμον
2965 1349 3105 1407 εἶναι
3158 1353 3474 1424 τιμωμένην
3500 1354 3723 1425 Τριάδα,

2156 1446 2251 1499 καὶ
2305 1446 2410 1500 ὑπὸ
2454 1446 2563 1500 τῶν
2586 1449 2641 1499 ἐν
2666 1447 2855 1515 κόσμῳ
2911 1448 3028 1515 ἅμα
3059 1446 3343 1516 τιμᾶσθαι.
3380 1448 3445 1499 Ὃ
3492 1447 3727 1516 σήμερον

2157 1538 2609 1608 προθυμούμενος
2670 1538 2699 1589 ὁ
2751 1538 2909 1603 λόγος
2976 1540 3175 1604 ποιεῖν,
3233 1537 3377 1590 οὓτω
3424 1537 3519 1591 τοῦ
3568 1539 3723 1607 λόγου

2156 1630 2481 1699 ἁπάρχεται.

2227 1716 2321 1783 Εἷς
2353 1721 2485 1782 Θεὸς
2516 1722 2572 1772 ἐν
2606 1722 2781 1791 Πατρὶ
2816 1720 2909 1773 καὶ
2966 1720 3081 1792 Υίῷ
3124 1720 3218 1773 καὶ
3258 1718 3395 1790 ἁγίῳ
3428 1717 3722 1788 Πνεύματι,

2157 1809 2507 1861 ὑποστάσεων
2535 1810 2705 1878 Τριάς
2752 1813 2833 1873 εἰς
2874 1810 2931 1864 ἒν
2964 1809 3237 1875 συνιοῦσα,
3274 1810 3459 1880 μονάδι
3490 1810 3722 1878 φύσεως,

2161 1900 2477 1967 αὐτοτελὴς,
2511 1900 2890 1971 ὑπερπλήρης,
2928 1902 3013 1954 ἀελ¹
3052 1901 3208 1966 οῦσα,
3250 1902 3343 1954 καὶ
3381 1904 3494 1963 τοῖς
3517 1897 3635 1954 οὖσι
3667 1901 3724 1953 τὸ

479 2007 659 2062 stens,
687 2006 742 2050 et
776 1998 866 2060 iis,
901 2011 1020 2065 qua:
1070 2004 1217 2059 sunt,
1251 2010 1370 2050 esse
1420 1998 1664 2062 praebens
1694 2016 1709 2051 :
1745 2012 1845 2051 nec
1898 1997 2047 2053 Patre

2160 1988 2300 2044 εἶναι
2347 1991 2725 2061 παρασχοῦσα,
2790 1992 2913 2045 οὔτε
2941 1993 3035 2046 τοῦ
3070 1993 3286 2064 Πατρδς
3318 1993 3728 2063 ἀκρωτηριαζο-

479 2086 811 2156 sempiterna
856 2087 1028 2156 gloria
1057 2100 1297 2155 unquam
1358 2086 1621 2151 multato,
1656 2089 1867 2141 etiamsi
1899 2086 2055 2155 Filio,

477 2180 570 2251 qui
622 2177 804 2232 Patris
851 2185 935 2232 est
969 2176 1161 2247 gloria,
1197 2179 1434 2231 nondum
1470 2188 1760 2247 apparente
1791 2179 1864 2248 (3)
1918 2179 2053 2233 late-

476 2278 595 2337 ret;
630 2286 729 2326 nec
758 2268 919 2336 Filio,
953 2270 1178 2326 etiamsi
1212 2270 1421 2325 tardius
1455 2271 1714 2336 illuxerit,
1740 2272 1922 2328 minus
1953 2274 2053 2326 lia-

476 2364 656 2428 bente,
690 2378 852 2432 quam
885 2361 1081 2429 Pater;
1113 2377 1215 2417 nec
1252 2361 1483 2432 Spiritu.
1513 2365 1729 2419 etiamsi
1763 2367 1815 2418 in
1845 2366 2055 2420 theolo-

476 2457 566 2525 gia
614 2456 830 2509 tertium
881 2454 1127 2508 obtineat
1176 2453 1378 2518 locum,
1414 2455 1690 2524 posterius
1738 2470 1860 2511 esse
1908 2456 2053 2510 acci-

478 2547 662 2614 piente
692 2562 706 2599 :
749 2542 846 2599 sed
877 2545 1341 2599 coexsistentibns
1378 2545 1571 2610 simul,
1603 2560 1667 2600 ac
1695 2561 1851 2615 aeque
1884 2549 2052 2617 glori-

478 2633 728 2695 licandis,
755 2633 1007 2703 quamvis
1032 2631 1198 2687 Pater
1224 2634 1371 2688 velut
1402 2635 1729 2705 principium
1762 2636 1851 2697 sit,
1884 2646 1938 2691 et
1958 2653 2050 2693 ra-

476 2727 567 2780 dis
591 2766 606 2789 ,
640 2724 814 2779 Filius
847 2739 993 2789 vero,
1023 2738 1088 2778 ac
1122 2722 1362 2792 Spiritus
1384 2726 1531 2780 velut
1556 2726 1692 2779 rami
1728 2726 1948 2796 quidam
1981 2732 2049 2783 ab

475 2825 680 2873 :cterno
715 2816 1118 2886 pullulaverint.
1148 2814 1264 2870 Hoc
1295 2816 1360 2870 de
1390 2816 1499 2872 Deo
1527 2817 1721 2888 dogma
1746 2819 2048 2889 antiquitus

475 2908 697 2979 quidem
731 2908 908 2964 edocti
933 2907 1104 2976 aliqui
1136 2917 1288 2970 sunt,
1319 2907 1504 2961 divina
1529 2908 1773 2964 bonitate
1791 2926 1851 2965 se
1871 2910 2045 2980 ipsam

476 3000 787 3070 henigniter
836 2997 1116 3067 prodente,
1150 2999 1383 3052 obscure
1430 3006 1633 3063 tamen,
1668 2999 1896 3069 ejusque
1927 3002 2047 3071 pul—

474 3091 783 3147 chritudine
832 3086 1003 3144 fuscis
1061 3098 1273 3143 tantum
1327 3089 1607 3144 coloribus
1673 3089 1937 3160 depicta,
1990 3100 2045 3147 et

2161 2083 2322 2151 μένου
2382 2083 2482 2151 τῆς
2539 2082 2711 2135 ἀϊδίου
2759 2082 2937 2151 δόξης,
2995 2083 3073 2154 τῷ
3117 2083 3340 2155 ὕστερον
3374 2082 3470 2154 τὴν
3515 2084 3721 2137 ἐκείνου

2155 2172 2309 2237 δόξαν
2340 2174 2430 2226 τὸν
2462 2173 2586 2226 Υἱὸν
2621 2176 2981 2242 ὲκπεφάνθαι,
3010 2175 3140 2247 πρὶν
3171 2175 3227 2228 δέ
3257 2174 3564 2246 ἁνυπαρξίᾳ
3586 2193 3722 2247 κρυ-

2113 2269 2128 2287 ⁸
2155 2264 2426 2334 πτομένυυ
2457 2280 2469 2293 ·
2506 2263 2628 2317 οὕτε
2664 2265 2756 2318 τοῦ
2794 2266 2922 2319 Υἱοῦ
2977 2268 3035 2319 ἐν
3069 2268 3145 2337 τῷ
3184 2268 3501 2334 ἁπαυγάσαι
3548 2267 3723 2336 ὀψιαί-

2152 2376 2328 2428 τερον,
2365 2362 2515 2428 μεῖον
2537 2358 2796 2428 φέροντος
2822 2360 2916 2411 τοῦ
2952 2359 3183 2430 Πατρὸς,
3214 2357 3338 2412 οὔτε
3362 2357 3454 2412 τοῦ
3481 2358 3728 2429 Πνεύμα-

2151 2470 2242 2516 τος
2266 2452 2358 2505 τοῦ
2387 2453 2544 2519 ἁγίου
2569 2469 2582 2484 ·
2613 2454 2662 2504 εί
2726 2451 2821 2504 καὶ
2858 2452 3049 2520 τρίτην
3082 2454 3138 2504 ἐν
3184 2454 3250 2522 τῇ
3297 2450 3546 2522 θεολογίᾳ
3574 2451 3722 2517 τάξιν

2151 2542 2286 2612 ἔχει,
2331 2541 2794 2611 μεταγενεστέραν
2823 2540 3081 2611 λαχόντος
3131 2542 3232 2612 τὴν
3287 2540 3539 2613 ὓπαρξιν.
3584 2540 3723 2595 Ἀλλ’

2150 2635 2286 2704 ὁμοῦ
2319 2635 2426 2688 τῶν
2449 2635 2616 2705 τριῶν
2652 2634 2917 2689 συνόντων
2972 2635 3067 2688 καὶ
3105 2635 3383 2705 ὁμοτίμως
3438 2635 3727 2705 δοξαζομέ-

2151 2744 2292 2781 νωνο
2347 2728 2447 2781 κᾶν
2496 2730 2525 2781 ὁ
2590 2728 2688 2798 μὲν
2734 2728 2809 2791 ὡς
2859 2728 3002 2799 ἀρχὴ
3044 2730 3135 2781 καὶ
3190 2728 3351 2798 ῥίζα,
3384 2728 3510 2792 Υἱὸς
3539 2729 3595 2782 δὲ
3630 2730 3724 2783 καὶ

2151 2820 2376 2890 Πνεῦμα
2430 2815 2541 2873 οἷον
2589 2819 2807 2890 βλαστοί
2843 2837 2986 2883 τινες
3031 2821 3216 2883 ἀϊδίως
3279 2820 3719 2892 συνεκτεθήλασι.

2148 2914 2325 2967 Τοῦτο
2353 2914 2416 2985 δὴ
2446 2914 2506 2967 τὸ
2538 2914 2666 2984 περὶ
2693 2911 2828 2965 Θεοῦ
2865 2914 3042 2983 δόγμα
3070 2914 3235 2967 πάλαι
3264 2913 3362 2984 μέν
3391 2931 3532 2977 τινες
3550 2915 3724 2985 ἐμυή-

2148 3006 2341 3078 θησαν,
2382 3004 2798 3075 (φιλανθρώπως
2846 3006 3048 3075 ἐαυτὴν
3119 3005 3569 3075 ἐκκαλυπτοῦσης
3620 3006 3721 3074 τῆς

2146 3098 2442 3169 θεαρχικῆς
2473 3098 2832 3167 ἀγαθότητος,
2878 3096 3018 3167 πλὴν
3074 3097 3355 3168 ἀμυδρῶς,
3396 3097 3586 3169 ὥσπερ
3612 3098 3722 3150 τισὶ

474 3183 671 3253 aptiori
720 3195 837 3236 ιιι-νο
892 3191 1189 3237 reservata.
1225 3180 1363 3236 Hinc
1396 3183 1676 3241 colebatur
1724 3185 1853 3239 olim
1902 3185 2045 3241 Deus

2149 3190 2399 3259 χρώμασι
2450 3189 2828 3257 στυγνοτέροις
2852 3188 3199 3258 γραφομένου
3240 3186 3335 3240 τοῦ
3366 3184 3593 3247 κάλλους
3622 3188 3722 3255 τῆς

472 3276 634 3333 Pater
662 3290 692 3328 a
720 3274 942 3345 populo,
966 3274 1144 3343 ipsum
1175 3283 1382 3328 tantum
1411 3289 1709 3345 agnoscere
1737 3278 2041 3346 prolitente,

471 3384 574 3424 nec
599 3366 796 3423 Filium
822 3406 836 3429 ,
870 3366 965 3435 qui
1010 3365 1195 3419 omnia
1236 3365 1500 3435 possidet,
1538 3382 1660 3437 qua:
1690 3368 1867 3431 Pater.
1900 3362 2047 3437 ejus?

471 3462 594 3517 dem
649 3460 832 3515 cultus
876 3456 1197 3528 participem
1251 3456 1508 3521 faciente,
1534 3458 1749 3513 etiamsi
1797 3459 2044 3530 pluribus

473 3549 650 3606 modis
679 3564 738 3605 se
763 3546 1091 3619 prodidisset
1112 3546 1156 3601 ⁸.
1184 3544 1322 3600 Cum
1347 3562 1473 3600 vero
1504 3548 1745 3601 nondum
1781 3549 1918 3618 apud
1946 3564 2045 3604 nos

469 3645 563 3699 lux
592 3641 932 3704 emicuisset,
956 3653 1079 3709 quae
1098 3638 1262 3693 simul
1295 3652 1420 3692 cum
1443 3637 1699 3694 Genitore
1723 3646 1848 3694 ante
1870 3655 2043 3694 arvum

468 3734 717 3799 emicuit,
754 3732 1115 3788 collucentem
1174 3745 1298 3786 cum
1358 3745 1423 3786 eo
1476 3729 1743 3802 Spiritum
1801 3732 2045 3787 nondum

469 3828 722 3883 homines
772 3825 956 3881 debito
1004 3825 1215 3878 honore
1262 3825 1732 3893 prosequebantur
1767 3841 1782 3879 :
1814 3834 1901 3880 ast
1948 3823 2043 3879 ubi

468 3919 647 3976 Patris
675 3917 845 3989 gloria
880 3931 978 3986 per
1020 3915 1374 3985 Unigenitum
1432 3930 1591 3970 suum
1646 3916 1848 3971 clarior
1882 3930 2047 3986 appa-

468 4014 602 4075 ruit.
630 4011 815 4066 statim
872 4008 1048 4079 ipsius
1099 4006 1361 4061 divinitas
1412 4005 1653 4061 innotuit
1680 4008 1955 4071 omnibus,
1986 4022 2046 4064 se

466 4105 620 4174 ipsos
664 4103 721 4156 in
769 4114 923 4157 suam
958 4096 1259 4169 perniciem
1298 4110 1409 4151 non
1439 4097 1865 4153 excaecantibus.
1893 4097 2045 4155 Tunc

467 4208 602 4264 ergo
635 4191 801 4248 simul
835 4204 1074 4261 regnans
1105 4186 1344 4258 Spiritus
1376 4186 1609 4256 eﬂulsit;
1641 4190 1794 4258 prius
1822 4189 2042 4260 quidem

466 4300 594 4339 cum
626 4282 866 4338 Verbum
918 4281 974 4336 in
1015 4289 1164 4335 terra
1193 4280 1412 4349 degeret
1439 4280 1617 4348 ipsum
1649 4279 1919 4336 comitaris
1940 4320 1954 4345 ,
1990 4289 2045 4336 et

470 4391 597 4430 cum
630 4376 771 4447 ipso,
797 4388 916 4444 qua:
951 4372 1121 4428 Deum
1154 4371 1435 4435 decerent,
1466 4385 1750 4441 peragens,
1785 4371 2044 4427 testiﬁca-

470 4468 789 4537 tionemque
823 4474 1111 4535 praestans,
1140 4472 1196 4517 et
1227 4462 1478 4518 vicissim
1509 4463 1779 4532 recipiens
1810 4480 1823 4516 :
1851 4464 2046 4520 deinde

2146 3280 2449 3344 εὐσεϐείας,
2480 3280 2575 3332 καὶ
2602 3280 3003 3351 ταμιευομένης
3036 3281 3116 3341 είς
3146 3280 3237 3332 τὸν
3266 3280 3572 3350 καθήκοντα
3596 3296 3723 3332 και-

2147 3372 2238 3441 ρὸν
2265 3370 2364 3440 τῆς
2396 3369 2724 3439 τρανοτέρας
2774 3369 3179 3440 λαμπρότητος.
3203 3368 3358 3423 Οὕτω
3379 3368 3443 3439 δὴ
3460 3370 3723 3440 πρότερον

2144 3462 2173 3513 ὁ
2207 3461 2338 3524 Θεὸς
2367 3462 2463 3514 καὶ
2484 3462 2672 3530 Πατὴρ
2694 3460 2799 3513 ὑπὸ
2832 3459 2924 3514 τοῦ
2971 3463 3130 3531 μόνον
3161 3463 3369 3513 ἐκεῖνον
3396 3459 3598 3512 ειδέναι
3628 3458 3722 3510 λέ-

2144 3569 2331 3621 γοντος
2365 3552 2592 3622 ἐτιμᾶτο
2619 3551 2771 3615 λαοῦ,
2809 3551 2884 3622 μὴ
2906 3551 3247 3621 ποιουμένων
3272 3550 3420 3620 αὑτῷ
3449 3547 3720 3621 συμμερί-

2143 3661 2243 3714 την
2272 3643 2372 3713 τῆς
2399 3645 2563 3714 τιμῆς
2582 3643 2673 3698 τὸν
2701 3644 2900 3709 πάντα,
2947 3644 3050 3697 ὅσα
3079 3645 3191 3713 ἔχει
3231 3644 3259 3695 ὁ
3290 3643 3500 3715 Πατὴρ,
3526 3658 3724 3707 κεκτη-

2150 3734 2306 3804 μένον
2323 3734 2472 3799 Υίὸν,
2502 3736 2550 3786 εί
2581 3734 2674 3786 καὶ⁵
2703 3733 2984 3796 πλείσταις
3013 3734 3166 3797 ὅσαις
3198 3735 3503 3804 ἐμφάσεσιν
3529 3731 3721 3786 ἑαυτὸν

2144 3826 2492 3880 διεδείκνυεν.
2524 3823 2689 3879 Οὔπω
2717 3825 2776 3878 δὲ
2805 3824 2897 3879 τοῦ
2928 3826 3171 3899 ἀχρόνως
3203 3827 3300 3879 σὺν
3323 3825 3401 3896 τῷ
3429 3825 3721 3896 Γεννήτορι

2145 3918 2455 3988 ἀνίσχοντος
2488 3916 2666 3987 φωτὸς
2687 3918 2744 3969 ἐν
2778 3917 2955 3987 χρόνῳ
2986 3917 3064 3986 τῷ
3089 3916 3214 3970 καθ’
3233 3918 3382 3987 ἡμᾶς
3410 3915 3717 3987 ὁραθέντος,

2145 4014 2206 4067 τὸ
2264 4015 2676 4084 συναστράπτον
2742 4013 2891 4082 αὐτῷ
2934 4014 3159 4083 Πνεῦμα
3200 4012 3354 4066 οὔπω
3405 4014 3501 4081 τῆς
3547 4027 3716 4081 προσ-

2145 4104 2385 4175 ηκούσης
2434 4105 2586 4177 παρὰ
2630 4105 2738 4159 τῶν
2785 4104 3088 4175 ἀνθρώπων
3138 4103 3490 4176 ἐκληρονόμει
3521 4100 3712 4171 τιμῆς.

2158 4198 2311 4252 Ἐπεὶ
2328 4197 2385 4250 δέ
2418 4196 2533 4267 ἅμα
2561 4198 2717 4268 μὲνὴ
2753 4196 2847 4249 τοῦ
2881 4198 3095 4267 Πατρὸς
3121 4197 3250 4261 δόξα
3295 4197 3383 4251 διὰ
3411 4192 3503 4249 τοῦ
3536 4193 3714 4248 Μονο-

2145 4283 2336 4352 γενοῦς
2368 4284 2719 4354 φανερωτέρα
2748 4284 3034 4355 γεγένητο,
3091 4285 3207 4356 ἅμα
3241 4286 3298 4339 δὲ
3344 4285 3438 4338 καὶ
3484 4284 3517 4353 ἡ
3547 4280 3715 4337 αὑτοῦ

2146 4374 2503 4457 πεφανέρωτο
2526 4375 2637 4437 τοῖς
2671 4375 2806 4445 πρὸς
2833 4374 2930 4444 τὴν
2963 4376 3113 4445 σφῶν
3142 4376 3202 4429 οὑ
3227 4376 3429 4447 μύσασι
3447 4374 3719 4444 σωτηρίαν

2146 4466 2371 4536 θεότης,
2402 4464 2503 4536 ήδη
2534 4463 2718 4518 λοιπὸν
2746 4466 2913 4519 καὶτὸ
2941 4465 3339 4536 συμϐασιλεῦον
3360 4464 3718 4534 ἐμφανίζεται

465 4559 634 4615 etiam
668 4557 1038 4620 manifestius,
1062 4566 1117 4609 et
1160 4556 1215 4608 in
1262 4554 1492 4609 ﬂammae
1520 4558 1757 4624 speciem
1803 4557 2027 4613 descen-

2149 4558 2498 4629 Ive6p.at.Kal.
2531 4561 2660 4629 πρὶν
2696 4559 2793 4630 μέν
2825 4558 3111 4630 ἐνσώματι
3145 4557 3719 4629 συναναστρεφομένου

468 4652 626 4718 dens,
661 4665 787 4704 cum
820 4650 909 4703 ille
935 4648 1002 4700 ad
1042 4646 1210 4699 cados
1241 4645 1355 4712 jam
1388 4646 1683 4700 evolasset.

2144 4649 2238 4703 106
2266 4651 2441 4719 Λόγου
2473 4650 2759 4722 συμπαρὺν
2820 4651 2968 4721 αὐτῷ
3021 4651 3115 4704 καὶ⁵
3164 4648 3629 4722 συνεργαζόμενον
3654 4648 3724 4701 τὰ

466 4744 768 4817 θεοπρεπῆ,
802 4743 894 4797 καὶ
926 4736 1378 4812 προσμαρτυροῦν
1420 4736 1517 4807 τὴν
1547 4739 1790 4809 υίότητα,
1822 4742 1919 4803 καὶ
1943 4743 2040 4813 τὴν
2078 4745 2209 4814 παρ’
2229 4744 2396 4798 αὑτοῦ
2437 4746 2742 4817 μαρτυρίαν
2776 4745 3171 4816 ἀντιλαμϐάνον
3194 4762 3208 4776 ·
3259 4745 3483 4815 ὕστερον
3540 4743 3597 4798 δὲ
3662 4743 3724 4807 ἐξ

466 4843 500 4911 ὴ
509 4839 626 4910 μῶν
652 4834 987 4895 ἀναπτάντος
1004 4832 1233 4899 ἐκείνου,
1256 4830 1598 4900 αὑτοκαθόδῳ
1620 4832 1819 4903 πυρίνῃ
1839 4834 2033 4904 όραθέν
2072 4836 2492 4908 ἐμφανέστερον.

539 4929 695 4983 Nunc
717 4928 861 4980 eiiim
898 4924 1188 4993 perspicue
1211 4924 1363 4977 visus
1392 4931 1477 4978 est
1505 4922 1847 4980 descendens
1881 4923 2041 4978 Para-

467 5024 651 5086 clitus,
676 5018 951 5074 Paraclito
979 5016 1156 5069 altero
1184 5014 1236 5068 in
1259 5014 1438 5070 Patris
1472 5015 1595 5069 sinu
1626 5025 1879 5086 recepto;
1917 5032 2045 5087 pro-

539 5178 557 5207 ³
595 5174 757 5230 Joan.
797 5186 911 5233 ενι,
943 5168 1032 5222 M.
1106 5169 1128 5199 ¹
1166 5164 1325 5221 Joan.
1360 5184 1469 5232 xvr,
1505 5168 1593 5222 15.

2224 4926 2339 4981 Νῦν
2392 4929 2501 5001 γὰρ
2560 4929 2816 4999 ἐμφανῶς
2874 4929 3027 5002 ὤφθη
3078 4929 3366 4993 καταπτὰς
3406 4929 3434 4981 ὁ
3472 4926 3591 4981 ἀντὶ
3621 4925 3717 4979 106

2152 5018 2289 5092 πρὸς
2343 5020 2434 5076 τὸν
2482 5024 2706 5103 Πατέρα
2768 5024 3130 5094 Παρακλήτου
3188 5020 3529 5083 ἀναπτάντος
3562 5018 3724 5082 ἄλλος

1994 5256 2223 5317 ΝΟΤΔΕ.

540 5362 617 5427 ('5)
659 5356 911 5412 Nondum
945 5360 1245 5427 apparente.
1285 5351 1543 5427 Quadam
1575 5350 1663 5406 hic
1691 5350 1914 5427 adhibet
1939 5365 2036 5427 au-

468 5422 588 5487 ctor
608 5428 874 5486 vocabula
894 5441 957 5480 ex
984 5423 1261 5493 Dionysio,
1295 5433 1351 5476 ut
1374 5425 1667 5492 appellant,
1713 5422 2036 5493 Areopagita

466 5510 717 5557 mutuata
752 5519 765 5553 :
801 5490 1168 5565 ’Λνυπαρξίσί,
1220 5490 1473 5565 βλαστοὶς,
1527 5492 1813 5565 θεαρχική.
1869 5490 2036 5565 Paulo

466 5582 591 5644 post
630 5569 836 5626 radicis
881 5577 934 5623 et
984 5562 1278 5644 ramorum.
1302 5564 1712 5644 similitudinem
1743 5578 1847 5644 non
1878 5562 2035 5644 alie-rt

468 5633 588 5699 Sine
612 5644 740 5697 dolo
770 5660 784 5696 :
820 5654 1008 5694 verum
1036 5636 1151 5689 hare
1181 5634 1313 5687 satis
1339 5634 1449 5703 jam
1481 5634 1745 5700 explicata
1790 5633 2035 5703 etdiluta

467 5723 618 5778 sunt,
660 5711 993 5784 pracipuea
1021 5702 1678 5784 Niceplioroﬁlenimida,
1710 5711 1763 5784 et
1786 5717 1815 5755 a
1839 5702 2034 5784 ‘Bcssao

468 5772 641 5848 rione,
661 5772 798 5839 'cum
828 5772 991 5837 'locis
1021 5794 1085 5834 ex
1131 5772 1477 5845 s'uppnsititio
1509 5775 1770 5844 Dionysio
1803 5772 2033 5840 objectis

467 5855 882 5927 reaponderenl.
913 5851 1097 5921 Neque
1122 5848 1322 5902 mirum
1353 5853 1457 5912 cst,
1487 5860 1517 5901 e
1548 5857 1876 5916 quacunque
1910 5857 2038 5899 san-

2138 5353 2401 5412 etissima:
2432 5355 2724 5412 Trinitatis
2765 5359 3123 5419 similitudine
3168 5364 3327 5417 allata
3376 5362 3722 5418 diﬂicultates

2139 5425 2559 5506 SUeriri._9uln
2582 5436 2732 5506 apta
2777 5432 2836 5506 in
2886 5432 3028 5487 hanc
3058 5449 3172 5506 rem
3204 5435 3510 5506 similitudo
3534 5434 3720 5506 all‘erri

2139 5498 2311 5574 possit
2341 5499 2488 5574 nulla
2531 5515 2546 5551 :
2582 5498 2652 5551 ita
2685 5506 2747 5574 ut
2777 5501 2897 5555 illas
2928 5505 3320 5574 perpendenti,
3352 5519 3475 5574 quae
3509 5504 3719 5570 pueris,

2139 5567 2689 5644 cum_i_nstit_uuntur,
2721 5570 2868 5644 bona
2905 5567 3128 5644 men-te,
3178 5584 3237 5628 ut
3284 5573 3336 5628 id
3371 5567 3719 5644 intelligant,

2140 5638 2285 5705 qnml
2314 5639 2539 5709 intelligi
2572 5641 2781 5709 nequit,
2808 5642 3024 5696 recitari
3056 5643 3252 5707 solent,
3285 5659 3383 5699 eos
3412 5638 3595 5698 minus
3626 5657 3718 5695 rc-

2139 5710 2242 5834 ctids
2290 5708 2690 5833 QUOthl‘lmOdO
2740 5711 3142 5781 phantasmatis
3191 5715 3469 5771 interdum
3522 5712 3718 5778 imbui,

2140 5794 2193 5834 γι
2235 5793 2314 5834 eri
2348 5794 2492 5834 DOSSI
2525 5816 2541 5833 .

2140 5787 2314 5834 videri
2348 5787 2541 5848 possit.
