4070 6206
410 200 434 264 ι
447 199 522 263 37

1374 206 1654 273 ORATIO
1693 212 1867 275 XIII.
1902 240 1971 250 -·
2004 216 2102 276 DE
2129 217 2440 279 SPIRITU
2473 218 2778 280 SANCTO.

3555 218 3657 284 138

407 310 796 404 Παρακλητος,
834 310 1075 404 ,πληρῶν
1129 313 1231 385 μὲν
1293 317 1502 374 ἐκείνου
1532 320 1646 393 ὶτήν
1675 322 1966 396 ὑπόσχεσιν

2093 328 2412 386 missionem
2469 329 2617 386 illius
2653 329 2754 403 (4),
2785 336 2842 386 et
2872 328 3010 401 {quae
3036 308 3106 387 de
3130 345 3191 389 se
3216 332 3534 404 prophetica
3576 335 3660 390 la-

406 402 641 474 πληρῶν
663 403 725 461 δὲ
762 403 855 458 καὶ⁵
881 404 919 458 ἃ
938 405 1069 476 περὶ
1099 406 1291 462 αὐτοῦ⁸
1312 409 1758 484 θεοφορουμένων
1793 416 1990 489 ὑπήχει

405 493 639 563 χείλεσι,
665 491 768 566 τὴν
793 492 890 548 ἐπὶ
923 497 1106 551 πᾶσαν
1137 497 1318 570 σάρκα
1350 499 1614 573 διάχυσιν.
1646 504 1763 560 Νῦν
1794 506 1992 579 ἀμερί-

406 600 555 651 στως
576 587 637 640 ὲν
660 590 776 653 τοῖς
795 587 1067 659 μαθηταῖς
1094 593 1474 665 μεριζόμενον,
1503 597 1563 651 τὸ
1584 599 1785 655 οἰκεῖον
1810 601 1992 673 ἐμφα-

404 675 548 739 νίζει
574 677 818 749 ἀξίωμα,
857 679 982 750 οὐχὶ
1007 680 1302 753 συνεργοῦν
1336 685 1525 759 ῶσπερ
1559 690 1842 763 πρότερον,
1875 693 1991 750 ἀλλ’

400 771 541 825 αὐτὸ
569 772 939 844 ἐργαζόμενον
989 773 1058 829 τὰ
1109 774 1411 845 θαυμάσια,
1452 781 1549 835 καὶ
1592 785 1658 854 τῇ
1697 786 1986 857 συγγενείᾳ

400 859 518 914 τῶν
546 860 726 932 ἔργων
747 862 849 933 τῆς
877 862 1096 933 φύσεως
1123 866 1482 938 πιστούμενον
1506 869 1607 940 τὴν
1635 873 1977 941 συγγένειαν

400 951 607 1025 πρώην
640 954 707 1006 ἐκ
736 954 963 1024 χειλέων
1016 956 1398 1028 ἀγραμμάτων
1423 957 1519 1013 τοῦ
1546 959 1866 1019 διδασκάλου
1896 981 1985 1019 σο-

398 1044 538 1115 φίας
557 1043 789 1114 ἠκούετο
827 1047 1069 1118 ῥήματα,
1117 1047 1244 1120 ἄρτι
1292 1048 1544 1123 γλώσσης
1582 1053 1692 1108 τῶν
1724 1054 1985 1126 μαθητῶν

395 1136 655 1206 ἀμαθοῦς
685 1140 960 1211 γνωστικὴ
984 1138 1252 1212 διηχεῖται
1279 1143 1676 1218 φθογγή.,”1σον
1708 1147 1772 1203 τὸ
1802 1148 1983 1205 θεῖκδν

394 1225 647 1298 ἀξίωμα,
674 1228 764 1284 διὰ
791 1230 949 1285 τοῦτο
973 1231 1146 1286 πάλαι
1173 1232 1271 1287 καὶ
1298 1233 1395 1289 νῦν
1423 1235 1584 1308 ὃμοια
1602 1238 1673 1293 τὰ
1692 1239 1976 1313 γινόμενα.

394 1316 605 1390 Πρώην
656 1319 735 1392 τῷ
784 1319 1196 1388 συνδεσπόζοντι
1227 1324 1388 1399 Λόγῳ
1432 1327 1533 1398 τὴν
1561 1327 1857 1400 θεραπείαν
1883 1329 1977 1386 τοῦ

394 1409 728 1481 πλάσματος
782 1414 1168 1486 συνεργάζετα,
1227 1418 1322 1473 νῦν
1362 1421 1476 1485 τοῖς
1501 1421 1803 1493 ὑπηρέταις
1829 1424 1981 1497 ἐνδη-

394 1499 542 1570 μοῦν
561 1504 775 1572 ἐνεργεῖ
800 1504 873 1559 τὰ
899 1508 1200 1578 μυστήρια.
1224 1508 1490 1580 Τιμάσθω
1525 1513 1818 1586 τοιγαροῦν
1848 1514 1983 1588 δμο-

392 1593 578 1663 τίμως
606 1594 670 1650 τὸ
698 1597 813 1651 ῐσον
852 1600 917 1670 τῇ
949 1599 1224 1674 ἐνεργείᾳ,
1263 1603 1357 1656 καὶ
1398 1602 1487 1657 διὰ
1539 1603 1698 1659 τοῦτο
1718 1600 1853 1677 ,ἴσον
1887 1607 1984 1662 καὶ

388 1682 468 1751 τῇ
498 1681 662 1755 οὐσίᾳ⁵
707 1688 977 1755 πανάγιον
1030 1689 1257 1762 Πνεῦμα
1293 1691 1400 1746 ὑπὸ
1448 1693 1558 1749 τῶν
1616 1693 1981 1767 εὐγνωμονεῖν

385 1773 642 1838 εἰδότων,
668 1776 766 1832 καὶ
789 1778 1119 1852 δεσππικῆς
1144 1784 1563 1858 μεγαλειότητος
1599 1788 1978 1858 φυλαττόντων

385 1865 723 1940 ἀνύϐριστον
752 1870 815 1927 τὸ
863 1872 1101 1946 ἀξίωμα.

465 1961 789 2026 Δοξαζέσθω
833 1963 1030 2029 θεῖκῶς
1088 1964 1193 2020 ὑπὸ
1225 1964 1337 2020 τῶν
1387 1968 1628 2024 συνιέναι
1655 1968 1975 2042 ἠξιωμένων

384 2054 497 2124 τῆς
526 2053 687 2123 δόξης
717 2054 885 2109 αὐτοῦ
911 2055 1009 2127 τὴν
1044 2055 1299 2127 θεότητα.
1337 2056 1590 2124 Ἰουδαῖος
1630 2063 1729 2131 μὲν
1761 2064 1868 2135 γὰρ
1896 2064 1974 2135 τῷ

383 2143 514 2208 τοῦ]
524 2144 719 2214 φθόνου
778 2146 929 2218 ζόφῳ
963 2148 1479 2221 περιλυγαζόμενος,
1515 2153 1608 2206 καὶ
1645 2154 1793 2217 ὅστις
1829 2155 1974 2226 ἄλλῳ

380 2236 579 2307 σκότῳ
610 2236 864 2301 ἀπιστίας
895 2240 955 2293 τὸ
976 2239 1193 2309 βλέπειν
1210 2242 1516 2314 ἀφῄρηται,
1540 2244 1662 2298 ἀντὶ
1698 2246 1794 2300 τοῦ
1822 2246 1972 2301 θειά-
1998 2280 2003 2287 α

381 2327 514 2391 ζειν
540 2325 786 2396 διασύρει
817 2328 888 2382 τὰ
908 2329 1210 2400 τελούμενα
1234 2348 1247 2363 ·
1275 2333 1370 2385 καὶ
1393 2334 1849 2403 κατειρωνεύεται
1878 2336 1970 2391 τοῦ

385 2416 724 2488 μυστηρίου,
754 2418 817 2470 οὐ
858 2420 1063 2483 συνιεὶς
1095 2419 1154 2485 ἐξ
1187 2421 1449 2488 ἀπονοίας
1492 2423 1869 2496 ἁθεραπεύτου
1910 2428 1971 2482 τὸ

383 2506 697 2579 παράδοξον
727 2508 835 2561 τῶν
851 2510 1189 2579 τελουμένων
1208 2528 1223 2544 ·
1245 2513 1368 2567 οὐδὲ
1397 2513 1458 2567 τὸ
1487 2514 1703 2580 ἀναιδὲς
1722 2518 1970 2590 ἐμφράτ-

383 2617 500 2652 των
534 2598 732 2670 στόμα,
760 2598 827 2653 δι’
862 2594 937 2656 ὧν
997 2601 1196 2673 ἄνδρας
1229 2603 1335 2676 ὁρᾷ
1373 2604 1500 2677 μηδ’
1529 2606 1666 2679 αὐτῇ
1705 2608 1968 2682 πρότερον

385 2692 604 2757 εἰδότας
635 2696 702 2764 τῇ
734 2695 914 2765 οἰκείᾳ
940 2695 1157 2769 γλώσσῃ
1208 2697 1465 2770 χρῆσθαι,
1495 2699 1688 2771 ἀθρόον
1715 2702 1773 2756 ὲν
1791 2703 1965 2777 ταύτῃ

384 2782 449 2835 τὺ
505 2786 773 2854 πρωτεῖον
823 2785 1174 2857 κατέχοντας,
1236 2789 1333 2843 καὶ
1374 2792 1496 2856 ταῖς
1541 2792 1850 2863 ἀλλοτρίαις
1890 2795 1966 2861 ὡς

386 2877 547 2931 ἐθάσι
596 2877 1033 2949 διαλεγομένους,
1103 2879 1245 2933 Ἀλλ’
1295 2873 1417 2937 ἀντὶ
1465 2882 1559 2937 τοῦ
1596 2885 1732 2956 πρὸς
1782 2886 1963 2941 πίστιν

382 2970 701 3040 ὁδηγεῖσθαι
763 2969 842 3041 τῷ
891 2970 1151 3042 θαύματι,
1200 2974 1339 3045 πρὸς
1377 2975 1574 3048 χλεύην
1616 2978 1962 3034 ἀνασοϐεῖται

381 3060 495 3114 τῶν
520 3056 601 3124 οἷς
626 3060 885 3132 ἐμπνέων
908 3063 1125 3135 ἐνεργεῖ
1145 3063 1215 3119 τὰ
1247 3068 1547 3138 παράδοξα.

2003 1827 2051 1888 Β

2093 420 2182 478 bia
2213 421 2290 494 (5)
2319 428 2709 489 resonuerunt,
2738 436 2932 492 nempe
2957 412 3185 492 spiritus
3211 422 3531 482 eﬂusionem
3563 442 3660 482 su-

2092 528 2191 586 per
2219 529 2436 570 omnem
2465 527 2687 569 carnem
2718 513 3045 586 adimplens.
3071 512 3231 570 Nunc
3258 530 3390 571 vero
3422 516 3663 587 dignita-

2092 616 2198 671 tein
2229 606 2410 676 prodit
2445 622 2625 671 suam,
2651 606 2883 663 indivise
2914 606 3061 662 inter
3090 606 3393 677 discipulos
3424 608 3661 678 divisus,

2091 711 2194 752 nec
2223 698 2331 765 jam
2361 712 2665 768 cooperans
2698 705 2760 752 ιιι
2789 697 2968 767 prius,
2999 696 3097 753 sed
3150 696 3265 767 ipse
3314 697 3664 767 admirabilia

2089 802 2379 860 peragens,
2404 795 2459 843 et
2487 803 2671 844 rerum
2691 796 2938 845 actarum
2967 788 3331 846 similitudine
3353 789 3665 848 similitudi-

2090 894 2214 935 nem
2262 880 2625 955 comprobans
2670 888 2900 937 natura.
2931 879 3116 950 Nuper
3142 896 3208 937 ex
3237 882 3498 953 magistro
3525 883 3658 938 illit—

2088 977 2265 1029 terato
2285 972 2359 1045 (6)
2392 975 2559 1030 verba
2580 973 2864 1046 sapientiae
2892 973 3278 1042 audiebantur,
3302 990 3451 1031 nunc
3478 990 3547 1032 ex
3577 975 3665 1031 in-

2086 1064 2250 1122 docta
2274 1066 2664 1139 discipulorum
2694 1067 2878 1138 lingua
2907 1066 3068 1122 docta
3108 1077 3331 1122 resonat
3364 1083 3489 1124 vox.
3519 1068 3653 1124 Cum

2085 1161 2233 1216 enim
2273 1159 2467 1216 eadem
2507 1159 2580 1215 sit
2624 1174 2840 1229 semper
2885 1158 3068 1214 divina
3097 1159 3296 1224 virtus,
3326 1173 3662 1229 quocunque

2082 1262 2330 1323 tempore
2355 1253 2557 1310 similia
2586 1252 3016 1324 pmstat.Antea
3037 1266 3147 1307 una
3173 1265 3299 1306 cum
3322 1252 3655 1311 condomino

2083 1341 2264 1400 Verbo
2307 1353 2683 1400 creaturarum
2724 1344 2886 1401 saluti
2916 1358 3137 1415 operam
3163 1343 3351 1410 dabat,
3386 1343 3555 1400 modo
3583 1344 3650 1400 ad

2080 1448 2270 1493 servos
2301 1436 2671 1513 veniensjpse
2696 1436 2954 1507 mysteria
2980 1436 3223 1491 conficit.
3242 1434 3422 1507 Aique
3440 1434 3653 1491 colatur
3705 1498 3710 1503 ν

2077 1528 2269 1600 igitur,
2300 1530 2394 1599 qui
2429 1530 2656 1600 aequalis
2685 1535 2770 1584 est
2794 1529 2995 1584 virtute
3029 1543 3096 1584 ac
3120 1527 3451 1593 substantia,
3482 1527 3552 1582 ab
3580 1526 3650 1584 iis

2076 1621 2358 1688 omnibus,
2394 1621 2594 1692 quibus
2627 1629 2777 1676 recte
2800 1622 3026 1688 sentire,
3056 1619 3381 1691 divinosque
3411 1617 3649 1675 honores

2075 1722 2224 1770 recte
2255 1725 2515 1786 peragere
2546 1712 2701 1768 cordi
2729 1722 2835 1768 est.

2147 1975 2343 2037 Divino
2374 1994 2497 2035 cum
2526 1978 2677 2035 cultu
2708 1986 3131 2050 prosequantur,
3161 1981 3254 2051 qui
3285 1981 3406 2051 ejus
3445 1966 3651 2039 divini-

2075 2080 2239 2128 tatem
2259 2086 2592 2141 cognoscere
2609 2081 2948 2128 meruerunt.
2967 2070 3190 2131 Iudaeus
3209 2075 3429 2145 quidem
3458 2076 3529 2131 ab
3557 2076 3645 2132 in-

2073 2162 2231 2229 vidiae
2259 2161 2493 2234 caligine
2519 2162 2774 2226 obrutus,
2796 2171 2850 2218 et
2870 2164 3189 2234 quicunque
3214 2166 3358 2222 alius
3382 2167 3643 2223 incredu-

2074 2254 2242 2310 litatis
2273 2253 2512 2311 tenebris
2542 2264 2868 2320 excaacatur,
2898 2255 3114 2311 colendi
3144 2257 3287 2325 loco,
3312 2258 3548 2314 ohlatrat
3576 2261 3647 2317 iis

2071 2363 2193 2420 quae
2215 2347 2373 2414 ﬁunt,
2410 2354 2466 2404 et
2488 2346 2808 2420 mysterium
2835 2347 3147 2414 irridet,,ob
3174 2350 3466 2406 amentiam
3495 2351 3642 2408 insa-

2071 2440 2305 2496 nabilem
2335 2439 2606 2496 mirabilia
2638 2455 2747 2495 non
2772 2438 3106 2511 intelligens,
3136 2456 3257 2511 quae
3287 2450 3645 2512 praestantur,

2070 2547 2170 2588 nec
2191 2547 2252 2590 os
2277 2531 2563 2603 impudens
2587 2532 2888 2600 cohibens;
2914 2522 3130 2588 etiamsi
3165 2532 3413 2590 homines
3438 2536 3639 2598 videat,

2071 2639 2244 2696 nuper
2266 2625 2358 2679 vix
2388 2623 2608 2694 proprio
2636 2638 2888 2679 sermone
2916 2624 3158 2681 valentes
3204 2624 3392 2695 loqui,
3419 2638 3643 2699 repente

2067 2730 2176 2770 non
2232 2713 2287 2768 in
2334 2728 2400 2769 eo
2443 2719 2657 2768 tantum
2705 2713 2879 2780 prima
2915 2713 3174 2778 ferentes,
3204 2716 3300 2772 sed
3347 2717 3401 2771 in
3447 2717 3643 2774 alienis

2064 2807 2250 2871 etiam,
2280 2805 2633 2876 tanquamdiu
2670 2807 3011 2871 assueverin,
3038 2808 3380 2878 disputantes
3408 2825 3546 2866 :ncc
3571 2811 3637 2864 ad

2066 2894 2223 2953 ﬁdem
2250 2912 2291 2961 a,
2310 2896 2574 2952 miraculo
2603 2897 2915 2968 impellitur,
2945 2898 3038 2953 sed
3087 2900 3266 2970 potius
3314 2900 3383 2955 ad
3412 2916 3509 2958 eos
3557 2901 3639 2958 ri-

2062 2989 2294 3055 dendos,
2328 2990 2381 3045 in
2412 2988 2615 3061 quibus
2654 2989 2993 3045 incredibilia
3025 2992 3459 3062 conspiciuntur,

451 3152 521 3205 Τί
541 3151 749 3234 λέγεις,
772 3148 817 3207 ὦ
844 3156 909 3227 τῇ
947 3154 1117 3229 μανίᾳ
1145 3157 1378 3228 μεθύων,
1402 3159 1491 3230 ὑφ’
1511 3157 1578 3235 ἧς
1605 3160 1752 3229 ἅπαξ
1769 3164 1797 3217 ὀ
1817 3164 1958 3235 λογι-

2132 3162 2272 3232 Quid
2325 3162 2591 3235 loqueris,
2637 3163 2822 3227 miser,
2863 3178 2928 3219 eo
2977 3161 3162 3221 furore
3211 3164 3474 3237 percitus,
3525 3181 3635 3239 quo

384 3243 523 3311 σμὸς
559 3245 961 3317 σκοτοδινήσας,
986 3248 1048 3301 οὐ
1079 3248 1303 3304 δύναται
1348 3251 1589 3321 γεγονὼς
1640 3255 1834 3309 ἑαυτοῦ
1867 3259 1960 3311 ἀν-

380 3334 613 3405 ανῆψαι,
668 3336 783 3391 ἀλλ’
830 3338 925 3394 ἐπὶ
986 3340 1321 3411 προλαϐοῦσι
1371 3345 1709 3416 πταίσμασιν
1738 3349 1959 3403 ἐπισυν-

378 3425 546 3479 ἀπ-τει
574 3425 817 3499 νεώτερα
842 3429 1188 3501 πταίσματα;
1246 3431 1479 3499 Γλεῦκος
1506 3434 1648 3492 οῦτω
1667 3437 1737 3493 τὰ
1769 3440 1957 3513 ἀμαθῆ

376 3516 710 3588 διετράπιωσε
750 3521 1013 3591 στόματα,
1051 3524 1147 3576 καὶ
1179 3525 1422 3596 ποταμὸν
1455 3529 1648 3597 σοφίας
1680 3530 1821 3605 μέθῃ
1851 3550 1960 3605 πηο

378 3608 644 3677 γὰζουσι;
682 3611 759 3664 ιὮ
804 3612 903 3681 τῆς
936 3612 1231 3679 δυσσεϐοῦς
1269 3617 1681 3689 ἀναισχυντίας,
1739 3621 1957 3677 Ἰουδαῖε

376 3701 612 3769 ἀνόητε·
670 3703 857 3772 ἐπειδὴ
906 3705 1020 3768 τοῖς
1054 3705 1222 3760 πάλαι
1264 3709 1609 3779 προσομιλῶν
1663 3711 1953 3781 θεολόγοις,

380 3792 461 3862 μὴ
492 3787 603 3859 οἷός
657 3811 718 3848 τε
768 3796 1002 3863 γέγονας
1052 3797 1258 3853 ἐκεῖθεν
1305 3800 1782 3874 χειραγωγηθῆναι
1822 3806 1958 3875 πρὸς

378 3883 716 3955 κατανόησιν
736 3884 847 3940 τῶν
886 3887 1127 3958 σήμερον
1159 3890 1481 3961 γινομένων,
1511 3892 1690 3965 φθόνῳ
1720 3894 1954 3949 ἀποστε-

381 3973 649 4044 ρούμενος
680 3976 822 4036 ἑκὼν
840 3976 941 4048 τῆς
994 3980 1384 4051 χειραγωγίας,
1411 3983 1651 4055 πρόσχες
1691 3987 1804 4050 τοῖς
1830 3987 1954 4058 ἄρτι

380 4063 697 4134 θεολογοῦσι
726 4068 969 4139 χείλεσιν
996 4072 1403 4144 ἀγραμμάτοις,
1434 4074 1533 4130 καὶ
1562 4075 1798 4147 μάνθανε
1821 4079 1952 4150 παρ’

376 4158 584 4221 αὑτῶν,
614 4160 698 4213 ὃτι
740 4161 815 4232 μὴ
841 4161 1089 4231 γλεῦκος,
1116 4165 1192 4231 ὡς
1224 4167 1289 4221 σὺ
1315 4167 1525 4241 ληρεῖς,
1551 4168 1717 4241 ἀλλ’ἢ
1744 4169 1953 4226 ἄνωθεν

375 4251 640 4304 ἐπίπνοια
667 4252 729 4305 τὸ
754 4252 977 4308 εῦλαλον
992 4256 1396 4329 ἀπειργάσατο.
1432 4258 1699 4316 Παιδεύου
1735 4260 1831 4316 νῦν
1859 4261 1953 4317 καὶ

374 4340 531 4394 ἇκων
559 4338 599 4393 ἆ
630 4341 870 4411 μελετῶν
886 4343 985 4399 οὐκ
1009 4346 1263 4401 αίσθάνου
1306 4349 1550 4418 ῥήματα,
1579 4349 1680 4419 τὴν
1711 4351 1952 4422 σήμερον

372 4428 475 4484 τοῦ
503 4428 652 4483 θείου
679 4432 993 4505 Πνεύματος
1013 4435 1237 4511 ἔκχυσιν
1265 4437 1432 4492 πάλαι
1465 4440 1948 4510 προμεμηνυκότα,

371 4522 473 4576 τοῦ
498 4524 695 4590 ἁλιέως
725 4543 807 4580 σοι
839 4525 938 4599 τὴν
962 4529 1258 4601 ἑρμηνείαν
1308 4531 1693 4601 ἐξηγουμένου.
1741 4533 1815 4588 Σὺ
1850 4534 1950 4605 μὲν

375 4609 473 4670 οῦν
505 4617 667 4688 τυχὸν
710 4616 894 4683 καθὼς
924 4619 985 4673 τὸ
1023 4621 1291 4693 πρότερον
1341 4623 1678 4694 ὲκακούργου
1709 4624 1951 4695 τυφλώτ-

374 4724 490 4762 των
516 4711 730 4784 γνώμῃ,
760 4709 904 4766 οὕτω
921 4712 985 4782 δὴ
1007 4713 1102 4766 καὶ
1125 4713 1218 4766 νῦν
1250 4714 1391 4783 βύων
1418 4715 1485 4770 τὰ
1509 4709 1647 4783 ὦτα,
1679 4717 1742 4771 οὐ
1770 4716 1949 4789 βούλει

374 4798 490 4851 τῶν
528 4797 838 4871 λεγομένων
879 4802 1115 4866 ἐπαΐειν,
1171 4806 1294 4859 οὐδὲ
1351 4806 1488 4877 πρὸς
1522 4808 1621 4878 τὴν
1653 4808 1754 4880 σὴν
1786 4809 1949 4863 σπέν-

373 4884 563 4940 δεσθαι
587 4889 863 4961 σωτηρίαν
885 4904 906 4922 '
929 4890 1048 4946 ἀλλ’
1082 4892 1141 4947 ὃν
1178 4894 1272 4948 ἐπὶ
1297 4895 1377 4967 τῷ
1407 4894 1486 4969 σῷ
1509 4897 1664 4968 κακῷ
1711 4898 1946 4970 πόλεμον

372 4974 514 5047 ﬁgo),
543 4979 733 5035 τοῦτον
757 4982 853 5038 καὶΙ
889 4981 972 5039 ἔτι
994 4988 1464 5058 παρακροτήσεις,
1495 4988 1590 5044 καὶ
1614 4988 1943 5062 πολεμήσεις

445 5134 470 5168 ⁸
504 5134 629 5195 Act.
656 5152 719 5206 ιι,
755 5138 842 5193 l5.
917 5140 943 5173 δ
979 5139 1113 5197 ibid.
1149 5143 1235 5197 l7.

2059 3269 2187 3310 cum
2217 3255 2384 3311 semel
2427 3256 2780 3310 obtenebrata
2819 3270 2973 3311 mens
3014 3266 3099 3313 est
3119 3295 3135 3322 ,
3164 3257 3379 3313 restitui
3410 3258 3502 3313 vix
3532 3275 3633 3331 po-

2061 3355 2187 3413 test,
2226 3347 2322 3403 sed
2364 3347 2646 3403 erroribus
2682 3362 2854 3403 novos
2897 3347 2951 3403 in
2982 3347 3100 3405 dies
3128 3347 3448 3420 superaddit
3475 3367 3633 3408 erro-

2058 3428 2185 3497 res?
2211 3439 2287 3495 lta
2315 3456 2380 3495 ne
2403 3454 2501 3494 ora
2534 3438 2752 3495 indocta
2778 3441 2967 3495 vinum
3000 3440 3239 3508 edocuit,
3268 3452 3323 3498 et
3352 3444 3636 3514 sapientiae

2058 3530 2280 3585 ﬂumina
2304 3528 2588 3601 profundit
2618 3530 2931 3586 ebrietas'l
2959 3536 3125 3602 quam
3157 3532 3387 3590 scelesta
3416 3542 3502 3590 est
3528 3536 3632 3590 im-
3665 3539 3669 3542 ’

2062 3620 2355 3691 prudentia
2399 3628 2514 3682 tua,
2550 3618 2696 3675 fatue
2739 3619 2961 3677 Iudaee!
2989 3632 3344 3693 posteaquam
3380 3625 3451 3679 ab
3487 3627 3630 3680 anti-

2057 3712 2182 3783 quis
2225 3712 2493 3781 theologis
2539 3711 2953 3783 intelligentiam
2983 3713 3230 3769 hodierni
3266 3715 3394 3771 facti
3426 3718 3627 3773 invidia

2056 3804 2366 3857 obcaecaute
2380 3802 2599 3857 haurire
2614 3818 2722 3858 non
2743 3803 2981 3868 valuisti,
2998 3806 3267 3876 theologis
3282 3808 3366 3866 his
3377 3812 3628 3879 quamvis

2056 3892 2349 3948 illitteratis
2380 3902 2432 3947 te
2449 3900 2713 3949 attentum
2733 3895 2999 3965 praebe,ct
3015 3897 3086 3951 ab
3105 3884 3213 3953 illis
3235 3898 3406 3965 disce,
3436 3900 3599 3957 facun

2054 3984 2198 4040 diam
2219 3984 2358 4040 hanc
2381 4000 2486 4039 non
2508 3999 2537 4039 a
2565 3987 2710 4051 vino,
2739 3997 2799 4041 ut
2820 3988 3043 4058 deliras,
3067 3989 3160 4045 sed
3185 3991 3252 4046 ab
3269 3991 3633 4062 inspiratione

2052 4076 2262 4132 caelesti
2276 4076 2566 4130 excitatam
2585 4092 2728 4147 esse.
2745 4078 2985 4149 lntellige
2999 4095 3146 4136 nunc
3157 4081 3242 4136 vel
3259 4082 3482 4148 invitus,
3505 4096 3626 4156 qua:

2051 4168 2321 4224 meditans
2380 4168 2604 4223 minime
2659 4169 3000 4241 intelligebas
3052 4172 3241 4241 verba,
3299 4174 3623 4230 hodiernam

2052 4260 2260 4316 scilicet
2284 4259 2455 4315 divini
2493 4259 2733 4329 Spiritus
2766 4262 3089 4319 ellusionem
3125 4264 3254 4319 olim
3282 4267 3621 4335 praenuntia-

2052 4358 2184 4416 tam,
2210 4350 2480 4422 piscatore
2508 4351 2607 4406 tibi
2635 4354 3138 4427 interpretationem
3166 4355 3517 4412 exhibente‘.
3539 4356 3621 4412 Τιι

2051 4455 2181 4513 ergo
2230 4443 2375 4497 sicut
2427 4450 2585 4497 antea
2647 4454 2828 4497 mente
2871 4445 3180 4499 obcaicatus
3202 4445 3519 4511 aberrahas,
3545 4448 3619 4501 ita

2051 4548 2198 4589 nunc
2223 4546 2387 4589 aures
2410 4533 2727 4595 obstruens,
2755 4551 2877 4603 qua:
2897 4534 3173 4601 dicuntur,
3201 4537 3384 4591 renuis
3407 4534 3616 4602 audire,

2045 4633 2262 4697 tuaeque
2287 4625 2448 4682 saluti
2480 4625 2785 4682 consulere.
2807 4626 2949 4692 Quin
2982 4628 3206 4690 bellum,
3230 4628 3376 4698 quod
3406 4630 3458 4682 in
3493 4644 3615 4698 per-

2044 4717 2242 4774 niciem
2270 4727 2418 4773 tuam
2446 4718 2761 4789 suscepisti,
2795 4733 2958 4789 urges
3003 4720 3168 4774 etiam
3214 4730 3377 4790 atque
3422 4722 3611 4784 etiam.

2045 4818 2099 4864 et
2149 4810 2298 4866 sicut
2345 4810 2612 4867 adversus
2644 4809 2834 4867 Jesum
2866 4810 3035 4867 Deum
3066 4829 3270 4878 meum,
3303 4813 3377 4868 ita
3420 4822 3475 4870 et
3515 4813 3615 4870 ad-

2044 4915 2239 4957 versus
2265 4901 2510 4971 ejusdem
2540 4910 2750 4957 natura:
2783 4903 3049 4974 Spiritum
3079 4918 3212 4960 voce
3238 4919 3526 4975 personas.
3548 4905 3613 4960 Et

2046 5006 2171 5049 cum
2227 4994 2354 5063 ipsi,
2381 4995 2448 5050 ad
2496 4995 2778 5051 hominum
2825 4996 3058 5053 salutem
3090 4997 3476 5068 perficiendam
3519 4999 3615 5055 de-

1891 5261 2121 5318 ΝΟΤΑΕ.

444 5358 541 5448 (4).
568 5360 982 5448 Ρνοιῃὶεξξοηεηι
1017 5371 1180 5448 illius.
1204 5370 1372 5448 jqan.
1398 5376 1641 5448 anniti.
1689 5379 1800 5432 Καὶ
1829 5379 1940 5448 ἐγὼ

370 5427 634 5554 gignat»
661 5438 754 5490 τὶν
781 5439 1022 5512 Πατέρα,
1066 5444 1160 5496 καὶ
1196 5427 1369 5498 ἄλλον

566 5576 881 5652 ΡνρρΙιειὶεα
914 5580 1079 5635 labia.
1115 5581 1228 5637 Jocl
1262 5601 1331 5652 ιι,
1374 5585 1466 5640 98.
1497 5586 1787 5657 E/fumlam
1816 5589 1939 5658 Spi-

373 5649 536 5698 ritum
572 5649 739 5703 meum
772 5665 925 5704 suvcr
956 5668 1155 5708 munem
1191 5649 1429 5722 carnem,
1480 5649 1937 5725 ct'biop/zelabuut

2046 5382 2356 5453 ﬁliivestri.
2384 5391 2435 5436 et
2463 5382 2591 5450 ﬁlia:
2617 5393 2822 5438 vestra.

2118 5452 2194 5522 (6)
2232 5451 2495 5521 Magistro
2541 5453 2833 5508 illitterato.
2886 5450 3043 5507 Joan.
3076 5470 3172 5515 vu,
3201 5455 3288 5509 l5.
3342 5454 3408 5510 Et
3437 5455 3605 5511 mira-

2046 5522 2432 5649 ὸαοιιιᾶςᾶίμιίαςὶ
2445 5523 2706 5626 odicentes,
2730 5524 2991 5595 quomodo
3005 5525 3090 5580 hic
3121 5526 3327 5581 litteras
3348 5528 3469 5592 scit,
3485 5543 3608 5583 cum

2046 5610 2147 5649 non
2214 5611 2228 5650 ι
2278 5603 2425 5648 item
2442 5634 2456 5651 .
