3952 6210
479 223 656 302 139’

1679 243 1954 304 LEONIS
1982 245 2144 304 PHlI
2154 243 2440 304 .OSOPIII

3621 237 3727 303 140

416 336 440 377 ”
475 354 784 420 scendenti,
821 371 1014 412 manus
1062 357 1285 425 injicere
1334 373 1440 411 non
1477 358 1638 412 liceat
1665 357 1871 427 (semel
1899 357 2045 412 enim

2164 358 2344 427 ὒσπερ
2374 356 2450 426 τῷ
2516 353 2690 426 ’ῐησοῦ
2743 355 2837 409 καὶ
2891 343 3010 424 Θεῷ
3062 369 3183 424 μου,
3235 352 3376 407 οὕτω
3406 353 3471 423 δὴ
3506 353 3599 408 καὶ
3645 355 3729 426 τῷ

473 447 714 517 oportuit
766 464 864 518 pro
913 458 1165 503 creatura
1219 449 1386 504 Deum
1420 451 1473 504 in
1513 466 1679 504 carne
1717 449 1852 518 pati,
1881 465 2044 519 quam

474 539 734 609 injurlam
772 539 1095 610 Unigenitus
1133 542 1425 611 pertulit“)
1479 550 1669 595 contra
1723 541 2047 612 discipulos,

470 632 674 702 quibus
703 648 762 688 se
793 633 1047 703 inspirat,
1085 649 1235 688 arma
1271 649 1474 693 sumes,
1509 643 1562 686 et
1589 648 1754 687 acues
1786 633 2046 686 malitiam

472 732 670 780 tuam:
715 726 878 795 idque
927 726 1148 781 tandem
1204 727 1513 797 prmstabis,
1557 735 1615 779 ut
1664 743 1788 781 cum
1836 742 2047 790 earum,

473 821 588 868 tum
639 815 856 870 deicidii
895 816 1009 881 tui,
1038 825 1092 872 et
1135 817 1505 870 calamitatum
1565 816 1690 870 inde
1736 824 2048 871 exortarum

474 907 617 959 fama
651 923 746 976 per
786 908 1104 963 universum
1141 909 1326 963 orbem
1366 909 1662 964 discurrat.

2161 451 2399 519 συμφυεῖ
2423 449 2590 502 αὐτοῦ
2621 448 2928 519 Πνεύματι.
2964 449 3076 502 Καὶ
3116 447 3239 500 ἐπεὶ
3269 449 3343 518 μὴ
3368 446 3489 500 κατ’
3517 447 3728 501 ἐκείνου

2157 546 2344 614 χεῖρας
2378 542 2658 596 ἐπιϐαλεῖν
2685 539 2795 604 οἷός
2822 559 2879 595 τε
2916 537 2986 602 εἴ,
3019 540 3117 612 τὴν
3145 540 3252 592 τῶν
3289 539 3594 610 ἀνθρώπων
3623 559 3736 594 σω-

2155 635 2352 705 τηρίαν
2399 635 2775 698 καταπτάντος
2853 633 3191 705 ἐργάσασθαι
3249 632 3416 700 (ἅπαξ
3470 633 3580 703 γὰρ
3625 631 3738 685 ἔδει

2158 725 2352 777 παθεῖν
2379 727 2435 777 ἐν
2464 726 2629 794 σαρκὶ
2675 724 2808 777 Θεὸν
2856 726 2996 795 ὑπὲρ
3022 724 3122 793 τῆς
3152 722 3245 776 τοῦ
3277 723 3596 792 πλάσματος
3629 740 3737 777 σω-

2157 820 2375 887 τηρίας,
2403 819 2498 872 καὶ
2525 818 2624 888 τὴν
2664 817 2952 889 παροινίαν
3001 818 3307 888 ὑπήνεγκεν
3342 819 3370 868 ὁ
3398 817 3737 887 Μονογενὴς)

2159 910 2304 963 κατὰ
2335 909 2443 962 τῶν
2471 905 2552 973 οἷς
2574 908 3071 980 ἐπιπνεῖιμαθητῶν
3097 908 3471 978 ὁπλιζὸμενος,
3504 908 3604 978 τὴν
3637 909 3739 978 σὴν

471 1000 666 1066 δείξεις
691 1003 1034 1073 ἠκονημένην
1057 1004 1341 1075 πονηρίαν.
1385 1003 1629 1066 Ἀνύσεις
1677 1003 1734 1056 δὲ
1763 1003 2037 1068 τοσοῦτον,
2076 1003 2198 1057 ὅσον
2257 1005 2350 1058 σού
2385 1006 2482 1075 μὲν
2539 1004 2637 1074 τὴν
2679 1002 2998 1074 θεομαχίας),
3044 1003 3137 1055 καὶ
3162 1003 3258 1065 τὰς
3284 1003 3350 1055 ὲκ
3406 995 3614 1071 ταύτης
3668 1017 3737 1054 σα

473 1093 946 1164 περιστησομένας
998 1095 1301 1164 συμφορὰς,
1355 1094 1464 1147 τῶν
1497 1095 1554 1147 δὲ
1591 1096 1671 1157 εἰς
1722 1097 1902 1148 πᾶσαν
1951 1097 2050 1166 τὴν
2085 1098 2186 1167 γῆν
2221 1097 2548 1162 ἐξάκουστον
2575 1098 2833 1170 γενέσθαι
2859 1098 2950 1150 τὸν
2977 1097 3239 1170 φθόγγον.

542 1187 587 1242 Ο
623 1189 845 1258 perlidia
880 1189 1222 1253 insanabilis,
1268 1191 1339 1244 ob
1391 1205 1552 1260 quam
1615 1199 1798 1245 tamen
1851 1192 1916 1245 ad
1975 1207 2062 1245 sa-

474 1280 687 1338 nandas
737 1288 926 1350 gentes
976 1281 1055 1334 illi
1102 1291 1407 1350 opportune
1462 1284 1826 1353 sparguntur!
1870 1297 2062 1353 gentes

475 1374 688 1429 scilicet
715 1387 1021 1427 sermonem
1050 1387 1238 1427 eorum
1274 1373 1596 1444 sapientiam
1629 1376 1970 1445 intelligent,
2005 1387 2060 1432 et

475 1466 671 1521 dulces
698 1463 822 1519 ﬁdei
854 1464 1049 1519 latices
1088 1464 1214 1518 inde
1251 1464 1471 1519 ebibent
1494 1503 1508 1527 ,
1541 1465 1881 1522 inﬁdelitatis
1907 1482 2050 1520 ama-

476 1557 770 1612 ritudinem
804 1556 1156 1626 depellentes.
1182 1557 1263 1611 Ab
1293 1557 1402 1611 illis
1435 1557 1577 1612 Deus
1604 1566 1658 1611 et
1689 1557 1854 1613 Pater
1884 1560 2056 1614 hono-

476 1649 583 1703 rari
618 1649 876 1721 gaudebit
929 1658 985 1704 et
1025 1648 1153 1714 coli,
1185 1649 1314 1718 quia
1346 1647 1545 1702 Filium
1579 1665 1740 1703 suum
1773 1649 2055 1715 dilectum,

475 1749 532 1796 et
559 1741 824 1812 Spiritum
857 1756 1018 1798 suum
1047 1742 1248 1797 bonum
1285 1756 1392 1795 una
1423 1741 1691 1805 recolent,
1715 1741 2055 1812 gloriamque

2243 1195 2307 1246 Ὢ
2338 1195 2436 1264 τῆς
2499 1195 2598 1264 σὴς
2653 1193 3029 1263 ἁθεραπεύτου
3071 1191 3290 1254 κακίας,
3326 1188 3506 1252 καλῶς
3541 1187 3741 1256 αυτοῦς

2163 1287 2257 1339 ἐπὶ
2273 1286 2372 1356 τὴν
2403 1285 2512 1338 τῶν
2534 1285 2701 1338 ἐθνῶν
2719 1285 3062 1354 συνάθροισιν
3091 1281 3512 1355 διασπειρούσης
3531 1297 3544 1309 ·
3570 1281 3607 1335 ἃ.
3631 1281 3740 1342 τῶν

2163 1378 2586 1446 σωφρονούντων
2617 1376 2831 1446 ἀληθῶς
2857 1376 3139 1446 στομάτων
3165 1376 3370 1428 εἴσεται
3391 1374 3490 1443 τὴν
3524 1374 3736 1440 σοφίαν,

2159 1470 2255 1521 καὶ
2308 1468 2369 1521 τὸ
2431 1469 2638 1520 ἐκεῖθεν
2681 1467 2778 1539 ἡδὺ
2828 1471 2927 1537 τῆς
2968 1468 3201 1528 πίστεως
3238 1465 3424 1518 πίεται
3480 1467 3640 1534 νᾶμα,
3673 1465 3731 1516 τίκ

2160 1559 2358 1630 πικρὸν
2398 1560 2496 1630 τῆς
2527 1560 2781 1629 ἁλμυρᾶς
2807 1559 3069 1622 ἀπιστίας
3125 1557 3569 1626 ἀποκλυσάμενα.
3609 1555 3728 1626 Ὑφ’

2155 1647 2230 1703 ὢν
2263 1652 2289 1702 ὁ
2317 1649 2448 1712 Θεὸς
2475 1650 2570 1702 καί⁹
2603 1650 2796 1719 Πατὴρ
2856 1650 2913 1701 ἐν
2943 1648 3021 1716 τῷ
3047 1647 3312 1718 τιμᾶσθαι
3347 1649 3444 1718 μὲν
3473 1649 3563 1700 τὸν
3595 1649 3730 1716 ἀγα-

2157 1743 2326 1812 πητὸν
2353 1741 2517 1795 αὑτοῦ
2546 1741 2693 1805 Υἱδν,
2724 1741 2987 1810 τιμᾶσθαι
3016 1740 3072 1793 δὲ
3121 1741 3215 1794 καὶ
3244 1740 3306 1792 τὸ
3335 1737 3541 1808 ἀγαθὸν
3573 1737 3734 1792 αὐτοῦ

475 1809 778 1901 retribuet;
831 1840 882 1888 te
916 1833 1160 1904 quidem,
1197 1833 1483 1904 avitosquc
1537 1809 1737 1888 cultus‘
1767 1809 2055 1903 abjiciens,

2164 1809 2406 1903 Πνεῦμα,
2438 1833 2738 1902 ἡσθήσεται
2762 1832 3070 1901 τιμώμενός
3095 1849 3156 1884 τε
3204 1831 3300 1884 καὶ
3319 1824 3739 1902 λατρευόμενος,

476 1926 695 1984 illorum
730 1941 860 1982 vero
890 1927 1230 1996 suscipiens,
1257 1927 1349 1997 qui
1385 1926 1616 1996 Spiritui
1651 1936 1844 1982 sancto
1879 1926 2056 1981 famu—

480 2022 660 2075 lentur
687 2019 742 2079 in
773 2020 948 2089 igneis
981 2021 1184 2092 linguis
1222 2020 1384 2076 hodie
1417 2020 1794 2076 descendenti.
1831 2019 2060 2092 Oportet

477 2112 623 2166 enim
674 2121 788 2180 tum
839 2111 1035 2184 lingua:
1081 2121 1187 2167 tuae
1220 2113 1590 2184 pruriginem,
1625 2123 1738 2167 tum
1767 2129 2058 2175 accenSum

478 2203 708 2258 aliorum
745 2203 1015 2260 scelerum
1051 2203 1266 2259 ﬂamma
1300 2206 1566 2262 mundum
1592 2248 1607 2273 ,
1651 2206 1719 2260 ah
1747 2207 1897 2274 ignea
1930 2222 2061 2262 voce

477 2295 720 2352 cohiberi
747 2336 762 2360 ,
796 2313 918 2366 quae
946 2298 1015 2352 ab
1046 2297 1220 2368 igneis
1247 2298 1448 2368 linguis
1484 2298 1749 2369 prodibit.
1787 2301 1854 2353 At
1884 2297 2056 2356 Jmlaai

477 2386 726 2457 profecto
755 2389 1007 2450 delirent,
1045 2390 1324 2460 simulque
1352 2391 1669 2463 quicunque
1698 2393 1765 2446 ad
1796 2393 1946 2461 ipsos
1969 2407 2061 2448 ac-

483 2482 744 2536 cedentes
775 2481 1121 2536 manifestam
1163 2480 1406 2552 Spiritus
1455 2483 1632 2539 sancti
1683 2484 1916 2552 gratiam
1950 2500 2057 2538 non

479 2573 682 2627 vident.
724 2572 836 2628 Nos
867 2588 995 2628 vero
1027 2574 1212 2628 divina
1245 2575 1366 2643 ejus
1397 2574 1519 2629 luce
1550 2575 1810 2630 illustrati
1832 2615 1848 2640 ,
1881 2585 1935 2632 ct
1968 2591 2061 2630 eo-

479 2679 598 2722 rum
628 2666 747 2727 visu
773 2675 959 2734 aperte
985 2665 1249 2732 fruentes,
1271 2668 1573 2722 secundum
1603 2685 1725 2738 qua:
1750 2669 2058 2740 benignitcr

479 2765 622 2810 mter
652 2771 752 2811 nos
783 2765 1178 2822 commoratur,
1213 2773 1541 2813 veneremur
1569 2760 1733 2814 sicuti
1767 2760 1935 2814 Deum
1965 2762 2059 2816 de-

478 2857 584 2903 cet.
621 2851 701 2907 lta
739 2850 996 2915 colimus,
1031 2859 1091 2904 ut
1119 2850 1300 2906 edocti
1331 2867 1546 2917 sumus,
1579 2854 1656 2908 ita
1702 2855 2054 2921 honoramus,

481 2949 542 2995 ut
581 2941 721 3010 jussi
776 2956 986 3005 sumus.
1023 2942 1159 2997 Cum
1208 2944 1385 3017 Patre,
1420 2954 1474 3000 ct
1505 2945 1644 3007 Filio
1673 2947 2055 3006 coordinatum

481 3029 764 3102 Spiritum,
795 3040 850 3087 et
902 3033 1308 3089 coadorandum
1363 3037 1532 3106 probe
1583 3039 1952 3108 agnoscimus,
1991 3039 2058 3094 ab

2162 1926 2254 1979 καὶ
2313 1926 2448 1997 πρὸς
2497 1923 2706 1978 ἑαυτῶν
2758 1923 2974 1977 οἱκειῶν
3004 1923 3356 1987 ἀντιδοξάσει,
3407 1922 3461 1975 σὲ
3496 1921 3602 1992 μὲν
3643 1922 3742 1974 καὶ

2160 2019 2260 2077 τὰς
2300 2017 2398 2079 σὰς
2423 2015 2811 2086 ἀπωθούμενος
2830 2015 3106 2084 λατρείας,
3132 2015 3311 2068 αὐτῶν
3335 2015 3387 2068 δὲ
3411 2017 3473 2086 τῇ
3507 2017 3565 2067 ἐν
3588 2015 3743 2096 ἁγίῳ

2163 2109 2441 2179 Πνεύματι
2481 2107 2918 2177 θεραπευόμενος
2975 2106 3224 2178 λατρεία,
3260 2106 3336 2176 τῷ
3381 2107 3618 2175 σήμερον
3672 2107 3739 2158 ὲν

2161 2204 2415 2274 πυρίναις
2444 2201 2713 2271 γλώσσαις
2747 2202 3227 2268 καταφοιτήσαντι.
3286 2203 3376 2253 Δεῖ
3429 2200 3536 2272 γὰρ
3595 2197 3740 2268 ὁμοῦ

2165 2297 2264 2366 μὲν
2293 2297 2392 2366 τὴν
2455 2296 2552 2365 σὴν
2613 2294 3014 2363 γλωσσαλγίαν,
3045 2295 3180 2364 ὁμοῦ
3215 2293 3272 2346 δὲ
3311 2293 3406 2345 καὶ
3432 2293 3533 2362 τὴν
3562 2292 3742 2361 φλόγα

2160 2393 2260 2461 τῆς
2312 2389 2480 2458 ἄλλης
2543 2387 2798 2451 ἀσεϐείας
2856 2385 3308 2456 κατανεμομένην
3360 2384 3451 2438 τὸν
3507 2386 3738 2453 κόσμον,

2162 2484 2362 2554 πυρίνῃ
2385 2480 2714 2550 διακοπῆναι
2735 2483 2906 2552 φωνῇ,
2937 2483 2970 2550 ἢ
3001 2480 3108 2532 τῶν
3139 2480 3402 2548 γλωσσῶν
3446 2477 3744 2548 ἀπηχηθή-

2162 2593 2312 2630 σεται
2341 2575 2435 2628 τοῦ
2489 2575 2681 2645 πυρός.
2729 2574 2869 2634 Ἀλλ’
2917 2575 3173 2636 Ἰουδαῖος
3215 2572 3313 2643 μὲν
3351 2572 3611 2644 ληρείτω,
3643 2573 3742 2624 καὶ

2162 2669 2215 2721 εἴ
2251 2687 2336 2732 τις
2395 2668 2588 2739 ἐκείνῳ
2640 2666 3039 2742 παραπλησίως
3093 2667 3192 2736 οὐχ
3228 2667 3331 2736 ὁρᾷ
3361 2666 3459 2734 τὴν
3491 2665 3740 2733 ἐναργῶς

2159 2763 2444 2834 ὁρωμένην
2499 2763 2658 2832 χάριν
2707 2758 2800 2813 τοῦ
2872 2759 3212 2829 Πνεύματος.
3257 2758 3448 2827 Ἡμεῖς
3488 2758 3545 2811 δὲ
3575 2759 3626 2810 οἱ
3659 2756 3743 2826 τῷ

2160 2853 2289 2924 θείῳ
2343 2851 2507 2906 αὑτοῦ
2565 2850 3035 2923 περιλαμφθέντες
3085 2850 3242 2919 φωτὶ,
3289 2851 3386 2903 καὶ
3412 2849 3478 2902 δι’
3512 2841 3590 2903 ῶν
3615 2850 3743 2916 φιλ-

2160 2944 2462 3016 ανθρώπως
2485 2943 2581 3014 τὴν
2611 2945 2667 2994 ἐν
2693 2944 2826 3012 ἡμῖν
2849 2945 3084 2996 ποιεῖται
3120 2943 3410 3013 ἐνοίκησιν,
3437 2941 3535 3011 τῆς
3564 2943 3745 3010 ἐμφα-

2159 3038 2307 3100 νείας
2332 3035 2546 3107 τρανῶς
2584 3035 2967 3102 ἀπολαύοντες,
2997 3035 3319 3108 θεοπρεπῶς
3363 3035 3456 3088 καὶ
3491 3036 3744 3104 τιμήσω-

479 3131 687 3191 aaterno
719 3124 1171 3191 coexsistcntem,
1203 3143 1310 3182 non
1343 3127 1411 3194 de
1438 3144 1580 3192 novo
1615 3130 1691 3184 illi
1720 3130 1898 3185 ordini
1933 3147 2056 3185 suc-

2164 3149 2263 3200 μεν
2284 3145 2298 3158 ·
2333 3129 2474 3182 οὕτω
2500 3129 2814 3199 δοξάζομεν,
2849 3130 2923 3192 ὡς
2959 3128 3350 3202 ἐδιδάχθημεν·
3387 3129 3530 3181 οὕτω
3562 3127 3745 3197 τιμῶ⁸

479 3218 783 3287 cedentem,
833 3234 936 3272 non
992 3227 1258 3288 potestate
1308 3221 1624 3287 diversum,
1663 3239 1767 3276 non
1817 3225 2056 3278 alienum

481 3319 697 3375 natura,
727 3310 879 3364 nttllo
907 3327 973 3364 ex
1011 3309 1078 3364 iis
1105 3319 1383 3366 carentem
1422 3313 1520 3382 (7),
1556 3327 1676 3382 quae
1710 3312 1857 3366 Patri
1892 3321 1945 3366 et
1973 3310 2062 3364 Fi-

481 3403 554 3456 lio
579 3403 888 3456 communia
913 3403 1146 3466 scimus,
1180 3404 1427 3472 ejusdem
1458 3405 1604 3460 sedis
1625 3447 1639 3470 ,
1674 3405 1918 3474 ejusdem
1946 3405 2060 3474 glo-

475 3493 596 3566 riae,
627 3495 876 3573 ejusdem
922 3495 1278 3572 operationis,
1309 3497 1553 3570 ejusdem
1590 3496 1801 3571 imperii
1836 3510 2059 3572 corripu-

480 3593 611 3652 tem,

551 3861 710 3918 Nulla
736 3866 910 3919 audax
943 3866 1129 3936 lingua
1158 3866 1211 3920 in
1244 3881 1561 3936 supremum
1582 3905 1597 3930 ,
1629 3873 1683 3920 et
1716 3874 2057 3935 operatorem

485 3954 747 4026 Spiritum
782 3955 1006 4022 feratur,
1042 3973 1106 4012 ca
1159 3958 1227 4014 dc
1283 3960 1377 4013 illo
1415 3959 1719 4027 proferens,
1756 3974 1877 4024 qua:
1907 3957 2060 4014 nefas

483 4057 569 4103 est
601 4049 866 4117 proferre.
889 4050 930 4102 Α
956 4050 1141 4104 divino
1167 4051 1387 4120 quidem
1417 4049 1596 4106 Verbo
1621 4052 1865 4105 omnium
1895 4051 2060 4105 Crea-

483 4150 603 4196 tore
633 4141 748 4196 caeli
785 4141 991 4210 ﬁrmati
1022 4144 1216 4208 δαιιι⁶,,
1239 4145 1332 4199 sed
1355 4182 1372 4209 ,
1403 4143 1666 4214 Spiritum
1701 4158 1918 4212 quoque
1950 4143 2059 4196 vir-

487 4234 619 4289 tutis
667 4248 856 4288 eormn
898 4243 1334 4293 coustructonem
1381 4235 1574 4300 fuisse,
1622 4234 1801 4289 edocti
1843 4250 2054 4290 sumus.

487 4324 658 4385 Nemo
689 4325 827 4388 novit
861 4325 1098 4392 Patrem,
1131 4328 1238 4390 nisi
1275 4327 1486 4381 Filius'
1517 4346 1529 4382 :
1565 4343 1751 4382 verum
1784 4342 1846 4381 ea
1877 4327 2057 4386 scicn-

483 4419 558 4475 tia
582 4418 818 4490 Spiritus
837 4435 946 4482 non
969 4419 1321 4484 destituitur;
1351 4428 1622 4472 scrutatur
1639 4421 1775 4473 enim
1789 4419 2057 4490 profunda

2167 3238 2287 3291 μεν,
2316 3219 2882 3290 ὼςπροστετάγμεθα,
2917 3219 3090 3290 Πατρὶ
3116 3219 3210 3272 καὶ
3232 3218 3344 3288 Υίῷ
3373 3218 3746 3287 συντεταγμέ-

2163 3331 2250 3365 νον
2283 3312 2483 3375 εἰδότες
2497 3311 2590 3364 καὶ
2618 3329 2682 3363 συ
2693 3310 3039 3382 μπροσκυνού
3051 3329 3208 3380 μενον
3231 3328 3245 3342 ·
3279 3310 3338 3375 ἐξ
3360 3311 3527 3363 ἀϊδίου
3553 3311 3745 3382 συνὸν,ι

2162 3407 2282 3473 οὐκὶ
2314 3403 2580 3470 νεώτερον
2616 3404 2694 3466 εἰς
2720 3404 2820 3472 τὴν
2854 3403 3106 3466 σύνταξιν
3138 3403 3417 3478 προελθὸν.
3451 3403 3524 3455 Ού
3560 3420 3746 3472 κεχω-

2165 3494 2420 3565 ρισμένον
2445 3495 2544 3566 τῆς
2565 3495 2833 3562 ἐξουσίας,
2870 3496 2970 3546 οὐκ
3017 3495 3450 3567 ἡλλοτριωμένον
3466 3495 3565 3564 τῆς
3598 3513 3748 3566 συμ-

2161 3587 2344 3662 (ρυῒας,
2374 3585 2474 3639 οὐκ
2505 3586 2817 3658 ἁπόκληρον
2837 3586 2946 3638 τῶν
2973 3587 3070 3639 ὅσα
3102 3591 3253 3658 κοινῇ
3297 3587 3509 3658 Πατρὸς
3530 3589 3744 3657 γνωρίο

2162 3678 2314 3743 ζεται
2343 3679 2439 3732 καὶ
2469 3679 2624 3744 Υίοῦ,
2648 3680 2961 3754 ὁμόθρονον,
2992 3680 3246 3750 ὁμόδοξον
3271 3681 3352 3746 ὃν,
3381 3681 3677 3751 συνδημιου
3689 3697 3745 3748 ρ·

2162 3770 2314 3842 γοῦν,
2353 3771 2772 3842 συμϐασιλεῦον.

2231 3868 2405 3937 Μήτις
2433 3867 2653 3936 γλῶσσα
2672 3867 2922 3939 τολμηρὰ
2947 3867 3090 3922 κατὰ
3113 3869 3207 3922 τοῦ
3241 3868 3614 3937 βασιλεύοντος
3643 3869 3747 3921 καὶ

2160 3956 2496 4027 δημιουργοῦ
2531 3958 2866 4029 Πνεύματος,
2898 3960 3033 4031 πρὸς
3064 3959 3100 4014 ἃ.
3129 3959 3206 4031 μὴ
3237 3960 3391 4032 θέμις
3419 3959 3630 4012 ἐκείνου
3662 3960 3748 4011 λέ-

2159 4067 2276 4116 γειν
2299 4051 2774 4120 παρακεκινείσθω
2793 4068 2806 4082 ο
2836 4051 2913 4121 τῷ
2939 4052 3116 4105 πάντα
3147 4053 3390 4106 κτίσαντι
3423 4051 3552 4122 θείῳ
3578 4052 3748 4122 Λόγῳ

2159 4140 2612 4208 ἐστερεώθησαν
2651 4144 2705 4194 οἱ
2752 4143 3018 4210 οὐρανοὶ,
3079 4144 3213 4196 ἀλλὰ
3257 4144 3351 4195 καὶ
3394 4143 3454 4196 τὸ
3509 4142 3748 4213 Πνεῦμα

2162 4233 2421 4302 συνεργὸν
2453 4228 2595 4288 εἶναι
2627 4234 2725 4303 τῆς
2753 4234 3037 4306 δυνάμεως
3075 4237 3254 4298 αὐτῶν
3298 4235 3744 4306 πεπαιδεύμεθα.

2166 4325 2374 4392 Οὐδείς
2423 4327 2701 4396 γινώσκει
2738 4327 2846 4380 τὸν
2890 4328 3140 4396 Πατέρα,
3179 4331 3231 4381 εί
3259 4328 3343 4397 μὴ
3369 4331 3402 4382 ὁ
3443 4328 3597 4393 Υἱὸς,
3623 4329 3748 4382 ἀλλ’

2160 4419 2262 4471 ούκ
2321 4417 2678 4472 ἀπολείπεται
2723 4418 2926 4490 ταύτης
2961 4421 3054 4472 καὶ
3099 4421 3161 4473 τὸ
3191 4421 3411 4491 Πνεῦμα
3454 4421 3555 4490 τῆς
3589 4422 3743 4490 γνώο

485 4513 641 4567 Dei'.
676 4510 1074 4573 Remissioncm
1127 4523 1472 4580 peccatorum
1523 4511 1692 4574 Filius
1727 4512 2055 4581 impertitur,

2165 4529 2303 4573 σεως
2331 4529 2344 4543 ·
2396 4511 2612 4580 ἐρευνᾷ
2659 4512 2770 4581 γὰρ
2817 4512 2888 4565 τὰ
2925 4513 3085 4580 ,ϐάθη
3136 4514 3241 4567 τοῦ
3279 4514 3446 4567 Θεοῦ.
3505 4515 3744 4568 Δίδωσιν

484 4615 539 4658 at
566 4605 754 4660 eadem
787 4612 1056 4674 potestate
1088 4603 1326 4672 Spiritus
1358 4605 1524 4673 pollet
1552 4621 1566 4657 :
1595 4620 1784 4659 servos
1804 4605 2056 4658 nobilitat

483 4698 747 4768 dignitate
773 4697 1083 4766 adoptionis
1103 4699 1123 4728 ⁹
1150 4713 1162 4756 ;
1192 4695 1606 4750 coul‘umlautur
1628 4699 1721 4767 qui
1748 4697 1800 4749 in
1826 4697 2057 4752 servitu-

557 4875 579 4906 ⁵
619 4873 754 4943 Luc.
789 4890 938 4941 xxiv,
966 4873 1054 4938 46.
1137 4873 1157 4902 ⁸
1198 4869 1343 4928 Psal.
1388 4884 1562 4936 xxx",
1596 4869 1648 4923 6.

1762 4872 1781 4900 "
1822 4869 2016 4932 Matth.
2049 4887 2128 4936 xl,
2155 4872 2244 4924 ‘27.
2321 4873 2342 4904 ⁸
2386 4874 2556 4929 lCor.
2593 4892 2652 4938 ιι,
2687 4877 2770 4929 l0.

2157 4605 2351 4672 ἄφεσιν
2373 4605 2782 4675 ἁμαρτημάτων
2809 4608 2837 4658 ὁ
2868 4607 3013 4669 Υἱὸς,
3049 4607 3147 4674 τῆς
3191 4607 3358 4674 αὐτῆς
3389 4607 3638 4672 ἐξουσίας
3683 4609 3747 4660 τὸ

2166 4698 2408 4770 Πνεῦμα.
2445 4699 2800 4768 Ἐξευγενίξει
2829 4702 2953 4763 τοὺς
2991 4701 3209 4764 δούλους
3241 4700 3315 4771 τῷ
3330 4701 3428 4770 τῆς
3459 4703 3744 4766 υἱοθεσίας

2848 4879 2867 4907 ³
2909 4873 3070 4930 Rern.
3103 4892 3219 4941 VIII,
3253 4876 3338 4932 l5.

2005 5005 2240 5065 ΝΟΤΛΕ.

559 5127 634 5199 (7)
668 5125 800 5199 Non
835 5126 898 5178 iis
930 5123 1169 5177 omnibus
1192 5139 1397 5177 carens.
1429 5122 1567 5199 Ecce
1594 5124 1924 5199 principium
1950 5124 2056 5199 mi-

485 5193 943 5262 scre'tletortum,
978 5206 1032 5250 et
1070 5209 1352 5265 perperam
1383 5209 1411 5246 a
1448 5195 1817 5249 schismaticis
1847 5193 2057 5265 intelle-

485 5278 656 5332 ctum.
691 5267 890 5323 Dicunt
953 5263 1096 5321 enim
1139 5263 1560 5332 :Quodcunque
1611 5265 1755 5318 Patri
1820 5274 1874 5319 et
1921 5263 2058 5318 Filio

483 5353 777 5394 commune
824 5347 943 5400 est,
973 5344 1027 5391 et
1063 5335 1288 5404 Spiritui
1344 5347 1537 5390 sancto
1585 5345 1668 5389 est
1721 5350 2057 5404 commune:

489 5417 779 5480 propterea
825 5407 916 5459 ubi
943 5423 1058 5480 non
1090 5403 1250 5480 Pater
1286 5415 1518 5468 tantum,
1554 5407 1648 5480 sed
1683 5408 1850 5480 etiam
1887 5403 2058 5461 Filius

487 5476 665 5544 activa
712 5476 1064 5545 processionc
1109 5477 1357 5543 polleret,
1392 5492 1492 5531 nec
1550 5478 1786 5546 Spiritus
1833 5485 2057 5530 sanctus

487 5554 731 5615 careret;
771 5558 880 5600 tum
913 5559 1042 5597 vero
1073 5547 1212 5600 sicut
1239 5562 1267 5598 a
1294 5547 1478 5611 Patre,
1508 5558 1562 5601 et
1591 5565 1619 5600 a
1651 5547 1807 5609 Filio,
1841 5547 1914 5599 ita
1940 5561 1969 5599 a
1999 5561 2057 5600 se

491 5621 611 5687 ipso
640 5634 858 5688 quoque
893 5616 1228 5688 procederet,
1266 5617 1382 5688 sive
1409 5619 1672 5686 originem
1701 5626 1960 5673 sumeret.
1986 5619 2056 5669 At

490 5685 616 5758 quis
648 5685 901 5756 nesciat,
933 5685 1262 5767 principium
1299 5687 1431 5745 illud
1466 5702 1572 5742 non
1605 5705 1726 5746 esse
1754 5688 2050 5760 generatim

2165 5128 2563 5201 accipiendum,
2599 5130 2704 5185 nisi
2735 5130 2802 5184 de
2830 5133 3242 5201 operationibus
3269 5135 3334 5188 ad
3370 5145 3548 5198 extra,
3585 5141 3747 5198 velut

2165 5202 2478 5253 creatione?
2508 5200 2641 5254 Nam
2675 5216 2796 5254 cum
2839 5200 2906 5256 de
2949 5203 3183 5260 internis
3213 5207 3415 5272 agitur,
3444 5209 3620 5263 solum
3668 5213 3745 5268 de

2165 5272 2548 5343 continuuihus
2577 5272 2857 5343 attributis
2891 5274 3037 5328 velut
3069 5279 3312 5343 potentia
3333 5319 3346 5343 ,
3382 5287 3436 5332 et
3468 5278 3591 5334 aliis
3617 5291 3742 5335 sta-

2165 5341 2358 5414 tuitur,
2397 5341 2572 5410 deque
2632 5341 2717 5396 his
2773 5341 3107 5414 intelligendi
3169 5359 3300 5401 sunt
3335 5341 3564 5406 Patres.
3613 5353 3742 5408 Hoc

2162 5410 2378 5489 quidem
2417 5415 2497 5489 vel
2543 5427 2608 5466 ex
2651 5416 2908 5489 go__sa_tis
2939 5410 3105 5489 patet,
3135 5419 3280 5486 quod
3311 5418 3596 5489 Scriptura
3628 5423 3743 5477 do.

2160 5489 2302 5540 ceat,
2332 5480 2531 5544 Patris,
2563 5493 2615 5538 et
2650 5482 2775 5538 Filii
2810 5480 3073 5552 Spiritum
3106 5480 3260 5547 esse.
3291 5505 3399 5542 non
3430 5480 3612 5545 autem
3650 5495 3743 5548 sui

2160 5551 2370 5619 Ipsius;
2416 5553 2601 5606 itidem
2657 5570 2688 5608 a
2738 5551 2900 5630 Patre
2935 5566 2987 5610 et
3016 5571 3048 5630 a_
3083 5557 3217 5630 Filio
3247 5559 3513 5629 Spiritum
3564 5563 3740 5630 mitti,

2160 5637 2439 5692 nunquam
2471 5632 2652 5688 autem
2686 5642 2715 5681 a
2753 5641 2810 5682 se
2844 5627 2980 5699 ipso.
3016 5627 3155 5700 Quid
3187 5627 3574 5695 manifestius?
