4070 6206
341 210 452 277 141
1325 215 1603 276 ORATIO
1640 217 1811 277 XIII.
1837 242 1906 252 —
1935 219 2032 278 DE
2061 221 2374 288 SPIRITU
2399 228 2706 291 SANCTO.
3499 243 3610 307 142

327 327 652 396 ἀξιώματι.
680 327 1128 399 Δίοχυνέσθωσαν
1149 332 1201 385 oi
1221 331 1357 402 πρὸς
1382 333 1628 390 δουλείαν
1646 335 1707 389 τὸ
1741 335 1809 388 δι’
1863 328 1926 389 οὗ

2032 345 2134 395 tem
2183 354 2454 402 conantur
2498 345 2760 419 Spiritum
2817 349 3076 422 dejicere,
3104 367 3171 408 ex
3221 369 3330 424 quo
3378 361 3606 416 libertas

336 424 380 490 ἡ
460 419 752 491 ἐλευθερία
843 421 1344 489 καταϐιϐάζοντες·
1413 425 1463 478 οἳ
1507 425 1568 479 οὐ
1623 426 1928 498 πεφρίκασι

2032 441 2114 488 εει
2133 433 2197 488 ιο.
2247 433 2367 491 Non
2413 439 2814 496 exhorrescunt
2876 442 2966 498 iSti
3003 458 3405 502 connumerare
3459 449 3604 504 inter

342 510 492 580 μετά
537 511 648 565 τῶν
702 513 1018 582 κτισμάτων
1078 517 1434 586 συναριθμεῖν
1453 517 1515 570 τὸ
1547 517 1646 588 τῆς
1693 519 1926 584 κτίσεως

336 604 540 657 αἴτιον.
579 604 644 656 Ὠ
696 607 799 676 τῆς
829 605 1282 676 φρενοϐλαϐείαςί
1313 609 1388 662 Οὐ
1413 608 1661 665 συνίασιν
1686 612 1734 664 οἱ
1759 626 1924 664 πνευ-

340 697 661 768 ματομάχοι
689 698 905 762 ἑαυτοῖς
931 699 1317 770 πολεμοῦντες.
1363 702 1501 756 Καθ’
1561 703 1774 757 ἑαυτῶν
1804 704 1928 757 ἀκο-

339 787 500 841 νοῦσι
530 791 630 852 τάς
655 789 929 858 γλώσσας,
962 793 1058 844 καὶ
1086 792 1186 846 οὐκ
1219 791 1588 848 αίσθάνονται.
1623 796 1688 848 Ei
1714 795 1926 867 κτίσμα

338 878 403 932 τὸ
425 880 685 950 Πνεῦμα,
714 875 758 936 ῶ
800 883 990 937 σκαιὸν
1023 885 1250 953 κτίσμα,
1287 885 1404 949 πῶς
1428 886 1738 958 ἐλευθερίαν
1763 889 1924 960 χαρί-

335 971 535 1036 Carm;
557 973 619 1025 Ei
655 973 729 1042 μὴ
751 973 903 1037 Θεὸς,
931 973 1044 1037 πῶς
1075 974 1260 1045 θεῖκῆς
1287 975 1510 1046 χάριτος
1533 977 1886 1048 μεταδίδωσιν
1908 995 1924 1045 ;

341 1065 413 1116 Εί
439 1064 520 1134 μὴ
549 1063 844 1134 βασιλεύει,
873 1064 989 1129 πῶς
1017 1064 1084 1118 ἂν
1122 1065 1490 1136 κληρονόμους
1517 1067 1794 1136 βασιλείας
1829 1071 1924 1141 ἐρ-

340 1156 618 1224 γάσαιτος
655 1157 719 1211 Εἰ
746 1157 821 1227 μὴ
852 1157 1135 1228 εσυμφυές,
1173 1158 1291 1221 πῶς
1334 1159 1401 1212 δι’
1437 1160 1602 1214 αὐτοῦ
1652 1161 1926 1231 σύμφυτοι

339 1248 486 1302 ὼοῦ
515 1247 894 1318 καθιστάμεθα
918 1267 932 1314 ;
960 1251 1011 1302 τί
1066 1249 1228 1324 βιάζῃ
1265 1251 1361 1304 τοῦ
1389 1253 1490 1324 ήδη
1528 1253 1928 1318 καταλυθέντος

337 1342 639 1414 τυράννου,
667 1343 762 1395 τοῦ
784 1343 1119 1412 ἀποστάτου,
1143 1346 1305 1415 φημὶ,
1323 1346 1597 1416 δαίμονος,
1622 1346 1925 1418 βιαιότερος

341 1434 733 1502 ἀναπεφάνθαι
791 1435 1051 1507 τύραννος
1074 1477 1090 1502 ,
1151 1438 1271 1508 μετ’
1295 1439 1606 1508 ἀφθαρσίαν
1641 1441 1805 1494 πάλιν
1833 1442 1927 1510 ἐγ-

339 1527 606 1599 χειρίζων
637 1530 815 1601 φθορᾷ
840 1531 899 1583 τὸ
933 1530 1180 1599 πλάσμα;
1213 1531 1286 1584 Οὐ
1319 1531 1428 1602 γὰρ
1455 1532 1519 1605 δὴ
1551 1533 1622 1586 τά
1648 1532 1927 1604 κτίσματα

339 1621 447 1675 ὑπὸ
506 1622 811 1692 κτίσματος
863 1622 1276 1694 ἀφθαρτίζεται.
1321 1624 1492 1707 Εἴπερ
1533 1626 1625 1680 οῦν
1654 1627 1841 1681 δοῦλον
1865 1628 1926 1681 τὸ

339 1713 708 1783 nimium-stt
737 1715 800 1768 τὸ
856 1715 1082 1785 πλάσμα
1117 1716 1440 1772 δεδούλωται
1460 1697 1534 1790 ’τῇ
1567 1719 1744 1792 φθορᾷ
1765 1762 1779 1784 ,
1817 1720 1922 1775 κᾶν
1955 1697 1996 1750 Β

338 1811 483 1881 ὑπὲρ
506 1811 675 1880 ήμῶν
701 1810 958 1866 τοσοῦτον
997 1812 1155 1882 ἐδόθη
1205 1815 1540 1884 ἀντίλυτρον.
1585 1816 1641 1869 Ὀ
1671 1816 1768 1886 μὲν
1818 1816 1928 1888 γὰρ

340 1908 470 1971 Υἱὸς
498 1907 585 1969 ὡς
620 1907 961 1978 ὀμοδύναμον
979 1908 1073 1961 καὶ
1096 1910 1357 1980 συνεργὸν
1390 1912 1469 1973 είς
1498 1909 1596 1981 τὴν
1623 1911 1927 1965 ἀνάπλασιν

340 1984 567 2068 παραλα
579 1998 794 2068 μϐάνει,
830 2000 928 2053 σὺν
949 1999 1098 2070 αὐτῷ
1124 2017 1185 2054 τε
1215 2001 1306 2055 καὶ
1332 2000 1411 2072 τῷ
1438 2001 1728 2073 Γεννήτορι
1757 2020 1928 2058 κατα-

339 2090 698 2159 πραξόμενον
753 2091 883 2160 ἡμῖν
944 2090 1043 2161 τήν
1100 2093 1564 2163 ἀναστοιχείωσιν.
1601 2093 1663 2146 Ei
1700 2095 1756 2147 δὲ
1788 2095 1928 2164 μετά

339 2183 452 2235 τῶν
488 2181 820 2252 κτισμάτων
862 2183 1188 2255 ήρίθμηται,
1228 2185 1329 2236 οὐκ
1379 2183 1528 2238 ἔστιν
1578 2185 1724 2249 ὅπως
1754 2188 1928 2240 ἐκεῖνο

350 2275 621 2344 ἐνεργήσῃ
648 2275 712 2326 τὸ
727 2274 792 2327 δι’
814 2274 842 2327 ὃ
873 2275 1388 2346 παραλαμϐάνεται.
1419 2276 1494 2330 Οὐ
1514 2275 1623 2349 γὰρ
1643 2277 1708 2349 δὴ
1738 2279 1924 2348 φαίης.

357 2370 545 2436 ὅτιπερ
587 2367 744 2420 οὐδὲν
801 2367 998 2421 κωλύει
1047 2370 1142 2422 καὶ
1193 2368 1400 2438 κτίσμα
1436 2369 1843 2439 ὑπολαμϐάνειν
1869 2373 1928 2425 τὸ

353 2461 599 2530 Πνεῦμα,
629 2462 726 2514 καὶ
755 2461 884 2532 παρ’
915 2461 1081 2514 αὐτοῦ
1115 2463 1263 2532 ἡμᾶς
1312 2463 1742 2535 ἠλευθερῶσθαι.
1773 2467 1929 2537 Πρῶ-

343 2571 438 2606 τον
486 2554 594 2625 μὲν
634 2554 745 2624 γάρ
789 2555 839 2606 εί
873 2555 932 2607 τὸ
981 2554 1260 2625 διεφθορὸς
1307 2555 1673 2613 ἁνεπλάττετο
1701 2558 1789 2612 διὰ
1816 2560 1931 2613 κτί-

338 2662 580 2712 σματος,
608 2645 758 2709 τίνος
780 2647 964 2698 ἕνεκεν
1013 2647 1040 2698 ό
1074 2648 1311 2718 Κτίστης
1349 2648 1492 2703 οῦτω
1519 2649 1814 2720 φιλοτίμως
1838 2653 1930 2704 ἐπὶ

335 2741 407 2791 τὸ
440 2740 684 2808 πρᾶγμα
747 2741 930 2808 χωρεῖ,
969 2740 1064 2792 καὶ
1108 2740 1376 2811 τοσαύτην
1417 2741 1786 2796 ἐπιδείκνυται
1833 2743 1931 2814 τὴν

335 2831 678 2900 προαίρεσιν
711 2831 790 2893 είς
839 2831 1020 2900 ἔργον,
1073 2830 1101 2883 ὃ
1141 2830 1364 2884 δυνατὸν
1411 2826 1480 2902 ἦν
1508 2833 1600 2886 καὶ
1670 2833 1930 2903 κτίσματι

336 2923 733 2995 ἀποχρωμένῳ
762 2925 996 2996 διακόνῳ
1048 2926 1260 2992 τελεῖν;
1295 2927 1359 2980 Τί
1412 2927 1468 2980 δὲ
1511 2929 1729 2999 μήτραν
1769 2931 1928 2996 οἰκεῖ,

2030 535 2310 584 creaturas
2348 531 2645 586 creationis
2693 541 2976 589 auctorem
3015 554 3028 589 :
3063 536 3200 606 proli
3233 537 3600 596 dementiam!

2028 617 2456 677 Pneumaticida:
2501 623 2556 678 in
2587 639 2645 680 se
2677 625 2828 696 ipsos
2863 628 3224 700 belligerant,
3274 645 3375 687 nec
3405 633 3606 688 intelli-

2028 719 2194 779 gnnt;
2225 711 2278 765 in
2306 727 2365 768 se
2403 713 2552 783 ipsos
2593 715 2808 786 linguas
2856 728 3096 787 acuunt,
3139 736 3241 777 nec
3273 735 3605 791 agnoscunt.

2031 799 2088 854 Si
2117 802 2287 868 enim,
2317 817 2350 859 ο
2380 804 2634 867 sceleste,
2657 807 2897 876 Spiritus
2921 822 3173 866 creatura
3205 814 3605 882 esl,quomodu

2027 892 2329 950 libertatem
2364 896 2631 966 largitur?
2674 899 2718 955 si
2750 899 2892 956 Deus
2924 917 3030 957 non
3068 911 3173 968 est,
3211 903 3487 974 quomodo
3516 905 3605 960 di-

2028 985 2206 1040 vinam
2261 986 2492 1057 gratiam
2542 988 2826 1060 impertit?
2852 992 2900 1046 si
2945 1008 3053 1048 non
3087 1005 3299 1065 regnat,
3329 995 3607 1067 quomodo

2027 1076 2178 1146 regni
2226 1076 2472 1136 haeredes
2520 1094 2621 1136 nos
2671 1082 2995 1138 constituit?
3036 1084 3082 1139 si
3115 1085 3364 1156 ejusdem
3397 1096 3606 1144 natura:

2027 1185 2134 1223 non
2191 1182 2295 1234 est,
2327 1172 2603 1242 quomodo
2635 1188 2732 1244 per
2757 1174 2935 1246 ipsum
2972 1174 3066 1232 Dei
3099 1191 3438 1248 congeneres
3468 1193 3606 1235 con.-

2028 1262 2308 1316 stituimur
2339 1263 2462 1333 (8)?
2510 1264 2641 1331 Quis
2689 1275 2740 1322 te
2789 1267 2978 1339 adigit,
3013 1277 3074 1323 ut
3101 1277 3396 1341 tyrannum
3426 1270 3603 1341 ipsum

2024 1353 2134 1424 jam
2167 1364 2528 1425 prostratum,
2557 1357 2838 1425 rebellem,
2861 1359 3160 1416 daemonem
3191 1361 3607 1424 dico,violentia

2026 1459 2091 1499 ac
2145 1448 2503 1516 perversitate
2561 1449 2897 1520 exsuperes?
2960 1458 3084 1520 post
3138 1452 3604 1523 incorruptionem

2027 1536 2242 1592 scilicet
2279 1537 2630 1610 acquisitam,
2657 1549 2973 1598 creaturam
3026 1559 3219 1599 rursus
3262 1545 3608 1616 corruptioni

2030 1631 2218 1698 tradis,
2243 1648 2367 1687 cum
2399 1634 2468 1688 ab
2495 1648 2560 1689 ea
2587 1649 2684 1704 per
2715 1643 2958 1690 creatam
2982 1635 3240 1691 virtutem
3263 1637 3428 1692 eximi
3453 1637 3608 1691 nullo

2029 1721 2192 1777 modo
2236 1725 2432 1793 possit.
2466 1724 2527 1780 Si
2574 1739 2708 1796 ergo
2747 1725 2986 1798 Spiritus
3017 1742 3210 1784 servus
3257 1737 3365 1792 est,
3393 1728 3610 1784 factura

2029 1814 2228 1869 iterum
2286 1816 2630 1887 corruptioni
2681 1818 2941 1885 traditur,
2974 1818 3188 1874 etiamsi
3234 1827 3388 1876 tanto
3430 1821 3608 1891 pretio

2029 1905 2326 1975 redempta.
2361 1905 2534 1963 Filius
2559 1907 2704 1962 enim
2741 1917 2800 1963 ut
2833 1909 3090 1978 potentia:
3121 1909 3369 1981 ejusdem
3409 1925 3609 1982 c00pe-

2029 2013 2180 2065 rans,
2214 1999 2267 2054 in
2313 1999 2591 2056 refusione
2626 2003 2952 2070 assumitur,
2982 2018 3106 2058 cum
3164 2003 3345 2067 Patre,
3377 2013 3431 2060 et
3479 2019 3607 2061 cum

2030 2093 2237 2163 Spiritu
2283 2095 2693 2151 renovationem
2733 2107 2977 2150 nostram
3011 2096 3330 2152 effecturus.
3350 2097 3454 2164 Qui
3477 2112 3612 2154 vero

2028 2200 2150 2240 cum
2182 2186 2454 2243 creaturis
2489 2195 2859 2258 computatur,
2895 2187 2979 2250 id,
3013 2197 3235 2259 propter
3263 2188 3410 2260 quod
3439 2204 3607 2244 assu-

2029 2279 2216 2342 mitur,
2253 2288 2515 2348 praastare
2556 2295 2662 2335 non
2713 2287 2915 2351 potest.
2946 2280 3068 2336 Non
3102 2281 3248 2336 enim
3279 2280 3431 2337 dices
3464 2280 3610 2336 nibii

2031 2372 2358 2441 prohibere,
2421 2374 2553 2443 quin
2617 2373 2884 2443 Spiritum
2939 2382 3250 2429 creaturam
3304 2384 3614 2445 putemus,

2029 2465 2280 2534 quamvis
2315 2465 2386 2520 ab
2419 2465 2535 2534 ipso
2569 2465 2882 2522 liberemur.
2913 2464 3156 2521 Primum
3199 2467 3344 2522 enim
3392 2467 3440 2522 si
3485 2481 3611 2522 cor-

2032 2566 2248 2624 ruptum
2282 2571 2380 2626 per
2410 2563 2718 2610 creaturam
2751 2555 2829 2625 (9)
2863 2554 3013 2610 refici
3061 2563 3297 2626 poterat,
3330 2571 3429 2610 cur
3451 2554 3608 2612 Crea-

2029 2657 2118 2701 tor
2152 2656 2261 2702 tam
2300 2647 2457 2702 avide
2490 2662 2628 2717 opus
2665 2648 2919 2718 suscipit,
2956 2655 3216 2718 tantoque
3246 2648 3430 2704 studio
3459 2648 3515 2704 in
3553 2647 3610 2704 id

2029 2739 2315 2805 incumbit,
2365 2739 2510 2808 quod
2569 2754 2598 2792 a
2644 2748 2900 2794 creatura
2957 2739 3146 2811 peragi
3195 2740 3444 2812 poterat?
3499 2740 3610 2795 Cur

2033 2837 2244 2882 uterum
2283 2828 2450 2891 subit,
2496 2836 2550 2882 et
2594 2827 2784 2884 fasciis
2833 2829 3155 2895 involvitur,
3203 2840 3259 2886 et
3292 2831 3386 2902 qui
3423 2835 3609 2886 omnia

2032 2922 2265 2992 perficit,
2301 2921 2690 2991 perfectionem
2719 2924 2975 2994 corporis
3020 2924 3197 2980 nostri
3224 2924 3486 2994 paulatim
3521 2939 3610 2979 as.-

337 3015 444 3068 καὶ
470 3015 813 3085 σπαργάνοις
835 3015 1131 3078 ἑλίσσεται,
1168 3019 1260 3070 καὶ
1293 3017 1434 3072 κατά
1460 3018 1631 3091 βραχὺ
1659 3021 1688 3072 ὀ
1719 3021 1930 3093 πλήρης

2036 3013 2322 3083 sequitur?
2368 3027 2542 3083 quare
2589 3028 2724 3068 crux
2779 3015 3165 3084 compingitur,
3199 3021 3254 3069 et
3286 3013 3609 3070 carnificum

336 3107 623 3177 λαμϐάνει
667 3106 728 3160 τὸ
800 3107 1008 3178 πλῆρες
1071 3107 1168 3176 τῆς
1242 3112 1382 3180 ἐμῆς
1437 3111 1825 3180 ἀναπλάσεως;
1886 3113 1937 3168 τί

334 3200 399 3252 δὲ
434 3201 672 3268 σταυρδς
719 3200 1011 3270 πήγνυται,
1090 3200 1185 3253 καὶ
1235 3201 1518 3267 φονώντων
1576 3207 1756 3274 χεῖρες
1810 3205 1934 3258 τολ-

339 3292 532 3360 μῶσιν
578 3291 899 3363 ἀτόλμητα,
953 3295 1048 3346 καὶ
1105 3295 1134 3346 ὁ
1186 3295 1326 3363 ὑπὲρ
1371 3295 1482 3350 ἄνω
1523 3295 1630 3349 τῶν
1691 3298 1936 3368 οὐρανῶν

337 3381 658 3450 κρύπτεται
688 3386 780 3452 γῇ,
839 3385 898 3436 ὲν
954 3384 1140 3455 χωρίῳ
1192 3386 1398 3456 φθορᾶς
1445 3387 1816 3459 ξενιζόμενοςς
1849 3391 1932 3454 τίς

341 3476 426 3528 Οὐ
454 3473 568 3545 γάρ
623 3470 689 3545 ἦν
741 3475 942 3546 ἑτέρως
1020 3476 1282 3549 βοηθῆσαι
1327 3477 1405 3548 τῷ
1461 3479 1774 3550 πλάσματι,
1825 3481 1933 3535 οὐδ’

336 3563 416 3638 ἦν
469 3568 551 3630 εἰς
602 3567 872 3638 τοσαύτην
948 3569 1266 3638 εὐεργεσίαν
1310 3569 1495 3622 δοῦλον
1555 3571 1929 3642 παραστῆσαι,

340 3661 474 3714 οὐδὲ
505 3661 574 3714 δι’
595 3662 806 3715 ἐκείνου
835 3663 935 3732 τῆς
970 3662 1175 3734 φθορᾶς
1201 3663 1586 3728 ἀπαλλάττειν,
1622 3665 1742 3718 ούδέ
1779 3665 1934 3736 παρά

343 3754 655 3823 κτίσματος
680 3754 934 3809 τοσοῦτον
973 3755 1145 3825 δῶρον
1193 3755 1528 3826 λαμϐάνειν,
1579 3757 1716 3811 ἀλλά
1770 3759 1932 3828 μόνου

344 3845 515 3901 Θεοῦ.
558 3849 656 3910 ὐς
699 3848 887 3919 ἐπειδὴ
959 3849 1290 3918 σπλάγχνοις
1331 3849 1630 3920 οἰκτιρμῶν
1688 3851 1934 3922 παρακέ-

347 3941 542 4012 κλητο,
574 3943 670 3996 καὶ
698 3941 876 3994 πόνων
910 3943 1275 3996 ἀπαλλάττειν
1299 3943 1548 4014 κεκρίκει
1576 3944 1668 3996 τὸν
1719 3946 1932 4013 ἀπηγο-

350 4035 593 4104 ρευκότα
617 4036 684 4106 τῇ
712 4034 976 4098 κακώσει,
1019 4035 1140 4088 ἐπεὶ
1191 4034 1264 4107 μὴ
1292 4035 1517 4089 δυνατὸν
1544 4031 1614 4107 ἦν
1648 4035 1820 4101 ἄλλως
1850 4041 1931 4099 εἰς

347 4127 515 4200 ἔργον
544 4125 820 4180 ἐκϐαίνειν
849 4126 917 4180 τὰ
943 4126 1266 4199 κεκριμένα,
1317 4128 1453 4199 πρὸς
1480 4128 1828 4199 ἐκπλήρωσιν
1855 4122 1930 4183 ὧν

347 4215 733 4287 παρεκάλεσεν
757 4215 949 4269 ἐαυτὸν
991 4217 1321 4287 ἐχορήγησε.
1347 4217 1472 4282 Πῶς
1491 4214 1604 4281 οὖν,
1628 4219 1708 4280 ὃς,
1740 4219 1821 4274 ὅτι
1856 4219 1929 4291 μὴ

344 4308 585 4362 δυνατὸν
616 4302 685 4378 ἦν
709 4310 901 4378 κτιστῇ
934 4307 1094 4376 φύσει
1141 4307 1218 4378 τῷ
1264 4309 1362 4377 τῆς
1395 4309 1750 4374 άναπλάσεως
1783 4311 1930 4382 ἔργῳ

344 4400 645 4462 διακονεῖν,
679 4400 767 4453 διὰ
795 4399 957 4453 τοῦτο
993 4399 1155 4463 αὐτὸς
1178 4399 1526 4471 διακονήσας,
1558 4402 1607 4454 εί
1651 4405 1788 4472 μετά
1821 4403 1928 4455 τῶν

345 4492 674 4560 κτισμάτων
704 4492 766 4544 τὸ
826 4492 1053 4560 Πνεῦμα
1087 4493 1482 4558 συντέτακται,
1524 4493 1784 4562 συνεργὸν
1830 4492 1931 4547 αὐ-

343 4585 410 4637 τὸ
464 4586 548 4647 είς
620 4583 721 4652 τὴν
768 4583 863 4636 τοῦ
915 4583 1214 4655 φθαρέντος
1274 4584 1577 4638 ἀνάπλασιν
1634 4586 1929 4659 παραλαμ-

345 4674 536 4741 ϐάνει;
561 4674 752 4728 ἔπειτα
787 4675 843 4727 δὲ
864 4675 949 4738 τίς
974 4679 1001 4728 ὁ
1030 4677 1230 4746 τρόπος
1257 4677 1428 4748 ἑτέρῳ
1453 4677 1551 4747 μὲν
1577 4679 1724 4748 ημᾶς
1754 4679 1932 4750 ήμαρ-

345 4765 602 4831 ηκὲναι,
639 4765 950 4835 λαμϐάνειν
981 4767 1038 4819 δὲ
1086 4767 1217 4838 παρ’
1248 4767 1458 4820 ἐκείνου
1490 4769 1590 4842 τήν
1634 4770 1728 4826 τοῦ
1771 4773 1940 4826 πταί-

2039 3119 2232 3160 manus
2265 3105 2334 3160 ad
2367 3104 2590 3160 infanda
2623 3105 2934 3176 prosiliunt,
2966 3114 3219 3177 terraque
3254 3107 3526 3172 conditur,
3555 3107 3612 3161 in

2037 3199 2408 3268 corruptionis
2438 3200 2662 3271 regione
2710 3201 3018 3270 liOSpitans,
3050 3201 3145 3270 qui
3181 3200 3450 3255 caelorum
3483 3198 3611 3254 alti-

2038 3289 2210 3345 tudini
2247 3291 2534 3346 imminet?
2562 3306 2733 3361 quare
2759 3291 2872 3346 haec
2902 3291 3128 3347 omnia?
3161 3291 3269 3346 nisi
3299 3291 3425 3362 quia
3455 3305 3612 3346 crea-

2037 3383 2178 3438 turis
2228 3383 2387 3438 aliter
2435 3384 2714 3440 subveniri
2760 3398 2869 3438 non
2912 3390 3150 3454 poterat,
3181 3399 3282 3438 nec
3313 3383 3366 3437 in
3398 3391 3609 3438 tantum

2035 3490 2174 3545 opus
2209 3489 2402 3532 servus
2449 3476 2656 3531 assumi
2683 3492 2698 3542 ;
2729 3490 2830 3530 nec
2861 3475 3003 3532 servi
3034 3484 3154 3530 erat
3194 3490 3224 3529 a
3256 3475 3615 3545 corruptione

2033 3569 2294 3634 eximere,
2329 3576 2654 3639 tantumque
2704 3584 2907 3624 munus
2955 3576 3238 3637 praestare,
3290 3567 3386 3623 sed
3436 3566 3610 3623 solius

2034 3660 2153 3715 Dei.
2200 3659 2304 3728 Qui
2349 3670 2640 3731 postquam
2691 3660 3070 3715 misericordia
3122 3666 3301 3714 tactus
3352 3657 3610 3730 fatigatos

2033 3749 2284 3806 homines
2339 3751 2496 3806 malis
2544 3751 2760 3805 tandem
2792 3751 3006 3821 eripere
3049 3750 3266 3814 statuit,
3295 3765 3419 3805 cum
3452 3748 3613 3804 aliter

2033 3840 2282 3910 praestari
2332 3839 2384 3895 id
2437 3843 2714 3912 nequiret,
2748 3856 2807 3896 se
2835 3843 3014 3912 ipsum
3063 3841 3119 3896 in
3173 3855 3313 3912 Opus
3362 3839 3612 3895 tradidit.

2033 3931 2324 3998 Quomodo
2367 3932 2552 4002 igitur,
2589 3935 2634 3988 si
2672 3932 2910 4004 Spiritus
2960 3932 3102 3988 inter
3139 3941 3425 3987 creaturas
3451 3933 3612 4002 poni-

2034 4032 2145 4087 tur,
2171 4021 2235 4075 ad
2273 4032 2483 4076 natura:
2517 4022 2856 4077 labefactata:
2900 4021 3352 4075 instaurationem
3385 4019 3476 4074 ille
3505 4017 3613 4072 sibi

2037 4111 2302 4182 Spiritum
2341 4113 2662 4179 associavit,
2705 4114 2800 4182 qui
2831 4111 3286 4182 redemptionem,
3316 4125 3439 4165 cum
3475 4109 3618 4164 niliil'

2033 4206 2100 4261 ad
2130 4221 2247 4261 eam
2287 4218 2481 4262 natura
2520 4217 2703 4262 creata
2734 4206 2987 4261 conferre
3038 4212 3244 4274 posset,
3277 4205 3395 4274 ipse
3427 4201 3610 4274 perfe-

2033 4299 2143 4354 cit?
2178 4297 2381 4354 Deinde
2411 4314 2661 4368 quaenam
2713 4298 2828 4352 hinc
2874 4297 3016 4350 ratio
3054 4305 3223 4371 esset,
3260 4305 3319 4348 ut
3355 4297 3407 4348 in
3440 4308 3615 4347 unum

2037 4407 2444 4462 peccassemus,
2480 4400 2535 4446 et
2565 4391 2632 4444 ab
2665 4390 2773 4444 alio
2805 4389 3018 4459 injuria:
3047 4403 3154 4441 non
3190 4387 3454 4457 participe
3482 4401 3609 4456 pec-

2037 4487 2143 4542 cati
2179 4486 2560 4541 remissionem
2593 4481 3008 4538 obtineremus?
3048 4480 3164 4535 Non
3197 4480 3342 4534 enim
3376 4480 3428 4532 iu
3457 4491 3612 4533 crea-

2038 4587 2216 4632 turam
2244 4575 2492 4647 peccavit
2514 4573 2807 4641 liomo,sed
2837 4573 2890 4627 in
2921 4571 3249 4640 Deum,ejus
3283 4576 3613 4640 pra-ceptum

2039 4671 2363 4741 infringens.
2396 4667 2509 4724 Cur
2557 4682 2687 4738 ergo
2735 4681 2822 4722 me
2868 4681 2898 4720 a
2942 4665 3126 4720 debito
3175 4671 3371 4720 natura
3410 4661 3612 4716 eximat

2039 4780 2245 4830 creata,
2282 4765 2370 4821 cui
2401 4763 2617 4819 debitor
2646 4777 2932 4832 nunquam
2957 4759 3064 4814 fui?

346 4875 564 4927 σματος
593 4858 808 4927 ἄφεσιν,
835 4852 944 4928 ᾧγε
976 4861 1143 4931 μηδὲν
1172 4836 1314 4932 ἦμεν
1336 4836 1664 4932 {iustitia-vet;
1703 4869 1762 4922 οὐ
1812 4871 1922 4942 γάρ
1962 4871 2246 4938 κτίσματι,
2314 4861 2448 4916 ἀλλά
2495 4859 2613 4930 Θεῷ
2664 4858 2912 4928 ἥμαρτεν
2946 4852 3250 4942 ἄνθρωπος.
3311 4847 3410 4917 ’τὴν
3471 4836 3613 4908 παρ’

343 4947 523 5001 αὐτοῦ
558 4948 852 5021 δεδομένην
884 4952 944 5005 ού
975 4953 1293 5026 τετηρηκὼς
1333 4955 1571 5028 ἐντολήν.
1606 4957 1670 5012 Τί
1699 4957 1793 5014 οὖν
1821 4940 1920 5034 ἐμέ
1959 4962 2053 5017 τοῦ
2077 4959 2270 5032 χρέους
2318 4955 2544 5010 ἀπολύει
2583 4951 2743 5020 φύσις
2812 4947 3027 5016 κτιπτῆο
3071 4940 3137 5016 ἦς
3180 4943 3461 5015 ὑπόχρεως
3530 4942 3590 4994 οὐ

349 5040 664 5111 γεγένημαι
686 5059 703 5109 ;

424 5225 473 5254 ¹⁶
515 5221 556 5276 ll
577 5221 709 5278 Cor.
739 5239 822 5289 ιιι,
848 5223 933 5278 l7.

1862 5315 2095 5374 NOTIE.

423 5406 506 5478 (8)
546 5405 647 5462 Dei
675 5423 990 5480 icongenefes
1017 5408 1428 5480 consumimur?
1471 5408 1768 5480 Σύμφυτοι.
1805 5411 1928 5468 Vul-

349 5477 478 5551 gata
507 5479 878 5551 co_mplautati.
904 5477 1059 5532 Rom.
1091 5495 1164 5541 vi,
1202 5479 1254 5532 5.

425 5551 504 5616 (9)
546 5549 610 5603 Si
644 5561 950 5615 corruptum
996 5564 1088 5616 per
1139 5559 1458 5621 creaturam.
1494 5547 1564 5604 Ut
1598 5552 1740 5621 quod
1771 5552 1931 5607 indu-

347 5619 529 5683 Ιιοιιιιι,
564 5631 620 5674 et
650 5622 1001 5674 manifestum
1029 5627 1134 5683 est,
1156 5620 1514 5682 demonstret,
1541 5619 1796 5678 obscuris
1825 5627 1932 5678 uti-

357 5700 468 5753 tur,
526 5699 583 5746 et
636 5690 865 5746 minimc
923 5690 1060 5745 ratis
1092 5707 1104 5744 :
1137 5700 1349 5761 poterat
1408 5693 1671 5760 siquidem
1726 5697 1930 5759 homo,

2036 5409 2289 5486 quamvis
2319 5405 3053 5486 imperfecteusatisfacere,
3079 5405 3186 5486 nisi
3234 5404 3418 5486 altiori
3465 5418 3615 5486 com-

2038 5475 2361 5553 pensatione
2394 5475 2497 5553 sibi
2532 5477 2788 5535 satisfieri
2809 5477 2922 5553 Deo
2950 5479 3249 5548 placuisset
3278 5475 3457 5553 :Deus
3474 5476 3616 5530 enim

2037 5549 2128 5623 per
2159 5567 2312 5603 suam
2341 5551 2744 5623 omnipotentem
2793 5550 3041 5623 uirtutem
3082 5549 3615 5623 poterat__liunmnam

2041 5617 2287 5678 naturam
2319 5620 2501 5674 multis
2529 5620 2652 5676 aliis
2689 5621 2856 5676 modis
2879 5636 3144 5690 reparate.
3173 5619 3234 5672 D.
3267 5617 3505 5674 Thomas
3531 5631 3610 5683 ιιι,

2039 5701 2232 5761 quwst.
2268 5693 2318 5760 1,
2354 5701 2460 5746 art.
2497 5691 2551 5746 ‘2.

3647 5742 3661 5780 ι
