3952 6210
373 126 474 193 143

1570 137 1848 198 LEONIS
1887 137 2362 200 PHILOSOPHI

3528 122 3633 186 ιιι

451 241 558 299 Vos
589 242 774 314 igitur,
801 243 896 313 qui
932 241 1002 299 de
1042 250 1234 300 sancta
1266 241 1466 300 Triadc
1495 251 1604 299 tam
1633 247 1820 317 inique
1852 261 1952 301 eo-
1975 279 1990 309 λ

2119 246 2404 318 Μηδαμῶς
2431 245 2545 312 οὖν,
2575 238 2621 299 ὦ
2653 244 2854 308 ἀδίκως
2887 243 2988 314 μὲν
3016 241 3146 312 περὶ
3165 238 3396 312 Τριάδος
3424 236 3640 306 λογιζό-

377 335 584 406 gitatis,
618 342 673 388 et
719 334 872 390 vobis
922 334 1060 405 ipsis
1106 343 1217 389 tam
1269 336 1408 392 male
1440 339 1750 404 consulitis,
1784 340 1955 396 nolite

378 427 644 504 Spiritum
695 426 864 495 gloria
899 441 999 482 sua
1031 426 1285 483 fraudare
1309 468 1324 493 ,
1359 429 1442 484 vel
1489 430 1800 501 :equalitate
1831 447 1956 488 cum

319 547 344 588 ι,
376 518 558 587 Patre,
600 527 654 574 et
681 517 842 585 Filio,
876 535 1113 590 eumque
1135 520 1316 575 ordini
1347 530 1726 578 creaturarum
1757 539 1957 581 accen-

379 627 518 667 sere.
572 609 864 680 Dignitatis
921 627 1036 668 sua:
1082 611 1511 683 magnitudinem
1559 617 1857 670 vereamini
1910 617 1957 672 si

381 717 489 756 non
515 713 737 772 propter
795 704 930 758 alias
992 705 1154 759 vultis
1213 719 1411 761 causas
1449 707 1520 762 ob
1573 708 1705 762 illud
1740 709 1955 776 saltem,

383 795 526 862 quod
561 793 796 850 Verbum
829 797 1004 866 ipsum
1039 797 1512 854 consubstantiale
1533 799 1598 856 de
1627 816 1693 855 eo
1717 801 1964 856 testimo-

383 887 536 940 nium
589 889 833 956 protulit.
880 886 1099 955 Euntes,
1131 889 1273 944 dixit
1324 891 1455 956 illis,
1484 892 1706 964 quibus,
1741 907 1865 947 cum
1895 892 1962 948 ad

384 976 600 1033 Patrem
656 980 1018 1046 ascenderet,
1072 981 1438 1038 ministerium
1487 985 1735 1049 tradidit,
1783 996 1963 1040 euntes

385 1069 567 1126 docete
595 1089 770 1125 omnes
801 1083 974 1142 gentes
998 1114 1013 1139 ,
1052 1075 1382 1148 b'aptizantes
1415 1093 1503 1130 eas
1539 1077 1592 1130 in
1628 1078 1833 1130 nomine
1859 1075 1968 1129 Pa-

391 1161 508 1225 tris,
550 1171 600 1216 et
637 1159 804 1226 Filii,
839 1173 887 1215 et
927 1162 1156 1231 Spiritus
1191 1166 1450 1220 sancti“.
1493 1167 1596 1232 Qui
1635 1183 1828 1222 servus
1862 1177 1966 1234 est,

390 1255 759 1308 dominantem
815 1256 1040 1324 gradum
1093 1257 1424 1328 participare
1459 1276 1564 1314 non
1590 1267 1810 1329 potest;
1861 1275 1969 1314 non

389 1361 520 1415 ergo
556 1357 612 1401 ut
645 1363 858 1415 servus,
890 1349 981 1401 sed
1016 1357 1074 1402 ut
1105 1350 1525 1412 condominans.
1556 1352 1609 1406 in
1660 1369 1784 1407 eum
1818 1353 1971 1407 ordi-

393 1455 517 1494 nem
570 1439 806 1508 Spiritus
859 1441 1201 1495 assumitur:
1239 1451 1499 1512 tanquam
1552 1444 1756 1515 collega
1786 1445 1854 1498 ad
1887 1446 1972 1498 iu-

393 1530 790 1584 Staurationem
827 1539 1093 1584 creaturae
1123 1530 1437 1595 adhibetur,
1472 1543 1731 1603 tanquam
1777 1534 1975 1589 divina:

2060 355 2234 408 μενοι,
2253 337 2567 406 ἐπισφαλῶς
2593 337 2730 392 δὲτὰ
2753 337 2929 388 οίκεῖα
2949 333 3300 395 διατιθέντες,
3314 329 3415 398 τῆς
3429 329 3640 391 οίκείας

2059 430 2219 501 δόξης
2243 431 2592 501 ἀποστερεῖτε
2613 429 2674 482 τὸ
2700 428 2924 495 Πνεῦμα
2953 442 2967 455 ⁸
2997 425 3135 498 μηδὲ
3165 426 3264 495 τῆς
3290 422 3480 491 θεῖκῆς
3520 421 3642 474 Πα-

2059 523 2185 594 τρὺς
2217 522 2313 578 καὶ
2332 522 2463 575 Υίοῦ
2501 521 2812 584 διιστῶντες
2837 519 3126 589 ἰσοτιμίας,
3151 519 3218 587 τῇ
3241 514 3351 568 τῶν
3398 510 3646 582 κτισμά-

2062 633 2170 670 των
2197 615 2348 681 τάξει
2377 613 2810 684 καταμιγνύητε.
2857 609 3226 680 Δυσωπήθητε
3257 607 3316 661 τδ
3349 605 3649 677 μεγαλεῖον

2063 709 2157 762 τοῦ
2210 706 2542 778 ἀξιώματος,
2595 707 2642 758 εί
2702 707 2843 776 μήγε
2891 705 2957 756 ἐκ
2992 703 3098 756 τῶν
3134 701 3310 755 ἄλλων
3350 697 3647 769 βούλησθε,

2065 803 2181 856 ἀλλ’
2231 801 2288 868 ἐξ
2313 797 2380 873 ἦς
2413 802 2442 853 ὁ
2475 800 2747 869 συγγενὴς
2773 797 2944 866 Λόγος
2975 796 3062 849 διὰ
3097 791 3404 865 μαρτυρίας
3434 790 3652 861 προφὲο

2070 910 2242 967 ρεται.
2275 890 2692 961 Πορευθέντες,
2735 889 2922 959 φησὶν,
2971 882 3072 952 οἷς,
3125 883 3456 954 ἀναληφθεὶς
3510 881 3653 952 πρὸς

2067 987 2160 1040 τὸν
2183 985 2426 1054 Πατέρα,
2451 983 2550 1053 τὴν
2577 981 2856 1036 διακονίαν
2905 978 3197 1052 παρέθετο,
3229 975 3655 1046 μαθητεύσατε

2070 1077 2268 1132 πάντα
2335 1078 2408 1130 τὰ
2456 1076 2636 1141 ἔθνη,
2686 1072 3081 1139 βαπτίζοντες
3140 1068 3364 1135 αὐτοὺς
3430 1070 3516 1133 είς
3581 1066 3654 1121 τὸ

2071 1168 2260 1235 ὄνομα
2302 1165 2408 1219 τοῦ
2453 1164 2683 1233 Πατρός
2714 1164 2811 1217 καί
2866 1163 2972 1217 τοῦ
3027 1160 3167 1214 Υἱοῦ
3196 1159 3295 1212 καί
3327 1157 3434 1211 τοῦ
3475 1158 3656 1225 ἁγίου

2072 1257 2438 1325 Πι-εὐματος.
2514 1254 2591 1310 Οὺ
2658 1254 2880 1308 δύναται
2943 1253 3268 1322 δεσποτικῆς
3347 1249 3656 1316 συντάξεως

2073 1353 2134 1404 τὸ
2165 1349 2349 1402 δοῦλον
2383 1348 2833 1418 μεταλαγχάνειν.
2875 1347 2964 1410 Ὠς
3000 1346 3364 1399 συνδὲσποτον
3393 1339 3507 1405 οὖν,
3535 1343 3650 1396 ἀλλ’

2075 1441 2173 1510 οὐχ
2205 1441 2279 1502 ὡς
2320 1439 2504 1492 δοῦλον
2553 1439 2630 1502 είς
2676 1439 2775 1508 τὴν
2824 1437 3075 1502 σύνταξιν
3123 1434 3645 1507 παραλαμϐάνεται·

2075 1533 2151 1596 ῶς
2181 1534 2612 1604 συνδημιουργὺν
2641 1533 2740 1604 τὴν
2770 1533 3072 1587 ἀνάπλασιν
3105 1530 3201 1584 τοῦ
3233 1530 3652 1600 δημιουργήμα-

397 1621 584 1688 gloriae
609 1637 741 1687 sum,
776 1637 881 1675 non
914 1622 1136 1676 alterius
1168 1621 1456 1693 cujusdam
1479 1665 1495 1690 ,
1527 1627 1969 1680 communionem

2093 1644 2162 1689 ξος
2189 1627 2612 1698 συνεργάζεται·
2667 1625 2742 1690 ὡς
2767 1627 2898 1689 Θεὸς
2931 1626 3030 1695 τῆς
3057 1623 3254 1677 ἑαυτοῦ
3299 1621 3448 1686 θείας
3477 1621 3658 1692 δόξης,

398 1712 646 1780 largitur.
677 1727 708 1765 a
755 1729 861 1782 qua
889 1754 903 1778 ,
936 1716 978 1767 si
1014 1714 1210 1783 impios
1245 1715 1511 1786 quosdam
1555 1715 1749 1771 audias
1771 1757 1786 1776 .
1820 1717 1976 1771 abest

400 1804 534 1873 ipse.
572 1804 852 1876 Tanquam
900 1809 1141 1876 optimus
1184 1807 1482 1862 bonitatem
1517 1810 1818 1881 germinat,
1851 1819 1974 1863 tan-

399 1913 561 1967 quam
603 1899 990 1953 sanctissimus
1026 1899 1374 1954 sanctitatem
1425 1900 1676 1965 eﬂ‘undit,
1713 1911 1972 1970 tanquam

400 2001 616 2046 creator
639 2003 817 2046 creata
843 1992 1173 2045 sanctiﬁcat.
1201 1990 1422 2047 Minime
1453 2008 1585 2063 ergo
1617 2008 1712 2063 per
1735 1994 1974 2046 creatio-

401 2098 523 2137 nem
559 2084 788 2139 exstitit.
820 2081 966 2137 Nihil
1009 2084 1174 2149 enim,
1216 2082 1362 2154 quod
1386 2093 1630 2138 creatum
1666 2085 1757 2152 sit,
1786 2085 1978 2140 simili-

2073 1720 2357 1772 κοινωνίαν
2405 1721 2707 1790 χαρίζεται,
2753 1719 2866 1773 ἀλλ’
2909 1720 3005 1788 οὐχ
3037 1719 3226 1789 ἑτέρου
3275 1717 3436 1770 ποθὲν
3470 1716 3660 1784 δόξης,

2073 1805 2140 1882 ἧς
2157 1812 2296 1864 κατὰ
2316 1810 2407 1864 τὸν
2440 1811 2673 1881 δυσσεϐῆ
2718 1811 2874 1880 λόγον
2925 1810 3162 1881 ὑπάρχει
3221 1808 3519 1878 ἀλλότριον.
3569 1807 3664 1870 Ὠς

2074 1903 2419 1974 ὑπεράγαθον
2465 1903 2620 1973 βρύει
2673 1902 2772 1974 τὴν
2832 1902 3168 1973 ἀλγαθότητα,
3227 1901 3301 1965 ὡς
3355 1899 3663 1969 ὑπεράγων

2073 1995 2307 2065 πηγάζει
2370 1994 2468 2064 τὴν
2528 1994 2812 2065 άγιότητα,
2900 1993 2976 2057 ὡς
3054 1994 3248 2047 κτίσαν
3315 1990 3525 2058 ἁγιάζει
3583 1989 3660 2042 τά

2073 2089 2370 2158 κτίσματα.
2416 2087 2692 2157 Οὐμενοῦν
2740 2086 2814 2149 ὡς
2879 2086 2966 2138 διά
3016 2085 3246 2147 κτίσεως
3297 2084 3378 2146 είς
3424 2081 3660 2150 ὓπαρξιν

403 2186 484 2230 ter
535 2179 738 2232 creatis
793 2176 1285 2232 sanctiﬁcationem
1339 2186 1519 2246 potest
1570 2177 1841 2242 tribuere;
1879 2177 1971 2247 qui

2093 2179 2287 2249 ταριόν.
2329 2179 2495 2232 Οὐδὲν
2534 2179 2640 2249 γάρ
2689 2178 2797 2229 τῶν
2863 2177 3177 2246 κτισμάτων
3224 2177 3338 2238 τοῖς
3399 2175 3667 2244 μετεχου-

401 2272 546 2324 enim
596 2272 768 2338 ﬁeret,
797 2278 856 2324 ut
901 2275 1076 2334 daret,
1106 2257 1252 2340 quad
1302 2286 1412 2324 non
1457 2271 1723 2340 possidet,
1758 2279 1812 2327 et
1860 2286 1969 2341 quo

2093 2289 2151 2324 rw
2194 2272 2455 2342 ὁμοτίμου
2515 2271 2746 2333 κτίσεως
2788 2269 3066 2340 ἁγιασμοῦ
3114 2269 3501 2338 μεταδίδωσιν·
3543 2265 3668 2327 πῶς

403 2371 647 2416 creatum
679 2379 840 2418 omne
869 2366 1153 2434 aequaliter
1182 2365 1375 2419 caret?

2083 2364 2193 2436 γάρ
2237 2366 2448 2419 ἐκείνου
2478 2369 2768 2436 ποιήσεται
2807 2364 2907 2435 τὴν
2969 2363 3275 2436 μετάδοσιν,
3317 2361 3346 2416 ὃ
3403 2361 3479 2433 μὴ
3529 2345 3670 2430 παρέ

402 2455 596 2509 ἑαυτοῦ
628 2460 912 2526 κέκτηται,
951 2457 1043 2509 καὶ
1068 2452 1126 2510 οὗ
1158 2456 1554 2528 παραπλησίως
1591 2458 1734 2511 ἆπαν
1764 2459 1981 2512 κτιστὺν
2011 2458 2312 2526 ἐπιδέεταις

475 2551 544 2605 At
574 2550 730 2614 dixit,
757 2551 820 2604 de
856 2568 966 2604 meo
1010 2553 1200 2620 accipit
1227 2568 1246 2606 :
1293 2552 1405 2623 (l0)
1437 2554 1663 2622 pariter,
1694 2569 1854 2623 quem
1887 2571 1980 2623 ego

406 2643 612 2696 mittant
644 2643 786 2696 vobis
811 2643 853 2674 ¹¹
880 2659 894 2707 ;
930 2653 981 2697 et
1001 2644 1223 2708 similia,
1246 2659 1365 2714 qua:
1387 2644 1586 2714 iniquae
1605 2654 1862 2698 resonant
1891 2662 1986 2699 vo-

405 2750 517 2800 ces,
563 2735 636 2798 id,
691 2733 836 2803 quod
891 2733 1223 2804 impietatem
1265 2738 1466 2807 arguit,
1528 2737 1581 2791 in
1634 2738 1988 2800 blasphemia).

407 2827 712 2882 subsidium
760 2827 1115 2883 advocantes.
1163 2827 1359 2883 Verum
1410 2845 1519 2883 non
1571 2829 1731 2895 dixit,
1763 2831 1840 2886 De
1873 2847 1986 2885 meo

2167 2557 2306 2610 Ἀλλ’
2335 2556 2404 2610 ἐκ
2439 2554 2568 2628 [τοῦ
2598 2553 2769 2625 ἐ]μοῦ
2809 2552 3122 2622 λαμϐάνει,
3163 2551 3318 2621 φησὶ,
3349 2552 3444 2605 καὶ
3479 2549 3537 2603 ὃν
3553 2549 3672 2619 ἐγὼ

2084 2649 2300 2717 πέμψω
2340 2648 2504 2717 ὑμῖν,
2547 2649 2639 2702 καὶ
2669 2645 2874 2700 τοιαῦθ’
2901 2646 3062 2716 ἕτερα
3089 2644 3154 2696 τά
3177 2643 3332 2698 ἄδικα
3365 2641 3671 2710 φθέγγεται

2084 2741 2256 2812 χείλη,
2279 2742 2573 2810 συνήγορον
2593 2741 2659 2810 τῇ
2676 2737 2993 2809 βλασφημίᾳ
3010 2735 3320 2805 ποιούμενοι
3337 2734 3433 2805 τῆς
3451 2733 3668 2786 ἑαυτῶν

2084 2832 2403 2896 δυσσεϐείας
2431 2832 2524 2885 τὸν
2550 2830 2792 2901 ἔλεγχον.
2848 2831 2963 2884 Οὐκ
3007 2825 3186 2891 εἶπεν,
3230 2829 3334 2881 Ἐκ
3377 2826 3486 2880 τοῦ
3514 2824 3671 2892 ἐμοῦ

408 2922 620 2990 accipit,
641 2929 701 2974 nt
725 2929 781 2974 tu
814 2930 1136 2990 prmtextum
1171 2922 1388 2991 injuriae
1420 2939 1690 2986 sumeres,
1725 2940 1900 2994 neque
1928 2932 1988 2978 ut

2093 2918 2397 2990 λαμϐάνει,
2423 2919 2514 2972 ἵνα
2550 2920 2614 2972 σὺ
2647 2917 2900 2989 ἀφορμὴν
2949 2917 3159 2988 ὕϐρεως
3187 2915 3358 2987 λάϐῃς
3389 2933 3402 2946 ·
3441 2915 3551 2968 οὐδ’
3580 2914 3674 2968 ἴνα

409 3023 654 3082 putares,
693 3013 871 3083 ipsum
907 3022 1166 3084 tanquam
1199 3013 1485 3068 Dominum
1527 3030 1590 3067 ac
1620 3015 1842 3069 divitem
1877 3015 1990 3070 lar-

409 3105 547 3176 giri;
581 3106 845 3172 Spiritum
872 3121 1000 3159 vero
1028 3107 1175 3159 velut
1202 3122 1442 3167 servum,
1475 3115 1635 3174 atque
1658 3105 1989 3175 indigentem

412 3195 663 3266 accipere
701 3214 714 3252 :
758 3196 826 3250 iis
874 3197 1021 3251 enim
1055 3197 1236 3253 verbis
1267 3198 1490 3252 exhibet
1517 3197 1663 3266 quod
1701 3213 1993 3254 commune

410 3297 498 3342 est
546 3304 609 3342 ae
632 3288 999 3356 indivisibilc;
1027 3291 1218 3344 eodem
1238 3290 1396 3346 modo
1417 3291 1485 3345 de
1510 3291 1715 3358 Spiritu
1738 3292 1992 3361 loquens,

415 3396 479 3435 ac
509 3381 572 3436 de
606 3397 666 3436 se
698 3393 750 3437 et
787 3381 945 3436 Patre
989 3384 1208 3436 locutus
1250 3394 1332 3437 est
1365 3401 1378 3436 :
1422 3382 1530 3454 Ego
1562 3386 1675 3438 veni
1704 3385 1761 3441 in
1788 3385 1997 3439 nomine

415 3475 602 3530 Patris
630 3476 730 3528 mei
760 3492 778 3528 :
807 3476 1029 3544 pariter,
1049 3473 1162 3544 Ego
1195 3485 1242 3530 le
1273 3477 1565 3547 clariﬁcavi
1585 3494 1738 3545 super
1760 3488 1954 3532 terram
1979 3494 1997 3533 :

416 3568 632 3633 deinde,
659 3566 874 3634 Omnia,
895 3584 1009 3638 qua:
1033 3568 1230 3623 dedisti
1253 3569 1403 3635 mihi,
1431 3569 1524 3624 abs
1549 3579 1597 3625 te
1619 3581 1739 3625 sunt
1762 3587 1781 3625 :
1809 3586 2000 3627 rursus

419 3661 485 3716 de
518 3661 805 3732 discipulis
834 3661 1139 3730 speciatim,
1181 3661 1276 3714 Tui
1299 3671 1470 3724 erant,
1495 3671 1544 3716 et
1565 3662 1695 3716 mihi
1727 3661 1998 3717 dedisti”.

420 3751 562 3818 Quid
596 3769 726 3824 ergo
757 3754 781 3806 ?
814 3769 946 3807 num
989 3754 1118 3823 quia
1157 3755 1211 3808 in
1261 3754 1440 3812 Patris
1470 3757 1693 3810 nomine
1733 3755 1900 3820 venit,
1949 3761 2006 3810 et

421 3844 577 3899 illum
621 3845 914 3916 glorilicat,
961 3855 1015 3899 et
1063 3847 1243 3900 omnia
1277 3846 1479 3917 accipit
1508 3847 1578 3901 ab
1613 3847 1726 3911 illo,
1759 3863 1883 3902 eum
1932 3847 2003 3900 ab

423 3935 611 3993 eadem
649 3945 846 3990 natura
891 3952 957 3992 ac
1005 3939 1264 4007 dignitate
1303 3939 1613 3995 excindes?
1657 3938 1729 3994 Ut
1780 3941 2006 3994 insanas

426 4030 722 4102 aliquando
743 4032 1104 4108 cogitationes
1123 4033 1361 4104 rejicias,
1381 4035 1511 4089 huic
1533 4033 1696 4088 etiam
1721 4034 2009 4088 sententia:

427 4139 589 4179 aures
611 4125 896 4179 commoda
923 4142 934 4178 :
974 4124 1038 4179 Et
1063 4143 1175 4181 mea
1207 4129 1385 4181 omnia
1421 4139 1514 4182 tua
1533 4140 1673 4191 sunt,
1698 4135 1747 4180 et
1779 4134 1869 4180 tua
1893 4142 2008 4180 mea

427 4222 572 4280 sunt,
613 4223 662 4268 et
695 4213 1028 4284 clariﬁcatus
1067 4234 1184 4271 sunt
1224 4219 1366 4272 ineis
1394 4218 1457 4272 ”.
1497 4216 1806 4272 liumilihus
1856 4232 2007 4272 men-

2093 3011 2252 3064 αὐτὸν
2285 3011 2382 3082 μὲν
2411 3011 2600 3081 οἰηθῇς
2627 3009 2962 3072 δεσποτικῶς
2995 3007 3327 3062 πλουτοῦντα
3365 3007 3582 3066 διδόναι,
3609 3006 3676 3059 τὸ

2095 3102 2319 3173 Πνεῦμα
2350 3101 2406 3155 δὲ
2433 3101 2632 3173 χρῇζον
2659 3101 2920 3164 δουλικῶς
2942 3099 3262 3170 λαμϐάνειν,
3298 3097 3434 3152 ἀλλά
3459 3098 3518 3150 τὸ
3548 3114 3675 3150 κοι-

2094 3197 2182 3253 νὸν
2204 3197 2311 3251 τῶν
2345 3197 2656 3268 προσόντων
2680 3198 2774 3250 καὶ
2801 3195 3097 3266 ἀμέριστον
3130 3193 3428 3264 παρίστησι
3451 3191 3540 3244 διά
3561 3189 3680 3245 τῶν

2097 3291 2435 3362 εἰρημένωνο
2468 3290 2628 3358 ὅμοια
2656 3289 2829 3356 λέγων
2880 3290 3006 3357 περὶ
3057 3287 3150 3340 τοῦ
3205 3285 3520 3356 Πνεύματος
3560 3285 3681 3348 τοῖς

2099 3380 2407 3451 εἰρημένοις
2437 3377 2584 3448 αὐτῷ
2607 3379 2734 3447 περὶ
2767 3378 2867 3446 τῆς
2910 3378 3047 3448 πρὸς
3094 3378 3185 3431 τὸν
3228 3376 3419 3432 ἑαυτοῦ
3453 3375 3684 3444 Πατέρα

2099 3472 2431 3543 οἰκειότητος
2457 3487 2472 3501 υ
2534 3469 2682 3540 Ἐγὼ
2729 3468 2999 3534 ἐλήλυθα
3044 3470 3114 3523 ἐν
3168 3471 3248 3536 τῷ
3287 3469 3533 3538 ὀνόματι
3567 3465 3680 3522 τοῦ

2101 3565 2332 3632 Πατρός
2351 3579 2498 3632 μου·
2535 3564 2649 3628 καὶ,
2680 3563 2822 3632 Ἐγώ
2857 3579 2930 3617 σε
2955 3563 3222 3628 ἐδόξασα
3247 3563 3348 3618 ἐπὶ
3380 3562 3491 3632 τῆς
3535 3562 3676 3632 γῆς.

2103 3656 2235 3721 Καὶ,
2265 3653 2467 3710 Πάντα
2495 3654 2612 3710 ὅσα
2632 3654 2895 3721 δέδωκάς
2925 3672 3023 3724 μοι
3055 3657 3215 3722 παρὰ
3240 3655 3357 3710 σοῦ
3377 3655 3529 3709 ἐστι.
3569 3653 3686 3706 Καὶ.

2107 3745 2250 3810 ἰδίως
2274 3746 2372 3816 μὲν
2397 3746 2654 3817 περὶτῶν
2711 3744 2989 3815 μαθητῶν,
3050 3746 3148 3799 Σοί
3195 3745 3380 3814 ἦσαν,
3421 3744 3520 3799 καί
3549 3743 3686 3812 ἐμοὶ

2105 3843 2327 3909 αὐτοὺς
2351 3843 2632 3909 δέδωκας.
2660 3843 2724 3896 Τί
2753 3837 2875 3908 οὗν;
2904 3838 2991 3912 ἆρ’
3028 3843 3218 3913 ἐπειδὴ
3261 3843 3320 3896 ὲν
3349 3841 3426 3912 τῷ
3450 3841 3546 3894 τοῦ
3576 3842 3690 3894 Παε-

2105 3936 2232 4006 τρὸς
2261 3935 2517 4005 ἐλήλυθεν
2537 3933 2780 4004 ὀνόματι,
2808 3935 2904 3988 καὶ
2937 3933 3147 3999 δοξάζει
3177 3933 3362 4000 αὑτὸν,
3386 3934 3482 3987 καὶ
3502 3933 3691 3986 πάντα

2108 4032 2235 4101 παρ’
2267 4027 2430 4082 αὑτοῦ
2459 4028 2746 4099 λαμϐάνει,
2788 4027 3170 4098 άλλοτριώσεις
3222 4027 3383 4082 αὑτὸν
3421 4027 3513 4081 τοῦ
3565 4043 3692 4079 συν-

2108 4122 2388 4187 δεσπόζειν
2424 4121 2518 4175 καὶ
2546 4120 2644 4190 τῆς
2678 4122 2988 4190 συμφυΐας;
3024 4121 3140 4175 ἀλλ’
3180 4121 3381 4185 ὑπόθες
3409 4120 3693 4184 κάκείνοις

2111 4218 2220 4279 τοῖς
2237 4215 2444 4286 ῥήμασι
2463 4213 2523 4266 τὸ
2537 4209 2652 4278 οὖς’
2667 4213 2774 4268 Καὶ
2790 4214 2986 4268 πάντα
3010 4216 3080 4268 τὰ
3095 4214 3206 4284 ἐμὰ
3229 4214 3310 4270 σά
3325 4214 3474 4277 ἐστι,
3496 4213 3595 4266 καὶ
3615 4214 3694 4266 τὰ

428 4315 537 4362 tem
565 4319 756 4360 amove
784 4306 1229 4376 cogitationibus.
1258 4307 1335 4364 Ne
1360 4324 1605 4374 censeas,
1632 4307 1849 4363 Patrem
1877 4307 1990 4363 dari

2113 4305 2194 4359 σὰ
2222 4304 2355 4375 ἐμὰ,
2375 4304 2474 4358 καί
2501 4303 2866 4374 δεδόξασμαι
2900 4305 2970 4359 ἐν
3007 4305 3231 4372 αὐτοῖς.
3265 4306 3373 4359 Καὶ
3397 4305 3503 4358 τῶν
3533 4320 3694 4357 πενι-

432 4408 492 4455 ut
553 4397 836 4468 indigenti,
885 4401 979 4455 sed
1022 4409 1082 4454 ut
1117 4401 1276 4458 simul
1325 4400 1628 4484 dominanti
1672 4399 2008 4467 concedere;

2117 4396 2264 4468 χρῶν
2308 4395 2578 4467 άπόστηθι
2621 4397 2918 4468 λογισμῶν.
2975 4399 3065 4467 Μὴ
3113 4396 3300 4468 νόμιζε
3336 4397 3428 4450 τὸν
3471 4395 3696 4467 Πατέρα

504 4557 545 4590 ¹¹
585 4556 781 4613 Matth.
809 4573 1005 4624 xxvut,
1030 4557 1116 4612 i9.
1195 4557 1238 4589 “
1279 4556 1436 4611 Joan.
1464 4571 1576 4621 xvr,
1611 4555 1717 4620 15;
1746 4572 1836 4620 xv,
1874 4555 1966 4608 26.

2128 4553 2290 4608 Joau.
2321 4571 2374 4621 ν,
2406 4541 2510 4622 43ς
2544 4571 2652 4610 xvn
2675 4597 2690 4622 ,
2721 4555 2773 4616 -ί,
2804 4554 2859 4623 6,
2897 4557 2950 4611 7.
3027 4556 3069 4587 “
3109 4553 3270 4610 Joan.
3297 4572 3410 4610 xvn
3439 4595 3454 4620 ,
3489 4554 3578 4609 10.

1934 4643 2169 4699 NOTAE.

503 4743 618 4814 (10)
658 4743 734 4798 De
755 4760 869 4798 meo
894 4743 1101 4814 accipit.
1122 4742 1180 4795 in
1199 4741 1432 4814 vulgatis
1454 4739 1907 4814 textibuslegitnr
1929 4738 2018 4811 λή-

433 4810 616 4884 ψεται,
649 4817 888 4883 accipiet.
923 4813 1081 4884 Joan.
1114 4827 1226 4874 xw,
1261 4812 1350 4884 i5.
1380 4810 1536 4867 Unde
1565 4820 1856 4882 arguentes
1878 4810 2013 4884 eon-

437 4880 564 4956 t'igit
619 4880 773 4938 mihi
809 4883 1076 4956 quosdam
1138 4880 1711 4956 ex‘Graecjsiaudire,
1742 4880 2016 4956 cumhaee

439 4952 694 5010 Christus
760 4952 1030 5025 protulit,
1090 4953 1327 5025 nondum
1385 4952 1649 5024 Spiritum
1713 4953 2010 5025 accepisse.

441 5024 786 5094 Quapropter
811 5025 956 5097 quod
1006 5025 1168 5097 abeo
1201 5024 1419 5097 accipit,
1455 5040 1560 5078 non
1593 5024 1880 5097 originem,
1914 5039 2010 5077 seu

440 5093 781 5152 divinitatem
829 5093 971 5160 esse,
1004 5095 1097 5152 sed
1134 5096 1363 5166 gratiam
1385 5137 1401 5158 ,
1432 5111 1594 5166 quam
1647 5093 1859 5166 deinde,
1879 5108 2010 5166 cum

441 5166 794 5225 Peutecostes
835 5169 924 5223 die
957 5163 1335 5225 descenderet.
1365 5174 1424 5220 ut
1449 5163 1524 5219 'in
1561 5165 1807 5220 homines
1835 5163 2011 5218 eiiun-

442 5239 617 5308 deret,
656 5241 893 5308 accepit.
936 5237 1048 5293 Hoc
1089 5246 1470 5307 argumentum
1499 5238 1655 5307 plane
1682 5234 2014 5308 ceneidit,si

444 5307 688 5376 legamus
751 5307 1040 5377 λαμϐάνει,
1101 5309 1314 5376 accipit,
1367 5315 1425 5362 ut
1483 5308 1573 5363 hic
1623 5315 1815 5361 auctor
1867 5307 2018 5374 legit,

442 5379 695 5447 quamvis
725 5379 931 5434 erroris
963 5393 1150 5431 eorum
1182 5389 1554 5449 propugnator
1575 5380 1900 5432 acerrimus.
1925 5378 2014 5440 At,

443 5451 938 5518 quomodocunque
970 5449 1201 5518 legatur,
1253 5450 1434 5518 inepta
1468 5451 1690 5504 omnino
1717 5459 1800 5503 est
1839 5463 1901 5503 ea
1933 5463 2015 5499 ra-

449 5517 751 5581 tiocinatio,
774 5517 898 5575 cuin
925 5518 978 5571 in
1008 5517 1207 5589 divinis
1241 5519 1388 5589 nulla
1422 5520 1721 5573 intercedat
1755 5520 2021 5589 temporis

449 5589 761 5657 distinctio;
808 5589 901 5644 καὶ
934 5591 1070 5659 ὅπερ
1103 5587 1209 5658 ἄρα
1243 5588 1508 5658 λήψεσθαι
1542 5591 1633 5646 νῦν
1666 5591 1729 5643 ἐκ
1757 5587 2016 5643 1061105

2115 4739 2331 4808 λέγεται
2368 4741 2396 4792 ὁ
2426 4739 2782 4810 Παράκλητος
2806 4782 2838 4810 ,ξ
2871 4739 3107 4804 αίωνίως
3152 4738 3212 4805 ἐξ
3263 4738 3428 4792 αὑτοῦ
3479 4737 3698 4808 λαμϐά-

2114 4827 2215 4864 νει.
2251 4811 2427 4876 Quare
2460 4808 2596 4880 quod
2633 4808 2769 4864 nunc
2803 4808 3108 4864 Paraclitus
3142 4821 3452 4877 accepturus
3484 4827 3515 4862 α
3536 4809 3698 4880 Al’ilia

2116 4883 2392 4942 asseritur,
2430 4878 2494 4932 ab
2523 4883 2634 4948 ipsa
2667 4883 2961 4934 (eterm'tate
2990 4881 3055 4934 ab
3078 4898 3137 4935 eo
3172 4881 3399 4950 accipit,
3431 4890 3488 4933 nt
3519 4878 3700 4934 Geor-

2114 4953 2235 5021 gius
2263 4952 2664 5020 'l‘rapezuntius
2713 4953 2780 5006 ad
2829 4951 3122 5007 Cretenses
3155 4953 3398 5021 scripsit.
3430 4952 3530 5016 Qui
3565 4968 3702 5008 eum

2113 5019 2142 5076 εἰ
2169 5019 2306 5075 Filio
2337 5019 2564 5092 gratiam
2594 5038 2812 5077 sumere
2837 5023 3100 5090 Spiritum
3123 5019 3413 5087 allirmanl,
3435 5031 3700 5077 naturam

2120 5094 2327 5162 pariter
2376 5108 2594 5147 sumere
2651 5092 2926 5157 fatentur;
2959 5093 3074 5148 lieri
3103 5095 3250 5147 enim
3292 5095 3502 5163 nequit,
3534 5104 3594 5146 ut
3641 5095 3702 5148 iu

2121 5165 2231 5216 Deo
2257 5164 2468 5233 seiungi
2514 5163 2727 5230 possint
2756 5173 2950 5217 natura
2970 5205 2986 5230 ,
3019 5173 3072 5217 et
3089 5168 3333 5234 .gratiam
3369 5167 3699 5234 conferendi

2120 5235 2318 5288 virtus.
2369 5235 2634 5289 Caeterum
2685 5235 2829 5302 quod
2883 5249 2949 5288 eo
3001 5233 3298 5304 Scriptura:
3365 5233 3706 5304 documento

2122 5304 2418 5360 l'hotianos
2465 5306 2802 5375 jugulemus,
2832 5306 3028 5374 impios
3086 5303 3150 5360 ac
3204 5305 3557 5374 blasphemas
3590 5303 3706 5358 Leu

2123 5391 2224 5428 nos
2246 5376 2477 5444 appellat
2500 5395 2512 5428 :
2540 5391 2848 5444 quanquam
2872 5379 3016 5430 enim
3040 5391 3163 5430 eum
3189 5377 3708 5447 pneumatomachis

2125 5464 2210 5500 res
2253 5449 2430 5499 adhuc
2465 5448 2557 5511 sit,
2604 5447 2669 5500 iis
2705 5456 2884 5500 tamen
2915 5456 2970 5502 et
3003 5463 3101 5503 nos
3138 5449 3206 5503 ab
3235 5448 3357 5518 ipso
3390 5451 3700 5512 accenseri,

2123 5534 2244 5590 qua:
2274 5530 2600 5587 sequuntur,
2635 5517 2951 5572 ostendunt.
