3952 6210
438 210 537 275 147

1667 212 1944 274 LEONIS
1981 208 2445 272 PIIILOSOPHI

3576 204 3682 265 1i8

438 328 666 394 faciant,
703 328 787 382 vel
833 327 939 383 hoc
985 327 1137 383 Patri
1166 327 1448 397 eripiant?
1484 328 1539 384 Si
1568 330 1714 384 enim
1769 329 2010 398 Spiritus

2137 322 2403 394 προϐολῆς,
2432 321 2463 391 ἦ
2502 320 2589 374 ἵνα
2619 319 2713 372 καὶ
2735 317 2825 370 τὸν
2860 314 3081 385 Πατέρα
3128 312 3290 367 τοῦτο
3333 312 3690 383 ἀφαιρήσωνο

438 422 455 485 (
484 419 590 490 16)
626 434 693 475 ex
726 418 864 473 Filio
897 430 1065 487 esset,
1128 434 1227 473 cur
1258 436 1366 474 non
1414 429 1469 475 et
1508 435 1573 475 ex
1606 436 1665 475 se
1695 421 1815 490 ipso
1847 430 2015 488 esset,

439 525 563 562 cum
599 524 783 571 omne,
819 510 966 578 quod
997 509 1179 565 Patris
1206 517 1259 564 et
1285 510 1410 563 Filii
1444 518 1549 576 est,
1584 510 1823 582 Spiritus
1854 512 2016 565 etiam

439 602 546 655 sit?
579 602 687 658 Sed
727 604 959 658 ulterius
987 604 1037 658 id
1073 606 1238 657 etiam
1273 605 1651 675 consequitur,
1684 620 1792 660 non
1840 606 2013 661 solum

440 709 551 747 non
584 709 707 750 esse
751 712 820 750 ex
859 695 1021 762 Filio,
1073 712 1263 751 verum
1303 699 1468 751 etiam
1506 714 1682 768 neque
1730 714 1794 752 ex
1831 697 2012 753 Patre.

441 786 545 852 Qui
572 788 715 842 enim
745 804 808 843 ex
840 804 898 844 se
922 790 1040 859 ipso
1067 790 1229 844 habet
1255 805 1397 854 esse,
1428 806 1663 859 quanam
1682 792 1784 846 alia
1810 792 2018 861 indiget

442 879 658 933 causa?
714 879 927 935 Rursus
979 882 1025 935 si
1079 881 1421 952 aequipotens
1471 883 1581 952 (l7)
1628 882 1864 953 Spiritus
1909 892 2016 949 est,

442 972 719 1037 quomodo
748 980 802 1025 et
851 971 1023 1029 Filius
1068 989 1135 1027 ex
1171 988 1236 1027 eo
1274 989 1384 1027 non
1418 982 1526 1038 est,
1570 976 1713 1029 sicut
1749 976 1795 1030 is
1830 982 1915 1029 est
1953 990 2017 1030 ex

443 1063 627 1117 Filio?
660 1072 753 1116 aut
804 1065 949 1118 enim
1002 1081 1108 1118 nou
1145 1065 1393 1135 ejusdem
1426 1068 1648 1121 virtutis
1680 1077 1787 1127 est,
1830 1076 2021 1136 utpote

443 1157 742 1223 accipiens.
773 1166 826 1211 et
854 1172 960 1211 non
994 1158 1152 1223 dans,
1187 1167 1280 1212 aut
1309 1159 1352 1214 si
1387 1175 1511 1214 vere
1534 1168 1637 1224 est,
1662 1174 1886 1216 necesse
1916 1171 2018 1225 est,

446 1255 503 1298 ut
553 1245 725 1301 Filius
763 1248 927 1301 etiam
980 1249 1183 1317 aliquid
1236 1250 1434 1305 habeat
1477 1266 1541 1305 ex
1580 1251 1810 1320 Spiritu,
1858 1253 2018 1308 sicuti

446 1338 672 1408 Spiritui
701 1339 906 1409 aliquid
928 1342 1042 1410 ipse
1068 1342 1180 1395 dat.
1203 1342 1314 1397 Cur
1332 1353 1509 1397 autem
1545 1344 1776 1416 hoc(i8)
1808 1352 2018 1399 tantum

442 1430 670 1499 Spiritui
717 1433 969 1499 aufertis,
1008 1450 1200 1503 nempe
1232 1437 1376 1504 quod
1411 1452 1474 1490 ex
1510 1452 1568 1492 se
1603 1437 1724 1505 ipso
1769 1438 1862 1497 sit.
1912 1455 2019 1492 non

443 1521 755 1577 auferentes
808 1524 933 1587 alia,
966 1539 1084 1592 qua:
1121 1523 1259 1579 Filio
1293 1526 1502 1589 insunt,
1536 1535 1591 1581 et
1629 1526 1777 1581 Patri
1816 1528 1839 1581 Ἰ
1884 1528 2019 1583 Nam

444 1612 527 1666 vel
560 1613 664 1666 alia
702 1629 921 1683 quoque
952 1616 1053 1683 ipsi
1085 1615 1373 1671 adimenda
1405 1626 1551 1681 sunt,
1586 1628 1643 1671 ut
1680 1620 2021 1688 blasphemia

447 1703 621 1771 magis
656 1713 857 1772 pateat,
891 1706 972 1759 vel
1000 1723 1174 1776 neque
1202 1707 1252 1761 id
1287 1708 1653 1771 adimendum,
1688 1709 1834 1777 quod
1875 1724 1938 1762 ex
1963 1725 2022 1764 se

445 1796 566 1861 ipso
597 1795 689 1850 sit.
720 1796 979 1862 Quaenam
1014 1799 1160 1852 enim
1196 1800 1310 1853 hate
1342 1798 1410 1855 de
1441 1814 1549 1853 uno
1590 1809 1801 1853 tantum
1839 1801 2023 1871 priva-

449 1889 524 1940 tio
550 1888 572 1941 τ
600 1887 805 1945 Deinde
834 1889 1070 1960 Spiritus
1108 1892 1217 1962 (19)
1253 1908 1317 1948 ex
1355 1893 1512 1948 Patre
1540 1902 1594 1947 et
1639 1892 1779 1947 Filio
1810 1909 2006 1963 proce-

445 1977 603 2041 dens,
660 1988 714 2032 et
765 1995 793 2059 a
828 1996 1059 2050 persona
1092 1981 1267 2035 Patris
1305 1997 1398 2050 per
1437 1984 1825 2052 proprietatem
1857 1999 2013 2039 suam

450 2070 771 2136 distinctus,
800 2072 1077 2141 quomodo
1107 2073 1287 2128 minor
1315 2089 1421 2128 non
1451 2076 1555 2129 erit
1590 2073 1752 2141 Filio,
1783 2091 1907 2131 eum
1935 2076 2024 2130 hic

444 2178 569 2217 esse
604 2163 800 2217 habeat
825 2179 853 2216 a
886 2163 1069 2227 Patre,
1109 2166 1197 2219 ille
1224 2182 1371 2227 vero,
1407 2168 1510 2221 alia
1545 2183 1715 2223 causa
1750 2168 2019 2238 superad-

446 2253 581 2315 dita.
637 2256 799 2307 etiam
834 2270 863 2308 a
916 2254 1106 2310 Filio?
1155 2258 1308 2323 Quod
1359 2259 1404 2313 si
1453 2272 1796 2329 quaecunque
1847 2258 2024 2314 Filius

449 2347 638 2410 habet,
668 2362 697 2399 a
730 2346 890 2402 Patre
914 2350 1133 2418 accipit,
1172 2350 1241 2404 ab
1270 2366 1335 2405 eo
1374 2352 1539 2405 etiam
1584 2353 1837 2422 accipiet,
1879 2355 2023 2425 quod

446 2450 511 2491 ει
562 2440 682 2508 ipso
722 2440 983 2509 procedat
1034 2440 1295 2510 Spiritus.
1332 2442 1442 2496 Cur
1489 2459 1619 2513 ergo
1649 2445 1890 2498 dandum
1937 2454 2024 2500 est

447 2529 609 2596 Filio,
644 2532 785 2601 quod
817 2548 882 2585 ex
917 2533 1034 2601 ipso
1064 2534 1323 2602 procedat
1350 2534 1609 2603 Spiritus,
1644 2535 1869 2605 Spiritui
1895 2554 2025 2592 vero

448 2637 628 2688 neque
654 2621 786 2674 illud
815 2622 1075 2687 dandum,
1108 2632 1167 2675 ut
1199 2640 1264 2677 ex
1298 2639 1357 2678 se
1388 2624 1506 2693 ipso
1534 2627 1818 2693 procedat,
1851 2642 2025 2696 neque

450 2712 608 2774 illud.
642 2722 700 2766 ut
735 2714 1105 2776 generationis
1133 2714 1255 2769 Filii
1289 2716 1565 2787 particeps
1585 2718 1698 2771 sit?
1732 2716 1947 2775 Rursus
1978 2721 2023 2775 si

452 2804 630 2871 maior
684 2805 793 2875 (20)
853 2814 938 2861 est
964 2807 1138 2873 Pater,
1169 2809 1294 2878 quia
1340 2809 1463 2863 Filii
1498 2825 1663 2864 causa
1712 2818 1817 2875 est,
1852 2814 2025 2881 major

449 2898 555 2950 erit
598 2905 651 2951 et
686 2897 881 2964 Filius,
913 2914 1035 2952 cum
1071 2914 1235 2953 causa
1278 2898 1517 2969 Spiritus
1553 2902 1644 2957 sit.
1678 2901 1839 2959 Patet
1871 2921 2021 2975 ergo,

2118 434 2205 470 ται
2229 433 2243 482 ;
2273 416 2335 468 Εί
2365 414 2474 483 γὰρ
2498 414 2562 465 ἐκ
2585 410 2679 465 τοῦ
2705 407 2833 461 Υίοῦ
2859 408 2919 461 τὸ
2944 406 3189 475 Πνεῦμα,
3224 403 3344 465 πῶς
3376 404 3477 456 οὐκ
3506 405 3572 456 ἂν
3603 407 3692 475 εἴη

2120 507 2214 561 καὶ
2266 506 2325 570 ἐξ
2370 502 2564 556 ἑαυτοῦ
2588 545 2603 565 ,
2660 499 2845 571 ἐπειδὴ
2878 499 2985 552 πᾶν
3025 497 3163 567 ὅπερ
3196 496 3313 548 ἐστὶ
3353 494 3573 563 Πατρδς
3599 496 3697 548 καὶ

2121 599 2274 664 Υίοῦ,
2306 598 2465 652 τοῦτο
2488 598 2583 650 καὶ
2614 594 2927 661 Πνεῦματος
2953 609 2967 657 ;
3004 584 3135 643 Εἶτα
3163 588 3249 655 τί;
3281 588 3585 658 Συμϐαίνει
3621 588 3699 658 μὴ

2125 694 2283 765 μόνον
2313 690 2387 761 μὴ
2420 686 2561 743 εῖναι
2587 690 2651 741 ὲκ
2682 687 2777 741 τοῦ
2817 684 2973 749 Υίοῦ,
3026 681 3162 735 ἀλλὰ
3197 681 3329 752 μηδὲ
3356 682 3420 733 ὲκ
3448 679 3544 732 τοῦ
3581 680 3703 732 Πα-

2120 782 2268 851 τρός.
2298 777 2368 851 τῼ
2403 779 2512 851 γὰρ
2556 778 2615 843 ἐξ
2654 776 2846 832 ἑαυτοῦ
2876 775 2937 828 τὸ
2990 769 3151 839 εἶναι,
3184 773 3354 841 τούτῳ
3375 771 3427 824 τί
3446 772 3555 824 δέοι
3583 770 3707 823 ὲτὲ-

2126 873 2297 945 ρωθεν
2323 871 2537 935 αἱτίας;
2572 870 2693 923 Ἔτι
2741 869 2789 920 εί
2839 865 3177 938 όμοδὺναμον
3205 864 3266 916 τὸ
3298 861 3545 930 Πνεῦμα,
3578 860 3702 925 πῶς

2119 965 2241 1035 οὐχ).
2284 965 2377 1018 καὶ
2426 966 2454 1017 ό
2515 962 2639 1025 Υἱὸς
2670 962 2733 1013 ἐκ
2781 959 2875 1013 τοῦ
2906 957 3241 1026 Πνεύματος,
3273 954 3462 1023 ὥσπερ
3498 956 3563 1006 ὲκ
3602 953 3700 1007 τοῦ

2122 1058 2252 1112 Υἱοῦ
2280 1059 2339 1112 τὺ
2361 1057 2619 1126 Πνεῦμα;
2650 1054 2718 1108 Ἢ
2740 1053 2847 1123 γὰρ
2876 1052 2974 1121 οὐχ
2994 1048 3335 1120 ὁμοδύναμον
3358 1046 3527 1117 αὐτῷ,
3553 1046 3702 1117 λαμ-

2119 1153 2300 1217 ϐάνον,
2329 1151 2390 1204 οὐ
2416 1150 2613 1213 διδοῦν,
2652 1150 2685 1217 ἢ
2719 1147 2876 1216 εἴπερ
2910 1143 3270 1214 όμοδόναμον,
3305 1140 3419 1205 ἕξοι
3452 1159 3503 1192 τι
3534 1140 3635 1194 καὶ
3669 1141 3698 1193 ό

2122 1247 2251 1308 Υἱὸς
2296 1246 2389 1297 τοῦ
2426 1242 2760 1313 Πνεῦματος,
2801 1239 2989 1307 ὥσπερ
3040 1236 3115 1307 τῷ
3158 1234 3438 1303 Πνεῦματι
3483 1234 3699 1286 δίδωσιν

2122 1338 2302 1400 αὑτός,
2338 1334 2461 1395 Πῶς
2493 1333 2550 1385 δὲ
2575 1333 2669 1385 καὶ
2704 1330 2892 1383 τούτου
2924 1327 3083 1398 μόνου
3120 1326 3363 1394 στερείτε
3393 1323 3452 1375 τὸ
3471 1323 3696 1393 Πνεῦμα

2122 1429 2215 1482 τοῦ
2246 1427 2387 1485 εἶναι
2442 1426 2503 1490 ἐξ
2553 1422 2773 1486 ἑαυτοῦ,
2819 1420 2985 1492 μηδὲν
3017 1418 3124 1470 τῶν
3154 1416 3331 1469 ἄλλων
3355 1414 3690 1484 ἀφαιρούμε-

2122 1539 2222 1587 νοι,
2248 1521 2283 1574 ἃ
2327 1519 2500 1588 Πατρ“ι
2527 1521 2786 1589 πρόσεστι
2812 1513 2905 1568 καὶ
2944 1510 3091 1579 Υἱῷς
3125 1509 3198 1561 Ἦ
3237 1507 3344 1577 γὰρ
3370 1507 3458 1558 καὶ
3484 1506 3685 1574 ἑτέρων

2127 1614 2351 1680 στεροῖτ⁸
2392 1612 2475 1675 ἂν,
2511 1610 2598 1663 ἵνα
2712 1602 3151 1676 περιφανεστέρα
3192 1602 3225 1670 ἡ
3260 1599 3433 1670 ὕϐρις,
3466 1599 3501 1668 ἦ
3534 1601 3583 1650 εἰ
3615 1596 3687 1667 μὴ

2126 1706 2317 1764 ἄλλων,
2345 1704 2476 1774 μηδὲ
2502 1702 2595 1754 τοῦ
2628 1698 2766 1754 εἶναι
2794 1700 2851 1765 ἐξ
2892 1695 3107 1751 ἑαυτοῦ.
3144 1693 3237 1756 Τίς
3268 1694 3378 1761 γὰρ
3405 1690 3499 1743 ἐπὶ
3534 1689 3689 1758 μόνου

2126 1798 2315 1851 τούτου
2348 1798 2381 1865 ἡ
2419 1795 2830 1865 όιποκλήρωσις;
2864 1787 2998 1844 Εἶτα
3056 1786 3267 1857 Πατρός
3320 1785 3411 1838 καὶ
3466 1781 3599 1836 Υίοῦ
3642 1780 3700 1834 τδ

2127 1890 2351 1959 Πνεῦμα
2380 1888 2605 1958 προῖὸν,,
2631 1887 2723 1940 καὶ
2756 1883 3043 1956 προσθήκῃ
3076 1882 3328 1948 ἰδιότητος
3361 1878 3462 1947 τῆς
3492 1878 3701 1946 Πατρι-

2126 1983 2227 2052 κῆς
2280 1982 2631 2041 ὑποστάσεως
2686 1976 3119 2047 διακρινόμενον,
3165 1971 3277 2033 πῶς
3327 1970 3425 2023 οὐκ
3470 1968 3704 2021 ἔλαττον

2129 2075 2403 2145 συμφυΐας
2462 2073 2558 2125 καὶ
2609 2070 2940 2138 οἰκειότητος
2966 2067 3060 2119 τοῦ
3101 2064 3233 2117 Υίοῦ
3288 2062 3399 2127 ἕξει
3440 2061 3577 2131 πρὸς
3606 2061 3706 2112 τὸν

2130 2165 2377 2235 Πατέρα,
2412 2163 2569 2232 εἴπερ
2596 2163 2623 2215 6
2661 2160 2760 2231 μὲν
2796 2157 2923 2221 Υἱὸς
2954 2160 3019 2211 ὲκ
3054 2154 3263 2225 Πατρδς
3297 2153 3408 2223 ἔχει
3448 2152 3509 2203 τὸ
3531 2145 3707 2214 εἶναι,

2128 2259 2203 2328 τῷ
2231 2258 2285 2311 δὲ
2316 2258 2408 2310 καὶ
2436 2255 2532 2309 τοῦ
2580 2254 2710 2307 Υίοῦ
2777 2252 2948 2306 αἰτίου
3000 2247 3384 2321 προστίθεται;
3418 2246 3476 2297 Εἰ
3520 2245 3577 2297 δὲ
3609 2242 3708 2295 καὶ

2128 2353 2303 2404 πάντα
2339 2350 2439 2403 ὅσα
2484 2349 2597 2419 εχει
2622 2350 2651 2401 ό
2692 2346 2839 2409 Υἱὸς,
2882 2347 2947 2398 ἐκ
3002 2343 3097 2396 τοῦ
3155 2341 3367 2410 Πατρδς
3404 2336 3707 2404 λαμϐάνει,

2128 2445 2334 2497 ἐκεῖθεν
2367 2443 2431 2496 ἂν
2463 2442 2547 2512 εἴη
2574 2440 2668 2494 καὶ
2691 2440 2752 2493 τὸ
2777 2438 2835 2505 ἐξ
2857 2434 3023 2491 αὑτοῦ
3058 2434 3120 2488 τὸ
3146 2432 3370 2503 Πνεῦμα
3402 2427 3708 2500 ὲκπορεῦεο

2130 2537 2273 2590 σθαι.
2299 2536 2395 2597 Τίς
2429 2530 2522 2587 οῦν
2548 2535 2582 2603 ή
2620 2530 2919 2601 φιλοτιμία,
2966 2527 3149 2581 δοῦναι
3202 2524 3300 2596 μὲν
3323 2523 3439 2593 Υἱῷ
3490 2521 3711 2574 ἐκείνου

2129 2629 2378 2697 προϊέναι
2396 2627 2454 2680 τὸ
2471 2624 2718 2695 Πνεῦμα,
2744 2622 2823 2694 τῷ
2840 2621 3118 2692 Πνεύματι
3143 2620 3199 2671 δὲ
3226 2619 3299 2689 μὴ
3327 2616 3535 2679 δοῦναι,
3563 2614 3712 2684 μήτε

2126 2724 2223 2792 τὴν
2254 2719 2449 2774 ἑαυτοῦ
2480 2718 2827 2789 ὲκπόρευσιν,
2864 2716 2999 2786 μήτε
3037 2713 3141 2784 μὴν
3166 2713 3263 2781 τῆς
3288 2710 3382 2764 τοῦ
3415 2707 3545 2761 Υίοῦ
3579 2723 3716 2776 μετ-

2130 2814 2270 2884 ἐχειν
2315 2812 2653 2881 γεννήσεως;
2713 2808 2822 2862 Καὶ
2877 2810 2924 2859 εί
2974 2805 3171 2877 μείζων
3194 2805 3221 2856 ό
3251 2801 3438 2871 Πατὴρ
3462 2799 3542 2867 τῷ
3565 2793 3719 2852 εἶναι

2129 2906 2300 2967 αἴτιος
2336 2902 2429 2955 τοῦ
2462 2900 2617 2965 Υἱοῦ,
2681 2900 2882 2970 μείζων
2909 2898 2973 2951 ἂν
3008 2898 3091 2966 εἴη
3119 2897 3211 2949 καὶ
3232 2896 3258 2948 6
3292 2893 3417 2955 Υἱὸς
3442 2892 3520 2963 τῷ
3567 2887 3715 2944 εἶναι

453 2988 691 3057 Spiritus
722 3005 1013 3060 personam
1050 2991 1319 3055 imminui,
1347 2989 1486 3047 Filio
1518 2994 1737 3063 quidem
1766 2996 1821 3050 in
1854 3013 2016 3051 unam

2144 2996 2311 3058 αἴτιος
2340 2993 2434 3047 τοῦ
2464 2994 2602 3047 Πνεύ
2614 3008 2801 3063 ματος.
2828 2991 2939 3043 Καὶ
2986 2987 3103 3050 πῶς
3132 2987 3230 3039 οὐκ
3260 2984 3326 3038 ἂν
3363 2983 3514 3038 λάθοι
3549 2984 3583 3051 ἡ
3610 2980 3713 3071 τοῦ

452 3095 677 3135 causam
731 3083 924 3149 relato,
969 3082 1174 3151 Spiritu
1214 3099 1343 3137 vero
1373 3084 1425 3139 in
1473 3085 1630 3140 duas.
1664 3087 1819 3153 Quod
1864 3090 1907 3142 si
1961 3105 2024 3143 ex

2131 3056 2452 3157 Πνεῦμα-ξος
2500 3056 2908 3155 σμωιρυνομένη
2962 3079 3280 3140 ὑπόστασις,
3314 3075 3408 3129 τοῦ
3444 3075 3542 3145 μὲν
3575 3056 3709 3128 Υἱδῦ

454 3173 560 3227 hoc
588 3171 761 3239 major
792 3173 1000 3243 Spiritu
1047 3174 1307 3227 statuitur
1336 3172 1529 3238 Filius,
1567 3177 1741 3245 major
1773 3180 1937 3232 ctiam
1977 3180 2027 3233 in

2137 3180 2269 3248 πρὸς
2318 3178 2375 3229 ἓν
2424 3179 2594 3230 αἴτιον
2659 3174 3090 3246 ἀναφερομένου,
3146 3171 3238 3223 τοῦ
3306 3167 3713 3239 Πνεῦματοςδὲ

454 3273 706 3318 sanctum
762 3264 1046 3334 Spiritum,
1094 3280 1256 3334 quam
1300 3266 1355 3319 in
1400 3265 1635 3333 Filium,
1693 3270 2027 3339 blasphemia

2137 3270 2269 3339 πρὸς
2301 3269 2393 3321 δύο
2422 3269 2518 3338 τὴν
2543 3266 2821 3336 ἀναφορὰν
2881 3266 3131 3334 ἐχοντο;;
3176 3262 3284 3314 Καὶ
3318 3264 3365 3313 εἰ
3395 3262 3457 3312 ὲκ
3503 3259 3712 3328 ταύτης

457 3356 730 3409 censenda
773 3363 876 3409 est.
927 3354 1043 3409 Hoc
1101 3356 1244 3408 enim
1299 3356 1476 3427 ipsum
1528 3357 1789 3414 Servator
1849 3370 2027 3417 noster

2137 3363 2225 3428 τῆς
2257 3358 2576 3421 ἀκολουθίας
2610 3359 2811 3428 μείζων
2857 3356 2949 3409 τοῦ
2986 3358 3303 3425 Πνεῦματος
3342 3355 3369 3405 6
3392 3351 3542 3413 Υἱὸς,
3590 3349 3713 3412 πῶς

452 3444 665 3510 docuit,
706 3461 899 3515 nempe
934 3446 1327 3515 blasphemiam
1367 3449 1418 3502 in
1473 3448 1737 3519 Spiritutn
1778 3462 2027 3508 sanctum

2137 3454 2267 3524 ἠεὶς
2295 3452 2354 3503 τδ
2398 3450 2552 3518 ἆγιον
2618 3448 2839 3519 Πνεῦμα
2891 3447 3209 3517 βλασφημία
3250 3447 3323 3517 μὴ
3374 3444 3575 3514 μείζων
3610 3442 3714 3511 τῆς

457 3552 634 3605 neque
665 3537 720 3591 in
757 3537 860 3592 hoc
895 3539 1093 3594 sacculo
1124 3541 1349 3606 remitti,
1384 3557 1560 3608 neque
1591 3544 1645 3598 in
1680 3545 1866 3598 futuro
1892 3547 1957 3600 ⁸³.

2137 3548 2207 3607 είς
2262 3544 2353 3596 τὸν
2406 3544 2537 3596 Υίὸν
2608 3541 2985 3613 βλασφημίας;
3038 3540 3208 3593 Τοῦτο
3277 3538 3387 3610 γὰρ
3463 3536 3716 3601 ἐδίδαξεν

454 3631 484 3682 ὁ
518 3629 709 3702 Σωτὴρ
736 3630 835 3701 τὴν
882 3633 960 3695 εἰς
1016 3633 1077 3687 τὸ
1127 3634 1352 3705 Πνεῦμα
1381 3636 1441 3690 τὸ
1490 3638 1646 3706 ἅγιον
1686 3639 2032 3711 βλασφημίαν
2071 3643 2162 3693 καὶ
2194 3644 2250 3696 ὲν
2279 3640 2356 3713 τῷ
2391 3638 2486 3695 νῦν
2519 3636 2675 3693 αἰῶνι
2760 3638 2853 3691 καὶ
2902 3638 2960 3689 ὲν
3011 3634 3089 3707 τῷ
3138 3634 3383 3707 μέλλοντι
3468 3632 3717 3701 ἄφυκτον

456 3718 597 3775 εῖναι
619 3720 775 3792 δίκης
802 3722 996 3779 εἰπών.

533 3861 575 3894 ¹³
614 3861 808 3917 Matth.
839 3878 913 3917 λιι
946 3903 962 3929 ,
993 3864 1083 3917 32.

1969 3957 2201 4013 NOTAE.

459 4054 742 4118 arguatur.
769 4044 944 4100 (ἰνίεεί
989 4043 1179 4118 Patres
1229 4044 1491 4100 adhibent
1531 4047 1756 4118 passim,
1781 4064 2035 4118 persona-

460 4116 580 4173 rum
629 4116 876 4171 ordinem
913 4116 1299 4183 respicientes;
1340 4132 1438 4169 nec
1476 4116 1541 4171 de
1584 4117 1746 4171 Patre
1783 4116 2029 4180 tantum,

462 4189 554 4246 sed
586 4195 641 4242 et
674 4187 739 4240 de
755 4183 913 4239 Filio.
947 4185 1085 4238 llinc
1109 4186 1161 4238 in
1184 4184 1482 4240 Florentini
1516 4188 1745 4241 Concilii
1794 4189 2033 4252 decreto,

460 4274 623 4329 quem
653 4256 829 4329 Grazfci
853 4256 1052 4320 αἰτίαν,
1074 4254 1247 4310 Latini
1271 4257 1585 4329 principium
1616 4258 1822 4313 dicunt.
1840 4258 2035 4312 Filium

461 4325 625 4384 etiam
689 4325 893 4396 Spiritu
953 4334 1145 4381 sancto
1172 4328 1467 4397 Atuajorem
1525 4327 1774 4397 (ratione
1828 4331 2039 4384 scilicet

2140 4058 2229 4103 tus
2282 4050 2483 4118 virtute
2528 4048 2881 4118 potentiaque
2931 4047 3098 4117 pollet
3153 4062 3217 4101 ac
3253 4044 3451 4118 Filius,
3482 4060 3613 4114 ergo
3667 4043 3716 4106 si

2143 4118 2407 4187 Spiritum
2440 4116 2613 4172 Filius
2642 4116 2863 4180 emittit,
2893 4116 2947 4173 et
2982 4118 3221 4187 Spiritus
3250 4116 3442 4169 Filium
3470 4118 3718 4174 emittet.

2141 4192 2209 4242 At
2230 4204 2339 4260 ego
2368 4189 2623 4243 similiter
2650 4202 2873 4260 arguant
2915 4189 3376 4260 :ﬁiquiptitetites
3396 4196 3523 4241 sunt
3541 4188 3721 4260 fater

2143 4268 2197 4311 et
2228 4256 2396 4314 Filius
2420 4275 2447 4329 ἱ
2471 4274 2600 4328 ergo
2626 4328 2629 4329 ν
2653 4258 2699 4313 si
2722 4256 2911 4312 ’Pater
2940 4256 3145 4313 Filium
3171 4266 3415 4329 generat,
3452 4264 3504 4311 et
3540 4256 3722 4315 Filius

2144 4329 2383 4384 Patrem.
2421 4328 2685 4383 Ridiculae
2730 4328 3189 4384 ratiocinationes
3217 4348 3229 4381 :
3260 4342 3453 4395 nempe
3485 4343 3723 4395 genera-

461 4413 665 4469 causm.
699 4392 794 4452 scu
828 4397 1123 4469 principii)
1158 4392 1329 4451 Graréi
1363 4392 1578 4453 vocant.
1616 4396 1751 4454 Vide
1779 4400 2039 4455 Grazciam
2076 4392 2117 4446 Ι)
2144 4401 2241 4465 tio,
2270 4402 2520 4469 spiratio.
2556 4400 2862 4468 productio,
2899 4418 3003 4453 non
3063 4399 3315 4469 potentia:
3346 4392 3719 4468 sunt‘Opera,

462 4468 813 4522 orthodoxam
854 4479 985 4541 tom.
1030 4466 1109 4541 ll,
1147 4484 1267 4539 pag.
1300 4469 1440 4541 748,
1470 4486 1576 4541 qua
1630 4472 1903 4526 locutione
1945 4475 2042 4525 mi-

463 4540 612 4593 nime
652 4547 883 4593 utuntur
928 4538 1104 4611 Latini
1126 4578 1140 4602 ,
1172 4538 1314 4608 apud
1350 4538 1716 4611 quos—durius
1744 4552 1926 4596 sonat.
1960 4542 2040 4595 Li-

461 4618 583 4665 ceat
631 4612 916 4680 propterea
963 4610 1418 4674 animadvertere,
1451 4627 1614 4679 quam
1668 4613 1864 4680 injuria
1913 4614 2041 4667 insi-

466 4678 747 4734 ntulemur
788 4694 818 4732 a
861 4678 1183 4739 Photianis,
1235 4678 1493 4749 tanquam
1547 4678 1735 4750 sancti
1800 4682 2038 4750 Spiritus

465 4750 715 4822 dignitati
746 4764 855 4822 non
887 4750 1260 4822 consulentes,
1291 4766 1413 4804 eum
1438 4765 1511 4822 cx
1543 4749 1627 4804 his
1656 4749 1858 4820 pateat,
1880 4754 1947 4805 de
1976 4768 2039 4807 ea

467 4820 640 4891 multo
693 4821 866 4890 magis
914 4820 1106 4872 anxios
1158 4834 1222 4871 ac
1276 4821 1539 4873 sollicitos
1571 4835 1672 4875 nos
1699 4836 1841 4891 esse,
1877 4837 2039 4890 quam

467 4889 912 4960 GraecosAt’qui
948 4905 1163 4942 causam
1197 4891 1490 4960 recipiunt,
1514 4889 1831 4944 concausam
1854 4889 2037 4954 etiam,

469 4970 530 5013 ut
568 4960 656 5013 hic
692 4960 799 5015 Leo
828 4963 1089 5027 loquitur,
1121 4959 1374 5014 videntur
1405 4976 1564 5029 posse
1604 4964 1868 5030 recipere.
1895 4962 2041 5016 Nun-

469 5045 632 5100 quam
664 5040 839 5084 tamen
866 5031 1050 5085 Patres
1081 5031 1350 5083 συναίτιον
1381 5030 1637 5085 dixerunt
1670 5030 1886 5095 Filium,
1926 5041 2038 5085 tum

469 5100 615 5170 quod
649 5105 828 5156 minus
862 5110 1149 5171 congruat,
1185 5101 1272 5155 ubi
1309 5117 1471 5156 causa
1497 5110 1582 5155 est
1612 5117 1739 5164 una,
1762 5112 1873 5155 tum
1897 5103 2042 5171 quod

470 5172 633 5227 l'atcr
662 5188 829 5226 causa
862 5172 931 5227 sit
962 5175 1434 5243 προκαταρκτικὴ,
1468 5173 1729 5239 primaria
1750 5213 1763 5238 ,
1799 5174 2044 5242 primige-

472 5248 586 5315 nia,
620 5243 915 5315 originalis.
944 5242 1095 5309 Quod
1132 5242 1257 5315 eSSc
1290 5243 1562 5313 accipiant
1602 5258 1637 5315 a7
1664 5243 1820 5315 l_’atre
1851 5244 2038 5308 Filius,

472 5313 805 5387 ct_Spiritus,
830 5314 1095 5367 Catholici
1118 5313 1291 5387 Graeci
1318 5316 1529 5379 dicunt,
1549 5314 1644 5369 sed
1660 5313 1830 5370 Filius
1849 5332 2042 5387 γεννη-

472 5382 875 5463 τῶςζηδρξτὶιιιε
905 5384 1271 5463 έεκίπορειυτῶςἶ

546 5454 658 5522 (16)
682 5452 758 5509 Βῆ
791 5454 929 5505 enim
964 5452 1215 5519 Spiritus.
1260 5453 1499 5511 Fallaces
1534 5456 1652 5510 istm
1682 5456 1953 5511 illationes
1991 5457 2043 5511 in

476 5524 722 5578 mendaci
780 5524 1063 5598 supposito
1116 5524 1406 5593 nituntur,
1472 5536 1601 5581 uota
1655 5530 1885 5598 septima
1930 5527 2043 5597 jam

474 5610 667 5649 everso
694 5605 748 5647 et
777 5594 1030 5663 disjccto.

556 5666 665 5737 (l7)
708 5664 908 5719 Rursus
938 5666 981 5720 si
1016 5663 1351 5732 a‘quipotens.
1379 5668 1569 5740 Arguit
1600 5688 1613 5724 :
1648 5668 1846 5725 Eadem
1876 5669 2043 5741 Spirio

2142 4472 2233 4526 sed
2267 4470 2632 4536 personalium
2662 4473 3078 4539 proprietatum.

2213 4540 2323 4611 (18)
2348 4540 2475 4611 ίϐιιι·
2504 4537 2680 4594 autem
2711 4542 2825 4593 hoc.
2870 4537 3369 4611 Errores_cumulat
3394 4545 3586 4592 auctor
3612 4538 3724 4595 hoc

2142 4610 2285 4734 loio.
2308 4608 2428 4666 Nec
2459 4611 2701 4681 Spiritus
2742 4613 2884 4666 enim
2906 4654 2920 4676 ,
2954 4627 3057 4665 nec
3092 4608 3262 4664 Filius
3293 4617 3419 4663 sunt
3441 4625 3470 4663 a
3505 4624 3588 4672 se,
3619 4612 3726 4665 sed

2142 4695 2171 4734 a
2247 4691 2381 4734 atre.

2142 4695 2171 4734 a
2203 4691 2381 4734 Patre.

2217 4751 2330 4821 (l9)
2374 4750 2571 4805 Deinde
2601 4748 2854 4819 Spiritus.
2895 4751 2965 4804 At
2997 4751 3159 4805 Pater
3209 4749 3517 4821 Filiusque,
3542 4750 3590 4804 si
3619 4765 3722 4807 eos

2144 4832 2203 4879 ttt
2250 4822 2426 4878 sancti
2479 4822 2715 4890 Spiritus
2768 4822 3091 4891 principium
3148 4820 3490 4891 consideres,
3543 4836 3722 4877 unum

2144 4903 2304 4957 sunt;
2340 4908 2480 4946 ututs
2509 4890 2779 4960 siquidem
2806 4890 3053 4960 spiritus,
3086 4899 3141 4945 et
3174 4906 3278 4945 una
3308 4890 3555 4957 spiratio.
3584 4891 3724 4955 Qua:

2145 4972 2467 5033 sequuntur.
2509 4962 2621 5031 jam
2670 4963 2840 5015 diluta
2890 4971 3038 5033 sunt.
3090 4962 3144 5015 In
3196 4962 3546 5031 generatione
3593 4960 3725 5018 Filii

2146 5032 2331 5089 nullus
2384 5032 2611 5101 Spiritui
2652 5041 2845 5087 sancto
2889 5032 3080 5096 locus,
3111 5046 3236 5085 cum
3276 5040 3435 5101 creat
3466 5047 3497 5085 a
3530 5046 3727 5100 perso-

2148 5107 2256 5160 nati
2289 5100 2619 5173 proprietate
2646 5101 2847 5173 Patris,
2870 5104 2999 5173 quia
3029 5101 3269 5173 Spiritus
3298 5100 3495 5155 Filium
3518 5118 3727 5172 suppo-

2149 5178 2250 5235 nit,
2284 5170 2404 5229 eum
2458 5174 2528 5227 sit
2579 5172 2817 5241 Spiritus
2864 5170 2969 5227 non
3028 5170 3207 5226 Patris
3257 5180 3488 5234 tantum,
3518 5170 3729 5229 sed‘et

2146 5245 2265 5300 Filii
2293 5263 2305 5297 :
2351 5242 2755 5307 Ἐξαπέστειλεν
2784 5246 2811 5297 6
2832 5244 2962 5307 Θεὸς
2989 5244 3049 5296 τὸ
3078 5241 3302 5313 Πνεῦμα
3335 5242 3428 5295 τοῦ
3459 5242 3591 5295 Υἰοῦ
3623 5245 3727 5296 αὑ.

2144 5317 2256 5369 τοῦ.
2293 5314 2467 5368 Galat.
2506 5330 2579 5377 tv,
2610 5314 2663 5367 6.
2704 5314 2844 5379 Quid
2873 5313 3117 5369 clarius?

2217 5388 2328 5453 (~20)
2359 5385 2558 5438 Rursus
2590 5384 2638 5454 si
2678 5385 2869 5454 major.
2904 5384 3093 5451 Quoad
3133 5382 3429 5439 essentiam
3455 5391 3511 5438 et
3553 5390 3757 5439 natu-i

2147 5451 2259 5538 ratu
2305 5456 2545 5536 Spiritus
2567 5451 2723 5549 .F'ilio
2880 5456 3127 5526 aequalis,
3179 5454 3372 5508 ordine
3415 5463 3469 5508 et
3503 5455 3760 5549 origine;

2147 5528 2326 5582 minor
2348 5545 2359 5579 :
2378 5526 2585 5579 atsicut
2606 5524 2743 5582 duas
2763 5524 2962 5582 habere
2988 5539 3184 5581 causas
3213 5540 3319 5578 non
3335 5527 3723 5593 consequitur,

2148 5600 2219 5652 ita
2254 5613 2353 5652 nec
2392 5597 2528 5652 duos
2548 5594 2750 5654 habere
2791 5597 3045 5668 majores.
3086 5596 3291 5653 Caetera
3321 5596 3458 5650 satis
3482 5595 3724 5652 reiutata

2148 5678 2295 5726 διιιιι.
