  <div class='ocr_page' id='page_1' title='image "/cluster/home/n/w/nwhite01/storage/ocr_20150623/107/hvd.32044073502338/117.png"; bbox 0 0 4070 6206; ppageno 0'>
   <div class='ocr_carea' id='block_1_1' title="bbox 428 204 525 275">
    <p class='ocr_par' dir='ltr' id='par_1_1' title="bbox 428 204 525 275">
     <span class='ocr_line' id='line_1_1' title="bbox 428 204 525 275; baseline -0.01 -1"><span class='ocrx_word' id='word_1_1' title='bbox 428 204 525 275; x_wconf 83' lang='lat'><strong>151</strong></span> 
     </span>
    </p>
   </div>
   <div class='ocr_carea' id='block_1_2' title="bbox 1674 203 2443 267">
    <p class='ocr_par' dir='ltr' id='par_1_2' title="bbox 1674 203 2443 267">
     <span class='ocr_line' id='line_1_2' title="bbox 1674 203 2443 267; baseline -0.005 0"><span class='ocrx_word' id='word_1_2' title='bbox 1674 205 1946 267; x_wconf 82' lang='lat' dir='ltr'><strong>LEONIS</strong></span> <span class='ocrx_word' id='word_1_3' title='bbox 1976 203 2443 264; x_wconf 82' lang='lat' dir='ltr'><strong>PHILOSOPHI</strong></span> 
     </span>
    </p>
   </div>
   <div class='ocr_carea' id='block_1_3' title="bbox 3583 200 3683 294">
    <p class='ocr_par' dir='ltr' id='par_1_3' title="bbox 3583 200 3683 294">
     <span class='ocr_line' id='line_1_3' title="bbox 3583 200 3683 294; baseline 0 -30"><span class='ocrx_word' id='word_1_4' title='bbox 3583 200 3683 294; x_wconf 73' lang='lat'><strong>152</strong></span> 
     </span>
    </p>
   </div>
   <div class='ocr_carea' id='block_1_4' title="bbox 428 314 2000 393">
    <p class='ocr_par' dir='ltr' id='par_1_4' title="bbox 428 318 1995 393">
     <span class='ocr_line' id='line_1_4' title="bbox 428 318 1995 393; baseline -0.01 -10"><span class='ocrx_word' id='word_1_5' title='bbox 428 343 460 383; x_wconf 86' lang='lat' dir='ltr'><strong>a</strong></span> <span class='ocrx_word' id='word_1_6' title='bbox 488 340 655 380; x_wconf 84' lang='lat' dir='ltr'><strong>causa</strong></span> <span class='ocrx_word' id='word_1_7' title='bbox 685 341 700 379; x_wconf 89' lang='lat'><strong>:</strong></span> <span class='ocrx_word' id='word_1_8' title='bbox 733 331 787 379; x_wconf 91' lang='lat' dir='ltr'><strong>at</strong></span> <span class='ocrx_word' id='word_1_9' title='bbox 824 320 1101 393; x_wconf 88' lang='lat' dir='ltr'><strong>quomodo</strong></span> <span class='ocrx_word' id='word_1_10' title='bbox 1136 320 1252 392; x_wconf 90' lang='lat' dir='ltr'><strong>ipse</strong></span> <span class='ocrx_word' id='word_1_11' title='bbox 1279 335 1498 393; x_wconf 88' lang='lat' dir='ltr'><strong>quoque</strong></span> <span class='ocrx_word' id='word_1_12' title='bbox 1526 331 1751 375; x_wconf 80' lang='lat' dir='ltr'><strong>causam</strong></span> <span class='ocrx_word' id='word_1_13' title='bbox 1788 318 1995 391; x_wconf 88' lang='lat' dir='ltr'><strong>pariter</strong></span> 
     </span>
    </p>
   </div>
   <div class='ocr_carea' id='block_1_5' title="bbox 2104 314 3686 393">
    <p class='ocr_par' dir='ltr' id='par_1_5' title="bbox 2104 314 3686 390">
     <span class='ocr_line' id='line_1_5' title="bbox 2104 314 3686 390; baseline -0.001 -20"><span class='ocrx_word' id='word_1_14' title='bbox 2104 316 2194 370; x_wconf 80' lang='grc' dir='ltr'>καὶ</span> <span class='ocrx_word' id='word_1_15' title='bbox 2220 316 2382 380; x_wconf 81' lang='grc' dir='ltr'>αὐτὸς</span> <span class='ocrx_word' id='word_1_16' title='bbox 2410 315 2488 387; x_wconf 84' lang='grc' dir='ltr'>τῷ</span> <span class='ocrx_word' id='word_1_17' title='bbox 2517 315 2577 381; x_wconf 80' lang='grc' dir='ltr'>ἐξ</span> <span class='ocrx_word' id='word_1_18' title='bbox 2604 314 2771 371; x_wconf 82' lang='grc' dir='ltr'>αὐτοῦ</span> <span class='ocrx_word' id='word_1_19' title='bbox 2823 315 3050 388; x_wconf 85' lang='grc' dir='ltr'>αίτιατῷ</span> <span class='ocrx_word' id='word_1_20' title='bbox 3102 315 3182 390; x_wconf 81' lang='grc' dir='ltr'><strong>τῷ</strong></span> <span class='ocrx_word' id='word_1_21' title='bbox 3220 316 3497 388; x_wconf 86' lang='grc' dir='ltr'>Πνεύματι</span> <span class='ocrx_word' id='word_1_22' title='bbox 3535 323 3686 387; x_wconf 86' lang='grc' dir='ltr'>γίνε-</span> 
     </span>
    </p>
   </div>
   <div class='ocr_carea' id='block_1_6' title="bbox 427 417 2000 492">
    <p class='ocr_par' dir='ltr' id='par_1_6' title="bbox 427 417 2000 492">
     <span class='ocr_line' id='line_1_6' title="bbox 427 417 2000 492; baseline -0.005 -14"><span class='ocrx_word' id='word_1_23' title='bbox 427 439 458 478; x_wconf 91' lang='lat' dir='ltr'><strong>a</strong></span> <span class='ocrx_word' id='word_1_24' title='bbox 504 437 563 479; x_wconf 91' lang='lat' dir='ltr'><strong>se</strong></span> <span class='ocrx_word' id='word_1_25' title='bbox 600 421 829 492; x_wconf 74' lang='lat' dir='ltr'><strong>Spiritui</strong></span> <span class='ocrx_word' id='word_1_26' title='bbox 866 422 967 476; x_wconf 93' lang='lat' dir='ltr'><strong>hoc</strong></span> <span class='ocrx_word' id='word_1_27' title='bbox 1017 436 1124 476; x_wconf 91' lang='lat' dir='ltr'><strong>non</strong></span> <span class='ocrx_word' id='word_1_28' title='bbox 1162 422 1277 486; x_wconf 91' lang='lat' dir='ltr'><strong>dat,</strong></span> <span class='ocrx_word' id='word_1_29' title='bbox 1320 432 1378 475; x_wconf 93' lang='lat' dir='ltr'><strong>ut</strong></span> <span class='ocrx_word' id='word_1_30' title='bbox 1404 435 1568 475; x_wconf 88' lang='lat' dir='ltr'><strong>causa</strong></span> <span class='ocrx_word' id='word_1_31' title='bbox 1617 417 1733 472; x_wconf 85' lang='lat' dir='ltr'><strong>sit?</strong></span> <span class='ocrx_word' id='word_1_32' title='bbox 1774 419 2000 472; x_wconf 75' lang='lat' dir='ltr'><strong>utsicut</strong></span> 
     </span>
    </p>
   </div>
   <div class='ocr_carea' id='block_1_7' title="bbox 428 509 2001 585">
    <p class='ocr_par' dir='ltr' id='par_1_7' title="bbox 428 509 2001 585">
     <span class='ocr_line' id='line_1_7' title="bbox 428 509 2001 585; baseline -0.004 -17"><span class='ocrx_word' id='word_1_33' title='bbox 428 515 545 581; x_wconf 89' lang='lat' dir='ltr'><strong>ipse</strong></span> <span class='ocrx_word' id='word_1_34' title='bbox 589 514 853 570; x_wconf 90' lang='lat' dir='ltr'><strong>causandi</strong></span> <span class='ocrx_word' id='word_1_35' title='bbox 904 514 1189 585; x_wconf 88' lang='lat' dir='ltr'><strong>privilegio</strong></span> <span class='ocrx_word' id='word_1_36' title='bbox 1228 513 1449 585; x_wconf 82' lang='lat' dir='ltr'><strong>gaudet,</strong></span> <span class='ocrx_word' id='word_1_37' title='bbox 1486 512 1559 564; x_wconf 91' lang='lat' dir='ltr'><strong>ita</strong></span> <span class='ocrx_word' id='word_1_38' title='bbox 1607 509 1844 579; x_wconf 86' lang='lat' dir='ltr'><strong>Spiritus</strong></span> <span class='ocrx_word' id='word_1_39' title='bbox 1898 509 2001 562; x_wconf 90' lang='lat' dir='ltr'><strong>hoc</strong></span> 
     </span>
    </p>
   </div>
   <div class='ocr_carea' id='block_1_8' title="bbox 430 602 1995 671">
    <p class='ocr_par' dir='ltr' id='par_1_8' title="bbox 430 602 1995 671">
     <span class='ocr_line' id='line_1_8' title="bbox 430 602 1995 671; baseline -0.003 -14"><span class='ocrx_word' id='word_1_40' title='bbox 430 606 638 660; x_wconf 85' lang='lat' dir='ltr'><strong>honore</strong></span> <span class='ocrx_word' id='word_1_41' title='bbox 684 606 909 660; x_wconf 89' lang='lat' dir='ltr'><strong>minime</strong></span> <span class='ocrx_word' id='word_1_42' title='bbox 956 602 1549 671; x_wconf 88' lang='lat' dir='ltr'><strong>destituatur?Neque</strong></span> <span class='ocrx_word' id='word_1_43' title='bbox 1593 604 1740 657; x_wconf 88' lang='lat' dir='ltr'><strong>enim</strong></span> <span class='ocrx_word' id='word_1_44' title='bbox 1792 602 1995 663; x_wconf 88' lang='lat' dir='ltr'><strong>dicent,</strong></span> 
     </span>
    </p>
   </div>
   <div class='ocr_carea' id='block_1_9' title="bbox 429 692 1999 765">
    <p class='ocr_par' dir='ltr' id='par_1_9' title="bbox 429 692 1999 765">
     <span class='ocr_line' id='line_1_9' title="bbox 429 692 1999 765; baseline -0.001 -17"><span class='ocrx_word' id='word_1_45' title='bbox 429 696 532 751; x_wconf 93' lang='lat' dir='ltr'><strong>hoc</strong></span> <span class='ocrx_word' id='word_1_46' title='bbox 561 694 776 751; x_wconf 79' lang='lat' dir='ltr'><strong>Patrem</strong></span> <span class='ocrx_word' id='word_1_47' title='bbox 808 697 1118 765; x_wconf 91' lang='lat' dir='ltr'><strong>prohibere,</strong></span> <span class='ocrx_word' id='word_1_48' title='bbox 1149 712 1274 749; x_wconf 90' lang='lat' dir='ltr'><strong>cum</strong></span> <span class='ocrx_word' id='word_1_49' title='bbox 1306 711 1371 747; x_wconf 77' lang='lat' dir='ltr'><strong>ex</strong></span> <span class='ocrx_word' id='word_1_50' title='bbox 1408 710 1596 748; x_wconf 89' lang='lat' dir='ltr'><strong>eorum</strong></span> <span class='ocrx_word' id='word_1_51' title='bbox 1632 694 1900 747; x_wconf 91' lang='lat' dir='ltr'><strong>sententia</strong></span> <span class='ocrx_word' id='word_1_52' title='bbox 1946 692 1999 746; x_wconf 89' lang='lat' dir='ltr'><strong>id</strong></span> 
     </span>
    </p>
   </div>
   <div class='ocr_carea' id='block_1_10' title="bbox 427 784 2003 856">
    <p class='ocr_par' dir='ltr' id='par_1_10' title="bbox 427 784 2003 856">
     <span class='ocr_line' id='line_1_10' title="bbox 427 784 2003 856; baseline 0.001 -17"><span class='ocrx_word' id='word_1_53' title='bbox 427 800 649 855; x_wconf 90' lang='lat' dir='ltr'><strong>quoque</strong></span> <span class='ocrx_word' id='word_1_54' title='bbox 679 786 1047 840; x_wconf 86' lang='lat' dir='ltr'><strong>communicet</strong></span> <span class='ocrx_word' id='word_1_55' title='bbox 1073 784 1253 849; x_wconf 89' lang='lat' dir='ltr'><strong>Pater,</strong></span> <span class='ocrx_word' id='word_1_56' title='bbox 1286 784 1435 855; x_wconf 92' lang='lat' dir='ltr'><strong>quod</strong></span> <span class='ocrx_word' id='word_1_57' title='bbox 1461 784 1565 839; x_wconf 84' lang='lat' dir='ltr'><strong>sibi</strong></span> <span class='ocrx_word' id='word_1_58' title='bbox 1592 786 1691 840; x_wconf 92' lang='lat' dir='ltr'><strong>soli</strong></span> <span class='ocrx_word' id='word_1_59' title='bbox 1728 784 2003 856; x_wconf 90' lang='lat' dir='ltr'><strong>peculiare</strong></span> 
     </span>
    </p>
   </div>
   <div class='ocr_carea' id='block_1_11' title="bbox 428 886 531 933">
    <p class='ocr_par' dir='ltr' id='par_1_11' title="bbox 428 886 531 933">
     <span class='ocr_line' id='line_1_11' title="bbox 428 886 531 933; baseline -0.01 -1"><span class='ocrx_word' id='word_1_60' title='bbox 428 886 531 933; x_wconf 87' lang='lat' dir='ltr'><strong>est.</strong></span> 
     </span>
    </p>
   </div>
   <div class='ocr_carea' id='block_1_12' title="bbox 497 968 1998 1040">
    <p class='ocr_par' dir='ltr' id='par_1_12' title="bbox 497 968 1998 1040">
     <span class='ocr_line' id='line_1_12' title="bbox 497 968 1998 1040; baseline 0 -17"><span class='ocrx_word' id='word_1_61' title='bbox 497 970 567 1023; x_wconf 80' lang='lat' dir='ltr'><strong>At</strong></span> <span class='ocrx_word' id='word_1_62' title='bbox 595 969 710 1025; x_wconf 64' lang='lat' dir='ltr'><strong>haec</strong></span> <span class='ocrx_word' id='word_1_63' title='bbox 732 969 949 1040; x_wconf 85' lang='lat' dir='ltr'><strong>quidem</strong></span> <span class='ocrx_word' id='word_1_64' title='bbox 974 976 1128 1023; x_wconf 83' lang='lat' dir='ltr'><strong>extra</strong></span> <span class='ocrx_word' id='word_1_65' title='bbox 1157 968 1322 1033; x_wconf 91' lang='lat' dir='ltr'><strong>viam,</strong></span> <span class='ocrx_word' id='word_1_66' title='bbox 1346 977 1405 1024; x_wconf 94' lang='lat' dir='ltr'><strong>ut</strong></span> <span class='ocrx_word' id='word_1_67' title='bbox 1426 970 1531 1025; x_wconf 91' lang='lat' dir='ltr'><strong>dici</strong></span> <span class='ocrx_word' id='word_1_68' title='bbox 1555 969 1714 1037; x_wconf 85' lang='lat' dir='ltr'><strong>solet,</strong></span> <span class='ocrx_word' id='word_1_69' title='bbox 1741 971 1809 1026; x_wconf 92' lang='lat' dir='ltr'><strong>ad</strong></span> <span class='ocrx_word' id='word_1_70' title='bbox 1842 971 1998 1026; x_wconf 90' lang='lat' dir='ltr'><strong>novi-</strong></span> 
     </span>
    </p>
   </div>
   <div class='ocr_carea' id='block_1_13' title="bbox 428 1061 2002 1134">
    <p class='ocr_par' dir='ltr' id='par_1_13' title="bbox 428 1061 2002 1134">
     <span class='ocr_line' id='line_1_13' title="bbox 428 1061 2002 1134; baseline 0.001 -19"><span class='ocrx_word' id='word_1_71' title='bbox 428 1069 594 1117; x_wconf 83' lang='lat' dir='ltr'><strong>tatem</strong></span> <span class='ocrx_word' id='word_1_72' title='bbox 628 1062 985 1132; x_wconf 88' lang='lat' dir='ltr'><strong>arguendam.</strong></span> <span class='ocrx_word' id='word_1_73' title='bbox 1018 1061 1128 1117; x_wconf 82' lang='lat' dir='ltr'><strong>Vos</strong></span> <span class='ocrx_word' id='word_1_74' title='bbox 1161 1071 1342 1116; x_wconf 92' lang='lat' dir='ltr'><strong>autem</strong></span> <span class='ocrx_word' id='word_1_75' title='bbox 1371 1063 1688 1119; x_wconf 86' lang='lat' dir='ltr'><strong>melioribus</strong></span> <span class='ocrx_word' id='word_1_76' title='bbox 1714 1064 2002 1134; x_wconf 86' lang='lat' dir='ltr'><strong>cogitatio-</strong></span> 
     </span>
    </p>
   </div>
   <div class='ocr_carea' id='block_1_14' title="bbox 427 1153 2003 1224">
    <p class='ocr_par' dir='ltr' id='par_1_14' title="bbox 427 1153 2003 1224">
     <span class='ocr_line' id='line_1_14' title="bbox 427 1153 2003 1224; baseline 0.003 -17"><span class='ocrx_word' id='word_1_77' title='bbox 427 1154 590 1208; x_wconf 92' lang='lat' dir='ltr'><strong>nibus</strong></span> <span class='ocrx_word' id='word_1_78' title='bbox 603 1153 835 1222; x_wconf 71' lang='lat' dir='ltr'><strong>praediti,</strong></span> <span class='ocrx_word' id='word_1_79' title='bbox 850 1154 1153 1209; x_wconf 90' lang='lat' dir='ltr'><strong>libertatem</strong></span> <span class='ocrx_word' id='word_1_80' title='bbox 1174 1170 1241 1209; x_wconf 91' lang='lat' dir='ltr'><strong>ne</strong></span> <span class='ocrx_word' id='word_1_81' title='bbox 1255 1154 1551 1223; x_wconf 88' lang='lat' dir='ltr'><strong>abjiciatis,</strong></span> <span class='ocrx_word' id='word_1_82' title='bbox 1567 1163 1620 1209; x_wconf 92' lang='lat' dir='ltr'><strong>et</strong></span> <span class='ocrx_word' id='word_1_83' title='bbox 1636 1156 2003 1224; x_wconf 85' lang='lat' dir='ltr'><strong>corruptionis</strong></span> 
     </span>
    </p>
   </div>
   <div class='ocr_carea' id='block_1_15' title="bbox 428 1244 2001 1317">
    <p class='ocr_par' dir='ltr' id='par_1_15' title="bbox 428 1244 2001 1317">
     <span class='ocr_line' id='line_1_15' title="bbox 428 1244 2001 1317; baseline 0.001 -18"><span class='ocrx_word' id='word_1_84' title='bbox 428 1244 750 1299; x_wconf 81' lang='lat' dir='ltr'><strong>servitutem</strong></span> <span class='ocrx_word' id='word_1_85' title='bbox 787 1245 954 1299; x_wconf 88' lang='lat' dir='ltr'><strong>nolite</strong></span> <span class='ocrx_word' id='word_1_86' title='bbox 989 1246 1182 1299; x_wconf 89' lang='lat' dir='ltr'><strong>iterum</strong></span> <span class='ocrx_word' id='word_1_87' title='bbox 1234 1247 1442 1310; x_wconf 92' lang='lat' dir='ltr'><strong>subire,</strong></span> <span class='ocrx_word' id='word_1_88' title='bbox 1495 1248 1641 1303; x_wconf 93' lang='lat' dir='ltr'><strong>illius</strong></span> <span class='ocrx_word' id='word_1_89' title='bbox 1688 1248 2001 1317; x_wconf 87' lang='lat' dir='ltr'><strong>imperium,</strong></span> 
     </span>
    </p>
   </div>
   <div class='ocr_carea' id='block_1_16' title="bbox 428 1336 2005 1407">
    <p class='ocr_par' dir='ltr' id='par_1_16' title="bbox 428 1336 2005 1407">
     <span class='ocr_line' id='line_1_16' title="bbox 428 1336 2005 1407; baseline 0.003 -16"><span class='ocrx_word' id='word_1_90' title='bbox 428 1336 522 1407; x_wconf 91' lang='lat' dir='ltr'><strong>qui</strong></span> <span class='ocrx_word' id='word_1_91' title='bbox 566 1336 622 1391; x_wconf 89' lang='lat' dir='ltr'><strong>in</strong></span> <span class='ocrx_word' id='word_1_92' title='bbox 677 1336 984 1392; x_wconf 89' lang='lat' dir='ltr'><strong>libertatem</strong></span> <span class='ocrx_word' id='word_1_93' title='bbox 1044 1353 1141 1393; x_wconf 85' lang='lat' dir='ltr'><strong>vos</strong></span> <span class='ocrx_word' id='word_1_94' title='bbox 1187 1340 1425 1394; x_wconf 83' lang='lat' dir='ltr'><strong>asseruit</strong></span> <span class='ocrx_word' id='word_1_95' title='bbox 1485 1340 1879 1397; x_wconf 88' lang='lat' dir='ltr'><strong>detrectantes.</strong></span> <span class='ocrx_word' id='word_1_96' title='bbox 1934 1343 2005 1396; x_wconf 84' lang='lat' dir='ltr'><strong>At</strong></span> 
     </span>
    </p>
   </div>
   <div class='ocr_carea' id='block_1_17' title="bbox 428 1429 2006 1503">
    <p class='ocr_par' dir='ltr' id='par_1_17' title="bbox 428 1429 2006 1503">
     <span class='ocr_line' id='line_1_17' title="bbox 428 1429 2006 1503; baseline 0.003 -20"><span class='ocrx_word' id='word_1_97' title='bbox 428 1438 741 1500; x_wconf 80' lang='lat' dir='ltr'><strong>repugnant</strong></span> <span class='ocrx_word' id='word_1_98' title='bbox 769 1429 871 1482; x_wconf 93' lang='lat' dir='ltr'><strong>illi.</strong></span> <span class='ocrx_word' id='word_1_99' title='bbox 898 1429 1239 1500; x_wconf 83' lang='lat' dir='ltr'><strong>Agantquod</strong></span> <span class='ocrx_word' id='word_1_100' title='bbox 1272 1432 1404 1501; x_wconf 88' lang='lat' dir='ltr'><strong>ipsis</strong></span> <span class='ocrx_word' id='word_1_101' title='bbox 1438 1433 1589 1487; x_wconf 91' lang='lat' dir='ltr'><strong>lubet</strong></span> <span class='ocrx_word' id='word_1_102' title='bbox 1621 1450 1636 1487; x_wconf 91' lang='lat'>:</span> <span class='ocrx_word' id='word_1_103' title='bbox 1676 1433 2006 1503; x_wconf 81' lang='lat' dir='ltr'><strong>perversita-</strong></span> 
     </span>
    </p>
   </div>
   <div class='ocr_carea' id='block_1_18' title="bbox 430 1521 2002 1591">
    <p class='ocr_par' dir='ltr' id='par_1_18' title="bbox 430 1521 2002 1591">
     <span class='ocr_line' id='line_1_18' title="bbox 430 1521 2002 1591; baseline 0.002 -16"><span class='ocrx_word' id='word_1_104' title='bbox 430 1530 537 1576; x_wconf 86' lang='lat' dir='ltr'><strong>tem</strong></span> <span class='ocrx_word' id='word_1_105' title='bbox 588 1521 812 1590; x_wconf 87' lang='lat' dir='ltr'><strong>quidem</strong></span> <span class='ocrx_word' id='word_1_106' title='bbox 850 1523 1134 1576; x_wconf 74' lang='lat' dir='ltr'><strong>sententiae</strong></span> <span class='ocrx_word' id='word_1_107' title='bbox 1176 1537 1289 1577; x_wconf 66' lang='lat' dir='ltr'><strong>suae</strong></span> <span class='ocrx_word' id='word_1_108' title='bbox 1347 1532 1475 1578; x_wconf 92' lang='lat' dir='ltr'><strong>tunc</strong></span> <span class='ocrx_word' id='word_1_109' title='bbox 1521 1523 1843 1591; x_wconf 66' lang='lat' dir='ltr'><strong>intelligent,</strong></span> <span class='ocrx_word' id='word_1_110' title='bbox 1878 1538 2002 1579; x_wconf 89' lang='lat' dir='ltr'><strong>cum</strong></span> 
     </span>
    </p>
   </div>
   <div class='ocr_carea' id='block_1_19' title="bbox 425 1610 2003 1682">
    <p class='ocr_par' dir='ltr' id='par_1_19' title="bbox 425 1610 2003 1682">
     <span class='ocr_line' id='line_1_19' title="bbox 425 1610 2003 1682; baseline 0.003 -17"><span class='ocrx_word' id='word_1_111' title='bbox 425 1610 662 1665; x_wconf 68' lang='lat' dir='ltr'><strong>infanda:</strong></span> <span class='ocrx_word' id='word_1_112' title='bbox 682 1612 1035 1682; x_wconf 71' lang='lat' dir='ltr'><strong>blasphemia:</strong></span> <span class='ocrx_word' id='word_1_113' title='bbox 1050 1613 1315 1668; x_wconf 91' lang='lat' dir='ltr'><strong>rationem</strong></span> <span class='ocrx_word' id='word_1_114' title='bbox 1330 1614 1620 1669; x_wconf 84' lang='lat' dir='ltr'><strong>reddentes</strong></span> <span class='ocrx_word' id='word_1_115' title='bbox 1636 1615 2003 1670; x_wconf 79' lang='lat' dir='ltr'><strong>ineluctabilis</strong></span> 
     </span>
    </p>
   </div>
   <div class='ocr_carea' id='block_1_20' title="bbox 2104 407 3685 479">
    <p class='ocr_par' dir='ltr' id='par_1_20' title="bbox 2104 407 3685 479">
     <span class='ocr_line' id='line_1_20' title="bbox 2104 407 3685 479; baseline 0.004 -20"><span class='ocrx_word' id='word_1_116' title='bbox 2104 407 2229 461; x_wconf 84' lang='grc' dir='ltr'><strong>σθαι</strong></span> <span class='ocrx_word' id='word_1_117' title='bbox 2259 408 2436 478; x_wconf 83' lang='grc' dir='ltr'>αἰτίῳ,</span> <span class='ocrx_word' id='word_1_118' title='bbox 2472 409 2559 461; x_wconf 80' lang='grc' dir='ltr'>ἵνα</span> <span class='ocrx_word' id='word_1_119' title='bbox 2607 407 2798 479; x_wconf 85' lang='grc' dir='ltr'>ὥσπερ</span> <span class='ocrx_word' id='word_1_120' title='bbox 2838 410 3045 472; x_wconf 85' lang='grc' dir='ltr'>ἐκεῖνος</span> <span class='ocrx_word' id='word_1_121' title='bbox 3091 411 3151 463; x_wconf 85' lang='grc' dir='ltr'><strong>τὸ</strong></span> <span class='ocrx_word' id='word_1_122' title='bbox 3193 410 3288 464; x_wconf 87' lang='grc' dir='ltr'><strong>τοῦ</strong></span> <span class='ocrx_word' id='word_1_123' title='bbox 3328 410 3457 464; x_wconf 86' lang='grc' dir='ltr'>ίδίου</span> <span class='ocrx_word' id='word_1_124' title='bbox 3507 413 3685 466; x_wconf 77' lang='grc' dir='ltr'>αἰτίου</span> 
     </span>
    </p>
   </div>
   <div class='ocr_carea' id='block_1_21' title="bbox 2103 500 3683 579">
    <p class='ocr_par' dir='ltr' id='par_1_21' title="bbox 2103 500 3683 579">
     <span class='ocr_line' id='line_1_21' title="bbox 2103 500 3683 579; baseline 0.003 -26"><span class='ocrx_word' id='word_1_125' title='bbox 2103 500 2215 571; x_wconf 76' lang='grc' dir='ltr'>ἔχει</span> <span class='ocrx_word' id='word_1_126' title='bbox 2244 502 2561 572; x_wconf 84' lang='grc' dir='ltr'><strong>προνόμιον,</strong></span> <span class='ocrx_word' id='word_1_127' title='bbox 2610 501 2753 555; x_wconf 77' lang='grc' dir='ltr'>οὕτω</span> <span class='ocrx_word' id='word_1_128' title='bbox 2804 504 2898 555; x_wconf 73' lang='grc' dir='ltr'><strong>καὶ</strong></span> <span class='ocrx_word' id='word_1_129' title='bbox 2923 503 2985 556; x_wconf 72' lang='grc' dir='ltr'>τὸ</span> <span class='ocrx_word' id='word_1_130' title='bbox 3013 503 3237 574; x_wconf 82' lang='grc' dir='ltr'><strong>Πνεῦμα</strong></span> <span class='ocrx_word' id='word_1_131' title='bbox 3274 504 3351 575; x_wconf 86' lang='grc' dir='ltr'>μὴ</span> <span class='ocrx_word' id='word_1_132' title='bbox 3388 504 3619 577; x_wconf 79' lang='grc' dir='ltr'>ἄμοιρον</span> 
     </span>
    </p>
   </div>
   <div class='ocr_carea' id='block_1_22' title="bbox 2102 592 3684 669">
    <p class='ocr_par' dir='ltr' id='par_1_22' title="bbox 2102 592 3684 669">
     <span class='ocr_line' id='line_1_22' title="bbox 2102 592 3684 669; baseline 0.003 -25"><span class='ocrx_word' id='word_1_133' title='bbox 2102 592 2202 661; x_wconf 82' lang='grc' dir='ltr'><strong>τῆς</strong></span> <span class='ocrx_word' id='word_1_134' title='bbox 2229 592 2485 663; x_wconf 75' lang='grc' dir='ltr'><strong>τοιαύτης</strong></span> <span class='ocrx_word' id='word_1_135' title='bbox 2505 593 2671 665; x_wconf 81' lang='grc' dir='ltr'>τιμῆς</span> <span class='ocrx_word' id='word_1_136' title='bbox 2701 611 2716 661; x_wconf 92' lang='grc'>;</span> <span class='ocrx_word' id='word_1_137' title='bbox 2750 592 2827 649; x_wconf 88' lang='grc' dir='ltr'><strong>Οὐ</strong></span> <span class='ocrx_word' id='word_1_138' title='bbox 2864 594 2974 667; x_wconf 84' lang='grc' dir='ltr'>γὰρ</span> <span class='ocrx_word' id='word_1_139' title='bbox 3016 596 3079 666; x_wconf 86' lang='grc' dir='ltr'>δή</span> <span class='ocrx_word' id='word_1_140' title='bbox 3109 613 3171 663; x_wconf 90' lang='grc' dir='ltr'><strong>γε</strong></span> <span class='ocrx_word' id='word_1_141' title='bbox 3196 596 3289 649; x_wconf 68' lang='grc' dir='ltr'><strong>τὸν</strong></span> <span class='ocrx_word' id='word_1_142' title='bbox 3322 598 3543 669; x_wconf 84' lang='grc' dir='ltr'><strong>Πατέρα</strong></span> <span class='ocrx_word' id='word_1_143' title='bbox 3571 615 3684 649; x_wconf 87' lang='grc' dir='ltr'>κω-</span> 
     </span>
    </p>
   </div>
   <div class='ocr_carea' id='block_1_23' title="bbox 2101 683 3684 759">
    <p class='ocr_par' dir='ltr' id='par_1_23' title="bbox 2101 683 3684 759">
     <span class='ocr_line' id='line_1_23' title="bbox 2101 683 3684 759; baseline 0.004 -22"><span class='ocrx_word' id='word_1_144' title='bbox 2101 683 2249 753; x_wconf 83' lang='grc' dir='ltr'>λύειν</span> <span class='ocrx_word' id='word_1_145' title='bbox 2272 686 2337 739; x_wconf 85' lang='grc' dir='ltr'><strong>ἀν</strong></span> <span class='ocrx_word' id='word_1_146' title='bbox 2361 703 2443 749; x_wconf 91' lang='grc' dir='ltr'><strong>τις</strong></span> <span class='ocrx_word' id='word_1_147' title='bbox 2465 686 2615 757; x_wconf 73' lang='grc' dir='ltr'>εἴπῃ.</span> <span class='ocrx_word' id='word_1_148' title='bbox 2650 684 2774 749; x_wconf 91' lang='grc' dir='ltr'><strong>Πῶς</strong></span> <span class='ocrx_word' id='word_1_149' title='bbox 2799 688 2907 759; x_wconf 86' lang='grc' dir='ltr'>γὰρ</span> <span class='ocrx_word' id='word_1_150' title='bbox 2928 688 3023 756; x_wconf 82' lang='grc' dir='ltr'>ὅγε</span> <span class='ocrx_word' id='word_1_151' title='bbox 3049 688 3111 741; x_wconf 84' lang='grc' dir='ltr'>τὸ</span> <span class='ocrx_word' id='word_1_152' title='bbox 3150 689 3309 758; x_wconf 85' lang='grc' dir='ltr'>μόνον</span> <span class='ocrx_word' id='word_1_153' title='bbox 3336 691 3469 744; x_wconf 79' lang='grc' dir='ltr'>[διον</span> <span class='ocrx_word' id='word_1_154' title='bbox 3513 689 3684 744; x_wconf 86' lang='grc' dir='ltr'>αὐτοῦ</span> 
     </span>
    </p>
   </div>
   <div class='ocr_carea' id='block_1_24' title="bbox 2102 776 3441 852">
    <p class='ocr_par' dir='ltr' id='par_1_24' title="bbox 2102 776 3441 852">
     <span class='ocr_line' id='line_1_24' title="bbox 2102 776 3441 852; baseline 0.005 -23"><span class='ocrx_word' id='word_1_155' title='bbox 2102 777 2247 830; x_wconf 87' lang='grc' dir='ltr'><strong>κατά</strong></span> <span class='ocrx_word' id='word_1_156' title='bbox 2278 776 2369 831; x_wconf 84' lang='grc' dir='ltr'><strong>τὸν</strong></span> <span class='ocrx_word' id='word_1_157' title='bbox 2402 778 2668 850; x_wconf 85' lang='grc' dir='ltr'>ὑμέτερον</span> <span class='ocrx_word' id='word_1_158' title='bbox 2692 779 2850 850; x_wconf 88' lang='grc' dir='ltr'>λόγον</span> <span class='ocrx_word' id='word_1_159' title='bbox 2879 780 3398 852; x_wconf 85' lang='grc' dir='ltr'>κοινοποιησάμενος</span> <span class='ocrx_word' id='word_1_160' title='bbox 3425 802 3441 851; x_wconf 90' lang='grc'><strong>;</strong></span> 
     </span>
    </p>
   </div>
   <div class='ocr_carea' id='block_1_25' title="bbox 2174 958 3686 1035">
    <p class='ocr_par' dir='ltr' id='par_1_25' title="bbox 2174 958 3686 1035">
     <span class='ocr_line' id='line_1_25' title="bbox 2174 958 3686 1035; baseline 0.005 -24"><span class='ocrx_word' id='word_1_161' title='bbox 2174 958 2363 1012; x_wconf 86' lang='grc' dir='ltr'>Ταῦτα</span> <span class='ocrx_word' id='word_1_162' title='bbox 2414 958 2512 1029; x_wconf 87' lang='grc' dir='ltr'><strong>μέν</strong></span> <span class='ocrx_word' id='word_1_163' title='bbox 2557 958 2701 1023; x_wconf 83' lang='grc' dir='ltr'>ὁδοῦ,</span> <span class='ocrx_word' id='word_1_164' title='bbox 2730 960 2884 1030; x_wconf 72' lang='grc' dir='ltr'>φασὶ,</span> <span class='ocrx_word' id='word_1_165' title='bbox 2915 960 3195 1032; x_wconf 80' lang='grc' dir='ltr'>πάρεργον</span> <span class='ocrx_word' id='word_1_166' title='bbox 3231 962 3312 1025; x_wconf 87' lang='grc' dir='ltr'><strong>είς</strong></span> <span class='ocrx_word' id='word_1_167' title='bbox 3340 961 3564 1033; x_wconf 76' lang='grc' dir='ltr'>ἔλεγχον</span> <span class='ocrx_word' id='word_1_168' title='bbox 3583 965 3686 1035; x_wconf 86' lang='grc' dir='ltr'>τῆς</span> 
     </span>
    </p>
   </div>
   <div class='ocr_carea' id='block_1_26' title="bbox 2102 1052 3686 1129">
    <p class='ocr_par' dir='ltr' id='par_1_26' title="bbox 2102 1052 3686 1129">
     <span class='ocr_line' id='line_1_26' title="bbox 2102 1052 3686 1129; baseline 0.005 -25"><span class='ocrx_word' id='word_1_169' title='bbox 2102 1052 2540 1122; x_wconf 87' lang='grc' dir='ltr'>νεωτεροποιίας.</span> <span class='ocrx_word' id='word_1_170' title='bbox 2589 1052 2779 1123; x_wconf 81' lang='grc' dir='ltr'>Ὑμεῖς</span> <span class='ocrx_word' id='word_1_171' title='bbox 2811 1054 2867 1106; x_wconf 87' lang='grc' dir='ltr'><strong>δέ</strong></span> <span class='ocrx_word' id='word_1_172' title='bbox 2912 1054 3023 1108; x_wconf 89' lang='grc' dir='ltr'><strong>τῶν</strong></span> <span class='ocrx_word' id='word_1_173' title='bbox 3069 1056 3371 1126; x_wconf 77' lang='grc' dir='ltr'>ἀμεινόνων</span> <span class='ocrx_word' id='word_1_174' title='bbox 3403 1058 3686 1129; x_wconf 84' lang='grc' dir='ltr'>γενόμενοι</span> 
     </span>
    </p>
   </div>
   <div class='ocr_carea' id='block_1_27' title="bbox 2103 1145 3686 1222">
    <p class='ocr_par' dir='ltr' id='par_1_27' title="bbox 2103 1145 3686 1222">
     <span class='ocr_line' id='line_1_27' title="bbox 2103 1145 3686 1222; baseline 0.004 -25"><span class='ocrx_word' id='word_1_175' title='bbox 2103 1145 2401 1217; x_wconf 81' lang='grc' dir='ltr'>λογισμῶν,</span> <span class='ocrx_word' id='word_1_176' title='bbox 2437 1146 2514 1216; x_wconf 81' lang='grc' dir='ltr'>μὴ</span> <span class='ocrx_word' id='word_1_177' title='bbox 2535 1146 2634 1217; x_wconf 79' lang='grc' dir='ltr'><strong>τὴν</strong></span> <span class='ocrx_word' id='word_1_178' title='bbox 2682 1147 2995 1219; x_wconf 80' lang='grc' dir='ltr'>ἐλευθερίαν</span> <span class='ocrx_word' id='word_1_179' title='bbox 3029 1147 3351 1214; x_wconf 82' lang='grc' dir='ltr'>ἀποδύεσθε,</span> <span class='ocrx_word' id='word_1_180' title='bbox 3381 1149 3516 1221; x_wconf 88' lang='grc' dir='ltr'><strong>μηδέ</strong></span> <span class='ocrx_word' id='word_1_181' title='bbox 3546 1150 3686 1222; x_wconf 78' lang='grc' dir='ltr'>πρὸς</span> 
     </span>
    </p>
   </div>
   <div class='ocr_carea' id='block_1_28' title="bbox 2103 1234 3686 1311">
    <p class='ocr_par' dir='ltr' id='par_1_28' title="bbox 2103 1234 3686 1311">
     <span class='ocr_line' id='line_1_28' title="bbox 2103 1234 3686 1311; baseline 0.003 -22"><span class='ocrx_word' id='word_1_182' title='bbox 2103 1237 2203 1306; x_wconf 83' lang='grc' dir='ltr'><strong>τὴν</strong></span> <span class='ocrx_word' id='word_1_183' title='bbox 2225 1237 2469 1291; x_wconf 80' lang='grc' dir='ltr'>δουλείαν</span> <span class='ocrx_word' id='word_1_184' title='bbox 2490 1238 2588 1308; x_wconf 85' lang='grc' dir='ltr'><strong>τῆς</strong></span> <span class='ocrx_word' id='word_1_185' title='bbox 2638 1238 2845 1310; x_wconf 85' lang='grc' dir='ltr'>φθορᾶς</span> <span class='ocrx_word' id='word_1_186' title='bbox 2883 1239 3131 1303; x_wconf 73' lang='grc' dir='ltr'>ἐλεεινῶς</span> <span class='ocrx_word' id='word_1_187' title='bbox 3162 1240 3556 1311; x_wconf 81' lang='grc' dir='ltr'>ὑποστρέφετε,</span> <span class='ocrx_word' id='word_1_188' title='bbox 3600 1234 3686 1305; x_wconf 82' lang='grc' dir='ltr'><strong>οἷς</strong></span> 
     </span>
    </p>
   </div>
   <div class='ocr_carea' id='block_1_29' title="bbox 2106 1329 3685 1402">
    <p class='ocr_par' dir='ltr' id='par_1_29' title="bbox 2106 1329 3685 1402">
     <span class='ocr_line' id='line_1_29' title="bbox 2106 1329 3685 1402; baseline 0.003 -20"><span class='ocrx_word' id='word_1_189' title='bbox 2106 1330 2320 1398; x_wconf 79' lang='grc' dir='ltr'>ἔξαρνοι</span> <span class='ocrx_word' id='word_1_190' title='bbox 2372 1329 2590 1397; x_wconf 81' lang='grc' dir='ltr'>γίνεσθε</span> <span class='ocrx_word' id='word_1_191' title='bbox 2649 1331 2751 1402; x_wconf 84' lang='grc' dir='ltr'>τῆς</span> <span class='ocrx_word' id='word_1_192' title='bbox 2823 1330 3142 1396; x_wconf 83' lang='grc' dir='ltr'>δεσποτείας</span> <span class='ocrx_word' id='word_1_193' title='bbox 3207 1331 3300 1386; x_wconf 90' lang='grc' dir='ltr'><strong>τοῦ</strong></span> <span class='ocrx_word' id='word_1_194' title='bbox 3342 1333 3685 1398; x_wconf 80' lang='grc' dir='ltr'>δεσποτικῶς</span> 
     </span>
    </p>
   </div>
   <div class='ocr_carea' id='block_1_30' title="bbox 2107 1421 3687 1496">
    <p class='ocr_par' dir='ltr' id='par_1_30' title="bbox 2107 1421 3687 1496">
     <span class='ocr_line' id='line_1_30' title="bbox 2107 1421 3687 1496; baseline 0.003 -22"><span class='ocrx_word' id='word_1_195' title='bbox 2107 1421 2537 1492; x_wconf 80' lang='grc' dir='ltr'>ἐλευθεροῦντος.</span> <span class='ocrx_word' id='word_1_196' title='bbox 2596 1422 2737 1476; x_wconf 82' lang='grc' dir='ltr'>Ἀλλ’</span> <span class='ocrx_word' id='word_1_197' title='bbox 2786 1425 2849 1477; x_wconf 86' lang='grc' dir='ltr'><strong>ού</strong></span> <span class='ocrx_word' id='word_1_198' title='bbox 2910 1424 3192 1495; x_wconf 85' lang='grc' dir='ltr'>βούλονται</span> <span class='ocrx_word' id='word_1_199' title='bbox 3219 1440 3234 1455; x_wconf 81' lang='grc'>⁶</span> <span class='ocrx_word' id='word_1_200' title='bbox 3290 1426 3567 1496; x_wconf 79' lang='grc' dir='ltr'><strong>ἐχέτωσαν</strong></span> <span class='ocrx_word' id='word_1_201' title='bbox 3609 1425 3687 1489; x_wconf 86' lang='grc' dir='ltr'>ὡς</span> 
     </span>
    </p>
   </div>
   <div class='ocr_carea' id='block_1_31' title="bbox 2108 1512 3688 1587">
    <p class='ocr_par' dir='ltr' id='par_1_31' title="bbox 2108 1512 3688 1587">
     <span class='ocr_line' id='line_1_31' title="bbox 2108 1512 3688 1587; baseline 0.002 -19"><span class='ocrx_word' id='word_1_202' title='bbox 2108 1514 2445 1586; x_wconf 83' lang='grc' dir='ltr'>προτιμῶσιν</span> <span class='ocrx_word' id='word_1_203' title='bbox 2472 1532 2485 1547; x_wconf 81' lang='grc'><em>’</em></span> <span class='ocrx_word' id='word_1_204' title='bbox 2511 1517 2560 1567; x_wconf 83' lang='grc' dir='ltr'>οἱ</span> <span class='ocrx_word' id='word_1_205' title='bbox 2604 1515 2704 1584; x_wconf 80' lang='grc' dir='ltr'>μὲν</span> <span class='ocrx_word' id='word_1_206' title='bbox 2745 1515 2984 1570; x_wconf 77' lang='grc' dir='ltr'>εἴσονται</span> <span class='ocrx_word' id='word_1_207' title='bbox 3011 1516 3119 1569; x_wconf 90' lang='grc' dir='ltr'><strong>τῶν</strong></span> <span class='ocrx_word' id='word_1_208' title='bbox 3161 1512 3417 1571; x_wconf 75' lang='grc' dir='ltr'>ἐπινοιῶν</span> <span class='ocrx_word' id='word_1_209' title='bbox 3446 1518 3546 1587; x_wconf 85' lang='grc' dir='ltr'>τὴν</span> <span class='ocrx_word' id='word_1_210' title='bbox 3578 1518 3688 1572; x_wconf 86' lang='grc' dir='ltr'>δει-</span> 
     </span>
    </p>
   </div>
   <div class='ocr_carea' id='block_1_32' title="bbox 2107 1607 3687 1681">
    <p class='ocr_par' dir='ltr' id='par_1_32' title="bbox 2107 1607 3687 1681">
     <span class='ocr_line' id='line_1_32' title="bbox 2107 1607 3687 1681; baseline 0.002 -21"><span class='ocrx_word' id='word_1_211' title='bbox 2107 1608 2325 1679; x_wconf 86' lang='grc' dir='ltr'>νότητα,</span> <span class='ocrx_word' id='word_1_212' title='bbox 2362 1607 2582 1662; x_wconf 73' lang='grc' dir='ltr'>ἐπειδὰν</span> <span class='ocrx_word' id='word_1_213' title='bbox 2606 1608 2809 1673; x_wconf 80' lang='grc' dir='ltr'>αὐτοὺς</span> <span class='ocrx_word' id='word_1_214' title='bbox 2836 1608 2906 1663; x_wconf 85' lang='grc' dir='ltr'><strong>τά</strong></span> <span class='ocrx_word' id='word_1_215' title='bbox 2934 1609 3320 1680; x_wconf 85' lang='grc' dir='ltr'>ἀναπόδρσ.στα</span> <span class='ocrx_word' id='word_1_216' title='bbox 3349 1610 3498 1664; x_wconf 81' lang='grc' dir='ltr'>δεινὰ</span> <span class='ocrx_word' id='word_1_217' title='bbox 3528 1627 3687 1681; x_wconf 87' lang='grc' dir='ltr'>περι-</span> 
     </span>
    </p>
   </div>
   <div class='ocr_carea' id='block_1_33' title="bbox 425 1675 2000 1773">
    <p class='ocr_par' dir='ltr' id='par_1_33' title="bbox 425 1675 2000 1773">
     <span class='ocr_line' id='line_1_33' title="bbox 425 1675 2000 1773; baseline 0.005 -19"><span class='ocrx_word' id='word_1_218' title='bbox 425 1675 981 1758; x_wconf 74' lang='lat' dir='ltr'><strong>circumsistetl‘uror.</strong></span> <span class='ocrx_word' id='word_1_219' title='bbox 1008 1705 1077 1758; x_wconf 81' lang='lat' dir='ltr'><strong>At</strong></span> <span class='ocrx_word' id='word_1_220' title='bbox 1100 1719 1199 1759; x_wconf 89' lang='lat' dir='ltr'><strong>nos</strong></span> <span class='ocrx_word' id='word_1_221' title='bbox 1220 1705 1511 1773; x_wconf 90' lang='lat' dir='ltr'><strong>adoptione</strong></span> <span class='ocrx_word' id='word_1_222' title='bbox 1541 1706 1803 1772; x_wconf 90' lang='lat' dir='ltr'><strong>illustres,</strong></span> <span class='ocrx_word' id='word_1_223' title='bbox 1827 1715 1883 1761; x_wconf 86' lang='lat' dir='ltr'><strong>et</strong></span> <span class='ocrx_word' id='word_1_224' title='bbox 1902 1707 2000 1762; x_wconf 81' lang='lat' dir='ltr'><strong>ad-</strong></span> 
     </span>
    </p>
   </div>
   <div class='ocr_carea' id='block_1_34' title="bbox 2104 1675 3688 1773">
    <p class='ocr_par' dir='ltr' id='par_1_34' title="bbox 2110 1675 3688 1772">
     <span class='ocr_line' id='line_1_34' title="bbox 2110 1675 3688 1772; baseline 0.001 -19"><span class='ocrx_word' id='word_1_225' title='bbox 2110 1675 2233 1772; x_wconf 72' lang='grc' dir='ltr'>στῇ,</span> <span class='ocrx_word' id='word_1_226' title='bbox 2286 1699 2443 1767; x_wconf 89' lang='grc' dir='ltr'>λόγον</span> <span class='ocrx_word' id='word_1_227' title='bbox 2498 1699 2799 1769; x_wconf 82' lang='grc' dir='ltr'>ὑπέχοντας</span> <span class='ocrx_word' id='word_1_228' title='bbox 2837 1700 2941 1770; x_wconf 83' lang='grc' dir='ltr'><strong>τῆς</strong></span> <span class='ocrx_word' id='word_1_229' title='bbox 2972 1702 3052 1763; x_wconf 80' lang='grc' dir='ltr'><strong>είς</strong></span> <span class='ocrx_word' id='word_1_230' title='bbox 3081 1675 3158 1753; x_wconf 34' lang='grc' dir='ltr'><strong>τὸ-</strong></span> <span class='ocrx_word' id='word_1_231' title='bbox 3180 1699 3406 1771; x_wconf 79' lang='grc' dir='ltr'>Πνεῦμα</span> <span class='ocrx_word' id='word_1_232' title='bbox 3434 1675 3688 1771; x_wconf 49' lang='grc' dir='ltr'>ἀσυγγω-</span> 
     </span>
    </p>
   </div>
   <div class='ocr_carea' id='block_1_35' title="bbox 427 1795 2001 1867">
    <p class='ocr_par' dir='ltr' id='par_1_35' title="bbox 427 1795 2001 1867">
     <span class='ocr_line' id='line_1_35' title="bbox 427 1795 2001 1867; baseline 0.004 -19"><span class='ocrx_word' id='word_1_233' title='bbox 427 1795 669 1862; x_wconf 91' lang='lat' dir='ltr'><strong>optantis</strong></span> <span class='ocrx_word' id='word_1_234' title='bbox 696 1796 905 1849; x_wconf 91' lang='lat' dir='ltr'><strong>cultum</strong></span> <span class='ocrx_word' id='word_1_235' title='bbox 938 1797 1106 1865; x_wconf 86' lang='lat' dir='ltr'><strong>probe</strong></span> <span class='ocrx_word' id='word_1_236' title='bbox 1134 1796 1416 1862; x_wconf 89' lang='lat' dir='ltr'><strong>callentes,</strong></span> <span class='ocrx_word' id='word_1_237' title='bbox 1450 1807 1709 1867; x_wconf 84' lang='lat' dir='ltr'><strong>tanquam</strong></span> <span class='ocrx_word' id='word_1_238' title='bbox 1738 1798 1833 1853; x_wconf 80' lang='lat' dir='ltr'><strong>lilii</strong></span> <span class='ocrx_word' id='word_1_239' title='bbox 1883 1800 2001 1862; x_wconf 74' lang='lat' dir='ltr'><strong>llci,</strong></span> 
     </span>
    </p>
   </div>
   <div class='ocr_carea' id='block_1_36' title="bbox 428 1886 2001 1959">
    <p class='ocr_par' dir='ltr' id='par_1_36' title="bbox 428 1886 2001 1959">
     <span class='ocr_line' id='line_1_36' title="bbox 428 1886 2001 1959; baseline 0.003 -19"><span class='ocrx_word' id='word_1_240' title='bbox 428 1886 953 1943; x_wconf 86' lang='lat' dir='ltr'><strong>consubstantialem</strong></span> <span class='ocrx_word' id='word_1_241' title='bbox 980 1888 1100 1958; x_wconf 87' lang='lat' dir='ltr'><strong>ejus</strong></span> <span class='ocrx_word' id='word_1_242' title='bbox 1134 1888 1397 1959; x_wconf 90' lang='lat' dir='ltr'><strong>Spiritum</strong></span> <span class='ocrx_word' id='word_1_243' title='bbox 1427 1905 1787 1956; x_wconf 87' lang='lat' dir='ltr'><strong>veneremur;</strong></span> <span class='ocrx_word' id='word_1_244' title='bbox 1816 1891 2001 1947; x_wconf 92' lang='lat' dir='ltr'><strong>lumen</strong></span> 
     </span>
    </p>
   </div>
   <div class='ocr_carea' id='block_1_37' title="bbox 423 1980 2000 2048">
    <p class='ocr_par' dir='ltr' id='par_1_37' title="bbox 423 1980 2000 2048">
     <span class='ocr_line' id='line_1_37' title="bbox 423 1980 2000 2048; baseline 0.002 -15"><span class='ocrx_word' id='word_1_245' title='bbox 423 1992 614 2033; x_wconf 88' lang='lat' dir='ltr'><strong>verum</strong></span> <span class='ocrx_word' id='word_1_246' title='bbox 633 1980 817 2035; x_wconf 85' lang='lat' dir='ltr'><strong>orbem</strong></span> <span class='ocrx_word' id='word_1_247' title='bbox 848 1981 1188 2048; x_wconf 90' lang='lat' dir='ltr'><strong>illuminans,</strong></span> <span class='ocrx_word' id='word_1_248' title='bbox 1208 1992 1416 2037; x_wconf 91' lang='lat' dir='ltr'><strong>rectum</strong></span> <span class='ocrx_word' id='word_1_249' title='bbox 1449 1988 1503 2037; x_wconf 91' lang='lat' dir='ltr'><strong>et</strong></span> <span class='ocrx_word' id='word_1_250' title='bbox 1524 1982 1591 2037; x_wconf 90' lang='lat' dir='ltr'><strong>ad</strong></span> <span class='ocrx_word' id='word_1_251' title='bbox 1622 1984 2000 2038; x_wconf 89' lang='lat' dir='ltr'><strong>rectitudinem</strong></span> 
     </span>
    </p>
   </div>
   <div class='ocr_carea' id='block_1_38' title="bbox 428 2068 1996 2141">
    <p class='ocr_par' dir='ltr' id='par_1_38' title="bbox 428 2068 1996 2141">
     <span class='ocr_line' id='line_1_38' title="bbox 428 2068 1996 2141; baseline 0.004 -20"><span class='ocrx_word' id='word_1_252' title='bbox 428 2068 623 2123; x_wconf 82' lang='lat' dir='ltr'><strong>salutis</strong></span> <span class='ocrx_word' id='word_1_253' title='bbox 646 2070 701 2124; x_wconf 91' lang='lat' dir='ltr'><strong>in</strong></span> <span class='ocrx_word' id='word_1_254' title='bbox 733 2071 972 2141; x_wconf 84' lang='lat' dir='ltr'><strong>obliquis</strong></span> <span class='ocrx_word' id='word_1_255' title='bbox 1002 2073 1323 2141; x_wconf 87' lang='lat' dir='ltr'><strong>perditionis</strong></span> <span class='ocrx_word' id='word_1_256' title='bbox 1345 2073 1448 2127; x_wconf 83' lang='lat' dir='ltr'><strong>viis</strong></span> <span class='ocrx_word' id='word_1_257' title='bbox 1492 2080 1742 2127; x_wconf 87' lang='lat' dir='ltr'><strong>errantes</strong></span> <span class='ocrx_word' id='word_1_258' title='bbox 1771 2072 1996 2137; x_wconf 88' lang='lat' dir='ltr'><strong>ducens,</strong></span> 
     </span>
    </p>
   </div>
   <div class='ocr_carea' id='block_1_39' title="bbox 422 2156 1995 2229">
    <p class='ocr_par' dir='ltr' id='par_1_39' title="bbox 422 2156 1995 2229">
     <span class='ocr_line' id='line_1_39' title="bbox 422 2156 1995 2229; baseline 0.004 -18"><span class='ocrx_word' id='word_1_259' title='bbox 422 2156 721 2215; x_wconf 88' lang='lat' dir='ltr'><strong>bonitatem</strong></span> <span class='ocrx_word' id='word_1_260' title='bbox 752 2160 1013 2229; x_wconf 82' lang='lat' dir='ltr'><strong>largiens,</strong></span> <span class='ocrx_word' id='word_1_261' title='bbox 1043 2163 1301 2216; x_wconf 87' lang='lat' dir='ltr'><strong>henelicia</strong></span> <span class='ocrx_word' id='word_1_262' title='bbox 1341 2162 1646 2225; x_wconf 79' lang='lat' dir='ltr'><strong>elTundens,</strong></span> <span class='ocrx_word' id='word_1_263' title='bbox 1680 2172 1735 2218; x_wconf 89' lang='lat' dir='ltr'><strong>et</strong></span> <span class='ocrx_word' id='word_1_264' title='bbox 1788 2164 1995 2219; x_wconf 74' lang='lat' dir='ltr'><strong>fontem</strong></span> 
     </span>
    </p>
   </div>
   <div class='ocr_carea' id='block_1_40' title="bbox 424 2248 2002 2326">
    <p class='ocr_par' dir='ltr' id='par_1_40' title="bbox 424 2248 2002 2326">
     <span class='ocr_line' id='line_1_40' title="bbox 424 2248 2002 2326; baseline 0.006 -23"><span class='ocrx_word' id='word_1_265' title='bbox 424 2250 734 2306; x_wconf 88' lang='lat' dir='ltr'><strong>sanctitatis</strong></span> <span class='ocrx_word' id='word_1_266' title='bbox 768 2248 1397 2321; x_wconf 89' lang='lat' dir='ltr'><strong>incomprehensibilem,</strong></span> <span class='ocrx_word' id='word_1_267' title='bbox 1430 2270 1589 2324; x_wconf 89' lang='lat' dir='ltr'><strong>quem</strong></span> <span class='ocrx_word' id='word_1_268' title='bbox 1614 2256 2002 2326; x_wconf 88' lang='lat' dir='ltr'><strong>participantes</strong></span> 
     </span>
    </p>
   </div>
   <div class='ocr_carea' id='block_1_41' title="bbox 425 2343 2005 2420">
    <p class='ocr_par' dir='ltr' id='par_1_41' title="bbox 425 2343 2005 2420">
     <span class='ocr_line' id='line_1_41' title="bbox 425 2343 2005 2420; baseline 0.005 -24"><span class='ocrx_word' id='word_1_269' title='bbox 425 2343 740 2412; x_wconf 84' lang='lat' dir='ltr'><strong>spirituales</strong></span> <span class='ocrx_word' id='word_1_270' title='bbox 758 2344 1123 2415; x_wconf 81' lang='lat' dir='ltr'><strong>intelligentiae</strong></span> <span class='ocrx_word' id='word_1_271' title='bbox 1140 2347 1324 2400; x_wconf 90' lang='lat' dir='ltr'><strong>statim</strong></span> <span class='ocrx_word' id='word_1_272' title='bbox 1340 2348 1751 2402; x_wconf 81' lang='lat' dir='ltr'><strong>sanctiﬁcantur</strong></span> <span class='ocrx_word' id='word_1_273' title='bbox 1780 2367 1793 2403; x_wconf 87' lang='lat'><strong>:</strong></span> <span class='ocrx_word' id='word_1_274' title='bbox 1817 2364 2005 2420; x_wconf 89' lang='lat' dir='ltr'><strong>quam-</strong></span> 
     </span>
    </p>
   </div>
   <div class='ocr_carea' id='block_1_42' title="bbox 424 2433 1997 2513">
    <p class='ocr_par' dir='ltr' id='par_1_42' title="bbox 424 2433 1997 2513">
     <span class='ocr_line' id='line_1_42' title="bbox 424 2433 1997 2513; baseline 0.007 -26"><span class='ocrx_word' id='word_1_275' title='bbox 424 2433 511 2487; x_wconf 88' lang='lat' dir='ltr'><strong>vis</strong></span> <span class='ocrx_word' id='word_1_276' title='bbox 541 2433 611 2488; x_wconf 90' lang='lat' dir='ltr'><strong>ob</strong></span> <span class='ocrx_word' id='word_1_277' title='bbox 641 2434 939 2490; x_wconf 87' lang='lat' dir='ltr'><strong>voluntatis</strong></span> <span class='ocrx_word' id='word_1_278' title='bbox 966 2437 1229 2489; x_wconf 87' lang='lat' dir='ltr'><strong>malitiam</strong></span> <span class='ocrx_word' id='word_1_279' title='bbox 1258 2439 1604 2504; x_wconf 88' lang='lat' dir='ltr'><strong>tenebrosus,</strong></span> <span class='ocrx_word' id='word_1_280' title='bbox 1640 2440 1997 2513; x_wconf 91' lang='lat' dir='ltr'><strong>impurusque</strong></span> 
     </span>
    </p>
   </div>
   <div class='ocr_carea' id='block_1_43' title="bbox 422 2526 1997 2596">
    <p class='ocr_par' dir='ltr' id='par_1_43' title="bbox 422 2526 1997 2596">
     <span class='ocr_line' id='line_1_43' title="bbox 422 2526 1997 2596; baseline 0.006 -17"><span class='ocrx_word' id='word_1_281' title='bbox 422 2528 679 2593; x_wconf 86' lang='lat' dir='ltr'><strong>evaserit,</strong></span> <span class='ocrx_word' id='word_1_282' title='bbox 734 2527 859 2596; x_wconf 88' lang='lat' dir='ltr'><strong>quia</strong></span> <span class='ocrx_word' id='word_1_283' title='bbox 893 2541 922 2580; x_wconf 89' lang='lat' dir='ltr'><strong>a</strong></span> <span class='ocrx_word' id='word_1_284' title='bbox 962 2526 1281 2582; x_wconf 81' lang='lat' dir='ltr'><strong>ilicrarchia</strong></span> <span class='ocrx_word' id='word_1_285' title='bbox 1312 2527 1533 2584; x_wconf 74' lang='lat' dir='ltr'><strong>Ctelesti</strong></span> <span class='ocrx_word' id='word_1_286' title='bbox 1582 2531 1866 2589; x_wconf 90' lang='lat' dir='ltr'><strong>abscissus</strong></span> <span class='ocrx_word' id='word_1_287' title='bbox 1894 2543 1997 2589; x_wconf 88' lang='lat' dir='ltr'><strong>est.</strong></span> 
     </span>
    </p>
   </div>
   <div class='ocr_carea' id='block_1_44' title="bbox 420 2617 2001 2695">
    <p class='ocr_par' dir='ltr' id='par_1_44' title="bbox 420 2617 2001 2695">
     <span class='ocr_line' id='line_1_44' title="bbox 420 2617 2001 2695; baseline 0.008 -24"><span class='ocrx_word' id='word_1_288' title='bbox 420 2617 687 2672; x_wconf 64' lang='lat' dir='ltr'><strong>Caeterum</strong></span> <span class='ocrx_word' id='word_1_289' title='bbox 716 2626 978 2674; x_wconf 74' lang='lat' dir='ltr'><strong>creaturae</strong></span> <span class='ocrx_word' id='word_1_290' title='bbox 1016 2620 1240 2689; x_wconf 61' lang='lat' dir='ltr'><strong>reliquae</strong></span> <span class='ocrx_word' id='word_1_291' title='bbox 1282 2622 1705 2691; x_wconf 87' lang='lat' dir='ltr'><strong>pulchritudinis</strong></span> <span class='ocrx_word' id='word_1_292' title='bbox 1756 2627 1897 2695; x_wconf 80' lang='lat' dir='ltr'><strong>eius,</strong></span> <span class='ocrx_word' id='word_1_293' title='bbox 1947 2638 2001 2683; x_wconf 92' lang='lat' dir='ltr'><strong>et</strong></span> 
     </span>
    </p>
   </div>
   <div class='ocr_carea' id='block_1_45' title="bbox 421 2711 1994 2772">
    <p class='ocr_par' dir='ltr' id='par_1_45' title="bbox 421 2711 1994 2772">
     <span class='ocr_line' id='line_1_45' title="bbox 421 2711 1994 2772; baseline 0.005 -8"><span class='ocrx_word' id='word_1_294' title='bbox 421 2711 733 2765; x_wconf 82' lang='lat' dir='ltr'><strong>sanctitatis</strong></span> <span class='ocrx_word' id='word_1_295' title='bbox 773 2712 1274 2767; x_wconf 86' lang='lat' dir='ltr'><strong>communicatione</strong></span> <span class='ocrx_word' id='word_1_296' title='bbox 1311 2712 1820 2771; x_wconf 88' lang='lat' dir='ltr'><strong>decorantur.llinc</strong></span> <span class='ocrx_word' id='word_1_297' title='bbox 1846 2719 1994 2772; x_wconf 89' lang='lat' dir='ltr'><strong>enim</strong></span> 
     </span>
    </p>
   </div>
   <div class='ocr_carea' id='block_1_46' title="bbox 418 2803 1999 2873">
    <p class='ocr_par' dir='ltr' id='par_1_46' title="bbox 418 2803 1999 2873">
     <span class='ocr_line' id='line_1_46' title="bbox 418 2803 1999 2873; baseline 0.006 -18"><span class='ocrx_word' id='word_1_298' title='bbox 418 2811 527 2865; x_wconf 90' lang='lat' dir='ltr'><strong>est,</strong></span> <span class='ocrx_word' id='word_1_299' title='bbox 560 2810 619 2857; x_wconf 91' lang='lat' dir='ltr'><strong>ut</strong></span> <span class='ocrx_word' id='word_1_300' title='bbox 647 2803 829 2857; x_wconf 90' lang='lat' dir='ltr'><strong>omnia</strong></span> <span class='ocrx_word' id='word_1_301' title='bbox 866 2804 1023 2857; x_wconf 89' lang='lat' dir='ltr'><strong>valde</strong></span> <span class='ocrx_word' id='word_1_302' title='bbox 1048 2803 1188 2858; x_wconf 89' lang='lat' dir='ltr'><strong>bona</strong></span> <span class='ocrx_word' id='word_1_303' title='bbox 1216 2805 1348 2867; x_wconf 88' lang='lat' dir='ltr'><strong>sint,</strong></span> <span class='ocrx_word' id='word_1_304' title='bbox 1378 2813 1431 2860; x_wconf 93' lang='lat' dir='ltr'><strong>et</strong></span> <span class='ocrx_word' id='word_1_305' title='bbox 1464 2816 1752 2873; x_wconf 88' lang='lat' dir='ltr'><strong>vocentur,</strong></span> <span class='ocrx_word' id='word_1_306' title='bbox 1781 2826 1811 2864; x_wconf 89' lang='lat' dir='ltr'><strong>a</strong></span> <span class='ocrx_word' id='word_1_307' title='bbox 1836 2809 1999 2866; x_wconf 88' lang='lat' dir='ltr'><strong>Patre</strong></span> 
     </span>
    </p>
   </div>
   <div class='ocr_carea' id='block_1_47' title="bbox 2110 1791 3689 1863">
    <p class='ocr_par' dir='ltr' id='par_1_47' title="bbox 2110 1791 3689 1863">
     <span class='ocr_line' id='line_1_47' title="bbox 2110 1791 3689 1863; baseline 0.001 -18"><span class='ocrx_word' id='word_1_308' title='bbox 2110 1794 2273 1862; x_wconf 78' lang='grc' dir='ltr'>ρήτου</span> <span class='ocrx_word' id='word_1_309' title='bbox 2337 1791 2720 1862; x_wconf 83' lang='grc' dir='ltr'>βλασφημίας·</span> <span class='ocrx_word' id='word_1_310' title='bbox 2772 1792 2824 1844; x_wconf 88' lang='grc' dir='ltr'><strong>οί</strong></span> <span class='ocrx_word' id='word_1_311' title='bbox 2885 1792 2943 1845; x_wconf 87' lang='grc' dir='ltr'><strong>δέ</strong></span> <span class='ocrx_word' id='word_1_312' title='bbox 2987 1795 3053 1863; x_wconf 84' lang='grc' dir='ltr'>τῇ</span> <span class='ocrx_word' id='word_1_313' title='bbox 3081 1793 3323 1863; x_wconf 76' lang='grc' dir='ltr'>υἱοθεσία</span> <span class='ocrx_word' id='word_1_314' title='bbox 3365 1792 3543 1856; x_wconf 91' lang='grc' dir='ltr'>καλῶς</span> <span class='ocrx_word' id='word_1_315' title='bbox 3570 1793 3689 1846; x_wconf 87' lang='grc' dir='ltr'>δια-</span> 
     </span>
    </p>
   </div>
   <div class='ocr_carea' id='block_1_48' title="bbox 2105 1880 3685 1953">
    <p class='ocr_par' dir='ltr' id='par_1_48' title="bbox 2105 1880 3685 1953">
     <span class='ocr_line' id='line_1_48' title="bbox 2105 1880 3685 1953; baseline 0.003 -20"><span class='ocrx_word' id='word_1_316' title='bbox 2105 1882 2430 1952; x_wconf 83' lang='grc' dir='ltr'>πρέποντες,</span> <span class='ocrx_word' id='word_1_317' title='bbox 2461 1882 2520 1933; x_wconf 87' lang='grc' dir='ltr'><strong>ἐν</strong></span> <span class='ocrx_word' id='word_1_318' title='bbox 2545 1880 2623 1951; x_wconf 83' lang='grc' dir='ltr'>τῷ</span> <span class='ocrx_word' id='word_1_319' title='bbox 2647 1882 2829 1944; x_wconf 89' lang='grc' dir='ltr'>καλῶς</span> <span class='ocrx_word' id='word_1_320' title='bbox 2871 1882 2970 1953; x_wconf 79' lang='grc' dir='ltr'>τὴν</span> <span class='ocrx_word' id='word_1_321' title='bbox 3009 1883 3173 1951; x_wconf 82' lang='grc' dir='ltr'>τιμὴν</span> <span class='ocrx_word' id='word_1_322' title='bbox 3208 1884 3409 1937; x_wconf 79' lang='grc' dir='ltr'>εἰδέναι</span> <span class='ocrx_word' id='word_1_323' title='bbox 3430 1884 3526 1938; x_wconf 88' lang='grc' dir='ltr'><strong>τοῦ</strong></span> <span class='ocrx_word' id='word_1_324' title='bbox 3567 1886 3685 1938; x_wconf 80' lang='grc' dir='ltr'>υίοο</span> 
     </span>
    </p>
   </div>
   <div class='ocr_carea' id='block_1_49' title="bbox 2106 1968 3683 2047">
    <p class='ocr_par' dir='ltr' id='par_1_49' title="bbox 2106 1968 3683 2047">
     <span class='ocr_line' id='line_1_49' title="bbox 2106 1968 3683 2047; baseline 0.004 -20"><span class='ocrx_word' id='word_1_325' title='bbox 2106 1974 2449 2045; x_wconf 83' lang='grc' dir='ltr'>θετήσαντος,</span> <span class='ocrx_word' id='word_1_326' title='bbox 2499 1968 2589 2031; x_wconf 72' lang='grc' dir='ltr'>οἷα</span> <span class='ocrx_word' id='word_1_327' title='bbox 2643 1973 2709 2045; x_wconf 79' lang='grc' dir='ltr'>δὴ</span> <span class='ocrx_word' id='word_1_328' title='bbox 2737 1974 2904 2028; x_wconf 79' lang='grc' dir='ltr'>τέκνα</span> <span class='ocrx_word' id='word_1_329' title='bbox 2952 1974 3113 2041; x_wconf 88' lang='grc' dir='ltr'>Θεοῦ,</span> <span class='ocrx_word' id='word_1_330' title='bbox 3150 1978 3210 2030; x_wconf 83' lang='grc' dir='ltr'>τὸ</span> <span class='ocrx_word' id='word_1_331' title='bbox 3238 1977 3486 2047; x_wconf 82' lang='grc' dir='ltr'>συμφυὲς</span> <span class='ocrx_word' id='word_1_332' title='bbox 3515 1979 3683 2034; x_wconf 79' lang='grc' dir='ltr'>αὑτοῦ</span> 
     </span>
    </p>
   </div>
   <div class='ocr_carea' id='block_1_50' title="bbox 2104 2064 3688 2139">
    <p class='ocr_par' dir='ltr' id='par_1_50' title="bbox 2104 2064 3688 2139">
     <span class='ocr_line' id='line_1_50' title="bbox 2104 2064 3688 2139; baseline 0.004 -20"><span class='ocrx_word' id='word_1_333' title='bbox 2104 2066 2329 2135; x_wconf 86' lang='grc' dir='ltr'>Πνεῦμα</span> <span class='ocrx_word' id='word_1_334' title='bbox 2361 2064 2689 2136; x_wconf 79' lang='grc' dir='ltr'>θειάζωμεν,</span> <span class='ocrx_word' id='word_1_335' title='bbox 2727 2065 2787 2118; x_wconf 86' lang='grc' dir='ltr'><strong>τδ</strong></span> <span class='ocrx_word' id='word_1_336' title='bbox 2836 2065 3090 2137; x_wconf 79' lang='grc' dir='ltr'>ἀληθινὸν</span> <span class='ocrx_word' id='word_1_337' title='bbox 3126 2067 3265 2137; x_wconf 84' lang='grc' dir='ltr'>φῶς,</span> <span class='ocrx_word' id='word_1_338' title='bbox 3323 2069 3385 2122; x_wconf 79' lang='grc' dir='ltr'>τὸ</span> <span class='ocrx_word' id='word_1_339' title='bbox 3438 2071 3688 2139; x_wconf 82' lang='grc' dir='ltr'>φωτίσαν</span> 
     </span>
    </p>
   </div>
   <div class='ocr_carea' id='block_1_51' title="bbox 2102 2157 3687 2234">
    <p class='ocr_par' dir='ltr' id='par_1_51' title="bbox 2102 2157 3687 2234">
     <span class='ocr_line' id='line_1_51' title="bbox 2102 2157 3687 2234; baseline 0.003 -21"><span class='ocrx_word' id='word_1_340' title='bbox 2102 2160 2172 2213; x_wconf 74' lang='grc' dir='ltr'>τὰ</span> <span class='ocrx_word' id='word_1_341' title='bbox 2203 2159 2435 2231; x_wconf 85' lang='grc' dir='ltr'>πέρατα,</span> <span class='ocrx_word' id='word_1_342' title='bbox 2492 2158 2554 2212; x_wconf 83' lang='grc' dir='ltr'>τὸ</span> <span class='ocrx_word' id='word_1_343' title='bbox 2606 2157 2762 2222; x_wconf 85' lang='grc' dir='ltr'>εύθές</span> <span class='ocrx_word' id='word_1_344' title='bbox 2804 2160 2899 2212; x_wconf 79' lang='grc' dir='ltr'><strong>καὶ</strong></span> <span class='ocrx_word' id='word_1_345' title='bbox 2932 2159 3069 2230; x_wconf 86' lang='grc' dir='ltr'>πρὸς</span> <span class='ocrx_word' id='word_1_346' title='bbox 3104 2161 3375 2232; x_wconf 86' lang='grc' dir='ltr'>εὐθύτητα</span> <span class='ocrx_word' id='word_1_347' title='bbox 3412 2164 3687 2234; x_wconf 75' lang='grc' dir='ltr'>σωτηρίας</span> 
     </span>
    </p>
   </div>
   <div class='ocr_carea' id='block_1_52' title="bbox 2102 2252 3685 2325">
    <p class='ocr_par' dir='ltr' id='par_1_52' title="bbox 2102 2252 3685 2325">
     <span class='ocr_line' id='line_1_52' title="bbox 2102 2252 3685 2325; baseline 0.004 -21"><span class='ocrx_word' id='word_1_348' title='bbox 2102 2252 2481 2322; x_wconf 84' lang='grc' dir='ltr'>καθοδηγῆσαν</span> <span class='ocrx_word' id='word_1_349' title='bbox 2505 2253 2633 2315; x_wconf 82' lang='grc' dir='ltr'>τοὺς</span> <span class='ocrx_word' id='word_1_350' title='bbox 2670 2253 3061 2323; x_wconf 82' lang='grc' dir='ltr'>πλανωμένους</span> <span class='ocrx_word' id='word_1_351' title='bbox 3093 2254 3151 2307; x_wconf 92' lang='grc' dir='ltr'><strong>ἐν</strong></span> <span class='ocrx_word' id='word_1_352' title='bbox 3182 2256 3393 2325; x_wconf 78' lang='grc' dir='ltr'>τρίϐοις</span> <span class='ocrx_word' id='word_1_353' title='bbox 3446 2257 3685 2320; x_wconf 81' lang='grc' dir='ltr'>σκολιαῖς</span> 
     </span>
    </p>
   </div>
   <div class='ocr_carea' id='block_1_53' title="bbox 2103 2344 3685 2419">
    <p class='ocr_par' dir='ltr' id='par_1_53' title="bbox 2103 2344 3685 2419">
     <span class='ocr_line' id='line_1_53' title="bbox 2103 2344 3685 2419; baseline 0.002 -20"><span class='ocrx_word' id='word_1_354' title='bbox 2103 2344 2403 2408; x_wconf 89' lang='grc' dir='ltr'>ἀπωλείας,</span> <span class='ocrx_word' id='word_1_355' title='bbox 2430 2344 2492 2397; x_wconf 80' lang='grc' dir='ltr'>τὸ</span> <span class='ocrx_word' id='word_1_356' title='bbox 2535 2344 2699 2415; x_wconf 83' lang='grc' dir='ltr'>βρύον</span> <span class='ocrx_word' id='word_1_357' title='bbox 2732 2344 2830 2416; x_wconf 81' lang='grc' dir='ltr'><strong>τὴν</strong></span> <span class='ocrx_word' id='word_1_358' title='bbox 2879 2346 3217 2417; x_wconf 86' lang='grc' dir='ltr'>ἀγαθότητα,</span> <span class='ocrx_word' id='word_1_359' title='bbox 3251 2349 3482 2411; x_wconf 76' lang='grc' dir='ltr'>καὶτοῖς</span> <span class='ocrx_word' id='word_1_360' title='bbox 3517 2366 3685 2419; x_wconf 89' lang='grc' dir='ltr'>μετα-</span> 
     </span>
    </p>
   </div>
   <div class='ocr_carea' id='block_1_54' title="bbox 2105 2437 3717 2517">
    <p class='ocr_par' dir='ltr' id='par_1_54' title="bbox 2105 2437 3717 2517">
     <span class='ocr_line' id='line_1_54' title="bbox 2105 2437 3717 2517; baseline 0.003 -26"><span class='ocrx_word' id='word_1_361' title='bbox 2105 2437 2291 2508; x_wconf 79' lang='grc' dir='ltr'>σχοῦσι</span> <span class='ocrx_word' id='word_1_362' title='bbox 2338 2438 2400 2490; x_wconf 83' lang='grc' dir='ltr'>τὸ</span> <span class='ocrx_word' id='word_1_363' title='bbox 2451 2437 2816 2505; x_wconf 87' lang='grc' dir='ltr'>ἀγαθύνεσθαι</span> <span class='ocrx_word' id='word_1_364' title='bbox 2874 2439 3254 2508; x_wconf 77' lang='grc' dir='ltr'>χαριζόμενον,</span> <span class='ocrx_word' id='word_1_365' title='bbox 3310 2441 3409 2511; x_wconf 76' lang='grc' dir='ltr'>τὴν</span> <span class='ocrx_word' id='word_1_366' title='bbox 3474 2444 3717 2517; x_wconf 72' lang='grc' dir='ltr'><strong>ἀκατάοΔ</strong></span> 
     </span>
    </p>
   </div>
   <div class='ocr_carea' id='block_1_55' title="bbox 2101 2525 3681 2604">
    <p class='ocr_par' dir='ltr' id='par_1_55' title="bbox 2101 2525 3681 2604">
     <span class='ocr_line' id='line_1_55' title="bbox 2101 2525 3681 2604; baseline 0.006 -21"><span class='ocrx_word' id='word_1_367' title='bbox 2101 2532 2303 2601; x_wconf 85' lang='grc' dir='ltr'>ληπτον</span> <span class='ocrx_word' id='word_1_368' title='bbox 2336 2531 2521 2602; x_wconf 73' lang='grc' dir='ltr'>πηγὴν</span> <span class='ocrx_word' id='word_1_369' title='bbox 2557 2530 2657 2600; x_wconf 84' lang='grc' dir='ltr'>τῆς</span> <span class='ocrx_word' id='word_1_370' title='bbox 2710 2530 3021 2601; x_wconf 82' lang='grc' dir='ltr'>ἁγιότητος,</span> <span class='ocrx_word' id='word_1_371' title='bbox 3055 2525 3115 2585; x_wconf 78' lang='grc' dir='ltr'><strong>οῦ</strong></span> <span class='ocrx_word' id='word_1_372' title='bbox 3151 2534 3552 2604; x_wconf 77' lang='grc' dir='ltr'>μεταλαϐοῦσαι</span> <span class='ocrx_word' id='word_1_373' title='bbox 3582 2536 3681 2591; x_wconf 86' lang='grc' dir='ltr'><strong>τοῦ</strong></span> 
     </span>
    </p>
   </div>
   <div class='ocr_carea' id='block_1_56' title="bbox 2102 2622 3683 2699">
    <p class='ocr_par' dir='ltr' id='par_1_56' title="bbox 2102 2622 3683 2699">
     <span class='ocr_line' id='line_1_56' title="bbox 2102 2622 3683 2699; baseline 0.002 -22"><span class='ocrx_word' id='word_1_374' title='bbox 2102 2623 2374 2692; x_wconf 86' lang='grc' dir='ltr'>ἀγιασμοῦ</span> <span class='ocrx_word' id='word_1_375' title='bbox 2405 2624 2724 2690; x_wconf 76' lang='grc' dir='ltr'>ἀγιάζονται</span> <span class='ocrx_word' id='word_1_376' title='bbox 2781 2622 2880 2693; x_wconf 88' lang='grc' dir='ltr'><strong>μέν</strong></span> <span class='ocrx_word' id='word_1_377' title='bbox 2933 2623 3059 2694; x_wconf 84' lang='grc' dir='ltr'>ἀρτι</span> <span class='ocrx_word' id='word_1_378' title='bbox 3090 2627 3387 2696; x_wconf 89' lang='grc' dir='ltr'>παριοῦσαι</span> <span class='ocrx_word' id='word_1_379' title='bbox 3424 2630 3557 2698; x_wconf 75' lang='grc' dir='ltr'>πρὸς</span> <span class='ocrx_word' id='word_1_380' title='bbox 3587 2632 3683 2699; x_wconf 82' lang='grc' dir='ltr'>γέ-</span> 
     </span>
    </p>
   </div>
   <div class='ocr_carea' id='block_1_57' title="bbox 2102 2716 3684 2791">
    <p class='ocr_par' dir='ltr' id='par_1_57' title="bbox 2102 2716 3684 2791">
     <span class='ocr_line' id='line_1_57' title="bbox 2102 2716 3684 2791; baseline 0.003 -22"><span class='ocrx_word' id='word_1_381' title='bbox 2102 2734 2252 2769; x_wconf 89' lang='grc' dir='ltr'>νεσιν</span> <span class='ocrx_word' id='word_1_382' title='bbox 2292 2717 2345 2769; x_wconf 80' lang='grc' dir='ltr'>αἱ</span> <span class='ocrx_word' id='word_1_383' title='bbox 2388 2717 2572 2791; x_wconf 22' lang='grc' dir='ltr'>νλοεραὶ</span> <span class='ocrx_word' id='word_1_384' title='bbox 2609 2716 2910 2786; x_wconf 72' lang='grc' dir='ltr'>δυνάμειςο</span> <span class='ocrx_word' id='word_1_385' title='bbox 2972 2719 3021 2770; x_wconf 90' lang='grc' dir='ltr'><strong>εί</strong></span> <span class='ocrx_word' id='word_1_386' title='bbox 3090 2719 3185 2771; x_wconf 74' lang='grc' dir='ltr'><strong>καὶ</strong></span> <span class='ocrx_word' id='word_1_387' title='bbox 3244 2718 3329 2772; x_wconf 81' lang='grc' dir='ltr'><strong>διὰ</strong></span> <span class='ocrx_word' id='word_1_388' title='bbox 3382 2721 3684 2791; x_wconf 73' lang='grc' dir='ltr'>σκαιότητα</span> 
     </span>
    </p>
   </div>
   <div class='ocr_carea' id='block_1_58' title="bbox 2102 2788 3682 2884">
    <p class='ocr_par' dir='ltr' id='par_1_58' title="bbox 2102 2788 3682 2884">
     <span class='ocr_line' id='line_1_58' title="bbox 2102 2788 3682 2884; baseline 0.003 -21"><span class='ocrx_word' id='word_1_389' title='bbox 2102 2788 2474 2880; x_wconf 75' lang='grc' dir='ltr'>προαιρέσεως</span> <span class='ocrx_word' id='word_1_390' title='bbox 2495 2811 2522 2863; x_wconf 87' lang='grc' dir='ltr'>ὁ</span> <span class='ocrx_word' id='word_1_391' title='bbox 2552 2808 2650 2879; x_wconf 85' lang='grc' dir='ltr'>τῆς</span> <span class='ocrx_word' id='word_1_392' title='bbox 2682 2809 2844 2877; x_wconf 83' lang='grc' dir='ltr'>ἁγίας</span> <span class='ocrx_word' id='word_1_393' title='bbox 2882 2811 2977 2863; x_wconf 78' lang='grc' dir='ltr'>καὶ</span> <span class='ocrx_word' id='word_1_394' title='bbox 3004 2811 3327 2880; x_wconf 82' lang='grc' dir='ltr'>φωτοειδοῦς</span> <span class='ocrx_word' id='word_1_395' title='bbox 3348 2788 3682 2884; x_wconf 74' lang='grc' dir='ltr'>ἀπερῥαγῶς</span> 
     </span>
    </p>
   </div>
   <div class='ocr_carea' id='block_1_59' title="bbox 419 2891 2000 3000">
    <p class='ocr_par' dir='ltr' id='par_1_59' title="bbox 419 2891 1996 2962">
     <span class='ocr_line' id='line_1_59' title="bbox 419 2891 1996 2962; baseline 0.005 -16"><span class='ocrx_word' id='word_1_396' title='bbox 419 2892 640 2962; x_wconf 87' lang='lat' dir='ltr'><strong>quidem</strong></span> <span class='ocrx_word' id='word_1_397' title='bbox 676 2909 773 2962; x_wconf 91' lang='lat' dir='ltr'><strong>per</strong></span> <span class='ocrx_word' id='word_1_398' title='bbox 806 2891 1005 2947; x_wconf 89' lang='lat' dir='ltr'><strong>Filium</strong></span> <span class='ocrx_word' id='word_1_399' title='bbox 1050 2904 1257 2961; x_wconf 79' lang='lat' dir='ltr'><strong>creata,</strong></span> <span class='ocrx_word' id='word_1_400' title='bbox 1290 2898 1792 2955; x_wconf 86' lang='lat' dir='ltr'><strong>communicatione</strong></span> <span class='ocrx_word' id='word_1_401' title='bbox 1818 2913 1996 2956; x_wconf 90' lang='lat' dir='ltr'><strong>autem</strong></span> 
     </span>
    </p>
   </div>
   <div class='ocr_carea' id='block_1_60' title="bbox 2104 2891 3684 3000">
    <p class='ocr_par' dir='ltr' id='par_1_60' title="bbox 2104 2900 3684 2971">
     <span class='ocr_line' id='line_1_60' title="bbox 2104 2900 3684 2971; baseline 0.003 -17"><span class='ocrx_word' id='word_1_402' title='bbox 2104 2900 2327 2966; x_wconf 79' lang='grc' dir='ltr'>τάξεως,</span> <span class='ocrx_word' id='word_1_403' title='bbox 2366 2900 2591 2971; x_wconf 81' lang='grc' dir='ltr'>βέϐηλός</span> <span class='ocrx_word' id='word_1_404' title='bbox 2614 2918 2673 2953; x_wconf 89' lang='grc' dir='ltr'><strong>τε</strong></span> <span class='ocrx_word' id='word_1_405' title='bbox 2698 2902 2812 2970; x_wconf 80' lang='grc' dir='ltr'>ἃμα</span> <span class='ocrx_word' id='word_1_406' title='bbox 2836 2902 2928 2954; x_wconf 80' lang='grc' dir='ltr'><strong>καὶ</strong></span> <span class='ocrx_word' id='word_1_407' title='bbox 2968 2903 3162 2966; x_wconf 81' lang='grc' dir='ltr'>σκότος</span> <span class='ocrx_word' id='word_1_408' title='bbox 3194 2904 3408 2971; x_wconf 85' lang='grc' dir='ltr'>ἐγένετο</span> <span class='ocrx_word' id='word_1_409' title='bbox 3431 2922 3443 2935; x_wconf 93' lang='grc'><strong>·</strong></span> <span class='ocrx_word' id='word_1_410' title='bbox 3468 2905 3684 2959; x_wconf 78' lang='grc' dir='ltr'>καλλωο</span> 
     </span>
    </p>
   </div>
   <div class='ocr_carea' id='block_1_61' title="bbox 419 2983 1994 3055">
    <p class='ocr_par' dir='ltr' id='par_1_61' title="bbox 419 2983 1994 3055">
     <span class='ocr_line' id='line_1_61' title="bbox 419 2983 1994 3055; baseline 0.004 -16"><span class='ocrx_word' id='word_1_411' title='bbox 419 2984 594 3040; x_wconf 81' lang='lat' dir='ltr'><strong>sancti</strong></span> <span class='ocrx_word' id='word_1_412' title='bbox 615 2983 850 3054; x_wconf 81' lang='lat' dir='ltr'><strong>Spiritus</strong></span> <span class='ocrx_word' id='word_1_413' title='bbox 870 2984 935 3038; x_wconf 90' lang='lat' dir='ltr'><strong>ad</strong></span> <span class='ocrx_word' id='word_1_414' title='bbox 953 2984 1344 3054; x_wconf 83' lang='lat' dir='ltr'><strong>perfectionem</strong></span> <span class='ocrx_word' id='word_1_415' title='bbox 1373 2995 1555 3042; x_wconf 86' lang='lat' dir='ltr'><strong>erecta</strong></span> <span class='ocrx_word' id='word_1_416' title='bbox 1579 2988 1645 3041; x_wconf 84' lang='grc'><strong>¹⁷.</strong></span> <span class='ocrx_word' id='word_1_417' title='bbox 1671 2990 1802 3055; x_wconf 70' lang='lat' dir='ltr'><strong>Quae</strong></span> <span class='ocrx_word' id='word_1_418' title='bbox 1830 2992 1994 3046; x_wconf 86' lang='lat' dir='ltr'><strong>etiam</strong></span> 
     </span>
    </p>
   </div>
   <div class='ocr_carea' id='block_1_62' title="bbox 419 3074 1992 3151">
    <p class='ocr_par' dir='ltr' id='par_1_62' title="bbox 419 3074 1992 3151">
     <span class='ocr_line' id='line_1_62' title="bbox 419 3074 1992 3151; baseline 0.006 -22"><span class='ocrx_word' id='word_1_419' title='bbox 419 3076 465 3130; x_wconf 91' lang='lat' dir='ltr'><strong>si</strong></span> <span class='ocrx_word' id='word_1_420' title='bbox 489 3076 881 3147; x_wconf 85' lang='lat' dir='ltr'><strong>superveniens</strong></span> <span class='ocrx_word' id='word_1_421' title='bbox 912 3085 1194 3146; x_wconf 87' lang='lat' dir='ltr'><strong>peccatum</strong></span> <span class='ocrx_word' id='word_1_422' title='bbox 1216 3074 1523 3145; x_wconf 74' lang='lat' dir='ltr'><strong>fmdaverit,</strong></span> <span class='ocrx_word' id='word_1_423' title='bbox 1544 3078 1723 3134; x_wconf 91' lang='lat' dir='ltr'><strong>denuo</strong></span> <span class='ocrx_word' id='word_1_424' title='bbox 1740 3098 1768 3135; x_wconf 92' lang='lat' dir='ltr'><strong>a</strong></span> <span class='ocrx_word' id='word_1_425' title='bbox 1786 3082 1992 3151; x_wconf 89' lang='lat' dir='ltr'><strong>Spiritu</strong></span> 
     </span>
    </p>
   </div>
   <div class='ocr_carea' id='block_1_63' title="bbox 421 3172 1995 3242">
    <p class='ocr_par' dir='ltr' id='par_1_63' title="bbox 421 3172 1995 3242">
     <span class='ocr_line' id='line_1_63' title="bbox 421 3172 1995 3242; baseline 0.005 -16"><span class='ocrx_word' id='word_1_426' title='bbox 421 3183 614 3226; x_wconf 90' lang='lat' dir='ltr'><strong>sancto</strong></span> <span class='ocrx_word' id='word_1_427' title='bbox 645 3180 860 3236; x_wconf 90' lang='lat' dir='ltr'><strong>ornata,</strong></span> <span class='ocrx_word' id='word_1_428' title='bbox 884 3172 1277 3242; x_wconf 86' lang='lat' dir='ltr'><strong>melioriquam</strong></span> <span class='ocrx_word' id='word_1_429' title='bbox 1306 3182 1466 3229; x_wconf 90' lang='lat' dir='ltr'><strong>antea</strong></span> <span class='ocrx_word' id='word_1_430' title='bbox 1486 3176 1799 3232; x_wconf 88' lang='lat' dir='ltr'><strong>conditione</strong></span> <span class='ocrx_word' id='word_1_431' title='bbox 1830 3194 1995 3234; x_wconf 90' lang='lat' dir='ltr'><strong>reno-</strong></span> 
     </span>
    </p>
   </div>
   <div class='ocr_carea' id='block_1_64' title="bbox 418 3265 1992 3336">
    <p class='ocr_par' dir='ltr' id='par_1_64' title="bbox 418 3265 1992 3336">
     <span class='ocr_line' id='line_1_64' title="bbox 418 3265 1992 3336; baseline 0.006 -17"><span class='ocrx_word' id='word_1_432' title='bbox 418 3274 543 3319; x_wconf 86' lang='lat' dir='ltr'><strong>vata</strong></span> <span class='ocrx_word' id='word_1_433' title='bbox 588 3272 718 3320; x_wconf 89' lang='lat' dir='ltr'><strong>sunt</strong></span> <span class='ocrx_word' id='word_1_434' title='bbox 752 3281 766 3318; x_wconf 90' lang='lat'><strong>:</strong></span> <span class='ocrx_word' id='word_1_435' title='bbox 805 3265 959 3333; x_wconf 90' lang='lat' dir='ltr'><strong>prius</strong></span> <span class='ocrx_word' id='word_1_436' title='bbox 988 3268 1132 3320; x_wconf 90' lang='lat' dir='ltr'><strong>enim</strong></span> <span class='ocrx_word' id='word_1_437' title='bbox 1172 3268 1514 3336; x_wconf 89' lang='lat' dir='ltr'><strong>corruptioni</strong></span> <span class='ocrx_word' id='word_1_438' title='bbox 1548 3266 1771 3323; x_wconf 85' lang='lat' dir='ltr'><strong>fuerunt</strong></span> <span class='ocrx_word' id='word_1_439' title='bbox 1817 3271 1992 3328; x_wconf 90' lang='lat' dir='ltr'><strong>obno-</strong></span> 
     </span>
    </p>
   </div>
   <div class='ocr_carea' id='block_1_65' title="bbox 420 3357 1849 3429">
    <p class='ocr_par' dir='ltr' id='par_1_65' title="bbox 420 3357 1849 3429">
     <span class='ocr_line' id='line_1_65' title="bbox 420 3357 1849 3429; baseline 0.004 -19"><span class='ocrx_word' id='word_1_440' title='bbox 420 3357 530 3423; x_wconf 83' lang='lat' dir='ltr'><strong>xia,</strong></span> <span class='ocrx_word' id='word_1_441' title='bbox 573 3373 721 3411; x_wconf 90' lang='lat' dir='ltr'><strong>nunc</strong></span> <span class='ocrx_word' id='word_1_442' title='bbox 751 3373 880 3412; x_wconf 90' lang='lat' dir='ltr'><strong>vero</strong></span> <span class='ocrx_word' id='word_1_443' title='bbox 931 3359 1200 3428; x_wconf 90' lang='lat' dir='ltr'><strong>superiori</strong></span> <span class='ocrx_word' id='word_1_444' title='bbox 1237 3360 1555 3415; x_wconf 86' lang='lat' dir='ltr'><strong>conditione</strong></span> <span class='ocrx_word' id='word_1_445' title='bbox 1587 3360 1849 3429; x_wconf 78' lang='lat' dir='ltr'><strong>gaudent.</strong></span> 
     </span>
    </p>
   </div>
   <div class='ocr_carea' id='block_1_66' title="bbox 2102 2992 3684 3066">
    <p class='ocr_par' dir='ltr' id='par_1_66' title="bbox 2102 2992 3684 3066">
     <span class='ocr_line' id='line_1_66' title="bbox 2102 2992 3684 3066; baseline 0.004 -22"><span class='ocrx_word' id='word_1_446' title='bbox 2102 2993 2322 3057; x_wconf 81' lang='grc' dir='ltr'>πίζεται</span> <span class='ocrx_word' id='word_1_447' title='bbox 2366 2992 2422 3045; x_wconf 80' lang='grc' dir='ltr'>δὲ</span> <span class='ocrx_word' id='word_1_448' title='bbox 2479 2993 2548 3046; x_wconf 80' lang='grc' dir='ltr'>τὰ</span> <span class='ocrx_word' id='word_1_449' title='bbox 2613 2992 2911 3063; x_wconf 74' lang='grc' dir='ltr'>μεταλήψει</span> <span class='ocrx_word' id='word_1_450' title='bbox 2962 2994 3061 3064; x_wconf 80' lang='grc' dir='ltr'><strong>τῆς</strong></span> <span class='ocrx_word' id='word_1_451' title='bbox 3105 2994 3366 3065; x_wconf 80' lang='grc' dir='ltr'>καλλονῆς</span> <span class='ocrx_word' id='word_1_452' title='bbox 3396 2995 3489 3048; x_wconf 89' lang='grc' dir='ltr'><strong>τοῦ</strong></span> <span class='ocrx_word' id='word_1_453' title='bbox 3524 2998 3684 3066; x_wconf 86' lang='grc' dir='ltr'>ἁγια-</span> 
     </span>
    </p>
   </div>
   <div class='ocr_carea' id='block_1_67' title="bbox 2104 3084 3685 3160">
    <p class='ocr_par' dir='ltr' id='par_1_67' title="bbox 2104 3084 3685 3160">
     <span class='ocr_line' id='line_1_67' title="bbox 2104 3084 3685 3160; baseline 0.003 -23"><span class='ocrx_word' id='word_1_454' title='bbox 2104 3086 2241 3155; x_wconf 72' lang='grc' dir='ltr'>σμοῦ</span> <span class='ocrx_word' id='word_1_455' title='bbox 2298 3085 2366 3139; x_wconf 89' lang='grc' dir='ltr'><strong>τά</strong></span> <span class='ocrx_word' id='word_1_456' title='bbox 2428 3085 2590 3139; x_wconf 77' lang='grc' dir='ltr'>λοιπὰ</span> <span class='ocrx_word' id='word_1_457' title='bbox 2660 3084 2921 3139; x_wconf 86' lang='grc' dir='ltr'>σύνδουλα</span> <span class='ocrx_word' id='word_1_458' title='bbox 2989 3086 3301 3156; x_wconf 80' lang='grc' dir='ltr'>κτίσματα’</span> <span class='ocrx_word' id='word_1_459' title='bbox 3359 3087 3503 3141; x_wconf 74' lang='grc' dir='ltr'>οὕτω</span> <span class='ocrx_word' id='word_1_460' title='bbox 3574 3091 3685 3160; x_wconf 85' lang='grc' dir='ltr'>γὰρ</span> 
     </span>
    </p>
   </div>
   <div class='ocr_carea' id='block_1_68' title="bbox 2104 3176 3686 3253">
    <p class='ocr_par' dir='ltr' id='par_1_68' title="bbox 2104 3176 3686 3253">
     <span class='ocr_line' id='line_1_68' title="bbox 2104 3176 3686 3253; baseline -0.001 -19"><span class='ocrx_word' id='word_1_461' title='bbox 2104 3181 2319 3234; x_wconf 75' lang='grc' dir='ltr'>ᾶπαντα</span> <span class='ocrx_word' id='word_1_462' title='bbox 2348 3178 2468 3231; x_wconf 83' lang='grc' dir='ltr'>λίαν</span> <span class='ocrx_word' id='word_1_463' title='bbox 2514 3176 2656 3231; x_wconf 86' lang='grc' dir='ltr'><strong>καλά</strong></span> <span class='ocrx_word' id='word_1_464' title='bbox 2702 3177 2817 3231; x_wconf 76' lang='grc' dir='ltr'>ἔστι</span> <span class='ocrx_word' id='word_1_465' title='bbox 2847 3196 2905 3231; x_wconf 90' lang='grc' dir='ltr'><strong>τε</strong></span> <span class='ocrx_word' id='word_1_466' title='bbox 2941 3181 3034 3232; x_wconf 78' lang='grc' dir='ltr'><strong>καὶ</strong></span> <span class='ocrx_word' id='word_1_467' title='bbox 3065 3182 3301 3250; x_wconf 83' lang='grc' dir='ltr'>εἴρηται,</span> <span class='ocrx_word' id='word_1_468' title='bbox 3343 3181 3686 3253; x_wconf 71' lang='grc' dir='ltr'>δημιουργηο</span> 
     </span>
    </p>
   </div>
   <div class='ocr_carea' id='block_1_69' title="bbox 2101 3268 3685 3343">
    <p class='ocr_par' dir='ltr' id='par_1_69' title="bbox 2101 3268 3685 3343">
     <span class='ocr_line' id='line_1_69' title="bbox 2101 3268 3685 3343; baseline 0.001 -19"><span class='ocrx_word' id='word_1_469' title='bbox 2101 3271 2259 3324; x_wconf 80' lang='grc' dir='ltr'>θέντα</span> <span class='ocrx_word' id='word_1_470' title='bbox 2284 3270 2380 3339; x_wconf 79' lang='grc' dir='ltr'><strong>μὲν</strong></span> <span class='ocrx_word' id='word_1_471' title='bbox 2408 3268 2561 3337; x_wconf 74' lang='grc' dir='ltr'>παρὰ</span> <span class='ocrx_word' id='word_1_472' title='bbox 2584 3269 2798 3339; x_wconf 83' lang='grc' dir='ltr'>Πατρὸς</span> <span class='ocrx_word' id='word_1_473' title='bbox 2820 3269 2888 3322; x_wconf 80' lang='grc' dir='ltr'>δι’</span> <span class='ocrx_word' id='word_1_474' title='bbox 2913 3270 3065 3333; x_wconf 87' lang='grc' dir='ltr'>Υίοῦ,</span> <span class='ocrx_word' id='word_1_475' title='bbox 3109 3272 3600 3343; x_wconf 85' lang='grc' dir='ltr'>τελειουργηθέντα</span> <span class='ocrx_word' id='word_1_476' title='bbox 3624 3274 3685 3327; x_wconf 81' lang='grc' dir='ltr'>δὲ</span> 
     </span>
    </p>
   </div>
   <div class='ocr_carea' id='block_1_70' title="bbox 2099 3356 3687 3434">
    <p class='ocr_par' dir='ltr' id='par_1_70' title="bbox 2099 3356 3687 3434">
     <span class='ocr_line' id='line_1_70' title="bbox 2099 3356 3687 3434; baseline 0.003 -22"><span class='ocrx_word' id='word_1_477' title='bbox 2099 3366 2164 3432; x_wconf 82' lang='grc' dir='ltr'>τῇ</span> <span class='ocrx_word' id='word_1_478' title='bbox 2192 3360 2325 3431; x_wconf 72' lang='grc' dir='ltr'>ἁγία</span> <span class='ocrx_word' id='word_1_479' title='bbox 2375 3358 2469 3411; x_wconf 89' lang='grc' dir='ltr'><strong>τοῦ</strong></span> <span class='ocrx_word' id='word_1_480' title='bbox 2516 3356 2836 3429; x_wconf 76' lang='grc' dir='ltr'>Πνεύματος</span> <span class='ocrx_word' id='word_1_481' title='bbox 2873 3360 3177 3428; x_wconf 85' lang='grc' dir='ltr'>μεταδόσει.</span> <span class='ocrx_word' id='word_1_482' title='bbox 3222 3363 3289 3414; x_wconf 83' lang='lat' dir='ltr'><strong>&#39;A</strong></span> <span class='ocrx_word' id='word_1_483' title='bbox 3334 3365 3430 3417; x_wconf 72' lang='grc' dir='ltr'><strong>καὶ</strong></span> <span class='ocrx_word' id='word_1_484' title='bbox 3470 3365 3559 3417; x_wconf 77' lang='grc' dir='ltr'>διὰ</span> <span class='ocrx_word' id='word_1_485' title='bbox 3585 3364 3687 3434; x_wconf 78' lang='grc' dir='ltr'>τὴν</span> 
     </span>
    </p>
   </div>
   <div class='ocr_carea' id='block_1_71' title="bbox 418 3450 3684 3528">
    <p class='ocr_par' dir='ltr' id='par_1_71' title="bbox 418 3450 3684 3528">
     <span class='ocr_line' id='line_1_71' title="bbox 418 3450 3684 3528; baseline 0.003 -24"><span class='ocrx_word' id='word_1_486' title='bbox 418 3450 841 3504; x_wconf 74' lang='grc' dir='ltr'>ἐπεισελθοῦσαν</span> <span class='ocrx_word' id='word_1_487' title='bbox 864 3450 1141 3521; x_wconf 84' lang='grc' dir='ltr'>ἁμαρτίαν</span> <span class='ocrx_word' id='word_1_488' title='bbox 1171 3452 1398 3523; x_wconf 81' lang='grc' dir='ltr'>ἀπρεπῆ</span> <span class='ocrx_word' id='word_1_489' title='bbox 1424 3456 1488 3523; x_wconf 83' lang='grc' dir='ltr'>τῇ</span> <span class='ocrx_word' id='word_1_490' title='bbox 1522 3453 1992 3524; x_wconf 81' lang='grc' dir='ltr'>φθορᾷγεγονότα,</span> <span class='ocrx_word' id='word_1_491' title='bbox 2036 3458 2200 3513; x_wconf 72' lang='grc' dir='ltr'>πάλιν</span> <span class='ocrx_word' id='word_1_492' title='bbox 2269 3452 2371 3506; x_wconf 78' lang='grc' dir='ltr'>ὑπὸ</span> <span class='ocrx_word' id='word_1_493' title='bbox 2417 3452 2513 3504; x_wconf 90' lang='grc' dir='ltr'><strong>τοῦ</strong></span> <span class='ocrx_word' id='word_1_494' title='bbox 2563 3452 2772 3519; x_wconf 78' lang='grc' dir='ltr'>ἀγαθοῦ</span> <span class='ocrx_word' id='word_1_495' title='bbox 2821 3452 3135 3523; x_wconf 85' lang='grc' dir='ltr'>Πνεύματος</span> <span class='ocrx_word' id='word_1_496' title='bbox 3224 3461 3684 3528; x_wconf 78' lang='grc' dir='ltr'>κατακοσμεῖταιο</span> 
     </span>
    </p>
   </div>
   <div class='ocr_carea' id='block_1_72' title="bbox 417 3543 3687 3625">
    <p class='ocr_par' dir='ltr' id='par_1_72' title="bbox 417 3543 3687 3625">
     <span class='ocr_line' id='line_1_72' title="bbox 417 3543 3687 3625; baseline 0.002 -28"><span class='ocrx_word' id='word_1_497' title='bbox 417 3544 662 3614; x_wconf 87' lang='grc' dir='ltr'>ἀμείνονι</span> <span class='ocrx_word' id='word_1_498' title='bbox 688 3543 1023 3597; x_wconf 86' lang='grc' dir='ltr'>καταστάσει</span> <span class='ocrx_word' id='word_1_499' title='bbox 1056 3543 1157 3613; x_wconf 84' lang='grc' dir='ltr'>τῆς</span> <span class='ocrx_word' id='word_1_500' title='bbox 1191 3544 1465 3616; x_wconf 82' lang='grc' dir='ltr'>προτέρας</span> <span class='ocrx_word' id='word_1_501' title='bbox 1492 3546 1985 3619; x_wconf 76' lang='grc' dir='ltr'>ἀνακαινιξόμενα·</span> <span class='ocrx_word' id='word_1_502' title='bbox 2028 3554 2144 3619; x_wconf 80' lang='grc' dir='ltr'>εἴγε</span> <span class='ocrx_word' id='word_1_503' title='bbox 2199 3548 2315 3618; x_wconf 82' lang='grc' dir='ltr'>μετ’</span> <span class='ocrx_word' id='word_1_504' title='bbox 2378 3545 2594 3614; x_wconf 84' lang='grc' dir='ltr'>ἐκείνην</span> <span class='ocrx_word' id='word_1_505' title='bbox 2664 3544 2761 3615; x_wconf 74' lang='grc' dir='ltr'>μὲν</span> <span class='ocrx_word' id='word_1_506' title='bbox 2810 3546 3128 3617; x_wconf 73' lang='grc' dir='ltr'>συνετρίϐη,</span> <span class='ocrx_word' id='word_1_507' title='bbox 3178 3549 3319 3617; x_wconf 87' lang='grc' dir='ltr'><strong>μετά</strong></span> <span class='ocrx_word' id='word_1_508' title='bbox 3390 3549 3446 3602; x_wconf 89' lang='grc' dir='ltr'><strong>δέ</strong></span> <span class='ocrx_word' id='word_1_509' title='bbox 3480 3552 3687 3625; x_wconf 84' lang='grc' dir='ltr'>ταύτης</span> 
     </span>
    </p>
   </div>
   <div class='ocr_carea' id='block_1_73' title="bbox 416 3635 1275 3709">
    <p class='ocr_par' dir='ltr' id='par_1_73' title="bbox 416 3635 1275 3709">
     <span class='ocr_line' id='line_1_73' title="bbox 416 3635 1275 3709; baseline 0.002 -19"><span class='ocrx_word' id='word_1_510' title='bbox 416 3635 667 3709; x_wconf 86' lang='grc' dir='ltr'>ἀνώτερα</span> <span class='ocrx_word' id='word_1_511' title='bbox 695 3636 989 3708; x_wconf 79' lang='grc' dir='ltr'>συντριδῆς</span> <span class='ocrx_word' id='word_1_512' title='bbox 1010 3638 1078 3690; x_wconf 76' lang='grc' dir='ltr'>τὰ</span> <span class='ocrx_word' id='word_1_513' title='bbox 1116 3638 1275 3709; x_wconf 77' lang='grc' dir='ltr'>ἔργα.</span> 
     </span>
    </p>
   </div>
   <div class='ocr_carea' id='block_1_74' title="bbox 486 3728 2003 3802">
    <p class='ocr_par' dir='ltr' id='par_1_74' title="bbox 486 3728 2003 3802">
     <span class='ocr_line' id='line_1_74' title="bbox 486 3728 2003 3802; baseline 0.003 -19"><span class='ocrx_word' id='word_1_514' title='bbox 486 3728 778 3798; x_wconf 76' lang='lat' dir='ltr'><strong>lntelligis,</strong></span> <span class='ocrx_word' id='word_1_515' title='bbox 812 3729 954 3782; x_wconf 90' lang='lat' dir='ltr'><strong>inter</strong></span> <span class='ocrx_word' id='word_1_516' title='bbox 996 3743 1187 3783; x_wconf 87' lang='lat' dir='ltr'><strong>servos</strong></span> <span class='ocrx_word' id='word_1_517' title='bbox 1244 3728 1677 3798; x_wconf 89' lang='lat' dir='ltr'><strong>computandum</strong></span> <span class='ocrx_word' id='word_1_518' title='bbox 1737 3732 2003 3802; x_wconf 80' lang='lat' dir='ltr'><strong>Spiritum</strong></span> 
     </span>
    </p>
   </div>
   <div class='ocr_carea' id='block_1_75' title="bbox 418 3821 2007 3890">
    <p class='ocr_par' dir='ltr' id='par_1_75' title="bbox 418 3821 2007 3890">
     <span class='ocr_line' id='line_1_75' title="bbox 418 3821 2007 3890; baseline 0.001 -14"><span class='ocrx_word' id='word_1_519' title='bbox 418 3836 528 3876; x_wconf 90' lang='lat' dir='ltr'><strong>non</strong></span> <span class='ocrx_word' id='word_1_520' title='bbox 558 3836 702 3885; x_wconf 90' lang='lat' dir='ltr'><strong>esse,</strong></span> <span class='ocrx_word' id='word_1_521' title='bbox 767 3835 863 3890; x_wconf 89' lang='lat' dir='ltr'><strong>per</strong></span> <span class='ocrx_word' id='word_1_522' title='bbox 901 3834 1064 3890; x_wconf 89' lang='lat' dir='ltr'><strong>quem</strong></span> <span class='ocrx_word' id='word_1_523' title='bbox 1112 3821 1181 3873; x_wconf 91' lang='lat' dir='ltr'><strong>ad</strong></span> <span class='ocrx_word' id='word_1_524' title='bbox 1243 3822 1678 3888; x_wconf 69' lang='lat' dir='ltr'><strong>praestantiorem</strong></span> <span class='ocrx_word' id='word_1_525' title='bbox 1742 3824 2007 3877; x_wconf 81' lang='lat' dir='ltr'><strong>anteriori</strong></span> 
     </span>
    </p>
   </div>
   <div class='ocr_carea' id='block_1_76' title="bbox 421 3909 2007 3983">
    <p class='ocr_par' dir='ltr' id='par_1_76' title="bbox 421 3909 2007 3983">
     <span class='ocr_line' id='line_1_76' title="bbox 421 3909 2007 3983; baseline 0.001 -16"><span class='ocrx_word' id='word_1_526' title='bbox 421 3921 625 3967; x_wconf 90' lang='lat' dir='ltr'><strong>statum</strong></span> <span class='ocrx_word' id='word_1_527' title='bbox 654 3911 819 3966; x_wconf 88' lang='lat' dir='ltr'><strong>homo</strong></span> <span class='ocrx_word' id='word_1_528' title='bbox 841 3911 1074 3965; x_wconf 89' lang='lat' dir='ltr'><strong>eductus</strong></span> <span class='ocrx_word' id='word_1_529' title='bbox 1097 3917 1204 3965; x_wconf 92' lang='lat' dir='ltr'><strong>est.</strong></span> <span class='ocrx_word' id='word_1_530' title='bbox 1239 3909 1356 3964; x_wconf 85' lang='lat' dir='ltr'><strong>Non</strong></span> <span class='ocrx_word' id='word_1_531' title='bbox 1385 3912 1531 3965; x_wconf 90' lang='lat' dir='ltr'><strong>enim</strong></span> <span class='ocrx_word' id='word_1_532' title='bbox 1560 3914 1798 3983; x_wconf 85' lang='lat' dir='ltr'><strong>amplius</strong></span> <span class='ocrx_word' id='word_1_533' title='bbox 1827 3931 1855 3968; x_wconf 87' lang='lat' dir='ltr'><strong>a</strong></span> <span class='ocrx_word' id='word_1_534' title='bbox 1882 3930 2007 3968; x_wconf 84' lang='lat' dir='ltr'><strong>cor-</strong></span> 
     </span>
    </p>
   </div>
   <div class='ocr_carea' id='block_1_77' title="bbox 2186 3721 3689 3802">
    <p class='ocr_par' dir='ltr' id='par_1_77' title="bbox 2186 3721 3689 3802">
     <span class='ocr_line' id='line_1_77' title="bbox 2186 3721 3689 3802; baseline 0 -25"><span class='ocrx_word' id='word_1_535' title='bbox 2186 3725 2349 3796; x_wconf 78' lang='grc' dir='ltr'>⁹ορᾷς</span> <span class='ocrx_word' id='word_1_536' title='bbox 2381 3725 2529 3785; x_wconf 76' lang='grc' dir='ltr'>ὅπως</span> <span class='ocrx_word' id='word_1_537' title='bbox 2570 3722 2630 3775; x_wconf 74' lang='grc' dir='ltr'>οὗ</span> <span class='ocrx_word' id='word_1_538' title='bbox 2679 3721 2865 3776; x_wconf 84' lang='grc' dir='ltr'>δοῦλον</span> <span class='ocrx_word' id='word_1_539' title='bbox 2914 3722 2973 3777; x_wconf 73' lang='grc' dir='ltr'>τὸ</span> <span class='ocrx_word' id='word_1_540' title='bbox 3013 3722 3260 3797; x_wconf 84' lang='grc' dir='ltr'>Πνεῦμα.</span> <span class='ocrx_word' id='word_1_541' title='bbox 3297 3728 3359 3782; x_wconf 76' lang='grc' dir='ltr'><strong>τὸ</strong></span> <span class='ocrx_word' id='word_1_542' title='bbox 3381 3729 3481 3802; x_wconf 83' lang='grc' dir='ltr'><strong>τὴν</strong></span> <span class='ocrx_word' id='word_1_543' title='bbox 3506 3732 3689 3786; x_wconf 86' lang='grc' dir='ltr'>κτίσιν</span> 
     </span>
    </p>
   </div>
   <div class='ocr_carea' id='block_1_78' title="bbox 2105 3815 3687 3898">
    <p class='ocr_par' dir='ltr' id='par_1_78' title="bbox 2105 3815 3687 3898">
     <span class='ocr_line' id='line_1_78' title="bbox 2105 3815 3687 3898; baseline 0.013 -37"><span class='ocrx_word' id='word_1_544' title='bbox 2105 3819 2556 3892; x_wconf 65' lang='grc' dir='ltr'>εὐπρεπεστέραν</span> <span class='ocrx_word' id='word_1_545' title='bbox 2609 3821 2878 3887; x_wconf 81' lang='grc' dir='ltr'>ποιῆσαν,</span> <span class='ocrx_word' id='word_1_546' title='bbox 2928 3815 2995 3890; x_wconf 81' lang='grc' dir='ltr'>ἦς</span> <span class='ocrx_word' id='word_1_547' title='bbox 3053 3822 3366 3893; x_wconf 83' lang='grc' dir='ltr'>μετειλήχει</span> <span class='ocrx_word' id='word_1_548' title='bbox 3418 3827 3687 3898; x_wconf 84' lang='grc' dir='ltr'>πρότερον</span> 
     </span>
    </p>
   </div>
   <div class='ocr_carea' id='block_1_79' title="bbox 2102 3911 3685 3990">
    <p class='ocr_par' dir='ltr' id='par_1_79' title="bbox 2102 3911 3685 3990">
     <span class='ocr_line' id='line_1_79' title="bbox 2102 3911 3685 3990; baseline 0.001 -24"><span class='ocrx_word' id='word_1_549' title='bbox 2102 3912 2512 3974; x_wconf 82' lang='grc' dir='ltr'>καταστάσεως.</span> <span class='ocrx_word' id='word_1_550' title='bbox 2537 3911 2611 3963; x_wconf 80' lang='grc' dir='ltr'><strong>Οὐ</strong></span> <span class='ocrx_word' id='word_1_551' title='bbox 2642 3911 2752 3981; x_wconf 84' lang='grc' dir='ltr'>γὰρ</span> <span class='ocrx_word' id='word_1_552' title='bbox 2782 3912 2861 3963; x_wconf 81' lang='grc' dir='ltr'><strong>ἐτι</strong></span> <span class='ocrx_word' id='word_1_553' title='bbox 2889 3912 3064 3981; x_wconf 81' lang='grc' dir='ltr'>φθορά</span> <span class='ocrx_word' id='word_1_554' title='bbox 3099 3914 3240 3967; x_wconf 78' lang='grc' dir='ltr'>κατὰ</span> <span class='ocrx_word' id='word_1_555' title='bbox 3266 3915 3469 3987; x_wconf 85' lang='grc' dir='ltr'>ταύτης</span> <span class='ocrx_word' id='word_1_556' title='bbox 3493 3922 3685 3990; x_wconf 73' lang='grc' dir='ltr'>χωρεῖ,</span> 
     </span>
    </p>
   </div>
   <div class='ocr_carea' id='block_1_80' title="bbox 420 4003 2000 4077">
    <p class='ocr_par' dir='ltr' id='par_1_80' title="bbox 420 4003 2000 4077">
     <span class='ocr_line' id='line_1_80' title="bbox 420 4003 2000 4077; baseline 0.002 -18"><span class='ocrx_word' id='word_1_557' title='bbox 420 4005 672 4073; x_wconf 86' lang='lat' dir='ltr'><strong>ruptione</strong></span> <span class='ocrx_word' id='word_1_558' title='bbox 699 4003 1078 4066; x_wconf 87' lang='lat' dir='ltr'><strong>metuendum,</strong></span> <span class='ocrx_word' id='word_1_559' title='bbox 1114 4019 1279 4073; x_wconf 90' lang='lat' dir='ltr'><strong>quam</strong></span> <span class='ocrx_word' id='word_1_560' title='bbox 1315 4004 1731 4073; x_wconf 80' lang='lat' dir='ltr'><strong>incorruptione</strong></span> <span class='ocrx_word' id='word_1_561' title='bbox 1753 4023 1852 4076; x_wconf 90' lang='lat' dir='ltr'><strong>per</strong></span> <span class='ocrx_word' id='word_1_562' title='bbox 1879 4007 2000 4077; x_wconf 78' lang='lat' dir='ltr'><strong>Spi-</strong></span> 
     </span>
    </p>
   </div>
   <div class='ocr_carea' id='block_1_81' title="bbox 2104 4003 3684 4077">
    <p class='ocr_par' dir='ltr' id='par_1_81' title="bbox 2104 4003 3684 4077">
     <span class='ocr_line' id='line_1_81' title="bbox 2104 4003 3684 4077; baseline 0.003 -17"><span class='ocrx_word' id='word_1_563' title='bbox 2104 4007 2178 4077; x_wconf 85' lang='grc' dir='ltr'>τῷ</span> <span class='ocrx_word' id='word_1_564' title='bbox 2211 4005 2469 4075; x_wconf 83' lang='grc' dir='ltr'>ἀναιρέτῃ</span> <span class='ocrx_word' id='word_1_565' title='bbox 2495 4004 2652 4073; x_wconf 85' lang='grc' dir='ltr'><strong>Λόγῳ</strong></span> <span class='ocrx_word' id='word_1_566' title='bbox 2684 4003 3137 4074; x_wconf 82' lang='grc' dir='ltr'>προσομιλήσασα</span> <span class='ocrx_word' id='word_1_567' title='bbox 3172 4007 3265 4058; x_wconf 77' lang='grc' dir='ltr'><strong>καὶ</strong></span> <span class='ocrx_word' id='word_1_568' title='bbox 3290 4010 3684 4077; x_wconf 85' lang='grc' dir='ltr'>καταποθεῖσα,</span> 
     </span>
    </p>
   </div>
   <div class='ocr_carea' id='block_1_82' title="bbox 420 4095 1997 4165">
    <p class='ocr_par' dir='ltr' id='par_1_82' title="bbox 420 4095 1997 4165">
     <span class='ocr_line' id='line_1_82' title="bbox 420 4095 1997 4165; baseline 0.001 -14"><span class='ocrx_word' id='word_1_569' title='bbox 420 4099 588 4151; x_wconf 88' lang='lat' dir='ltr'><strong>ritum</strong></span> <span class='ocrx_word' id='word_1_570' title='bbox 621 4107 873 4150; x_wconf 85' lang='lat' dir='ltr'><strong>sanctum</strong></span> <span class='ocrx_word' id='word_1_571' title='bbox 911 4096 1133 4149; x_wconf 90' lang='lat' dir='ltr'><strong>inducta</strong></span> <span class='ocrx_word' id='word_1_572' title='bbox 1166 4095 1471 4165; x_wconf 82' lang='lat' dir='ltr'><strong>proﬂigavit</strong></span> <span class='ocrx_word' id='word_1_573' title='bbox 1494 4096 1754 4163; x_wconf 84' lang='lat' dir='ltr'><strong>Verbum,</strong></span> <span class='ocrx_word' id='word_1_574' title='bbox 1779 4108 1835 4153; x_wconf 88' lang='lat' dir='ltr'><strong>et</strong></span> <span class='ocrx_word' id='word_1_575' title='bbox 1863 4100 1997 4153; x_wconf 85' lang='lat' dir='ltr'><strong>abo-</strong></span> 
     </span>
    </p>
   </div>
   <div class='ocr_carea' id='block_1_83' title="bbox 421 4187 1995 4259">
    <p class='ocr_par' dir='ltr' id='par_1_83' title="bbox 421 4187 1995 4259">
     <span class='ocr_line' id='line_1_83' title="bbox 421 4187 1995 4259; baseline 0.001 -16"><span class='ocrx_word' id='word_1_576' title='bbox 421 4189 550 4244; x_wconf 79' lang='lat' dir='ltr'><strong>levit</strong></span> <span class='ocrx_word' id='word_1_577' title='bbox 582 4204 595 4239; x_wconf 90' lang='lat'>:</span> <span class='ocrx_word' id='word_1_578' title='bbox 628 4187 884 4257; x_wconf 88' lang='lat' dir='ltr'><strong>idemque</strong></span> <span class='ocrx_word' id='word_1_579' title='bbox 918 4187 988 4241; x_wconf 92' lang='lat' dir='ltr'><strong>ob</strong></span> <span class='ocrx_word' id='word_1_580' title='bbox 1024 4196 1229 4241; x_wconf 86' lang='lat' dir='ltr'><strong>tantam</strong></span> <span class='ocrx_word' id='word_1_581' title='bbox 1260 4188 1540 4242; x_wconf 87' lang='lat' dir='ltr'><strong>victoriam</strong></span> <span class='ocrx_word' id='word_1_582' title='bbox 1589 4199 1817 4259; x_wconf 89' lang='lat' dir='ltr'><strong>paterno</strong></span> <span class='ocrx_word' id='word_1_583' title='bbox 1841 4192 1995 4245; x_wconf 86' lang='lat' dir='ltr'><strong>thro-</strong></span> 
     </span>
    </p>
   </div>
   <div class='ocr_carea' id='block_1_84' title="bbox 420 4280 1995 4352">
    <p class='ocr_par' dir='ltr' id='par_1_84' title="bbox 420 4280 1995 4352">
     <span class='ocr_line' id='line_1_84' title="bbox 420 4280 1995 4352; baseline 0.001 -16"><span class='ocrx_word' id='word_1_584' title='bbox 420 4297 516 4346; x_wconf 91' lang='lat' dir='ltr'><strong>no,</strong></span> <span class='ocrx_word' id='word_1_585' title='bbox 544 4296 576 4335; x_wconf 88' lang='lat' dir='ltr'><strong>a</strong></span> <span class='ocrx_word' id='word_1_586' title='bbox 612 4296 722 4352; x_wconf 92' lang='lat' dir='ltr'><strong>quo</strong></span> <span class='ocrx_word' id='word_1_587' title='bbox 752 4296 1031 4350; x_wconf 87' lang='lat' dir='ltr'><strong>nunquam</strong></span> <span class='ocrx_word' id='word_1_588' title='bbox 1058 4280 1309 4336; x_wconf 86' lang='lat' dir='ltr'><strong>divulsus</strong></span> <span class='ocrx_word' id='word_1_589' title='bbox 1338 4280 1540 4347; x_wconf 77' lang='lat' dir='ltr'><strong>fuerat,</strong></span> <span class='ocrx_word' id='word_1_590' title='bbox 1568 4282 1834 4349; x_wconf 86' lang='lat' dir='ltr'><strong>insidens,</strong></span> <span class='ocrx_word' id='word_1_591' title='bbox 1862 4298 1995 4338; x_wconf 90' lang='lat' dir='ltr'><strong>con-</strong></span> 
     </span>
    </p>
   </div>
   <div class='ocr_carea' id='block_1_85' title="bbox 2102 4084 3686 4169">
    <p class='ocr_par' dir='ltr' id='par_1_85' title="bbox 2102 4084 3686 4169">
     <span class='ocr_line' id='line_1_85' title="bbox 2102 4084 3686 4169; baseline 0 -16"><span class='ocrx_word' id='word_1_592' title='bbox 2102 4100 2198 4153; x_wconf 75' lang='grc' dir='ltr'><strong>καὶ</strong></span> <span class='ocrx_word' id='word_1_593' title='bbox 2220 4097 2470 4153; x_wconf 81' lang='grc' dir='ltr'>διἀύτοῦ</span> <span class='ocrx_word' id='word_1_594' title='bbox 2500 4098 2560 4149; x_wconf 88' lang='grc' dir='ltr'><strong>ἐν</strong></span> <span class='ocrx_word' id='word_1_595' title='bbox 2582 4096 2723 4166; x_wconf 83' lang='grc' dir='ltr'>ἁγίῳ</span> <span class='ocrx_word' id='word_1_596' title='bbox 2770 4094 3071 4169; x_wconf 45' lang='grc' dir='ltr'>Πνεύματι.</span> <span class='ocrx_word' id='word_1_597' title='bbox 3090 4084 3403 4167; x_wconf 72' lang='grc' dir='ltr'>ἀφθαρσίας</span> <span class='ocrx_word' id='word_1_598' title='bbox 3441 4100 3686 4166; x_wconf 81' lang='grc' dir='ltr'>ἐγκαινι-</span> 
     </span>
    </p>
   </div>
   <div class='ocr_carea' id='block_1_86' title="bbox 2107 4182 3683 4263">
    <p class='ocr_par' dir='ltr' id='par_1_86' title="bbox 2107 4182 3683 4263">
     <span class='ocr_line' id='line_1_86' title="bbox 2107 4182 3683 4263; baseline -0.003 -19"><span class='ocrx_word' id='word_1_599' title='bbox 2107 4191 2346 4263; x_wconf 88' lang='grc' dir='ltr'>σθείσης.</span> <span class='ocrx_word' id='word_1_600' title='bbox 2390 4191 2489 4252; x_wconf 87' lang='grc' dir='ltr'>Ὃς</span> <span class='ocrx_word' id='word_1_601' title='bbox 2511 4188 2603 4241; x_wconf 75' lang='grc' dir='ltr'><strong>ἐπὶ</strong></span> <span class='ocrx_word' id='word_1_602' title='bbox 2624 4186 2870 4257; x_wconf 83' lang='grc' dir='ltr'>τροπαίῳ</span> <span class='ocrx_word' id='word_1_603' title='bbox 2926 4186 3165 4257; x_wconf 85' lang='grc' dir='ltr'>τοσούτῳ</span> <span class='ocrx_word' id='word_1_604' title='bbox 3199 4187 3336 4256; x_wconf 85' lang='grc' dir='ltr'>πρὸς</span> <span class='ocrx_word' id='word_1_605' title='bbox 3381 4190 3471 4242; x_wconf 82' lang='grc' dir='ltr'><strong>τὸν</strong></span> <span class='ocrx_word' id='word_1_606' title='bbox 3512 4182 3574 4241; x_wconf 79' lang='grc' dir='ltr'><strong>οῦ</strong></span> <span class='ocrx_word' id='word_1_607' title='bbox 3606 4191 3683 4262; x_wconf 78' lang='grc' dir='ltr'>μὴ</span> 
     </span>
    </p>
   </div>
   <div class='ocr_carea' id='block_1_87' title="bbox 2100 4277 3682 4353">
    <p class='ocr_par' dir='ltr' id='par_1_87' title="bbox 2100 4277 3682 4353">
     <span class='ocr_line' id='line_1_87' title="bbox 2100 4277 3682 4353; baseline -0.001 -16"><span class='ocrx_word' id='word_1_608' title='bbox 2100 4285 2282 4353; x_wconf 84' lang='grc' dir='ltr'>διέστη</span> <span class='ocrx_word' id='word_1_609' title='bbox 2310 4282 2498 4353; x_wconf 85' lang='grc' dir='ltr'>θρόνον</span> <span class='ocrx_word' id='word_1_610' title='bbox 2531 4277 2782 4351; x_wconf 83' lang='grc' dir='ltr'>πατρῷον</span> <span class='ocrx_word' id='word_1_611' title='bbox 2808 4278 3057 4342; x_wconf 86' lang='grc' dir='ltr'>καθίσας,</span> <span class='ocrx_word' id='word_1_612' title='bbox 3076 4281 3173 4332; x_wconf 80' lang='grc' dir='ltr'>καὶ</span> <span class='ocrx_word' id='word_1_613' title='bbox 3187 4279 3472 4351; x_wconf 89' lang='grc' dir='ltr'>σύνθρονον</span> <span class='ocrx_word' id='word_1_614' title='bbox 3491 4284 3682 4352; x_wconf 79' lang='grc' dir='ltr'>Παρά-</span> 
     </span>
    </p>
   </div>
   <div class='ocr_carea' id='block_1_88' title="bbox 421 4361 2000 4448">
    <p class='ocr_par' dir='ltr' id='par_1_88' title="bbox 421 4372 2000 4445">
     <span class='ocr_line' id='line_1_88' title="bbox 421 4372 2000 4445; baseline 0 -15"><span class='ocrx_word' id='word_1_615' title='bbox 421 4374 633 4431; x_wconf 86' lang='lat' dir='ltr'><strong>socium</strong></span> <span class='ocrx_word' id='word_1_616' title='bbox 697 4372 1029 4426; x_wconf 88' lang='lat' dir='ltr'><strong>Paraclitum</strong></span> <span class='ocrx_word' id='word_1_617' title='bbox 1105 4373 1291 4439; x_wconf 91' lang='lat' dir='ltr'><strong>misit;</strong></span> <span class='ocrx_word' id='word_1_618' title='bbox 1343 4388 1437 4442; x_wconf 87' lang='lat' dir='ltr'><strong>per</strong></span> <span class='ocrx_word' id='word_1_619' title='bbox 1484 4388 1642 4445; x_wconf 88' lang='lat' dir='ltr'><strong>quem</strong></span> <span class='ocrx_word' id='word_1_620' title='bbox 1685 4389 1809 4428; x_wconf 92' lang='lat' dir='ltr'><strong>cum</strong></span> <span class='ocrx_word' id='word_1_621' title='bbox 1880 4376 2000 4445; x_wconf 84' lang='lat' dir='ltr'><strong>ejus</strong></span> 
     </span>
    </p>
   </div>
   <div class='ocr_carea' id='block_1_89' title="bbox 2104 4361 3682 4448">
    <p class='ocr_par' dir='ltr' id='par_1_89' title="bbox 2111 4370 3682 4448">
     <span class='ocr_line' id='line_1_89' title="bbox 2111 4370 3682 4448; baseline -0.001 -18"><span class='ocrx_word' id='word_1_622' title='bbox 2111 4377 2305 4448; x_wconf 89' lang='grc' dir='ltr'>κλητον</span> <span class='ocrx_word' id='word_1_623' title='bbox 2345 4373 2749 4440; x_wconf 76' lang='grc' dir='ltr'>ἐξαπέστειλεν,</span> <span class='ocrx_word' id='word_1_624' title='bbox 2808 4370 2925 4442; x_wconf 75' lang='grc' dir='ltr'><strong>ἅμα</strong></span> <span class='ocrx_word' id='word_1_625' title='bbox 2990 4372 3089 4442; x_wconf 78' lang='grc' dir='ltr'><strong>μὲν</strong></span> <span class='ocrx_word' id='word_1_626' title='bbox 3130 4373 3230 4442; x_wconf 78' lang='grc' dir='ltr'><strong>τὴν</strong></span> <span class='ocrx_word' id='word_1_627' title='bbox 3266 4373 3476 4426; x_wconf 86' lang='grc' dir='ltr'>ἐκείνου</span> <span class='ocrx_word' id='word_1_628' title='bbox 3524 4374 3682 4438; x_wconf 83' lang='grc' dir='ltr'>δόξαν</span> 
     </span>
    </p>
   </div>
   <div class='ocr_carea' id='block_1_90' title="bbox 422 4464 2000 4536">
    <p class='ocr_par' dir='ltr' id='par_1_90' title="bbox 422 4464 2000 4536">
     <span class='ocr_line' id='line_1_90' title="bbox 422 4464 2000 4536; baseline 0.002 -17"><span class='ocrx_word' id='word_1_629' title='bbox 422 4466 593 4536; x_wconf 88' lang='lat' dir='ltr'><strong>gloria</strong></span> <span class='ocrx_word' id='word_1_630' title='bbox 624 4464 923 4536; x_wconf 79' lang='lat' dir='ltr'><strong>pateﬁeret,</strong></span> <span class='ocrx_word' id='word_1_631' title='bbox 958 4474 1069 4519; x_wconf 93' lang='lat' dir='ltr'><strong>tum</strong></span> <span class='ocrx_word' id='word_1_632' title='bbox 1103 4464 1167 4518; x_wconf 92' lang='lat' dir='ltr'><strong>ad</strong></span> <span class='ocrx_word' id='word_1_633' title='bbox 1196 4481 1351 4519; x_wconf 87' lang='lat' dir='ltr'><strong>suam</strong></span> <span class='ocrx_word' id='word_1_634' title='bbox 1380 4474 1631 4521; x_wconf 86' lang='lat' dir='ltr'><strong>creatura</strong></span> <span class='ocrx_word' id='word_1_635' title='bbox 1662 4466 2000 4522; x_wconf 84' lang='lat' dir='ltr'><strong>manuduce-</strong></span> 
     </span>
    </p>
   </div>
   <div class='ocr_carea' id='block_1_91' title="bbox 420 4555 2000 4631">
    <p class='ocr_par' dir='ltr' id='par_1_91' title="bbox 420 4555 2000 4631">
     <span class='ocr_line' id='line_1_91' title="bbox 420 4555 2000 4631; baseline 0.004 -22"><span class='ocrx_word' id='word_1_636' title='bbox 420 4567 576 4611; x_wconf 88' lang='lat' dir='ltr'><strong>retur</strong></span> <span class='ocrx_word' id='word_1_637' title='bbox 610 4571 624 4608; x_wconf 88' lang='lat'><strong>:</strong></span> <span class='ocrx_word' id='word_1_638' title='bbox 662 4555 977 4626; x_wconf 86' lang='lat' dir='ltr'><strong>pariterque</strong></span> <span class='ocrx_word' id='word_1_639' title='bbox 1006 4566 1065 4611; x_wconf 91' lang='lat' dir='ltr'><strong>ut</strong></span> <span class='ocrx_word' id='word_1_640' title='bbox 1088 4557 1468 4629; x_wconf 84' lang='lat' dir='ltr'><strong>disjectisjam</strong></span> <span class='ocrx_word' id='word_1_641' title='bbox 1510 4574 1539 4612; x_wconf 91' lang='lat' dir='ltr'><strong>a</strong></span> <span class='ocrx_word' id='word_1_642' title='bbox 1562 4560 1851 4631; x_wconf 86' lang='lat' dir='ltr'><strong>splendore</strong></span> <span class='ocrx_word' id='word_1_643' title='bbox 1892 4560 2000 4615; x_wconf 89' lang='lat' dir='ltr'><strong>Pa-</strong></span> 
     </span>
    </p>
   </div>
   <div class='ocr_carea' id='block_1_92' title="bbox 421 4648 1998 4726">
    <p class='ocr_par' dir='ltr' id='par_1_92' title="bbox 421 4648 1998 4726">
     <span class='ocr_line' id='line_1_92' title="bbox 421 4648 1998 4726; baseline 0.005 -25"><span class='ocrx_word' id='word_1_644' title='bbox 421 4648 522 4703; x_wconf 87' lang='lat' dir='ltr'><strong>tris</strong></span> <span class='ocrx_word' id='word_1_645' title='bbox 548 4648 846 4718; x_wconf 86' lang='lat' dir='ltr'><strong>impietatis</strong></span> <span class='ocrx_word' id='word_1_646' title='bbox 897 4649 1162 4715; x_wconf 86' lang='lat' dir='ltr'><strong>tenebris,</strong></span> <span class='ocrx_word' id='word_1_647' title='bbox 1193 4666 1222 4703; x_wconf 89' lang='lat' dir='ltr'><strong>a</strong></span> <span class='ocrx_word' id='word_1_648' title='bbox 1268 4654 1729 4707; x_wconf 86' lang='lat' dir='ltr'><strong>consubstantiali</strong></span> <span class='ocrx_word' id='word_1_649' title='bbox 1755 4671 1998 4726; x_wconf 88' lang='lat' dir='ltr'><strong>quoque,</strong></span> 
     </span>
    </p>
   </div>
   <div class='ocr_carea' id='block_1_93' title="bbox 419 4740 1999 4811">
    <p class='ocr_par' dir='ltr' id='par_1_93' title="bbox 419 4740 1999 4811">
     <span class='ocr_line' id='line_1_93' title="bbox 419 4740 1999 4811; baseline 0.006 -16"><span class='ocrx_word' id='word_1_650' title='bbox 419 4747 474 4795; x_wconf 90' lang='lat' dir='ltr'><strong>et</strong></span> <span class='ocrx_word' id='word_1_651' title='bbox 523 4740 867 4796; x_wconf 91' lang='lat' dir='ltr'><strong>illuminaute</strong></span> <span class='ocrx_word' id='word_1_652' title='bbox 915 4740 1119 4811; x_wconf 87' lang='lat' dir='ltr'><strong>Spiritu</strong></span> <span class='ocrx_word' id='word_1_653' title='bbox 1183 4744 1406 4799; x_wconf 89' lang='lat' dir='ltr'><strong>obscuri</strong></span> <span class='ocrx_word' id='word_1_654' title='bbox 1467 4748 1874 4803; x_wconf 89' lang='lat' dir='ltr'><strong>illustrarentur</strong></span> <span class='ocrx_word' id='word_1_655' title='bbox 1933 4750 1999 4804; x_wconf 74' lang='grc'><strong>’³.</strong></span> 
     </span>
    </p>
   </div>
   <div class='ocr_carea' id='block_1_94' title="bbox 421 4829 2000 4910">
    <p class='ocr_par' dir='ltr' id='par_1_94' title="bbox 421 4829 2000 4910">
     <span class='ocr_line' id='line_1_94' title="bbox 421 4829 2000 4910; baseline 0.008 -27"><span class='ocrx_word' id='word_1_656' title='bbox 421 4829 582 4886; x_wconf 84' lang='lat' dir='ltr'><strong>Venit</strong></span> <span class='ocrx_word' id='word_1_657' title='bbox 618 4848 750 4903; x_wconf 88' lang='lat' dir='ltr'><strong>ergo</strong></span> <span class='ocrx_word' id='word_1_658' title='bbox 776 4833 831 4887; x_wconf 92' lang='lat' dir='ltr'><strong>in</strong></span> <span class='ocrx_word' id='word_1_659' title='bbox 875 4833 1075 4904; x_wconf 88' lang='lat' dir='ltr'><strong>linguis</strong></span> <span class='ocrx_word' id='word_1_660' title='bbox 1109 4834 1281 4903; x_wconf 84' lang='lat' dir='ltr'><strong>igneis</strong></span> <span class='ocrx_word' id='word_1_661' title='bbox 1302 4839 1575 4906; x_wconf 82' lang='lat' dir='ltr'><strong>corporali</strong></span> <span class='ocrx_word' id='word_1_662' title='bbox 1605 4839 1771 4894; x_wconf 87' lang='lat' dir='ltr'><strong>simul</strong></span> <span class='ocrx_word' id='word_1_663' title='bbox 1795 4842 2000 4910; x_wconf 88' lang='lat' dir='ltr'><strong>specie,</strong></span> 
     </span>
    </p>
   </div>
   <div class='ocr_carea' id='block_1_95' title="bbox 420 4924 1998 4999">
    <p class='ocr_par' dir='ltr' id='par_1_95' title="bbox 420 4924 1998 4999">
     <span class='ocr_line' id='line_1_95' title="bbox 420 4924 1998 4999; baseline 0.006 -22"><span class='ocrx_word' id='word_1_664' title='bbox 420 4931 475 4978; x_wconf 86' lang='lat' dir='ltr'><strong>et</strong></span> <span class='ocrx_word' id='word_1_665' title='bbox 496 4924 680 4979; x_wconf 90' lang='lat' dir='ltr'><strong>divina</strong></span> <span class='ocrx_word' id='word_1_666' title='bbox 714 4940 730 4979; x_wconf 91' lang='lat'><strong>:</strong></span> <span class='ocrx_word' id='word_1_667' title='bbox 761 4926 864 4985; x_wconf 86' lang='lat' dir='ltr'><strong>hac</strong></span> <span class='ocrx_word' id='word_1_668' title='bbox 906 4927 1124 4997; x_wconf 89' lang='lat' dir='ltr'><strong>quidem</strong></span> <span class='ocrx_word' id='word_1_669' title='bbox 1170 4936 1229 4981; x_wconf 91' lang='lat' dir='ltr'><strong>ut</strong></span> <span class='ocrx_word' id='word_1_670' title='bbox 1270 4928 1607 4984; x_wconf 88' lang='lat' dir='ltr'><strong>divinitatem</strong></span> <span class='ocrx_word' id='word_1_671' title='bbox 1661 4933 1998 4999; x_wconf 86' lang='lat' dir='ltr'><strong>ostenderet,</strong></span> 
     </span>
    </p>
   </div>
   <div class='ocr_carea' id='block_1_96' title="bbox 422 5016 1995 5092">
    <p class='ocr_par' dir='ltr' id='par_1_96' title="bbox 422 5016 1995 5092">
     <span class='ocr_line' id='line_1_96' title="bbox 422 5016 1995 5092; baseline 0.006 -22"><span class='ocrx_word' id='word_1_672' title='bbox 422 5016 563 5070; x_wconf 80' lang='lat' dir='ltr'><strong>Deus</strong></span> <span class='ocrx_word' id='word_1_673' title='bbox 588 5017 732 5071; x_wconf 88' lang='lat' dir='ltr'><strong>enim</strong></span> <span class='ocrx_word' id='word_1_674' title='bbox 763 5028 936 5073; x_wconf 78' lang='lat' dir='ltr'><strong>noster</strong></span> <span class='ocrx_word' id='word_1_675' title='bbox 965 5021 1101 5089; x_wconf 75' lang='lat' dir='ltr'><strong>ignis</strong></span> <span class='ocrx_word' id='word_1_676' title='bbox 1132 5036 1443 5075; x_wconf 73' lang='lat' dir='ltr'><strong>consumens</strong></span> <span class='ocrx_word' id='word_1_677' title='bbox 1477 5031 1555 5076; x_wconf 75' lang='lat' dir='ltr'><strong>est</strong></span> <span class='ocrx_word' id='word_1_678' title='bbox 1593 5024 1666 5089; x_wconf 86' lang='grc'><strong>¹⁹;</strong></span> <span class='ocrx_word' id='word_1_679' title='bbox 1725 5024 1814 5077; x_wconf 91' lang='lat' dir='ltr'><strong>illa</strong></span> <span class='ocrx_word' id='word_1_680' title='bbox 1847 5041 1995 5092; x_wconf 90' lang='lat' dir='ltr'><strong>vero,</strong></span> 
     </span>
    </p>
   </div>
   <div class='ocr_carea' id='block_1_97' title="bbox 424 5108 2004 5184">
    <p class='ocr_par' dir='ltr' id='par_1_97' title="bbox 424 5108 2004 5184">
     <span class='ocr_line' id='line_1_97' title="bbox 424 5108 2004 5184; baseline 0.004 -22"><span class='ocrx_word' id='word_1_681' title='bbox 424 5116 485 5162; x_wconf 91' lang='lat' dir='ltr'><strong>ut</strong></span> <span class='ocrx_word' id='word_1_682' title='bbox 513 5109 808 5179; x_wconf 84' lang='lat' dir='ltr'><strong>congenito</strong></span> <span class='ocrx_word' id='word_1_683' title='bbox 833 5108 1016 5165; x_wconf 86' lang='lat' dir='ltr'><strong>Verbo</strong></span> <span class='ocrx_word' id='word_1_684' title='bbox 1045 5126 1158 5165; x_wconf 88' lang='lat' dir='ltr'><strong>rem</strong></span> <span class='ocrx_word' id='word_1_685' title='bbox 1192 5127 1526 5181; x_wconf 86' lang='lat' dir='ltr'><strong>congcneam</strong></span> <span class='ocrx_word' id='word_1_686' title='bbox 1558 5121 1762 5182; x_wconf 89' lang='lat' dir='ltr'><strong>ageret,</strong></span> <span class='ocrx_word' id='word_1_687' title='bbox 1804 5128 2004 5184; x_wconf 90' lang='lat' dir='ltr'><strong>corpo-</strong></span> 
     </span>
    </p>
   </div>
   <div class='ocr_carea' id='block_1_98' title="bbox 423 5201 2008 5273">
    <p class='ocr_par' dir='ltr' id='par_1_98' title="bbox 423 5201 2008 5273">
     <span class='ocr_line' id='line_1_98' title="bbox 423 5201 2008 5273; baseline 0.003 -20"><span class='ocrx_word' id='word_1_688' title='bbox 423 5201 612 5255; x_wconf 80' lang='lat' dir='ltr'><strong>raliter</strong></span> <span class='ocrx_word' id='word_1_689' title='bbox 648 5216 944 5271; x_wconf 91' lang='lat' dir='ltr'><strong>apparens,</strong></span> <span class='ocrx_word' id='word_1_690' title='bbox 998 5210 1288 5271; x_wconf 88' lang='lat' dir='ltr'><strong>postquam</strong></span> <span class='ocrx_word' id='word_1_691' title='bbox 1322 5203 1391 5255; x_wconf 88' lang='lat' dir='ltr'><strong>ab</strong></span> <span class='ocrx_word' id='word_1_692' title='bbox 1443 5220 1507 5258; x_wconf 85' lang='lat' dir='ltr'><strong>eo</strong></span> <span class='ocrx_word' id='word_1_693' title='bbox 1548 5219 1749 5273; x_wconf 90' lang='lat' dir='ltr'><strong>corpus</strong></span> <span class='ocrx_word' id='word_1_694' title='bbox 1789 5220 2008 5260; x_wconf 89' lang='lat' dir='ltr'><strong>assum-</strong></span> 
     </span>
    </p>
   </div>
   <div class='ocr_carea' id='block_1_99' title="bbox 426 5291 2008 5364">
    <p class='ocr_par' dir='ltr' id='par_1_99' title="bbox 426 5291 2008 5364">
     <span class='ocr_line' id='line_1_99' title="bbox 426 5291 2008 5364; baseline 0.005 -21"><span class='ocrx_word' id='word_1_695' title='bbox 426 5299 577 5360; x_wconf 80' lang='lat' dir='ltr'><strong>ptum</strong></span> <span class='ocrx_word' id='word_1_696' title='bbox 602 5294 797 5346; x_wconf 74' lang='lat' dir='ltr'><strong>fuerat.</strong></span> <span class='ocrx_word' id='word_1_697' title='bbox 856 5291 915 5347; x_wconf 82' lang='lat' dir='ltr'><strong>In</strong></span> <span class='ocrx_word' id='word_1_698' title='bbox 965 5293 1168 5364; x_wconf 88' lang='lat' dir='ltr'><strong>linguis</strong></span> <span class='ocrx_word' id='word_1_699' title='bbox 1217 5294 1389 5358; x_wconf 86' lang='lat' dir='ltr'><strong>venit,</strong></span> <span class='ocrx_word' id='word_1_700' title='bbox 1423 5301 1549 5364; x_wconf 87' lang='lat' dir='ltr'><strong>apto</strong></span> <span class='ocrx_word' id='word_1_701' title='bbox 1608 5294 1814 5349; x_wconf 84' lang='lat' dir='ltr'><strong>futuris</strong></span> <span class='ocrx_word' id='word_1_702' title='bbox 1842 5296 2008 5351; x_wconf 88' lang='lat' dir='ltr'><strong>rebus</strong></span> 
     </span>
    </p>
   </div>
   <div class='ocr_carea' id='block_1_100' title="bbox 427 5384 2006 5459">
    <p class='ocr_par' dir='ltr' id='par_1_100' title="bbox 427 5384 2006 5459">
     <span class='ocr_line' id='line_1_100' title="bbox 427 5384 2006 5459; baseline 0.004 -21"><span class='ocrx_word' id='word_1_703' title='bbox 427 5384 755 5455; x_wconf 62' lang='lat' dir='ltr'><strong>aenigmate;</strong></span> <span class='ocrx_word' id='word_1_704' title='bbox 791 5394 851 5438; x_wconf 94' lang='lat' dir='ltr'><strong>ut</strong></span> <span class='ocrx_word' id='word_1_705' title='bbox 878 5397 1036 5441; x_wconf 89' lang='lat' dir='ltr'><strong>antea</strong></span> <span class='ocrx_word' id='word_1_706' title='bbox 1069 5387 1121 5440; x_wconf 91' lang='lat' dir='ltr'><strong>in</strong></span> <span class='ocrx_word' id='word_1_707' title='bbox 1152 5387 1361 5441; x_wconf 70' lang='lat' dir='ltr'><strong>Chrisﬁ</strong></span> <span class='ocrx_word' id='word_1_708' title='bbox 1388 5386 1712 5456; x_wconf 80' lang='lat' dir='ltr'><strong>baptismate</strong></span> <span class='ocrx_word' id='word_1_709' title='bbox 1746 5388 1848 5442; x_wconf 86' lang='lat' dir='ltr'><strong>sub</strong></span> <span class='ocrx_word' id='word_1_710' title='bbox 1880 5404 2006 5459; x_wconf 83' lang='lat' dir='ltr'><strong>spe-</strong></span> 
     </span>
    </p>
   </div>
   <div class='ocr_carea' id='block_1_101' title="bbox 427 5476 2005 5550">
    <p class='ocr_par' dir='ltr' id='par_1_101' title="bbox 427 5476 2005 5550">
     <span class='ocr_line' id='line_1_101' title="bbox 427 5476 2005 5550; baseline 0.002 -19"><span class='ocrx_word' id='word_1_711' title='bbox 427 5476 515 5532; x_wconf 75' lang='lat' dir='ltr'><strong>(ie</strong></span> <span class='ocrx_word' id='word_1_712' title='bbox 560 5476 831 5533; x_wconf 62' lang='lat' dir='ltr'><strong>columbae</strong></span> <span class='ocrx_word' id='word_1_713' title='bbox 887 5478 1161 5547; x_wconf 86' lang='lat' dir='ltr'><strong>apparuit,</strong></span> <span class='ocrx_word' id='word_1_714' title='bbox 1221 5480 1408 5534; x_wconf 90' lang='lat' dir='ltr'><strong>diluvii</strong></span> <span class='ocrx_word' id='word_1_715' title='bbox 1440 5487 1790 5550; x_wconf 84' lang='lat' dir='ltr'><strong>peccatorum</strong></span> <span class='ocrx_word' id='word_1_716' title='bbox 1848 5480 2005 5535; x_wconf 83' lang='lat' dir='ltr'><strong>linem</strong></span> 
     </span>
    </p>
   </div>
   <div class='ocr_carea' id='block_1_102' title="bbox 502 5675 1692 5744">
    <p class='ocr_par' dir='ltr' id='par_1_102' title="bbox 502 5675 1692 5744">
     <span class='ocr_line' id='line_1_102' title="bbox 502 5675 1692 5744; baseline 0.003 -15"><span class='ocrx_word' id='word_1_717' title='bbox 502 5676 543 5708; x_wconf 84' lang='lat'><strong>&quot;</strong></span> <span class='ocrx_word' id='word_1_718' title='bbox 578 5675 712 5734; x_wconf 74' lang='lat' dir='ltr'><strong>Gen.</strong></span> <span class='ocrx_word' id='word_1_719' title='bbox 744 5694 788 5744; x_wconf 74' lang='grc' dir='ltr'>ι,</span> <span class='ocrx_word' id='word_1_720' title='bbox 816 5677 903 5735; x_wconf 77' lang='lat'><strong>5|.</strong></span> <span class='ocrx_word' id='word_1_721' title='bbox 984 5679 1023 5711; x_wconf 77' lang='grc'><strong>¹⁸</strong></span> <span class='ocrx_word' id='word_1_722' title='bbox 1052 5678 1216 5735; x_wconf 82' lang='lat' dir='ltr'><strong>Hebr.</strong></span> <span class='ocrx_word' id='word_1_723' title='bbox 1252 5695 1289 5744; x_wconf 92' lang='lat' dir='ltr'><strong>l,</strong></span> <span class='ocrx_word' id='word_1_724' title='bbox 1322 5682 1375 5737; x_wconf 83' lang='grc'><strong>5.</strong></span> <span class='ocrx_word' id='word_1_725' title='bbox 1456 5682 1496 5712; x_wconf 80' lang='lat'>”</span> <span class='ocrx_word' id='word_1_726' title='bbox 1532 5681 1692 5737; x_wconf 81' lang='lat' dir='ltr'><strong>llcbr.</strong></span> 
     </span>
    </p>
   </div>
   <div class='ocr_carea' id='block_1_103' title="bbox 984 5678 1995 5747">
    <p class='ocr_par' dir='ltr' id='par_1_103' title="bbox 984 5678 1995 5747">
     <span class='ocr_line' id='line_1_103' title="bbox 984 5678 1995 5747; baseline 0.001 -14"><span class='ocrx_word' id='word_1_727' title='bbox 984 5679 1023 5711; x_wconf 77' lang='grc'><strong>¹⁸</strong></span> <span class='ocrx_word' id='word_1_728' title='bbox 1052 5678 1216 5735; x_wconf 82' lang='lat' dir='ltr'><strong>Hebr.</strong></span> <span class='ocrx_word' id='word_1_729' title='bbox 1252 5695 1289 5745; x_wconf 89' lang='lat' dir='ltr'><strong>I,</strong></span> <span class='ocrx_word' id='word_1_730' title='bbox 1322 5682 1375 5737; x_wconf 83' lang='grc'><strong>5.</strong></span> <span class='ocrx_word' id='word_1_731' title='bbox 1456 5682 1496 5712; x_wconf 80' lang='lat'>”</span> <span class='ocrx_word' id='word_1_732' title='bbox 1532 5681 1692 5737; x_wconf 81' lang='lat' dir='ltr'><strong>llcbr.</strong></span> <span class='ocrx_word' id='word_1_733' title='bbox 1775 5698 1870 5747; x_wconf 65' lang='grc' dir='ltr'>λιι,</span> <span class='ocrx_word' id='word_1_734' title='bbox 1898 5682 1995 5734; x_wconf 64' lang='grc'><strong>29.</strong></span> 
     </span>
    </p>
   </div>
   <div class='ocr_carea' id='block_1_104' title="bbox 2104 4464 3686 4540">
    <p class='ocr_par' dir='ltr' id='par_1_104' title="bbox 2104 4464 3686 4540">
     <span class='ocr_line' id='line_1_104' title="bbox 2104 4464 3686 4540; baseline -0.002 -15"><span class='ocrx_word' id='word_1_735' title='bbox 2104 4470 2410 4540; x_wconf 84' lang='grc' dir='ltr'>τρανῶσαν,</span> <span class='ocrx_word' id='word_1_736' title='bbox 2445 4468 2561 4539; x_wconf 77' lang='grc' dir='ltr'><strong>ἅμα</strong></span> <span class='ocrx_word' id='word_1_737' title='bbox 2588 4467 2644 4520; x_wconf 88' lang='grc' dir='ltr'><strong>δέ</strong></span> <span class='ocrx_word' id='word_1_738' title='bbox 2670 4464 2922 4535; x_wconf 73' lang='grc' dir='ltr'>καὶπρὸς</span> <span class='ocrx_word' id='word_1_739' title='bbox 2974 4464 3072 4536; x_wconf 79' lang='grc' dir='ltr'>τὴν</span> <span class='ocrx_word' id='word_1_740' title='bbox 3121 4467 3327 4518; x_wconf 77' lang='grc' dir='ltr'>οἰκείαν</span> <span class='ocrx_word' id='word_1_741' title='bbox 3357 4467 3418 4520; x_wconf 86' lang='grc' dir='ltr'>τὸ</span> <span class='ocrx_word' id='word_1_742' title='bbox 3462 4466 3686 4539; x_wconf 73' lang='grc' dir='ltr'>πλάσμα</span> 
     </span>
    </p>
   </div>
   <div class='ocr_carea' id='block_1_105' title="bbox 2104 4557 3687 4635">
    <p class='ocr_par' dir='ltr' id='par_1_105' title="bbox 2104 4557 3687 4635">
     <span class='ocr_line' id='line_1_105' title="bbox 2104 4557 3687 4635; baseline -0.001 -19"><span class='ocrx_word' id='word_1_743' title='bbox 2104 4562 2563 4635; x_wconf 82' lang='grc' dir='ltr'>χειραγωγῆσαν,</span> <span class='ocrx_word' id='word_1_744' title='bbox 2625 4559 2719 4613; x_wconf 74' lang='grc' dir='ltr'><strong>καὶ</strong></span> <span class='ocrx_word' id='word_1_745' title='bbox 2767 4557 2855 4612; x_wconf 83' lang='grc' dir='ltr'><strong>ἵνα</strong></span> <span class='ocrx_word' id='word_1_746' title='bbox 2907 4559 2964 4611; x_wconf 92' lang='grc' dir='ltr'><strong>ἐν</strong></span> <span class='ocrx_word' id='word_1_747' title='bbox 3024 4558 3102 4627; x_wconf 81' lang='grc' dir='ltr'>τῷ</span> <span class='ocrx_word' id='word_1_748' title='bbox 3131 4559 3223 4613; x_wconf 87' lang='grc' dir='ltr'><strong>τοῦ</strong></span> <span class='ocrx_word' id='word_1_749' title='bbox 3263 4560 3474 4630; x_wconf 83' lang='grc' dir='ltr'>Πατρὸς</span> <span class='ocrx_word' id='word_1_750' title='bbox 3508 4563 3687 4616; x_wconf 78' lang='grc' dir='ltr'>ἀπαυ-</span> 
     </span>
    </p>
   </div>
   <div class='ocr_carea' id='block_1_106' title="bbox 2104 4651 3685 4726">
    <p class='ocr_par' dir='ltr' id='par_1_106' title="bbox 2104 4651 3685 4726">
     <span class='ocr_line' id='line_1_106' title="bbox 2104 4651 3685 4726; baseline -0.003 -16"><span class='ocrx_word' id='word_1_751' title='bbox 2104 4659 2346 4726; x_wconf 85' lang='grc' dir='ltr'>γάσματι</span> <span class='ocrx_word' id='word_1_752' title='bbox 2360 4656 2456 4723; x_wconf 80' lang='grc' dir='ltr'>τῆς</span> <span class='ocrx_word' id='word_1_753' title='bbox 2476 4652 2816 4721; x_wconf 83' lang='grc' dir='ltr'>σκοτομήνης</span> <span class='ocrx_word' id='word_1_754' title='bbox 2833 4651 2930 4721; x_wconf 75' lang='grc' dir='ltr'>τῆς</span> <span class='ocrx_word' id='word_1_755' title='bbox 2950 4651 3202 4714; x_wconf 78' lang='grc' dir='ltr'>ἀσεϐείας</span> <span class='ocrx_word' id='word_1_756' title='bbox 3216 4654 3685 4722; x_wconf 76' lang='grc' dir='ltr'>ἐκκεχωρηκυίας,</span> 
     </span>
    </p>
   </div>
   <div class='ocr_carea' id='block_1_107' title="bbox 2102 4742 3689 4820">
    <p class='ocr_par' dir='ltr' id='par_1_107' title="bbox 2102 4742 3689 4820">
     <span class='ocr_line' id='line_1_107' title="bbox 2102 4742 3689 4820; baseline -0.003 -18"><span class='ocrx_word' id='word_1_757' title='bbox 2102 4751 2205 4820; x_wconf 73' lang='grc' dir='ltr'>ἤδη</span> <span class='ocrx_word' id='word_1_758' title='bbox 2229 4748 2324 4802; x_wconf 73' lang='grc' dir='ltr'><strong>καὶ</strong></span> <span class='ocrx_word' id='word_1_759' title='bbox 2348 4748 2405 4800; x_wconf 93' lang='grc' dir='ltr'><strong>ἐν</strong></span> <span class='ocrx_word' id='word_1_760' title='bbox 2438 4746 2516 4817; x_wconf 84' lang='grc' dir='ltr'>τῷ</span> <span class='ocrx_word' id='word_1_761' title='bbox 2538 4744 2809 4816; x_wconf 84' lang='grc' dir='ltr'>ὁμοουσίῳ</span> <span class='ocrx_word' id='word_1_762' title='bbox 2858 4742 3021 4796; x_wconf 81' lang='grc' dir='ltr'>αὐτοῦ</span> <span class='ocrx_word' id='word_1_763' title='bbox 3052 4744 3367 4813; x_wconf 81' lang='grc' dir='ltr'>φωτιστικῷ</span> <span class='ocrx_word' id='word_1_764' title='bbox 3408 4743 3689 4813; x_wconf 84' lang='grc' dir='ltr'>Πνεύματι</span> 
     </span>
    </p>
   </div>
   <div class='ocr_carea' id='block_1_108' title="bbox 2106 4834 3689 4909">
    <p class='ocr_par' dir='ltr' id='par_1_108' title="bbox 2106 4834 3689 4909">
     <span class='ocr_line' id='line_1_108' title="bbox 2106 4834 3689 4909; baseline -0.003 -15"><span class='ocrx_word' id='word_1_765' title='bbox 2106 4837 2559 4909; x_wconf 89' lang='grc' dir='ltr'>καταυγασθῶσιν</span> <span class='ocrx_word' id='word_1_766' title='bbox 2610 4837 2661 4890; x_wconf 88' lang='grc' dir='ltr'><strong>οί</strong></span> <span class='ocrx_word' id='word_1_767' title='bbox 2707 4837 3001 4905; x_wconf 89' lang='grc' dir='ltr'>ἀλαμπεῖς.</span> <span class='ocrx_word' id='word_1_768' title='bbox 3051 4836 3215 4906; x_wconf 81' lang='grc' dir='ltr'>Φοιτᾷ</span> <span class='ocrx_word' id='word_1_769' title='bbox 3245 4834 3303 4888; x_wconf 86' lang='grc' dir='ltr'><strong>δέ</strong></span> <span class='ocrx_word' id='word_1_770' title='bbox 3336 4836 3394 4887; x_wconf 91' lang='grc' dir='ltr'><strong>ἐν</strong></span> <span class='ocrx_word' id='word_1_771' title='bbox 3416 4834 3689 4904; x_wconf 85' lang='grc' dir='ltr'>γλώσσαις</span> 
     </span>
    </p>
   </div>
   <div class='ocr_carea' id='block_1_109' title="bbox 2109 4926 3689 5002">
    <p class='ocr_par' dir='ltr' id='par_1_109' title="bbox 2109 4926 3689 5002">
     <span class='ocr_line' id='line_1_109' title="bbox 2109 4926 3689 5002; baseline -0.002 -18"><span class='ocrx_word' id='word_1_772' title='bbox 2109 4932 2371 5002; x_wconf 80' lang='grc' dir='ltr'>πυρίναις</span> <span class='ocrx_word' id='word_1_773' title='bbox 2410 4928 2739 5000; x_wconf 88' lang='grc' dir='ltr'>σωματικῶς</span> <span class='ocrx_word' id='word_1_774' title='bbox 2788 4926 2925 4999; x_wconf 78' lang='grc' dir='ltr'>ὁμοῦ</span> <span class='ocrx_word' id='word_1_775' title='bbox 2968 4927 3065 4982; x_wconf 77' lang='grc' dir='ltr'><strong>καὶ</strong></span> <span class='ocrx_word' id='word_1_776' title='bbox 3098 4928 3315 4992; x_wconf 86' lang='grc' dir='ltr'>θεῖκῶς.</span> <span class='ocrx_word' id='word_1_777' title='bbox 3339 4927 3415 4997; x_wconf 80' lang='grc' dir='ltr'><strong>τῷ</strong></span> <span class='ocrx_word' id='word_1_778' title='bbox 3447 4930 3569 4998; x_wconf 79' lang='grc' dir='ltr'>μὲν,</span> <span class='ocrx_word' id='word_1_779' title='bbox 3601 4928 3689 4981; x_wconf 85' lang='grc' dir='ltr'>ἴνα</span> 
     </span>
    </p>
   </div>
   <div class='ocr_carea' id='block_1_110' title="bbox 2107 5015 3690 5091">
    <p class='ocr_par' dir='ltr' id='par_1_110' title="bbox 2107 5015 3690 5091">
     <span class='ocr_line' id='line_1_110' title="bbox 2107 5015 3690 5091; baseline -0.003 -17"><span class='ocrx_word' id='word_1_780' title='bbox 2107 5022 2205 5091; x_wconf 82' lang='grc' dir='ltr'>τὴν</span> <span class='ocrx_word' id='word_1_781' title='bbox 2267 5021 2518 5090; x_wconf 88' lang='grc' dir='ltr'>θειότητα</span> <span class='ocrx_word' id='word_1_782' title='bbox 2576 5018 2858 5089; x_wconf 81' lang='grc' dir='ltr'>γνωρίσῃ’</span> <span class='ocrx_word' id='word_1_783' title='bbox 2895 5017 3021 5086; x_wconf 79' lang='grc' dir='ltr'><strong>Πῦρ</strong></span> <span class='ocrx_word' id='word_1_784' title='bbox 3081 5018 3191 5088; x_wconf 75' lang='grc' dir='ltr'>γὰρ</span> <span class='ocrx_word' id='word_1_785' title='bbox 3248 5020 3282 5071; x_wconf 84' lang='grc' dir='ltr'><strong>ό</strong></span> <span class='ocrx_word' id='word_1_786' title='bbox 3333 5019 3476 5083; x_wconf 81' lang='grc' dir='ltr'>Θεὸς</span> <span class='ocrx_word' id='word_1_787' title='bbox 3520 5015 3690 5086; x_wconf 76' lang='grc' dir='ltr'>ἡμῶν</span> 
     </span>
    </p>
   </div>
   <div class='ocr_carea' id='block_1_111' title="bbox 2108 5110 3689 5182">
    <p class='ocr_par' dir='ltr' id='par_1_111' title="bbox 2108 5110 3689 5182">
     <span class='ocr_line' id='line_1_111' title="bbox 2108 5110 3689 5182; baseline -0.004 -15"><span class='ocrx_word' id='word_1_788' title='bbox 2108 5113 2595 5167; x_wconf 57' lang='grc' dir='ltr'>καταναλίσκον</span> <span class='ocrx_word' id='word_1_789' title='bbox 2646 5111 2725 5182; x_wconf 84' lang='grc' dir='ltr'>τῷ</span> <span class='ocrx_word' id='word_1_790' title='bbox 2765 5110 2821 5164; x_wconf 80' lang='grc' dir='ltr'>δὲ</span> <span class='ocrx_word' id='word_1_791' title='bbox 2854 5110 2932 5181; x_wconf 81' lang='grc' dir='ltr'>τῷ</span> <span class='ocrx_word' id='word_1_792' title='bbox 2969 5113 3224 5179; x_wconf 84' lang='grc' dir='ltr'>συγγενεῖ</span> <span class='ocrx_word' id='word_1_793' title='bbox 3262 5110 3419 5181; x_wconf 84' lang='grc' dir='ltr'>Λόγῳ</span> <span class='ocrx_word' id='word_1_794' title='bbox 3454 5110 3689 5180; x_wconf 77' lang='grc' dir='ltr'>πρᾶγμα</span> 
     </span>
    </p>
   </div>
   <div class='ocr_carea' id='block_1_112' title="bbox 2108 5199 3710 5273">
    <p class='ocr_par' dir='ltr' id='par_1_112' title="bbox 2108 5199 3710 5273">
     <span class='ocr_line' id='line_1_112' title="bbox 2108 5199 3710 5273; baseline -0.005 -16"><span class='ocrx_word' id='word_1_795' title='bbox 2108 5205 2279 5258; x_wconf 86' lang='grc' dir='ltr'>τελῶν</span> <span class='ocrx_word' id='word_1_796' title='bbox 2317 5204 2598 5273; x_wconf 84' lang='grc' dir='ltr'>συγγενὲς,</span> <span class='ocrx_word' id='word_1_797' title='bbox 2640 5203 2736 5257; x_wconf 79' lang='grc' dir='ltr'><strong>καὶ</strong></span> <span class='ocrx_word' id='word_1_798' title='bbox 2792 5199 3114 5271; x_wconf 85' lang='grc' dir='ltr'>ποιούμενον</span> <span class='ocrx_word' id='word_1_799' title='bbox 3163 5202 3259 5272; x_wconf 81' lang='grc' dir='ltr'>τὴν</span> <span class='ocrx_word' id='word_1_800' title='bbox 3299 5200 3602 5271; x_wconf 85' lang='grc' dir='ltr'>παρουσίαν</span> <span class='ocrx_word' id='word_1_801' title='bbox 3630 5201 3710 5259; x_wconf 80' lang='grc' dir='ltr'>ἐν.</span> 
     </span>
    </p>
   </div>
   <div class='ocr_carea' id='block_1_113' title="bbox 2110 5289 3687 5366">
    <p class='ocr_par' dir='ltr' id='par_1_113' title="bbox 2110 5289 3687 5366">
     <span class='ocr_line' id='line_1_113' title="bbox 2110 5289 3687 5366; baseline -0.003 -19"><span class='ocrx_word' id='word_1_802' title='bbox 2110 5296 2348 5366; x_wconf 82' lang='grc' dir='ltr'>σώματι,</span> <span class='ocrx_word' id='word_1_803' title='bbox 2409 5297 2598 5366; x_wconf 84' lang='grc' dir='ltr'>ὥσπερ</span> <span class='ocrx_word' id='word_1_804' title='bbox 2648 5298 2853 5359; x_wconf 86' lang='grc' dir='ltr'>ἐκεῖνος</span> <span class='ocrx_word' id='word_1_805' title='bbox 2908 5294 3065 5364; x_wconf 72' lang='grc' dir='ltr'>ὤφθη</span> <span class='ocrx_word' id='word_1_806' title='bbox 3110 5296 3246 5364; x_wconf 84' lang='grc' dir='ltr'><strong>μετά</strong></span> <span class='ocrx_word' id='word_1_807' title='bbox 3283 5294 3550 5363; x_wconf 86' lang='grc' dir='ltr'>σώματος.</span> <span class='ocrx_word' id='word_1_808' title='bbox 3596 5289 3687 5343; x_wconf 81' lang='grc' dir='ltr'>Ἑν</span> 
     </span>
    </p>
   </div>
   <div class='ocr_carea' id='block_1_114' title="bbox 2109 5382 3687 5459">
    <p class='ocr_par' dir='ltr' id='par_1_114' title="bbox 2109 5382 3687 5459">
     <span class='ocr_line' id='line_1_114' title="bbox 2109 5382 3687 5459; baseline -0.004 -18"><span class='ocrx_word' id='word_1_809' title='bbox 2109 5391 2384 5459; x_wconf 84' lang='grc' dir='ltr'>γλώσσαις</span> <span class='ocrx_word' id='word_1_810' title='bbox 2429 5390 2487 5444; x_wconf 80' lang='grc' dir='ltr'><strong>δὲ</strong></span> <span class='ocrx_word' id='word_1_811' title='bbox 2537 5391 2595 5442; x_wconf 88' lang='grc' dir='ltr'><strong>ἐν</strong></span> <span class='ocrx_word' id='word_1_812' title='bbox 2642 5390 2826 5459; x_wconf 85' lang='grc' dir='ltr'>οἰκείῳ</span> <span class='ocrx_word' id='word_1_813' title='bbox 2878 5388 2987 5441; x_wconf 90' lang='grc' dir='ltr'><strong>τῶν</strong></span> <span class='ocrx_word' id='word_1_814' title='bbox 3034 5387 3307 5457; x_wconf 83' lang='grc' dir='ltr'>ἐσομένων</span> <span class='ocrx_word' id='word_1_815' title='bbox 3348 5382 3687 5456; x_wconf 83' lang='grc' dir='ltr'>πραγμάτων</span> 
     </span>
    </p>
   </div>
   <div class='ocr_carea' id='block_1_115' title="bbox 2112 5477 3685 5554">
    <p class='ocr_par' dir='ltr' id='par_1_115' title="bbox 2112 5477 3685 5554">
     <span class='ocr_line' id='line_1_115' title="bbox 2112 5477 3685 5554; baseline -0.006 -16"><span class='ocrx_word' id='word_1_816' title='bbox 2112 5483 2395 5554; x_wconf 85' lang='grc' dir='ltr'>αἰνίγματι</span> <span class='ocrx_word' id='word_1_817' title='bbox 2414 5500 2427 5513; x_wconf 90' lang='grc'><strong>·</strong></span> <span class='ocrx_word' id='word_1_818' title='bbox 2462 5482 2651 5554; x_wconf 82' lang='grc' dir='ltr'>ὥσπερ</span> <span class='ocrx_word' id='word_1_819' title='bbox 2669 5483 2934 5554; x_wconf 80' lang='grc' dir='ltr'>πρότερον</span> <span class='ocrx_word' id='word_1_820' title='bbox 2965 5482 3022 5535; x_wconf 89' lang='grc' dir='ltr'><strong>ἐν</strong></span> <span class='ocrx_word' id='word_1_821' title='bbox 3051 5480 3128 5551; x_wconf 81' lang='grc' dir='ltr'>τῷ</span> <span class='ocrx_word' id='word_1_822' title='bbox 3166 5477 3500 5550; x_wconf 83' lang='grc' dir='ltr'>βαπτίσματι</span> <span class='ocrx_word' id='word_1_823' title='bbox 3521 5489 3685 5546; x_wconf 87' lang='grc' dir='ltr'>περι-</span> 
     </span>
    </p>
   </div>
  </div>
