3952 6210
246 380 344 441 ιεσ
1145 366 1426 428 ORATIO
1454 364 1624 426 XIII.
1660 387 1728 400 ——
1765 363 1860 424 DE
1899 360 2212 422 SPIRITU
2248 359 2550 421 SANCTO.
3408 363 3510 428 15;

243 493 446 565 περᾶς
513 487 806 542 ὠπτάνετο
852 485 984 538 εἴδει
1045 482 1146 553 τὴν
1202 481 1354 545 λῆξιν
1410 480 1510 550 τῆς
1561 477 1836 550 ἁμαρτίας

1944 473 2264 528 nuntiantis.
2324 474 2405 526 ita
2453 487 2584 527 vero
2639 473 2704 541 in
2729 472 2975 527 divinum
3029 471 3266 528 Verbum
3315 473 3512 534 barum

245 579 646 650 κατακλυσμοῦ
678 575 1101 644 ἀπαγγέλλοντι,
1137 572 1188 626 εί
1219 571 1316 625 καὶ
1349 569 1522 642 ταύτῃ
1567 569 1703 639 πρὸς
1747 567 1837 620 τὸν

1944 582 2126 621 rerum
2154 581 2322 620 causa
2354 565 2625 630 refertur;
2665 581 2729 621 ea
2770 566 2943 621 forma
2971 573 3327 630 connotante,
3347 566 3513 624 Verbi

246 681 388 732 θεῖον
439 673 624 741 Λόγον
680 669 792 724 τῶν
842 665 1181 738 τελουμένων
1224 663 1557 732 ἀναφέρεται
1591 663 1624 732 ή
1663 659 1834 724 αἰτία,

245 769 561 830 δεικνύντος
579 763 678 818 τοῦ
705 762 969 834 φανέντος
997 758 1188 821 εἴδους.
1209 753 1442 810 ὐτιτοῦ
1473 753 1648 822 Λόγου
1678 752 1836 822 ἔργον

244 860 395 932 ήτοῦ
431 855 582 910 Πνεύ
592 869 765 926 ματος
789 850 1036 913 κάθοδος.
1065 848 1220 919 Τάχα
1250 847 1307 900 δέ
1334 846 1431 898 καὶ
1459 845 1548 897 ἵνα
1574 845 1684 906 τοῖς
1718 859 1839 911 μα-

246 953 439 1022 θηταῖς
469 947 578 1018 τὴν
603 945 717 999 τῶν
755 943 1182 1014 ἐπηγγελμένων
1223 937 1575 1008 ἐκπλήρωσιν
1612 936 1834 1004 ποιήσῃ,

245 1046 315 1107 ὡς
349 1038 676 1112 συμπαρὼν
713 1039 744 1091 ό
777 1037 950 1104 Λόγος
984 1032 1154 1087 ποιῶν
1177 1030 1369 1103 ὁρῷτο.
1406 1031 1515 1084 Καὶ
1539 1028 1712 1090 διδοὺς
1737 1027 1837 1078 αὐο

245 1139 353 1196 τοῖς
389 1133 594 1204 ὥσπερ
618 1131 682 1182 τὸ
711 1129 980 1200 πρότερον
1007 1122 1311 1195 συμπαρὼν
1328 1121 1498 1176 ἐδίδου
1516 1120 1578 1173 τὸ
1589 1119 1833 1188 Πνεῦμα,

245 1228 431 1282 ἄλλοτε
476 1225 588 1295 μὲν
626 1223 834 1295 ῥήματι
872 1220 1038 1292 μόνῳ,
1070 1216 1261 1274 ἄλλοτε
1286 1216 1345 1269 δὲ
1369 1215 1629 1286 ἐμφυσῶν
1649 1211 1709 1266 τὸ
1733 1211 1834 1266 δώ-

248 1334 418 1390 ρημα,
451 1310 999 1383 αίνιγματιζομένης
1057 1307 1157 1378 τῆς
1194 1307 1295 1378 οὐχ
1344 1304 1625 1378 όρωμένης
1655 1303 1835 1364 αὐτοῖς

250 1409 562 1481 παρουσίας
587 1404 687 1458 τοῦ
708 1403 1058 1464 Διδασκαλου,
1083 1400 1152 1453 δι’
1165 1391 1240 1453 ὧν
1265 1401 1323 1452 ἐν
1349 1395 1607 1467 γλωσσῶν
1625 1393 1835 1464 σημείῳ

247 1505 338 1571 τῆς
361 1502 525 1562 θείας
560 1495 906 1568 ἐπληροῦντο
929 1493 1230 1562 δυνάμεως.
1267 1492 1376 1544 Καὶ
1401 1489 1590 1561 μηδεὶς
1611 1488 1836 1557 ἐπιδρα-

251 1595 412 1664 μείτω
444 1588 734 1658 δυσσεϐὴς
762 1587 860 1641 καὶ
891 1585 1138 1656 ἀνόητος,
1165 1583 1262 1637 καὶ
1304 1583 1380 1646 ὡς
1428 1581 1707 1652 θηράματι
1722 1581 1835 1643 τοίς

247 1685 565 1755 εἰρημένοις
582 1678 986 1741 ἀνασοϐείσθω,
1018 1675 1152 1748 μηδέ
1170 1675 1467 1746 ὀργανικήν
1491 1689 1616 1726 τινα
1646 1671 1834 1741 χρείαν

252 1775 488 1847 πληροῦν
545 1773 786 1845 ὁριζέτω
830 1771 892 1824 τὸ
933 1770 1176 1841 Πνεῦμα,
1236 1769 1300 1821 ἐκ
1337 1767 1435 1833 τῆς
1472 1767 1530 1820 ἐν
1578 1767 1709 1835 ἡμῖν
1739 1762 1833 1816 τοῦ

249 1869 394 1936 λόγου
415 1867 528 1921 καὶ
560 1867 667 1936 τῆς
692 1862 950 1934 γλώσσης
995 1860 1360 1930 σφαλλόμενος
1404 1857 1738 1925 διοικήσεως.
1763 1855 1836 1908 Ἢ

249 1961 377 2014 οὕτω
405 1959 464 2030 γ’
503 1958 576 2013 ἂν
601 1958 666 2010 οὐ
701 1956 841 2028 μετὰ
869 1955 977 2008 τῶν
1009 1953 1322 2023 κτισμάτων
1347 1948 1483 2020 τάξῃ
1503 1948 1564 2002 τὸ
1588 1947 1834 2018 Πνεῦμα,

246 2054 371 2107 ἀλλὰ
395 2052 505 2106 καὶ
531 2050 680 2120 μετὰ
716 2049 826 2104 τῶν
861 2047 1130 2118 σωμάτων
1151 2063 1164 2075 ο
1212 2043 1305 2097 καὶ
1338 2041 1564 2112 προσέτι
1595 2042 1706 2095 ἄνω
1741 2039 1836 2094 καὶ

244 2146 387 2198 κάτω
415 2141 637 2214 φύρειν
669 2141 732 2193 τὸ
764 2140 874 2193 πᾶν
915 2138 1017 2208 τῆς
1073 2135 1353 2197 εὐσεϐείας
1393 2133 1832 2201 ἀπονενοήσεται.

253 2239 319 2290 τί
346 2236 386 2288 δ’
409 2238 445 2305 ή
481 2235 656 2306 βιαία
682 2231 840 2301 πνοή,
879 2232 915 2300 ἣ
945 2230 1044 2301 τὴν
1065 2225 1334 2294 σωστικὴν
1365 2225 1608 2295 ταραχὴν
1641 2222 1749 2275 τῶν
1772 2223 1830 2276 ἐν

1938 674 2074 729 Opus
2129 671 2255 713 esse
2310 660 2487 712 sancti
2538 657 2774 726 Spiritus
2803 658 3129 712 descensum
3150 659 3217 710 ³ο.
3260 658 3518 716 Fortasse

1939 756 2129 819 etiam,
2159 768 2280 824 quae
2309 751 2598 822 discipulis
2626 752 2976 821 promiserat,
3008 767 3164 808 mens
3204 751 3310 807 fuit
3349 751 3516 823 perii-

1937 862 2093 913 cere;
2123 861 2188 901 ac
2218 846 2362 902 sicut
2393 860 2519 900 cum
2553 844 2687 914 ipsis
2722 845 2926 915 degens
2959 846 3222 913 Spiritum
3279 847 3362 901 eis
3412 847 3517 900 im-

1936 938 2220 1009 pertierat,
2244 939 2407 992 modo
2433 937 2602 991 verbo
2628 944 2866 1000 tantum,
2895 937 3054 990 modo
3079 938 3244 991 etiam
3274 936 3514 1007 inspira-

1935 1033 2106 1097 tione,
2140 1031 2214 1085 ita
2247 1046 2396 1086 nunc
2416 1037 2662 1100 prmstat,
2688 1030 2965 1084 occultata
2994 1028 3236 1101 Magistri
3272 1046 3513 1100 praesen—

1935 1124 2033 1186 tia,
2061 1123 2132 1178 ob
2182 1138 2342 1192 quam
2402 1122 2504 1177 sub
2537 1121 2848 1191 linguarum
2880 1121 3051 1192 ﬁgura
3081 1118 3265 1177 divina
3309 1123 3514 1177 virtute

1936 1216 2240 1287 replentur.
2276 1214 2382 1268 Nec
2439 1215 2638 1283 impius
2705 1215 2905 1283 aliquis
2935 1223 3212 1282 occurrat,
3266 1223 3360 1269 aut
3416 1215 3514 1270 de-

1937 1321 2110 1367 mens,
2142 1306 2234 1375 qui
2266 1304 2626 1361 conturbetur
2648 1319 2714 1357 ex
2746 1303 2933 1367 dictis,
2985 1311 3040 1356 et
3089 1318 3277 1358 errore
3310 1303 3379 1358 ab
3410 1319 3512 1358 usu

1937 1398 2155 1468 linguae,
2191 1407 2242 1451 et
2307 1397 2534 1467 loquela:
2587 1406 2790 1451 nostrae
2831 1395 3143 1465 desumpto,
3193 1395 3512 1465 organicum

1935 1490 2168 1544 cilicium
2193 1489 2466 1559 quoddam
2492 1489 2753 1558 Spiritum
2779 1487 3040 1558 perﬁcere
3065 1487 3322 1557 opinetur
3347 1503 3363 1539 :
3388 1501 3512 1540 nam

1935 1583 2040 1636 hoc
2061 1584 2219 1636 modo
2248 1597 2356 1636 non
2391 1582 2535 1635 inter
2564 1589 2849 1634 creaturas
2877 1587 3112 1641 tantum,
3163 1578 3259 1633 sed
3291 1590 3346 1634 et
3374 1577 3515 1633 inter

1937 1688 2167 1743 corpora
2203 1672 2465 1742 Spiritum
2520 1673 2837 1735 collocaret,
2871 1680 3036 1740 atque
3066 1672 3290 1740 insuper
3343 1671 3516 1740 pieta-

1943 1773 2089 1830 tem,
2141 1781 2205 1819 ac
2272 1765 2586 1834 religionem
2653 1778 2868 1818 omnem
2930 1763 3201 1832 susdeque
3256 1769 3510 1818 verteret.

1939 1855 2084 1922 Quid
2109 1858 2251 1910 enim
2279 1857 2422 1909 aliud
2474 1856 2769 1910 vehemens
2819 1854 3046 1923 spiritus
3086 1853 3309 1920 iudicat,
3350 1868 3512 1923 quam

1940 1948 2233 2003 salutarem
2262 1949 2476 2002 illorum
2517 1947 2908 2010 turbatiouem,
2935 1949 3028 2014 qui
3057 1945 3111 2000 in
3151 1945 3514 1999 incredulita-

1940 2041 2012 2095 tis
2036 2040 2226 2110 pelago
2251 2039 2527 2109 navigant,
2552 2046 2606 2091 et
2633 2053 2662 2090 a
2697 2036 3040 2106 sapientibus
3078 2035 3282 2096 nautis.
3312 2036 3514 2106 quibus

1941 2131 2190 2188 insidens
2232 2131 2517 2186 scientiam
2561 2129 2814 2200 largitur,
2849 2128 2903 2181 in
2929 2137 3142 2196 portum
3185 2127 3515 2197 cognitionis

1941 2219 2036 2274 Dei
2072 2217 2482 2289 perducuntur?

262 2329 325 2397 τῇ
666 2324 765 2393 τῆς
805 2321 992 2383 ἀθεϊας
1047 2316 1432 2386 πλωϊζομένων
1460 2312 1801 2385 καταμηνύει
1826 2351 1842 2376 ,
1881 2309 2061 2373 καλῶς
2092 2307 2528 2379 ταραττομένων,
2579 2306 2673 2398 καὶ
2697 2305 2843 2378 πρὸς
2883 2303 2975 2358 τὸν
3039 2305 3357 2376 σωτηριώδη
3415 2304 3514 2374 τῆς

261 2393 616 2486 θεογνωσίαξ
651 2414 849 2484 λιμένα
899 2410 1289 2482 καταγομένων
1363 2407 1469 2462 ὐπὸ
1518 2407 1629 2460 τῶν
1693 2403 2075 2475 ἐπιστημόνων
2131 2401 2504 2474 κυϐερνητῶν,
2561 2393 2644 2463 οἷς
2708 2399 3096 2469 ἐφιδρυόμενον
3125 2397 3381 2468 δωρεῖται
3414 2398 3514 2470 τὴν

253 2513 438 2581 ὶεωτή
449 2527 571 2581 μην
591 2525 609 2575 ;

314 2693 384 2748 Τί
410 2690 634 2757 λέγεις,
658 2680 706 2740 ὧ
752 2683 864 2736 τῶν
921 2680 1240 2752 Θαυμασίων
1283 2677 1613 2747 συκοφάντα,
1642 2675 1737 2730 καὶ
1765 2675 1830 2746 τῇ

253 2783 488 2852 ᾶπονοία.
513 2783 582 2833 ἐκ
618 2776 789 2846 μέθης
809 2771 1156 2843 δημιουργῶν
1184 2771 1253 2823 τὰ
1300 2769 1611 2839 παράδοξας
1637 2766 1835 2838 χλεύην

257 2877 384 2945 ποιῇ
402 2874 479 2926 τὰ
505 2867 800 2940 {inemo-73;
828 2867 922 2920 καὶ
953 2865 1080 2928 τοὺς
1104 2862 1517 2934 ἐμφορηθέντας
1545 2859 1637 2914 τοῦ
1668 2857 1840 2912 Πνεύ-

259 2983 425 3038 ματος
461 2967 533 3018 ἐκ
555 2962 658 3031 τῆς
687 2962 789 3030 σῆς
813 2957 1150 3029 εὐθηνούσης
1184 2953 1541 3024 ἀναισθησίας
1579 2952 1639 3005 τὸ
1675 2949 1836 3019 γλεῦὲ

2005 2670 2146 2738 Quid
2179 2671 2441 2740 loqueris,
2476 2684 2510 2724 ο
2548 2669 2915 2724 calumniator
2949 2669 3340 2724 miraculorum
3391 2669 3512 2739 Dei,

1934 2761 2276 2817 incredibilia
2306 2761 2560 2816 ebrietati
2593 2775 2705 2830 prae
2740 2760 2976 2814 amentia
3019 2762 3309 2816 tribuens?
3339 2762 3512 2829 risum

1937 2856 2199 2919 excitant,
2232 2870 2354 2924 qure
2379 2862 2633 2908 naturam
2666 2854 2972 2924 superant?
3001 2862 3054 2908 et
3084 2853 3289 2924 Spiritu
3321 2863 3514 2911 sancto

1942 2948 2165 3016 repletis
2193 2955 2431 3002 mustum
2454 2947 2732 3002 insensate
2755 2947 3056 3015 eXprobras
3074 2949 3140 3013 ",
3159 2955 3212 3002 et
3231 2947 3412 3004 ebrios
3435 2947 3519 3002 fa-

257 3078 351 3123 m;
407 3056 708 3126 προφέρων
773 3051 1106 3124 μεθύσκεις;
1151 3049 1227 3112 ὡς
1284 3047 1405 3100 λίαν
1445 3045 1511 3098 σὺ
1563 3042 1838 3115 νηφαλίως

1944 3041 2056 3096 cis?
2090 3042 2167 3096 An
2193 3041 2413 3110 quidem
2472 3039 2656 3094 sobrie
2704 3046 2761 3093 te
2791 3038 2982 3101 babes,
3039 3040 3134 3106 qui
3169 3055 3292 3094 cum
3326 3040 3516 3096 videas

258 3154 426 3223 ἔχεις,
447 3152 511 3214 ὃς
541 3148 635 3215 ἐφ’
663 3140 744 3208 οἷς
808 3145 944 3214 ὁρᾷς
987 3143 1086 3212 τὴν
1119 3140 1382 3212 πρότερον
1412 3139 1498 3193 σοὶ
1525 3136 1668 3207 μόνῳ
1696 3153 1837 3206 παρ-

257 3243 424 3296 οῦσαν
453 3241 624 3311 χάριν
650 3235 745 3290 τοῦ
777 3234 1090 3304 Πνεύματος
1123 3230 1216 3284 ἐπὶ
1232 3230 1413 3284 πᾶσαν
1430 3225 1840 3300 χορηγουμένην

262 3335 466 3401 σάρκα,
504 3329 583 3400 μὴ
616 3326 819 3397 τρόπον
861 3321 1152 3392 περιϐολῆς
1193 3319 1396 3388 ταύτης
1432 3317 1836 3389 περιεχόμενος,

263 3423 399 3495 μηδὲ
434 3419 705 3492 μετανοίᾳ
762 3416 865 3488 τὴν
897 3413 1277 3486 προλαϐοῦσαν
1327 3410 1620 3482 θεομαχίαν
1643 3408 1836 3473 διδοὺς,

263 3517 350 3568 ἵνα
404 3513 483 3584 μὴ
517 3510 683 3564 θείων
707 3508 926 3581 δωρεῶν
953 3505 1326 3561 πλουτούντων
1353 3504 1570 3574 ἐτέρων,
1592 3501 1644 3556 οἶ
1680 3500 1839 3572 μέχρι

258 3611 359 3664 νῦν
381 3610 622 3678 πένητες
645 3604 1074 3673 καθεστήκεσαν,
1108 3600 1172 3654 σὺ
1189 3599 1217 3652 ὁ
1239 3597 1405 3653 πάλαι
1432 3596 1654 3659 ταύταις
1674 3593 1843 3647 πλου-

257 3703 390 3765 τῶν,
435 3700 647 3772 ἔρημος
695 3693 1101 3766 καταληφθείης
1148 3691 1242 3746 καὶ
1286 3689 1511 3760 ἄπορος.
1547 3687 1685 3752 Ἤδη
1734 3685 1842 3755 γάρ

262 3815 345 3850 σοι
397 3796 545 3866 πρὸς
594 3792 866 3862 ἁνάρῤουν
919 3787 1087 3857 χωρεῖ
1117 3785 1186 3838 τὰ
1214 3783 1406 3855 πρώην
1429 3781 1588 3845 καλὰ,
1613 3781 1710 3834 καὶ
1746 3775 1842 3832 σοῦ

261 3892 415 3943 πᾶσα
442 3886 544 3957 μὲν
572 3883 800 3953 ἐκδημεί
839 3877 1038 3950 δωρεὰ,
1081 3878 1188 3930 πᾶν
1230 3875 1273 3929 δ’
1304 3875 1617 3943 ἀφαιρεῖται
1640 3871 1841 3941 τίμιον,

263 3980 384 4034 ἀντὶ
425 3977 487 4031 δὲ
517 3974 620 4044 τῆς
663 3973 926 4044 πρότερον
962 3970 1279 4037 περιουσίας
1307 3965 1418 4018 τῶν
1445 3964 1604 4016 θείων
1639 3961 1841 4031 ἐσχάτη

270 4089 326 4125 σε
354 4065 732 4140 περιστοιχιεῐ
763 4061 984 4132 ἀπορία.
1016 4060 1109 4122 Εἰς
1137 4056 1295 4113 τοῦτο
1318 4057 1426 4127 γάρ
1453 4072 1512 4110 σε
1529 4053 1682 4125 φέρει
1707 4052 1767 4106 ὂν
1785 4051 1844 4118 ἐξ

263 4163 446 4235 ἀρχῆς
470 4160 538 4213 οὐ
563 4158 755 4229 λήγεις
804 4154 996 4225 φθόνον
1043 4148 1382 4220 ἐγκυμονῶν,
1437 4148 1528 4202 καὶ
1573 4145 1712 4200 κατὰ
1743 4145 1844 4213 τῆς

265 4259 364 4329 σῆς
396 4250 681 4316 διεξοιδῶν
705 4246 978 4320 σωτηρίας
997 4262 1012 4278 ο
1043 4245 1135 4316 ὑφ’
1161 4237 1222 4299 οὐ
1240 4243 1332 4298 καὶ
1357 4240 1452 4298 νῦν
1483 4238 1845 4311 στενοχωρού-

266 4366 453 4419 μενος,
487 4346 590 4401 καὶ
620 4341 781 4413 ῥῆξαι
814 4340 974 4396 πάλιν
1020 4339 1120 4408 τὴν
1171 4337 1377 4407 συνήθη
1411 4337 1509 4408 τῆς
1551 4331 1846 4404 θεομαχίας

1943 3129 2182 3200 Spiritus
2209 3130 2443 3201 gratiam
2485 3130 2584 3185 tibi
2623 3130 2725 3186 soli
2767 3131 2895 3183 olim
2947 3129 3127 3182 datam
3187 3131 3240 3184 in
3296 3146 3513 3186 omnem

1939 3233 2154 3292 gentem
2176 3221 2425 3283 dill‘undi,
2460 3221 2780 3292 mysterium
2806 3237 2916 3275 non
2951 3220 3232 3292 intelligis,
3259 3236 3359 3276 nec
3395 3236 3516 3293 prec

1938 3313 2168 3367 nitentia
2225 3312 2518 3367 deicidium
2585 3313 2847 3381 redimis;
2901 3329 2991 3378 ne,
3049 3313 3257 3368 cmlesti
3292 3329 3519 3370 munere

1939 3403 2130 3458 ditatis
2162 3406 2398 3468 caeteris,
2431 3405 2526 3474 qui
2589 3419 2765 3475 usque
2803 3406 2857 3459 in
2897 3406 2999 3460 hoc
3049 3412 3268 3475 tempus
3333 3405 3516 3475 inopia

1940 3495 2350 3564 premebantur,
2401 3505 2458 3549 tu
2491 3496 2664 3562 solus,
2691 3497 2784 3565 qui
2825 3497 2954 3550 olim
3014 3511 3082 3551 eo
3113 3496 3403 3562 fruebaris,
3449 3496 3516 3550 ad

1940 3596 2236 3657 egestatem
2268 3587 2547 3644 damneris
2577 3599 2740 3658 atque
2784 3589 2851 3644 ad
2888 3588 3175 3643 orbitatem
3201 3588 3226 3641 ‘l
3248 3586 3370 3642 Tibi
3400 3587 3516 3656 jam

1941 3689 2272 3748 praepostere
2299 3678 2608 3748 procedunt
2629 3679 2811 3732 omnia
2834 3696 2848 3744 ;
2875 3677 3122 3733 aufertur
3151 3677 3346 3744 honor,
3372 3677 3515 3732 dona

1941 3777 2322 3835 evanescunt,
2379 3777 2434 3824 et
2480 3783 2579 3840 pro
2644 3771 2912 3824 anteriori
2963 3785 3145 3825 rerum
3209 3770 3515 3824 divinarum

1943 3863 2222 3918 alliuentia
2249 3870 2494 3920 extrema
2519 3863 2808 3932 pauperies
2831 3871 2885 3918 te
2908 3863 3283 3918 circumsistit.
3304 3862 3385 3918 Ad
3412 3863 3517 3918 hoc

1942 3965 1997 4012 te
2030 3955 2231 4027 adegit,
2271 3971 2383 4027 qua
2432 3969 2722 4032 praegnans
2777 3969 2994 4026 semper
3024 3953 3198 4021 fuisti,
3234 3969 3298 4010 ac
3326 3955 3520 4010 etiam-

1943 4065 2074 4105 num
2105 4063 2186 4111 es,
2216 4048 2444 4114 invidia,
2469 4048 2556 4104 vel
2590 4047 2646 4102 in
2688 4057 2832 4101 tuam
2867 4048 3040 4118 ipsam
3076 4049 3306 4103 salutem
3335 4047 3518 4102 insutu

1945 4155 2097 4211 gens.
2130 4140 2213 4194 Ab
2243 4155 2307 4194 ea
2357 4153 2506 4194 nunc
2549 4153 2770 4208 quoque
2815 4137 3188 4204 excruciatus,
3240 4145 3294 4192 et
3323 4151 3520 4209 perpe-

1947 4244 2097 4288 tuam
2143 4230 2364 4286 deicidii
2400 4230 2738 4302 synderesim
2769 4231 2929 4286 novis
2960 4230 3264 4284 sceleribus
3294 4229 3521 4284 abrum-

1947 4340 2078 4395 pere
2109 4324 2376 4393 cupiens,
2420 4324 2757 4392 praenuntias
2797 4320 3193 4374 homicidarum
3256 4335 3519 4375 manuum

261 4411 447 4494 λὶιδῖνα
472 4411 823 4510 βιαζόμενος,
851 4430 1187 4504 προάγγελον
1231 4431 1330 4498 τῆς
1351 4425 1459 4479 τῶν
1490 4424 1840 4495 παλαμναίων

1950 4416 2193 4471 scelestae
2225 4415 2378 4469 vocis
2407 4413 2770 4467 contumelias
2799 4411 3028 4465 emittis.
3073 4411 3137 4463 At
3167 4411 3221 4464 in
3257 4419 3310 4464 te
3339 4413 3518 4480 ipsum

266 4531 472 4603 χειρῶν
505 4525 928 4596 ἐπιχειρήσεως,
955 4521 1053 4592 τὴν
1069 4519 1178 4573 τῶν
1205 4515 1482 4572 δυσσεὸὦν
1507 4513 1724 4585 χειλέων
1749 4513 1849 4567 λοι-

268 4623 458 4694 δορίαν
482 4618 856 4689 προπέμπεις,
900 4611 1037 4666 ἀλλὰ
1078 4613 1221 4665 κατὰ
1277 4606 1505 4663 σεαυτοῦ
1541 4605 1843 4677 παρατάξη.

272 4716 349 4767 οὐ
373 4712 490 4782 γὰρ
518 4709 600 4762 ἔτι
620 4711 743 4770 τοὺς
764 4705 856 4760 τοῦ
878 4701 1208 4770 Εὐαγγελίου
1231 4701 1487 4772 φοϐήσει-ς
1511 4696 1846 4771 προμάχους.

272 4805 400 4860 οὐδὲ
424 4802 534 4872 τῆς
563 4800 665 4870 σῆς
684 4797 939 4860 ἀπονοίας
969 4796 1088 4866 ὄψει
1119 4793 1275 4862 λόγον
1303 4790 1678 4860 ποιουμένους,
1716 4787 1850 4842 ἀλλὰ

272 4898 378 4968 τῆς
407 4893 615 4967 ἀρτίως
652 4889 1017 4960 κατελθούσης
1062 4886 1150 4940 ἐπ’
1203 4884 1400 4948 αὐτοὺς
1421 4883 1655 4954 πυρίνης
1695 4880 1854 4934 δυνά.-

278 5005 430 5059 μεως
476 4982 942 5053 ὐποπλησθέντες,
996 4980 1089 5032 καὶ
1141 4975 1354 5048 νηπίων
1415 4975 1600 5043 ἀγῶνα
1632 4974 1724 5028 τὸν
1762 4973 1854 5026 σὸν

276 5079 474 5146 ἀγῶνα
527 5074 858 5144 ποιούμενοι,
899 5070 1314 5140 καταπρήσουσι
1375 5066 1475 5138 μὲν
1511 5065 1765 5120 ἐπιπλέον
1793 5081 1854 5117 σε

277 5167 734 5242 πυρπολούμενον
756 5167 821 5236 τῇ
847 5164 1033 5235 μανίᾳ,
1064 5163 1163 5232 τῆς
1184 5160 1229 5213 δ’
1258 5158 1537 5221 εὐσεϐείας
1567 5157 1629 5210 τὸ
1654 5156 1857 5226 φέγγος

275 5265 576 5333 ἅπανταχῆ
621 5258 1020 5328 ἀναλάμψουσι.
1073 5255 1344 5318 Γλεύκους
1399 5250 1508 5306 είσὶ
1560 5265 1848 5320 μεμεστω-

281 5357 440 5428 μένοι
462 5373 482 5422 ;
504 5343 784 5408 Πυνθάνόυ
807 5350 912 5402 τῶν
951 5352 1016 5403 ἐκ
1046 5347 1312 5419 στόματος
1342 5344 1568 5398 ἐκείνων
1601 5343 1669 5413 τῇ
1699 5339 1848 5394 διδα-

277 5447 488 5516 σκαλίᾳ
509 5444 1008 5516 σωφρονιζομένων,
1039 5441 1088 5495 οἶ
1126 5439 1374 5508 καθάπερ
1433 5435 1632 5506 ἡδίστῳ
1675 5433 1849 5504 ῥέοντι

279 5541 486 5610 νάματι
511 5536 590 5608 τῷ
615 5537 824 5591 ἐκεῖθεν
873 5534 1207 5605 δροσίζονται
1251 5530 1484 5602 πόματι·
1515 5528 1608 5580 καὶ
1630 5527 1725 5580 νῦν
1752 5523 1851 5594 μὲν

277 5630 378 5695 οὓς
406 5631 540 5701 ὁρᾷς
588 5628 796 5700 δήμους
847 5626 1123 5696 ἀρύονται,
1158 5623 1354 5696 μικρὸν
1382 5623 1425 5676 δ’
1472 5620 1698 5690 ’ὕστερον
1730 5617 1852 5689 ὕψει

360 5811 409 5842 ³⁸
433 5808 554 5865 Act.
583 5823 649 5870 tt,
679 5806 734 5859 2.
811 5803 853 5834 ²¹
890 5801 1024 5858 ibid.
1055 5801 1147 5857 ⁸51.

1953 4507 2123 4562 aciem
2158 4505 2388 4560 instruis
2418 4521 2432 4558 :
2464 4518 2570 4558 non
2606 4504 2748 4558 enim
2771 4502 2824 4566 in
2857 4509 3138 4570 posterum
3165 4502 3515 4570 Evangeliutn

1953 4605 2362 4670 propugnantes
2416 4594 2756 4658 deterrebis,
2829 4593 2922 4648 sed
2983 4593 3310 4648 dementiam
3368 4600 3516 4646 tuam

1954 4691 2401 4756 ﬂoccifacientes,
2433 4699 2488 4744 et
2521 4688 2676 4759 ignea
2708 4686 2912 4742 virtute
2944 4701 3110 4756 super
3143 4686 3291 4755 ipsos
3345 4685 3516 4740 colla-

1958 4801 2053 4856 psa
2081 4783 2293 4853 repleti,
2316 4783 2580 4851 impetum
2610 4788 2760 4833 tuum
2791 4786 3050 4848 tanquam
3077 4791 3368 4848 puerorum
3394 4791 3517 4831 cer-

1949 4887 2136 4932 tamen
2156 4876 2481 4946 despicient,
2512 4872 2744 4942 ﬁdeique
2768 4872 2947 4926 lumen
2975 4871 3178 4941 ubique
3207 4869 3518 4925 diil‘unden-

1949 4977 2056 5032 tes,
2089 4977 2144 5022 te
2192 4967 2346 5021 rabie
2369 4967 2480 5036 jam
2509 4964 2777 5034 percitum
2811 4970 2865 5016 et
2896 4963 3203 5028 incensum,
3233 4963 3519 5018 vehemen-

1950 5061 2062 5116 tius
2085 5060 2340 5114 adurent.
2387 5057 2600 5126 Ergone
2643 5055 2767 5110 vino
2797 5057 3024 5109 saturati
3067 5054 3234 5109 sunt?
3261 5069 3358 5109 eos
3390 5069 3519 5124 per-

1951 5160 2198 5217 contare,
2228 5150 2322 5222 qui
2352 5149 2421 5204 ab
2442 5163 2630 5203 eorum
2656 5145 2925 5211 doctrina,
2961 5157 3216 5216 tauquam
3237 5161 3266 5198 a
3294 5144 3518 5214 perenni

1952 5245 2072 5301 rivo
2108 5242 2353 5308 irrorati,
2381 5241 2490 5308 jam
2539 5241 2912 5311 resipuerunt.‘
2971 5238 3034 5292 Et
3085 5253 3230 5292 nunc
3275 5237 3516 5307 quidem,

1953 5353 2118 5409 quam
2151 5335 2356 5397 cernis,
2389 5331 2605 5387 turbam
2634 5332 3015 5401 expiscantur;
3048 5328 3196 5384 brevi
3218 5332 3520 5383 verolnun-

1953 5425 2171 5483 dabitur
2212 5427 2500 5477 universus
2559 5420 2730 5482 orbis,
2795 5419 3196 5489 verborumque
3262 5416 3518 5474 ﬂuctibus

1956 5519 2330 5584 submergetur
2383 5514 2652 5583 impietas.
2702 5511 2852 5567 Talia
2899 5521 3114 5582 praestat
3143 5511 3207 5566 ad
3236 5511 3518 5567 hominum

1957 5609 2388 5669 emendationem
2415 5607 2652 5665 ebrietas
2681 5607 2814 5664 haec.
2837 5604 2881 5663 0
2905 5607 3013 5663 Dco
3039 5605 3311 5662 inimicam
3332 5619 3516 5661 amen-
