3952 6210
435 342 540 406 155

1664 338 1949 398 LEONIS
1986 340 2444 401 PHILOSOPHI

3568 330 3679 393 156

432 461 563 516 tiam
598 457 919 529 resipiscere
979 456 1275 515 nolentem,
1326 469 1426 508 nec
1456 453 1758 524 quiescere,
1792 467 1855 504 ac
1886 450 1998 505 Sal-
2032 502 2033 505 η

2141 454 2202 523 ἧς
2231 453 2467 523 βλῦσεως
2492 452 2845 524 πληρούμενα
2864 451 3038 504 πάντα
3058 448 3125 501 τὰ
3148 448 3382 515 πέρατα,
3400 448 3685 498 κατακλυσ-

432 562 673 608 vatorem
710 563 955 607 nostrum
980 565 1276 621 agnoscere
1299 547 1312 601 !

2110 545 2345 614 ζομένης
2408 546 2507 613 τῆς
2561 544 2875 605 δυσσεϐείας
2942 544 3055 604 τοῖς
3117 538 3350 606 λογικοῖς
3406 536 3695 606 χεύμασι·

432 649 664 703 τοσαῦτα
695 650 726 716 ὴ
752 647 1001 716 παροῦσα
1031 646 1123 699 ἐπὶ
1158 641 1523 712 σωφρονισμῷ
1558 639 1652 694 τοῦ
1685 640 2004 710 πλάσματος
2044 641 2202 711 μέθη.
2236 645 2299 696 Ὢ
2324 644 2423 714 τῆς
2466 645 2733 715 θεομάχου
2759 642 2927 713 μέθης
2960 642 3019 693 οὑ
3089 636 3423 709 βουλομένης
3496 636 3695 707 λῆξαι,

432 741 540 801 οὐδ’
574 739 863 809 ἀνανῆψαι,
888 736 1027 791 ὥστε
1051 737 1344 804 ἐπιγνῶναι
1365 734 1456 790 τὸν
1486 735 1780 806 ἐληλυθότα
1807 736 1974 787 σῶσαι
2009 736 2315 808 Δεσπότηνί

508 832 706 886 Verum
740 848 857 897 eos,
894 832 985 900 qui
1027 831 1096 885 ob
1144 829 1405 883 invidiam
1435 843 1630 884 sensus
1686 828 2012 892 amiserunt,

434 934 601 995 atque
626 941 691 978 ex
731 940 794 978 eo
829 922 1203 994 prodigiorum
1234 922 1423 976 horum
1458 922 1818 989 intelligentia
1848 921 2019 977 desti-

437 1023 693 1076 tuuntur,
735 1012 1051 1082 stupiditate
1108 1027 1207 1067 sua
1233 1012 1415 1081 perire
1443 1013 1713 1066 sinamus.
1746 1010 1859 1067 Nos
1892 1026 2021 1066 vero

438 1121 468 1158 a
528 1104 739 1175 Spiritu
800 1113 995 1159 sancto
1028 1102 1310 1167 viviﬁcati,
1370 1112 1666 1171 sancteque
1721 1103 2017 1166 immutati,

440 1214 563 1252 cum
593 1207 743 1253 recto
770 1214 1045 1262 sermone,
1078 1208 1191 1251 tum
1224 1197 1329 1267 piis
1353 1197 1524 1265 gestis
1554 1198 1810 1251 honorem
1847 1197 2020 1261 illum,

440 1306 550 1358 quo
616 1289 814 1358 gaudet
866 1290 1122 1351 maxime,
1180 1288 1289 1342 Deo
1350 1289 1726 1343 exhibeamus.
1794 1288 2023 1342 Mortuis

441 1381 732 1436 aﬂectuurii
771 1381 1031 1451 operibus
1088 1380 1245 1434 vacui
1299 1379 1508 1442 simus;
1546 1381 1814 1433 viviticam
1851 1380 2023 1432 virtu-

442 1482 557 1527 tum
590 1472 885 1527 elﬁcaciam
918 1480 1233 1541 operantem
1267 1468 1559 1525 reddamus
1587 1488 1601 1535 ;
1643 1470 1855 1525 fcedam'
1895 1486 2024 1540 pec-

444 1565 555 1619 cati
600 1564 795 1617 faciem
845 1563 1195 1631 .rejiciamus,
1251 1562 1493 1616 divinam
1560 1563 2023 1631 pulchritudinem

444 1670 810 1711 assumamus.
848 1655 1086 1709 Abstulit
1116 1653 1443 1725 Unigenitus
1503 1654 1887 1709 intermedium
1923 1654 2029 1708 ini-

2199 832 2359 887 Ἀλλὰ
2387 834 2496 904 γὰρ
2516 832 2565 885 οἱ
2598 832 2697 895 τὰς
2726 830 3006 899 αἰσθήσεις
3058 828 3152 881 τοῦ
3184 828 3381 897 φθόνου
3422 829 3499 898 τῷ
3526 828 3705 882 πάθει

2116 926 2531 997 νενεκρωμένοι,
2564 927 2655 978 καί⁸
2703 924 2792 978 διὰ
2825 921 2984 975 τοῦτο
3013 921 3124 972 τῶν
3180 920 3518 990 τελουμένων
3558 921 3705 973 θαυ-

2121 1021 2337 1087 μασίων
2387 1018 2730 1089 ἀφῃρημένοι
2794 1018 2891 1085 τὴν
2952 1015 3191 1079 σύνεσιν,
3218 1014 3398 1085 ἔρρειν
3426 1011 3565 1082 μετά
3593 1012 3708 1079 τῆς

2119 1113 2324 1174 οἰκείας
2346 1112 2700 1181 ἀναισθησίας
2727 1109 3096 1177 ἀφείσθωσαν.
3144 1107 3334 1177 Ἡμεῖς
3357 1105 3413 1158 δὲ
3446 1104 3523 1173 τῷ
3554 1122 3708 1156 παν-

2123 1206 2264 1273 αγίῳ
2296 1203 2719 1270 ζωοποιηθέντες
2749 1201 3048 1270 Πνεύματι,
3105 1198 3264 1271 ίερῶς
3289 1195 3645 1250 ἀλλοιωθέντε
3660 1216 3706 1259 ς,

2122 1296 2312 1367 ὥσπερ
2334 1296 2511 1363 λόγοις
2538 1294 2886 1363 θεοπρεπέσι,
2933 1293 3075 1345 οὕτω
3108 1291 3205 1344 καὶ
3237 1290 3411 1352 θείαις
3462 1288 3708 1358 πράξεσι

2122 1389 2223 1456 τὴν
2252 1388 2416 1457 τιμὴν
2444 1386 2808 1456 ὲκπληρῶμεν
2831 1384 3001 1454 αὐτῷ,
3122 1380 3494 1453 διαφερόντως
3515 1381 3703 1451 χαίρει

2124 1480 2433 1551 τιμώμενος
2459 1480 2635 1542 όΘεός
2658 1496 2671 1508 ·
2708 1478 3057 1550 σχολὰσῳμεν
3087 1477 3195 1529 ἀπὸ
3216 1476 3323 1529 τῶν
3354 1473 3569 1545 νεκρῶν
3587 1473 3699 1525 τῶν

2128 1573 2319 1625 παθῶν
2354 1574 2550 1642 ἔργων.
2586 1573 2943 1641 Ἐμπρακτον
2982 1569 3078 1638 τὴν
3130 1568 3393 1632 ζωοποιὸν
3418 1567 3699 1636 ἐνέργειαν

2128 1664 2235 1717 τῶν
2260 1665 2471 1734 ἀρετῶν
2502 1663 2739 1734 σχῶμεν.
2788 1660 3133 1732 Ἀμείψωμεν
3160 1660 3258 1729 τὴν
3289 1660 3575 1729 ἀσχήμονα
3600 1657 3705 1726 τῆς

448 1744 780 1799 micitiarum
819 1745 1117 1814 parietem;
1155 1744 1299 1799 Deus
1340 1745 1498 1799 Pater
1533 1759 1720 1814 pacem
1763 1742 2030 1809 iniit,Pac

2141 1756 2405 1827 ἱμαρτίας
2435 1757 2677 1827 μορφήν·
2716 1751 3093 1825 μορφωθιῖψεν
3116 1753 3216 1820 τὴν
3267 1750 3474 1820 θεοειδῆ
3504 1749 3712 1804 καλλος

449 1836 676 1891 raclitus
730 1851 830 1890 nos
882 1835 1150 1903 adoptans
1214 1850 1345 1890 suos
1396 1835 1560 1901 fecit;
1608 1844 1723 1888 tuta
1774 1836 1931 1889 nobis
1971 1845 2025 1890 et

2141 1852 2251 1919 νήν.
2281 1849 2479 1902 Ἐλυσε
2529 1848 2629 1918 τῆς
2661 1847 2860 1917 ἔχθρας
2892 1845 2955 1898 τὸ
2983 1844 3295 1914 μεσότοιχον
3339 1846 3367 1896 ό
3391 1841 3712 1912 Μονογενὴς

449 1926 604 1981 ﬁrma
636 1928 727 1981 ﬁat
757 1928 870 1982 base
899 1928 1153 1983 aﬂinitas.
1190 1926 1296 1992 Qui
1326 1935 1508 1981 autem
1556 1927 1685 1981 ﬁet?
1717 1926 2027 1997 adoptantis

447 2019 747 2075 bonitatem
783 2020 1108 2074 annulando.
1165 2020 1332 2075 Filios
1360 2034 1485 2075 esse
1535 2027 1804 2073 testemur
1861 2022 2026 2073 mori-

448 2111 586 2177 bus;
615 2112 847 2167 invicem
880 2127 1125 2182 agamus,
1152 2119 1211 2164 ut
1232 2112 1503 2181 benignus
1548 2109 1711 2165 Pater
1740 2111 2025 2166 nobiscum

449 2204 595 2272 egit;
625 2204 1021 2258 humanitatem
1053 2204 1435 2267 cxhibeamus,
1465 2203 1555 2273 qui
1588 2210 1797 2258 tantam
1832 2203 2027 2257 huma-

450 2298 678 2351 nitatem
724 2297 1071 2361 invenimus;
1106 2312 1174 2349 ne
1220 2296 1517 2351 crudeliter
1542 2294 1776 2361 viscera
1800 2311 2029 2366 exaspe-

450 2403 563 2455 res,
592 2390 688 2458 qui
718 2404 828 2443 non
882 2389 1261 2443 misericordia
1310 2396 1547 2454 tantum,
1579 2403 1687 2457 qua
1723 2389 2028 2457 indigebas,

453 2478 652 2549 dignus
678 2495 737 2534 es
768 2478 970 2543 factus,
1014 2482 1109 2534 sed
1160 2480 1279 2534 Filii
1340 2479 1539 2534 ﬁducia
1570 2494 1601 2532 a
1635 2479 1886 2534 elementi
1924 2479 2030 2534 Do-

454 2574 606 2624 mino
638 2580 853 2642 recepta
890 2572 1091 2625 limites
1120 2587 1310 2625 omnes
1341 2572 1653 2625 excessisti.
1688 2570 1811 2625 Noli
1842 2586 2026 2640 super-

456 2663 544 2718 bia
568 2663 773 2726 ell'erri,
802 2664 892 2732 qui
927 2679 1142 2719 summo
1167 2664 1287 2718 loco
1339 2665 1517 2730 sedes,
1552 2673 1888 2734 praestasque
1926 2679 2033 2718 ca:-

455 2755 611 2819 teris,
637 2770 739 2809 nec
768 2756 962 2825 majori
990 2756 1174 2811 debito
1203 2756 1527 2821 obstrictus,
1567 2770 1695 2810 cum
1728 2756 1851 2824 plus
1878 2770 2034 2810 acce-

458 2848 628 2917 peris,
680 2863 779 2917 pro
810 2846 1098 2911 beneﬁcio,
1129 2863 1238 2917 quo
1295 2847 1585 2902 devinctus
1629 2863 1710 2911 es,
1768 2847 2027 2916 iniuriam

460 2941 752 3009 rependas.
790 2939 941 2993 Illum
962 2954 1214 3008 sequere,
1242 2940 1339 3010 qui
1379 2948 1439 2993 ut
1466 2939 1738 3008 abiectum
1764 2947 1818 2994 te
1844 2954 1907 2993 ac
1938 2939 2035 2993 de-

459 3048 711 3102 pressum
738 3033 1046 3097 extolleret,
1080 3032 1149 3087 ab
1196 3033 1462 3087 immensa
1507 3031 1797 3087 altitudine
1849 3046 1909 3087 se
1937 3032 2034 3087 de-

2138 1936 2480 2009 μεσιτεύσας.
2510 1934 2897 2004 Κατήλλακται
2923 1933 2951 1984 6
2977 1931 3109 1995 Θεὸς
3135 1934 3230 1985 καὶ
3273 1932 3475 1999 Πατήρ.
3516 1931 3712 2000 Προσ-

2138 2030 2412 2100 ῳκείωσεν
2452 2027 2709 2081 υἰοθετῶν
2759 2029 2787 2080 6
2838 2023 3220 2095 Παράκλητος.
3278 2019 3515 2077 Γενέσθω
3562 2020 3711 2091 ἡμῖν

2137 2121 2386 2191 ἀσφαλὴς
2410 2122 2443 2191 ἡ
2475 2120 2766 2181 οἰκείωσις.
2802 2116 2926 2180 Πῶς
2952 2115 3046 2169 οὖν
3073 2116 3405 2184 γενήσεται;
3441 2110 3711 2181 Μιμησὼ-ι-

2142 2213 2281 2283 μεθα
2313 2214 2412 2282 τὴν
2447 2212 2540 2265 τοῦ
2575 2210 2939 2280 πεποιηκότος
2964 2208 3199 2271 οἰκείους
3218 2206 3579 2277 χρηστότητα.
3608 2205 3710 2275 Μὴ

2138 2304 2466 2376 ψευσώμεθα
2508 2303 2607 2373 τὴν
2648 2303 2871 2372 υἱότητα
2924 2302 3013 2354 διὰ
3040 2299 3138 2370 τῆς
3184 2297 3293 2350 τῶν
3319 2295 3536 2366 τρόπων
3574 2312 3717 2364 μορ⁸

2140 2400 2387 2468 φώσεως.
2428 2397 2642 2451 Ἐκεῖνα
2690 2394 2827 2465 πρὸς
2880 2393 3141 2463 ἀλλήλους
3184 2391 3447 2459 ποιῶμεν,
3493 2388 3527 2441 a
3569 2387 3713 2457 πρὸς

2140 2493 2294 2563 ἡμᾶς
2340 2493 2368 2545 6
2396 2490 2694 2560 οἰκτίρμων
2752 2485 2940 2555 Πατὴρ
2986 2482 3317 2546 ἐπεδείξατο.
3374 2479 3714 2548 Μεταδῶμεν

2141 2582 2552 2653 φιλανθρωπίας
2608 2583 2657 2634 οἱ
2715 2580 2916 2649 πολλῆς
2967 2578 3221 2649 τυχόντες
3260 2574 3710 2646 φιλανθρωπίας’

2145 2676 2219 2746 μὴ
2281 2674 2502 2744 κλείσῃς
2557 2670 2894 2740 ἀσυμπαθῶς
2946 2668 3015 2722 τὰ
3065 2668 3349 2736 σπλάγχνα
3386 2667 3511 2736 ὁμὴ
3546 2666 3713 2735 μόνον

2143 2766 2482 2837 συμπαθείας
2529 2760 2597 2835 ἦς
2663 2760 2894 2833 ἔχρῃζες
2936 2760 3257 2831 ἠξιωμένος,
3302 2758 3437 2812 ἀλλὰ
3483 2760 3577 2809 καὶ
3612 2760 3714 2809 ἑπ-

2141 2859 2326 2912 έκεινα
2351 2856 2664 2928 τετυχηκὼς
2692 2855 3035 2927 συμπαθείας
3061 2856 3119 2907 ὲν
3145 2854 3223 2923 τῷ
3241 2852 3547 2925 παρρησίαν
3576 2854 3714 2907 Υίοῦ

2145 2952 2281 3022 πρὸς
2309 2951 2689 3021 φιλάνθρωπον
2720 2949 2996 3018 Δεσπότην
3020 2940 3266 3000 λαϐεῖνι
3314 2945 3389 3016 μὴ
3433 2962 3716 3014 κατεπαρ-

2145 3046 2245 3118 θῇς
2305 3048 2334 3098 6
2387 3044 2552 3115 τιμὴν
2598 3044 2708 3096 τῶν
2735 3043 2914 3096 ἄλλων
2960 3042 3269 3111 ὑπερτέραν
3331 3038 3531 3092 λαϐὼν.
3569 3034 3715 3108 Μηδ⁶

458 3125 630 3179 misit.
660 3123 802 3194 Opes
847 3124 971 3178 illas
998 3165 1012 3189 ,
1041 3139 1163 3193 qua:
1190 3124 1473 3179 beneﬁciis
1515 3122 1782 3180 alliciendi
1807 3133 2033 3179 cancros

2141 3136 2369 3202 ὀφείλων
2397 3133 2479 3199 οἷς
2510 3136 2659 3205 παρά
2687 3134 2823 3187 Θεοῦ
2876 3133 3039 3185 πλέον
3070 3132 3304 3200 εἴληφας
3344 3130 3503 3183 πλέον
3541 3130 3714 3183 αἰδεῖ-

459 3215 702 3272 debitum
764 3216 861 3272 tibi
907 3227 1118 3285 creant,
1178 3217 1289 3271 noli
1342 3218 1394 3270 in
1427 3232 1616 3271 eorum
1650 3216 2035 3271 contumeliam

459 3318 801 3363 convertere.
849 3306 979 3363 Jesu
1045 3309 1478 3364 misericordiam
1526 3309 1762 3375 imitare,
1813 3310 1903 3379 qui
1936 3324 2038 3361 non

460 3400 705 3470 rapinam
755 3402 1047 3455 arbitratus
1102 3410 1203 3466 est,
1258 3417 1369 3455 esse
1415 3417 1470 3455 se
1503 3401 1759 3472 wqualem
1788 3401 1921 3468 Deo,
1950 3400 2040 3455 sed

460 3494 796 3562 semetipsum
825 3494 1117 3548 exinanivit
1141 3494 1206 3559 ¹²,
1243 3504 1303 3547 ιιι
1354 3501 1407 3548 te
1442 3493 1849 3549 misericordem
1887 3494 2039 3548 face-

460 3594 563 3641 ret.
586 3585 808 3651 Eurum,
830 3601 953 3655 quae
977 3586 1135 3640 nobis
1159 3586 1449 3649 debentur,
1471 3596 1753 3640 exactores
1780 3600 1847 3640 ne
1867 3585 2040 3640 simus

462 3679 852 3734 inexorabiles.
884 3678 1011 3735 Ideo
1038 3678 1181 3734 enim
1208 3678 1440 3749 plurima
1470 3679 1825 3733 remittuntur
1858 3678 2041 3742 nobis,

460 3787 533 3828 ne
560 3772 628 3826 ab
661 3773 786 3827 aliis
828 3771 995 3825 nimia
1055 3773 1346 3827 severitate
1400 3772 1707 3841 exigamus.
1752 3770 2041 3825 Dominum

462 3865 667 3920 bonum
709 3864 1044 3929 aemulemur,
1072 3880 1181 3918 non
1204 3878 1423 3918 servum
1457 3863 1685 3929 malum,
1708 3863 1803 3933 qui
1837 3863 2043 3918 domini

462 3971 593 4026 erga
649 3971 710 4011 se
758 3946 1103 4010 clementiam
1158 3968 1269 4008 non
1304 3954 1569 4019 imitatus,
1631 3968 1732 4008 nec
1761 3970 1881 4008 eam
1916 3969 2043 4020 erga

464 4062 794 4104 conservum
818 4045 1106 4109 adhibens,
1128 4048 1276 4115 pium
1304 4045 1586 4099 dominum
1624 4060 1871 4099 severum
1896 4044 2042 4109 fecit,

465 4149 522 4197 et
549 4146 841 4211 postquam
868 4153 991 4207 qua:
1022 4138 1128 4192 sibi
1160 4137 1520 4201 debebantur,
1545 4152 1742 4207 aspere
1770 4147 2046 4206 exegerat,

467 4234 650 4289 omnia
690 4248 809 4301 quae
832 4232 1089 4296 debebat,
1118 4239 1173 4284 et
1195 4230 1262 4283 ab
1290 4230 1411 4299 ipso
1438 4238 1629 4285 exacta
1656 4238 1809 4285 sunt.
1842 4229 2040 4283 Exem-

467 4323 615 4396 plum
652 4324 851 4377 malum
905 4338 973 4377 ne
1031 4337 1344 4391 sequamur,
1403 4322 1471 4376 ab
1497 4337 1562 4376 eo
1596 4323 1838 4392 periculo
1889 4324 2046 4377 nobis

467 4427 742 4474 caventes.
795 4415 1080 4481 Dimittite,
1105 4416 1284 4485 inquit
1315 4414 1485 4482 enim,
1511 4416 1607 4487 qui
1643 4415 1911 4487 sanguine
1938 4432 2040 4471 suo
2072 4449 2116 4503 Ι)

468 4508 628 4563 nobis
656 4507 885 4577 gratiam
947 4505 1097 4569 fecit,
1122 4516 1171 4559 et
1202 4506 1562 4569 dimitlemini,
1595 4516 1644 4560 et
1684 4515 1847 4560 estote
1891 4508 2044 4561 mise-

469 4600 726 4661 ricordes,
772 4601 909 4653 sicut
965 4610 1013 4652 et
1068 4598 1232 4653 Pater
1283 4610 1449 4654 vester
1498 4600 1718 4653 cwleslis
1744 4600 2043 4654 misericors

471 4701 551 4747 est
586 4692 652 4744 ’³.
688 4686 990 4761 Pauperem
1022 4704 1181 4757 pasce
1214 4701 1433 4759 prOpter
1454 4704 1599 4752 eum,
1628 4690 1744 4759 qui,
1784 4701 1845 4744 ut
1876 4698 1927 4745 te
1951 4706 2044 4759 pa-

471 4789 671 4842 sceret.
696 4780 954 4846 esurivit;
992 4778 1196 4833 nudum
1223 4780 1423 4846 indue;
1460 4796 1650 4835 eorum
1679 4790 1731 4835 te
1765 4781 2040 4847 misereat,

472 4874 566 4941 qui
607 4872 678 4927 ab
719 4872 906 4927 eadem
939 4886 1123 4935 manu,
1157 4872 1253 4925 sed
1301 4886 1410 4925 non
1455 4872 1643 4925 eadem
1702 4872 2039 4937 conditione,

472 4960 643 5015 creati
698 4968 866 5013 sunt:
898 4975 1007 5030 quo
1060 4961 1241 5015 minus
1285 4961 1516 5015 aliorum
1563 4961 1774 5033 indiges
1813 4963 2040 5018 misera-

475 5052 623 5107 tione
650 5051 666 5114 ί
683 5052 730 5106 si
757 5062 937 5107 tamen
966 5054 1255 5125 quisquam
1280 5062 1384 5119 est,
1416 5055 1507 5124 qui
1540 5055 1592 5108 in
1619 5057 1721 5110 hoc
1755 5057 1879 5110 vita:
1904 5057 2041 5110 mari

472 5154 584 5200 tam
624 5143 855 5199 feliciter
893 5147 1138 5216 naviget)
1169 5162 1233 5202 eo
1267 5147 1439 5217 magis
1476 5146 1528 5200 in
1561 5146 1698 5201 alios
1732 5148 2040 5203 miseratio-

472 5254 598 5294 nem
621 5253 837 5294 exerce.
861 5237 1155 5309 Imaginem
1182 5240 1277 5295 tibi
1298 5255 1480 5309 parem
1505 5255 1571 5293 ne
1598 5239 1867 5309 despicias
1890 5240 2039 5310 abje-

472 5341 642 5395 ctam,
697 5340 791 5384 aut
828 5332 1092 5401 negligas.
1142 5332 1239 5389 llle
1285 5332 1556 5404 siquidem
1607 5332 1696 5386 Dei
1749 5331 2041 5403 imaginem

474 5422 726 5478 similiter
759 5423 1060 5491 przesefert,
1091 5426 1339 5493 quamvis
1368 5435 1426 5480 tu
1454 5425 1741 5495 magniﬁce
1782 5426 1832 5479 in
1864 5426 2043 5479 thala-

475 5516 583 5570 mis
632 5516 818 5584 degas,
871 5514 961 5569 ille
1009 5530 1142 5569 vero
1191 5519 1293 5572 sub
1327 5519 1446 5584 dio;
1494 5518 1624 5587 quin
1679 5517 2044 5587 pulchriorem

477 5609 711 5667 fortasse
730 5622 784 5666 et
803 5610 1100 5682 archetypo
1128 5611 1474 5679 similiorem,
1502 5621 1561 5667 ut
1579 5613 1757 5670 nudus
1774 5611 2038 5680 Lazarus,

551 5796 597 5826 ”
628 5793 765 5849 Phil.
795 5810 831 5848 ιι
873 5792 926 5847 6.
1006 5792 1051 5824 ³³
1074 5789 1213 5844 Luc.
1244 5806 1316 5847 vl.
1355 5790 1444 5843 37.

2144 3229 2289 3293 σθαι,
2318 3229 2382 3281 σὺ
2408 3227 2465 3280 δὲ
2502 3226 2635 3280 διότι
2669 3226 2870 3295 μᾶλλον
2918 3224 3240 3294 εὐεργεσίας
3278 3220 3718 3291 τετύχηκας,διά

2142 3318 2299 3373 τοῦτο
2352 3318 2676 3390 ἐξυϐρίζεις.
2729 3318 2985 3388 Μίμησαι
3036 3315 3129 3369 τὸν
3183 3315 3243 3379 ὲξ
3294 3314 3520 3383 ἀπείρου
3545 3311 3717 3381 ὕψους

2142 3410 2578 3481 καταϐεϐηκότα,
2615 3411 2703 3463 ἵνα
2733 3411 2835 3479 τὴν
2867 3410 2966 3479 σὴν
2995 3407 3211 3472 ἀδοξίαν
3241 3409 3480 3478 τιμήσῃο
3505 3407 3578 3474 μὴ
3611 3406 3719 3475 τὴν

2141 3504 2228 3574 ἐφ’
2261 3499 2305 3573 ᾧ
2330 3502 2615 3573 περιέπειν
2715 3519 2797 3555 σοι
2824 3502 2951 3563 τοὺς
2979 3500 3404 3570 ἀσθενεστέρους
3434 3497 3715 3562 ὑπόθεσιν,

2145 3596 2399 3670 ἀφορμὴν
2430 3597 2631 3666 ποιήσῃ
2670 3592 2765 3647 τοῦ
2812 3593 2931 3646 κατ’
2956 3593 3178 3645 ἐκείνων
3220 3589 3713 3662 προπηλακισμοῦ-

2149 3692 2385 3762 μίμησαι
2428 3690 2490 3742 τὸ
2530 3686 2705 3757 Ἰησοῦ
2744 3686 3046 3757 συμπαθὲς,
3075 3688 3181 3751 Ὃς
3239 3688 3352 3753 οὐχ
3397 3683 3718 3752 ἁρπαγμὸν

2144 3781 2532 3852 ἡγησάμενος
2553 3780 2617 3833 τὸ
2639 3777 2791 3833 εἶναι
2842 3780 2865 3830 ἵ
2868 3795 2949 3833 σα
2985 3778 3124 3842 Θεῷ,
3149 3777 3450 3831 ἐκένωσεν
3472 3776 3717 3838 ἑαυτὸν,

2147 3875 2233 3928 ἵνα
2280 3891 2362 3926 σοι
2392 3872 2603 3943 μεταδῷ
2623 3870 2982 3940 συμπαθείας.
3018 3869 3107 3938 Μὴ
3136 3867 3244 3921 τῶν
3267 3869 3345 3928 εἰς
3369 3868 3513 3935 ἡμᾶς
3541 3868 3721 3936 χρεῶν

2148 3964 2511 4034 ἀπαραίτητοι
2550 3961 2835 4030 γενώμεθα
2884 3960 3152 4028 λογισταί,
3202 3961 3251 4011 οἰ
3303 3960 3545 4028 ἀπείρων
3574 3960 3719 4010 ὅσων

2147 4056 2455 4125 ἀφειμένοι,
2497 4056 2585 4108 ἵνα
2620 4055 2695 4126 μὴ
2751 4055 3141 4124 ἀπαραιτήτως
3165 4052 3201 4107 ἃ
3225 4051 3724 4121 κεχρεωστήκαμεν

2148 4147 2586 4217 εἰσπραχθῶμεν.
2619 4147 2724 4199 Τὸν
2781 4146 2982 4215 ἀγαθὸν
3010 4146 3295 4212 δεσπότην,
3344 4144 3478 4197 ἀλλά
3521 4141 3593 4212 μὴ
3623 4141 3721 4193 τὸν

2145 4241 2383 4310 πονηρὸν
2408 4238 2592 4292 δοῦλον
2636 4237 2996 4308 ζηλώσωμενο
3030 4238 3088 4301 ὃς
3135 4237 3231 4306 τὴν
3261 4235 3396 4306 πρὸς
3427 4234 3587 4287 αὑτὸν
3615 4229 3717 4285 τοῦ

2147 4330 2407 4385 δεσπότου
2461 4328 2686 4400 γνώμην
2735 4332 2797 4382 οὐ
2852 4330 3232 4399 μιμησάμενος
3266 4330 3325 4380 ὲν
3352 4329 3414 4397 τῇ
3451 4324 3588 4395 πρὸς
3615 4323 3717 4376 τὸν

2147 4423 2428 4478 σύνδουλον
2454 4422 2786 4494 συμπαθείᾳ,
2822 4422 2911 4475 τὸν
2942 4423 3101 4475 ἵλεων
3154 4419 3424 4489 αὐστηρὸν
3460 4418 3716 4489 ὼφθῆναι

2151 4515 2373 4583 ἐποίησε
2396 4531 2412 4547 ·
2440 4517 2535 4569 καὶ
2560 4516 2681 4567 ἐπεὶ
2707 4514 3082 4584 ἀπαραίτητον
3108 4513 3342 4565 ἐποιεῖτο
3370 4510 3470 4579 τὴν
3484 4510 3716 4577 εἴσπρα-

2149 4604 2233 4671 ξιν
2262 4606 2370 4659 τῶν
2399 4605 2762 4675 ὀφειλομένων
2811 4603 2980 4673 αὐτῷ,
3015 4605 3194 4656 πᾶσαν
3246 4602 3340 4655 καὶ
3395 4600 3554 4660 αὐτὸς
3598 4604 3717 4653 εἰσ-

2150 4697 2398 4769 επρόιχθη
2459 4695 2559 4768 τὴν
2603 4696 2845 4767 ὁφειλήν.
2874 4696 2966 4761 Μὴ
3013 4696 3340 4766 μιμήσωμεν
3366 4694 3424 4747 τὸ
3485 4695 3720 4765 πονηρὸν

2151 4788 2470 4861 ὑπόδειγμα,
2494 4789 2581 4841 ἵνα
2618 4790 2691 4859 μὴ
2715 4790 2795 4851 εἰς
2826 4788 3073 4858 ἀνάγκην
3113 4788 3304 4857 ὁμοίας
3357 4787 3723 4857 καταστῶμεν

2148 4880 2503 4950 εἰσπράξεως.
2543 4882 2748 4949 Ἄφετε
2771 4879 2901 4951 γὰρ,
2924 4881 3088 4951 φησὶν
3114 4882 3141 4932 6
3168 4882 3531 4951 χαρισάμενος
3582 4880 3726 4951 ἡμῖν

2148 4973 2205 5024 ὲν
2238 4970 2315 5041 τῷ
2367 4970 2532 5025 αὑτοῦ
2595 4972 2809 5041 αἵματι,
2859 4972 2957 5025 καί
2998 4971 3361 5041 ἀφεθήσεται
3404 4971 3582 5038 ὑμῖν·
3614 4971 3721 5026 καὶ

2147 5065 2390 5133 γίνεσθε
2417 5064 2787 5133 οἰκτίρμονες
2822 5063 3026 5131 ὥσπερ
3047 5065 3147 5117 καὶ
3189 5068 3221 5118 ό
3252 5064 3455 5131 Πατὴρ
3487 5060 3659 5131 ὑμῶν
3691 5066 3727 5117 d

2148 5156 2424 5225 οὐράνιος
2449 5158 2763 5226 οἰκτίρμων
2804 5157 2958 5212 ἐστί.
3004 5157 3215 5227 Θρέψον
3255 5157 3463 5225 πένητα
3502 5156 3590 5208 διὰ
3629 5154 3727 5207 τὸν

2150 5246 2237 5297 ἵνα
2270 5264 2325 5298 σε
2360 5246 2530 5319 θρέψῃ
2598 5248 2950 5317 πεινήσαντα.
2985 5247 3251 5319 Περίϐαλε
3298 5249 3539 5318 γυμνόν·
3587 5263 3732 5315 συμμ-

2149 5336 2396 5407 πὰθησον
2455 5340 2542 5405 ἐφ’
2588 5335 2667 5402 οἷς
2723 5339 2855 5409 ὁρᾷς
2882 5340 2972 5392 τὸν
3008 5340 3209 5409 ὁμοίως
3240 5341 3323 5392 σοι
3354 5343 3420 5410 τῇ
3452 5340 3587 5409 αὐτῇ
3627 5339 3731 5408 δη-

2154 5429 2556 5499 μιουργηθέντα
2617 5431 2843 5502 παλάμῃ
2888 5432 2985 5501 οὐχ
3035 5432 3239 5501 ὁμοίως
3290 5431 3531 5493 ἀνέσεως
3580 5432 3730 5482 ἀπο-

2149 5518 2400 5574 λαύοντα.
2457 5522 2673 5574 Μᾶλλον
2728 5522 2784 5575 δὲ
2815 5524 2939 5576 ὅσον
2983 5523 3145 5586 αὐτὸς
3177 5524 3236 5576 οὐ
3276 5522 3493 5593 χρῄζεις
3516 5522 3732 5592 ἐτέρων

2153 5612 2515 5684 συμπαθείας,
2547 5614 2599 5667 εἴ
2629 5615 2692 5684 γέ
2737 5633 2822 5680 τις
2874 5613 3046 5681 οὕτως
3074 5617 3371 5686 εὐπλοῆσαι
3411 5616 3730 5689 τεθάῥρηκε
