3952 6210
240 383 328 448 15⁵7
1014 381 1297 443 ORATIO
1323 383 1476 444 XIV.
1512 406 1578 418 -·-
1598 383 1680 441 ῙΝ
1717 384 1781 442 Β.

1948 384 2086 445 nm;
2120 383 2731 447 ASSUMPTIONEM.
3411 383 3509 457 158

241 499 323 552 τοῦ
375 495 502 567 βίου
566 499 634 567 τῇ
701 496 885 568 ἅλμη,
932 496 1186 550 τοσοῦτον
1242 495 1588 566 συμπαθείας
1623 497 1798 569 ἑτέροι

1949 508 1986 552 :t
2017 498 2110 572 qui
2148 499 2314 569 bysso
2342 500 2724 566 amiciebatur,
2766 507 3064 558 testantur.
3115 502 3196 557 Ita
3229 519 3330 559 nos
3363 506 3510 575 ipsus

247 591 472 662 μετάδος
494 606 510 620 ’
561 590 639 662 μὴ
665 590 927 660 παρίδῃς,
975 589 1109 659 μηδὲ
1146 591 1576 662 καταφρονήσῃς
1603 589 1702 658 τῆς
1746 607 1806 642 σο

1950 579 2368 654 :onl‘ormantes,
2398 590 2715 646 aiiinitatem
2747 607 2871 647 cum
2905 591 3070 647 Patre
3094 610 3511 661 servemus,nee

247 684 505 754 ὁμοτίμου
567 681 920 753 ἐρριμμένης
947 681 1175 744 εἰκόνος.
1199 681 1378 735 Είκὼν
1412 683 1527 733 ἐστι
1558 680 1652 733 καὶ
1676 673 1808 734 οὗτός

1952 696 1967 732 ι
2001 680 2233 735 ﬁliorum
2274 682 2538 751 dignitate
2575 683 2896 742 deficiamus
2945 702 3209 756 unquam.
3243 686 3513 744 Reconci-

252 793 321 828 σοι
383 773 802 844 παραπλησίως
853 771 1012 836 Θεοῦ,
1054 773 1102 825 εί
1128 773 1222 824 καὶ
1264 773 1293 825 6
1336 770 1436 841 μὲν
1473 771 1533 822 ὲν
1581 769 1813 841 ὑπαίθριγ

1950 771 2121 827 :iatori
2174 773 2331 840 Filio,
2391 785 2445 831 et
2490 793 2591 832 nos
2635 786 2894 849 tanquam
2947 778 3146 835 fratres
3198 781 3511 852 excipienti,

252 869 530 939 ἔρριπται,
565 867 633 920 σὺ
669 865 729 918 δὲ
756 867 816 918 ὲν
846 865 1112 936 θαλάμοις
1161 863 1453 934 πολυωρεῖ.
1484 863 1596 915 Kal
1618 863 1746 926 ῐσως
1766 878 1813 930 γε

1950 880 2090 931 .unc,
2121 874 2181 920 ut
2210 884 2306 938 par
2327 877 2431 934 est,
2465 869 2891 927 famulabimur:
2916 882 3044 928 tunc
3063 870 3390 930 Paraclitum
3424 893 3511 932 re-

253 961 560 1030 ὁμοιότερον
580 958 643 1012 τὸ
673 958 770 1012 τοῦ
799 957 1110 1029 ἀρχετύπου
1135 957 1332 1020 κάλλος
1351 955 1571 1026 ἔχουσα.
1599 956 1709 1010 Καὶ
1735 954 1814 1008 τοί

1952 959 2334 1014 :onciiiationis
2366 960 2563 1032 pignus
2594 961 2926 1019 deferentem
2951 967 3217 1030 colemus,
3262 982 3368 1020 non
3395 971 3513 1022 sine

253 1056 398 1124 λόγου
441 1051 750 1123 μαρτύριον
779 1055 806 1106 6
857 1051 1066 1122 γυμνὸς
1100 1051 1376 1122 Λάζαρος,
1405 1052 1501 1104 καὶ
1525 1051 1555 1104 6
1580 1051 1677 1121 τὴν
1701 1048 1814 1119 βύσ·

1953 1066 2140 1106 nouore
2191 1065 2417 1114 nostro,
2478 1068 2542 1109 ac
2580 1056 2778 1123 salute,
2838 1067 3059 1128 propter
3111 1075 3276 1131 quam
3329 1060 3514 1114 omnia

262 1165 338 1200 εον
367 1145 846 1216 ἐνδεδυσκόμενος.
894 1143 1051 1198 Οὕτω
1087 1142 1484 1213 διασωσώμεθα
1541 1143 1641 1213 τὴν
1695 1141 1823 1214 πρὸς

775 1162 846 1208 ος.
894 1143 1051 1198 Οὕτω
1087 1142 1484 1213 διασωσώμεθα
1541 1143 1641 1213 τὴν
1695 1141 1834 1214 πρὸς
1935 1153 2153 1209 peracta
2190 1153 2336 1202 sunt.

260 1243 338 1294 τὸν
366 1239 593 1311 Πατέρα
657 1239 988 1308 οἰκειότητα.
1026 1235 1302 1300 Τοιούτοις
1346 1234 2195 1308 χαρακτῆρσιδιαμορφώσαντες
2237 1237 2500 1303 ἑαυτοὺς,
2576 1240 2649 1312 μὴ
2719 1240 3051 1312 ψευσώμεθα
3107 1244 3206 1314 τὴν
3269 1244 3509 1312 υἱότητα.

265 1335 401 1391 οὕτω
429 1337 564 1398 τοὺς
593 1333 861 1403 ἀδελφοὺς
890 1333 1040 1404 ἡμᾶς
1089 1331 1541 1403 προσλαϐόμενον
1593 1333 1687 1385 καὶ
1716 1332 2238 1398 ἁποκαταλλάξαντα
2275 1335 2407 1390 Υίὸν
2453 1335 2880 1407 θεραπεύσωμεν
2901 1356 2916 1370 ·
2959 1339 3100 1392 οὕτω
3167 1343 3259 1394 τὸν
3287 1358 3513 1410 κεκομι-

268 1431 385 1484 κότα
428 1430 528 1497 τῆς
582 1426 938 1496 καταλλαγῆς
966 1425 1028 1479 τὸ
1081 1425 1344 1496 ἐχέγγυον
1383 1426 1743 1498 Παράκλητον
1787 1428 2130 1498 τιμήσωμεν,
2168 1431 2235 1500 τῇ
2265 1430 2473 1484 ἑαυτῶν
2533 1434 2665 1502 τιμῇ
2723 1433 2816 1486 καὶ
2882 1433 3146 1504 θεραπείᾳ
3202 1436 3295 1488 καὶ
3336 1453 3515 1506 σωτη-

277 1525 370 1598 ρίᾳ,
416 1523 478 1576 δι’
507 1521 580 1592 ἢν
602 1519 824 1573 ἅπαντα
872 1521 1238 1589 οἰκονομεῖται
1261 1519 1354 1573 καὶ
1392 1520 1709 1589 πράττεται.

346 1615 489 1678 Ἀλλ’,
520 1607 568 1666 ὢ
599 1611 864 1683 σύνθρονε
916 1611 994 1682 τῷ
1018 1612 1196 1684 Πατρὶ
1239 1613 1336 1664 καὶ
1357 1610 1437 1680 τῷ
1463 1612 1623 1682 Λόγῳ
1651 1612 1837 1682 Παρά-

2003 1614 2182 1683 Atque
2212 1616 2348 1683 hazc,
2389 1632 2423 1671 ο
2456 1619 2944 1675 consubstantialis
2974 1621 3122 1676 Patri
3150 1630 3203 1677 et
3240 1621 3379 1678 Filio
3410 1623 3513 1678 Pa-

287 1709 452 1779 ιλητε,
473 1703 721 1758 τοσοῦτον
760 1703 859 1775 μὲν
885 1702 987 1774 τὴν
1018 1703 1116 1774 σὴν
1172 1703 1470 1774 ἐπιδημίαν
1497 1705 1677 1774 τιμῶν
1699 1706 1727 1758 6
1746 1704 1838 1758 λόο

1954 1703 2145 1770 ἀοιίιε,
2176 1705 2231 1759 in
2261 1705 2530 1763 adventus
2565 1710 2644 1763 tui
2677 1711 2937 1764 honorem
2962 1709 3107 1765 dicta
3140 1712 3274 1766 sint.
3307 1711 3386 1767 Tu
3415 1729 3515 1768 au-

292 1818 377 1869 γος
403 1799 565 1868 ἐχέτω.
596 1796 678 1849 Σὺ
704 1795 752 1849 δ’
781 1797 916 1866 ἡμῖν
939 1795 1019 1867 τῷ
1041 1795 1121 1867 σῷ
1154 1795 1469 1868 ἡγεμονικῷ
1486 1795 1578 1848 τὸν
1591 1795 1839 1866 ἡγεμόνα

1955 1810 2045 1850 em
2097 1796 2439 1872 intellectum
2479 1809 2728 1854 nostrum
2791 1799 2962 1854 ductu
2991 1807 3089 1855 tuo
3116 1817 3266 1871 rege,
3309 1813 3363 1858 et
3385 1819 3516 1858 con-

293 1889 396 1944 νοῦν
443 1887 732 1960 στηρίζοις,
778 1886 913 1958 μηδὲ
967 1887 1066 1959 τὴν
1108 1886 1214 1940 ὑπὸ
1269 1886 1364 1940 σοῦ
1417 1885 1838 1957 ἀπεληλαμένην

1954 1886 2121 1954 irma;
2179 1889 2421 1946 tenebris
2475 1905 2507 1943 a
2540 1898 2594 1945 te
2626 1892 2756 1946 olim
2814 1891 3062 1963 disjectis
3096 1893 3247 1947 illum
3279 1894 3515 1949 circum-

282 1986 612 2054 σωτόμαιναν
682 1985 826 2056 ὲῴης
876 1982 1041 2037 αὐτοῦ
1095 1983 1485 2054 καταχεῖσθαι,
1552 1983 1686 2055 μηδὲ
1734 1981 1832 2054 τὴν

1952 1978 2095 2034 Fundi
2147 1996 2428 2050 nunquam
2473 1983 2781 2051 permittas,
2815 1999 2917 2039 nec
2950 1984 3005 2038 in
3035 1983 3124 2051 iis,
3155 2000 3278 2053 quae
3305 1984 3360 2038 in
3395 1984 3513 2042 dies

267 2075 529 2144 ἐνέργειαν
559 2074 819 2144 σφάλλειν
869 2077 927 2130 ὲν
954 2076 1120 2130 παντὶ
1149 2077 1248 2148 μὲν
1277 2077 1419 2129 κατὰ
1441 2076 1532 2129 τὸν
1551 2075 1676 2146 ,βίον
1704 2077 1828 2130 ἐπι-

1951 2074 2070 2144 agit,
2114 2073 2406 2139 aberrare;
2458 2060 2884 2144 prtecipuevero
2935 2076 2991 2129 in
3020 2075 3311 2132 mundanae
3337 2080 3512 2144 navis,

254 2170 561 2240 χειρίῃιατι,
594 2168 836 2239 μάλιστα
861 2167 921 2222 δὲ
954 2169 1013 2222 ὲν
1037 2171 1103 2239 τῇ
1129 2168 1462 2240 κυϐερνήσει
1503 2166 1602 2237 τῆς
1631 2184 1815 2238 κοσμι-

1953 2177 2101 2234 luam
2155 2164 2316 2219 nobis
2345 2165 2696 2230 commisisti,
2727 2167 3013 2236 regimine.
3056 2165 3303 2229 Omens,
3349 2185 3382 2223 ο
3425 2184 3514 2222 sa-

252 2262 350 2331 κῆς
378 2260 625 2325 ὁλκάδος,
659 2260 726 2332 ἡν
764 2261 898 2331 ἡμῖν
948 2260 1306 2331 ἐνεχείρισας.
1346 2255 1418 2313 Ὦ
1463 2260 1576 2327 νοῦ,
1606 2264 1702 2314 καὶ
1735 2277 1813 2314 σοι

1952 2251 2158 2320 )ientia,
2199 2267 2232 2308 ο
2261 2261 2450 2308 sancte
2475 2251 2736 2323 Spiritus,
2772 2263 2968 2307 natura
3003 2267 3134 2320 una,
3169 2269 3397 2324 regnum
3425 2258 3513 2311 in-

253 2353 368 2422 φία,
395 2357 488 2407 καὶ
514 2352 746 2425 Πνεῦμα
776 2352 1063 2422 πανάγιον,
1112 2352 1146 2423 ἡ
1189 2352 1287 2423 μία
1318 2351 1501 2421 φύσις,
1534 2352 1568 2422 ἡ
1589 2353 1814 2424 ἄτμητοι

1952 2344 2232 2412 iivisibile,
2250 2346 2411 2417 cujus
2441 2347 2679 2415 potentia
2709 2346 3029 2402 indeliciens
3050 2355 3157 2413 est,
3182 2347 3382 2404 mentis
3404 2351 3513 2404 vim

249 2445 518 2516 βασιλεία,
541 2440 614 2517 ἧς
649 2446 708 2499 τὺ
725 2444 929 2517 κράτος
964 2441 1204 2504 αἰώνιον,
1230 2443 1373 2496 δίδου
1399 2443 1536 2512 πρὸς
1554 2443 1646 2495 τὸν
1669 2442 1810 2511 ὅγκο·

1951 2439 2131 2510 argire
2161 2454 2261 2509 pro
2287 2454 2470 2494 rerum
2493 2439 2658 2504 mole,
2685 2455 2913 2509 eosque,
2950 2454 3188 2511 quorum
3225 2439 3384 2496 nobis
3411 2456 3512 2495 cu-

247 2537 348 2589 τῶν
369 2536 836 2608 ἑγχειρισθέντων
868 2536 966 2589 καὶ
995 2533 1104 2589 τῶν
1125 2533 1380 2589 ἐπινοιῶν
1407 2534 1507 2605 τὴν
1528 2533 1808 2605 ἀντίληψιν

1955 2546 2049 2586 ἐιη
2080 2532 2383 2598 tradidisti,
2407 2533 2697 2589 nobiscum
2730 2549 2882 2604 rege;
2910 2541 2970 2588 ut
3002 2536 3237 2604 p0pulus
3267 2545 3397 2592 tuus
3421 2553 3516 2608 per

246 2629 388 2696 ἄγων
419 2631 527 2683 σὺν
541 2631 677 2700 ἡμῖν
697 2629 792 2683 καὶ
818 2628 1024 2684 διέπων
1045 2621 1122 2682 ὧν
1149 2628 1248 2697 τὴν
1272 2629 1595 2682 ἐπιστασίαν
1614 2628 1807 2699 ὲπέτρε

1955 2641 2036 2682 nos
2065 2625 2311 2692 directus
2340 2640 2467 2681 cum
2529 2626 2782 2692 adversa,
2814 2641 2935 2698 quaa
2990 2628 3078 2683 hic
3104 2631 3387 2694 eveniunt,
3424 2633 3516 2687 de-

246 2723 370 2788 ψας,
402 2724 499 2776 ἵνα
527 2722 720 2789 δεξιῶς
744 2721 835 2790 ὑφ’
858 2721 1016 2792 ἡμῶν
1044 2722 1074 2775 6
1110 2719 1200 2783 σὸς
1223 2718 1534 2788 περιούσιος
1563 2717 1692 2781 λαὸς
1715 2720 1805 2771 ὲπι

1953 2719 2123 2783 :linet,
2144 2727 2258 2774 tum
2285 2718 2353 2774 ad
2384 2719 2665 2775 caelestem
2689 2718 3003 2775 felicitatem
3033 2726 3332 2791 perveniat.
3352 2738 3514 2794 quam

247 2816 656 2887 τροπευόμενος
683 2855 698 2880 ,
755 2813 852 2868 καὶ
925 2813 1035 2869 τῶν
1106 2811 1345 2865 ἐνταῦθα
1410 2811 1808 2882 συμπιπτόντω·

1956 2811 2149 2866 ttinam
2203 2827 2612 2883 consequamur
2644 2827 2833 2868 omnes
2883 2814 3062 2884 gratia
3083 2825 3138 2870 et
3182 2816 3517 2886 benignitate

251 2907 454 2960 σκαιῶν
481 2906 565 2979 μὴ
593 2905 800 2980 πειρῶν
832 2905 940 2959 τῶν
967 2905 1334 2975 πραγμάτων,
1363 2905 1456 2956 καὶ
1490 2902 1588 2972 τῆς
1620 2902 1812 2955 ὲκεῖθετ

1955 2919 2055 2968 .ua,
2089 2911 2148 2957 ut
2180 2903 2291 2958 illic
2335 2919 2651 2974 supremam
2693 2903 3036 2960 divinitatem
3082 2916 3229 2961 tuam
3263 2908 3516 2963 laudibus

261 3000 524 3071 μετάσχοι
551 2999 663 3053 τῶν
711 2998 902 3066 δεξιῶν
935 2997 1307 3061 ἀπολαύσεως,
1334 2991 1402 3069 ἦς
1425 2993 1822 3065 ἀπολαύσαιμεκ

1088 2997 1307 3061 ιύσεως,
1334 2991 1402 3069 ἦς
1425 2993 1833 3065 ἀπολαύσαιμεν
1939 2996 2258 3067 perenniter
2285 2996 2649 3051 cumulemus.

256 3095 585 3166 ᾶπαντεςτῇ
629 3096 695 3165 σῇ
741 3093 924 3165 χάριτι
981 3091 1078 3146 καὶ
1115 3089 1465 3163 χρηστότητι,
1489 3088 1650 3142 κάκεῖ
1673 3089 1772 3158 τὴν
1795 3090 1896 3160 σὴν
1939 3088 2254 3155 δοξάζοντες
2279 3089 2542 3163 θεαρχίαν
2575 3091 2657 3154 εἰς
2683 3090 2812 3156 τοὺς
2842 3091 3068 3155 αἰῶνας.

874 3236 1092 3290 ΛΟΓΟΣ
1134 3236 1231 3288 ΙΔ’.
1859 3213 1904 3276 C

1859 3213 1904 3276 C
2526 3230 2783 3289 ORATIO
2812 3231 2955 3289 XIV.

268 3353 505 3424 Ὅμιλία
545 3351 779 3424 εῐςλτὴν
809 3346 1246 3424 κοίμησικγτῆς
1294 3360 1588 3424 auguria;
1629 3347 1829 3424 βεστρσ

1960 3343 2184 3424 Ηοηιίιὶςι
2209 3347 2262 3400 in
2282 3356 2641 3424 sacrosancta:
2669 3345 2934 3424 Deiparce,
2957 3361 3260 3417 semperque
3300 3347 3521 3417 virginis

324 3415 439 3478 Ξωυ
489 3415 1024 3490 καῖ’ἀειζτταρθένου
1072 3419 1336 3490 Μαρίαςς
1393 3416 1490 3469 ὅτε
1543 3417 1659 3468 ἀπὸ
1692 3415 1837 3490 Δτῶν·

2013 3415 2067 3469 Μ
2076 3418 2209 3490 aria:
2241 3417 2679 3490 obdorntitionem
2708 3433 2727 3470 .'
2758 3417 3011 3490 quandoe
3032 3415 3254 3490 terrenis
3287 3415 3524 3472 caducis-

327 3494 614 3564 ἐπιγείων
644 3493 739 3564 καὶ
767 3485 1084 3564 ἐπικήρων,
1240 3486 1370 3564 ταῖς
1419 3485 1836 3564 ςίαεινοτᾴταις

2011 3504 2129 3564 que,
2176 3489 2231 3541 in
2260 3489 2662 3564 illustrissimus
2704 3485 3139 3564 et'_innrtor_tate_§
3169 3490 3416 3542 caelorum
3450 3504 3524 3544 se-

325 3556 449 3619 καί
466 3563 792 3632 ἀκηράτοις
821 3561 1041 3628 λήξεσι
1081 3558 1201 3613 τῶν
1239 3556 1513 3625 οὐρανῶν
1555 3560 1835 3627 μετέστη.

1589 3560 1835 3624 ιετέστη.
2016 3556 2108 3614 des
2140 3562 2406 3613 translata
2436 3569 2536 3612 est.
2569 3558 2803 3629 Augusti
2832 3561 3036 3613 mensis
3063 3559 3150 3611 15.

322 3637 514 3710 Μηνὸς
542 3633 854 3704 Αὐγούστου
887 3639 964 3686 ιε’.

581 3726 587 3735 ⁸
1469 3743 1726 3810 (Couner.
1762 3741 1984 3796 Auetar.
2021 3738 2127 3794 col.
2171 3737 2352 3809 1754.)

324 3844 560 3915 Μητρὸς
597 3840 734 3896 Θεοῦ
781 3840 975 3913 ἑορτὴν
1016 3841 1290 3912 τιμῶμεν.
1327 3841 1465 3897 Ποία
1492 3839 1716 3909 γλῶσσα
1749 3838 1846 3908 τὴν

2026 3835 2120 3915 _Dei
2161 3833 2351 3890 Matris
2398 3834 2596 3890 festum
2644 3828 2792 3890 diem
2839 3831 3201 3887 honoramus.
3257 3835 3328 3884 At
3378 3847 3499 3901 quae

254 3911 426 4009 τιμὴν
468 3911 764 4003 νὲξισὼσει,
818 3911 955 4005 πρὸς
996 3934 1095 4006 τὴν
1141 3911 1300 4002 ἀξίαν
1328 3935 1429 3988 οὐκ
1461 3934 1716 3987 ἐνδέουσα
1747 3933 1812 4002 τῆ

1963 3911 2200 3998 qualisve
2253 3928 2460 3998 lingua,
2515 3927 2664 3982 illius
2713 3941 2834 3997 qua:
2884 3925 3195 3981 celebratur
3242 3922 3524 3990 honorem,

255 4027 727 4100 ιῦφημουμένης;
761 4028 1068 4098 Δεσποτικὴ
1104 4026 1199 4081 καὶ
1228 4025 1322 4080 νῦν
1372 4026 1670 4080 ὲκτελεῖται
1704 4039 1816 4077 παν·

1967 4038 2052 4095 pro
2081 4023 2254 4094 ipsius
2287 4023 2548 4095 dignitate
2579 4037 2644 4076 ac
2679 4021 2888 4077 meritis
2918 4019 3226 4089 exaequabit
3251 4017 3278 4071 ?
3307 4017 3373 4072 Et
3398 4031 3528 4073 vero

252 4122 458 4194 ἠγαρις
481 4137 496 4152 ⁸
527 4122 567 4191 ἡ
597 4120 711 4191 γὰρ
741 4119 958 4174 πάντων
984 4118 1322 4182 δεσπόζουσα
1350 4120 1576 4192 χορηγεῖ
1595 4117 1695 4188 τὴν
1713 4115 1813 4170 ὑπό

1969 4133 2056 4172 am
2093 4131 2310 4187 quoque
2357 4114 2635 4169 Dominica
2678 4115 2816 4178 dies,
2860 4128 2924 4168 ac
2970 4111 3291 4168 solemnitas
3325 4113 3526 4182 agitur.

256 4214 429 4270 θεσιν.
467 4214 571 4277 Τίς
600 4212 756 4281 λόγος
779 4212 856 4283 τῷ
879 4211 1096 4282 μεγέθει
1125 4215 1327 4280 ταύτης
1355 4211 1817 4282 συνεκταθὴσεται

1967 4209 2080 4276 )uae
2125 4209 2329 4262 etenim
2357 4208 2604 4260 omnium
2637 4205 2871 4259 Domina
2902 4210 3008 4270 est,
3042 4204 3095 4258 in
3135 4202 3394 4274 prazsenti
3431 4216 3528 4255 ar-

255 4308 319 4362 ει
347 4310 466 4378 γὰρ
506 4306 610 4360 καὶ
661 4304 754 4358 ἐπ’
785 4305 982 4371 ἄλλων,
1013 4305 1080 4358 δι’
1114 4305 1317 4376 ἀρετὴν
1347 4303 1670 4374 εὐδοκίμων,
1708 4295 1782 4356 ὧν
1812 4320 1816 4331 ‘

1969 4311 2272 4373 gnmentum
2311 4300 2646 4369 suppeditat.
2685 4298 2943 4363 Quaenam
2976 4299 3154 4352 oratio
3183 4313 3282 4353 sua
3318 4297 3530 4366 magni-

257 4400 406 4465 ἀξία,
440 4396 704 4451 τοσοῦτον
737 4395 850 4467 ἔχει
881 4397 946 4450 τὸ
989 4396 1228 4459 ἔλαττον,
1255 4397 1379 4449 ὅσον
1405 4394 1549 4458 εἰκὸς
1578 4394 1816 4448 Δεσπότο

1970 4393 2145 4447 Ludine
2171 4407 2234 4446 ac
2265 4390 2569 4462 granditate
2614 4391 2759 4444 illius
2792 4405 2887 4458 par
2927 4391 3033 4444 erit
3075 4387 3436 4460 magnitudini
3467 4401 3531 4443 ac

255 4489 611 4562 ἢλαττῶσθαι
647 4487 852 4556 δοῦλον,
887 4489 1030 4559 ὅμως
1079 4489 1112 4558 ἡ
1145 4487 1238 4541 τοῦ
1262 4487 1422 4556 λόγου
1455 4485 1700 4557 εὐφημία
1719 4502 1816 4539 κατ

1967 4485 2252 4559 granditati
2282 4487 2305 4538 ?
2337 4483 2550 4537 Etenim
2581 4484 2627 4538 si
2660 4484 2714 4537 in
2749 4483 2874 4538 aliis
2907 4484 2978 4537 ob
3008 4483 3267 4536 virtutem
3301 4481 3528 4535 illustri-

257 4585 333 4638 ότι
367 4604 419 4637 ιν
450 4585 703 4655 ἔρχεται,
734 4580 787 4634 τί
817 4580 925 4653 χρὴ
952 4581 1140 4635 τοῦτον
1173 4581 1388 4646 παθεῖν,
1418 4581 1487 4652 τῇ
1511 4579 1619 4633 τῶν
1641 4578 1818 4651 ἁρετῶ

1968 4589 2096 4646 Dus,
2156 4577 2512 4650 probatisque
2565 4575 2839 4646 personis,
2892 4590 3128 4646 quorum
3178 4573 3414 4644 dignitas
3474 4580 3529 4628 et

256 4682 534 4752 ἀκρότητι
585 4678 918 4751 προσιόντα;
974 4678 1120 4748 Πλὴν
1164 4678 1212 4731 εἰ
1256 4681 1352 4732 καὶ
1390 4677 1465 4749 μὴ
1505 4676 1816 4742 ἐλπὶςνόσο

1967 4671 2273 4744 praestantia
2303 4679 2454 4725 tanto
2480 4677 2565 4724 est
2598 4668 2800 4736 minor,
2835 4679 3040 4738 quanto
3071 4683 3264 4724 servus
3296 4666 3528 4722 Domino

259 4771 437 4837 ἄξιον,
482 4770 792 4842 ὑπηχῆσαι,
829 4767 942 4822 ἀλλ’
973 4769 1133 4838 ἡμεῖς
1185 4785 1248 4836 γε
1279 4769 1590 4838 παρέχομεν
1623 4765 1816 4820 ἑαυτοῦ

1966 4775 2040 4822 est
2071 4765 2300 4821 inferior
2328 4781 2344 4832 ;
2375 4761 2508 4836 quid
2549 4763 2600 4820 ei
2630 4777 2919 4820 necessum
2952 4769 3037 4817 est
3068 4761 3308 4827 evenire,
3336 4760 3426 4829 qui
3460 4759 3527 4842 ad

263 4835 342 4927 εἰς
370 4835 708 4934 τιμὴνξτῆς
753 4860 820 4914 δι’
846 4862 912 4932 ἡν
944 4835 1224 4932 ἑορτάζειν
1262 4835 1546 4931 ἡξιῶμεθα
1576 4857 1824 4928 λελυτρως

1971 4857 2203 4913 omnium
2243 4835 2510 4912 virtutum
2541 4856 2760 4911 culmen
2791 4854 3002 4909 accedit
3029 4853 3054 4906 τ
3098 4851 3376 4907 Caeterum"
3405 4835 3532 4906 licet

267 4957 422 5025 μένοι
470 4955 574 5026 τῆς
605 4955 862 5025 ἀνεόρτου
893 4953 1196 5024 κατηφείας
1227 4954 1319 5006 καὶ
1354 4951 1809 5022 σκυθρωπότητπ

1972 4950 2240 5021 lignitatis
2289 4957 2453 5004 tantae
2501 4949 2733 5003 dicendo
2779 4945 3149 5016 adaequandae,
3207 4945 3354 4999 nulla
3407 4959 3533 5014 spes

265 5050 502 5122 ⁴παρέξει
541 5050 600 5103 δὲ
636 5049 727 5102 τὸν
776 5048 934 5116 λόγον
957 5089 972 5113 ,
1019 5048 1200 5100 ὁποῖον
1240 5046 1334 5100 καὶ
1373 5045 1558 5116 ἡλίκον
1601 5043 1669 5096 ἂν
1726 5040 1826 5113 βού·

1972 5052 2234 5114 suppetat,
2301 5042 2654 5097 nihilominus
2680 5040 2802 5110 ejus
2831 5053 2933 5094 nos
2968 5039 3161 5094 honori
3192 5037 3533 5093 decantando

264 5142 453 5214 ληται,
482 5145 515 5196 6
545 5141 886 5214 χρηματίσαι
910 5139 1114 5210 ταύτης
1140 5139 1268 5203 Υίδς
1317 5137 1616 5207 εὐδοκήσας
1656 5136 1825 5204 Λόγος

1981 5134 2359 5202 mpendamus,
2408 5131 2569 5202 cujus
2624 5129 2894 5185 beneﬁcio
2945 5129 3095 5184 hunc
3145 5129 3344 5185 festum
3389 5128 3535 5182 diem

275 5236 446 5291 mu
475 5235 533 5288 τί
553 5234 616 5288 τδ
640 5233 998 5304 τελούμενον;
1031 5232 1097 5284 Τί
1130 5231 1187 5286 δὲ
1218 5229 1698 5307 πανηγυρίζομεη

1977 5226 2208 5292 abimus,
2238 5225 2450 5281 liberati
2493 5239 2525 5278 a
2567 5237 2675 5278 non
2708 5222 2872 5288 festa,
2902 5221 3151 5292 nihilque
3175 5223 3538 5292 iucunditatis

267 5333 533 5397 habente,
559 5331 809 5388 tristitia.
846 5329 1115 5386 Praebebit
1145 5343 1298 5391 vero,
1329 5336 1691 5399 suggeretque
1723 5324 2053 5389 orationem,
2117 5323 2334 5393 qualem
2379 5331 2753 5392 quantamque
2809 5320 3068 5385 voluerit,
3125 5317 3390 5384 Verbum,
3441 5318 3537 5372 cui

266 5429 504 5499 placuit,
543 5441 610 5482 ac
632 5426 817 5482 visum
848 5431 937 5480 est
965 5431 1026 5478 ut
1051 5423 1174 5494 ejus
1206 5419 1381 5477 Filius
1409 5431 1578 5477 esset.
1615 5422 1706 5487 At,
1738 5433 1862 5491 qua:
1893 5425 1980 5474 est
2005 5415 2131 5472 festi
2168 5415 2334 5487 hujus
2364 5416 2654 5472 celebritas
2680 5415 2704 5469 ?
2736 5413 2880 5480 Quid
2937 5422 3214 5469 conventu
3274 5411 3381 5466 hoc
3438 5427 3538 5483 pu-

266 5523 416 5580 blice
445 5520 839 5578 celebramus?

351 5614 420 5668 Ἦ
450 5614 643 5686 πρώην
673 5607 990 5682 ἐκδημοῦσα
1013 5606 1122 5661 τῶν
1145 5606 1286 5677 ὅρων
1317 5604 1419 5675 τῆς
1443 5603 1658 5674 φύσεως
1691 5604 1752 5658 ὲν
1776 5603 1827 5670 τί

2031 5600 2162 5666 Quae
2192 5596 2403 5669 pridem
2442 5605 2652 5652 naturae
2684 5595 2954 5652 terminos
2992 5593 3205 5650 meliori
3236 5609 3403 5664 quam
3437 5607 3535 5666 pro

268 5712 525 5781 κρεῖττον
561 5707 596 5778 ἢ
649 5703 797 5759 κατὰ
855 5700 1104 5772 βούλημα
1151 5697 1300 5753 κύειν
1327 5699 1428 5769 τῆς
1476 5697 1712 5766 φύσεως,
1763 5697 1825 5748 νῦ

1977 5705 2174 5750 natura
2195 5693 2410 5747 ratione
2431 5701 2703 5763 conceptu
2732 5688 3082 5754 excessisset,
3103 5703 3252 5742 nunc
3275 5688 3538 5758 quemad-

270 5779 462 5865 καθὼς
488 5802 520 5855 6
565 5797 788 5867 hace!qu
834 5793 1081 5865 βούλεται
1120 5793 1304 5864 νόμος,
1334 5791 1436 5861 τῆς
1468 5790 1655 5844 ἐνόλου
1690 5788 1831 5860 ζωῆς

1976 5789 2189 5842 modum
2229 5793 2441 5840 natura:
2483 5784 2727 5856 ejusdem
2758 5785 2845 5839 lex
2879 5781 3068 5851 exigit,
3101 5796 3132 5835 a
3173 5779 3438 5835 materiali
3473 5791 3537 5830 ac

275 5893 506 5964 ὲκδημεῖ
523 5892 668 5965 πρὸς
693 5890 796 5962 τὴν
823 5887 1008 5944 ἆῦλον.
1039 5885 1150 5958 Τῆς
1182 5885 1350 5958 μόνης
1376 5883 1820 5956 κεχαριτωμένης

1976 5879 2184 5940 mortali
2226 5880 2280 5936 in
2311 5894 2543 5952 corpore
2569 5880 2676 5937 vita
2719 5877 2787 5933 ad
2831 5873 3247 5931 immaterialem
3287 5885 3353 5927 ac
3391 5874 3537 5925 statu
