3952 6210
468 366 570 434 159

1705 364 1983 425 LEONIS
2014 366 2477 429 PHILOSOPHI

3610 370 3723 435 160

465 476 765 534 immortali
791 474 1183 547 proﬁciscitur.
1206 473 1337 529 llius
1359 471 1424 527 ad
1444 482 1768 544 perpetuum
1785 474 2028 544 gaudiun

2147 477 2285 547 πρὸς
2309 477 2408 549 τὴν
2438 477 2672 547 ἄληκτον
2691 480 2884 550 χαρὰν,
2906 478 3005 550 τὴν
3039 478 3338 548 μετάϐασιν
3365 479 3728 550 ἑορτάζομεν.

466 572 756 626 transitum
787 570 1157 632 celebramus,
1192 583 1314 637 qua:
1347 569 1462 622 sola
1501 565 1673 637 gratia
1702 567 1862 636 plena
1893 567 2041 621 exsi-

462 665 579 720 stit.
620 662 799 717 Carne
834 662 1041 732 itaque,
1079 660 1261 731 quoad
1306 659 1423 713 ﬁeri
1456 668 1656 729 potest,
1690 660 2038 724 exeedentes,

463 770 527 809 ac
553 754 748 825 spiritu
783 751 1077 817 immutati,
1099 765 1224 805 cum
1257 748 1426 818 gloria
1456 764 1745 804 excessum
1778 749 2042 820 praedice-

463 862 605 911 mus,
638 846 911 917 digneque
942 844 1010 900 iis
1042 858 1164 913 quae
1192 850 1529 913 peraguntur
1556 844 1889 913 compositos
1919 842 2040 897 ani-

460 955 581 995 mos
625 938 1002 1001 ostendamus.
1055 935 1313 990 Universi
1360 936 1494 989 fines
1540 945 1699 990 terrze
1743 935 1799 990 in
1838 935 2039 1012 gaudio

456 1032 731 1102 jubilent,
788 1042 845 1085 ut
904 1030 1196 1085 exsultatio
1249 1028 1597 1100 jubilationis
1660 1029 1734 1086 sit
1788 1030 2033 1101 propria.

457 1123 668 1178 Caelum
700 1124 880 1193 gaudii
914 1124 984 1178 sit
1030 1123 1325 1192 particeps,
1359 1121 1716 1192 splendidiori
1744 1122 2036 1177 collustra-

457 1225 567 1271 tam
586 1216 717 1273 ﬂore
744 1233 757 1282 ;
784 1229 1074 1287 portaSquc
1097 1217 1162 1270 ad
1194 1217 1317 1270 coeli
1346 1216 1714 1271 honoratioris
1733 1215 2037 1283 susceptio-

455 1324 578 1364 nem
630 1310 896 1379 pandens.
947 1306 1215 1362 leestes
1269 1322 1459 1363 omnes
1502 1308 1725 1363 ordines
1775 1308 2032 1364 laudibus

455 1408 883 1473 prosequantur.
911 1398 1151 1465 Gabriel,
1176 1399 1506 1455 laudationis
1534 1415 1740 1470 auspex
1764 1404 1987 1457 accedat
2017 1419 2032 1468 ;

454 1498 658 1566 quippe
691 1495 782 1563 qui
817 1509 929 1563 pra:
958 1494 1168 1562 angelis
1203 1492 1351 1557 aliis,
1382 1492 1750 1550 immaculatis
1782 1495 2034 1550 illibatis-

454 1605 580 1660 que,
617 1588 911 1643 eonnubiis
941 1587 1256 1641 subservire
1288 1585 1481 1640 soleat.
1513 1586 1845 1656 Auspicatur
1873 1601 2029 1652 vero,

452 1680 637 1751 gaudii
669 1680 813 1734 ultro
836 1680 998 1734 verba
1030 1680 1354 1742 inclamans,
1384 1679 1529 1750 quod
1558 1678 1782 1733 Matrem
1819 1678 2032 1733 Domini

454 1769 729 1823 introduci
758 1767 984 1822 videant
1014 1768 1070 1822 in
1103 1768 1225 1822 Filii
1260 1769 1486 1839 regiam.
1520 1768 1733 1822 Etenim
1768 1767 1861 1823 Dei
1898 1768 2030 1824 illud

452 1874 623 1928 capax
659 1858 1093 1924 tabernaculum,
1121 1858 1189 1913 ab
1240 1858 1309 1913 iis
1340 1858 1708 1913 tabernaculis
1731 1858 2027 1931 emigrans,

451 1966 575 2020 quae
594 1949 969 2004 dissolvuntur
996 1965 1060 2004 ac
1091 1951 1383 2015 intereunt,
1415 1950 1482 2004 ad
1519 1965 1584 2005 ea
1616 1965 1738 2019 quae
1777 1959 2023 2019 manent,

452 2052 615 2112 atque
640 2043 953 2098 consistunt
982 2043 1349 2110 transfertur;
1384 2044 1693 2114 ﬂuxamque
1718 2058 1782 2099 ac
1813 2043 2026 2098 labilem

453 2137 639 2201 vitam,
690 2138 824 2191 nihil
867 2136 1012 2191 fluxa
1057 2152 1120 2192 ac
1148 2138 1293 2192 labili
1336 2146 1657 2193 commutat.
1698 2136 1738 2190 E
1765 2138 1926 2192 terris
1959 2137 2026 2191 ad

451 2232 622 2285 caelos
649 2231 1045 2297 transvehitur,
1075 2245 1195 2301 quae
1223 2230 1547 2285 mortalibus
1578 2228 1721 2284 facta
1750 2238 1835 2286 est
1858 2230 2025 2293 scala,

451 2337 559 2393 qua
586 2321 653 2373 ad
680 2322 852 2375 corios
882 2321 1200 2377 ascendant.
1238 2320 1282 2376 Ο
1313 2322 1637 2377 miraculum
1672 2324 1684 2375 ι
1721 2336 1845 2375 cum
1880 2323 2027 2377 tristi

451 2424 625 2469 morte
673 2415 1065 2469 commercium
1112 2414 1298 2483 habet,
1344 2414 1439 2484 qui
1488 2415 1756 2468 tremendi
1803 2429 1927 2467 cum
1963 2429 2027 2468 ea

450 2510 768 2565 commercii
804 2509 1185 2563 liberationem
1232 2510 1473 2561 humano
1518 2508 1754 2562 contulit
1789 2509 1975 2578 generi
2008 2525 2023 2561 :

450 2617 514 2655 ac
546 2602 784 2670 sepulcri
815 2603 970 2655 sinus
1001 2600 1249 2654 tabifieos
1280 2600 1446 2665 subit,
1488 2614 1554 2654 ex
1584 2600 1741 2668 cujus
1774 2600 2024 2669 virginali

451 2702 609 2747 utero
644 2693 928 2761 integritas
957 2707 1021 2745 ac
1060 2693 1399 2761 incorruptio
1446 2692 1660 2746 exsistit
1694 2709 1708 2745 :
1746 2691 2027 2746 obscuris-

451 2800 560 2855 que
596 2785 949 2850 cavitatibus,
996 2800 1062 2838 ac
1111 2794 1297 2840 ventre
1337 2793 1497 2840 terra:
1544 2785 1872 2855 hospitatur,
1904 2800 2027 2855 qua:

450 2879 596 2942 illos,
635 2878 724 2946 qui
771 2880 827 2932 in
859 2877 1166 2933 tenebrosis
1194 2878 1393 2934 misere
1431 2877 1699 2950 degebant
1732 2878 2024 2946 angustiis,

452 2972 508 3025 in
528 2970 886 3024 lucidissimis
902 2969 1277 3023 mansionibus
1296 2971 1485 3041 requie
1501 2970 1743 3025 donavit.
1758 2971 2028 3036 Quidnam

449 3063 557 3119 hoc
584 3064 662 3118 rei
689 3073 775 3118 est
806 3066 829 3115 ?
860 3064 943 3116 Au
977 3062 1089 3116 vult
1119 3063 1236 3117 haae
1267 3078 1448 3118 rerum
1485 3064 1790 3119 oeconomia
1810 3078 1875 3118 ac
1913 3063 2029 3117 dis-

2149 569 2415 641 Ἔκδημοι
2460 571 2659 635 τοίνυν,
2699 571 2776 635 ὡς
2824 567 2934 625 οἷόν
2968 589 3060 636 τε,
3096 571 3193 638 τῆς
3249 571 3468 641 σαρκὸς,
3516 573 3616 624 καὶ
3644 572 3733 641 τῷ

2144 662 2416 732 ττνεύματι
2454 662 2873 730 ἀλλοιωθέντες,
2912 664 3225 733 δοξάσωμεν
3281 664 3377 732 τὴν
3423 663 3736 735 ἐκδημίαν,

2142 756 2237 808 καὶ
2267 757 2585 826 πρέπουσαν
2613 760 2726 822 τοῖς
2754 756 3098 828 τελουμένοις
3133 757 3232 827 τὴν
3270 755 3603 810 κατάστασιν
3636 758 3737 808 ἐνο

2140 845 2462 917 δειξώμεθα.
2496 848 2684 903 Πάντα
2731 848 2801 901 τά
2835 849 3049 916 πέρατα
3089 847 3186 916 τῆς
3230 845 3335 914 γῆς
3370 848 3426 898 ἐν
3467 848 3736 916 χαρμονῇ

2141 940 2482 1009 ἀλαλαξάτω,
2532 941 2598 995 ἵν’
2638 943 2835 1005 οἰκεῖος
2877 942 2905 994 ὁ
2950 938 3261 1008 ἀλαλαγμὸς
3305 940 3402 1008 τῆς
3457 938 3737 1008 ἀγαλλιά-

2139 1050 2279 1097 σεως
2394 1034 2635 1104 Οὐρανὸς
2665 1033 2993 1088 κοινωνείτω
3034 1032 3132 1103 τῆς
3175 1030 3548 1102 χαρμοσύνης,
3592 1048 3734 1100 φαι-

2136 1127 2373 1197 δροτέρῳ
2411 1126 2561 1183 ἄνθει
2592 1125 3096 1197 περιλαμπόμενος,
3144 1122 3240 1177 κα)⁵
3268 1124 3403 1193 πρὸς
3434 1123 3715 1195 ὑποδοχὴν

2136 1220 2363 1290 οὐρανοῦ
2398 1220 2493 1273 τοῦ
2546 1220 2894 1291 ἐντιμοτέρου
2941 1218 3371 1289 ἐξανοιγόμενος.
3433 1219 3547 1283 Πᾶς
3578 1219 3606 1271 ὁ
3648 1222 3712 1274 ἐν

2136 1314 2285 1383 αὐτῷ
2311 1313 2742 1384 παρευφημείτω
2781 1314 3097 1383 διάκοσμος.
3145 1312 3391 1384 Γαϐριὴλ
3446 1312 3726 1383 ἐξαρχέτω

2134 1406 2234 1475 τῆς
2269 1405 2565 1476 εὐφημίας,
2616 1405 2712 1460 ᾶτε
2742 1407 2829 1477 δὴ,
2866 1406 2973 1478 πρὸ
3013 1407 3121 1459 τῶν
3153 1407 3332 1461 ἄλλων
3372 1407 3601 1478 συνήθης
3636 1408 3716 1463 ῶν

2136 1499 2194 1550 ἐν
2221 1498 2299 1568 τῷ
2329 1498 2841 1569 λελειτουργηκέναι
2865 1501 2976 1562 τοῖς
3002 1499 3292 1568 ἀκράντοις
3322 1501 3669 1570 νυμφεύμασι
3690 1518 3705 1533 ·

2139 1590 2340 1659 μᾶλλον
2385 1589 2442 1643 δὲ
2490 1590 2714 1661 ἐξάρχει
2762 1590 3231 1661 ἐπιφθεγγόμενος
3260 1593 3326 1646 τὰ
3368 1594 3579 1664 ῥήματα
3605 1593 3708 1663 τῆς

2136 1682 2331 1752 χαρᾶς,
2364 1677 2446 1745 οἷς
2472 1684 2575 1754 ὁρᾷ
2594 1682 2686 1736 τοῦ
2712 1683 2982 1736 Δεσπὸτου
3009 1684 3237 1753 Μητέρα
3261 1685 3339 1747 εἰς
3366 1685 3437 1737 τὰ
3467 1685 3557 1737 τοῦ
3578 1685 3712 1739 Υἱοῦ

2136 1774 2656 1845 ἐγκατοικιζομένην
2675 1775 2940 1845 βασίλεια.
2972 1776 3039 1829 Ἠ
3057 1776 3163 1845 γὰρ
3184 1774 3519 1846 θεοχὼρητος
3540 1778 3717 1846 σκηνὴ

2138 1872 2246 1923 τῶν
2298 1871 2576 1940 λυομένων
2634 1872 2942 1942 ἀπαίρουσαι
3002 1872 3395 1941 σκηνωμάτων,
3457 1870 3594 1941 πρὸς
3646 1869 3723 1923 τὰ.

2142 1965 2372 2035 μένοντα
2403 1963 2794 2035 μετοικίζεται,
2824 1962 2921 2016 καὶ
2950 1962 3043 2015 τοῦ
3078 1964 3291 2033 ῥέοντος
3326 1960 3456 2031 βίου,
3488 1960 3723 2031 ἀμείϐει

2137 2058 2228 2111 τὸν
2251 2058 2531 2127 ἄρευστον.
2558 2057 2728 2127 Γῆθεν
2744 2055 2883 2128 πρὸς
2902 2056 3159 2126 οὐρανοὺς
3178 2054 3716 2126 διαπορθμευομένη,

2136 2152 2168 2218 ἡ
2199 2150 2543 2221 διαϐατήριον
2570 2152 2680 2213 τοῖς
2718 2151 2776 2203 ἐν
2806 2153 2876 2220 γῇ
2901 2148 3168 2220 γενομένη
3199 2149 3333 2220 πρὸς
3362 2148 3428 2201 τὰ
3458 2148 3715 2219 οὐράνια’

2138 2244 2183 2297 ὢ
2209 2244 2300 2296 τοῦ
2344 2244 2653 2314 θαύματοςι
2686 2244 2765 2315 τῷ
2792 2244 3005 2314 ἀμειδεῖ
3040 2244 3253 2313 θανάτῳ
3293 2242 3646 2313 προσομιλεῖ,
3680 2243 3719 2312 ἡ

2135 2339 2234 2409 τῆς
2295 2339 2529 2409 φρικτῆς
2582 2339 2788 2393 ἐκείνου
2841 2338 3055 2408 ὁμιλίας
3109 2338 3207 2409 τὴν
3255 2336 3572 2405 ἀπαλλαγὴν
3632 2335 3717 2407 τῷ

2136 2432 2282 2499 γένει
2314 2431 2743 2502 παρασχομένῳ
2772 2432 2867 2484 καὶ
2907 2431 3128 2499 λαγόνες
3169 2431 3471 2500 κρύπτουσι
3515 2428 3707 2499 φθορο-

2136 2523 2303 2589 ποιοὶ,
2335 2518 2403 2595 ἦς
2443 2523 2676 2593 ἐξεφάνη
2711 2523 2952 2591 λαγόνων
2980 2525 3011 2592 ἠ
3068 2522 3363 2594 ἁφθαρσία,
3396 2523 3489 2575 καὶ
3529 2522 3705 2590 ἀφεγ·

2135 2617 2257 2686 γέσι
2308 2617 2571 2682 ξενίζεται
2617 2617 2896 2683 κενεῶσιν,
2926 2618 2958 2687 ἡ
2992 2618 3119 2679 τοὺς
3147 2618 3203 2671 ἐν
3248 2616 3491 2686 ἀλαμπεῖ
3520 2615 3710 2668 ταλαι-

2138 2709 2523 2779 πωρουμένους
2570 2709 2925 2779 στενοχωρία,
2977 2708 3353 2777 φαεινοτάταις
3392 2709 3449 2760 ἐν
3490 2706 3711 2776 λήξεσιν

2135 2801 2520 2855 ἀναπαύσασα.
2553 2800 2617 2852 Τί
2656 2800 2847 2864 τοῦτο;
2880 2802 2949 2852 ’Ἡ
2988 2800 3237 2870 βούλεται
3266 2803 3297 2869 ἡ
3323 2800 3414 2853 τοῦ
3444 2799 3715 2869 πράγμα-

2135 2910 2225 2956 τος
2273 2894 2572 2962 οἰκονομία,
2610 2893 2709 2962 τὴν
2749 2892 2934 2963 κοινὴν
2975 2893 3075 2962 τῆς
3105 2891 3199 2947 τοῦ
3233 2892 3544 2961 πλάσματος
3572 2894 3713 2945 ἀνα-

2138 2985 2386 3048 πλάσεως
2436 2986 2635 3047 αἰτίαν,
2690 2988 2756 3056 τῇ
2790 2987 2944 3055 κοινῇ
2997 2984 3107 3038 τῶν
3152 2985 3452 3055 ἀνθρώπων
3479 2985 3583 3053 τῆς
3616 2987 3710 3038 ὲν-

2137 3077 2326 3131 τεῦθεν
2353 3080 2754 3148 ἀναχωρήσεως
2786 3078 3067 3148 συνηθείᾳ,
3098 3079 3191 3131 καὶ
3222 3078 3392 3144 αὐτὴν
3424 3078 3710 3145 ἀπαίρειν,

454 3157 679 3228 positio,
729 3163 790 3209 ut
808 3155 923 3224 ipsa
945 3170 1182 3224 quoque,
1206 3170 1327 3224 qua:
1346 3155 1760 3211 instaurationis
1783 3156 2028 3208 humanm

2139 3172 2224 3225 ἵνα
2257 3171 2329 3242 μὴ
2372 3172 2431 3224 τὸ
2471 3172 2646 3223 πάντα
2692 3174 3057 3240 καινοτομεῖν,
3100 3171 3198 3241 τὴν
3242 3171 3402 3240 φύσιν
3438 3169 3537 3239 τῆς
3571 3187 3707 3240 συγ-

452 3249 764 3305 communis
798 3262 963 3302 causa
997 3258 1167 3310 esset,
1200 3248 1476 3301 communi
1505 3248 1786 3302 hominum
1827 3247 1954 3301 hinc
2000 3263 2032 3302 e

450 3341 590 3396 vivis
613 3339 994 3395 excedentium
1016 3339 1442 3405 consuetudine,
1474 3339 1724 3408 cmigret,
1752 3354 1821 3393 ne
1847 3353 2027 3391 reruzn

451 3432 696 3485 omnium
724 3430 1025 3491 innovatio,
1054 3438 1305 3483 naturam
1332 3430 1738 3484 necessitudine
1765 3444 1829 3482 ac
1854 3428 2030 3482 allini-

450 3530 565 3577 tate
584 3536 680 3577 sua
698 3522 909 3591 privet?
926 3522 1291 3587 Quamobrem
1316 3521 1463 3587 Filii,
1482 3524 1569 3577 cui
1589 3523 1758 3577 castis
1781 3523 2031 3576 manibus

449 3616 703 3670 vehiculo
727 3616 925 3680 fuerat,
954 3614 1158 3670 divinis
1195 3616 1471 3678 manibus,
1507 3615 1939 3671 sincerissimum
1967 3628 2031 3668 ac

454 3708 814 3778 purissimum
857 3707 1110 3777 spiritum
1162 3710 1407 3773 tradens,
1460 3717 1623 3779 atque
1663 3727 1693 3761 a
1744 3709 2028 3778 temporali

454 3800 745 3854 discedens
771 3799 907 3864 vita,
936 3807 1141 3854 aeterna
1190 3801 1455 3855 caelorum
1487 3816 1652 3871 regna
1692 3803 1921 3866 obtinet,
1978 3810 2032 3857 et

454 3892 521 3945 ad
557 3891 736 3945 omnis
774 3900 1028 3960 expertes
1066 3892 1271 3947 umbrae
1320 3892 1478 3948 sedes
1524 3896 1847 3965 commigrat
1873 3937 1888 3961 ,
1937 3895 2030 3950 Dei

451 3987 547 4041 illa
598 3984 985 4055 splendoribus
1032 3987 1308 4039 celebrata
1357 3986 1578 4053 domus,
1626 4003 1789 4056 quam
1848 3989 2029 4057 passis

452 4079 630 4150 portis
665 4081 866 4134 caelum
910 4079 1160 4148 suscipit,
1203 4093 1267 4133 ac
1300 4080 1668 4149 susceptione,
1698 4080 2028 4135 decentiuris

450 4189 517 4229 ac
568 4172 902 4227 honestioris
957 4179 1134 4227 status
1190 4172 1509 4227 accessione
1564 4172 1840 4226 clarescit.
1891 4170 2028 4225 Cum

451 4266 597 4320 enim
626 4266 762 4335 jam,
796 4272 876 4319 tot
906 4264 1237 4333 spiritalium
1272 4278 1335 4320 ac
1368 4266 1756 4320 immortalium
1789 4266 2025 4335 populis,

450 4368 673 4428 tamque
702 4358 890 4412 multis
921 4372 985 4411 ex
1012 4359 1323 4410 mortalium
1352 4372 1551 4427 genere
1589 4357 1643 4411 in
1680 4357 1827 4412 illam
1856 4359 2030 4413 ascri-

448 4452 559 4521 ptis
606 4450 909 4517 clvitatem,
968 4456 1026 4502 ut
1073 4466 1197 4502 cum
1258 4449 1429 4503 Matre
1469 4450 1657 4519 regina
1703 4461 2022 4522 perpetuum

445 4560 618 4598 aevum
680 4544 884 4612 agitent
931 4559 945 4607 ;
1005 4542 1123 4613 ejus
1178 4543 1307 4612 Regi
1357 4559 1421 4598 ac
1470 4542 1610 4599 Filio
1661 4547 2026 4601 communiter

446 4637 635 4692 laudes
689 4635 1130 4699 decantantibus,
1183 4636 1418 4689 mirabili
1464 4646 1736 4692 concentu
1784 4639 2026 4693 cireum—

445 4738 650 4799 sonet;
697 4744 919 4785 necesse
963 4736 1047 4782 est
1095 4736 1154 4781 ut
1227 4728 1386 4798 longe
1433 4730 1601 4799 priori
1646 4731 1915 4785 ammnior
1961 4747 2026 4788 ac

443 4822 825 4879 delectabilior
857 4821 978 4890 ejus
1017 4821 1341 4876 constitutio
1374 4821 1517 4876 faeta
1567 4822 1658 4879 sit.
1692 4822 1831 4879 llinc
1858 4839 2026 4895 ange-

442 4916 622 4970 lorum
685 4917 845 4980 ordo,
900 4917 1037 4971 duce
1088 4914 1373 4979 Gabriele,
1422 4916 1615 4970 faustis
1674 4918 2027 4987 prosequitur

443 5008 723 5065 ominibus
768 5018 932 5079 atque
968 5009 1243 5065 laudibus.
1280 5008 1409 5062 Inde
1447 5009 1729 5063 beatorum
1793 5014 2029 5082 prophe-

439 5109 620 5155 tarum
664 5116 878 5168 agmen,
924 5102 1082 5172 cujus
1113 5101 1239 5156 olim
1267 5100 1505 5167 laudem,
1547 5104 1603 5158 in
1651 5106 1772 5177 ejus
1809 5109 2025 5165 eminus

440 5192 732 5250 intendens
781 5194 1054 5266 gloriam,
1100 5196 1471 5251 meditabatur
1519 5216 1533 5265 ;
1584 5200 1827 5255 eamdem
1878 5219 2024 5258 nime

438 5299 756 5343 reverenter
802 5290 1027 5357 adiens,
1080 5292 1214 5347 beta:
1268 5292 1621 5348 modulantia:
1664 5294 1713 5350 ei
1766 5299 2024 5353 meditata

438 5381 685 5435 carmina
722 5383 930 5452 pangit.
956 5382 1076 5437 Alia
1104 5385 1321 5440 demum
1349 5401 1413 5441 ex
1442 5396 1595 5458 parte
1620 5402 1744 5442 eum
1776 5388 2020 5461 discipu-

438 5469 615 5525 lorum
640 5481 784 5526 cmtu
812 5471 1011 5526 infiniti
1039 5488 1335 5548 martyrum
1360 5482 1658 5548 exercitus,
1694 5488 2018 5551 reverentia,

438 5578 505 5618 ac
543 5563 739 5620 timore
779 5565 1038 5636 jubilant.
1084 5566 1128 5621 Ο
1158 5584 1318 5639 quam
1364 5572 1521 5629 beata
1563 5593 1686 5646 qua}
1730 5577 1845 5633 illic
1895 5594 2019 5647 per-

440 5659 723 5728 aguntur!
778 5660 821 5711 υ
873 5666 1115 5728 quantus
1166 5663 1454 5733 qualisque
1501 5668 1696 5733 honos,
1744 5680 2019 5741 perpetua:

442 5749 638 5819 virgini
682 5749 842 5804 Matri
878 5752 929 5803 in
964 5753 1119 5807 cmlis
1152 5752 1398 5809 defertur
1430 5761 1442 5811 !
1488 5761 1575 5814 ubi
1614 5763 1890 5829 nimirum,
1926 5764 2016 5818 Fi-

443 5840 578 5896 lium
595 5840 847 5899 vidensiu
867 5842 1051 5900 divum
1072 5844 1274 5911 medio,
1292 5860 1429 5912 quos
1450 5849 1543 5907 ille
1561 5853 1761 5912 deitate
1778 5856 1992 5913 donavit
2006 5892 2023 5921 ,

2131 3265 2345 3333 γενείας
2364 3265 2697 3334 χωρίζηται;
2727 3264 2909 3334 Ταύτῃ
2944 3264 3052 3335 ἀρα
3083 3263 3177 3317 τοῦ
3210 3263 3487 3332 παλάμαις
3516 3264 3711 3342 ἀγναῖς

2132 3357 2541 3427 ἐποχησαμένου
2571 3355 2698 3408 Υίοῦ
2718 3399 2732 3420 ,
2767 3357 2922 3425 χερσὶ
2953 3354 3163 3418 θεῖκαῖς
3191 3354 3288 3425 τὴν
3322 3356 3711 3424 πανακήρατον

2133 3446 2443 3518 ἐποχεῖσθαι
2474 3447 2637 3499 δοῦσα
2678 3446 2876 3517 ψυχὴν,
2901 3445 3008 3500 τῶν
3035 3447 3383 3519 προσκαίρων
3415 3447 3709 3499 ἐπανιστα-

2134 3541 2291 3611 μένη,
2343 3539 2441 3604 τὰς
2483 3539 2732 3604 αἰωνίους
2784 3540 3194 3611 καταλαμϐάνει
3243 3540 3557 3611 διατριϐὰς,
3608 3541 3710 3594 καὶ

2132 3632 2267 3703 πρὸς
2296 3630 2393 3702 τὴν
2414 3630 2604 3684 ἄσκιον
2631 3636 3005 3701 μεταποιεῖται
3033 3632 3204 3699 λῆξιν,
3236 3635 3268 3702 ἡ
3298 3633 3387 3685 τοῦ
3414 3632 3549 3685 Θεοῦ
3576 3635 3705 3697 ταῖς

2131 3725 2476 3797 λαμπρότησι
2496 3725 2880 3797 δεδοξασμένοις
2900 3723 3069 3791 οἶκος,
3094 3728 3160 3798 ἢν
3178 3727 3493 3798 ὑποδέχεται
3530 3726 3709 3791 πύλας

2130 3817 2357 3890 οὐρανὸς
2387 3820 2735 3883 ἀναπετάσας
2751 3835 2764 3849 ο
2791 3818 3107 3891 προσθήκην
3132 3820 3417 3889 δεχόμενος
3436 3820 3711 3891 εὐπρεπε-

2133 3912 2329 3984 στέρας
2361 3915 2747 3978 καταστάσεως
2781 3917 2848 3987 τῇ
2883 3914 3085 3984 ταύτης
3117 3914 3374 3985 ὑποδοχῇ.
3403 3915 3564 3985 ’Ἄρτι
3596 3915 3711 3969 τῶν

2131 4004 2247 4057 ἐκεῖ
2274 4006 2659 4074 ἑορταζόντων,
2689 4006 2803 4058 ὅσοι
2833 4023 2891 4060 τε
2916 4006 3077 4077 δῆμοι
3114 4007 3267 4060 ἀύλοι
3299 4009 3392 4061 καὶ
3423 4008 3710 4079 ἀθάνατοι,

2131 4098 2225 4150 καὶ
2251 4098 2364 4151 ὅσοι
2398 4099 2492 4151 τοῦ
2522 4099 2716 4170 θνητοῦ
2768 4101 2958 4168 γένους
2995 4104 3219 4166 ἐκείνοις
3252 4104 3712 4173 συνεπολιτογρα-

2131 4190 2383 4260 φήθησαν
2418 4191 2510 4244 ἐπὶ
2538 4194 2603 4261 τῇ
2637 4193 3001 4264 συνδιαιτήσει
3036 4196 3134 4266 τῆς
3169 4196 3435 4266 βασιλίδος
3473 4199 3709 4268 μητρὸς,

2129 4282 2208 4351 τῷ
2237 4283 2447 4352 βασιλεῖ
2493 4285 2587 4339 καὶ
2618 4285 2729 4355 Υίῴ
2763 4288 2958 4350 κοινῶς
2998 4289 3231 4360 ᾀδόντων
3258 4291 3355 4362 τὴν
3401 4292 3707 4361 εὐφημίαν,

2129 4378 2195 4446 τῇ
2227 4375 2512 4449 θαυμαστῇ
2541 4379 2971 4450 περιηχούμενος
3000 4384 3310 4456 συμφωνίᾳ,
3336 4385 3709 4455 τερπνοτέραν

2131 4464 2163 4535 ἢ
2221 4466 2479 4538 πρόσθεν,
2536 4475 2627 4523 καὶ
2663 4466 2813 4531 οὗτος
2856 4471 2997 4525 ἔοικε
3043 4474 3293 4544 δέχεσθαι
3342 4477 3707 4536 κατάστασιν.

2142 4559 2382 4615 Ἐκεῖθεν
2430 4562 2463 4632 ἡ
2514 4562 2624 4614 τῶν
2688 4564 2932 4632 ἀγγέλων
2991 4566 3143 4630 τάξις
3201 4569 3545 4639 ύπευφημεῖ,
3596 4570 3709 4624 ὑπὸ

2129 4654 2400 4727 ταξιάρχῃ
2424 4655 2723 4726 ταττομένη
2767 4656 2843 4727 τῷ
2888 4657 3144 4728 Γαϐριὴλ.
3192 4659 3469 4713 Ἐντεῦθεν
3522 4662 3551 4714 δ
3592 4662 3707 4716 τῶν

2134 4745 2419 4817 μακαρίων
2467 4747 2761 4815 προφητῶν
2811 4747 3085 4816 σύλλογος.
3140 4746 3248 4815 Tﬂ;
3296 4744 3578 4825 πόρρωθεν
3636 4758 3709 4826 τῇ

2128 4836 2256 4912 δόξῃ
2308 4838 2653 4902 ἐνατενίζων,
2700 4842 3041 4910 προεμελέτα
3093 4844 3185 4896 τὸν
3232 4844 3471 4913 ἔπαινον,
3530 4849 3708 4923 ταύτῃ

2131 4928 2373 5001 προσιὼν
2415 4930 2679 4996 εὐλαϐῶς,
2724 4932 2793 4985 τά
2834 4935 3043 5004 τερπνά
3076 4936 3277 5007 ὑπηχεῖ
3327 4939 3703 5011 μελετήματα.

2139 5020 2435 5091 Ἐτέρωθεν
2473 5025 2610 5092 μετὰ
2638 5024 2732 5078 τοῦ
2771 5025 2956 5081 θιάσου
2981 5029 3089 5081 τῶν
3122 5030 3401 5100 μαθητῶν,
3432 5034 3499 5087 τὰ
3531 5036 3710 5105 μυρία

2126 5114 2235 5170 τῶν
2292 5114 2584 5188 μαρτύρων
2656 5120 3041 5191 στρατεύματα
3093 5123 3233 5176 αἰδοῖ
3286 5124 3543 5191 ἀλαλάζει
3610 5128 3712 5183 καὶ

2128 5209 2298 5287 φόϐῳ.
2344 5210 2408 5261 Ὢ
2436 5209 2559 5264 ιτῶν
2585 5212 2701 5264 ἐκεῖ
2735 5212 3104 5284 τελουμένωνι
3140 5216 3203 5268 Ὢ
3231 5217 3331 5288 τῆς
3366 5220 3422 5273 ἐν
3452 5219 3711 5290 οὐρανοῖς

2123 5308 2189 5377 τῇ
2242 5305 2583 5377 ἀειπαρθένῳ
2636 5307 2821 5378 Μητρὶ
2866 5310 3237 5383 κροτουμένης
3278 5314 3475 5385 τιμῆςι
3510 5314 3714 5382 Ἔνθα,

2126 5398 2217 5451 τὸν
2242 5397 2373 5452 Υίὸν
2411 5398 2597 5470 ὁρῶσαι
2642 5401 2700 5452 ἐν
2738 5401 2889 5472 μέσῳ
2913 5402 3051 5456 θεῶν
3084 5402 3177 5468 οὓς
3218 5404 3441 5473 ἐθέωσε,
3489 5406 3742 5491 δεδοξα--γ

2129 5490 2349 5560 σμένον,
2399 5492 2495 5544 καὶ
2536 5491 2597 5544 τὸ
2629 5493 2914 5561 μεγαλεῖον
2938 5497 3137 5565 ἑαυτῆς
3171 5497 3295 5551 ὅσον
3346 5494 3739 5569 καταμανθά-’

2123 5596 2316 5643 νουσα,
2365 5573 2445 5643 οἷς
2472 5580 2728 5635 τοσούτου
2777 5583 2905 5638 Υίοῦ
2944 5586 3283 5657 ἐχρημάτισε
3335 5590 3543 5661 μήτηρ,
3597 5590 3720 5644 τῶν

2124 5672 2521 5744 παναχράντων
2552 5672 2757 5728 ὠδίνων
2802 5677 3003 5747 ἑαυτὴν
3049 5681 3452 5750 μακαρίζουσα,
3484 5684 3716 5757 χαίρειο

2126 5764 2220 5818 καὶ
2250 5765 2340 5817 τὸν
2377 5764 2604 5837 ἄπειρον
2632 5768 2693 5821 ἐν
2716 5768 3078 5845 μεγαλωσύνη
3114 5774 3296 5841 τόκον,
3327 5776 3388 5831 ὃν
3430 5778 3716 5851 πρότερον

2137 5859 2415 5930 σαρκικῶς
2460 5864 2850 5933 πτωχεύσαντα
2887 5867 3238 5939 θαυμάζουσα
3264 5872 3624 5944 ἐμεγάλυνεν,
3656 5876 3722 5929 ἐν
