4070 6206
387 236 490 300 161

1181 239 1458 304 ORATIO
1492 242 1645 305 XIV.
1682 266 1750 277 -
1787 242 1871 304 ΙΝ
1908 243 1975 304 Β.
2012 243 2274 304 ΜΑΒιιΕ
2309 245 2920 312 ASSUMPTIONEM.

3514 254 3618 320 162

375 349 466 420 τῷ
490 347 717 419 πλούτῳ
738 347 840 420 τῆς
868 348 1073 412 οίκείας
1097 347 1360 420 θεότητος
1382 351 1744 422 διαπρέποντα
1789 368 1931 422 μεγα

2035 351 2230 422 gloria
2279 355 2718 426 magniﬁcatum,
2769 373 3036 430 suamque
3087 362 3500 432 amplitudinem
3549 381 3615 424 ac

371 444 550 497 λύνει.
605 441 791 497 Ταῦτα
826 443 926 514 μὲν
953 445 984 497 ὁ
1025 443 1138 498 ἄνω
1166 443 1372 515 κόσμος
1416 444 1531 515 ἔχει
1561 443 1947 515 πραγματευό-

375 553 541 604 μενα.

2051 445 2391 515 maiestatem
2436 448 2767 520 intelligens,
2811 452 2959 522 quod
3006 453 3142 508 tanti
3172 454 3296 510 Filii
3347 459 3618 515 exstiterit

2051 547 2244 602 mater,
2298 539 2511 593 beatam
2558 555 2620 596 se
2666 542 2734 597 ab
2775 543 3286 603 immaculatissimo
3331 551 3614 619 gratulans

370 637 564 698 partu,
591 629 913 699 impensiori
946 629 1146 700 gaudio
1177 629 1384 684 fruitur
1424 647 1438 684 :
1476 629 1792 702 prolemque
1826 631 2038 686 infinita
2076 633 2361 702 majestate
2387 637 2618 703 clarum,
2674 653 2837 706 quam
2886 640 3039 708 prius
3087 655 3254 696 carne
3317 657 3611 712 pauperem

365 720 630 775 eﬂ‘ectam
668 722 977 791 suspiciens
1005 723 1436 794 magniﬁcabat;
1478 724 1533 779 in
1583 740 1697 780 suae
1745 725 1960 781 deitatis
1985 729 2264 797 opulentia
2287 732 2746 801 spectatissimam
2799 734 3111 804 magnificat
3153 750 3218 791 ac
3265 735 3617 807 deprtcdicat.

367 815 554 882 Atque
580 813 696 869 haec
726 814 947 883 quidem
978 814 1232 885 superior
1261 815 1362 870 ille.
1389 816 1628 872 mundus
1656 817 1844 887 agitat.

443 906 587 977 Φέρε
631 905 697 975 δὴ
739 907 901 976 ἡμεῖς
951 908 980 961 ό
1019 908 1170 962 κάτω
1232 907 1457 979 κόσμος,
1479 902 1553 963 ὧν
1594 911 1852 981 ἀπάρασα
1878 910 1939 963 οὐ

365 999 660 1068 συναπῆρε
711 997 810 1067 τὴν
861 998 1198 1069 εὐεργεσίαν,
1251 1000 1346 1068 ἀφ’
1396 999 1564 1070 ὕψους
1590 1001 1646 1054 δὲ
1690 1005 1942 1071 περιέπει

364 1090 474 1158 τῆς
513 1090 848 1158 προστασίας
893 1091 959 1160 τῇ
1006 1090 1261 1160 πτέρυγι,
1310 1091 1378 1145 τὰ
1415 1093 1546 1162 ἡμῖν
1585 1093 1941 1147 ὲπιὸάλλοντα

363 1180 740 1249 συντελῶμεν,
768 1181 862 1233 καὶ
889 1181 988 1250 τὴν
1025 1182 1315 1251 μετάθεσιν
1339 1184 1438 1254 τῆς
1459 1185 1737 1256 Παρθένου
1767 1187 1940 1256 τιμῶ-

365 1290 505 1343 μεν·
547 1273 640 1325 καὶ
672 1271 808 1343 πρὸς
827 1271 898 1325 τὰ
927 1273 1270 1345 ὐπερκόσμια
1298 1276 1582 1346 χωρούσης
1607 1278 1777 1347 αὐτῆς
1808 1295 1937 1349 προ-

361 1367 767 1437 πομπεύωμεν,
813 1367 890 1429 ὡς
919 1363 1031 1420 οἷόν
1063 1369 1212 1422 ἐστιν
1255 1370 1675 1441 ὑπερκοσμίως·
1713 1373 1807 1426 καὶ
1842 1373 1942 1443 τῆς

361 1460 732 1532 βαριδνούσης,
779 1460 876 1514 καὶ
918 1460 1289 1533 κατασπώσης
1325 1461 1478 1534 ὕλης,
1525 1465 1612 1533 ἐφ’
1641 1466 1766 1520 ὅσον
1797 1468 1943 1537 αἴρει

362 1555 430 1606 τὸ
460 1554 703 1623 πνεῦμα,
744 1552 1179 1626 μετατιθέμενοι,
1213 1556 1308 1609 καὶ
1335 1558 1448 1620 τοῖς
1474 1556 1660 1620 ἀΰλοις
1686 1575 1943 1610 συνεπαις

361 1642 613 1715 ρόμενοι.
629 1643 784 1695 Τίσιν
809 1639 903 1696 οὖν
930 1648 1238 1715 πομπικαῖς
1261 1646 1559 1717 εὐφημίαις
1581 1649 1940 1720 χρησώμεθα;

2113 911 2225 982 Age
2263 921 2318 968 et
2353 927 2454 969 nos
2483 912 2717 968 mundus
2745 911 2992 977 inferior,
3027 929 3056 967 a
3107 915 3333 985 quibus,
3366 924 3613 988 quamvis

2044 999 2378 1066 discesserit,
2433 1002 2580 1058 haud
2633 1013 2814 1057 tamen
2863 1004 3276 1061 beneficentiam
3329 1009 3616 1076 abstulit;

2043 1091 2175 1159 quin
2203 1093 2271 1146 ab
2297 1093 2429 1158 alto,
2468 1096 2552 1148 sui
2589 1094 2874 1163 patrocinii
2903 1094 3003 1148 alis
3048 1095 3224 1160 fovet;
3259 1101 3402 1167 quod
3434 1102 3616 1156 ηοεπί

2045 1183 2289 1238 muneris
2315 1193 2419 1248 est,
2454 1193 2796 1253 praestemus,
2821 1198 2886 1239 ac
2922 1183 3164 1254 Virginis
3203 1188 3616 1246 translationem

2046 1269 2252 1327 honore
2281 1287 2675 1342 prosequamur
2705 1291 2718 1326 :
2755 1274 3128 1343 cmlorumque
3175 1276 3427 1333 sublimia
3460 1288 3614 1333 tran-

2045 1364 2416 1428 scendentem,
2452 1381 2551 1434 pro
2584 1366 2731 1420 virili
2774 1375 2962 1421 nostra
2993 1404 3010 1430 ,
3052 1377 3370 1439 quantoque
3416 1385 3613 1430 ornatu

2042 1472 2355 1526 possumus,
2380 1457 2738 1526 deducamus,
2793 1468 2954 1530 atque
2977 1475 3004 1512 a
3026 1461 3179 1529 gravi
3204 1475 3268 1515 ac
3289 1463 3614 1524 detrahente

2041 1549 2289 1615 materia,
2331 1558 2593 1619 quantum
2639 1551 2843 1605 attollit
2891 1552 3143 1621 spiritus,
3175 1556 3451 1619 translati,
3488 1572 3615 1613 cum

2043 1640 2328 1709 spiritibus
2357 1642 2632 1696 caelitibus
2665 1643 2720 1695 in
2753 1643 2922 1696 altum
2974 1643 3364 1700 subvehamur.
3399 1646 3615 1712 Quibus

360 1710 476 1788 iisti.
506 1738 624 1798 πῶς
659 1738 803 1790 κατὰ
825 1710 1026 1809 τρόπον
1056 1710 1552 1810 προσενεχθήσεται
1665 1710 1833 1812 τιμη;
1870 1710 1931 1795 ‘Il

2043 1739 2222 1788 autem
2258 1734 2743 1790 acclamationibus
2810 1735 3139 1804 triumphum
3185 1752 3614 1808 prosequemur,

357 1826 626 1896 καλῶμεν
654 1829 718 1880 ὲκ
761 1828 868 1880 τῶν
897 1828 1136 1898 ὐψίστων
1185 1830 1507 1902 ιορυφαίους
1528 1870 1542 1894 ,
1573 1831 1669 1885 καὶ
1708 1832 1942 1902 μάλιστα

357 1921 452 1974 τὸν
480 1923 584 1990 τῆς
630 1924 946 1992 τιμωμένης
984 1923 1208 1993 βασιλέα
1258 1927 1613 1995 προπάτορα·
1655 1927 1750 1981 καὶ
1809 1928 1940 1998 παρ’

357 2015 544 2070 αὐτῶν
569 2015 898 2085 πυθόμενοι,
931 2009 1012 2077 οἷς
1044 2010 1188 2070 οῦτοι
1225 2018 1613 2089 καταρτίζουσι
1657 2019 1756 2089 τὴν
1797 2019 1939 2089 ἱερο-

357 2106 578 2175 λογίαν,
609 2107 751 2160 κατὰ
778 2106 980 2179 τρόπον
1007 2107 1230 2160 ἐκείνων
1259 2108 1544 2179 ἀποδῶμεν
1575 2107 1662 2162 τὸν
1687 2109 1936 2175 έπαινον;

355 2198 537 2271 Οἶμαι
560 2201 625 2272 δὴ
651 2202 872 2267 αὐτοὺς,
897 2195 978 2264 οἷς
1009 2199 1247 2270 πρόσθεν
1276 2199 1572 2270 ἀνύμνουν,
1600 2199 1810 2264 τούτοις
1846 2201 1939 2254 καὶ

354 2291 460 2343 ἐπὶ
508 2290 600 2344 τοῦ
651 2291 920 2362 παρόντος
973 2290 1281 2361 ὑμνοῦντας
1309 2291 1608 2360 προσάγειν
1635 2289 1734 2360 τὴν
1766 2289 1936 2360 εὐφη-

358 2383 501 2453 μίαν
520 2398 534 2412 ·
560 2383 683 2435 ἐπεὶ
721 2382 842 2454 μηδ’
876 2377 945 2454 ἦν
976 2383 1040 2434 ὲκ
1063 2381 1171 2434 τῶν
1209 2381 1492 2452 ἡμετέρων
1518 2381 1586 2435 τὰ
1622 2381 1743 2434 τότε
1769 2381 1936 2452 ἠχού-

361 2494 525 2548 μενα,
555 2474 661 2529 κᾶν
693 2476 750 2528 ὲν
796 2478 908 2538 τοῖς
949 2475 1239 2545 ἡμετέροις
1289 2474 1583 2546 ὲκρούετο·
1617 2475 1734 2528 ἀλλ’
1769 2475 1934 2544 οὐρα-

356 2569 516 2624 νόθεν
562 2570 810 2639 ὑπήχουν
840 2569 888 2620 οἱ
939 2567 1176 2640 ᾄδοντες.
1228 2566 1390 2630 Εἰκὸς
1426 2560 1520 2621 οὖν
1554 2564 1650 2618 καί⁹
1695 2566 1934 2635 σήμερον

357 2663 556 2725 αὐτοὺς
590 2661 828 2724 ἐκείναις
853 2663 970 2724 ταῖς
993 2659 1392 2730 προλαϐοῦσαις
1417 2659 1704 2729 φθογγαῖς,
1738 2657 1834 2711 ἆτε
1868 2658 1934 2730 δὴ

356 2754 638 2826 οὐρανίαις
691 2755 786 2826 τὴν
836 2755 1156 2826 Θεομήτορα
1183 2754 1350 2824 τιμᾷν
1383 2752 1836 2825 παραγενομένην
1875 2753 1933 2806 ἐν

353 2848 628 2917 οὐρανοῖς,
677 2847 743 2908 ἃς
779 2849 872 2901 καὶ
912 2849 1042 2918 ἡμῖν
1080 2845 1486 2918 παραληπτέον.
1544 2845 1759 2909 Ἔξεστι
1794 2844 1925 2916 γὰρ,

353 2942 451 2993 καὶ
495 2941 673 3002 οὐδεὶς
715 2940 958 3002 κίνδυνος
1009 2941 1089 3002 είς
1130 2941 1230 3010 τὴν
1284 2937 1456 3009 αὐτὴν
1496 2937 1683 3008 χρείαν
1729 2937 1930 3001 ταύτας

2041 1840 2218 1895 quave
2262 1826 2477 1882 ratione
2511 1828 2772 1882 honorem
2807 1828 3045 1884 debitum
3074 1828 3406 1886 oﬂ‘ercmus?
3432 1832 3514 1887 An
3545 1849 3613 1888 ex

2041 1918 2307 1973 altissima
2323 1921 2586 1976 caelorum
2611 1921 2832 1990 regione
2856 1922 3179 1992 coryplimos
3202 1925 3610 1988 advocabimus,

2039 2023 2104 2063 ac
2135 2010 2373 2065 maxime
2398 2011 2568 2075 illius,
2597 2027 2716 2081 quae
2754 2011 2808 2066 in
2836 2011 3016 2069 laudis
3055 2025 3438 2084 argumentum
3485 2032 3613 2086 pro-

2039 2100 2277 2170 ponitur,
2303 2116 2462 2156 avum
2487 2101 2683 2172 Regem
2711 2103 2734 2155 ?
2756 2111 2920 2172 atque
2947 2103 3034 2158 ubi
3063 2105 3130 2159 ab
3151 2107 3232 2160 eis
3247 2104 3608 2168 audierimus.

2039 2188 2238 2258 quibus
2267 2188 2372 2259 ipsi
2398 2189 2573 2244 modis
2606 2190 2778 2258 elogia
2800 2193 3135 2246 concinnent
3156 2202 3472 2262 aptentque,
3495 2193 3612 2248 illo-

2038 2296 2158 2335 rum
2182 2296 2281 2338 nos
2299 2297 2448 2337 more
2465 2282 2682 2337 laudum
2702 2284 2970 2352 praeconia
3000 2283 3286 2341 reddemus
3309 2286 3333 2340 ?
3356 2285 3612 2342 Arbitror

2037 2372 2286 2442 equidem
2320 2373 2492 2444 ipsos,
2537 2374 2743 2443 quibus
2789 2375 2940 2445 prius
2989 2377 3362 2440 celebrabant,
3411 2378 3608 2434 iisdem

2036 2463 2409 2518 encomiorum
2439 2465 2749 2534 generibus,
2785 2467 3083 2522 etiamnum
3121 2471 3238 2523 uti:
3273 2486 3395 2524 nam
3433 2486 3609 2541 neque

2035 2557 2304 2610 nostratia
2343 2565 2524 2621 erant,
2571 2572 2690 2627 quae
2736 2566 2869 2613 tunc
2914 2561 3334 2629 personabant,
3389 2562 3610 2618 tametsi

2034 2648 2178 2702 inter
2197 2654 2470 2703 nostrates
2489 2647 2886 2718 psallerentur:
2915 2649 3011 2703 sed
3033 2650 3092 2713 ii,
3117 2652 3336 2704 cretitus
3359 2650 3609 2706 instincti

2033 2754 2098 2794 ac
2145 2740 2366 2809 impulsi
2418 2740 2708 2795 canebant.
2756 2723 2869 2797 Fas
2911 2740 3095 2811 itaque
3143 2753 3250 2808 est,
3289 2757 3352 2798 ac
3397 2743 3603 2798 rationi

2031 2841 2478 2899 consentaneum,
2525 2840 2586 2887 ut
2629 2831 2792 2888 iidem
2835 2831 3099 2888 hodierna
3152 2835 3294 2900 luce,
3353 2835 3602 2906 pristinis

2031 2924 2138 2979 illis
2163 2924 2380 2978 laudum
2406 2925 2781 2990 concentibus,
2803 2939 2903 2980 ceu
2923 2926 3262 2992 coelestibus,
3288 2926 3381 2982 Dei
3411 2926 3604 2984 Matris

352 3029 832 3100 παραλαμϐάνειν.
903 3027 1061 3082 Ἀλλὰ
1109 3027 1303 3100 μικρὸν
1353 3027 1383 3080 ὁ
1430 3025 1588 3095 λόγος
1617 3027 1928 3098 παρρησια-

2035 3015 2088 3069 in
2118 3014 2288 3068 crelos
2321 3013 2610 3069 adventum
2642 3014 2915 3070 honorent
2944 3031 2960 3069 :
2993 3031 3132 3085 quos
3153 3026 3209 3072 et
3243 3018 3405 3074 nobis
3435 3034 3607 3074 usur-

351 3119 556 3187 ζέσθω,
609 3120 707 3173 καὶ
743 3119 819 3191 μὴ
854 3118 1012 3190 μόνον
1049 3119 1242 3183 τοῦτο,
1273 3117 1372 3189 τὴν
1407 3117 1701 3190 εὐφημίαν,
1755 3117 1929 3171 καθᾶ-

346 3226 461 3280 περ
501 3212 657 3266 οὐδὲν
697 3212 824 3266 ἄλλο
855 3211 1096 3281 θαρρεῖν,
1128 3211 1394 3281 ἑπόμενος
1431 3208 1750 3280 πληρούτω,
1794 3207 1930 3264 ἀλλὰ

351 3302 452 3355 καὶ
478 3302 617 3372 αὐτῇ
641 3300 879 3372 προσιὼν
903 3302 968 3371 τῇ
995 3300 1236 3369 sitmpou
1246 3300 1381 3370 μένῃ
1412 3299 1832 3371 προσομιλείτω.

2035 3106 2154 3177 pari
2189 3114 2422 3175 oportet.
2455 3104 2607 3160 Licet
2632 3106 2800 3172 enim,
2846 3120 2949 3162 nec
2983 3107 3154 3162 ullum
3183 3115 3268 3162 est
3302 3109 3607 3179 periculum

2037 3208 2099 3254 ut
2159 3198 2429 3268 ejusmodi
2494 3195 2823 3268 usurpemus
2885 3198 3098 3254 laudes.
3161 3199 3366 3256 Verum
3428 3202 3606 3256 oratio

2038 3289 2317 3364 paululum
2371 3289 2444 3344 sit
2491 3288 2761 3354 liberior;
2799 3304 2901 3344 nec
2945 3292 3122 3346 solum
3171 3290 3407 3346 faustam
3455 3293 3604 3346 illam

349 3397 836 3462 acclamationem,
878 3409 942 3450 ac
985 3395 1031 3449 si
1068 3395 1278 3450 nullum
1329 3395 1474 3450 aliud
1521 3395 1923 3465 praeconiorum
1962 3387 2269 3459 exemplum
2294 3385 2449 3455 sequi
2479 3386 2642 3450 ausit,
2663 3392 2922 3456 usurpet;
2973 3401 3160 3442 verum
3209 3387 3374 3442 etiam
3428 3387 3604 3458 ipsam

349 3490 575 3553 adiens,
601 3503 724 3559 quae
753 3486 1024 3557 praeconio
1051 3487 1373 3552 celebratur,
1401 3502 1527 3541 cum
1560 3487 1653 3541 illa
1682 3487 1936 3541 cominus
1963 3487 2107 3553 agat.

428 3583 499 3636 Τί
527 3598 610 3634 σοι
637 3583 665 3634 ό
691 3580 762 3633 τὰ
785 3580 1044 3652 μεγαλεῖα
1076 3582 1308 3651 ποιήσας
1362 3581 1536 3652 μέγας
1568 3580 1716 3646 Υἱὸς,
1757 3583 1930 3651 ὑπερ-

352 3671 701 3744 ευλογημένη
745 3673 982 3741 σήμερον
1009 3672 1186 3738 ποιεῖ;
1221 3671 1284 3722 Τί
1308 3671 1550 3740 γίνεται;
1600 3671 1666 3723 Τί
1696 3670 1756 3724 τὸ
1793 3670 1933 3741 ὀρώ-

353 3781 560 3839 μενον;
616 3765 690 3817 ἸΙ
740 3761 840 3834 τὴν
899 3763 1127 3842 κιϐωτόν
1172 3779 1231 3814 σε
1281 3762 1373 3816 τοῦ
1429 3762 1760 3834 ἁγιάσματος
1791 3777 1805 3792 ·
1839 3761 1932 3814 τὸν

349 3859 610 3931 εὐπρεπῆ
661 3855 963 3926 νυμφῶνα·
1013 3856 1103 3909 τὸν
1159 3855 1432 3909 θειότατον
1485 3855 1672 3926 θρόνον
1744 3854 1824 3916 εἰς
1873 3853 1932 3906 τὸ

351 3953 500 4006 θεῖον
522 3948 717 4004 ἑαυτοῦ
744 3947 1042 4016 ἀνάκτορον
1070 3947 1426 4017 μετατίθησι·
1445 3947 1545 4017 τὴν
1570 3947 1629 4010 ἐξ
1655 3941 1722 4018 ἧς
1748 3943 1929 3998 λαῦὼν

349 4041 453 4110 τὴν
495 4037 761 4110 σαρκίνην
796 4036 987 4106 στολὴν
1039 4038 1160 4106 μετ’
1187 4035 1488 4107 ἀνθρώπων
1519 4035 1928 4099 ἐπολιτεύσατο,

350 4135 415 4185 ἐν
447 4123 704 4201 ὑψίστοις
725 4129 882 4200 φέρει
913 4129 1305 4199 συνδιατρίϐειν
1348 4129 1458 4182 τῶν
1494 4127 1766 4199 σαρκίνων
1799 4127 1930 4180 ἀνα-

349 4221 649 4291 λαμϐάνων
670 4235 683 4246 ·
727 4218 821 4271 καί
845 4234 928 4271 σοι
959 4219 1179 4288 πάρεισι
1214 4217 1670 4289 λειτουργοῦντες,
1699 4218 1846 4270 πᾶσα
1894 4217 1929 4285 ἡ

350 4315 550 4383 ἐκείνῳ
583 4309 972 4382 λειτουργοῦσα
1037 4312 1217 4377 τάξις·
1269 4312 1514 4379 ἀγγέλων
1546 4310 1745 4380 δῆμοι·
1793 4326 1929 4380 προ-

353 4405 544 4474 φητῶν
586 4408 823 4474 χορεῖαι·
874 4403 923 4456 οἱ
967 4402 1158 4473 ὡραῖοι
1187 4403 1279 4455 τοῦ
1328 4403 1421 4455 σοῦ
1473 4401 1675 4472 ὡραίου
1729 4401 1924 4465 Παιδὸς

354 4495 642 4568 μαθηταί·
680 4496 750 4549 τὰ
781 4495 889 4549 τῶν
911 4495 1230 4550 καλλινίκων
1255 4493 1546 4566 μαρτύρων
1577 4493 1920 4563 συστήματα·

350 4589 542 4642 ἅπασα
579 4587 849 4660 παρθένος
877 4587 1045 4658 ψυχὴ,
1079 4587 1170 4641 καὶ
1199 4587 1333 4657 πρὸς
1356 4585 1452 4657 τὴν
1482 4584 1756 4657 νυμφικὴν
1781 4585 1920 4637 ἁπό-

349 4675 544 4741 λεκτος
589 4677 836 4734 παστάδα
870 4677 963 4730 σοῦ
1014 4677 1106 4730 τοῦ
1137 4671 1234 4747 τῆς
1265 4677 1558 4747 παρθενίας
1611 4676 1920 4746 ἀγάλματος

351 4770 610 4840 προΐασιν
640 4771 696 4823 ὲν
717 4769 1046 4840 εὐφροσύνη.
1083 4769 1302 4839 Ἐπειδὴ
1333 4770 1443 4842 γὰρ
1472 4770 1639 4839 ἐχρῆν
1656 4765 1919 4838 ἁνασχοῦ-

354 4878 456 4915 σαν
486 4861 686 4932 θνητῆς
714 4861 988 4934 γεωργίας
1012 4860 1318 4924 ἀκολούθως
1364 4878 1423 4914 σε
1464 4864 1526 4932 τῇ
1560 4861 1763 4934 βλάστῃ
1787 4859 1922 4931 πρὸς

350 4956 420 5006 τὰ
466 4951 584 5005 θεῖα
636 4953 1081 5023 συγκομισθῆναι,
1116 4955 1348 5022 ταμεῖα,
1395 4951 1728 5022 λειτουργεῖς
1775 4951 1923 5020 νόμῳ

351 5045 584 5114 θνητῶν,
625 5045 719 5098 καὶ
746 5045 988 5114 ὁμιλεῖς,
1043 5038 1086 5098 ὧ
1137 5043 1228 5097 τοῦ
1273 5043 1425 5114 ἡλίου
1469 5044 1805 5113 φαεινότερα,
1847 5041 1924 5111 τῷ

352 5133 665 5204 σκυθρωπῷ
723 5135 1002 5205 προσιόντι
1043 5135 1296 5205 θανάτῳ·
1353 5133 1491 5204 πλὴν
1546 5133 1644 5202 τῆς
1682 5134 1921 5203 ἀρρήτου

346 5226 706 5296 φαιδρότητας
753 5228 788 5297 ἡ
822 5225 1127 5298 παρουσία,
1183 5226 1334 5278 οὐδὲν
1381 5227 1652 5295 συγχωρεί
1675 5227 1742 5295 τῇ
1795 5239 1924 5276 σκυ-

346 5319 662 5392 θρωπότητι
693 5319 962 5390 ἐνοχλεῖν·
995 5319 1194 5390 χειρῶν
1236 5320 1332 5389 μὲν
1354 5319 1597 5383 ἐκείνων,
1632 5315 1721 5381 αἷς
1746 5319 1925 5373 πάντα

345 5411 660 5482 συνέχεται,
698 5410 794 5481 τὴν
823 5409 1164 5479 πανάμωμον
1218 5409 1520 5480 δεχομένων
1562 5408 1776 5479 ψυχήν·
1829 5409 1923 5461 τοῦ

345 5504 402 5557 ’ἱὲ
436 5501 702 5574 καθαροῦ,
738 5501 834 5555 καὶ
882 5500 1111 5556 ἀσπίλου
1151 5500 1401 5570 σώματος
1430 5503 1488 5556 ὲν
1518 5499 1924 5572 καθαρωτάτοις

423 5677 516 5711 ’δι’
547 5675 685 5731 Luc.
716 5693 755 5742 ι,
791 5675 876 5729 49.

686 5767 955 5827 Parnm.
998 5765 1114 5824 Gn.
1151 5763 1332 5823 CVII.

1951 4451 2004 4511 D

2099 3574 2241 3641 Quid
2254 3587 2382 3628 vero
2399 3572 2470 3636 is,
2486 3572 2577 3638 qui
2593 3586 2786 3641 magna
2801 3571 2900 3627 tibi
2919 3588 3146 3644 magnus
3159 3572 3328 3629 Filius
3342 3571 3602 3637 fecit“-',

2028 3683 2064 3724 ο
2092 3674 2174 3722 ter
2211 3663 2520 3725 benedicta,
2551 3663 2649 3717 tibi
2691 3662 2854 3718 hodie
2895 3663 3027 3718 facit
3057 3664 3080 3716 ?
3113 3663 3381 3730 Quidnam
3413 3679 3600 3722 rerum

2029 3759 2210 3816 evenit
2238 3758 2262 3811 ?
2291 3756 2430 3824 Quid
2453 3755 2598 3811 istud
2631 3754 2778 3824 quod
2800 3756 3078 3811 cernimus
3103 3757 3126 3810 ?
3157 3757 3301 3812 Sane
3331 3771 3514 3812 arcam
3549 3767 3604 3814 te

2029 3847 2506 3912 sanctificationis,
2539 3847 2982 3903 honestissimum
3021 3848 3341 3912 thalamum,
3370 3849 3604 3906 divinis-

2031 3943 2228 4000 simum
2264 3941 2520 3996 thronum
2558 3938 2613 3992 in
2653 3938 2898 3993 divinum
2946 3953 3106 3994 suum
3158 3939 3422 3996 transfert
3455 3948 3600 3996 tem-

2029 4033 2178 4104 plum
2208 4049 2224 4087 :
2260 4045 2403 4097 eam,
2450 4044 2518 4084 ex
2561 4043 2670 4099 qua
2713 4043 2878 4084 carne
2924 4039 3141 4098 sumpta
3178 4029 3323 4086 inter
3351 4031 3601 4088 homines

2027 4129 2280 4179 versatus
2320 4128 2423 4187 est,
2473 4118 2544 4174 ad
2591 4118 2847 4174 sublimia
2902 4121 3026 4174 coeli
3067 4119 3352 4188 transfert,
3390 4135 3457 4176 ex
3494 4119 3599 4176 hoc

2029 4211 2246 4267 mortali
2313 4219 2458 4266 statu
2511 4201 2803 4274 eductam;
2852 4209 3062 4280 tibique
3108 4210 3288 4266 omnis
3340 4211 3474 4266 ordo
3521 4212 3598 4268 illi

2032 4303 2459 4359 ministrantium
2501 4300 2761 4356 satellitio
2799 4299 3334 4370 adestzangelorum
3380 4310 3594 4368 turmae,

2031 4396 2418 4466 prophetarum
2441 4392 2616 4458 chori,
2649 4393 2954 4461 speciosum
2983 4391 3379 4460 discipulorum
3401 4378 3601 4462 agmen

2029 4485 2268 4558 speciosi
2302 4483 2429 4540 Filii
2471 4483 2585 4550 tui,
2628 4483 2924 4552 insignium
2974 4482 3245 4538 victorum
3293 4495 3592 4553 martyrum

2030 4585 2327 4646 exercitus,
2376 4592 2570 4633 omnes
2605 4578 2802 4631 animae
2840 4574 3103 4646 virgines,
3135 4573 3442 4655 Sponsique
3473 4575 3594 4630 tba.

2031 4676 2177 4730 lamo
2192 4671 2468 4729 destinata
2496 4671 2716 4732 cohors,
2747 4669 2870 4734 tibi,
2896 4684 3017 4739 qum
3037 4669 3364 4740 virginitatis
3390 4669 3591 4736 imago,

2029 4767 2324 4833 vivumque
2380 4762 2733 4818 simulacrum
2797 4761 3070 4827 exsistas,
3119 4762 3174 4814 in
3230 4759 3595 4815 exsultatione

2031 4857 2295 4926 obsequio
2320 4856 2495 4926 prmit.
2514 4853 2782 4920 Quoniam
2803 4853 2946 4908 enim
2969 4861 3023 4909 te
3046 4851 3393 4907 mortalitatis
3416 4865 3594 4906 messe

2031 4948 2328 5011 succisam,
2351 4953 2752 5014 consequenter
2777 4958 2885 4998 una
2909 4958 3032 4998 cum
3054 4942 3295 5012 genuine
3319 4941 3375 4995 in
3402 4942 3588 4996 divina

2032 5042 2226 5093 horrea
2264 5037 2395 5092 ferri
2424 5036 2729 5107 oportebat,
2761 5034 3073 5089 mortalium
3117 5033 3220 5103 lcgi
3250 5032 3591 5102 obsequeris,

2031 5143 2095 5182 ac
2149 5143 2272 5182 cum
2328 5127 2472 5182 tristi
2519 5140 2583 5180 ac
2621 5135 2739 5179 atra
2788 5133 2983 5191 morte,
3038 5133 3094 5178 tu
3142 5126 3256 5180 sole
3304 5124 3592 5189 illustrior,

2031 5218 2400 5290 congrederis,
2458 5232 2770 5286 quanquam
2809 5217 3098 5274 inelfabilis
3144 5216 3412 5272 claritatis
3455 5231 3597 5286 prae-

2031 5313 2230 5374 sentia,
2270 5310 2409 5365 nihil
2434 5317 2626 5364 mortis
2651 5310 2797 5363 illam
2832 5308 3278 5375 severitudinem,
3309 5307 3594 5363 molestam

2031 5417 2152 5459 esse
2180 5401 2312 5456 sinit
2337 5417 2352 5454 :
2383 5415 2509 5455 cum
2539 5400 2646 5454 illa:
2684 5399 2903 5469 quidem
2936 5414 3153 5468 manus,
3181 5399 3382 5471 quibus
3410 5399 3595 5455 omnia

2030 5495 2409 5561 continentur,
2423 5491 2960 5550 intemeratissimam
2977 5493 3320 5564 susciperent
3335 5491 3598 5559 animam;

3071 5761 3103 5822 6
