3952 6210
532 232 634 294 163

1741 231 2017 292 LEONIS
2053 232 2509 294 PHILOSOPHI

3638 229 3727 291 164

526 340 790 399 mundum
822 347 999 395 autem
1050 355 1114 396 ac
1138 340 1545 396 immacu.atum
1571 354 1798 412 corpus,
1821 345 1876 396 in
1908 343 2088 413 puris-

2192 343 2581 413 μεθισταμένου
2629 341 2867 414 χωρίοις.
2903 341 3023 394 "Uri
3057 339 3358 402 ἐϐάστασας
3389 338 3522 392 Θεδν
3562 339 3721 408 σάρκα

528 433 663 489 sima
689 431 807 487 loca
837 430 1249 486 transferretur.
1274 430 1427 497 Quod
1449 430 1617 487 Deum
1646 445 1812 487 carne
1837 432 2088 487 indutum

527 531 819 594 gestasses,
852 523 947 578 Dei
979 523 1096 594 ipsa
1126 524 1378 579 manibus
1410 524 1662 594 gestaris,
1704 524 1799 579 ubi
1840 526 2090 581 exuisses

527 628 768 671 carnem.
792 614 1091 670 Maternum
1118 617 1439 688 obsequium
1465 624 1583 680 tuo,
1600 618 1718 673 sine
1743 616 1923 685 Patre,
1953 618 2090 673 Filio

524 706 819 771 detuleras,
858 722 983 761 cum
1026 708 1115 762 ille
1159 710 1421 764 mundum
1470 709 1892 777 ingrederetur:
1947 725 2093 765 nunc

526 797 787 851 mundum
846 799 963 869 ipsa
1007 801 1314 869 egrediens,
1366 801 1485 870 ejus
1527 800 1775 857 vicissim
1825 802 2090 872 obsequio

526 886 747 952 foveris,
773 890 922 943 omni
949 890 1192 945 coalitum
1221 891 1411 956 choro,
1432 905 1497 945 ac
1526 890 1768 961 tripudio
1794 900 2089 962 praeeunte,

526 990 785 1045 moreque
802 977 1220 1047 supplicantium
1248 979 1510 1034 honorem
1538 980 1770 1034 habente
1795 998 1808 1033 :
1830 982 2092 1049 quemad-

526 1063 743 1118 modum
790 1074 845 1119 et
884 1066 1057 1133 prius,
1100 1066 1243 1121 haud
1280 1067 1353 1122 ita
1390 1067 1600 1138 pridem
1628 1082 1691 1123 ex
1727 1068 1897 1123 Annae
1940 1080 2095 1126 utero

533 1157 587 1210 in
619 1157 791 1211 lucem
817 1167 1090 1228 suscepta,
1128 1158 1370 1228 virgineo
1399 1160 1636 1230 agmine,
1665 1160 2094 1231 supplicantium

526 1246 655 1311 ritu,
710 1249 765 1302 in
815 1264 978 1302 unum
1019 1256 1207 1303 coacto
1263 1250 1646 1305 bonorabaris.
1688 1249 1889 1305 Verum
1942 1261 2094 1317 tunc,

525 1340 670 1395 aliud
699 1341 956 1410 quiddam
989 1351 1127 1407 erat,
1173 1344 1317 1413 quod
1359 1344 1560 1409 ﬁebat,
1632 1346 1847 1416 aliaque
1886 1345 2096 1401 ratione

524 1446 755 1501 corpore
810 1444 1175 1503 praesentem,
1215 1436 1455 1506 virgines
1507 1439 1831 1508 corporibus
1881 1439 2094 1493 amictae

524 1522 823 1592 stipabant,
863 1540 926 1578 ac
964 1524 1348 1593 deducebant;
1397 1536 1522 1598 apte
1563 1529 1818 1583 nimirum
1862 1540 1917 1584 et
1959 1544 2089 1584 con-

2187 429 2578 500 ἠμφιεσμένον,
2625 429 2865 500 βαστάζῃ
2897 428 3031 481 Θεοῦ
3071 428 3346 498 παλάμαις
3387 427 3729 497 ἀπαμφιασα-

2191 523 2327 592 μένη
2357 522 2454 592 τὴν
2483 523 2679 596 σάρκα.
2708 523 3113 593 Προσενήνοχας
3132 522 3453 592 δορυφορίαν
3477 523 3732 594 μητρικῆν

2190 615 2324 686 πρὸς
2355 614 2559 685 κόσμον
2595 615 2815 668 εἰσιόντι
2842 612 2919 683 τῷ
2949 612 3181 681 ἀπάτορὶ
3214 629 3305 666 σου
3357 611 3471 683 Υἱῷ
3492 629 3504 642 ·
3539 614 3735 666 ἀντιδο-

2192 709 2403 778 ρυφορῇ
2437 707 2641 777 κόσμου
2671 704 2911 773 ἐξιοῦσα,
2953 706 3133 775 πάσης
3158 705 3255 775 τῆς
3303 706 3430 775 περὶ
3459 705 3614 771 αὑτὸν
3649 724 3735 776 χο-

2193 797 2486 869 ροστασίας
2510 799 3010 869 προπορευομένης,
3033 797 3127 851 καὶ
3143 800 3208 868 τῇ
3230 797 3468 850 λιτανεία
3482 799 3734 867 τιμώσης,

2191 890 2375 961 ὥσπερ
2405 889 2498 943 καί⁹
2534 891 2767 962 πρόσθεν
2816 890 2989 961 ἐθίμῳ
3042 889 3422 960 λιτανευομένη
3470 889 3594 958 ἄρτι
3633 890 3733 941 τῶν

2191 982 2295 1052 τῆς
2325 984 2526 1051 Ἀννης
2579 983 2821 1052 λαγόνων
2868 985 2947 1046 εἰς
2981 983 3094 1052 βίον
3140 981 3549 1052 προκύπτουσα.
3590 979 3739 1035 Ἀλλὰ

2192 1071 2310 1124 τότε
2352 1071 2448 1142 μὲν
2491 1070 2616 1125 ἄλλο
2646 1070 2707 1124 τὸ
2739 1072 3021 1142 γινόμενον
3043 1112 3057 1137 ,
3107 1072 3202 1124 καὶ
3229 1069 3401 1133 ἄλλως
3446 1068 3738 1122 ἐλιτάνευον

2194 1162 2474 1233 παροῦσαν
2512 1164 2570 1215 ὲν
2601 1162 2836 1232 σώματι,
2891 1161 3027 1232 μετὰ
3062 1160 3316 1231 σώματος
3344 1159 3584 1230 τιμῶσαι
3614 1177 3741 1231 παρα

2196 1254 2360 1318 θένοι,
2389 1256 2483 1307 καὶ
2520 1254 2598 1324 τῷ
2623 1253 2804 1324 καιρῷ
2836 1252 3199 1323 συμϐαίνοντα
3227 1250 3736 1322 προπομπεύουσαι’

2195 1343 2289 1398 νῦν
2331 1346 2376 1397 δ’
2409 1344 2772 1415 ἐκδημούσης,
2804 1344 3029 1413 ἐκδημοι
3058 1343 3156 1413 τῆς
3182 1343 3441 1413 σαρκίνης
3474 1342 3652 1411 πέδης,
3684 1344 3738 1395 αἱ

2196 1434 2478 1505 παρθένων
2523 1436 2736 1506 ψυχαὶ,
2810 1433 3158 1505 ἐντιμοτέραν
3206 1431 3417 1486 ποιοῦσι
3468 1432 3568 1503 τὴν
3617 1448 3735 1501 προ-

2193 1528 2437 1598 πομπήν.

524 1622 783 1668 sentanee
824 1617 1061 1684 corpori.
1093 1616 1255 1673 Nunc
1289 1635 1441 1683 vero,
1465 1636 1589 1675 cum
1617 1623 1919 1678 excesseris
1978 1636 2229 1692 corpore,
2274 1620 2545 1691 virginum
2600 1620 2797 1674 animae
2853 1618 3132 1690 corporeis
3174 1618 3406 1673 vinculis
3466 1618 3734 1681 exsoluta},

524 1702 682 1773 longe
709 1704 1161 1764 honoriﬁcentius
1190 1710 1483 1767 deducunt.

595 1794 795 1851 Verum
818 1798 947 1866 quid
971 1800 1079 1865 ais,
1104 1815 1138 1855 ο
1163 1803 1532 1858 sacratissime
1555 1804 1899 1861 dcductionis
1922 1806 2085 1876 hujus
2115 1809 2159 1867 Β

525 1888 832 1958 corypbaze,
872 1885 967 1959 qu'i
1007 1898 1060 1945 et
1103 1899 1233 1946 tunc
1268 1893 1418 1949 velut
1463 1905 1747 1967 cognatus,
1778 1912 2088 1968 quanquam

523 1980 683 2051 longe
710 1983 1013 2039 morabaris
1044 1999 1075 2037 a
1113 1987 1300 2041 saeculi
1328 1988 1433 2053 via,
1468 1988 1524 2043 in
1553 1989 1678 2044 ﬁliae
1712 1997 1895 2045 tamen
1920 1992 2087 2045 bono-

522 2085 636 2124 rem
662 2072 869 2140 pariter
896 2075 1208 2137 occurristi,
1242 2089 1305 2131 ac
1337 2077 1631 2146 spirituum
1664 2094 1836 2143 more,
1864 2094 1987 2134 cum
2020 2079 2087 2134 iis

522 2163 615 2230 qui
640 2163 867 2218 materia
900 2173 1175 2232 constant,
1209 2165 1353 2222 diem
1389 2166 1584 2225 festum
1610 2170 1768 2225 laetus
1798 2169 2041 2239 agitabas
2070 2188 2084 2223 :

520 2268 668 2308 nunc
702 2263 882 2310 autem
925 2258 1181 2322 maxime,
1230 2258 1307 2313 illi
1359 2262 1853 2328 congruentissime
1898 2262 2085 2327 statui,

520 2344 575 2399 in
602 2359 713 2414 quo
744 2347 1005 2411 versaris,
1052 2362 1114 2402 ea
1143 2363 1377 2405 cernens
1407 2366 1528 2420 qua:
1575 2362 1922 2421 peraguntur,
1966 2352 2089 2407 ﬁlize

521 2437 784 2491 honorem
814 2437 1081 2502 celebras,
1126 2454 1191 2493 ac
1219 2441 1534 2510 gratularis,
1582 2442 1922 2513 gloriamque
1970 2458 2088 2498 om-

522 2529 672 2581 nium
698 2528 875 2583 oculis
897 2530 1203 2597 expositam
1234 2533 1521 2601 perspicue
1551 2532 1806 2588 laudibus
1848 2535 2084 2589 extollis.

522 2617 679 2673 llaud
734 2634 865 2673 vero
910 2618 1025 2689 jam
1077 2620 1220 2675 intra
1264 2624 1447 2679 carnis
1494 2625 1671 2679 velum
1715 2626 2086 2697 contemplans

520 2707 880 2778 depraedicas,
911 2708 1057 2777 quod
1092 2720 1222 2765 tunc
1246 2712 1301 2765 in
1335 2713 1521 2769 laudes
1540 2712 1743 2770 eﬁusus
1768 2715 2085 2784 przestabas,

520 2798 853 2870 propiusque
898 2808 1208 2857 contextam
1262 2802 1318 2858 in
1356 2802 1587 2861 ﬁmbriis
1617 2806 1799 2863 aureis
1830 2808 1850 2839 ³
1894 2808 2083 2863 stolam

2269 1797 2430 1851 Ἀλλὰ
2462 1796 2515 1849 τί
2537 1794 2661 1864 φῆς,
2688 1786 2732 1847 ῶ
2758 1794 2857 1863 τῆς
2891 1793 3185 1864 ἱερωτάτης
3224 1796 3552 1865 προπομπῆς
3577 1813 3741 1865 κορυ-

2193 1887 2343 1960 φαῖε,
2372 1887 2430 1950 ὃς
2455 1886 2549 1939 καὶ
2574 1885 2698 1939 τότε
2746 1880 2835 1937 οἷα
2858 1883 2924 1955 δὴ
2956 1883 3244 1955 συγγενὴς,
3273 1886 3322 1936 εί
3361 1884 3453 1937 καὶ
3489 1885 3610 1939 όδοῦ
3644 1887 3744 1956 τῆς

2191 1984 2248 2036 ἐν
2276 1980 2373 2053 βίῳ
2412 1980 2598 2051 πόρρω
2641 1976 2925 2049 διέτριὸες,
2957 1976 3108 2046 ὅμως
3135 1978 3214 2040 είς
3240 1977 3400 2048 τιμὴν
3427 1976 3745 2049 συνέτρεχες

2190 2074 2289 2143 τῆς
2308 2070 2593 2141 θυγατρὸς,
2621 2070 2715 2124 καὶ
2754 2069 2933 2131 ἀΰλως
2982 2068 3469 2140 συνεπανηγύριζες
3511 2072 3618 2132 τοῖς
3653 2073 3745 2123 ἐν-

2196 2165 2362 2228 ύλοις.
2386 2165 2495 2218 Κα)⁸
2516 2164 2609 2216 νῦν
2639 2162 2870 2232 μάλιστα
2891 2161 3103 2225 οἰκείως
3129 2161 3229 2231 τῆς
3256 2160 3479 2231 ἐχούσης
3504 2177 3557 2213 σε
3574 2178 3743 2214 κατα-

2193 2257 2426 2320 στάσεως
2464 2255 2604 2325 όρῶν
2628 2255 2696 2308 τὰ
2726 2254 3020 2325 γινόμενα,
3060 2256 3374 2325 συγκροτεῖς
3413 2256 3477 2325 τῇ
3512 2253 3743 2326 θυγατρὶ

2189 2350 2287 2419 τὴν
2334 2346 2519 2418 τιμὴν,
2577 2346 2670 2400 καὶ
2720 2346 2820 2415 τὴν
2890 2344 3048 2413 δόξαν
3109 2344 3389 2418 ὁρωμένην
3455 2346 3747 2417 προφανῶς

2190 2442 2447 2502 ἐπαινεῖς.
2480 2436 2620 2491 Ἀλλ’
2647 2437 2747 2491 οὐκ
2778 2436 2980 2491 ἔσωθεν
3004 2438 3170 2509 αὐτὴν
3189 2437 3284 2509 τοῦ
3312 2440 3745 2508 παραπετάσμα-

2189 2548 2279 2595 τος
2330 2532 2527 2603 σαρκὸς
2567 2524 2732 2584 οὖσαν
2794 2528 3014 2599 θεωρῶν
3074 2507 3352 2600 ἁνυμῖἦίς,
3401 2529 3588 2601 ῶσπερ
3620 2531 3743 2584 τότε

2189 2625 2396 2687 ἐποίεις
2424 2622 2628 2694 ὑμνῶν,
2661 2623 2756 2675 καὶ
2784 2620 2881 2691 τὴν
2910 2623 2967 2675 ἐν
3006 2624 3116 2685 τοῖς
3158 2624 3377 2692 χρυσοῖς
3404 2622 3511 2675 τῶν
3536 2622 3744 2692 ἀρετῶν

2191 2716 2519 2785 κροσσωτοῖς
2556 2712 2931 2781 ἐξυφασμὲνην
2957 2710 3148 2780 στολὴν
3174 2708 3404 2778 ἐγγύθεν
3441 2710 3741 2775 κατανοῶν,

2188 2804 2497 2876 ὑπερηδύνῃ
2531 2804 2628 2875 μὲν
2656 2807 2724 2876 τῇ
2754 2802 3057 2874 εὐπρεπείᾳ
3078 2803 3177 2872 τῆς
3199 2802 3483 2871 θυγατρὸς,
3506 2819 3745 2872 προανα-

519 2890 875 2947 considerans
900 2905 915 2955 ;
940 2906 1152 2945 summa
1174 2902 1352 2947 tamen
1381 2895 1657 2964 voluptate
1683 2896 1753 2951 ob
1780 2896 1903 2952 ﬁliae
1922 2902 2083 2953 deco-

2188 2895 2372 2962 pwvei’;
2399 2891 2457 2945 δὲ
2493 2896 2559 2963 τῇ
2607 2893 2872 2963 ἱερωτάτη
2924 2895 3115 2965 χορείᾳ
3156 2894 3218 2946 τὸ
3264 2894 3562 2963 ἐνδόσιμον.
3612 2887 3741 2959 *Δρ*

523 2996 634 3036 rem
673 2981 1040 3052 perfunderis,
1086 2984 1456 3055 universoque
1500 2987 1874 3044 sacratissimo
1916 2989 2085 3043 choro

2188 2984 2345 3049 ἐστιν,
2376 2986 2523 3047 ὅπως
2556 2985 2652 3037 καὶ
2696 2985 2829 3055 ἡμῖν
2861 2984 3113 3049 ἀξιώσεις
3162 2982 3449 3056 παρελθὼν
3489 2984 3741 3051 διατάξαι

521 3072 738 3141 signum
777 3073 1113 3129 laudationis
1140 3075 1464 3131 inchoandae
1491 3078 1630 3133 edis.
1669 3079 1751 3133 An
1777 3080 2086 3151 dignaberis

2180 3078 2279 3147 τὴν
2308 3077 2602 3147 εὐφημίαν,
2634 3074 2729 3130 κα)⁸
2764 3076 3100 3149 συνεπιλήψῃ
3126 3077 3225 3147 τῆς
3254 3076 3583 3149 προθυμίας,
3614 3077 3746 3147 βου-

522 3174 581 3220 ut
603 3174 658 3221 et
686 3178 876 3223 nostro
904 3166 1076 3223 choro
1108 3170 1421 3237 adveniens,
1449 3170 1630 3228 laudis
1664 3173 1821 3228 nobis
1849 3189 1911 3229 ac
1940 3191 2078 3244 prae-

2188 3170 2425 3241 λομένοις
2452 3171 2519 3240 τῇ
2554 3168 2785 3239 θυγατρὶ
2816 3168 3007 3237 ὥσπερ
3039 3186 3091 3223 τι
3122 3169 3292 3237 δῶρον
3332 3170 3542 3237 ὲόρτιον
3574 3185 3742 3236 προσ-

518 3259 811 3313 dicationis
828 3258 1045 3313 modum
1074 3259 1431 3330 ordinemque
1453 3263 1794 3332 praescribas,
1822 3264 2075 3335 adjuves—

520 3364 628 3419 que
656 3347 990 3403 alacritatem
1017 3362 1209 3403 eorum
1239 3350 1333 3419 qui
1364 3348 1489 3405 ﬁlia:
1528 3360 1651 3417 tuae,
1690 3354 1845 3422 quasi
1877 3369 2075 3409 munus

2188 3259 2491 3332 ενηνοχέναι
2551 3259 2643 3313 τὸν
2710 3257 2899 3327 λόγον;
2947 3256 3022 3310 Ἦ
3085 3255 3423 3328 παραιτήσῃ.
3480 3254 3575 3307 καὶ
3639 3255 3747 3307 οὐκ

2180 3352 2382 3415 ἐθέλεις
2420 3352 2580 3415 αὐτὸς
2619 3352 2739 3412 ταῖς
2791 3346 3087 3419 ἀκηράτοις
3145 3344 3501 3416 ἐνδιατρίὸων
3554 3344 3749 3413 λήξεσι

521 3440 661 3495 festo
696 3448 1038 3511 competens,
1083 3440 1385 3497 orationem
1439 3441 1635 3498 oﬁ'erre
1678 3445 1962 3515 cogitant?
1995 3446 2078 3500 An

2188 3446 2314 3515 πρὸς
2337 3444 2484 3514 ἡμᾶς
2508 3441 2770 3506 κατιέναι,
2792 3439 2883 3503 οὓς
2902 3440 2957 3493 αί
2974 3438 3121 3492 κάτω
3146 3436 3499 3507 περιφέρουσι
3545 3435 3747 3505 κῆρεςς

521 3532 729 3586 abnues
786 3545 961 3599 neque
1004 3529 1315 3599 adduceris,
1356 3540 1413 3585 ut
1467 3532 1563 3602 qui
1608 3533 1721 3601 jam
1752 3533 2082 3590 immortales

520 3623 681 3678 sedes
710 3623 923 3689 incolis,
958 3623 1022 3676 ad
1063 3638 1165 3679 nos
1193 3624 1517 3689 descendas,
1541 3608 1764 3695 'quibus
1789 3627 1905 3681 istae
1936 3642 2082 3682 mor-

521 3711 748 3766 talitatis
789 3716 944 3767 sedes
998 3711 1334 3783 obtigerunt,
1367 3723 1421 3767 et
1466 3729 1606 3784 quos
1656 3713 1766 3770 fata
1821 3717 1907 3773 bis
1948 3717 2082 3773 locis

522 3804 700 3858 debita
747 3804 1051 3859 exercent?
1089 3803 1241 3861 liaud
1279 3807 1556 3862 enimvero
1603 3817 1862 3874 recusat;
1909 3809 2079 3875 adest,

522 3910 586 3950 ac
645 3910 785 3964 opus
836 3894 1186 3965 aggreditur,
1227 3912 1558 3969 Operamque
1597 3915 1751 3954 suam
1797 3900 2081 3957 nobiscum

519 3986 699 4057 jungit
722 4023 739 4049 ,
769 3985 908 4039 nillil
936 3985 1165 4040 moleste
1186 3985 1391 4050 ferens,
1418 3997 1474 4041 ut
1497 3988 1615 4058 ejus
1644 4004 1745 4043 nos
1778 3990 1999 4045 vocibus
2020 4006 2086 4045 ac

522 4077 761 4135 oraculis
802 4078 1097 4132 abutamur
1150 4078 1397 4133 oratione
1447 4078 1780 4134 conﬁcienda
1821 4098 1833 4132 :
1890 4080 2086 4148 quibus

2192 3537 2331 3592 Ἀλλ’
2370 3535 2627 3605 οῦμενουν
2679 3532 3062 3603 παραιτεῖται·
3099 3528 3329 3598 πάρεστι
3352 3527 3441 3592 δὲ,
3472 3526 3565 3580 καὶ
3599 3527 3752 3596 συμῖ-

2184 3628 2400 3698 μετέχει
2448 3624 2540 3679 τοῦ
2572 3624 2912 3695 πράγματος,
2969 3621 3061 3674 καὶ
3103 3617 3609 3687 συγκατασκευάζει
3679 3618 3752 3671 τὸ

2180 3720 2362 3791 ἔργον,
2410 3717 2560 3771 οὐδέν
2606 3732 2658 3767 τι
2708 3712 2973 3783 νεμεσῶν,
3014 3714 3127 3775 τοῖς
3182 3710 3393 3763 ἐκείνου
3429 3710 3754 3779 φθέγμασιν

2180 3811 2593 3883 ἀποχρωμένοις
2620 3811 2775 3879 ἡμῖν,
2808 3809 2886 3871 είς
2916 3807 3014 3876 τὴν
3051 3804 3144 3858 τοῦ
3179 3803 3337 3874 λόγου
3360 3804 3752 3871 κατασκευήνο

2180 3900 2260 3967 οἷς
2288 3901 2408 3958 οὖσι
2454 3900 2923 3973 προσφορωτάτοις
2951 3898 3192 3969 κεφαλὴν
3225 3895 3500 3958 ἐπιθέντες
3518 3894 3618 3965 τὴν
3649 3894 3753 3948 τοῦ

2181 3994 2346 4049 καλοῦ
2384 3994 2689 4065 νυμφευτοῦ
2731 3992 2914 4063 φωνὴν
2958 3992 3055 4062 τῆς
3079 3990 3273 4061 χαρᾶς,
3308 3991 3457 4058 κοινῇ
3491 3990 3555 4057 τῇ
3590 4004 3757 4058 παρ-

2182 4086 2319 4155 θένῳ
2359 4085 2601 4156 ποιῶμεν
2645 4084 2735 4137 τὸν
2764 4083 3007 4136 ἔπαινον.
3031 4081 3287 4151 Εῐπωμεν
3328 4079 3507 4132 τοίνυν
3556 4078 3705 4148 αὐτῇ
3731 4094 3755 4110 ο

525 4180 782 4240 tanquam
842 4171 1313 4241 oppositissimis,
1386 4171 1584 4241 capitis
1644 4172 1765 4226 loco
1828 4170 2086 4227 addemus

2188 4168 2374 4223 ιᾶλλον
2401 4171 2447 4222 δ’
2476 4172 2504 4223 6
2532 4168 2706 4222 ταῦτα
2736 4167 3164 4239 προανυμνήσας
3197 4163 3423 4233 λεγέτω
3453 4162 3629 4231 Χαῖρε
3652 4200 3670 4225 ,
3716 4164 3762 4233 ἡ

523 4264 749 4318 verbum
780 4262 961 4333 gaudii
994 4263 1396 4333 plenissimum,
1420 4262 1569 4333 quod
1591 4262 1973 4333 integerrimus
1998 4262 2088 4317 ille

2188 4262 2399 4327 ιιϐωτὸς
2425 4303 2438 4327 ,
2469 4262 2535 4317 δι’
2561 4257 2629 4334 ἧς
2662 4262 2692 4314 6
2728 4260 2863 4324 Θεὸς
2896 4262 2955 4315 ἐν
2984 4259 3060 4331 τῷ
3102 4258 3192 4311 διὰ
3221 4257 3312 4311 σοῦ
3348 4255 3658 4324 ἀναστῆσαι
3692 4255 3769 4307 τὸ

480 4336 488 4345 ’
523 4352 807 4422 pronubus
844 4354 1174 4423 usurpavit,
1222 4353 1413 4422 sicque
1437 4352 1710 4407 communi
1747 4351 1928 4407 studio
1966 4349 2088 4404 Vir-

2188 4354 2393 4425 τλάσμα
2413 4352 2504 4407 τοῦ
2527 4353 2840 4424 πτώματος,
2860 4352 2946 4421 ἐφ’
2966 4342 3011 4420 ᾧ
3033 4349 3268 4420 κειμένῳ
3291 4349 3359 4401 τὰ
3380 4346 3477 4418 τῆς
3505 4344 3772 4414 στοργῆς

524 4445 636 4514 gini
668 4446 944 4517 praeconia
987 4454 1359 4501 contexemus.
1405 4444 1662 4499 Dicamus
1705 4443 1868 4514 igitur
1896 4444 1966 4508 ei,
2003 4442 2085 4497 vel

2188 4448 2428 4520 ιτρύχετο
2454 4447 2756 4518 σπλάγχνα,
2791 4443 3083 4501 κάντεῦθεν
3109 4439 3468 4512 ἀνεστηκότος
3490 4438 3766 4491 ἀναπαυ-

526 4538 708 4607 potius
752 4522 919 4592 totiiis
957 4537 1111 4592 ebori
1155 4538 1349 4592 ductor
1377 4550 1440 4591 ac
1476 4550 1686 4605 auSpex
1727 4535 1875 4589 dicat
1902 4551 1916 4588 :
1942 4535 2079 4599 Ave,

2188 4540 2437 4609 τάμενος,
2469 4542 2549 4604 εἰς
2575 4539 2673 4611 τὴν
2712 4538 2908 4592 ἑαυτοῦ
2941 4536 3137 4605 ἀνέστη
3171 4534 3495 4589 ἀνάπαυσιν.
3538 4529 3764 4601 Χαῖρε,

524 4644 676 4693 arca,
724 4644 820 4700 per
864 4643 1030 4698 quam
1071 4627 1234 4694 Deus,
1267 4628 1576 4698 reparando
1621 4643 1716 4697 per
1752 4635 1805 4682 te
1854 4641 1884 4679 a
1932 4627 2083 4695 lapsu

2188 4634 2234 4686 ιδ
2260 4635 2413 4687 ποῖον
2440 4631 2585 4704 ὅρος,
2618 4624 2679 4686 οὗ
2700 4631 2799 4703 τὴν
2823 4629 3056 4699 πιότητα
3087 4624 3319 4681 κατιδὼν
3347 4626 3375 4677 6
3398 4624 3497 4693 τῆς
3523 4620 3774 4691 φύσεως

524 4737 783 4778 manuum
807 4736 1034 4778 suarum
1054 4720 1343 4792 ﬁgmento'
1362 4721 1455 4793 (ob
1474 4722 1629 4790 cujus
1650 4718 1861 4774 ruinam
1880 4720 2080 4773 intimis

2188 4725 2439 4795 γεωργὸς,
2474 4726 2537 4777 ὲκ
2566 4724 2658 4777 σοῦ
2693 4726 2824 4796 ἡμῖν
2864 4724 3178 4793 ὲγεώργησε
3201 4718 3299 4790 τὴν
3333 4714 3600 4786 ἀφθονάαν
3640 4714 3777 4767 τῶν

524 4815 826 4871 visceribus
858 4812 1205 4884 angebatur),
1235 4828 1299 4868 ac
1330 4829 1453 4868 cum
1472 4827 1534 4868 ea
1560 4812 1770 4866 ratione
1802 4811 2082 4875 erexisset,

2188 4819 2416 4886 Ξιγαθῶν.
2449 4819 2640 4887 Χαῖρε,
2673 4817 2739 4870 δι’
2767 4812 2833 4887 ἧς
2856 4814 3055 4885 ὀσφύος
3075 4813 3273 4882 θνητῆς
3296 4812 3387 4864 ἐπὶ
3412 4810 3501 4863 τὸν
3525 4807 3783 4861 αἰώνιον

523 4905 897 4973 requiescens,
933 4907 989 4960 in
1018 4920 1175 4961 suam
1209 4904 1726 4973 surrexitrequiem.
1756 4903 1889 4966 Ave,
1927 4916 2082 4956 mons

2188 4904 2366 4977 θρόνον
2386 4904 2615 4967 αἱωνίως
2644 4903 2901 4968 καθίσων,
2930 4899 3203 4969 ἐνίδρυται
3225 4893 3502 4956 Βασιλεύς.
3534 4893 3769 4961 Χαῖρε,

523 4995 745 5067 pinguis
764 4997 809 5063 ⁸,
842 4998 1003 5067 cujus
1040 4996 1422 5069 pinguedinem
1450 4997 1637 5051 videns
1673 5002 1882 5049 natura:
1908 4993 2083 5047 cultor

2188 4989 2300 5069 ἐνῇ
2338 4994 2472 5057 ῦσας
2502 4996 2529 5046 6
2555 4993 2651 5060 τῆς
2700 4991 2843 5061 ζωῆς
2880 4991 3053 5057 ὑετὸς,
3106 4988 3302 5059 αὐχμῷ
3358 4982 3779 5039 κινδυνεύοντα

522 5096 576 5142 et
618 5098 789 5155 sator,
845 5103 913 5143 ex
971 5098 1023 5146 te
1075 5090 1316 5144 omnium
1361 5089 1626 5144 bonorum
1694 5084 2079 5142 abundantiam

2188 5088 2409 5143 θανάτου
2454 5085 2522 5141 τὰ
2554 5085 2763 5155 πέρατα
2785 5081 3097 5137 διεσώσατο.
3134 5082 3329 5148 Χαῖρε,
3362 5081 3389 5131 6
3416 5076 3781 5143 δεξιώτατος

523 5180 681 5235 nobis
704 5180 982 5249 produxit.
1017 5182 1155 5245 Ave,
1188 5197 1285 5252 per
1304 5196 1468 5249 quam
1491 5195 1556 5233 ex
1589 5168 1907 5249 mortalibus
1945 5176 2082 5229 lum-

2188 5182 2345 5251 τόμος
2371 5178 2471 5249 τῆς
2498 5176 2589 5230 τοῦ
2607 5175 2741 5230 Θεοῦ
2767 5175 2939 5243 Λόγου
2968 5174 3183 5245 γραφῆς
3209 5167 3601 5240 (ἐπισυνήφθω
3637 5167 3782 5236 γὰρ

523 5271 607 5325 bis
635 5285 800 5340 supra
833 5282 1098 5327 aeternum
1124 5273 1439 5337 thronum“,
1462 5281 1723 5327 aeternum
1755 5278 2080 5341 regnaturus

2188 5275 2289 5334 τοῖς
2322 5271 2738 5343 προπατορικοίς
2784 5266 3187 5338 ἱερολογήμασι,
3233 5264 3326 5317 καὶ
3358 5261 3413 5325 ἃ,
3462 5260 3540 5330 τῷ
3592 5257 3787 5328 αὐτῷ

522 5359 637 5416 Rex
662 5362 986 5418 collocatur.
1009 5365 1141 5429 Ave,
1161 5380 1324 5435 quam
1348 5365 1667 5433 compluens
1696 5363 1818 5417 vita
1835 5362 2013 5432 pluvia
2037 5364 2077 5427 ⁸,

2188 5362 2451 5433 πνεύματι
2477 5360 2692 5433 χειλέων
2721 5360 2922 5430 ἑτέρων
2954 5355 3291 5429 ἱερολογήθη,
3311 5358 3376 5425 τῇ
3402 5354 3541 5422 αὐτῇ
3564 5366 3788 5451 προσῖ

524 5454 810 5510 universos
851 5454 992 5510 ﬁnes
1024 5464 1203 5523 terrae,
1233 5473 1354 5512 cum
1402 5473 1468 5513 ex
1500 5456 1685 5512 lethali
1718 5455 1967 5510 siccitate
2017 5455 2071 5509 in

2188 5452 2552 5523 αναρμόζοντα
2595 5450 2825 5521 χορείᾳ),
2856 5448 2924 5503 δι’
2954 5444 3014 5504 οὗ
3058 5446 3484 5519 τετρυχωμένοις
3501 5444 3647 5514 ἡμῖν
3682 5444 3792 5512 τῷ

592 5630 613 5662 ²
646 5627 788 5686 Psal.
823 5648 966 5702 xuv,
1016 5634 1102 5688 Μ.
1187 5635 1206 5665 ³
1238 5634 1589 5701 Psal.cxxxi,
1632 5634 1680 5689 8.
1757 5634 1780 5665 ‘*
1813 5631 2164 5698 Psal.‘i.xvu,
2210 5632 2293 5685 16.
2367 5628 2909 5703 'rl’sal.cxxx1,ll.
2982 5627 3315 5685 °Psal.r.xxi
3364 5630 3401 5679 εἰ
3464 5668 3472 5679 .
