4070 6206
390 340 496 402 165

1159 334 1439 395 ORATIO
1471 335 1624 397 XIV.
1646 361 1705 372 -
1738 335 1817 396 IN
1842 337 1905 395 Β.
1941 335 2198 396 MARUE
2234 335 2838 398 ASSUMPTIONEM.

3511 341 3608 406 166

388 451 551 522 βαρεῖ
574 451 675 514 τῆς
699 447 946 510 δουλείας
972 445 1144 518 ζυγῷ,
1172 448 1534 522 ἀναφαίρετος
1564 450 1778 521 ἐγράφη
1811 450 1958 504 ἐλευ-

2057 449 2362 520 periculum
2423 453 2737 518 venissent,
2794 453 3100 510 incolumes
3156 453 3412 510 servavit.
3456 455 3606 512 Ave.

335 612 340 614 _
387 541 569 611 θερία.
607 537 1065 609 Χαῖρε,⁹Ράϐδος,
1089 538 1149 603 ἐξ
1175 533 1242 610 ἦς
1272 539 1365 592 τοῦ
1397 539 1610 610 ζωηροῦ
1640 540 1830 605 ἄνθους
1859 542 1956 612 τῆς

385 631 636 702 εὐλογίας
673 629 1052 700 ἐξανθηκότος,
1089 630 1463 701 ήφθοροποιὺς
1493 633 1788 704 ἀπεφθάρη
1827 651 1957 688 κατ⁴

384 725 514 795 ἀρα.
544 725 716 793 Χαῖρε
743 761 759 782 .
804 723 838 792 ἠ
875 721 965 775 τὸν
1014 723 1270 776 ἀστεκτον
1334 722 1581 796 ἄνθρακα
1619 726 1954 796 περισχοῦσα

383 812 566 875 λαεὶς,
606 811 674 864 δι’
703 803 765 864 οὗ
798 810 900 880 τῆς
941 811 1192 882 ῥυπαρᾶς
1217 812 1512 884 ἁμαρτίας,
1551 815 1609 869 ἐν
1637 817 1704 886 τῇ
1733 817 1956 886 χειλέων

383 902 735 974 προσψαύσει
780 901 1252 974 ἐκκαθαιρόμεθα.
1284 903 1484 974 Χαῖρε,
1530 906 1563 977 η
1605 905 1696 960 τὸν
1751 907 1953 971 καινῶς

380 995 483 1048 καὶ
513 993 806 1064 ὑπερφυῶς
827 993 1217 1063 γεωργηθέντα
1232 995 1394 1067 ἄρτον
1415 995 1658 1065 φέρουσα
1683 999 1949 1069 τράπεζα·

379 1081 441 1139 οὗ
490 1085 791 1156 τραφέντες
837 1085 888 1138 οἱ
942 1087 1010 1157 τῇ
1061 1087 1306 1158 γεωργίᾳ
1355 1087 1454 1158 τῆς
1503 1088 1743 1160 ἀκάνθης
1809 1089 1952 1161 λιμῷ

377 1177 770 1246 ἀπολλύμενοι,
815 1177 910 1230 τοῦ
961 1177 1207 1231 κινδύνου
1255 1179 1688 1250 διασεσώσμεθα.
1754 1183 1946 1254 Χαῖρε,

377 1270 550 1337 πύλη,
581 1270 615 1338 ἠ
651 1269 798 1338 μόνῳ
825 1268 904 1339 τῷ
932 1269 1174 1336 Βασιλεῖ,
1221 1272 1303 1334 είς
1331 1271 1427 1340 τὴν
1473 1271 1676 1326 εἴσοδον
1705 1275 1804 1344 τῆς
1827 1274 1948 1328 καθ’

379 1363 529 1432 ἡμᾶς
573 1361 932 1432 ἀφωρισμένη
974 1359 1372 1427 ζωοπλαστίας,
1410 1365 1518 1418 τῶν
1556 1365 1821 1436 κλείθρων
1867 1385 1948 1421 σοι

378 1457 481 1524 τῆς
500 1453 708 1523 σεπτῆς
725 1451 1021 1523 παρθενίας
1035 1452 1307 1524 ἀκινήτων
1333 1457 1740 1525 μεμενηκότων.
1757 1459 1946 1529 Χαῖρε,

377 1541 665 1608 παλάτιον,
700 1543 760 1608 ἐξ
796 1536 857 1596 οῦ
888 1544 946 1596 ἐν
975 1542 1214 1612 ταπεινῷ
1245 1543 1486 1614 σχήματι
1517 1545 1896 1616 προεληλυθὼς
1921 1551 1948 1601 ὁ

377 1633 669 1697 Βασιλεὺς,
693 1634 788 1688 καὶ
821 1634 913 1688 τὸν
936 1635 1284 1706 ἀνῃρημένον
1309 1635 1368 1688 τὺ
1406 1635 1528 1690 καθ’
1561 1637 1716 1708 ἡμῶν
1748 1639 1947 1710 κράτος

377 1726 612 1780 θάνατον
635 1723 862 1792 ἀνελὼν,
895 1725 956 1778 τὸ
975 1725 1078 1795 τῆς
1100 1726 1309 1781 ἐκείνου
1329 1729 1640 1799 τυραννίδος
1667 1729 1943 1801 ὀδυνηρὸν,

2053 541 2498 610 elegantissimus
2524 542 2616 598 Dei
2649 543 2809 598 Verbi
2841 544 3129 616 scripturae
3158 557 3340 599 tomus
3365 546 3384 577 "
3420 545 3608 617 (adda.

2054 649 2176 690 mus
2200 635 2344 688 enim
2388 635 2569 702 avitis,
2607 650 2673 690 ac
2707 635 2984 691 Davidicis
3029 637 3222 706 elogiis
3259 637 3387 702 alia,
3424 639 3612 693 eodem

2054 725 2246 795 spiritu
2275 739 2304 779 a
2339 725 2622 796 prophetis
2652 725 2776 781 aliis
2815 724 2938 781 fusa
2983 741 3046 780 ac
3094 726 3401 794 decantata,
3446 741 3548 782 nec
3580 743 3612 782 a
3723 773 3728 778 .

2050 817 2304 888 prtesenti
2349 816 2518 870 choro
2561 816 2758 886 aliena)
2795 831 2893 886 per
2935 831 3117 886 quem,
3146 831 3271 872 cum
3312 817 3464 888 gravi
3496 833 3614 872 ser-

2051 909 2243 965 vitutis
2283 909 2416 980 jugo
2441 918 2772 977 tereremur,
2801 909 3135 965 inviolabilis
3181 909 3344 966 nobis
3384 910 3613 966 libertas

2051 1001 2252 1072 scripta
2273 1011 2378 1056 est.
2402 1000 2534 1066 Ave,
2558 999 2743 1073 Virga,
2765 1017 2830 1058 ex
2852 1016 2979 1070 qua,
2997 1016 3120 1058 cum
3146 1010 3404 1072 tanquam
3428 1003 3613 1058 vitalis
3721 1062 3724 1066 ,

2051 1092 2170 1154 ﬂos,
2216 1093 2522 1148 benedictio
2558 1093 2941 1158 eﬂloruisset‘,
2999 1109 3124 1148 mox
3156 1093 3485 1160 maledictio,
3523 1095 3612 1150 in-

2049 1187 2246 1242 teritus
2273 1186 2540 1252 eﬂeetrix,
2581 1187 2786 1242 interiit
2813 1186 3008 1251 ’.Ave,
3038 1185 3278 1257 forceps,
3313 1187 3610 1242 carbonem
3640 1242 3645 1247 _
3720 1207 3723 1210 ·

2049 1277 2200 1331 illum
2231 1279 2630 1346 importabilem
2655 1278 2955 1347 complexa,
2986 1293 3094 1347 quo
3127 1297 3158 1331 a
3190 1279 3394 1348 peccati
3427 1277 3611 1334 sordi-

2047 1369 2171 1432 bus,
2207 1370 2476 1424 labiorum
2515 1379 2774 1425 contactu
2809 1369 3190 1425 emundamur.
3225 1373 3357 1437 Ave,
3399 1370 3620 1436 mensa,

2047 1476 2166 1532 quae
2209 1477 2398 1531 panem
2432 1462 2585 1516 illum
2637 1477 2779 1517 novo
2817 1477 2880 1518 ac
2913 1471 3122 1516 naturae
3167 1462 3410 1517 inaudito
3449 1465 3610 1519 modo

2046 1550 2354 1606 confectum
2401 1560 2631 1622 gestas;
2677 1567 2786 1622 quo
2839 1551 3151 1615 sustentati,
3186 1551 3281 1621 qui
3327 1553 3610 1622 spinarum
3715 1541 3721 1554 ¹

2047 1657 2227 1697 messe
2279 1651 2674 1713 proventuque,
2735 1643 2875 1698 fame
2911 1642 3294 1706 enecabamur,
3337 1657 3404 1696 ex
3455 1649 3611 1696 tanto
3713 1713 3717 1718 ἢ

2047 1733 2364 1790 discrimine
2407 1735 2700 1791 evasimus.
2754 1735 2886 1799 Ave,
2939 1740 3116 1804 porta,
3157 1747 3279 1802 qua:
3327 1732 3430 1788 soli
3478 1731 3609 1802 Regi

376 1817 478 1870 καὶ
511 1816 792 1882 ἐπίπονον,
837 1815 918 1880 είς
952 1794 1261 1872 ἀνάπαυσιν
1293 1794 1554 1890 ἧμείιψεν·
1671 1819 1765 1874 καὶ
1806 1794 1942 1892 αὑτὴ

2049 1823 2364 1895 ingressuro
2406 1826 2471 1880 ad
2503 1826 2661 1882 nobis
2702 1825 2933 1882 similem
2983 1823 3318 1879 induendum
3357 1833 3609 1877 naturam
3661 1871 3669 1877 .
3714 1900 3720 1906 Ι

376 1910 627 1980 σήμερον
655 1908 1084 1980 προσομιλοῦσα,
1119 1910 1254 1982 πρὸς
1282 1911 1379 1982 τὴν
1404 1911 1492 1965 διὰ
1517 1911 1610 1966 σοῦ
1634 1930 1941 1986 κεχορηγη-

379 1999 552 2069 μένην
591 1997 887 2062 διαὸαίνεις
911 1999 1230 2054 ἀθανασίαν.

2048 1915 2320 1972 destinata
2346 1931 2404 1973 es
2422 1918 2487 1984 ¹⁰,
2512 1919 2768 1973 claustris
2795 1915 3119 1972 venerandae
3145 1925 3251 1970 tua:
3280 1914 3609 1985 virginitatis

2048 2008 2308 2064 immotis.
2335 2010 2468 2074 Ave,
2500 2010 2782 2081 palatium,
2811 2024 2875 2063 ex
2907 2023 3014 2076 quo
3048 2008 3235 2061 humili
3268 2007 3454 2082 habitu
3483 2021 3610 2077 pro-
3709 2042 3716 2049 -

372 2106 603 2163 gressus
632 2089 768 2158 Rex,
793 2098 1030 2146 erectam
1061 2097 1251 2144 contra
1291 2103 1392 2144 nos
1419 2089 1612 2145 mortis
1637 2092 1931 2161 potentiam
1961 2099 2182 2153 sustulit
2238 2116 2254 2154 :
2299 2098 2758 2169 durissimamque
2805 2098 2976 2167 ipsius
3039 2104 3105 2152 ac
3164 2099 3607 2155 molestissimam
3710 2092 3714 2097 ’

372 2182 746 2257 ιῐηηηίάθων
777 2181 832 2235 in
861 2179 1109 2251 τεςιιίειη
1163 2180 1558 2236 “mmmam:
1595 2181 1662 2236 ad
1692 2197 1854 2253 (ιιιειηι
1881 2193 1940 2240 ιιι
1994 2203 2214 2260 quoque
2257 2191 2522 2247 hodierna
2568 2188 2673 2246 die-
2697 2197 2936 2260 recepta,
3001 2189 3070 2242 ad
3140 2184 3609 2266 immortalitatem

372 2293 479 2352 per
505 2287 561 2333 te
589 2274 795 2331 mundo
824 2289 1167 2340 concessam,
1200 2273 1534 2345 proveheris.

450 2365 683 2424 Πολλαὶ
702 2365 1021 2435 θυγατέρες
1051 2365 1349 2433 ἐποίησαν
1371 2365 1627 2436 δύναμιν
1662 2365 1944 2438 (προσκεί-

371 2462 491 2518 σθω
518 2460 616 2513 καὶ
667 2456 828 2511 τοῦτο
872 2458 986 2521 τοῖς
1031 2456 1325 2528 ἐγκωμίοις
1370 2457 1431 2510 τὸ
1485 2458 1686 2530 μέρος,
1716 2458 1944 2528 ἐπείπερ

2046 2461 2208 2533 liquis
2235 2455 2523 2526 encomiis,
2558 2458 3000 2530 quandoquidem
3029 2473 3299 2528 nusquam
3327 2459 3455 2514 alibi
3486 2460 3606 2530 ejus

2111 2369 2300 2424 Multa:
2323 2369 2452 2438 ﬁlia:
2483 2369 2718 2438 fecerunt
2749 2362 2995 2423 virtutem
3023 2366 3275 2435 (addatur
3313 2376 3367 2420 et
3395 2367 3501 2424 hoc
3520 2341 3612 2423 re;
3706 2381 3714 2415 έ

368 2555 588 2624 οὐδαμῆ
619 2551 848 2623 ἑτέρωθι
875 2548 1161 2620 συμϐαίνει
1187 2549 1296 2604 τῶν
1331 2549 1590 2620 ῥημάτων
1612 2551 1672 2604 τὸ
1688 2551 1940 2622 ἀληθὲς),

368 2644 602 2701 πολλαὶ
633 2641 972 2710 ἐκτήσαντο
1019 2641 1314 2695 πλοῦτον·
1358 2645 1549 2713 κρατεῖ
1586 2642 1630 2696 δ’
1664 2644 1941 2710 ἁπάντων,

367 2746 404 2812 ἡ
458 2739 613 2812 παρά
670 2739 880 2802 πάντας
931 2736 1458 2808 ὐπερδεδοξασμένη.
1513 2739 1721 2792 Ούκουν
1776 2740 1834 2792 ἐν
1867 2738 1945 2810 τῷ

369 2833 568 2888 κάλλει
593 2831 763 2900 αὐτῆς
791 2828 1099 2900 ψευδομένη
1130 2828 1412 2900 ἀρέσκεια.
1445 2830 1544 2884 Διά
1577 2829 1736 2884 τοῦτο
1773 2848 1944 2884 κατα-

371 2924 513 2987 στὰς
549 2923 630 2986 είς
663 2921 960 2992 ἀρέσκειαν
987 2919 1155 2990 αὐτῆς
1201 2921 1230 2972 δ
1257 2919 1410 2986 Θεὸς,
1440 2920 1504 2974 ἐκ
1533 2922 1719 2975 πασῶν
1746 2923 1945 2990 γενεῶν

368 3015 594 3088 μητέρα
623 3013 910 3081 ἐκλέγεται
931 3027 945 3042 ·
974 3011 1071 3066 καὶ⁵
1096 3011 1203 3065 τῶν
1232 3012 1449 3082 ἐκείνης
1467 3014 1712 3085 αἱμάτων
1743 3033 1941 3088 μορφο.

369 3105 722 3178 ποιούμενος,
766 3107 848 3168 είς
910 3103 973 3158 τὸ
1017 3104 1243 3175 ἀρχαῖον
1288 3105 1388 3176 τὴν
1441 3105 1786 3177 διαρῤυεϊσαν
1845 3107 1939 3162 τοῦ

367 3199 700 3270 πλάσματος
732 3195 1075 3260 ἀνακαινίζει
1132 3195 1364 3267 μορφήν.
1395 3195 1486 3266 Τῷ
1528 3195 1640 3249 ὄντι
1690 3196 1827 3266 μόνη
1879 3197 1940 3250 ἐν

2043 2553 2247 2608 veritas
2281 2552 2522 2619 constat)
2553 2551 2738 2606 multa
2768 2550 3366 2628 acquisicruntdivitias
3402 2550 3440 2581 “
3483 2569 3496 2606 :
3550 2559 3605 2606 at
3703 2607 3711 2615 ,

2049 2642 2227 2713 major
2281 2642 2539 2698 omnibus
2571 2648 2678 2707 est,
2721 2656 2843 2712 quae
2877 2641 3018 2711 apud
3047 2656 3240 2696 omnes
3273 2641 3604 2698 celebratur.
3704 2675 3709 2684 -

2045 2734 2484 2807 Haudquaquam
2541 2733 2705 2792 fallax
2764 2734 2885 2805 ejus
2928 2724 3354 2808 pulchritudinis
3385 2733 3558 2804 gratia
3587 2751 3605 2788 :
3703 2800 3705 2804 η

2044 2823 2397 2895 quamobrem
2449 2822 2617 2890 Deus,
2665 2822 2786 2895 ejus
2837 2824 3020 2894 specie
3084 2838 3147 2878 ac
3199 2823 3604 2892 pulchritudine
3702 2850 3710 2859 -

2045 2925 2260 2988 captus,
2291 2932 2358 2972 ex
2383 2915 2640 2974 omnibus
2671 2931 2834 2970 unam
2869 2917 3008 2970 hanc
3031 2915 3135 2971 sibi
3175 2925 3402 2970 matrem
3453 2915 3606 2972 dele-
3699 2937 3704 2970 :

2045 3008 2160 3079 git;
2203 3023 2379 3078 exque
2411 3009 2532 3078 ejus
2575 3005 2938 3079 sanguinibus
2981 3007 3275 3061 humanam
3319 3011 3603 3063 assumens
3702 2997 3705 3000 ’

2041 3101 2293 3168 formam,
2339 3099 2578 3171 figmenti
2623 3098 2855 3154 formam
2881 3114 3002 3168 qua:
3049 3096 3359 3165 dilluxerat,
3395 3098 3449 3152 in
3490 3096 3604 3168 pri;

2040 3195 2245 3252 stiuum
2291 3201 2493 3251 statum
2537 3193 2827 3250 instaurat.
2863 3191 3001 3248 Vere
3038 3191 3155 3248 sola
3198 3191 3254 3246 in
3276 3191 3602 3246 mulieribus
3697 3244 3702 3248 .

366 3288 625 3360 γυναιξὶν
675 3285 1036 3357 εὐλογημένη,
1087 3285 1121 3356 ἡ
1177 3286 1313 3358 μόνη
1355 3288 1422 3356 τῇ
1477 3288 1806 3360 προμήτορι,
1844 3289 1938 3342 καὶ

2043 3285 2350 3352 benedicta,
2383 3300 2504 3355 qua:
2527 3285 2645 3340 sola
2670 3284 2861 3354 primae
2893 3281 3128 3354 parenti,
3157 3281 3384 3352 ejusque
3411 3272 3599 3351 poste—
3699 3304 3701 3306 ·

362 3346 488 3445 ⁴τοῖς
517 3346 578 3448 ἐξ
611 3379 783 3449 αὐτῆς
813 3346 1131 3450 ῥόἓιθήᾶὲισὲι
1152 3346 1260 3447 δτῇ
1293 3346 1422 3447 μὲν,
1443 3346 1533 3441 οἷς.
1551 3346 1746 3448 διπλῆν
1770 3346 1934 3432 οὖσαν

2043 3380 2116 3435 ris
2140 3393 2296 3449 opem
2321 3346 2449 3431 tulit
2490 3395 2503 3431 :
2531 3376 2610 3430 illi
2637 3346 3028 3446 quidem-qua
3056 3346 3330 3445 duplicem
3371 3346 3599 3429 calami-

361 3475 472 3546 τὴν
501 3473 826 3542 κατήφειαν,
850 3470 1038 3540 ἑαυτῇ,
1067 3467 1161 3522 καὶ
1187 3471 1299 3531 τοῖς
1323 3467 1534 3531 τέκνοις
1556 3468 1932 3543 λυμηναμένη,

360 3562 686 3621 διελύσατο·
715 3555 829 3623 τοῖς
857 3559 915 3612 δὲ
941 3558 1010 3612 δι’
1039 3550 1115 3612 ὧν
1140 3557 1267 3621 τούς
1291 3575 1350 3612 τε
1381 3558 1644 3629 κατόχους
1675 3559 1830 3624 ὄντας
1857 3558 1934 3630 τῷ

366 3653 556 3722 κακῷ,
597 3647 1054 3720 ἀπελυτρὼσατο·
1095 3648 1191 3700 καὶ
1243 3647 1370 3711 τοὺς
1418 3647 1556 3718 μετά
1617 3647 1788 3702 ταῦτα
1835 3649 1936 3703 οὐκ

365 3747 526 3800 εῐασε
578 3738 981 3812 κατασχεθῆναι
1013 3739 1079 3810 τῇ
1120 3737 1401 3808 συμφορᾷ·
1455 3739 1553 3791 οὐκ
1585 3738 1664 3791 ἔτι
1690 3755 1934 3811 κεχωρη-

369 3836 540 3898 κυίας
572 3833 667 3889 ἐπὶ
691 3831 754 3886 τὸ
774 3828 1008 3902 πρόσθεν
1034 3828 1135 3898 τῆς
1181 3827 1374 3898 πρώην
1409 3827 1470 3880 τὸ
1510 3827 1734 3898 πλάσμα
1767 3845 1934 3883 κατα-

369 3925 685 3998 νεμομένης
717 3922 858 3990 ἀρᾶς
877 3937 892 3952 ·
921 3919 1037 3974 ἀλλ’
1064 3922 1143 3982 εἰς
1171 3918 1441 3990 ἀνάρῤουν
1472 3917 1800 3990 στραφέντος
1841 3919 1934 3972 τοῦ

377 4016 558 4073 κακοῦ
592 4015 888 4086 ῥεύματος,
923 4011 1223 4080 ἐπιστάσης
1252 4009 1352 4080 τῆς
1396 4009 1786 4082 εύλογημένης·
1828 4010 1934 4064 οὐδ’

367 4112 454 4164 ἔτι
517 4105 909 4177 κρατουμένων
951 4102 1254 4173 ἀνθρώπων
1301 4103 1359 4155 ἐν
1397 4104 1508 4164 τοῖς
1547 4102 1806 4172 ἀφύκτοις
1841 4101 1934 4156 τοῦ

369 4202 607 4258 θανάτου
653 4199 852 4265 λίνοις,
900 4193 1037 4249 ἀλλά
1089 4194 1382 4265 χρωμένων
1415 4192 1564 4264 αὐτῷ
1605 4193 1936 4265 διαδατηρίῳ

373 4296 516 4366 πρὸς
536 4293 640 4363 τὴν
664 4290 833 4362 ζωὴν,
859 4285 1014 4342 τοῦτο
1032 4285 1095 4357 δὴ
1109 4285 1170 4339 τὸ
1189 4286 1280 4338 ἐπὶ
1294 4287 1360 4357 τῇ
1383 4285 1720 4357 εὐλογημένη
1735 4285 1935 4355 ἀρτίως

368 4379 922 4453 πανηγυριζόμενον·
953 4376 1022 4448 ἢν
1055 4375 1143 4430 διὰ
1175 4374 1408 4428 θανάτου
1444 4374 1578 4445 πρὸς
1608 4374 1797 4427 ἐαυτὸν
1823 4373 1935 4426 δια-

367 4473 613 4538 διδάξων
639 4473 669 4525 ὁ
717 4468 998 4534 Βασιλεὺς,
1043 4467 1138 4521 καὶ
1163 4465 1310 4530 Υἱὸς,
1345 4465 1447 4536 τῆς
1499 4465 1632 4529 ἰδίας
1681 4465 1838 4535 δόξης
1865 4467 1932 4538 τῇ

368 4569 606 4639 μετοχῇ,
655 4562 808 4635 παρά
838 4563 1020 4616 πᾶσαν
1056 4559 1233 4613 κτίσιν
1279 4557 1621 4629 ἐνδοξοτέραν
1668 4556 1931 4610 δεικνύει·

2034 3481 2223 3537 tatem,
2261 3471 2419 3542 cujus
2450 3469 2540 3524 illa
2567 3469 2672 3526 sibi
2724 3484 2789 3524 ac
2829 3468 2960 3524 filiis
2987 3467 3197 3523 auctrix
3242 3466 3452 3532 fuerat,
3499 3480 3599 3520 ex-
3692 3480 3699 3486 ·

2029 3564 2198 3622 solvit
2228 3580 2243 3616 :
2273 3563 2374 3619 hos
2399 3577 2550 3626 vero,
2581 3576 2686 3631 qua
2707 3576 2737 3615 a
2777 3561 2955 3625 malis,
2985 3561 3182 3630 quibus
3208 3558 3432 3615 obnoXii
3457 3567 3600 3613 tene-

2034 3652 2255 3719 bantur,
2278 3651 2538 3717 redemit;
2567 3665 2666 3706 nec
2689 3657 2772 3705 est
2801 3663 2960 3720 passa
2987 3658 3045 3701 ut
3071 3646 3296 3717 posteri,
3327 3646 3380 3700 in
3410 3646 3596 3702 eadem
3688 3664 3694 3724 ς

2035 3742 2174 3796 mala
2205 3740 2384 3796 denuo
2415 3741 2780 3803 incurrerent,
2833 3744 2895 3792 ut
2948 3736 3207 3791 nimirum
3255 3733 3594 3798 maledictio,

2035 3831 2332 3888 secundum
2368 3845 2493 3886 eum
2520 3842 2761 3896 cursum,
2827 3842 2936 3899 quo
2977 3827 3276 3882 humanum
3323 3825 3586 3896 depasce-

2037 3926 2195 3982 batur
2221 3939 2416 3997 genus,
2444 3923 2590 3978 haud
2614 3923 2756 3978 ultra
2793 3920 3091 3992 procedat:
3125 3919 3220 3976 sed
3251 3925 3397 3974 retro
3439 3927 3595 3973 actus

2036 4015 2132 4083 sit,
2162 4033 2226 4074 ac
2273 4030 2572 4073 conversus
2627 4013 2754 4068 mali
2786 4013 3044 4084 impetus,
3101 4012 3222 4083 ejus
3279 4011 3591 4082 praesentia,

2035 4126 2156 4183 qua:
2188 4109 2471 4167 benedicta
2504 4106 2742 4171 exsistit,
2806 4114 2866 4161 ut
2895 4120 2995 4160 nec
3056 4104 3290 4176 amplius
3339 4104 3594 4160 homines

2036 4203 2440 4261 inevitabilibus
2471 4202 2665 4256 martis
2692 4199 2910 4256 casibus
2941 4207 3254 4264 teneantur,
3284 4197 3380 4253 sed
3427 4204 3588 4253 utan-
3681 4206 3689 4272 φ

2034 4303 2124 4351 tur
2151 4308 2215 4351 ea
2247 4293 2499 4363 ianquam
2527 4291 2763 4346 transitu
2791 4290 2858 4346 ad
2890 4290 3090 4356 vitam;
3123 4289 3225 4344 hoc
3243 4289 3418 4359 plane,
3449 4289 3593 4360 quod

2043 4388 2098 4444 in
2130 4385 2430 4442 benedicta:
2459 4383 2608 4438 hisce
2638 4381 2938 4443 solemniis,
3008 4379 3200 4435 festive
3251 4380 3588 4437 recolimus;

2035 4492 2195 4548 quam
2222 4475 2335 4532 Rex
2387 4473 2686 4542 Filiusque,
2719 4471 2908 4526 mortis
2939 4470 3242 4525 interventu
3284 4469 3351 4522 ad
3379 4484 3438 4525 se
3483 4476 3595 4522 tra-

2036 4570 2266 4632 ducens,
2299 4581 2408 4638 qua
2437 4565 2672 4637 propriae
2701 4561 2883 4636 gloriae
2915 4561 3046 4616 facit
3081 4560 3424 4632 participem,
3475 4561 3591 4614 ma-

365 4655 681 4728 ἀντισηκῶν
703 4653 848 4709 οὕτω
873 4654 972 4723 τὴν
1011 4649 1071 4716 ἐξ
1098 4649 1268 4720 αὐτῆς
1303 4647 1554 4720 μετοχὴν,
1646 4647 1922 4719 παραπλη-

2043 4662 2143 4733 iori
2168 4675 2333 4732 supra
2385 4666 2572 4714 creata
2619 4655 2824 4721 omnia,
2854 4653 3028 4725 gloria
3049 4663 3206 4724 auget
3232 4671 3246 4708 :
3272 4667 3340 4708 ea
3376 4652 3594 4707 ratione

366 4751 504 4812 σίως
563 4749 696 4818 ἡμῖν
741 4743 1060 4824 ἐμορφὼθιη,
1099 4744 1128 4796 ὁ
1177 4742 1272 4796 τοῦ
1313 4741 1527 4812 Πατρὸς
1577 4740 1932 4806 ἀναλλοίωτος

2043 4755 2210 4809 vicem
2236 4750 2541 4822 rependens
2583 4749 2702 4818 ejus
2734 4763 2799 4803 ex
2831 4751 2947 4818 ipsa
2988 4745 3446 4818 participationis,
3482 4759 3592 4811 qua

364 4841 687 4914 χαρακτήρ·
720 4837 924 4911 σαρκὸς
956 4835 1050 4890 καὶ
1099 4835 1332 4906 αἵματος
1366 4836 1498 4905 ἡμῖν
1541 4833 1934 4905 παραπλησίως

365 4933 726 5012 μετεσχηκώς
744 4949 758 4964 ·
784 4933 881 4987 καὶ
909 4929 1181 5003 μητρικῆς
1201 4926 1519 4999 θεραπείας,
1535 4929 1600 4999 τῇ
1627 4926 1757 4998 πρὸς
1777 4927 1937 4980 αὐτὸν

361 5026 674 5101 παρρησίᾳ,
711 5025 808 5080 κα)⁵
832 5025 902 5096 τῇ
939 5021 1202 5093 ἐγγύτητι
1234 5019 1710 5090 ἀντιθεραπεύων·
1752 5018 1818 5071 δι’
1848 5021 1932 5089 ἢν,

360 5121 440 5182 ὡς
476 5117 551 5188 μὴ
572 5117 800 5187 ῥαγείσα
825 5113 1056 5184 κόσμου,
1083 5110 1208 5183 μηδ’
1233 5112 1326 5180 ἀφ’
1352 5109 1507 5180 ἡμῶν
1536 5109 1926 5180 μακρυνθείσα,

359 5209 467 5263 οὐκ
507 5205 788 5276 ἐζημίωσε
826 5203 916 5256 τὸν
965 5201 1178 5272 κόσμον
1197 5199 1299 5269 τῆς
1343 5199 1478 5262 ἰδίας
1512 5197 1757 5268 ὁμιλίας·
1815 5198 1929 5251 ἀλλ’

360 5294 439 5355 ὧν
462 5299 552 5352 ἐπ’
579 5295 818 5367 ὠφελείᾳ
843 5296 997 5364 κοινῇ
1030 5294 1128 5364 τῆς
1167 5292 1246 5355 είς
1275 5290 1388 5361 βίον
1415 5290 1618 5344 εἰσόδου
1646 5289 1927 5360 μετέλαχε,

359 5389 589 5455 τούτων,
611 5388 707 5442 καὶ
731 5383 1131 5457 παροδεύσασα,
1157 5381 1339 5450 κοινὴν
1360 5379 1650 5451 ἐργάζεται
1672 5379 1931 5450 διηνεκῶς

357 5483 460 5553 τὴν
501 5479 786 5552 ὠφέλειαν.
823 5475 1190 5548 Συνδιατρίὸει
1238 5475 1333 5528 καὶ
1378 5474 1459 5528 ἔτι
1503 5473 1925 5545 περινοστοῦσα,

358 5578 474 5638 τοῖς
507 5574 658 5628 κάτω
683 5587 699 5604 ·
729 5569 930 5641 μᾶλλον
959 5569 1014 5623 δὲ
1047 5568 1142 5621 νῦν
1168 5565 1444 5638 πανταχοῦ
1471 5566 1662 5634 φθάνει
1693 5569 1722 5621 ὀ
1749 5566 1923 5638 ἔμψυ-

440 5764 459 5793 ’
485 5763 590 5822 lsa.
625 5781 742 5823 vm.
779 5766 833 5821 l.
907 5765 928 5798 ⁸
957 5762 1119 5820 Num.
1157 5779 1288 5829 χιιι,
1319 5766 1372 5819 8.
1449 5767 1468 5798 ⁹
1500 5765 1604 5822 lsa.
1638 5782 1711 5832 vt,
1738 5767 1791 5821 6.

1908 5764 1950 5796 ιο
1980 5761 2182 5822 Ezecu.
2212 5779 2356 5832 κων,
2393 5765 2442 5820 ι,

2031 4842 2210 4901 Patris
2265 4841 2624 4898 immutabilis
2673 4841 2977 4904 character,
3042 4838 3270 4894 similem
3303 4837 3461 4894 nobis
3485 4835 3591 4892 for-
3670 4907 3677 4923 ‘

2033 4949 2175 4988 mam
2209 4934 2422 5002 accepit
2457 4950 2471 4986 :
2501 4945 2652 4986 more
2677 4939 2889 4996 nostro,
2917 4928 3142 4983 eﬂectus
3173 4928 3448 4999 particeps
3476 4943 3592 4984 car-
3671 4971 3676 4999 ί

2032 5025 2121 5079 nis
2175 5030 2232 5078 et
2282 5021 2606 5094 sanguinis,
2635 5035 2846 5091 proque
2899 5028 3146 5074 materna
3192 5023 3310 5088 ipsa
3347 5019 3592 5090 impensa

2034 5130 2189 5180 cura,
2221 5114 2417 5186 agendi
2471 5115 2721 5170 libertate
2751 5111 2892 5184 apud
2944 5113 3121 5181 ipsum
3159 5109 3437 5191 donatam,
3487 5110 3591 5165 sibi

2038 5209 2338 5283 proximam
2363 5209 2571 5273 locans,
2599 5221 2707 5276 quo
2733 5219 2978 5269 munere,
3022 5213 3278 5276 tanquam
3311 5203 3533 5258 minime
3561 5218 3593 5258 a
3671 5263 3675 5269 ,

2039 5301 2242 5356 mundo
2292 5297 2534 5353 abscissa
2583 5304 2678 5350 aut
2729 5295 2889 5350 nobis
2924 5293 3213 5358 subducta,
3247 5294 3384 5350 nihil
3433 5309 3594 5350 mun-

2037 5391 2142 5446 dus
2185 5388 2304 5460 ejus
2357 5402 2483 5457 ergo
2541 5384 2953 5441 consuetudinis
2979 5385 3208 5454 jactura:
3254 5383 3381 5440 fecit
3421 5400 3591 5439 :nam

2034 5482 2234 5554 quibus
2272 5489 2330 5534 ut
2363 5478 2643 5550 prodesset
2664 5477 2718 5531 in
2753 5477 2903 5531 hunc
2922 5477 3181 5532 mundum
3201 5478 3371 5543 venit,
3397 5476 3591 5533 iisdem

2029 5575 2142 5647 jam
2178 5588 2392 5646 quoque
2424 5572 2478 5626 in
2507 5569 2703 5627 coelum
2736 5570 3018 5641 translata,
3050 5569 3416 5627 conducibilia
3461 5587 3615 5643 pro--

2541 5766 2599 5797 ἠ
2635 5763 2797 5833 Prov.
2833 5780 2961 5832 xxx,
2993 5762 3085 5819 29.
