3952 6210
491 350 589 415 167

1700 338 1971 403 LEONIS
2002 336 2459 402 PHILOSOPHI

3606 334 3705 396 168

482 475 677 517 curare
710 473 987 529 nunquam
1019 458 1245 516 desinit.
1284 458 1564 514 Hactenus
1591 456 1646 511 in
1685 457 1854 513 terris
1885 472 2038 512 com-

2163 472 2239 524 ίος
2271 452 2497 524 οὐρανός
2519 468 2532 483 ’
2586 450 2789 521 ὁμοίως
2822 449 3063 511 ἅπαντας
3091 448 3453 519 περιέπουσα,
3484 446 3580 503 καὶ⁸
3612 450 3714 519 τῆς

481 559 747 618 moratur,
779 560 971 608 nostra
1034 554 1488 609 circumlustrans
1519 572 1532 608 :
1568 553 1702 623 quin
1730 554 1904 623 magis
1934 554 2046 623 jam

495 643 700 713 ubique
728 642 882 699 adest
904 645 1200 699 animatum
1236 646 1457 711 caelum,
1483 660 1782 715 omnesque
1802 646 2049 701 similiter

483 735 699 799 fovens,
728 736 1105 791 beneﬁcentiae
1138 736 1315 792 stillas
1376 736 1545 803 pluit;
1583 744 1933 806 arentemque
1966 737 2046 791 vi-

482 832 591 877 tam
621 834 888 887 nostram,
918 840 947 878 a
981 826 1191 895 peccati
1258 826 1620 881 aestuantibus
1654 826 1911 891 ﬂammis,
1976 828 2049 879 ir-

479 913 691 981 riguum
746 915 893 968 facit.
928 914 1085 969 Nunc
1144 929 1336 969 omnes
1372 916 1519 983 adit;
1555 916 1757 987 quippe
1800 917 1887 971 via
1914 916 2049 970 faci-

483 994 625 1065 liori,
657 1011 1010 1072 maternoque
1032 1000 1225 1057 alTectu
1250 1012 1511 1079 cognatos
1582 1004 1848 1069 invisens,
1906 1020 2046 1076 prae-

482 1102 567 1147 sto
598 1102 677 1148 est
708 1096 1117 1165 promptissime
1162 1104 1218 1149 ut
1249 1094 1593 1151 incommoda
1642 1098 1909 1168 depellat;
1950 1115 2049 1169 pro

484 1200 869 1243 universorum
918 1196 1071 1241 stans
1113 1188 1312 1251 salute,
1342 1205 1438 1259 pro
1467 1190 1722 1245 omnibus
1792 1192 2048 1246 immacu-

483 1276 778 1330 latissimas
826 1276 1124 1330 extendens
1153 1291 1369 1342 manus,
1413 1278 1611 1346 quibus
1668 1280 2047 1335 universorum

485 1368 635 1422 salus
667 1375 823 1421 vecta
857 1375 961 1421 est.

550 1458 763 1512 Idcirco
820 1475 883 1513 os
926 1474 1089 1514 omne
1150 1461 1371 1530 plenum
1419 1469 1505 1515 est
1552 1461 1755 1526 laudis,
1785 1477 1894 1531 qua
1929 1463 2047 1533 ejus

484 1552 831 1605 celebrentur
884 1552 1175 1619 magnalia,
1241 1561 1402 1618 atque
1463 1567 1491 1605 a
1538 1553 1753 1609 cunctis
1795 1555 2047 1610 aetatibus

484 1644 641 1697 beata
671 1643 996 1711 praedicatur
1048 1644 1090 1673 ¹²
1119 1661 1133 1696 :
1166 1659 1327 1713 quam
1378 1652 1542 1698 etiam
1603 1643 2043 1713 praedicationem

482 1735 591 1803 jam
617 1734 743 1788 olim
770 1734 1003 1804 proferri
1028 1737 1244 1791 eminus
1272 1736 1514 1797 intuens,
1551 1734 1938 1806 magniﬁcabat
1988 1737 2043 1792 in

484 1826 854 1881 exsultatione
916 1842 1095 1881 rerum
1159 1826 1294 1882 adeo
1343 1827 1676 1882 mirabilium
1715 1826 2046 1885 ellectorem.
2080 1811 2125 1872 Β

483 1918 612 1983 Sed,
643 1933 675 1972 o
724 1918 1069 1985 beatissima,
1101 1919 1278 1990 reipsa
1324 1920 1560 1974 exhibita
1597 1929 1727 1976 sunt
1772 1922 2053 1978 verissima

484 2024 577 2065 tua
629 2012 722 2067 illa
762 2012 1010 2065 oracula.
1052 2010 1195 2067 Ecce
1239 2012 1383 2068 enim
1415 2027 1608 2069 omnes
1631 2014 1880 2071 nationes
1918 2031 2055 2085 pra:-

484 2104 640 2157 conia
674 2113 769 2158 tua
791 2103 1151 2169 celebrantes,
1195 2104 1405 2160 beatam
1452 2114 1503 2161 te
1530 2106 1858 2174 acclamant,
1905 2108 2053 2163 omni

484 2196 701 2267 quidem
758 2196 811 2249 id
867 2203 1146 2267 tempore;
1200 2198 1547 2267 potissimum
1602 2208 1787 2255 autem
1832 2200 1886 2255 in
1922 2216 2056 2270 pra:-

485 2287 649 2351 senti,
685 2302 794 2357 quo
821 2288 888 2342 ad
944 2286 1142 2343 Filium
1176 2288 1442 2344 translata
1466 2303 1529 2343 ac
1584 2290 1931 2360 inseparabili
1980 2292 2057 2346 illi

487 2380 769 2435 consortio
799 2379 1111 2443 adhaerens,
1168 2394 1280 2433 non
1336 2394 1526 2435 cessas
1580 2381 1635 2434 in
1664 2388 1811 2436 terra
1864 2383 2057 2451 positis

484 2488 644 2541 opem
677 2471 843 2527 ferre.
898 2470 1117 2525 Beatam
1163 2480 1215 2525 te
1261 2470 1452 2525 dicunt
1496 2486 1685 2527 omnes
1711 2472 1845 2529 lines
1879 2483 2053 2543 teme,

432 2580 439 2589 ·
487 2562 632 2633 quod
667 2576 757 2617 res
810 2559 1113 2615 inell'ahiles
1158 2568 1252 2615 tuo
1305 2560 1607 2615 ministerio
1653 2560 1763 2615 sint
1792 2572 2055 2631 peracta;

506 2669 611 2722 qua
643 2651 902 2707 nimirum
932 2651 1195 2705 Altissimi
1225 2651 1531 2717 brachium,
1562 2666 1658 2720 per
1687 2661 1738 2706 te
1779 2667 1929 2707 suam
1962 2670 2059 2723 po-

489 2743 725 2797 tentiam
764 2752 947 2795 notam
978 2740 1126 2803 fecit,
1160 2755 1284 2794 cum
1320 2739 1453 2795 illud
1489 2740 1665 2795 altiori
1698 2756 1861 2811 supra
1891 2745 2057 2796 ratio-

496 2850 618 2889 nem
654 2834 816 2889 modo
851 2848 916 2887 ex
959 2840 1011 2886 te
1039 2846 1259 2887 carnem
1300 2847 1545 2898 sumens,
1578 2846 1676 2886 sua
1730 2832 2055 2899 humilitate,

498 2937 612 2979 tum
642 2923 915 2981 excelsum
964 2924 1114 2976 illum
1146 2923 1201 2977 in
1234 2922 1490 2993 superbia
1552 2922 1773 2992 dejecit,
1808 2930 1921 2977 tum
1956 2924 2057 2977 bu-

494 3019 652 3074 miles
680 3018 961 3073 exaltavit.
1000 3016 1222 3071 Beatam
1251 3023 1304 3069 te
1326 3014 1537 3082 dicunt,
1570 3015 1662 3085 qui
1703 3014 1876 3071 donec
1901 3030 2059 3070 exor-

2153 544 2471 613 εὐεργεσίας
2528 541 2697 596 ὖουσα
2746 540 2847 605 τὰς
2903 540 3141 611 ῥανίδας,
3198 538 3294 593 καὶ
3348 537 3553 592 λύουσα
3612 539 3721 610 τὴν

2153 635 2440 707 αὒχμηράν
2495 634 2596 703 τῆς
2628 634 2901 704 ἡμετέρας
2948 632 3091 700 ζωῆς
3146 630 3502 695 κατάστασιν,
3551 630 3621 701 ἢν
3678 633 3718 701 ἡ

2155 729 2434 799 φλογώδης
2452 726 2695 797 ἁμαρτία
2722 726 3023 795 συνίστησι.
3049 722 3161 777 Νῦν
3177 724 3268 775 ἐπὶ
3289 722 3497 786 πάντας
3516 724 3721 794 διήκει,

2157 826 2509 894 ὲτοιμοτέρας
2537 820 2703 891 οθσης
2726 820 2825 889 τῆς
2860 819 3100 889 πορείας,
3133 818 3226 871 καὶ⁵
3259 817 3558 887 συμπαθῶς
3596 820 3726 872 έπι-

2154 913 2495 983 σκεπτομένη
2538 915 2662 975 τοὺς
2721 912 3023 979 συγγενεῖς,
3074 908 3209 980 πρὸς
3254 907 3353 977 τὴν
3399 906 3726 980 ἀπαλλαγὴν

2151 1005 2259 1059 τῶν
2299 1005 2565 1075 ὀχληρῶν,
2602 1004 2924 1073 ὲτοιμοτάτη
2958 1000 3180 1072 βοήθεια
3220 1000 3454 1068 γίνεται,
3500 998 3726 1054 πάντων

2150 1098 2289 1167 ὑπὲρ
2321 1097 2593 1169 σωτηρίας
2626 1097 2835 1150 ἑστῶσα
2857 1113 2871 1127 ο
2908 1096 3123 1149 πάντων
3160 1092 3547 1162 ύπεραπλοῦσα
3585 1109 3727 1147 παν-

2151 1189 2449 1259 αχράντους
2514 1187 2793 1257 παλάμας,
2850 1182 2937 1249 αἷς
2984 1188 3015 1238 ᾗ
3050 1186 3158 1239 τῶν
3204 1184 3342 1239 ὅλων
3394 1186 3730 1257 ὲπωχήσατο

2153 1297 2296 1351 σωτη
2307 1280 2413 1349 ρία.

2221 1462 2320 1517 Διά
2365 1463 2528 1516 τοῦτο
2575 1464 2782 1534 πλῆρες
2826 1464 2968 1517 ἆπαν
3000 1462 3171 1533 στόμα
3199 1462 3299 1531 τῆς
3324 1462 3587 1526 αἰνέσεως
3614 1463 3723 1516 τῶν

2149 1554 2317 1625 αὐτῆς
2341 1554 2665 1624 μεγαλείων,
2686 1554 2781 1607 καὶ
2807 1553 3123 1624 ὑποδέχεται
3145 1553 3294 1624 παρά
3316 1554 3502 1608 πασῶν
3518 1554 3720 1622 γενεῶν

2147 1644 2237 1698 τὸν
2289 1646 2677 1716 μακαρισμόνσ
2728 1645 2785 1699 ὃν
2831 1645 2926 1698 καὶ
2964 1645 3091 1715 πρὶν
3143 1643 3389 1714 θεωμένη
3436 1643 3721 1714 πόρρωθεν

2150 1736 2581 1807 προφερόμενον,
2624 1736 2957 1806 ἐμεγάλυνεν
2986 1737 3043 1788 ὲν
3086 1734 3406 1804 ἀγαλλιάσει
3437 1735 3548 1789 τῶν
3586 1735 3724 1788 θαυ-

2157 1824 2381 1895 μαστῶν
2408 1825 2715 1897 μεγαλείων
2741 1824 2833 1878 τὸν
2861 1825 3113 1894 ποιητήν.
3155 1824 3315 1878 Ἀλλά
3349 1824 3726 1894 παρέστηκεν,

2157 1912 2203 1970 ὦ
2246 1916 2513 1987 μακαρία,
2562 1914 2783 1968 ἐπὶτῶν
2824 1915 3187 1986 πραγμάτων,
3226 1914 3295 1969 τά
3329 1914 3396 1968 σὰ
3431 1916 3723 1988 παναληθῆ

2158 2010 2400 2079 ῥήματα.
2454 2007 2561 2061 Ἴδε
2609 2007 2717 2079 γὰρ
2769 2008 2919 2061 πᾶσα
2966 2006 3140 2077 φυλὴ,
3192 2006 3292 2069 τὰς
3344 2006 3438 2069 σὰς
3480 2009 3724 2072 αίνέσεις

2159 2101 2483 2171 ποιουμένη,
2519 2100 2611 2155 τὸν
2641 2100 2989 2170 μακαρισμόν
3033 2117 3115 2152 σοι
3156 2099 3448 2169 προσάγει’
3482 2100 3719 2172 μάλιστα

2160 2197 2260 2267 μὲν
2298 2197 2357 2248 ἐν
2386 2194 2550 2249 παντὶ
2578 2193 2755 2267 καιρῷ
2776 2210 2789 2225 ·
2818 2193 3181 2263 διαφερόντως
3203 2192 3247 2245 δ’
3273 2194 3331 2247 ὲν
3352 2192 3427 2263 τῷ
3453 2195 3716 2265 παρόντι·

2159 2287 2217 2339 ὲν
2248 2278 2292 2352 ᾧ
2331 2285 2466 2357 πρὸς
2498 2284 2588 2337 τὸν
2619 2284 2746 2337 Υίὸν
2776 2283 3252 2354 μετεσκηνωμένη,
3278 2284 3371 2336 καὶ
3399 2283 3724 2339 ἀδιάστατον

2158 2378 2397 2447 λαχοῦσα
2440 2376 2536 2447 τὴν
2570 2376 2705 2447 πρὸς
2737 2376 2901 2429 αὐτὸν
2949 2374 3189 2444 ὁμιλίαν,
3232 2375 3293 2427 ού
3328 2373 3513 2444 λήγεις
3542 2377 3601 2428 ἐν
3646 2376 3720 2445 γῇ

2157 2466 2582 2538 διαπεραίνουσα
2623 2466 2722 2530 τὰς
2770 2466 3104 2537 ἀντιλήψεις.
3151 2462 3530 2535 Μακαρίζουσι
3560 2465 3626 2536 δή
3660 2482 3724 2519 σε

2157 2559 2227 2612 τὰ
2276 2558 2518 2629 πέρατα,
2575 2557 2661 2611 διὰ
2708 2557 2800 2610 σοῦ
2854 2556 3196 2627 πραγμάτων
3245 2557 3569 2626 ἀπορρήτων
3626 2574 3728 2609 πεο

2159 2649 2489 2720 πραγμένων
2514 2650 2564 2701 έν
2584 2648 2683 2718 τῷ,
2704 2648 2791 2701 διὰ
2815 2647 2908 2701 σοῦ
2932 2648 3022 2701 τὸν
3038 2647 3131 2701 τοῦ
3162 2648 3412 2717 Ὑψίστου
3439 2647 3726 2719 βραχίονα,

2158 2741 2220 2794 τὸ
2257 2742 2455 2794 οἰκεῖον
2492 2740 2757 2811 γνωρίσαι
2804 2740 3046 2809 κράτος·
3095 2740 3165 2791 ἐκ
3218 2738 3312 2792 σοῦ
3382 2740 3523 2809 ὑπὲρ
3565 2738 3730 2807 λόγον

2160 2826 2615 2905 σωματωθέντος,
2644 2833 2737 2887 καὶ
2780 2834 2845 2904 τῇ
2876 2832 3066 2887 ἑαυτοῦ
3107 2831 3452 2899 ταπεινώσει,
3490 2830 3585 2884 τὸν
3625 2831 3725 2901 μὲν

2161 2927 2365 2997 ὑψηλὸν
2409 2928 2468 2981 ὲν
2519 2926 2899 2997 ὑπερηφανεία
2949 2923 3452 2993 καταϐεϐληκότος·
3498 2922 3626 2985 τοὺς
3666 2921 3727 2977 δὲ

2161 3018 2451 3081 ταπεινοὺς
2501 3017 2905 3088 ἀνυψώσαντος.
2950 3016 3330 3087 Μεγαλύνουσί
3375 3032 3454 3081 σε,
3478 3016 3533 3067 οἱ
3561 3014 3727 3085 μέχρι

490 3120 545 3164 ta
585 3119 753 3173 esset,
784 3119 877 3163 tua
903 3109 995 3163 illa
1035 3108 1156 3163 sine
1183 3108 1392 3163 semine
1431 3108 1580 3178 spica
1602 3108 1951 3173 esurientes;
1992 3122 2055 3162 ea

2163 3110 2251 3163 τοῦ
2292 3110 2386 3164 σοῦ
2440 3110 2679 3179 ἀσπόρου
2716 3109 3071 3179 πεινήσαντες
3107 3108 3367 3179 στάχυος·
3410 3105 3621 3160 ἐκείνου
3666 3105 3727 3159 δὲ

492 3212 703 3267 exorta,
734 3201 882 3256 omni
917 3199 1134 3254 abunde
1165 3199 1431 3255 bonorum
1456 3198 1613 3269 copia
1644 3198 1876 3254 recreati
1908 3207 2051 3253 sunt.

493 3294 737 3350 Habebat
771 3293 992 3364 quidem
1027 3292 1288 3363 antiquus
1316 3291 1503 3359 Israel,
1537 3306 1727 3346 arcam
1762 3291 1842 3346 tui
1863 3291 2057 3363 imagi-

492 3402 614 3440 nem
644 3384 988 3455 adjutricem,
1034 3386 1078 3439 si
1102 3383 1321 3455 quando
1367 3385 1529 3439 rebus
1562 3384 1810 3440 adversis
1836 3400 2058 3453 urgere-

494 3487 585 3531 tur
643 3485 698 3531 et
745 3484 804 3530 ut
849 3473 1177 3545 quandoque
1253 3476 1491 3544 inOpiam
1544 3476 1747 3531 levaret
1806 3493 1819 3530 :
1872 3491 2059 3531 verum

496 3573 676 3631 erant,
735 3580 857 3635 qua:
924 3567 1273 3636 gerebantur,
1337 3566 1517 3636 reipsa
1576 3567 1831 3639 imaginis
1901 3578 2062 3637 atque

499 3652 705 3723 ﬁgurae,
758 3653 827 3708 iis
854 3654 1011 3723 longe
1040 3652 1323 3718 inferiora,
1363 3670 1484 3725 quae
1519 3670 1613 3723 per
1638 3666 1688 3712 te
1711 3662 2059 3725 praestantur.

496 3745 768 3811 Quocirca
818 3760 995 3814 neque
1048 3760 1263 3816 semper
1285 3761 1441 3813 opem
1473 3747 1541 3801 ab
1577 3762 1639 3802 ea
1677 3747 2059 3819 impetrabant,

499 3834 759 3901 sedtum,
796 3848 920 3888 cum
946 3834 1036 3903 pio
1089 3835 1329 3888 erantin
1370 3834 1537 3889 Deum
1575 3838 1779 3902 animo,
1814 3853 1988 3908 neque
2031 3853 2061 3892 a

502 3934 651 3979 recta
680 3923 988 3978 divinorum
1019 3925 1214 3980 semita
1238 3926 1584 3992 aberrabant,
1613 3929 1842 3983 salutem
1868 3945 2064 3985 conse-

501 4016 831 4085 quebantur.
872 4016 943 4069 At
992 4016 1037 4070 si
1076 4016 1202 4084 quid
1238 4018 1663 4085 commisissent,
1721 4035 1887 4088 seque
1942 4035 2065 4074 reos

503 4108 679 4177 culpa:
705 4106 961 4175 alicujus,
995 4106 1302 4160 divinorum
1338 4116 2063 4179 praeceptorumtransgres-

504 4199 660 4252 sione
684 4196 1126 4261 constituissent,
1161 4211 1270 4251 non
1291 4197 1466 4251 solum
1504 4198 1635 4252 nihil
1664 4199 1851 4253 auxilii
1876 4200 2065 4270 depel-

2162 3206 2227 3275 τῇ
2273 3206 2403 3275 φυῇ,
2434 3203 2684 3272 ἀφθόνως
2711 3205 2823 3265 τοῖς
2855 3202 3081 3271 ἀγαθοῖς
3121 3202 3579 3272 ὲντρυφήσαντες.
3615 3192 3727 3251 Ἦν

2162 3295 2261 3365 μὲν
2289 3293 2381 3348 οὖν
2423 3293 2636 3365 Ἰσραὴλ
2663 3291 2741 3363 τῷ
2780 3293 2995 3364 γηραιῷ
3040 3294 3137 3363 τῆς
3186 3292 3288 3362 σῆς
3337 3291 3493 3360 δόξης
3538 3288 3725 3356 εἰκὼν,

2160 3386 2391 3449 κιϐωτὸς
2434 3385 2723 3455 ἐπίκουρος
2767 3384 3214 3454 ἐλαττουμένοις,
3262 3382 3356 3437 καὶ
3376 3382 3464 3453 ίτὸ
3498 3381 3728 3435 ἐκείνων

2164 3475 2336 3529 ἐνίοτε
2398 3474 2577 3538 ἐνδεὲς
2628 3474 3049 3545 ἀναπληροῦσα·
3097 3473 3213 3527 ἀλλ’
3255 3468 3324 3542 ἦν
3371 3472 3600 3535 είκόνος,
3648 3470 3727 3533 ὡς

2163 3566 2380 3638 ἀληθῶς
2403 3566 2473 3619 τὰ
2512 3566 2772 3636 γινόμενα
2792 3581 2805 3596 ·
2832 3566 2927 3619 καὶ
2956 3566 3089 3619 πολὺ
3122 3564 3231 3618 τῶν
3266 3565 3353 3617 διὰ
3386 3562 3479 3616 σοῦ
3508 3562 3729 3632 γινομέ-

2162 3675 2267 3711 νων
2293 3657 2612 3728 λειπόμενα.
2636 3657 2735 3709 Διά
2758 3656 2915 3709 τοῦτο
2935 3657 2995 3710 οὐ
3026 3655 3276 3727 βοηθείας
3291 3655 3377 3708 ἀεὶ
3400 3654 3532 3725 παρ’
3558 3653 3730 3723 αὐτῆς

2168 3747 2415 3817 ἠξιοῦντο
2436 3764 2451 3779 ο
2475 3748 2591 3801 ἀλλ’
2612 3746 2786 3818 ὀρθῶς
2816 3747 2916 3817 μὲν
2941 3747 3009 3800 τὰ
3035 3747 3170 3817 πρὸς
3188 3746 3320 3799 Θεὸν
3344 3744 3729 3814 διακειμένοις,

2165 3839 2258 3893 καὶ
2301 3840 2375 3910 μὴ
2416 3840 2515 3908 τῆς
2545 3839 2761 3903 εὐθείας
2798 3839 2907 3892 τῶν
2935 3838 3323 3908 θεσπισμάτων
3352 3836 3540 3906 τρίϐου
3591 3836 3729 3887 ἀπο-

2164 3932 2555 4002 πλανωμένοις,
2599 3933 2813 4001 ἀπήντα
2854 3934 2888 4002 ή
2914 3931 3195 4003 ξσωτηρία.
3242 3929 3406 4000 Δίκης
3432 3928 3477 3982 δ’
3522 3928 3735 3996 ἐνόχοις

2164 4026 2344 4088 αὐτοῖς
2384 4024 2776 4096 γεγενημένης,
2825 4020 2907 4090 οῖς
2937 4024 3353 4096 κατωλιγώρουν
3400 4022 3509 4077 τῶν
3560 4038 3735 4092 προσ-

2164 4117 2489 4187 ταγμάτωνο
2559 4118 2619 4171 ού
2682 4119 2841 4189 μόνον
2888 4118 2948 4172 οὺ
2997 4118 3178 4190 παρῆν
3233 4119 3266 4186 ἡ
3305 4114 3595 4184 ἐπικουρία
3638 4114 3734 4167 τὸν

2167 4210 2409 4264 κίνδυνον
2444 4210 2814 4282 ἐπαμύνουσα,
2860 4211 2996 4266 ἀλλά
3036 4213 3131 4265 καὶ
3183 4210 3321 4281 αὐτὴ
3365 4209 3575 4271 τούτοις
3610 4225 3739 4260 συν-

505 4288 668 4344 lendo
720 4288 969 4358 periculo
1034 4288 1523 4365 suppeditabatur;
1564 4288 1658 4345 sed
1710 4298 1764 4345 et
1792 4289 1908 4360 ipsa
1940 4306 2057 4346 arca

2170 4297 2529 4353 εκινδύνευεν.
2573 4298 2728 4353 Οὕτω
2764 4299 2896 4353 ποτὲ
2942 4299 3215 4370 ἁλώσιμος
3256 4301 3364 4361 τοῖς
3415 4296 3741 4366 ἀλλοφύλοις

506 4396 613 4436 una
652 4395 776 4436 cum
809 4380 940 4451 ipsis
992 4381 1409 4452 periclitabatur
1442 4382 1503 4437 ¹³.
1537 4382 1718 4449 Quare
1776 4384 2057 4455 aliquando

2171 4390 2582 4458 ὲδείκνυτο,τῶν
2603 4391 2698 4446 τοῦ
2715 4391 2845 4447 λαοῦ
2865 4393 3221 4463 πταισμάτων
3244 4390 3741 4461 ἐπικρατησάντων

507 4472 728 4539 accidit,
765 4483 826 4527 ut
886 4472 956 4528 ab
987 4472 1310 4544 alienigenis
1359 4485 1667 4545 caperetur,
1706 4491 1830 4532 cum
1883 4477 2057 4549 populi

2168 4482 2269 4553 τῆς
2306 4484 2399 4537 ὑπ’
2428 4484 2598 4555 αὐτῆς
2624 4501 2859 4557 χορηγου
2869 4485 3036 4555 μένης
3068 4481 3407 4552 ἀντιλήψεως
3425 4495 3440 4511 ⁸
3473 4482 3569 4535 καὶ
3597 4480 3743 4550 πρὸς

508 4565 715 4620 scelera
745 4562 1040 4633 grandiora
1072 4573 1278 4628 essent,
1319 4579 1482 4634 quam
1508 4566 1652 4635 quod
1684 4582 1748 4622 ea
1776 4576 2057 4637 praestare-

2166 4576 2265 4647 τὴν
2290 4578 2446 4647 χεῖρα
2483 4576 2592 4630 τῶν
2623 4577 2898 4647 πολεμίων
2926 4576 2988 4630 τὸ
3028 4575 3168 4629 κατὰ
3206 4574 3302 4628 τοῦ
3342 4574 3531 4637 ἔθνους
3569 4576 3744 4643 χωρεῖ

508 4668 596 4710 tur
659 4655 942 4720 auxilium,
1000 4664 1371 4726 tropreumque
1420 4656 1683 4714 adversus
1732 4669 1965 4729 gentem,
2014 4661 2057 4715 ir

2168 4667 2428 4738 τρόπαιον
2456 4685 2471 4699 ·
2514 4666 2656 4739 αὐτὴ
2704 4667 3038 4738 δορυάλωτος
3079 4666 3310 4735 γίνεται,
3361 4667 3410 4718 εί
3463 4663 3560 4717 καὶ
3602 4663 3744 4724 Θεὸς

509 4762 704 4802 manus
731 4746 971 4801 hostium
1004 4744 1222 4801 cederet
1262 4764 1276 4800 :
1319 4754 1483 4817 atque
1521 4748 1658 4803 adeo
1689 4748 1808 4820 ipsa
1859 4751 2057 4822 captiva

2169 4757 2332 4808 κάκεῖ
2353 4757 2413 4809 τὸ
2441 4756 2624 4827 τίμιον
2653 4756 2791 4828 αὐτῇ
2833 4754 3135 4819 διασὼζων,
3166 4754 3322 4807 νόσου
3377 4752 3560 4822 πληγῇ
3610 4751 3744 4813 τοὺς

511 4837 817 4901 abducitur,
852 4838 955 4892 etsi
1012 4836 1122 4890 illic
1162 4852 1375 4905 quoque
1420 4838 1583 4906 Deus,
1611 4840 1730 4910 ejus
1781 4843 2073 4899 consulens

516 4927 810 4997 majestati,
853 4927 1030 4983 morbi
1065 4928 1220 4998 plaga
1274 4942 1369 4982 eos
1407 4929 1501 4997 qui
1537 4932 1814 5001 cepissent
1852 4933 2074 4987 ulcisci-

514 5029 605 5074 tur
636 5033 651 5073 :
687 5018 891 5090 diique,
926 5036 1065 5092 quos
1094 5020 1243 5074 inani
1268 5020 1343 5075 illi
1368 5021 1520 5076 cultu
1552 5022 1972 5091 venerabantur,
2022 5025 2075 5079 id

514 5110 655 5167 lucri
711 5125 778 5166 ex
832 5113 1000 5167 tantis
1043 5111 1151 5167 illis
1204 5111 1395 5181 spoliis
1449 5120 1799 5181 reportarunt
1846 5124 1906 5168 nt
1957 5129 2078 5168 cor-

524 5212 767 5269 ruerent,
802 5219 912 5259 non
945 5204 1187 5261 valentes
1217 5204 1284 5259 iis
1323 5205 1625 5261 consistere
1680 5206 1906 5262 basibus
1953 5207 2077 5277 qui-

515 5297 619 5353 bus
685 5298 850 5350 locati
901 5305 1059 5351 erant
1111 5314 1125 5349 :

518 5494 640 5533 rum
665 5487 759 5533 tua
807 5478 953 5533 haud
981 5479 1056 5533 ita
1094 5480 1329 5546 habent,
1360 5496 1460 5537 nec
1492 5482 1587 5537 tali
1620 5482 1824 5537 auxilio
1872 5497 2076 5539 novum

520 5568 778 5637 populum
800 5568 971 5622 tueris
1014 5582 1079 5622 ac
1115 5570 1353 5640 protegis
1379 5587 1393 5623 :
1418 5573 1549 5643 quin
1602 5580 1657 5628 et
1684 5573 1839 5643 prius
1874 5574 1941 5633 iis
1976 5574 2070 5643 qui

593 5746 633 5776 "
669 5744 800 5802 Luc.
838 5762 877 5810 ι,
912 5746 999 5800 47.
1082 5745 1171 5799 ¹³1
1206 5745 1434 5817 ch.’_|v,
1470 5750 1502 5801 4
1535 5763 1647 5818 seq.

1182 5297 1235 5350 in
1281 5304 1499 5367 terram,
1556 5296 1717 5363 allisi,
1767 5312 1832 5353 ac
1858 5298 2083 5353 commi-

519 5388 663 5454 nuti,
693 5386 860 5443 simul
903 5398 1066 5457 atque
1112 5403 1238 5445 arca
1279 5389 1344 5445 ad
1379 5389 1502 5445 illos
1532 5390 1744 5446 invecta
1778 5398 1942 5447 esset.
1974 5390 2079 5445 Ve-

2179 4845 2730 4914 αίχμαλωτεύσαντας
2767 4846 3127 4916 τιμωρεῖται·
3157 4844 3252 4896 καὶ
3282 4845 3341 4911 ,οί
3376 4840 3596 4912 φαύλως
3646 4839 3744 4893 ὑπ’

2173 4936 2395 4989 ἐκείνων
2410 4935 2709 5006 τιμώμενοι
2731 4936 2864 5001 θεοὶ,
2896 4935 3086 5006 κέρδος
3112 4935 3213 5004 τῆς
3239 4932 3509 5001 τοσαύτης
3533 4932 3750 5003 λαφυρο

2173 5026 2415 5095 αγωγίας
2468 5028 2566 5099 τὴν
2615 5026 2765 5097 σφῶν
2785 5026 3118 5097 λαμϐάνουσι
3148 5026 3375 5091 πτῶσιν,
3398 5024 3459 5076 οὐ
3483 5022 3750 5092 δυνηθέν-

2180 5136 2266 5181 τες
2292 5120 2384 5171 ὲπὶ
2428 5119 2527 5188 τῆς
2563 5118 2697 5184 ίδίας
2742 5118 2995 5173 ἵστασθαι
3046 5119 3288 5189 βάσεως·
3346 5115 3459 5170 ἀλλ’
3509 5116 3590 5177 είς
3638 5115 3747 5183 γῆν

2181 5211 2611 5281 συντριϐόμενοι,
2642 5211 2776 5281 ὁμοῦ
2825 5214 2890 5281 τῇ
2938 5211 3037 5281 τῆς
3087 5208 3321 5263 κιϐωτοῦ
3370 5208 3500 5279 παρ’
3546 5208 3749 5271 αὐτοὺς

2180 5300 2494 5354 είσελεύσει.
2548 5299 2689 5353 Ἀλλ’
2710 5300 2830 5371 ούχὶ
2856 5300 2923 5354 τὰ
2952 5299 3020 5352 σά
3043 5299 3288 5363 τοιαῦτα,
3316 5299 3437 5351 οὐδὲ
3475 5298 3753 5366 τοσαύτης

2181 5389 2258 5460 τῷ
2282 5390 2387 5460 νέῳ
2426 5389 2540 5461 λαῷ
2583 5390 2737 5462 παρά
2782 5391 2876 5444 σοῦ
2912 5391 3161 5461 μέτεστιν
3191 5390 3566 5459 ἀντιλήψεως’
3610 5388 3753 5442 ἀλλά

2179 5482 2273 5535 καὶ
2309 5481 2573 5553 πρότερον
2631 5484 2913 5547 παντελῶς
2955 5479 3075 5538 οὖσι
3122 5484 3754 5555 καταπεπολεμωμένοις

2180 5576 2284 5630 ὑπὸ
2310 5576 2419 5633 τῶν
2464 5576 2674 5644 κακῶν,
2707 5579 2993 5650 ἐπήμυνας
3015 5594 3029 5611 ο
3061 5578 3154 5633 καὶ
3180 5576 3277 5632 νῦν
3302 5576 3425 5649 οὐχὶ
3455 5577 3618 5645 μόνον
3661 5577 3752 5629 ἐπ’
