  <div class='ocr_page' id='page_1' title='image "/cluster/home/n/w/nwhite01/storage/ocr_20150623/107/hvd.32044073502338/126.png"; bbox 0 0 3952 6210; ppageno 0'>
   <div class='ocr_carea' id='block_1_1' title="bbox 315 286 426 347">
    <p class='ocr_par' dir='ltr' id='par_1_1' title="bbox 315 286 426 347">
     <span class='ocr_line' id='line_1_1' title="bbox 315 286 426 347; baseline -0.009 0"><span class='ocrx_word' id='word_1_1' title='bbox 315 286 426 347; x_wconf 74' lang='lat'><strong>169</strong></span> 
     </span>
    </p>
   </div>
   <div class='ocr_carea' id='block_1_2' title="bbox 1059 292 2774 380">
    <p class='ocr_par' dir='ltr' id='par_1_2' title="bbox 1059 292 2774 380">
     <span class='ocr_line' id='line_1_2' title="bbox 1059 292 2774 380; baseline 0.016 -28"><span class='ocrx_word' id='word_1_2' title='bbox 1059 292 1337 358; x_wconf 80' lang='lat' dir='ltr'><strong>ORATIO</strong></span> <span class='ocrx_word' id='word_1_3' title='bbox 1361 297 1514 359; x_wconf 85' lang='lat' dir='ltr'><strong>XIV.</strong></span> <span class='ocrx_word' id='word_1_4' title='bbox 1548 325 1617 336; x_wconf 92' lang='grc'><strong>-</strong></span> <span class='ocrx_word' id='word_1_5' title='bbox 1651 301 1731 362; x_wconf 88' lang='grc' dir='ltr'>ΙΝ</span> <span class='ocrx_word' id='word_1_6' title='bbox 1787 304 1852 364; x_wconf 86' lang='grc' dir='ltr'><strong>Β.</strong></span> <span class='ocrx_word' id='word_1_7' title='bbox 1895 303 2154 367; x_wconf 61' lang='lat' dir='ltr'><strong>MARIIE</strong></span> <span class='ocrx_word' id='word_1_8' title='bbox 2184 310 2774 380; x_wconf 78' lang='lat' dir='ltr'><strong>ASSUMPTIONEM</strong></span> 
     </span>
    </p>
   </div>
   <div class='ocr_carea' id='block_1_3' title="bbox 3466 326 3565 391">
    <p class='ocr_par' dir='ltr' id='par_1_3' title="bbox 3466 326 3565 391">
     <span class='ocr_line' id='line_1_3' title="bbox 3466 326 3565 391; baseline 0.03 -3"><span class='ocrx_word' id='word_1_9' title='bbox 3466 326 3565 391; x_wconf 82' lang='grc'><strong>170</strong></span> 
     </span>
    </p>
   </div>
   <div class='ocr_carea' id='block_1_4' title="bbox 309 399 1888 510">
    <p class='ocr_par' dir='ltr' id='par_1_4' title="bbox 309 399 1888 493">
     <span class='ocr_line' id='line_1_4' title="bbox 309 399 1888 493; baseline 0.015 -40"><span class='ocrx_word' id='word_1_10' title='bbox 309 399 542 465; x_wconf 82' lang='grc' dir='ltr'><strong>εὐθείας</strong></span> <span class='ocrx_word' id='word_1_11' title='bbox 579 402 692 458; x_wconf 75' lang='grc' dir='ltr'><strong>τῶν</strong></span> <span class='ocrx_word' id='word_1_12' title='bbox 721 404 1075 478; x_wconf 81' lang='grc' dir='ltr'><strong>ἐνταλμάτων</strong></span> <span class='ocrx_word' id='word_1_13' title='bbox 1114 409 1236 466; x_wconf 84' lang='grc' dir='ltr'><strong>ὁδοῦ</strong></span> <span class='ocrx_word' id='word_1_14' title='bbox 1267 413 1508 484; x_wconf 78' lang='grc' dir='ltr'><strong>βαδίζειν</strong></span> <span class='ocrx_word' id='word_1_15' title='bbox 1537 423 1888 493; x_wconf 76' lang='grc' dir='ltr'><strong>προαιρουμέι</strong></span> 
     </span>
    </p>
   </div>
   <div class='ocr_carea' id='block_1_5' title="bbox 1992 399 3561 510">
    <p class='ocr_par' dir='ltr' id='par_1_5' title="bbox 2008 427 3561 510">
     <span class='ocr_line' id='line_1_5' title="bbox 2008 427 3561 510; baseline 0.015 -32"><span class='ocrx_word' id='word_1_16' title='bbox 2008 439 2038 479; x_wconf 92' lang='lat' dir='ltr'><strong>a</strong></span> <span class='ocrx_word' id='word_1_17' title='bbox 2067 427 2226 484; x_wconf 88' lang='lat' dir='ltr'><strong>malis</strong></span> <span class='ocrx_word' id='word_1_18' title='bbox 2259 431 2477 499; x_wconf 75' lang='lat' dir='ltr'><strong>penitus</strong></span> <span class='ocrx_word' id='word_1_19' title='bbox 2525 434 2740 492; x_wconf 87' lang='lat' dir='ltr'><strong>fuerant</strong></span> <span class='ocrx_word' id='word_1_20' title='bbox 2795 437 3076 506; x_wconf 87' lang='lat' dir='ltr'><strong>debellati,</strong></span> <span class='ocrx_word' id='word_1_21' title='bbox 3109 453 3267 510; x_wconf 87' lang='lat' dir='ltr'><strong>opem</strong></span> <span class='ocrx_word' id='word_1_22' title='bbox 3336 443 3508 501; x_wconf 85' lang='lat' dir='ltr'><strong>tulisti</strong></span> <span class='ocrx_word' id='word_1_23' title='bbox 3544 461 3561 501; x_wconf 89' lang='lat'><strong>:</strong></span> 
     </span>
    </p>
   </div>
   <div class='ocr_carea' id='block_1_6' title="bbox 312 494 1893 584">
    <p class='ocr_par' dir='ltr' id='par_1_6' title="bbox 312 494 1893 584">
     <span class='ocr_line' id='line_1_6' title="bbox 312 494 1893 584; baseline 0.015 -40"><span class='ocrx_word' id='word_1_24' title='bbox 312 509 423 584; x_wconf 78' lang='grc' dir='ltr'><strong>νων</strong></span> <span class='ocrx_word' id='word_1_25' title='bbox 450 494 484 564; x_wconf 80' lang='grc' dir='ltr'><strong>ἠ</strong></span> <span class='ocrx_word' id='word_1_26' title='bbox 513 495 676 564; x_wconf 76' lang='grc' dir='ltr'><strong>παρὰ</strong></span> <span class='ocrx_word' id='word_1_27' title='bbox 714 495 810 550; x_wconf 82' lang='grc' dir='ltr'><strong>σοῦ</strong></span> <span class='ocrx_word' id='word_1_28' title='bbox 848 498 1071 570; x_wconf 82' lang='grc' dir='ltr'><strong>βοήθεια</strong></span> <span class='ocrx_word' id='word_1_29' title='bbox 1102 503 1424 574; x_wconf 82' lang='grc' dir='ltr'><strong>συνέπεται,</strong></span> <span class='ocrx_word' id='word_1_30' title='bbox 1453 508 1589 563; x_wconf 82' lang='grc' dir='ltr'><strong>ἀλλὰ</strong></span> <span class='ocrx_word' id='word_1_31' title='bbox 1621 513 1716 564; x_wconf 78' lang='grc' dir='ltr'><strong>καὶ</strong></span> <span class='ocrx_word' id='word_1_32' title='bbox 1754 515 1893 584; x_wconf 78' lang='grc' dir='ltr'><strong>πρὸς</strong></span> 
     </span>
    </p>
   </div>
   <div class='ocr_carea' id='block_1_7' title="bbox 317 582 1893 671">
    <p class='ocr_par' dir='ltr' id='par_1_7' title="bbox 317 582 1893 671">
     <span class='ocr_line' id='line_1_7' title="bbox 317 582 1893 671; baseline 0.016 -37"><span class='ocrx_word' id='word_1_33' title='bbox 317 582 413 652; x_wconf 81' lang='grc' dir='ltr'><strong>τὴν</strong></span> <span class='ocrx_word' id='word_1_34' title='bbox 455 585 722 641; x_wconf 74' lang='grc' dir='ltr'><strong>ἐναντίαν</strong></span> <span class='ocrx_word' id='word_1_35' title='bbox 773 589 1215 662; x_wconf 85' lang='grc' dir='ltr'><strong>ἐκτρεπομένοις,</strong></span> <span class='ocrx_word' id='word_1_36' title='bbox 1253 597 1544 671; x_wconf 75' lang='grc' dir='ltr'><strong>καὶταύτῃ</strong></span> <span class='ocrx_word' id='word_1_37' title='bbox 1575 582 1893 667; x_wconf 38' lang='grc' dir='ltr'><strong>ἐνδίκως-ἂν</strong></span> 
     </span>
    </p>
   </div>
   <div class='ocr_carea' id='block_1_8' title="bbox 318 676 1893 767">
    <p class='ocr_par' dir='ltr' id='par_1_8' title="bbox 318 676 1893 767">
     <span class='ocr_line' id='line_1_8' title="bbox 318 676 1893 767; baseline 0.015 -40"><span class='ocrx_word' id='word_1_38' title='bbox 318 676 543 744; x_wconf 72' lang='grc' dir='ltr'><strong>ὄφλουσι</strong></span> <span class='ocrx_word' id='word_1_39' title='bbox 586 678 806 751; x_wconf 80' lang='grc' dir='ltr'><strong>ποινὴν,</strong></span> <span class='ocrx_word' id='word_1_40' title='bbox 831 681 1061 756; x_wconf 74' lang='grc' dir='ltr'><strong>εὑρίσκῃ</strong></span> <span class='ocrx_word' id='word_1_41' title='bbox 1103 686 1422 759; x_wconf 82' lang='grc' dir='ltr'><strong>ἀποχρῶσα,</strong></span> <span class='ocrx_word' id='word_1_42' title='bbox 1466 691 1558 745; x_wconf 73' lang='grc' dir='ltr'><strong>καὶ</strong></span> <span class='ocrx_word' id='word_1_43' title='bbox 1597 693 1697 764; x_wconf 86' lang='grc' dir='ltr'><strong>τῆς</strong></span> <span class='ocrx_word' id='word_1_44' title='bbox 1737 694 1893 767; x_wconf 83' lang='grc' dir='ltr'><strong>δίκης</strong></span> 
     </span>
    </p>
   </div>
   <div class='ocr_carea' id='block_1_9' title="bbox 314 767 1110 845">
    <p class='ocr_par' dir='ltr' id='par_1_9' title="bbox 314 767 1110 845">
     <span class='ocr_line' id='line_1_9' title="bbox 314 767 1110 845; baseline 0.013 -26"><span class='ocrx_word' id='word_1_45' title='bbox 314 767 440 831; x_wconf 76' lang='grc' dir='ltr'><strong>τοὺς</strong></span> <span class='ocrx_word' id='word_1_46' title='bbox 466 767 701 839; x_wconf 86' lang='grc' dir='ltr'><strong>ἐνόχους</strong></span> <span class='ocrx_word' id='word_1_47' title='bbox 729 770 1110 845; x_wconf 78' lang='grc' dir='ltr'><strong>ἐξαιρουμένη.</strong></span> 
     </span>
    </p>
   </div>
   <div class='ocr_carea' id='block_1_10' title="bbox 381 953 1884 1042">
    <p class='ocr_par' dir='ltr' id='par_1_10' title="bbox 381 953 1884 1042">
     <span class='ocr_line' id='line_1_10' title="bbox 381 953 1884 1042; baseline 0.015 -36"><span class='ocrx_word' id='word_1_48' title='bbox 381 953 732 1010; x_wconf 83' lang='grc' dir='ltr'><strong>Δυσωπεϊται</strong></span> <span class='ocrx_word' id='word_1_49' title='bbox 759 957 868 1029; x_wconf 80' lang='grc' dir='ltr'><strong>γάρ</strong></span> <span class='ocrx_word' id='word_1_50' title='bbox 902 975 963 1011; x_wconf 90' lang='grc' dir='ltr'><strong>σε</strong></span> <span class='ocrx_word' id='word_1_51' title='bbox 993 959 1125 1026; x_wconf 81' lang='grc' dir='ltr'><strong>Θεὸς</strong></span> <span class='ocrx_word' id='word_1_52' title='bbox 1151 963 1250 1034; x_wconf 84' lang='grc' dir='ltr'><strong>τὴν</strong></span> <span class='ocrx_word' id='word_1_53' title='bbox 1277 969 1688 1042; x_wconf 87' lang='grc' dir='ltr'><strong>πανιερωτάτην</strong></span> <span class='ocrx_word' id='word_1_54' title='bbox 1717 973 1884 1028; x_wconf 79' lang='grc' dir='ltr'><strong>αὐτοῦ</strong></span> 
     </span>
    </p>
   </div>
   <div class='ocr_carea' id='block_1_11' title="bbox 313 1045 1890 1128">
    <p class='ocr_par' dir='ltr' id='par_1_11' title="bbox 313 1045 1890 1128">
     <span class='ocr_line' id='line_1_11' title="bbox 313 1045 1890 1128; baseline 0.012 -28"><span class='ocrx_word' id='word_1_55' title='bbox 313 1045 586 1111; x_wconf 74' lang='grc' dir='ltr'><strong>Κιδωτὸν,</strong></span> <span class='ocrx_word' id='word_1_56' title='bbox 632 1047 734 1101; x_wconf 71' lang='grc' dir='ltr'><strong>καὶ</strong></span> <span class='ocrx_word' id='word_1_57' title='bbox 789 1050 1170 1118; x_wconf 80' lang='grc' dir='ltr'><strong>χρηστεύεται,</strong></span> <span class='ocrx_word' id='word_1_58' title='bbox 1224 1055 1361 1126; x_wconf 80' lang='grc' dir='ltr'><strong>πρὸς</strong></span> <span class='ocrx_word' id='word_1_59' title='bbox 1404 1060 1533 1124; x_wconf 88' lang='grc' dir='ltr'><strong>τοὺς</strong></span> <span class='ocrx_word' id='word_1_60' title='bbox 1580 1061 1682 1116; x_wconf 83' lang='grc' dir='ltr'><strong>οὐκ</strong></span> <span class='ocrx_word' id='word_1_61' title='bbox 1728 1063 1890 1128; x_wconf 73' lang='grc' dir='ltr'><strong>ὄντας</strong></span> 
     </span>
    </p>
   </div>
   <div class='ocr_carea' id='block_1_12' title="bbox 317 1136 1892 1227">
    <p class='ocr_par' dir='ltr' id='par_1_12' title="bbox 317 1136 1892 1227">
     <span class='ocr_line' id='line_1_12' title="bbox 317 1136 1892 1227; baseline 0.013 -38"><span class='ocrx_word' id='word_1_62' title='bbox 317 1136 496 1227; x_wconf 64' lang='grc' dir='ltr'><strong>ἀξίους</strong></span> <span class='ocrx_word' id='word_1_63' title='bbox 542 1137 917 1210; x_wconf 78' lang='grc' dir='ltr'><strong>χρηστότητος</strong></span> <span class='ocrx_word' id='word_1_64' title='bbox 939 1158 952 1173; x_wconf 75' lang='grc' dir='ltr'><strong><em>ο</em></strong></span> <span class='ocrx_word' id='word_1_65' title='bbox 1015 1145 1110 1198; x_wconf 77' lang='grc' dir='ltr'><strong>καὶ</strong></span> <span class='ocrx_word' id='word_1_66' title='bbox 1162 1145 1261 1215; x_wconf 81' lang='grc' dir='ltr'><strong>τῆς</strong></span> <span class='ocrx_word' id='word_1_67' title='bbox 1292 1146 1448 1219; x_wconf 84' lang='grc' dir='ltr'>δίκης</span> <span class='ocrx_word' id='word_1_68' title='bbox 1475 1150 1691 1224; x_wconf 81' lang='grc' dir='ltr'><strong>ἀφίησι,</strong></span> <span class='ocrx_word' id='word_1_69' title='bbox 1713 1172 1892 1227; x_wconf 87' lang='grc' dir='ltr'><strong>παρα-</strong></span> 
     </span>
    </p>
   </div>
   <div class='ocr_carea' id='block_1_13' title="bbox 315 1226 1893 1317">
    <p class='ocr_par' dir='ltr' id='par_1_13' title="bbox 315 1226 1893 1317">
     <span class='ocr_line' id='line_1_13' title="bbox 315 1226 1893 1317; baseline 0.012 -35"><span class='ocrx_word' id='word_1_70' title='bbox 315 1226 508 1317; x_wconf 69' lang='grc' dir='ltr'><strong>κλίνων</strong></span> <span class='ocrx_word' id='word_1_71' title='bbox 535 1230 608 1281; x_wconf 72' lang='grc' dir='ltr'><strong>τὰ</strong></span> <span class='ocrx_word' id='word_1_72' title='bbox 631 1229 734 1296; x_wconf 83' lang='grc' dir='ltr'><strong>τῆς</strong></span> <span class='ocrx_word' id='word_1_73' title='bbox 759 1229 916 1302; x_wconf 85' lang='grc' dir='ltr'>δίκης</span> <span class='ocrx_word' id='word_1_74' title='bbox 950 1232 1112 1303; x_wconf 81' lang='grc' dir='ltr'><strong>ζυγὰ,</strong></span> <span class='ocrx_word' id='word_1_75' title='bbox 1153 1241 1745 1312; x_wconf 80' lang='grc' dir='ltr'><strong>προσωπολήπτηςδιὰ</strong></span> <span class='ocrx_word' id='word_1_76' title='bbox 1794 1226 1893 1317; x_wconf 82' lang='grc' dir='ltr'><strong>τὴν</strong></span> 
     </span>
    </p>
   </div>
   <div class='ocr_carea' id='block_1_14' title="bbox 314 1316 1892 1404">
    <p class='ocr_par' dir='ltr' id='par_1_14' title="bbox 314 1316 1892 1404">
     <span class='ocr_line' id='line_1_14' title="bbox 314 1316 1892 1404; baseline 0.015 -36"><span class='ocrx_word' id='word_1_77' title='bbox 314 1317 402 1386; x_wconf 69' lang='grc' dir='ltr'><strong>τὴν</strong></span> <span class='ocrx_word' id='word_1_78' title='bbox 430 1316 606 1382; x_wconf 79' lang='grc' dir='ltr'><strong>ἀξίαν</strong></span> <span class='ocrx_word' id='word_1_79' title='bbox 630 1318 947 1391; x_wconf 82' lang='grc' dir='ltr'><strong>γενόμενος,</strong></span> <span class='ocrx_word' id='word_1_80' title='bbox 987 1323 1222 1379; x_wconf 76' lang='grc' dir='ltr'><strong>καὶτῶν</strong></span> <span class='ocrx_word' id='word_1_81' title='bbox 1275 1331 1474 1401; x_wconf 87' lang='grc' dir='ltr'><strong>χειρῶν</strong></span> <span class='ocrx_word' id='word_1_82' title='bbox 1520 1333 1621 1404; x_wconf 83' lang='grc' dir='ltr'><strong>τὴν</strong></span> <span class='ocrx_word' id='word_1_83' title='bbox 1673 1316 1892 1391; x_wconf 77' lang='grc' dir='ltr'><strong>ἔκτασιν</strong></span> 
     </span>
    </p>
   </div>
   <div class='ocr_carea' id='block_1_15' title="bbox 313 1406 1892 1498">
    <p class='ocr_par' dir='ltr' id='par_1_15' title="bbox 313 1406 1892 1498">
     <span class='ocr_line' id='line_1_15' title="bbox 313 1406 1892 1498; baseline 0.013 -39"><span class='ocrx_word' id='word_1_84' title='bbox 313 1406 739 1476; x_wconf 66' lang='grc' dir='ltr'><strong>ὠλαόούμενος,</strong></span> <span class='ocrx_word' id='word_1_85' title='bbox 791 1411 849 1465; x_wconf 77' lang='grc' dir='ltr'><strong>αἳ</strong></span> <span class='ocrx_word' id='word_1_86' title='bbox 873 1411 1048 1483; x_wconf 85' lang='grc' dir='ltr'><strong>τούτῳ</strong></span> <span class='ocrx_word' id='word_1_87' title='bbox 1070 1415 1356 1484; x_wconf 77' lang='grc' dir='ltr'><strong>γεγόνασιν</strong></span> <span class='ocrx_word' id='word_1_88' title='bbox 1405 1420 1610 1492; x_wconf 74' lang='grc' dir='ltr'><strong>ὄχημα.</strong></span> <span class='ocrx_word' id='word_1_89' title='bbox 1663 1425 1739 1478; x_wconf 85' lang='grc' dir='ltr'><strong>Οὐ</strong></span> <span class='ocrx_word' id='word_1_90' title='bbox 1783 1425 1892 1498; x_wconf 82' lang='grc' dir='ltr'><strong>γὰρ</strong></span> 
     </span>
    </p>
   </div>
   <div class='ocr_carea' id='block_1_16' title="bbox 313 1500 1893 1588">
    <p class='ocr_par' dir='ltr' id='par_1_16' title="bbox 313 1500 1893 1588">
     <span class='ocr_line' id='line_1_16' title="bbox 313 1500 1893 1588; baseline 0.013 -35"><span class='ocrx_word' id='word_1_91' title='bbox 313 1500 566 1571; x_wconf 64' lang='grc' dir='ltr'><strong>ὲνέχεται</strong></span> <span class='ocrx_word' id='word_1_92' title='bbox 637 1505 890 1576; x_wconf 80' lang='grc' dir='ltr'><strong>παρορᾷν</strong></span> <span class='ocrx_word' id='word_1_93' title='bbox 949 1507 1118 1571; x_wconf 79' lang='grc' dir='ltr'><strong>αὐτὰς</strong></span> <span class='ocrx_word' id='word_1_94' title='bbox 1169 1510 1501 1581; x_wconf 83' lang='grc' dir='ltr'><strong>αίρομένας·</strong></span> <span class='ocrx_word' id='word_1_95' title='bbox 1547 1517 1684 1588; x_wconf 84' lang='grc' dir='ltr'><strong>πρὸς</strong></span> <span class='ocrx_word' id='word_1_96' title='bbox 1743 1518 1893 1583; x_wconf 77' lang='grc' dir='ltr'><strong>ἔλεος</strong></span> 
     </span>
    </p>
   </div>
   <div class='ocr_carea' id='block_1_17' title="bbox 316 1592 1887 1680">
    <p class='ocr_par' dir='ltr' id='par_1_17' title="bbox 316 1592 1887 1680">
     <span class='ocr_line' id='line_1_17' title="bbox 316 1592 1887 1680; baseline 0.014 -37"><span class='ocrx_word' id='word_1_97' title='bbox 316 1592 619 1658; x_wconf 53' lang='lat' dir='ltr'><strong>inuitat,</strong></span> <span class='ocrx_word' id='word_1_98' title='bbox 680 1595 778 1648; x_wconf 74' lang='grc' dir='ltr'><strong>καὶ</strong></span> <span class='ocrx_word' id='word_1_99' title='bbox 826 1595 948 1650; x_wconf 90' lang='grc' dir='ltr'><strong>λύει</strong></span> <span class='ocrx_word' id='word_1_100' title='bbox 977 1601 1281 1669; x_wconf 85' lang='grc' dir='ltr'><strong>συμπαθῶς</strong></span> <span class='ocrx_word' id='word_1_101' title='bbox 1309 1602 1378 1656; x_wconf 83' lang='grc' dir='ltr'><strong>τὰ</strong></span> <span class='ocrx_word' id='word_1_102' title='bbox 1415 1604 1571 1675; x_wconf 86' lang='grc' dir='ltr'><strong>χρέα,</strong></span> <span class='ocrx_word' id='word_1_103' title='bbox 1599 1609 1698 1678; x_wconf 86' lang='grc' dir='ltr'><strong>τῆς</strong></span> <span class='ocrx_word' id='word_1_104' title='bbox 1754 1609 1887 1680; x_wconf 85' lang='grc' dir='ltr'><strong>παρ’</strong></span> 
     </span>
    </p>
   </div>
   <div class='ocr_carea' id='block_1_18' title="bbox 323 1684 1892 1772">
    <p class='ocr_par' dir='ltr' id='par_1_18' title="bbox 323 1684 1892 1772">
     <span class='ocr_line' id='line_1_18' title="bbox 323 1684 1892 1772; baseline 0.011 -34"><span class='ocrx_word' id='word_1_105' title='bbox 323 1685 471 1739; x_wconf 66' lang='grc' dir='ltr'><strong>ὠτοηῦ</strong></span> <span class='ocrx_word' id='word_1_106' title='bbox 530 1684 711 1751; x_wconf 81' lang='grc' dir='ltr'><strong>ἀξιῶν</strong></span> <span class='ocrx_word' id='word_1_107' title='bbox 759 1687 1067 1758; x_wconf 80' lang='grc' dir='ltr'><strong>εὐμενείας,</strong></span> <span class='ocrx_word' id='word_1_108' title='bbox 1107 1692 1224 1746; x_wconf 80' lang='grc' dir='ltr'><strong>ἀνθ’</strong></span> <span class='ocrx_word' id='word_1_109' title='bbox 1255 1688 1325 1764; x_wconf 81' lang='grc' dir='ltr'><strong>ἦς</strong></span> <span class='ocrx_word' id='word_1_110' title='bbox 1375 1691 1444 1766; x_wconf 83' lang='grc' dir='ltr'><strong>ἦν</strong></span> <span class='ocrx_word' id='word_1_111' title='bbox 1469 1696 1618 1763; x_wconf 81' lang='grc' dir='ltr'><strong>ἄξιον</strong></span> <span class='ocrx_word' id='word_1_112' title='bbox 1635 1700 1892 1772; x_wconf 79' lang='grc' dir='ltr'><strong>ὑποσχεῖν</strong></span> 
     </span>
    </p>
   </div>
   <div class='ocr_carea' id='block_1_19' title="bbox 1993 523 3562 604">
    <p class='ocr_par' dir='ltr' id='par_1_19' title="bbox 1993 523 3562 604">
     <span class='ocr_line' id='line_1_19' title="bbox 1993 523 3562 604; baseline 0.01 -30"><span class='ocrx_word' id='word_1_113' title='bbox 1993 534 2256 590; x_wconf 91' lang='lat' dir='ltr'><strong>nuncque</strong></span> <span class='ocrx_word' id='word_1_114' title='bbox 2285 523 2476 592; x_wconf 91' lang='lat' dir='ltr'><strong>etiam,</strong></span> <span class='ocrx_word' id='word_1_115' title='bbox 2504 529 2705 584; x_wconf 85' lang='lat' dir='ltr'><strong>nedum</strong></span> <span class='ocrx_word' id='word_1_116' title='bbox 2739 529 2850 586; x_wconf 88' lang='lat' dir='ltr'><strong>illis</strong></span> <span class='ocrx_word' id='word_1_117' title='bbox 2898 530 3074 588; x_wconf 82' lang='lat' dir='ltr'><strong>facilis</strong></span> <span class='ocrx_word' id='word_1_118' title='bbox 3099 532 3251 597; x_wconf 84' lang='lat' dir='ltr'><strong>ades,</strong></span> <span class='ocrx_word' id='word_1_119' title='bbox 3286 533 3382 604; x_wconf 87' lang='lat' dir='ltr'><strong>qui</strong></span> <span class='ocrx_word' id='word_1_120' title='bbox 3421 534 3562 590; x_wconf 87' lang='lat' dir='ltr'><strong>viam</strong></span> 
     </span>
    </p>
   </div>
   <div class='ocr_carea' id='block_1_20' title="bbox 1991 608 3565 692">
    <p class='ocr_par' dir='ltr' id='par_1_20' title="bbox 1991 608 3565 692">
     <span class='ocr_line' id='line_1_20' title="bbox 1991 608 3565 692; baseline 0.01 -28"><span class='ocrx_word' id='word_1_121' title='bbox 1991 608 2298 666; x_wconf 87' lang='lat' dir='ltr'><strong>divinorum</strong></span> <span class='ocrx_word' id='word_1_122' title='bbox 2323 615 2696 671; x_wconf 75' lang='lat' dir='ltr'><strong>mandatorum</strong></span> <span class='ocrx_word' id='word_1_123' title='bbox 2715 619 2999 688; x_wconf 88' lang='lat' dir='ltr'><strong>insistunt,</strong></span> <span class='ocrx_word' id='word_1_124' title='bbox 3025 621 3117 677; x_wconf 91' lang='lat' dir='ltr'><strong>sed</strong></span> <span class='ocrx_word' id='word_1_125' title='bbox 3148 630 3200 676; x_wconf 91' lang='lat' dir='ltr'><strong>et</strong></span> <span class='ocrx_word' id='word_1_126' title='bbox 3226 621 3292 677; x_wconf 90' lang='lat' dir='ltr'><strong>iis</strong></span> <span class='ocrx_word' id='word_1_127' title='bbox 3312 624 3404 692; x_wconf 90' lang='lat' dir='ltr'><strong>qui</strong></span> <span class='ocrx_word' id='word_1_128' title='bbox 3434 637 3565 679; x_wconf 88' lang='lat' dir='ltr'><strong>con-</strong></span> 
     </span>
    </p>
   </div>
   <div class='ocr_carea' id='block_1_21' title="bbox 1993 701 3565 780">
    <p class='ocr_par' dir='ltr' id='par_1_21' title="bbox 1993 701 3565 780">
     <span class='ocr_line' id='line_1_21' title="bbox 1993 701 3565 780; baseline 0.011 -29"><span class='ocrx_word' id='word_1_129' title='bbox 1993 701 2158 754; x_wconf 83' lang='lat' dir='ltr'><strong>traria</strong></span> <span class='ocrx_word' id='word_1_130' title='bbox 2187 701 2273 756; x_wconf 85' lang='lat' dir='ltr'><strong>via</strong></span> <span class='ocrx_word' id='word_1_131' title='bbox 2302 702 2578 771; x_wconf 91' lang='lat' dir='ltr'><strong>incedunt,</strong></span> <span class='ocrx_word' id='word_1_132' title='bbox 2625 721 2688 762; x_wconf 90' lang='lat' dir='ltr'><strong>ac</strong></span> <span class='ocrx_word' id='word_1_133' title='bbox 2716 709 2942 778; x_wconf 87' lang='lat' dir='ltr'><strong>proinde</strong></span> <span class='ocrx_word' id='word_1_134' title='bbox 2975 711 3156 780; x_wconf 79' lang='lat' dir='ltr'><strong>poenis</strong></span> <span class='ocrx_word' id='word_1_135' title='bbox 3206 726 3267 768; x_wconf 88' lang='lat' dir='ltr'><strong>se</strong></span> <span class='ocrx_word' id='word_1_136' title='bbox 3299 713 3565 770; x_wconf 81' lang='lat' dir='ltr'><strong>obnoxios</strong></span> 
     </span>
    </p>
   </div>
   <div class='ocr_carea' id='block_1_22' title="bbox 1989 789 3561 869">
    <p class='ocr_par' dir='ltr' id='par_1_22' title="bbox 1989 789 3561 869">
     <span class='ocr_line' id='line_1_22' title="bbox 1989 789 3561 869; baseline 0.01 -26"><span class='ocrx_word' id='word_1_137' title='bbox 1989 789 2244 854; x_wconf 88' lang='lat' dir='ltr'><strong>reddunt,</strong></span> <span class='ocrx_word' id='word_1_138' title='bbox 2265 800 2458 860; x_wconf 90' lang='lat' dir='ltr'><strong>potens</strong></span> <span class='ocrx_word' id='word_1_139' title='bbox 2485 794 2699 850; x_wconf 87' lang='lat' dir='ltr'><strong>abunde</strong></span> <span class='ocrx_word' id='word_1_140' title='bbox 2723 797 2788 851; x_wconf 91' lang='lat' dir='ltr'><strong>ad</strong></span> <span class='ocrx_word' id='word_1_141' title='bbox 2819 799 3210 868; x_wconf 89' lang='lat' dir='ltr'><strong>protectionem</strong></span> <span class='ocrx_word' id='word_1_142' title='bbox 3248 799 3522 858; x_wconf 82' lang='lat' dir='ltr'><strong>inveneris</strong></span> <span class='ocrx_word' id='word_1_143' title='bbox 3544 842 3561 869; x_wconf 97' lang='lat'><strong>,</strong></span> 
     </span>
    </p>
   </div>
   <div class='ocr_carea' id='block_1_23' title="bbox 1992 884 3042 959">
    <p class='ocr_par' dir='ltr' id='par_1_23' title="bbox 1992 884 3042 959">
     <span class='ocr_line' id='line_1_23' title="bbox 1992 884 3042 959; baseline 0.012 -27"><span class='ocrx_word' id='word_1_144' title='bbox 1992 893 2196 948; x_wconf 89' lang='lat' dir='ltr'><strong>eosque</strong></span> <span class='ocrx_word' id='word_1_145' title='bbox 2223 895 2254 934; x_wconf 90' lang='lat' dir='ltr'><strong>a</strong></span> <span class='ocrx_word' id='word_1_146' title='bbox 2281 884 2488 939; x_wconf 89' lang='lat' dir='ltr'><strong>meritis</strong></span> <span class='ocrx_word' id='word_1_147' title='bbox 2526 886 2810 956; x_wconf 88' lang='lat' dir='ltr'><strong>suppliciis</strong></span> <span class='ocrx_word' id='word_1_148' title='bbox 2855 888 3042 959; x_wconf 89' lang='lat' dir='ltr'><strong>eripis.</strong></span> 
     </span>
    </p>
   </div>
   <div class='ocr_carea' id='block_1_24' title="bbox 2066 967 3558 1038">
    <p class='ocr_par' dir='ltr' id='par_1_24' title="bbox 2066 967 3558 1038">
     <span class='ocr_line' id='line_1_24' title="bbox 2066 967 3558 1038; baseline 0.009 -14"><span class='ocrx_word' id='word_1_149' title='bbox 2066 967 2368 1029; x_wconf 83' lang='lat' dir='ltr'><strong>Reveretur</strong></span> <span class='ocrx_word' id='word_1_150' title='bbox 2442 978 2586 1031; x_wconf 89' lang='lat' dir='ltr'><strong>enim</strong></span> <span class='ocrx_word' id='word_1_151' title='bbox 2647 977 2792 1036; x_wconf 90' lang='lat' dir='ltr'><strong>Deus</strong></span> <span class='ocrx_word' id='word_1_152' title='bbox 2873 982 3301 1038; x_wconf 77' lang='lat' dir='ltr'><strong>saeratissimam</strong></span> <span class='ocrx_word' id='word_1_153' title='bbox 3362 985 3558 1038; x_wconf 87' lang='lat' dir='ltr'><strong>Arcam</strong></span> 
     </span>
    </p>
   </div>
   <div class='ocr_carea' id='block_1_25' title="bbox 1991 1064 3552 1146">
    <p class='ocr_par' dir='ltr' id='par_1_25' title="bbox 1991 1064 3552 1146">
     <span class='ocr_line' id='line_1_25' title="bbox 1991 1064 3552 1146; baseline 0.008 -28"><span class='ocrx_word' id='word_1_154' title='bbox 1991 1076 2169 1129; x_wconf 87' lang='lat' dir='ltr'><strong>suam,</strong></span> <span class='ocrx_word' id='word_1_155' title='bbox 2195 1064 2596 1138; x_wconf 83' lang='lat' dir='ltr'><strong>benignumque</strong></span> <span class='ocrx_word' id='word_1_156' title='bbox 2649 1084 2707 1125; x_wconf 91' lang='lat' dir='ltr'><strong>se</strong></span> <span class='ocrx_word' id='word_1_157' title='bbox 2735 1071 2954 1129; x_wconf 79' lang='lat' dir='ltr'><strong>exhibet</strong></span> <span class='ocrx_word' id='word_1_158' title='bbox 2980 1073 3070 1141; x_wconf 93' lang='lat' dir='ltr'><strong>iis,</strong></span> <span class='ocrx_word' id='word_1_159' title='bbox 3096 1074 3190 1144; x_wconf 90' lang='lat' dir='ltr'><strong>qui</strong></span> <span class='ocrx_word' id='word_1_160' title='bbox 3219 1075 3552 1146; x_wconf 80' lang='lat' dir='ltr'><strong>benignitate</strong></span> 
     </span>
    </p>
   </div>
   <div class='ocr_carea' id='block_1_26' title="bbox 1993 1154 3554 1234">
    <p class='ocr_par' dir='ltr' id='par_1_26' title="bbox 1993 1154 3554 1234">
     <span class='ocr_line' id='line_1_26' title="bbox 1993 1154 3554 1234; baseline 0.008 -26"><span class='ocrx_word' id='word_1_161' title='bbox 1993 1154 2199 1226; x_wconf 77' lang='lat' dir='ltr'><strong>indigni</strong></span> <span class='ocrx_word' id='word_1_162' title='bbox 2233 1168 2398 1226; x_wconf 91' lang='lat' dir='ltr'><strong>sunt;</strong></span> <span class='ocrx_word' id='word_1_163' title='bbox 2437 1174 2706 1232; x_wconf 64' lang='lat' dir='ltr'><strong>paruaque</strong></span> <span class='ocrx_word' id='word_1_164' title='bbox 2732 1163 2920 1229; x_wconf 81' lang='lat' dir='ltr'><strong>solvit,</strong></span> <span class='ocrx_word' id='word_1_165' title='bbox 2981 1179 3048 1220; x_wconf 90' lang='lat' dir='ltr'><strong>ac</strong></span> <span class='ocrx_word' id='word_1_166' title='bbox 3075 1165 3306 1234; x_wconf 60' lang='lat' dir='ltr'><strong>iustitia}</strong></span> <span class='ocrx_word' id='word_1_167' title='bbox 3344 1165 3554 1220; x_wconf 89' lang='lat' dir='ltr'><strong>lancem</strong></span> 
     </span>
    </p>
   </div>
   <div class='ocr_carea' id='block_1_27' title="bbox 1993 1247 3556 1327">
    <p class='ocr_par' dir='ltr' id='par_1_27' title="bbox 1993 1247 3556 1327">
     <span class='ocr_line' id='line_1_27' title="bbox 1993 1247 3556 1327; baseline 0.006 -26"><span class='ocrx_word' id='word_1_168' title='bbox 1993 1247 2255 1315; x_wconf 90' lang='lat' dir='ltr'><strong>declinat,</strong></span> <span class='ocrx_word' id='word_1_169' title='bbox 2291 1251 2508 1321; x_wconf 88' lang='lat' dir='ltr'><strong>alioque</strong></span> <span class='ocrx_word' id='word_1_170' title='bbox 2540 1254 2727 1318; x_wconf 82' lang='lat' dir='ltr'><strong>vertit,</strong></span> <span class='ocrx_word' id='word_1_171' title='bbox 2764 1255 2841 1309; x_wconf 89' lang='lat' dir='ltr'><strong>tui</strong></span> <span class='ocrx_word' id='word_1_172' title='bbox 2872 1255 3086 1311; x_wconf 85' lang='lat' dir='ltr'><strong>ratione</strong></span> <span class='ocrx_word' id='word_1_173' title='bbox 3114 1256 3261 1312; x_wconf 92' lang='lat' dir='ltr'><strong>velut</strong></span> <span class='ocrx_word' id='word_1_174' title='bbox 3294 1271 3556 1327; x_wconf 88' lang='lat' dir='ltr'><strong>persona-</strong></span> 
     </span>
    </p>
   </div>
   <div class='ocr_carea' id='block_1_28' title="bbox 1997 1342 3553 1412">
    <p class='ocr_par' dir='ltr' id='par_1_28' title="bbox 1997 1342 3553 1412">
     <span class='ocr_line' id='line_1_28' title="bbox 1997 1342 3553 1412; baseline 0.006 -21"><span class='ocrx_word' id='word_1_175' title='bbox 1997 1353 2119 1393; x_wconf 90' lang='lat' dir='ltr'><strong>rum</strong></span> <span class='ocrx_word' id='word_1_176' title='bbox 2165 1349 2480 1412; x_wconf 90' lang='lat' dir='ltr'><strong>acceptator</strong></span> <span class='ocrx_word' id='word_1_177' title='bbox 2503 1342 2712 1412; x_wconf 87' lang='lat' dir='ltr'><strong>factus,</strong></span> <span class='ocrx_word' id='word_1_178' title='bbox 2762 1360 2828 1400; x_wconf 92' lang='lat' dir='ltr'><strong>ac</strong></span> <span class='ocrx_word' id='word_1_179' title='bbox 2860 1362 3120 1402; x_wconf 88' lang='lat' dir='ltr'><strong>manuum</strong></span> <span class='ocrx_word' id='word_1_180' title='bbox 3176 1349 3553 1404; x_wconf 81' lang='lat' dir='ltr'><strong>extensionem</strong></span> 
     </span>
    </p>
   </div>
   <div class='ocr_carea' id='block_1_29' title="bbox 1992 1429 3553 1506">
    <p class='ocr_par' dir='ltr' id='par_1_29' title="bbox 1992 1429 3553 1506">
     <span class='ocr_line' id='line_1_29' title="bbox 1992 1429 3553 1506; baseline 0.005 -24"><span class='ocrx_word' id='word_1_181' title='bbox 1992 1429 2280 1496; x_wconf 83' lang='lat' dir='ltr'><strong>reveritus,</strong></span> <span class='ocrx_word' id='word_1_182' title='bbox 2315 1448 2436 1503; x_wconf 74' lang='lat' dir='ltr'><strong>qua:</strong></span> <span class='ocrx_word' id='word_1_183' title='bbox 2481 1435 2587 1506; x_wconf 90' lang='lat' dir='ltr'><strong>ipsi</strong></span> <span class='ocrx_word' id='word_1_184' title='bbox 2634 1436 2942 1492; x_wconf 83' lang='lat' dir='ltr'><strong>vehiculum</strong></span> <span class='ocrx_word' id='word_1_185' title='bbox 2977 1438 3217 1494; x_wconf 84' lang='lat' dir='ltr'><strong>fuerunt.</strong></span> <span class='ocrx_word' id='word_1_186' title='bbox 3274 1438 3382 1494; x_wconf 89' lang='lat' dir='ltr'><strong>Nec</strong></span> <span class='ocrx_word' id='word_1_187' title='bbox 3411 1439 3553 1494; x_wconf 89' lang='lat' dir='ltr'><strong>enim</strong></span> 
     </span>
    </p>
   </div>
   <div class='ocr_carea' id='block_1_30' title="bbox 1979 1520 3550 1598">
    <p class='ocr_par' dir='ltr' id='par_1_30' title="bbox 1979 1520 3550 1598">
     <span class='ocr_line' id='line_1_30' title="bbox 1979 1520 3550 1598; baseline 0.008 -28"><span class='ocrx_word' id='word_1_188' title='bbox 1979 1520 2198 1588; x_wconf 89' lang='lat' dir='ltr'><strong>.patitur</strong></span> <span class='ocrx_word' id='word_1_189' title='bbox 2219 1531 2279 1577; x_wconf 93' lang='lat' dir='ltr'><strong>ut</strong></span> <span class='ocrx_word' id='word_1_190' title='bbox 2312 1524 2556 1582; x_wconf 85' lang='lat' dir='ltr'><strong>sublatas</strong></span> <span class='ocrx_word' id='word_1_191' title='bbox 2585 1527 2885 1598; x_wconf 87' lang='lat' dir='ltr'><strong>despiciat;</strong></span> <span class='ocrx_word' id='word_1_192' title='bbox 2917 1530 3212 1585; x_wconf 85' lang='lat' dir='ltr'><strong>inﬂectitur</strong></span> <span class='ocrx_word' id='word_1_193' title='bbox 3262 1530 3333 1585; x_wconf 91' lang='lat' dir='ltr'><strong>ad</strong></span> <span class='ocrx_word' id='word_1_194' title='bbox 3389 1531 3550 1585; x_wconf 90' lang='lat' dir='ltr'><strong>mise-</strong></span> 
     </span>
    </p>
   </div>
   <div class='ocr_carea' id='block_1_31' title="bbox 1991 1610 3549 1690">
    <p class='ocr_par' dir='ltr' id='par_1_31' title="bbox 1991 1610 3549 1690">
     <span class='ocr_line' id='line_1_31' title="bbox 1991 1610 3549 1690; baseline 0.007 -25"><span class='ocrx_word' id='word_1_195' title='bbox 1991 1613 2308 1682; x_wconf 88' lang='lat' dir='ltr'><strong>ricordiam,</strong></span> <span class='ocrx_word' id='word_1_196' title='bbox 2329 1631 2393 1670; x_wconf 90' lang='lat' dir='ltr'><strong>ac</strong></span> <span class='ocrx_word' id='word_1_197' title='bbox 2407 1615 2590 1673; x_wconf 89' lang='lat' dir='ltr'><strong>debita</strong></span> <span class='ocrx_word' id='word_1_198' title='bbox 2617 1610 2912 1675; x_wconf 77' lang='lat' dir='ltr'><strong>clementer</strong></span> <span class='ocrx_word' id='word_1_199' title='bbox 2936 1619 3183 1683; x_wconf 82' lang='lat' dir='ltr'><strong>remittit,</strong></span> <span class='ocrx_word' id='word_1_200' title='bbox 3203 1635 3302 1676; x_wconf 89' lang='lat' dir='ltr'><strong>sua</strong></span> <span class='ocrx_word' id='word_1_201' title='bbox 3320 1619 3549 1690; x_wconf 80' lang='lat' dir='ltr'><strong>dignans</strong></span> 
     </span>
    </p>
   </div>
   <div class='ocr_carea' id='block_1_32' title="bbox 1991 1703 3548 1782">
    <p class='ocr_par' dir='ltr' id='par_1_32' title="bbox 1991 1703 3548 1782">
     <span class='ocr_line' id='line_1_32' title="bbox 1991 1703 3548 1782; baseline 0.006 -25"><span class='ocrx_word' id='word_1_202' title='bbox 1991 1703 2384 1773; x_wconf 89' lang='lat' dir='ltr'><strong>placabilitate,</strong></span> <span class='ocrx_word' id='word_1_203' title='bbox 2426 1708 2629 1778; x_wconf 90' lang='lat' dir='ltr'><strong>quibus</strong></span> <span class='ocrx_word' id='word_1_204' title='bbox 2668 1711 2862 1766; x_wconf 89' lang='lat' dir='ltr'><strong>merito</strong></span> <span class='ocrx_word' id='word_1_205' title='bbox 2891 1723 3053 1780; x_wconf 85' lang='lat' dir='ltr'><strong>poena</strong></span> <span class='ocrx_word' id='word_1_206' title='bbox 3091 1710 3380 1782; x_wconf 77' lang='lat' dir='ltr'><strong>irroganda</strong></span> <span class='ocrx_word' id='word_1_207' title='bbox 3409 1720 3548 1766; x_wconf 89' lang='lat' dir='ltr'><strong>erat.</strong></span> 
     </span>
    </p>
   </div>
   <div class='ocr_carea' id='block_1_33' title="bbox 329 1778 1888 1872">
    <p class='ocr_par' dir='ltr' id='par_1_33' title="bbox 329 1778 1888 1872">
     <span class='ocr_line' id='line_1_33' title="bbox 329 1778 1888 1872; baseline 0.012 -41"><span class='ocrx_word' id='word_1_208' title='bbox 634 1779 756 1833; x_wconf 84' lang='grc' dir='ltr'><strong>Οὐκ</strong></span> <span class='ocrx_word' id='word_1_209' title='bbox 780 1781 874 1836; x_wconf 80' lang='grc' dir='ltr'><strong>οὖν</strong></span> <span class='ocrx_word' id='word_1_210' title='bbox 907 1783 1016 1854; x_wconf 82' lang='grc' dir='ltr'><strong>ὅπη</strong></span> <span class='ocrx_word' id='word_1_211' title='bbox 1049 1784 1115 1856; x_wconf 84' lang='grc' dir='ltr'><strong>σὴ</strong></span> <span class='ocrx_word' id='word_1_212' title='bbox 1163 1789 1460 1859; x_wconf 84' lang='grc' dir='ltr'><strong>παρουσία,</strong></span> <span class='ocrx_word' id='word_1_213' title='bbox 1493 1793 1603 1844; x_wconf 89' lang='grc' dir='ltr'><strong>τῶν</strong></span> <span class='ocrx_word' id='word_1_214' title='bbox 1633 1794 1888 1848; x_wconf 75' lang='grc' dir='ltr'><strong>ἐναντίων</strong></span> 
     </span>
    </p>
   </div>
   <div class='ocr_carea' id='block_1_34' title="bbox 1992 1778 3552 1872">
    <p class='ocr_par' dir='ltr' id='par_1_34' title="bbox 1992 1778 3552 1872">
     <span class='ocr_line' id='line_1_34' title="bbox 1992 1778 3552 1872; baseline 0.004 -23"><span class='ocrx_word' id='word_1_215' title='bbox 1992 1794 2131 1866; x_wconf 76' lang='lat' dir='ltr'><strong>Ergo</strong></span> <span class='ocrx_word' id='word_1_216' title='bbox 2169 1796 2259 1851; x_wconf 89' lang='lat' dir='ltr'><strong>ubi</strong></span> <span class='ocrx_word' id='word_1_217' title='bbox 2317 1805 2376 1854; x_wconf 92' lang='lat' dir='ltr'><strong>tu</strong></span> <span class='ocrx_word' id='word_1_218' title='bbox 2400 1815 2639 1870; x_wconf 65' lang='lat' dir='ltr'><strong>praesens</strong></span> <span class='ocrx_word' id='word_1_219' title='bbox 2668 1817 2750 1867; x_wconf 92' lang='lat' dir='ltr'><strong>es,</strong></span> <span class='ocrx_word' id='word_1_220' title='bbox 2783 1778 2934 1856; x_wconf 73' lang='lat' dir='ltr'><strong>nulla</strong></span> <span class='ocrx_word' id='word_1_221' title='bbox 2968 1778 3295 1857; x_wconf 71' lang='lat' dir='ltr'><strong>adversariis</strong></span> <span class='ocrx_word' id='word_1_222' title='bbox 3327 1809 3552 1872; x_wconf 88' lang='lat' dir='ltr'><strong>superat</strong></span> 
     </span>
    </p>
   </div>
   <div class='ocr_carea' id='block_1_35' title="bbox 325 1870 1891 1956">
    <p class='ocr_par' dir='ltr' id='par_1_35' title="bbox 325 1870 1891 1956">
     <span class='ocr_line' id='line_1_35' title="bbox 325 1870 1891 1956; baseline 0.011 -34"><span class='ocrx_word' id='word_1_223' title='bbox 325 1870 558 1940; x_wconf 67' lang='grc' dir='ltr'><strong>ἢόμιλία</strong></span> <span class='ocrx_word' id='word_1_224' title='bbox 613 1871 886 1943; x_wconf 77' lang='grc' dir='ltr'><strong>λαμϐάνει</strong></span> <span class='ocrx_word' id='word_1_225' title='bbox 940 1878 1041 1946; x_wconf 82' lang='grc' dir='ltr'><strong>τὴν</strong></span> <span class='ocrx_word' id='word_1_226' title='bbox 1088 1879 1402 1951; x_wconf 72' lang='grc' dir='ltr'><strong>παρρησίαν</strong></span> <span class='ocrx_word' id='word_1_227' title='bbox 1433 1900 1448 1915; x_wconf 89' lang='grc'><strong>·</strong></span> <span class='ocrx_word' id='word_1_228' title='bbox 1504 1883 1614 1938; x_wconf 80' lang='grc' dir='ltr'><strong>οὐδ’</strong></span> <span class='ocrx_word' id='word_1_229' title='bbox 1647 1885 1891 1956; x_wconf 82' lang='grc' dir='ltr'><strong>εὑρίσκει</strong></span> 
     </span>
    </p>
   </div>
   <div class='ocr_carea' id='block_1_36' title="bbox 315 1960 1892 2047">
    <p class='ocr_par' dir='ltr' id='par_1_36' title="bbox 315 1960 1892 2047">
     <span class='ocr_line' id='line_1_36' title="bbox 315 1960 1892 2047; baseline 0.011 -33"><span class='ocrx_word' id='word_1_230' title='bbox 315 1960 492 2031; x_wconf 58' lang='grc' dir='ltr'><strong>χώραν</strong></span> <span class='ocrx_word' id='word_1_231' title='bbox 531 1963 603 2018; x_wconf 75' lang='grc' dir='ltr'><strong>τὰ</strong></span> <span class='ocrx_word' id='word_1_232' title='bbox 648 1964 951 2036; x_wconf 74' lang='grc' dir='ltr'><strong>σκυθρωπὰ</strong></span> <span class='ocrx_word' id='word_1_233' title='bbox 998 1971 1102 2039; x_wconf 86' lang='grc' dir='ltr'><strong>τῆς</strong></span> <span class='ocrx_word' id='word_1_234' title='bbox 1131 1971 1234 2042; x_wconf 83' lang='grc' dir='ltr'><strong>σῆς</strong></span> <span class='ocrx_word' id='word_1_235' title='bbox 1258 1973 1732 2046; x_wconf 79' lang='grc' dir='ltr'><strong>ἐπιχωριαζούσης</strong></span> <span class='ocrx_word' id='word_1_236' title='bbox 1762 1995 1892 2047; x_wconf 86' lang='grc' dir='ltr'><strong>φαι-</strong></span> 
     </span>
    </p>
   </div>
   <div class='ocr_carea' id='block_1_37' title="bbox 311 2050 1892 2134">
    <p class='ocr_par' dir='ltr' id='par_1_37' title="bbox 311 2050 1892 2134">
     <span class='ocr_line' id='line_1_37' title="bbox 311 2050 1892 2134; baseline 0.012 -32"><span class='ocrx_word' id='word_1_237' title='bbox 311 2050 599 2122; x_wconf 72' lang='grc' dir='ltr'><strong>δρότητος.</strong></span> <span class='ocrx_word' id='word_1_238' title='bbox 641 2055 763 2110; x_wconf 65' lang='grc' dir='ltr'><strong>Ἀπ’</strong></span> <span class='ocrx_word' id='word_1_239' title='bbox 803 2057 980 2127; x_wconf 79' lang='grc' dir='ltr'><strong>ἀρχῆς</strong></span> <span class='ocrx_word' id='word_1_240' title='bbox 998 2061 1106 2130; x_wconf 87' lang='grc' dir='ltr'><strong>γὰρ</strong></span> <span class='ocrx_word' id='word_1_241' title='bbox 1136 2063 1214 2125; x_wconf 86' lang='grc' dir='ltr'><strong>είς</strong></span> <span class='ocrx_word' id='word_1_242' title='bbox 1241 2062 1445 2134; x_wconf 86' lang='grc' dir='ltr'><strong>κόσμον</strong></span> <span class='ocrx_word' id='word_1_243' title='bbox 1467 2064 1763 2134; x_wconf 77' lang='grc' dir='ltr'><strong>παριοῦσα,</strong></span> <span class='ocrx_word' id='word_1_244' title='bbox 1798 2068 1892 2122; x_wconf 77' lang='grc' dir='ltr'><strong>ἐπὶ</strong></span> 
     </span>
    </p>
   </div>
   <div class='ocr_carea' id='block_1_38' title="bbox 309 2145 1890 2226">
    <p class='ocr_par' dir='ltr' id='par_1_38' title="bbox 309 2145 1890 2226">
     <span class='ocr_line' id='line_1_38' title="bbox 309 2145 1890 2226; baseline 0.013 -32"><span class='ocrx_word' id='word_1_245' title='bbox 309 2145 651 2216; x_wconf 68' lang='grc' dir='ltr'><strong>φαιδρατέρᾳ</strong></span> <span class='ocrx_word' id='word_1_246' title='bbox 677 2147 870 2201; x_wconf 88' lang='grc' dir='ltr'><strong>τούτου</strong></span> <span class='ocrx_word' id='word_1_247' title='bbox 925 2152 1280 2220; x_wconf 81' lang='grc' dir='ltr'><strong>καταστάσει,</strong></span> <span class='ocrx_word' id='word_1_248' title='bbox 1315 2154 1413 2224; x_wconf 81' lang='grc' dir='ltr'><strong>τὴν</strong></span> <span class='ocrx_word' id='word_1_249' title='bbox 1464 2154 1633 2226; x_wconf 81' lang='grc' dir='ltr'><strong>αὐτὴν</strong></span> <span class='ocrx_word' id='word_1_250' title='bbox 1663 2157 1750 2210; x_wconf 75' lang='grc' dir='ltr'><strong>ἀεὶ</strong></span> <span class='ocrx_word' id='word_1_251' title='bbox 1770 2157 1890 2213; x_wconf 89' lang='grc' dir='ltr'><strong>δια-</strong></span> 
     </span>
    </p>
   </div>
   <div class='ocr_carea' id='block_1_39' title="bbox 314 2231 1888 2316">
    <p class='ocr_par' dir='ltr' id='par_1_39' title="bbox 314 2231 1888 2316">
     <span class='ocr_line' id='line_1_39' title="bbox 314 2231 1888 2316; baseline 0.01 -31"><span class='ocrx_word' id='word_1_252' title='bbox 314 2231 525 2298; x_wconf 76' lang='grc' dir='ltr'><strong>σώζεις</strong></span> <span class='ocrx_word' id='word_1_253' title='bbox 581 2237 917 2309; x_wconf 81' lang='grc' dir='ltr'><strong>προαίρεσιν,</strong></span> <span class='ocrx_word' id='word_1_254' title='bbox 973 2240 1073 2311; x_wconf 81' lang='grc' dir='ltr'><strong>τῆς</strong></span> <span class='ocrx_word' id='word_1_255' title='bbox 1129 2241 1242 2297; x_wconf 91' lang='grc' dir='ltr'><strong>τῶν</strong></span> <span class='ocrx_word' id='word_1_256' title='bbox 1285 2243 1475 2310; x_wconf 81' lang='grc' dir='ltr'><strong>δεξιῶν</strong></span> <span class='ocrx_word' id='word_1_257' title='bbox 1504 2245 1772 2316; x_wconf 84' lang='grc' dir='ltr'><strong>χορηγίας</strong></span> <span class='ocrx_word' id='word_1_258' title='bbox 1827 2247 1888 2300; x_wconf 83' lang='grc' dir='ltr'><strong>οὐ</strong></span> 
     </span>
    </p>
   </div>
   <div class='ocr_carea' id='block_1_40' title="bbox 321 2322 580 2393">
    <p class='ocr_par' dir='ltr' id='par_1_40' title="bbox 321 2322 580 2393">
     <span class='ocr_line' id='line_1_40' title="bbox 321 2322 580 2393; baseline 0.023 -20"><span class='ocrx_word' id='word_1_259' title='bbox 321 2322 580 2393; x_wconf 68' lang='grc' dir='ltr'><strong>λήγουσα.</strong></span> 
     </span>
    </p>
   </div>
   <div class='ocr_carea' id='block_1_41' title="bbox 387 2409 1891 2501">
    <p class='ocr_par' dir='ltr' id='par_1_41' title="bbox 387 2409 1891 2501">
     <span class='ocr_line' id='line_1_41' title="bbox 387 2409 1891 2501; baseline 0.011 -33"><span class='ocrx_word' id='word_1_260' title='bbox 387 2409 499 2469; x_wconf 84' lang='grc' dir='ltr'><strong>Ἦν</strong></span> <span class='ocrx_word' id='word_1_261' title='bbox 543 2418 732 2484; x_wconf 83' lang='grc' dir='ltr'><strong>αὐτοῖς</strong></span> <span class='ocrx_word' id='word_1_262' title='bbox 765 2422 860 2477; x_wconf 74' lang='grc' dir='ltr'><strong>καὶ</strong></span> <span class='ocrx_word' id='word_1_263' title='bbox 887 2422 1078 2495; x_wconf 85' lang='grc' dir='ltr'><strong>λυχνία</strong></span> <span class='ocrx_word' id='word_1_264' title='bbox 1104 2423 1298 2496; x_wconf 80' lang='grc' dir='ltr'><strong>φώτων</strong></span> <span class='ocrx_word' id='word_1_265' title='bbox 1349 2426 1605 2498; x_wconf 75' lang='grc' dir='ltr'><strong>ἐΰδομάδι</strong></span> <span class='ocrx_word' id='word_1_266' title='bbox 1659 2446 1891 2501; x_wconf 86' lang='grc' dir='ltr'><strong>περιαυ-</strong></span> 
     </span>
    </p>
   </div>
   <div class='ocr_carea' id='block_1_42' title="bbox 315 2507 1892 2591">
    <p class='ocr_par' dir='ltr' id='par_1_42' title="bbox 315 2507 1892 2591">
     <span class='ocr_line' id='line_1_42' title="bbox 315 2507 1892 2591; baseline 0.013 -34"><span class='ocrx_word' id='word_1_267' title='bbox 315 2507 618 2580; x_wconf 71' lang='grc' dir='ltr'><strong>ταζομένη,</strong></span> <span class='ocrx_word' id='word_1_268' title='bbox 671 2513 768 2566; x_wconf 73' lang='grc' dir='ltr'><strong>καὶ</strong></span> <span class='ocrx_word' id='word_1_269' title='bbox 814 2513 1050 2584; x_wconf 83' lang='grc' dir='ltr'><strong>στάμνος</strong></span> <span class='ocrx_word' id='word_1_270' title='bbox 1101 2515 1194 2570; x_wconf 80' lang='grc' dir='ltr'><strong>τοῦ</strong></span> <span class='ocrx_word' id='word_1_271' title='bbox 1249 2517 1424 2588; x_wconf 81' lang='grc' dir='ltr'><strong>μάννα</strong></span> <span class='ocrx_word' id='word_1_272' title='bbox 1467 2521 1693 2591; x_wconf 79' lang='grc' dir='ltr'><strong>ταμεῖον</strong></span> <span class='ocrx_word' id='word_1_273' title='bbox 1726 2536 1740 2552; x_wconf 93' lang='grc'><strong>·</strong></span> <span class='ocrx_word' id='word_1_274' title='bbox 1797 2522 1892 2576; x_wconf 70' lang='grc' dir='ltr'><strong>καὶ</strong></span> 
     </span>
    </p>
   </div>
   <div class='ocr_carea' id='block_1_43' title="bbox 310 2595 1886 2684">
    <p class='ocr_par' dir='ltr' id='par_1_43' title="bbox 310 2595 1886 2684">
     <span class='ocr_line' id='line_1_43' title="bbox 310 2595 1886 2684; baseline 0.013 -36"><span class='ocrx_word' id='word_1_275' title='bbox 310 2595 511 2665; x_wconf 69' lang='grc' dir='ltr'><strong>ῥάὀδος</strong></span> <span class='ocrx_word' id='word_1_276' title='bbox 539 2603 645 2670; x_wconf 85' lang='grc' dir='ltr'><strong>τῆς</strong></span> <span class='ocrx_word' id='word_1_277' title='bbox 667 2603 768 2672; x_wconf 84' lang='grc' dir='ltr'><strong>σῆς</strong></span> <span class='ocrx_word' id='word_1_278' title='bbox 783 2603 1082 2676; x_wconf 78' lang='grc' dir='ltr'><strong>παρθενίας</strong></span> <span class='ocrx_word' id='word_1_279' title='bbox 1110 2607 1481 2680; x_wconf 82' lang='grc' dir='ltr'><strong>ἀνθοφοροῦσα</strong></span> <span class='ocrx_word' id='word_1_280' title='bbox 1498 2610 1560 2664; x_wconf 84' lang='grc' dir='ltr'><strong>τὸ</strong></span> <span class='ocrx_word' id='word_1_281' title='bbox 1584 2612 1849 2684; x_wconf 83' lang='grc' dir='ltr'><strong>κήρυγμα</strong></span> <span class='ocrx_word' id='word_1_282' title='bbox 1871 2629 1886 2644; x_wconf 83' lang='lat'><strong>&#39;</strong></span> 
     </span>
    </p>
   </div>
   <div class='ocr_carea' id='block_1_44' title="bbox 312 2687 1885 2771">
    <p class='ocr_par' dir='ltr' id='par_1_44' title="bbox 312 2687 1885 2771">
     <span class='ocr_line' id='line_1_44' title="bbox 312 2687 1885 2771; baseline 0.011 -31"><span class='ocrx_word' id='word_1_283' title='bbox 312 2689 403 2740; x_wconf 65' lang='lat' dir='ltr'><strong>ml</strong></span> <span class='ocrx_word' id='word_1_284' title='bbox 435 2688 510 2741; x_wconf 76' lang='grc' dir='ltr'><strong>τὰ</strong></span> <span class='ocrx_word' id='word_1_285' title='bbox 559 2690 721 2761; x_wconf 77' lang='grc' dir='ltr'><strong>ἄλλα,</strong></span> <span class='ocrx_word' id='word_1_286' title='bbox 774 2687 856 2758; x_wconf 77' lang='grc' dir='ltr'><strong>οἷς</strong></span> <span class='ocrx_word' id='word_1_287' title='bbox 888 2695 1032 2764; x_wconf 82' lang='grc' dir='ltr'><strong>μέγα</strong></span> <span class='ocrx_word' id='word_1_288' title='bbox 1083 2697 1310 2763; x_wconf 85' lang='grc' dir='ltr'><strong>είκὸτως</strong></span> <span class='ocrx_word' id='word_1_289' title='bbox 1361 2701 1584 2771; x_wconf 83' lang='grc' dir='ltr'><strong>ἐφρόνει</strong></span> <span class='ocrx_word' id='word_1_290' title='bbox 1624 2703 1684 2756; x_wconf 87' lang='grc' dir='ltr'><strong>τὸ</strong></span> <span class='ocrx_word' id='word_1_291' title='bbox 1711 2702 1885 2768; x_wconf 80' lang='grc' dir='ltr'><strong>ἔθνος,</strong></span> 
     </span>
    </p>
   </div>
   <div class='ocr_carea' id='block_1_45' title="bbox 314 2777 1887 2863">
    <p class='ocr_par' dir='ltr' id='par_1_45' title="bbox 314 2777 1887 2863">
     <span class='ocr_line' id='line_1_45' title="bbox 314 2777 1887 2863; baseline 0.012 -35"><span class='ocrx_word' id='word_1_292' title='bbox 314 2777 466 2846; x_wconf 69' lang='grc' dir='ltr'><strong>παρὰ</strong></span> <span class='ocrx_word' id='word_1_293' title='bbox 509 2779 692 2834; x_wconf 83' lang='grc' dir='ltr'><strong>πάντα</strong></span> <span class='ocrx_word' id='word_1_294' title='bbox 743 2782 816 2836; x_wconf 79' lang='grc' dir='ltr'><strong>τὰ</strong></span> <span class='ocrx_word' id='word_1_295' title='bbox 867 2784 1018 2856; x_wconf 75' lang='grc' dir='ltr'><strong>ἔθνη.</strong></span> <span class='ocrx_word' id='word_1_296' title='bbox 1067 2786 1207 2841; x_wconf 86' lang='grc' dir='ltr'><strong>Ἀλλ’</strong></span> <span class='ocrx_word' id='word_1_297' title='bbox 1245 2789 1570 2862; x_wconf 78' lang='grc' dir='ltr'><strong>ὑπεχώρησε</strong></span> <span class='ocrx_word' id='word_1_298' title='bbox 1602 2792 1743 2863; x_wconf 84' lang='grc' dir='ltr'><strong>μετὰ</strong></span> <span class='ocrx_word' id='word_1_299' title='bbox 1791 2793 1887 2847; x_wconf 81' lang='grc' dir='ltr'><strong>τοῦ</strong></span> 
     </span>
    </p>
   </div>
   <div class='ocr_carea' id='block_1_46' title="bbox 314 2867 1886 2957">
    <p class='ocr_par' dir='ltr' id='par_1_46' title="bbox 314 2867 1886 2957">
     <span class='ocr_line' id='line_1_46' title="bbox 314 2867 1886 2957; baseline 0.013 -37"><span class='ocrx_word' id='word_1_300' title='bbox 314 2867 528 2923; x_wconf 75' lang='grc' dir='ltr'><strong>κλεινοῦ</strong></span> <span class='ocrx_word' id='word_1_301' title='bbox 586 2871 848 2944; x_wconf 82' lang='grc' dir='ltr'><strong>ὀνόματος</strong></span> <span class='ocrx_word' id='word_1_302' title='bbox 885 2878 1066 2933; x_wconf 85' lang='grc' dir='ltr'><strong>αὐτῶν</strong></span> <span class='ocrx_word' id='word_1_303' title='bbox 1090 2921 1106 2947; x_wconf 97' lang='grc'><strong>,</strong></span> <span class='ocrx_word' id='word_1_304' title='bbox 1131 2881 1226 2934; x_wconf 71' lang='grc' dir='ltr'><strong>καὶ</strong></span> <span class='ocrx_word' id='word_1_305' title='bbox 1273 2882 1375 2952; x_wconf 82' lang='grc' dir='ltr'><strong>τῆς</strong></span> <span class='ocrx_word' id='word_1_306' title='bbox 1409 2884 1757 2957; x_wconf 83' lang='grc' dir='ltr'><strong>σεμνότητος.</strong></span> <span class='ocrx_word' id='word_1_307' title='bbox 1816 2887 1886 2941; x_wconf 86' lang='grc' dir='ltr'>Σὲ</span> 
     </span>
    </p>
   </div>
   <div class='ocr_carea' id='block_1_47' title="bbox 313 2961 1886 3052">
    <p class='ocr_par' dir='ltr' id='par_1_47' title="bbox 313 2961 1886 3052">
     <span class='ocr_line' id='line_1_47' title="bbox 313 2961 1886 3052; baseline 0.012 -38"><span class='ocrx_word' id='word_1_308' title='bbox 448 2966 916 3037; x_wconf 64' lang='grc' dir='ltr'><strong>αιαγραφοῦντα,</strong></span> <span class='ocrx_word' id='word_1_309' title='bbox 951 2973 1017 3042; x_wconf 76' lang='grc' dir='ltr'><strong>τῇ</strong></span> <span class='ocrx_word' id='word_1_310' title='bbox 1040 2974 1108 3042; x_wconf 82' lang='grc' dir='ltr'><strong>σῇ</strong></span> <span class='ocrx_word' id='word_1_311' title='bbox 1134 2973 1340 3045; x_wconf 76' lang='grc' dir='ltr'><strong>ἐκρύϐη</strong></span> <span class='ocrx_word' id='word_1_312' title='bbox 1372 2976 1684 3049; x_wconf 80' lang='grc' dir='ltr'><strong>ἐπιφανείᾳ.</strong></span> <span class='ocrx_word' id='word_1_313' title='bbox 1715 2979 1886 3052; x_wconf 81' lang='grc' dir='ltr'><strong>Φαίνῃ</strong></span> 
     </span>
    </p>
   </div>
   <div class='ocr_carea' id='block_1_48' title="bbox 312 3049 1889 3135">
    <p class='ocr_par' dir='ltr' id='par_1_48' title="bbox 312 3049 1889 3135">
     <span class='ocr_line' id='line_1_48' title="bbox 312 3049 1889 3135; baseline 0.013 -30"><span class='ocrx_word' id='word_1_314' title='bbox 312 3049 369 3105; x_wconf 77' lang='grc' dir='ltr'><strong>δέ</strong></span> <span class='ocrx_word' id='word_1_315' title='bbox 408 3053 520 3124; x_wconf 74' lang='grc' dir='ltr'><strong>ἄρα</strong></span> <span class='ocrx_word' id='word_1_316' title='bbox 547 3056 584 3126; x_wconf 84' lang='grc' dir='ltr'>ἡ</span> <span class='ocrx_word' id='word_1_317' title='bbox 628 3057 894 3127; x_wconf 81' lang='grc' dir='ltr'><strong>ἀείφωτος</strong></span> <span class='ocrx_word' id='word_1_318' title='bbox 929 3062 992 3115; x_wconf 85' lang='grc' dir='ltr'><strong>σὺ</strong></span> <span class='ocrx_word' id='word_1_319' title='bbox 1041 3062 1251 3135; x_wconf 86' lang='grc' dir='ltr'><strong>λυχνία,</strong></span> <span class='ocrx_word' id='word_1_320' title='bbox 1308 3066 1402 3120; x_wconf 83' lang='grc' dir='ltr'><strong>τοῦ</strong></span> <span class='ocrx_word' id='word_1_321' title='bbox 1457 3069 1735 3123; x_wconf 84' lang='grc' dir='ltr'><strong>σκοτεινοῦ</strong></span> <span class='ocrx_word' id='word_1_322' title='bbox 1795 3049 1889 3125; x_wconf 60' lang='grc' dir='ltr'><strong>καί</strong></span> 
     </span>
    </p>
   </div>
   <div class='ocr_carea' id='block_1_49' title="bbox 313 3143 1885 3234">
    <p class='ocr_par' dir='ltr' id='par_1_49' title="bbox 313 3143 1885 3234">
     <span class='ocr_line' id='line_1_49' title="bbox 313 3143 1885 3234; baseline 0.014 -39"><span class='ocrx_word' id='word_1_323' title='bbox 313 3143 640 3217; x_wconf 72' lang='grc' dir='ltr'><strong>ῥυσαμένη,</strong></span> <span class='ocrx_word' id='word_1_324' title='bbox 698 3150 794 3203; x_wconf 75' lang='grc' dir='ltr'><strong>καὶ</strong></span> <span class='ocrx_word' id='word_1_325' title='bbox 857 3153 1095 3224; x_wconf 81' lang='grc' dir='ltr'><strong>ῥυομένη</strong></span> <span class='ocrx_word' id='word_1_326' title='bbox 1155 3156 1386 3212; x_wconf 87' lang='grc' dir='ltr'><strong>θανάτου</strong></span> <span class='ocrx_word' id='word_1_327' title='bbox 1438 3157 1538 3228; x_wconf 80' lang='grc' dir='ltr'><strong>τῆς</strong></span> <span class='ocrx_word' id='word_1_328' title='bbox 1594 3161 1885 3234; x_wconf 85' lang='grc' dir='ltr'><strong>ἁμαρτίας.</strong></span> 
     </span>
    </p>
   </div>
   <div class='ocr_carea' id='block_1_50' title="bbox 312 3237 1872 3328">
    <p class='ocr_par' dir='ltr' id='par_1_50' title="bbox 312 3237 1872 3328">
     <span class='ocr_line' id='line_1_50' title="bbox 312 3237 1872 3328; baseline 0.015 -41"><span class='ocrx_word' id='word_1_329' title='bbox 312 3237 654 3328; x_wconf 51' lang='lat' dir='ltr'><strong>cantamen;</strong></span> <span class='ocrx_word' id='word_1_330' title='bbox 673 3243 766 3296; x_wconf 84' lang='grc' dir='ltr'><strong>τὸν</strong></span> <span class='ocrx_word' id='word_1_331' title='bbox 795 3246 997 3315; x_wconf 83' lang='grc' dir='ltr'><strong>κόσμον</strong></span> <span class='ocrx_word' id='word_1_332' title='bbox 1026 3249 1093 3318; x_wconf 81' lang='grc' dir='ltr'><strong>τῇ</strong></span> <span class='ocrx_word' id='word_1_333' title='bbox 1121 3251 1186 3320; x_wconf 80' lang='grc' dir='ltr'><strong>σῇ</strong></span> <span class='ocrx_word' id='word_1_334' title='bbox 1212 3251 1320 3304; x_wconf 88' lang='grc' dir='ltr'><strong>τῶν</strong></span> <span class='ocrx_word' id='word_1_335' title='bbox 1351 3251 1530 3308; x_wconf 83' lang='grc' dir='ltr'><strong>καλῶν</strong></span> <span class='ocrx_word' id='word_1_336' title='bbox 1557 3254 1872 3328; x_wconf 74' lang='grc' dir='ltr'><strong>ἀνθοφορίᾳ.</strong></span> 
     </span>
    </p>
   </div>
   <div class='ocr_carea' id='block_1_51' title="bbox 324 3322 1889 3418">
    <p class='ocr_par' dir='ltr' id='par_1_51' title="bbox 324 3322 1889 3418">
     <span class='ocr_line' id='line_1_51' title="bbox 324 3322 1889 3418; baseline 0.02 -41"><span class='ocrx_word' id='word_1_337' title='bbox 324 3322 390 3418; x_wconf 69' lang='grc' dir='ltr'><strong><em>ᾞ</em></strong></span> <span class='ocrx_word' id='word_1_338' title='bbox 427 3328 490 3380; x_wconf 68' lang='grc' dir='ltr'><strong>τὸ</strong></span> <span class='ocrx_word' id='word_1_339' title='bbox 511 3329 679 3394; x_wconf 78' lang='grc' dir='ltr'><strong>ἄνθος</strong></span> <span class='ocrx_word' id='word_1_340' title='bbox 732 3333 1044 3405; x_wconf 84' lang='grc' dir='ltr'><strong>ἀνασχοῦσα</strong></span> <span class='ocrx_word' id='word_1_341' title='bbox 1069 3339 1168 3409; x_wconf 84' lang='grc' dir='ltr'><strong>τῆς</strong></span> <span class='ocrx_word' id='word_1_342' title='bbox 1218 3342 1514 3413; x_wconf 86' lang='grc' dir='ltr'><strong>σωτηρίας,</strong></span> <span class='ocrx_word' id='word_1_343' title='bbox 1540 3322 1770 3415; x_wconf 38' lang='grc' dir='ltr'><strong>τρέφεις.</strong></span> <span class='ocrx_word' id='word_1_344' title='bbox 1811 3322 1889 3418; x_wconf 70' lang='grc' dir='ltr'><strong>’έῷ</strong></span> 
     </span>
    </p>
   </div>
   <div class='ocr_carea' id='block_1_52' title="bbox 314 3415 1887 3503">
    <p class='ocr_par' dir='ltr' id='par_1_52' title="bbox 314 3415 1887 3503">
     <span class='ocr_line' id='line_1_52' title="bbox 314 3415 1887 3503; baseline 0.015 -36"><span class='ocrx_word' id='word_1_345' title='bbox 314 3415 379 3468; x_wconf 84' lang='grc' dir='ltr'><strong>ἐκ</strong></span> <span class='ocrx_word' id='word_1_346' title='bbox 412 3419 508 3471; x_wconf 78' lang='grc' dir='ltr'><strong>σοῦ</strong></span> <span class='ocrx_word' id='word_1_347' title='bbox 527 3423 901 3494; x_wconf 82' lang='grc' dir='ltr'><strong>πεφυραμένῳ</strong></span> <span class='ocrx_word' id='word_1_348' title='bbox 946 3425 1144 3498; x_wconf 83' lang='grc' dir='ltr'><strong>ζωηρῷ</strong></span> <span class='ocrx_word' id='word_1_349' title='bbox 1182 3429 1350 3502; x_wconf 82' lang='grc' dir='ltr'><strong>ἄρτῳ.</strong></span> <span class='ocrx_word' id='word_1_350' title='bbox 1407 3433 1683 3503; x_wconf 78' lang='grc' dir='ltr'><strong>Πηγάζεις</strong></span> <span class='ocrx_word' id='word_1_351' title='bbox 1733 3415 1887 3491; x_wconf 50' lang='grc' dir='ltr'><strong>ἁδιαξ</strong></span> 
     </span>
    </p>
   </div>
   <div class='ocr_carea' id='block_1_53' title="bbox 315 3506 1890 3597">
    <p class='ocr_par' dir='ltr' id='par_1_53' title="bbox 315 3506 1890 3597">
     <span class='ocr_line' id='line_1_53' title="bbox 315 3506 1890 3597; baseline 0.015 -36"><span class='ocrx_word' id='word_1_352' title='bbox 315 3506 552 3576; x_wconf 80' lang='grc' dir='ltr'><strong>λείπτως</strong></span> <span class='ocrx_word' id='word_1_353' title='bbox 610 3514 710 3580; x_wconf 77' lang='grc' dir='ltr'><strong>τὰς</strong></span> <span class='ocrx_word' id='word_1_354' title='bbox 755 3515 985 3588; x_wconf 84' lang='grc' dir='ltr'><strong>δωρεὰς,</strong></span> <span class='ocrx_word' id='word_1_355' title='bbox 1034 3522 1128 3574; x_wconf 77' lang='grc' dir='ltr'><strong>καὶ</strong></span> <span class='ocrx_word' id='word_1_356' title='bbox 1191 3525 1256 3594; x_wconf 82' lang='grc' dir='ltr'><strong>τῇ</strong></span> <span class='ocrx_word' id='word_1_357' title='bbox 1279 3525 1489 3596; x_wconf 83' lang='grc' dir='ltr'><strong>ἀεννάῳ</strong></span> <span class='ocrx_word' id='word_1_358' title='bbox 1537 3525 1722 3597; x_wconf 85' lang='grc' dir='ltr'><strong>βλύσει</strong></span> <span class='ocrx_word' id='word_1_359' title='bbox 1779 3530 1890 3584; x_wconf 90' lang='grc' dir='ltr'><strong>τῶν</strong></span> 
     </span>
    </p>
   </div>
   <div class='ocr_carea' id='block_1_54' title="bbox 312 3605 1890 3689">
    <p class='ocr_par' dir='ltr' id='par_1_54' title="bbox 312 3605 1890 3689">
     <span class='ocr_line' id='line_1_54' title="bbox 312 3605 1890 3689; baseline 0.005 -32"><span class='ocrx_word' id='word_1_360' title='bbox 312 3605 722 3676; x_wconf 79' lang='grc' dir='ltr'><strong>χρηστοτέρων,</strong></span> <span class='ocrx_word' id='word_1_361' title='bbox 768 3607 868 3680; x_wconf 81' lang='grc' dir='ltr'><strong>τὴν</strong></span> <span class='ocrx_word' id='word_1_362' title='bbox 894 3611 1000 3664; x_wconf 86' lang='grc' dir='ltr'><strong>τῶν</strong></span> <span class='ocrx_word' id='word_1_363' title='bbox 1033 3615 1408 3685; x_wconf 83' lang='grc' dir='ltr'><strong>περιστάσεων</strong></span> <span class='ocrx_word' id='word_1_364' title='bbox 1467 3620 1639 3689; x_wconf 82' lang='grc' dir='ltr'><strong>φορὰν</strong></span> <span class='ocrx_word' id='word_1_365' title='bbox 1689 3623 1890 3675; x_wconf 84' lang='grc' dir='ltr'><strong>ἀνακό-</strong></span> 
     </span>
    </p>
   </div>
   <div class='ocr_carea' id='block_1_55' title="bbox 316 3695 1887 3781">
    <p class='ocr_par' dir='ltr' id='par_1_55' title="bbox 316 3695 1887 3781">
     <span class='ocr_line' id='line_1_55' title="bbox 316 3695 1887 3781; baseline 0.017 -39"><span class='ocrx_word' id='word_1_366' title='bbox 316 3707 500 3756; x_wconf 76' lang='grc' dir='ltr'><strong>πτεις.</strong></span> <span class='ocrx_word' id='word_1_367' title='bbox 559 3695 890 3762; x_wconf 77' lang='grc' dir='ltr'><strong>Σκεδάζεται</strong></span> <span class='ocrx_word' id='word_1_368' title='bbox 938 3701 1037 3770; x_wconf 85' lang='grc' dir='ltr'><strong>τῆς</strong></span> <span class='ocrx_word' id='word_1_369' title='bbox 1078 3705 1316 3774; x_wconf 84' lang='grc' dir='ltr'><strong>ἀθυμίας</strong></span> <span class='ocrx_word' id='word_1_370' title='bbox 1343 3707 1414 3761; x_wconf 81' lang='grc' dir='ltr'><strong>τὰ</strong></span> <span class='ocrx_word' id='word_1_371' title='bbox 1462 3711 1618 3781; x_wconf 83' lang='grc' dir='ltr'><strong>νέφη,</strong></span> <span class='ocrx_word' id='word_1_372' title='bbox 1652 3712 1740 3766; x_wconf 84' lang='grc' dir='ltr'><strong>διὰ</strong></span> <span class='ocrx_word' id='word_1_373' title='bbox 1793 3714 1887 3768; x_wconf 78' lang='grc' dir='ltr'><strong>σοῦ</strong></span> 
     </span>
    </p>
   </div>
   <div class='ocr_carea' id='block_1_56' title="bbox 311 3784 1890 3877">
    <p class='ocr_par' dir='ltr' id='par_1_56' title="bbox 311 3784 1890 3877">
     <span class='ocr_line' id='line_1_56' title="bbox 311 3784 1890 3877; baseline 0.016 -42"><span class='ocrx_word' id='word_1_374' title='bbox 311 3784 536 3854; x_wconf 74' lang='grc' dir='ltr'><strong>αἰθρίας</strong></span> <span class='ocrx_word' id='word_1_375' title='bbox 565 3788 658 3842; x_wconf 80' lang='grc' dir='ltr'><strong>τὸν</strong></span> <span class='ocrx_word' id='word_1_376' title='bbox 708 3789 823 3861; x_wconf 86' lang='grc' dir='ltr'><strong>βίον</strong></span> <span class='ocrx_word' id='word_1_377' title='bbox 851 3793 1238 3866; x_wconf 81' lang='grc' dir='ltr'><strong>ἀγλαῐζούσης.</strong></span> <span class='ocrx_word' id='word_1_378' title='bbox 1285 3797 1601 3857; x_wconf 83' lang='grc' dir='ltr'><strong>Ἐλαύνεται</strong></span> <span class='ocrx_word' id='word_1_379' title='bbox 1634 3804 1802 3877; x_wconf 84' lang='grc' dir='ltr'><strong>πάθη,</strong></span> <span class='ocrx_word' id='word_1_380' title='bbox 1827 3806 1890 3860; x_wconf 84' lang='grc' dir='ltr'><strong>τὸ</strong></span> 
     </span>
    </p>
   </div>
   <div class='ocr_carea' id='block_1_57' title="bbox 309 3877 1884 3965">
    <p class='ocr_par' dir='ltr' id='par_1_57' title="bbox 309 3877 1884 3965">
     <span class='ocr_line' id='line_1_57' title="bbox 309 3877 1884 3965; baseline 0.016 -36"><span class='ocrx_word' id='word_1_381' title='bbox 309 3877 552 3950; x_wconf 69' lang='grc' dir='ltr'><strong>φοϐερὸν</strong></span> <span class='ocrx_word' id='word_1_382' title='bbox 605 3882 714 3936; x_wconf 88' lang='grc' dir='ltr'><strong>τῶν</strong></span> <span class='ocrx_word' id='word_1_383' title='bbox 767 3886 1030 3941; x_wconf 82' lang='grc' dir='ltr'><strong>κινδύνων</strong></span> <span class='ocrx_word' id='word_1_384' title='bbox 1083 3889 1164 3952; x_wconf 85' lang='grc' dir='ltr'><strong>εἰς</strong></span> <span class='ocrx_word' id='word_1_385' title='bbox 1217 3889 1403 3946; x_wconf 85' lang='grc' dir='ltr'><strong>ἄνεσιν</strong></span> <span class='ocrx_word' id='word_1_386' title='bbox 1433 3896 1833 3965; x_wconf 79' lang='grc' dir='ltr'><strong>μεταϐάλλεται</strong></span> <span class='ocrx_word' id='word_1_387' title='bbox 1867 3917 1884 3934; x_wconf 75' lang='grc' dir='ltr'><strong>ο</strong></span> 
     </span>
    </p>
   </div>
   <div class='ocr_carea' id='block_1_58' title="bbox 308 3968 1889 4056">
    <p class='ocr_par' dir='ltr' id='par_1_58' title="bbox 308 3968 1889 4056">
     <span class='ocr_line' id='line_1_58' title="bbox 308 3968 1889 4056; baseline 0.016 -36"><span class='ocrx_word' id='word_1_388' title='bbox 308 3968 486 4035; x_wconf 77' lang='grc' dir='ltr'><strong>οὐδὲν,</strong></span> <span class='ocrx_word' id='word_1_389' title='bbox 512 3969 544 4022; x_wconf 77' lang='grc' dir='ltr'>ὅ</span> <span class='ocrx_word' id='word_1_390' title='bbox 575 3970 651 4042; x_wconf 79' lang='grc' dir='ltr'><strong>μὴ</strong></span> <span class='ocrx_word' id='word_1_391' title='bbox 697 3976 1055 4045; x_wconf 84' lang='grc' dir='ltr'><strong>παραγίνεται</strong></span> <span class='ocrx_word' id='word_1_392' title='bbox 1091 3978 1199 4032; x_wconf 88' lang='grc' dir='ltr'><strong>τῶν</strong></span> <span class='ocrx_word' id='word_1_393' title='bbox 1249 3985 1519 4052; x_wconf 85' lang='grc' dir='ltr'><strong>χρηστῶν.</strong></span> <span class='ocrx_word' id='word_1_394' title='bbox 1584 3987 1678 4040; x_wconf 83' lang='grc' dir='ltr'><strong>σοῦ</strong></span> <span class='ocrx_word' id='word_1_395' title='bbox 1708 3988 1889 4056; x_wconf 86' lang='grc' dir='ltr'><strong>βουλο-</strong></span> 
     </span>
    </p>
   </div>
   <div class='ocr_carea' id='block_1_59' title="bbox 311 4061 1884 4148">
    <p class='ocr_par' dir='ltr' id='par_1_59' title="bbox 311 4061 1884 4148">
     <span class='ocr_line' id='line_1_59' title="bbox 311 4061 1884 4148; baseline 0.015 -33"><span class='ocrx_word' id='word_1_396' title='bbox 311 4061 486 4132; x_wconf 79' lang='grc' dir='ltr'><strong>μένης</strong></span> <span class='ocrx_word' id='word_1_397' title='bbox 520 4078 540 4096; x_wconf 75' lang='grc' dir='ltr'><strong><em>ο</em></strong></span> <span class='ocrx_word' id='word_1_398' title='bbox 575 4066 670 4118; x_wconf 74' lang='grc' dir='ltr'><strong>καὶ</strong></span> <span class='ocrx_word' id='word_1_399' title='bbox 728 4067 881 4121; x_wconf 84' lang='grc' dir='ltr'><strong>οὐδὲν</strong></span> <span class='ocrx_word' id='word_1_400' title='bbox 908 4069 936 4122; x_wconf 84' lang='grc' dir='ltr'><strong>ὃ</strong></span> <span class='ocrx_word' id='word_1_401' title='bbox 971 4070 1044 4142; x_wconf 87' lang='grc' dir='ltr'><strong>μὴ</strong></span> <span class='ocrx_word' id='word_1_402' title='bbox 1077 4071 1268 4141; x_wconf 80' lang='grc' dir='ltr'><strong>φεύγει</strong></span> <span class='ocrx_word' id='word_1_403' title='bbox 1296 4075 1404 4129; x_wconf 92' lang='grc' dir='ltr'><strong>τῶν</strong></span> <span class='ocrx_word' id='word_1_404' title='bbox 1451 4078 1730 4148; x_wconf 77' lang='grc' dir='ltr'><strong>ἐναντίων,</strong></span> <span class='ocrx_word' id='word_1_405' title='bbox 1790 4083 1884 4137; x_wconf 87' lang='grc' dir='ltr'>σοῦ</span> 
     </span>
    </p>
   </div>
   <div class='ocr_carea' id='block_1_60' title="bbox 305 4153 1877 4236">
    <p class='ocr_par' dir='ltr' id='par_1_60' title="bbox 305 4153 1877 4236">
     <span class='ocr_line' id='line_1_60' title="bbox 305 4153 1877 4236; baseline 0.015 -29"><span class='ocrx_word' id='word_1_406' title='bbox 305 4153 668 4227; x_wconf 72' lang='grc' dir='ltr'><strong>ἀμυνούσηςο</strong></span> <span class='ocrx_word' id='word_1_407' title='bbox 711 4161 999 4216; x_wconf 77' lang='grc' dir='ltr'><strong>κατανεύει</strong></span> <span class='ocrx_word' id='word_1_408' title='bbox 1045 4164 1154 4236; x_wconf 82' lang='grc' dir='ltr'><strong>γὰρ</strong></span> <span class='ocrx_word' id='word_1_409' title='bbox 1202 4166 1290 4218; x_wconf 74' lang='grc' dir='ltr'><strong>ἀεὶ</strong></span> <span class='ocrx_word' id='word_1_410' title='bbox 1316 4169 1408 4221; x_wconf 79' lang='grc' dir='ltr'><strong>ἐπὶ</strong></span> <span class='ocrx_word' id='word_1_411' title='bbox 1454 4171 1610 4236; x_wconf 73' lang='grc' dir='ltr'><strong>πᾶσι,</strong></span> <span class='ocrx_word' id='word_1_412' title='bbox 1666 4175 1762 4228; x_wconf 79' lang='grc' dir='ltr'><strong>καὶ</strong></span> <span class='ocrx_word' id='word_1_413' title='bbox 1794 4176 1877 4229; x_wconf 87' lang='grc' dir='ltr'>δί-</span> 
     </span>
    </p>
   </div>
   <div class='ocr_carea' id='block_1_61' title="bbox 303 4245 1880 4336">
    <p class='ocr_par' dir='ltr' id='par_1_61' title="bbox 303 4245 1880 4336">
     <span class='ocr_line' id='line_1_61' title="bbox 303 4245 1880 4336; baseline 0.016 -37"><span class='ocrx_word' id='word_1_414' title='bbox 303 4245 445 4300; x_wconf 85' lang='grc' dir='ltr'><strong>δωσι</strong></span> <span class='ocrx_word' id='word_1_415' title='bbox 477 4250 663 4305; x_wconf 87' lang='grc' dir='ltr'><strong>πάντα</strong></span> <span class='ocrx_word' id='word_1_416' title='bbox 689 4250 776 4307; x_wconf 83' lang='grc' dir='ltr'>διὰ</span> <span class='ocrx_word' id='word_1_417' title='bbox 795 4252 908 4322; x_wconf 83' lang='grc' dir='ltr'><strong>σοῦ,</strong></span> <span class='ocrx_word' id='word_1_418' title='bbox 937 4258 966 4309; x_wconf 86' lang='grc' dir='ltr'>ὁ</span> <span class='ocrx_word' id='word_1_419' title='bbox 991 4257 1077 4310; x_wconf 78' lang='grc' dir='ltr'><strong>ἐπ’</strong></span> <span class='ocrx_word' id='word_1_420' title='bbox 1103 4258 1391 4336; x_wconf 80' lang='grc' dir='ltr'><strong>εὐεργεσίᾳ</strong></span> <span class='ocrx_word' id='word_1_421' title='bbox 1416 4262 1507 4316; x_wconf 81' lang='grc' dir='ltr'><strong>τοῦ</strong></span> <span class='ocrx_word' id='word_1_422' title='bbox 1541 4265 1880 4336; x_wconf 86' lang='grc' dir='ltr'><strong>πλάσματος,</strong></span> 
     </span>
    </p>
   </div>
   <div class='ocr_carea' id='block_1_62' title="bbox 301 4335 1886 4429">
    <p class='ocr_par' dir='ltr' id='par_1_62' title="bbox 301 4335 1886 4429">
     <span class='ocr_line' id='line_1_62' title="bbox 301 4335 1886 4429; baseline 0.015 -39"><span class='ocrx_word' id='word_1_423' title='bbox 301 4338 414 4409; x_wconf 77' lang='grc' dir='ltr'><strong>τὴν</strong></span> <span class='ocrx_word' id='word_1_424' title='bbox 447 4339 552 4411; x_wconf 80' lang='grc' dir='ltr'><strong>σὴν</strong></span> <span class='ocrx_word' id='word_1_425' title='bbox 581 4343 662 4405; x_wconf 84' lang='grc' dir='ltr'><strong>είς</strong></span> <span class='ocrx_word' id='word_1_426' title='bbox 688 4343 778 4398; x_wconf 80' lang='grc' dir='ltr'><strong>τὸν</strong></span> <span class='ocrx_word' id='word_1_427' title='bbox 812 4344 926 4415; x_wconf 90' lang='grc' dir='ltr'><strong>βίον</strong></span> <span class='ocrx_word' id='word_1_428' title='bbox 978 4335 1209 4420; x_wconf 81' lang='grc' dir='ltr'><strong>πάροδον</strong></span> <span class='ocrx_word' id='word_1_429' title='bbox 1258 4351 1529 4418; x_wconf 86' lang='grc' dir='ltr'><strong>δεδωκὼς,</strong></span> <span class='ocrx_word' id='word_1_430' title='bbox 1571 4356 1628 4424; x_wconf 83' lang='grc' dir='ltr'><strong>ἐξ</strong></span> <span class='ocrx_word' id='word_1_431' title='bbox 1661 4335 1723 4412; x_wconf 71' lang='grc' dir='ltr'><strong>οὐ</strong></span> <span class='ocrx_word' id='word_1_432' title='bbox 1747 4360 1886 4429; x_wconf 82' lang='grc' dir='ltr'><strong>πρὸς</strong></span> 
     </span>
    </p>
   </div>
   <div class='ocr_carea' id='block_1_63' title="bbox 1989 1889 3548 1960">
    <p class='ocr_par' dir='ltr' id='par_1_63' title="bbox 1989 1889 3548 1960">
     <span class='ocr_line' id='line_1_63' title="bbox 1989 1889 3548 1960; baseline 0.003 -15"><span class='ocrx_word' id='word_1_433' title='bbox 1989 1889 2248 1960; x_wconf 88' lang='lat' dir='ltr'><strong>loquendi</strong></span> <span class='ocrx_word' id='word_1_434' title='bbox 2295 1891 2530 1958; x_wconf 82' lang='lat' dir='ltr'><strong>ﬁducia;</strong></span> <span class='ocrx_word' id='word_1_435' title='bbox 2573 1894 2782 1948; x_wconf 92' lang='lat' dir='ltr'><strong>nullum</strong></span> <span class='ocrx_word' id='word_1_436' title='bbox 2813 1895 2995 1949; x_wconf 85' lang='lat' dir='ltr'><strong>tristia</strong></span> <span class='ocrx_word' id='word_1_437' title='bbox 3028 1895 3207 1950; x_wconf 92' lang='lat' dir='ltr'><strong>locum</strong></span> <span class='ocrx_word' id='word_1_438' title='bbox 3235 1893 3548 1958; x_wconf 87' lang='lat' dir='ltr'><strong>inveniunt.</strong></span> 
     </span>
    </p>
   </div>
   <div class='ocr_carea' id='block_1_64' title="bbox 1989 1978 3549 2054">
    <p class='ocr_par' dir='ltr' id='par_1_64' title="bbox 1989 1978 3549 2054">
     <span class='ocr_line' id='line_1_64' title="bbox 1989 1978 3549 2054; baseline 0.004 -22"><span class='ocrx_word' id='word_1_439' title='bbox 1989 1978 2083 2033; x_wconf 89' lang='lat' dir='ltr'><strong>ubi</strong></span> <span class='ocrx_word' id='word_1_440' title='bbox 2147 1979 2228 2034; x_wconf 87' lang='lat' dir='ltr'><strong>tui</strong></span> <span class='ocrx_word' id='word_1_441' title='bbox 2290 1982 2598 2050; x_wconf 88' lang='lat' dir='ltr'><strong>splendoris</strong></span> <span class='ocrx_word' id='word_1_442' title='bbox 2629 1983 2812 2037; x_wconf 69' lang='lat' dir='ltr'><strong>lmtitia</strong></span> <span class='ocrx_word' id='word_1_443' title='bbox 2884 1983 3124 2054; x_wconf 81' lang='lat' dir='ltr'><strong>afl‘ulget.</strong></span> <span class='ocrx_word' id='word_1_444' title='bbox 3179 1983 3315 2038; x_wconf 86' lang='lat' dir='ltr'><strong>Cum</strong></span> <span class='ocrx_word' id='word_1_445' title='bbox 3344 1985 3549 2039; x_wconf 88' lang='lat' dir='ltr'><strong>enima</strong></span> 
     </span>
    </p>
   </div>
   <div class='ocr_carea' id='block_1_65' title="bbox 1990 2069 3549 2142">
    <p class='ocr_par' dir='ltr' id='par_1_65' title="bbox 1990 2069 3549 2142">
     <span class='ocr_line' id='line_1_65' title="bbox 1990 2069 3549 2142; baseline 0.005 -22"><span class='ocrx_word' id='word_1_446' title='bbox 1990 2069 2263 2139; x_wconf 90' lang='lat' dir='ltr'><strong>principio</strong></span> <span class='ocrx_word' id='word_1_447' title='bbox 2290 2069 2346 2124; x_wconf 89' lang='lat' dir='ltr'><strong>in</strong></span> <span class='ocrx_word' id='word_1_448' title='bbox 2379 2070 2527 2125; x_wconf 89' lang='lat' dir='ltr'><strong>hunc</strong></span> <span class='ocrx_word' id='word_1_449' title='bbox 2551 2072 2817 2127; x_wconf 87' lang='lat' dir='ltr'><strong>mundum</strong></span> <span class='ocrx_word' id='word_1_450' title='bbox 2849 2075 3086 2139; x_wconf 83' lang='lat' dir='ltr'><strong>veneris,</strong></span> <span class='ocrx_word' id='word_1_451' title='bbox 3122 2081 3182 2127; x_wconf 93' lang='lat' dir='ltr'><strong>ut</strong></span> <span class='ocrx_word' id='word_1_452' title='bbox 3208 2073 3332 2128; x_wconf 67' lang='lat' dir='ltr'><strong>laeto</strong></span> <span class='ocrx_word' id='word_1_453' title='bbox 3374 2071 3549 2142; x_wconf 78' lang='lat' dir='ltr'><strong>magis</strong></span> 
     </span>
    </p>
   </div>
   <div class='ocr_carea' id='block_1_66' title="bbox 1989 2163 3547 2234">
    <p class='ocr_par' dir='ltr' id='par_1_66' title="bbox 1989 2163 3547 2234">
     <span class='ocr_line' id='line_1_66' title="bbox 1989 2163 3547 2234; baseline -0.001 -17"><span class='ocrx_word' id='word_1_454' title='bbox 1989 2168 2133 2217; x_wconf 89' lang='lat' dir='ltr'><strong>statu</strong></span> <span class='ocrx_word' id='word_1_455' title='bbox 2162 2175 2538 2233; x_wconf 88' lang='lat' dir='ltr'><strong>componeres,</strong></span> <span class='ocrx_word' id='word_1_456' title='bbox 2569 2163 2812 2218; x_wconf 89' lang='lat' dir='ltr'><strong>eamdem</strong></span> <span class='ocrx_word' id='word_1_457' title='bbox 2830 2179 3040 2234; x_wconf 84' lang='lat' dir='ltr'><strong>semper</strong></span> <span class='ocrx_word' id='word_1_458' title='bbox 3066 2164 3269 2220; x_wconf 90' lang='lat' dir='ltr'><strong>retines</strong></span> <span class='ocrx_word' id='word_1_459' title='bbox 3297 2163 3547 2234; x_wconf 81' lang='lat' dir='ltr'><strong>volupta-</strong></span> 
     </span>
    </p>
   </div>
   <div class='ocr_carea' id='block_1_67' title="bbox 1989 2254 3549 2326">
    <p class='ocr_par' dir='ltr' id='par_1_67' title="bbox 1989 2254 3549 2326">
     <span class='ocr_line' id='line_1_67' title="bbox 1989 2254 3549 2326; baseline 0.002 -19"><span class='ocrx_word' id='word_1_460' title='bbox 1989 2262 2120 2320; x_wconf 91' lang='lat' dir='ltr'><strong>tem,</strong></span> <span class='ocrx_word' id='word_1_461' title='bbox 2169 2268 2272 2310; x_wconf 88' lang='lat' dir='ltr'><strong>nec</strong></span> <span class='ocrx_word' id='word_1_462' title='bbox 2317 2268 2557 2325; x_wconf 90' lang='lat' dir='ltr'><strong>unquam</strong></span> <span class='ocrx_word' id='word_1_463' title='bbox 2599 2254 2862 2311; x_wconf 81' lang='lat' dir='ltr'><strong>beneﬁcia</strong></span> <span class='ocrx_word' id='word_1_464' title='bbox 2899 2255 3059 2311; x_wconf 90' lang='lat' dir='ltr'><strong>nobis</strong></span> <span class='ocrx_word' id='word_1_465' title='bbox 3110 2263 3372 2326; x_wconf 64' lang='lat' dir='ltr'><strong>praestare</strong></span> <span class='ocrx_word' id='word_1_466' title='bbox 3427 2269 3549 2315; x_wconf 81' lang='lat' dir='ltr'><strong>ces-</strong></span> 
     </span>
    </p>
   </div>
   <div class='ocr_carea' id='block_1_68' title="bbox 1989 2344 2106 2399">
    <p class='ocr_par' dir='ltr' id='par_1_68' title="bbox 1989 2344 2106 2399">
     <span class='ocr_line' id='line_1_68' title="bbox 1989 2344 2106 2399; baseline -0.017 -1"><span class='ocrx_word' id='word_1_467' title='bbox 1989 2344 2106 2399; x_wconf 82' lang='lat' dir='ltr'><strong>sas.</strong></span> 
     </span>
    </p>
   </div>
   <div class='ocr_carea' id='block_1_69' title="bbox 2059 2430 3546 2507">
    <p class='ocr_par' dir='ltr' id='par_1_69' title="bbox 2059 2430 3546 2507">
     <span class='ocr_line' id='line_1_69' title="bbox 2059 2430 3546 2507; baseline 0.004 -20"><span class='ocrx_word' id='word_1_468' title='bbox 2059 2432 2190 2487; x_wconf 89' lang='lat' dir='ltr'><strong>Erat</strong></span> <span class='ocrx_word' id='word_1_469' title='bbox 2229 2430 2490 2490; x_wconf 87' lang='lat' dir='ltr'><strong>Israelitis</strong></span> <span class='ocrx_word' id='word_1_470' title='bbox 2523 2449 2742 2506; x_wconf 86' lang='lat' dir='ltr'><strong>quoque</strong></span> <span class='ocrx_word' id='word_1_471' title='bbox 2787 2436 3192 2504; x_wconf 82' lang='lat' dir='ltr'><strong>candelabrum,</strong></span> <span class='ocrx_word' id='word_1_472' title='bbox 3237 2436 3546 2507; x_wconf 86' lang='lat' dir='ltr'><strong>septenario</strong></span> 
     </span>
    </p>
   </div>
   <div class='ocr_carea' id='block_1_70' title="bbox 1990 2523 3547 2601">
    <p class='ocr_par' dir='ltr' id='par_1_70' title="bbox 1990 2523 3547 2601">
     <span class='ocr_line' id='line_1_70' title="bbox 1990 2523 3547 2601; baseline 0.005 -24"><span class='ocrx_word' id='word_1_473' title='bbox 1990 2523 2257 2578; x_wconf 88' lang='lat' dir='ltr'><strong>luminum</strong></span> <span class='ocrx_word' id='word_1_474' title='bbox 2313 2525 2524 2596; x_wconf 78' lang='lat' dir='ltr'><strong>fulgore</strong></span> <span class='ocrx_word' id='word_1_475' title='bbox 2579 2527 2968 2598; x_wconf 89' lang='lat' dir='ltr'><strong>conspicuum;</strong></span> <span class='ocrx_word' id='word_1_476' title='bbox 3009 2537 3062 2583; x_wconf 90' lang='lat' dir='ltr'><strong>et</strong></span> <span class='ocrx_word' id='word_1_477' title='bbox 3115 2544 3271 2596; x_wconf 90' lang='lat' dir='ltr'><strong>urna,</strong></span> <span class='ocrx_word' id='word_1_478' title='bbox 3327 2529 3382 2584; x_wconf 92' lang='lat' dir='ltr'><strong>in</strong></span> <span class='ocrx_word' id='word_1_479' title='bbox 3438 2545 3547 2601; x_wconf 86' lang='lat' dir='ltr'><strong>qua</strong></span> 
     </span>
    </p>
   </div>
   <div class='ocr_carea' id='block_1_71' title="bbox 1989 2617 3546 2690">
    <p class='ocr_par' dir='ltr' id='par_1_71' title="bbox 1989 2617 3546 2690">
     <span class='ocr_line' id='line_1_71' title="bbox 1989 2617 3546 2690; baseline 0.003 -19"><span class='ocrx_word' id='word_1_480' title='bbox 1989 2631 2188 2671; x_wconf 87' lang='lat' dir='ltr'><strong>manna</strong></span> <span class='ocrx_word' id='word_1_481' title='bbox 2217 2617 2574 2684; x_wconf 87' lang='lat' dir='ltr'><strong>servabatur;</strong></span> <span class='ocrx_word' id='word_1_482' title='bbox 2605 2627 2659 2674; x_wconf 91' lang='lat' dir='ltr'><strong>et</strong></span> <span class='ocrx_word' id='word_1_483' title='bbox 2695 2618 2870 2688; x_wconf 76' lang='lat' dir='ltr'><strong>virga,</strong></span> <span class='ocrx_word' id='word_1_484' title='bbox 2901 2619 3236 2690; x_wconf 79' lang='lat' dir='ltr'><strong>virginitatis</strong></span> <span class='ocrx_word' id='word_1_485' title='bbox 3268 2629 3374 2675; x_wconf 88' lang='lat' dir='ltr'><strong>tuae</strong></span> <span class='ocrx_word' id='word_1_486' title='bbox 3405 2635 3546 2690; x_wconf 68' lang='lat' dir='ltr'><strong>prae-</strong></span> 
     </span>
    </p>
   </div>
   <div class='ocr_carea' id='block_1_72' title="bbox 1988 2707 3546 2789">
    <p class='ocr_par' dir='ltr' id='par_1_72' title="bbox 1988 2707 3546 2789">
     <span class='ocr_line' id='line_1_72' title="bbox 1988 2707 3546 2789; baseline 0.001 -26"><span class='ocrx_word' id='word_1_487' title='bbox 1988 2708 2229 2789; x_wconf 81' lang='lat' dir='ltr'><strong>conium,</strong></span> <span class='ocrx_word' id='word_1_488' title='bbox 2256 2709 2412 2779; x_wconf 87' lang='lat' dir='ltr'><strong>quasi</strong></span> <span class='ocrx_word' id='word_1_489' title='bbox 2442 2707 2628 2765; x_wconf 86' lang='lat' dir='ltr'><strong>ﬂorem</strong></span> <span class='ocrx_word' id='word_1_490' title='bbox 2677 2709 2968 2776; x_wconf 89' lang='lat' dir='ltr'><strong>emittens;</strong></span> <span class='ocrx_word' id='word_1_491' title='bbox 3001 2720 3056 2766; x_wconf 93' lang='lat' dir='ltr'><strong>et</strong></span> <span class='ocrx_word' id='word_1_492' title='bbox 3095 2710 3150 2766; x_wconf 89' lang='lat' dir='ltr'><strong>id</strong></span> <span class='ocrx_word' id='word_1_493' title='bbox 3198 2725 3371 2782; x_wconf 78' lang='lat' dir='ltr'><strong>genus</strong></span> <span class='ocrx_word' id='word_1_494' title='bbox 3419 2711 3546 2774; x_wconf 87' lang='lat' dir='ltr'><strong>alia,</strong></span> 
     </span>
    </p>
   </div>
   <div class='ocr_carea' id='block_1_73' title="bbox 1989 2801 3549 2871">
    <p class='ocr_par' dir='ltr' id='par_1_73' title="bbox 1989 2801 3549 2871">
     <span class='ocr_line' id='line_1_73' title="bbox 1989 2801 3549 2871; baseline 0.003 -16"><span class='ocrx_word' id='word_1_495' title='bbox 1989 2801 2190 2871; x_wconf 89' lang='lat' dir='ltr'><strong>quibus</strong></span> <span class='ocrx_word' id='word_1_496' title='bbox 2217 2801 2366 2856; x_wconf 87' lang='lat' dir='ltr'><strong>natio</strong></span> <span class='ocrx_word' id='word_1_497' title='bbox 2383 2801 2474 2858; x_wconf 87' lang='lat' dir='ltr'><strong>illa</strong></span> <span class='ocrx_word' id='word_1_498' title='bbox 2496 2802 2688 2858; x_wconf 89' lang='lat' dir='ltr'><strong>merito</strong></span> <span class='ocrx_word' id='word_1_499' title='bbox 2726 2816 2893 2871; x_wconf 87' lang='lat' dir='ltr'><strong>super</strong></span> <span class='ocrx_word' id='word_1_500' title='bbox 2933 2816 3125 2860; x_wconf 92' lang='lat' dir='ltr'><strong>omnes</strong></span> <span class='ocrx_word' id='word_1_501' title='bbox 3153 2803 3404 2860; x_wconf 88' lang='lat' dir='ltr'><strong>nationes</strong></span> <span class='ocrx_word' id='word_1_502' title='bbox 3426 2818 3549 2859; x_wconf 86' lang='lat' dir='ltr'><strong>sese</strong></span> 
     </span>
    </p>
   </div>
   <div class='ocr_carea' id='block_1_74' title="bbox 1987 2892 3551 2959">
    <p class='ocr_par' dir='ltr' id='par_1_74' title="bbox 1987 2892 3551 2959">
     <span class='ocr_line' id='line_1_74' title="bbox 1987 2892 3551 2959; baseline 0.001 -10"><span class='ocrx_word' id='word_1_503' title='bbox 1987 2893 2263 2949; x_wconf 77' lang='lat' dir='ltr'><strong>efferebat.</strong></span> <span class='ocrx_word' id='word_1_504' title='bbox 2304 2892 2502 2948; x_wconf 84' lang='lat' dir='ltr'><strong>Verum</strong></span> <span class='ocrx_word' id='word_1_505' title='bbox 2530 2903 2877 2950; x_wconf 86' lang='lat' dir='ltr'><strong>recesserunt</strong></span> <span class='ocrx_word' id='word_1_506' title='bbox 2904 2894 3017 2950; x_wconf 63' lang='lat' dir='ltr'><strong>haec</strong></span> <span class='ocrx_word' id='word_1_507' title='bbox 3047 2895 3258 2959; x_wconf 86' lang='lat' dir='ltr'><strong>omnia,</strong></span> <span class='ocrx_word' id='word_1_508' title='bbox 3287 2910 3412 2950; x_wconf 91' lang='lat' dir='ltr'><strong>cum</strong></span> <span class='ocrx_word' id='word_1_509' title='bbox 3459 2895 3551 2950; x_wconf 79' lang='lat' dir='ltr'><strong>ln-</strong></span> 
     </span>
    </p>
   </div>
   <div class='ocr_carea' id='block_1_75' title="bbox 1989 2983 3550 3058">
    <p class='ocr_par' dir='ltr' id='par_1_75' title="bbox 1989 2983 3550 3058">
     <span class='ocr_line' id='line_1_75' title="bbox 1989 2983 3550 3058; baseline -0.001 -16"><span class='ocrx_word' id='word_1_510' title='bbox 1989 2987 2132 3058; x_wconf 87' lang='lat' dir='ltr'><strong>clyto</strong></span> <span class='ocrx_word' id='word_1_511' title='bbox 2164 3000 2354 3041; x_wconf 88' lang='lat' dir='ltr'><strong>eorum</strong></span> <span class='ocrx_word' id='word_1_512' title='bbox 2403 2985 2624 3040; x_wconf 90' lang='lat' dir='ltr'><strong>nomine</strong></span> <span class='ocrx_word' id='word_1_513' title='bbox 2675 3001 2740 3041; x_wconf 92' lang='lat' dir='ltr'><strong>ac</strong></span> <span class='ocrx_word' id='word_1_514' title='bbox 2770 2986 3080 3056; x_wconf 79' lang='lat' dir='ltr'><strong>majestate.</strong></span> <span class='ocrx_word' id='word_1_515' title='bbox 3133 2985 3268 3041; x_wconf 87' lang='lat' dir='ltr'><strong>Cum</strong></span> <span class='ocrx_word' id='word_1_516' title='bbox 3321 2983 3466 3040; x_wconf 87' lang='lat' dir='ltr'><strong>enim</strong></span> <span class='ocrx_word' id='word_1_517' title='bbox 3495 2991 3550 3040; x_wconf 91' lang='lat' dir='ltr'><strong>te</strong></span> 
     </span>
    </p>
   </div>
   <div class='ocr_carea' id='block_1_76' title="bbox 1914 3075 3550 3174">
    <p class='ocr_par' dir='ltr' id='par_1_76' title="bbox 1914 3075 3550 3174">
     <span class='ocr_line' id='line_1_76' title="bbox 1914 3075 3550 3174; baseline -0.001 -42"><span class='ocrx_word' id='word_1_518' title='bbox 1914 3115 1958 3174; x_wconf 63' lang='grc' dir='ltr'>ο</span> <span class='ocrx_word' id='word_1_519' title='bbox 1990 3077 2406 3145; x_wconf 89' lang='lat' dir='ltr'><strong>adumbrarent,</strong></span> <span class='ocrx_word' id='word_1_520' title='bbox 2437 3078 2670 3134; x_wconf 89' lang='lat' dir='ltr'><strong>adventu</strong></span> <span class='ocrx_word' id='word_1_521' title='bbox 2703 3077 2927 3174; x_wconf 75' lang='lat' dir='ltr'><strong>fulgoris</strong></span> <span class='ocrx_word' id='word_1_522' title='bbox 2954 3079 3033 3134; x_wconf 90' lang='lat' dir='ltr'><strong>tui</strong></span> <span class='ocrx_word' id='word_1_523' title='bbox 3065 3077 3249 3174; x_wconf 76' lang='lat' dir='ltr'><strong>abdita</strong></span> <span class='ocrx_word' id='word_1_524' title='bbox 3281 3085 3429 3133; x_wconf 88' lang='lat' dir='ltr'><strong>sunt.</strong></span> <span class='ocrx_word' id='word_1_525' title='bbox 3468 3075 3550 3131; x_wconf 87' lang='lat' dir='ltr'><strong>Tu</strong></span> 
     </span>
    </p>
   </div>
   <div class='ocr_carea' id='block_1_77' title="bbox 1995 3168 3552 3239">
    <p class='ocr_par' dir='ltr' id='par_1_77' title="bbox 1995 3168 3552 3239">
     <span class='ocr_line' id='line_1_77' title="bbox 1995 3168 3552 3239; baseline -0.002 -15"><span class='ocrx_word' id='word_1_526' title='bbox 1995 3184 2145 3235; x_wconf 89' lang='lat' dir='ltr'><strong>vero,</strong></span> <span class='ocrx_word' id='word_1_527' title='bbox 2188 3177 2445 3238; x_wconf 86' lang='lat' dir='ltr'><strong>tanquam</strong></span> <span class='ocrx_word' id='word_1_528' title='bbox 2479 3177 2737 3239; x_wconf 88' lang='lat' dir='ltr'><strong>perpetuo</strong></span> <span class='ocrx_word' id='word_1_529' title='bbox 2767 3168 2969 3223; x_wconf 89' lang='lat' dir='ltr'><strong>lumine</strong></span> <span class='ocrx_word' id='word_1_530' title='bbox 3011 3169 3393 3224; x_wconf 87' lang='lat' dir='ltr'><strong>collustratum</strong></span> <span class='ocrx_word' id='word_1_531' title='bbox 3417 3183 3552 3224; x_wconf 90' lang='lat' dir='ltr'><strong>can-</strong></span> 
     </span>
    </p>
   </div>
   <div class='ocr_carea' id='block_1_78' title="bbox 1990 3257 3553 3329">
    <p class='ocr_par' dir='ltr' id='par_1_78' title="bbox 1990 3257 3553 3329">
     <span class='ocr_line' id='line_1_78' title="bbox 1990 3257 3553 3329; baseline 0.001 -17"><span class='ocrx_word' id='word_1_532' title='bbox 1990 3257 2272 3313; x_wconf 88' lang='lat' dir='ltr'><strong>delabrum</strong></span> <span class='ocrx_word' id='word_1_533' title='bbox 2303 3259 2492 3314; x_wconf 87' lang='lat' dir='ltr'><strong>lucens</strong></span> <span class='ocrx_word' id='word_1_534' title='bbox 2519 3273 2550 3313; x_wconf 91' lang='lat' dir='ltr'><strong>a</strong></span> <span class='ocrx_word' id='word_1_535' title='bbox 2575 3259 2786 3329; x_wconf 89' lang='lat' dir='ltr'><strong>peccati</strong></span> <span class='ocrx_word' id='word_1_536' title='bbox 2817 3259 3107 3315; x_wconf 88' lang='lat' dir='ltr'><strong>tenebrosa</strong></span> <span class='ocrx_word' id='word_1_537' title='bbox 3137 3268 3314 3315; x_wconf 86' lang='lat' dir='ltr'><strong>morte</strong></span> <span class='ocrx_word' id='word_1_538' title='bbox 3336 3259 3553 3322; x_wconf 85' lang='lat' dir='ltr'><strong>eruisti,</strong></span> 
     </span>
    </p>
   </div>
   <div class='ocr_carea' id='block_1_79' title="bbox 1990 3349 3554 3421">
    <p class='ocr_par' dir='ltr' id='par_1_79' title="bbox 1990 3349 3554 3421">
     <span class='ocr_line' id='line_1_79' title="bbox 1990 3349 3554 3421; baseline 0 -18"><span class='ocrx_word' id='word_1_539' title='bbox 1990 3349 2194 3421; x_wconf 77' lang='lat' dir='ltr'><strong>pariter</strong></span> <span class='ocrx_word' id='word_1_540' title='bbox 2219 3357 2382 3418; x_wconf 91' lang='lat' dir='ltr'><strong>atque</strong></span> <span class='ocrx_word' id='word_1_541' title='bbox 2405 3349 2576 3406; x_wconf 88' lang='lat' dir='ltr'><strong>eruis.</strong></span> <span class='ocrx_word' id='word_1_542' title='bbox 2609 3349 2866 3405; x_wconf 81' lang='lat' dir='ltr'><strong>Mundum</strong></span> <span class='ocrx_word' id='word_1_543' title='bbox 2911 3358 3082 3405; x_wconf 91' lang='lat' dir='ltr'><strong>totum</strong></span> <span class='ocrx_word' id='word_1_544' title='bbox 3116 3359 3334 3405; x_wconf 88' lang='lat' dir='ltr'><strong>tuarum</strong></span> <span class='ocrx_word' id='word_1_545' title='bbox 3379 3349 3554 3404; x_wconf 87' lang='lat' dir='ltr'><strong>virtu-</strong></span> 
     </span>
    </p>
   </div>
   <div class='ocr_carea' id='block_1_80' title="bbox 1992 3439 3552 3498">
    <p class='ocr_par' dir='ltr' id='par_1_80' title="bbox 1992 3439 3552 3498">
     <span class='ocr_line' id='line_1_80' title="bbox 1992 3439 3552 3498; baseline 0.001 -4"><span class='ocrx_word' id='word_1_546' title='bbox 1992 3449 2108 3495; x_wconf 91' lang='lat' dir='ltr'><strong>tum</strong></span> <span class='ocrx_word' id='word_1_547' title='bbox 2135 3439 2362 3496; x_wconf 81' lang='lat' dir='ltr'><strong>ﬂoribus</strong></span> <span class='ocrx_word' id='word_1_548' title='bbox 2387 3441 2526 3496; x_wconf 91' lang='lat' dir='ltr'><strong>bene</strong></span> <span class='ocrx_word' id='word_1_549' title='bbox 2575 3441 2815 3497; x_wconf 89' lang='lat' dir='ltr'><strong>olentem</strong></span> <span class='ocrx_word' id='word_1_550' title='bbox 2851 3440 3042 3498; x_wconf 74' lang='lat' dir='ltr'><strong>efﬁcis.</strong></span> <span class='ocrx_word' id='word_1_551' title='bbox 3101 3440 3308 3496; x_wconf 87' lang='lat' dir='ltr'><strong>Ferens</strong></span> <span class='ocrx_word' id='word_1_552' title='bbox 3359 3439 3552 3496; x_wconf 83' lang='lat' dir='ltr'><strong>salutis</strong></span> 
     </span>
    </p>
   </div>
   <div class='ocr_carea' id='block_1_81' title="bbox 1990 3530 3552 3602">
    <p class='ocr_par' dir='ltr' id='par_1_81' title="bbox 1990 3530 3552 3602">
     <span class='ocr_line' id='line_1_81' title="bbox 1990 3530 3552 3602; baseline -0.001 -17"><span class='ocrx_word' id='word_1_553' title='bbox 1990 3532 2198 3594; x_wconf 84' lang='lat' dir='ltr'><strong>ﬂorem,</strong></span> <span class='ocrx_word' id='word_1_554' title='bbox 2232 3532 2483 3588; x_wconf 88' lang='lat' dir='ltr'><strong>eumdem</strong></span> <span class='ocrx_word' id='word_1_555' title='bbox 2517 3533 2668 3587; x_wconf 85' lang='lat' dir='ltr'><strong>vitali</strong></span> <span class='ocrx_word' id='word_1_556' title='bbox 2689 3548 2754 3587; x_wconf 81' lang='lat' dir='ltr'><strong>ex</strong></span> <span class='ocrx_word' id='word_1_557' title='bbox 2803 3541 2855 3588; x_wconf 94' lang='lat' dir='ltr'><strong>te</strong></span> <span class='ocrx_word' id='word_1_558' title='bbox 2881 3533 3132 3588; x_wconf 88' lang='lat' dir='ltr'><strong>confecto</strong></span> <span class='ocrx_word' id='word_1_559' title='bbox 3169 3547 3308 3602; x_wconf 89' lang='lat' dir='ltr'><strong>pane</strong></span> <span class='ocrx_word' id='word_1_560' title='bbox 3356 3530 3476 3586; x_wconf 84' lang='lat' dir='ltr'><strong>alis.</strong></span> <span class='ocrx_word' id='word_1_561' title='bbox 3505 3531 3552 3584; x_wconf 80' lang='grc' dir='ltr'><strong>Δ</strong></span> 
     </span>
    </p>
   </div>
   <div class='ocr_carea' id='block_1_82' title="bbox 1990 3623 3550 3695">
    <p class='ocr_par' dir='ltr' id='par_1_82' title="bbox 1990 3623 3550 3695">
     <span class='ocr_line' id='line_1_82' title="bbox 1990 3623 3550 3695; baseline 0 -20"><span class='ocrx_word' id='word_1_562' title='bbox 1990 3630 2043 3676; x_wconf 87' lang='lat' dir='ltr'><strong>te</strong></span> <span class='ocrx_word' id='word_1_563' title='bbox 2071 3623 2448 3678; x_wconf 88' lang='lat' dir='ltr'><strong>indesinenter</strong></span> <span class='ocrx_word' id='word_1_564' title='bbox 2471 3623 2756 3688; x_wconf 80' lang='lat' dir='ltr'><strong>beneficia,</strong></span> <span class='ocrx_word' id='word_1_565' title='bbox 2784 3625 2940 3695; x_wconf 82' lang='lat' dir='ltr'><strong>quasi</strong></span> <span class='ocrx_word' id='word_1_566' title='bbox 2981 3640 3048 3680; x_wconf 82' lang='lat' dir='ltr'><strong>ex</strong></span> <span class='ocrx_word' id='word_1_567' title='bbox 3107 3623 3257 3679; x_wconf 88' lang='lat' dir='ltr'><strong>fonte</strong></span> <span class='ocrx_word' id='word_1_568' title='bbox 3306 3630 3550 3686; x_wconf 80' lang='lat' dir='ltr'><strong>manant,</strong></span> 
     </span>
    </p>
   </div>
   <div class='ocr_carea' id='block_1_83' title="bbox 1985 3714 3551 3788">
    <p class='ocr_par' dir='ltr' id='par_1_83' title="bbox 1985 3714 3551 3788">
     <span class='ocr_line' id='line_1_83' title="bbox 1985 3714 3551 3788; baseline -0.001 -19"><span class='ocrx_word' id='word_1_569' title='bbox 1985 3715 2214 3786; x_wconf 82' lang='lat' dir='ltr'><strong>jugique</strong></span> <span class='ocrx_word' id='word_1_570' title='bbox 2258 3714 2352 3768; x_wconf 89' lang='lat' dir='ltr'><strong>illa</strong></span> <span class='ocrx_word' id='word_1_571' title='bbox 2411 3715 2684 3770; x_wconf 81' lang='lat' dir='ltr'><strong>bonorum</strong></span> <span class='ocrx_word' id='word_1_572' title='bbox 2739 3717 3096 3788; x_wconf 78' lang='lat' dir='ltr'><strong>scaturigine,</strong></span> <span class='ocrx_word' id='word_1_573' title='bbox 3155 3715 3551 3779; x_wconf 88' lang='lat' dir='ltr'><strong>calamitatum,</strong></span> 
     </span>
    </p>
   </div>
   <div class='ocr_carea' id='block_1_84' title="bbox 1989 3803 3550 3874">
    <p class='ocr_par' dir='ltr' id='par_1_84' title="bbox 1989 3803 3550 3874">
     <span class='ocr_line' id='line_1_84' title="bbox 1989 3803 3550 3874; baseline 0 -16"><span class='ocrx_word' id='word_1_574' title='bbox 1989 3820 2127 3874; x_wconf 89' lang='lat' dir='ltr'><strong>quas</strong></span> <span class='ocrx_word' id='word_1_575' title='bbox 2157 3803 2414 3874; x_wconf 90' lang='lat' dir='ltr'><strong>patimur,</strong></span> <span class='ocrx_word' id='word_1_576' title='bbox 2470 3804 2888 3873; x_wconf 87' lang='lat' dir='ltr'><strong>impressionem</strong></span> <span class='ocrx_word' id='word_1_577' title='bbox 2948 3819 3012 3861; x_wconf 89' lang='lat' dir='ltr'><strong>ac</strong></span> <span class='ocrx_word' id='word_1_578' title='bbox 3048 3819 3272 3861; x_wconf 90' lang='lat' dir='ltr'><strong>cursum</strong></span> <span class='ocrx_word' id='word_1_579' title='bbox 3304 3803 3550 3859; x_wconf 78' lang='lat' dir='ltr'><strong>cohibes.</strong></span> 
     </span>
    </p>
   </div>
   <div class='ocr_carea' id='block_1_85' title="bbox 1987 3895 3552 3966">
    <p class='ocr_par' dir='ltr' id='par_1_85' title="bbox 1987 3895 3552 3966">
     <span class='ocr_line' id='line_1_85' title="bbox 1987 3895 3552 3966; baseline -0.001 -16"><span class='ocrx_word' id='word_1_580' title='bbox 1987 3896 2346 3966; x_wconf 84' lang='lat' dir='ltr'><strong>Dissipantur</strong></span> <span class='ocrx_word' id='word_1_581' title='bbox 2363 3895 2598 3952; x_wconf 76' lang='lat' dir='ltr'><strong>tristitiae</strong></span> <span class='ocrx_word' id='word_1_582' title='bbox 2623 3898 2827 3964; x_wconf 89' lang='lat' dir='ltr'><strong>nubila,</strong></span> <span class='ocrx_word' id='word_1_583' title='bbox 2847 3905 2975 3953; x_wconf 91' lang='lat' dir='ltr'><strong>dum</strong></span> <span class='ocrx_word' id='word_1_584' title='bbox 3003 3897 3181 3953; x_wconf 87' lang='lat' dir='ltr'><strong>nitore</strong></span> <span class='ocrx_word' id='word_1_585' title='bbox 3206 3904 3301 3950; x_wconf 92' lang='lat' dir='ltr'><strong>tuo</strong></span> <span class='ocrx_word' id='word_1_586' title='bbox 3330 3909 3552 3951; x_wconf 88' lang='lat' dir='ltr'><strong>serenas</strong></span> 
     </span>
    </p>
   </div>
   <div class='ocr_carea' id='block_1_86' title="bbox 1986 3987 3556 4061">
    <p class='ocr_par' dir='ltr' id='par_1_86' title="bbox 1986 3987 3556 4061">
     <span class='ocr_line' id='line_1_86' title="bbox 1986 3987 3556 4061; baseline 0.001 -18"><span class='ocrx_word' id='word_1_587' title='bbox 1986 3990 2176 4046; x_wconf 89' lang='lat' dir='ltr'><strong>vitam.</strong></span> <span class='ocrx_word' id='word_1_588' title='bbox 2207 3987 2489 4060; x_wconf 80' lang='lat' dir='ltr'><strong>Fugantur</strong></span> <span class='ocrx_word' id='word_1_589' title='bbox 2517 3991 2694 4046; x_wconf 88' lang='lat' dir='ltr'><strong>morbi</strong></span> <span class='ocrx_word' id='word_1_590' title='bbox 2726 4007 2741 4044; x_wconf 87' lang='lat'><strong>:</strong></span> <span class='ocrx_word' id='word_1_591' title='bbox 2775 3991 3146 4061; x_wconf 89' lang='lat' dir='ltr'><strong>periculorum</strong></span> <span class='ocrx_word' id='word_1_592' title='bbox 3179 3999 3359 4046; x_wconf 88' lang='lat' dir='ltr'><strong>terror</strong></span> <span class='ocrx_word' id='word_1_593' title='bbox 3385 3990 3442 4044; x_wconf 89' lang='lat' dir='ltr'><strong>in</strong></span> <span class='ocrx_word' id='word_1_594' title='bbox 3467 4003 3556 4045; x_wconf 86' lang='lat' dir='ltr'><strong>se-</strong></span> 
     </span>
    </p>
   </div>
   <div class='ocr_carea' id='block_1_87' title="bbox 1989 4083 3550 4147">
    <p class='ocr_par' dir='ltr' id='par_1_87' title="bbox 1989 4083 3550 4147">
     <span class='ocr_line' id='line_1_87' title="bbox 1989 4083 3550 4147; baseline -0.001 -10"><span class='ocrx_word' id='word_1_595' title='bbox 1989 4083 2278 4137; x_wconf 88' lang='lat' dir='ltr'><strong>curitatem</strong></span> <span class='ocrx_word' id='word_1_596' title='bbox 2311 4090 2686 4138; x_wconf 88' lang='lat' dir='ltr'><strong>commutatur</strong></span> <span class='ocrx_word' id='word_1_597' title='bbox 2725 4101 2738 4138; x_wconf 90' lang='lat'><strong>:</strong></span> <span class='ocrx_word' id='word_1_598' title='bbox 2779 4084 2916 4138; x_wconf 91' lang='lat' dir='ltr'><strong>nihil</strong></span> <span class='ocrx_word' id='word_1_599' title='bbox 2944 4099 3052 4140; x_wconf 87' lang='lat' dir='ltr'><strong>non</strong></span> <span class='ocrx_word' id='word_1_600' title='bbox 3081 4083 3237 4139; x_wconf 88' lang='lat' dir='ltr'><strong>adest</strong></span> <span class='ocrx_word' id='word_1_601' title='bbox 3255 4085 3550 4147; x_wconf 91' lang='lat' dir='ltr'><strong>bonorum,</strong></span> 
     </span>
    </p>
   </div>
   <div class='ocr_carea' id='block_1_88' title="bbox 1987 4172 3554 4245">
    <p class='ocr_par' dir='ltr' id='par_1_88' title="bbox 1987 4172 3554 4245">
     <span class='ocr_line' id='line_1_88' title="bbox 1987 4172 3554 4245; baseline -0.001 -18"><span class='ocrx_word' id='word_1_602' title='bbox 1987 4182 2047 4227; x_wconf 91' lang='lat' dir='ltr'><strong>ut</strong></span> <span class='ocrx_word' id='word_1_603' title='bbox 2078 4173 2195 4243; x_wconf 89' lang='lat' dir='ltr'><strong>ipsa</strong></span> <span class='ocrx_word' id='word_1_604' title='bbox 2224 4173 2360 4228; x_wconf 73' lang='lat' dir='ltr'><strong>velis</strong></span> <span class='ocrx_word' id='word_1_605' title='bbox 2392 4189 2404 4225; x_wconf 91' lang='lat'><strong>:</strong></span> <span class='ocrx_word' id='word_1_606' title='bbox 2435 4174 2758 4244; x_wconf 91' lang='lat' dir='ltr'><strong>nullumque</strong></span> <span class='ocrx_word' id='word_1_607' title='bbox 2779 4175 2984 4230; x_wconf 87' lang='lat' dir='ltr'><strong>malum</strong></span> <span class='ocrx_word' id='word_1_608' title='bbox 3022 4175 3167 4245; x_wconf 88' lang='lat' dir='ltr'><strong>quod</strong></span> <span class='ocrx_word' id='word_1_609' title='bbox 3187 4189 3294 4230; x_wconf 90' lang='lat' dir='ltr'><strong>non</strong></span> <span class='ocrx_word' id='word_1_610' title='bbox 3323 4172 3554 4244; x_wconf 82' lang='lat' dir='ltr'><strong>propul-</strong></span> 
     </span>
    </p>
   </div>
   <div class='ocr_carea' id='block_1_89' title="bbox 1986 4263 3551 4334">
    <p class='ocr_par' dir='ltr' id='par_1_89' title="bbox 1986 4263 3551 4334">
     <span class='ocr_line' id='line_1_89' title="bbox 1986 4263 3551 4334; baseline -0.003 -14"><span class='ocrx_word' id='word_1_611' title='bbox 1986 4274 2156 4330; x_wconf 88' lang='lat' dir='ltr'><strong>setur,</strong></span> <span class='ocrx_word' id='word_1_612' title='bbox 2186 4263 2348 4318; x_wconf 90' lang='lat' dir='ltr'><strong>modo</strong></span> <span class='ocrx_word' id='word_1_613' title='bbox 2370 4278 2527 4334; x_wconf 89' lang='lat' dir='ltr'><strong>opem</strong></span> <span class='ocrx_word' id='word_1_614' title='bbox 2561 4265 2772 4320; x_wconf 90' lang='lat' dir='ltr'><strong>tuleris.</strong></span> <span class='ocrx_word' id='word_1_615' title='bbox 2799 4266 3009 4320; x_wconf 85' lang='lat' dir='ltr'><strong>Annuit</strong></span> <span class='ocrx_word' id='word_1_616' title='bbox 3029 4266 3174 4320; x_wconf 86' lang='lat' dir='ltr'><strong>enim</strong></span> <span class='ocrx_word' id='word_1_617' title='bbox 3200 4265 3254 4320; x_wconf 91' lang='lat' dir='ltr'><strong>in</strong></span> <span class='ocrx_word' id='word_1_618' title='bbox 3273 4263 3551 4324; x_wconf 88' lang='lat' dir='ltr'><strong>omnibus,</strong></span> 
     </span>
    </p>
   </div>
   <div class='ocr_carea' id='block_1_90' title="bbox 1987 4356 3550 4429">
    <p class='ocr_par' dir='ltr' id='par_1_90' title="bbox 1987 4356 3550 4429">
     <span class='ocr_line' id='line_1_90' title="bbox 1987 4356 3550 4429; baseline -0.003 -16"><span class='ocrx_word' id='word_1_619' title='bbox 1987 4372 2052 4413; x_wconf 89' lang='lat' dir='ltr'><strong>ac</strong></span> <span class='ocrx_word' id='word_1_620' title='bbox 2081 4365 2245 4428; x_wconf 88' lang='lat' dir='ltr'><strong>perte</strong></span> <span class='ocrx_word' id='word_1_621' title='bbox 2266 4359 2454 4413; x_wconf 83' lang='lat' dir='ltr'><strong>omnia</strong></span> <span class='ocrx_word' id='word_1_622' title='bbox 2472 4359 2723 4429; x_wconf 87' lang='lat' dir='ltr'><strong>largitur,</strong></span> <span class='ocrx_word' id='word_1_623' title='bbox 2749 4360 2868 4429; x_wconf 91' lang='lat' dir='ltr'><strong>qui,</strong></span> <span class='ocrx_word' id='word_1_624' title='bbox 2898 4367 2958 4413; x_wconf 91' lang='lat' dir='ltr'><strong>ut</strong></span> <span class='ocrx_word' id='word_1_625' title='bbox 2990 4359 3252 4414; x_wconf 82' lang='lat' dir='ltr'><strong>beneﬁcio</strong></span> <span class='ocrx_word' id='word_1_626' title='bbox 3280 4356 3550 4428; x_wconf 76' lang='lat' dir='ltr'><strong>singulari</strong></span> 
     </span>
    </p>
   </div>
   <div class='ocr_carea' id='block_1_91' title="bbox 304 4429 1888 4520">
    <p class='ocr_par' dir='ltr' id='par_1_91' title="bbox 304 4429 1886 4520">
     <span class='ocr_line' id='line_1_91' title="bbox 304 4429 1886 4520; baseline 0.015 -39"><span class='ocrx_word' id='word_1_627' title='bbox 304 4429 402 4483; x_wconf 77' lang='grc' dir='ltr'><strong>τὸν</strong></span> <span class='ocrx_word' id='word_1_628' title='bbox 453 4431 766 4503; x_wconf 79' lang='grc' dir='ltr'><strong>ἀπέραντον</strong></span> <span class='ocrx_word' id='word_1_629' title='bbox 815 4438 1276 4514; x_wconf 85' lang='grc' dir='ltr'><strong>διαπεραιουμένη</strong></span> <span class='ocrx_word' id='word_1_630' title='bbox 1336 4444 1490 4515; x_wconf 84' lang='grc' dir='ltr'><strong>βίον,</strong></span> <span class='ocrx_word' id='word_1_631' title='bbox 1542 4451 1696 4520; x_wconf 80' lang='grc' dir='ltr'><strong>κοινῇ</strong></span> <span class='ocrx_word' id='word_1_632' title='bbox 1751 4467 1886 4520; x_wconf 88' lang='grc' dir='ltr'><strong>προ-</strong></span> 
     </span>
    </p>
   </div>
   <div class='ocr_carea' id='block_1_92' title="bbox 1992 4429 3549 4520">
    <p class='ocr_par' dir='ltr' id='par_1_92' title="bbox 1998 4446 3549 4518">
     <span class='ocr_line' id='line_1_92' title="bbox 1998 4446 3549 4518; baseline -0.003 -16"><span class='ocrx_word' id='word_1_633' title='bbox 1998 4449 2311 4518; x_wconf 79' lang='lat' dir='ltr'><strong>figmentum</strong></span> <span class='ocrx_word' id='word_1_634' title='bbox 2355 4463 2513 4502; x_wconf 92' lang='lat' dir='ltr'><strong>suum</strong></span> <span class='ocrx_word' id='word_1_635' title='bbox 2562 4448 2821 4512; x_wconf 76' lang='lat' dir='ltr'><strong>afﬁceret,</strong></span> <span class='ocrx_word' id='word_1_636' title='bbox 2849 4448 2904 4502; x_wconf 87' lang='lat' dir='ltr'><strong>in</strong></span> <span class='ocrx_word' id='word_1_637' title='bbox 2942 4448 3082 4502; x_wconf 88' lang='lat' dir='ltr'><strong>hanc</strong></span> <span class='ocrx_word' id='word_1_638' title='bbox 3113 4456 3167 4502; x_wconf 92' lang='lat' dir='ltr'><strong>tc</strong></span> <span class='ocrx_word' id='word_1_639' title='bbox 3197 4447 3364 4501; x_wconf 88' lang='lat' dir='ltr'><strong>vitam</strong></span> <span class='ocrx_word' id='word_1_640' title='bbox 3394 4446 3549 4500; x_wconf 88' lang='lat' dir='ltr'><strong>nasci</strong></span> 
     </span>
    </p>
   </div>
   <div class='ocr_carea' id='block_1_93' title="bbox 305 4522 1896 4616">
    <p class='ocr_par' dir='ltr' id='par_1_93' title="bbox 305 4522 1896 4616">
     <span class='ocr_line' id='line_1_93' title="bbox 305 4522 1896 4616; baseline 0.015 -44"><span class='ocrx_word' id='word_1_641' title='bbox 305 4522 534 4591; x_wconf 77' lang='grc' dir='ltr'><strong>ετρὲψω</strong></span> <span class='ocrx_word' id='word_1_642' title='bbox 545 4527 957 4616; x_wconf 69' lang='grc' dir='ltr'><strong>πανηγυρίζειν,</strong></span> <span class='ocrx_word' id='word_1_643' title='bbox 976 4530 1070 4595; x_wconf 73' lang='grc' dir='ltr'><strong>οὓς</strong></span> <span class='ocrx_word' id='word_1_644' title='bbox 1083 4549 1143 4585; x_wconf 90' lang='grc' dir='ltr'><strong>τε</strong></span> <span class='ocrx_word' id='word_1_645' title='bbox 1165 4535 1371 4598; x_wconf 79' lang='grc' dir='ltr'><strong>ἐκεῖνος</strong></span> <span class='ocrx_word' id='word_1_646' title='bbox 1396 4538 1454 4589; x_wconf 86' lang='grc' dir='ltr'><strong>ἐν</strong></span> <span class='ocrx_word' id='word_1_647' title='bbox 1477 4536 1668 4611; x_wconf 77' lang='grc' dir='ltr'><strong>βαθείᾳ</strong></span> <span class='ocrx_word' id='word_1_648' title='bbox 1690 4541 1896 4616; x_wconf 82' lang='grc' dir='ltr'><strong>γαλήνῃ</strong></span> 
     </span>
    </p>
   </div>
   <div class='ocr_carea' id='block_1_94' title="bbox 307 4615 1896 4694">
    <p class='ocr_par' dir='ltr' id='par_1_94' title="bbox 307 4615 1896 4694">
     <span class='ocr_line' id='line_1_94' title="bbox 307 4615 1896 4694; baseline 0.015 -31"><span class='ocrx_word' id='word_1_649' title='bbox 307 4615 770 4685; x_wconf 62' lang='grc' dir='ltr'><strong>προσορμοὼτας</strong></span> <span class='ocrx_word' id='word_1_650' title='bbox 823 4619 962 4690; x_wconf 80' lang='grc' dir='ltr'><strong>ἔχει,</strong></span> <span class='ocrx_word' id='word_1_651' title='bbox 1017 4623 1112 4677; x_wconf 75' lang='grc' dir='ltr'><strong>καὶ</strong></span> <span class='ocrx_word' id='word_1_652' title='bbox 1164 4624 1258 4691; x_wconf 83' lang='grc' dir='ltr'><strong>οὓς</strong></span> <span class='ocrx_word' id='word_1_653' title='bbox 1311 4621 1465 4692; x_wconf 76' lang='grc' dir='ltr'><strong>οὗτος</strong></span> <span class='ocrx_word' id='word_1_654' title='bbox 1516 4629 1769 4694; x_wconf 86' lang='grc' dir='ltr'><strong>ἀστάτοις</strong></span> <span class='ocrx_word' id='word_1_655' title='bbox 1815 4615 1896 4687; x_wconf 79' lang='grc' dir='ltr'><strong>ἔτι</strong></span> 
     </span>
    </p>
   </div>
   <div class='ocr_carea' id='block_1_95' title="bbox 307 4709 1895 4790">
    <p class='ocr_par' dir='ltr' id='par_1_95' title="bbox 307 4709 1895 4790">
     <span class='ocr_line' id='line_1_95' title="bbox 307 4709 1895 4790; baseline 0.015 -37"><span class='ocrx_word' id='word_1_656' title='bbox 307 4709 608 4773; x_wconf 72' lang='grc' dir='ltr'><strong>περιφέρει</strong></span> <span class='ocrx_word' id='word_1_657' title='bbox 674 4711 794 4773; x_wconf 84' lang='grc' dir='ltr'><strong>ταῖς</strong></span> <span class='ocrx_word' id='word_1_658' title='bbox 841 4711 1206 4786; x_wconf 70' lang='grc' dir='ltr'><strong>παλιρροίαις.</strong></span> <span class='ocrx_word' id='word_1_659' title='bbox 1273 4718 1359 4782; x_wconf 85' lang='grc' dir='ltr'><strong>Ὠς</strong></span> <span class='ocrx_word' id='word_1_660' title='bbox 1421 4719 1528 4790; x_wconf 76' lang='grc' dir='ltr'><strong>γὰρ</strong></span> <span class='ocrx_word' id='word_1_661' title='bbox 1594 4721 1772 4776; x_wconf 83' lang='grc' dir='ltr'><strong>αὐτῶν</strong></span> <span class='ocrx_word' id='word_1_662' title='bbox 1833 4740 1895 4777; x_wconf 91' lang='grc' dir='ltr'><strong>τε</strong></span> 
     </span>
    </p>
   </div>
   <div class='ocr_carea' id='block_1_96' title="bbox 306 4791 1894 4882">
    <p class='ocr_par' dir='ltr' id='par_1_96' title="bbox 306 4791 1894 4882">
     <span class='ocr_line' id='line_1_96' title="bbox 306 4791 1894 4882; baseline 0.015 -39"><span class='ocrx_word' id='word_1_663' title='bbox 306 4791 654 4859; x_wconf 75' lang='grc' dir='ltr'><strong>δεσπόζουσα</strong></span> <span class='ocrx_word' id='word_1_664' title='bbox 703 4800 799 4852; x_wconf 82' lang='grc' dir='ltr'><strong>καὶ</strong></span> <span class='ocrx_word' id='word_1_665' title='bbox 856 4802 1031 4872; x_wconf 74' lang='grc' dir='ltr'><strong>ἡμῶν,</strong></span> <span class='ocrx_word' id='word_1_666' title='bbox 1071 4806 1162 4876; x_wconf 83' lang='grc' dir='ltr'><strong>ὑφ’</strong></span> <span class='ocrx_word' id='word_1_667' title='bbox 1215 4809 1482 4882; x_wconf 78' lang='grc' dir='ltr'><strong>ἑκατέρας</strong></span> <span class='ocrx_word' id='word_1_668' title='bbox 1535 4809 1740 4882; x_wconf 82' lang='grc' dir='ltr'><strong>λήξεως</strong></span> <span class='ocrx_word' id='word_1_669' title='bbox 1802 4813 1894 4868; x_wconf 83' lang='grc' dir='ltr'><strong>ἀν-</strong></span> 
     </span>
    </p>
   </div>
   <div class='ocr_carea' id='block_1_97' title="bbox 310 4889 488 4957">
    <p class='ocr_par' dir='ltr' id='par_1_97' title="bbox 310 4889 488 4957">
     <span class='ocr_line' id='line_1_97' title="bbox 310 4889 488 4957; baseline 0.034 -21"><span class='ocrx_word' id='word_1_670' title='bbox 310 4889 488 4957; x_wconf 73' lang='grc' dir='ltr'><strong>ὑμνῇ.</strong></span> 
     </span>
    </p>
   </div>
   <div class='ocr_carea' id='block_1_98' title="bbox 403 5152 1893 5244">
    <p class='ocr_par' dir='ltr' id='par_1_98' title="bbox 403 5152 1893 5244">
     <span class='ocr_line' id='line_1_98' title="bbox 403 5152 1893 5244; baseline 0.014 -32"><span class='ocrx_word' id='word_1_671' title='bbox 403 5157 573 5225; x_wconf 78' lang='grc' dir='ltr'><strong>Ἀλλ’,</strong></span> <span class='ocrx_word' id='word_1_672' title='bbox 601 5153 649 5214; x_wconf 76' lang='grc' dir='ltr'>ὦ</span> <span class='ocrx_word' id='word_1_673' title='bbox 694 5152 956 5235; x_wconf 74' lang='grc' dir='ltr'><strong>Παρθένέ,</strong></span> <span class='ocrx_word' id='word_1_674' title='bbox 993 5168 1086 5222; x_wconf 70' lang='grc' dir='ltr'><strong>καὶ</strong></span> <span class='ocrx_word' id='word_1_675' title='bbox 1119 5169 1331 5243; x_wconf 81' lang='grc' dir='ltr'><strong>Μῆτερ,</strong></span> <span class='ocrx_word' id='word_1_676' title='bbox 1367 5173 1400 5243; x_wconf 86' lang='grc' dir='ltr'><strong>ἡ</strong></span> <span class='ocrx_word' id='word_1_677' title='bbox 1456 5176 1748 5244; x_wconf 87' lang='grc' dir='ltr'><strong>παρθενίαν</strong></span> <span class='ocrx_word' id='word_1_678' title='bbox 1800 5181 1893 5233; x_wconf 81' lang='grc' dir='ltr'><strong>καὶ</strong></span> 
     </span>
    </p>
   </div>
   <div class='ocr_carea' id='block_1_99' title="bbox 313 5249 1888 5336">
    <p class='ocr_par' dir='ltr' id='par_1_99' title="bbox 313 5249 1888 5336">
     <span class='ocr_line' id='line_1_99' title="bbox 313 5249 1888 5336; baseline 0.015 -35"><span class='ocrx_word' id='word_1_679' title='bbox 313 5249 504 5314; x_wconf 81' lang='grc' dir='ltr'><strong>τόκον,</strong></span> <span class='ocrx_word' id='word_1_680' title='bbox 553 5251 624 5306; x_wconf 80' lang='grc' dir='ltr'><strong>τὰ</strong></span> <span class='ocrx_word' id='word_1_681' title='bbox 682 5255 821 5309; x_wconf 79' lang='grc' dir='ltr'><strong>πολὺ</strong></span> <span class='ocrx_word' id='word_1_682' title='bbox 876 5257 1047 5312; x_wconf 78' lang='grc' dir='ltr'><strong>ταῦτα</strong></span> <span class='ocrx_word' id='word_1_683' title='bbox 1096 5259 1379 5331; x_wconf 87' lang='grc' dir='ltr'><strong>διεστῶτα,</strong></span> <span class='ocrx_word' id='word_1_684' title='bbox 1409 5265 1502 5319; x_wconf 81' lang='grc' dir='ltr'><strong>ἐπὶ</strong></span> <span class='ocrx_word' id='word_1_685' title='bbox 1534 5267 1618 5319; x_wconf 76' lang='grc' dir='ltr'><strong>σοὶ</strong></span> <span class='ocrx_word' id='word_1_686' title='bbox 1668 5268 1888 5336; x_wconf 83' lang='grc' dir='ltr'><strong>δείξασα</strong></span> 
     </span>
    </p>
   </div>
   <div class='ocr_carea' id='block_1_100' title="bbox 312 5339 1887 5432">
    <p class='ocr_par' dir='ltr' id='par_1_100' title="bbox 312 5339 1887 5432">
     <span class='ocr_line' id='line_1_100' title="bbox 312 5339 1887 5432; baseline 0.017 -41"><span class='ocrx_word' id='word_1_687' title='bbox 312 5340 597 5410; x_wconf 72' lang='grc' dir='ltr'><strong>ἡνωμένα.</strong></span> <span class='ocrx_word' id='word_1_688' title='bbox 623 5339 695 5396; x_wconf 82' lang='grc' dir='ltr'><strong><em>Ὦ</em></strong></span> <span class='ocrx_word' id='word_1_689' title='bbox 741 5347 942 5419; x_wconf 84' lang='grc' dir='ltr'><strong>σκέπη,</strong></span> <span class='ocrx_word' id='word_1_690' title='bbox 1002 5350 1098 5405; x_wconf 83' lang='grc' dir='ltr'><strong>καὶ</strong></span> <span class='ocrx_word' id='word_1_691' title='bbox 1155 5353 1517 5425; x_wconf 79' lang='grc' dir='ltr'><strong>καταφύγιον,</strong></span> <span class='ocrx_word' id='word_1_692' title='bbox 1548 5359 1644 5412; x_wconf 76' lang='grc' dir='ltr'><strong>καὶ</strong></span> <span class='ocrx_word' id='word_1_693' title='bbox 1667 5360 1887 5432; x_wconf 74' lang='grc' dir='ltr'><strong>ἄγκυρα</strong></span> 
     </span>
    </p>
   </div>
   <div class='ocr_carea' id='block_1_101' title="bbox 309 5433 1884 5524">
    <p class='ocr_par' dir='ltr' id='par_1_101' title="bbox 309 5433 1884 5524">
     <span class='ocr_line' id='line_1_101' title="bbox 309 5433 1884 5524; baseline 0.015 -39"><span class='ocrx_word' id='word_1_694' title='bbox 309 5433 523 5504; x_wconf 77' lang='grc' dir='ltr'><strong>κόσμον</strong></span> <span class='ocrx_word' id='word_1_695' title='bbox 565 5435 686 5491; x_wconf 85' lang='grc' dir='ltr'><strong>ὅλον</strong></span> <span class='ocrx_word' id='word_1_696' title='bbox 711 5439 771 5493; x_wconf 83' lang='grc' dir='ltr'><strong>ἐν</strong></span> <span class='ocrx_word' id='word_1_697' title='bbox 801 5441 964 5512; x_wconf 83' lang='grc' dir='ltr'><strong>ἐαυτῇ</strong></span> <span class='ocrx_word' id='word_1_698' title='bbox 991 5443 1268 5514; x_wconf 77' lang='grc' dir='ltr'><strong>κρατοῦσα</strong></span> <span class='ocrx_word' id='word_1_699' title='bbox 1306 5463 1390 5514; x_wconf 86' lang='grc' dir='ltr'><strong>τε,</strong></span> <span class='ocrx_word' id='word_1_700' title='bbox 1425 5450 1518 5503; x_wconf 79' lang='grc' dir='ltr'><strong>καὶ</strong></span> <span class='ocrx_word' id='word_1_701' title='bbox 1547 5452 1884 5524; x_wconf 74' lang='grc' dir='ltr'><strong>περισῴζου-</strong></span> 
     </span>
    </p>
   </div>
   <div class='ocr_carea' id='block_1_102' title="bbox 312 5526 1890 5614">
    <p class='ocr_par' dir='ltr' id='par_1_102' title="bbox 312 5526 1890 5614">
     <span class='ocr_line' id='line_1_102' title="bbox 312 5526 1890 5614; baseline 0.015 -37"><span class='ocrx_word' id='word_1_702' title='bbox 312 5541 405 5580; x_wconf 87' lang='grc' dir='ltr'><strong>σα.</strong></span> <span class='ocrx_word' id='word_1_703' title='bbox 431 5526 583 5598; x_wconf 79' lang='grc' dir='ltr'><strong>Αὕτη</strong></span> <span class='ocrx_word' id='word_1_704' title='bbox 649 5545 730 5583; x_wconf 86' lang='grc' dir='ltr'><strong>σοι</strong></span> <span class='ocrx_word' id='word_1_705' title='bbox 761 5532 894 5602; x_wconf 84' lang='grc' dir='ltr'><strong>παρ’</strong></span> <span class='ocrx_word' id='word_1_706' title='bbox 921 5534 1078 5604; x_wconf 79' lang='grc' dir='ltr'><strong>ἡμῶν</strong></span> <span class='ocrx_word' id='word_1_707' title='bbox 1127 5537 1161 5608; x_wconf 81' lang='grc' dir='ltr'>ὴ</span> <span class='ocrx_word' id='word_1_708' title='bbox 1211 5537 1307 5591; x_wconf 83' lang='grc' dir='ltr'><strong>τοῦ</strong></span> <span class='ocrx_word' id='word_1_709' title='bbox 1346 5539 1506 5608; x_wconf 87' lang='grc' dir='ltr'><strong>λόγου</strong></span> <span class='ocrx_word' id='word_1_710' title='bbox 1547 5545 1890 5614; x_wconf 79' lang='grc' dir='ltr'><strong>προσένεξις,</strong></span> 
     </span>
    </p>
   </div>
   <div class='ocr_carea' id='block_1_103' title="bbox 310 5616 1885 5704">
    <p class='ocr_par' dir='ltr' id='par_1_103' title="bbox 310 5616 1885 5704">
     <span class='ocr_line' id='line_1_103' title="bbox 310 5616 1885 5704; baseline 0.015 -35"><span class='ocrx_word' id='word_1_711' title='bbox 310 5616 414 5688; x_wconf 75' lang='grc' dir='ltr'><strong>τὴν</strong></span> <span class='ocrx_word' id='word_1_712' title='bbox 440 5617 561 5690; x_wconf 78' lang='grc' dir='ltr'><strong>σὴν,</strong></span> <span class='ocrx_word' id='word_1_713' title='bbox 611 5619 741 5676; x_wconf 81' lang='grc' dir='ltr'><strong>ὅσον</strong></span> <span class='ocrx_word' id='word_1_714' title='bbox 803 5625 935 5692; x_wconf 81' lang='grc' dir='ltr'><strong>ἡμῖν</strong></span> <span class='ocrx_word' id='word_1_715' title='bbox 982 5626 1189 5697; x_wconf 79' lang='grc' dir='ltr'><strong>ἐξήκει,</strong></span> <span class='ocrx_word' id='word_1_716' title='bbox 1242 5631 1460 5700; x_wconf 89' lang='grc' dir='ltr'><strong>τιμῶσα</strong></span> <span class='ocrx_word' id='word_1_717' title='bbox 1511 5635 1885 5704; x_wconf 74' lang='grc' dir='ltr'><strong>μετάστασιν⁹</strong></span> 
     </span>
    </p>
   </div>
   <div class='ocr_carea' id='block_1_104' title="bbox 311 5709 1882 5802">
    <p class='ocr_par' dir='ltr' id='par_1_104' title="bbox 311 5709 1882 5802">
     <span class='ocr_line' id='line_1_104' title="bbox 311 5709 1882 5802; baseline 0.017 -41"><span class='ocrx_word' id='word_1_718' title='bbox 311 5709 456 5780; x_wconf 70' lang='grc' dir='ltr'><strong>πρὸς</strong></span> <span class='ocrx_word' id='word_1_719' title='bbox 483 5711 571 5782; x_wconf 78' lang='grc' dir='ltr'><strong>ἢν,</strong></span> <span class='ocrx_word' id='word_1_720' title='bbox 611 5714 746 5786; x_wconf 81' lang='grc' dir='ltr'><strong>παρ’</strong></span> <span class='ocrx_word' id='word_1_721' title='bbox 798 5715 1016 5784; x_wconf 84' lang='grc' dir='ltr'><strong>ἐλπίδας</strong></span> <span class='ocrx_word' id='word_1_722' title='bbox 1073 5720 1182 5778; x_wconf 89' lang='grc' dir='ltr'><strong>τῶν</strong></span> <span class='ocrx_word' id='word_1_723' title='bbox 1234 5721 1333 5779; x_wconf 82' lang='grc' dir='ltr'><strong>οὐκ</strong></span> <span class='ocrx_word' id='word_1_724' title='bbox 1376 5719 1436 5781; x_wconf 75' lang='grc' dir='ltr'><strong>εὖ</strong></span> <span class='ocrx_word' id='word_1_725' title='bbox 1463 5729 1561 5792; x_wconf 77' lang='grc' dir='ltr'><strong>τὰς</strong></span> <span class='ocrx_word' id='word_1_726' title='bbox 1586 5730 1882 5802; x_wconf 81' lang='grc' dir='ltr'><strong>ἡμετέρας,</strong></span> 
     </span>
    </p>
   </div>
   <div class='ocr_carea' id='block_1_105' title="bbox 1994 4537 3552 4607">
    <p class='ocr_par' dir='ltr' id='par_1_105' title="bbox 1994 4537 3552 4607">
     <span class='ocr_line' id='line_1_105' title="bbox 1994 4537 3552 4607; baseline -0.003 -13"><span class='ocrx_word' id='word_1_727' title='bbox 1994 4540 2307 4604; x_wconf 86' lang='lat' dir='ltr'><strong>concessit;</strong></span> <span class='ocrx_word' id='word_1_728' title='bbox 2358 4553 2425 4592; x_wconf 83' lang='lat' dir='ltr'><strong>ex</strong></span> <span class='ocrx_word' id='word_1_729' title='bbox 2460 4551 2568 4607; x_wconf 87' lang='lat' dir='ltr'><strong>quo</strong></span> <span class='ocrx_word' id='word_1_730' title='bbox 2617 4537 2872 4591; x_wconf 89' lang='lat' dir='ltr'><strong>nimirum</strong></span> <span class='ocrx_word' id='word_1_731' title='bbox 2903 4537 2968 4592; x_wconf 91' lang='lat' dir='ltr'><strong>ad</strong></span> <span class='ocrx_word' id='word_1_732' title='bbox 2999 4537 3454 4592; x_wconf 87' lang='lat' dir='ltr'><strong>interminabilem</strong></span> <span class='ocrx_word' id='word_1_733' title='bbox 3486 4537 3552 4590; x_wconf 84' lang='lat' dir='ltr'><strong>il-</strong></span> 
     </span>
    </p>
   </div>
   <div class='ocr_carea' id='block_1_106' title="bbox 1993 4626 3552 4698">
    <p class='ocr_par' dir='ltr' id='par_1_106' title="bbox 1993 4626 3552 4698">
     <span class='ocr_line' id='line_1_106' title="bbox 1993 4626 3552 4698; baseline -0.001 -17"><span class='ocrx_word' id='word_1_734' title='bbox 1993 4627 2098 4682; x_wconf 90' lang='lat' dir='ltr'><strong>lam</strong></span> <span class='ocrx_word' id='word_1_735' title='bbox 2156 4627 2536 4682; x_wconf 89' lang='lat' dir='ltr'><strong>transmittens</strong></span> <span class='ocrx_word' id='word_1_736' title='bbox 2588 4626 2782 4693; x_wconf 89' lang='lat' dir='ltr'><strong>vitam,</strong></span> <span class='ocrx_word' id='word_1_737' title='bbox 2845 4628 3150 4683; x_wconf 88' lang='lat' dir='ltr'><strong>communis</strong></span> <span class='ocrx_word' id='word_1_738' title='bbox 3191 4627 3316 4684; x_wconf 86' lang='lat' dir='ltr'><strong>festi</strong></span> <span class='ocrx_word' id='word_1_739' title='bbox 3355 4626 3552 4698; x_wconf 79' lang='lat' dir='ltr'><strong>gaudia</strong></span> 
     </span>
    </p>
   </div>
   <div class='ocr_carea' id='block_1_107' title="bbox 1992 4716 3550 4787">
    <p class='ocr_par' dir='ltr' id='par_1_107' title="bbox 1992 4716 3550 4787">
     <span class='ocr_line' id='line_1_107' title="bbox 1992 4716 3550 4787; baseline -0.001 -16"><span class='ocrx_word' id='word_1_740' title='bbox 1992 4716 2296 4787; x_wconf 63' lang='lat' dir='ltr'><strong>praebuisti,</strong></span> <span class='ocrx_word' id='word_1_741' title='bbox 2328 4723 2442 4769; x_wconf 91' lang='lat' dir='ltr'><strong>tum</strong></span> <span class='ocrx_word' id='word_1_742' title='bbox 2463 4717 2533 4771; x_wconf 92' lang='lat' dir='ltr'><strong>iis</strong></span> <span class='ocrx_word' id='word_1_743' title='bbox 2564 4731 2704 4786; x_wconf 91' lang='lat' dir='ltr'><strong>quos</strong></span> <span class='ocrx_word' id='word_1_744' title='bbox 2742 4717 2853 4772; x_wconf 90' lang='lat' dir='ltr'><strong>vita</strong></span> <span class='ocrx_word' id='word_1_745' title='bbox 2879 4718 2970 4772; x_wconf 91' lang='lat' dir='ltr'><strong>illa</strong></span> <span class='ocrx_word' id='word_1_746' title='bbox 3020 4719 3072 4771; x_wconf 91' lang='lat' dir='ltr'><strong>in</strong></span> <span class='ocrx_word' id='word_1_747' title='bbox 3118 4725 3333 4786; x_wconf 90' lang='lat' dir='ltr'><strong>portum</strong></span> <span class='ocrx_word' id='word_1_748' title='bbox 3392 4730 3550 4772; x_wconf 86' lang='lat' dir='ltr'><strong>rece-</strong></span> 
     </span>
    </p>
   </div>
   <div class='ocr_carea' id='block_1_108' title="bbox 1989 4805 3550 4878">
    <p class='ocr_par' dir='ltr' id='par_1_108' title="bbox 1989 4805 3550 4878">
     <span class='ocr_line' id='line_1_108' title="bbox 1989 4805 3550 4878; baseline 0.001 -17"><span class='ocrx_word' id='word_1_749' title='bbox 1989 4819 2135 4878; x_wconf 88' lang='lat' dir='ltr'><strong>ptos,</strong></span> <span class='ocrx_word' id='word_1_750' title='bbox 2165 4807 2272 4861; x_wconf 84' lang='lat' dir='ltr'><strong>alta</strong></span> <span class='ocrx_word' id='word_1_751' title='bbox 2313 4805 2556 4862; x_wconf 90' lang='lat' dir='ltr'><strong>fruentes</strong></span> <span class='ocrx_word' id='word_1_752' title='bbox 2604 4809 2999 4878; x_wconf 87' lang='lat' dir='ltr'><strong>tranquillitate</strong></span> <span class='ocrx_word' id='word_1_753' title='bbox 3031 4809 3192 4863; x_wconf 89' lang='lat' dir='ltr'><strong>habet</strong></span> <span class='ocrx_word' id='word_1_754' title='bbox 3235 4825 3248 4860; x_wconf 91' lang='lat'><strong>:</strong></span> <span class='ocrx_word' id='word_1_755' title='bbox 3310 4815 3424 4862; x_wconf 88' lang='lat' dir='ltr'><strong>tum</strong></span> <span class='ocrx_word' id='word_1_756' title='bbox 3460 4807 3550 4874; x_wconf 86' lang='lat' dir='ltr'><strong>iis,</strong></span> 
     </span>
    </p>
   </div>
   <div class='ocr_carea' id='block_1_109' title="bbox 1989 4898 3549 4971">
    <p class='ocr_par' dir='ltr' id='par_1_109' title="bbox 1989 4898 3549 4971">
     <span class='ocr_line' id='line_1_109' title="bbox 1989 4898 3549 4971; baseline 0 -17"><span class='ocrx_word' id='word_1_757' title='bbox 1989 4915 2130 4970; x_wconf 90' lang='lat' dir='ltr'><strong>quos</strong></span> <span class='ocrx_word' id='word_1_758' title='bbox 2153 4900 2258 4955; x_wconf 87' lang='lat' dir='ltr'><strong>ista</strong></span> <span class='ocrx_word' id='word_1_759' title='bbox 2300 4899 2650 4955; x_wconf 85' lang='lat' dir='ltr'><strong>instabilibus</strong></span> <span class='ocrx_word' id='word_1_760' title='bbox 2677 4909 2732 4953; x_wconf 81' lang='lat' dir='ltr'><strong>et</strong></span> <span class='ocrx_word' id='word_1_761' title='bbox 2754 4902 3051 4971; x_wconf 72' lang='lat' dir='ltr'><strong>reciprocis</strong></span> <span class='ocrx_word' id='word_1_762' title='bbox 3086 4899 3240 4968; x_wconf 90' lang='lat' dir='ltr'><strong>quasi</strong></span> <span class='ocrx_word' id='word_1_763' title='bbox 3271 4898 3549 4960; x_wconf 86' lang='lat' dir='ltr'><strong>ﬂuctibus,</strong></span> 
     </span>
    </p>
   </div>
   <div class='ocr_carea' id='block_1_110' title="bbox 1989 4992 3552 5065">
    <p class='ocr_par' dir='ltr' id='par_1_110' title="bbox 1989 4992 3552 5065">
     <span class='ocr_line' id='line_1_110' title="bbox 1989 4992 3552 5065; baseline 0 -19"><span class='ocrx_word' id='word_1_764' title='bbox 1989 4993 2253 5048; x_wconf 87' lang='lat' dir='ltr'><strong>hactenus</strong></span> <span class='ocrx_word' id='word_1_765' title='bbox 2275 4993 2681 5065; x_wconf 86' lang='lat' dir='ltr'><strong>circumagitat.</strong></span> <span class='ocrx_word' id='word_1_766' title='bbox 2717 4993 2784 5048; x_wconf 90' lang='lat' dir='ltr'><strong>Ut</strong></span> <span class='ocrx_word' id='word_1_767' title='bbox 2813 4993 2957 5047; x_wconf 87' lang='lat' dir='ltr'><strong>enim</strong></span> <span class='ocrx_word' id='word_1_768' title='bbox 2997 4992 3215 5046; x_wconf 85' lang='lat' dir='ltr'><strong>illorum</strong></span> <span class='ocrx_word' id='word_1_769' title='bbox 3241 4993 3466 5062; x_wconf 86' lang='lat' dir='ltr'><strong>pariter,</strong></span> <span class='ocrx_word' id='word_1_770' title='bbox 3489 5005 3552 5046; x_wconf 89' lang='lat' dir='ltr'><strong>ac</strong></span> 
     </span>
    </p>
   </div>
   <div class='ocr_carea' id='block_1_111' title="bbox 1990 5085 3128 5158">
    <p class='ocr_par' dir='ltr' id='par_1_111' title="bbox 1990 5085 3128 5158">
     <span class='ocr_line' id='line_1_111' title="bbox 1990 5085 3128 5158; baseline -0.001 -18"><span class='ocrx_word' id='word_1_771' title='bbox 1990 5093 2176 5140; x_wconf 89' lang='lat' dir='ltr'><strong>nostra</strong></span> <span class='ocrx_word' id='word_1_772' title='bbox 2203 5085 2453 5153; x_wconf 87' lang='lat' dir='ltr'><strong>Domina,</strong></span> <span class='ocrx_word' id='word_1_773' title='bbox 2485 5089 2554 5142; x_wconf 90' lang='lat' dir='ltr'><strong>ab</strong></span> <span class='ocrx_word' id='word_1_774' title='bbox 2584 5087 2832 5158; x_wconf 89' lang='lat' dir='ltr'><strong>utrisque</strong></span> <span class='ocrx_word' id='word_1_775' title='bbox 2863 5087 3128 5142; x_wconf 90' lang='lat' dir='ltr'><strong>laudaris.</strong></span> 
     </span>
    </p>
   </div>
   <div class='ocr_carea' id='block_1_112' title="bbox 2060 5175 3551 5248">
    <p class='ocr_par' dir='ltr' id='par_1_112' title="bbox 2060 5175 3551 5248">
     <span class='ocr_line' id='line_1_112' title="bbox 2060 5175 3551 5248; baseline 0.001 -19"><span class='ocrx_word' id='word_1_776' title='bbox 2060 5177 2152 5243; x_wconf 84' lang='lat' dir='ltr'><strong>At,</strong></span> <span class='ocrx_word' id='word_1_777' title='bbox 2185 5193 2220 5232; x_wconf 93' lang='lat' dir='ltr'><strong>o</strong></span> <span class='ocrx_word' id='word_1_778' title='bbox 2248 5175 2433 5248; x_wconf 78' lang='lat' dir='ltr'><strong>Virgo,</strong></span> <span class='ocrx_word' id='word_1_779' title='bbox 2459 5187 2514 5232; x_wconf 90' lang='lat' dir='ltr'><strong>et</strong></span> <span class='ocrx_word' id='word_1_780' title='bbox 2546 5190 2737 5244; x_wconf 88' lang='lat' dir='ltr'><strong>mater,</strong></span> <span class='ocrx_word' id='word_1_781' title='bbox 2791 5192 2914 5248; x_wconf 71' lang='lat' dir='ltr'><strong>qum</strong></span> <span class='ocrx_word' id='word_1_782' title='bbox 2945 5177 3311 5248; x_wconf 77' lang='lat' dir='ltr'><strong>virginitatem</strong></span> <span class='ocrx_word' id='word_1_783' title='bbox 3339 5185 3394 5232; x_wconf 91' lang='lat' dir='ltr'><strong>et</strong></span> <span class='ocrx_word' id='word_1_784' title='bbox 3425 5191 3551 5248; x_wconf 89' lang='lat' dir='ltr'><strong>par-</strong></span> 
     </span>
    </p>
   </div>
   <div class='ocr_carea' id='block_1_113' title="bbox 1991 5269 3551 5340">
    <p class='ocr_par' dir='ltr' id='par_1_113' title="bbox 1991 5269 3551 5340">
     <span class='ocr_line' id='line_1_113' title="bbox 1991 5269 3551 5340; baseline 0.002 -18"><span class='ocrx_word' id='word_1_785' title='bbox 1991 5277 2126 5335; x_wconf 91' lang='lat' dir='ltr'><strong>tum,</strong></span> <span class='ocrx_word' id='word_1_786' title='bbox 2167 5285 2256 5325; x_wconf 87' lang='lat' dir='ltr'><strong>res</strong></span> <span class='ocrx_word' id='word_1_787' title='bbox 2295 5271 2376 5327; x_wconf 91' lang='lat' dir='ltr'><strong>sic</strong></span> <span class='ocrx_word' id='word_1_788' title='bbox 2403 5271 2670 5334; x_wconf 88' lang='lat' dir='ltr'><strong>diversas,</strong></span> <span class='ocrx_word' id='word_1_789' title='bbox 2702 5272 2756 5324; x_wconf 93' lang='lat' dir='ltr'><strong>in</strong></span> <span class='ocrx_word' id='word_1_790' title='bbox 2785 5279 2838 5326; x_wconf 91' lang='lat' dir='ltr'><strong>te</strong></span> <span class='ocrx_word' id='word_1_791' title='bbox 2867 5269 3199 5340; x_wconf 76' lang='lat' dir='ltr'><strong>coniunctas</strong></span> <span class='ocrx_word' id='word_1_792' title='bbox 3235 5270 3551 5325; x_wconf 88' lang='lat' dir='ltr'><strong>ostendisti.</strong></span> 
     </span>
    </p>
   </div>
   <div class='ocr_carea' id='block_1_114' title="bbox 1993 5357 3550 5432">
    <p class='ocr_par' dir='ltr' id='par_1_114' title="bbox 1993 5357 3550 5432">
     <span class='ocr_line' id='line_1_114' title="bbox 1993 5357 3550 5432; baseline 0.001 -17"><span class='ocrx_word' id='word_1_793' title='bbox 1993 5357 2038 5415; x_wconf 91' lang='grc'>0</span> <span class='ocrx_word' id='word_1_794' title='bbox 2068 5362 2352 5430; x_wconf 87' lang='lat' dir='ltr'><strong>protectio,</strong></span> <span class='ocrx_word' id='word_1_795' title='bbox 2393 5369 2448 5416; x_wconf 91' lang='lat' dir='ltr'><strong>et</strong></span> <span class='ocrx_word' id='word_1_796' title='bbox 2496 5361 2826 5432; x_wconf 79' lang='lat' dir='ltr'><strong>perfugium,</strong></span> <span class='ocrx_word' id='word_1_797' title='bbox 2871 5369 3034 5432; x_wconf 90' lang='lat' dir='ltr'><strong>atque</strong></span> <span class='ocrx_word' id='word_1_798' title='bbox 3058 5362 3326 5427; x_wconf 86' lang='lat' dir='ltr'><strong>anchora,</strong></span> <span class='ocrx_word' id='word_1_799' title='bbox 3370 5369 3550 5417; x_wconf 89' lang='lat' dir='ltr'><strong>totum</strong></span> 
     </span>
    </p>
   </div>
   <div class='ocr_carea' id='block_1_115' title="bbox 1992 5453 3543 5527">
    <p class='ocr_par' dir='ltr' id='par_1_115' title="bbox 1992 5453 3543 5527">
     <span class='ocr_line' id='line_1_115' title="bbox 1992 5453 3543 5527; baseline 0.002 -20"><span class='ocrx_word' id='word_1_800' title='bbox 1992 5454 2048 5507; x_wconf 90' lang='lat' dir='ltr'><strong>iu</strong></span> <span class='ocrx_word' id='word_1_801' title='bbox 2088 5463 2138 5508; x_wconf 88' lang='lat' dir='ltr'><strong>te</strong></span> <span class='ocrx_word' id='word_1_802' title='bbox 2182 5454 2444 5509; x_wconf 86' lang='lat' dir='ltr'><strong>mundum</strong></span> <span class='ocrx_word' id='word_1_803' title='bbox 2492 5463 2685 5510; x_wconf 90' lang='lat' dir='ltr'><strong>tenens</strong></span> <span class='ocrx_word' id='word_1_804' title='bbox 2729 5469 3197 5527; x_wconf 83' lang='lat' dir='ltr'><strong>conservansque.</strong></span> <span class='ocrx_word' id='word_1_805' title='bbox 3255 5453 3374 5512; x_wconf 85' lang='lat' dir='ltr'><strong>Hoc</strong></span> <span class='ocrx_word' id='word_1_806' title='bbox 3439 5471 3543 5526; x_wconf 81' lang='lat' dir='ltr'><strong>ego</strong></span> 
     </span>
    </p>
   </div>
   <div class='ocr_carea' id='block_1_116' title="bbox 1993 5546 3554 5619">
    <p class='ocr_par' dir='ltr' id='par_1_116' title="bbox 1993 5546 3554 5619">
     <span class='ocr_line' id='line_1_116' title="bbox 1993 5546 3554 5619; baseline -0.001 -16"><span class='ocrx_word' id='word_1_807' title='bbox 1993 5547 2262 5603; x_wconf 90' lang='lat' dir='ltr'><strong>orationis</strong></span> <span class='ocrx_word' id='word_1_808' title='bbox 2294 5561 2496 5601; x_wconf 87' lang='lat' dir='ltr'><strong>munus</strong></span> <span class='ocrx_word' id='word_1_809' title='bbox 2534 5546 2634 5602; x_wconf 91' lang='lat' dir='ltr'><strong>tibi</strong></span> <span class='ocrx_word' id='word_1_810' title='bbox 2665 5546 2832 5614; x_wconf 92' lang='lat' dir='ltr'><strong>dono,</strong></span> <span class='ocrx_word' id='word_1_811' title='bbox 2877 5557 2985 5603; x_wconf 60' lang='lat' dir='ltr'><strong>tua}</strong></span> <span class='ocrx_word' id='word_1_812' title='bbox 3039 5547 3418 5604; x_wconf 88' lang='lat' dir='ltr'><strong>translationis</strong></span> <span class='ocrx_word' id='word_1_813' title='bbox 3453 5563 3554 5619; x_wconf 90' lang='lat' dir='ltr'><strong>pro</strong></span> 
     </span>
    </p>
   </div>
   <div class='ocr_carea' id='block_1_117' title="bbox 1990 5639 3552 5713">
    <p class='ocr_par' dir='ltr' id='par_1_117' title="bbox 1990 5639 3552 5713">
     <span class='ocr_line' id='line_1_117' title="bbox 1990 5639 3552 5713; baseline -0.001 -18"><span class='ocrx_word' id='word_1_814' title='bbox 1990 5640 2200 5697; x_wconf 84' lang='lat' dir='ltr'><strong>viribus</strong></span> <span class='ocrx_word' id='word_1_815' title='bbox 2231 5639 2564 5696; x_wconf 81' lang='lat' dir='ltr'><strong>honorandae</strong></span> <span class='ocrx_word' id='word_1_816' title='bbox 2590 5640 2763 5713; x_wconf 78' lang='lat' dir='ltr'><strong>gratia</strong></span> <span class='ocrx_word' id='word_1_817' title='bbox 2811 5658 2825 5696; x_wconf 90' lang='lat'><strong>:</strong></span> <span class='ocrx_word' id='word_1_818' title='bbox 2857 5640 2926 5696; x_wconf 89' lang='lat' dir='ltr'><strong>ad</strong></span> <span class='ocrx_word' id='word_1_819' title='bbox 2945 5641 3106 5712; x_wconf 78' lang='lat' dir='ltr'><strong>cuius</strong></span> <span class='ocrx_word' id='word_1_820' title='bbox 3126 5641 3552 5705; x_wconf 88' lang='lat' dir='ltr'><strong>solemnitatem,</strong></span> 
     </span>
    </p>
   </div>
   <div class='ocr_carea' id='block_1_118' title="bbox 2001 5733 3551 5807">
    <p class='ocr_par' dir='ltr' id='par_1_118' title="bbox 2001 5733 3551 5807">
     <span class='ocr_line' id='line_1_118' title="bbox 2001 5733 3551 5807; baseline -0.001 -18"><span class='ocrx_word' id='word_1_821' title='bbox 2001 5742 2197 5806; x_wconf 63' lang='lat' dir='ltr'><strong>praeter</strong></span> <span class='ocrx_word' id='word_1_822' title='bbox 2224 5748 2373 5802; x_wconf 81' lang='lat' dir='ltr'><strong>spem</strong></span> <span class='ocrx_word' id='word_1_823' title='bbox 2402 5749 2590 5792; x_wconf 89' lang='lat' dir='ltr'><strong>eorum</strong></span> <span class='ocrx_word' id='word_1_824' title='bbox 2622 5734 2714 5806; x_wconf 85' lang='lat' dir='ltr'><strong>qui</strong></span> <span class='ocrx_word' id='word_1_825' title='bbox 2736 5734 2852 5794; x_wconf 85' lang='lat' dir='ltr'><strong>dies</strong></span> <span class='ocrx_word' id='word_1_826' title='bbox 2885 5735 3009 5796; x_wconf 72' lang='lat' dir='ltr'><strong>vita:</strong></span> <span class='ocrx_word' id='word_1_827' title='bbox 3033 5743 3237 5795; x_wconf 72' lang='lat' dir='ltr'><strong>nostra:</strong></span> <span class='ocrx_word' id='word_1_828' title='bbox 3255 5733 3551 5807; x_wconf 79' lang='lat' dir='ltr'><strong>(quosipsi</strong></span> 
     </span>
    </p>
   </div>
  </div>
