3952 6210
362 288 484 364 ¹171

1600 295 1823 357 LEONI
1835 294 1874 354 S
1914 293 2370 355 PHILOSOPIII

3498 288 3598 357 172

390 426 496 481 non
570 408 1017 477 subministrant)
1082 421 1365 479 perperam
1420 406 1748 472 metiuntur,
1816 408 1975 464 vitae

2084 402 2153 459 ἴον
2198 405 2298 458 οὐκ
2358 404 2465 456 εἰσί
2514 403 2759 475 χορηγοὶ,
2789 402 2887 472 τῆς
2934 401 3088 473 ἡμῶν
3138 400 3378 472 βιώσεως
3413 402 3604 470 ἐπιμε-

391 510 590 558 oostra:
646 500 983 556 curriculum
1020 500 1220 556 durare
1270 499 1508 554 voluisti.
1543 496 1621 550 Tu
1657 511 1786 552 vero
1832 496 1949 552 vice

2084 497 2340 567 ρούντων,
2376 496 2467 552 τὸν
2523 494 2792 567 ἡμέτερον
2822 495 2936 565 βίον
2980 493 3262 565 διαρκέσαι
3287 491 3608 562 εὐδόκησας.

392 592 553 661 hujus
588 591 832 646 muneris
857 597 912 646 et
964 590 1275 655 oblationis,
1314 589 1380 644 da
1430 587 1611 653 nobis,
1662 602 1774 642 non
1824 586 1948 642 vitae

2084 595 2121 646 ὶὺ
2154 594 2199 647 δ’
2232 594 2362 664 ἡμῖν
2416 592 2564 661 δοίης
2619 590 2739 647 ἀντὶ
2779 592 2879 662 τῆς
2924 591 3310 662 προσενέξεως,
3345 588 3406 641 ού
3435 587 3615 657 μῆκος

392 685 781 757 longitudinem
811 686 945 756 (non
974 684 1109 739 adeo
1147 698 1265 738 eam
1296 696 1440 745 amo,
1502 694 1681 749 neque
1717 679 1947 734 insatia-

395 777 489 832 bili
520 775 793 831 desiderio
840 775 1003 843 hujus
1042 787 1241 827 amara:
1284 770 1671 841 navigationis,
1704 780 1759 826 et
1787 784 1947 840 quam

395 867 742 936 coniunctam
774 865 953 932 habet,
991 862 1322 935 agitationis,
1352 862 1561 930 teneor)
1595 878 1610 915 :
1644 862 1762 925 sed,
1792 862 1839 917 si
1878 864 1952 916 ita

396 962 690 1023 decretum,
710 974 808 1013 nos
840 974 904 1013 ex
923 963 1022 1011 hac
1052 958 1158 1011 vita
1178 957 1498 1019 subducere,
1518 956 1735 1024 largire,
1751 963 1811 1010 ut
1828 971 1954 1026 pec-

396 1059 637 1104 catorum
667 1050 903 1117 pondere
924 1047 1089 1102 lever.
1115 1046 1271 1113 Quod
1293 1046 1337 1102 si
1360 1046 1566 1102 diutius
1587 1046 1640 1099 in
1662 1061 1825 1101 carne
1846 1061 1956 1100 ma-

398 1140 629 1194 nendum
650 1140 771 1202 erit,
791 1138 893 1193 etsi
912 1138 1016 1192 hoc
1034 1137 1150 1193 scio
1165 1138 1493 1208 quibusdam
1515 1138 1785 1208 ingratum
1818 1137 1955 1201 fore,

399 1244 456 1289 tu
483 1235 740 1299 concede,
784 1243 843 1288 ut
888 1243 942 1288 et
972 1234 1103 1303 ipsis
1135 1244 1188 1288 et
1224 1235 1383 1291 nobis
1417 1234 1695 1290 fructuose
1740 1246 1956 1303 gregem

399 1339 653 1394 pascam;
677 1324 949 1394 simulque
975 1339 1184 1380 mecum
1209 1339 1387 1395 pasce,
1426 1324 1534 1380 duc
1551 1332 1605 1381 et
1639 1324 1778 1379 educ
1807 1338 1874 1377 ne
1893 1321 1960 1375 ad

400 1417 630 1473 aliorum
668 1430 892 1486 operum
937 1416 1204 1471 rationem
1258 1430 1513 1486 supremo
1548 1416 1641 1470 illo
1691 1416 1960 1480 examine,

402 1507 767 1562 damnationis
825 1514 1007 1561 reatus
1058 1505 1542 1577 proptersubditos
1568 1506 1791 1562 accedat
1822 1525 1833 1560 :
1866 1508 1961 1563 sed

404 1606 464 1652 nt
496 1614 686 1655 omnes
716 1598 859 1654 sicut
898 1599 1005 1663 hic,
1048 1599 1123 1653 ita
1170 1606 1225 1653 et
1267 1598 1337 1654 ibi
1375 1598 1743 1654 indesinenter
1766 1599 1962 1653 festum

403 1688 545 1742 diem
575 1697 888 1757 agamus,et
916 1690 1246 1745 collaztemur
1277 1690 1331 1745 in
1366 1690 1455 1743 illa
1480 1691 1963 1761 primogenitorum

2054 685 2167 755 βίον
2203 686 2320 755 (ούχ
2368 684 2540 748 οὓτως
2586 683 2717 756 ὲρῶ,
2747 683 2858 737 οὐδ’
2895 682 3206 752 ἀκορέστως
3233 680 3341 750 έχω
3388 678 3483 732 τοῦ
3510 677 3614 732 άλ-

2056 776 2227 847 μυροῦ
2274 775 2461 829 τούτου
2516 774 2671 841 πλοῦ,
2733 775 2825 829 κει)⁸
2869 775 2969 845 τῆς
3002 772 3235 827 ἐνταῦθα
3258 771 3610 845 περιφορᾶς),

2054 868 2169 921 ἀλλ’
2202 869 2251 921 εἰ
2284 868 2534 937 κέκριται
2564 865 2984 937 μεταναστεύειν
3036 866 3203 935 ἡμᾶς,
3255 863 3349 917 τοῦ
3412 864 3618 935 φόρτου

2053 960 2160 1013 τῶν
2208 958 2618 1030 ἁμαρτημάτων
2661 958 2762 1029 τὴν
2805 958 3165 1029 ἐλαφρότητα.
3200 957 3262 1009 Εἰ
3292 955 3348 1010 δὲ
3375 957 3467 1010 καὶ
3512 956 3619 1020 ἔτι,

2055 1050 2160 1105 κᾶν
2186 1050 2265 1113 εἰς
2288 1048 2453 1119 ἄχθος
2485 1050 2731 1112 ὲνίοιςτό
2762 1065 2846 1119 γε,
2875 1048 3214 1119 παραμένειν
3239 1046 3320 1100 δεῖ
3333 1050 3397 1119 τῇ
3429 1049 3622 1117 σαρκὶ,

2057 1142 2192 1195 ἀλλὰ
2214 1141 2278 1195 σύ
2316 1159 2380 1211 γε
2450 1142 2753 1214 παράσχοις
2798 1140 3090 1203 λυσιτελῶς
3153 1140 3335 1203 αὐτοῖς
3389 1156 3471 1203 τε,
3528 1139 3631 1191 καλ⁵

2057 1234 2188 1304 ἡμῖν
2224 1234 2505 1303 ποιμένειν
2558 1234 2619 1287 τὸ
2672 1234 2941 1303 ποίμνιον,
3002 1230 3142 1302 αύτὴ
3172 1230 3266 1283 καὶ
3313 1228 3633 1301 συμποιμέ-

2060 1340 2246 1389 νουσα,
2297 1325 2391 1377 καὶ
2445 1323 2865 1390 συνδιεξάγουσα
2893 1337 2907 1353 ·
2958 1321 3035 1383 ώς
3057 1320 3123 1374 ἂν
3154 1320 3227 1389 μὴ
3265 1318 3358 1372 ἐπὶ
3384 1322 3453 1390 τῇ
3514 1318 3634 1371 τῶν

2062 1416 2237 1487 ἔργων
2270 1415 2579 1487 εἰσπράξει,
2610 1416 2749 1484 καίὴ
2778 1415 2919 1485 ὑπὲρ
2957 1412 3183 1467 ἐκείνων
3208 1410 3498 1483 προσέλθοι
3524 1428 3632 1465 κα-

2063 1510 2313 1579 τάκρισις
2346 1521 2363 1538 °
2402 1505 2647 1573 ἀξιοῦσα,
2701 1506 2908 1568 πάντας
2946 1504 3063 1575 ἅμα
3107 1503 3380 1565 κακεῖθεν,
3437 1502 3634 1573 ὥσπερ

2066 1604 2158 1655 καὶ
2179 1600 2427 1655 ἐντεῦθεν
2450 1600 2703 1671 ἀλήκτως
2752 1600 3051 1670 ἑορτάζειν,
3100 1598 3196 1651 καὶ
3234 1596 3633 1666 συνευφραίνε-

2069 1692 2192 1745 σθαι
2220 1693 2279 1745 ἂν
2307 1696 2373 1764 τῇ
2407 1692 2711 1764 πανηγύρει
2742 1692 2851 1745 τῶν
2884 1691 3259 1762 πρωτοτόκων.
3288 1688 3379 1743 Ἐν
3410 1687 3637 1759 Χριστῷ

406 1779 761 1834 celebritate:
795 1780 849 1834 in
872 1780 1091 1835 Christo
1116 1779 1246 1836 Jesu
1284 1744 1775 1851 primogenitovtuo
1827 1779 1965 1835 Filio

2084 1744 3090 1854 ἸησοῦτῶσσῶῄπρωτοτόκῳΥίῶααὶ
3118 1780 3307 1851 Κυρίῳ
3327 1744 3507 1850 πάστίς
3534 1744 3639 1849 τῆξ

408 1886 471 1924 ac
498 1870 724 1925 Domino
740 1872 918 1926 omnis
939 1881 1202 1928 creatura:
1232 1890 1245 1927 :
1270 1889 1431 1943 quem
1458 1872 1612 1928 decet
1643 1874 1835 1943 gloria,
1869 1886 1969 1943 po-

406 1969 595 2029 testas,
617 1960 788 2016 honor
799 1972 851 2017 ct
872 1962 1115 2019 adoratio
1134 1966 1186 2018 in
1200 1966 1398 2021 saecula
1415 1965 1759 2021 saeculorum.
1777 1965 1967 2019 Amen.

982 2075 1238 2132 ORATIO
1277 2077 1391 2134 XV.

410 2190 687 2247 Dominica
723 2203 839 2261 post
872 2192 1232 2257 Pentecosten,
1261 2195 1493 2264 ejusdem
1523 2196 1647 2263 imp.
1684 2194 1888 2253 Oratio.
1914 2194 1966 2247 in

478 2266 915 2336 universwrterra:
944 2274 1156 2318 sanctos
1182 2267 1468 2328 universos,
1514 2265 1724 2336 quando
1767 2266 1967 2334 generis

478 2336 648 2387 nostri
680 2335 1065 2400 adversarium,
1089 2338 1198 2388 suis
1230 2336 1284 2389 in
1329 2336 1699 2389 certaminibus
1731 2346 1971 2403 prostra-

479 2414 683 2473 verunt,
712 2414 762 2461 et
785 2407 1091 2459 universalis
1120 2404 1216 2459 Dei
1245 2404 1486 2459 Ecclesia
1506 2406 1625 2460 illos
1654 2406 1895 2461 honorat.

2066 1875 2295 1938 κτίσεως
2322 1891 2336 1905 ⁸
2368 1868 2413 1940 ᾧ
2450 1876 2652 1946 πρέπει
2695 1874 2843 1940 δόξα,
2886 1876 3109 1945 κράτος,
3164 1873 3298 1943 τιμὴ
3344 1871 3433 1925 καί
3458 1888 3637 1942 προσ-

2066 1968 2290 2039 κύνησις
2320 1970 2403 2033 εἰς
2438 1970 2564 2034 τοὺς
2587 1969 2789 2033 αἰῶνας
2810 1968 2919 2022 τῶν
2952 1965 3183 2022 αἰώνων.
3238 1964 3429 2035 Ἀμην.

2678 2088 2893 2142 ΛΟΓΟΣ
2921 2091 3019 2143 ΙΕ’.

2065 2202 2329 2272 κυριακῇ
2372 2203 2529 2271 μετὰ
2584 2204 2699 2269 τὴν
2764 2204 3207 2271 Πεντηκοστήν.
3262 2200 3369 2256 Τοῦ
3427 2194 3634 2272 Δαὐτοῦ

2133 2268 2419 2342 lowest}-
2446 2274 2588 2337 τοὺς
2611 2268 2959 2341 ἁπανταχοῦ
2988 2274 3093 2342 γῆς
3126 2268 3332 2340 ἃγιους
3359 2268 3594 2342 πάξαις
3620 2281 3636 2296 ⁸

2139 2339 2238 2397 ὅτε
2272 2343 2384 2413 τὸν
2431 2342 2739 2413 ἀλάστορα
2786 2339 2893 2397 τοῦ
2933 2339 3145 2413 γένους
3170 2339 3405 2403 οἰκείοις
3423 2339 3647 2413 -ἆθλοις

2142 2412 2493 2491 κατέϐαλον,
2524 2412 2621 2467 καί
2659 2407 2704 2481 ἢ
2735 2407 3474 2484 πατκόὸνμιος”ιξκκλησία
3493 2407 3643 2461 τού-

2136 2500 2281 2549 τους
2304 2500 2461 2552 τίμα.

1630 2588 1945 2657 (Causam,
1975 2600 2014 2649 t.
2037 2593 2154 2658 XV,
2186 2610 2238 2663 p.
2264 2592 2412 2663 529.)

483 2688 656 2742 Antea
690 2685 927 2756 Spiritus
967 2685 1141 2739 sancti
1174 2684 1241 2739 ad
1277 2684 1524 2741 homines
1562 2684 1853 2740 adventum
1881 2700 1974 2741 ce-

414 2779 783 2844 lebrabamus,
814 2777 992 2834 Verbo
1018 2778 1127 2848 jam
1158 2778 1225 2832 ad
1253 2792 1480 2848 superas
1515 2779 1673 2834 sedes
1707 2777 1974 2847 proiecto.

414 2869 574 2927 Nunc
610 2870 807 2927 festum
841 2869 986 2925 diem
1012 2869 1169 2926 nobis
1199 2871 1544 2924 constituunt
1572 2870 1810 2925 ministri
1862 2885 1976 2925 ser-

417 2960 616 3027 monis,
648 2961 740 3030 qui
770 2961 937 3016 variis
974 2962 1260 3017 tormentis
1289 2976 1522 3032 corpore
1550 2978 1650 3017 suo
1676 2962 1976 3017 excruciati

2143 2688 2414 2760 Πρότερον
2449 2688 2481 2758 ἡ
2513 2685 2604 2741 τοῦ
2642 2687 2905 2756 παναγίου
2944 2685 3258 2757 Πνεύματος
3309 2682 3644 2753 έπανηγυρίο

2073 2778 2195 2841 ζετο
2234 2779 2370 2850 πρὸς
2397 2778 2715 2847 ἀνθρώπους
2760 2778 3043 2849 ἐπιδημία,
3094 2778 3198 2847 ήδη
3220 2774 3316 2829 τοῦ
3342 2774 3517 2841 Λόγου
3540 2772 3643 2843 τὴν

2072 2873 2151 2933 εἰς
2181 2872 2441 2943 οὐρανοὺς
2466 2870 2651 2926 ἄνοδον
2683 2870 3068 2939 τελεσαμένου.
3104 2869 3217 2923 Νῦν
3240 2870 3372 2937 ἡμῖν
3404 2881 3641 2935 συγκρο-

2072 2962 2225 3016 τοῦσι
2252 2964 2353 3035 τῆς
2401 2964 2597 3034 ἑορτῆς
2652 2963 2751 3034 τὴν
2808 2962 3065 3015 ὑπόθεσιν
3108 2963 3158 3014 οἱ
3211 2958 3484 3030 ὑπηρέται
3543 2955 3639 3009 τοῦ

419 3062 569 3115 sunt,
602 3060 661 3105 ut
683 3052 878 3107 anima:
921 3053 1114 3108 stolam
1156 3054 1414 3108 intactam
1443 3053 1807 3109 custodirent.
1849 3053 1974 3109 Heri

2084 3055 2238 3122 λόγου
2284 3055 2558 3119 ποικίλαις
2601 3055 2850 3127 βασάνων
2897 3054 3065 3118 ἰδέαις
3090 3054 3181 3107 τὸν
3203 3052 3528 3123 δερμάτινον
3558 3067 3644 3117 χι-

417 3157 637 3197 sacrum
677 3144 823 3198 diem
856 3144 1064 3214 egimus
1105 3142 1408 3211 Paracleto,
1456 3146 1549 3215 qui
1603 3146 1669 3200 ad
1700 3148 1978 3217 apostolos

419 3234 722 3300 descendit,
754 3241 808 3291 et
832 3251 930 3306 per
954 3236 1101 3305 ipsos
1135 3237 1278 3292 velut
1303 3238 1632 3308 perennibus
1654 3240 1978 3309 quibusdam

419 3328 599 3384 ﬂuviis
625 3336 798 3384 totum
822 3337 1091 3385 terrarum
1113 3330 1302 3386 orbem
1337 3332 1605 3403 irrigavit.
1637 3332 1806 3387 Hodie
1828 3348 1981 3387 reco-

374 3483 377 3486 ς
419 3422 584 3479 limus
620 3422 957 3478 immortales
974 3422 1094 3477 illos
1124 3423 1398 3489 ﬂosculos,
1426 3432 1709 3495 martyres,
1736 3425 1978 3494 inquam,

420 3528 558 3583 quos
603 3523 747 3569 terra
792 3513 1010 3583 quidem
1058 3514 1332 3578 submisit,
1366 3522 1421 3567 at
1455 3515 1653 3569 coelum
1684 3514 1795 3584 jam
1829 3530 1981 3571 rece-

421 3608 521 3677 pit.
561 3605 665 3661 Sed
696 3620 818 3676 qute
872 3605 1055 3676 lingua
1090 3606 1172 3661 bis
1206 3606 1566 3661 decantandis
1607 3606 1741 3661 satis
1769 3616 1853 3662 est
1890 3622 1981 3661 so-

420 3698 595 3752 nora?
618 3712 739 3767 quae
777 3713 933 3755 meus
960 3697 1097 3753 satis
1126 3697 1354 3753 idonea?
1381 3696 1533 3764 Quod
1558 3697 1604 3751 si
1634 3712 1740 3767 qua
1774 3700 1982 3769 angelis

420 3797 507 3843 est
571 3789 777 3859 lingua,
836 3805 956 3843 eam
991 3790 1277 3859 oportebat
1308 3790 1499 3842 horum
1562 3789 1751 3845 laudes
1780 3797 1982 3845 texere.

424 3881 520 3937 llis
555 3882 701 3938 enim
753 3882 847 3950 qui
892 3882 1093 3934 luctam
1134 3896 1299 3951 supra
1350 3892 1560 3935 naturae
1606 3881 1751 3936 vires
1796 3881 1984 3935 luctati

422 3981 576 4036 sunt,
600 3971 876 4039 quomodo
906 3986 1005 4039 pro
1037 3972 1249 4027 meritis
1287 3978 1340 4025 et
1373 3972 1641 4038 dignitate
1695 3982 1985 4027 censeatur

424 4062 515 4118 illa
544 4062 808 4124 laudatio,
835 4076 1001 4129 quam
1049 4072 1242 4114 natura
1274 4060 1542 4115 instituit?
1590 4059 1787 4116 Verum
1827 4064 1985 4130 plane

423 4152 761 4209 credendum
818 4162 917 4217 est,
950 4152 1178 4208 eximios
1217 4153 1316 4207 hos
1363 4152 1594 4208 athletas
1624 4153 1885 4208 celebrari
1915 4155 1984 4208 ab

425 4242 655 4314 angelis,
684 4258 767 4308 ea,
798 4257 962 4313 quam
990 4242 1093 4312 ipsi
1141 4252 1331 4311 agunt,
1363 4242 1742 4311 solemnitate;
1791 4245 1885 4300 sed
1914 4260 1985 4300 an

425 4336 551 4391 ideo
578 4351 793 4405 aequum
818 4336 945 4402 erit,
981 4343 1039 4390 ut
1072 4352 1174 4393 nos
1200 4336 1292 4405 qui
1320 4336 1373 4390 in
1398 4346 1540 4390 terra
1569 4336 1838 4407 dcgimns,
1857 4338 1984 4406 quia

2078 3148 2224 3202 τῶνα
2278 3148 2673 3214 διαξανθέντες,
2732 3150 2821 3203 ἰνα
2861 3147 2922 3201 τὸ
2947 3150 3208 3218 ἀκέραιον
3231 3147 3296 3215 τῇ
3339 3142 3498 3213 στολῇ
3546 3144 3646 3211 τῆς

2076 3240 2253 3311 ψυχῆς
2287 3241 2665 3311 συντηρήσωσι
2692 3257 2705 3271 ·
2771 3242 2898 3310 χθὲς
2944 3240 3034 3292 τὸν
3092 3238 3445 3310 Παράκλητον
3470 3234 3645 3288 ἐθειά-

2079 3333 2263 3401 ζομεν,
2293 3331 2627 3402 ἐνδημοῦντα
2672 3335 2786 3395 τοῖς
2830 3331 3165 3395 ἀποστόλοις,
3198 3330 3292 3382 καὶ
3319 3328 3385 3381 δι’
3444 3324 3647 3386 αὐτῶν.

2079 3423 2265 3495 ῶσπερ
2286 3423 2395 3475 τισὶ
2426 3424 2691 3493 ποταμοῖς
2721 3422 2936 3484 ἀενάοις
2959 3420 3055 3490 τὴν
3084 3420 3408 3489 οἰκουμένην
3430 3416 3650 3488 ἀρδείας

2080 3513 2413 3587 πληροῦντα.
2453 3514 2722 3585 Σήμερον,
2751 3514 2822 3567 τά
2856 3513 3146 3585 ἀμάραντα
3199 3511 3355 3581 ἀνθη,
3387 3510 3423 3564 ἃ
3446 3510 3521 3578 γῆ
3552 3509 3652 3578 μὲν

2080 3608 2437 3675 ἐξανέτειλεν,
2469 3607 2763 3674 ὑπεδέξατο
2789 3607 2847 3661 δὲ
2878 3606 3123 3677 ούρανδς,
3177 3605 3303 3667 τοὺς
3345 3603 3645 3675 μάρτυρας.

2095 3699 2252 3753 Ἀλλά
2284 3700 2367 3763 τίς
2410 3700 2607 3771 εῦηχος
2670 3699 2924 3768 γλῶσσα;
2961 3698 3044 3759 τίς
3064 3696 3292 3767 διαρκὴς
3320 3694 3441 3758 νοῦς
3515 3692 3653 3762 πρὸς

2081 3791 2384 3862 εὺφημίαν;
2411 3793 2464 3845 εί
2489 3809 2571 3855 τις
2604 3792 2711 3863 ἄρα
2733 3790 2853 3844 ἐστί
2897 3788 3116 3858 γλῶσσα
3155 3788 3420 3855 ἀγγέλων,
3446 3784 3657 3853 ταύτην

2082 3886 2246 3955 ἐχρῆν
2272 3885 2583 3939 διαπλέκειν
2632 3883 2730 3953 τὴν
2779 3882 3080 3953 εὐφημίαν·
3132 3874 3213 3943 οἷς
3234 3880 3343 3949 γὰρ
3369 3878 3507 3947 ὑπὲρ
3548 3877 3657 3944 φύ-

2086 3995 2188 4040 σιν,
2240 3978 2273 4044 ἠ
2328 3976 2495 4046 πάλη,
2553 3976 2673 4040 πῶς
2720 3976 2933 4039 τούτοις
2982 3973 3240 4045 ἀποχρῶν
3300 3972 3435 4043 πρὸς
3486 3970 3658 4040 τιμὴν

2083 4068 2276 4137 ὀφθείη
2309 4070 2337 4121 ό
2356 4069 2420 4120 ὲκ
2452 4068 2551 4136 τῆς
2580 4068 2797 4135 φύσεως
2826 4067 3082 4131 ἕπαινοςς
3119 4065 3235 4119 ἀλλ’
3286 4063 3505 4133 ἄγγελοι
3520 4064 3663 4115 πάν-

2083 4178 2189 4225 τως
2238 4163 2303 4231 τῇ
2361 4160 2483 4213 καθ’
2526 4160 2754 4221 ἑαυτοὺς
2817 4158 3147 4229 πανηγύρει,
3200 4156 3326 4218 τοὺς
3354 4155 3659 4223 ὑπερφυεῖς

2084 4252 2284 4323 τιμῶσι
2310 4251 2590 4320 γεννάδας.
2626 4252 2716 4320 Μή
2744 4267 2879 4305 ποτε
2907 4250 2963 4302 δὲ
2995 4250 3093 4319 ούχ
3140 4249 3309 4313 ὅσιον,
3332 4247 3479 4317 ἡμᾶς
3526 4246 3661 4308 τοὺς

2085 4345 2142 4397 ὲν
2178 4346 2269 4413 γῇ,
2300 4344 2381 4397 ὅτι
2408 4342 2482 4413 μὴ
2508 4343 2606 4412 τῆς
2630 4341 2787 4408 ἀξίας
2821 4338 3213 4411 ὲφικνούμεθα,
3240 4340 3341 4410 ἤδη
3372 4336 3660 4399 παντελῶς

426 4428 659 4483 dicendo
691 4437 894 4483 tantam
926 4428 1304 4491 excellentiam
1344 4443 1561 4497 aequare
1585 4444 1691 4482 non
1718 4428 1865 4494 licet,
1892 4445 1975 4499 pe-

2090 4436 2476 4506 κατολιγωρεῖν
2497 4434 2595 4503 τῆς
2625 4433 2816 4503 τιμῆς,
2861 4434 3059 4504 χρῆναι
3091 4431 3148 4483 δὲ
3195 4430 3393 4501 μᾶλλον
3448 4445 3664 4481 συνεισ-

374 4576 375 4579 η
425 4521 575 4577 nitus
600 4521 669 4575 ab
695 4520 887 4575 horum
922 4521 1071 4575 cultu
1101 4528 1156 4575 et
1183 4521 1387 4575 honore
1418 4520 1771 4586 desistamus,
1797 4531 1850 4575 et
1878 4535 1985 4575 non

426 4618 630 4685 potius,
662 4616 925 4686 quidquid
959 4617 1103 4671 vires
1156 4615 1358 4679 ferunt,
1398 4614 1650 4670 conferre
1682 4618 1990 4670 tentemus?

394 4730 397 4733 -
426 4706 596 4777 Igitur
626 4707 692 4760 ad
734 4707 1017 4763 exordium
1046 4706 1296 4761 oratione
1351 4716 1623 4771 revocata,
1668 4721 1781 4760 rem
1814 4706 1986 4775 ipsam

426 4799 828 4870 aggrediamur.

502 4892 690 4960 Itaque
712 4908 838 4946 cum
866 4891 977 4961 jam
1005 4890 1189 4945 divina
1223 4889 1464 4960 cognitio
1487 4889 1694 4943 animas
1720 4887 1987 4957 irrigaret,

427 4983 640 5037 aridum
667 5000 887 5052 prorsus
912 4995 971 5040 et
997 4985 1174 5040 onmis
1204 4984 1450 5039 humoris
1473 4998 1667 5052 expers
1696 4980 1992 5035 humanum

430 5091 602 5143 genus
633 5077 868 5143 vivebat,
894 5080 1021 5147 quin
1047 5078 1191 5134 etab
1220 5076 1545 5133 idololatriae
1568 5074 1994 5144 cultusquejna-

431 5170 581 5224 nium
613 5170 839 5227 deorum
871 5173 1085 5227 llamma
1110 5171 1519 5232 absumebatur,
1562 5180 1618 5223 et
1644 5184 1765 5239 quae
1794 5183 1825 5221 a
1856 5181 1992 5221 con-

429 5263 606 5320 ditore
643 5265 813 5319 indita
852 5275 1008 5320 erant
1058 5265 1290 5329 semina,
1328 5279 1435 5319 non
1488 5269 1741 5332 poterant
1786 5270 1993 5313 natura:

429 5366 854 5421 consentaneos,
900 5367 953 5412 et
1002 5358 1192 5427 quales
1218 5374 1284 5413 ex
1333 5357 1505 5428 probo
1541 5356 1750 5411 semine
1776 5354 1994 5424 prodire

428 5444 627 5509 solent,
662 5446 873 5500 fructus
904 5447 1183 5515 proferre;
1210 5449 1304 5505 sed
1326 5446 1590 5519 quidquid
1620 5454 1990 5510 succreverat,

430 5535 486 5591 id
513 5539 857 5606 peregrinum
886 5547 940 5593 et
987 5540 1219 5596 alienum
1249 5553 1385 5610 erat,
1420 5555 1474 5596 et
1506 5549 1661 5597 ortus
1691 5540 1777 5597 Sui
1819 5540 1993 5595 mani-

428 5629 654 5684 festiora
674 5630 837 5686 dabat
860 5632 1079 5697 indicia,
1115 5650 1276 5702 quam
1317 5635 1528 5690 soleant
1565 5643 1808 5690 monstra
1852 5649 1991 5703 pra:-

428 5724 559 5780 bcre
600 5724 926 5781 documenta
957 5727 1131 5783 morbi
1165 5741 1376 5795 eorum,
1431 5744 1461 5782 a
1496 5728 1696 5798 quibus
1728 5742 1989 5797 progene-

2093 4528 2355 4594 ενεγκείν,
2390 4526 2510 4577 ὅσον
2538 4520 2672 4596 ἧκεν
2704 4526 2783 4587 εἰς
2805 4524 3029 4593 δύναμιν
3050 4540 3064 4586 ;
3088 4520 3321 4585 Οὐκοῦν,
3354 4519 3544 4588 ὥσπερ
3580 4523 3664 4583 εἰς

2094 4620 2268 4689 ἀρχὴν
2328 4634 2449 4669 τινα
2514 4616 2951 4685 καταστήσαντες
2990 4613 3080 4667 τὸν
3135 4612 3308 4681 λόγον,
3360 4610 3455 4664 τοῦ
3494 4611 3665 4679 ἔργου

2096 4706 2487 4778 ὲπιληψόμεθα.

2163 4894 2299 4964 Ἤδη
2329 4896 2424 4963 μὲν
2451 4894 2542 4947 οὖν
2575 4894 2672 4963 τῆς
2702 4892 3038 4963 ἐπαρδούσης
3100 4892 3249 4954 θείας
3284 4888 3537 4957 γνώσεως
3563 4886 3667 4949 τὰς

2089 4985 2285 5056 ψυχὰς,
2336 4986 2561 5055 ἀνικμον
2602 4982 2670 5056 ἦν
2700 4984 2976 5047 παντελῶς
3012 4984 3069 5036 τὸ
3116 4980 3478 5053 ἀνθρώπινον,
3513 4979 3667 5030 εἱδωο

2090 5071 2353 5141 λομανίας
2385 5071 2441 5124 δὲ
2487 5072 2751 5125 ὲκέκαυτο
2786 5073 2939 5143 πυρὶ,
2970 5070 3117 5123 τὰδὲ
3157 5070 3441 5123 ἐντεθέντα
3507 5068 3668 5139 παρά

2094 5164 2188 5218 τοῦ
2239 5163 2571 5234 δημιουργοῦ
2634 5165 2907 5235 σωτηρίας
2952 5164 3261 5233 σπέρματα,
3307 5160 3417 5213 οὐδ’
3437 5154 3503 5227 ἦν
3533 5159 3671 5211 ἀνα-

2097 5258 2246 5326 σχεῖν
2300 5256 2534 5326 βλάστην
2574 5255 2805 5326 γνησίαν
2839 5255 2939 5325 τῆς
2994 5253 3231 5322 φύσεως,
3277 5252 3387 5304 οὐδ’
3416 5246 3505 5302 οἷα
3525 5265 3672 5318 προ-

2097 5351 2242 5405 έλθοι
2276 5350 2343 5404 ἂν
2377 5349 2687 5421 σπέρματος
2748 5347 2975 5417 ἀγαθοῦ,
3018 5347 3153 5401 ἀλλά
3185 5347 3315 5410 πᾶν,
3370 5344 3508 5411 ὅπερ
3540 5343 3676 5394 έπε-

2101 5443 2264 5513 φύκει
2311 5442 2611 5514 ἀλλότριον,
2652 5441 2747 5495 καὶ
2778 5441 2928 5506 ξένον
2954 5435 3022 5512 ἦν
3046 5438 3428 5508 γνωρίσματος
3458 5434 3674 5489 οἰκείου

2100 5536 2282 5603 πλέον,
2324 5535 2527 5607 ἢνόσῳ
2565 5532 2766 5606 [νόσου]
2827 5534 2935 5586 τῶν
2988 5529 3303 5600 γεννώντων
3349 5529 3417 5581 τὰ
3439 5527 3670 5596 τέρατα.

2098 5626 2397 5697 Δαιμονίων
2446 5625 2552 5697 γὰρ
2606 5624 2783 5677 ἔτικτε
2844 5621 3205 5693 θεραπευτὰς,
3239 5620 3335 5672 καὶ
3361 5618 3536 5687 ούτῆς
3578 5618 3678 5685 δη-

2098 5721 2358 5795 μιουργοῦ
2412 5722 2519 5777 τῶν
2569 5720 2703 5774 ὅλων
2735 5718 2934 5784 αἰτίας,
2998 5716 3250 5771 ἁπάντων
3280 5710 3677 5770 καταλελοιπὸ-
