4070 6206
382 329 494 394 173

1389 339 1668 400 ORATIO
1691 341 1814 403 XV.
1841 367 1910 378 -
1931 342 2014 405 ΙΝ
2051 342 2311 406 OMNES
2347 344 2694 407 SANCTOS.

3525 351 3630 416 17E

373 456 496 494 των
527 441 732 512 μικροῦ
763 441 872 496 δεῖν
887 443 1189 515 ἀνθρώπων
1218 445 1320 518 τὴν
1355 446 1449 500 τοῦ
1482 446 1618 502 Θεοῦ
1639 449 1825 522 τιμὴν,
1871 448 1966 503 καὶ

2069 458 2186 503 rata
2231 457 2383 506 sunt.
2411 451 2723 507 Darmonum
2757 452 2900 508 enim
2932 453 3183 524 pariebat
3218 455 3482 525 cultores,
3516 477 3625 517 non

380 535 527 605 πρὸς
573 535 820 598 ἐκείνους
855 536 1336 607 μεταταξαμένων.
1403 539 1556 593 Ἐπεὶ
1580 539 1626 593 δ’
1654 539 1683 592 ό
1701 539 1760 605 ἐξ
1781 540 1956 611 ἀρχῆς

380 626 598 690 πλάσας
628 625 696 680 δι’
717 621 901 680 οἶκτον
937 628 1028 681 τὸν
1056 627 1361 698 ἄνθρωπον,
1417 629 1517 683 οὐκ
1553 629 1715 700 ἔφερε
1737 628 1956 699 βλέπειν

372 719 478 790 τὴν
510 719 786 788 τοσαύτην
841 719 934 772 ἐπὶ
985 718 1062 773 τὰ
1107 720 1275 791 χείρω
1303 721 1497 792 ῥοπὴν,
1518 722 1638 776 οὐδὲ
1665 721 1765 792 τὴν
1815 720 1956 775 οὕτω

375 810 591 879 πικρὰν
625 810 722 863 τοῦ
782 809 1105 882 πλάσματος
1153 812 1463 883 τυραννίδα,
1514 813 1630 866 ἀλλ’
1663 813 1956 884 εὐδόκησεν

371 903 548 968 αὐτὸς
589 902 880 972 γενόμενος
903 903 1215 974 ἄνθρωπος,
1270 905 1332 957 ἐν
1387 905 1563 976 ὁμοίῳ
1591 907 1831 978 σχήματι
1860 909 1958 962 ἐπ-

371 993 616 1066 αμύνειν
649 994 979 1066 ἀνθρώποις,
1017 993 1142 1067 ἄρτι
1174 996 1278 1066 μὲν
1309 995 1454 1050 θείου
1489 998 1702 1068 ῥανίσιν
1727 999 1957 1070 αἵματος

373 1088 752 1143 ἀπεσϐέννυτο
780 1087 882 1158 τῆς
947 1089 1335 1159 εἰδωλομανίας
1365 1090 1400 1160 ἡ
1431 1088 1584 1160 φλὸξ,
1649 1091 1955 1163 ἐδροσίζετο

368 1182 432 1236 δὲ
462 1183 498 1254 ἡ
533 1181 646 1235 τῶν
677 1181 981 1251 ἀνθρώπων
1012 1181 1194 1251 φύσις,
1222 1182 1318 1236 καὶ
1347 1181 1490 1237 κατά
1523 1181 1697 1255 βραχὺ
1723 1183 1952 1239 πίνουσα

371 1271 487 1325 τῶν
547 1271 846 1341 σταγόνων,
890 1271 1122 1342 ἀνέφερε
1166 1269 1305 1343 πρὸς
1347 1271 1568 1344 ἑαυτὴν,
1594 1275 1690 1326 καὶ
1709 1275 1956 1343 καρποὺς

371 1362 646 1432 ἐνηνόχει,
716 1362 819 1416 οὐκ
875 1360 1211 1430 ἀλλοτρίους,
1270 1359 1384 1414 ἀλλ’
1437 1361 1713 1427 ἐοικότας,
1767 1356 1850 1425 οἷς
1896 1362 1956 1429 ἐξ

381 1456 564 1526 ἀρχῆς
589 1457 620 1508 ὁ
645 1455 991 1526 γεωργήσας,
1025 1454 1156 1524 ἡμῖν
1175 1451 1502 1520 ἐγκατέθετο
1528 1453 1826 1525 σπέρμασι.
1845 1453 1958 1506 Καὶ

372 1549 480 1620 ἥδη
517 1550 614 1620 μὲν
638 1546 1118 1618 κατεπεφρόνηντο
1146 1543 1419 1616 δαίμονες,
1457 1544 1685 1616 ἐπανῄει
1723 1544 1779 1598 δὲ
1819 1545 1957 1616 πρὸς

373 1642 472 1695 τὸν
533 1638 779 1709 Κτίστην
830 1638 864 1708 ή
897 1635 1031 1708 τιμὴ
1094 1635 1276 1700 καλῶς
1323 1636 1430 1691 ἀπὸ
1478 1635 1588 1690 τῶν
1640 1635 1956 1706 κτισμάτων

375 1729 757 1802 ἀναχωροῦσα.
785 1728 954 1783 Τοῦτο
972 1722 1064 1782 οὖν
1095 1727 1325 1798 ἐπείπερ
1374 1727 1644 1796 ἐγεγόνει,
1681 1726 1950 1796 ἤσχαλλεν

2055 539 2195 608 eius,
2224 542 2319 611 qui
2350 541 2608 597 universa
2638 543 2964 612 procreavit,
2977 545 3230 602 omnibus
3253 546 3426 605 ferme
3450 549 3632 606 homi-

2054 631 2237 697 nibus,
2277 633 2349 698 ad
2379 632 2688 688 daamonum
2712 635 2946 701 cultum,
2993 635 3107 693 Deo
3133 637 3416 709 derelicto,
3445 649 3631 700 trans-

2053 725 2284 795 gressis.
2313 725 2611 798 Postquam
2662 741 2790 784 vero
2821 728 2888 794 is,
2921 730 3016 800 qui
3037 731 3106 786 ab
3139 732 3299 788 initio
3327 732 3629 801 hominem,

2054 816 2429 873 misericordia
2461 827 2662 885 motus,
2700 819 2986 886 formarat,
3013 836 3126 878 non
3157 823 3305 890 tulit,
3339 834 3401 882 ut
3435 828 3504 882 ad
3535 828 3634 884 de-

2054 905 2258 960 teriora
2289 921 2505 977 semper
2543 908 2948 978 prolaberetur,
2977 917 3032 966 et
3072 918 3185 967 tam
3229 913 3372 970 duro
3395 916 3634 971 servitu-

2057 996 2127 1051 tis
2165 995 2299 1067 jugo
2348 996 2668 1068 ﬁgmentum
2730 1013 2892 1054 suum
2940 1001 3382 1072 opprimeretur;
3437 1007 3631 1062 statuit

2055 1085 2288 1156 ipsemet
2319 1088 2441 1158 opis
2498 1088 2742 1146 ferenda:
2791 1105 2979 1158 causa,
3037 1092 3334 1149 humanam
3377 1104 3629 1150 naturam

2057 1177 2306 1244 induere,
2345 1187 2402 1237 et
2430 1181 2595 1237 simili
2633 1183 2736 1252 sub
2775 1184 3012 1256 imagine
3043 1185 3188 1242 inter
3217 1187 3481 1243 mortales
3505 1202 3632 1243 ver-

2058 1271 2193 1326 sari.
2230 1270 2296 1326 Et
2315 1272 2425 1343 jam
2462 1273 2632 1343 guttis
2662 1274 2833 1329 divini
2869 1275 3154 1346 sanguinis
3181 1277 3634 1349 exstinguehatur

2057 1362 2381 1420 idololatria
2430 1365 2670 1431 ﬂamma,
2720 1375 2776 1421 et
2813 1380 2935 1422 rore
2964 1367 3175 1424 caelesti
3200 1369 3635 1438 perfundebatur

2056 1453 2297 1511 humana
2324 1465 2544 1522 natura,
2586 1457 2967 1528 paulatimque
2995 1457 3172 1512 stillas
3199 1458 3540 1524 combibens,
3563 1461 3632 1515 ad

2058 1547 2293 1618 seipsam
2321 1549 2595 1616 trahebat,
2633 1549 2958 1620 fructusque
2991 1549 3200 1606 ferebat
3248 1566 3359 1606 non
3387 1552 3632 1622 peregri-

2057 1654 2180 1706 nos,
2214 1640 2309 1696 sed
2337 1641 2443 1696 sibi
2471 1648 2869 1712 competentes,
2898 1656 3138 1713 quorum
3162 1643 3369 1699 semina
3394 1659 3424 1698 a
3453 1645 3638 1714 primo

2059 1732 2244 1788 statim
2275 1742 2422 1798 ortu,
2451 1734 2698 1790 caelestis
2742 1735 2977 1792 colonus
3015 1735 3372 1805 insperserat.
3405 1734 3642 1807 Jamque

376 1822 682 1893 ἀνιώμενον
709 1820 771 1874 τὸ
793 1819 1069 1891 δαιμόνιον
1097 1819 1274 1888 γένος,
1310 1817 1418 1872 οὐδ’
1459 1817 1705 1888 ἠνείχετο
1733 1818 1954 1886 βλέπειν

2069 1823 2365 1894 lespieatui
2399 1834 2558 1880 erant
2611 1826 2907 1893 daemones,
2963 1827 3248 1897 honosque
3288 1843 3320 1882 ιι
3367 1829 3635 1884 creaturis

376 1916 463 1982 ἐφ’
495 1913 638 1967 οὕτω
656 1912 901 1984 χρηστὴν
931 1911 1232 1984 μεταϐολὴν
1259 1909 1549 1964 ἐπανιόντα
1566 1910 1657 1963 τὸν
1697 1909 1835 1979 πρὸς
1884 1909 1954 1964 τά

378 2008 548 2082 χείρω
577 2007 1018 2080 μετατραπέντα.
1049 2006 1150 2065 Διά
1172 2005 1330 2059 τοῦτο
1353 2004 1450 2058 καὶ
1481 2005 1621 2075 πρὸς
1636 2005 1954 2075 ἀκήρυκτον

378 2099 708 2172 ἀνηρέθιστο
727 2097 986 2169 πόλεμον.
1023 2097 1136 2151 Καὶ
1156 2097 1344 2166 ἐπειδὴ
1369 2095 1678 2168 προϐάτων,
1700 2097 1793 2149 καὶ
1815 2094 1954 2164 βοῶν

376 2192 591 2263 αἵματα
622 2191 749 2252 τοὺς
803 2189 1020 2261 βωμοὺς
1080 2186 1439 2253 ἐπελελοίπει,
1485 2184 1846 2256 ἀνθρωπίνοις
1875 2186 1960 2240 αἵ-

382 2297 523 2356 μασι
599 2281 866 2354 φύρεσθαι
921 2280 1020 2352 τὴν
1085 2280 1191 2350 γῆν
1263 2276 1667 2350 παρεσκεύασε.
1717 2278 1830 2332 Kal.
1878 2278 1961 2332 ὃτι

385 2376 636 2446 σφαγίων
688 2374 918 2428 ἐνεδεῖτο
976 2371 1235 2443 πλήθους,
1275 2371 1368 2424 ἐπὶ
1394 2369 1490 2434 τὰς
1519 2369 1630 2424 τῶν
1657 2367 1962 2441 ἀνθρώπων

384 2467 587 2538 ἐχώρει
609 2463 846 2534 σφαγάς.
893 2462 1032 2517 Ἀλλ’
1055 2457 1124 2532 ἦν
1171 2460 1421 2532 δαίμοσιν
1451 2460 1693 2532 ὄλεθρος,
1720 2460 1815 2514 καὶ
1860 2459 1963 2530 τῆς

380 2558 564 2613 αὐτῶν
603 2556 786 2628 ἰσχύος
815 2556 1154 2627 καθαίρεσις.
1179 2555 1344 2608 Ὅσον
1371 2553 1480 2624 γὰρ
1511 2555 1569 2606 οἱ
1595 2552 1819 2624 κρουνοὶ
1851 2552 1960 2606 τῶν

386 2648 743 2721 μαρτυρικῶν
777 2647 1026 2718 αἱμάτων
1080 2644 1380 2711 ἐκινοῦντο,
1416 2645 1667 2700 τοσοῦτον
1712 2645 1819 2700 τῶν
1837 2648 1962 2700 ἐπι-

381 2742 612 2814 ϐωμίων
662 2741 910 2812 αἱμάτων
966 2740 1026 2793 αἱ
1065 2741 1186 2810 ῥοαὶ
1259 2740 1642 2804 ἀνεκόπτοντο,
1667 2741 1791 2795 ὅσον
1849 2743 1964 2805 τοῖς

380 2836 580 2906 ἀτμοῖς
630 2833 740 2886 τῶν
776 2831 1130 2903 μαρτυρικῶν
1191 2829 1390 2884 θυσιῶν
1445 2832 1475 2884 ό
1524 2832 1630 2904 ἀὴρ
1676 2830 1954 2902 ἡγιάζετο,

381 2923 481 2980 ἐπὶ
501 2923 665 2976 πλέον
685 2921 782 2992 τῆς
810 2921 1039 2990 κνίσσης
1058 2919 1117 2973 τὸ
1134 2919 1368 2984 δυσῶδες
1384 2919 1810 2978 διεσκεδάννυτο.

2061 1913 2278 1970 ablatus
2307 1915 2556 1971 Creatori
2585 1915 2960 1972 deferebatur.
2991 1915 3148 1983 Quod
3169 1917 3265 1972 ubi
3295 1916 3522 1984 factum,
3554 1919 3635 1973 ira

2061 2014 2384 2062 exarserunt
2412 2007 2708 2073 daemones,
2743 2023 2846 2064 nec
2891 2009 3234 2064 tolerandum
3261 2008 3548 2080 putarunt,
3581 2021 3639 2066 ut

2060 2111 2184 2166 quae
2205 2096 2272 2152 ad
2306 2098 2608 2168 pessimum
2641 2107 2844 2156 statum
2875 2099 3130 2155 devoluta
3181 2100 3420 2166 fuerant,
3461 2103 3626 2158 resti-

2063 2196 2349 2242 tuerentur
2378 2189 2436 2243 in
2473 2190 2768 2260 optimum.
2804 2190 3075 2256 Quocirca
3101 2191 3270 2247 etiam
3301 2191 3371 2247 ad
3403 2207 3513 2247 non
3540 2193 3640 2248 de-

2060 2277 2620 2347 nuntiatum,bellum
2671 2280 3084 2350 suscipiendum
3132 2281 3335 2335 irritati
3388 2289 3558 2348 sunt;
3587 2288 3640 2340 et

2060 2369 2185 2440 quia
2212 2369 2396 2423 ovium
2426 2377 2480 2425 et
2504 2371 2668 2426 boum
2700 2373 2926 2442 sanguis
2952 2372 3149 2427 altaria
3173 2371 3289 2443 jam
3320 2373 3640 2444 reliquerat,

2060 2469 2346 2528 curarunt,
2372 2470 2431 2517 ut
2459 2463 2700 2520 humano
2723 2465 2995 2535 sanguine
3023 2471 3170 2520 terra
3201 2465 3559 2532 misceretur;
3586 2475 3644 2520 et
3733 2527 3746 2540 ι

2060 2556 2188 2626 quia
2221 2557 2410 2613 deerat
2426 2558 2538 2628 jam
2574 2573 2844 2615 caesarum
2881 2560 3189 2616 hostiarum
3226 2560 3406 2630 copia,
3438 2560 3508 2615 ad
3537 2574 3644 2616 cat-

2060 2649 2158 2704 des
2186 2648 2464 2705 hominum
2496 2667 2619 2708 sese
2646 2659 3072 2719 converterunt;
3098 2666 3221 2724 quae
3243 2660 3425 2708 tamen
3441 2652 3645 2708 daemo-

2059 2740 2224 2796 nibus
2261 2741 2542 2796 interitum
2573 2743 2908 2809 attulerunt,
2941 2751 2997 2800 et
3039 2750 3390 2813 potestatem,
3415 2758 3524 2816 qua
3544 2759 3644 2799 va-

2059 2830 2264 2895 lebant,
2309 2830 2724 2889 destruxerunt.
2787 2833 3013 2901 Quanto
3065 2833 3242 2905 magis
3287 2833 3433 2888 enim
3464 2833 3646 2891 fontes

2061 2924 2344 2995 sanguinis
2367 2940 2396 2978 a
2430 2927 2765 2998 martyribus
2788 2926 3005 2997 profusi
3039 2926 3453 2997 aperiebantur,
3491 2933 3647 2982 tanto

379 3020 563 3092 magis
584 3016 786 3074 ﬂuenta
814 3016 1104 3088 sanguinis
1137 3016 1195 3070 in
1229 3016 1341 3071 aris
1368 3015 1636 3072 immolati
1661 3018 2150 3082 imminuebantur,
2178 3027 2236 3075 et
2265 3030 2473 3090 quanto
2538 3021 2714 3092 magis
2776 3037 2871 3078 aer
2930 3022 3380 3078 sanctificabatur
3432 3036 3645 3094 vapore

380 3114 810 3178 sacrificiorum,
838 3126 960 3183 quae
993 3121 1266 3183 martyres
1285 3110 1612 3180 offerebant,
1648 3127 1715 3168 eo
1744 3115 1918 3184 magis
1953 3113 2188 3169 aliorum
2217 3116 2619 3172 sacrificiorum
2654 3115 2818 3171 nidor
2837 3114 3237 3186 dissipabatur.

479 3208 646 3262 ⁹Α).λά
716 3206 826 3278 γὰρ
909 3204 1225 3275 ἁπανταχοῦ
1310 3206 1411 3276 τῆς
1519 3206 1804 3272 εὐσεϐείας
1886 3207 1966 3274 ἐξ.

2142 3207 2317 3266 Porro
2343 3225 2466 3266 cum
2495 3210 2587 3264 lux
2617 3209 2836 3281 pietatis
2857 3209 3062 3280 ubique
3078 3207 3333 3279 fulgeret,
3362 3206 3647 3276 noctisque

379 3301 809 3374 αστραπτούσης
865 3297 927 3353 τὸ
980 3299 1184 3368 φέγγος
1214 3337 1230 3362 ,
1299 3298 1393 3351 καὶ
1455 3299 1552 3370 τῆς
1602 3301 1963 3370 σκοτομηνίας

378 3391 840 3463 ἁπελαυνομένης
867 3433 882 3456 ,
958 3388 1272 3460 ἁπανταχοῦ
1344 3389 1450 3460 γῆς
1505 3389 1534 3442 ό
1616 3390 1796 3462 ἄρχων
1869 3391 1964 3444 τοῦ

382 3486 614 3548 σκότους
663 3483 928 3553 διέτρεχε,
982 3481 1076 3534 καὶ
1116 3480 1293 3550 δόγμα
1333 3479 1626 3550 ἐγράφετο,
1681 3481 1964 3552 ἢδαίμοσι

381 3579 580 3648 φέρειν
608 3575 670 3629 τὸ
717 3573 962 3645 σὲϐας,ἢ
1013 3571 1490 3644 καταφρονοῦντας
1545 3573 1639 3626 τοῦ
1673 3573 1961 3643 δόγματος,

382 3670 483 3725 τοῦ
537 3669 636 3740 ζῇν
668 3666 1089 3721 ἀπελαύνεσθαι.
1123 3666 1345 3718 Εϊλκετο
1364 3665 1428 3734 δὴ
1453 3658 1546 3718 οῦν
1576 3664 1668 3717 ἐπὶ
1699 3665 1797 3726 τὰς
1829 3682 1967 3733 σφα-

383 3761 493 3828 γὰς
523 3757 594 3812 τὰ
638 3755 918 3828 ἀμώμητα
958 3755 1194 3828 θύματα,
1255 3753 1572 3826 παρεδίδοτο
1600 3756 1712 3817 τοῖς
1747 3754 1960 3824 θηρίοις

391 3854 510 3915 τοῖς
568 3851 789 3921 πικροῖς
840 3849 1128 3920 τυράννοις
1191 3847 1259 3902 τὰ
1314 3845 1408 3899 τοῦ
1464 3844 1700 3916 Χριστοῦ
1763 3845 1968 3916 πρόϐα-

389 3959 461 3996 τα
487 3956 501 3972 ⁸
555 3941 897 4014 πολύτροπος
941 3940 984 3993 δ’
1035 3935 1104 4012 ἦν
1141 3939 1324 4002 αὐτοῖς
1347 3939 1441 3993 καὶ
1466 3938 1705 4009 ποικίλη,
1737 3939 1792 4009 ἡ,
1817 3939 1968 4003 ὅπως

397 4034 710 4106 μετέλθοιεν
753 4034 882 4096 τοὺς
916 4031 1124 4101 ἁγίους,
1171 4030 1435 4103 περίνοια.
1503 4029 1646 4094 Τοὺς
1708 4029 1808 4102 μὲν
1863 4029 1970 4101 γὰρ

393 4129 492 4181 καὶ
543 4127 673 4197 πρὶν
727 4124 1008 4198 ὁραθῆναι,
1059 4123 1140 4177 ὃτι
1192 4122 1290 4190 τὴν
1332 4121 1594 4194 ἀληθινὴν
1649 4121 1963 4192 ὡμολόγουν

395 4220 570 4290 ζωὴν,
601 4219 682 4291 τῷ
739 4218 956 4289 θανάτῳ
997 4215 1335 4289 παρεδίδουν.
1400 4215 1658 4287 Ἕχαιρον
1713 4214 1795 4277 δὲ,
1826 4212 1965 4285 πρὸς

397 4312 562 4367 αὑτὸν
592 4312 642 4364 οἱ
675 4312 913 4380 γενναῖοι
935 4309 1214 4378 ἀγόμενοι,
1250 4306 1440 4378 ὥσπερ
1468 4309 1548 4372 sic;
1597 4306 1741 4378 ἱερὸν
1772 4307 1971 4360 ἀπιόν-

395 4423 514 4472 τες,
543 4403 924 4474 τελειουμένην
957 4403 1142 4463 αὐτοῖς
1170 4398 1406 4471 ὁρῶντες
1444 4399 1542 4470 τὴν
1591 4400 1798 4468 ἔφεσιν.
1861 4400 1973 4452 Καὶ

397 4499 604 4552 αὐτίκα
633 4494 712 4566 τῷ
744 4493 1059 4565 ποθουμὲνῳ
1087 4491 1470 4562 καθαρώτερον
1495 4491 1774 4562 όμιλήσειν
1798 4507 1972 4562 προσ-

395 4590 692 4651 δοκῶντες,
737 4587 904 4658 μηδὲν
959 4585 1040 4639 ἔτι
1079 4583 1174 4638 τοῦ
1227 4584 1486 4655 σαρκίνου
1542 4583 1976 4654 παραπετάσμα-

396 4697 496 4744 τος
519 4678 953 4749 διατειχίζοντος.
1007 4679 1133 4741 Τοῖς
1174 4676 1231 4730 δὲ
1283 4673 1369 4740 [OE
1417 4674 1520 4746 δὲῖ,
1556 4674 1743 4746 ὥσπερ
1787 4675 1982 4744 φλογὸς

399 4774 638 4838 καπνὸν,
675 4773 769 4826 τὸν
813 4771 984 4841 θυμὸν
1045 4770 1416 4840 ὑπέκρυπτον,
1465 4769 1560 4823 καὶ
1627 4768 1977 4823 συνδιεπλάτ-

397 4882 562 4920 τοντο
591 4864 728 4937 πρὸς
759 4862 822 4918 τὸ
859 4865 1039 4936 ήπιον,
1069 4863 1162 4914 καὶ
1193 4861 1515 4931 κηδομένοις
1569 4859 1833 4930 ἐῴκεσαν,
1886 4860 1984 4912 καὶ

403 4955 708 5028 φιλούντων
738 4953 1016 5008 ποιεῖσθαι
1045 4951 1364 5023 παραίνεσιν
1390 4967 1404 4981 ·
1439 4950 1590 5004 ἐνθεν
1647 4951 1746 5019 μὲν
1786 4967 1981 5020 προτι-

403 5048 596 5111 θέντες
625 5046 928 5101 ἀπόλαυσιν
964 5045 1073 5100 τῶν
1099 5043 1193 5098 τοῦ
1227 5044 1344 5114 βίου
1377 5043 1647 5114 τερπνῶν,
1697 5043 1911 5098 ἐκεῖθεν
1935 5043 1987 5097 δ’

402 5139 744 5204 οἰκτίζεσθαι
770 5139 1042 5208 λέγοντες,
1075 5137 1148 5209 μὴ
1179 5135 1365 5201 κακῶς
1388 5136 1673 5191 ἀπόλοιντο
1699 5152 1712 5167 ο
1745 5133 1840 5190 νῦν
1885 5136 1987 5203 μὲν

405 5233 692 5301 φείδεσθαι
719 5231 968 5302 νεότητος
995 5230 1187 5294 ἄνθους
1225 5227 1398 5292 οὕτως
1429 5228 1628 5300 ἀώρως
1678 5231 1976 5299 ἀποκειρο-

410 5325 582 5394 μένου
603 5363 620 5391 ,
650 5325 747 5379 νῦν
772 5325 831 5379 δὲ
858 5326 933 5396 μὴ
957 5324 1196 5394 ἀφειδεῖν
1237 5321 1332 5376 τοῦ
1371 5321 1474 5392 τῆς
1523 5321 1778 5394 ἀνδρείας
1844 5321 1986 5393 χρή-

413 5435 606 5488 ματος,
635 5417 664 5471 ὃ
694 5417 890 5489 τιμῶν,
933 5417 1028 5472 καὶ
1064 5415 1370 5486 στεφάνων,
1413 5413 1528 5469 ἀλλ’
1581 5414 1645 5468 ού
1685 5413 1982 5485 τιμωρίας,

409 5511 521 5566 οὐδ’
549 5511 826 5581 αἰκισμῶν
851 5513 997 5564 ἐστιν
1035 5509 1203 5577 ἄξιον.
1239 5509 1348 5563 Ναὶ
1383 5510 1492 5580 μὴν
1521 5509 1744 5580 ἀγαπᾷν
1781 5509 1877 5562 καὶ
1919 5509 1988 5560 τὰ

411 5607 480 5656 ἐκ
504 5603 770 5672 βασιλέως
794 5601 994 5670 ἀγαθὰ,
1021 5601 1057 5656 ἃ
1087 5602 1342 5671 δωρεῖται
1359 5603 1472 5665 τοῖς
1499 5600 1708 5655 ἐκείνου
1762 5603 1994 5672 πειθαρ-

415 5696 572 5763 χοῦσι
601 5695 684 5765 τῷ
715 5694 967 5762 δόγματι.
1017 5694 1370 5748 Ἀποϐλέπειν
1395 5693 1454 5747 δὲ
1489 5694 1584 5747 καὶ
1621 5696 1702 5758 εἰς
1724 5694 1787 5747 τὸ
1812 5693 1984 5762 γλυκὺ

418 5785 519 5857 τῆς
542 5786 828 5859 παρούσης
857 5785 1019 5858 ζωῆς,
1050 5788 1143 5844 καὶ
1171 5787 1244 5859 μὴ
1290 5787 1540 5858 καθάπερ
1572 5788 1991 5858 ἀπομύσαντας,

2065 3299 2248 3371 caligo
2283 3301 2602 3373 pelleretur,
2635 3301 2838 3372 ubique
2883 3300 3134 3356 locorum
3186 3299 3444 3370 princeps
3493 3304 3652 3351 tene-

2065 3393 2286 3448 brarum
2313 3393 2860 3458 circumcursitabat,
2891 3391 3249 3462 edictumque
3273 3388 3425 3456 exiit,
3459 3396 3521 3442 ut
3557 3395 3654 3442 aut

2065 3485 2408 3541 daemonibus
2442 3485 2663 3554 pietatis
2698 3484 2885 3540 cultus
2913 3483 3276 3547 tribueretur,
3331 3487 3428 3534 aut
3463 3479 3557 3548 qui
3593 3478 3654 3532 id

2065 3587 2381 3643 renuerent,
2439 3591 2508 3632 ex
2538 3578 2669 3631 .vita
2701 3577 3226 3632 exterminarentur.
3269 3569 3652 3627 Trahebantur

2066 3683 2199 3739 ergo
2227 3668 2296 3723 ad
2316 3667 2520 3723 caedem
2548 3667 2788 3720 innoxiae
2817 3666 3033 3729 hostiae,
3057 3663 3526 3733 tradebanturque
3548 3659 3654 3714 im-

2069 3760 2325 3816 manibus
2380 3758 2600 3824 belluis,
2657 3756 3148 3812 truculentissimis
3196 3754 3466 3826 tyrannis,
3521 3768 3652 3809 oves

2067 3852 2294 3919 Christi,
2323 3852 2618 3921 variasque
2643 3850 2886 3905 rationes
2907 3849 3264 3914 adhibebant,
3293 3847 3492 3919 quibus
3523 3862 3652 3903 san-

2069 3952 2189 4000 ctos
2238 3959 2268 3998 e
2322 3942 2502 3997 medio
2542 3941 2817 3998 tollerent.
2872 3939 3180 3997 Nonnullos
3222 3942 3368 3996 enim
3411 3937 3656 3994 trucida-

2071 4037 2223 4100 bant,
2259 4034 2424 4091 etiam
2475 4043 2770 4105 antequam
2803 4039 3108 4099 constaret,
3148 4047 3245 4089 eos
3300 4047 3486 4089 veram
3525 4032 3653 4088 reli-

2070 4128 2285 4199 gionem
2318 4125 2494 4193 sequi.
2531 4124 2856 4182 Gaudebant
2889 4133 3069 4181 autem
3101 4124 3353 4195 generosi
3391 4123 3468 4179 illi
3493 4122 3655 4196 pugi-

2071 4219 2174 4286 les,
2209 4218 2431 4289 quando
2479 4218 2546 4273 ad
2582 4229 2816 4273 mortem
2866 4217 3238 4284 ducebantur,
3278 4224 3542 4287 tanquam
3585 4213 3655 4268 ad

2074 4327 2294 4368 sacrum
2330 4311 2742 4366 tabernaculum
2772 4311 3062 4375 abeuntes,
3096 4323 3225 4364 cum
3261 4309 3508 4363 viderent
3538 4307 3661 4375 jam

2075 4403 2406 4458 desiderium
2458 4417 2618 4457 suum
2657 4401 2868 4472 perfici,
2917 4415 3084 4468 seque
3113 4414 3144 4454 e
3189 4399 3420 4468 vestigio
3451 4399 3658 4453 clarius

2079 4504 2133 4551 et
2188 4494 2343 4564 prius
2398 4508 2522 4547 cum
2575 4507 2662 4556 eo,
2715 4505 2878 4561 quem
2909 4489 3318 4554 desiderabant,
3341 4496 3656 4544 versaturos

2088 4588 2236 4642 nullo
2265 4585 2377 4656 jam
2407 4583 2643 4654 amplius
2667 4581 2854 4638 carnis
2900 4581 3019 4636 velo
3073 4579 3383 4649 interiecto.
3415 4579 3486 4632 At
3531 4593 3657 4648 erga

2086 4680 2223 4734 alios
2256 4679 2416 4745 iram,
2455 4685 2514 4730 ut
2546 4675 2778 4729 ﬂamma:
2825 4673 3056 4738 fumum,
3098 4671 3470 4738 occultabant,
3507 4679 3562 4726 et
3592 4669 3661 4724 ad

2089 4773 2370 4828 lenitatem
2401 4784 2527 4825 sese
2581 4768 3016 4838 componebant;
3047 4775 3101 4822 et
3135 4780 3294 4836 quas:
3325 4777 3516 4820 eorum
3549 4776 3659 4816 ma.

2087 4879 2250 4934 gnam
2281 4875 2472 4918 curam
2525 4868 2799 4931 gererent,
2841 4857 3199 4923 simulabant,
3235 4863 3290 4910 et
3322 4853 3527 4908 amicas
3570 4867 3661 4909 co-

2091 4953 2432 5010 hortationes
2484 4949 2867 5016 instituebant,
2902 4949 3033 5002 hinc
3066 4948 3286 5018 quidem
3335 4947 3462 5000 vita:
3501 4945 3662 5014 hujus

2087 5042 2528 5116 iucunditatibus
2549 5039 2869 5114 propositis,
2903 5038 3031 5095 inde
3051 5037 3556 5103 commiseratione,
3612 5044 3663 5092 et

2089 5134 2383 5192 formidine
2407 5149 2468 5190 se
2491 5133 2617 5204 angi
2641 5133 2919 5199 dicebant,
2939 5144 3010 5184 ue
3041 5127 3180 5184 male
3204 5128 3528 5193 interirent;
3552 5125 3664 5196 jam

2089 5246 2148 5285 se
2179 5229 2356 5285 aetatis
2415 5225 2534 5282 ﬂori
2577 5238 2823 5296 parcere,
2867 5237 2935 5277 ne
2967 5231 3076 5275 tam
3103 5220 3396 5274 immature
3418 5217 3664 5275 demeta-

2093 5331 2203 5377 tur.
2234 5319 2357 5375 lam
2391 5292 2680 5388 rogabant,
2707 5331 2776 5370 ne
2807 5314 2945 5370 adeo
2974 5312 3133 5369 nihili
3164 5311 3468 5384 penderent
3513 5292 3701 5382 inge-'-

2095 5415 2266 5469 nitam
2302 5409 2678 5466 fortitudinem
2707 5412 2764 5460 et
2798 5403 3060 5460 invictam
3085 5403 3391 5467 dexteram,
3419 5417 3534 5458 rem
3550 5417 3666 5473 qua:

2098 5506 2281 5578 potius
2315 5503 2478 5574 digna
2522 5500 2594 5556 sit
2637 5498 2941 5554 honoribus
2975 5506 3028 5554 et
3047 5499 3286 5564 coronis,
3325 5511 3492 5568 quam
3541 5511 3666 5566 sup-

2099 5598 2277 5671 pliciis
2305 5604 2359 5653 et
2393 5593 2589 5667 poenis.
2610 5591 2676 5646 Et
2697 5591 2756 5646 ut
2781 5591 3128 5662 imperatoris
3158 5605 3379 5662 quoque
3402 5590 3670 5645 rationem

2099 5695 2384 5755 ducerent,
2409 5696 2626 5759 propter
2655 5700 2906 5750 munera,
2940 5684 3197 5739 donanda
3230 5684 3320 5750 iis,
3375 5682 3468 5753 qui
3515 5696 3659 5736 man-

2100 5785 2243 5844 datis
2272 5783 2392 5858 cjus
2419 5794 2624 5839 morem
2651 5786 2937 5852 gererent;
2967 5789 3130 5848 utque
3160 5775 3318 5834 etiam
3352 5781 3473 5831 vita
3509 5772 3672 5837 huius
