3952 6210
490 351 588 413 175

1730 343 2003 405 LEONIS
2035 342 2493 404 PHILOSOPHI

3600 325 3699 389 176

489 460 828 515 dulcedinem
865 459 1280 532 perpenderent,
1318 474 1495 529 neque
1526 457 1731 512 clausis
1779 455 1953 509 oculis
1977 454 2044 508 ad
2073 507 2082 518 Α

2185 458 2343 525 ωρεῖν
2374 453 2511 524 πρὸς
2549 451 2640 504 τὸν
2683 449 2928 503 θάνατον.
2958 446 3123 499 Ταῦθ’
3250 435 3548 512 τυραννικὴ
3598 453 3703 488 κα-

491 554 769 607 iuteritum
799 563 1041 608 ruerent.
1070 554 1195 608 llaec
1221 562 1578 622 tyrannorum
1610 548 1838 604 subdola
1861 556 1915 601 et
1934 561 2048 599 ma-

2150 546 2483 616 κεντρέχεια.
2520 540 2803 609 Τούτοιςὴ
2855 536 3221 608 παιδαριώδης
3272 532 3380 585 τῶν
3428 529 3707 596 τυράννων

492 646 673 699 litiosa
703 647 961 700 versutia.
1001 644 1097 699 His
1129 620 1429 713 puerilibus
1462 643 1787 695 commentis
1834 639 2051 710 tyranni

2185 639 2382 701 πίνοια,
2411 635 2513 703 τῆς
2546 632 2803 702 ἀληθινῆς
2864 630 3055 699 σοφίας
3097 628 3222 713 τοὺς
3286 621 3520 713 ἐραστὰς
3557 620 3712 713 sne-t-

493 750 631 790 verae
663 735 944 805 sapientia:
973 744 1245 790 amatores
1270 734 1323 787 in
1359 733 1603 787 fraudem
1633 732 1907 801 impellere
1934 739 2051 785 stu-

492 828 713 883 debant.
745 828 816 880 At
844 842 908 882 ex
947 827 1161 882 illorum
1196 841 1424 880 numero
1470 825 1611 879 alius
1642 824 1786 878 aliud
1827 837 2053 892 respon-

494 934 614 972 sum
646 918 827 973 dabat.
858 917 955 970 Hic
986 916 1255 971 clamabat
1288 933 1301 969 :
1345 914 1489 970 Nihil
1539 929 1752 975 eorum,
1799 928 1920 982 qua:
1951 913 2055 966 sub

2154 725 2281 794 ρᾶτο
2331 718 2810 792 παραλογίζεσθαι.
2854 717 2975 769 Τῶν
3015 715 3072 768 δὲ
3122 712 3276 774 ἄλλος
3335 709 3498 776 ἄλλην
3556 705 3713 774 ίεράν

2152 815 2302 885 ἠφίει
2329 814 2531 883 φωνήν.
2575 812 2633 866 '0
2671 812 2767 881 μὲν
2804 808 2912 879 γὰρ
2955 808 3165 874 ἔλεγεν·
3216 802 3379 856 Οὐδὲν
3408 799 3515 851 τῶν
3572 798 3715 867 ὁρω-

2159 906 2334 975 μένων
2367 902 2489 973 ὲμοὶ
2507 900 2760 971 τερπνὸν,
2788 899 2915 967 ὅλης
2949 896 3045 966 τῆς
3070 892 3381 961 ἐπιθυμίας,
3409 890 3486 951 εἰς
3518 887 3579 939 τὸ
3608 902 3718 938 πα-

497 1016 778 1077 aspectum
814 1008 1038 1072 cadunt,
1076 1023 1160 1062 me
1210 1007 1465 1071 delectat,
1517 1014 1629 1060 tota
1658 975 1953 1074 cupiditate
1988 1000 2054 1056 ad

2189 998 2267 1048 εῖν
2294 994 2432 1063 ὑπὲρ
2453 990 2689 1062 Χριστοῦ
2719 987 3115 1057 κεκενωμένης.
3159 983 3216 1035 '0
3244 982 3299 1034 δὲ
3327 1021 3343 1045 ,
3370 979 3482 1033 Νῦν
3524 975 3717 1045 ὲπιτὴσ

499 1068 621 1163 hoc,
654 1111 713 1154 ut
748 1115 848 1169 pro
901 1068 1122 1154 Christo
1159 1100 1355 1168 patiar,
1388 1068 1581 1154 edusa.
1621 1097 1714 1151 llle
1731 1068 1865 1150 vero
1896 1110 1912 1147 :
1938 1092 2054 1148 Jam

2190 1104 2297 1139 ειον
2351 1086 2507 1155 ἥκειν
2556 1100 2646 1153 μοι
2693 1081 2786 1134 τὸν
2837 1078 3049 1147 καιρὸν,
3110 1074 3172 1127 τὸ
3206 1073 3449 1142 ἀνδρεῖον
3498 1071 3555 1121 ὲν
3603 1068 3718 1128 τοῖς

497 1191 715 1247 occasio
745 1191 921 1256 adest,
953 1199 1015 1245 ut
1045 1190 1420 1246 fortitudinem
1443 1204 1619 1244 meam
1650 1188 1705 1242 in
1745 1184 2058 1242 certamini-

498 1284 602 1338 bus
631 1298 730 1354 pro
756 1299 877 1355 rege
906 1298 1026 1338 meo
1058 1282 1379 1347 subeundis,
1422 1281 1811 1335 demonstrem.
1858 1278 2013 1332 Alius
2042 1294 2057 1330 :

500 1371 655 1425 Nunc
685 1386 784 1442 par
818 1382 901 1426 est
924 1379 1005 1436 ut,
1040 1370 1166 1424 dum
1193 1369 1293 1425 llos
1324 1370 1423 1424 mvi
1456 1370 1620 1440 viget,
1645 1369 1841 1423 delicto
1866 1382 1949 1422 me
1982 1365 2060 1420 si-

502 1470 665 1529 stam,
698 1463 1013 1533 priusquam
1036 1461 1213 1529 lsenio
1259 1468 1561 1516 cxarescat.
1586 1460 1738 1515 Alius
1773 1459 1958 1513 animo
1998 1455 2063 1509 ad

505 1551 655 1619 plura
698 1550 943 1613 diducto,
978 1558 1032 1604 et
1068 1550 1318 1604 oratione
1350 1551 1626 1616 copiosior
1652 1550 1778 1603 talia
1816 1548 2063 1617 quaedam

506 1640 833 1709 loquebatur
863 1660 877 1693 :
913 1640 1050 1694 Sunt
1077 1642 1296 1711 quidem
1334 1641 1579 1710 pulchra,
1602 1657 1723 1709 qua:
1741 1654 2067 1694 commemo-

506 1731 664 1785 rasti.
706 1730 942 1786 Pulchra
971 1745 1113 1793 esse,
1149 1745 1324 1800 neque
1350 1746 1447 1785 nos
1470 1714 1795 1792 inliciamur,
1830 1736 1934 1782 eta
1959 1725 2068 1781 Deo

2160 1175 2299 1244 ὑπὲρ
2319 1173 2411 1225 τοῦ
2437 1171 2703 1243 ἡμετέρου
2768 1166 3031 1237 βασιλέως
3096 1162 3303 1231 ἀγῶσιν
3362 1155 3720 1222 ἐνδείξασθαι.

2162 1267 2272 1321 Καὶ
2295 1266 2452 1328 ἄλλος
2471 1281 2485 1294 °
2520 1264 2635 1317 Νῦν
2658 1262 2929 1333 προσῆκεν
2950 1263 3006 1311 ὲν
3042 1256 3192 1312 ἄνθει
3221 1256 3319 1324 τῆς
3347 1252 3593 1319 νεότητος
3621 1248 3725 1313 ὀφ-

2164 1358 2323 1428 θῆναι
2352 1357 2428 1427 τῷ
2458 1352 2966 1424 ποθουμένῳμπρὶν
3021 1349 3056 1420 ἢ
3107 1341 3595 1415 καταμαρανθῆναι
3644 1338 3725 1406 τῷ

2166 1451 2351 1520 γήρει.
2382 1448 2607 1518 Ἕτερος
2638 1447 2696 1499 δὲ
2711 1445 2966 1498 ὲπιπλέον
2988 1440 3305 1510 κινούμενος
3334 1435 3433 1503 τὴν
3460 1434 3724 1495 διάνοιαν,

2168 1544 2262 1595 καὶ
2285 1536 2398 1594 οἷον
2432 1539 2570 1611 ῥέων
2602 1538 2682 1608 τῷ
2724 1538 2890 1606 λόγῳ,
2937 1531 3162 1587 τοιαῦτά
3212 1546 3337 1583 τινα
3386 1525 3686 1594 ἐφθέγγετο
3708 1538 3723 1551 ⁸

2168 1628 2321 1687 Εἶναι
2356 1631 2455 1702 μὲν
2484 1628 2657 1683 ταῦτα
2695 1628 2855 1692 καλὰ,
2888 1622 3202 1693 ἀπερὲφης,
3251 1616 3393 1671 καλά
3422 1616 3517 1669 καὶ
3569 1614 3730 1702 ἡμεῖς

2172 1695 2448 1792 σύνισμεν,
2496 1722 2589 1775 καὶ
2617 1721 2770 1790 παρὰ
2818 1715 2952 1770 Θεοῦ
3003 1712 3245 1767 δεδόσθαι
3290 1708 3495 1780 μέντοι,
3556 1705 3640 1774 ἐφ’
3686 1695 3732 1770 ᾧ

508 1838 805 1889 concessa;
834 1837 898 1877 ac
929 1824 1155 1893 proinde
1186 1823 1389 1893 gratias
1419 1821 1592 1877 eidem
1648 1821 1843 1875 merito
1862 1818 2067 1887 persol-

2185 1818 2330 1885 ιεάριν
2350 1814 2550 1867 εἰδέναι
2568 1827 2583 1842 ’
2616 1812 2734 1875 πῶς
2762 1811 2807 1863 δ’
2835 1809 2900 1863 ἂν
2926 1807 3196 1877 εἰδείημεν
3226 1803 3407 1893 χάριν,
3521 1798 3602 1868 τῷ
3630 1796 3734 1893 πϐ-

507 1913 805 1993 vimus._At
838 1930 944 1984 qua
971 1915 1183 1968 ratione
1220 1914 1425 1983 gratias
1455 1927 1764 1983 ageremus,
1803 1911 1871 1966 si-
1901 1909 2067 1963 nimia

508 2006 705 2060 horum
732 2005 1031 2076 cupiditate
1067 2007 1134 2060 ab
1165 2007 1260 2060 illo
1298 2004 1749 2075 sejungeremur?
1786 2001 2071 2068 Quomodo

508 2113 664 2152 mens
695 2098 787 2152 illa
812 2113 981 2169 gnara
1016 2098 1230 2168 pulchri
1261 2097 1443 2152 vocari
1483 2105 1679 2167 potest,
1716 2110 1837 2165 qua:
1868 2095 2071 2148 donum

508 2189 764 2254 honorat,
792 2191 1086 2246 donantem
1116 2190 1482 2259 aspernatur?
1507 2189 1741 2243 Pulchra
1772 2195 1899 2244 sunt
1929 2188 2030 2242 ista
2055 2201 2072 2251 ;

509 2282 607 2337 sed
638 2283 683 2337 si
732 2283 858 2352 quis
889 2291 1058 2338 totam
1121 2299 1277 2337 suam
1315 2281 1700 2351 cogitationem
1737 2280 1802 2333 ad
1848 2294 1911 2335 ea
1945 2293 2074 2332 con-

510 2377 693 2442 vertit,
751 2385 805 2430 et
854 2385 1077 2447 propter
1114 2391 1303 2431 eorum
1347 2388 1611 2438 amorem,
1648 2373 1766 2443 ejus
1804 2374 1893 2442 qui
1951 2387 2076 2427 vero

390 2533 410 2552 ο
513 2467 739 2536 pulcher
768 2474 873 2531 est,
910 2481 1149 2521 amorem
1196 2465 1530 2534 exstinguit,
1564 2464 1665 2517 iste
1718 2471 1771 2518 et
1808 2463 2076 2533 pessimus

513 2559 616 2612 sibi
665 2548 779 2627 ipsi
825 2557 1075 2622 edicitur,
1107 2566 1161 2612 et
1217 2558 1384 2610 miser
1421 2556 1490 2610 ob
1522 2557 1873 2623 voluptatem,
1912 2570 2072 2623 quam

512 2647 641 2703 inde
664 2649 827 2719 capit,
860 2656 913 2703 et
943 2648 1101 2719 longe
1128 2647 1306 2702 adhuc
1339 2647 1594 2701 miserior
1618 2647 1687 2700 ob
1710 2660 1915 2715 pcenas,
1939 2660 2075 2715 quas

514 2745 645 2798 dum
677 2744 842 2798 rebus
874 2743 1085 2797 modice
1114 2758 1335 2799 sensum
1363 2741 1711 2796 titillantibus
1752 2739 1945 2803 inhiat,
1978 2739 2078 2793 sibi

511 2835 759 2889 asciscit.
812 2832 1166 2903 Nequaquam
1226 2835 1393 2903 igitur
1449 2840 1752 2902 opportuna
1781 2839 1864 2885 est
1913 2829 2079 2883 animi

516 2927 685 2981 vestri
715 2924 771 2979 in
798 2941 899 2981 nos
928 2925 1329 2989 benevolentia,
1380 2940 1556 2993 neque
1598 2924 1742 2979 enim
1786 2921 2081 2992 quidquam

518 3017 868 3073 emolumenti
896 3016 1072 3071 aﬂ'crt.
1105 3018 1176 3070 At
1199 3016 1312 3070 haec
1346 3013 1527 3070 d'ulcia
1556 3023 1704 3080 sunt,
1739 3023 2083 3079 mentemque

2172 1902 2248 1973 θῳ
2270 1901 2475 1955 τούτων
2506 1901 2715 1954 ἐκείνου
2773 1893 3244 1965 διαζευγνύμεθα;
3286 1890 3389 1944 ποῦ
3435 1890 3490 1941 δὲ
3532 1886 3736 1957 φρενὸς

2172 1994 2375 2057 εἰδυίας
2390 1992 2575 2059 καλὸν,
2612 1992 2673 2046 τδ
2701 1991 2797 2062 μὲν
2826 1989 2996 2059 δῶρον
3040 1987 3243 2040 ἐθέλειν
3284 1985 3467 2053 τιμᾷν,
3524 1980 3625 2049 τῆς
3674 1978 3739 2030 δὲ

2173 2086 2265 2139 τοῦ
2307 2086 2599 2148 δεδωκότος
2650 2084 2817 2154 τιμῆς
2859 2078 3280 2149 κατολιγωρεῖν;
3339 2075 3476 2130 καλά
3532 2070 3732 2125 ταῦτα.

2186 2178 2324 2231 Ἀλλ’
2355 2178 2487 2241 εἴτις
2516 2177 2635 2230 ὅλον
2683 2176 2774 2229 τὸν
2803 2174 2927 2227 νοῦν
2972 2172 3108 2243 πρὸς
3166 2170 3303 2223 αὐτὰ
3356 2166 3591 2237 στρέφοι,
3635 2162 3739 2216 καὶ

2175 2270 2378 2324 τούτων
2400 2270 2564 2340 ἔρωτι
2584 2268 2679 2322 τοῦ
2716 2267 2883 2329 ὅντως
2914 2264 3079 2318 καλοῦ
3128 2265 3220 2315 τὸν
3269 2261 3445 2331 ἔρωτα
3500 2254 3743 2310 ἀποσϐἐο

2180 2390 2285 2436 σοι,
2315 2360 2469 2426 οὗτος
2498 2364 2756 2424 κάκιστος
2789 2360 2887 2430 μὲν
2911 2357 3111 2426 ἐαυτῷ,
3145 2354 3326 2415 ἄθλιος
3356 2352 3411 2404 δὲ
3458 2350 3557 2419 τῆς
3600 2349 3741 2400 ἀπο-

2178 2464 2441 2523 λαύσεως,
2476 2453 2798 2522 ἀθλιώτερος
2827 2452 2883 2504 δὲ
2912 2450 3011 2518 τῆς
3046 2448 3268 2518 ζημίας,
3297 2446 3364 2515 ἢν
3420 2441 3513 2494 ἐπὶ
3553 2437 3733 2510 μικρά

2178 2552 2536 2615 δελεάζουσιν,
2570 2542 2886 2606 ἀντελέξατο
2917 2558 2930 2571 ·
2963 2540 3062 2592 οὑκ
3121 2538 3214 2592 οὖν
3259 2537 3387 2606 ὑμῖν
3443 2535 3501 2586 ὲν
3555 2528 3740 2599 καιρῷ

2178 2644 2240 2696 τὸ
2272 2642 2369 2710 τῆς
2400 2635 2622 2705 γνώμης
2646 2631 2942 2700 κηδόμενον
2976 2629 3058 2698 (ού
3102 2629 3210 2699 γὰρ
3256 2626 3452 2694 κτῆσιν
3514 2620 3743 2688 ἀγαθῶν

2182 2728 2500 2803 εἰσηγεῖται)
2527 2727 2637 2796 ἔχει
2683 2741 2733 2776 τι
2777 2721 2943 2775 ταῦτα
2991 2720 3329 2789 θελκτήριον,
3382 2715 3476 2769 καὶ
3520 2715 3748 2778 ὑπαγω-

2181 2825 2297 2893 γὸν,
2324 2821 2459 2875 ἀλλὰ
2485 2818 2543 2871 τὸ
2574 2815 2766 2876 κάλλος
2791 2812 3120 2883 ἀσύγκριτον
3151 2813 3251 2880 τῆς
3287 2808 3483 2878 ψυχῆς.
3530 2808 3608 2858 Ού
3644 2804 3747 2865 δεῖ,

2182 2916 2275 2969 τοῦ
2306 2914 2612 2985 κρείττονος
2667 2907 2993 2977 ἀφεμένους,
3015 2905 3143 2975 περὶ
3164 2904 3224 2957 τὸ
3259 2898 3419 2973 ἦττον
3449 2900 3547 2968 τὴν
3578 2913 3752 2950 σπουο

2183 3008 2276 3079 δὴν
2306 3004 2675 3076 ἐπιστρέφειν.
2712 3000 2919 3062 Γλυκῦς
2976 3000 3005 3051 ὁ
3040 2996 3226 3068 παρὼν
3259 2994 3394 3065 βίος,
3448 2991 3565 3046 ἀλλ’
3620 2989 3749 3041 οὐδὲ

518 3104 860 3159 devinciendi
891 3106 999 3159 vim
1023 3105 1244 3161 habent.
1274 3103 1381 3159 Sed
1405 3104 1753 3173 pulchritudo
1782 3104 2082 3164 animaest

2190 3100 2347 3154 σκιὰν
2368 3098 2467 3168 τῆς
2491 3100 2615 3167 ἡμῖν
2630 3094 2999 3165 ἀποκειμένης
3027 3087 3361 3158 γλυκύτητος
3420 3081 3753 3186 ἀναπληροῖ.

520 3185 987 3266 incomparabilis.
1030 3196 1149 3251 Non
1204 3196 1383 3260 decet,
1442 3205 1500 3249 ut
1532 3196 1653 3263 quis
1708 3193 2086 3265 praestantiore

522 3290 739 3355 relicto,
798 3289 948 3345 circa
1000 3289 1243 3345 deterius
1282 3288 1523 3344 studium
1556 3296 1609 3343 et
1652 3300 1869 3357 operam
1900 3291 2082 3354 ponat.

523 3378 717 3434 Suavis
748 3389 833 3434 est
859 3395 1102 3450 praesens
1135 3381 1248 3436 vita
1278 3399 1294 3445 ;
1326 3380 1420 3436 sed
1457 3396 1633 3450 neque
1657 3382 1902 3434 umbram
1931 3378 2083 3445 ejus,

523 3486 645 3540 quae
674 3486 777 3525 nos
799 3480 1098 3541 exspectat,
1136 3474 1260 3526 vitae
1295 3474 1696 3542 complectitur.
1740 3470 1857 3525 Non
1886 3470 2089 3523 ﬁniun-

524 3565 728 3613 turres
786 3568 991 3614 nostra:
1035 3562 1414 3629 praesentibus.
1470 3561 1761 3631 Exspectat
1824 3576 1925 3615 nos
1983 3560 2087 3613 alia

524 3650 657 3713 vita,
683 3651 841 3720 cujus
870 3652 995 3708 ﬁnis
1031 3654 1232 3708 nullus.
1266 3654 1381 3711 Non
1418 3656 1531 3710 abit
1571 3657 1623 3708 in
1664 3656 1892 3709 nihilum
1922 3655 2085 3709 etiam

524 3741 718 3797 isthmc
744 3752 931 3797 nostra
957 3760 1021 3799 ex
1044 3745 1160 3800 luto
1183 3748 1305 3799 ticta
1336 3746 1558 3817 etiigies,
1586 3746 1797 3801 etiamsi
1830 3754 2090 3814 perpetuo

528 3834 687 3902 quasi
741 3836 989 3900 radatur,
1024 3837 1305 3905 multoque
1347 3837 1529 3891 minus
1578 3838 1791 3901 anima;
1824 3835 1918 3890 sed
1954 3835 2092 3888 hanc

528 3923 745 3991 quidem
804 3924 1118 3979 insolubilis
1165 3934 1343 3979 status
1390 3934 1607 3989 manet;
1656 3924 1781 3977 huic
1832 3937 1960 3976 vero
2000 3936 2093 3989 por

527 4015 967 4080 dissolutionem,
1000 4032 1123 4085 qua).
1166 4018 1432 4080 cernitur,
1465 4017 1727 4069 transitus
1767 4024 1987 4084 paratur
2024 4013 2090 4066 ad

526 4114 729 4162 statum
763 4107 1221 4160 indissolubilem.
1252 4104 1529 4159 Etanima:
1566 4104 1806 4171 quidem,
1837 4102 1883 4154 si
1913 4114 1943 4153 a
1968 4115 2091 4155 vera

527 4198 843 4269 cognitione
866 4212 976 4251 non
1009 4197 1247 4260 aberret,
1279 4196 1335 4249 in
1364 4195 1647 4249 beatorum
1682 4191 1903 4246 sedibus
1941 4205 2094 4245 coui-

527 4289 761 4344 moratio
778 4289 889 4357 jam
923 4288 1143 4343 decreta
1182 4295 1292 4352 est;
1322 4293 1379 4338 at
1413 4284 1459 4340 si
1494 4282 1562 4336 ad
1592 4281 1933 4337 contrarium
1976 4294 2095 4333 ver—

530 4390 642 4454 gat,
678 4381 856 4450 poenis
907 4396 1029 4437 sese
1075 4379 1364 4434 obnoxiam
1419 4376 1595 4432 reddit
1632 4391 1646 4427 :
1694 4389 1893 4443 corpus
1918 4383 2093 4427 autem

2188 3191 2262 3242 Ού
2296 3190 2455 3259 μέχρι
2493 3187 2696 3241 τούτων
2745 3186 2944 3253 ἕστηκε
2997 3182 3065 3233 τὰ
3120 3179 3385 3250 ἡμέτερα.
3433 3172 3752 3239 Ἐκδέχεται

2187 3283 2336 3351 ἡμᾶς
2353 3280 2486 3349 ἄλλη
2513 3279 2647 3348 ζωὴ,
2678 3272 2746 3347 ἧς
2781 3277 2878 3343 ούχ
2910 3274 3140 3327 ἀπτεται
3186 3267 3359 3328 λύσις.
3388 3265 3501 3316 Ούκ
3540 3261 3755 3330 οἴχεται

2188 3373 2327 3441 πρὸς
2355 3372 2415 3425 τὸ
2446 3371 2519 3441 μὴ
2550 3370 2629 3434 δν,
2664 3370 2777 3422 οὗθ’
2811 3360 2963 3428 οὗτος
2998 3363 3151 3434 ἡμῶν
3187 3363 3214 3414 ὁ
3240 3361 3461 3429 πήλινος
3505 3356 3753 3426 ἀνδριὰς,

2189 3466 2293 3518 κάν
2325 3465 2507 3533 ξέηται
2532 3462 2845 3525 διαπαντὸς,
2869 3458 2992 3512 οὔτε
3028 3456 3209 3523 πολλῷ
3237 3451 3552 3524 πρότερονή
3575 3448 3754 3518 ψυχὴ,

2189 3556 2327 3609 ἀλλὰ
2353 3558 2418 3624 τῇ
2451 3555 2547 3625 μὲν
2563 3553 2756 3614 ἄλυτος
2782 3553 2814 3620 ἡ
2847 3547 3094 3618 διαμονὴ,
3125 3546 3203 3615 τῷ
3229 3545 3306 3610 δὲ,
3332 3544 3419 3595 διά
3459 3542 3555 3610 τῆς
3606 3541 3754 3608 ὁρω-

2197 3650 2366 3719 μένης
2392 3648 2620 3713 λύσεως,
2672 3646 2808 3714 πρὸς
2858 3643 2918 3696 τὸ
2958 3641 3151 3693 ἄλυτον
3196 3640 3229 3707 ἡ
3279 3634 3617 3707 μετάϐασις·
3655 3630 3758 3683 καὶ

2192 3744 2258 3811 τῇ
2298 3741 2394 3812 μὲν
2444 3740 2517 3810 μὴ
2577 3735 2943 3806 ἁπολισθούσῃ
2984 3733 3082 3801 τῆς
3134 3730 3303 3790 ὄντως
3342 3725 3619 3794 γνώσεως,
3696 3724 3758 3812 έν

2200 3830 2445 3901 μακαρίᾳ
2476 3826 2804 3899 μεταστάσει
2836 3827 2867 3891 η
2904 3820 3165 3889 διαγωγὴ,
3203 3816 3507 3887 ὑπαχθεῐσῃ
3534 3814 3590 3865 δὲ
3616 3811 3758 3882 πρὸς

2192 3921 2524 3984 τούναντίον,
2558 3919 2712 3988 λῆξις
2741 3915 2957 3983 ἀπαντᾷ
2982 3911 3278 3981 τιμωρίας·
3324 3909 3399 3977 τῷ
3435 3906 3492 3959 δὲ
3539 3905 3761 3972 ἀνάγκη

2196 4009 2605 4070 συναπολαύειν,
2633 4000 2707 4058 ὧν
2736 4004 2801 4058 ἂν
2826 4004 3006 4071 ἐκείνη
3037 4001 3245 4065 δεξιῶν,
3292 4000 3324 4069 ἢ
3370 3996 3589 4065 φαύλων
3658 4010 3759 4064 με-

2202 4103 2371 4171 τέχοι.
2410 4101 2471 4151 Εἰ
2505 4100 2602 4169 μὲν
2634 4094 2726 4151 οὖν
2762 4099 2818 4150 ὲν
2847 4095 2925 4165 τῷ
2952 4093 3179 4165 παρόντι
3201 4093 3261 4144 τὸ
3300 4089 3492 4151 κάλλος
3516 4086 3762 4157 τηρήσο-

2203 4210 2299 4261 μεν
2333 4192 2431 4260 τῆς
2468 4187 2911 4258 ψυχῆς(τηροῖτο
2965 4184 3007 4236 δ³
3041 4183 3127 4247 ἂν,
3190 4183 3239 4234 εἰ
3300 4180 3375 4252 μὴ
3428 4177 3765 4249 προδοίημεν

2195 4286 2292 4354 τὴν
2326 4279 2649 4350 εὐσέϐειαν),
2676 4279 2828 4331 ἔσται
2853 4279 3005 4347 ἡμῖν,
3044 4276 3194 4328 ἔσται
3235 4275 3330 4326 καὶ
3370 4273 3541 4325 ταῦτα
3583 4269 3652 4340 δὴ
3693 4269 3769 4320 τὰ

2196 4374 2289 4427 τοῦ
2314 4373 2563 4442 σώματος
2587 4372 2645 4423 έν
2676 4368 2922 4438 ἀμείνονι
2949 4366 3340 4437 διαμειϐόμενα
3381 4364 3643 4432 σχήματι.
3698 4361 3770 4413 Et

531 4474 847 4529 necessario
890 4483 984 4527 aut
1025 4472 1183 4527 bonis
1211 4478 1304 4525 aut
1338 4470 1516 4535 malis,
1552 4467 1754 4538 quibus
1798 4467 1934 4533 ipsa,
1968 4479 2082 4533 per-

2196 4468 2254 4519 δὲ
2279 4467 2346 4536 τῇ
2367 4464 2511 4534 ψυχῇ
2545 4460 3016 4533 παραχωρήσομεν
3032 4458 3129 4519 τὰς
3161 4456 3262 4524 τῆς
3285 4454 3538 4514 ἀσεϐείας
3560 4452 3767 4521 κῆρας,

534 4566 829 4621 frueretur.
848 4563 903 4620 Si
938 4564 1103 4634 igitur
1123 4565 1176 4617 in
1195 4562 1453 4633 praesenti
1484 4561 1594 4614 vita
1635 4556 2095 4628 pulchritudinem

534 4656 733 4711 anima:
786 4668 1176 4711 conservemus
1203 4651 1670 4723 (conservabimus
1703 4655 1879 4701 autem
1908 4646 1953 4700 si
1981 4646 2097 4714 pie-

534 4758 701 4804 tatem
737 4762 845 4802 non
881 4745 1221 4817 prodamus),
1272 4745 1372 4799 hoc
1403 4745 1520 4812 ipso
1551 4742 1712 4797 etiam
1743 4738 1955 4807 corpori
1989 4752 2099 4792 me-

532 4842 722 4896 liorem
758 4839 988 4895 formam
1016 4846 1070 4893 et
1091 4836 1454 4892 conditionem
1484 4832 1920 4888 conciliabimus.
1945 4828 2097 4894 Quod

535 4933 582 4989 si
606 4933 878 5001 patiamur
914 4931 1153 4985 animam
1182 4932 1235 4984 in
1268 4930 1598 4998 impietatem
1633 4924 1867 4995 prolabi,
1895 4930 1948 4977 et
1976 4922 2101 4977 huic

534 5033 591 5078 et
630 5024 705 5078 illi
763 5024 996 5079 insidias
1055 5022 1358 5077 tetendisse
1406 5019 1530 5089 jure
1580 5018 1787 5087 optimo
1840 5016 2098 5070 feremur.

535 5114 676 5181 Quid
710 5114 874 5185 igitur
920 5114 1013 5168 illa
1071 5113 1230 5167 nobis
1286 5111 1512 5173 all‘ertis,
1569 5124 1691 5176 qua:
1723 5124 1897 5177 neque
1932 5107 2099 5160 altera

534 5216 689 5275 parte
745 5205 1035 5275 pulchrum
1076 5203 1417 5275 respiciunt?
1456 5200 1609 5267 Quod
1661 5200 1707 5254 si
1751 5209 1804 5253 et
1834 5200 1987 5253 vobis
2039 5212 2101 5251 ea

535 5313 658 5364 qua:
714 5296 1007 5359 delectant,
1066 5298 1219 5351 cordi
1274 5303 1424 5359 sunt,
1468 5291 1693 5363 qumite
1717 5291 1857 5345 viam
1885 5306 2006 5359 qua:
2034 5290 2102 5343 ad

537 5399 669 5441 vere
693 5385 1035 5440 delectabilia
1054 5385 1226 5441 ducit.
1248 5385 1346 5440 Sin
1376 5384 1575 5446 minus,
1613 5382 1770 5437 nobis
1798 5391 1975 5435 autem
1993 5389 2103 5434 tota

538 5476 798 5547 cogitatio
836 5483 1026 5531 nostra
1058 5477 1123 5529 ad
1148 5479 1239 5532 illa
1274 5478 1471 5544 tendit,
1505 5493 1572 5533 ne
1596 5475 1885 5547 praesentia
1911 5488 2107 5544 propo-

540 5570 657 5624 nite
687 5584 703 5621 :
741 5568 877 5623 nihil
906 5584 1007 5624 nos
1040 5568 1169 5624 inde
1204 5571 1526 5625 abstrahere
1579 5578 1781 5639 potest,
1813 5568 1929 5622 sive
1951 5566 2105 5621 volu-

541 5668 770 5733 ptatem,
795 5660 911 5715 sive
940 5659 1221 5713 tristitiam
1252 5662 1449 5728 pariat.
1483 5662 1624 5725 Quid
1671 5661 1900 5730 gloriam
1944 5658 2104 5713 nobis

542 5749 901 5823 pollicemini,
942 5748 1101 5818 cujus
1149 5749 1356 5807 domini
1418 5765 1528 5804 non
1565 5752 1739 5806 estis?
1768 5750 1907 5815 Quid
1938 5750 2100 5814 datis,

2199 4559 2563 4627 λυμήνασθαι,
2591 4552 2899 4623 καὶταύτῃ,
2930 4550 3167 4619 κάκείνῳ
3197 4546 3641 4608 ἐπιϐουλεύοντες
3697 4545 3770 4597 ἂν

2199 4649 2519 4718 ὀφθείημεν.
2548 4646 2614 4699 Τί
2646 4644 2736 4697 οῦν
2768 4646 2950 4696 ἐκεῖνα
2983 4643 3113 4711 ἡμῖν
3171 4638 3499 4708 εἰσηγεῖσθε,
3554 4636 3589 4689 ἀ
3641 4635 3773 4705 μηδ’

2199 4742 2370 4811 ἑτέρῳ
2404 4740 2559 4809 μέρει
2586 4738 2718 4807 πρὸς
2736 4736 2895 4789 καλὸν
2912 4734 3013 4804 ὁρᾷ
3038 4749 3054 4799 ;
3098 4733 3156 4786 Εἰ
3192 4732 3293 4801 μὲν
3315 4731 3405 4783 καὶ
3435 4730 3563 4797 ὑμῖν
3612 4725 3773 4797 μέλει

2199 4833 2306 4886 τῶν
2335 4832 2603 4900 τερπνῶν,
2636 4829 2906 4899 ζητήσατε
2925 4826 3021 4894 τὴν
3050 4824 3189 4889 ὁδὸν,
3219 4826 3253 4895 ἢ
3273 4821 3579 4883 διαϐιϐάζει
3629 4820 3776 4889 πρὸς

2199 4924 2269 4978 τά
2298 4923 2466 4984 ὅντως
2497 4920 2722 4992 τερπνά.
2786 4921 2849 4972 Εἰ
2896 4918 2952 4971 δὲ
3005 4917 3100 4987 μὴ,
3120 4917 3231 4969 ἀλλ’
3262 4918 3391 4986 ἡμῖν
3435 4931 3497 4983 γε
3537 4914 3658 4966 ὅλον
3708 4912 3777 4963 τὸ

2203 5015 2456 5084 φρόνημα
2483 5011 2616 5084 πρὸς
2642 5012 2824 5063 ἐκεῖνα
2848 5008 3258 5079 μεταθεμένοις,
3292 5006 3368 5075 μὴ
3404 5006 3471 5059 τὰ
3522 5003 3781 5072 παρόντα

2203 5104 2532 5176 προτείνετε.
2561 5102 2725 5155 Οὐδὲν
2759 5102 2908 5171 ἡμᾶς
2945 5099 3150 5152 ἐκεῖθεν
3189 5098 3468 5167 μεθέλκειν
3518 5095 3778 5153 δύναται,

2206 5199 2305 5267 οὐχ
2337 5197 2436 5250 ὃσα
2466 5195 2621 5265 φέρει
2652 5193 2862 5264 τέρψιν,
2893 5193 2989 5261 οὐχ
3015 5193 3112 5244 ὅσα
3144 5191 3323 5243 λυπεῖ.
3350 5190 3415 5241 Τί
3447 5188 3604 5251 δόξαν
3636 5187 3782 5255 ἡμῖν

2204 5291 2570 5362 ὑπισχνεῖσθε,
2596 5284 2663 5361 ἦς
2712 5290 2809 5341 οὐκ
2842 5288 2963 5339 ἐστὲ
2991 5287 3200 5356 κύριοι;
3256 5284 3307 5337 τί
3354 5284 3546 5346 δίδοτε,
3587 5281 3625 5334 ἃ
3672 5283 3786 5332 καὶ

2205 5386 2348 5455 ὑμᾶς
2369 5384 2562 5436 θᾶττον
2594 5380 2906 5443 ἀπολείπει;
2943 5379 2995 5431 τί
3024 5380 3089 5441 δ’,
3126 5378 3200 5443 ὡς
3253 5377 3503 5447 φοϐερὸν,
3549 5373 3643 5426 τὸν
3674 5373 3788 5424 θά-

2205 5473 2673 5535 νατονάπειλεῖτε,
2726 5470 2785 5534 ὃς
2817 5471 3018 5541 μᾶλλον
3050 5471 3179 5539 ὑμῖν
3229 5468 3448 5536 ἀπαντᾷ
3505 5463 3785 5534 φοϐερός;

2206 5566 2263 5621 ἓν
2320 5566 2451 5636 ἡμῖν
2482 5562 2754 5635 ιτερπνδν,
2809 5562 2868 5614 τὸ
2932 5561 3070 5631 μετά
3120 5557 3357 5629 Χριστοῦ
3414 5555 3575 5609 εἶναι.
3614 5555 3673 5607 ἒν
3724 5554 3790 5606 δὲ

2207 5656 2458 5725 φοϐερὸν,
2495 5654 2578 5718 τὸ,
2606 5652 2812 5707 ἐκείνου
2851 5650 3199 5720 χωρίζεσθαι.
3258 5647 3425 5701 Ταῦθ’
3472 5649 3500 5700 ὁ
3545 5645 3647 5716 μέν
3694 5661 3791 5705 τις

2206 5749 2315 5805 τῶν
2358 5746 2627 5809 ἀθλητῶν,
2681 5740 2791 5798 οἷον
2853 5742 3077 5807 νιφάδας
3147 5740 3327 5804 ἀφιεὶς
3382 5741 3459 5803 είς
3525 5737 3790 5796 ἀφωνίαν
