3952 6210
204 363 288 424 1'77

1182 347 1459 410 ORATIO
1485 347 1605 407 XV.
1636 368 1705 381 -·
1739 345 1817 405 ΙΝ
1859 344 2114 406 OMNES
2151 339 2514 403 SANCTOS.

3333 334 3438 398 1'18

206 472 460 540 περιέστη
526 466 633 531 τὰς
721 462 1054 534 συνηγόρους
1101 461 1200 530 τῆς
1241 459 1451 529 πλάνης
1496 456 1763 525 γλώσσας.
1797 496 1816 552 Α

1927 471 1989 509 ne
2019 455 2175 508 vobis
2199 453 2332 522 ipsis
2363 454 2503 506 forte
2529 446 2770 503 desunt?
2800 445 2941 512 Quid
2970 453 3230 516 tanquam
3275 447 3440 500 terri-

211 568 414 633 Ἕτερος
437 561 529 624 δὲ,
557 559 632 612 τά
666 557 804 628 μέλη
833 553 1118 626 προῦτεινε
1165 551 1301 623 πρὸς
1357 547 1617 618 ἐκτομὴν,
1675 548 1769 600 καὶ

213 658 326 729 πρὸς
350 653 451 724 τὴν
485 652 716 720 σφαγὴν
757 649 850 702 τὸν
891 646 1094 717 αὐχένα
1130 644 1321 708 ἐδίδου,
1377 641 1472 695 καὶ
1512 641 1584 711 μὴ
1645 639 1772 710 μέλ-

215 757 304 801 λειν
503 743 608 813 τὴν
642 743 841 812 πεῖραν
869 739 978 791 τῶν
1003 736 1249 806 βασάνων
1283 731 1700 804 παρεκελεύετο.

1876 546 2032 599 ticam
2067 549 2295 596 mortem
2329 537 2634 601 minamini,
2684 551 2805 606 qua:
2838 535 2995 590 vobis
3042 534 3216 604 magis
3255 532 3445 588 formi-

1877 636 2055 690 danda
2085 634 2267 689 venit?
2315 631 2495 686 Unum
2521 629 2676 686 nobis
2696 629 2998 698 jucundum
3026 639 3128 692 est,
3168 641 3290 681 esse
3321 639 3444 680 cum

1878 727 2118 784 Christo.
2181 725 2360 780 Unum
2402 720 2845 787 formidandum,
2890 719 3134 788 separari
3189 717 3256 771 ab
3300 717 3443 785 ipso.

216 843 496 896 Hunnus
520 852 587 892 ex
618 835 944 889 athletarum
974 845 1204 885 numero
1230 827 1570 897 prolocutus,
1612 822 1887 878 silentium
1914 820 2176 890 imposuit
2241 817 2444 872 erroris
2508 811 2806 868 advocatis.
2887 813 3041 866 Alius
3097 824 3224 864 vero
3273 820 3447 862 mem-

214 943 294 990 bra
317 932 714 1007 protendebat,
746 934 807 983 ut
835 932 1273 996 amputarentnr,
1305 927 1358 974 et
1387 918 1680 980 cervicem,
1713 923 1773 968 ut
1806 901 2214 984 praecideretnr,
2239 913 2672 974 cunctantesqne
2723 902 2791 957 ad
2840 909 3110 956 tormenta
3164 895 3449 953 inferenda

216 1027 503 1088 excitabat.

281 1120 415 1174 Ἀλλ’
445 1120 488 1187 ἡ
525 1115 632 1187 μὲν
664 1112 776 1166 τῶν
799 1109 1097 1183 προμάχων
1145 1106 1245 1177 τῆς
1282 1101 1560 1173 ἀληθείας,
1611 1099 1783 1161 οὕτως

223 1211 640 1278 ἀκατάπληκτος
677 1203 978 1275 παρρησία.
1021 1200 1086 1252 Ἠ
1131 1197 1188 1251 δέ
1220 1195 1440 1265 ποικίλη
1485 1192 1595 1246 τῶν
1633 1191 1787 1245 δικα-

1948 1093 2054 1150 Sed
2086 1091 2200 1146 haec
2228 1087 2448 1161 quidem
2489 1083 2733 1140 veritatis
2783 1086 3252 1152 propugnatorum
3305 1077 3442 1132 adeo

1885 1183 2250 1257 imperterrita
2285 1178 2538 1249 loquendi
2561 1176 2791 1230 libertas
2816 1180 2952 1228 erat.
2997 1173 3065 1223 At
3091 1169 3306 1239 judiees
3345 1168 3450 1222 im-

225 1307 340 1360 στῶν
366 1261 673 1357 κακόνοιά.
698 1261 827 1356 Τοῖς
851 1261 952 1365 μὲν
987 1290 1188 1353 εὐθέως
1239 1261 1460 1359 ἐπηφίει
1507 1283 1576 1337 τὰ
1613 1281 1785 1346 δεινά,

1922 1279 2038 1335 robi
2069 1279 2168 1332 hos
2195 1276 2314 1330 sine
2344 1285 2498 1327 mora
2522 1265 2811 1325 tormentis
2857 1263 3180 1329 subdebant,
3207 1261 3454 1332 ipsisque

229 1353 604 1451 itaista—'1th
658 1353 1052 1455 παλαισμάτων
1095 1353 1374 1450 ἐλάμϐανε
1415 1373 1644 1444 δοκιμὴν
1690 1371 1790 1439 τῆς

1922 1366 2281 1429 ertaminibns
2319 1361 2752 1432 experimentum
2783 1355 3078 1411 sumebant
3121 1362 3178 1408 et
3225 1353 3292 1407 de
3319 1353 3456 1406 invi-

231 1506 280 1541 τε
339 1485 632 1555 ἀηττήτου
701 1476 809 1532 τῶν
874 1472 1121 1545 ἀθλητῶν
1191 1469 1462 1541 ἀνδρείας,
1528 1467 1623 1520 καὶ⁹
1690 1464 1792 1532 τῆς

241 1582 356 1651 θεῶν
404 1581 616 1647 ἣττης.
678 1573 743 1625 Οἱ
799 1571 858 1624 δὲ
906 1569 1082 1623 καίτοι
1154 1565 1291 1636 πρὸς
1363 1563 1557 1632 φόνους
1623 1557 1794 1647 ’τεθη-

247 1640 444 1744 γμένοιξ
489 1640 599 1722 καὶ
655 1665 852 1735 ἥδιστα
901 1660 997 1713 τοῦ
1051 1654 1389 1730 μαρτυρικοῦ
1445 1655 1511 1708 ἂν
1562 1640 1792 1722 αἵματος

256 1767 450 1828 rem,
480 1763 518 1833 ἢ
580 1760 803 1822 ὓδατος,
860 1755 943 1808 ἐτι
995 1753 1055 1805 τὸ
1115 1750 1374 1822 μειλίχιον
1419 1745 1791 1810 ὑπεδείκνυον,

264 1857 453 1911 καὶτῶν
477 1853 742 1926 βασάνων
771 1851 985 1919 ἀνεῖχον
1023 1845 1118 1916 τὴν
1139 1845 1350 1914 πεῖραν,
1380 1841 1474 1893 καὶ
1530 1837 1664 1909 πρὸς
1695 1837 1792 1890 λα-

253 1957 328 2019 6i;
374 1956 579 2021 λόγων,
631 1951 824 2020 πράως
878 1944 1160 2004 δοκοῦντες
1209 1939 1371 2009 ἔχειν,
1419 1936 1498 1987 ἔτι
1531 1927 1794 1986 συνεπλέ-

244 2017 376 2096 κοιυτο
401 2085 419 2107 ,
550 2038 650 2091 καὶ
682 2017 840 2106 ’ὑμῖν
895 2031 1164 2099 λέγοντες,
1190 2029 1252 2080 οὐ
1302 2021 1640 2095 βουλομένοις
1667 2017 1797 2087 ὁρᾷν

235 2135 285 2185 τὸ
306 2130 616 2200 συμφέρον,
643 2117 1300 2192 περισπούδαστόςέστιν
1332 2113 1360 2163 ὁ
1417 2108 1560 2161 οὕτω
1605 2103 1799 2175 πικρὸς

237 2193 642 2284 θάνατος,ῡάλλ’
698 2215 847 2285 ἡμᾶς
890 2227 953 2280 γε
992 2205 1174 2269 οἶκτος
1223 2202 1554 2270 εἰσέρχεται,
1596 2195 1690 2248 καὶ
1738 2193 1798 2246 οὐ

241 2310 540 2383 βουλόμεθα
558 2305 748 2368 κακῶς
772 2304 917 2374 ὑμᾶς
948 2299 1228 2353 ὀλωλέναι.
1258 2293 1458 2363 Ἐχρῆν
1482 2289 1540 2342 δὲ
1581 2286 1798 2360 μᾶλλον,

238 2381 426 2473 ῶσπερ
456 2400 792 2468 διακαθᾶραι
833 2394 914 2464 τῷ
953 2394 1018 2445 ἐκ
1065 2390 1240 2457 λόγων
1293 2384 1436 2454 φωτὶ
1488 2381 1588 2451 τὴν
1641 2395 1800 2449 περιο

235 2470 468 2565 σχοῦσαν
497 2492 650 2559 ὑμᾶς
688 2487 918 2555 πλάνην,
947 2483 1022 2546 ὼς
1054 2481 1120 2536 ἂν
1140 2479 1282 2533 οὕτω
1325 2476 1424 2546 τῆς
1467 2470 1804 2527 ἐπικινδύνου

229 2560 378 2656 δέῇς
423 2583 794 2643 ἀποστάντες,
844 2575 1001 2638 θεούς
1051 2590 1109 2626 τε
1158 2570 1278 2641 μεθ’
1334 2566 1490 2639 ἡμῶν
1540 2560 1804 2634 τιμῴητε,

232 2651 318 2731 καλ
480 2673 755 2742 βασιλέως
787 2666 1008 2736 ἀγαθῶν
1041 2660 1422 2731 κοινωνοίητε.,
1455 2655 1662 2727 Ἰησοῦς
1710 2651 1805 2722 μὲν

233 2768 336 2836 γάρ
356 2740 599 2825 ἐκεῖνος,
628 2761 688 2836 δν
715 2760 927 2819 ἑαυτοῖς
992 2751 1219 2825 βασιλέα
1278 2747 1659 2821 χειροτονεῖτε,
1719 2740 1810 2793 τὸν

233 2859 336 2912 τῶν
371 2854 714 2924 ,κακούργων
748 2849 979 2903 θάνατον
1031 2842 1293 2905 ὑποστὰς,
1325 2840 1427 2892 οὐκ
1464 2837 1620 2907 ἔσχεν
1649 2831 1810 2886 αὑτὸν

234 2949 472 3020 βοηθεῖν.
535 2944 666 3008 Πῶς
716 2936 810 2996 οὖν
853 2941 984 3010 ὑμῖν
1040 2936 1332 3005 ἐπαμύνει,
1365 2931 1425 2994 ὃς
1490 2927 1612 3000 μηδ’
1661 2920 1812 2992 αὑτῴ

234 3043 476 3113 ignava;
518 3038 556 3108 ἢ
594 3034 711 3096 πῶς
741 3033 850 3086 τῶν
882 3031 961 3093 είς
1013 3029 1180 3097 τιμὴν
1214 3024 1455 3093 ἡκόντων
1485 3037 1537 3072 τι
1574 3015 1809 3089 μεταδῷ,

234 3105 471 3190 [οὕτως
504 3105 720 3194 ἀτίμως
769 3119 984 3185 θανὼν;
1026 3115 1292 3182 ἐπίγνωτε
1351 3111 1478 3171 τοὺς
1517 3105 1815 3176 εὐεργέτας

233 3193 615 3285 καὶσωτῆρας
668 3210 844 3272 θεούς.
891 3208 1004 3276 Οὐχ
1042 3205 1227 3274 ὁρᾶτε,
1276 3200 1398 3253 ὅθεν
1443 3196 1511 3249 τὰ
1557 3193 1818 3247 κάλλιστα
1844 3226 1889 3288 C

236 3310 622 3382 παραγίνεται
647 3323 662 3371 ;
690 3303 880 3362 Ἥλιος
902 3297 1086 3352 061061
1114 3295 1182 3348 τὰ
1228 3293 1404 3346 πάντα
1449 3288 1648 3357 πληροῖ
1704 3300 1817 3352 φω-

237 3374 359 3468 τὸς,
389 3374 574 3454 πάντα
601 3397 799 3465 πληροῖ
820 3393 987 3462 ζωῆς.
1023 3389 1295 3457 ’Λγνοεῖτε
1333 3384 1524 3437 τούτου
1577 3379 1672 3448 τὴν
1723 3374 1816 3428 δύ-

243 3512 450 3565 ναμιη
484 3492 564 3547 Οὐ
593 3489 711 3553 νὺξ,
744 3488 837 3540 καὶ
862 3485 1044 3555 ἡμέρα
1082 3483 1193 3544 τοῖς
1251 3477 1462 3532 ἐκείνου
1517 3471 1822 3541 ἀκαμάτοις

253 3556 474 3657 ὃρδμοίς
519 3579 838 3653 μερίζεταις
879 3575 954 3626 Οὐ
998 3572 1106 3625 τῶν
1161 3567 1481 3638 Θαυμασίων
1535 3560 1714 3632 ὡρῶν,
1763 3556 1820 3610 αἳ

264 3655 445 3746 ὥσπερ
480 3671 681 3743 σεμναί
709 3686 851 3731 τινες
871 3667 1028 3737 κόραι
1046 3663 1303 3734 ἀλλήλαις
1354 3655 1821 3730 περιχορεύουσιν,

265 3767 412 3833 οὗτος
477 3769 631 3819 ἐστιν
680 3761 1036 3825 αἱτιώτατος;
1079 3754 1208 3826 *Δρ*
1259 3753 1438 3819 ὀλίγου
1502 3748 1645 3808 τινὸς
1689 3743 1827 3807 ἀξια

266 3864 452 3926 ταῦτα,
478 3861 577 3914 καὶ
603 3859 664 3911 οὒ
688 3857 838 3918 Θείας
859 3851 1060 3923 τιμῆς;
1099 3849 1231 3902 Οὑδέ
1273 3845 1505 3914 σελήνην
1554 3841 1690 3902 ἴστε,
1728 3837 1828 3888 ὅσα

269 3955 580 4026 ἀνθρώποις
612 3947 922 4020 χαρίζεται;
981 3947 1082 3996 ὃσα
1121 3937 1486 4010 συμϐάλλεται
1524 3931 1604 4001 τῷ
1637 3927 1826 3991 παντες

268 4021 606 4117 Προσφέρειν
631 4041 723 4096 οὖν
756 4040 837 4092 δεῖ
868 4036 1154 4106 καὶταύτῃ
1200 4032 1261 4084 τὸ
1310 4028 1472 4089 σέϐας
1502 4043 1515 4054 ·
1579 4024 1668 4076 ναὶ
1724 4021 1830 4090 μὴν

271 4115 499 4202 καὶτοῖς
521 4136 704 4197 ἄλλοις
752 4131 1089 4201 φωστῆρσιν,
1117 4119 1192 4178 ὧν
1237 4125 1273 4194 ἡ
1309 4117 1581 4189 ἐπιτροπὴ
1639 4115 1834 4167 διοικο-

268 4235 420 4301 νομεῖ
449 4229 524 4282 τὰ
550 4224 898 4296 ἀνθρώπιναο
933 4221 1026 4274 ἐπὶ
1073 4219 1209 4271 πᾶσι
1240 4214 1318 4281 δὲ,
1355 4211 1432 4283 τῷ
1481 4209 1616 4263 θεῶν
1647 4205 1836 4275 ὑπάτῳ

268 4323 439 4389 nam;
463 4320 723 4375 ἁπάντων
754 4315 936 4384 εἴληχε
965 4313 1062 4383 τὴν
1090 4309 1287 4380 ἀρχὴν.

335 4526 488 4598 Πρὸς
539 4522 713 4576 ταῦτα
763 4521 812 4573 οἱ
873 4520 973 4590 μὲν
1002 4517 1108 4570 τῶν
1157 4511 1472 4584 μαρτύρων,
1519 4507 1697 4574 σιωπῇ
1741 4505 1840 4572 τὴν

270 4618 448 4672 αὐτῶν
467 4615 676 4684 πλάνην
733 4610 1075 4665 κατέστενον.
1113 4607 1174 4659 Οἱ
1214 4605 1271 4657 δὲ
1312 4603 1405 4656 καὶ¹
1432 4599 1661 4668 δάκρυσι

273 4709 568 4771 θλίϐοιντο,
594 4704 752 4755 τοῦτο
801 4701 898 4770 μέν
925 4697 1019 4752 τοῦ
1044 4693 1385 4767 Δημιουργοῦ
1429 4692 1528 4761 τὴν
1583 4687 1738 4758 ὓϐριν
1780 4684 1841 4738 οὐ

273 4803 533 4870 φέροντες
556 4794 840 4865 ἀδακρυτὶ,
872 4791 1030 4846 τοῦτο
1058 4790 1253 4857 dumi.
1280 4788 1404 4849 τοὺς
1451 4780 1842 4851 πλανωμένους

273 4893 374 4961 τῆς
404 4889 667 4951 ἀπονοίας
689 4887 1068 4953 οἰκτείροντες.
1119 4881 1309 4942 ’Λλλος
1357 4879 1415 4932 δέ
1475 4894 1557 4939 τις
1591 4874 1844 4942 γλῶσσαν

275 4979 662 5047 πολύφθογγον
688 4976 1022 5044 ἀνακινήσας
1055 4970 1130 5041 τῷ
1159 4969 1461 5037 Πνεύματι,
1514 4965 1621 5018 τῶν
1672 4963 1846 5029 λόγων

275 5071 335 5124 τὸ
355 5071 608 5141 μάταιον,
639 5067 816 5134 λόγοις
843 5065 1098 5135 ἀληθείας
1118 5060 1407 5132 ἐῤῥάπιζε.
1453 5056 1592 5124 Περὶ
1624 5053 1722 5123 μὲν
1750 5053 1850 5120 τῆς

277 5164 368 5217 τοῦ
401 5161 673 5234 ἡμετέρου
689 5159 951 5230 βασιλέως
971 5155 1251 5224 δυνάμεως
1281 5153 1475 5219 λέγων·
1497 5143 1568 5199 Ὦ.
1599 5143 1848 5207 δικαστά,

277 5256 335 5309 ιν
385 5257 522 5324 ἔφης
577 5255 668 5306 τὸν
712 5252 821 5304 τῶν
866 5252 1190 5319 κακούργων
1242 5246 1473 5300 θάνατον
1531 5241 1850 5308 ὑπομεῖναι;

277 5353 393 5418 εῐγε
417 5347 728 5419 βουλομένῳ
761 5363 843 5397 σοι
869 5346 896 5397 ὁ
939 5340 1200 5412 λογισμὸς
1233 5339 1370 5410 πρὸς
1413 5336 1473 5387 τὸ
1519 5333 1650 5402 ὕψος
1687 5327 1852 5383 αὑτοῦ

277 5444 378 5509 τῆς
428 5439 852 5509 μεγαλειότητος
881 5434 1232 5497 ὲνατενίζειν,
1281 5430 1454 5498 ἔγνως
1514 5425 1579 5478 ἂν
1632 5418 1742 5485 οἷός
1771 5421 1855 5483 τίς

284 5531 526 5602 ἐστιτήν
555 5528 813 5598 δύναμιν,
869 5527 965 5577 καὶ
1010 5523 1103 5575 τὸν
1143 5522 1392 5582 θάνατον,
1452 5516 1510 5569 ὃν
1551 5511 1852 5584 χλευάζεις,

282 5622 480 5692 ἡλίκην
540 5621 688 5690 ζωὴν
745 5616 1139 5687 προεξένησεν;
1209 5610 1349 5664 Ἀλλ’
1392 5609 1454 5661 οὐ
1524 5605 1676 5674 φίλον
1727 5604 1859 5672 ὑμῖν

283 5691 632 5779 ἀπηλλάχθαι
657 5705 759 5772 τῆς
790 5704 950 5772 φίλης
971 5703 1200 5771 πλάνης.
1234 5694 1330 5762 Οἷς
1360 5697 1417 5750 δὲ
1453 5696 1582 5766 περί
1611 5711 1671 5746 τε
1703 5691 1857 5762 ἡλίου

290 5799 516 5853 καὶτῶν
563 5795 744 5852 ἄλλων
780 5793 1064 5859 συνείρεις,
1101 5791 1200 5844 οὐκ
1257 5785 1560 5850 ἀγνοοῦμεν
1606 5784 1730 5844 τοὺς
1779 5780 1863 5833 λο-

1887 1470 1976 1516 cto
1996 1459 2324 1513 athletarum
2360 1453 2578 1516 robore,
2613 1456 2668 1504 et
2699 1449 2767 1502 de
2807 1460 2906 1502 sua
2949 1444 3102 1499 clade
3131 1453 3184 1498 et
3216 1443 3458 1497 victoriae

1892 1551 2208 1606 amissione.
2239 1546 2346 1601 Alii
2385 1559 2519 1599 vero
2548 1540 2800 1612 quamvis
2834 1537 3064 1591 caedium
3102 1534 3304 1602 cupidi,
3342 1547 3459 1585 ma-

1889 1643 2080 1714 gisque
2120 1638 2405 1710 sanguinis
2437 1643 2762 1703 martyrum,
2812 1643 2975 1699 quam
3005 1641 3158 1696 σηοω
3187 1625 3458 1686 sitientes,

1890 1733 2186 1790 blanditias
2208 1729 2385 1784 adhuc
2404 1726 2756 1788 adhibebant,
2781 1729 2835 1776 et
2865 1737 2893 1774 a
2929 1717 3270 1774 cruciatibus
3293 1715 3461 1769 absti-

1893 1826 2117 1890 nebant,
2158 1831 2213 1876 et
2243 1821 2307 1875 ad
2341 1817 2647 1873 tendiculas
2670 1813 2992 1876 verborum,
3023 1823 3131 1880 quo
3169 1808 3464 1862 clementes

1895 1933 2019 1974 esse
2043 1915 2394 1975 videremus,
2451 1923 2572 1964 sese
2631 1903 3040 1960 convertebant.
3093 1899 3244 1953 Licet
3291 1895 3463 1960 vobis,

1899 2009 2134 2073 aiebant,
2187 2002 2496 2059 nolentibus
2554 2011 2780 2053 cernere
2822 1994 2876 2048 id
2906 1992 3051 2063 quod
3097 1988 3464 2050 conducibile,

1899 2113 2085 2154 amara
2115 2109 2263 2150 mors
2291 2088 2595 2161 expetenda
2637 2085 2906 2145 videatur,
2949 2089 3002 2134 at
3029 2095 3130 2134 nos
3157 2078 3468 2133 misericor-

1899 2191 1988 2246 dia
2022 2187 2187 2244 vestri
2218 2183 2388 2254 tangit
2417 2199 2432 2247 ;
2477 2194 2651 2247 neque
2682 2191 2778 2230 vos
2811 2173 2951 2228 male
2979 2171 3159 2241 perire
3189 2169 3463 2225 volumus.

1900 2282 2088 2338 Satius
2136 2285 2317 2332 autem
2348 2280 2488 2337 erat,
2521 2280 2581 2324 ut
2612 2269 2760 2324 velut
2795 2263 3062 2320 orationis
3092 2260 3294 2316 lumine
3323 2272 3468 2321 eam,

1902 2387 2024 2443 quae
2052 2369 2210 2425 vobis
2237 2364 2576 2422 circumfusa
2604 2369 2708 2426 est,
2742 2356 3113 2426 deceptionem
3142 2363 3472 2422 expurgare-

1903 2467 1996 2531 tis,
2025 2471 2085 2518 ut
2119 2463 2201 2518 sic
2225 2460 2444 2516 deserta
2470 2454 2778 2527 periculosa
2811 2447 3186 2520 persuasione,
3220 2444 3352 2498 deos
3383 2454 3475 2495 no-

1904 2559 2114 2615 biseum
2146 2551 2423 2616 eoleretis,
2446 2555 2502 2603 et
2530 2547 2820 2607 bonorum,
2845 2555 2966 2612 quae
2993 2539 3285 2609 imperator
3313 2532 3475 2602 largi-

1909 2661 2015 2714 tur,
2047 2645 2345 2718 partieipes
2377 2638 2600 2696 essetis.
2627 2636 2762 2690 Nam
2789 2632 2952 2689 Jesus
2981 2631 3093 2694 ille,
3136 2641 3296 2698 quem
3323 2622 3478 2678 vobis

1909 2754 2089 2810 regem
2123 2736 2322 2807 legitis,
2348 2729 2723 2786 maleﬁcorum
2771 2733 2946 2779 morte
2998 2720 3199 2784 subita,
3236 2715 3340 2772 sibi
3364 2714 3480 2784 ipse

1910 2846 2067 2902 opem
2095 2829 2238 2884 ferre
2268 2826 2477 2895 nequit.
2501 2817 2788 2887 Quomodo
2807 2816 2974 2886 igitur
2999 2811 3155 2867 vobis
3172 2813 3480 2870 succurret,

1911 2900 2003 2993 qui
2032 2921 2135 2977 sibi
2171 2934 2281 2973 non
2310 2916 2412 2970 iuit
2446 2910 2687 2968 auxilio?
2711 2909 2819 2962 Aut
2848 2903 3122 2977 quomodo
3148 2902 3217 2966 is,
3243 2900 3336 2970 qui
3367 2906 3480 2950 tam

1911 2986 2332 3083 ignominiosam
2363 3013 2596 3060 mortem
2623 2996 2873 3068 oppetiit,
2899 2993 3086 3064 gloriae
3127 2986 3331 3056 aliquid
3354 2998 3485 3039 con—

1917 3075 2090 3156 feret?
2122 3095 2412 3170 Agnoscite
2444 3089 2822 3149 benefactores
2869 3092 2924 3138 et
2973 3087 3281 3138 servatores
3307 3075 3482 3129 'deos.

1918 3193 2107 3248 Nonne
2137 3165 2357 3254 videtis,
2419 3185 2564 3241 unde
2618 3178 2984 3254 pulcherrima
3018 3185 3249 3244 quaeque
3286 3165 3489 3221 ﬂuant?

1921 3286 2016 3342 Sol
2069 3286 2174 3341 iste
2210 3282 2394 3338 omnia
2440 3277 2631 3348 implet
2665 3273 2894 3334 lumine,
2917 3267 3100 3323 omnia
3139 3263 3327 3331 implet
3355 3259 3487 3313 vita.

1915 3377 2057 3434 Num
2090 3376 2199 3430 vim
2223 3373 2342 3443 ejus
2369 3366 2676 3440 ignoratis?
2707 3364 2788 3416 An
2821 3376 2929 3414 non
2968 3372 3075 3411 nox
3107 3361 3162 3410 et
3179 3354 3296 3408 dies
3336 3349 3490 3406 inde-

1922 3470 2124 3529 sinenti
2156 3467 2277 3537 ejus
2304 3479 2473 3518 cursu
2503 3453 2904 3525 distinguitur?
2931 3449 3013 3504 An
3057 3462 3168 3503 non
3197 3441 3492 3498 admirabi-

1923 3563 2054 3618 lium
2085 3533 2366 3616 horarum,
2406 3565 2530 3621 quae
2576 3547 2724 3603 velut
2772 3543 2984 3596 decora:
3028 3534 3221 3606 puellae
3260 3533 3493 3587 choreas

1925 3653 2028 3708 sibi
2059 3655 2252 3704 mutuo
2280 3640 2639 3700 succedentes
2657 3633 2880 3704 agitant,
2909 3627 3014 3683 iste
3039 3624 3122 3679 vel
3154 3621 3390 3676 maxime
3411 3623 3496 3672 est

1926 3739 2193 3798 eﬂ‘ector?
2226 3738 2306 3788 An
2340 3734 2454 3787 hac
2479 3730 2676 3798 exiguo
2702 3729 2930 3785 honore,
2961 3725 3017 3772 et
3043 3731 3152 3769 non
3195 3713 3382 3766 divino
3409 3708 3492 3761 di-

1928 3849 2032 3905 gna
2079 3830 2245 3887 sunt?
2289 3825 2400 3880 Nec
2434 3828 2640 3894 quanta
2699 3817 2824 3870 luna
2884 3807 3196 3865 hominibus
3255 3807 3494 3872 prmstet,

1929 3923 2137 3981 nostis?
2164 3925 2366 3990 quanta
2392 3909 2679 3969 commoda
2721 3919 2907 3960 rerum
2936 3893 3280 3956 universitati
3323 3889 3500 3961 progi-

1933 4017 2094 4086 gnat?
2117 3983 2341 4084 Oportet
2368 4021 2526 4076 ergo,
2550 4011 2610 4056 ut
2649 4009 2703 4054 et
2722 3998 2838 4052 haec
2865 3994 3048 4050 debito
3085 3987 3234 4044 cultu
3264 3983 3500 4046 colatur,

1934 4116 2044 4169 imo
2070 4119 2126 4167 et
2153 4108 2288 4170 aliis,
2317 4099 2705 4160 lnminaribus,
2735 4105 2969 4164 quorum
2998 4099 3222 4142 munere
3265 4081 3522 4144 humana.

1936 4201 2413 4260 administrantur,
2445 4192 2629 4248 cultus
2657 4196 2742 4242 est
2769 4181 3136 4240 exhibendus.
3176 4177 3295 4231 Prae
3331 4170 3507 4229 omni-

1940 4296 2044 4350 bus
2075 4297 2276 4353 autem,
2307 4286 2492 4341 divum
2528 4290 2786 4350 supremo
2811 4273 2956 4340 Jovi,
2999 4271 3088 4327 cui
3133 4267 3418 4336 imperium
3449 4261 3506 4315 in

1941 4399 2132 4442 omnes
2159 4378 2532 4437 commissum.

2011 4496 2106 4550 His
2132 4491 2352 4555 auditis,
2384 4495 2682 4556 martyrum
2735 4476 2987 4535 nonnulli
3018 4472 3237 4528 silentio
3260 4481 3504 4523 errorem

1713 4560 1843 4648 κατ-
1874 4579 2348 4660 Ddeplorabant:
2406 4580 2530 4634 aliis
2584 4573 2820 4631 ubertim
2891 4571 3143 4639 lacrymae
3196 4560 3510 4621 manabant,

1945 4682 2144 4755 partim
2169 4678 2298 4749 quia
2331 4681 2534 4728 tantam
2563 4671 2615 4724 in
2662 4669 2974 4724 Creatorem
3017 4655 3272 4728 injuriam
3308 4650 3514 4717 absque

1946 4772 2206 4844 lacrymis
2239 4769 2381 4824 ferre
2410 4781 2518 4820 non
2550 4767 2829 4834 poterant;
2860 4754 3079 4828 partim.
3100 4748 3227 4814 quia
3258 4743 3516 4811 deceptos

1947 4868 2084 4922 istos
2113 4865 2184 4926 ob
2213 4861 2505 4917 amentiam
2530 4853 2952 4910 miserabantur.
2978 4842 3132 4898 Alius
3164 4847 3344 4891 autem
3376 4846 3514 4887 rese

1952 4969 2069 5015 rata
2099 4957 2303 5012 diserta
2328 4952 2513 5019 lingua
2563 4963 2660 5016 per
2687 4941 2975 5013 Spiritum,
3007 4929 3276 4988 orationis
3312 4926 3518 4980 vanita-

1953 5062 2084 5122 tem,
2135 5043 2352 5102 dicendi
2411 5016 2638 5095 veritate
2693 5029 2994 5100 castigabat
3029 5025 3115 5079 his
3145 5030 3198 5076 et
3251 5016 3522 5074 similibus

1952 5138 2178 5195 verbis:
2224 5133 2300 5188 De
2357 5130 2526 5185 nostri
2564 5125 2729 5194 Regis
2779 5119 3044 5190 potentia,
3076 5130 3109 5168 ο
3132 5111 3322 5180 judex,
3357 5120 3519 5174 quem

1956 5233 2036 5285 ais
2062 5227 2434 5282 tualclicornm
2478 5233 2664 5273 necem
2714 5211 2972 5275 subiisse,
3005 5208 3051 5262 si
3096 5205 3190 5258 tibi
3223 5198 3524 5254 collibitum

1955 5326 2102 5374 esset
2136 5314 2298 5384 paulo
2322 5309 2581 5363 attentius
2612 5303 2874 5374 cogitare,
2906 5308 2961 5352 et
3008 5297 3062 5349 in
3095 5289 3526 5363 magnitudinem

1957 5410 2077 5477 ejus
2106 5406 2298 5461 oculos
2329 5402 2585 5472 deﬁgere,
2643 5394 2978 5463 intelligeres
3009 5389 3198 5455 utique
3235 5383 3354 5452 ejus
3397 5379 3505 5432 vim

1960 5502 2254 5568 simulque,
2283 5496 2501 5567 qualem
2534 5492 2728 5552 vitam,
2765 5501 2937 5550 mors,
2966 5498 3130 5553 quam
3165 5477 3332 5542 rides,
3368 5487 3520 5544 pepe-

1960 5591 2115 5646 rerit.
2143 5587 2212 5643 At
2237 5601 2346 5640 non
2376 5590 2591 5655 gratum
2631 5587 2716 5634 est
2746 5577 2926 5642 vobis,
2953 5584 3012 5628 ut
3051 5572 3119 5624 ab
3152 5581 3339 5623 errore
3378 5571 3532 5634 grato

1962 5679 2289 5738 liheremini.
2347 5676 2502 5743 Quod
2538 5688 2666 5728 vero
2718 5671 2787 5726 de
2839 5669 2953 5724 sole
2975 5675 3029 5720 et
3073 5661 3194 5716 aliis
3218 5658 3402 5718 affers,
3426 5668 3532 5708 non

1970 5778 2308 5841 ignoramus,
2343 5786 2479 5838 quos
2514 5766 2778 5823 terminos
2809 5777 2836 5817 a
2864 5760 3118 5816 Creatorc
3154 5750 3405 5823 prtelixos
3442 5746 3526 5797 ba-
