3952 6210
429 265 533 332 179

1648 271 1917 333 LEONIS
1971 269 2435 333 PHILOSOPHI

3552 269 3654 324 Ῑδυ

423 383 585 435 beant
606 417 621 444 ,
657 393 829 449 neque
858 378 911 434 id
940 394 1040 435 nos
1074 378 1231 451 fugit,
1262 388 1469 450 quanta
1498 381 1565 435 ab
1593 382 1701 447 his,
1722 391 1980 453 tanquam

2107 399 2231 447 ὀυς,
2258 381 2350 445 οὓς
2374 381 2555 445 αὐτοῖς
2580 379 2731 434 ἔθετο
2758 378 2786 431 ὁ
2806 373 3181 447 Δημιουργόξ·
3234 374 3341 428 οὐδ’
3393 375 3492 428 ὅσα
3524 394 3656 445 χορ-

421 486 452 525 a
492 470 791 536 ministris,
830 481 1083 526 creatura
1136 476 1236 527 hac
1286 472 1547 528 inferiore
1596 475 1990 544 superioribus,

423 564 565 617 bona
612 564 951 633 proveniant.
1009 563 1146 618 Sunt
1204 566 1349 619 enim
1403 565 1560 621 nobis
1599 567 1743 622 oculi
1776 567 1844 623 ad
1892 568 1995 625 hoc

2107 566 2262 635 Ξλλην
2332 563 2737 633 ὑποϐεϐηκυῖαν
2800 562 3095 616 διατάττων
3177 559 3370 613 κτίσιν.

423 654 870 725 perspiciendum
914 657 1053 712 satis
1074 658 1443 726 perspicaces.
1492 657 1762 725 Quocirca
1814 662 1997 716 existi-

424 748 719 803 mationem
745 763 908 819 quam
940 756 1219 804 merentur
1242 748 1310 804 de
1340 751 1450 806 illis
1481 751 1768 818 habemus,
1799 764 1852 809 et
1883 756 1996 824 pul-

423 838 557 892 ebra
622 839 736 894 haec
808 838 1077 905 fatemur,
1153 856 1448 912 rerumque
1501 844 1995 913 pulcherrimarum

425 943 659 995 causas;
686 931 875 1000 quidni
906 932 1073 997 enim,
1102 948 1224 987 cum
1266 934 1379 990 sint
1409 936 1601 1006 optimi
1631 937 1845 1007 epilicis
1869 938 1998 995 elle-

425 1022 553 1074 eta?
574 1022 644 1076 At
673 1023 813 1091 apud
839 1038 954 1087 vos,
990 1032 1049 1076 ut
1081 1026 1258 1079 honor
1279 1027 1416 1098 ipse,
1445 1043 1605 1097 quem
1636 1029 1721 1084 his
1744 1029 1994 1093 defertis,

424 1122 617 1168 contra
644 1129 859 1170 omnem
900 1125 985 1172 est
1033 1119 1339 1187 rationem,
1392 1121 1469 1175 ita
1505 1128 1563 1177 et
1596 1136 1762 1177 causa
1819 1123 1997 1177 hono-

424 1205 606 1261 randi.
644 1205 779 1260 Nam
813 1224 952 1278 quas
1008 1210 1228 1266 tandem
1258 1212 1326 1267 de
1349 1212 1458 1268 illis
1479 1214 1767 1283 opiniones
1797 1229 1999 1270 conce-

425 1296 624 1365 pistis?
649 1296 899 1351 Siderum
925 1299 1068 1353 enim
1092 1300 1338 1369 qumdam
1368 1317 1515 1358 nunc
1540 1303 1743 1373 optima
1773 1319 2001 1375 quaeque

426 1389 685 1445 efﬁciunt.
713 1389 781 1443 Et
816 1406 964 1446 nunc
1001 1393 1223 1461 quidem
1283 1408 1406 1448 cum
1450 1395 1505 1449 in
1562 1396 1665 1451 hac
1698 1407 1851 1467 parte
1884 1399 2002 1452 vol-

426 1489 665 1547 vuntur,
720 1482 1087 1536 necessariam
1120 1485 1228 1538 vim
1279 1493 1333 1539 et
1358 1486 1654 1541 efﬁcaciam
1691 1489 1760 1541 ad
1812 1504 1898 1544 res
1928 1489 2002 1559 gi-

427 1572 673 1641 gnendas
718 1581 1015 1639 exserunt;
1069 1581 1123 1627 at
1152 1590 1277 1629 cum
1319 1576 1447 1630 inde
1478 1576 1799 1643 abscedunt,
1836 1578 2001 1634 simul

430 1665 594 1718 etiam
628 1664 711 1718 vis
740 1674 793 1719 et
819 1664 1108 1720 cllicacitas
1134 1666 1489 1721 abscedit.At
1517 1682 1615 1736 par
1644 1684 1755 1722 non
1788 1680 1872 1723 est
1898 1670 2000 1723 hu-

425 1753 668 1823 jusmodi
696 1754 762 1810 de
790 1754 899 1809 Deo
924 1756 1312 1827 cogitationem
1341 1726 1641 1828 suscipere.
1679 1759 1784 1814 Sed
1818 1760 2000 1815 mitta-
2029 1726 2075 1784 Β

428 1858 553 1899 mus
583 1845 716 1898 haec.
745 1844 1011 1899 Caeterum
1037 1845 1328 1911 allirmare,
1360 1864 1445 1914 ea,
1476 1865 1597 1919 quae
1630 1850 1869 1905 animum
1898 1852 2002 1905 im-

429 1935 662 2006 probum
717 1935 971 1998 reddunt,
1021 1952 1088 1991 ex
1141 1953 1331 1993 eorum
1368 1941 1758 1996 constitutione
1784 1942 1852 1996 ad
1886 1943 2005 1997 ani-

429 2042 578 2081 mum
602 2027 887 2097 pervenire
921 2026 1068 2082 fatali
1095 2030 1328 2100 quadam
1354 2032 1701 2097 necessitate,
1731 2035 2004 2102 quomodo

430 2137 543 2177 non
594 2131 791 2193 prater
844 2138 1112 2178 summam
1166 2124 1496 2195 impietatem
1556 2127 1845 2197 omnisque
1910 2128 2006 2184 Dei

430 2215 867 2287 abuegationem,
898 2216 1139 2271 omnium
1170 2218 1505 2283 mortalium,
1536 2220 1629 2288 qui
1679 2218 1887 2287 legibus
1916 2237 2004 2277 re—

431 2317 655 2378 guntur,
702 2316 758 2364 et
790 2316 974 2364 vestro
1024 2308 1189 2364 etiam
1239 2311 1428 2365 sensui
1463 2311 1679 2381 penitus
1707 2314 2007 2385 repugnat?

430 2399 549 2456 Non
581 2401 724 2456 enim
763 2401 998 2456 arbitror
1026 2415 1091 2457 eo
1117 2402 1373 2471 nequitiae
1415 2418 1741 2474 quemquam
1788 2421 2007 2476 proces-

430 2490 590 2553 sisse,
619 2490 861 2545 utDeum
891 2492 1092 2545 bonum
1111 2507 1234 2548 esse
1263 2494 1488 2549 abnuat.
1550 2496 1667 2561 Qua
1725 2497 1891 2567 igitur
1914 2513 2007 2552 ra-

430 2581 581 2635 tione
603 2595 632 2633 a
668 2580 810 2635 bono
848 2581 989 2634 mala
1021 2583 1379 2650 provenient?
1410 2585 1504 2639 Sin
1558 2586 1771 2652 minus,
1806 2591 2007 2658 poteris

402 2680 487 2726 .et
512 2672 687 2741 ignem
720 2686 939 2726 causam
965 2673 1167 2729 caloris
1218 2675 1526 2743 nominare,
1560 2686 1614 2733 et
1645 2679 1820 2736 lucem
1850 2690 2005 2738 tene-

431 2762 679 2818 brarum.
706 2763 775 2817 At
802 2778 909 2818 non
942 2763 1201 2819 fatebitur
1227 2767 1348 2829 hoc,
1378 2769 1467 2822 cui
1493 2784 1646 2825 mens
1692 2787 1848 2828 sana.
1888 2773 2007 2840 Qua

431 2852 501 2907 de
556 2867 720 2907 causa
774 2854 917 2924 leges
949 2853 1085 2919 fers,
1139 2872 1260 2925 qua:
1312 2857 1577 2926 improbis
1602 2875 1790 2928 poenas
1820 2864 2009 2919 decer-

431 2943 615 2997 nunt?
642 2942 699 2997 Si
748 2945 893 2999 enim
925 2946 1230 3009 fstellarum
1260 2950 1773 3009 {constitutionibus
1817 2955 2009 3025 hujus-

431 3034 579 3089 modi
621 3035 918 3091 voluntatis
978 3038 1319 3109 propositum
1343 3042 1731 3098 ascribendum
1760 3054 1864 3112 est,
1910 3063 2010 3103 cur
2036 3065 2080 3126 ρ

431 3142 622 3196 pmuas
663 3128 847 3197 poscis
874 3130 968 3198 qui
996 3138 1055 3183 ut
1087 3132 1325 3187 maxime
1360 3134 1645 3201 voluisset,
1680 3137 1893 3193 facinus
1923 3148 2006 3194 ta-

433 3234 553 3273 men
602 3219 731 3273 illud
767 3219 943 3276 vitare
981 3222 1349 3292 nequivisset?
1375 3224 1542 3282 Vides
1575 3228 1850 3297 quomodo
1898 3246 2007 3286 non

432 3319 644 3367 tantum
709 3312 777 3368 de
812 3312 921 3369 Deo
951 3314 1345 3371 convenienter
1392 3332 1498 3371 non
1528 3319 1797 3384 sentiatis,
1828 3321 1920 3376 sed
1953 3331 2008 3377 et

431 3410 610 3457 vestra
656 3401 908 3472 dogmata
936 3404 1249 3471 [evertatis.
1296 3406 1366 3459 At
1398 3422 1500 3461 nos
1545 3410 2021 3478 quemadmodum

430 3492 567 3560 dixi,
615 3494 983 3564 pulcherrima
1042 3494 1137 3551 Dei
1171 3510 1338 3566 opera
1384 3512 1506 3553 esse
1562 3498 1911 3569 profitemur;
1954 3511 2007 3558 et

428 3589 797 3657 pulcherrima
828 3607 1059 3661 quaeque
1086 3591 1410 3662 producere,
1433 3594 1595 3663 idque
1618 3610 1684 3650 ex
1712 3599 2007 3654 commissa

429 3677 713 3734 functione
743 3696 904 3749 quam
929 3696 957 3734 a
989 3682 1165 3752 primo
1188 3691 1312 3736 ortu
1337 3698 1369 3736 a
1391 3698 1574 3737 rerum
1600 3685 1896 3741 Conditore
1918 3701 2008 3741 ac-

428 3776 712 3837 ceperunt.
753 3769 860 3826 Vos
911 3787 1040 3827 vero
1079 3772 1226 3827 haud
1279 3775 1397 3828 scio
1425 3816 1440 3841 ,
1482 3790 1719 3843 quonam
1774 3777 2006 3832 consilio

431 3858 601 3922 ducti,
622 3861 672 3913 ei
710 3860 799 3914 cui
822 3860 1000 3915 honor
1023 3861 1191 3915 adimi
1216 3857 1429 3932 nequit,
1457 3862 1720 3918 honorem
1745 3867 2008 3936 abrogare

429 3951 672 4016 teutatis,
707 3960 761 4005 et
792 3950 926 4017 illis,
963 3951 1163 4020 quibus
1190 3952 1359 4007 divini
1400 3955 1627 4010 honoris
1676 3957 1829 4009 nulla
1856 3972 2006 4012 com-

429 4039 646 4104 munio,
676 4042 833 4111 quasi
886 4058 954 4097 eo
1006 4043 1381 4111 dignissimis,
1412 4045 1662 4099 eumdem
1695 4047 2002 4115 impertitis.

430 4129 552 4197 Quo
572 4133 885 4189 testimonio
910 4135 1161 4203 permoti,
1190 4134 1392 4191 divinis
1423 4135 1725 4192 honoribus
1760 4136 2007 4194 allicitis?

431 4223 658 4289 Qualem
687 4240 817 4282 vero
847 4227 957 4281 vim
980 4237 1032 4282 et
1067 4227 1392 4298 potentiam,
1422 4244 1544 4298 qua:
1576 4229 1815 4284 divinam
1845 4240 2006 4285 natu-

429 4334 547 4373 ram
574 4326 828 4384 testetur,
852 4318 906 4372 in
928 4319 1062 4389 ipsis
1090 4319 1296 4385 intuiti,
1320 4319 1560 4375 divinam
1584 4322 2003 4391 appellationem

2093 478 2217 546 ηγεῖ
2255 474 2321 528 δι’
2374 473 2553 527 αὐτῶν
2581 514 2596 540 ,
2630 473 2706 537 ὡς
2747 471 3075 539 λειτουργοῖς
3133 466 3495 538 ἀναϐεϐηκόσι
3560 468 3661 535 τὴν

3449 560 3663 612 Ἐνεισι
3724 565 3729 602 i

2102 657 2299 729 μᾶλλον
2325 658 2456 728 ἡμῖν
2484 655 2750 726 ὀφθαλμοὶ
2779 654 3210 723 τηλαυγέστερον
3241 650 3651 712 διαϐλέποντες.

2121 753 2221 807 Διά
2241 752 2397 806 τοῦτο
2424 751 2517 806 καὶ
2547 752 2672 814 τοὺς
2695 751 3066 820 προσήκοντας
3098 747 3281 809 αὐτοῖς
3346 745 3664 816 ἁρμόζομεν

2109 843 2321 912 λόγους,
2343 843 2438 897 καὶ
2469 843 2605 897 καλὰ
2638 843 2737 913 μὲν
2776 841 2946 895 ταῦτά
2973 856 3175 910 φαμεν,
3230 836 3325 891 καὶ
3369 836 3476 890 τῶν
3508 837 3666 889 υκαλ-

2099 934 2298 989 λίστων
2326 935 2607 1006 παραίτια.
2659 933 2780 996 Πῶς
2830 932 2937 1005 γὰρ
2968 931 3069 984 οὐκ
3093 928 3284 1000 ἔμελλε
3330 926 3425 981 τοῦ
3451 926 3662 996 ἀγαθοῦ

2098 1026 2226 1079 ὄντα
2256 1025 2749 1096 δημιουργήματα;
2780 1022 2906 1094 ὑμῖν
2945 1022 3002 1077 δὲ
3033 1022 3220 1093 ὥσπερ
3264 1020 3573 1091 παράλογος
3625 1022 3662 1090 ἠ

2101 1118 2229 1188 περὶ
2255 1117 2428 1172 ταῦτα
2460 1118 2617 1187 τιμὴ,
2649 1116 2790 1171 οὔτω
2822 1115 2957 1169 πολὺ
2981 1115 3043 1169 τὸ
3068 1114 3377 1185 παράλογον
3410 1112 3523 1183 ἔχει
3569 1114 3667 1165 καὶ

2100 1208 2251 1278 ὁτῆς
2267 1210 2446 1273 αἰτίας
2490 1209 2666 1277 λόγος.
2712 1203 2812 1261 Οἷα
2856 1207 2965 1278 γὰρ
3012 1206 3106 1259 καὶ
3162 1207 3309 1259 δοκεῖ
3358 1204 3489 1275 ὑμῖν
3532 1204 3667 1270 περὶ

2103 1300 2339 1367 τούτων;
2372 1301 2466 1355 νῦν
2495 1302 2543 1354 οί
2578 1300 2675 1371 μὲν
2709 1299 2888 1353 αὐτῶν
2920 1299 2988 1352 τὰ
3015 1297 3156 1352 καλὰ
3184 1298 3444 1367 φέρουσιν
3496 1297 3626 1366 ὑμῖν
3649 1313 3664 1329 ο

2110 1392 2206 1445 νῦν
2230 1391 2285 1444 δὲ
2319 1394 2367 1446 oi
2399 1392 2555 1446 αὐτοὶ
2584 1391 2745 1445 πάλιν
2773 1390 2880 1443 τῶν
2906 1389 3185 1459 ιχειρόνων
3234 1388 3341 1441 είσὶ
3402 1386 3663 1457 δημιουρ-

2101 1483 2207 1551 γοί.
2244 1484 2358 1537 Καὶ
2410 1481 2505 1537 νῦν
2537 1482 2635 1553 μὲν
2680 1484 2738 1537 ὲν
2794 1481 2966 1551 τούτῳ
3018 1481 3173 1552 μέρει
3223 1479 3659 1540 ὲπιδατεύοντες,

2100 1574 2307 1643 ἄμαχον
2344 1571 2523 1643 έχουσι
2578 1573 2693 1626 τόδε
2753 1591 2805 1627 τι
2856 1570 3108 1641 γενέσθαι
3183 1571 3401 1641 ῥοπήνεο
3459 1567 3556 1625 νῦν
3606 1568 3665 1622 δὲ

2102 1665 2309 1718 ἐκεῖθεν
2354 1664 2786 1735 ἀναχωροῦντες,
2853 1661 3238 1733 ἀναχωροῦσαν
3286 1662 3535 1731 ἕχουσινί
3564 1660 3666 1731 τὴν

2102 1753 2348 1824 δύναμιν.
2372 1754 2447 1806 Ού
2470 1753 2578 1823 γὰρ
2598 1753 2766 1818 ἀξιον,
2798 1751 3054 1814 τοιαύτας
3092 1750 3221 1820 περὶ
3265 1748 3356 1802 τοῦ
3383 1748 3538 1801 Θείου
3571 1752 3671 1817 φέ-

2106 1864 2219 1918 ρειν
2260 1845 2360 1909 τὰς
2412 1844 2730 1916 ὑπολήψεις.
2775 1843 2937 1897 Ἀλλὰ
2982 1842 3226 1912 ἀφείσθω
3274 1839 3443 1893 τοῦτο.
3484 1839 3556 1891 Τὸ
3618 1838 3669 1892 δ’

2103 1937 2313 1991 ἐκεῖθεν
2345 1939 2594 2007 φάσκειν,
2626 1937 2662 1991 ἃ
2704 1939 2802 2009 τὴν
2851 1935 3027 2008 ψυχὴν
3062 1935 3311 2001 κακύνει,
3345 1933 3427 1987 ἐπ’
3486 1932 3666 2002 αὐτὴν

2103 2030 2279 2100 ἥκειν,
2305 2028 2493 2103 ὥσπερ
2524 2032 2630 2085 τινὶ
2653 2029 2934 2098 ἀναγκαίῳ
2968 2029 3155 2099 κλήρῳ
3190 2027 3268 2098 τῷ
3324 2025 3494 2079 αὐτῶν
3524 2025 3661 2094 σχήο

2108 2140 2262 2193 ματι,
2300 2123 2416 2186 πῶς
2456 2124 2516 2176 ού
2567 2122 2902 2183 παντάπασι,
2959 2121 3097 2191 μετά
3152 2119 3243 2171 τοῦ
3280 2119 3452 2170 νοσεῖν
3498 2117 3657 2172 ἀθεό-

2103 2233 2262 2287 τητα,
2295 2217 2390 2269 καὶ
2432 2218 2554 2279 ταῖς
2598 2216 2850 2269 ἀπάντων
2912 2213 3237 2285 ἀνθρώπων,
3298 2212 3413 2265 ὅσοι
3478 2210 3666 2277 νόμοις

2106 2310 2348 2378 ἄγονται,
2372 2307 2572 2372 δόξαις,
2604 2306 2699 2360 καὶ
2734 2309 2855 2370 ταῖς
2883 2305 3039 2375 ὑμῶν
3090 2305 3269 2359 αὐτῶν
3322 2302 3673 2372 mite-puoca-

2104 2417 2230 2463 τους
2259 2398 2588 2469 ἀποφαίνει;
2639 2396 2867 2467 Ἀγαθὸν
2898 2398 3002 2467 μὲν
3024 2392 3117 2452 οῦν
3162 2393 3301 2450 εἶναι
3367 2394 3458 2448 τὸν
3510 2393 3673 2463 Θεὸν,

2106 2492 2207 2543 οὐκ
2253 2488 2321 2542 ἂν
2376 2489 2469 2542 ἐπὶ
2508 2486 2764 2540 τοσοῦτον
2785 2487 2983 2549 κακίας
3034 2487 3216 2555 οίομαί
3267 2502 3390 2537 τινα
3448 2484 3671 2549 ἐλάσαι,

2110 2581 2184 2652 μὴ
2209 2580 2499 2635 κατάθεσιν
2522 2578 2727 2634 δοῦναι.
2765 2578 2888 2642 Πῶς
2920 2575 3013 2633 οῦν
3063 2580 3128 2632 ἐκ
3164 2576 3257 2631 τοῦ
3303 2575 3507 2645 ἀγαθοῦ
3569 2577 3668 2645 γέ-

2106 2673 2234 2726 νοιτ’
2262 2672 2326 2726 ἂν
2350 2670 2417 2725 τὰ
2436 2672 2609 2736 κακά;
2633 2672 2695 2725 Εἰ
2725 2670 2800 2743 μὴ
2851 2670 2960 2742 ἀρα
2984 2671 3049 2723 σὺ
3079 2671 3173 2724 καὶ⁹
3203 2670 3264 2723 τὸ
3289 2672 3401 2741 πῦρ
3461 2670 3673 2741 ψύχους

2107 2764 2277 2818 αἴτιον
2306 2765 2525 2834 φήσαις,
2556 2766 2649 2817 καὶ
2679 2764 2740 2817 τὸ
2783 2781 2897 2833 φως
2926 2764 3174 2826 σκότους.
3232 2762 3371 2815 Ἀλλ’
3415 2762 3511 2832 οὐχ
3541 2765 3679 2833 ὀμο-

2108 2856 2256 2923 λογεῖ
2284 2855 2439 2909 τοῦτο
2467 2856 2787 2923 ὑγιαίνουσα
2814 2855 3089 2923 αἴσθησις.
3122 2854 3187 2907 Τί
3215 2854 3271 2908 δὲ
3301 2856 3395 2909 καὶ
3436 2856 3677 2924 γράφεις

2110 2946 2272 3014 νόμον
2327 2945 2485 3008 δίκας
2523 2948 2635 3009 τοῖς
2668 2943 2894 3014 φαύλοις
2934 2943 3225 3016 ὁρίζοντας
3263 2944 3325 2999 El
3388 2943 3495 3015 γὰρ
3558 2946 3678 3006 τοῖς

2109 3038 2217 3091 τῶν
2270 3037 2517 3108 ἀστέρων
2578 3039 2980 3107 σχηματισμοῖς
3039 3036 3355 3104 ἀναγκαίως
3407 3038 3440 3105 ή
3494 3036 3679 3089 τοιάδε

2110 3128 2430 3199 προαίρεσις
2466 3126 2794 3197 συνηνέχθη,
2841 3128 2893 3180 τί
2948 3126 3105 3197 δίκην
3147 3122 3300 3191 οὗτος
3344 3127 3673 3196 είσπράττε-

2106 3238 2218 3282 ται,
2258 3221 2398 3290 ὑπὲρ
2430 3212 2493 3273 οὗ
2540 3219 2635 3273 καὶ
2695 3219 3008 3288 βουληθέντι
3055 3221 3248 3288 φυγεῖν
3306 3217 3406 3288 τὴν
3448 3218 3676 3289 πρᾶξιν,

2107 3312 2206 3365 ούκ
2230 3307 2297 3381 ἦν
2332 3311 2505 3373 ἄλλως
2536 3310 2828 3379 γενέσθαι;
2864 3310 3049 3381 Ὁρᾷς,
3078 3310 3227 3373 ὅπως
3276 3308 3415 3379 μετά
3463 3309 3556 3362 τοῦ
3599 3310 3677 3379 μὴ

2110 3404 2304 3469 σώζειν
2336 3405 2435 3474 τὴν
2458 3402 2578 3474 Θεῷ
2607 3404 2925 3473 πρέπουσαν
2972 3403 3151 3469 δόξαν,
3180 3403 3275 3456 καὶ
3309 3402 3383 3456 τὰ
3409 3402 3537 3473 ύμῖν
3587 3403 3682 3455 60-

2106 3495 2330 3561 κοῦντα,
2359 3494 2692 3560 καταλύετε;
2734 3495 2897 3563 Ἡμῖν
2927 3494 3003 3558 δὲ,
3039 3493 3229 3565 ὥσπερ
3270 3493 3505 3563 εἴρηται,
3542 3492 3681 3547 κάλ-

2106 3587 2260 3641 λιστά
2288 3604 2346 3640 τε
2402 3586 2682 3657 νομίζεται
2720 3584 2856 3639 Θεοῦ
2909 3586 3391 3657 δημιουργήματα,
3452 3586 3549 3639 καὶ
3604 3586 3676 3637 τὶ

2107 3679 2367 3733 κάλλιστα
2412 3681 2586 3732 ποιεῖν
2630 3679 2730 3748 τὴν
2797 3678 3008 3731 οἰκείαν
3062 3677 3379 3749 πληροῦντα
3428 3676 3679 3747 λειτουρ-

2107 3771 2251 3839 γίαν,
2274 3770 2342 3839 ἢν
2379 3767 2438 3834 ἐξ
2462 3770 2637 3839 ἀρχῆς
2670 3769 2912 3835 διέταξεν
2940 3770 2968 3822 ό
2998 3769 3440 3840 Δημιουργήσας.
3483 3768 3681 3836 Ὑμεῖς

2105 3865 2183 3924 δὲ,
2232 3865 2331 3917 οὐκ
2380 3858 2475 3917 οἷδ’
2525 3864 2553 3917 ὅ
2598 3880 2651 3916 τι
2714 3860 2927 3926 δοκοῦν,
2972 3854 3033 3914 οῦ
3064 3862 3191 3931 (μὲν
3233 3862 3595 3932 ἀναφαίρετος
3643 3863 3681 3931 ἡ

2106 3953 2257 4024 τιμὴ,
2287 3954 2475 4007 τοῦτον
2533 3953 3048 4025 πειρᾶσθεταύτης
3106 3954 3555 4025 ἀποχειροτονεῖν,
3594 3946 3685 4017 οἷς

2106 4046 2292 4098 δὲούδ’
2336 4044 2516 4099 ὁτιοῦν
2571 4046 2793 4115 μέτεστι
2849 4047 3075 4117 ταύτης,
3134 4046 3211 4111 ὡς
3259 4048 3446 4109 αὐτοῖς
3486 4046 3685 4114 διαφέ-

2108 4154 2303 4208 ρουσαν
2327 4137 2643 4201 ἀνατίθετε.¹
2667 4138 2731 4190 Τί
2764 4138 2857 4191 οῦν
2904 4141 3165 4209 ἐχέγγυον
3188 4140 3467 4206 λαϐόντες,
3521 4138 3681 4201 θείας

2105 4232 2242 4285 αὐτὰ
2256 4231 2421 4302 τιμῆς
2436 4231 2669 4297 ἀξιοῦτε;
2687 4233 2853 4285 Ποίαν
2865 4230 2921 4284 δὲ
2934 4231 3181 4300 δύναμιν,
3198 4231 3231 4302 ἢ
3249 4229 3368 4300 Θεῷ
3387 4246 3682 4300 προσμαρ-

2104 4325 2370 4393 τυρεῖται,
2386 4323 2820 4394 κατανοήσαντες
2846 4324 2904 4375 έν
2934 4324 3116 4385 αὐτοῖς
3142 4321 3513 4391 προσηγορίας
3540 4338 3683 4389 μετ-

427 4409 512 4465 eis
544 4408 864 4465 tribuistis?
913 4409 1243 4480 Splendidus
1300 4420 1384 4466 est
1435 4413 1518 4467 sol
1576 4413 1700 4477 iste,
1743 4414 2003 4485 vitalique

2109 4413 2254 4467 έδοτε
2285 4432 2299 4481 ;
2323 4414 2591 4485 Λαμπρὸς
2634 4407 2790 4477 οὗτος
2820 4416 2846 4467 ὁ
2870 4414 3041 4484 ἥλιος,
3072 4414 3165 4467 καὶ
3192 4412 3487 4481 ζωογόνους
3510 4412 3683 4474 ἐνιεὶς

429 4501 646 4557 actione
672 4501 955 4571 prmditus.
982 4502 1194 4556 Eximia
1220 4503 1335 4557 haec
1377 4515 1523 4570 sunt,
1559 4506 1899 4578 planumque
1924 4508 2003 4565 fa-

429 4590 602 4656 ciunt,
643 4590 815 4646 solem
848 4590 990 4645 inter
1012 4606 1098 4646 res
1124 4602 1337 4649 creatas
1368 4594 1627 4649 eximium
1648 4597 1828 4653 locum
1855 4600 2002 4655 obti-

426 4696 578 4737 nere.
613 4682 719 4737 Sed
762 4689 916 4736 tanta
964 4697 1075 4737 non
1103 4691 1253 4751 sunt,
1295 4695 1354 4739 ut
1391 4686 1459 4741 ad
1492 4688 1833 4745 divinitatem
1879 4708 2005 4748 eve-

427 4771 580 4825 hant.
608 4771 691 4825 An
724 4787 834 4827 non
864 4771 1092 4827 cernitis
1115 4811 1130 4836 ,
1169 4773 1391 4841 quantis
1437 4774 1720 4844 subiaceat
1754 4777 2001 4833 affectio-

427 4860 625 4913 nibus?
658 4861 776 4925 Quo
818 4862 943 4929 jure
981 4862 1116 4917 tales
1150 4862 1377 4920 allectus
1405 4873 1459 4919 et
1502 4868 1832 4923 mutationes
1891 4870 2001 4925 Deo

428 4949 775 5020 assignabis?
808 4953 891 5008 An
950 4970 1061 5009 non
1116 4952 1336 5020 videtis,
1371 4957 1647 5025 quomodo
1693 4960 1837 5014 actio
1882 4960 2003 5029 ejus

427 5042 826 5112 dispertiatur?
856 5045 927 5099 At
952 5061 1073 5115 quae
1097 5061 1233 5102 sana
1265 5061 1421 5101 mens
1456 5049 1620 5102 ullam
1656 5051 2002 5118 partitionem

426 5132 483 5186 in
535 5132 645 5190 Deo
681 5135 912 5191 statuit?
965 5137 1267 5194 Diversitas
1294 5147 1474 5192 autem
1517 5142 1802 5210 temporis,
1838 5159 2001 5212 quam

426 5243 596 5284 cursu
628 5246 731 5287 suo
758 5232 946 5298 ellicit,
989 5236 1264 5305 quomodo
1292 5250 1398 5289 non
1435 5244 1490 5288 et
1515 5236 1633 5305 ipsa
1662 5238 2000 5305 servitutem,

425 5336 591 5391 quam
624 5325 816 5387 servit,
846 5328 1120 5382 testatur?
1154 5328 1296 5395 Quid
1328 5330 1475 5386 enim
1504 5332 1614 5385 Deo
1640 5345 1777 5399 opus
1805 5340 1890 5386 est
1920 5332 2004 5385 lo-

425 5426 617 5467 corum
670 5415 1011 5482 diversitate,
1065 5426 1123 5471 ut
1156 5420 1278 5488 .jam
1328 5422 1457 5489 hoc,
1487 5421 1615 5492 :jam
1665 5422 1811 5477 aliud
1842 5425 2001 5494 agat?

425 5505 567 5571 Quin
602 5514 657 5560 et
695 5522 788 5576 per
812 5508 925 5562 haec
956 5508 1073 5578 ipsa
1114 5519 1325 5567 tantum
1355 5530 1460 5571 non
1512 5530 1697 5571 vocem
1728 5515 1875 5583 edit;
1906 5516 2001 5571 sed

428 5596 580 5653 surdi
615 5612 736 5653 eam
770 5614 878 5653 non
908 5599 1229 5658 exaudiunt.

498 5688 672 5755 Quam
724 5688 1106 5746 inenarrabilis
1145 5699 1229 5749 est
1264 5692 1428 5759 ratio,
1481 5697 1823 5773 qua‘sidcra
1872 5708 2003 5755 sunt

2110 4506 2413 4577 ἐνεργείας.
2464 4506 2747 4578 Ἐξαίρετα
2778 4507 2971 4572 ταῦτα,
3017 4506 3109 4559 καὶ
3144 4506 3411 4576 μαρτυρεῖ
3442 4505 3684 4573 κτισμεὶ⁹

2107 4617 2216 4653 των
2244 4600 2404 4653 αὑτὸν
2452 4595 2591 4653 εἶναι
2640 4599 2940 4669 ἐξαίρετον.
2982 4597 3121 4651 Ἀλλ’
3174 4598 3274 4650 οὐκ
3315 4598 3392 4660 είς
3420 4596 3684 4666 θειότητά

2108 4691 2271 4745 ποθεν
2294 4691 2634 4755 ἀναϐιϐάζει.
2663 4692 2773 4761 Οὐχ
2788 4692 2973 4761 ὁρᾶτε,
2997 4684 3077 4753 οἷς
3106 4689 3402 4741 ὑποπίπτει
3434 4686 3678 4752 πάθεσι;

2114 4782 2225 4835 Ποῦ
2256 4782 2302 4834 δ’
2324 4783 2471 4835 ὅσιον
2498 4782 2670 4845 πάθος
2694 4782 3023 4853 προσνέμειν
3047 4780 3166 4851 Θεῷ
3192 4796 3207 4844 ;
3229 4780 3342 4849 Ούχ
3368 4779 3552 4848 ὁρᾶτε.
3585 4794 3682 4847 με-

2112 4875 2401 4947 ριζομένην
2423 4875 2584 4929 αὐτοῦ
2602 4876 2698 4947 τὴν
2722 4876 3022 4947 ὲνέργειανς
3046 4874 3155 4927 Ποῦ
3172 4873 3229 4925 δὲ
3253 4872 3446 4942 φρενὸς
3467 4868 3681 4935 ὑγιοῦς,

2113 4966 2370 5037 μεριστὸν
2401 4968 2459 5020 ὲν
2497 4967 2617 5039 θεία
2649 4967 2810 5037 φύσει
2844 4970 3019 5032 νοεῖν;
3065 4964 3137 5019 Τὸ
3167 4964 3226 5018 δὲ
3285 4962 3539 5034 διάφορον
3567 4960 3682 5013 τῶν

2109 5058 2288 5128 ὡρῶν,
2317 5057 2384 5123 ἃς
2413 5058 2492 5130 τῷ
2538 5058 2780 5129 διαφόρῳ
2826 5058 3013 5130 δρόμῳ
3064 5058 3229 5122 ποιεῖ,
3261 5054 3379 5120 πῶς
3408 5054 3529 5124 οὐχὶ
3579 5055 3681 5107 καὶ

2106 5150 2266 5202 τοῦτο
2295 5151 2394 5221 τὴν
2438 5151 2681 5205 δουλείαν
2730 5151 2893 5204 αὑτοῦ
2930 5150 3167 5221 βεδαιοῖ;
3207 5149 3273 5203 Τί
3299 5147 3407 5219 γὰρ
3452 5147 3532 5200 δεῖ
3558 5144 3684 5214 Θεῷ

2111 5240 2293 5295 τόπων
2346 5243 2632 5314 διαφορᾶς,
2674 5242 2764 5295 ἵνα
2802 5241 2897 5295 νῦν
2938 5242 3036 5313 μὲν
3068 5241 3248 5306 τοῦτο,
3272 5239 3368 5293 νῦν
3414 5238 3458 5291 δ’
3502 5237 3685 5289 ἐκεῖνο

2109 5333 2343 5402 ποιήσῃς
2396 5332 2568 5387 Ἀλλά
2623 5331 2716 5385 καὶ
2748 5330 2837 5385 διὰ
2892 5331 3099 5384 τούτων
3155 5326 3435 5400 μονονουχὶ
3493 5321 3683 5394 φωνὴν

2110 5424 2354 5496 ἀφίησινο
2384 5425 2598 5477 ἐπαΐειν
2618 5424 2676 5477 δὲ
2699 5422 2807 5494 ἀρα
2835 5424 2897 5476 οὐ
2927 5422 3185 5476 δύνανται
3224 5420 3274 5473 οἱ
3307 5416 3502 5487 κωφοί.

2190 5702 2277 5767 Ὠς
2306 5701 2613 5773 ἀπόρρητος
2643 5702 2797 5769 λόγος
2823 5698 3180 5771 δημιουργίας
3208 5696 3409 5765 αὐτῶν,
3440 5698 3536 5758 τὰς
3561 5692 3679 5747 δια-
