4070 6206
302 300 399 360 181

1251 299 1529 364 ORATIO
1557 302 1678 364 XV-
1713 328 1781 339 —
1827 302 1907 364 IN
1935 303 2191 367 OMNES
2231 309 2578 371 SANCTOS.

3420 310 3522 375 182

297 408 492 476 φόρους
528 405 816 476 ἐπιτρέπει
851 406 1202 476 μεταϐάσεις,
1226 411 1305 473 εἰς
1329 410 1590 481 ἐργασίαν
1630 411 1731 483 τῆς
1752 413 1862 468 τῶν

1976 425 2270 485 ποθι-θεία.
2324 417 2499 475 Variis
2529 416 2946 473 transitionibus
2977 424 3030 472 et
3056 418 3448 476 mutationibus
3469 437 3532 477 ea

297 491 453 564 ὡρῶν
483 495 768 559 εὐταξίας.
811 495 1139 567 Θαυμαστόν
1185 517 1240 553 τι
1284 501 1380 554 καὶ¹
1423 502 1620 572 σελήνη
1653 504 1864 575 χρῆμα,

298 589 388 642 καὶ
416 586 661 658 χορηγὸς
688 586 999 658 ἀνθρώποις
1030 589 1372 660 θαυμασίων,
1405 592 1767 649 λευκαίνουσά
1807 614 1866 650 τε

296 681 353 734 τδ
380 678 711 749 σκυθρωπὸν
740 679 842 749 τῆς
886 681 1099 747 νυκτὸς,
1134 685 1228 738 καὶ
1256 685 1393 739 ἀλλα
1422 685 1559 741 ἄττα
1607 687 1866 742 διοικονο-

301 771 575 844 μουμένη,
617 771 736 826 ἀλλ’
766 773 1022 843 ὁμολογεῖ
1070 775 1164 828 καὶ
1186 776 1324 848 αὐτὴ
1349 777 1448 847 τὴν
1480 779 1742 845 δουλείαν,
1773 782 1869 834 καὶ

299 865 568 918 σιωπῶσα
589 865 690 936 τὴν
719 865 922 921 ἔνδειαν
945 866 1235 938 κέκραγεν.
1270 865 1364 932 Οἷς
1387 870 1486 941 μὲν
1520 871 1868 939 λαμϐάνουσα

301 956 632 1026 μεταδίδωσι
663 953 762 1009 τοῦ
810 956 1007 1025 φωτὸς,
1035 953 1115 1020 οἷς
1143 957 1189 1012 δ’
1227 959 1287 1012 ού
1343 958 1718 1030 λαμϐάνουσα,
1769 963 1870 1017 οὐκ

295 1049 434 1118 ἔχει,
505 1047 558 1101 τί
608 1047 844 1118 μεταδῷ.
896 1049 1286 1120 Συμπληροῦσί
1312 1067 1376 1119 γε
1427 1051 1532 1123 μὴν
1585 1051 1662 1123 τῷ
1708 1053 1871 1106 παντὶ

292 1141 494 1212 χρείαν
523 1141 620 1194 καὶ
644 1141 934 1212 φωστῆρες
963 1141 1134 1195 ἄλλοι.
1172 1143 1560 1214 Συμπληροῦσι
1601 1144 1645 1198 δ’
1676 1144 1775 1215 οὐχ
1803 1146 1871 1217 ἢν

293 1237 322 1287 ό
354 1233 596 1303 μάταιος
621 1232 805 1288 δίδωσι
839 1233 1020 1300 λόγος,
1044 1233 1154 1288 οὐδ’
1182 1233 1251 1304 ἢν
1273 1234 1574 1305 ἀποκληροῖ
1597 1236 1809 1300 τούτοις
1835 1237 1869 1306 ἡ

293 1326 484 1393 πλάνη
518 1325 859 1391 δεσποτείαν,
894 1326 1008 1380 ἀλλ’
1039 1326 1380 1397 ύπηρετικήν
1405 1343 1528 1381 τινα
1572 1327 1729 1381 τοῦδε
1772 1327 1869 1382 τοῦ

292 1417 508 1480 παντὸς
532 1417 918 1487 διακόσμησιν.
963 1419 1056 1490 Μὴ
1101 1418 1202 1489 τὴν
1234 1418 1514 1487 εὐγένειαν
1552 1419 1872 1490 ἀφαιρεῖσθε

293 1507 552 1572 ἑαυτοὺς,
591 1509 658 1578 ἢν
689 1509 832 1578 χειρὶ
859 1508 994 1562 Θεοῦ
1024 1509 1286 1572 πλασθεὶς
1321 1511 1610 1581 τετίμηται
1659 1510 1873 1582 ἀνθρωο

296 1618 422 1664 πος,
470 1601 564 1654 καὶ
603 1601 746 1654 οὕτω
770 1601 956 1665 κακῶς
982 1601 1178 1670 ἀγαθοὶ
1210 1602 1388 1656 δοῦλοι
1434 1604 1751 1674 κτισμάτων
1784 1603 1872 1673 γί-

294 1691 484 1757 νεσθε,
522 1692 598 1763 μὴ
641 1693 743 1762 τῆς
769 1692 1142 1764 προαιρέσεως
1192 1693 1252 1746 τὸ
1283 1693 1568 1767 ἐλεύθερον
1610 1695 1873 1749 καταδου-

1968 509 2250 573 instruxit,
2277 521 2334 564 ut
2357 511 2620 580 temporis
2643 509 2983 579 aptissimum
3007 507 3252 566 ordinem
3278 510 3534 566 efﬁciant.

1967 599 2120 655 Luna
2163 600 2350 656 itidem
2394 616 2484 656 res
2535 601 2696 670 plane
2729 609 2814 656 est
2865 600 3205 667 admiranda,
3245 617 3540 673 rerumque

1969 698 2370 753 admirabilium
2419 697 2835 767 suppeditatrix,
2883 712 3006 767 qua:
3039 697 3217 752 noctis
3244 698 3538 768 caliginem

1969 791 2227 856 illustrat,
2253 797 2310 844 et
2362 789 2415 844 id
2461 806 2635 860 genus
2681 790 2788 843 alia
2831 791 3000 844 multa
3048 797 3290 859 praestat.
3337 789 3442 846 Sed
3485 800 3538 845 et

1976 882 2092 952 ipsa
2121 880 2440 937 servitutem
2474 895 2627 934 suam
2656 879 2872 945 fatetur,
2905 889 2958 934 et
2987 879 3134 933 clara
3159 894 3296 934 voce
3325 889 3536 950 egesta-

1969 981 2081 1028 tem
2115 987 2271 1029 suam
2306 979 2671 1036 contestatur,
2720 971 2849 1026 dum
2892 971 3096 1029 lumen.
3132 972 3276 1041 quod
3313 971 3533 1042 accipit,

1969 1061 2358 1127 communicat,
2382 1071 2456 1126 et,
2487 1061 2532 1118 si
2562 1060 2699 1114 nihil
2730 1060 2950 1115 aliunde
2979 1067 3182 1124 sumat,
3213 1060 3351 1115 nihil
3381 1075 3534 1114 com-

1969 1152 2234 1207 municat.
2289 1151 2410 1205 Alia
2456 1166 2673 1222 quoque
2725 1150 2852 1206 coeli
2911 1150 3091 1205 sidera
3149 1150 3353 1204 mundo
3409 1151 3537 1204 huic

1971 1241 2335 1298 ministerium
2365 1258 2524 1298 suum
2547 1241 2804 1297 exhibent
2833 1259 2848 1306 ;
2877 1239 3021 1309 quod
3052 1247 3234 1295 tamen
3265 1254 3373 1294 non
3400 1254 3534 1293 Cou-

1971 1335 2114 1390 sistit
2139 1335 2193 1390 in
2223 1350 2290 1390 eo
2323 1334 2504 1399 modo,
2537 1348 2700 1404 quem
2728 1348 2869 1387 rana
2903 1333 3046 1388 ratio
3076 1331 3535 1389 comminiscitur.

1972 1442 2147 1496 neque
2184 1426 2239 1480 in
2275 1432 2567 1497 potestate,
2615 1439 2781 1495 quam
2829 1439 2988 1479 error
3019 1423 3099 1478 eis
3132 1423 3355 1477 ascribit
3388 1465 3403 1488 ,
3439 1423 3535 1478 sed

1970 1516 2025 1570 in
2055 1514 2310 1570 facultate
2334 1515 2565 1586 quadam
2596 1515 2723 1571 huic
2744 1531 2926 1570 rerum
2954 1514 3296 1569 universitati
3319 1516 3540 1570 subser-

1970 1607 2177 1662 viendi.
2213 1606 2290 1662 Ne
2331 1609 2694 1678 vosmetipsos
2741 1607 2986 1676 spolietis
3031 1607 3192 1660 insita
3234 1606 3536 1669 nobilitate,

1971 1713 2078 1769 qua
2106 1697 2368 1753 Conditor
2394 1697 2668 1752 hominem
2695 1698 3000 1752 exornavit.
3033 1695 3111 1751 Ne
3147 1705 3256 1749 tam
3290 1696 3536 1765 improbe

295 1785 479 1840 λοῦτε.
505 1785 639 1838 Τίνα
656 1784 766 1856 γὰρ
797 1785 1110 1856 ἔχειλόγον,
1149 1785 1341 1858 ἄρχειν
1364 1788 1465 1858 τῆς
1498 1789 1557 1841 ὲν
1589 1789 1724 1859 ἡμῖν
1768 1787 1868 1840 αύ-

1976 1789 2022 1844 in
2044 1797 2419 1846 creaturarum
2447 1789 2763 1846 servitutem
2787 1788 3121 1844 concedatis.
3152 1786 3339 1858 Neque
3368 1787 3536 1842 liber-

294 1877 582 1942 τεξουσίου
615 1877 816 1948 ὁρμῆς,
851 1877 888 1931 ἀ
919 1879 1294 1952 προαιρέσεως
1341 1881 1594 1952 ἀμοιρεῖ;
1630 1880 1773 1933 Ἀλλ’
1799 1875 1868 1951 ἦν

294 1971 408 2040 ἄρα
461 1968 560 2023 καὶ
601 1967 759 2023 τοῦτο
792 1969 1106 2034 ἀκόλουθον,
1157 1973 1577 2036 ἐκπεπτωκότας
1607 1972 1705 2042 τῆς
1732 1970 1867 2025 Θεοῦ

295 2062 659 2133 οἰκειότητος,
694 2062 788 2114 καὶ
829 2063 976 2130 σφῶν
995 2062 1175 2116 αὐτῶν
1198 2064 1468 2118 ἐκπεσεῖν.
1514 2061 1628 2116 Ἰνα
1660 2063 1736 2134 μὴ
1771 2063 1870 2132 μό-

296 2171 385 2206 νον
420 2153 586 2218 Θεοῦ,
641 2153 780 2207 ἀλλά
813 2155 909 2207 καὶ
950 2153 1158 2208 ἑαυτῶν
1188 2154 1348 2218 ὄντας
1388 2154 1866 2224 ἀλλοτριωτάτους,

297 2245 656 2299 παντάπασιν
677 2245 1016 2317 ἀϐοηθήτους
1035 2245 1194 2309 ὄντας
1218 2247 1250 2317 η
1272 2245 1447 2316 πλάνη
1472 2245 1866 2318 ἀνδραποδίζοι,

295 2336 442 2405 πρὸς
473 2336 746 2407 μηδεμίαν
779 2337 1002 2407 ἔχοντας
1034 2337 1371 2408 ἐπιστροφὴν
1395 2339 1725 2406 ἀνενεγκεῖν.
1758 2338 1871 2391 Οὐκ

297 2431 515 2500 ἀπέχρη
541 2429 613 2495 δ’,
645 2429 723 2493 ὡς
766 2429 936 2496 ἔοικε,
975 2431 1037 2484 τὸ
1065 2433 1122 2484 ὲν
1163 2431 1357 2500 ἀγνοίᾳ.
1399 2425 1539 2484 εἶναι
1587 2429 1747 2500 μόνον
1777 2429 1870 2482 τοῦ

297 2521 456 2583 ϐντος
480 2519 642 2586 Θεοῦ,
689 2520 806 2573 ἀλλ’
861 2521 911 2573 εἰ
940 2519 1032 2572 καὶ
1075 2519 1150 2590 μὴ
1178 2519 1360 2590 πλήθη
1391 2518 1528 2574 θεῶν
1578 2519 1870 2590 ὲξεύροιτε,

296 2612 459 2665 οὐδέν
479 2629 532 2666 τι
559 2611 704 2681 μέγα
731 2609 905 2682 ᾠεσθε
937 2611 1305 2682 διανοηθῆναι.
1365 2611 1458 2675 Ὠς
1505 2611 1598 2664 καὶ
1632 2611 1727 2664 νῦν
1751 2611 1872 2663 ἐπι-

294 2703 532 2756 τάσσετε
583 2701 744 2764 θεοὺς
796 2703 982 2772 τιμᾷν.
1041 2703 1134 2754 Δεῖ
1174 2701 1308 2771 γὰρ,
1354 2701 1430 2763 ὡς
1468 2700 1633 2766 ἔοικε,
1693 2700 1872 2771 πλήθη

296 2795 444 2848 θεῶν
479 2794 792 2864 ὲφιστάνειν
836 2795 1004 2865 ὑμᾶς,
1039 2795 1126 2847 ἵνα
1150 2794 1224 2864 μὴ
1263 2793 1376 2847 τῶν
1410 2793 1874 2864 ἐπιτροπευόντων

296 2887 562 2959 ἀσθενείᾳ
588 2888 758 2957 κάμοι
785 2887 855 2940 τά
883 2889 1205 2959 πράγματα.
1249 2888 1408 2940 Ἀλλὰ
1437 2889 1621 2953 κακῶς
1654 2888 1751 2958 μὲν
1776 2891 1874 2959 τῆς

297 2977 544 3048 ἀληθοῦς
572 2977 830 3047 γνώσεως
857 2978 992 3032 Θεοῦ
1016 2979 1420 3050 παρηνέχθητε,
1450 2979 1585 3034 πολὺ
1610 2979 1666 3033 δὲ
1695 2981 1876 3050 χεῖρον

299 3070 359 3123 τὸ
394 3071 456 3124 ἓν
481 3070 586 3140 τῆς
611 3070 888 3142 θεότητος,
922 3072 1001 3134 είς
1029 3070 1230 3140 πλῆθος
1252 3069 1635 3141 ἀπομερίζετε.
1679 3070 1870 3138 Ἀφθο-

1970 1890 2134 1937 tatem
2163 1883 2377 1938 arbitrii
2411 1883 2466 1936 in
2493 1884 2810 1938 servitutem
2842 1881 3089 1952 redigite.
3122 1882 3239 1947 Qua
3273 1880 3418 1936 enim
3448 1895 3537 1933 ra-

1970 1973 2117 2029 tione
2149 1972 2320 2027 astrni
2355 1979 2553 2042 potest,
2587 1986 2649 2025 ea
2674 1986 2796 2040 qua:
2843 1971 3014 2026 libero
3051 1971 3280 2025 arbitrio
3329 1977 3538 2036 carent,

1965 2060 2058 2131 jus
2097 2071 2151 2118 et
2182 2069 2509 2132 potestatem
2561 2062 2615 2115 in
2672 2069 2921 2116 nostrum
2970 2061 3204 2116 liberum
3246 2060 3536 2115 arbitrium

1971 2154 2209 2210 habere?
2255 2155 2327 2208 At
2369 2167 2711 2222 consequens
2745 2161 2863 2207 erat
2902 2159 2985 2215 ut,
3027 2163 3317 2224 postquam
3365 2168 3396 2207 a
3446 2151 3538 2208 Dei

1970 2244 2340 2301 familiaritate
2359 2253 2412 2300 et
2433 2244 2822 2314 conjunctione
2854 2243 3198 2307 exciderant,
3224 2243 3539 2298 exciderent

1970 2352 2190 2408 quoque
2232 2353 2263 2392 a
2308 2338 2637 2406 semetipsis,
2685 2351 2741 2392 et
2781 2351 2892 2391 non
2941 2341 3118 2392 soluat
3148 2351 3177 2390 a
3210 2335 3338 2400 Deo,
3370 2334 3464 2390 sed
3508 2350 3537 2388 τι

1971 2432 2166 2502 seipsis
2197 2431 2518 2487 alienissimi
2547 2431 2911 2496 efﬁcerentur,
2944 2441 3004 2485 ut
3040 2430 3190 2486 omni
3229 2445 3330 2499 ope
3367 2428 3540 2484 desti-

1972 2531 2116 2580 tutos
2143 2538 2301 2579 error
2332 2523 2507 2594 magis
2549 2524 2605 2578 in
2652 2523 3024 2594 captivitatem
3062 2520 3359 2590 abriperet,
3390 2519 3540 2574 nullo

1972 2615 2212 2684 penitus,
2261 2629 2371 2684 quo
2420 2629 2480 2669 se
2530 2613 2857 2684 reciperent,
2893 2610 3143 2682 perfugio
3177 2609 3390 2665 relicto.
3423 2607 3541 2663 Non

1971 2706 2278 2763 sufﬁciebat
2301 2715 2478 2761 autem
2504 2705 2683 2769 vobis,
2703 2713 2762 2759 ut
2789 2702 3026 2766 videtur,
3049 2701 3359 2771 ignorantia
3381 2699 3544 2755 unius

1971 2807 2026 2855 et
2049 2799 2164 2853 veri
2193 2799 2307 2864 Dei,
2335 2799 2427 2854 sed
2452 2799 2555 2853 nisi
2586 2797 2859 2868 ingentem
2891 2797 3116 2850 deorum
3140 2794 3546 2850 multitudinem

1972 2888 2391 2957 excogitaretis,
2446 2889 2583 2942 nihil
2624 2887 2784 2944 laude
2852 2888 3075 2956 dignum
3129 2901 3229 2942 vos
3278 2886 3546 2955 reperisse

1973 2981 2390 3036 existimabatis.
2422 2979 2574 3046 Quos
2592 2981 2756 3037 etiam
2787 2989 2847 3036 ut
2881 2981 3214 3036 bonoremus
3244 2979 3545 3050 imperatis.

1977 3071 2206 3144 Oportet
2235 3072 2380 3128 enim
2405 3085 2523 3137 vos,
2552 3081 2611 3127 ut
2630 3079 2874 3143 apparet,
2911 3087 3164 3141 magnum
3190 3069 3413 3125 deorum
3440 3083 3546 3124 nu-

299 3163 424 3219 νίαν
453 3163 568 3235 γάρ
589 3161 728 3216 θεῶν
751 3163 1192 3233 ἀνευρίσκοντες,
1229 3163 1311 3225 εἰς
1337 3161 1399 3215 τὸ
1415 3161 1692 3227 παντελῶς
1715 3161 1872 3216 άθεον

1976 3181 2184 3220 merum
2217 3166 2380 3220 rebus
2408 3162 2705 3235 praeficere,
2740 3177 2808 3218 ne
2835 3169 3151 3216 curatorum
3178 3169 3232 3215 et
3252 3159 3546 3231 praesidum

301 3252 684 3326 περιίστασθε.
719 3253 889 3307 Παντὶ
916 3252 1016 3322 μὲν
1040 3247 1217 3324 οἶμαι,
1243 3251 1320 3322 τῷ
1354 3251 1486 3322 περὶ
1513 3250 1647 3304 Θεοῦ
1719 3251 1873 3304 ἀδιαο

301 3345 551 3416 στρόφου
612 3344 824 3408 ἐννοίας
881 3342 1109 3408 σώζοντι
1143 3343 1342 3414 χρῆναι
1407 3343 1873 3414 ἀνομολογεῖσθαι,

299 3435 583 3506 ἀπροσδεῆ
613 3452 674 3488 τε
701 3429 841 3488 εἶναι
871 3435 961 3488 τὸν
992 3435 1142 3500 Θεὸν,
1179 3435 1275 3488 καὶ
1301 3436 1394 3487 ἐπὶ
1427 3435 1603 3488 πάντα
1627 3433 1726 3505 τὴν
1775 3435 1874 3487 αὑ-

300 3523 400 3576 τοῦ
441 3523 696 3592 ἐξαρκεῖν
718 3521 971 3593 δύναμιν,
998 3523 1192 3594 μηδενὶ
1220 3525 1415 3595 πέρατι
1445 3523 1790 3595 ὁριζομένην.
1814 3523 1877 3577 Εἰ

310 3617 416 3684 μὲν
449 3611 549 3668 οὖν
575 3615 797 3685 τοιαύτη
836 3632 920 3678 τις
947 3614 1125 3669 ἔννοια
1161 3617 1288 3686 ὑμῖν
1315 3616 1736 3686 ὲνέσπαρται.τί
1765 3633 1879 3669 κοι-

302 3709 514 3770 νωνοὺς
549 3706 698 3777 αὐτῷ
746 3707 847 3778 τῆς
871 3707 1117 3774 ἐξουσίας
1170 3707 1504 3778 προσνέμετε
1535 3725 1550 3774 ;
1578 3707 1794 3761 Μᾶλλον
1821 3708 1879 3762 δὲ

304 3801 426 3864 sub;
455 3800 521 3853 οὐ
574 3799 769 3868 γέλως,
811 3801 1095 3854 κοινωνίαν
1142 3799 1405 3864 ἐξουσίας¹
1443 3799 1754 3870 δωρεῖσθαι,
1797 3796 1879 3862 οἷς

305 3892 433 3944 κατ’
453 3889 610 3944 οὐδὲν
638 3891 790 3942 ἔσται
834 3889 1040 3960 ταύτης
1095 3889 1362 3960 μετέχειν,
1396 3890 1650 3944 ἁπάντων
1671 3891 1776 3945 ὑπὸ
1801 3892 1880 3962 τῷ

305 3981 518 4054 πρώτῳ
565 3981 1114 4053 περιδεδραγμένων;
1171 3981 1235 4035 Εἰ
1276 3980 1318 4034 δ’
1359 3982 1388 4033 ὃ
1415 3981 1465 4033 τί
1501 3998 1630 4034 ποτε
1657 3981 1880 4054 πρώτην

305 4072 488 4142 ἀρχὴν
510 4071 708 4135 οἴεσθε,
729 4072 828 4124 εἷθ’
851 4073 879 4126 ὁ
907 4071 1110 4135 ὕπατος
1129 4073 1256 4143 ὑμῖν
1280 4074 1436 4140 Ζεὺς,
1463 4075 1572 4127 εἴτε
1597 4093 1680 4138 τις
1697 4075 1876 4142 ἀλλος,

303 4166 372 4217 οὐ
393 4165 629 4235 διαρκής
665 4167 781 4217 ἐστι
813 4164 935 4218 καθ’
969 4165 1152 4231 αὑτὸν,
1190 4166 1286 4219 καὶ
1323 4167 1411 4221 διὰ
1451 4167 1630 4232 τοῦτο,
1661 4167 1741 4221 δεῖ
1769 4185 1881 4222 κοι-

305 4257 517 4317 νωνοὺς
547 4253 734 4308 λαϐεῖν
778 4255 942 4308 αὑτὸν
995 4255 1093 4325 τῆς
1132 4257 1327 4328 ἀρχῆς,
1369 4257 1486 4321 πῶς
1514 4257 1578 4311 ἂν
1606 4259 1691 4328 εῐη
1725 4259 1878 4323 Θεὸς,

303 4346 370 4408 ὃς
395 4344 797 4416 παραπλησίως
817 4343 1124 4414 ἀνθρώποις
1141 4346 1240 4399 οὑκ
1263 4346 1688 4419 ἀποκεχώρηκεν
1715 4349 1881 4403 ἀσθε-

1976 3256 2349 3312 imbecillitate
2389 3269 2478 3310 res
2501 3255 2642 3310 male
2679 3253 3154 3308 administrentur.
3177 3253 3351 3306 Porro
3385 3264 3548 3320 prave

1974 3351 2193 3418 quidem
2228 3363 2257 3401 ιι
2291 3362 2423 3404 vera
2455 3347 2546 3403 Dei
2577 3347 2889 3418 cognitione
2919 3345 3137 3400 abducti
3173 3343 3330 3400 estis.
3364 3343 3548 3414 Longe

1973 3457 2105 3497 vero
2148 3440 2303 3511 pejus
2342 3440 2604 3494 unitatem
2640 3438 2735 3493 Dei
2782 3438 2840 3492 in
2872 3437 3060 3507 plures
3091 3434 3368 3492 secuistis.
3413 3432 3547 3486 Nam

1977 3549 2074 3604 per
2123 3533 2489 3588 introductam
2544 3531 2774 3587 deorum
2823 3531 3037 3600 copiam
3094 3529 3148 3582 in
3218 3527 3544 3581 atbeismum

1978 3625 2313 3683 incurristis.
2357 3624 2607 3678 Arbitror
2654 3637 2893 3692 namque
2945 3635 3160 3676 omnem
3207 3619 3383 3681 illum,
3453 3617 3549 3686 qui

1977 3715 2444 3770 existimationem
2478 3713 2546 3769 de
2574 3712 2684 3768 Deo
2707 3719 3102 3782 competentem
3137 3709 3399 3774 custodit,
3417 3723 3550 3764 eou-

1979 3808 2118 3863 fiteri
2149 3807 2367 3873 debere,
2397 3805 2566 3861 Deum
2595 3805 2799 3861 nullius
2825 3819 2947 3859 esse
2978 3802 3242 3874 indigum.
3266 3811 3319 3857 et
3356 3809 3552 3872 poten-

1981 3901 2107 3954 tiam
2131 3897 2252 3968 ejus
2299 3898 2468 3954 nullis
2491 3897 2740 3953 terminis
2761 3894 3256 3965 circumscriptam,
3281 3894 3347 3948 ad
3369 3893 3551 3946 omnia

1981 3991 2246 4047 sufﬁcere.
2297 3989 2354 4046 Si
2397 3991 2561 4060 igitur
2585 3987 2899 4058 hujusmodi
2930 3989 2997 4043 de
3036 3985 3144 4042 Deo
3172 3986 3366 4041 notitia
3398 4000 3550 4039 men-

1980 4084 2126 4138 tibus
2171 4081 2369 4138 vestris
2411 4088 2497 4137 est
2545 4080 2711 4136 insita
2742 4121 2759 4146 ,
2800 4096 2900 4135 cur
2949 4079 3132 4136 socios
3179 4078 3462 4148 potestatis
3503 4078 3551 4132 ei

1981 4175 2319 4246 adjungitis?
2350 4173 2445 4230 Vel
2470 4173 2655 4245 potius
2677 4173 2954 4244 quomodo
2983 4172 3273 4228 ridiculum
3311 4185 3417 4225 non
3445 4179 3552 4235 est,

1981 4268 2419 4322 communionem
2447 4267 2733 4336 potestatis
2755 4265 2936 4336 largiri
2967 4265 3073 4329 his,
3097 4263 3187 4334 qui
3215 4263 3378 4330 huius
3409 4261 3555 4314 nullo

1983 4356 2152 4413 modo
2188 4364 2418 4426 possunt
2442 4371 2567 4411 esse
2600 4355 2906 4425 participes,
2942 4355 3141 4424 quippe
3168 4351 3425 4406 omnibus
3454 4350 3556 4404 sub

305 4437 485 4502 νείας,
524 4437 640 4490 ἀλλ’
671 4437 750 4500 εὶς
773 4435 842 4488 τά
864 4435 1143 4503 δοκοῦντα,
1175 4437 1346 4490 δεῖται
1374 4438 1468 4490 τοῦ
1493 4440 1875 4511 ἐπικουρήσον-

1985 4449 2162 4518 primo
2203 4449 2297 4502 illo
2340 4462 2524 4502 rerum
2576 4455 2802 4516 parente
2842 4443 3293 4514 comprehensis?
3320 4440 3474 4507 Quod
3506 4440 3552 4494 si

302 4546 427 4594 τοςς
473 4527 507 4598 ἦ
534 4527 650 4590 πῶς
687 4527 972 4598 συνάρχειν
997 4529 1216 4598 ἐτέρους
1251 4528 1686 4596 ὲγκαθιστῶντες
1707 4532 1894 4604 αὐτῷ,

305 4623 407 4690 οὐχ
441 4621 562 4690 ἅμα
594 4637 652 4672 τε
679 4620 869 4673 τοῦτον
921 4620 1020 4690 τῆς
1066 4621 1240 4692 ἀρχῆς
1290 4621 1630 4694 ἀφαιρεῖσθε,
1666 4624 1761 4677 καὶ
1787 4625 1881 4688 οὒς

308 4713 605 4784 συνάρχειν
633 4710 1002 4774 καθίστασθες
1056 4713 1119 4765 Εἰ
1157 4712 1256 4779 μὲν
1305 4713 1415 4784 γὰρ
1444 4713 1644 4778 πάντες
1682 4716 1882 4784 ὁμοίως

305 4804 558 4873 ἄρξουσι,
594 4803 645 4856 τί
670 4802 862 4856 τούτου
890 4803 1108 4873 μᾶλλον,
1134 4804 1166 4874 ἢ
1199 4805 1422 4858 ἐκείνων
1453 4807 1486 4875 ἠ
1524 4807 1695 4878 ἀρχή;
1729 4807 1790 4859 Εἰ
1814 4807 1871 4858 δὲ

308 4895 384 4965 μὴ
418 4897 625 4958 πάντες
653 4897 877 4966 ὁμοίως,
930 4897 1046 4960 πῶς
1076 4899 1134 4950 ὲν
1163 4893 1207 4966 ᾦ
1241 4899 1663 4970 ύποϐεϐήκασιν,
1698 4901 1794 4953 οὐκ
1825 4900 1883 4952 ὲν

302 4990 369 5056 τῇ
397 4985 516 5040 τῶν
547 4987 868 5057 ἀρχομένων
895 4987 1003 5042 εἷεν
1029 4990 1244 5060 μερίδι;
1274 4992 1341 5043 Ὃ
1363 4991 1418 5043 δὲ
1444 4991 1517 5061 μὴ
1556 4992 1732 5061 ἄρχει,
1766 4989 1882 5052 πῶς

298 5080 370 5134 ἄν
398 5082 488 5147 4η
521 5081 690 5146 Θεός;
721 5082 907 5145 Οὕτως
943 5083 1068 5153 ὑμῖν
1111 5083 1171 5136 τὸ
1199 5082 1356 5136 ἄθεον
1383 5083 1461 5153 τῷ
1491 5083 1733 5154 πολυθέῳ
1759 5100 1884 5135 συν-

301 5174 532 5244 έρχεται
561 5187 574 5200 ⁸
623 5172 879 5244 ούδιμῶς
898 5173 989 5227 οῦν
1019 5174 1123 5246 χρὴ
1154 5175 1234 5237 είς
1258 5173 1461 5244 πλῆθος
1483 5177 1544 5228 τὸ
1570 5175 1724 5229 Θεῖον
1751 5175 1885 5228 ἀπο-

303 5264 580 5336 μερίζειν,
610 5266 734 5319 ούδὲ
764 5266 825 5332 ἐξ
855 5261 914 5320 οὗ
944 5269 1058 5330 τοῖς
1087 5267 1268 5329 ἄλλοις
1309 5271 1343 5338 ἡ
1380 5268 1584 5337 μετοχὴ
1610 5266 1705 5320 τοῦ
1740 5267 1876 5332 ἑνὸς,

299 5356 520 5410 ἐκεῖθεν
559 5357 669 5428 γὰρ
705 5358 923 5412 κάτεισι
961 5357 1021 5411 τὸ
1049 5359 1109 5411 ἒν
1137 5361 1196 5411 ἐν
1225 5361 1338 5423 τοῖς
1372 5360 1705 5423 σκεδαστοῖς,
1729 5359 1885 5412 τοῦτο

297 5453 658 5522 ἀποστερεῖν,
675 5451 704 5503 ὃ
724 5450 908 5503 δίδωσι
929 5453 1040 5514 τοῖς
1060 5451 1262 5515 ἄλλοις.
1286 5453 1378 5524 Μὴ
1397 5455 1590 5524 τομαῖς
1609 5453 1669 5505 τὸ
1686 5453 1886 5506 ὲνιαῖον

299 5543 403 5610 τῆς
441 5542 768 5613 κυριότητος
800 5542 1153 5598 ὑποϐάλλετε.
1183 5543 1356 5615 Μηδὲ,
1379 5543 1440 5597 τὺ
1474 5545 1575 5614 μέν
1601 5562 1651 5598 τι
1681 5545 1884 5616 ταύτης

303 5635 690 5707 ὑπερκεῖσθαι,
744 5637 808 5690 τὸ
859 5635 905 5690 δ’
953 5635 1352 5708 ύποϐεϐηκέναι
1409 5638 1715 5708 νομίζοιτε;
1749 5638 1884 5709 μηδὲ

301 5725 631 5799 ἀφελόμενοι
657 5726 756 5782 τοῦ
784 5727 1016 5782 Κτίστου
1046 5727 1142 5806 τὴν
1195 5730 1583 5801 προσκύνησιν,
1633 5732 1742 5794 τοῖς
1768 5731 1881 5784 κτί-

1983 4541 2168 4611 aliquo
2198 4538 2417 4594 tandem
2449 4536 2611 4591 modo
2642 4538 2875 4606 primum
2907 4534 3260 4604 principium,
3283 4532 3398 4588 sive
3419 4531 3552 4586 illud

1983 4633 2058 4687 sit
2105 4645 2395 4701 supremus
2439 4628 2672 4700 Jupiter,
2705 4630 2822 4684 sive
2852 4629 2999 4683 aliud
3038 4627 3322 4698 quiddam,
3353 4625 3554 4680 virtute

1984 4723 2286 4778 sufﬁciente
2310 4737 2404 4792 per
2429 4738 2488 4776 se
2513 4735 2623 4775 non
2651 4721 2838 4790 pollet,
2864 4730 2918 4775 et
2949 4720 3021 4776 ob
3059 4719 3110 4774 id
3144 4718 3356 4788 imperii
3389 4717 3556 4772 sociis

1983 4822 2126 4881 eget,
2173 4810 2448 4882 quomodo
2489 4811 2631 4865 Deus
2675 4812 2804 4876 erit,
2845 4811 2943 4881 qui
2991 4811 3167 4866 instar
3201 4807 3480 4862 hominum
3525 4821 3555 4859 a

1984 4905 2271 4975 potestatis
2291 4911 2344 4958 et
2366 4903 2561 4957 virium
2594 4903 2974 4958 imbecillitate
3004 4917 3112 4956 non
3134 4908 3216 4956 est
3251 4906 3553 4969 exemptus,

1983 4996 2076 5050 sed
2115 4995 2179 5049 ad
2211 5010 2297 5060 ea,
2335 5009 2457 5064 qua:
2501 4995 2728 5064 exsequi
2772 4993 2983 5058 statuit,
3029 4991 3371 5061 adjutoribus
3418 5006 3558 5060 opus

1983 5085 2190 5140 habet?
2218 5083 2282 5137 Et
2303 5082 2578 5154 quomodo
2601 5098 2723 5138 cum
2753 5081 2934 5138 socios
2953 5079 3164 5150 imperii
3193 5079 3242 5134 ei
3267 5077 3559 5135 constitui-

1984 5179 2077 5242 tis,
2123 5192 2231 5230 non
2264 5176 2430 5232 simul
2477 5185 2530 5231 et
2575 5176 2721 5230 hunc
2754 5175 2984 5244 imperio
3019 5172 3271 5243 privatis,
3310 5181 3364 5226 et
3411 5170 3556 5235 illos,

1984 5285 2123 5340 quos
2171 5269 2220 5324 ei
2269 5269 2628 5339 opitulatores
2673 5266 3026 5337 adjungitis?
3077 5264 3134 5319 Si
3179 5264 3324 5320 enim
3365 5279 3560 5318 omnes

1984 5361 2267 5432 :equaliter
2304 5361 2592 5430 imperent,
2621 5375 2722 5413 cur
2766 5358 2932 5425 hujus
2989 5371 3153 5428 quam
3198 5356 3346 5412 illius
3383 5355 3560 5424 magis

1986 5452 2056 5506 sit
2086 5449 2374 5520 imperium
2405 5450 2430 5502 ?
2459 5449 2528 5502 At
2568 5450 2614 5504 si
2657 5462 2850 5503 omnes
2895 5462 3004 5502 non
3044 5447 3319 5520 gaudeant
3360 5446 3555 5516 aequali

1988 5543 2238 5612 imperio,
2260 5540 2537 5610 quomodo
2557 5554 2621 5594 ea
2647 5539 2858 5594 ratione
2874 5555 2982 5610 qua
3009 5549 3139 5596 sunt
3163 5540 3422 5604 minores,
3445 5553 3554 5592 non

1989 5635 2361 5690 censebuntur
2393 5633 2446 5688 in
2481 5647 2671 5688 eorum
2703 5632 2797 5702 qui
2833 5633 3068 5689 subsunt
3102 5633 3379 5688 numero?
3409 5631 3554 5697 Quo-

1987 5728 2146 5784 modo
2167 5726 2308 5784 Deus
2334 5735 2438 5794 est,
2469 5725 2562 5796 qui
2591 5741 2698 5782 non
2728 5736 2920 5795 praeest
2946 5726 2969 5781 ?
2995 5725 3071 5783 lta
3098 5725 3318 5784 tandem
3347 5724 3552 5780 atheis-
