3952 6210
508 283 609 347 183

1733 246 2003 335 Leonis
2030 273 2489 335 PHILOSOPHI

3614 260 3722 336 184
3822 292 3831 303 ι

505 410 653 450 mum
699 392 1015 461 nullumque
1059 390 1225 445 Deum
1266 404 1391 443 cum
1444 388 1670 443 deorum
1715 386 2091 445 multitudine

2196 403 2333 456 μασι
2348 386 2550 457 ταύτην
2568 385 2757 440 δίδοτε.
2777 385 3156 456 ’Δναδλέψατε,
3168 384 3461 457 ἅνθρωποι,
3478 385 3732 456 λογισμῷ

504 483 773 541 miscetis.
808 482 987 548 Quare
1019 482 1169 536 nullo
1215 482 1380 537 modo
1411 479 1766 536 dividendum
1810 489 1893 535 est
1934 479 2072 533 dirl—

506 591 635 630 num
666 573 877 629 Numen
910 575 965 627 in
996 573 1174 643 plura,
1211 588 1387 642 neque
1417 572 1492 636 id,
1517 572 1658 628 unde
1683 572 1803 627 aliis
1830 585 2072 626 commu-

504 667 598 720 nio
646 666 876 720 unitatis
908 674 1094 718 manat
1125 665 1272 733 (inde
1315 665 1458 718 enim
1496 664 1565 718 ad
1599 679 1710 729 res,
1744 679 1863 733 qua:
1888 664 2073 733 plures

503 766 557 812 et
596 757 858 825 dispersa:
887 766 1034 822 sunt,
1071 758 1251 811 unitas
1276 756 1444 824 venit)
1485 771 1583 825 par
1612 764 1698 812 est
1733 758 1949 826 privare
1986 770 2071 824 eo,

504 848 652 919 quod
680 847 909 919 largitur
932 846 1075 902 aliis.
1109 844 1297 915 Neque
1320 846 1711 915 partitionibus
1738 856 1792 901 et
1814 848 2075 902 sectioni-

509 942 611 996 bus
636 940 898 995 unitatem
931 938 1323 992 dominationis
1353 938 1628 1007 subjicite,
1659 954 1833 1009 neque
1864 949 2073 1010 partem

514 1030 635 1099 ejus
663 1031 1020 1099 superiorem,
1058 1037 1266 1099 partem
1302 1042 1428 1082 vero
1478 1028 1787 1083 inferiorem
1816 1045 1935 1085 esse
1959 1031 2076 1084 exi-

510 1122 751 1184 stimate,
784 1135 961 1189 neque
989 1118 1235 1173 detracto
1268 1132 1298 1170 a
1329 1118 1590 1174 Creatore
1629 1121 1813 1176 debito
1843 1122 1993 1175 cultu
2022 1130 2079 1176 et

512 1211 852 1277 adoratione,
907 1227 1026 1267 eam
1075 1215 1347 1268 creaturis
1398 1214 1643 1271 tribuite.
1696 1214 1995 1285 Respicite,
2046 1230 2080 1271 ο

511 1309 790 1369 mortales,
811 1306 868 1359 in
887 1305 1108 1360 cmlum.
1136 1304 1359 1369 Discite,
1382 1307 1509 1375 quis
1531 1307 1728 1362 caelum
1755 1306 2080 1362 extenderit.

508 1395 644 1459 Quis
696 1395 852 1463 quasi
906 1392 1149 1448 siderum
1188 1393 1419 1449 ﬂoribus
1472 1395 1605 1450 illud
1654 1397 1901 1450 variarit.
1948 1396 2083 1462 Quis

508 1486 813 1540 luminibus
845 1485 952 1539 illis
980 1484 1229 1539 ordinem
1255 1487 1674 1556 praascripserit.
1708 1487 1841 1552 Quis
1869 1490 2085 1542 univer-

510 1577 726 1631 sitatem
798 1577 939 1630 hanc
1002 1577 1288 1631 ordinarit.
1345 1577 1481 1642 Quis
1549 1578 1915 1634 immensitate
1972 1593 2086 1634 suae

512 1667 752 1721 scientim
793 1683 881 1722 res
914 1683 1105 1722 omnes
1140 1675 1250 1722 tam
1282 1668 1554 1723 concinne
1592 1668 1970 1738 disposuerit:
2013 1671 2085 1725 ita

511 1766 571 1811 ut
616 1774 713 1827 per
748 1758 867 1828 ejus
917 1760 1379 1830 elegantissimam
1433 1760 1872 1830 dispositionem,
1921 1761 2078 1831 quasi

511 1864 608 1915 per
669 1851 1139 1907 ordinatissimum
1193 1853 1422 1907 chorum
1479 1854 1747 1922 sapientia
1802 1853 2081 1909 Creatoris

512 1938 853 2006 decantetur,
896 1951 950 1997 et
985 1944 1434 2013 praestantissima
1475 1960 1703 2015 quaeque
1736 1945 1879 1999 dona
1919 1946 2083 2002 homo

514 2033 792 2103 percipiat.
831 2032 1032 2090 Discite
1068 2036 1203 2101 haec,
1243 2044 1297 2091 et
1336 2038 1618 2106 repudiato
1654 2052 1834 2092 rerum
1867 2046 2084 2093 creata-

514 2140 631 2177 rmn
677 2127 848 2192 cultu,
891 2126 1091 2184 discite
1126 2143 1381 2198 magnum
1412 2129 1609 2183 divina:
1659 2129 2085 2198 dispensationis

512 2215 655 2267 circa
676 2215 922 2271 homines
946 2217 1284 2287 mysterium.
1305 2218 1587 2284 Quomodo
1611 2228 1828 2289 propter
1845 2220 2077 2275 salutem

514 2307 792 2361 hominum
824 2309 967 2365 Deus
996 2310 1159 2364 homo
1186 2311 1364 2365 factus
1394 2312 1485 2366 sit.
1521 2311 1586 2364 Et
1610 2314 1881 2380 quomodo
1904 2329 2074 2380 mors,

2171 480 2252 542 είς
2277 479 2367 532 τὸν
2398 479 2627 549 οὐρανόν
2653 495 2667 509 ⁸
2694 480 3059 549 καταμάθετε,
3088 480 3171 541 τίς
3194 480 3222 532 6
3250 477 3488 543 τανύσας
3520 479 3688 532 αὐτόν
3714 497 3730 510 ο

2170 570 2255 633 τίς
2285 572 2314 623 6
2335 571 2586 634 ποικίλας
2623 570 2785 625 αὐτὸν
2841 571 2917 642 τῷ
2958 570 3190 642 ἀστρῴῳ
3219 571 3400 639 άνθει,
3434 572 3517 635 τίς
3545 574 3575 625 6
3613 571 3737 625 δια-

2171 661 2337 727 τάξας
2364 661 2562 731 δρόμον
2612 665 2929 732 φωστῆρσι,
2980 662 3066 725 τίς
3116 663 3151 741 6.
3206 660 3431 731 θέμενος
3475 659 3631 725 τάξιν
3657 660 3741 731 τῷ

2172 755 2337 809 παντὶ
2360 796 2373 820 ,
2403 755 2488 819 τίς
2512 757 2541 809 6
2574 755 2788 825 ἀπείρῳ
2821 756 3104 828 ἐπιστήμῃ
3133 753 3272 807 οὕτω
3298 756 3410 815 τοίς
3442 756 3609 807 πᾶσιν
3640 754 3741 822 ἀρα

2176 847 2368 917 μονίαν
2395 846 2641 915 θέμενος,
2669 842 2821 921 δι’ἦς
2848 847 3037 918 ὥσπερ
3066 845 3398 917 τεταγμένου
3420 846 3582 918 χοροῦ
3603 847 3638 916 ἧ
3672 863 3738 898 τε

2177 940 2339 1009 σοφία
2362 939 2457 993 τοῦ
2479 940 2809 1011 Ποιήσαντος
2836 941 3222 1008 ἀναφωνεῖται,
3256 939 3350 992 καὶ
3377 940 3445 993 τά
3472 940 3744 994 κάλλιστα

2177 1031 2402 1085 πλουτεῖ
2426 1030 2734 1100 ἄνθρωπος.
2765 1029 3128 1099 Καταμάθετε
3155 1027 3347 1093 ταῦτα,
3397 1028 3491 1081 καὶ
3527 1026 3746 1090 τούτοις

2177 1121 2573 1185 ἀνανεύσαντες
2595 1121 2695 1191 τῆς
2725 1120 2834 1174 τῶν
2872 1119 3186 1190 κτισμάτων
3232 1117 3497 1181 δουλείας,
3538 1117 3743 1187 μάθετε

2178 1215 2240 1269 τὸ
2275 1215 2418 1285 μέγα
2438 1214 2537 1285 τῆς
2571 1214 2701 1282 περὶ
2730 1212 3053 1283 ἀνθρώπους
3076 1209 3391 1279 οἰκονομίας
3439 1209 3747 1279 μυστήριον

2179 1310 2273 1363 τοῦ
2301 1307 2436 1361 Θεοῦ
2463 1348 2478 1373 ,
2511 1307 2630 1370 πῶς
2676 1307 2772 1378 μέν
2796 1305 2885 1360 διὰ
2918 1303 3191 1374 σωτηρίαν
3237 1300 3553 1372 ἀνθρώπου,
3607 1300 3749 1363 Θεὸς

2182 1399 2470 1470 ἄνθρωπος
2495 1398 2722 1467 γίνεται,
2755 1396 2870 1459 πῶς
2903 1396 2948 1449 δ’
2970 1398 2998 1450 6
3031 1395 3277 1458 θάνατος,
3304 1393 3364 1446 δν
3383 1392 3584 1462 χλεύην
3617 1409 3739 1445 ποι-

2182 1490 2349 1555 εῖσθε,
2386 1488 2530 1558 ζωῆς
2547 1487 2866 1551 αἰτιώτατος
2886 1487 3127 1556 γέγονεν,
3151 1484 3403 1539 ἀσθένεια
3426 1486 3555 1554 ὑμῖν
3576 1483 3737 1548 ἔδοξε,

2184 1584 2264 1646 τὸ,
2292 1581 2679 1653 προσηλῶσθαι
2708 1580 2945 1651 σταυρῷ,
2969 1579 3063 1633 καὶ
3088 1578 3192 1649 μὴν
3224 1578 3435 1646 ἄμαχος
3463 1576 3558 1629 τοῦ
3586 1594 3745 1629 σταυ-

2190 1673 2282 1746 ροῦ
2314 1675 2346 1743 ἡ
2374 1673 2623 1742 δύναμις.
2662 1672 2816 1742 "Apta
2848 1688 2907 1724 τε
2930 1670 3037 1740 γὰρ
3071 1668 3302 1737 σταυρὸς
3333 1668 3625 1736 ἐπεπήγει,
3654 1665 3748 1719 καὶ

2182 1763 2293 1816 τῶν
2314 1763 2444 1833 παρ’
2474 1762 2629 1833 ὑμῶν
2653 1760 2958 1831 σεῦομένων
2983 1758 3296 1829 δαιμονίων,
3321 1755 3378 1820 ἐξ
3406 1756 3617 1809 ἐκείνου
3648 1754 3751 1824 μέ-

2184 1872 2276 1926 χρι
2306 1855 2398 1908 καὶ
2421 1852 2535 1920 νῦν,
2556 1856 2590 1923 ἡ
2623 1853 2853 1923 δύναμις
2883 1851 3144 1921 ὑπολήγει
3167 1865 3183 1882 ·
3215 1849 3458 1911 ἐκεῖνοςὸ
3490 1846 3751 1908 θάνατος,

2185 1948 2247 2001 τὸ
2283 1946 2480 2019 πικρὸν
2500 1946 2594 1999 τοῦ
2637 1945 2887 2012 Θανάτου,
2911 1945 2992 2008 είς
3020 1942 3335 2013 γλυκύτητα
3365 1940 3752 2010 μετενήνοχεν,

2187 2040 2263 2102 ὡς
2287 2039 2382 2093 καὶ
2403 2036 2497 2092 νῦν
2522 2039 2656 2108 ἡμίν
2700 2034 2810 2092 οἷόν
2837 2054 2890 2090 τι
2943 2035 3118 2105 γλυκὺ
3166 2034 3317 2104 πόμα
3343 2032 3408 2086 δι’
3454 2030 3759 2101 ἐπιθυμίας

2189 2133 2327 2197 ἐστὶ,
2372 2131 2440 2185 δι’
2465 2128 2634 2187 αὐτοῦ
2669 2130 2807 2203 πρὸς
2848 2129 2992 2199 ζωὴν
3026 2129 3465 2199 μεταϐαίνουσιν,
3496 2124 3758 2192 ὼςεὺερ-

2184 2223 2351 2292 γέτην
2377 2223 2754 2292 προσμένομεν
2796 2220 2986 2287 αὐτὸν,
3017 2222 3099 2274 ὅτι
3120 2220 3215 2273 τοῦ
3240 2218 3467 2288 πηλίνου
3513 2212 3757 2286 μετοικί-

2186 2312 2293 2376 ζων
2328 2311 2581 2381 σκήνους,
2610 2314 2690 2374 εἰς
2713 2311 2813 2374 τὰς
2832 2312 3113 2381 οὐρανίους
3130 2307 3491 2378 ἐγκατοικίζει
3524 2302 3755 2373 σκηνάς.

514 2413 675 2468 quam
721 2416 819 2457 vos
867 2403 1051 2457 irrisui
1095 2412 1149 2457 et
1192 2401 1493 2473 despicatui
1544 2404 1779 2471 habetis,
1830 2406 1901 2461 sit
1952 2406 2077 2460 vitae
2103 2420 2293 2460 causa.
2326 2403 2658 2459 lnﬁrmitatis
2689 2404 2808 2458 loco
2837 2403 3095 2469 duxistis,
3152 2402 3299 2472 quod
3351 2399 3500 2455 cruci
3557 2396 3755 2455 afﬁxus

515 2502 618 2550 est.
659 2497 823 2566 Atqui
874 2497 1261 2566 insuperabilis
1304 2505 1388 2553 est
1421 2497 1600 2553 crucis
1643 2499 1843 2556 virtus.
1896 2500 2072 2555 Simul
2104 2508 2269 2571 atque
2296 2500 2441 2555 enim
2473 2514 2609 2553 crux
2642 2497 2746 2553 fixa
2777 2505 2883 2563 est,
2908 2498 2975 2552 ab
2999 2513 3065 2553 eo
3130 2506 3409 2552 momento
3457 2509 3635 2564 usque
3685 2495 3754 2547 ad

516 2604 753 2657 praesens
793 2598 1006 2657 tempus
1053 2595 1295 2656 potestas
1344 2587 1675 2652 daemonum,
1731 2591 1825 2659 qui
1862 2606 1890 2643 a
1928 2592 2085 2646 vobis
2113 2591 2453 2653 colebantur,
2484 2589 2669 2645 desiit.
2715 2588 2817 2643 llla
2871 2602 3023 2644 mors
3076 2586 3495 2641 amaritudinem
3560 2586 3758 2639 mortis

517 2685 570 2736 in
596 2681 938 2737 dulcedinem
980 2683 1158 2746 vertit,
1186 2697 1307 2751 quae
1334 2689 1391 2736 et
1422 2698 1568 2737 nunc
1602 2691 1863 2753 tanquam
1916 2686 2174 2756 poculum
2225 2693 2448 2757 gustatu
2482 2684 2639 2739 valde
2676 2682 3003 2753 jucundum,
3063 2680 3224 2736 nobis
3270 2689 3357 2736 est
3408 2682 3463 2735 in
3525 2681 3753 2750 optatis,

519 2783 704 2846 utpote
733 2777 890 2846 cujus
921 2777 1232 2831 interventu
1269 2776 1336 2830 ad
1372 2778 1537 2831 vitam
1577 2778 1900 2844 transimus,
1933 2789 1987 2835 et
2030 2788 2091 2835 ut
2115 2780 2183 2836 de
2233 2780 2389 2835 nobis
2440 2778 2581 2833 bene
2625 2783 2923 2833 merentem
2996 2784 3401 2845 exspectamus,

3475 2774 3606 2844 quia
3690 2787 3757 2827 ex

519 2870 666 2923 luteo
707 2869 1057 2922 tabernaculo
1102 2868 1329 2923 eductos
1364 2868 1437 2922 ad
1479 2878 1714 2926 aeternas
1739 2866 1915 2939 isedes
1964 2872 2219 2928 traducit.

591 2956 716 3013 Haec
735 2967 1033 3029 martyrum
1056 2960 1327 3030 quispiam
1358 2961 1675 3030 prolocutus
1699 2962 1905 3017 invicto
1923 2964 2089 3018 animi

522 3047 739 3113 robore,
786 3047 1103 3118 disertaque
1143 3056 1195 3104 et
1229 3050 1391 3104 docta
1426 3050 1683 3106 facundia
1713 3054 1926 3123 tyranni
1951 3054 2085 3108 iram

2268 2958 2437 3018 Εῐπέν
2463 2982 2547 3028 τις
2576 2963 2746 3018 ταῦτα
2779 2961 2888 3016 τῶν
2916 2959 3234 3033 μακαρίων,
3271 2955 3502 3026 γενναίῳ
3532 2956 3631 3026 μὲν
3651 2974 3759 3010 πα-

2199 3058 2529 3127 ραστήματι,
2560 3054 2768 3125 εὑλάλῳ
2811 3054 2870 3108 δὲ
2893 3054 2984 3107 καὶ
3013 3054 3148 3121 σοφῇ
3182 3054 3247 3121 τῇ
3275 3050 3514 3118 γλώσσῃ,
3548 3046 3761 3101 καὶτοῦ

522 3139 791 3205 accendit,
827 3140 1031 3209 quibus
1061 3141 1204 3211 quod
1242 3144 1621 3212 responderet,
1665 3146 1802 3199 nihil
1832 3154 2089 3215 suppete-

2196 3150 2456 3216 τυράννου
2487 3145 2747 3209 ἐξέκαυσε
2804 3144 2896 3197 τὸν
2945 3142 3135 3212 θυμὸν,
3172 3136 3254 3203 οἷς
3307 3140 3585 3193 ἀντειπεῖν
3629 3137 3755 3205 ἠπό-

524 3230 635 3283 bat.
671 3231 736 3283 Et
768 3230 856 3285 ubi
885 3241 1172 3294 tormenta,
1206 3232 1608 3289 vociferabatur
1636 3235 1660 3288 ?
1698 3236 1800 3291 Ubi
1832 3235 2040 3305 flagella
2072 3236 2095 3290 ?

524 3317 834 3373 Afferantur
879 3327 1033 3375 τοίω.
1083 3310 1494 3378 lnﬂammentur
1542 3323 1817 3381 fornaces.
1888 3325 1954 3378 Et
2009 3326 2095 3382 his

526 3419 780 3481 tanquam
808 3428 1019 3481 aurum,
1048 3431 1239 3472 aureas
1267 3434 1393 3473 vere
1417 3418 1637 3485 pietatis
1665 3420 1951 3492 imagines,
1976 3437 2098 3491 pro-

527 3502 748 3557 babant.
805 3504 938 3570 Quis
982 3522 1172 3561 eorum
1232 3509 1289 3563 in
1349 3510 1715 3580 perpetiendis
1757 3513 2095 3568 cruciatibus

526 3597 897 3650 constantiam
948 3607 1001 3652 et
1046 3600 1396 3654 tolerantiam
1453 3602 1616 3672 digne
1677 3614 2026 3673 repraesentet
2075 3608 2099 3659 ζ’

529 3681 837 3754 Praaparata
870 3696 1021 3742 erant
1060 3689 1424 3745 instrumenta
1452 3693 1518 3745 ad
1542 3693 1823 3750 cruciatus
1855 3695 2096 3750 inferen-

528 3774 629 3829 dos
680 3778 951 3845 apposita.
996 3778 1064 3832 Et
1097 3780 1219 3835 laeto
1252 3782 1428 3847 vultu,
1469 3784 1631 3852 quasi
1673 3786 2014 3841 medicamen
2045 3796 2098 3841 et

529 3862 773 3920 levamen
819 3868 945 3922 inde
988 3871 1296 3939 percepturi
1342 3882 1548 3939 essent,
1605 3874 1863 3929 lictorum
1906 3890 2098 3931 manus

533 3954 907 4023 intuebantur,
956 3962 1109 4027 quasi
1161 3978 1267 4017 non
1304 3973 1596 4031 tormenta,
1630 3965 1727 4020 sed
1763 3967 2098 4037 voluptatem

533 4046 604 4099 ab
637 4046 771 4115 ipsis
803 4061 1203 4119 exspectarent.
1236 4052 1301 4107 Et
1335 4055 1389 4108 hi
1430 4057 1645 4126 quidem
1679 4057 1745 4110 ad
1777 4072 1902 4114 ossa
1930 4074 2101 4128 usque

532 4151 628 4192 eos
658 4136 943 4195 rodebant.
974 4145 1039 4194 At
1067 4144 1167 4209 illi,
1200 4146 1345 4200 sicut
1370 4147 1569 4215 plantae
1601 4148 1651 4201 in
1680 4148 1952 4217 profundo
1982 4150 2102 4219 pin-

531 4228 816 4299 guefactaa,
856 4230 1187 4291 floridiorem
1231 4237 1389 4291 fidem
1428 4239 1808 4293 ostendebant.
1857 4240 2100 4295 Membra

534 4321 642 4375 illis
671 4325 1056 4392 amputabant;
1088 4335 1143 4382 at
1175 4340 1441 4400 martyres
1478 4330 1667 4385 laudes
1702 4330 1813 4386 Deo
1843 4332 2099 4387 decanta-

533 4412 683 4477 bant,
725 4424 777 4467 et
826 4414 953 4483 quia
1000 4416 1296 4487 impietatis
1345 4420 1575 4491 caligine
1611 4420 1934 4501 circumfusi
1990 4438 2097 4476 non

2203 3256 2304 3310 ρει.
2339 3239 2445 3291 Καὶ
2472 3236 2571 3289 ποῦ
2601 3239 2656 3290 αί
2693 3235 3074 3307 στρεϐλώσεις,
3108 3232 3270 3297 ἐ66α;
3308 3230 3417 3285 Ποῦ
3457 3230 3514 3282 δὲ
3547 3230 3606 3282 at
3657 3229 3760 3299 μά-

2203 3347 2419 3398 στιγες;
2461 3328 2807 3398 ’Λχθήτωσαν
2839 3326 2895 3379 δὲ
2951 3326 2999 3378 οἱ
3043 3324 3243 3396 τροχοὶ,
3268 3319 3682 3386 ἐξαπτέσθωσάν
3708 3336 3767 3371 τε

2202 3422 2296 3475 καὶ
2321 3422 2376 3474 αἱ
2419 3420 2660 3489 κάμινοι,
2699 3420 2795 3472 καὶ
2842 3416 3054 3480 τούτοις
3093 3415 3334 3486 ὡσπερεὶ
3377 3413 3599 3485 χρυσὸν,
3642 3413 3764 3474 τοὺς

2202 3512 2435 3583 χρυσοῦς
2465 3512 2631 3574 ὄντως
2655 3511 2979 3582 ἀνδριάντας
3002 3512 3099 3579 τῆς
3122 3508 3400 3569 εὐσεϐείας
3423 3503 3766 3575 ἐδοκίμαζον.

2174 3604 2300 3683 ¹Τίς
2326 3603 2422 3674 τὴν
2464 3603 2600 3674 πρὸς
2648 3604 2718 3655 τά
2746 3602 2893 3655 δεινά
2944 3599 3241 3672 καρτερίαν
3284 3598 3461 3652 αὐτῶν
3494 3596 3765 3665 παραστήσ

2205 3711 2321 3761 σει;
2359 3694 2695 3763 Εὐτρὲπιστο
2724 3693 2793 3744 τὰ
2830 3692 3226 3762 βασανιστήρια
3274 3688 3506 3759 ὄργανα,
3530 3687 3624 3738 καὶ
3649 3686 3761 3753 χαί·

2206 3804 2351 3856 ροντι
2384 3785 2685 3856 προσώπῳ,
2717 3784 2964 3856 καθάπερ
2995 3783 3133 3853 πρὸς
3168 3781 3464 3852 θεραπείαν
3514 3778 3617 3840 τὰς
3655 3776 3767 3829 τῶν

2202 3879 2410 3948 δημίων
2458 3880 2644 3948 χεῖρας
2686 3876 3014 3941 ἀπέϐλεπον,
3050 3874 3238 3944 ὥσπερ
3300 3873 3361 3925 οὑ
3416 3870 3601 3933 πόνου,
3652 3867 3767 3921 αλλ’

2203 3969 2397 4038 ἡδονῆς
2440 3965 2499 4031 ἐξ
2544 3966 2726 4019 αὐτῶν
2762 3965 2929 4035 οῦσης
2972 3964 3364 4035 προσδοκίμου.
3419 3960 3529 4013 Καὶ
3574 3959 3625 4011 οἱ
3671 3960 3769 4027 μὲν

2204 4058 2349 4122 ἔξεον
2383 4059 2574 4128 μέχρις
2596 4057 2817 4111 ὀστέων.
2852 4056 2915 4109 Oi
2948 4056 3024 4122 δὲ,
3054 4055 3240 4124 ὥσπερ
3268 4052 3411 4121 φυτά
3441 4050 3583 4104 κατά
3605 4048 3771 4118 βάθος

2205 4151 2551 4219 πιαινόμενα,
2615 4148 3011 4218 εὐανθεστέραν
3069 4145 3167 4217 τὴν
3232 4145 3416 4197 πίστιν
3470 4142 3771 4195 ἐδείκνυον.

2217 4240 2538 4310 Ἀπέκειρον
2564 4237 2633 4292 τὰ
2662 4237 2822 4308 μέλη.
2859 4238 2925 4289 Oi
2955 4237 3012 4289 δέ
3032 4236 3131 4308 τὴν
3168 4236 3247 4298 είς
3273 4234 3404 4287 Θεὸν
3439 4230 3773 4299 δοξολογίαν,

2206 4332 2455 4403 καθάπερ
2509 4330 2753 4402 καρποὺς
2784 4329 3144 4398 ἀναφέροντες
3171 4371 3184 4394 ,
3230 4322 3311 4389 οἷς
3336 4327 3364 4377 6
3389 4326 3488 4393 τῆς
3518 4323 3775 4383 ἀσεὸείας

2206 4426 2305 4480 οὐκ
2343 4425 2627 4478 ἐπεσκότει
2658 4425 2877 4492 γνόφος,
2912 4422 3231 4492 ὼραιότεροι
3259 4416 3629 4486 ἀνεφαίνοντο.
3673 4414 3775 4467 Καὶ

532 4514 709 4571 erant,
755 4508 1120 4576 speciosiores
1168 4520 1221 4563 et
1260 4511 1584 4581 fulgidiores
1635 4496 1984 4582 apparebant.
2019 4515 2091 4568 Illi

2206 4521 2255 4572 οἱ
2301 4519 2398 4588 μὲν
2427 4516 2825 4587 διεσπάρασσον
2869 4514 3081 4577 όνυξιν”
3142 4513 3191 4563 οἱ
3226 4510 3269 4564 δ’
3307 4496 3514 4576 ἔλεγον,
3561 4509 3769 4559 Λεπτό-

533 4600 750 4668 nngulis
784 4600 1120 4655 lacerabant.
1146 4601 1238 4655 Isti
1263 4618 1391 4656 vero
1419 4606 1729 4658 clamabant
1760 4624 1772 4658 :
1804 4607 2104 4663 Extenuate

533 4691 717 4744 carnis
752 4691 974 4757 molem,
1025 4702 1072 4745 et
1123 4694 1278 4760 quasi
1324 4696 1587 4758 tunicam,
1632 4712 1790 4761 quam
1823 4710 2101 4766 peccatum

536 4797 777 4839 crassam
802 4784 1000 4840 effecit.
1024 4784 1334 4839 Abradatur
1360 4787 1445 4840 his
1471 4788 1849 4845 instrumentis
1876 4792 2103 4857 malitia,

535 4889 643 4943 qua
669 4876 855 4931 divino
886 4880 1038 4948 operi
1085 4878 1356 4948 malignus
1387 4881 1593 4934 nocuit.
1633 4880 1790 4936 Nunc
1823 4884 1952 4937 rlum
1981 4900 2104 4939 ossa

539 4979 707 5019 carne
755 4968 1054 5035 nudantur,
1096 4970 1279 5024 tunica
1324 4970 1439 5036 illa,
1479 4987 1586 5041 qua
1630 4973 1698 5026 ah
1736 4974 1895 5027 initio
1934 4976 2107 5031 induti

539 5074 777 5123 eramus,
812 5064 973 5119 nobis
1018 5065 1203 5135 denuo
1241 5073 1603 5134 praeparetur.
1629 5065 1800 5121 “Nunc
1833 5068 1990 5123 beata
2026 5070 2114 5122 illa

444 5220 450 5226 Α
541 5153 865 5209 constitutio
932 5163 986 5209 et
1049 5157 1340 5226 habitudo,
1401 5174 1563 5229 quam
1638 5175 1736 5229 per
1784 5163 2111 5231 voluptatem

544 5246 843 5312 amisimus,
880 5248 936 5301 in
972 5250 1095 5315 hac,
1126 5268 1247 5320 qum
1272 5252 1428 5305 vobis
1458 5252 1689 5317 videtur,
1716 5262 2110 5309 tormentorum

546 5336 845 5389 acerbitate
878 5339 1034 5394 nobis
1070 5342 1400 5398 restituitur.
1431 5343 1576 5409 Quas
1614 5346 1792 5414 regias
1816 5347 2108 5415 dignitates

547 5432 602 5477 et
626 5440 756 5494 opes
775 5425 1134 5485 libentissime
1161 5449 1267 5488 non
1292 5436 1531 5491 insumat
1551 5437 1675 5506 quis
1700 5446 1755 5491 et
1793 5440 2106 5507 profundat,

547 5526 608 5568 ut
652 5518 797 5573 hunc
845 5526 952 5573 tam
996 5519 1206 5577 felicem
1250 5536 1450 5581 Statum
1504 5537 1792 5596 recuperat
1829 5529 1852 5581 ?
1885 5531 1954 5584 At
2010 5531 2111 5584 hac

546 5609 741 5679 exigua
787 5614 1036 5679 corporis
1069 5616 1215 5671 velut
1244 5634 1502 5689 expensa,
1544 5631 1597 5673 et
1631 5622 1875 5690 impensa
1926 5623 2107 5679 divina

548 5702 638 5757 illa
662 5701 900 5773 dignitas
930 5704 1194 5762 redditur.
1229 5709 1369 5773 Quin
1398 5711 1576 5773 potius
1610 5727 1786 5775 neque
1816 5729 2109 5777 expensam

2209 4627 2335 4662 νατε
2370 4609 2462 4661 τὸν
2492 4609 2591 4677 τῆς
2627 4605 2827 4676 σαρκὸς
2867 4604 3089 4674 χιτῶνα,
3124 4602 3182 4654 ὂν
3222 4602 3255 4669 ἡ
3294 4598 3538 4668 ἁμαρτία
3563 4599 3779 4665 ἐπάχν-

2209 4718 2317 4753 νεν.
2361 4697 2693 4762 Ἀποξεέσθω
2726 4696 2815 4750 διὰ
2842 4695 3048 4748 τούτων
3078 4695 3268 4757 κακία,
3371 4695 3398 4745 6
3443 4690 3680 4759 πονηρὸς
3701 4686 3781 4757 τῷ

2209 4793 2338 4862 θείῳ
2360 4791 2639 4860 ὑφάσματι
2670 4790 2995 4859 ἐλυμήνατο,
3052 4786 3166 4839 Νῦν
3215 4787 3369 4854 ἡμῖν,
3403 4781 3468 4835 δι’
3517 4774 3593 4833 ὧν
3644 4781 3781 4832 ἀπο-

2208 4884 2538 4954 γυμνοῦνται
2576 4884 2675 4952 τῆς
2706 4882 2907 4952 σαρκὸς
2928 4880 2995 4932 τά
3025 4880 3177 4937 ὀστᾶ,
3210 4878 3372 4947 χιτὼν
3399 4878 3603 4937 ἐκεῖνος
3630 4875 3658 4925 ό
3684 4874 3783 4926 ἀπ’

2212 4978 2387 5048 ἀρχῆς
2456 4974 2825 5045 ἐτοιμάζεται.
2878 4973 2993 5026 Νῦν
3058 4974 3189 5041 ἡμῖν
3243 4972 3304 5023 τὸ
3362 4969 3632 5039 μακάριον
3682 4967 3785 5034 τῆς

2212 5066 2443 5132 εὐεξίας,
2499 5064 2527 5117 ὃ
2559 5065 2625 5116 δι’
2679 5064 2869 5132 ἡδονῆς
2916 5062 3300 5130 ἀπωλέσαμεν,
3342 5061 3399 5111 ἐν
3446 5061 3512 5127 τῇ
3547 5055 3784 5125 δοκούσῃ

2214 5160 2502 5230 πικρότητι
2536 5157 2643 5209 τῶν
2668 5158 2912 5225 βασάνων
2952 5154 3407 5207 ἀποκαθίσταται.
3437 5151 3587 5203 Πόσα
3613 5149 3678 5201 ἄν
3701 5166 3787 5209 τις,

2212 5251 2486 5321 βασιλείας
2511 5249 2784 5311 ἀπολέσας
2815 5248 3122 5316 ἀξιώματα,
3172 5245 3341 5315 ἡδέως
3378 5242 3653 5295 ἀνάλωσεν
3697 5242 3789 5301 ἂν,

2210 5344 2297 5395 ἵνα
2339 5343 2497 5394 τοῦτο
2544 5341 2705 5393 πάλιν
2753 5341 3123 5408 ἀνακτὴσηται
3149 5356 3162 5403 ;
3192 5336 3304 5390 Νῦν
3342 5336 3473 5405 ἡμῖν
3519 5333 3579 5385 τὸ
3641 5332 3791 5384 θεῖον

2216 5434 2433 5502 ἀξίωμα
2483 5434 2549 5502 τῇ
2584 5432 2741 5503 ὀλίγῃ
2799 5429 2971 5502 ταύτῃ
3034 5427 3299 5480 ἀναλώσει
3362 5424 3456 5477 τοῦ
3510 5421 3791 5488 σώματος,

2214 5526 2542 5588 ἀποδίδοται,
2583 5524 2780 5594 μᾶλλον
2829 5521 2886 5575 δὲ
2917 5521 3037 5573 οὐδὲ
3095 5519 3363 5580 ἀνάλωσις
3396 5513 3555 5567 τοῦτό
3610 5516 3788 5576 ἐστιν,

2217 5619 2331 5673 ἀλλ’
2381 5613 2492 5670 οἷον
2534 5617 2711 5685 σπορά
2751 5632 2857 5682 τις,
2913 5612 3297 5681 εὐανθέστερον
3330 5610 3462 5678 ἡμῖν
3514 5605 3575 5658 τὸ
3623 5604 3790 5671 σῶμα

2219 5709 2567 5777 προῖσχουσα.
2625 5707 2690 5759 Τί
2735 5705 2875 5775 μέγα
2926 5702 3211 5764 τοσαύταις
3265 5698 3565 5769 ἐνεργείαις
3611 5711 3788 5747 κατα-
