3952 6210
288 242 375 307 185

1203 248 1483 308 ΟΒΛΤΙΟ
1510 249 1631 311 xv.
1668 273 1737 284 —
1792 251 1875 314 IN
1905 250 2160 314 OMNES
2197 221 2543 311 s’ANC'ros.

3415 250 3519 319 186

291 352 704 415 πλουτισθέντας
739 353 907 424 ἡμᾶς,
930 353 1094 425 ’ὀλίγα
1124 355 1264 428 ὑπὲρ
1293 351 1354 411 οὗ
1404 359 1465 412 τὸ
1491 361 1601 414 πᾶν
1646 361 1839 433 ἔχομεν

1947 363 2222 417 nominare
2247 361 2425 426 decet,
2454 373 2578 414 cum
2613 357 2685 412 sit
2718 357 2892 414 instar
2923 357 3207 425 sementis,
3235 373 3361 428 qum
3389 375 3518 416 cor-

289 441 603 509 ἀποθέσθαις
639 444 736 515 Μὴ
782 445 892 516 γάρ
920 446 1183 517 βασάνους
1213 450 1496 522 ἡγούμεθα
1540 453 1640 516 τὰς
1680 455 1844 524 βασά-

291 552 393 598 νους
437 534 617 603 ὑμῶν,
682 537 960 606 ἐμπορίαν
988 539 1050 592 τὸ
1091 543 1324 613 πρᾶγμα
1363 543 1674 614 νομίζομεν.
1717 545 1844 598 Κεί-

295 641 394 692 ρετε
412 620 502 677 οὖν
534 626 807 694 ἀφειδῶς,
833 629 921 682 ἵνα
950 631 1084 700 ἡμῖν
1128 632 1511 706 άναϐλαστήσῃ
1550 635 1844 706 ἀκμαιότε-

293 734 385 786 ρον.
408 717 682 786 Λάμδανε
721 720 798 790 μὴ
831 721 952 774 καθ’
987 720 1045 773 ἓν
1077 721 1388 778 διακόπτων
1421 726 1490 778 τὰ
1531 726 1689 798 μέλη,
1727 726 1843 780 ἀλλ’

287 809 399 879 6μού
428 811 610 863 πάντα
661 813 856 883 τέμνε,
889 813 964 878 ὠς
1011 817 1160 887 ημᾶς
1179 833 1244 884 γε
1284 817 1446 871 πλέον
1501 819 1843 887 ἀποτέμνων,

286 901 425 954 πλέον
444 903 783 978 εὐφραίνῃς.
820 907 931 958 Καὶ
959 908 1008 960 οἱ
1041 907 1146 978 μὲν
1179 908 1367 976 ελεγον
1405 909 1599 964 ταῦτα.
1627 913 1847 981 Ἕτεροι

285 994 331 1047 δὲ
354 993 442 1046 τοῦ
487 995 822 1066 πνεύματος
853 998 922 1051 τὰ
981 999 1202 1070 ᾄσματα
1235 1000 1492 1072 ἔμελπον,
1535 1002 1721 1074 ὥσπερ
1749 1005 1849 1056 οὐκ

286 1089 332 1138 ὲν
355 1086 610 1155 βασάνοις
666 1089 860 1154 ὄντες,
895 1092 1010 1145 ἀλλ’
1059 1093 1444 1166 εὐωχούμενοι.
1485 1095 1666 1148 ’Δλλοι
1701 1096 1848 1148 616a-

287 1183 480 1247 σιαλίας
512 1186 726 1253 ἥδιστα
755 1187 972 1259 νάματα
1005 1189 1301 1260 ὧμϐριζον,
1331 1192 1543 1255 πολλοῖς
1592 1192 1689 1261 τῆς
1721 1192 1847 1244 δυσ-

288 1274 473 1338 σεεείας
495 1276 597 1330 τὸν
625 1279 849 1349 αὐχμὸν
891 1280 1218 1344 διαλύοντες.
1267 1277 1436 1346 Εἶπες
1461 1282 1527 1336 ἀν
1565 1282 1710 1347 ίδὼν,
1741 1283 1841 1335 οὐκ

288 1366 470 1432 αὐτοὺς,
507 1369 636 1422 ἀλλ’
675 1370 903 1442 ἐτέρους
925 1373 1040 1435 τοῖς
1061 1373 1256 1440 δεινοῖς
1283 1373 1627 1428 ὑποκεῖσθαι.

1948 469 2050 524 pus
2078 461 2326 508 nostrum
2359 451 2604 522 vegetius
2637 456 2692 504 et
2734 449 2984 505 ﬂoridius
3027 449 3333 505 submittet.
3375 450 3518 518 Quid

1950 547 2169 611 mirum,
2190 544 2236 600 si
2256 543 2421 598 tantis
2439 542 2598 596 donis
2622 541 2960 612 locupletati,
2986 541 3220 612 paucula
3245 541 3514 610 quaedam,

1950 639 2148 706 quibus
2186 637 2368 691 omnia
2402 634 2777 704 adipiscimur,
2814 633 3154 702 deponamus
3187 633 3428 688 vicissim
3462 644 3520 688 et

1948 728 2316 800 clargiamur?
2354 725 2472 780 Non
2520 726 2665 779 enim
2710 733 2982 779 tormenta
3033 733 3216 779 vestra
3253 733 3519 778 tormenta

1949 819 2330 882 ducimus,sed
2357 821 2529 889 magis
2550 818 2814 871 bonorum
2839 818 3081 871 omnium
3104 817 3518 871 abundantiam.

1943 912 2236 967 Attondcte
2286 911 2452 980 igitur
2481 925 2583 964 nos
2627 919 2680 963 et
2713 908 2970 963 demetite
3002 909 3211 978 absque
3244 909 3426 971 modo,
3462 915 3521 960 ut

1943 1022 2008 1060 eo
2032 1004 2254 1059 uberius
2286 1003 2442 1058 nobis
2477 1017 2707 1071 corpora
2751 1001 3096 1070 repullulant.
3139 999 3218 1053 Ne
3243 999 3519 1070 sigillatim

1947 1098 2195 1151 membra
2245 1097 2556 1161 abscindas,
2601 1098 2692 1151 sed
2735 1096 2897 1151 simul
2945 1095 3126 1148 omnia
3171 1102 3415 1162 amputa,
3462 1100 3521 1146 ut

1946 1189 2196 1258 pluribus
2236 1189 2552 1260 amputatis,
2599 1189 2774 1258 magis
2817 1204 2918 1242 nos
2962 1187 3256 1242 exhilares.
3295 1186 3362 1239 Et
3407 1185 3520 1238 hare

1944 1282 2164 1351 quidem
2199 1282 2447 1336 nonnulli
2488 1296 2554 1335 ex
2603 1281 2697 1334 illo
2731 1295 2959 1334 numero
3007 1279 3272 1334 ferebant.
3320 1275 3388 1330 At
3427 1274 3518 1329 alii

1945 1373 2254 1442 spiritualia
2298 1373 2514 1427 cantica
2559 1373 2942 1438 concinebant,
2975 1373 3133 1443 quasi
3174 1387 3283 1425 non
3316 1372 3372 1426 in
3403 1379 3519 1423 tor-

292 1457 473 1520 mntis,
508 1458 613 1512 sed
651 1457 707 1512 in
737 1460 1012 1516 conviviis
1042 1469 1416 1517 versarentur.
1456 1461 1563 1518 Alii
1594 1461 1856 1518 doctrinas
1883 1463 2265 1530 pulcherrimae
2306 1472 2360 1517 et
2388 1463 2764 1518 saluberrima:
2821 1464 2970 1518 velut
3010 1463 3241 1518 imbrem
3303 1461 3520 1516 emitte-

297 1545 413 1612 bant,
436 1549 751 1619 impietatis
783 1550 1090 1607 siccitatem
1114 1569 1210 1623 per
1235 1553 1406 1608 divini
1426 1553 1630 1625 eloquii
1658 1567 1840 1609 rorem
1869 1552 2269 1610 humectantes.
2300 1553 2569 1621 Dixisses,
2594 1555 2640 1610 si
2669 1571 2852 1610 coram
2925 1557 3276 1624 conspicatus
3331 1570 3507 1620 esses,

306 1657 387 1699 Ion
408 1661 498 1712 eos,
525 1645 636 1701 sed
667 1646 807 1702 alios
836 1647 1172 1705 cruciatibus
1193 1647 1592 1704 excarniﬁcari.

368 1735 681 1804 Ἐμιμοῦντο
698 1737 747 1789 δ’
771 1737 878 1808 ἄρα
913 1739 1105 1808 κωφὴν
1127 1739 1330 1794 ἀσπίδα
1357 1741 1408 1793 oi
1437 1739 1714 1810 τύραννοι,
1743 1737 1835 1794 ὑπ’

2007 1737 2277 1793 Caeterum
2319 1738 2537 1808 tyranni
2582 1737 2940 1792 imitabantur
2985 1736 3207 1791 surdam
3251 1737 3520 1807 aspidem,

306 1825 464 1888 οΞ-Ξενὸς
511 1827 898 1899 ἐπᾳδόμενον
941 1829 1078 1884 ἀλλά
1131 1830 1267 1901 πρὸς
1315 1831 1442 1894 τοὺς
1482 1831 1845 1902 σπαραγμοὺς

297 1913 377 1965 τῶν
399 1913 655 1986 ἀθλητῶν
695 1916 1049 1988 θηριούμενοι
1075 1935 1091 1950 ο
1122 1919 1257 1973 ἀλλὰ
1298 1920 1406 1992 γάρ
1451 1921 1480 1974 ὀ
1533 1921 1632 1991 μέν
1663 1937 1748 1984 τις
1771 1921 1846 1984 ώς

288 2001 507 2074 ἄμπελος
555 2007 913 2078 εὐκλήματος
949 2051 966 2076 ,
1012 2010 1475 2080 ἀποτεμνόμενος,
1512 2009 1599 2064 οἶα
1636 2010 1700 2082 δὴ
1754 2010 1844 2082 βό-

279 2115 419 2167 τρυς,
454 2099 552 2168 τὴν
607 2102 690 2163 εἰς
722 2099 857 2154 Θεὸν
896 2100 1090 2171 ἔφερεν
1125 2103 1519 2173 ἐὐχαριστίαν.
1549 2103 1740 2164 Ἀλλος
1786 2101 1845 2156 δὲ

274 2189 395 2252 τοὺς
421 2190 740 2260 ὀφθαλμοὺς
768 2191 1159 2263 ὀρυσσόμενος,
1181 2193 1436 2264 τοιαύτην
1464 2193 1614 2263 ἀφίει
1638 2194 1840 2264 φωνήν·

277 2278 673 2351 Πφσςερέσθω
728 2281 887 2335 θυσία
919 2283 1196 2352 ὀφθαλμὸς
1236 2282 1313 2354 τῷ
1357 2285 1514 2351 φωτί.
1538 2283 1735 2349 Καλὸν,
1765 2282 1844 2353 τῷ

269 2370 501 2442 ἀληθινῷ
541 2374 715 2442 φωτὶ,
745 2374 881 2446 ὅπερ
911 2376 970 2429 ἐν
998 2377 1129 2444 ἡμῖν
1153 2375 1333 2428 ἔκτισε
1368 2375 1504 2445 φῶς,
1528 2376 1843 2448 προσφοράν

267 2463 543 2529 γενέσθαι.
574 2465 723 2519 Ἀλλ’
741 2466 1134 2536 εὐπρόσδεκτος
1155 2469 1241 2539 εἴη
1263 2467 1492 2522 ἐνώπιόν
1514 2485 1628 2534 σου,
1645 2468 1840 2540 Κύριε,

262 2553 292 2625 ἡ
315 2555 484 2609 θυσία.
516 2557 684 2626 ἡμῶν
709 2573 723 2586 ο
758 2558 910 2612 οὐδὲν
938 2559 1184 2624 ἀπεικὸς,
1217 2559 1346 2630 παρ’
1371 2554 1432 2614 οὗ
1454 2560 1692 2632 τοσούτῳ
1713 2561 1842 2614 κάλ-

262 2648 334 2702 λει
370 2649 735 2721 διεστολίσθη
787 2650 1090 2722 ὀφθαλμός·
1143 2652 1284 2725 ὑπὲρ
1317 2653 1525 2707 ἐκείνου
1561 2653 1669 2706 τῶν
1698 2653 1840 2705 ἰδίων

260 2743 505 2810 ἐξελθεῖν
531 2743 817 2814 θαλάμων,
844 2744 940 2798 νῦν
960 2744 1287 2815 ώραιότερον
1311 2738 1695 2816 θαλαμεύεται.
1726 2743 1840 2797 Νῦν

261 2836 468 2905 μᾶλλον
520 2837 819 2907 πλουτήσει
877 2837 940 2892 τδ
985 2837 1121 2907 φῶς.
1168 2838 1282 2892 Νῦν
1333 2837 1754 2908 ἀποστίλψουσιν
1783 2837 1840 2892 αἱ

260 2930 420 3002 κόραι
454 2931 865 3000 λαμπρότερον,
900 2929 1116 2985 πάντων
1164 2929 1637 3001 ὲπιπροσθούντων
1667 2928 1842 2999 ἀπηλ-

256 3022 569 3093 λαγμέναι.
615 3022 730 3076 Καὶ
767 3022 916 3076 ἄλλοι
963 3021 1188 3076 διέθλων
1219 3023 1319 3086 τὰς
1371 3020 1634 3091 κεφαλάς.
1669 3022 1732 3075 Oi
1760 3019 1836 3083 δὲ,

1947 1829 2347 1885 incantamenta
2380 1831 2471 1884 illa
2510 1831 2772 1884 salutaria
2803 1823 3177 1900 repudiantes,
3215 1830 3418 1900 quippe
3453 1830 3520 1884 ad

1947 1924 2093 1979 solos
2121 1923 2403 1978 cruciatus
2431 1925 2648 1978 invictis
2678 1924 2895 1978 athletis
2929 1924 3244 1978 inferendos
3281 1923 3518 1978 eﬂ‘erati.

1947 2013 2053 2068 Sed
2094 2013 2240 2068 enim
2280 2013 2446 2075 alius,
2479 2021 2743 2082 tanquam
2779 2013 2906 2068 vitis
2949 2023 3145 2067 onusta
3181 2013 3515 2080 palmitibus,

1944 2106 2250 2168 n'iutilatus,
2299 2111 2353 2158 et
2406 2104 2548 2158 botri
2603 2105 2797 2167 instar,
2845 2120 3090 2173 pressus,
3136 2104 3250 2160 Deo
3301 2103 3518 2160 debitas

1943 2194 2136 2264 agebat
2183 2195 2412 2264 gratias.
2461 2195 2616 2248 Alius
2663 2195 2876 2249 ellossis
2905 2195 3107 2260 oculis,
3160 2195 3302 2251 tales
3352 2209 3517 2250 voces

1944 2286 2238 2340 mittebat:
2277 2283 2556 2340 Oﬂ'eratur
2577 2285 2632 2340 in
2661 2286 2994 2341 sacriﬁcium
3025 2287 3220 2342 oculus
3251 2287 3382 2342 luci.
3410 2287 3517 2341 De-

1943 2385 2052 2441 cet,
2078 2383 2138 2430 ut
2163 2391 2305 2431 vera:
2333 2376 2441 2431 luci
2476 2377 2569 2430 lux
2599 2392 2764 2448 quam
2791 2378 2846 2431 in
2876 2379 3037 2432 nobis
3070 2378 3302 2443 creavit,
3331 2377 3514 2434 hostia

1943 2469 2054 2523 ﬁat.
2091 2467 2196 2523 Sed
2226 2476 2440 2540 gratum
2482 2470 2553 2524 sit
2587 2469 2639 2522 in
2669 2477 2968 2538 conspectu
3000 2477 3117 2536 tuo,
3152 2468 3402 2534 Domine,
3429 2484 3519 2524 sa-

1941 2561 2209 2616 criﬁcium
2240 2570 2512 2616 nostrum.
2539 2559 2934 2615 inconveniens
2963 2577 3070 2616 non
3100 2569 3202 2626 est,
3239 2570 3298 2615 ut
3321 2562 3518 2616 oculus

1941 2667 2040 2724 pro
2073 2668 2162 2718 eo,
2195 2667 2225 2707 a
2259 2669 2368 2724 quo
2411 2663 2561 2708 tanta
2602 2655 3014 2724 pulchritudine
3057 2663 3360 2708 exornatus
3408 2664 3515 2714 est.

1940 2746 2159 2816 propria
2178 2745 2410 2800 sratione
2437 2745 2681 2801 excedat.
2706 2745 2860 2801 Nunc
2883 2740 3220 2801 ornatiorem
3253 2745 3519 2802 sortietur

1944 2833 2144 2889 locum.
2166 2833 2321 2890 Nunc
2344 2836 2549 2890 lumine
2567 2836 2742 2906 magis
2768 2837 3092 2892 abundabit.
3112 2837 3272 2892 Nunc
3297 2837 3518 2908 pupillae

1942 2927 2282 2997 splendidius
2312 2927 2616 2999 fulgebunt,
2645 2929 2714 2983 ab
2763 2930 3022 2984 omnibus
3044 2969 3059 2994 ,
3094 2945 3216 2999 qum
3261 2930 3369 2985 luci
3400 2929 3514 2985 oili-

1941 3018 2114 3082 ciunt,
2147 3018 2429 3088 expeditae.
2464 3019 2603 3074 Aliis
2638 3020 3146 3075 comminuebantur
3173 3022 3371 3091 capita.
3419 3019 3502 3074 Illi

265 3115 432 3168 ’Δντὶ
476 3113 596 3166 τῶν
625 3113 928 3167 καλλίστων
963 3116 1060 3183 τῆς
1103 3113 1337 3182 φύσεως,
1367 3112 1573 3181 ἔλεγον,
1604 3112 1640 3167 ἃ
1671 3113 1700 3165 ὁ
1739 3113 1840 3183 Δη-

1947 3124 2072 3165 vero
2100 3109 2352 3164 dicebant
2376 3128 2388 3163 :
2418 3110 2523 3164 Pro
2551 3110 2934 3181 pulcherrimis
2957 3119 3167 3166 naturae
3189 3111 3370 3176 donis,
3391 3126 3514 3182 qua:

257 3207 533 3278 μιουργδς
569 3208 638 3277 τῇ
670 3205 878 3278 κεφαλῇ
918 3205 1269 3276 ὲθησαύρισε,
1322 3205 1414 3260 τὸν
1441 3203 1712 3277 θησαυρὸν
1741 3207 1839 3276 τῆς

1947 3217 2128 3257 rerum
2161 3202 2410 3257 omnium
2441 3201 2645 3256 Parens
2680 3200 2735 3255 in
2771 3202 2955 3272 capite
2986 3203 3249 3271 reposuit,
3284 3203 3511 3256 thesau-

257 3299 509 3360 πίστεως
543 3298 877 3367 τηρήσωμεν
911 3294 1127 3350 ἄσυλον.
1159 3293 1250 3366 Μὴ
1282 3294 1411 3366 γάρ,
1445 3295 1550 3350 κᾶν
1580 3295 1710 3366 δοκῇ
1728 3297 1839 3356 τοῖς

1947 3309 2066 3350 rum
2095 3295 2215 3350 tidei
2251 3295 2515 3349 intactum
2551 3293 2946 3350 custodiemus.
2977 3291 3095 3348 Non
3129 3293 3272 3348 enim
3298 3294 3515 3363 disper-

257 3391 582 3463 τυράννοις,
615 3391 962 3460 σκορπιεῖται
1011 3389 1108 3458 τῆς
1155 3387 1397 3458 κεφαλῆς
1435 3388 1470 3458 ἠ
1523 3387 1841 3450 ὑπόστασις.

262 3481 582 3549 Συνάγεται
621 3479 719 3550 μὲν
745 3479 836 3533 οὖν
863 3478 1226 3550 πλαστουργῷ
1254 3479 1424 3549 δεξιᾷ,
1457 3478 1552 3533 καὶ
1601 3479 1710 3532 τῶν
1739 3495 1843 3548 μυ-

261 3575 410 3628 ελῶν
439 3576 474 3644 η
500 3573 680 3643 τῆξις,
705 3571 780 3636 ὡς
801 3572 944 3644 ὀσμὴ
971 3571 1196 3635 εὐωδίας
1220 3571 1702 3642 σπουδασθήσεται.
1733 3569 1845 3622 Καὶ

261 3667 584 3728 ὀδελίσκοις
645 3664 800 3727 ἄλλος
854 3665 1147 3735 έπερονᾶτο
1178 3665 1280 3734 τὴν
1337 3664 1538 3734 ἀκοὴν,
1585 3661 1721 3716 ἀλλὰ
1749 3661 1843 3716 νῦν

264 3758 607 3829 τρανότερον
669 3756 944 3822 άκούσειν,
991 3755 1194 3824 ἔλεγεν,
1225 3755 1327 3824 τῆς
1352 3754 1446 3808 τοῦ
1499 3753 1843 3826 δρακοντείου

268 3849 595 3922 πωρώσεως
624 3849 727 3913 ἰού,
756 3851 870 3913 τοῖς
915 3848 1214 3912 ὀϐελίσκοις
1243 3848 1454 3911 τούτοις
1498 3847 1844 3919 διακαθαιρο-

274 3937 472 4007 μένης,
504 3935 604 3991 νῦν
637 3937 718 4000 είς
750 3935 1017 4008 ὑποδοχὴν
1040 3936 1451 4009 ἐπιτηδειοτάτη
1473 3936 1569 3990 τοῦ
1603 3937 1844 4009 ᾄσματος

271 4026 383 4080 τῶν
408 4025 664 4094 ἀγγέλων
693 4027 725 4097 ἡ
752 4027 892 4097 ἀκοὴ
917 4065 932 4091 ,
965 4026 1052 4080 διὰ
1094 4026 1189 4080 τοῦ
1210 4026 1380 4097 πυρὸς
1401 4025 1589 4080 τούτου
1620 4030 1686 4098 τῇ
1721 4044 1846 4098 προ-

272 4115 436 4188 ῖούσῃ
474 4114 586 4168 τῶν
613 4114 894 4186 φλογερῶν
933 4115 1217 4186 στομάτων
1267 4116 1565 4187 ὐμνολογίᾳ
1619 4133 1844 4188 προσοι·

276 4205 599 4278 κειουμένη.
652 4207 830 4278 ’Δλλῳ
875 4207 1256 4278 ἀνασπώμενοι
1290 4208 1456 4280 ῥιζῶν
1494 4209 1724 4274 ὀδόντες,
1757 4209 1847 4262 εὐ-

277 4298 559 4369 φροσύνην
617 4297 1082 4365 άνέόλυζον,Νύν
1132 4299 1196 4370 δὴ
1235 4300 1582 4371 τραφήσομαι
1637 4300 1845 4368 λέγοντι

277 4389 490 4461 τροφὴν
518 4391 786 4459 ἀγγέλων,
817 4390 917 4445 καὶ
944 4392 1102 4463 μέχρι
1132 4391 1228 4445 τοῦ
1249 4391 1346 4462 τὴν
1377 4391 1438 4444 οὐ
1472 4391 1736 4461 μένουσαν
1764 4406 1846 4443 σι-

1943 3396 2101 3456 getur
2123 3387 2318 3457 capitis
2339 3387 2667 3450 substantia,
2702 3386 2828 3440 licet
2859 3386 3107 3457 tyrannis
3136 3399 3298 3441 secus
3323 3382 3512 3440 videa-

1945 3487 2055 3532 tur.
2086 3477 2386 3548 Colligetur
2414 3477 2597 3532 denuo
2618 3477 2920 3532 conditoris
2940 3477 3186 3540 dextera,
3212 3490 3277 3530 ac
3299 3473 3514 3529 medul-

1944 3569 2119 3623 larum
2163 3570 2465 3639 corruptio,
2517 3579 2575 3622 ut
2619 3571 2756 3624 odor
2803 3568 3094 3623 suavitatis
3142 3565 3508 3637 reputabitur.

1943 3662 2098 3716 Alius
2122 3662 2370 3718 Iverubus
2418 3676 2514 3730 per
2555 3676 2716 3716 aures
2757 3661 3202 3729 transtigebatur.
3246 3659 3317 3711 At
3365 3673 3513 3713 nunc

1943 3752 2166 3817 clarius,
2199 3753 2398 3818 aiebat,
2435 3752 2678 3819 audiam,
2714 3763 3012 3823 expurgato
3049 3767 3146 3822 per
3176 3752 3292 3807 haec
3319 3761 3511 3807 veruta

1945 3861 2172 3911 veneno,
2210 3846 2355 3915 quod
2391 3849 2559 3901 draco
2587 3847 2971 3901 instillaverat.
3005 3844 3160 3902 Nunc
3191 3846 3511 3916 aptissimus

1942 3949 2028 3994 est
2072 3937 2293 3994 auditus
2340 3938 2408 3993 ad
2455 3939 2806 4008 excipiendos
2853 3947 3044 3993 cautus
3083 3940 3381 4010 angelicas,
3415 3953 3512 4009 per

1943 4034 2124 4103 ignem
2180 4033 2325 4088 hunc
2385 4031 2686 4087 laudationi
2746 4047 2814 4087 ex
2862 4031 3018 4102 igneo
3069 4046 3164 4086 ore
3221 4031 3511 4100 prodeunti

1945 4123 2302 4180 assimilatus.
2330 4122 2434 4177 Alii
2479 4123 2744 4178 radicitus
2771 4123 2972 4177 evulsis
3001 4121 3280 4186 dentibus,
3324 4121 3511 4177 laetitia

1945 4216 2315 4271 exsultabant.
2337 4215 2512 4279 Nune,
2532 4216 2772 4278 aiebant,
2794 4217 3007 4270 nutriar
3023 4216 3342 4286 angelorum
3365 4229 3508 4271 esca.

1946 4305 2218 4364 Hactenus
2245 4307 2641 4362 manducabam
2670 4308 2849 4362 cibum
2883 4321 2990 4361 non
3021 4316 3329 4363 manentem
3355 4325 3372 4375 ;
3397 4309 3511 4376 jam

1951 4398 2100 4453 dabit
2132 4397 2395 4454 Dominus
2426 4399 2629 4463 cibum,
2658 4399 2750 4466 qui
2778 4412 2883 4451 non
2911 4399 3070 4467 perit,
3097 4399 3304 4468 quique
3331 4400 3515 4454 denti-

277 4442 504 4552 τὲῡιὶσίέ,
526 4442 677 4552 ta.
706 4442 1104 4553 5.5....gagg.‘
1132 4442 1558 4551 regem};
1582 4442 1845 4549 κενουμέ-

1952 4442 2099 4453 """"'"
2132 4442 2395 4454 ""'""“'"
2428 4442 2629 4463 """‘""
2659 4442 2750 4466 ‘I"'
2778 4442 2883 4451 """
2911 4442 2993 4467 ιη’·
3011 4442 3070 4464 ¹“ν
3099 4442 3303 4468 Ὶ“⁸Ὶ“ν
3332 4442 3480 4454 ν¹ν¹⁵⁷⁸

1950 4489 2053 4545 bus
2074 4503 2182 4544 non
2213 4495 2355 4558 eget.
2389 4488 2468 4544 Ne
2499 4489 2780 4543 cruciatus
2809 4489 2924 4542 haec
2949 4504 3039 4544 res
3069 4498 3315 4545 vocetur.
3344 4491 3515 4547 Bene-

279 4591 401 4643 νην,
426 4573 537 4627 οὐδ’
561 4573 791 4628 ὀδόντων
816 4573 1246 4644 προσδεομένην.
1287 4575 1378 4645 Μή
1410 4590 1499 4642 μοι
1530 4573 1594 4626 τὸ
1615 4574 1846 4643 πρᾶγμα

283 4665 523 4735 βάσανος
550 4664 812 4734 λεγέσθω,
843 4665 1165 4736 εὐεργεσίαν
1196 4664 1307 4734 ἐγὼ
1336 4665 1493 4719 τοῦτό
1539 4681 1702 4736 φημι.
1737 4665 1848 4718 Kal.

280 4757 462 4811 ἄλλων
501 4753 574 4810 τά
594 4756 760 4822 νῶτα,
785 4756 1066 4827 ἀμύθητον
1099 4756 1304 4828 πλῆθος
1327 4756 1492 4828 ἔφερε
1522 4756 1750 4828 πληγῶν
1783 4759 1848 4810 ὲκ

283 4850 616 4922 βουνεύρων,
649 4851 762 4905 ἀλλ’
811 4851 1050 4922 ἔχαιρον,
1095 4851 1240 4906 Ἀντλ⁵
1272 4852 1370 4921 τῆς
1402 4851 1620 4923 πολλῆς,
1660 4851 1848 4918 λέγον·

279 4962 397 5008 τες,
425 4943 639 5015 ῥώμης,
674 4944 740 5014 ἥν
771 4943 924 4997 ἔθετο
950 4943 1026 5014 τῷ
1051 4942 1204 5013 νώτῳ
1233 4942 1264 4995 ὁ
1317 4943 1546 5007 πλάσας,
1574 4942 1850 5005 τοσούτοις

286 5037 608 5109 συνδέσμοις
629 5035 882 5103 συστίξας
899 5035 1082 5102 αὐτὸν,
1107 5035 1248 5108 ὑπὲρ
1263 5035 1361 5105 τῆς
1379 5035 1586 5088 ἐκείνου
1614 5034 1770 5106 δόξης
1789 5034 1851 5088 τὺ

289 5129 487 5201 μικρὸν
529 5127 638 5183 τῶν
685 5127 966 5198 μαστίγων
994 5127 1212 5198 φορτίον
1261 5127 1491 5197 φερέτω.
1542 5127 1754 5190 Ἀλλοις
1781 5128 1850 5181 τά

286 5225 568 5294 σπλάγχνα
583 5223 776 5293 μέχρις
788 5222 964 5276 αὐτῶν
977 5222 1291 5292 μυστηρίων
1303 5221 1411 5274 τῶν
1427 5221 1674 5290 ὲγκάτων
1684 5221 1852 5293 ώρύσ-

284 5333 462 5382 σοντο,
487 5315 708 5368 ἀλλ’έπὶ
732 5315 930 5386 μᾶλλον
945 5315 1045 5384 τῆς
1061 5314 1342 5378 εὐσεϐείας
1357 5313 1448 5368 τὸν
1468 5312 1712 5385 θεμέλιον
1733 5316 1846 5368 ἑνε-

284 5407 537 5462 6ἀθυνον.
570 5407 800 5478 Ἕτερος
849 5406 948 5478 τὴν
984 5405 1229 5476 γλῶτταν
1249 5406 1603 5478 ἀπετέμνετο,
1635 5408 1853 5478 καὶτῆς

282 5500 591 5570 δοξολογίας
611 5501 712 5554 οὐκ
737 5500 950 5571 ἔληγεν,
965 5502 1083 5556 ἀλλ’
1105 5495 1193 5557 οἷα
1211 5503 1276 5575 δὴ
1296 5502 1468 5573 δῶρον
1484 5501 1544 5555 τὸ
1563 5500 1849 5556 κάλλιστον

287 5595 615 5666 προσφέρων
637 5593 780 5665 Θεῷ,
809 5595 1118 5667 ἐπευφήμει
1136 5595 1548 5667 σεμνυνόμενος.
1580 5595 1690 5650 Καί
1707 5611 1850 5659 τινες

289 5686 382 5742 ἐπὶ
429 5687 591 5757 ξύλου
630 5687 940 5747 ὲτανύοντο.
979 5689 1121 5744 Ἀλλ’
1146 5684 1215 5762 ἦν
1244 5689 1430 5755 αὐτοῖς
1463 5689 1556 5746 καὶ
1590 5688 1697 5760 πρὸ
1743 5687 1852 5745 τῶν

1951 4581 2132 4636 ﬁcium
2181 4581 2439 4637 arbitror.
2483 4581 2728 4636 Aliorum
2779 4583 2943 4636 dorsa
2991 4582 3296 4638 innumeris
3337 4585 3514 4654 plagis

1950 4673 2424 4743 concidebantur;
2468 4675 2564 4731 sed
2594 4677 2763 4731 Deum
2796 4675 3092 4731 laudabant
3124 4693 3139 4743 ;
3181 4676 3278 4731 sed
3315 4677 3516 4747 gaude-

1949 4764 2099 4821 bant.
2149 4764 2294 4820 Loco
2350 4765 2507 4820 multi
2556 4765 2802 4831 roboris,
2865 4765 3102 4828 aiebant,
3154 4778 3263 4833 quo
3288 4763 3516 4820 Creator

1951 4856 2174 4913 dorsum
2203 4857 2485 4925 instruxit,
2504 4864 2584 4912 tot
2599 4858 2833 4912 nexibus
2855 4864 2910 4910 et
2937 4853 3130 4909 vinclis
3160 4853 3214 4908 id
3250 4869 3514 4924 compun-

1952 4967 2108 5023 gens,
2159 4966 2260 5021 pro
2314 4951 2489 5020 gloria
2530 4949 2650 5019 ejus
2699 4949 2948 5016 exiguam
2991 4945 3128 5001 hanc
3173 4945 3513 5018 ﬂagellorum

1955 5047 2259 5103 molestiam
2277 5045 2439 5102 ferat.
2462 5045 2600 5101 Aliis
2619 5047 2834 5100 viscera
2848 5056 3022 5111 usque
3043 5042 3114 5097 ab
3135 5043 3516 5099 intestinorum

1954 5137 2326 5207 penetralibus
2363 5136 2734 5193 evellebantur
2772 5151 2787 5199 ;
2826 5131 2922 5188 sed
2951 5147 3016 5188 eo
3053 5133 3252 5187 altiora
3299 5134 3519 5203 pietatis

1956 5226 2314 5284 fundamenta
2353 5227 2648 5298 jacicbant.
2694 5224 2800 5278 Alii
2845 5224 3029 5293 lingua
3073 5223 3518 5289 abscindehatur,

1958 5335 2061 5376 nec
2091 5335 2120 5374 a
2151 5320 2353 5375 divinis
2393 5319 2649 5374 laudibus
2696 5315 3055 5373 deeantandis
3093 5317 3344 5372 cessabat
3374 5334 3389 5385 ;
3423 5318 3518 5373 sed

1959 5412 2117 5483 quasi
2146 5410 2570 5482 pulcherrimum
2593 5424 2791 5464 munus
2817 5409 2925 5464 Deo
2950 5407 3206 5472 oil‘erens,
3228 5423 3352 5464 eum
3383 5411 3508 5466 cele

1954 5505 2118 5561 brare
2159 5504 2435 5575 pergebat.
2467 5503 2725 5559 Nonnulli
2771 5503 2827 5558 in
2873 5503 3022 5574 ligno
3067 5502 3519 5559 extendebantur.

1959 5597 2065 5652 Sed
2097 5612 2166 5652 ex
2208 5598 2313 5652 hoc
2342 5595 2462 5667 ipso
2500 5597 2664 5651 etiam
2715 5604 2840 5651 ante
2873 5601 3189 5666 perceptam
3236 5609 3518 5657 coronam,
3615 5662 3624 5670 .

1961 5687 2222 5760 majorem
2287 5687 2617 5759 voluptatem
2678 5685 3065 5760 percipiebant,
3119 5685 3266 5756 quod
3317 5683 3520 5740 similes
