3952 6210
441 255 538 319 187

1646 250 1915 311 LEONIS
1943 245 2402 308 PHILOSOPHI

3560 242 3673 307 188

433 365 668 421 Domino
698 378 800 420 suo
824 364 1101 420 cruciatus
1120 368 1460 434 paterentur.
1489 360 1591 415 Alii
1618 371 1772 415 metae
1800 362 1991 424 instar,

2101 357 2381 426 στεφάνων
2414 353 2617 425 μείζων
2650 352 2684 421 ἡ
2708 349 3022 415 ἀπόλαυσις.
3051 349 3173 405 Ὀτι
3200 350 3282 421 τῷ
3303 350 3471 422 ὁμοίῳ
3499 354 3670 408 πάθει

431 457 665 527 impuris
685 456 956 518 manibus,
974 471 1071 526 per
1090 455 1394 511 castissima
1419 467 1648 523 corpora
1665 453 1790 507 telis
1816 459 1999 507 trans-

429 551 740 632 figebantur
770 566 785 614 ;
832 556 886 604 et
929 548 1249 603 vulneribus
1286 546 1411 601 inde
1442 546 1701 615 acceptis.
1736 554 1997 615 tanquam

431 642 688 712 pretiosis
705 640 979 710 lapidibus
995 639 1278 710 conspicui
1298 638 1717 693 decorabantur.
1735 636 2002 704 Quorum-

432 732 559 785 dam
596 731 882 801 suppliciis
932 732 1150 802 tyranni
1187 729 1397 798 fatigati
1441 743 1536 799 spe
1578 729 1725 783 omni
1762 728 1995 797 abiecta,

432 830 737 889 creaturas,
768 838 905 892 quas
939 822 1213 885 colebant,
1247 819 1314 873 ad
1347 834 1442 875 eos
1477 816 1783 889 puniendos
1823 832 2000 873 arma-

434 914 585 978 bant,
630 924 684 970 et
731 916 869 971 alios
915 914 1131 986 quidem
1174 913 1358 978 undis,
1393 914 1529 968 alios
1572 912 1824 978 flammis,
1860 913 1998 969 alios

435 1004 612 1074 gelido
657 1003 845 1075 frigori
884 1004 1227 1058 tradiderunt
1268 1012 1325 1059 et
1362 1011 1754 1074 exposuerunt.
1800 1002 1997 1058 Verum

434 1098 549 1150 haec
575 1097 747 1166 magis
775 1111 870 1151 eos
904 1108 1264 1166 agnoverunt,
1297 1112 1461 1166 quam
1489 1096 1588 1150 illi.
1619 1096 2001 1166 Aguoscebant

430 1188 575 1243 enim
598 1203 713 1252 eos,
737 1188 829 1257 qui
853 1188 1165 1243 Creatorem
1190 1188 1551 1253 honorabant,
1574 1195 1627 1242 et
1652 1188 1773 1257 plus
1796 1186 1999 1250 cultus,

431 1293 593 1347 quam
636 1278 895 1333 molestiae
937 1279 1259 1332 attulerunt.
1303 1276 1438 1331 Nam
1480 1277 1621 1348 ignis
1665 1276 1858 1331 crebro
1905 1290 2000 1331 eos

432 1369 524 1439 qui
578 1369 1011 1424 circumstabant
1073 1370 1389 1435 absumens,
1440 1370 1749 1424 veneranda
1807 1382 2000 1425 eorum

432 1476 662 1531 corpora
692 1461 895 1515 intacta
923 1461 1287 1516 conservavit.
1312 1461 1469 1526 Quod
1497 1476 1627 1517 vero
1655 1462 1834 1516 anima
1868 1477 1999 1517 evo-

432 1551 592 1614 laret,
618 1552 671 1607 id
703 1566 811 1604 non
844 1552 985 1621 ignis
1020 1552 1290 1620 supplicio
1318 1552 1703 1607 ascribendum
1732 1563 1873 1617 erat,
1903 1553 1999 1609 sed

432 1642 661 1710 majoris
706 1642 988 1710 cujusdam
1022 1642 1321 1696 voluntatis
1347 1651 1402 1697 et
1446 1644 1688 1709 virtutis,
1719 1659 1839 1713 quae
1879 1660 1998 1699 eam

432 1732 764 1802 excipiebat.
799 1731 1023 1801 llocque
1055 1731 1403 1788 manifestum
1437 1741 1544 1799 est,
1562 1741 1618 1788 et
1648 1733 1835 1790 videre
1863 1749 2001 1788 non-

432 1838 712 1892 nunquam
759 1834 897 1887 erat,
948 1834 1157 1879 vestem
1213 1825 1361 1879 illam
1413 1833 1711 1896 martyrum
1752 1827 1998 1892 illaesam,

431 1916 587 1984 quasi
640 1916 694 1969 in
743 1929 870 1969 arca
917 1916 1214 1979 conditam,
1244 1924 1297 1970 et
1340 1917 1501 1986 quasi
1548 1932 1655 1971 non
1702 1917 1898 1973 fuisset
1943 1919 2000 1973 in

431 2005 672 2071 ﬂamma,
701 2006 770 2061 ab
798 2007 944 2061 omni
978 2006 1118 2075 ignis
1143 2007 1370 2077 vestigio
1396 2003 1555 2077 plane
1586 2007 1903 2063 immunem.
1931 2008 2003 2064 At

432 2111 562 2152 vero
602 2097 821 2151 humida
870 2112 1025 2167 aqua:
1059 2105 1257 2151 natura
1289 2097 1481 2152 iisdem
1519 2100 1851 2171 martyribus
1896 2102 2003 2156 mi-

430 2189 719 2244 nisterium
773 2203 936 2244 suum
993 2204 1102 2244 non
1156 2189 1481 2260 denegabat.
1535 2190 1827 2250 Nonnullis
1856 2194 1998 2250 enim

429 2296 554 2335 cum
586 2281 799 2335 beatam
841 2281 1080 2335 animam
1115 2281 1227 2337 Deo
1269 2282 1642 2348 tradidissent,
1676 2292 1794 2338 erat
1843 2286 2001 2341 strati

430 2373 623 2438 instar,
645 2373 698 2427 in
722 2387 829 2443 quo
848 2375 1277 2441 requiescerent,
1299 2382 1352 2427 et
1381 2374 1447 2428 ab
1471 2373 1699 2428 infinitis
1722 2374 2001 2431 laboribus

430 2466 782 2536 respirarent.
800 2463 935 2518 Aliis
960 2471 1166 2528 autem,
1190 2466 1284 2534 qui
1306 2464 1473 2519 vitam
1498 2463 1677 2519 adhuc
1698 2468 1998 2535 agitabant,

432 2557 651 2626 planam
673 2564 727 2610 et
752 2556 930 2610 omnis
952 2556 1215 2611 molestiae
1237 2562 1514 2624 expertem
1541 2554 1682 2609 viam
1706 2558 1998 2626 praebebat.

430 2648 491 2701 In
518 2648 665 2701 hunc
688 2647 909 2701 modum
935 2646 1141 2711 omnia,
1170 2645 1417 2699 miranda
1444 2646 1765 2711 mutatione,
1797 2649 2000 2704 sanctis

432 2738 859 2793 famulabantur.
904 2737 974 2791 At
1001 2737 1273 2807 quomodo
1312 2746 1583 2807 martyres
1614 2737 1681 2792 ad
1724 2739 1839 2794 haec
1878 2739 1996 2795 adi-

430 2832 561 2884 bant
587 2830 610 2883 ?
636 2829 921 2893 Videlicet,
948 2837 1017 2882 ut
1035 2830 1088 2883 in
1114 2829 1542 2898 incorruptionis
1570 2831 1872 2895 lavacrum,
1891 2833 1997 2887 laeti

2102 447 2467 517 ὑπεϐέϐληντο
2503 445 2597 499 τοῦ
2642 443 2935 499 Δεσπότου.
2969 443 3209 513 Ἔτεροι,
3245 442 3495 514 καθάπερ
3538 461 3671 497 σκο-

2100 541 2203 605 πὸς
2251 541 2440 611 χερσὶν
2480 537 2754 608 ἀνάγνοις,
2795 537 2862 590 τά
2892 534 3162 604 ἁγνότατα
3209 534 3438 607 σώματα
3484 536 3670 608 βέλεσι

2098 632 2453 705 διεπείροντο,
2492 631 2587 685 καὶ
2626 634 2737 694 τοῖς
2786 630 2993 683 ἐκεῖθεν
3032 629 3354 700 τραύμασιν,
3380 631 3459 695 ὡς
3498 631 3672 697 λίθοις

2101 725 2417 795 πολυτίμοις
2466 722 2959 794 περιανθιζόμενοι,
3003 720 3316 793 ὼραῖζοντο.
3350 723 3475 787 Τοῖς
3510 723 3569 777 δὲ
3619 726 3671 777 οί

2100 816 2350 889 τύραννοι
2379 815 2516 887 πρὸς
2544 815 2639 878 τὰς
2670 814 2937 884 βασάνους
2963 812 3415 882 ἀπαγορεύοντες,
3447 814 3513 884 ἢν
3544 814 3674 869 ἐλά-

2100 924 2290 976 τρευον
2314 907 2491 960 κτίσιν
2524 905 2657 975 πρὸς
2680 902 2949 975 τιμωρίαν
2974 900 3287 967 ὲξώπλιζον.
3317 902 3426 955 Καὶ
3452 901 3544 966 οὓς
3570 904 3673 973 μὲν

2103 998 2275 1062 ὕδατι,
2307 996 2401 1061 οὓς
2426 997 2483 1050 δὲ
2512 996 2668 1067 πυρὶ,
2723 994 2819 1049 καὶ
2858 994 3075 1066 ἐτέρους
3112 993 3306 1064 αἰθρίῳ
3338 993 3496 1066 κρύει
3529 1012 3674 1066 παρο

2113 1090 2375 1142 εδίδοσαν.
2430 1087 2569 1139 Ἀλλ’
2597 1082 2665 1157 ἦν
2692 1086 2916 1139 ἐκείνων
2951 1085 3120 1139 ταῦτα
3154 1085 3351 1156 μᾶλλον
3378 1085 3673 1157 συναίσθη-

2104 1200 2186 1235 σιν
2246 1182 2454 1251 ἔχοντα.
2512 1179 2877 1250 Ἐπεγίνωσκε
2921 1178 3027 1250 γὰρ
3080 1180 3207 1243 τοὺς
3251 1178 3531 1248 τιμῶντας
3576 1182 3676 1232 τὸν

2107 1274 2368 1342 Κτίστην,
2396 1273 2490 1326 καλ⁸
2514 1272 2673 1325 πλέον
2716 1271 2901 1342 ἐτίμα,
2939 1270 2974 1341 ἢ
3019 1270 3326 1341 κατετόλμα
3359 1270 3570 1326 λυπεῖν.
3597 1274 3674 1325 Τὸ

2106 1364 2202 1434 μὲν
2253 1364 2359 1435 γὰρ
2399 1364 2509 1435 πῦρ
2558 1362 2816 1426 πολλάκις
2852 1363 2978 1425 τοὺς
3025 1360 3129 1426 ἔξω
3174 1362 3671 1434 καταϐοσκόμενον,

2102 1455 2280 1508 αὐτῶν
2310 1455 2376 1509 τὰ
2409 1454 2680 1526 σεϐάσμια
2716 1453 2943 1524 σώματα
2972 1454 3206 1524 ἀκέραια
3230 1455 3567 1523 διεφύλαττε.
3594 1457 3668 1508 Τὸ

2102 1548 2157 1601 δὲ
2188 1550 2451 1619 ἐκπτῆναι
2498 1547 2595 1619 τὴν
2628 1544 2824 1617 ψυχὴν,
2888 1546 2988 1598 οὐκ
3028 1541 3096 1616 ἦν
3128 1546 3226 1616 τῆς
3266 1546 3361 1599 τοῦ
3392 1546 3558 1618 πυρὸς
3582 1564 3669 1598 τι-

2107 1640 2335 1710 μωρίας,
2364 1639 2501 1693 ἀλλά
2541 1639 2641 1709 τῆς
2679 1638 3109 1707 ὑποδεδεγμένης
3154 1638 3325 1707 αὐτὴν
3352 1639 3448 1691 τοῦ
3490 1639 3673 1710 κρείτ-

2103 1748 2252 1795 τονος
2282 1732 2545 1794 εὐδοκίας.
2578 1730 2689 1785 Καὶ
2718 1725 2872 1782 τοῦτο
2923 1729 3079 1797 δῆλον
3118 1729 3208 1798 ἀφ’
3237 1722 3311 1783 ὧν
3356 1730 3526 1784 ἐνίοτε
3568 1730 3675 1799 τὴν

2104 1824 2445 1896 μαρτυρικὴν
2474 1824 2696 1895 ἐσθῆτα,
2716 1822 2903 1894 ῶσπερ
2930 1823 2988 1876 ἐν
3014 1823 3271 1892 κιϐωτίῳ,
3299 1823 3442 1877 σώαν
3465 1819 3536 1895 ἦν
3565 1841 3677 1877 κα-

2102 1916 2286 1986 θορᾷν,
2341 1916 2455 1969 ἀλλ’
2502 1917 2602 1968 οὐκ
2630 1917 2687 1968 ἐν
2730 1914 2889 1983 φλογὶ
2934 1913 3189 1985 καμίνου,
3240 1915 3431 1979 παντὸς
3483 1916 3676 1985 ἴχνους

2101 2007 2272 2077 πυρὸς
2294 2006 2500 2076 ἀπαθῆ,
2535 2006 2645 2077 ἡδὲ
2682 2005 2823 2077 ὑγρὰ
2846 2004 2938 2057 τοῦ
2970 2005 3158 2069 ὓδατος
3188 2005 3357 2074 φύσις,
3392 2006 3674 2077 θεραπευ-

2099 2099 2270 2159 τικῶς
2295 2098 2465 2152 ἐδίδου
2511 2098 2578 2151 τὰ
2607 2098 2771 2153 νῶτα.
2805 2098 2929 2161 Τοῖς
2979 2097 3078 2167 μὲν
3105 2096 3214 2167 γὰρ
3248 2096 3343 2167 τὴν
3392 2099 3669 2168 μακαρίαν

2098 2188 2275 2259 ψυχὴν
2304 2186 2700 2259 παραθεμένοις
2730 2185 2869 2255 Θεῷ,
2898 2185 3152 2257 στρωμνὴ
3169 2184 3512 2249 ἀπολαύσεως
3534 2187 3670 2253 ἐγέ-

2100 2298 2240 2346 νετο,
2267 2279 2375 2334 τῶν
2406 2280 2611 2352 μυρίων
2628 2279 2821 2341 αὐτοὺς
2836 2278 3091 2347 καμάτων
3111 2277 3350 2346 ὠσπερεί
3370 2276 3673 2331 διαναπαύ-

2098 2390 2252 2427 ουσα.
2284 2373 2409 2435 Τοῖς
2437 2372 2494 2425 δὲ
2526 2371 2606 2424 ἔτι
2647 2370 3157 2441 διαπεραιουμένοις
3201 2372 3299 2440 τὴν
3333 2369 3499 2440 ζωὴν,
3546 2369 3672 2431 ὁδός

2098 2483 2183 2527 τις
2220 2465 2358 2529 λεία,
2395 2463 2488 2518 καὶ
2542 2462 2705 2533 μηδὲν
2739 2462 2993 2515 ἐπίπονον
3042 2463 3306 2532 φέρουσα.
3348 2461 3485 2515 Ἀλλ’
3522 2460 3671 2515 οὕτω

2101 2558 2199 2626 μὲν
2239 2554 2413 2608 ταῦτα
2456 2556 2795 2624 μετεποιεῖτο
2840 2555 2919 2617 εἰς
2973 2552 3265 2624 θεραπείαν
3313 2554 3421 2607 τῶν
3467 2554 3668 2620 ἀγίων.

2099 2647 2225 2710 Πῶς
2252 2647 2310 2700 δὲ
2348 2647 2397 2700 οί
2449 2645 2724 2717 μάρτυρες
2753 2645 2889 2715 πρὸς
2934 2644 3105 2698 ταῦτα
3152 2645 3428 2716 ἐχώρουν;
3473 2645 3669 2716 ὥσπερ

2097 2740 2177 2800 εἰς
2202 2736 2509 2808 ἀφθαρσίας
2552 2735 2796 2807 λουτρὸν,
2837 2735 3053 2805 φαιδροὶ
3096 2736 3232 2805 πρὸς
3267 2736 3328 2788 τὸ
3370 2736 3510 2807 ὕδωρ
3550 2736 3668 2793 εἱσι

2105 2832 2292 2903 ῄεσαν,
2318 2831 2392 2895 ὡς
2421 2832 2500 2896 εἰς
2519 2830 2815 2894 παστάδας,
2844 2830 2941 2891 τὰς
2971 2828 3233 2899 καμίνους
3254 2828 3544 2891 ἐνέϐαινον,
3570 2828 3668 2880 καὶ

430 2921 487 2974 in
536 2920 711 2975 undas
746 2920 1215 2991 ingrediebantur,
1256 2929 1311 2977 et
1358 2922 1414 2975 in
1446 2920 1721 2987 fornaces,
1748 2924 1905 2993 quasi
1941 2926 1991 2979 in

2097 2925 2175 2995 τῷ
2219 2923 2413 2995 αἰθρίῳ
2442 2924 2618 2992 κρύει,
2663 2923 2737 2987 ὼς
2798 2920 2966 2992 ἱλαρῷ
3004 2920 3417 2991 ἐπαυριζόμενοι
3458 2919 3668 2991 ἐγεγά-

430 3012 697 3068 thalamos
729 3028 789 3068 se
812 3011 1137 3078 inferebant,
1172 3023 1226 3069 et
1256 3014 1433 3086 rigido
1459 3015 1601 3087 gelu,
1626 3016 1769 3071 velut
1797 3018 1995 3087 jucun-

430 3103 660 3159 dissima
693 3118 826 3158 aura
859 3104 1268 3159 recreabantur.

497 3194 649 3249 Talis
684 3193 1009 3248 invictorum
1042 3195 1284 3265 pugilum
1313 3206 1432 3250 erat
1469 3197 1703 3265 species.
1740 3195 1853 3253 Hac
1904 3214 1994 3254 ra-

426 3287 578 3341 tione
611 3287 813 3352 omnia,
842 3302 962 3358 qua:
1011 3286 1249 3341 terriﬁca
1294 3287 1637 3354 videbantur,
1670 3289 1991 3346 irridebant.

428 3378 544 3434 Hoc
564 3377 727 3432 modo
744 3392 1008 3448 generose
1037 3378 1224 3449 fugato
1250 3393 1461 3445 errore,
1484 3381 1699 3449 pietatis
1726 3389 1991 3452 tropaeum

425 3480 741 3530 erexerunt,
797 3470 1027 3539 abiectis
1079 3472 1336 3527 omnibus
1389 3472 1552 3541 hujus
1586 3473 1993 3530 vitae'oblecta-

428 3563 649 3626 mentis,
684 3570 738 3616 et
772 3574 932 3617 exuta
954 3564 1103 3617 omni
1127 3572 1334 3619 naturae
1358 3566 1704 3632 necessitate,
1736 3568 1791 3622 in
1823 3569 1993 3624 solam

425 3663 653 3710 mortem
693 3670 793 3724 pro
822 3656 1043 3711 Christo
1086 3657 1385 3711 obeundam
1420 3660 1637 3714 intenti.
1684 3659 1993 3716 Mactaban-

424 3756 536 3809 tur,
569 3755 623 3801 et
645 3748 739 3816 qui
768 3747 1096 3812 mactabant,
1132 3746 1419 3802 cadebant.
1470 3748 1824 3818 Ligabantur,
1870 3766 1992 3807 eos-

427 3852 535 3905 que
557 3836 648 3905 qui
700 3835 941 3905 ligabant
983 3836 1132 3890 omni
1163 3836 1358 3906 agendi
1389 3834 1707 3891 eilicacitate
1728 3836 1991 3892 destitue-

424 3928 576 3982 bant.
612 3926 1074 3997 Flagellabantur,
1121 3935 1176 3981 et
1234 3927 1392 3981 dolor
1434 3943 1526 3983 eos
1566 3929 1660 3997 qui
1689 3930 1988 3994 caedebant,

422 4017 729 4072 cruciabat.
763 4015 1080 4070 Tormentis
1133 4016 1506 4086 excogitandis
1542 4018 1863 4075 deficiebant
1893 4031 1979 4092 ty-

424 4108 601 4161 ranni.
643 4105 1100 4160 Emarcescebant
1128 4107 1388 4161 lictorum
1420 4122 1635 4174 manus,
1664 4118 1720 4163 et
1746 4110 1866 4179 ipso
1895 4128 1988 4166 su-

422 4200 554 4254 dore
571 4212 673 4254 suo
697 4197 1082 4267 speciosiorem
1111 4196 1462 4252 reddiderunt
1476 4198 1696 4268 pietatis
1726 4202 1983 4270 speciem.

2092 3034 2260 3071 νωντο
2288 3016 2578 3087 πνεύματι.

2167 3198 2401 3268 Τοιαύτη
2436 3199 2470 3269 ἡ
2495 3198 2606 3251 τῶν
2636 3200 2919 3269 ἀηττήτων
2951 3197 3291 3269 παράστασις
3318 3196 3667 3265 ἀγωνιστῶν,

2092 3290 2263 3354 οὓτως
2308 3292 2565 3345 ἀπάντων
2606 3290 2852 3362 φοϐερῶν
2896 3291 3236 3359 κατεγέλων·
3288 3288 3429 3342 οὓτω
3482 3306 3667 3341 νεανι-

2092 3386 2205 3449 κῶς
2230 3385 2589 3456 τροπούμενοι
2620 3384 2717 3454 τὴν
2751 3384 2978 3455 πλάνην,
3007 3385 3069 3436 τὸ
3104 3384 3205 3453 τῆς
3258 3381 3535 3446 εὐσεϐείας
3566 3385 3666 3437 ἁν-

2099 3476 2261 3531 ίστων
2318 3475 2609 3547 τρόπαιον,
2669 3475 2884 3530 ᾶπαντα
2946 3475 3197 3546 ῥίψαντες
3255 3474 3367 3545 βίου
3414 3475 3665 3546 τερπνὰ,

2092 3568 2308 3623 ἀπασαν
2354 3568 2598 3637 ἀνάγκην
2667 3566 2881 3636 φύσεως
2940 3566 3293 3636 ἀποθέμενοι,
3344 3566 3437 3620 καὶ
3497 3564 3662 3635 μόνον

2092 3660 2184 3714 τοῦ
2252 3660 2392 3730 ὑπὲρ
2458 3661 2693 3731 Χριστοῦ
2756 3660 2933 3714 θανεῖν
2995 3660 3361 3730 ἀντεχόμενοι,
3425 3659 3658 3725 Ἐσφάτ-

2090 3770 2261 3819 τοντο,
2302 3753 2396 3805 καί
2426 3753 2746 3821 σφάττοντες
2774 3752 3018 3805 ἔπιπτον.
3046 3751 3416 3820 Ἐδεσμοῦντο,
3441 3752 3535 3804 καὶ
3567 3752 3659 3804 ἀν·

2091 3846 2417 3915 ενεργήτους
2463 3844 2733 3897 ἐδείκνυον
2778 3845 2903 3907 τοὺς
2952 3843 3327 3913 δεσμεύοντας.
3397 3842 3659 3912 Ἐμαστι-

2090 3937 2302 4004 γοῦντο,
2335 3936 2427 3990 καὶ
2456 3936 2514 3991 αἰ
2535 3935 2717 3990 ὀδύναι
2745 3936 2873 4000 τοὺς
2903 3935 3299 4007 μαστιγοῦντας
3324 3934 3659 4003 ἐλάμϐανον.

2103 4025 2476 4097 Ἐξηπόρησαν
2505 4025 2639 4096 πρὸς
2665 4026 2764 4098 τὴν
2792 4025 3010 4097 εὕρεσιν
3040 4026 3150 4081 τῶν
3194 4026 3439 4095 βασάνων
3461 4026 3507 4079 οἱ
3559 4026 3658 4079 τύ-

2093 4133 2295 4187 ραννοι.
2342 4115 2764 4185 Ἑξενευρίζοντο
2811 4118 2907 4180 τὰς
2958 4119 3147 4187 χεῖρας
3185 4117 3235 4169 οἱ
3278 4117 3481 4187 δήμιοι.
3515 4116 3656 4169 Φαι-

2088 4206 2346 4277 δροτέραν
2380 4206 2704 4277 εἰργάσαντο
2747 4209 2861 4272 τοῖς
2908 4208 3127 4279 ἱδρῶσιν
3169 4208 3347 4261 αὐτῶν
3380 4208 3475 4279 τῆς
3497 4208 3654 4262 εὐσε-

424 4287 735 4344 ηωειὶιίιιιη
767 4288 1030 4358 impietati
1059 4288 1442 4344 conciliarunt.
1466 4288 1747 4348 Daemones
1774 4291 1983 4362 ejulan-

2097 4298 2237 4362 δείας
2277 4299 2375 4367 τὴν
2400 4299 2707 4369 ὡραιότητα
2730 4315 2746 4331 ο
2776 4300 2837 4354 τὸ
2890 4300 3208 4370 σκυθρωπὸν
3247 4305 3310 4372 τῇ
3359 4301 3653 4372 δυσσεϐείᾳ

421 4396 503 4443 tes
533 4385 883 4458 aufugerunt,
916 4385 1240 4440 conculcato
1271 4400 1463 4441 eorum
1516 4385 1572 4440 in
1628 4400 1855 4457 corpore
1888 4404 1984 4444 su-

422 4479 668 4550 percilio.
706 4478 768 4532 ln
816 4478 1092 4533 silentium
1143 4476 1516 4547 deceptionem
1552 4478 1782 4533 mutavit
1812 4480 1984 4535 mali-

419 4588 559 4643 gnus
588 4586 839 4643 serpens,
867 4586 991 4626 cum
1022 4570 1257 4636 videret,
1296 4587 1487 4627 omnes
1521 4571 1843 4629 insidiarum
1868 4589 1980 4628 ma-

420 4666 608 4720 chinas
638 4664 693 4719 in
717 4677 876 4718 suum
896 4671 1059 4732 caput
1085 4662 1365 4718 recidisse.

485 4755 604 4811 Jam
635 4756 781 4811 enim
829 4762 885 4810 et
926 4753 1187 4809 mulieres
1242 4753 1493 4810 alacriter
1524 4754 1579 4808 in
1623 4770 1842 4810 arenam
1879 4756 1976 4811 de-

420 4848 762 4914 scendentes,
788 4847 859 4901 ob
888 4844 1116 4916 primam
1142 4854 1423 4915 parentem
1454 4845 1754 4917 deceptam,
1786 4863 1975 4919 pmnas

423 4938 487 4991 ab
523 4952 590 4992 eo
619 4938 996 5007 reposcebant,
1027 4937 1204 5007 capite
1227 4936 1345 5005 ejus
1378 4945 1599 4992 strenue
1628 4939 1971 5003 conculcato,

423 5030 534 5095 illo,
572 5029 815 5098 inquam,
860 5032 1057 5101 capite,
1096 5028 1239 5100 quod
1266 5028 1399 5084 illud
1456 5029 1721 5085 malorum
1782 5045 1973 5102 agmen

423 5115 723 5188 progenuit.
754 5115 909 5172 Nunc
947 5119 1313 5188 excogitatum
1361 5118 1431 5174 ab
1466 5118 1558 5173 illo
1589 5120 1926 5175 mendacium
1957 5140 1971 5175 :

425 5206 583 5263 Erilis
636 5209 774 5264 sicut
820 5209 895 5263 dii
954 5210 1020 5277 ”,
1053 5220 1250 5281 praeter
1282 5223 1499 5265 omnem
1549 5224 1721 5279 spem,
1759 5213 1974 5268 veritati

425 5314 745 5369 :onsonans,
779 5302 1154 5357 acerbissimis
1206 5318 1330 5357 eum
1364 5302 1699 5359 cruciatibus
1734 5311 1969 5373 torquet.

424 5387 546 5443 Nam
575 5398 844 5461 martyres
870 5391 1087 5448 Christo
1115 5393 1171 5448 in
1203 5394 1552 5465 passionibus
1585 5395 1701 5452 suis
1729 5397 1972 5467 conﬁgu-

2082 4390 2520 4461 κατεπράξαντο,
2569 4390 2819 4462 δαίμονες
2872 4391 3118 4462 ἀπῄεσαν
3167 4392 3480 4464 ὀδυρόμενοι
3545 4394 3652 4464 τῆς

2080 4482 2282 4553 ὀφρύος
2312 4483 2489 4537 αὐτῶν
2512 4485 2569 4537 ἐν
2600 4484 2814 4555 σώματι
2844 4485 3209 4557 πατόυμένης,
3249 4486 3539 4557 μετέϐαλεν
3567 4488 3652 4552 εἰς

2084 4576 2239 4647 σιγὴν
2271 4577 2369 4647 τὴν
2408 4575 2621 4645 ἀπάτην
2646 4576 2674 4630 ὁ
2722 4576 2953 4646 πονηρὸς
2982 4576 3125 4645 δφις,
3157 4577 3218 4630 τὺ
3259 4579 3367 4631 πᾶν
3387 4578 3486 4648 τῆς
3521 4577 3652 4632 ἐπι-

2080 4668 2277 4737 ϐουλῆς
2306 4667 2553 4734 καθορῶν
2577 4668 3037 4738 ἐπιστρεφόμενον
3060 4668 3197 4740 πρὸς
3220 4670 3405 4725 αὐτόν.

2154 4758 2290 4827 Ἤδη
2318 4759 2426 4829 γὰρ
2471 4759 2563 4811 καί⁵
2603 4761 2855 4827 γυναῖκες
2895 4760 3321 4830 ἀποδυσάμεναι,
3350 4762 3487 4835 πρὸς
3539 4781 3649 4819 πα-

2077 4845 2350 4919 λαίσματα
2378 4851 2479 4919 τῆς
2522 4851 2867 4921 προμήτορος
2890 4890 2905 4915 ,
2948 4852 3109 4905 αὑτὸν
3159 4853 3510 4924 εἰσέπραττον
3542 4858 3648 4925 τὴν

2078 4942 2314 5011 ἀπάτην,
2357 4943 2616 5005 νεανικῶς
2657 4943 2755 5013 τὴν
2783 4943 3021 5014 κεφαλὴν
3070 4942 3355 5011 πατοῦσαι,
3402 4947 3647 5018 κεφαλὴν

2078 5033 2313 5105 ἐκείνην,
2342 5034 2376 5103 ἢ
2402 5033 2492 5088 τὸν
2522 5035 2687 5105 ἐσμὸν
2711 5037 2809 5106 τῆς
2848 5036 3112 5108 πονηρίας
3142 5038 3395 5093 ἀπέτεκε.
3428 5038 3541 5091 Νῦν
3584 5044 3645 5094 τὸ

2082 5125 2537 5196 μεμηχανημένον
2563 5126 2709 5197 αὐτῷ
2750 5126 2962 5195 ψεῦδος,
3001 5128 3082 5195 τὸ,
3110 5129 3368 5185 Ἕσεσθε
3394 5131 3475 5196 ὡς
3495 5133 3643 5197 θεοὶ,

2077 5218 2228 5289 παρά
2260 5220 2437 5272 πᾶσαν
2486 5218 2675 5271 ἐλπίδα
2714 5217 2848 5289 πρὸς
2895 5220 3152 5291 ἀλήθειαν
3186 5220 3418 5289 ἐξελθὸν,
3448 5222 3641 5292 δριμυ-

2072 5309 2260 5373 τάταις
2286 5307 2570 5379 ἀλγηδόσιν
2595 5309 2756 5363 αὑτὸν
2788 5310 3113 5379 περιϐάλλει.
3142 5312 3201 5364 Οἰ
3226 5312 3333 5383 γὰρ
3364 5312 3643 5383 μάρτυρες

2076 5400 2556 5472 συμμορφούμενοι
2589 5402 2645 5454 ἐν
2673 5404 2781 5466 τοῖς
2822 5401 3019 5457 πάθεσι
3059 5404 3137 5475 τῷ
3165 5404 3407 5476 Χριστῷ,
3447 5405 3542 5456 καὶ
3577 5408 3642 5477 τῇ

419 5484 538 5551 rati,
567 5485 732 5541 etiam
758 5485 955 5542 divina:
975 5488 1159 5559 gloriae
1188 5490 1509 5564 conﬁgurati
1532 5503 1677 5549 sunt.
1714 5492 1869 5549 Nunc
1899 5493 1967 5549 ab

2097 5494 2194 5565 ιείᾳ
2229 5493 2355 5567 δόξῃ
2386 5495 2901 5568 συνεμορφώθησαν,
2929 5495 3021 5552 νῦν
3054 5494 3135 5562 οἷς
3179 5498 3502 5570 διεϐάσκηνε
3536 5499 3641 5568 τῆς

492 5665 533 5697 ιδ
576 5663 714 5719 Gen.
749 5679 829 5731 ut.
864 5664 917 5720 5.
