3952 6210
474 248 571 320 191
1698 239 1970 301 LEONIS
2000 236 2455 298 PHILOSOPIII
3600 234 3704 293 192

465 364 707 440 jucunde
729 365 786 418 in
813 362 934 417 vita:
967 360 1130 431 hujus
1153 358 1273 415 solo
1309 356 1639 412 consistunt.
1672 354 1773 420 Qui
1808 355 1863 407 in
1896 353 2036 407 bello

2163 352 2593 419 ιαταφεύγοντες,
2634 347 2855 417 ἑτοίμην
2895 345 2993 417 τὴν
3029 345 3182 398 λύσιν
3234 344 3606 417 εὑρίσκουσιν.
3642 350 3709 401 0t

466 437 567 514 vos
594 470 693 526 pro
718 451 1139 523 propugnaculis
1170 450 1394 513 habent,
1434 448 1473 501 ii
1502 453 1827 512 servantur;
1851 444 1945 515 qui
1982 444 2039 498 in

2169 462 2197 497 ν
2234 441 2471 512 εὐθυμία
2497 441 2623 512 ὑμῖν
2651 440 2750 503 τὰς
2785 438 3035 507 ἀγκύρας
3065 438 3339 510 ῥίψαντες,
3390 437 3591 506 ίλαρῶς
3616 438 3710 492 τὸν

468 564 625 621 pace,
660 547 737 600 illi
763 556 945 600 vestro
978 543 1230 612 praesidio
1272 542 1431 603 bona,
1481 553 1601 607 qua:
1634 552 1910 605 nunquam
1940 536 2041 589 im-

472 642 815 700 minuuntur,
845 636 1177 705 percipiunt.
1210 630 1543 686 Multitudini
1575 630 1880 683 libertatem
1906 644 2039 695 sup-

472 730 759 802 peditatis;
796 743 920 781 nam
946 742 1039 781 eos
1072 725 1165 795 qui
1193 724 1293 778 sub
1327 722 1533 791 peccati
1558 721 1690 791 jugo
1720 719 1919 790 captivi
1958 728 2039 772 te-

473 832 693 888 nentur,
734 820 1001 883 liberatis,
1058 817 1257 872 crectis
1313 814 1425 884 jam
1460 815 1591 868 olim
1636 823 1691 868 et
1743 813 2040 867 etiamnum

474 915 711 984 tr0paeis,
775 921 826 965 cl
864 910 1178 979 passionum
1227 907 1540 974 caliginem,
1591 913 1715 958 ortu
1763 903 1905 969 diei,
1936 917 2043 972 quo

476 1005 733 1059 memoria
770 1002 937 1056 vestri
985 1001 1267 1063 recolitur,
1304 997 1617 1066 dispellitis.
1654 995 1911 1049 Ecclesia:
1941 1010 2044 1048 un-

476 1107 734 1167 guentum
754 1095 909 1157 estis,
934 1094 1091 1159 longe
1115 1090 1471 1159 fragrantius,
1491 1103 1650 1159 quam
1673 1086 1809 1156 quod
1835 1085 2047 1140 descen-

476 1191 553 1242 dit
579 1190 633 1241 in
657 1186 872 1240 barbam
904 1184 1083 1237 Aaron
1113 1192 1161 1235 et
1189 1199 1337 1235 oram
1370 1179 1659 1235 vestimenti
1685 1180 1747 1231 ⁸⁸.
1783 1177 2047 1231 Sacerdo-

478 1280 624 1334 tibus
645 1278 781 1332 estis
816 1283 1198 1330 ornamentum
1224 1274 1397 1337 stolae,
1432 1272 1653 1342 regibus
1702 1286 1905 1325 corona
1932 1272 2049 1339 glo-

476 1371 590 1433 riae,
624 1369 721 1422 toti
757 1378 1028 1422 terrarum
1052 1365 1171 1418 orbi
1203 1376 1631 1418 conservatores.
1684 1360 1791 1415 Per
1818 1378 1912 1415 vos
1943 1360 2048 1413 mi-

477 1464 548 1519 sit
582 1462 739 1515 Pater
767 1462 1024 1515 dilectum
1068 1459 1290 1523 Filium,
1350 1456 1445 1526 qui
1478 1456 1796 1525 praeclarum
1832 1455 1965 1509 illud
1998 1464 2051 1508 et

478 1554 817 1610 salutiferum
856 1562 1113 1620 trOpaeum
1163 1550 1374 1614 statuit,
1407 1557 1848 1616 crcaturamque,
1880 1562 2043 1615 quam

2140 536 2253 606 βίον
2300 534 2751 588 ἀποσαλεύουσιν.
2790 534 2851 585 Οί
2893 533 2950 585 ὲν
3004 532 3261 600 πολέμοις
3309 531 3453 600 ὑμᾶς
3495 531 3715 599 ἔχοντες

2142 626 2405 695 πύργους,
2435 624 2807 689 διασώζονται.
2837 626 2899 676 Οἱ
2922 626 2978 676 ὲν
3005 624 3217 693 εἰρήνῃ.
3248 624 3367 685 ταῖς
3396 622 3553 692 ὑμῶν
3596 625 3718 675 ἐπι-

2144 719 2390 780 στασίαις
2418 717 2664 788 ἀμείωτα
2688 717 2927 785 τρυγῶσι
2958 716 3023 768 τὰ
3048 715 3247 783 ἀγαθά.
3275 714 3423 784 Ἔχει
3444 715 3513 769 τὰ
3531 715 3715 785 πλήθη

2142 812 2411 882 χορηγοὺς
2437 809 2743 877 ἐλευθερίας
2780 810 2942 878 ὑμᾶς.
2968 809 3108 870 Τοὺς
3131 806 3238 878 γὰρ
3266 807 3369 859 ὑπὸ
3396 808 3496 875 τῆς
3517 809 3713 877 ἁμαρ-

2143 902 2263 964 τίας
2289 901 2663 970 ’διωκομένους
2710 898 2788 951 ἔτι
2841 899 2933 951 καὶ
2980 897 3075 950 νῦν
3113 898 3415 965 ἐγείροντες
3453 898 3717 966 τρόπαια,

2144 993 2243 1062 τῆς
2278 991 2653 1062 αἰχμαλωσίας
2705 989 3096 1061 ἀπολυτροῦτε,
3132 990 3226 1041 καὶ
3276 987 3384 1042 τῶν
3427 989 3617 1042 παθῶν
3657 992 3721 1042 τὸ

2148 1083 2358 1147 σκότος,
2398 1086 2519 1146 ταῖς
2566 1083 2851 1146 ἀνατολαῖς
2888 1082 2997 1135 τῶν
3028 1082 3183 1151 ὑμῶν
3237 1081 3398 1152 ἱερῶν
3441 1082 3723 1151 μνημοσύο

2153 1192 2259 1228 νων
2307 1173 2705 1240 διασκεδάζετε.
2740 1177 2960 1245 Ἔχουσι
3001 1173 3172 1245 μύρον
3202 1175 3348 1243 ὑμᾶς
3389 1175 3446 1226 αἱ
3485 1175 3721 1245 Ἐκκλη-

2150 1268 2284 1333 σίαι,
2331 1266 2424 1320 τοῦ
2472 1268 2570 1320 ἐπὶ
2606 1266 2714 1320 τόν
2747 1265 3017 1332 πώγωνα,
3057 1265 3153 1319 καὶ
3203 1265 3318 1334 τὴν
3344 1265 3468 1318 (har
3503 1266 3727 1334 Ἀαρὼν

2148 1357 2615 1422 καταϐαίνοντος
2643 1356 3021 1425 εὐωδέστερον,
3067 1353 3260 1423 στολῆς
3305 1355 3645 1424 εὐπρέπειαν
3672 1360 3722 1410 οί

2153 1449 2338 1517 ἱερεῖς,
2392 1448 2627 1517 διάδημα
2665 1446 2822 1517 δόξης
2860 1448 2909 1499 οἱ
2954 1446 3209 1516 βασιλεῖς,
3268 1448 3420 1499 πᾶσα
3473 1449 3507 1517 ἡ
3537 1449 3717 1501 οίκου-

2155 1539 2288 1608 μένη
2324 1539 2601 1609 σωτῆρας.
2641 1538 2718 1591 Δι’
2746 1540 2898 1607 ὑμῶν
2925 1539 3031 1608 γὰρ
3075 1538 3458 1605 ἐξαπέστειλεν
3501 1540 3719 1608 ἀγαπη-

485 1644 774 1716 tyrannide
808 1660 904 1699 sua
942 1642 1282 1711 opprimebat
1308 1641 1540 1705 daamon,
1586 1640 1760 1707 ejecto
1794 1639 2053 1693 adversa-

2163 1629 2249 1682 τὸν
2282 1629 2465 1681 mw)
2520 1630 2731 1698 Πατὴρ,
2764 1629 2824 1682 τὸ
2881 1629 3020 1698 μέγα
3070 1629 3164 1680 καὶ
3214 1628 3481 1699 σωτήριον
3532 1630 3723 1701 ἦγειρε

484 1738 584 1801 rio,
618 1750 814 1790 rursus
847 1734 1082 1802 subjecit
1115 1732 1226 1787 Deo
1257 1741 1313 1787 et
1360 1731 1507 1785 Patri
1557 1732 1648 1800 qui
1680 1737 1902 1799 propter
1932 1729 2051 1782 exi-

2158 1722 2437 1791 τρόπαιον,
2494 1721 2588 1773 καὶ
2621 1717 2689 1794 ἧς
2715 1722 2991 1791 ἐτυράννει
3045 1722 3276 1783 κτίσεως
3314 1722 3403 1773 τὸν
3451 1720 3726 1792 ἀλάστορα

482 1831 644 1883 ntiam
674 1827 1099 1889 confessionem,
1134 1842 1241 1895 qua
1278 1840 1400 1879 eum
1435 1823 1659 1892 confessi
1693 1823 1817 1877 estis
1869 1836 2048 1873 coram

2163 1811 2421 1876 καθελὼν,
2458 1811 2637 1874 καλῶς
2662 1812 2830 1882 αὐτὴν
2878 1812 3037 1864 πάλιν
3066 1811 3298 1875 ὑπέταξε
3346 1811 3421 1881 τῷ
3454 1812 3598 1883 Θεῷ,
3631 1813 3730 1866 καὶ

480 1921 774 1973 hominibus
801 1919 863 1983 ",
896 1920 950 1972 in
1001 1928 1298 1986 conspectu
1337 1915 1517 1970 Patris
1569 1926 1854 1970 consortes
1902 1915 2052 1984 regni

2163 1905 2356 1974 Πατρὶ,
2406 1905 2465 1967 ὃς
2499 1905 2619 1957 ἀντὶ
2647 1908 2745 1975 τῆς
2792 1904 2964 1975 καλῆς
3015 1905 3306 1973 ὁμολογίας
3352 1906 3415 1975 ἢν
3461 1904 3731 1958 ἐνώπιον

480 2028 578 2066 vos
637 2010 924 2074 confitens,
989 2025 1193 2063 corona
1252 2008 1440 2077 gloria:
1514 2008 1863 2072 condecorat,
1924 2008 2051 2076 quia

2163 1998 2482 2065 ἀνθρώπων
2500 1998 2943 2066 ὡμολογήσατε,
2970 1998 3200 2051 ἐνώπιον
3229 1998 3322 2051 τοῦ
3366 1998 3574 2067 Πατρός
3599 2017 3729 2051 κοι-

483 2106 629 2160 illius
652 2115 734 2158 est
769 2118 997 2173 regnum
1027 2111 1079 2157 et
1105 2101 1277 2172 gloria
1302 2102 1357 2155 in
1387 2100 1610 2156 sazcula.
1647 2099 1840 2153 Amen.

2163 2089 2358 2149 νωνοὺς
2411 2087 2509 2154 τῆς
2561 2086 2837 2155 βασιλείας
2868 2088 3164 2157 ὁμολογῶν,
3209 2088 3287 2159 τῷ
3327 2089 3566 2158 στεφάνῳ
3618 2090 3729 2158 τῆς

2153 2174 2309 2243 δόξης
2339 2177 2697 2245 κατακοσμεῖ,
2748 2176 2828 2228 ὅτι
2861 2177 3023 2230 αὑτοῦ
3074 2180 3221 2231 ἐστιν
3257 2179 3292 2249 ἠ
3337 2176 3593 2248 βασιλεία,
3626 2176 3733 2229 καὶ

2154 2270 2190 2338 ὴ
2218 2268 2344 2334 δόξα
2374 2269 2454 2332 είς
2482 2270 2607 2331 τοὺς
2635 2268 2858 2333 αἰῶνας.
2901 2266 3095 2341 Ἀμήν.

1054 2435 1313 2494 ORATIO
1351 2435 1494 2490 XVI.

493 2555 681 2613 Oratio
709 2552 762 2608 in
787 2551 1185 2605 decollationem
1206 2549 1379 2603 sancti
1421 2556 1472 2601 et
1527 2547 1745 2617 gloriosi
1794 2547 2057 2617 propheta:

731 2633 780 2677 et
814 2623 1167 2676 I’rwcursoris
1189 2632 1239 2674 et
1264 2619 1517 2687 Baptista:
1541 2617 1793 2672 Joannis.

2749 2432 2965 2485 ΛΟΓΟΣ
3014 2431 3132 2500 ις’.

2169 2544 2279 2599 Τοῦ
2302 2545 2488 2599 αὐτοῦ
2529 2545 2762 2614 Ὀμιλία
2801 2547 2890 2611 είς
2919 2544 3033 2612 τὴν
3075 2543 3386 2614 ἀποτομὴν
3416 2543 3524 2611 τῆς
3558 2544 3739 2613 ἁγίας

2234 2616 2333 2669 καὶ
2360 2615 2519 2684 ἱερᾶς
2551 2615 2819 2685 κεφαλῆς
2847 2616 2954 2670 τοῦ
2986 2616 3156 2683 ἁγίου
3182 2615 3549 2685 καίλὲνδόξου
3585 2632 3738 2682 προσ

2228 2678 2442 2753 φήτού,
2474 2678 2816 2757 Προῧρόμού
2845 2687 2943 2744 καί
2974 2678 3313 2740 Βάπτιστοῦ
3362 2678 3665 2741 Ἰωάνα-ού.

1699 2820 2027 2889 (Causam,
2071 2830 2112 2875 t.
2140 2820 2256 2887 XV,
2292 2837 2346 2892 p.
2379 2820 2529 2891 322.)

562 2941 697 3008 Quis
740 2938 891 2995 dabit
942 2945 999 2993 ut
1028 2936 1299 3008 prophetae
1354 2937 1559 3007 forcipe
1600 2954 1662 2994 os
1697 2954 1879 2994 meum
1913 2939 2050 2992 bene

2220 2936 2314 3000 Τίς
2348 2935 2507 2990 δώσει
2542 2935 2716 2990 λα6ίδι
2746 2938 3055 3007 προφητικῇ
3080 2934 3641 3006 διευστομῶσθαι,καὶ
3661 2940 3753 3008 τῷ

492 3032 888 3095 conformetur,
917 3038 972 3084 et
998 3029 1236 3083 carbone
1267 3030 1357 3083 illo
1410 3030 1551 3085 labia
1582 3044 1701 3085 mea
1732 3046 2050 3102 expurgen-

2163 3026 2428 3099 ἆνθαρακι
2444 3027 2510 3080 τὰ
2540 3027 2690 3099 χείλη
2719 3026 3055 3098 καθῃρᾶσθαι
3156 3027 3515 3101 κεκαθᾶρθαι]
3536 3048 3551 3097 ;
3570 3030 3751 3083 Ἐκεί-

493 3134 584 3178 tur
621 3123 702 3176 '3?
746 3123 819 3177 lis
856 3121 1001 3177 enim
1058 3137 1204 3175 nunc
1253 3136 1390 3191 opus
1434 3122 1663 3177 maxime
1692 3123 1885 3188 habeo,
1932 3138 2055 3177 cum

2163 3134 2264 3170 νων
2293 3117 2400 3186 γάρ
2427 3135 2515 3187 μοι
2547 3118 2613 3171 τὰ
2645 3117 2737 3170 νῦν
2764 3118 2994 3188 μάλιστα
3026 3118 3195 3189 δεῖτῷ
3217 3118 3356 3187 λόγῳ
3370 3120 3752 3191 περιηχοῦντι,

494 3231 619 3272 eum
648 3216 895 3269 oratione
924 3211 1305 3283 depraedicem,
1362 3229 1521 3283 quem
1576 3214 1718 3269 inter
1769 3214 2056 3285 prophetas

2163 3208 2218 3261 ὃν
2237 3211 2266 3263 ὁ
2296 3211 2800 3280 μεγαλοφωνότατος
2821 3212 3193 3281 προανήχησεν
3220 3213 3275 3265 ὲν
3298 3212 3623 3283 προφήταις.
3644 3213 3752 3276 Τίς

497 3308 734 3362 maxime
763 3321 1001 3361 sonorus
1055 3316 1108 3358 et
1160 3305 1551 3374 grandiloquus
1578 3306 1884 3376 praecinuit.
1927 3304 2056 3371 Quis

2163 3297 2273 3353 οἷον
2309 3301 2395 3354 ἐπ’
2429 3301 2586 3372 ὅρους
2611 3302 2787 3372 ὑψηλῇ
2813 3302 3018 3373 διανοίᾳ
3045 3302 3386 3362 ἀναϐιϐάσει,
3410 3303 3760 3375 ὡρμημένον

494 3398 645 3453 velut
669 3413 832 3467 supra
861 3404 1097 3450 montem
1133 3396 1518 3464 cogitationum
1551 3397 1885 3451 sublimitate
1930 3397 2056 3452 sub-

2169 3392 2463 3462 κηρύσσειν
2504 3394 2603 3464 τὴν
2633 3395 2814 3465 φωνὴν
2846 3394 2938 3447 τοῦ
2976 3395 3171 3463 Λόγου,
3214 3395 3307 3447 τοῦ
3340 3397 3613 3459 Βασιλέως
3648 3395 3760 3449 τὸν

498 3490 657 3543 vehet
721 3502 867 3551 eum,
922 3487 1013 3555 qui
1060 3502 1249 3540 vocem
1284 3485 1443 3541 Verbi
1491 3488 1775 3543 dilaudare
1806 3488 2056 3554 instituit,

2168 3485 2423 3555 κήρυκα;
2452 3486 2689 3555 Πάρεστι
2724 3486 2832 3557 γὰρ
2871 3487 2964 3540 καὶ
3010 3486 3103 3541 νῦν
3207 3489 3414 3556 μεγάλη
3440 3490 3540 3557 τῆς
3573 3506 3750 3558 μετα-

496 3590 915 3648 prazconernquc
942 3575 1120 3646 regis?
1146 3576 1311 3631 Adest
1332 3577 1480 3630 enim
1528 3579 1825 3631 etiamnum
1874 3592 2056 3648 magna

2170 3575 2317 3636 νοίας
2354 3577 2606 3644 σάλπιγξ,
2638 3578 2706 3629 τὰ
2753 3577 2872 3630 θεῖα
2903 3578 3236 3641 σαλπίξουσα
3284 3579 3752 3647 παραγγέλματα,

498 3666 591 3720 illa
619 3665 951 3736 pcenitentize
977 3664 1128 3730 tuba,
1174 3666 1356 3719 divina
1386 3667 1596 3721 monita
1648 3668 1927 3733 intonans,
1958 3684 2056 3722 non

2168 3668 2269 3721 οὑκ
2308 3668 2588 3739 ὲρημικῶν
2628 3670 2964 3739 προΐσχουσα
3000 3670 3235 3741 χωρίων,
3273 3670 3405 3724 ἀλλὰ
3428 3672 3536 3723 τῶν
3572 3672 3751 3741 ἀνθη-

495 3759 607 3830 jatn
635 3775 701 3814 ex
732 3758 901 3814 eremi
936 3758 1249 3828 regionibus
1275 3796 1290 3819 ,
1334 3759 1429 3813 sed
1475 3774 1539 3814 ex
1576 3757 1834 3814 ﬂoriferis
1877 3760 2056 3815 Eccle-

2171 3760 2351 3830 φόρων
2379 3762 2477 3830 τῆς
2516 3761 2841 3832 Ἐκκλησίας
2885 3762 3164 3817 κοιλάδων.
3198 3762 3465 3834 Πάρεστιν
3500 3763 3754 3818 ἀπειλῶν

498 3851 596 3906 sia:
616 3850 851 3905 vallibus
880 3848 1201 3919 procedens.
1228 3848 1416 3913 Adest,
1451 3850 1799 3920 minaturque
1834 3851 2056 3905 securim

2168 3851 2269 3922 τὴν
2307 3852 2517 3922 ἀξίνην,
2562 3854 2656 3906 καὶ
2687 3852 2784 3923 τὴν
2810 3854 2982 3925 τομὴν
3006 3856 3117 3918 τοῖς
3163 3854 3454 3926 ἀκάρποις,
3498 3856 3594 3907 καὶ
3638 3856 3752 3926 τὴν

501 3942 861 3997 infructuosis
909 3950 965 3996 et
991 3941 1264 3996 excidium
1294 3944 1361 4009 ¹⁹,
1411 3951 1465 3996 et
1515 3944 1793 4013 palearum
1831 3945 1899 3999 ab
1949 3946 2056 4015 ignt

2173 3943 2278 3995 ὑπὸ
2302 3943 2395 3995 τοῦ
2415 3943 2594 4013 ,πυρὸς
2612 3943 2705 3996 τοῦ
2741 3943 2943 4015 ἀχύρου
2980 3944 3195 4010 καῦσιν,
3228 3946 3322 3999 καὶ
3350 3946 3447 4016 τὴν
3466 3945 3559 3999 τοῦ
3592 3946 3754 4001 σίτου

501 4033 865 4097 cxustionem,
899 4030 1272 4101 frumentique
1312 4032 1365 4086 in
1407 4033 1591 4086 divina
1640 4034 1834 4089 horrea
1865 4036 2056 4105 impor-

2174 4035 2254 4096 είς
2284 4033 2352 4086 τὰ
2380 4034 2496 4086 θεῖα
2530 4037 2755 4103 ταμιεῖα
2789 4036 3147 4104 καταγγέλλει
3190 4038 3466 4091 ἀπόθεσιν.
3515 4038 3753 4109 Ὀρᾶται

502 4122 767 4176 tationem
823 4122 1134 4177 annuntiat.
1168 4120 1281 4177 Nec
1319 4138 1425 4177 una
1454 4131 1722 4177 terrarum
1750 4135 1904 4195 parte
1936 4142 2056 4182 con-

2173 4126 2271 4196 οὐχ
2303 4126 2385 4179 ἑνὶ
2422 4126 2578 4196 μέρει
2607 4130 2704 4197 τῆς
2731 4128 2853 4198 γῆς,
2878 4129 2992 4182 ἀλλ’
3025 4132 3130 4183 ἀνὰ
3160 4132 3338 4184 πᾶσαν
3359 4131 3456 4202 τὴν
3482 4131 3752 4202 οἰκουμέ-

503 4212 768 4282 spicitur;
805 4212 899 4268 sed
935 4228 1042 4283 qua
1067 4213 1306 4268 mundus
1347 4221 1513 4283 patet,
1546 4217 1789 4269 cernitur
1816 4218 2056 4273 omnibus

2176 4236 2293 4290 νην,
2329 4214 2409 4284 οἷς
2453 4220 2574 4290 ὄψις
2603 4221 2696 4275 τοῦ
2746 4222 2989 4277 τοιούτου
3038 4224 3330 4295 θεάματος,
3374 4226 3465 4278 τοῦ
3507 4227 3696 4294 φωτὸς
3724 4230 3755 4280 ὁ

505 4305 635 4371 illis,
655 4305 747 4371 qui
777 4305 967 4358 oculos
999 4305 1099 4359 hoc
1125 4305 1436 4375 spectaculo
1465 4306 1657 4377 dignos
1680 4308 1899 4375 habent,
1935 4311 2071 4368 lucis

506 4394 724 4450 lucerna
758 4392 944 4448 radios
980 4394 1175 4449 salutis
1202 4395 1480 4451 emittens.
1539 4394 1737 4452 Fundit
1767 4389 2068 4457 Etiamnum

505 4484 689 4555 lingua
727 4485 898 4550 illius,
933 4484 1107 4541 instar
1129 4486 1249 4556 puri
1276 4486 1440 4543 fontis
1476 4488 1737 4545 doctrinae
1773 4489 1973 4547 fluenta
1999 4494 2070 4549 ὀ.

505 4574 656 4630 Licet
679 4575 823 4630 enim
851 4574 962 4644 jam
997 4575 1128 4629 olim
1167 4584 1457 4647 tyrannus,
1480 4582 1565 4635 vel
1604 4582 1785 4649 potius
1814 4583 2069 4640 adulterii

504 4667 838 4739 mancipium
875 4673 1037 4736 caput
1073 4666 1193 4736 ejus
1224 4677 1511 4739 amputare
1539 4687 1647 4727 non
1681 4675 1954 4731 horruerit
1982 4679 2065 4745 ἰς

503 4768 561 4813 at
600 4774 707 4813 una
764 4774 873 4813 non
926 4756 1158 4812 abscidit
1203 4760 1545 4830 eloquentem
1600 4764 1749 4819 illam
1802 4766 2063 4836 linguam.

502 4849 783 4904 Abstinuit
817 4847 1031 4920 gladius
1086 4848 1155 4903 ab
1208 4850 1564 4920 abscissione,
1627 4870 1751 4910 cum
1786 4855 2068 4913 incidisset

506 4940 745 5009 linguam
780 4941 929 4996 omni
961 4942 1203 4999 sectione
1236 4946 1735 5012 penetrabiliorem.
1785 4948 2066 5015 Quomodo

506 5030 652 5084 enim
685 5030 799 5084 fieri
826 5041 1036 5101 poterat
1059 5040 1117 5086 ut
1147 5034 1350 5104 lingua,
1383 5050 1505 5105 quae
1536 5046 1743 5093 naturae
1766 5042 2066 5095 necessita-

510 5128 613 5176 tem
645 5131 951 5192 superarat,
973 5126 1404 5191 superareturab
1424 5127 1532 5182 ictu
1559 5129 1759 5199 gladii?
1783 5130 2069 5196 Quomodo

506 5226 604 5281 par
632 5220 771 5277 erat,
798 5219 855 5265 ut
892 5213 937 5266 is
973 5215 1065 5282 qui
1095 5221 1344 5269 materno
1367 5216 1545 5272 adhuc
1594 5229 1749 5274 utero
1772 5222 2067 5276 conclusus

507 5314 569 5354 os
596 5302 651 5354 in
674 5302 839 5356 verba
871 5302 1222 5370 formaverat,
1258 5308 1440 5361 carnis
1464 5308 1579 5378 jam
1628 5313 1858 5369 nexibus
1904 5330 2064 5370 exso-

509 5391 679 5460 lutus,
722 5406 752 5446 a
804 5395 1060 5463 loquendi
1128 5396 1382 5455 facultate
1426 5401 1850 5471 prohiberetur?
1900 5408 2069 5476 Igitur

507 5481 694 5553 lingua
750 5499 858 5539 non
919 5494 1004 5540 est
1033 5496 1271 5557 exsecta,
1305 5507 1405 5549 nec
1438 5509 1542 5549 vox
1574 5511 1888 5568 compressa
1921 5518 1934 5554 :
1969 5501 2067 5557 sed

2172 4311 2385 4381 λύχνος,
2423 4312 2525 4383 τῆς
2560 4314 2829 4385 σωτηρίας
2860 4317 3200 4387 προπέμπων
3226 4318 3325 4381 τὰς
3370 4318 3753 4387 λαμπηδόνας.

2175 4406 2463 4476 ῐιροχεῖται
2493 4407 2587 4460 καὶ
2609 4406 2704 4461 νῦν
2745 4410 2844 4476 τῆς
2873 4407 3078 4461 ἐκείνου
3125 4408 3372 4480 γλώσσης
3410 4409 3596 4478 ῶσπερ
3633 4428 3752 4485 πητ

2172 4497 2274 4565 γῆς
2323 4486 2569 4566 καθαρᾶς
2604 4497 2702 4567 τῆς
2745 4497 3092 4562 διδασκαλίας
3148 4499 3216 4553 τὰ
3248 4500 3483 4571 νάματα.
3528 4500 3592 4553 Et
3632 4502 3751 4571 γὰρ

2171 4589 2267 4641 καὶ
2294 4588 2393 4659 τὴν
2440 4589 2680 4660 κεφαλὴν
2714 4589 2879 4642 πάλαι
2912 4591 3193 4662 τύραννος,
3245 4593 3442 4663 μᾶλλον
3477 4592 3531 4645 δὲ
3568 4610 3752 4663 μοιχι-

2172 4678 2268 4732 κοῦ
2299 4678 2483 4743 δοῦλος
2508 4680 2694 4748 ἄγους,
2718 4682 2966 4751 ἐκτεμεῖν
3013 4682 3318 4751 ὲφρυάξατο
3340 4723 3354 4749 ,
3385 4683 3499 4737 ἀλλ’
3521 4683 3581 4735 οὐ
3614 4699 3752 4735 συν-

2177 4770 2418 4838 απέτεμε
2453 4771 2549 4841 τὴν
2582 4771 2808 4825 εῠλαλον
2832 4773 3100 4840 γλῶσσαν.
3147 4775 3417 4846 Ἐστράςρη
3448 4776 3544 4847 τὴν
3570 4777 3753 4849 τομὴν

2174 4860 2233 4913 τὸ
2265 4860 2435 4928 ξίφος,
2461 4861 2690 4933 ὀξυτέρα
2716 4862 3080 4934 περιτυχοῦσα
3122 4867 3259 4935 τομῇ
3284 4866 3381 4935 τῆς
3411 4867 3503 4919 τοῦ
3538 4868 3751 4921 Βαπτιο

2174 4951 2299 5004 στοῦ
2331 4950 2598 5022 γλώσσης.
2634 4954 2742 5007 Ποῦ
2768 4956 2874 5025 γὰρ
2921 4951 2989 5027 ἦν
3027 4955 3246 5025 θεμιτὸν
3276 4957 3597 5027 διατεμόντα
3637 4963 3750 5013 πᾶ-

2175 5060 2273 5096 σαν
2325 5044 2569 5115 ἀνάγκην
2608 5048 2708 5117 τῆς
2767 5048 2999 5117 φύσεως,
3056 5050 3203 5119 ἥττω
3250 5051 3496 5117 γενέσθαι
3554 5049 3752 5119 ξίφους

2173 5136 2379 5205 τομῆς;
2413 5136 2522 5188 Ποῦ
2542 5136 2600 5189 δὲ
2626 5138 2772 5200 εἰκὸς
2799 5140 2891 5191 τὸν
2923 5141 2979 5191 ὲν
3008 5140 3341 5210 σπαργάνοις
3363 5140 3552 5207 νηδύος
3576 5142 3751 5209 φθεγ-

2172 5226 2419 5296 γόμενον,
2470 5228 2656 5282 τοῦτον
2701 5230 2928 5283 λυθέντα
2970 5232 3077 5285 τῶν
3130 5233 3401 5300 σαρκίνων
3456 5233 3748 5304 δεσμάτων

2171 5317 2485 5392 [ἀμμάτων]
2537 5323 2634 5393 τὴν
2709 5322 2949 5394 φθογγὴν
3005 5325 3349 5395 κωλυθῆναι;
3389 5326 3597 5379 Οὐκοῦν
3640 5328 3749 5378 οὐκ

2172 5411 2382 5481 ἐτμήθη
2420 5414 2453 5483 ἡ
2501 5412 2739 5481 γλῶσσα,
2770 5415 2877 5467 οὐδ’
2909 5417 2942 5486 ἡ
2986 5416 3137 5486 φωνὴ
3174 5417 3462 5487 ἐπεσχέθη,
3510 5417 3624 5470 ἀλλ’
3661 5418 3746 5469 ἔτι

2173 5502 2269 5553 καὶ
2328 5500 2423 5555 νῦν
2476 5502 2572 5574 τὴν
2616 5504 2857 5575 Ἡρώδου
2918 5506 3162 5575 μοιχείαν
3208 5507 3377 5562 λαλεῖ.
3436 5507 3577 5561 Ἀλλ’
3626 5507 3745 5562 ἄνω

582 5659 779 5722 “Psal.
811 5679 1019 5735 cum,
1040 5667 1093 5724 2.
1129 5669 1169 5704 "
1200 5667 1390 5727 Matth.
1419 5688 1468 5743 ι,
1491 5676 1579 5731 ⁸52.
1617 5678 1659 5710 ¹⁰
1684 5675 1788 5734 lsa.
1810 5680 1956 5746 v1,6.
1996 5682 2039 5714 ’⁸
2066 5680 2255 5739 Matth.
2284 5682 2468 5751 m,10;
2494 5683 2627 5743 Luc.
2650 5686 2801 5755 111,9.
2833 5688 2879 5722 ὀ
2900 5687 3233 5756 Joan.v,55.
3267 5691 3309 5723 ²¹
3341 5692 3518 5746 Marc.
3544 5688 3730 5755 max.
