4070 6206
258 195 360 258 193

759 192 1042 254 ORATIO
1080 194 1233 254 XVI.
1281 195 1433 255 —IN
1474 192 2116 256 DECOLLATIONEM
2140 194 2198 252 S.
2237 191 2559 252 JOANNIS
2599 191 2997 252 BAPTIST.E.

3421 188 3527 252 194

251 312 402 382 πρὸς·
425 309 524 372 τὰς
559 307 727 362 αὑτοῦ
759 308 922 376 γονὰς
953 306 1119 361 ἀνιὼν
1151 310 1181 361 6
1216 308 1394 376 λόγος,
1426 308 1548 362 ὅλον
1593 310 1726 380 ἡμῖν
1753 309 1844 360 τὸν

1960 304 2110 360 nodie
2135 305 2300 360 etiam
2336 303 2570 359 Herodis
2600 302 2928 358 adulterium
2978 303 3178 372 arguit.
3202 303 3272 356 At
3313 317 3530 361 revoce-

252 403 468 458 ἐκείνου
503 401 617 470 βίον
641 400 1051 468 ἀπαγγειλὰνιω,
1086 401 1182 453 καὶ
1223 401 1320 469 ὅλη
1349 400 1446 469 τῆς
1476 400 1687 453 ἐκείνου
1720 399 1848 470 βιώ-

256 515 398 560 σεως
447 495 668 557 εὐωδία,
719 495 818 564 τὴν
863 493 1086 565 λογικὴν
1129 493 1381 564 αίσθησιν
1433 493 1846 562 κατατερπέτω.

254 590 512 645 Μάλιστα
544 589 645 658 μὲν
677 586 788 657 γὰρ
828 586 971 656 μέγα
999 585 1189 655 κέρδος
1221 584 1283 637 τὸ
1327 585 1422 638 καὶ
1464 584 1664 655 μέρους
1705 583 1850 646 τινὸς

253 681 351 735 τοῦ
384 681 600 734 ἐκείνου
635 679 752 750 βίον
783 679 965 732 λαλεῖν
1007 677 1070 730 τὸ
1095 677 1372 747 ὠφέλιμον
1397 694 1411 709 ·
1447 677 1675 748 ἄπειρον
1701 675 1759 730 δέ
1795 693 1848 728 τι

215 774 316 827 -τὸ
346 774 650 842 σύμπασαν
700 769 801 842 τὴν
834 768 1046 822 ἐκείνου
1090 768 1314 822 ἐπιόντα
1363 764 1531 840 ζωὴν,
1569 765 1849 835 συλλέγειν

252 866 325 920 τὰ
363 864 574 934 ἀγαθά.

332 1129 513 1211 Ἤδη.
539 1128 638 1210 μὲν
692 1121 787 1184 οὖν
842 1129 957 1192 τοῖς
1005 1127 1214 1192 δούλοις
1253 1129 1281 1182 ὁ
1307 1127 1562 1199 βασιλεὺς
1603 1129 1661 1182 ἐν
1687 1128 1851 1200 ὁμοίᾳ

261 1225 452 1293 μορφῇ
518 1216 877 1293 προσομιλεῖν
919 1221 1220 1292 ἐκεκρίκει,
1276 1220 1502 1274 καὶτοῦ
1535 1219 1702 1290 ὕψους
1753 1222 1852 1292 τῆς

255 1317 456 1386 Θεῖκῆς
478 1315 906 1384 συγκαταὸἀντα
923 1315 1082 1385 δόξης
1109 1314 1414 1386 ἐνδημῆσαι
1447 1317 1512 1386 τῇ
1545 1313 1852 1387 ἀνθρώπων

255 1409 517 1479 ἐσχατιᾷ.
546 1407 693 1461 Ἔδει
721 1407 781 1461 δὲ
818 1407 930 1480 ἄρα
955 1406 1058 1477 τῆς
1090 1406 1232 1478 ὑπὲρ
1253 1407 1409 1475 λόγον
1440 1406 1646 1480 ταύτης
1668 1406 1854 1477 ἐπιδη-

259 1501 398 1571 μίας
458 1501 636 1571 μέγαν
688 1499 815 1554 τινὰ
877 1499 1134 1569 γενέσθαι
1209 1499 1578 1572 προάγγελον.
1635 1500 1852 1555 Γίνεται

270 1593 556 1662 Ἰωάννης,
592 1585 654 1646 οὗ
685 1591 887 1663 μείζων
917 1593 1095 1657 οὐδεὶς
1125 1593 1184 1645 ἐν
1217 1595 1498 1672 γεννητοῖς
1539 1591 1848 1661 γυναικῶνέ

1948 414 2072 457 mus
2112 400 2416 453 orationem
2453 397 2521 452 ad
2568 397 2689 466 ejus
2721 405 2906 474 ortum
2935 403 2990 450 et
3041 395 3393 459 incunabula,
3449 407 3532 452 ιο-
3595 462 3602 475 ι

1948 490 2168 561 tiusque
2189 490 2314 546 vita
2342 490 2637 544 decursum
2683 472 2844 543 nobis
2867 487 3145 552 denarret,
3183 496 3238 542 et
3270 496 3382 542 t0ta
3411 488 3534 542 vitae
3583 472 3602 509 ³
3631 491 3634 495 ’
3701 559 3707 566 _

1949 583 2018 638 ab
2043 583 2137 637 illo
2176 573 2470 637 transacta
2501 579 2800 648 fragrantia
2833 595 3057 634 sensum
3098 579 3332 635 rationis
3363 581 3536 650 parti~

1949 675 2124 744 cipem
2175 673 2430 729 oblectet.
2486 671 2546 726 ln
2584 671 2822 726 maximo
2852 671 2999 725 enim
3034 670 3188 726 lucro
3221 670 3537 741 ponendum

1948 773 2056 830 est,
2110 778 2566 829 commemorare,
2615 777 2755 832 quas
2799 762 2885 816 vel
2918 776 3028 816 uua
3056 762 3179 816 vita
3229 762 3378 818 illius
3408 779 3537 831 pars

1950 856 2220 911 utilitates
2249 856 2668 926 complectatur,
2706 854 2954 910 infinitos
2977 863 3156 910 autem
3200 855 3414 913 fructus
3444 872 3538 927 pa-

1951 953 2045 1017 rit,
2080 953 2127 1009 si
2177 953 2301 1024 quis
2333 954 2501 1009 totius
2539 953 2664 1007 vita
2714 953 2860 1007 illius
2911 953 3053 1008 bona
3089 952 3143 1006 in
3176 969 3347 1009 unum
3379 956 3537 1010 colli-

1953 1058 2082 1114 gere
2113 1046 2488 1116 aggrediatur.

2026 1136 2174 1209 Ergo
2198 1137 2313 1206 jam
2372 1136 2484 1194 Rex
2517 1138 2763 1194 caelestis
2835 1153 2961 1192 eum
3003 1139 3182 1195 servis
3207 1139 3344 1204 suis,
3369 1137 3538 1193 simili

1955 1230 2190 1287 vestitus
2224 1227 2427 1294 forma,
2470 1231 2678 1286 versari
2722 1240 2775 1285 et
2822 1229 3096 1296 habitare,
3136 1239 3191 1285 et
3237 1246 3302 1286 ex
3339 1230 3534 1284 altitu-

1955 1316 2082 1372 dine
2125 1317 2325 1373 divina
2358 1317 2546 1387 gloria
2583 1317 2650 1372 ad
2705 1317 2807 1372 has
2852 1317 2992 1372 imas
3033 1317 3324 1372 hominum
3371 1317 3538 1372 sedes

1954 1407 2296 1466 descendere
2339 1407 2692 1475 decreverat;
2724 1405 3011 1478 oportebat
3059 1408 3230 1477 igitur
3284 1416 3342 1461 ut
3373 1407 3538 1477 hujus

1955 1502 2256 1568 descensus
2312 1512 2368 1556 et.
2420 1502 2691 1556 adventus
2725 1515 2943 1555 omnem
2986 1501 3256 1554 rationem
3301 1514 3538 1568 exsupe-

1955 1594 2132 1649 rantis
2175 1593 2409 1664 insignis
2478 1592 2811 1664 deligeretur
2859 1592 3224 1663 praenuntius.
3281 1589 3536 1646 Nascitur

259 1684 359 1738 καὶ
391 1684 699 1754 προφθάνει
723 1684 880 1738 τόκον
917 1683 1176 1755 ὑπερφυῆ
1207 1685 1502 1755 παρθένου,
1530 1684 1688 1748 τόκος
1713 1699 1856 1736 στει-

1960 1683 2224 1753 Joannes,
2286 1701 2397 1756 quo
2432 1685 2611 1753 major
2660 1685 2802 1740 inter
2840 1693 2998 1739 natos
3049 1684 3341 1739 mulierum
3377 1697 3538 1739 nemo

261 1775 541 1846 ρευούσης
591 1776 928 1847 παράδοξος
979 1777 1075 1830 καὶ
1121 1777 1384 1850 προανθεῖ
1417 1777 1649 1846 στάχυος
1686 1775 1855 1830 ἀσπό⁴

259 1885 386 1939 pou,
421 1868 834 1938 μαραινομένης
876 1867 1033 1939 ῥίζης
1074 1867 1324 1938 βλαστὸς,
1377 1869 1472 1922 καὶ
1515 1867 1632 1920 λύει
1668 1867 1858 1938 ὥσπερ

258 1958 460 2027 νηδύος
503 1959 602 2030 τὴν
657 1959 967 2030 στείρωσιν,
1027 1959 1172 2013 οὕτω
1223 1960 1318 2013 καὶ⁵
1367 1958 1625 2030 γλώσσης
1653 1959 1854 2029 δεσμά.

261 2051 404 2105 Οὐδὲ
433 2050 546 2121 γὰρ
577 2050 685 2104 ἔδει
706 2052 888 2121 φωνῆς
916 2050 1338 2123 ἀποτεχθείσης,
1365 2051 1457 2105 τὸν
1487 2051 1717 2106 τεκόντα
1742 2069 1856 2121 φω-

261 2145 363 2214 νῆς
392 2145 667 2215 ἀμοιρεῖν,
703 2143 813 2196 οὐδ’
847 2143 1126 2212 ἄφθογγον
1164 2139 1308 2198 εἶναι
1346 2144 1440 2197 τὸν
1491 2145 1590 2216 τῆς
1626 2145 1858 2213 σάλπιγ-

259 2249 363 2300 γος
387 2233 588 2288 αἴτιον.
625 2231 832 2285 Λύεται
860 2231 1043 2286 τοίνυν
1071 2233 1170 2303 τῆς
1199 2232 1357 2304 δίκης
1383 2233 1482 2304 τῆς
1514 2234 1726 2305 σιωπῆς
1754 2235 1860 2288 Ζα-

261 2322 490 2395 χαρίας,
515 2321 777 2387 λύσαντος
809 2322 908 2388 τὰς
937 2323 1131 2388 ὠδῖνας
1151 2324 1244 2378 τοῦ
1275 2324 1507 2396 βρέφους
1528 2341 1542 2355 ⁶
1575 2325 1670 2380 κα)⁸
1694 2326 1861 2396 φθέγ-

262 2433 427 2484 γεται
489 2415 616 2469 νέαν
650 2415 856 2487 φωνὴν,
886 2417 986 2486 τῆς
1023 2415 1247 2488 πρώτης
1274 2417 1486 2488 ἀμείνω
1529 2419 1624 2472 καὶ
1659 2419 1861 2473 θειοτέ-

265 2525 395 2578 ραν,
424 2509 525 2574 τήν
548 2525 610 2561 τε
640 2508 982 2580 Δεσποτικῆν
1014 2509 1305 2580 ἐπίσκεψιν
1350 2511 1652 2580 ἀναφωνῶν
1691 2513 1749 2566 ἐν
1782 2511 1860 2584 τῷ

263 2598 575 2672 Πνεύματι,
620 2601 715 2654 καὶ
742 2602 843 2674 τὴν
865 2602 961 2656 τοῦ
998 2604 1187 2669 παιδὸς
1215 2606 1473 2678 πορείαν,
1509 2607 1577 2676 ἢν
1617 2607 1726 2679 πρὸ
1764 2608 1858 2661 τοῦ

273 2693 540 2762 Ὑψίστου
574 2693 928 2766 πορεύσεται,
959 2696 1369 2768 ὑφηγούμενοςο
1419 2699 1481 2752 οὺ
1525 2699 1680 2770 μόνον
1711 2700 1766 2752 δὲ
1794 2698 1859 2771 δὴ

267 2786 438 2858 μέχρι
459 2787 726 2858 Ζαχαρίου
752 2789 963 2842 ἵσταται
987 2790 1057 2844 τὰ
1087 2791 1410 2862 τελούμενα,
1439 2791 1576 2848 ἀλλά
1605 2793 1700 2847 καὶ
1737 2793 1861 2862 δογ-

271 2879 466 2949 μάτων
505 2880 800 2951 ὁρωμένων
826 2881 1126 2954 βαθύτερον
1146 2886 1204 2938 ἐν
1230 2884 1439 2948 τούτοις
1489 2887 1860 2958 καταθεωρεϊ-

272 2987 387 3026 ται.
433 2970 495 3025 '0
524 2973 635 3044 γάρ
661 2989 745 3026 τοι
777 2974 1008 3037 παλαιὸς
1035 2975 1197 3046 νόμος
1246 2976 1345 3048 τὴν
1374 2979 1610 3049 γηραιὰν
1636 2979 1746 3032 τῶν
1774 2981 1862 3032 ἐν-

276 3062 566 3135 εαλμάτων
623 3064 807 3137 φωνὴν
853 3067 932 3130 είς
987 3069 1184 3140 καινὴν
1235 3074 1572 3139 μετεποιεῖτο
1612 3070 1689 3141 τῷ
1717 3072 1860 3125 κατὰ

278 3158 510 3228 (ριστὸν
538 3158 772 3229 δόγματι
797 3161 1196 3232 καινιζόμενος.
1242 3162 1405 3215 Ἀλλὰ
1437 3164 1545 3234 γὰρ
1584 3163 1727 3218 οὕτω
1763 3165 1861 3234 μὲν

267 3249 594 3321 παραδόξως
616 3250 856 3320 γαστρὸς
878 3251 1107 3305 ἀτέκνου
1133 3252 1381 3322 πρόεισιν
1423 3254 1698 3323 Ἰωάννης,
1758 3253 1861 3324 ἤδη

265 3340 364 3395 τοῦ
394 3340 595 3413 καιροῦ
625 3341 917 3407 καλοῦντος
949 3343 1084 3416 πρὸς
1127 3345 1410 3398 εὐτεκνίαν
1435 3346 1534 3416 τὴν
1560 3347 1862 3416 ἱερωτάτην

265 3433 366 3488 τοῦ
389 3435 732 3504 Μονργενοῦς
770 3435 1009 3507 νύμφην.
1038 3436 1494 3510 Παραδοξοτέρων
1539 3437 1584 3492 δ’
1615 3439 1861 3511 ἀπάρχε-

267 3546 384 3593 ται,
437 3527 732 3599 θαυμαστά
785 3529 1119 3601 Θαυμαστοίς
1171 3533 1479 3596 συνάπτων,
1509 3532 1607 3586 καὶ
1638 3531 1860 3602 ὑψηλοῖς

269 3621 480 3692 ὑψηλά.
513 3621 588 3675 υύ
607 3622 867 3692 γὰρκατά
878 3623 977 3694 τὴν
998 3616 1397 3695 νενομισμένην
1417 3627 1482 3696 τῇ
1508 3623 1666 3694 φύσει
1687 3624 1859 3678 αίῶνα

273 3713 524 3788 [ῂὼνιζε]
557 3715 722 3787 ζωὴν,
743 3716 867 3770 οὐδὲ
893 3719 1004 3780 τοῖς
1022 3718 1170 3771 κάτω
1189 3717 1459 3770 δουλεύειν
1483 3717 1745 3787 ὑπέμεινε
1770 3717 1858 3769 νό-

272 3825 423 3876 μοις,
452 3808 571 3884 ἀλλ’
595 3808 790 3881 ὥσπερ
819 3809 925 3877 ἔξω
950 3811 1131 3878 πάσης
1162 3809 1426 3882 σαρκίνης
1459 3811 1703 3881 ἀνάγκης
1735 3812 1857 3880 μετ’

269 3901 528 3971 ἀγγέλων
552 3902 724 3966 ἐὸίου,
750 3903 844 3957 καὶ
871 3907 936 3976 τῇ
964 3905 1188 3959 ἐκείνων
1229 3906 1564 3977 συνανήγετο
1589 3904 1854 3974 πολιτείᾳ.

268 3996 386 4048 Καὶ
411 3995 546 4063 γοῦν
595 3996 918 4068 καταλείπει
966 3998 1071 4059 τὰς
1114 3999 1171 4051 ἐν
1195 3999 1350 4053 ἄστει
1372 3996 1676 4069 διατριϐὰς,
1701 3996 1859 4049 οὐδα-

271 4085 395 4156 μῶς
454 4086 774 4158 ἀνθρώπους
822 4088 996 4159 μισῶν
1049 4089 1190 4161 (πῶς
1237 4090 1348 4161 γὰρ
1381 4091 1410 4143 ὁ
1473 4088 1856 4160 φιλανθρώπου

264 4179 549 4231 Δεσπότου
577 4179 776 4252 κήρυξ,
827 4182 924 4234 καὶ
953 4181 1057 4250 τῆς
1079 4182 1190 4235 τῶν
1233 4181 1538 4253 ἀνθρώπων
1582 4183 1857 4253 σωτηρίας

266 4267 704 4340 εὐαγ.γελιστής;
727 4269 745 4341 )
769 4286 783 4300 ο
816 4271 933 4323 ἀλλ’
960 4272 1148 4344 ἐχρῆν,
1181 4273 1257 4337 ὼς
1307 4274 1472 4340 ἔοικε,
1509 4275 1599 4329 τὸν
1625 4275 1856 4346 δορυφό-

1961 1777 2180 1834 esstitit
2213 1795 2228 1832 :
2269 1785 2603 1848 partumque
2647 1776 2895 1832 divinum
2932 1775 3175 1848 Virginis
3213 1775 3535 1840 antevertit,

1957 1879 2152 1942 partus
2184 1870 2500 1942 in0pinatus
2534 1870 2842 1927 infecunda
2866 1870 3083 1936 matris,
3116 1877 3172 1924 et
3197 1869 3354 1940 prius
3385 1868 3538 1923 emo-

1962 1963 2132 2019 rescit
2165 1976 2333 2033 quam
2369 1964 2524 2033 spica
2557 1977 2667 2018 non
2722 1972 2863 2028 sata,
2909 1963 3116 2017 arentis
3170 1961 3372 2016 radicis
3412 1974 3536 2032 ger-

1960 2068 2109 2108 men.
2143 2052 2213 2107 Et
2238 2061 2294 2108 ut
2320 2054 2530 2110 ventris
2560 2053 2907 2110 sterilitatem
2945 2094 2962 2119 ,
3003 2053 3076 2107 ita
3100 2062 3154 2107 et
3189 2053 3387 2124 lingua
3420 2052 3536 2106 vin-

1960 2145 2085 2201 cula
2114 2146 2302 2202 solvit.
2334 2144 2452 2201 Non
2485 2147 2633 2202 enim
2666 2147 2916 2215 decebat,
2951 2155 3010 2201 ut
3032 2146 3208 2216 genita
3239 2159 3390 2209 voce,
3440 2159 3536 2212 ge-

1965 2238 2115 2294 nitor
2175 2253 2376 2308 expers
2428 2238 2582 2294 vocis
2640 2246 2926 2303 maneret;
2964 2245 3222 2291 mutusve
3251 2249 3398 2289 esset
3422 2235 3534 2298 ille,

1960 2332 2055 2402 qui
2091 2330 2236 2386 tuba
2258 2345 2428 2386 causa
2456 2332 2773 2386 exstiterat.
2800 2328 3115 2384 Absolvitur
3135 2328 3300 2399 igitur
3335 2327 3535 2382 Zachav

1962 2425 2077 2481 rias
2102 2438 2133 2479 a
2165 2424 2392 2480 silentio
2430 2439 2542 2495 quo
2583 2424 2874 2478 damnatus
2911 2422 3108 2489 fuerat,
3144 2422 3353 2477 infante
3378 2420 3536 2476 dolo-

1961 2532 2053 2573 res
2082 2515 2793 2585 dissolventezvocemque
2853 2514 3036 2571 fundit
3102 2529 3318 2580 novam,
3354 2515 3536 2584 priore

1962 2609 2054 2664 illa
2083 2610 2246 2680 longe
2271 2608 2558 2665 meliorem
2583 2615 2639 2665 et
2659 2608 3004 2672 diviniorem,
3031 2608 3160 2662 dum
3214 2606 3428 2662 Domini
3457 2608 3534 2661 νί-

1961 2703 2279 2760 sitationem
2306 2703 2362 2758 in
2413 2702 2620 2773 Spiritu
2645 2703 2921 2766 decantat,
2952 2701 3218 2771 puerique
3239 2699 3403 2766 viam,
3429 2714 3536 2770 qua

1961 2803 2092 2851 ante
2122 2795 2322 2850 faciem
2361 2794 2632 2850 Altissimi
2665 2794 2848 2850 iturus
2896 2801 3039 2859 erat,
3069 2793 3318 2862 exponit.
3354 2792 3536 2861 Neque

1962 2886 2249 2941 miraculis
2281 2886 2433 2940 circa
2462 2884 2785 2940 Zachariam
2811 2887 2982 2957 gestis
3013 2899 3104 2940 res
3129 2883 3340 2940 finitur.
3393 2883 3536 2951 Quin

1963 2977 2379 3048 profundiorem
2405 2978 2702 3048 quamdam
2736 2977 3071 3041 doctrinam,
3100 2993 3264 3047 quam
3292 2979 3364 3032 sit
3420 2979 3538 3030 vnl-

1969 3069 2138 3138 garis,
2172 3077 2228 3122 et
2260 3084 2385 3138 qua
2427 3069 2484 3122 in
2515 3069 2762 3124 omnium
2807 3079 3107 3139 conspectu
3139 3069 3336 3139 posita,
3372 3072 3424 3123 in
3452 3071 3538 3127 his

1965 3160 2324 3216 considerare
2367 3160 2519 3216 licet.
2573 3159 2715 3214 Nam
2776 3161 2862 3214 lex
2916 3171 3074 3216 vetus
3122 3173 3359 3216 veterem
3390 3162 3537 3216 illam

1963 3254 2345 3308 mandatorum
2377 3267 2566 3309 vocem
2599 3253 2655 3308 in
2678 3268 2875 3309 novam
2905 3254 3280 3320 commutavit,
3314 3270 3410 3324 per
3443 3272 3537 3310 sa-

1963 3346 2198 3401 lutarem
2260 3346 2470 3401 Christi
2518 3347 2924 3402 institutionem
2973 3357 3256 3404 renovata.
3302 3349 3362 3403 In
3392 3349 3539 3403 hunc

1963 3441 2187 3496 modum
2233 3455 2300 3494 ex
2361 3439 2664 3495 infecundo
2713 3447 2872 3495 utero
2893 3449 3088 3510 prater
3121 3441 3435 3510 opinionem
3483 3450 3539 3494 et

1961 3533 2430 3603 exspectationem
2457 3531 2702 3587 Joannes
2731 3534 3105 3601 pronascitur,
3129 3532 3377 3601 cumjam
3399 3543 3540 3587 tem-

1962 3640 2066 3695 pus
2101 3624 2539 3680 sacratissimam
2570 3623 2877 3696 Virginem,
2914 3633 2967 3680 et
3020 3625 3294 3696 Unigeniti
3336 3641 3539 3696 paren-

1962 3727 2069 3772 tem
2097 3718 2164 3771 ad
2197 3717 2597 3773 fecunditatem
2635 3727 2879 3783 vocaret,
2915 3720 3198 3790 multoque
3221 3721 3400 3775 adhuc
3435 3720 3536 3774 ad-

1961 3808 2270 3874 mirabilius
2301 3811 2426 3865 vita
2446 3824 2677 3867 cursum
2702 3810 2945 3876 inchoat,
2982 3812 3229 3867 miranda
3250 3813 3536 3889 mirandis,

1959 3908 2016 3956 et
2041 3901 2298 3957 sublimia
2327 3900 2660 3958 sublimibus
2691 3904 3072 3960 accumulans.
3099 3904 3216 3960 Non
3256 3905 3400 3961 enim
3455 3905 3540 3959 vi-

1929 3995 2071 4061 _tam
2100 3989 2226 4046 aliis
2256 3991 2523 4046 usitatam
2553 3989 2809 4064 degebat,
2840 4007 3018 4064 neque
3044 3996 3278 4052 terrenis
3299 3996 3538 4052 decretis

1960 4084 2169 4139 servire
2211 4083 2472 4153 dignatus
2509 4091 2630 4152 est;
2655 4085 2751 4141 sed
2793 4086 2954 4157 quasi
3015 4088 3200 4144 Carnis
3233 4090 3382 4144 mole
3417 4090 3534 4160 jam

1961 4183 2160 4231 exutus
2192 4190 2318 4230 cum
2345 4176 2557 4246 angelis
2587 4176 2936 4241 versabatur,
2984 4193 3286 4250 eorumque
3324 4182 3542 4235 vivendi

1963 4269 2234 4324 rationem
2277 4269 2618 4324 sectabatur.
2655 4269 2712 4322 ln
2761 4269 2898 4323 urbe
2943 4271 3276 4325 commorari
3334 4273 3538 4337 renuit,

268 4378 364 4432 ρον
384 4360 484 4414 τοῦ
512 4361 692 4432 πάσης
720 4363 978 4418 ἐπέκεινα
999 4365 1157 4436 δόξης
1174 4369 1269 4420 καὶ
1298 4367 1547 4432 εὐταξίας
1568 4368 1852 4438 βασιλέως,

1964 4377 2074 4416 non
2097 4361 2222 4416 odio
2263 4361 2549 4416 hominum
2579 4360 2879 4431 (quomodo
2911 4362 3056 4415 enim
3093 4377 3270 4431 praco
3305 4364 3540 4429 Domini,

268 4453 560 4523 κρείττονα
598 4449 739 4509 εἶναι
771 4455 1012 4510 ἀστικῶν
1043 4458 1297 4529 ταραχῶν
1318 4499 1332 4522 ,
1381 4460 1477 4512 καὶ
1526 4461 1854 4532 ταπεινότη-

266 4564 384 4610 τος.
415 4546 573 4616 Ἀμα
620 4548 677 4602 δὲ
728 4550 824 4602 καὶ
868 4550 1169 4620 μελλούσης
1209 4553 1333 4621 ἄρτι
1365 4555 1479 4617 τοῖς
1515 4553 1856 4608 δουλεύουσιν

271 4640 528 4713 ἁμαρτίᾳ
552 4641 639 4696 διά
662 4629 766 4714 τῆς
800 4645 860 4698 ἐν
891 4646 1075 4715 χάριτι
1099 4646 1376 4710 πολιτείας
1400 4647 1712 4720 ἐλευθερίας
1753 4668 1856 4720 μη-

271 4739 526 4800 νύεσθαι,
560 4739 857 4794 ἀκόλουθον
877 4736 946 4811 ἦν
970 4741 1030 4806 ἐξ
1071 4742 1309 4813 ἐρημίας
1340 4742 1402 4795 τὸ
1430 4744 1652 4814 μήνυμα
1679 4746 1854 4816 ἥκειν,

267 4831 468 4904 ὥσπερ
492 4831 558 4903 δὴ
582 4832 676 4886 καὶ
712 4831 792 4903 τῷ
824 4833 1182 4904 πρεσϐυτέρῳ
1226 4834 1444 4907 Ἰσραὴλ
1475 4835 1573 4906 τῆς
1601 4836 1660 4889 ἐν
1687 4839 1858 4906 Αἰγύ-

271 4942 396 4994 πτῳ
421 4923 674 4986 δουλείας.
693 4923 755 4988 ἐξ
782 4924 942 4996 ὅρους
963 4921 1065 4996 ἧκε
1094 4926 1354 4995 Μωῦσῆς,
1379 4927 1740 4995 ἀπαγγέλλων
1761 4927 1860 4996 τὴν

267 5017 678 5089 ἀπολύτρωσιν.
697 5019 839 5083 Ἕως
869 5019 970 5089 μὲν
994 5017 1087 5073 οἶὶν
1115 5020 1144 5071 6
1172 5019 1445 5089 βασιλεὺς,
1472 5020 1859 5083 ταπεινώσεως

268 5110 516 5180 πλούτῳ,
548 5110 649 5181 τῆς
690 5111 885 5164 ἑαυτοῦ
922 5110 1080 5178 δόξης
1105 5112 1196 5164 τὸν
1240 5111 1472 5164 πλοῦτον
1506 5112 1855 5176 ὑπέστελλεν,

266 5202 511 5271 ἀφανέσι
537 5202 758 5274 χωρίοις
798 5205 894 5257 καὶ
927 5204 955 5256 6
990 5204 1326 5275 στρατιώτης
1371 5205 1669 5275 ἐνδιῃτᾶτο.
1707 5196 1860 5257 Ἐπεὶ

263 5297 323 5350 δὲ
359 5299 389 5350 ὁ
423 5296 616 5366 καιρὸς
668 5297 984 5367 ἐφεστήκει,
1022 5296 1146 5350 καθ’
1192 5296 1252 5350 ὃν
1303 5295 1432 5361 ἔδει,
1457 5297 1556 5350 ὅσα
1585 5295 1736 5366 παρά
1763 5296 1860 5350 τοῦ

268 5391 492 5461 Πατρὸς
517 5390 548 5442 ὁ
602 5389 913 5460 Μονογενὴς
949 5390 1173 5461 ἢκουσε,
1208 5389 1594 5462 χρηματίζειν,
1640 5392 1761 5444 τότε
1794 5390 1860 5462 δὴ

266 5489 367 5541 καὶ
390 5489 535 5552 τότε,
567 5486 663 5540 καὶ
689 5488 718 5540 6
755 5486 852 5557 τῆς
879 5487 1090 5557 ἐρήμου
1116 5486 1406 5557 τρόφιμος,
1448 5485 1654 5541 ἄνωθεν
1679 5485 1861 5540 λαϐὼν

263 5582 332 5633 τὸ
383 5579 672 5649 ἐνδόσιμον
709 5577 806 5632 τοῦ
857 5578 1214 5648 κηρύγματος
1243 5621 1258 5643 ,
1291 5580 1520 5649 ἄρχεται
1577 5579 1860 5649 ὁμαλίζειν

262 5671 496 5744 τρίϐους
511 5670 794 5742 τραχείας,
813 5669 932 5740 ῆτοι
959 5669 1189 5741 καρδίας
1205 5671 1547 5742 ἀτεράμονας
1568 5673 1633 5742 τῇ
1655 5673 1859 5725 Δεσπο-

606 5770 876 5828 ΓΑτιιοι..
911 5767 1027 5828 Gn.
1070 5765 1253 5829 CVII.
1672 5756 1699 5766 “’

1964 4455 2062 4524 qui
2097 4453 2351 4509 homines
2384 4461 2671 4522 tantopere
2705 4453 2949 4520 amabat,
2989 4462 3044 4508 et
3068 4454 3264 4509 salutis
3293 4455 3543 4510 humana:

1964 4545 2334 4618 evangelista,
2363 4545 2615 4602 homines
2640 4547 2928 4618 odisset?),
2962 4546 3057 4603 sed
3089 4547 3217 4619 quia
3233 4550 3540 4618 oportebat,

1967 4651 2026 4698 ut
2059 4641 2326 4698 credibile
2377 4651 2486 4708 est,
2517 4641 2806 4697 satellitem
2840 4631 3026 4711 Regis,
3056 4643 3146 4713 qui
3184 4641 3331 4696 omni
3373 4642 3544 4711 gloria
3617 4695 3625 4702 ,

1967 4748 2019 4793 et
2049 4737 2241 4791 ordine
2269 4736 2524 4806 superior
2545 4743 2652 4798 est,
2677 4735 3036 4796 excelsiorem
3064 4750 3188 4790 esse
3217 4735 3365 4787 omni
3394 4733 3542 4812 civili

1967 4834 2126 4888 tnrba
2158 4841 2213 4888 et
2244 4830 2572 4901 abjectione.
2602 4829 2853 4892 Accedit,
2880 4829 3026 4899 quod
3056 4842 3183 4883 cum
3211 4827 3279 4882 iis
3305 4827 3397 4896 qui
3429 4842 3546 4897 pec-
3601 4849 3611 4877 ι

1965 4938 2092 4983 cato
2128 4927 2466 4992 serviebant,
2499 4924 2732 4982 libertas
2756 4941 2854 4996 per
2879 4933 3080 4980 statum
3101 4924 3295 4994 gratia
3332 4923 3543 4983 futura,

1967 5019 2347 5074 annuntianda
2380 5026 2551 5084 esset,
2591 5032 2941 5089 consequens
2971 5025 3113 5079 erat,
3159 5024 3217 5068 ut
3245 5030 3309 5070 ex
3347 5017 3549 5070 solitu-

1967 5113 2096 5168 dine
2117 5115 2348 5168 nuntius
2379 5112 2483 5168 iste
2515 5112 2782 5182 prodiret,
2819 5109 3282 5180 quemadmodum
3321 5108 3548 5178 antiquo

1968 5205 2161 5259 lsraeli
2192 5217 2259 5259 ex
2304 5212 2495 5260 monte
2527 5202 2747 5274 Moyses
2799 5202 3004 5257 missus
3051 5209 3159 5266 est,
3210 5201 3548 5255 annuntians

1967 5296 2172 5366 populo
2209 5295 2645 5367 redemptionem
2663 5311 2733 5351 ex
2767 5291 3036 5349 servitute
3057 5288 3338 5363 Egyptia.
3369 5289 3550 5355 Quan-

1968 5388 2060 5443 diu
2116 5403 2246 5455 ergo
2283 5403 2379 5443 rex
2420 5387 2632 5443 divitiis
2671 5384 3033 5449 humilitatis,
3094 5385 3318 5440 divitias
3359 5383 3550 5454 gloria

1968 5485 2205 5554 tegebat,
2240 5482 2432 5539 tandin
2490 5483 2658 5540 etiam
2691 5483 2850 5539 miles
2880 5482 3030 5540 illius
3055 5492 3112 5539 et
3169 5490 3550 5552 propugnator

1968 5579 2188 5653 abditus
2236 5580 2289 5634 in
2331 5577 2468 5634 locis
2518 5578 2654 5635 solis
2696 5577 3034 5634 morabatur.
3080 5577 3152 5630 At
3182 5591 3306 5631 cum
3333 5581 3552 5645 tempus

1970 5671 2213 5738 advenit,
2258 5687 2367 5742 quo
2401 5659 2578 5729 Filius
2635 5672 2843 5740 omnia,
2883 5687 3005 5742 qua
3053 5685 3083 5724 a
3109 5667 3267 5726 Patre
3295 5669 3544 5726 audierat

3184 5762 3214 5825 7
