3952 6210
488 211 587 275 195

1702 208 1975 270 LEONIS
2012 208 2471 270 PHILOSOPHI

3599 211 3713 274 1‘36

483 323 691 381 mundo
716 322 1020 393 patefacere
1044 321 1297 387 debebat,
1338 330 1470 378 tunc
1495 331 1549 376 et
1582 322 1750 377 eremi
1783 322 2039 377 alumnus

2153 323 2265 393 τικῇ
2298 321 2392 373 καὶ
2421 319 2542 391 θείᾳ
2566 319 2903 390 διδασκαλίᾳ,
2932 319 3027 374 καὶ
3057 320 3263 391 ἀπηχεῖ
3286 316 3386 391 μέν
3411 319 3511 391 τῆς
3542 338 3715 391 μετα-

483 424 707 486 accepto
727 431 758 471 e
783 416 940 471 caelis
976 413 1380 485 praedicationis
1404 414 1719 470 inchoanda:
1740 414 1915 486 signo,
1956 414 2042 470 in-

486 508 623 578 cipit
652 507 773 563 vias
801 506 1181 575 asperas“-",
1205 505 1417 560 animas
1446 505 1698 560 videlicet
1724 504 2043 561 inflexibiles

484 606 539 653 et
585 597 774 658 duras,
821 596 1008 650 divina
1051 594 1301 650 doctrina
1343 595 1587 665 planare,
1649 604 1703 649 et
1750 595 2043 665 aequabiles

484 686 733 741 reddere.
760 685 826 740 Et
849 686 1226 757 paenitentiam
1267 686 1486 756 quidem
1512 686 1822 752 annuntiat,
1842 688 2044 758 quippe

486 778 748 833 salutaris
795 777 953 832 Verbi
984 792 1110 842 vox,
1144 790 1349 847 eosque
1382 778 1474 846 qui
1497 777 1889 834 emundatione
1914 793 2043 848 ege-

484 868 635 933 bant,
659 869 887 924 mundat
912 869 1079 924 verbo
1107 876 1161 923 et
1192 883 1354 938 aqua,
1375 879 1430 925 et
1461 884 1584 924 eum
1611 869 1726 940 qui,
1746 869 1792 925 si
1831 877 2046 940 tempus

489 969 725 1029 spectes,
760 960 1039 1029 posterius
1065 966 1314 1025 venerat,
1349 959 1525 1029 major
1565 967 1744 1015 autem
1780 968 1898 1015 erat
1919 960 2045 1014 inii-

490 1054 660 1106 nitate
688 1052 962 1122 potentiae,
1014 1052 1187 1123 magis
1227 1067 1390 1122 quam
1422 1066 1658 1121 unquam
1686 1060 1844 1107 antea
1878 1065 2047 1121 appa-

487 1146 667 1199 ruisse
693 1143 913 1207 clantat,
963 1158 1121 1212 quem
1146 1151 1201 1198 et
1225 1142 1465 1211 perfecte
1490 1143 1544 1197 in
1578 1143 1773 1211 spiritu
1804 1143 2050 1212 baptiza-

486 1240 669 1286 turutn
706 1240 953 1295 testatur,
986 1234 1199 1303 Agnum
1227 1232 1294 1297 ’0,
1326 1232 1417 1302 qui
1472 1241 1824 1303 apparuerat,
1856 1240 2047 1288 osten-

486 1322 591 1389 dit,
627 1324 786 1393 cujus
810 1324 1094 1395 sanguinis
1121 1333 1309 1393 guttze,
1352 1339 1384 1380 a
1413 1325 1621 1394 peccati
1646 1324 1905 1381 sordibus
1950 1339 2041 1379 or-

488 1415 608 1470 bem
640 1423 909 1469 terrarum
937 1422 1329 1485 expurgarunt,
1373 1430 1536 1485 quem
1563 1424 1617 1470 et
1648 1416 1703 1469 in
1746 1423 1903 1472 utero
1948 1415 2046 1469 ad-

2142 414 2288 475 νοίας
2312 413 2404 465 τὸν
2427 412 2682 481 φθόγγον,
2708 408 2795 466 οἷα
2819 412 2883 483 δὴ
2910 412 3004 466 τοῦ
3034 414 3305 483 σωτηρίου
3331 412 3489 482 λόγου
3533 414 3716 484 φωνὴ,

2141 506 2233 559 καὶ
2273 504 2400 567 τοὺς
2436 504 2721 575 δεομένους
2768 504 3086 572 καθάρσεως
3129 504 3383 576 καθαίρει
3423 504 3567 576 λόγῳ
3615 506 3720 559 καὶ

2143 598 2315 653 ὕδατι.
2359 598 2774 666 Ἀναφανεῖσθαι
2796 598 2840 652 δ’
2883 599 3007 653 ὅσον
3039 597 3192 652 οῠπω
3242 599 3719 669 προκαταγγέλλει

2142 690 2233 744 τὸν
2257 690 2482 743 ὄπισθεν
2518 690 2616 761 μὲν
2646 694 2711 761 τῇ
2737 691 2803 745 δι’
2830 691 2978 761 ἡμᾶς
3006 691 3065 743 ἐν
3092 691 3268 761 χρόνῳ
3294 692 3563 763 γεννήσει,
3601 691 3723 762 μεί-

2145 782 2273 847 ζονα
2302 782 2357 836 δέ
2381 782 2458 853 τῷ
2510 782 2926 854 ἀπειροδυνάμῳ
2968 782 3181 853 κράτει,
3214 781 3273 836 ὃν
3302 782 3396 835 καὶ
3427 783 3719 854 βαπτίσειν

2147 873 2483 946 μαρτύρεται
2506 874 2726 938 τελείως
2756 875 2814 927 ἐν
2842 872 3141 943 Πνεύματι.
3184 874 3293 927 Καὶ
3318 873 3447 943 γοῦν
3477 874 3721 942 φανέντα

2145 966 2237 1019 τὸν
2278 966 2474 1036 Ἀμνὸν
2523 966 2893 1021 ὑποδεικνύειο
2949 959 3010 1020 οὗ
3063 965 3277 1036 ῥανίδες
3325 965 3571 1035 αἵματος,
3612 964 3719 1018 τοῦ

2145 1056 2343 1128 λύθρου
2375 1059 2475 1129 τῆς
2529 1058 2802 1129 ἁμαρτίας
2833 1058 2929 1130 τὴν
2962 1058 3285 1128 οἰκουμένην
3307 1056 3584 1127 ἐκάθηραν
3604 1072 3618 1086 °
3653 1057 3721 1109 ὃν

2148 1147 2240 1200 καὶ
2267 1147 2396 1219 περὶ
2427 1147 2494 1201 τὰ
2520 1148 2769 1200 σκοτεινά
2800 1146 2899 1215 τῆς
2930 1145 3164 1216 γαστρὸς
3203 1145 3281 1198 ἔτι
3316 1144 3494 1215 χωρία
3515 1144 3724 1212 γνωρί-

2147 1241 2230 1307 ζει
2256 1240 2585 1310 εἰλούμενος,
2610 1241 2704 1293 καὶ
2733 1242 2846 1302 τοῖς
2876 1238 3137 1309 Ἰορδάνου
3162 1236 3399 1307 ῥείθροις
3424 1235 3723 1307 παραπλη-

2150 1333 2279 1396 σίως
2309 1332 2398 1387 τὸν
2432 1331 2708 1402 Δεσπότην
2730 1329 2877 1383 λούει
2910 1332 3020 1393 τοῖς
3040 1327 3265 1392 δούλοις,
3296 1328 3391 1381 καὶ
3426 1328 3526 1397 τὴν
3574 1342 3720 1397 μαρο

2148 1424 2338 1495 τυρίαν
2394 1423 2486 1477 ἐπὶ
2532 1421 2613 1493 τῷ
2665 1422 2823 1477 Παιδί
2861 1420 3216 1492 φωνουμένην
3260 1418 3355 1473 τοῦ
3387 1418 3719 1491 Γεννὴτορος

488 1506 594 1560 huc
635 1507 876 1568 abditus,
910 1505 1178 1576 agnoscit,
1209 1514 1263 1560 et
1282 1502 1545 1561 Iordanis
1581 1520 1723 1576 aqua
1754 1505 2045 1561 Donttnum
2073 1586 2104 1588 _
2148 1516 2443 1588 ἔνηχεῖται,

488 1598 738 1652 similiter
790 1612 854 1651 ac
884 1612 1073 1653 servos
1102 1596 1299 1665 abluit,
1326 1596 1814 1667 testimoniumque
1834 1594 1975 1651 Filio
2011 1612 2043 1651 a
2072 1586 2118 1645 B

488 1686 650 1742 Patre
678 1686 863 1741 datum
891 1686 1135 1742 exaudit.

562 1775 865 1845 Oportebat
899 1791 1051 1842 vero,
1084 1783 1140 1831 ut
1206 1790 1313 1831 non
1348 1783 1561 1832 tantum
1611 1783 1857 1832 mortuos
1887 1776 2048 1841 inter,

491 1870 587 1926 sed
619 1880 673 1925 et
719 1871 859 1925 inter
895 1884 1013 1935 eos,
1036 1884 1176 1939 quos
1222 1869 1383 1924 inferi
1421 1868 1696 1935 tenebant,
1748 1882 2053 1940 praecursor

494 1966 663 2024 esset,
728 1959 1005 2029 ferretque
1058 1959 1254 2014 iisdem
1302 1958 1640 2015 latissimum
1681 1957 1749 2013 de
1804 1958 2054 2015 libertate

402 2118 409 2125 ι
494 2052 769 2117 nuntium,
793 2052 858 2107 de
881 2051 1096 2106 Domini
1120 2051 1372 2107 videlicet
1395 2050 1628 2109 adventu
1660 2060 1715 2107 et
1739 2054 2052 2123 praesentia.

489 2144 757 2212 Quocirca
786 2145 999 2199 cultura
1020 2145 1285 2201 sermonis
1306 2152 1522 2215 pectora
1545 2145 1683 2200 dura
1711 2146 1965 2201 excolens
1986 2145 2054 2200 ad

492 2254 614 2293 eum
658 2254 897 2308 quoque,
934 2238 1029 2308 qui
1081 2252 1148 2292 eo
1181 2248 1423 2308 tempore
1454 2238 1596 2309 apud
1627 2237 1843 2295 Iudaeos
1872 2254 2053 2294 rerum

490 2329 821 2397 potiebatur,
861 2328 1135 2399 pervenit,
1169 2328 1374 2384 sterilis
1429 2336 1485 2383 et
1513 2327 1839 2384 infructuosi
1888 2329 2050 2383 animi

492 2420 816 2475 medicinam
862 2420 1164 2489 explicans,
1198 2420 1284 2475 vel
1320 2421 1504 2490 potius
1541 2419 1797 2475 exitiales
1843 2419 2053 2490 peccati

493 2511 707 2566 fructus
758 2512 1054 2590 libertatis.
1092 2512 1147 2565 in
1211 2510 1663 2581 reprehendendo
1699 2513 1857 2582 quasi
1918 2512 2056 2568 falce

494 2612 811 2671 amputans.
851 2601 986 2656 Nam
1009 2604 1100 2672 qui
1136 2603 1378 2657 omnium
1410 2602 1649 2657 maxime
1679 2603 1827 2674 leges
1862 2612 2053 2658 custo—

493 2693 611 2748 dire
637 2692 890 2753 debebat,
941 2693 1230 2762 legumque
1272 2692 1664 2749 observatione
1702 2692 1958 2749 subditos
1988 2694 2054 2747 ad

499 2785 584 2839 sui
638 2783 1046 2837 observantiam
1086 2783 1357 2839 adducere
1408 2784 1614 2854 (solent
1661 2785 1805 2839 enim
1855 2785 2056 2839 subditi

494 2890 619 2929 cum
682 2890 892 2939 eorum,
934 2876 1026 2943 qui
1057 2886 1317 2944 praesunt,
1350 2876 1643 2931 virtutibus
1692 2876 1776 2929 vel
1814 2876 1963 2931 vitiis
1994 2892 2054 2931 se

497 2967 819 3037 plerumque
841 2967 1236 3033 conformare),
1260 2968 1363 3023 iste
1387 2978 1582 3038 praeter
1596 2968 1689 3040 jus
1717 2978 1771 3023 et
1802 2968 1885 3024 fas
1899 2970 2054 3023 adul-

495 3063 619 3118 terii
656 3063 861 3133 flagitio
904 3076 963 3117 se
1012 3063 1409 3127 contaminans,
1468 3063 1638 3133 legem
1689 3064 1893 3117 violare
1945 3079 2052 3117 non

495 3152 896 3218 erubescebat;
928 3167 1105 3221 neque
1130 3152 1304 3206 solum
1326 3152 1593 3208 adulterio
1628 3166 1749 3209 sese
1777 3154 2049 3223 inquinat.

498 3243 594 3297 sed
627 3250 679 3296 et
732 3242 920 3297 fratris
953 3251 1073 3297 toro
1121 3242 1377 3312 injuriam
1412 3243 1595 3308 infert,
1623 3258 1804 3313 quem,
1844 3244 1892 3298 si
1929 3244 2055 3313 quis

493 3334 639 3389 alius
672 3334 726 3387 in
755 3349 879 3388 eum
906 3333 1207 3403 injuriosus
1237 3334 1557 3397 exstitisset,
1592 3334 1660 3389 ab
1681 3334 1829 3389 omni
1854 3344 2053 3389 contu-

493 3426 656 3479 melia
685 3425 1031 3496 cognationis
1054 3425 1179 3494 jure
1202 3424 1483 3479 vindicare
1520 3426 1828 3495 oportebat,
1863 3440 2055 3495 quem-

491 3532 598 3588 que
630 3526 888 3588 tauquam
917 3520 1195 3589 preprium
1218 3533 1415 3573 curare
1441 3517 1671 3574 debebat
1705 3517 1887 3573 :bunc
1908 3519 2054 3588 ipse-

492 3620 603 3665 met
636 3611 961 3677 incestabat,
986 3625 1164 3681 neque
1199 3610 1507 3683 sanguinis,
1550 3626 1727 3682 neque
1758 3611 1899 3681 legis
1945 3612 2052 3665 ulla

491 3704 707 3760 ratione
737 3705 945 3769 habita,
978 3714 1037 3759 ut
1067 3720 1098 3759 a
1132 3704 1349 3775 piaculo
1378 3704 1698 3771 desisteret;
1746 3704 1843 3762 sed
1880 3722 2055 3777 quan-

491 3803 604 3858 tus,
632 3805 877 3864 quantus
906 3806 1045 3859 erat,
1076 3795 1319 3849 libidinis
1350 3795 1680 3866 mancipium
1714 3804 1854 3862 erat,
1884 3804 1939 3851 et
1988 3796 2053 3851 ad

492 3886 861 3956 improbitatis
893 3886 1237 3951 barathrum,
1294 3886 1453 3955 quasi
1480 3887 1685 3942 clausis
1711 3888 1884 3942 oculis
1914 3886 2054 3942 fere-

491 3977 672 4031 batur.
730 3975 849 4041 Quo
896 3984 1142 4046 tempore
1178 3992 1371 4046 magna
1410 3978 1503 4031 illa
1550 3976 1712 4032 Verbi
1753 3994 1857 4032 vox
1892 3980 2055 4033 silere

494 4082 600 4121 non
642 4069 819 4136 potuit
860 4085 874 4120 :
917 4067 1015 4121 sed
1081 4067 1414 4137 objurgavit,
1444 4068 1629 4137 reique
1671 4070 2052 4124 enormitatem

492 4158 709 4227 publice
740 4157 982 4211 traduxit
1011 4168 1064 4213 et
1097 4157 1397 4228 redarguit.
1427 4158 1694 4213 (Steterunt
1726 4170 1779 4213 et
1805 4158 1909 4213 hoc
1946 4159 2052 4213 lle-

2228 1778 2375 1834 Ἐδει
2400 1779 2454 1833 δέ
2478 1781 2587 1848 ἄρα
2609 1779 2670 1832 ού
2700 1779 2858 1848 μόνον
2883 1780 2940 1831 ἐν
2971 1777 3105 1842 ζῶσι
3130 1776 3439 1848 Πρόδρομος
3464 1776 3719 1847 ὀφθῆναι,

2152 1872 2287 1928 ἀλλά
2310 1872 2405 1926 καὶ
2435 1874 2546 1935 τοῖς
2574 1872 2631 1923 ἐν
2663 1871 2789 1943 ᾅδου
2824 1871 3070 1940 φθάνειν,
3112 1871 3208 1924 καί⁵
3232 1870 3417 1939 φέρειν
3443 1869 3723 1932 κάκείνοις

2152 1966 2247 2036 τῆς
2270 1964 2579 2035 ἐλευθερίας
2602 1964 2669 2016 τὰ
2699 1962 2985 2031 εὐαγγέλια
3006 2002 3022 2027 ,
3063 1960 3162 2031 τὴν
3190 1960 3517 2030 Δεσποτικὴν
3547 1959 3722 2029 εὐαγ-

2153 2057 2498 2127 γελιζόμενον
2521 2054 2846 2123 παρουσίαν.
2884 2052 3185 2124 Τοιγαροῦν
3223 2055 3289 2123 τῇ
3340 2053 3578 2122 γεωργίᾳ
3612 2049 3720 2104 τοῦ

2153 2147 2312 2215 λόγου
2340 2145 2441 2209 τὰς
2477 2142 2896 2215 κεχερσωμένας
2918 2141 3180 2213 γεωργῶν
3217 2142 3465 2212 καρδίας,
3495 2141 3722 2211 ἔρχεται

2153 2238 2248 2293 καὶ
2292 2236 2483 2307 μέχρις
2520 2234 2685 2288 αὑτοῦ
2736 2233 2831 2287 τοῦ
2878 2234 2997 2287 κατ’
3030 2234 3204 2287 ἐκεῖνο
3228 2232 3482 2303 λαχόντος
3522 2230 3723 2301 καιροῦ

2152 2328 2248 2383 τοῦ
2286 2327 2550 2381 Ἰουδαίων
2602 2326 2789 2389 ἔθνους
2834 2326 3077 2395 κρατεῖν,
3128 2325 3227 2393 τὴν
3274 2323 3573 2393 θεραπείαν
3615 2322 3723 2391 τῆς

2155 2421 2406 2492 ἀκάρπου
2427 2418 2649 2487 καρδίας
2674 2416 3082 2486 εἰσηγούμενος,
3110 2414 3309 2485 μᾶλλον
3328 2415 3385 2469 δέ
3407 2414 3498 2468 τὸν
3523 2413 3718 2485 φθορο-

2158 2513 2310 2566 ποιὸν
2350 2509 2625 2580 ἐκτέμνων
2655 2508 2754 2578 τῆς
2781 2508 3053 2579 ἁμαρτίας
3080 2507 3312 2578 καρπὸν,
3359 2506 3459 2576 τῆς
3497 2507 3722 2577 παρρη-

2158 2606 2277 2668 σίας
2313 2602 2420 2657 τῶν
2447 2600 2684 2671 ἐλέγχων
2714 2602 2874 2671 τομῇ.
2916 2598 2973 2654 ⁸0
3003 2600 3110 2670 γάρ
3140 2616 3217 2651 τοι
3242 2599 3459 2653 πάντων
3487 2598 3724 2669 μάλιστα

2155 2693 2545 2765 νομοφυλακεῖν
2570 2692 2821 2759 ὀφείλων,
2846 2694 2940 2746 καὶ
2963 2695 3029 2763 τῇ
3072 2691 3194 2745 καθ’
3224 2690 3416 2744 ἐαυτὸν
3447 2692 3724 2761 συντηρὴ-

2159 2802 2240 2839 σει
2264 2785 2359 2838 τοῦ
2393 2786 2558 2855 νόμου
2590 2787 2670 2848 είς
2703 2785 2867 2855 τιμὴν
2920 2783 3084 2837 αὐτοῦ
3120 2784 3182 2837 τὸ
3211 2783 3515 2854 ἀρχόμενον
3561 2798 3727 2851 προσ.

2159 2877 2436 2932 καλεῖσθαι
2450 2877 2683 2947 (πέφυκε
2695 2878 2765 2946 γά
2772 2894 2803 2947 ρ
2827 2892 2943 2940 πως
2959 2876 3020 2928 τὸ
3037 2875 3335 2946 ἀρχόμενον
3351 2878 3468 2937 ταῖς
3500 2874 3730 2945 ἀρεταῖς

2154 2966 2185 3035 ἦ
2236 2965 2451 3029 κακίαις
2506 2965 2582 3029 ὡς
2644 2966 2869 3019 ἐπιπολὺ
2924 2964 3034 3017 τῶν
3094 2964 3435 3036 κρατούντων
3504 2964 3727 3017 συνδια-

2152 3057 2441 3125 τίθεσθαι),
2488 3050 2645 3121 οὖτος
2683 3059 2746 3129 δὴ
2778 3059 3132 3128 παρανομῶν,
3185 3060 3276 3112 καὶ
3326 3057 3569 3129 μοιχείας
3596 3058 3729 3127 ἄγει

2152 3150 2684 3220 καταμολυνόμενος,
2709 3153 2788 3214 εἰς
2816 3151 2975 3203 αὑτὸν
3009 3150 3281 3221 παροινῶν
3306 3152 3405 3204 οὐκ
3435 3148 3727 3221 ᾐσχύνετοο

2155 3243 2248 3295 καὶ
2275 3244 2335 3295 ού
2368 3242 2525 3295 τοῦτο
2554 3243 2713 3313 μόνον
2742 3243 3007 3313 μοιχείας,
3054 3243 3191 3297 ἀλλά
3220 3244 3314 3296 καὶ
3352 3240 3582 3311 ἀδελφοῦ
3639 3244 3730 3297 ἐν-

2155 3334 2365 3405 υδρίζει
2392 3334 2600 3404 κοίτην,
2628 3334 2694 3405 ἢν
2728 3335 2834 3387 έδει
2864 3334 2957 3388 καί
2984 3352 3124 3397 τινος
3147 3335 3427 3406 ἀλλοτρίου
3469 3334 3733 3403 ὑϐρίζον-

2152 3443 2263 3490 τος,
2292 3425 2633 3495 ἐπαμύνοντα
2676 3425 2754 3495 τῷ
2791 3425 2986 3497 δικαίῳ
3041 3429 3139 3497 τῆς
3181 3426 3496 3495 συγγενείας
3528 3427 3731 3480 ἀνεπι-

2155 3517 2442 3570 6ούλευτον
2496 3517 2790 3587 πειρᾶσθαι
2834 3519 3141 3589 διατηρεῖν⁶
3186 3518 3255 3589 ἡν
3281 3518 3385 3572 ἔδει
3414 3519 3725 3590 περιέπειν,

2153 3608 2227 3673 ὡς
2256 3609 2484 3676 οἰκείαν,
2517 3609 2718 3681 ταύτην
2768 3609 2931 3672 αὐτὸς
2983 3609 3265 3682 ἀνώρυσσε
3316 3610 3383 3664 δι’
3417 3611 3582 3665 αὑτοῦ
3604 3627 3619 3641 ⁸
3645 3611 3730 3683 μὴ

2154 3707 2264 3767 τοῖς
2293 3706 2350 3770 ἐξ
2375 3704 2623 3774 αἵματος,
2662 3704 2737 3774 μὴ
2759 3706 2869 3767 τοῖς
2893 3706 2958 3757 ἐκ
2986 3704 3151 3774 νόμου
3175 3705 3312 3775 ἔχων
3349 3708 3442 3760 ἐπὶ
3463 3706 3731 3776 λογισμὸν

2152 3792 2465 3865 ἀναφέρειν,
2497 3794 2708 3847 καὶτοῦ
2755 3796 3063 3864 μιάσματος
3098 3795 3422 3867 ἀποστῆναι,
3460 3796 3574 3850 ἀλλ’
3600 3796 3733 3861 ὅλος

2154 3891 2253 3959 τῆς
2286 3887 2479 3958 ἡδονῆς
2526 3887 2600 3941 ὣν
2632 3888 2980 3960 ἀνδράποδον,
3030 3890 3125 3943 καὶ
3177 3889 3312 3959 πρὸς
3342 3891 3400 3943 τὸ
3447 3889 3728 3961 βάραθρον

2152 3982 2249 4050 τῆς
2273 3981 2612 4051 παρανομίας
2632 3980 2820 4052 ὥσπερ
2848 3981 2911 4051 δὴ
2939 3980 3090 4052 μύων
3133 3984 3569 4054 καταφερόμενος
3591 4001 3605 4015 ’
3635 3984 3730 4037 ὅτε

2151 4072 2237 4142 δὴ.
2267 4074 2354 4126 ὅτε
2397 4075 2430 4142 ἡ
2482 4073 2691 4144 μεγάλη
2724 4073 2818 4126 τοῦ
2871 4074 3045 4141 Λόγου
3077 4074 3228 4144 φωνὴ
3258 4076 3414 4145 σιγᾷν
3444 4074 3543 4128 οὐκ
3573 4075 3731 4143 ἠνεί-

2151 4180 2297 4233 χετο,
2334 4164 2446 4217 ἀλλ’
2478 4162 2757 4233 ἐξήλεγχε,
2809 4164 2905 4217 καὶ
2951 4166 3051 4235 τῆς
3088 4166 3339 4237 πράξεως
3367 4166 3427 4219 τὸ
3452 4165 3732 4236 ἔκθεσμον

494 4252 646 4307 rodis
688 4252 904 4323 ingenio
929 4252 1305 4318 conveniebat,
1334 4260 1395 4307 ut
1441 4268 1548 4307 nou
1587 4253 1747 4307 modo
1791 4252 2047 4307 emenda-

2153 4254 2510 4325 ἐστηλίτευεν.
2570 4252 2677 4308 Ἦν
2728 4256 2785 4308 δὲ
2809 4257 2903 4309 καὶ
2940 4256 3097 4309 τοῦτο
3131 4256 3392 4329 Ἡρώδου,
3450 4258 3523 4329 μὴ
3556 4262 3731 4328 μόνον

494 4346 660 4400 tionis
691 4359 844 4414 spem
878 4346 1081 4399 nullam
1114 4346 1354 4415 praebere
1376 4385 1390 4409 ,
1422 4344 1518 4400 scd
1564 4354 1617 4401 et
1650 4345 2051 4415 improbitatem

492 4437 721 4504 majoris
783 4436 1031 4490 criminis
1062 4436 1379 4491 accessione
1404 4445 1648 4505 augeret.
1684 4436 1857 4490 Probe
1906 4436 2052 4490 enim

493 4540 773 4602 parentem
835 4546 992 4584 suum
1049 4529 1374 4584 homicidam
1419 4531 1759 4595 imitabatur,
1791 4539 1844 4583 et
1872 4546 1930 4584 se
1959 4546 2053 4601 ge-

492 4622 733 4677 nuinum
762 4620 910 4675 illius
933 4621 1101 4673 filium
1128 4635 1248 4674 esse
1290 4623 1467 4690 reipsa
1498 4622 1909 4691 comprobabat.
1964 4620 2055 4677 Ille

490 4714 639 4768 enim
671 4714 908 4783 atquales
938 4711 1161 4780 Antiqui
1189 4711 1420 4776 dierum,
1451 4714 1544 4782 qui
1566 4722 1787 4783 propter
1820 4730 1921 4769 nos
1975 4717 2056 4769 in-

493 4807 718 4861 fantiam
746 4806 939 4865 subiit.
974 4812 1232 4874 tauquam
1264 4805 1445 4873 spicas
1471 4807 1815 4867 immaturas.
1845 4822 1909 4860 ex
1954 4806 2057 4860 liae

489 4898 603 4949 vita
630 4897 854 4952 demetit
884 4916 896 4950 :
934 4896 1021 4950 ille
1054 4910 1178 4948 vero
1211 4910 1536 4964 praeconem,
1578 4897 1669 4966 qui
1727 4896 2054 4951 medicinam

492 4984 777 5052 afferebat,
804 4984 1255 5055 putredinemque
1279 4984 1472 5038 anima:
1492 4985 1864 5051 exscindebat,
1885 4986 2054 5040 inter-

494 5074 628 5138 ficit,
668 5086 720 5129 et
753 5077 921 5129 miser
961 5090 1082 5129 eum
1109 5076 1202 5145 qui
1244 5086 1302 5129 ut
1331 5076 1548 5131 vincula
1605 5078 1854 5141 solveret,
1890 5078 2052 5131 adve-

491 5168 669 5225 nerat,
695 5161 747 5214 in
773 5162 988 5215 vincula
1023 5162 1280 5230 conjicit;
1311 5163 1517 5232 quique
1562 5166 1630 5217 ab
1660 5165 1833 5218 oculis
1864 5166 2049 5235 caligi-

490 5268 612 5305 nem
650 5254 945 5321 voluptatis
983 5254 1349 5323 abstergcbat,
1372 5254 1610 5309 Carceris
1642 5256 1882 5311 tenebris
1916 5272 2048 5310 cou-

489 5341 678 5394 cludit.
716 5338 913 5397 Deinde
949 5346 1183 5399 natalem
1215 5346 1357 5399 diem
1391 5344 1652 5410 celebrat,
1686 5362 1843 5416 quem
1876 5348 2049 5402 satius

489 5430 667 5485 fuerat
716 5434 889 5486 lucem
959 5435 1122 5504 hujus
1181 5438 1313 5493 solis
1369 5453 1650 5509 nunquam
1736 5441 2044 5506 aspexisse,

557 5610 674 5643 “"9
699 5610 829 5665 Luc.
855 5627 933 5677 tu,
969 5611 1029 5665 5.
1106 5616 1150 5646 ³ο
1167 5612 1323 5669 Joan.
1356 5617 1500 5681 1,99.

2150 4347 2245 4399 καὶ
2274 4346 2629 4400 καθίστασθαι
2657 4347 2792 4417 πρὸς
2826 4346 3132 4417 διόρθωσιν,
3163 4348 3297 4403 ἀλλά
3331 4351 3424 4402 καὶ
3467 4350 3528 4402 τὸ
3550 4352 3729 4403 κακὸν

2152 4436 2423 4502 αὐξάνειν,
2457 4437 2699 4508 μείζονος
2727 4438 3011 4510 προσθήκῃ
3056 4440 3252 4508 κακοῦ,
3307 4438 3573 4509 ’Δκριϐῶς
3610 4444 3727 4512 γὰρ

2151 4533 2241 4586 τὸν
2267 4532 2528 4602 φονευτὴν
2557 4532 2804 4600 ἐμιμεῖτο
2838 4531 3070 4602 πατέρα,
3104 4532 3197 4584 καὶ
3237 4532 3311 4595 ὼς
3353 4533 3559 4585 ἐκείνου
3592 4550 3731 4604 γνηο

2155 4624 2245 4677 σία
2272 4624 2447 4692 σπορά
2470 4622 2741 4676 ἐϐεϐαίου.
2783 4623 2840 4675 '0
2870 4623 2967 4693 μὲν
2990 4623 3099 4694 γὰρ
3136 4624 3263 4687 τοὺς
3300 4624 3595 4694 ἡλικιώτας
3629 4627 3734 4681 τοῦ

2153 4714 2391 4767 Παλαιοῦ
2422 4714 2530 4766 τῶν
2570 4714 2791 4784 ἡμερῶν
2831 4714 2897 4766 δι’
2932 4715 3079 4784 ἡμᾶς
3123 4717 3507 4786 νηπιάσαντος,
3541 4712 3635 4769 οἷα
3662 4718 3732 4787 δὴ

2155 4805 2353 4874 στάχυς
2379 4804 2589 4874 ἀώρους
2612 4808 2709 4874 τῆς
2736 4805 2887 4874 ζωῆς
2908 4806 3194 4877 ἀποκείρει
3210 4821 3223 4835 ·
3245 4809 3273 4860 ὁ
3302 4807 3358 4860 δέ
3390 4807 3482 4860 τὸν
3505 4809 3734 4879 κήρυκα

2151 4898 2247 4967 τὴν
2274 4897 2570 4966 θεραπείαν
2613 4896 3025 4967 εἰσηγούμενον,
3072 4898 3165 4951 καὶ
3200 4899 3301 4970 τὴν
3330 4900 3598 4969 σηπεδόνα
3633 4903 3735 4954 τέ-

2157 5007 2353 5059 μνοντα
2378 4990 2477 5057 τῆς
2506 4987 2703 5059 ψυχῆς,
2740 4990 3097 5058 ἀποσφάττει.
3139 4992 3249 5045 Καὶ
3279 4992 3308 5045 ὁ
3355 4992 3584 5055 δείλαιος
3633 4994 3739 5048 τὸν

2149 5080 2331 5133 λύσειν
2356 5080 2516 5134 αὑτὸν
2544 5079 2758 5149 δεσμῶν
2793 5078 3207 5152 βεϐουλημένον,
3243 5082 3457 5152 δεσμοῖς
3483 5083 3734 5137 ὑποϐάλ-

2154 5173 2255 5225 λει·
2287 5176 2381 5225 καὶ
2412 5171 2502 5224 τὸν
2553 5172 2992 5243 ἁποκαθαίροντα
3026 5172 3134 5226 τῶν
3189 5173 3481 5244 ὀφθαλμῶν
3527 5173 3627 5244 τὴν
3668 5177 3734 5241 ἐξ

2156 5266 2344 5337 ἡδονῆς
2368 5264 2553 5334 ἀχλὺν,
2586 5265 2761 5335 σκότῳ
2784 5267 3024 5336 φρουρᾶς
3056 5265 3367 5319 ἀποκλείειο
3408 5263 3528 5319 εἶτα
3568 5286 3736 5335 γενε-

2158 5356 2287 5409 σίων
2341 5356 2532 5428 ἐορτὴν
2577 5361 2886 5429 συγκροτεῖ,
2940 5352 2985 5427 ᾧ
3013 5358 3237 5429 ἄμεινον
3266 5355 3355 5429 ἦν,
3416 5360 3541 5429 μηδ’
3585 5361 3737 5423 ὅλως

2157 5447 2291 5518 πρὸς
2315 5448 2484 5517 αὐγάς
2514 5449 2665 5521 ἡλίου
2694 5452 2886 5517 ἐλθεῖν,
2920 5454 3014 5505 καί
3044 5454 3207 5508 παῖδα
3244 5454 3344 5523 τῆς
3386 5453 3739 5527 συμφθειρο-
