3952 6210
201 227 297 290 197

693 230 977 293 ORATIO
1012 230 1164 294 XVI.
1199 257 1269 269 --
1309 233 1390 293 IN
1425 231 2056 293 DECOLLATIONEM
2094 232 2154 292 S.
2194 232 2517 295 JOANNIS
2537 234 2939 298 BAPTIST/E.

3325 236 3429 304 198

202 340 455 410 μένηςείς
475 340 704 416 ὄρχησιν
728 343 1104 412 προύκαλεῖτο,
1130 344 1225 397 καὶ
1252 344 1348 397 ἐπὶ
1366 343 1588 406 θεαταῖς
1612 343 1761 413 ἐτέρ-

1869 343 2145 414 ﬁliamque
2172 346 2432 402 adulterae
2461 349 2529 403 ad
2580 350 2928 408 saltationem
2972 351 3327 423 provocabat,
3372 360 3431 409 et

198 447 331 493 πετο,
358 424 433 500 ἧς
468 430 579 484 ἔδει
619 431 713 484 καὶ
746 433 909 501 μόνον
931 434 1213 505 όρωμένης
1252 434 1619 503 ἀποστρέφειν
1667 434 1767 497 τὰς

196 519 347 587 ὄψεις,
370 518 453 581 ὡς
489 519 765 589 φερούσης
806 522 931 576 τινὰ
961 525 983 574 ἐ
994 524 1297 595 ρυθρίασιν,
1326 526 1410 593 ἐφ’
1435 518 1518 586 οἷς
1545 525 1609 593 τῇ
1640 523 1768 576 ταύ-

192 629 275 681 της
299 613 478 683 μητρὶ
532 614 994 685 συνησέλγαινενο
1041 618 1071 669 ό
1117 616 1175 670 δὲ
1225 617 1319 672 καὶ
1364 618 1444 680 εἰς
1506 615 1767 680 ἐπίδειξιν

193 704 315 771 ἄγει,
348 705 452 759 καὶ
500 705 701 769 θεατὰς
745 707 885 777 ἔχων
929 708 1029 778 τῆς
1075 708 1375 779 παρανοίας
1421 708 1761 778 σεμνύνεται.

192 798 407 866 Προσέτι
439 799 539 851 καὶ
564 799 730 870 τιμῆς
755 799 975 854 ὠνεῖται
1008 801 1107 870 τὴν
1136 802 1384 873 ὄρχησιν,
1409 802 1503 855 καὶ
1532 802 1633 871 τὴν
1663 800 1762 871 βαι

190 889 380 942 σιλεῖαν
415 888 729 960 μερίζεται,
762 890 983 961 ἐρώτων
1008 894 1103 945 καὶ
1133 892 1304 963 μέθης
1349 893 1440 946 τὸν
1465 891 1648 946 ἄθλιον
1675 892 1764 945 λο-

187 982 370 1049 γισμὸν
401 981 865 1047 ταλαντευόντων,
904 983 999 1036 καὶ
1036 984 1222 1038 δίδωσι
1254 983 1520 1054 κεφαλὴν,
1565 985 1763 1054 κειμή-

184 1075 278 1126 λιον
298 1072 401 1125 τοῦ
443 1073 786 1144 Πνεύματος,
842 1072 1004 1128 ἆθλον
1035 1077 1314 1147 ὀρχήσεως
1363 1077 1614 1146 ἐναγοῦς,
1642 1077 1763 1131 ἀντὶ

182 1166 257 1217 τοῦ
284 1166 391 1235 τῆς
424 1164 709 1235 βασιλείας
739 1166 974 1237 ἡμίσους
998 1183 1013 1199 ο
1045 1162 1113 1237 ἦς
1140 1168 1242 1221 οὐκ
1264 1164 1333 1240 ἦν
1364 1168 1484 1231 ὃλος
1503 1171 1533 1223 ό
1558 1170 1762 1240 κόσμος

180 1256 457 1322 amem;-
491 1258 591 1311 καὶ
622 1257 865 1312 δείκνυσι
898 1258 1129 1331 φοϐερὸν
1159 1262 1276 1330 ἀμα
1307 1262 1403 1315 καὶ
1435 1260 1762 1332 σκυθρωπὸν

179 1350 275 1411 τοῖς
304 1348 727 1419 εὐωχουμένοις
758 1349 959 1421 θέαμα.
990 1352 1056 1405 Τί
1084 1357 1281 1417 ποιεῖς,
1315 1354 1573 1425 ἄνθρωπε
1598 1372 1616 1422 ;
1644 1354 1761 1420 εἴγε

174 1440 243 1495 δεῖ
264 1440 461 1493 καλεῖν
480 1439 795 1512 ἄνθρωπον,
818 1440 913 1495 τὸν
940 1441 1118 1497 πάντα
1166 1443 1427 1513 λογισμὸν
1477 1444 1761 1518 ἀφῃρημέ-

176 1549 252 1585 νον
275 1529 658 1603 ἀνθρώπινον.
687 1529 908 1609 Καλεῖς,
931 1533 1016 1602 ἐφ’
1038 1524 1083 1601 ᾧ
1106 1534 1429 1605 εὐφρανεῖςς
1457 1535 1758 1606 ἑορτάζεις,

178 1620 252 1675 ἶνα
279 1621 635 1692 φαιδρότητα
664 1621 993 1692 ἐμποιήσῃς,
1026 1624 1121 1676 καὶ
1148 1622 1292 1678 οὕτω
1336 1624 1637 1695 κατηφείας
1667 1626 1761 1679 καὶ

1868 447 1977 486 una
2046 448 2170 488 cum
2224 439 2624 503 spectatoribus
2673 440 3064 506 delectabatur,
3115 456 3147 497 a
3187 458 3295 512 qua
3344 443 3432 497 vel

1864 525 2044 593 primo
2081 537 2327 596 aspectu,
2363 531 2555 586 oculos
2610 546 2859 589 avertere
2906 534 3161 601 debebat,
3189 541 3253 589 ut
3311 549 3433 605 qua:

1866 616 2121 674 ruborem
2147 622 2439 688 incuteret,
2478 640 2544 680 eo
2565 626 2711 695 quod
2742 643 2864 682 cum
2892 639 3068 683 matre
3095 627 3244 683 illius
3265 627 3436 697 turpi-

1865 717 1947 763 ter
1993 721 2401 768 consuesceret.
2448 714 2520 769 At
2582 732 2713 772 vero
2768 718 2875 774 iste
2914 736 3034 775 eam
3060 721 3116 775 in
3152 721 3431 789 publicum

1864 800 2142 869 producit,
2171 812 2226 859 et
2254 820 2375 859 cum
2397 808 2635 863 vesaniae
2666 820 3005 879 spectatores
3038 813 3284 877 haberet,
3313 813 3433 883 glo-

1863 892 2135 950 riabatur.
2190 896 2391 951 Adhaec
2419 899 2629 956 honore
2653 903 2814 956 etiam
2844 904 3186 959 saltationem
3214 921 3431 960 merca-

1865 991 1973 1048 tur,
2002 993 2055 1038 et
2090 1001 2314 1055 regnum
2356 990 2612 1058 partitur,
2647 1007 2833 1048 amore
2865 1001 2920 1049 et
2945 995 3209 1051 ebrietate
3262 997 3432 1051 mise-

1863 1088 1979 1129 ram
2010 1088 2239 1132 mentem
2260 1079 2365 1134 huc
2386 1082 2620 1152 illucque
2638 1084 2992 1149 distrahente,
3016 1085 3217 1157 datque
3244 1095 3429 1157 caput,

1864 1164 2106 1236 Spiritus
2135 1173 2313 1225 sancti
2348 1170 2686 1236 thesaurum,
2720 1176 3134 1230 remunerandae
3156 1178 3432 1247 sacrilega:

1862 1259 2165 1321 saltationi,
2191 1262 2313 1317 loco
2346 1262 2571 1318 dimidii
2597 1267 2773 1335 regni,
2806 1283 2917 1336 quo
2937 1268 3114 1338 capite
3138 1284 3315 1339 neque
3349 1277 3433 1323 to-

1860 1354 1951 1402 tus
1981 1350 2217 1407 mundus
2244 1353 2535 1422 pretiosior
2563 1364 2702 1420 erat,
2724 1354 2995 1426 infertque
3028 1359 3085 1413 in
3115 1360 3431 1415 convivium

1862 1441 2166 1496 terrificum
2196 1444 2361 1499 simul
2394 1456 2448 1499 et
2478 1446 2638 1501 triste
2669 1449 3062 1517 spectaculum.
3094 1451 3237 1518 Quid
3286 1453 3428 1523 agis,

1859 1545 1894 1587 ο
1921 1532 2121 1589 homo?
2144 1534 2192 1589 si
2223 1534 2386 1591 homo
2410 1537 2692 1593 vocandus
2718 1547 2821 1605 est,
2854 1540 2947 1609 qui
2980 1542 3129 1597 omni
3189 1544 3430 1599 humano

1862 1637 2025 1681 sensu
2062 1634 2147 1679 est
2171 1628 2426 1685 orbatus.
2457 1627 2657 1695 Vocas,
2684 1639 2744 1685 ut
2778 1631 3012 1700 laeteris;
3058 1636 3292 1711 natalem
3340 1650 3434 1691 ce-

178 1689 639 1783 σκυθρωπότητος
750 1689 1054 1784 συμπόσιον
1072 1717 1249 1781 ποιεῖς
1278 1689 1508 1785 μεστόνξ
1536 1689 1633 1781 Τίς
1650 1718 1757 1790 γάρ

1866 1713 2064 1780 lebras,
2108 1726 2168 1770 ut
2214 1727 2445 1774 cunctos
2494 1722 2791 1787 exhilares,
2844 1734 2901 1779 et
2943 1733 3092 1780 tanta
3146 1702 3428 1793 maestitia,

173 1806 262 1858 οὐκ
290 1804 360 1858 ἂν
408 1804 529 1857 τῶν
584 1804 871 1875 παρόντων
921 1804 1043 1859 τότε
1071 1807 1374 1878 κατηφείας
1404 1808 1742 1879 ἐνεπλήσθη;

172 1896 249 1959 τίς
269 1896 375 1949 οὐκ
405 1895 477 1950 ἂν
516 1895 728 1967 ἤλγησε
771 1897 873 1967 τὴν
914 1895 1115 1969 ψυχὴν,
1167 1898 1253 1968 ἐφ’
1283 1897 1429 1953 οὕτω
1471 1899 1630 1969 ξένῳ,
1656 1898 1753 1951 καὶ

172 1984 270 2044 οἷον
290 1991 403 2043 οὐκ
430 1985 552 2042 εἶδέ
580 2006 713 2043 ποτε
735 1988 1005 2063 τράπεζα,
1038 1990 1307 2063 θεάματι;
1347 1992 1541 2046 Ὁπότε
1565 1991 1630 2063 δὴ
1663 1991 1760 2047 καὶ

170 2084 227 2135 σύ
252 2098 313 2151 γε
345 2082 526 2145 αὐτὸς
555 2081 618 2135 ού
658 2084 829 2153 χωρὶς
856 2081 1035 2153 λύπης
1070 2082 1432 2138 διατεθεῖσθαι
1464 2087 1756 2157 προσποιῇ,

170 2172 241 2238 τίς
274 2173 511 2243 ἐκείνην
568 2173 793 2246 θεωρῶν
823 2173 924 2246 τὴν
948 2174 1214 2247 κεφαλὴν,
1243 2175 1342 2229 οὐκ
1364 2175 1433 2231 ἀν
1468 2169 1550 2240 οἷς
1582 2177 1759 2247 ἐκόμα

166 2270 388 2340 ἀγαθοῖς
415 2268 624 2324 ἐννοῶν
652 2310 667 2336 ,
698 2268 899 2341 θάμϐει
937 2287 999 2323 τε
1028 2269 1356 2341 κατεσχέθη,
1389 2271 1486 2325 καὶ
1516 2270 1617 2343 τὴν
1658 2271 1759 2343 σὴν

166 2362 269 2416 τῶν
298 2362 576 2431 τενεσίων
598 2361 814 2433 ἡμέραν
842 2361 1193 2435 ἐπηράσατο;
1224 2361 1423 2427 Καλῶς
1465 2379 1529 2433 γε
1563 2363 1762 2435 σὺίτῆς

168 2454 257 2523 σῆς
280 2454 516 2508 ἀνοσίου
544 2453 717 2524 γονῆς
740 2452 841 2525 τὴν
869 2454 1085 2524 ἡμέραν
1105 2455 1272 2525 τιμᾷς
1294 2467 1309 2483 ⁸
1332 2456 1391 2508 ἐν
1483 2455 1649 2527 ἐχρῆν
1669 2457 1763 2509 καὶ

166 2551 246 2601 τὸν
274 2549 622 2603 αἰτιώτατον
645 2548 905 2603 ἀπολύειν
934 2548 1189 2613 θανάτου,
1234 2551 1293 2602 ἐν
1313 2549 1490 2623 ταύτῃ
1516 2551 1609 2605 τὸν
1639 2552 1762 2622 μεί-

164 2638 288 2703 ζονα
317 2641 561 2694 πάντων
587 2640 884 2711 προφητῶν
919 2640 1145 2709 ὑπάγων
1179 2640 1428 2713 θανάτῳ*
1471 2642 1594 2696 καθ’
1616 2644 1686 2714 ἢν
1712 2644 1765 2697 εῐ

164 2749 211 2785 τι
261 2732 591 2799 κάλλιστον,
650 2735 747 2787 καὶ
786 2732 923 2804 πρὸς
976 2734 1257 2805 χαρμονὴν
1322 2735 1762 2806 ἐπιτηδειότατον

162 2823 329 2895 ἐχρῆν
363 2824 749 2896 προστιθέναι,
779 2825 837 2877 ἐν
862 2822 1034 2896 ταύτῃ
1062 2826 1306 2897 κεφαλὴν
1337 2827 1434 2879 τοῦ
1474 2827 1574 2896 τῆς
1622 2845 1761 2897 σφα-

162 2918 265 2986 τῆς
307 2918 743 2981 ἀποστάζουσαν
771 2918 1004 2989 αἵματος
1034 2919 1335 2992 προτιθείς.
1412 2921 1502 2985 Ὦς
1530 2922 1763 2987 δείλαιος

1858 1806 2281 1878 animorumque
2340 1813 2793 1869 consternatione
2854 1816 3169 1870 convivium
3217 1819 3435 1888 reples?

1857 1896 1996 1966 Quis
2022 1900 2169 1955 enim
2199 1904 2550 1977 praesentium
2606 1906 2758 1975 gravi
2794 1908 3017 1964 tristitia
3052 1917 3185 1965 tunc
3213 1919 3432 1968 nonest

1857 1991 2179 2047 sauciatus?
2204 1992 2339 2058 Quis
2368 2009 2477 2048 non
2506 1995 2690 2050 animo
2721 1996 2956 2052 indoluit
2990 1999 3061 2054 ob
3109 2007 3220 2054 tam
3272 2016 3433 2069 pere-

1858 2085 2098 2157 grinum,
2121 2095 2176 2141 et
2196 2088 2356 2156 quale
2376 2089 2463 2142 vix
2490 2090 2597 2143 ulla
2623 2105 2811 2146 mensa
2858 2092 3012 2156 vidit,
3034 2092 3431 2163 spectaculum.
3490 2130 3497 2135 —

1859 2178 2081 2249 quando
2111 2186 2167 2233 et
2203 2186 2261 2232 tu
2292 2178 2410 2248 ipse
2442 2188 2497 2235 te
2526 2194 2764 2236 maerore
2791 2182 3042 2237 aliectum
3071 2200 3193 2240 esse
3229 2202 3339 2255 pra:
3379 2195 3435 2243 te

1860 2265 1995 2322 fers.
2026 2265 2162 2332 Quis
2185 2275 2354 2336 caput
2381 2266 2512 2321 illud
2542 2267 2768 2324 intuens
2796 2279 2850 2324 et
2880 2270 3083 2340 quibus
3127 2271 3289 2327 bonis
3335 2273 3436 2330 llo-

1860 2363 2026 2421 reret,
2057 2366 2241 2411 mente
2283 2363 2565 2427 reputans,
2624 2366 2856 2426 stupore
2900 2375 3011 2414 non
3057 2370 3143 2416 est
3195 2362 3433 2431 deﬁxus,

1862 2458 1971 2499 non
1998 2444 2117 2501 sine
2148 2446 2352 2501 natalis
2375 2446 2457 2502 tui
2477 2450 2897 2505 exsecratione?
2928 2449 3164 2508 Pulchre
3188 2455 3435 2524 profecto

1861 2536 2167 2593 detestandi
2200 2548 2359 2593 ortus
2389 2538 2467 2593 tui
2494 2537 2639 2595 diem
2679 2539 2952 2597 honoras!
2989 2543 3043 2597 in
3098 2560 3206 2615 qua
3237 2563 3438 2607 nocen-

1861 2627 2114 2685 tissimus
2134 2628 2370 2700 quisque
2406 2641 2437 2683 a
2463 2637 2640 2685 morte
2668 2630 2983 2689 liberandus
3003 2643 3144 2700 erat,
3181 2637 3288 2693 hac
3316 2653 3435 2693 ma-

1857 2718 2036 2789 jorem
2062 2720 2319 2775 omnibus
2347 2719 2633 2789 prophetis
2654 2722 2816 2776 morti
2854 2722 3047 2780 tradis.
3074 2724 3190 2792 Qua
3213 2726 3267 2782 id
3290 2730 3435 2798 quod

1861 2811 2122 2868 omnibus
2174 2810 2586 2883 pulchritudine
2615 2813 2936 2882 praestabat,
2970 2824 3025 2871 et
3074 2817 3141 2870 ad
3193 2817 3433 2875 laetitiam

1863 2901 2214 2957 excitandam
2267 2901 2505 2957 maxime
2549 2902 2787 2967 valebat,
2821 2907 3237 2975 proponendum
3293 2923 3433 2976 erat,

164 3010 263 3079 μὲν
283 3010 401 3063 τῶν
420 3011 662 3074 ὠδίνων,
691 3010 759 3075 ἃς
791 3011 885 3064 ἐπὶ
912 3012 992 3082 τῷ
1018 3012 1219 3066 σαυτοῦ
1234 3012 1431 3076 ἔλυσας
1459 3014 1616 3084 κακῷ
1640 3019 1653 3067 ι
1686 3014 1761 3078 ὼς

1866 2996 1968 3049 hac
2016 3003 2076 3049 tu
2128 3003 2291 3065 caput
2324 2994 2648 3065 sanguinem
2713 3011 2781 3051 ex
2839 2999 3041 3053 recenti
3076 3001 3224 3056 caede
3256 3003 3436 3059 adhuc

161 3099 403 3164 δείλαιος
429 3100 495 3153 δὲ
522 3099 631 3154 τῶν
662 3100 990 3171 ἀκαθάρτων
1015 3102 1253 3174 ἐρώτων,
1272 3097 1354 3165 οἷς
1388 3104 1614 3175 κάτοχος
1642 3105 1762 3169 ὅλος

160 3190 487 3260 γενόμενος,
524 3188 662 3261 πρὸς
687 3189 831 3245 οὕτω
858 3193 1137 3265 προήχθης
1161 3192 1391 3247 ἔκτοπον
1412 3193 1668 3265 τόλμημα
1689 3196 1703 3248 ι

238 3449 369 3510 Οἷον
397 3454 459 3509 δὲ
487 3455 589 3508 καὶ
614 3454 676 3509 τὸ
705 3455 896 3527 σχῆμα
928 3458 1024 3512 τοῦ
1068 3460 1144 3531 μὴ
1198 3461 1403 3515 ἐθέλειν
1449 3463 1767 3518 ἀνανεύσειν

164 3547 305 3613 πρὸς
332 3546 441 3618 τὴν
467 3547 712 3617 σφαγὴν,
737 3548 873 3618 μηδὲ
895 3551 997 3605 τὴν
1013 3553 1229 3621 αἴτησιν
1254 3552 1518 3622 ἀσελγοῦς
1542 3560 1764 3624 γυναίου

165 3633 642 3705 ἆιακρούσασθαι;
676 3635 776 3688 Διά
808 3637 917 3708 γάρ
942 3639 1069 3702 τοὺς
1104 3640 1518 3711 ἀνακειμένους,
1553 3645 1648 3697 καὶ
1678 3646 1766 3698 ῖνα

169 3730 291 3791 τοὺς
347 3727 558 3796 ὅρκους
612 3726 1146 3801 ἐμπεδώσηται,τὴν
1187 3733 1399 3804 σφαγὴν
1458 3736 1763 3803 ἐπιτρέπει,

166 3820 264 3871 καὶ
295 3819 414 3889 μην
441 3820 496 3872 εἰ
520 3817 617 3871 καὶ
636 3818 726 3873 διὰ
746 3819 914 3890 μηδὲν
934 3821 1083 3884 ἀλλο,
1109 3824 1197 3878 διὰ
1218 3842 1282 3893 γε
1314 3826 1487 3881 ταῦτα
1511 3829 1678 3899 ἐχρῆν
1704 3828 1764 3881 τὸ

166 3909 399 3977 γύναιον
423 3911 861 3981 ἀποπέμπεσθαι
885 3951 901 3976 ,
932 3913 1021 3966 ἵνα
1048 3931 1109 3967 τε
1153 3915 1229 3987 μὴ
1268 3918 1560 3984 ἀνιαθεῖεν,
1591 3919 1764 3984 οὕτως

166 4001 569 4074 ἀπανθρώπως
618 4004 668 4057 οἱ
723 4004 1076 4076 ἀνακείμενοι
1124 4009 1510 4079 εὐωχούμενοι,
1556 4013 1649 4064 καὶ
1678 4013 1766 4065 ἴνα

164 4095 244 4165 μὴ
275 4095 503 4165 γέλωτα
528 4096 723 4169 θφλῃς,
762 4097 883 4150 ἀντὶ
922 4098 1016 4152 τοῦ
1046 4099 1223 4154 δοκεῖν
1253 4102 1519 4173 εὐορκεῖν·
1544 4104 1628 4167 τίς
1656 4104 1765 4176 γὰρ

163 4186 330 4257 ὤφθη
370 4188 622 4242 τοιοῦτόν
676 4207 807 4244 ποτε
837 4190 1009 4262 δῶρον
1033 4192 1475 4264 ὐπισχνημένος;
1538 4196 1679 4250 Ἀλλ’
1702 4197 1765 4250 οὐ

165 4281 341 4346 μόνον
362 4281 589 4334 ἀνίατον
614 4283 646 4351 ή
675 4282 861 4351 μανία,
896 4285 991 4337 καὶ
1034 4284 1268 4355 μάλιστα
1306 4287 1404 4358 ὅση
1443 4288 1505 4354 ἐξ
1544 4288 1765 4361 ἐρώτων

163 4373 260 4425 καὶ
292 4372 504 4443 μέθης,
533 4373 673 4427 ἀλλά
689 4375 789 4465 καὶ
816 4376 1039 4447 δόκησιν
1084 4380 1308 4448 ἐμποιεῖ
1341 4382 1617 4447 τοιούτους
1656 4385 1769 4438 ἐτέ-
1799 4409 1842 4465 D

165 4480 297 4532 ρους
329 4465 611 4534 ἡγεῖσθαι,
659 4459 871 4538 οἷοίπερ
910 4467 1068 4521 αὐτοὶ
1096 4472 1163 4540 τῇ
1216 4470 1447 4543 ἀληθείᾳ
1471 4473 1634 4528 εἰσίν.
1673 4475 1764 4539 Ὦς

162 4557 259 4608 καὶ
285 4555 389 4607 νῦν
426 4555 677 4625 Ἡρώδης
707 4557 800 4610 τοῦ
825 4560 1164 4629 προφητικοῦ
1188 4561 1357 4631 διψῶν
1383 4562 1633 4632 αἵματος,
1655 4583 1758 4619 πα-

168 4646 434 4711 ραπαίων
468 4647 548 4706 εὶς
568 4645 918 4718 ἐκπλήρωσιν
943 4646 1043 4719 τῆς
1072 4650 1370 4721 ἐπιθυμίας
1397 4650 1586 4717 αὑτοῦ,
1634 4651 1763 4715 τοὺς

169 4739 681 4809 συνανακειμένους
742 4740 1128 4810 προϐάλλεται,
1164 4743 1239 4805 ὡς
1293 4743 1395 4797 οὐκ
1431 4743 1498 4796 ἂν
1535 4741 1763 4797 ἐκείνων

168 4832 299 4886 οἵω)
326 4850 391 4886 τε
423 4831 595 4885 ὄντων
622 4833 721 4904 τὴν
748 4834 974 4903 ἀνόητον
994 4834 1201 4906 ταύτην
1244 4835 1539 4904 διαγνῶναι
1586 4853 1759 4910 προσ-

173 4924 418 4996 ποίησιν.
460 4923 609 4997 Πλὴν
637 4927 666 4978 ό
694 4925 1007 4997 Βαπτιστὴς
1050 4928 1420 4998 ἀποτέμνεται
1466 4930 1566 4999 τὴν
1591 4946 1764 4997 κεφα-

172 5012 292 5086 λὴν,
349 5014 453 5068 καὶ
506 5014 806 5087 προθύεται
838 5014 933 5068 τοῦ
965 5017 1214 5087 αἴροντος
1250 5016 1449 5088 Ἀμνοῦ
1482 5019 1578 5082 τὰς
1603 5019 1765 5089 ἡμῶν

164 5108 479 5180 ἁμαρτίας,
528 5106 719 5179 ὥσπερ
753 5107 831 5178 τῷ
870 5110 1015 5180 τόκῳ
1043 5109 1288 5180 μετέχων
1309 5109 1405 5163 τοῦ
1434 5109 1581 5163 θείου
1603 5111 1765 5165 τόκου

168 5198 264 5251 τοῦ
302 5198 613 5267 θαύματος,
647 5199 716 5253 δι’
765 5194 840 5252 ὧν
878 5202 944 5253 ἐκ
987 5201 1372 5273 στειρευούσης
1404 5200 1643 5273 προῆλθε
1663 5217 1767 5269 γα-

171 5291 361 5359 στρὸς,
400 5290 549 5344 οὕτω
578 5293 676 5344 καλ⁵
704 5295 769 5364 τῇ
794 5294 858 5345 ἐκ
883 5292 994 5345 τῶν
1017 5292 1169 5346 κάτω
1205 5293 1338 5364 πρὸς
1368 5294 1438 5346 τὰ
1465 5292 1579 5346 ἄνω
1602 5309 1771 5362 μετα-

172 5385 427 5453 χωρήσει
449 5384 728 5438 κοινωνῶν
749 5388 817 5455 τῇ
850 5385 1069 5457 πορείᾳ,
1101 5385 1169 5438 δι’
1195 5379 1270 5440 ὧν
1289 5385 1383 5439 τοῦ
1405 5383 1605 5438 ἀθύτου
1629 5402 1771 5454 σφα-

171 5476 295 5539 γὶου
332 5476 843 5545 προσφαγιάζεται,
889 5479 985 5532 καὶ
1037 5479 1248 5547 γίνεται
1296 5478 1487 5549 ὥσπερ
1516 5480 1580 5549 τῇ
1618 5477 1770 5531 λύσει

171 5567 286 5619 τῶν
331 5568 563 5635 ὠδίνων,
598 5568 743 5624 οὕτω
766 5571 861 5624 καὶ
898 5574 967 5644 τῇ
1003 5573 1082 5637 είς
1109 5571 1238 5643 ᾅδου
1265 5572 1512 5643 φοιτήσει
1544 5571 1635 5626 τοῦ
1670 5574 1769 5624 Δε-

254 5747 299 5776 ²⁸
341 5743 514 5800 Marc.
548 5760 625 5809 VI,
656 5744 749 5800 ‘26.

1867 3086 2107 3153 stillans,
2128 3087 2410 3156 proponis.
2477 3085 2522 3143 Ο
2558 3086 2807 3144 infelices
2827 3098 2982 3145 ortus
3031 3091 3108 3146 tui
3137 3095 3435 3158 cruciatus,

1865 3176 1961 3246 qui
1987 3183 2143 3231 tanto
2162 3185 2257 3251 tuo
2290 3177 2434 3233 malo
2459 3184 2587 3234 sunt
2610 3178 2795 3234 soluti.
2828 3179 3002 3245 Quam
3045 3183 3215 3239 miser
3244 3200 3324 3249 es,
3364 3189 3439 3242 ob

1866 3270 2113 3340 impuros
2153 3285 2370 3328 amores
2393 3311 2408 3335 ,
2458 3285 2694 3343 quorum
2747 3270 2933 3329 furore
2964 3284 3156 3343 captus
3189 3288 3244 3331 et
3281 3279 3439 3335 abre-

1868 3374 1992 3431 ptus
2024 3362 2079 3417 in
2108 3372 2216 3417 tam
2248 3363 2544 3419 nefandum
2576 3363 2791 3420 facinus
2822 3366 3142 3437 prorupisti.

1937 3455 2126 3523 Qualis
2164 3471 2297 3511 vero
2328 3456 2419 3511 ille
2465 3464 2778 3526 prastextus,
2814 3458 2957 3512 nolle
2991 3460 3046 3513 in
3073 3460 3274 3515 caedem
3307 3476 3439 3517 con-

1869 3547 2112 3615 sentire;
2144 3558 2201 3603 et
2238 3558 2418 3603 tamen
2451 3548 2668 3604 lasciva!
2698 3549 2942 3605 mulieris
2972 3552 3285 3619 petitionem
3328 3570 3437 3609 non

1870 3640 2200 3709 repudiare?
2262 3639 2398 3694 Nam
2431 3648 2655 3710 propter
2705 3641 2865 3695 simul
2912 3642 3339 3710 discumbentes,
3383 3654 3440 3702 ct

1867 3742 1928 3787 ut
1980 3732 2371 3801 jusjurandum
2450 3733 2715 3797 ﬁrmaret,
2785 3733 2988 3788 caedem
3057 3739 3323 3805 permittit
3367 3730 3457 3818 “.‘i

1866 3820 2029 3890 Atqui
2063 3822 2110 3876 si
2142 3836 2249 3875 non
2289 3821 2426 3876 alias
2459 3821 2531 3888 ob
2555 3836 2772 3887 causas,
2798 3835 2947 3877 certe
2968 3823 3038 3878 ob
3079 3823 3181 3878 has
3210 3826 3457 3881 mulier~'

1866 3914 1990 3969 cula
2039 3912 2385 3968 amaudauda
2458 3923 2597 3978 erat,
2634 3928 2705 3969 ne
2734 3914 2828 3984 qui
2880 3914 3042 3970 simul
3074 3917 3442 3984 epulabantur

1868 4013 1983 4059 tam
2040 4003 2345 4059 inhumano
2375 4004 2697 4074 spectaculo
2729 4006 3223 4075 contristarentnr,
3260 4018 3315 4065 et
3370 3994 3458 4089 ηοξ

1868 4098 2167 4153 ludibrium
2207 4096 2392 4165 ﬁeres,
2426 4098 2553 4152 dum
2588 4108 2779 4155 sancte
2807 4099 3029 4169 jurasse
3054 4102 3227 4158 videri
3261 4099 3459 4175 cupisi

1870 4188 2005 4256 Quis
2037 4187 2186 4244 enim
2236 4203 2479 4258 unquam
2523 4188 2634 4244 tale
2655 4190 2865 4244 donum
2894 4190 3175 4260 pollicitus
3204 4195 3327 4249 est?
3373 4196 3459 4263 At;

1870 4297 1979 4336 non
2007 4282 2189 4338 solum
2219 4283 2443 4337 vesania
2473 4281 2895 4339 immedicabilis
2926 4292 3033 4346 est.
3094 4270 3460 4353 potissimum}

1869 4374 1984 4438 illa,
2008 4390 2129 4444 quae
2154 4389 2224 4429 ex
2252 4389 2438 4429 amore
2453 4380 2507 4428 et
2525 4373 2792 4429 ebrietate
2824 4376 3095 4440 nascitur,
3119 4379 3214 4431 sed
3239 4386 3294 4431 et
3322 4368 3460 4467 ορί-ξ

1869 4463 2090 4519 nionem
2144 4463 2453 4531 ingenerat,
2486 4462 2642 4530 quasi
2692 4471 2747 4516 et
2802 4462 2897 4515 alii
2928 4463 3039 4517 sint
3061 4466 3222 4528 tales,
3251 4462 3459 4537 qualesf

1869 4557 1995 4627 ipsi.
2026 4556 2104 4610 lta
2163 4555 2217 4609 in
2250 4554 2505 4624 praesenti
2539 4552 2784 4609 Herodes
2811 4555 3135 4625 sanguinem
3167 4544 3460 4626 propheth

1869 4648 2088 4712 sitiens,
2118 4646 2409 4717 cupiditati
2438 4660 2553 4702 suae
2579 4645 2863 4715 explenda:
2888 4647 3054 4701 simul
3102 4647 3447 4702 discumben-

1868 4749 1951 4797 tes
1979 4741 2177 4796 stolide
2204 4740 2477 4811 praetexit,
2508 4755 2573 4793 ac
2597 4740 2643 4793 si
2666 4748 2898 4794 tantum
2926 4741 3164 4797 rationis
3189 4756 3297 4795 non
3345 4741 3445 4794 ha-

1867 4832 2093 4897 berent,
2124 4841 2183 4885 ut
2214 4840 2321 4885 tam
2358 4830 2565 4884 fatuam
2617 4831 3026 4885 simulationem
3054 4839 3443 4902 agnoscerent.

1864 4923 2134 4979 Cteterum
2167 4930 2332 4993 caput
2359 4922 2617 4991 Baptistae
2674 4930 3009 4992 amputatur,
3059 4932 3114 4976 et
3165 4922 3465 4977 sacrifica-7
3521 4922 3528 4934 '

1864 5026 1957 5070 tur
1994 5016 2148 5086 prius
2208 5016 2303 5070 illo
2345 5015 2525 5085 Agno,
2573 5014 2669 5084 qui
2724 5014 2869 5069 tollit
2900 5024 3122 5084 peccata
3154 5013 3365 5081 mundi,
3393 5022 3451 5071 et

1867 5106 2330 5179 quemadmodum
2368 5107 2428 5161 in
2483 5114 2644 5176 partu
2704 5105 2960 5161 miraculi
3022 5105 3196 5161 divini
3250 5115 3448 5176 partus

1868 5202 2150 5272 particeps
2210 5199 2336 5263 fuit,
2369 5215 2438 5255 ex
2490 5198 2663 5255 sterili
2710 5206 2901 5253 ventre
2929 5207 3260 5269 prognatus;
3289 5199 3371 5254 sic
3395 5208 3452 5252 et

1869 5293 2106 5349 transitu
2167 5292 2237 5347 ab
2286 5292 2375 5347 his
2435 5291 2564 5347 imis
2596 5290 2666 5346 ad
2715 5304 2952 5360 superna
2997 5280 3467 5357 communionem?

1870 5400 1994 5441 cum
2023 5384 2212 5441 eodem
2238 5384 2431 5438 habuit
2467 5384 2521 5437 in
2544 5397 2633 5446 eo,
2675 5381 2826 5452 quod
2863 5391 2991 5438 ante
3024 5384 3173 5438 illam
3204 5399 3315 5438 non
3341 5366 3463 5445 ἰαὶ-9

1869 5476 2130 5531 uiolatam
2190 5472 2425 5527 hostiam
2490 5473 2830 5539 immolatur,
2894 5472 3091 5544 ﬁtque,
3133 5483 3194 5529 ut
3227 5484 3353 5529 ortu
3381 5490 3453 5531 ex

1874 5577 2030 5624 utero
2088 5573 2359 5630 materno,
2417 5565 2492 5618 ita
2562 5573 2619 5619 et
2671 5564 2739 5619 ad
2773 5564 2984 5621 inferos
3026 5566 3178 5621 abitu
3228 5564 3454 5622 Domint
