4070 6206
505 231 603 294 199

1722 223 1996 284 LEONIS
2033 217 2163 281 ΡΠῘ
2172 212 2493 276 LOSOPHI

3641 206 3750 270 200

500 337 869 407 praenuntius,
931 338 986 389 et
1038 332 1147 397 his,
1198 328 1293 401 qui
1358 328 1413 382 in
1451 325 1684 382 vinculis
1726 335 1780 380 et
1812 323 2072 379 ternmnis

2177 318 2373 371 σπότου
2409 315 2768 388 προάγγελος,
2802 317 2894 369 καὶ
2944 316 3056 379 τοῖς
3088 314 3145 367 ἐν
3172 314 3393 384 δεσμοῖς
3443 313 3538 366 καὶ
3560 330 3749 369 στενοι⁵

501 431 886 493 versabantur,
922 424 1362 494 redemptionem
1396 418 1691 491 significat,
1745 425 1802 471 et
1825 415 2072 471 exsulta-

499 521 666 575 tionis
683 518 839 590 quasi
868 515 1040 571 radiis
1069 523 1124 569 et
1151 510 1443 584 splendore
1485 509 1645 581 prius
1668 504 1949 578 perfundit
1979 518 2074 558 eos

498 615 592 682 qui
634 613 692 666 in
718 610 917 665 umbra
951 609 1151 663 mortis
1179 616 1236 661 et
1279 604 1513 675 caligine
1538 601 1866 657 calamitatis
1916 598 2073 654 sedeo

500 708 647 769 bant,
683 712 739 758 et
786 712 1051 771 tanquam
1076 696 1278 753 lucifer
1303 695 1647 766 pmsentiam
1680 692 1813 748 solis
1842 690 2070 745 indicat.

497 797 567 850 At
624 810 745 865 quae
782 793 975 849 inferis
1009 793 1062 845 in
1107 790 1222 844 oris
1254 794 1408 859 gesta
1442 792 1573 841 sunt
1618 783 1900 855 mysteria,
1934 794 2072 852 prae-

500 888 825 942 cedentibus
853 883 1030 954 magis
1095 887 1226 937 sunt
1274 892 1481 934 arcana
1515 885 1571 932 et
1616 874 1922 931 recondita.
1960 871 2070 927 Sed

498 979 683 1049 qualia
718 978 832 1041 illa,
883 990 1006 1045 quae
1040 971 1286 1028 Herodes
1315 968 1533 1042 patrat?
1586 966 1750 1022 Disco
1772 964 2071 1036 imponitur

499 1076 684 1136 caput,
744 1065 831 1119 cui
880 1061 1197 1132 recipiendo
1230 1060 1364 1114 nihil
1397 1072 1517 1129 par,
1555 1055 1704 1111 illius
1740 1062 1923 1124 caput,
1973 1049 2070 1121 qui

499 1162 767 1215 intactum
806 1165 968 1225 caput
995 1160 1267 1215 tenuerat,
1316 1150 1535 1220 fertque
1563 1146 1777 1217 abiecta
1828 1152 1883 1199 et
1911 1143 2070 1198 furiis

500 1253 702 1321 agitata
733 1249 913 1320 puella
953 1247 1099 1301 illam
1130 1251 1378 1312 1comam,
1411 1256 1576 1313 quam
1636 1239 1815 1310 angeli
1858 1251 2073 1293 revere-

501 1343 725 1405 bantur,
783 1353 1014 1406 eamque
1074 1337 1325 1392 muneris
1374 1336 1495 1391 loco
1534 1335 1735 1406 accipit
1766 1332 1923 1390 malae
1949 1331 2071 1386 ﬁliae

500 1433 652 1502 pejor
685 1439 877 1493 mater,
922 1440 1041 1482 rata
1070 1442 1129 1482 se
1161 1427 1323 1497 hujus
1358 1427 1730 1497 amputatione
1758 1429 2069 1494 amputatu-

502 1540 617 1578 ram
652 1536 870 1593 quoque
893 1519 1374 1590 reprehensiones,
1405 1532 1527 1587 quae
1548 1525 1736 1586 pectus
1775 1516 1893 1585 ejus
1916 1512 2072 1568 velli-

2177 410 2373 481 χωρίᾳ,
2419 410 2612 481 μηνύει
2656 410 2755 481 τὴν
2787 407 3184 479 ἀπολύτρωσιν,
3234 408 3326 461 καὶ
3358 405 3750 479 προανατέλλει

2173 503 2271 571 τῆς
2322 501 2696 570 ἀγαλλιάσεως
2726 499 2825 562 τὰς
2851 498 3025 568 αὐγὰς
3071 500 3182 561 τοῖς
3228 499 3287 552 ἐν
3334 499 3464 568 σκιᾷ
3490 497 3747 564 θανάτου,

2173 594 2269 646 καὶ
2295 593 2470 664 σκότῳ
2497 593 2731 661 θλίψεως
2764 591 3121 664 καθημένοις,
3143 590 3172 641 ό
3216 589 3491 658 ἑωσφόρος
3524 587 3748 660 μηνύων

2171 684 2265 738 τοῦ
2290 685 2441 756 ἡλίου
2467 684 2564 756 τὴν
2587 684 2911 755 παρουσίαν.
2943 682 3023 736 Τά
3055 681 3154 751 μὲν
3178 680 3241 751 δὴ
3266 680 3415 734 κάτω
3443 680 3750 749 τελούμενα

2171 777 2398 832 τοιαῦτα
2427 777 2523 830 ἐπὶ
2554 775 2888 847 προλαϐοῦσι
2916 773 3255 845 μυστηρίοις,
3291 774 3563 845 μυστήρια
3586 773 3753 843 ἀπορο

2173 868 2465 941 ῥητότερα.
2501 871 2569 923 Ἀ
2624 869 2681 922 δὲ
2731 868 2980 939 Ἡρώδης
3028 868 3140 921 ἀνω
3171 865 3495 936 διατίθησιν,
3549 868 3747 932 ὁποῖαί

2172 962 2430 1016 Πινάκιον
2460 962 2695 1033 δέχεται,
2748 956 2816 1032 ἦς
2844 961 2996 1014 οὐδὲν
3029 959 3232 1029 δοχεῖον
3287 956 3531 1021 ἐπάξιον,
3575 973 3751 1026 κεφα-

2171 1056 2290 1127 λὴν,
2319 1056 2562 1125 κεφαλὴν
2593 1056 2804 1109 ἐκείνου
2832 1052 2925 1107 τοῦ
2958 1054 3330 1123 κρατήσαντος
3351 1050 3448 1121 τὴν
3477 1050 3752 1121 ἄψαυστον

2173 1149 2435 1220 κεφαλὴν,
2468 1149 2564 1202 καὶ
2594 1149 2754 1219 φέρει
2787 1149 2932 1218 κόμη
2962 1148 3131 1215 κόρης
3162 1144 3532 1215 σεσοϐημένης
3550 1144 3752 1212 κόμην,

2172 1242 2240 1311 ἢν
2266 1242 2488 1310 ἄγγελοι
2514 1239 2925 1311 κατῃδέσθησαν
2945 1255 2959 1269 ⁶
2996 1239 3092 1293 καὶ
3117 1237 3386 1308 λαμϐάνει
3414 1236 3618 1305 ταύτην
3644 1237 3752 1290 δῶ·-

2173 1351 2267 1405 ρον
2300 1333 2535 1404 πονηροῦ
2589 1333 2786 1387 τέκνου
2847 1332 3026 1403 μήτηρ
3088 1330 3450 1403 πονηροτέρα,
3503 1328 3753 1399 οίηθείσα

2184 1424 2283 1494 μὲν
2313 1426 2379 1496 τῇ
2408 1425 2613 1495 ταύτης
2643 1426 2782 1495 τομῇ
2811 1424 3086 1493 διακόψειν
3106 1423 3234 1485 τούς
3272 1421 3547 1491 ἐλέγχους,
3575 1420 3625 1473 οἳ
3653 1421 3754 1491 τὴν

2170 1517 2341 1588 αὐτῆς
2383 1517 2611 1589 καρδίαν
2657 1518 2981 1588 συνέτρεφον
3030 1514 3470 1588 [συνέστρεφονΓ
3509 1513 3754 1586 ἐλελήθει

500 1615 720 1668 cabant.
770 1614 839 1665 At
876 1611 1049 1666 inscia
1072 1600 1127 1663 in
1161 1609 1396 1679 majores
1422 1617 1476 1663 et
1502 1608 1677 1679 magis
1727 1604 2071 1660 inevitabiles

2177 1612 2230 1666 δὲ
2258 1612 2460 1682 μᾶλλον
2482 1611 2667 1674 αὐτοῖς
2690 1609 3076 1679 ἀφυκτοτέροις
3115 1609 3537 1679 περιπίπτουσα.
3582 1609 3755 1678 Πονη-

501 1705 717 1759 incidit.
756 1702 1008 1757 Pessima
1038 1701 1246 1755 bestia!
1278 1698 1555 1769 quomodo
1586 1699 1689 1752 hoc
1716 1695 1814 1750 tibi
1845 1695 1900 1748 in
1923 1707 2073 1746 meu-

500 1808 609 1850 tem
662 1795 848 1849 venit?
906 1792 1134 1847 Voluisti
1197 1789 1535 1861 impuritatis
1579 1796 1688 1843 tua:
1752 1792 1972 1848 testem,
2019 1791 2075 1838 et

500 1889 656 1959 quasi
677 1888 987 1942 columnam
1008 1896 1272 1950 sternere,
1289 1883 1510 1939 immota
1528 1894 1792 1953 quassare
1808 1891 2027 1950 agressa
2056 1892 2072 1943 ;

502 1994 625 2032 nam
660 1993 830 2047 supra
882 1976 1088 2046 gradus
1130 1974 1462 2030 illustriores
1494 1969 1808 2036 collocasti,
1858 1968 2072 2038 adjecto

500 2072 566 2125 ad
623 2069 949 2123 adulterium
1007 2074 1159 2120 tuum
1222 2064 1555 2131 homicidio;
1619 2073 1673 2119 et
1733 2063 1930 2117 insano
1981 2067 2076 2113 tuo

500 2177 691 2218 amore
713 2163 874 2229 quasi
911 2160 967 2213 in
1000 2159 1255 2212 columna
1311 2157 1376 2211 ad
1413 2157 1802 2226 sempiternam
1840 2152 2076 2223 ignomi-

500 2257 647 2309 niam
684 2252 971 2321 inscripto.
1019 2249 1386 2321 Exstinguere
1418 2247 1616 2303 niteris
1642 2247 1921 2301 lucernam
1953 2256 2076 2313 quae

502 2360 595 2401 tua
626 2360 789 2416 opera
822 2343 1170 2398 tenebrarum
1201 2341 1482 2411 arguebat.
1518 2341 1587 2393 At
1628 2337 1802 2407 magis
1821 2335 2076 2392 accendis

515 2438 846 2507 lampadem,
877 2449 996 2503 quae
1024 2432 1260 2487 nefanda
1286 2443 1379 2486 tua
1413 2431 1618 2501 ﬂagitia
1652 2430 1870 2500 prodat.
1896 2426 2075 2482 Verti-

503 2530 630 2598 gine
657 2528 806 2581 velut
840 2524 1161 2593 corriperis,
1196 2524 1265 2577 ob
1297 2524 1404 2577 vim
1438 2531 1493 2577 et
1524 2522 1928 2579 vehementiam
1952 2534 2078 2589 pro-

504 2619 732 2688 pheticae
790 2618 1011 2687 linguae,
1048 2631 1155 2685 qua
1190 2615 1424 2685 putredo
1484 2612 1899 2668 incontinentiae
1964 2620 2075 2666 tuae

502 2709 891 2779 disrumpitur.
929 2708 999 2760 At
1035 2720 1183 2760 nunc
1206 2705 1520 2762 acerbiores
1569 2705 1857 2759 cruciatus
1905 2703 2075 2759 susti-

502 2816 622 2855 IIC‘S.

574 2892 750 2962 Caput
792 2890 1117 2960 amputasti,
1150 2888 1424 2951 Herodes,
1490 2888 1900 2958 objurgationes
1946 2901 2077 2939 vero

2178 1703 2269 1774 ρὸν
2328 1701 2541 1774 θηρίον,
2598 1700 2717 1764 πῶς
2767 1700 2924 1754 τοῦτο
2961 1700 3332 1770 διανενόησαι;
3375 1698 3754 1770 Καθαιρήσειν

2176 1793 2476 1862 ἐϐουλήθης
2523 1793 2621 1863 τῆς
2648 1796 2749 1865 σῆς
2775 1793 3066 1861 ἀσελγείας
3094 1792 3193 1863 τὴν
3238 1792 3465 1863 στήλην,
3490 1791 3607 1846 ἀλλ’
3630 1792 3755 1846 ἀκί-

2176 1904 2311 1957 νητα
2334 1884 2582 1939 σαλεύειν
2607 1886 2992 1957 ἐπεχείρησας.
3021 1885 3258 1955 Ἕστηκε
3279 1885 3388 1955 γὰρ
3415 1883 3613 1954 μᾶλλον
3639 1878 3753 1937 οἷον

2176 1980 2270 2032 ἐπὶ
2296 1979 2500 2048 βάθρας
2522 1979 3006 2049 περιφανεστέρας,
3037 1972 3116 2041 οἷς
3131 1981 3197 2049 τῇ
3224 1977 3440 2049 μοιχείᾳ
3477 1977 3569 2031 τὸν
3591 1976 3755 2046 φόνον

2178 2067 2567 2138 προστέθειηκας
2612 2067 2706 2121 τὸν
2741 2067 2832 2120 σὸν
2880 2063 3095 2138 οἶστρον
3150 2065 3561 2138 στηλιτεύουσα.
3587 2065 3753 2120 Σϐεν-

2176 2163 2322 2213 νύειν
2352 2161 2648 2231 ἐπιχειρεῖς
2673 2160 2762 2213 τὸν
2780 2158 2991 2230 λύχνον,
3022 2158 3090 2212 τὰ
3112 2157 3181 2211 σά
3225 2157 3321 2211 τοῦ
3354 2158 3577 2222 σκότους
3611 2158 3754 2229 ἔργα

2176 2253 2487 2323 ἐλέγχοντα’
2528 2252 2644 2306 ἀλλ’
2674 2252 2998 2320 ἀναφλέγεις
3025 2250 3187 2305 πλέον
3214 2249 3312 2323 τήν
3334 2250 3614 2322 λαμπάδα,
3651 2250 3755 2321 τὴν

2179 2344 2278 2415 σὴν
2319 2344 2713 2417 ἀρῤητοποιίαν
2756 2343 3126 2399 δεικνύουσαν.
3181 2342 3437 2414 Ἰλιγγιᾷς
3488 2342 3627 2415 πρὸς
3652 2342 3754 2415 τὴν

2176 2439 2361 2507 ἀκμὴν
2391 2437 2491 2506 τῆς
2518 2436 2867 2509 προφητικῆς
2890 2436 3161 2508 γλώσσης,
3196 2430 3278 2502 οἷς
3306 2439 3340 2510 ή
3372 2435 3620 2508 σηπεδὼν
3653 2438 3755 2507 τῆς

2180 2529 2280 2597 σῆς
2315 2528 2609 2592 ἀκολασίας
2648 2528 3108 2600 διασπαράττεται
3130 2546 3145 2562 ⁸
3178 2529 3318 2585 ἀλλὰ
3356 2529 3454 2584 νῦν
3496 2529 3754 2601 δριμυτέ-

2180 2638 2289 2691 ρων
2317 2619 2549 2693 αἰσθάνῃ
2571 2619 2678 2675 τῶν
2705 2620 2926 2675 ὀδυνῶν.

2254 2889 2505 2958 Ἔτεμες,
2560 2887 2794 2959 Ἡρώδη,
2827 2888 2927 2956 τὴν
2977 2886 3240 2958 κεφαλὴν,
3270 2886 3386 2941 ἀλλ’
3419 2888 3482 2941 οὐ
3543 2903 3753 2941 συναπ-

504 3002 614 3040 non
659 2983 979 3053 amputasti.
1034 2976 1274 3036 Auditur
1320 2982 1618 3037 etiamnum
1663 2997 1766 3037 vox
1808 2983 1895 3035 illa
1928 2982 2073 3036 clare

2181 2980 2374 3050 έτεμες
2423 2979 2531 3033 τῶν
2565 2980 2802 3051 ἐλέγχων
2836 2981 2935 3050 τὴν
2987 2982 3207 3049 φωνήνο
3244 2980 3500 3035 ἀκούεται
3535 2983 3628 3034 καὶ
3657 2982 3754 3034 νῦν

503 3078 799 3130 insonans:
826 3070 950 3127 Non
981 3074 1100 3127 licet
1125 3073 1219 3127 tibi
1247 3073 1437 3128 habere
1458 3090 1674 3129 uxorem
1692 3075 1879 3143 fratris
1909 3075 1984 3126 tui
2005 3076 2071 3135 ¹²,

501 3184 622 3238 qua:
669 3167 1094 3236 increpationes,
1150 3181 1291 3237 quas
1347 3168 1527 3222 celare
1588 3166 1834 3229 tentasti,
1884 3175 1939 3222 et
1984 3166 2072 3219 fu-

503 3270 660 3315 nesm
693 3267 783 3314 tua
819 3257 1020 3328 ﬂagitia
1046 3266 1163 3313 toto
1192 3266 1465 3312 terrarum
1498 3258 1633 3311 orbe
1665 3257 1942 3311 decantat.
1975 3254 2077 3310 Ve-

500 3366 624 3404 rum
674 3351 956 3403 mittamus
1007 3350 1144 3403 istos
1172 3363 1295 3402 cum
1335 3347 1577 3403 infandis
1609 3348 1723 3404 suis
1749 3346 2074 3401 sceleribus.

502 3441 583 3495 Ad
612 3441 913 3511 Baptistam
939 3448 1250 3496 revertatur
1279 3441 1479 3503 oratio,
1510 3451 1563 3495 et
1587 3440 1749 3494 hodie
1779 3454 1843 3493 ex
1900 3449 2075 3492 terre—

503 3536 603 3590 stri
630 3536 989 3588 tabernaculo
1017 3532 1382 3603 egredientem
1410 3531 1720 3593 comitetur,
1739 3537 1793 3586 et
1823 3529 1887 3583 ad
1920 3529 2076 3584 sedes

505 3630 747 3682 materiae
787 3635 1063 3697 expertes,
1114 3641 1251 3697 quas
1296 3626 1460 3680 etiam
1510 3623 1564 3677 in
1620 3638 1850 3692 corpore
1898 3621 2077 3675 adhuc

503 3732 672 3786 agens
711 3717 1009 3779 incolebat,
1063 3718 1386 3779 abeuntem,
1420 3721 1687 3785 quantum
1721 3711 1838 3767 fieri
1872 3723 2073 3782 potest,

501 3810 670 3863 ollicii
717 3824 885 3862 causa
930 3809 1189 3862 deducat.
1245 3805 1359 3861 Etsi
1381 3808 1525 3862 enim
1555 3806 1785 3876 dignitas
1811 3803 1932 3875 ejus
1963 3818 2079 3857 ma-

499 3904 677 3971 jorem
700 3900 1139 3971 praedicationem
1173 3899 1475 3964 desiderat,
1505 3914 1670 3968 quam
1707 3899 1761 3951 in
1796 3897 2074 3951 hominem

502 3996 698 4059 cadat;
750 4002 994 4046 attamen
1052 3990 1355 4060 periculum
1409 4004 1516 4044 non
1550 3998 1635 4043 est
1672 3988 1792 4043 fore
1849 3997 1907 4042 ut
1933 3987 2077 4042 hanc

502 4086 722 4141 dicendi
778 4084 1119 4139 voluntatem
1176 4082 1450 4151 repudiet,
1486 4098 1611 4137 cum
1669 4090 1897 4152 propter
1945 4080 2073 4143 alia,

510 4188 627 4230 tnm
676 4175 807 4245 quia
866 4175 1111 4230 omnium
1168 4174 1455 4230 vilissimis
1500 4184 1555 4229 et
1587 4174 2075 4244 contemptissimis

501 4278 797 4326 contentus
856 4282 978 4323 esse
1004 4267 1314 4323 consuevit.
1351 4266 1456 4322 Sed
1485 4267 1668 4338 qualia
1700 4268 1880 4321 oratio
1912 4281 2076 4322 enco-

500 4364 609 4417 mia
642 4360 922 4417 adducet?
951 4360 1130 4426 Quam
1168 4359 1541 4415 laudationem
1577 4360 1827 4416 instituet
1869 4359 1940 4425 ei,
1972 4374 2073 4415 cu-

494 4458 588 4525 jus
611 4454 805 4509 laudes
835 4454 953 4524 ipsa
985 4451 1080 4506 Dei
1114 4452 1382 4522 sapientia
1407 4452 1730 4507 contexuit?
1756 4452 1893 4518 Quis
1942 4466 2073 4507 vero

500 4556 554 4602 te
574 4544 916 4614 compellans
944 4544 1186 4613 reperiat
1206 4544 1654 4612 appellationem,
1676 4559 1798 4614 quae
1815 4545 2071 4614 exiguum

498 4638 764 4693 honorem
822 4635 919 4690 tibi
961 4634 1154 4689 creet?
1207 4636 1288 4689 An
1316 4636 1454 4689 nihil
1486 4637 1788 4706 proprium,
1823 4637 2072 4707 nihilque

496 4745 699 4786 novum
757 4726 1223 4798 excogitandum;
1280 4726 1376 4781 sed
1435 4742 1499 4782 ea
1555 4728 1731 4782 solum
1773 4730 2077 4798 promenda

497 4832 649 4890 sunt,
697 4837 823 4894 qua:
874 4834 1067 4877 omnes
1122 4820 1224 4875 tibi
1263 4822 1532 4885 tribuunt,
1584 4830 1770 4877 vetera
1811 4823 2071 4877 nimirum

497 4917 615 4983 illa,
653 4930 778 4987 quae
806 4915 991 4970 divina
1029 4915 1250 4969 oracula
1304 4913 1373 4969 de
1434 4925 1485 4969 te
1528 4915 1972 4984 praecinuerunt?
1996 4915 2074 4972 Te

451 4988 470 5034 θ·
495 5014 642 5069 enim
692 5012 1048 5068 nominarunt
1077 5026 1266 5067 vocem
1298 5012 1623 5067 clamantem
1669 5012 1725 5065 in
1752 5013 1970 5067 deserto
2004 5013 2069 5079 ¹³;

454 5098 824 5191 ig‘clama‘ntem
881 5105 1101 5175 quidem
1130 5105 1187 5158 in
1214 5104 1433 5159 deserto
1458 5142 1474 5168 ,
1532 5105 1625 5159 sed
1652 5107 1867 5160 cunctis
1895 5115 2071 5160 terra-

454 5190 614 5253 ‘rum
649 5196 853 5252 finibus
876 5206 1249 5262 resonantem,
1277 5203 1460 5251 rectas
1517 5195 1807 5251 facientem
1849 5201 2074 5253 semitas

494 5289 737 5353 Domini,
793 5303 989 5359 aspera
1040 5290 1097 5343 in
1147 5288 1357 5344 directa
1404 5286 1731 5353 ﬂectentem,
1766 5304 2072 5359 praeconem

505 5380 698 5436 salutis
743 5376 937 5445 Israel,
974 5379 1313 5435 exaltantem
1346 5392 1536 5434 vocem
1581 5392 1737 5436 suam
1783 5379 1838 5433 in
1872 5380 2074 5434 virtute

382 5548 395 5553 ‘
494 5466 651 5525 Sion.
722 5468 1039 5525 Afferantur
1067 5468 1233 5524 etiam
1284 5471 1531 5541 parentis
1564 5470 1640 5524 tui
1698 5471 1905 5539 laudes,
1937 5486 2075 5543 quas

565 5651 610 5681 ²²
634 5647 800 5703 Marc.
829 5665 904 5715 vt,
944 5651 1030 5706 l8.
1145 5654 1192 5685 ³³
1214 5652 1318 5706 lsa.
1355 5667 1442 5719 XL,
1467 5656 1521 5709 3.

2178 3070 2499 3141 διαπρύσιον
2544 3071 2837 3140 ἐμϐοῶσαο
2898 3072 3019 3126 Οὐκ
3072 3071 3280 3136 ἔξεστί
3318 3088 3415 3126 σοι
3439 3072 3603 3141 ἔχειν
3637 3072 3755 3139 τὴν

2177 3163 2435 3232 γυναῖκα
2481 3163 2588 3217 τοῦ
2635 3162 2903 3232 ἀδελφοῦ
2952 3180 3092 3219 σου.
3142 3164 3259 3219 Νῦν
3310 3162 3404 3227 οὓς
3451 3165 3752 3236 ἐπειράθης

2177 3257 2435 3327 ἐλέγχους
2463 3257 2856 3325 ἀποκρύπτειν,
2898 3257 3212 3327 ἁπανταχοῦ
3239 3256 3343 3326 γῆς
3371 3258 3470 3327 τὴν
3493 3258 3590 3328 σὴν
3618 3258 3749 3312 ἀθε-

2181 3347 2500 3418 μιτουργίαν
2559 3348 2919 3419 περιηχοῦσα.
2986 3348 3127 3401 Ἀλλ’
3159 3344 3303 3404 οὗτοι
3352 3350 3453 3418 μὲν
3488 3349 3627 3421 μετά
3650 3352 3755 3421 τῆς

2177 3439 2357 3493 αὐτῶν
2379 3438 2772 3511 ἀρρητοποιίας
2791 3437 3140 3507 ἀφιέσθωσαν
3163 3453 3177 3469 '
3211 3440 3303 3491 ἐπὶ
3330 3439 3386 3492 δὲ
3427 3439 3519 3492 τὸν
3547 3439 3755 3492 Βαπτιο

2178 3531 2309 3603 στὴν
2329 3534 2357 3584 ό
2379 3531 2534 3617 λόγος
2564 3533 2933 3603 ἀναχωρείτω,
2965 3532 3159 3599 ἐξιόντι
3187 3534 3426 3603 σήμερον
3446 3532 3539 3586 τοῦ
3565 3534 3755 3604 γηῖνου

2180 3622 2538 3694 σκηνώματος
2571 3623 3001 3691 συνακολουθῶν,
3035 3624 3129 3677 καὶ
3152 3626 3287 3696 πρὸς
3310 3627 3410 3688 τὰς
3433 3626 3629 3688 ἀΰλους
3660 3643 3754 3695 μο-

2178 3716 2275 3779 νὰς
2298 3715 2549 3780 ἀπιόντα,
2596 3710 2684 3780 αἶς
2733 3716 2984 3787 συνῴκει,
3028 3719 3119 3770 καὶ
3158 3719 3294 3787 μετά
3330 3716 3598 3787 σώματος,
3629 3719 3757 3771 ὅσον

2178 3802 2287 3862 οἷόν
2317 3825 2377 3863 τε
2414 3808 2589 3879 τιμῶν
2619 3808 2716 3863 καὶ
2745 3808 3169 3879 προπομπεύων.
3205 3809 3268 3861 El
3305 3812 3416 3880 γάρ
3448 3809 3542 3863 καὶ
3575 3807 3757 3879 μείζο-

2179 3917 2267 3964 νος
2299 3900 2331 3971 ή
2366 3900 2509 3954 κατά
2539 3901 2790 3969 γλῶσσαν
2826 3901 3173 3971 ἀνθρωπίνην
3220 3901 3300 3954 δεῖ
3340 3902 3438 3972 τῆς
3479 3901 3756 3972 εὐφημίας

2179 3993 2348 4064 αὐτῷ,
2378 3992 2601 4051 ἀλλὀὖν
2634 3993 2734 4047 οὐκ
2754 3993 2869 4046 ἐστι
2905 3993 3023 4056 δέος
3051 3992 3383 4058 ἀπαξιώσειν
3408 3993 3508 4066 τήν
3536 3994 3630 4048 τοῦ
3662 3994 3752 4047 λό-

2179 4104 2277 4156 γου
2308 4086 2629 4158 προαίρεσιν
2651 4087 2741 4141 διά
2762 4103 2822 4139 τε
2850 4086 2917 4140 τὰ
2947 4086 3102 4152 ἄλλα,
3137 4086 3234 4139 καὶ
3273 4088 3355 4140 ὅτι
3392 4088 3505 4149 τοῖς
3532 4087 3756 4139 πάντων

2179 4180 2583 4244 εὐτελεστάτοις
2612 4179 3016 4251 ἐξαρκούμενος
3060 4179 3299 4251 ἔχαιρεν.
3346 4178 3503 4231 Ἀλλά
3530 4179 3693 4232 τίνων
3725 4181 3755 4233 ό

2178 4272 2335 4341 λόγος
2375 4273 2666 4342 ἐγκωμίων
2712 4271 2943 4342 bid/atro;
2986 4271 3105 4325 τίνα
3136 4270 3410 4341 εὐφημίαν
3447 4269 3754 4341 προσοίσει,

2181 4358 2225 4433 ᾧ
2253 4365 2378 4428 τοὺς
2413 4364 2666 4429 ἐπαίνους
2707 4365 2741 4435 ή
2772 4362 2866 4417 τοῦ
2893 4362 3028 4417 Θεοῦ
3089 4365 3248 4433 σοφία
3279 4362 3557 4429 διέπλεξε;
3592 4363 3676 4426 τίς
3697 4363 3756 4416 δέ

2183 4472 2243 4509 σε
2298 4454 2613 4527 προσειπὼν
2673 4455 2899 4526 μετρίαν
2958 4456 3040 4518 είς
3067 4454 3231 4525 τιμὴν
3275 4438 3513 4525 ἥκουσαν
3543 4452 3755 4524 ἐξεύροι

2181 4548 2586 4621 προσηγορίαν;
2623 4550 2693 4602 Ἢ
2714 4549 2868 4602 οὐδὲν
2885 4549 2983 4619 μὲν
3013 4548 3163 4613 ἴδιον,
3198 4548 3322 4601 οὐδέ
3358 4548 3477 4603 νέον
3515 4546 3752 4619 εὕρημα,

2180 4641 2297 4696 ἀλλ’
2335 4642 2475 4695 αὐτά
2500 4638 2695 4707 ταῦτα,
2720 4640 2822 4693 ὅσα
2848 4642 2995 4694 πᾶσα
3022 4639 3244 4709 γλῶσσα
3267 4639 3585 4709 φθέγγεται,
3626 4641 3756 4709 περὶ

2182 4731 2276 4786 σοῦ
2307 4732 2376 4785 τὰ
2407 4731 2613 4785 παλαιὰ
2648 4733 2854 4798 ἐκεῖνα,
2887 4732 2924 4785 ἆ
2952 4748 3012 4783 σε
3061 4730 3199 4784 θεῖοι
3251 4731 3492 4803 χρησμοὶ
3553 4748 3759 4801 προαν-

2182 4827 2467 4898 ύμνησαν;
2494 4827 2615 4880 τίνα
2642 4826 2824 4897 φωνὴν
2856 4825 3068 4897 βοῶσαν
3096 4827 3155 4879 ἐν
3200 4829 3266 4897 τῇ
3302 4826 3516 4898 ἐρήμῳ,
3548 4825 3760 4897 βοῶσαν

2182 4920 2284 4990 μὲν
2310 4920 2369 4973 ὲν
2412 4921 2626 4991 ἐρήμῳ,
2681 4920 2817 4972 πᾶσι
2850 4918 2905 4972 δὲ
2934 4919 3167 4991 πέρασιν
3209 4918 3619 4990 ἀπηχουμένην,
3663 4918 3759 4969 εὐ-

2179 5008 2505 5080 τρεπίζοντα
2538 5009 2761 5080 τρίϐους
2800 5009 2899 5073 τὰς
2937 5010 3153 5072 εὐθείας
3188 5009 3418 5080 Κυρίου,
3463 5009 3534 5062 τά
3569 5006 3761 5062 σκολιὰ

2179 5100 2610 5167 κατευθύνοντα,
2649 5101 3045 5173 εὐαγγελιστὴν
3093 5100 3366 5171 σωτηρίας
3395 5100 3475 5170 τῷ
3519 5100 3757 5171 Ἰσραὴλ,

2177 5192 2415 5263 ὐψοῦντα
2465 5192 2565 5263 τὴν
2622 5192 2806 5261 φωνὴν
2865 5194 2923 5244 ἐν
2959 5192 3105 5263 ἰσχύϊ
3134 5196 3200 5263 τῇ
3235 5191 3373 5245 Σιών
3398 5209 3413 5257 ;
3442 5194 3663 5259 Λεγέτω
3694 5192 3760 5262 δὴ

2178 5287 2272 5338 καὶ
2300 5285 2394 5338 τοῦ
2420 5286 2744 5355 γεννήτορος
2773 5285 2899 5349 τοὺς
2929 5286 3233 5350 ἐπιτοκίους
3268 5286 3545 5347 ἐπαίνους,
3581 5284 3756 5354 βραχρ

2175 5394 2233 5429 τε
2266 5378 2642 5447 μεταποιήσας
2670 5378 2867 5440 αὐτοὺς
2893 5377 3028 5449 πρὸς
3052 5378 3110 5431 τὸ
3135 5378 3211 5447 τῷ
3237 5377 3416 5449 καιρῷ
3440 5376 3761 5451 προσφορά-

2175 5489 2350 5543 τερον.
2392 5471 2505 5541 Πρὸ
2545 5470 2639 5525 τοῦ
2677 5472 2932 5541 Ὑψίστου
2964 5473 3430 5543 προπεπόρευσαι,
3472 5472 3761 5545 προφήτης
