3952 6210
177 392 270 458 201

725 399 1009 464 ORATIO
1031 402 1184 465 XVI.
1212 427 1282 440 --
1312 404 1396 468 IN
1423 404 1751 469 DECOLLA

1854 407 2054 470 DNEM
2087 408 2146 470 S.
2191 407 2515 470 JOANNIS
2543 408 2948 471 BAPTISTIE.

3338 411 3444 477 202

178 505 540 578 χρηματίζων
571 507 633 560 ἐν
659 508 841 581 νηπίῳ
879 510 959 583 τῷ
999 512 1250 581 γάλακτι,
1290 515 1385 568 καὶ
1421 514 1622 583 γνῶσιν
1649 534 1751 570 aw-

1863 517 2162 586 subipsum
2210 524 2364 570 tuum
2395 523 2578 570 ortum
2605 517 2845 583 cecinit;
2881 523 3105 573 mutatae
3131 518 3439 590 paululum,

180 600 365 669 τηρίας
392 599 478 670 τῷ
528 597 650 671 λαῷ
694 600 963 672 κηρύξας,
992 604 1054 657 ού
1094 604 1254 674 μόνον
1281 605 1340 659 ὲν
1367 604 1602 677 σώματι,
1633 607 1768 662 ἀλλὰ

182 696 266 748 καὶ
290 692 478 764 δεσμὰ
507 694 613 764 τῆς
644 695 848 766 σαρκὸς
894 696 1252 767 ἀποθέμενος.
1296 699 1630 770 Προσθῶμεν
1659 699 1767 754 ῶσ-

172 802 274 855 περ
301 784 432 837 τινὰ
454 785 732 856 κορυφὴν,
765 786 859 839 καὶ
881 785 918 840 ἃ.
936 786 1035 856 τῆς
1064 787 1248 857 πηγῆς
1276 789 1377 858 τῆς
1411 790 1604 859 σοφίας
1623 790 1766 861 ἔχεις

181 871 569 947 ⁶προσρήματα.
604 877 827 942 Μείζων
855 879 915 931 ὲν
943 882 1225 950 γεννητοῖς
1275 883 1553 950 γυναικῶν
1590 883 1767 948 οὐδεὶς

179 968 323 1040 ἑσφθη
348 986 449 1022 σου
485 968 928 1042 ὲξεγηγερμένος
951 987 968 1003 ·
1001 971 1301 1043 προφητῶν
1342 973 1600 1028 ἁπάντων
1630 975 1768 1030 ἀπο·

180 1062 308 1134 ᾳέρῃ
341 1063 406 1115 τὸ
432 1061 853 1135 περισσότερον,
883 1065 1068 1118 ἐκεῖνα
1089 1064 1396 1137 θεωρήσας,
1441 1066 1626 1121 ἐκεῖνα
1660 1083 1766 1138 μη·

179 1154 359 1216 νύσας,
396 1154 620 1218 τούτοις
647 1154 1062 1226 λειτουργήσας,
1096 1155 1133 1210 ἃ
1161 1157 1252 1212 διὰ
1273 1157 1557 1228 συμϐόλων
1580 1158 1765 1222 αὐτοῖς

176 1246 458 1301 ὦπτάνετο
477 1264 494 1279 ο
528 1247 734 1301 τούτων
758 1248 1078 1312 ἀπολαύσας
1098 1287 1114 1315 ,
1155 1242 1232 1304 ὧν
1277 1250 1635 1323 ἐπεθύμησαν
1663 1252 1764 1322 μὲν

175 1337 430 1403 ἅπαντες,
448 1338 614 1409 ἔτυχε
634 1338 904 1404 δὲούδείς.
934 1342 1090 1410 Ἀρτι
1116 1357 1220 1408 σοι,
1245 1342 1548 1410 Βαπτιστὰ,
1570 1343 1632 1397 τὸ
1659 1343 1760 1415 βά·-

174 1447 382 1499 πτισμα
404 1432 795 1501 παραγίνεται,
815 1431 845 1487 ὃ
868 1433 1035 1490 πάλαι
1053 1434 1155 1506 τῆς
1180 1436 1518 1505 Δεσποτικῆς
1550 1437 1764 1508 ἐζήτεις

177 1521 452 1591 καλάμης,
491 1524 554 1577 ού
608 1525 815 1596 νάμασι
870 1526 1180 1598 ποταμίοις,
1223 1527 1362 1583 ἀλλὰ
1395 1528 1633 1600 ῥείθροις
1666 1527 1761 1584 τοῦ

179 1612 258 1664 τοῦ
294 1613 598 1684 λουόμενος
633 1616 887 1688 αἵματος.
917 1617 1086 1690 [Πλὴν
1127 1619 1224 1674 καὶ
1249 1619 1394 1674 οὕτω
1420 1621 1558 1694 πρὸς
1581 1623 1641 1676 σὲ
1667 1621 1760 1693 ἔρ-

175 1722 344 1773 χεται.
373 1701 420 1774 ᾧ
452 1708 631 1762 πάλαι
671 1708 732 1762 τὸ
761 1710 900 1764 πολὺ
932 1711 1034 1783 τῆς
1059 1713 1524 1781 συγκαταϐάσεως
1567 1715 1758 1769 ὲνεκὰ-

173 1799 293 1861 ὶεις.
331 1800 576 1869 Φθέγξαι
603 1801 782 1867 κάκεῖ,
807 1803 945 1857 ὅπου
977 1803 1071 1857 νῦν
1092 1805 1244 1872 ἄπει,
1265 1805 1360 1859 τοῦ
1383 1805 1529 1860 θείου
1555 1805 1757 1878 Ἀμνοῦ

1874 616 1932 666 ιιι
1970 609 2083 666 sint
2117 606 2594 664 convenientiores
2624 609 2881 677 tempori.
2915 609 3054 663 Ante
3095 610 3442 668 Altissimum

1870 699 2150 772 praeivisti,
2203 698 2466 769 propheta
2521 698 2834 754 nominatus
2868 698 2936 767 “,
2989 716 3114 756 cum
3143 703 3324 758 adhuc
3359 705 3430 758 ab

1871 797 2041 852 ubere
2069 795 2268 852 matris
2287 795 2579 865 penderes,
2610 803 2665 849 et
2690 795 2889 864 populo
2930 796 3220 852 scientiam
3245 800 3442 856 salutis

1869 889 2232 955 annuntiasti,
2263 902 2372 942 non
2398 887 2574 944 solum
2611 887 2670 941 in
2699 901 2952 957 corpore.
2987 887 3083 944 sed
3114 890 3278 944 etiam
3314 907 3442 946 cor-

1867 981 2018 1053 poris
2071 981 2305 1037 nexibus
2359 980 2662 1036 exsolutus.
2723 979 3004 1036 Addamus
3061 980 3268 1053 fastigii
3322 984 3442 1039 loco

1867 1074 1981 1141 illa,
2016 1087 2140 1143 quae
2163 1073 2232 1129 ab
2255 1072 2376 1142 ipso
2418 1071 2703 1141 sapientia:
2731 1069 2885 1126 fonte
2912 1080 3228 1126 manarunt.
3267 1071 3442 1142 Major

1869 1176 1922 1221 te
1975 1165 2120 1220 inter
2153 1173 2318 1219 natos
2364 1163 2656 1218 mulierum
2691 1177 2802 1218 non
2851 1164 3101 1234 apparuit
3129 1165 3200 1228 ’⁵,
3245 1179 3441 1220 omnes

1867 1257 2164 1328 prophetas
2188 1267 2244 1312 tu
2272 1254 2579 1320 anteeedis,
2605 1254 2696 1309 illa
2737 1256 3140 1325 contemplans,
3169 1255 3262 1308 illa
3293 1270 3439 1310 nun-

1869 1349 2043 1413 tians,
2066 1356 2120 1403 et
2149 1348 2263 1409 illis
2309 1345 2688 1408 subserviens,
2723 1360 2847 1416 quae
2877 1346 3045 1415 prisci
3079 1361 3176 1415 per
3201 1351 3439 1401 obscura

1864 1441 2130 1495 duntaxat
2162 1440 2409 1512 symbola
2433 1446 2801 1509 aspexerunt;
2835 1438 2903 1494 iis
2954 1438 3152 1495 fruitus
3186 1454 3269 1502 es,
3319 1455 3442 1509 qua:

1863 1545 2055 1586 omnes
2084 1532 2304 1603 quidem
2338 1531 2750 1596 desiderarunt,
2780 1537 2837 1584 at
2864 1545 3024 1585 nemo
3070 1529 3299 1602 adeptus
3333 1540 3439 1586 est.

1861 1621 2043 1684 Nune,
2072 1635 2106 1675 ο
2138 1620 2405 1692 Baptista,
2431 1620 2588 1677 adest
2617 1620 2920 1690 baptisma,
2952 1620 3098 1689 quod
3130 1636 3161 1674 a
3227 1621 3442 1675 Domini

1863 1726 2029 1766 manu
2051 1709 2185 1766 olim
2215 1712 2553 1782 postulabas,
2580 1724 2692 1765 non
2716 1709 2873 1765 ﬂuvii
2908 1710 3100 1775 undis,
3135 1710 3229 1765 sed
3269 1709 3442 1765 liuen-

1863 1806 1934 1860 tis
1963 1803 2041 1860 tui
2081 1805 2366 1876 sanguinis
2393 1805 2635 1862 ablutus.
2665 1803 2936 1859 Caeterum
2969 1813 3022 1858 et
3048 1803 3156 1858 hoc
3189 1803 3350 1857 modo
3374 1802 3441 1886 ad

170 1892 259 1961 τὴν
288 1892 609 1964 ἐνέργειαν,
638 1895 739 1966 τὴν
769 1896 837 1950 δι’
871 1897 1083 1951 ἐκεῖνον
1122 1898 1233 1954 τῶν
1261 1900 1548 1971 ἁμαρτιῶν
1576 1901 1751 1971 ἄρσιν¹

1862 1906 1916 1954 te
1948 1897 2098 1953 venit
2131 1897 2246 1963 ille,
2284 1898 2355 1953 de
2388 1898 2546 1968 cujus
2581 1897 2753 1952 nimia
2777 1896 3113 1953 demissione
3141 1896 3272 1950 olim
3302 1882 3436 1964 que-

169 1988 254 2038 καὶ
281 1986 700 2056 ἀπολύτρωσιν.
731 1989 951 2044 Μᾶλλον
988 1990 1033 2044 δ’
1059 1991 1153 2044 ἐπὶ
1197 1991 1374 2064 τούτῳ
1404 1993 1755 2064 προφθάνεις,

170 2078 243 2130 ἵνα
294 2080 394 2133 καὶ
426 2078 650 2142 τούτοις
691 2080 754 2134 τὸ
784 2081 876 2135 σὺν
929 2083 1112 2153 ήχήσῃ
1143 2084 1428 2154 κήρυγμα,
1473 2083 1756 2156 ἐλεύθερον

168 2170 414 2239 ἀπειλῆς.
451 2173 529 2225 Οὐ
560 2173 671 2244 γὰρ
697 2173 883 2244 δεήσει
920 2177 984 2246 τῇ
1011 2170 1170 2247 ἀξίνῃ
1201 2177 1296 2230 καὶ
1344 2179 1411 2248 τῇ
1455 2178 1596 2249 τομῇ
1631 2179 1756 2244 τοὺς

165 2262 272 2313 ἐκεῖ
302 2263 876 2334 ταλαιπωρουμένους
922 2265 1127 2335 φοϐεῖν,
1178 2267 1301 2321 οὐδὲ
1334 2267 1396 2320 τὸ
1436 2267 1547 2339 πῦρ
1576 2270 1666 2326 καὶ
1693 2270 1756 2324 τὸ

165 2351 359 2422 ἄχυρον
387 2354 843 2425 προσεπιλέγειν,
875 2355 1009 2410 ἀλλά
1037 2355 1247 2429 φθέγξῃ
1287 2357 1476 2428 φωνὴν
1497 2359 1756 2430 ψυχαγω-

165 2443 278 2505 γίας
304 2443 544 2514 μεστὴν,
575 2446 756 2516 χαρὰν
795 2446 1209 2512 ἀποστάζουσαν
1230 2465 1244 2478 ·
1277 2449 1493 2521 ὀφθήσῃ
1513 2451 1626 2514 τοῖς
1658 2450 1760 2504 ἀπ’

163 2535 349 2597 αἰῶνος
377 2538 444 2589 ἐν
477 2535 612 2606 ᾅδου
642 2537 904 2608 δεσμίοις,
931 2538 1110 2609 θέαμα
1129 2540 1398 2607 ποθεινὸν,
1422 2543 1752 2613 προφήταις,

163 2626 562 2698 πατριάρχαις,
645 2628 899 2694 δικαίοις.
975 2629 1326 2696 Ἀναϐιώσεις
1371 2631 1582 2696 ἀὐτοὺς
1641 2634 1754 2695 τοῖς

164 2718 505 2786 εὗατγελξοις
529 2761 548 2787 ,
608 2722 704 2774 καὶ
751 2722 860 2792 πρὸ
917 2722 1020 2792 τῆς
1072 2724 1190 2776 ἐκεῖ
1243 2723 1599 2788 καταϐάσεως
1651 2723 1753 2794 τῆς

166 2810 329 2879 Ζωῆς.

1860 1987 2365 2044 rebaris.Pr:edica
2418 1998 2474 2044 et
2520 1987 2705 2053 isthic,
2757 2002 2868 2057 quo
2900 2002 3051 2043 nunc
3100 1987 3244 2052 abis,
3272 1985 3440 2040 divini

1859 2080 1995 2149 Agni
2025 2080 2132 2135 vim
2159 2087 2214 2134 et
2243 2078 2536 2143 actionem,
2569 2094 2844 2150 operaque
2873 2079 3282 2148 illius,peceata
3304 2078 3438 2132 sub-

1860 2174 2026 2227 latum
2053 2213 2068 2237 ,
2119 2180 2174 2228 et
2215 2172 2646 2243 redemptionem
2679 2171 2942 2227 donatum
3005 2171 3100 2225 iri.
3150 2169 3294 2237 Quin
3334 2171 3440 2226 hoc

1859 2268 2103 2322 consilio
2136 2283 2204 2322 eo
2257 2268 2408 2338 prior
2431 2276 2484 2322 te
2515 2267 2740 2336 recipis,
2773 2273 2834 2319 ttt
2863 2274 2917 2320 et
2969 2265 3092 2320 istis
3122 2264 3439 2335 prtedicatio

1863 2366 1955 2412 tua
1985 2357 2316 2422 innotescat,
2355 2356 2423 2410 ab
2453 2355 2712 2410 omnibus
2760 2354 2871 2424 jam
2900 2353 3069 2409 libera
3091 2354 3286 2418 minis;
3314 2369 3425 2406 non

1856 2450 2000 2502 enim
2033 2447 2146 2518 jam
2195 2447 2377 2502 securi
2420 2454 2476 2501 et
2502 2445 2788 2500 excisione
2843 2459 2982 2514 opus
3011 2445 3118 2499 erit
3155 2453 3432 2514 perterre—

1855 2537 2034 2595 facere
2081 2540 2226 2605 illos,
2261 2540 2353 2609 qui
2407 2537 2507 2592 tibi
2536 2551 2660 2591 cum
2720 2537 2981 2592 aerumnis
3027 2535 3434 2595 conflictantur.

1856 2647 2036 2703 neque
2069 2631 2251 2704 ignem
2287 2641 2341 2686 et
2366 2629 2552 2700 paleas
2575 2641 3040 2692 commemorare;
3096 2628 3194 2683 sed
3244 2641 3432 2682 vocem

1856 2723 2261 2779 consolationis
2310 2719 2691 2791 plenissimam
2726 2717 2995 2789 proferes,
3054 2732 3242 2774 vocem
3301 2733 3436 2786 gau-

1856 2815 2006 2871 dium
2033 2816 2354 2871 stillantem.
2391 2811 2586 2868 Venies
2627 2812 2827 2866 vinctis
2857 2827 2887 2865 a
2927 2810 3128 2867 sreunlo
3158 2807 3301 2879 apud
3349 2811 3436 2862 in-

167 2901 318 2965 feros,
343 2912 586 2975 aspectu
605 2905 1066 2975 iucundissimus,
1091 2907 1390 2979 prophetis,
1422 2906 1772 2980 patriarchis,
1793 2906 1977 2977 iustis.
2014 2905 2394 2964 Resuseitabis
2435 2919 2530 2960 eos
2569 2904 2636 2960 ad
2661 2903 2825 2958 vitam
2862 2907 2943 2960 his
2974 2913 3083 2956 tam
3127 2904 3264 2956 laetis
3289 2919 3436 2958 nun-

171 2997 270 3064 liis,
295 3000 468 3054 etiam
503 3010 806 3071 antequam
830 2999 950 3056 Vita
980 3016 1048 3057 eo
1073 3001 1394 3058 descendat.

237 3181 609 3253 Ἡσθήσονται
638 3183 878 3252 Μωῦσῆς
906 3185 1000 3237 καὶ
1030 3184 1239 3256 Ἀαρὼν
1270 3184 1472 3252 ἰδόντες
1497 3186 1590 3240 τὸν
1614 3203 1743 3256 συγ-

1919 3186 2278 3242 Laetabnntur
2331 3186 2546 3258 Moyses
2591 3195 2645 3243 et
2676 3187 2862 3242 Aaron
2927 3185 3046 3242 viso
3085 3198 3321 3258 cognato
3363 3206 3430 3246 ex

171 3275 282 3345 τενῆ
314 3276 413 3330 τὸν
451 3277 518 3329 ὲκ
576 3274 678 3345 τῆς
740 3275 1140 3346 ’Λαρωνίτιδος.
1183 3279 1504 3334 Ἀκούσεται
1559 3281 1616 3334 δὲ
1652 3282 1744 3335 καὶ

176 3366 394 3431 Ἡσαΐας
420 3366 717 3438 φωνούσης
745 3367 815 3421 τὰ
837 3366 954 3422 θεῖα
979 3370 1272 3442 μυστήρια,
1292 3367 1360 3445 ἧς
1384 3370 1743 3438 πάλαιςΠνεύ-

167 3478 322 3529 ματος
367 3461 478 3513 ὡτὶ
504 3459 642 3532 θείῳ
681 3460 864 3532 φωνῆς
917 3461 1239 3533 ἐπήκουσεν.
1287 3463 1517 3536 ’ᾼσεται
1554 3464 1611 3518 δὲ
1648 3467 1744 3519 καὶ

163 3553 315 3606 iam
367 3553 401 3606 ὁ
440 3552 734 3624 προφήτης
785 3553 883 3607 καὶ
939 3553 1215 3624 βασιλεὺς,
1247 3557 1344 3610 καὶ
1380 3557 1604 3629 κρούσει
1645 3560 1746 3632 τὴν

161 3643 337 3716 ὶόραν.
397 3645 771 3717 Σκιρτήσουσι
830 3646 1029 3711 πάντες
1076 3649 1126 3702 οἱ
1165 3647 1384 3716 δίκαιοι,
1447 3650 1544 3705 καὶ
1599 3652 1744 3721 φίλοι

160 3739 306 3806 Θεοῦ,
337 3741 445 3794 τὸν
473 3740 811 3812 Βαπτιστὴν,
863 3744 957 3796 καὶ
985 3743 1157 3812 φίλον,
1193 3746 1290 3799 καὶ
1317 3745 1526 3800 δίκαιον
1573 3765 1744 3819 προσ-

158 3832 459 3902 εληλυθότα
480 3832 768 3903 θεώμενοι.
810 3834 951 3888 Ἀλλ’
969 3830 1016 3890 ὦ
1040 3837 1358 3908 παραδόξως
1382 3839 1481 3911 μὲν
1509 3839 1739 3910 τεχθεὶς,

158 3924 606 3996 παραδοξοτέραν
637 3926 694 3980 δὲ
719 3927 978 3993 διανύσας
1002 3929 1170 4002 ζωὴν,
1190 3932 1286 3988 καὶ
1319 3933 1407 3988 διὰ
1441 3935 1743 4005 μαρτυρίου

159 4018 288 4084 πρὸς
333 4017 445 4086 τὴν
503 4017 774 4073 ἀθάνατον
803 4020 948 4092 ζωὴν
981 4023 1396 4095 μεταχωρήσας,
1442 4026 1604 4097 δέχου
1645 4026 1744 4096 μὲν

154 4104 310 4175 ἡμῶν
354 4106 522 4174 ῑλεως
543 4108 642 4182 τὴν
671 4111 899 4185 μετρίαν
933 4114 1138 4187 ταύτην
1184 4113 1280 4172 τοῦ
1310 4116 1469 4190 λόγου
1511 4120 1743 4193 προσέντ

154 4199 286 4266 εξιν,
311 4201 473 4273 πόθῳ
498 4202 918 4276 τεθαρρηκότων
945 4209 1184 4279 ἅψασθαι
1219 4211 1327 4266 τῶν
1344 4211 1453 4266 σῶν
1483 4214 1742 4282 ἐπαίνων,

153 4291 313 4345 ῧξων
335 4293 401 4345 δὲ
433 4294 749 4366 ἀπέργασαι
775 4299 867 4353 τὸν
901 4302 1200 4372 Δεσπότην,
1257 4304 1348 4357 καὶ
1375 4307 1508 4376 ἡμῖν
1539 4307 1637 4376 μὲν
1663 4301 1746 4372 οἷς

155 4385 208 4435 τὸ
241 4383 420 4437 αὑτοῦ
447 4386 700 4456 ποίμνιον
727 4389 794 4443 δι’
818 4391 1024 4460 ἄφατον
1047 4394 1383 4466 ἐνεχείρισας
1408 4397 1742 4469 ἀγαθότητα,

156 4478 250 4530 καὶ
305 4479 392 4547 τῷ
423 4479 664 4552 ποιμνίῳ
693 4482 770 4544 δὲ,
805 4483 870 4536 δι’
923 4484 1018 4549 οὓς
1049 4487 1110 4540 τὸ
1141 4489 1441 4562 καθάρσιον
1466 4487 1605 4561 αἷμα
1631 4495 1741 4546 ὲκὲ-

1851 3278 2089 3334 Aaronis
2112 3278 2246 3333 filia.
2277 3278 2477 3334 Autiet
2509 3286 2565 3334 et
2591 3278 2764 3334 Isaias
2787 3293 2976 3334 vocem
3012 3280 3277 3350 mysteria
3303 3295 3438 3352 pan-

1845 3365 2084 3436 dentem,
2120 3385 2284 3440 quam
2337 3370 2466 3425 olim
2495 3369 2609 3440 jam
2661 3371 2844 3426 divina
2887 3369 3123 3441 Spiritus
3159 3386 3293 3427 voce
3341 3387 3440 3429 au-

1846 3461 2047 3518 dierat.
2113 3465 2286 3519 Canet
2325 3479 2546 3534 quoque
2595 3463 2769 3520 David
2809 3464 3076 3536 propheta
3126 3473 3181 3520 et
3230 3480 3350 3528 rex.
3383 3477 3441 3522 et

1846 3551 2022 3622 lyram
2055 3551 2317 3621 pulsabit.
2343 3551 2613 3606 Exsilient
2641 3567 2833 3607 omnes
2868 3551 3004 3621 justi
3029 3560 3085 3606 et
3117 3552 3286 3608 amici
3342 3554 3438 3610 Dei

1846 3654 1973 3696 cum
2019 3641 2260 3696 viderint
2291 3640 2595 3712 Baptistam
2626 3651 2678 3696 et
2722 3641 2982 3708 amicum,
3013 3649 3069 3697 et
3090 3642 3303 3712 justum
3339 3644 3438 3699 ad-

1844 3738 2116 3788 ventasse.
2131 3731 2221 3798 At,
2243 3745 2276 3784 ο
2294 3730 2386 3801 qui
2421 3741 2615 3801 praeter
2637 3733 2946 3802 opinionem
2976 3743 3139 3790 natus
3161 3748 3243 3803 es,
3264 3743 3314 3790 et
3339 3735 3439 3790 ad-

1847 3821 1954 3877 huc
1977 3823 2147 3894 magis
2168 3832 2366 3894 praeter
2393 3823 2706 3896 Opinionem
2737 3839 2958 3884 cursum
2975 3825 3100 3881 vitae
3123 3825 3436 3893 confecisti,

1845 3911 1938 3981 qui
1966 3925 2062 3980 per
2090 3912 2412 3984 martyrium
2439 3911 2508 3967 ad
2542 3911 2906 3968 immortalem
2937 3915 3114 3970 vitam
3136 3916 3431 3981 transiisti,

1846 4005 2034 4074 accipe
2079 4006 2351 4075 propitius
2419 4005 2522 4061 hoc
2569 4005 2850 4061 levidense
2909 4007 3178 4062 orationis
3234 4016 3438 4063 nostrae

1846 4099 2253 4167 munuSCulum,
2285 4099 2430 4172 quod
2453 4102 2724 4158 desiderio
2742 4100 3081 4159 laudestuas
3121 4101 3435 4160 celebrandi

1846 4189 2036 4254 oii‘ero,
2113 4190 2519 4261 propitiumque
2587 4191 2752 4246 redde
2801 4191 3117 4257 Dominum,
3170 4202 3227 4248 et
3255 4195 3437 4261 nobis,

1848 4281 2049 4350 quibus
2076 4281 2259 4352 gregis
2281 4281 2428 4337 illius
2461 4281 2902 4351 perimmensam
2931 4291 3080 4336 tuam
3114 4283 3436 4346 bonitatem,

1848 4387 2038 4427 curam
2067 4373 2415 4436 commisisti,
2462 4381 2516 4425 et
2543 4372 2646 4441 ipsi
2690 4373 2862 4443 gregi,
2895 4373 3055 4441 cujus
3101 4374 3435 4429 emundandi

1849 4464 2024 4533 gratia
2064 4462 2382 4532 sanguinem
2421 4461 2577 4516 fudit.
2607 4460 2672 4513 Et
2702 4477 2848 4516 nunc
2887 4463 3149 4527 concede,
3193 4474 3252 4518 ut
3281 4479 3436 4534 rega-

156 4586 322 4624 ιιυσε·
349 4537 450 4624 καὶ
474 4537 572 4626 νῦν
591 4537 694 4643 μεν
715 4575 855 4629 δίδου
887 4537 1036 4648 ἡμές
1068 4578 1224 4649 ἄγειν
1251 4537 1315 4635 τξ
1339 4584 1432 4638 καὶ
1467 4537 1742 4640 ἰθύνεσθαι

1854 4567 1976 4606 mus
2036 4559 2090 4606 et
2144 4564 2426 4622 regamur,
2471 4563 2504 4605 a
2556 4549 2774 4615 bestiis,
2832 4559 2944 4606 tam
2987 4567 3110 4622 qum
3157 4553 3434 4617 videnttir,

169 4662 260 4714 τῶν
295 4664 535 4734 θηρίων,
569 4666 684 4720 ὅσοι
713 4685 772 4720 τε
801 4669 1070 4741 ὁρώμενοι
1123 4673 1451 4742 ἐπιπηδῶσι,
1489 4678 1584 4731 καὶ
1628 4679 1745 4732 ὅσοι

169 4755 386 4823 ἀφανῶς
414 4758 809 4829 ἐνεδρεύουσιν,
841 4763 1218 4834 ἀπημάντους,
1239 4767 1335 4820 καὶ
1353 4769 1744 4825 ἀνεπιϐουλεύ-

169 4861 297 4911 truc.
339 4850 504 4904 Ἔστι
533 4870 617 4906 σοι
664 4854 727 4908 τὸ
771 4855 992 4928 θαρρεῖν
1029 4857 1106 4922 ὡς
1144 4859 1283 4931 φίλῳ
1309 4863 1402 4915 καὶ
1442 4864 1741 4936 Βαπτιστῇ.

171 4936 220 4989 Ei
243 4941 298 4992 δὲ
335 4945 438 4994 καὶ
461 4942 565 5012 τῆς
592 4943 843 5000 ἐντεῦθεν
871 4947 1021 5017 ζωῆς
1049 4953 1395 5023 μεταχωροίη
1406 4971 1503 5023 μεν
1524 4996 1538 5016 ,
1595 4955 1749 5008 ἀνεύ-

169 5025 312 5118 θυνον
349 5033 508 5103 αὐτῷ
527 5036 862 5106 παραδοῦναι
888 5039 978 5092 τὸν
1007 5039 1166 5109 λόγον
1193 5045 1292 5111 τῆς
1337 5042 1629 5115 βασιλείας,
1679 5041 1746 5118 ἧς

170 5117 547 5191 ἐπιτροπεύειν
567 5127 891 5198 κατέστησε,
912 5129 1007 5182 καὶ
1033 5130 1134 5200 τῆς
1161 5131 1445 5202 ἀδιαδόχου
1465 5133 1622 5204 δόξης
1646 5117 1745 5207 τῆς

169 5211 320 5264 αὑτοῦ
356 5213 641 5284 βασιλείας
661 5218 981 5290 ἀξιωθῆναι,
1000 5215 1083 5286 οἷς
1110 5223 1311 5288 πάντες
1336 5227 1747 5300 ἀπολαύσαιμεν

170 5306 241 5355 καὶ
257 5307 425 5372 ἐλέει,
453 5309 550 5361 καὶ
575 5309 956 5386 φιλανθρωπίᾳ
983 5315 1146 5371 αὑτοῦ
1175 5317 1272 5372 τοῦ
1299 5321 1738 5391 πτωχεύσαντος,

173 5398 249 5449 13':
276 5399 399 5452 υἱοῦ
427 5399 720 5472 ἀνθρώπου
743 5407 1184 5476 χρηματίσαντος
1212 5411 1279 5465 δι’
1302 5413 1472 5483 ἡμᾶς,
1506 5413 1571 5468 ἵν’
1595 5417 1743 5487 ἡμᾶς

169 5488 423 5566 fanatica
456 5493 554 5547 καὶ
584 5495 734 5558 υἱοὺς
761 5495 901 5550 Θεοῦ
931 5500 1336 5574 ἀπεργάσηται,
1358 5498 1404 5573 ᾧ
1434 5507 1467 5576 ἡ
1497 5505 1623 5572 δόξα
1648 5511 1744 5563 καὶ

163 5578 216 5632 τὸ
234 5585 442 5654 κράτος
465 5585 561 5641 νῦν
587 5587 686 5642 καὶ
712 5589 822 5655 ἀεὶ,
857 5591 949 5644 καὶ
976 5593 1058 5656 εἰς
1086 5594 1213 5659 τοὺς
1245 5597 1447 5662 αἰῶνας
1472 5598 1580 5655 τῶν
1609 5602 1741 5660 αἰώ-

167 5691 277 5732 ιιων.
322 5677 516 5750 Ἀμήν.

226 5855 278 5921 ³⁵,
312 5855 442 5915 Luc.
479 5876 515 5924 ι,
547 5861 638 5918 76.
717 5863 764 5896 ³⁵
790 5861 980 5923 Matth.
1003 5883 1079 5936 χι,
1119 5869 1175 5924 il
1206 5886 1221 5940 ς
1249 5867 1382 5931 Luc.
1407 5889 1501 5943 vn,
1523 5872 1617 5931 28.

1848 4656 2012 4712 quam
2081 4657 2203 4712 quae
2232 4641 2453 4696 occulte
2510 4641 2744 4696 insidias
2780 4643 3039 4708 tendunt,
3071 4644 3346 4699 immunes
3379 4654 3434 4698 et

1832 4731 2025 4787 illaasi.
2050 4731 2274 4789 Fiducia
2299 4733 2394 4787 tibi
2423 4734 2664 4803 suppetit
2708 4743 2968 4806 tanquam
3021 4737 3202 4790 amico
3247 4747 3301 4791 et
3329 4735 3435 4790 Ba-

1848 4823 2049 4892 ptistte.
2117 4822 2276 4889 Quod
2320 4824 2366 4879 si
2419 4824 2547 4878 hinc
2582 4826 2940 4893 excedamus,
2988 4827 3161 4891 efﬁce,
3193 4828 3436 4880 utinno-

1850 4917 1994 4969 siam
2024 4925 2079 4972 et
2099 4916 2345 4972 criminis
2373 4925 2658 4987 expertem
2687 4918 2956 4974 rationem
2984 4917 3284 4974 reddamus
3328 4919 3436 4974 im-

1845 5008 1980 5079 perii
2007 5008 2402 5071 administrati,
2429 5009 2517 5064 cui
2546 5024 2649 5065 nos
2685 5009 2960 5079 praefecit;
2981 5017 3036 5066 et
3068 5017 3130 5066 ut
3163 5021 3433 5083 perpetua

1846 5102 1996 5172 regni
2026 5100 2268 5157 ccclesiis
2299 5101 2474 5169 gloria
2524 5101 2673 5171 digni
2717 5101 3040 5169 habeamur,
3063 5117 3172 5172 qua
3217 5105 3429 5159 utinam

1843 5207 2034 5248 omnes
2078 5189 2331 5246 fruamur
2362 5191 2745 5248 misericordia
2808 5200 2863 5248 et
2894 5192 3239 5250 humanitate
3287 5194 3430 5264 ejus,

1849 5282 1943 5353 qui
1997 5297 2094 5352 pro
2125 5281 2284 5338 nobis
2340 5297 2546 5351 egenus
2575 5281 2774 5348 factus,
2803 5289 2857 5338 et
2883 5282 3028 5339 filius
3058 5283 3302 5358 hominis
3327 5299 3446 5355 ap-.

1851 5375 2040 5445 pellari
2089 5373 2344 5444 dignatus
2393 5381 2496 5436 est,
2558 5381 2618 5428 nt
2676 5389 2777 5431 nos
2830 5374 3030 5433 divites
3070 5385 3124 5432 et
3154 5378 3298 5435 filios
3334 5377 3428 5435 Dei

1851 5464 2104 5530 efficeret,
2138 5464 2226 5518 cui
2255 5463 2427 5534 gloria
2458 5472 2507 5518 et
2530 5466 2770 5534 potentia
2835 5481 2983 5523 nunc
3019 5477 3071 5522 et
3098 5484 3330 5540 semper,
3375 5479 3431 5526 ct

1853 5557 1908 5612 in
1947 5556 2146 5612 smcula
2166 5556 2512 5612 saeculorum.
2537 5555 2734 5614 Amen.
