4070 6206
508 346 619 416 203

1070 474 1328 530 ORATIO
1355 475 1519 530 XVII.

508 567 724 640 Leonis,
752 565 956 623 Christi
982 567 1136 639 Regis
1174 572 1359 625 wlerni
1394 572 1597 640 gratia,
1628 571 1984 640 imperatoris.
2020 572 2075 626 in

580 638 975 695 celeberrimum
1003 638 1453 704 archipra’sulem,
1490 638 1739 698 Ecclesia:
1767 641 2085 711 splendidis-

585 712 779 765 simum
803 711 1070 765 luminare
1108 712 1394 781 miriﬁcum
1423 727 1672 782 magnum
1707 714 2015 768 Nicolaum.
2044 762 2051 775 κ

1736 364 2011 425 LEONIS
2041 362 2495 423 PIHLOSOPlll

3647 358 3755 424 204

2792 481 3006 534 ΛΟΓΟΣ
3044 482 3144 538 lZ'.

2182 570 2439 641 Λέοντος
2480 570 2579 642 (l),
2626 571 2696 625 ἐν
2726 568 2958 639 Χριστῷ
2999 570 3255 642 βασιλεῖ
3306 570 3525 637 altario)
3574 568 3759 642 βασι-

2259 643 2433 706 λέως,
2458 641 2546 707 εὶς
2580 644 2687 695 τὸν
2719 642 2788 694 ἐν
2826 641 3169 710 ἀρχιερεῦσι
3194 642 3338 696 Θεοῦ
3382 641 3754 710 περιϐόητον,

2259 712 2359 764 καί
2405 712 2515 780 τῆς
2565 707 2936 779 Ἐκκλησιάξ
2992 707 3393 780 ἠφαεινότατον
3434 707 3761 781 λαμπτῆρα

2260 782 2712 852 θαυματουργὸν
2733 782 2927 852 μέγαν
2940 783 3269 836 Νικόλαον.

955 874 1141 939 (Edidit
1164 875 1342 926 Petrus
1361 877 1609 937 Pessinus,
1632 875 1896 928 Societatis
1916 879 2037 929 .lesu
2066 876 2353 942 presbyter,
2384 875 2576 927 Tolosa;
2610 875 2906 937 MDCXLIV,
2933 878 3062 938 in-i,
3087 877 3145 925 l7
3171 875 3311 940 pag.)

581 958 1034 1030 Quandoquidem
1058 960 1362 1015 delectatur
1385 959 1528 1016 Deus
1545 976 1827 1017 servorum
1852 978 2079 1019 suorum

480 1092 485 1111 ι
513 1050 814 1107 honoribus
839 1067 857 1117 ;
887 1064 992 1104 non
1022 1049 1170 1121 quod
1196 1065 1453 1121 magnum
1484 1060 1641 1121 putet
1670 1053 1929 1110 honorari
1959 1054 2085 1111 illos

511 1158 653 1214 quos
678 1143 797 1214 ipse
819 1141 961 1213 apud
994 1156 1055 1197 se
1080 1143 1375 1213 occupavit
1399 1142 1610 1200 honore
1633 1144 1915 1206 cumulare
1942 1163 1959 1214 ;
1987 1146 2085 1203 sed

512 1235 659 1307 quod
686 1235 740 1289 in
767 1233 885 1303 ejus
917 1232 1094 1289 laudis
1123 1242 1379 1289 auctores
1408 1235 1681 1305 prazcipua
1716 1251 1783 1291 ex
1820 1251 1886 1292 ea
1930 1251 2086 1292 com-

512 1327 675 1382 moda
715 1325 1043 1391 redundent,
1094 1333 1284 1395 utpote
1329 1336 1484 1384 tanto
1527 1327 1814 1384 illustriori
1840 1329 2087 1386 vicissim

509 1421 698 1493 gratia:
723 1420 902 1476 reditu
931 1420 1367 1477 remunerandos
1396 1430 1604 1490 quanto
1631 1429 1688 1477 et
1719 1422 2087 1481 abundantius

512 1512 713 1567 habent
734 1512 880 1567 unde
902 1511 1189 1582 magniﬁce
1216 1510 1518 1581 largiantur
1544 1512 1580 1566 ii
1603 1512 1696 1582 qui
1719 1513 2083 1579 honorantur,

510 1614 566 1659 et
595 1605 663 1658 ad
691 1604 827 1674 grati
858 1604 1027 1658 animi
1062 1603 1324 1658 tuendum
1356 1602 1593 1659 cilicium
1627 1604 1904 1661 civiliores
1932 1614 2084 1671 sunt,

512 1712 611 1768 age
650 1705 965 1751 nostrarum
1014 1710 1201 1751 rerum
1240 1696 1486 1751 omnium
1536 1698 1775 1751 maxima
1826 1711 2087 1768 magnum

512 1789 567 1843 in
615 1788 966 1859 pontiﬁcibus
1013 1785 1108 1843 Dei
1159 1788 1468 1858 pontificem
1526 1788 1883 1845 honoremus.
1943 1787 2087 1855 Quid

2271 962 2602 1033 Ἐπειδήπερ
2656 960 2836 1033 χαίρει
2886 960 3019 1024 Θεὸς
3066 961 3190 1022 ταῖς
3209 959 3319 1012 τῶν
3349 957 3566 1013 οἰκείων
3594 958 3762 1031 θερα-

2188 1055 2401 1109 πόντων
2438 1056 2627 1125 τιμαῖς
2652 1069 2667 1085 ο
2695 1054 2755 1106 οὐ
2795 1052 2878 1107 ’δι’
2939 1045 3014 1106 ὧν
3063 1050 3332 1122 τιμῶνται
3367 1049 3462 1114 οὓς
3489 1049 3597 1120 ἔχει
3629 1050 3765 1122 παρ’

2189 1148 2339 1219 αύτῷ
2364 1148 2625 1219 τιμήσας,
2655 1146 2769 1200 ἀλλ’
2799 1146 2882 1199 ὅτι
2927 1145 3021 1200 καὶ
3058 1146 3173 1208 τοῖς
3203 1143 3462 1215 ἐργάταις
3490 1142 3586 1196 τοῦ
3618 1144 3763 1215 πρά-

2190 1256 2401 1309 γματος
2443 1239 2514 1293 τὰ
2559 1240 2626 1293 ὲκ
2669 1238 2862 1292 τούτου
2919 1237 3088 1310 κέρδη
3127 1236 3462 1305 ἀσύγκριτα,
3496 1236 3766 1301 ,τοσοῦτον

2194 1330 2541 1400 ὲντιμοτέρας
2584 1329 2819 1401 ἀμοιϐῆς
2904 1330 3091 1392 αὐτοῖς
3146 1328 3713 1399 ἀντιπαραγινομένης
3746 1369 3764 1394 ,

2192 1421 2316 1475 ὅσον
2345 1421 2424 1484 εἷς
2450 1438 2511 1474 τε
2555 1422 2616 1475 τὸ
2644 1425 2947 1493 παρασχεῖν
2995 1420 3429 1491 μεγαλοπρεπῶς
3467 1420 3680 1490 ἔχουσιν
3713 1423 3764 1475 oi

2190 1510 2515 1581 τιμώμενοι,
2565 1512 2660 1566 καὶ
2712 1512 2885 1582 μέτρα
2942 1514 3129 1583 τηρεῖν
3186 1512 3610 1583 εὐγνωμοσύνης
3658 1515 3767 1567 elei.

2190 1602 2520 1673 δεξιώτεροι.
2555 1603 2690 1673 Φέρε
2720 1603 2785 1674 δὴ
2806 1603 2887 1670 τῷ
2915 1605 3157 1674 μεγίστῳ
3188 1604 3295 1657 τῶν
3326 1603 3456 1675 παρ’
3485 1606 3640 1674 ημῖν,
3671 1604 3766 1658 τὸν

2192 1695 2368 1764 μέγαν
2405 1696 2463 1747 ὲν
2482 1694 2799 1765 ἀρχιερεῦσι
2854 1694 2989 1748 Θεοῦ
3021 1694 3270 1765 τιμῶμεν
3305 1696 3590 1766 ἀρχιερέα.
3620 1696 3687 1749 Τί
3706 1695 3766 1750 δὲ

2187 1782 2451 1847 τοιοῦτον,
2480 1777 2594 1837 οἷον
2625 1783 2804 1851 λόγος,
2836 1779 2879 1852 ᾧ
2903 1784 3050 1854 μόνῳ
3070 1783 3177 1836 τῶν
3207 1783 3380 1838 ἄλλων
3425 1782 3762 1855 κρατοῦμεν,

512 1890 691 1937 autem
728 1882 867 1937 tanti
912 1890 997 1937 est
1022 1885 1213 1953 quanti
1244 1883 1441 1948 oratio,
1471 1897 1579 1953 qua
1602 1898 1710 1937 una
1738 1880 1951 1939 caeteris
1984 1897 2083 1937 ex-

2193 1877 2287 1929 καὶ
2317 1869 2362 1945 ᾧ
2390 1876 2450 1929 τὸ
2472 1875 2701 1939 θεοειδὲς
2722 1877 2821 1946 τῆς
2848 1874 3083 1944 γεώδους
3112 1876 3253 1939 ἰλύος
3275 1876 3760 1947 ἀνακαθαίροντες,

512 1975 762 2029 cellimus
805 1974 1072 2044 cujusque
1114 1974 1381 2030 beneﬁcio
1425 1973 1752 2030 Deilormem
1795 1986 2001 2045 partem
2051 1988 2085 2029 a

512 2064 761 2120 terrestri
809 2065 1161 2120 concretione
1204 2073 1562 2135 repurgantes
1605 2064 1922 2135 quicunque
1974 2080 2085 2120 non

512 2156 737 2212 hebetes
761 2158 827 2212 ad
876 2157 1267 2212 conscientiam
1299 2158 1613 2229 originariae
1660 2158 2085 2228 pulchritudinis

513 2264 709 2304 sensus
740 2248 940 2303 utentis
965 2248 1189 2312 habent,
1221 2249 1503 2319 archetypi
1535 2249 1893 2305 similitudine
1922 2264 2085 2305 revo-

514 2340 712 2399 cauda.
732 2340 1001 2394 nobilitati
1027 2340 1275 2410 pristina:
1300 2341 1595 2397 restituunt
1616 2341 1906 2413 imaginem
1927 2363 1939 2397 :
1959 2342 2085 2408 hac,

516 2431 764 2501 inquam,
796 2446 924 2485 vere
946 2430 1187 2486 hominis
1214 2432 1433 2501 propria
1464 2448 1522 2487 re
1544 2447 1772 2501 magnus
1790 2434 2090 2488 honoretur

514 2520 787 2576 Nicolaus.
824 2521 966 2587 Quid
997 2532 1111 2575 tum
1134 2522 1277 2577 enim
1305 2522 1408 2577 etsi
1440 2522 1508 2577 ad
1544 2524 1932 2579 sublimitatem
1965 2525 2086 2594 ejus

515 2612 932 2683 magniﬁcentia
981 2611 1163 2667 minus
1207 2612 1434 2666 accedat
1480 2614 1707 2676 donum,
1741 2624 1795 2667 at
1839 2613 2082 2668 animum

514 2711 662 2756 certe
712 2716 823 2755 non
867 2702 1272 2781 aspernabitur.
1320 2701 1419 2758 Est
1464 2703 1714 2774 profecto
1751 2704 1961 2763 sanctis
1990 2703 2086 2774 qui

515 2796 655 2866 apud
707 2795 875 2851 Deum
923 2811 1098 2849 avum
1144 2795 1373 2866 degunt,
1405 2804 1491 2853 est
1523 2796 1728 2853 aﬂ‘atim
1775 2797 1869 2853 illa
1913 2797 2089 2869 gloria

517 2903 621 2958 qua
650 2888 703 2942 in
744 2890 901 2949 C(Blis
932 2888 1141 2958 fulgent
1170 2906 1184 2943 :
1213 2889 1545 2960 minimeque
1570 2890 1640 2944 iis
1668 2904 1806 2960 opus
1828 2898 1913 2945 est
1943 2889 2090 2960 peri-

517 2982 658 3037 turis
680 2981 930 3036 laudibus
955 2981 1153 3052 linguae
1177 2982 1445 3043 mortalis.
1473 2983 1671 3036 Amant
1705 2990 1885 3037 tamen
1917 2998 2089 3054 genus

518 3072 663 3127 unde
693 3074 796 3126 orti
843 3082 973 3127 sunt
1002 3088 1017 3139 ;
1054 3087 1117 3127 ac
1152 3072 1291 3128 laetis
1320 3071 1500 3128 oculis
1543 3072 1819 3142 aspiciunt
1858 3088 1977 3143 qua:
2004 3072 2092 3128 ol-

2183 1969 2300 2023 ὃσοι
2324 1985 2387 2037 γε
2414 1967 2474 2021 οὐ
2500 1966 2757 2039 ῥᾳθύμως
2777 1967 2869 2021 τοῦ
2904 1969 3103 2021 οἰκείου
3138 1967 3367 2031 κάλλους
3409 1968 3767 2023 ὲπαισθάνον-

2183 2078 2296 2128 ται,
2321 2060 2400 2131 τῷ
2422 2058 2714 2131 ἀρχετύπῳ
2729 2060 2826 2129 τὴν
2848 2061 3030 2113 εἰκόνα
3051 2061 3445 2128 ὲξευγενίζουσι
3466 2060 3671 2130 ςτούτῳ
3691 2061 3765 2134 δὴ

2183 2152 2262 2224 τῷ
2284 2152 2360 2215 ὡς
2392 2151 2607 2222 ἀληθῶς
2630 2149 2917 2221 ἀνθρώπου
2950 2153 3135 2222 οἰκείῳ
3157 2153 3397 2221 χρήματι
3424 2152 3453 2205 ό
3481 2152 3647 2222 μέγας
3670 2170 3760 2206 τι-

2189 2244 2379 2315 μάσθω
2430 2243 2719 2307 Νικόλαος.
2742 2241 2807 2296 Τί
2836 2243 2966 2312 γὰρ,
3011 2243 3059 2295 εί
3094 2243 3186 2295 καὶ
3220 2242 3294 2313 μὴ
3341 2244 3477 2314 πρὸς
3503 2242 3633 2314 ὕψος
3656 2244 3763 2313 τῆς

2185 2335 2397 2388 ἐκείνου
2457 2334 2932 2405 μεγαλοπρεπείας
2983 2333 3046 2387 τὸ
3081 2334 3289 2405 δῶρονς
3352 2334 3491 2389 ἀλλά
3544 2337 3645 2406 τήν
3695 2354 3762 2405 γε

2186 2427 2505 2498 προαίρεσιν
2560 2427 2662 2480 οὐκ
2715 2426 2994 2495 ἀτιμάσει.
3032 2427 3186 2496 Ἔχει
3229 2427 3326 2496 μὲν
3356 2427 3465 2499 γὰρ
3488 2427 3614 2498 ήδη,
3648 2428 3763 2499 έχει

2185 2522 2301 2584 τοῖς
2331 2519 2483 2588 παρά
2533 2517 2653 2587 Θεῷ
2700 2517 2867 2582 ζῶσιν
2916 2519 2951 2588 ἡ
2998 2519 3057 2571 ὲν
3101 2518 3350 2590 οὐρανοῖς
3394 2518 3764 2590 ἀποχρώντως

2186 2612 2343 2684 τιμὴ,
2370 2614 2463 2666 καὶ
2487 2612 2688 2683 ἥκιστα
2710 2611 2932 2683 προσδεῖ
2977 2611 3192 2677 τούτοις
3218 2611 3468 2685 γλώσσης
3496 2614 3761 2684 ὲπικήρου

2188 2703 2469 2775 λυομένων
2502 2701 2760 2756 ἐπαίνων.
2807 2700 3089 2769 ’Δγαπῶσι
3135 2700 3181 2755 δ’
3204 2702 3354 2771 ὅμως
3383 2702 3480 2755 καὶ
3513 2700 3574 2755 τδ
3606 2702 3767 2769 γένος

2189 2794 2312 2849 ὅθεν
2346 2794 2595 2865 ἀνέσχον,
2628 2792 2721 2847 καὶ
2749 2792 2921 2863 ἡδέως
2970 2792 3139 2864 ὁρῶσι
3178 2793 3271 2846 καὶ
3304 2795 3414 2856 τοῖς
3445 2792 3580 2866 πρὸς
3602 2794 3765 2864 ⁴ἡμῶν

2191 2886 2511 2959 φερομένοις
2536 2902 2553 2919 ο
2595 2887 2657 2941 ού
2708 2885 2847 2956 πρὸς
2892 2885 2992 2958 τὴν
3037 2886 3245 2940 οἰκείαν
3272 2885 3475 2957 ἀρετὴν
3502 2886 3564 2939 τὺ
3589 2885 3765 2956 δῶρον

2194 2977 2594 3052 σταθμώμενοι,
2643 2980 2710 3050 τῇ
2744 2978 2803 3031 δὲ
2831 2977 3150 3049 προαιρέσει
3189 2976 3251 3031 τὸ
3280 2978 3389 3031 πᾶν
3427 2977 3654 3048 ἀπέχειν
3685 2978 3764 3048 (ἓ)

2191 3072 2506 3145 ἡγούμενοι.
2538 3072 2650 3125 Καὶ
2678 3071 2797 3134 δέος
2817 3069 3049 3126 ἐνταῦθα
3074 3070 3333 3142 παρέστω
3376 3069 3627 3139 οὐδαμῶς
3654 3069 3769 3140 ἰδίει⁵

518 3163 771 3220 feruntur
798 3178 829 3218 a
863 3163 1060 3219 nobis:
1094 3178 1204 3219 non
1248 3164 1318 3218 ad
1352 3165 1605 3219 meritum
1645 3163 1930 3234 dignitatis
1958 3180 2089 3236 pro-

2194 3165 2323 3230 τινὶ,
2380 3164 2457 3228 ώς
2507 3163 2789 3228 ἀδυνάτοις
2842 3160 3174 3218 ὲπιὸαλόντι.
3211 3161 3422 3224 Κοινῶς
3457 3159 3566 3232 γὰρ
3593 3160 3766 3214 ἅπασι

519 3258 651 3329 priae
680 3272 880 3311 munus
909 3256 1224 3325 exigentes:
1258 3272 1446 3312 verum
1479 3265 1701 3311 ostenso
1728 3256 1853 3313 licet
1882 3266 2091 3313 tantum

2200 3257 2418 3330 μέτεστι
2441 3256 2655 3320 τούτου,
2689 3255 2993 3326 ὑστερίζειν
3038 3254 3146 3308 τῶν
3197 3253 3582 3325 προσηκόντων
3603 3253 3768 3306 ἐπαί-

518 3351 803 3423 proposito
831 3350 1071 3406 liberalis
1099 3350 1269 3405 animi
1296 3349 1521 3420 perfecti
1544 3350 1706 3405 cilicii
1743 3351 1959 3407 laudem
1991 3352 2097 3407 im-

519 3450 799 3515 putantes.
838 3441 1019 3511 Atque
1076 3442 1207 3496 hinc
1252 3458 1412 3498 nemo
1454 3443 1712 3513 privatim
1756 3442 2099 3500 delerreatur

520 3546 782 3605 tanquam
815 3536 885 3590 ab
915 3536 1134 3605 incepto
1158 3536 1451 3591 temerario
1476 3550 1543 3591 ac
1584 3535 1894 3593 facultatem
1933 3552 2098 3609 supe-

519 3636 695 3682 rante.
732 3626 1034 3681 Commune
1061 3626 1164 3681 hoc
1189 3627 1391 3697 quippe
1421 3628 1668 3682 omnium
1706 3647 1719 3683 :
1754 3630 1942 3699 utique
1968 3643 2094 3684 cum

519 3716 804 3773 subsidere
837 3716 979 3771 infra
1010 3716 1269 3772 verticem
1313 3718 1523 3777 merita;
1568 3718 1899 3775 laudationis
1929 3720 2096 3775 etiam

522 3821 751 3863 summa:
772 3807 1099 3877 eloquentiae
1119 3823 1346 3864 necesse
1364 3809 1439 3863 sit
1462 3808 1746 3864 Nicolaum
1770 3811 2094 3868 celebranti.

523 3899 727 3954 Verum
764 3909 824 3952 nt
856 3900 1183 3969 parentibus
1217 3899 1274 3954 in
1309 3902 1533 3971 copiosa
1568 3916 1628 3957 re
1662 3901 1921 3958 familiari
1948 3905 2100 3961 nullo

525 3992 817 4047 admodum
844 3991 1132 4061 egentibus
1176 3992 1222 4047 si
1253 3991 1382 4062 quid
1416 3994 1757 4063 gratiﬁcandi
1787 4010 1955 4051 causa
1979 3998 2099 4052 col-

523 4083 697 4138 latum
729 4082 803 4139 sit
841 4098 871 4137 a
913 4082 1036 4136 ﬁliis
1067 4097 1411 4154 nequaquam
1436 4085 1488 4139 id
1517 4086 1925 4156 opportunitate
1958 4103 2098 4143 usu-

524 4189 635 4245 que
653 4175 739 4228 sui
763 4174 1092 4240 voluptatem
1125 4174 1524 4244 accipientibus
1556 4176 1833 4243 admovet,
1864 4178 1958 4232 sed
1988 4193 2097 4234 una

524 4263 744 4335 pietatis
774 4263 1007 4334 imagine
1039 4277 1107 4318 ac
1141 4263 1320 4321 ﬁlialis
1358 4265 1563 4321 amoris
1592 4276 1991 4325 monumento:
2019 4271 2100 4326 sic

524 4371 846 4412 communes
870 4357 1114 4413 omnium
1143 4356 1355 4424 Patres,
1377 4358 1579 4429 quibus
1605 4374 1713 4414 non
1735 4374 1801 4415 ex
1819 4361 2101 4418 voluntate

526 4449 712 4504 carnis
744 4449 837 4504 sed
866 4464 929 4505 ex
964 4448 1075 4504 Deo
1109 4451 1277 4517 geniti
1313 4467 1528 4516 sumus,
1568 4467 1697 4522 erga
1733 4453 1972 4511 honores
2005 4456 2097 4527 qui

2175 3366 2326 3414 -νων,
2348 3347 2414 3403 ἂν
2432 3337 2667 3419 μάλιστά
2692 3364 2777 3411 τις
2792 3346 2883 3401 ἐπὶ
2905 3347 3077 3416 λόγων
3103 3347 3333 3419 δυνάμει
3364 3349 3600 3419 προήκῃ.
3626 3346 3768 3399 Ἀλλ’

2195 3441 2386 3513 ὥσπερ
2410 3440 2668 3505 ἐπιεικῶς
2688 3440 2912 3513 ἔχοντας
2938 3440 3172 3495 πλούτου
3214 3442 3459 3512 πατέρας
3493 3440 3528 3511 ἡ
3550 3441 3615 3492 ὲκ
3637 3438 3768 3493 παίσ-

2194 3534 2302 3588 δων
2330 3532 2653 3605 χαρίζεσθαι
2678 3532 3052 3602 διεγνωκότων
3088 3532 3387 3604 γιγνομένη
3414 3531 3769 3603 συνεισφορά,

2196 3626 2258 3681 οὐ
2276 3629 2347 3698 τῇ
2376 3626 2537 3699 χρείᾳ
2562 3624 2698 3699 πρὸς
2720 3625 2913 3698 ἡδονὴν
2962 3625 3059 3681 καὶ
3090 3625 3362 3699 ἀποδοχὴν
3394 3627 3659 3693 ἀνακινεῖ,
3687 3626 3769 3698 τῷ

2196 3720 2256 3774 δὲ
2304 3721 2436 3792 περὶ
2493 3720 2693 3783 αὐτοὺς
2726 3719 2875 3791 μόνῳ
2895 3718 3136 3792 φίλτρῳο
3169 3718 3344 3784 οὕτως
3377 3719 3476 3774 καὶ
3506 3722 3631 3784 τοὺς
3650 3736 3769 3773 κοι-

2200 3811 2326 3877 νοὺς
2361 3812 2618 3867 ἀπάντων
2656 3810 2921 3883 πατέρας,
2964 3805 3045 3876 οἷς
3079 3810 3179 3865 οὐκ
3214 3811 3280 3865 ὲκ
3311 3809 3613 3882 θελήματος
3639 3826 3769 3880 σαρ-

2197 3904 2316 3971 κὸς,
2358 3902 2479 3958 ἀλλ’
2517 3904 2582 3957 ὲκ
2638 3902 2774 3957 Θεοῦ
2830 3901 3224 3973 ἐγεννήθημεν,
3275 3901 3581 3961 διακεῖσθαι
3632 3900 3769 3972 πρὸς

2196 3997 2298 4061 τάς
2326 3994 2387 4060 ἐξ
2405 3994 2708 4067 ἀνθρώπιον
2727 3996 2895 4066 τιμάς
2948 3996 3157 4050 οἴεσθαι
3198 3995 3327 4065 χρή.
3352 3994 3569 4050 Μᾶλλον
3601 3994 3658 4047 δὲ
3682 3993 3767 4063 (οὐ

2197 4087 2308 4158 γὰρ
2335 4087 2416 4151 είς
2439 4086 2730 4156 ἀκρίϐειαν
2760 4086 2794 4157 ἡ
2821 4084 2987 4140 εἰκὼν
3009 4085 3147 4157 αὕτη
3180 4084 3340 4149 σώζει
3372 4086 3471 4154 τὴν
3486 4084 3767 4156 μίμησιν),

2196 4179 2388 4252 ὥσπερ
2408 4179 2471 4234 τὸ
2494 4182 2741 4250 κρεῖττον
2782 4178 2997 4243 οὐδενὸς
3048 4180 3148 4250 μὲν
3202 4179 3309 4233 τῶν
3359 4178 3645 4249 ἡμετέρων
3690 4179 3769 4240 είς

2197 4272 2390 4345 χρείαν
2443 4272 2786 4340 καθίσταται,
2852 4274 3011 4344 μόνου
3043 4273 3088 4327 δ’
3118 4272 3302 4326 ἕνεκεν
3355 4269 3449 4324 τοῦ
3483 4269 3585 4340 τῆς
3634 4270 3769 4340 παρ’

2199 4364 2364 4426 αὑτοῦ
2396 4365 2719 4436 μεταδοῦναι
2755 4366 3000 4439 χάριτος.
3032 4366 3103 4420 τὰ
3147 4365 3206 4433 ἑξ
3235 4364 3539 4435 ἀνθρώπων
3558 4362 3770 4433 λαμϐά-

2198 4474 2301 4512 νει.
2335 4456 2447 4528 Ούχ
2467 4455 2544 4521 ὡς
2574 4457 2634 4510 ού
2663 4460 2867 4529 προῖκα
2888 4455 3231 4530 δωρούμενος
3265 4455 3466 4527 (πάντα
3492 4456 3600 4526 γὰρ
3625 4453 3771 4507 οὕτω

524 4539 666 4610 ipsis
711 4540 781 4594 ab
820 4540 1135 4595 hominibus
1163 4542 1511 4607 adhibentur,
1545 4543 1637 4596 tali
1673 4546 1908 4615 quodam
1937 4548 2091 4602 modo

2204 4549 2316 4621 ῥέει
2376 4548 2478 4618 τῆς
2537 4546 2810 4613 ἀκενώτου
2856 4548 3221 4619 πηγῆς),ἀλλ’
3265 4547 3342 4609 ὡς
3379 4548 3571 4616 ἐκείνῳ
3597 4545 3769 4618 ταύτῃ

524 4632 748 4688 allectos
778 4632 1093 4687 existimare
1114 4641 1347 4701 oportet.
1383 4635 1491 4687 Aut
1521 4635 1703 4703 potius
1727 4636 1926 4706 (neque
1949 4638 2094 4693 enim

526 4727 661 4781 satis
689 4725 757 4779 ad
787 4737 973 4779 verum
1002 4737 1065 4779 ea
1111 4723 1411 4779 similitudo
1453 4738 1568 4780 rem
1600 4725 1877 4797 exprimit)
1909 4743 2098 4797 quem-

2203 4637 2675 4710 προσεγγιξόντων
2720 4638 2898 4709 ἡμῶν,
2946 4636 3088 4690 οὕτω
3134 4654 3195 4690 τε
3232 4637 3435 4707 μᾶλλον
3477 4635 3588 4690 τῶν
3635 4639 3765 4706 παρ’

2202 4729 2367 4786 αὐτοῦ
2404 4729 2539 4801 πρὸς
2594 4731 2742 4801 ἡμᾶς
2788 4729 3191 4785 διαϐαινόντων.
3226 4730 3435 4801 Ὠσπερ
3462 4728 3527 4799 δὴ
3563 4729 3664 4783 κάν
3689 4727 3768 4799 τῷ

2058 4820 2292 4879 NOTAE.

599 4911 677 4981 (l)
700 4910 775 4965 Ex
836 4908 1567 4981 bibliotheca_illustrissimi
1592 4911 1780 4981 iCaroli
1813 4912 1880 4967 de
1909 4911 2090 4968 Mont-

526 4979 669 5046 chal,
720 4980 1117 5054 archiepiscopi
1167 4979 1445 5054 Tolosani.
1477 5011 1547 5020 —
1588 4980 1786 5039 Leonis
1834 4983 2091 5054 Augusti,

528 5062 889 5124 cognomento
944 5051 1288 5124 Phil_osophi,
1320 5067 1410 5124 res
1439 5062 1812 5122 exsequuntur
1848 5051 2093 5124 Curopa-

525 5123 686 5185 lates,
721 5121 1022 5193 Cedrenus,
1044 5120 1329 5193 Zonaras,
1351 5120 1664 5192 Glycas.l£x
1697 5124 1895 5193 quibus
1926 5120 2093 5178 Bai-o-

528 5196 654 5247 nius
682 5192 921 5263 collegit,
942 5202 995 5246 et
1023 5191 1274 5261 digessit.
1308 5191 1649 5263 Scriptorum
1688 5191 1893 5250 indices
1931 5195 2091 5248 exhi-

528 5263 657 5335 bent
686 5262 983 5335 Gesnerus,
1010 5262 1279 5318 Simlerus
1316 5273 1371 5335 et
1407 5262 1758 5319 Possevinus.
1783 5266 1906 5332 Qui,
1942 5266 2089 5335 quod

527 5332 693 5400 hujus
738 5333 1003 5388 orationis
1035 5348 1141 5387 non
1173 5333 1541 5388 meminerunt
1583 5336 1628 5389 si
1663 5336 1789 5403 quis
1832 5337 1886 5389 in
1930 5332 2099 5403 argu-

532 5414 777 5456 mentum
806 5402 1021 5471 trahere
1049 5404 1207 5458 vellet
1239 5404 1523 5458 dubitandi
1560 5407 1624 5459 de
1678 5402 1924 5471 auctore,
1959 5409 2100 5460 sciat

529 5483 747 5527 exstare
769 5471 821 5524 in
849 5470 1113 5527 Vaticana
1142 5474 1470 5529 bibliotheca
1500 5491 1650 5528 num.
1672 5475 1801 5538 803,
1841 5486 1896 5528 ut
1929 5474 2097 5530 Baro-

531 5541 658 5597 nius
695 5551 946 5615 testatur,
1000 5545 1241 5615 codicem
1282 5561 1392 5615 quo
1430 5545 1780 5599 continentur
1820 5547 2100 5601 orationes

531 5621 644 5683 tres
668 5619 723 5665 et
756 5613 976 5682 triginta
1030 5613 1192 5683 hujus
1218 5612 1439 5678 Leonis,
1494 5629 1724 5682 quarum
1764 5632 1883 5682 quae
1909 5618 2100 5672 ordine

530 5679 708 5754 prima
738 5690 793 5754 et
832 5679 1206 5754 vicesimaest,
1255 5679 1666 5754 inscriptionem
1714 5679 1873 5754 habet
1897 5687 2090 5754 hujus-

532 5750 682 5806 incili
714 5767 729 5804 :
773 5750 831 5805 1η
852 5752 1292 5820 fulgentissimum
1320 5750 1565 5806 Ecclesia:
1590 5755 1761 5807 lumen
1777 5750 2079 5810 Nicolaum.

534 5820 709 5886 Quam
757 5822 1001 5880 eamdem
1044 5824 1172 5878 huic
1219 5840 1433 5893 quoque
1487 5825 1758 5886 prwﬁxam
1807 5826 1973 5889 legis.
2024 5839 2085 5887 ut

2197 4915 2447 4972 dubitare
2476 4932 2584 4971 non
2621 4916 2820 4972 debeas
2846 4916 2977 4987 quin
3012 4917 3128 4973 haec
3153 4918 3269 4987 ipsa
3301 4916 3554 4983 sitquam
3588 4912 3764 4969 eidem

2196 4989 2443 5056 Augusto
2495 4987 2822 5057 Philosopho
2863 4989 3216 5043 vindicabant
3261 4988 3315 5041 in
3353 4987 3543 5057 codice
3585 4994 3768 5057 vetere

2197 5058 2346 5128 unde
2367 5059 2629 5127 exscripsi
2665 5055 2874 5128 aliquot
2902 5058 3121 5113 iambici
3158 5072 3349 5113 versus
3393 5055 3579 5128 nescio
3606 5055 3766 5124 cujus

2197 5126 2771 5199 Graecigrammatiei,
2811 5144 3154 5199 nequaquam
3211 5130 3348 5184 satis
3395 5126 3675 5196 elegantes
3706 5132 3765 5177 ut

2195 5197 2601 5269 editionedigni
2625 5200 2732 5253 sint
2761 5197 2906 5254 visi.'
3010 5197 3020 5199 ⁷
3086 5260 3089 5265 λ

2268 5269 2343 5338 (2)
2381 5266 2631 5339 Ἀπὲχειν
2681 5284 2787 5323 non
2823 5269 2966 5324 valet
3022 5270 3109 5324 hic
3147 5270 3449 5335 διίσταμαι,
3492 5266 3768 5339 sedem-

2196 5338 2479 5407 λαμϐάνω.
2532 5338 2649 5404 Quo
2682 5356 2842 5394 sensu
2879 5341 3139 5393 dicuntur
3181 5341 3217 5393 ii
3268 5340 3468 5405 quibus
3495 5352 3558 5391 ex
3585 5338 3768 5393 debito

2198 5406 2525 5473 satisdatur,
2565 5410 2789 5478 ἀπέχειν
2819 5410 2880 5463 τὸ
2912 5411 3251 5479 γιγνόμενον.
3278 5408 3342 5461 Et
3374 5406 3611 5479 Operarii
3644 5409 3767 5476 qui-

2200 5479 2301 5534 bus
2331 5490 2415 5535 est
2442 5477 2724 5550 persoluta
2746 5477 2991 5541 merces.
3020 5477 3245 5550 ἀπέχειν
3275 5481 3368 5531 τὸν
3401 5477 3613 5550 μισθόν.
3651 5479 3764 5533 ltno

2199 5551 2345 5619 quod
2372 5547 2542 5621 magis
2576 5550 2683 5621 huc
2705 5548 2856 5615 facit,
2882 5552 3107 5621 ἀπέχειν
3130 5547 3290 5620 χάριν
3316 5547 3582 5619 Synesius
3604 5549 3765 5614 dixit,

2200 5634 2367 5675 sensu
2392 5619 2690 5683 consimili,
2723 5623 2866 5688 quod
2914 5619 3123 5675 Latinis
3154 5619 3409 5688 decipere,
3436 5628 3628 5681 tenere,
3660 5622 3763 5672 im-

2199 5700 2384 5757 putare
2414 5692 2622 5759 gratim,
2671 5699 2777 5743 etc.
2813 5691 3040 5745 Conﬁdo
3092 5707 3175 5747 me
3211 5690 3313 5745 loci
3345 5690 3672 5745 sententiam
3706 5689 3764 5742 in

2200 5760 2653 5833 interpretatione
2686 5761 2944 5817 tenuisse.
