3952 6210
198 369 294 433 ξοδ

979 365 1268 428 ORATIO
1300 367 1491 428 XVII.
1516 392 1586 403 -
1616 366 1699 428 ΙΝ
1727 365 1787 426 S.
1817 364 2215 428 NICOLAUM
2243 354 2683 431 MYRENSEM.

3353 372 3459 438 208

199 478 515 553 τλησιάζειν
542 477 685 552 ἡλίῳ
720 478 1123 550 πλουσιωτέρου
1156 478 1232 552 (5)
1276 481 1454 550 φωτὸς
1490 480 1776 551 μεταλαμ-

1890 479 2173 537 admodum
2200 482 2410 540 Numen
2433 485 2905 554 praestantissima:
2926 488 3128 547 mentis
3158 489 3310 546 nulla
3337 491 3461 562 qui-

200 576 410 633 ἶάνουσι
438 575 561 638 τοῖς
590 573 904 643 ιγγίζουσι.
951 574 1155 645 Κοινῆς
1190 575 1237 629 δ’
1266 574 1472 628 ἅπασιν
1520 574 1635 627 ὅσοι
1664 573 1777 638 τοῖς

204 670 299 720 ὶνω
336 664 635 738 βασιλείοις
652 663 974 729 αὐλίζονται
1016 663 1224 735 ταύτης
1271 662 1439 733 οὔσης
1458 665 1559 736 τῆς
1583 680 1770 736 προαι·

214 759 415 822 έσεως,
447 756 597 828 φημὶ
641 755 710 828 δὴ
747 755 845 810 τοῦ
882 754 1169 828 βούλεσθαι
1221 756 1336 819 τοῖς
1372 754 1524 810 κάτω
1550 754 1777 826 χαρίζε-

212 852 338 917 θαι,
367 851 473 906 οὐκ
495 850 649 905 ἐστιν
704 851 891 920 εὑρεῖν
916 851 1101 905 ὅντινα
1140 848 1344 921 μᾶλλον
1372 847 1581 921 ταύτης
1618 850 1778 921 ἴσμεν

214 947 277 1017 τις
307 944 696 1018 προαιρέσεως
722 936 788 998 οὗ
811 942 910 998 νῦν
940 943 1040 1016 τὴν
1061 942 1342 1015 εὐφημίαν
1371 944 1451 1008 είς
1474 940 1637 1016 ἔργον
1665 941 1778 997 θεί-

217 1056 265 1091 ιι
315 1036 819 1109 προτεθυμήμεθα.
850 1035 1017 1090 Ὥστε
1061 1035 1158 1091 καὶ
1188 1034 1350 1090 τοῦτο
1388 1036 1614 1110 ἀφορμὴ
1642 1036 1780 1108 πρὸς

230 1150 267 1186 ν
317 1129 550 1185 ἔπαινον
593 1132 663 1202 τῇ
717 1128 1014 1202 περιουσίᾳ
1061 1128 1163 1200 τῆς
1195 1129 1291 1183 τοῦ
1326 1128 1521 1203 ἀνδρὸς
1554 1129 1692 1201 πρὸς
1718 1129 1779 1184 τὸ

270 1226 461 1279 ποιεῖν
491 1223 828 1295 προθυμίας,
857 1223 1011 1295 ἡμῖν,
1041 1209 1438 1296 ἐλαττουμένου
1463 1222 1560 1278 τοῦ
1585 1223 1777 1294 φόϐου.

233 1320 348 1372 αῖον
370 1315 489 1387 γὰρ
518 1315 799 1388 Θαλάσσης
831 1316 1070 1386 πέλαγος
1119 1315 1388 1387 ἀμέτοχον
1431 1316 1543 1372 τῶν
1567 1316 1777 1373 ἐκείνου

233 1406 519 1479 iiut“);
570 1407 732 1462 Ποῖαι
768 1407 827 1462 δὲ
886 1408 994 1479 γῆς
1039 1408 1291 1478 ἐσχατιαὶ
1340 1408 1403 1463 οὐ
1440 1407 1542 1474 τὰς
1567 1408 1778 1464 ἐκείνου

236 1499 521 1571 νρίζουσι
552 1499 832 1571 χάριταςς
891 1497 1160 1553 Τοσοῦτον
1207 1498 1356 1571 αὐτῷ
1386 1498 1450 1554 τὸ
1509 1499 1780 1572 ἐπίσημον

242 1592 543 1664 τπεριόντι
584 1592 695 1647 τῶν
715 1590 940 1664 δωρεῶν
991 1590 1124 1646 ὥσθ’
1153 1591 1293 1664 ὅπερ
1339 1593 1477 1662 πρὸς
1502 1592 1655 1664 ἥλιον
1683 1591 1780 1647 ἄν·

251 1681 397 1740 δποι
432 1684 516 1757 (5)
552 1684 694 1756 μετά
722 1684 1043 1758 χειμερινὴν
1074 1684 1226 1756 ὥραν
1269 1685 1597 1754 πεπόνθασι,
1632 1685 1777 1743 πάντ·

257 1791 289 1829 τ
314 1779 423 1834 ἐπὶ
448 1780 670 1852 τρυφὴν
696 1779 810 1835 τῶν
840 1778 1076 1834 ἀκτίνων
1112 1778 1428 1847 καλοῦντες,
1455 1778 1617 1834 τοῦτο
1672 1780 1780 1835 κάν

256 1869 481 1947 τὶνὴμῃ
532 1873 612 1945 (6)
666 1871 764 1928 τοῦ
790 1871 937 1927 θείου
962 1871 1156 1944 ἀνδρὸς
1194 1872 1478 1945 γινόμενον
1506 1870 1622 1927 ἔστι
1643 1874 1780 1928 καθ-

256 1976 326 2031 σε,
370 1964 591 2037 μᾶλλον
619 1964 679 2020 δὲ
706 1963 843 2020 πολὺ
870 1963 1037 2019 πλέον
1100 1963 1342 2021 ἐνταῦθα
1366 1963 1599 2034 γίνεται.
1633 1965 1783 2020 Ἐκεῖ

260 2052 448 2129 μὶτᾶρ
498 2057 640 2112 είσὶν
678 2055 731 2111 οἳ
780 2054 890 2110 ὑπὸ
945 2055 1048 2127 τῆς
1086 2055 1503 2127 καταλαϐούσης
1523 2055 1781 2127 ἀσχολίας

259 2135 715 2219 θῖητεπεδημένοι
746 2146 989 2218 μένουσι,
1039 2145 1254 2218 χαίρειν
1309 2146 1555 2211 εἰπόντες
1580 2149 1648 2219 τῇ
1672 2146 1782 2201 τῶν

263 2234 429 2294 ἄκων
490 2239 697 2312 τρυφῇ,
751 2235 990 2292 ἐνταῦθα
1045 2237 1126 2301 δὲ,
1185 2235 1418 2308 οὐδεμία
1454 2236 1598 2291 οὕτω
1629 2236 1783 2308 βιαία

267 2330 544 2393 κρεάτων
571 2326 797 2398 ἀσχολία
838 2325 874 2398 ἢ
918 2324 1123 2380 δύναιτ’
1157 2325 1226 2380 ἂν
1279 2326 1570 2397 ἀπείργειν
1591 2327 1692 2399 τῆς
1716 2329 1782 2382 ὲκ

266 2415 501 2475 τῶντῶν
543 2417 907 2490 μνημοσύνων
950 2415 1049 2471 τοῦ
1088 2416 1326 2488 μεγάλου
1372 2418 1615 2490 κήρυκος
1646 2417 1782 2472 ἀπο-

267 2504 456 2578 )έιῦθς.
491 2511 598 2576 Τίς
617 2509 762 2565 οὕτω
784 2508 1023 2580 σάλπιγξ
1048 2509 1111 2563 τὸ
1162 2509 1410 2564 ἐνυάλιον
1444 2510 1785 2583 ἁπηχὴσασα

269 2607 534 2673 πιρξεις
560 2604 835 2675 ἀνέρωσεν
860 2602 938 2667 ὡς
956 2597 1112 2667 οὗτος
1139 2602 1228 2658 διὰ
1251 2602 1353 2675 τῆς
1409 2603 1631 2675 μνήμης
1653 2603 1784 2659 σαλ-

271 2692 595 2768 πίσαγειρε
644 2694 743 2760 τὰς
785 2694 967 2766 ψυχάς
994 2712 1011 2762 ;
1039 2695 1151 2751 τῶν
1188 2694 1489 2767 προθύμων
1522 2693 1702 2761 αὔξων
1724 2696 1786 2751 τὸ

276 2782 505 2852 πρόθιν,
532 2786 644 2841 τῶν
666 2785 1145 2840 ἀναπεπτωκότων
1165 2785 1399 2841 διαλύων
1419 2787 1482 2841 τὸ
1506 2786 1747 2858 ῥᾴθυμον
1765 2804 1781 2854 ;

290 2872 407 2926 ’Δεὶ
438 2879 506 2940 to
528 2874 628 2931 τοῦ
657 2877 853 2946 γένους
880 2875 1176 2942 ἀντίπαλος
1209 2875 1302 2930 ἐπὶ
1329 2877 1451 2941 ταῖς
1476 2876 1587 2930 τῶν
1612 2878 1786 2947 ἁγίων

278 2961 645 3040 τιμαῖᾱιρίας
670 2966 889 3039 δέχεται
932 2967 1035 3032 τὰς
1081 2967 1320 3040 πληγὰς,
1347 2966 1783 3039 σκυθρωπάζων,

281 3056 380 3111 καὶ
433 3061 644 3135 σὶοράν
706 3061 845 3117 ίδίαν
895 3060 995 3130 τὴν
1018 3060 1128 3116 τῶν
1192 3060 1402 3117 πιστῶν
1442 3061 1787 3135 εὐφροσύνην

1879 570 2001 628 dem
2053 589 2237 629 rerum
2287 584 2603 632 nostrarum
2647 593 2788 649 Opus
2837 578 3037 647 habet;
3085 591 3277 639 nostra
3329 597 3461 639 vero

1878 665 1995 719 sola
2034 678 2223 729 causa,
2255 681 2365 737 quo
2400 667 2661 723 nimirum
2701 671 3048 729 occasionem
3102 674 3300 730 habeat
3345 670 3475 731 suis

1878 768 1982 810 nos
2008 755 2205 826 Opibus
2237 756 2609 827 impertiendi,
2643 775 2869 815 munera
2902 761 3182 817 hominum
3207 764 3460 834 suscipit.

1879 847 1999 905 Non
2020 856 2282 919 tanquam
2302 848 2390 905 vel
2410 848 2466 905 id
2493 849 2672 920 ipsum
2698 851 2842 921 quod
2867 866 2933 907 eo
2957 854 3183 909 nomine
3207 856 3463 911 retribuit

1878 954 1988 994 non
2025 939 2195 1010 gratis
2229 940 2396 995 donet
2422 940 2615 1011 (gratis
2648 941 2795 996 enim
2835 952 2983 997 certe
3012 959 3078 998 ex
3130 943 3462 1001 inexhausto

1880 1031 1975 1087 illo
2004 1029 2155 1088 fonte
2182 1031 2323 1088 bona
2349 1030 2578 1087 efﬂuunt
2604 1032 2832 1105 omnia),
2865 1034 2959 1089 sed
2984 1034 3132 1106 quod
3162 1051 3225 1091 ea
3241 1037 3463 1108 religioq-

1879 1140 1948 1179 ne
1996 1122 2108 1180 Deo
2150 1139 2252 1179 nos
2281 1123 2717 1192 admoveamus;
2760 1124 2995 1197 indeque
3048 1125 3269 1184 facilius
3315 1127 3460 1185 bona

1878 1230 1999 1286 quae
2027 1216 2096 1271 ab
2116 1231 2183 1273 eo
2210 1222 2432 1271 manant
2452 1225 2822 1287 propagentur
2849 1216 2917 1272 ad
2941 1233 3063 1273 nos.
3092 1217 3460 1285 Quemadmo-

1879 1307 2010 1364 dum
2037 1308 2132 1379 qui
2163 1308 2229 1364 ad
2262 1304 2437 1364 Solem
2467 1307 2741 1363 accedunt
2784 1309 3036 1380 propius,
3069 1326 3147 1368 eo.
3172 1300 3463 1368 ahundan-‘

1879 1401 1990 1458 tius
2029 1401 2357 1473 participant
2399 1401 2605 1458 lumen.
2646 1400 2829 1472 Atque
2857 1403 2963 1459 hoc
2992 1404 3164 1459 animi
3201 1406 3459 1476 proposi-

1879 1501 2016 1558 tum,
2042 1492 2287 1549 studium
2305 1491 2428 1548 dico
2449 1492 2590 1549 bene
2610 1493 2857 1550 merendi
2873 1493 2939 1550 de
2960 1496 3308 1564 mortalibus,
3333 1512 3460 1554 cum

1880 1594 2174 1640 commune
2188 1584 2261 1640 sit
2287 1583 2531 1639 omnium
2555 1583 2649 1656 qui
2678 1584 2733 1639 in
2761 1586 2972 1642 caelesti
2999 1587 3148 1659 regia
3172 1588 3460 1647 diversan-

1881 1684 1992 1743 tur,
2022 1677 2234 1733 nullum
2261 1685 2444 1734 tamen
2492 1679 2737 1749 reperire
2757 1686 2842 1735 est
2865 1695 3026 1751 quem
3058 1681 3453 1742 illustrioribus

1882 1776 2098 1826 constet
2153 1769 2506 1828 documentis
2564 1771 2624 1826 in
2655 1770 2749 1827 tali
2775 1787 2904 1844 erga
2935 1773 3188 1832 homines
3216 1790 3341 1833 esse
3365 1774 3460 1832 vo-

1883 1861 2115 1927 luntate,
2142 1876 2312 1933 quam
2348 1877 2477 1918 eum
2511 1862 2672 1934 cujus
2710 1863 2765 1918 in
2797 1864 3118 1921 adornanda
3149 1866 3463 1925 laudatione

1881 1968 2029 2010 nunc
2058 1953 2297 2012 maxime
2325 1970 2539 2012 sumus.
2564 1955 2707 2023 Quin
2740 1956 2857 2012 haec
2884 1958 3022 2015 adeo
3054 1957 3251 2016 fiducia
3282 1960 3461 2032 impe-

1882 2055 1998 2103 tum
2029 2047 2192 2104 nohis
2221 2048 2443 2119 expedit
2467 2049 2535 2105 ad
2574 2048 2860 2104 audaciam
2899 2050 3102 2121 incepti
3135 2052 3295 2120 tanti,
3321 2068 3459 2123 pro-

1883 2140 2153 2197 lixissima
2216 2140 2552 2198 liberalitate
2584 2142 2687 2197 viri
2719 2142 2786 2198 ad
2841 2142 3207 2199 condonanda
3249 2146 3462 2213 omnia,

1882 2233 2095 2289 veniam
2122 2246 2344 2303 quoque
2369 2233 2511 2289 male
2534 2232 2838 2305 perfunctae
2867 2233 3203 2293 laudationis
3230 2251 3456 2309 sperare

1888 2324 2053 2382 nobis
2113 2323 2417 2393 suadente;
2475 2339 2880 2395 successusque
2923 2342 3118 2398 parum
3181 2328 3309 2384 boui
3357 2330 3463 2385 mi-

1885 2425 2088 2474 nuente
2154 2425 2380 2476 metum.
2431 2416 2590 2486 Quod
2644 2419 2793 2476 enim
2853 2420 3026 2478 maris
3081 2419 3304 2490 fretum,
3338 2437 3464 2493 qua:

1884 2511 2063 2582 pelagi
2121 2512 2396 2580 vastitas,
2474 2527 2586 2568 non
2663 2511 2784 2583 ejus
2848 2512 3130 2571 miraculis
3196 2515 3463 2588 insignita

1884 2600 2010 2656 est?
2062 2600 2167 2669 Qui
2216 2617 2349 2659 vero
2400 2602 2577 2659 saltus
2629 2617 2695 2658 ac
2742 2603 3073 2663 solitudines
3132 2616 3296 2663 terra;
3347 2622 3462 2664 non

1884 2693 2005 2762 ejus
2076 2694 2285 2765 gratias
2361 2695 2741 2766 experimento
2804 2697 3059 2767 cognitas
3128 2696 3461 2754 habuerunt.

1886 2784 2017 2851 Quae
2038 2792 2147 2839 tam
2171 2796 2433 2843 constans
2476 2787 2882 2856 magnificentia
2925 2787 3195 2845 donorum
3246 2797 3358 2845 tant
3383 2790 3466 2846 in-

1886 2879 2095 2950 signem
2122 2893 2248 2934 eum
2270 2880 2432 2950 vulgo
2464 2878 2730 2949 reddidit;
2770 2889 2848 2948 ut,
2893 2880 3041 2952 quod
3075 2884 3253 2937 solent
3282 2882 3461 2937 homi-

1886 2984 1986 3025 nes
2014 2970 2061 3027 si
2098 2968 2240 3024 forte
2294 2977 2420 3040 post
2468 2969 2720 3025 brumam
2769 2971 3018 3026 serenior
3046 2972 3324 3028 eluceseat
3356 2970 3463 3037 sol,

1888 3072 2003 3118 tum
2032 3062 2232 3135 gestire
2256 3061 2313 3117 in
2346 3061 2536 3134 aprico
2579 3062 2708 3134 ipsi,
2746 3074 2862 3120 tum
2891 3066 3029 3121 alios
3059 3065 3126 3121 ad
3155 3066 3464 3136 jucundum

284 3146 551 3220 ποιούμς.
602 3153 720 3209 Νῦν
788 3153 848 3209 δὲ
889 3153 1112 3208 τοσοῦτο
1167 3152 1329 3208 πλέον
1378 3153 1654 3226 κερδαίνει
1688 3157 1786 3228 τῆς

1890 3169 2132 3232 teporem
2180 3159 2460 3215 radiorum
2516 3159 2780 3216 solarium
2831 3148 3136 3214 convocare
3182 3157 3467 3228 perfruen-

286 3255 507 3313 συμφορ
550 3249 679 3303 ὅσον
715 3247 797 3311 είς
825 3246 1043 3303 ᾶπαντα
1074 3245 1291 3318 πείρατα
1326 3245 1390 3301 τὸ
1413 3245 1516 3320 τῆς
1541 3247 1789 3321 πανηγύ-

290 3349 428 3407 ρεως
477 3333 721 3413 ὼ.λίαμα
763 3339 1048 3395 διαϐαίνει.
1094 3338 1238 3394 Ἀλλ’
1263 3337 1455 3412 ὥσπερ
1502 3340 1584 3404 είς
1611 3340 1789 3413 ἀρχὴν

288 3424 563 3489 tutanda
595 3432 756 3503 λόγος
804 3430 1072 3503 πρότερον
1110 3431 1639 3503 διαμνημονευσάτω
1679 3432 1789 3487 τῶν

293 3520 514 3587 Μίνων
544 3528 696 3587 ίνων.
747 3525 806 3581 αἱ
849 3524 944 3580 τδν
989 3524 1162 3596 ἄνδρα
1215 3524 1295 3597 τῷ
1328 3524 1431 3598 βίῳ
1473 3525 1751 3598 παρέσχον
1768 3542 1785 3558 ⁸

302 3612 420 3667 ὖτω
456 3620 605 3675 τιθ*
635 3618 753 3675 ὁδὸν
780 3618 879 3674 ἐπὶ
930 3618 1004 3673 τά
1052 3616 1292 3689 πρόσθεν
1329 3617 1596 3690 χωρείτω.
1618 3617 1790 3674 Τοῦτο

281 3702 325 3761 is
392 3706 727 3776 προθείσθω
776 3709 838 3765 οὐ
870 3696 1035 3781 νόμον
1064 3709 1358 3780 ἐγκωμίων
1414 3711 1545 3783 περὶ
1593 3710 1789 3765 πολλοῦ

269 3796 560 3868 amntium
584 3804 648 3868 ὃς
674 3801 993 3875 βουλόμενος
1019 3801 1274 3875 ἀφορμὴν
1296 3802 1410 3866 τοῖς
1438 3802 1679 3866 ἐπαίνοις
1710 3804 1807 3868 είς

274 3885 495 3959 ὦξησιν
518 3898 792 3967 περισχεῖν,
822 3896 1035 3950 ἐκεῖθεν
1059 3894 1341 3949 ἐπιτάττει
1358 3893 1585 3961 τούτους
1615 3912 1791 3966 παρα-

273 3984 496 4045 δροτείν.
523 3987 616 4044 οιὲ
646 3984 752 4057 γὰρ
780 3985 832 4041 εί
880 3986 976 4043 καὶ
1001 3986 1073 4040 τὰ
1127 3985 1368 4057 μάλιστα
1410 3986 1717 4057 θαυμαστοὶ
1742 3987 1793 4041 οί

266 4072 702 4150 ἵεννήτορεςιτῆς
727 4078 941 4134 ὲκείνων
967 4078 1127 4147 δόξης
1162 4080 1198 4152 ἠ
1221 4075 1316 4133 τοῦ
1340 4077 1532 4142 παιδὸς
1544 4079 1794 4150 εὐφημία

257 4166 564 4234 προσδεῖται
578 4173 791 4240 ’ὥσπερ
830 4170 937 4227 οὐδ’
964 4171 1206 4244 ἔμφυτον
1236 4171 1435 4238 κάλλος
1469 4173 1568 4243 τῆς
1599 4174 1660 4239 ἐξ
1695 4173 1794 4228 άλ-

254 4254 479 4327 ὶστρίων
501 4260 687 4318 ἀνθέων
709 4259 922 4332 χάριυς
958 4263 1054 4318 καὶ
1076 4264 1443 4335 κομμωτικῖκ
1485 4264 1790 4338 περινοίας.

253 4347 369 4402 οὐδ’
385 4351 574 4424 ⁴ίιμέρα
597 4357 719 4427 ἠλῳ
750 4357 1269 4429 καταπυρσευομένη
1315 4357 1634 4432 προσθήκην
1667 4360 1794 4415 ἐπι-

249 4439 396 4509 ζητεῖ
421 4445 802 4519 φαιδρόιητος,
841 4446 919 4502 iv:
962 4449 1166 4522 μᾶλλον
1227 4450 1489 4523 ροδοειδὲς
1521 4452 1682 4525 φέροι
1731 4453 1795 4508 τὸ

1888 3252 2018 3308 dum
2052 3266 2066 3305 :
2096 3250 2238 3308 idem
2267 3251 2335 3307 ad
2371 3250 2689 3307 memoriam
2726 3263 2947 3320 quoque
2980 3247 3150 3303 divini
3181 3248 3343 3317 hujus
3364 3249 3468 3305 viri

1889 3344 2006 3401 ﬁeri
2057 3345 2246 3401 videre
2296 3344 2477 3410 liccat,
2520 3344 2628 3399 imo
2683 3343 2844 3413 longe
2890 3342 3014 3413 plus
3056 3341 3220 3412 hujus
3245 3341 3467 3413 quidem

1890 3437 1994 3492 hac
2030 3437 2083 3491 in
2113 3445 2266 3504 parte
2297 3436 2377 3489 fit.
2405 3433 2479 3491 lbi
2511 3434 2657 3495 enim
2687 3442 2817 3489 sunt
2847 3435 2939 3505 qui
2964 3434 3218 3504 occupati
3251 3434 3468 3507 negotio

1889 3532 2038 3587 velut
2067 3528 2346 3601 praepediti
2397 3536 2650 3593 manent;
2693 3527 3010 3582 amoenitate
3062 3528 3342 3583 radiorum
3372 3543 3466 3583 va—

1890 3623 2003 3679 lere
2026 3621 2201 3690 iussa,
2235 3619 2324 3674 hic
2348 3627 2529 3672 autem
2563 3619 2711 3672 nulla
2743 3627 2853 3672 tam
2880 3618 3086 3673 intenta
3115 3618 3466 3673 fueritoccu-

1891 3718 2040 3791 patio
2090 3733 2210 3787 quae
2270 3714 2559 3786 prohibere
2612 3725 2776 3784 queat
2812 3714 3066 3772 homines
3110 3731 3180 3772 ne
3205 3732 3324 3773 eam
3349 3732 3470 3789 quae

1891 3825 1959 3865 ex
1983 3821 2143 3862 sacro
2173 3805 2351 3876 magni
2387 3804 2553 3873 hujus
2581 3803 2914 3862 confessoris
2946 3815 3304 3862 monumento
3334 3823 3467 3880 per-

1893 3896 2098 3968 cipitur
2116 3895 2303 3967 gratia:
2337 3895 2549 3965 copiam
2580 3896 2965 3968 participatqu
2998 3905 3143 3952 eant.
3179 3897 3313 3966 Quae
3342 3901 3473 3957 tuba

1892 3987 2184 4045 classicum
2218 3987 2476 4043 intonans
2504 3987 2821 4059 procinctus
2867 3988 2935 4043 ad
2976 4004 3213 4065 pugnam
3245 3990 3474 4049 ordines
3502 4062 3503 4069 γ

1894 4077 1973 4134 sic
1991 4075 2252 4132 animavit
2280 4085 2342 4131 ut
2370 4075 2457 4130 hic
2488 4090 2583 4146 per
2614 4076 2699 4132 sui
2732 4077 3069 4133 mentionem
3116 4079 3285 4134 veluti
3320 4081 3475 4136 clan-

1892 4185 2028 4241 gens
2042 4167 2536 4235 concivita’nimas,
2576 4166 2903 4227 devotorum
2938 4170 3209 4229 fervorem
3240 4190 3470 4246 augens.

1895 4263 2145 4321 desidum
2193 4268 2473 4333 torporem
2545 4263 2876 4321 excutiens?
2937 4264 3168 4335 Semper
3251 4267 3473 4336 quidem

1897 4357 2123 4413 humani
2153 4355 2370 4428 generis
2398 4354 2750 4410 adversarius
2798 4354 3103 4411 honoribus
3150 4369 3473 4412 sanctorum

1896 4448 2129 4506 lethales
2159 4445 2361 4516 accipit
2384 4443 2592 4515 plagas,
2626 4443 2852 4514 ringens
2903 4452 2959 4497 et
2996 4457 3151 4498 suam
3185 4444 3474 4498 calamita-

246 4534 555 4605 πρόσωπον.
593 4538 722 4596 ⁹Δ.λλ’
742 4539 867 4594 ὅσον
887 4541 1140 4609 ἐπιδεῖξαι
1161 4543 1353 4617 ὅτιπερ
1383 4540 1473 4601 οἷα
1494 4545 1697 4619 κλῆρον
1728 4547 1786 4601 ἐκ

1898 4550 2008 4598 tem
2063 4539 2303 4595 fideliqu
2368 4536 2613 4592 laititiam
2642 4544 2924 4607 reputans.
2955 4534 3114 4593 Nunc
3166 4547 3347 4593 autem
3408 4553 3476 4595 eo

243 4630 493 4702 πατέρων
536 4633 625 4706 τὴν
699 4633 899 4707 ἀρετὴν
938 4636 1274 4708 παραλαϐὼν
1302 4678 1321 4704 ,
1387 4639 1491 4693 οὐκ
1543 4639 1796 4710 ἐνέμεινε

243 4719 313 4793 τῷ
337 4724 765 4798 παρασχεθέντι.
804 4727 928 4785 υύἆὲ
954 4733 1068 4796 τοῖς
1086 4732 1311 4786 ἐκείνων
1339 4731 1585 4804 ἠρκέσθη
1612 4733 1796 4789 ὠσπε-

242 4813 316 4884 ρεὶ
342 4819 787 4892 παραδείγμασιν
812 4820 1167 4896 ἀκολουθῆσαι
1196 4824 1399 4896 (καίτοι
1423 4842 1489 4896 γε
1515 4827 1677 4899 ἡλίκα
1702 4820 1792 4881 οἷα

235 4899 297 4974 ἦν
310 4908 349 4977 l)
381 4909 526 4965 ἀλλά
540 4910 795 4965 τοσοῦτον
821 4911 1115 4983 ἀμεινόνων
1136 4914 1308 4988 ἐπέϐη
1329 4916 1795 4988 κατορθωμάτων,

234 4994 348 5054 ὅθεν
370 5001 527 5067 είκδς
552 5001 649 5056 τδν
672 5002 754 5067 είς
790 5002 1011 5078 οὐρανὸν
1032 5006 1162 5078 ὃλην
1191 5007 1290 5072 τὴν
1311 5007 1457 5081 ζωὴν
1485 5009 1797 5081 μεταθέμε-

230 5105 329 5149 νον.
374 5092 686 5167 Ἐπιτιμῴη
716 5094 762 5150 δ’
783 5096 885 5152 οὐκ
937 5101 1001 5155 ἄν
1029 5117 1114 5166 τις
1136 5098 1216 5172 τῷ
1252 5100 1398 5170 λόγῳ
1438 5101 1671 5157 κατόπιν
1698 5103 1798 5175 τῆς

1898 4631 2287 4695 abundantiori
2339 4628 2531 4686 dolore
2586 4629 2907 4685 cumulatur
2936 4645 3048 4702 quo
3078 4631 3191 4703 jam
3220 4629 3277 4686 in
3336 4630 3475 4687 fines

1898 4728 2008 4784 late
2040 4739 2203 4782 omne
2236 4720 2528 4796 paucgyris
2580 4720 2747 4791 hujus
2791 4721 3086 4778 celebritas
3120 4731 3473 4794 propagatur.

1902 4819 2011 4876 Sed
2061 4818 2210 4873 vblut
2271 4815 2329 4871 in
2386 4813 2678 4886 principiis
2729 4813 2911 4870 adhuc
2972 4814 3238 4870 insistens
3297 4816 3475 4872 oratio

1901 4913 2056 4985 prius
2096 4916 2307 4982 repetat
2338 4908 2661 4965 memoriam
2716 4906 3014 4966 illuStrium
3062 4914 3352 4978 parentum
3380 4910 3476 4980 qui

1907 5012 2054 5066 hunc
2084 5008 2263 5063 virum
2325 4992 2533 5061 mundo
2567 5010 2913 5075 genuerunt;
2972 5004 3048 5057 ita
3110 5002 3331 5061 demum
3390 5020 3476 5062 se-

1905 5103 2086 5159 cunda
2138 5100 2397 5170 deinceps
2446 5099 2537 5154 via
2588 5101 2645 5154 in
2706 5097 3003 5153 anterioria
3062 5107 3273 5169 pergat.
3322 5098 3478 5167 Quod

1732 5194 1968 5254 NOTAE.

287 5278 365 5350 (3)
419 5279 743 5357 Quamlibet
763 5285 990 5357 {copiam
1034 5285 1302 5353 ’πλούσιος
1345 5286 1552 5345 Graecis
1588 5298 1789 5345 sonat:

226 5349 352 5406 adeo
380 5354 684 5434 ut‘nescio
709 5349 1004 5434 quis'apud
1035 5349 1348 5434 Euripidem
1373 5370 1648 5434 queratur
1675 5360 1794 5434 δαί-

226 5435 355 5492 μονα
406 5421 522 5479 sibi
551 5437 678 5479 esse
716 5421 973 5481 πλούσὶον
1003 5421 1221 5492 κακῶν,
1268 5440 1328 5485 ut
1358 5421 1541 5485 minus
1576 5430 1795 5487 mireris

224 5489 679 5574 thesagrumiira:
700 5496 767 5574 ad
794 5497 956 5553 Rom.
990 5514 1053 5564 ιι,
1087 5499 1155 5574 §_;
1182 5489 1371 5574 Jacobi
1407 5518 1460 5566 ν,
1488 5503 1542 5574 5.

250 5629 265 5643 ο
284 5563 365 5635 μ)
387 5563 468 5643 ρο
489 5563 780 5643 miraculis
808 5584 840 5623 a
870 5563 1063 5624 sancto
1085 5563 1311 5643 Nicolao
1340 5570 1394 5625 in
1425 5563 1659 5628 salutem
1695 5588 1795 5643 ua-

220 5634 523 5712 !iganliurn
569 5638 811 5712 maxime
860 5654 1091 5712 numero
1118 5641 1279 5697 factis
1312 5643 1649 5698 consulenda
1675 5642 1797 5712 ejus

218 5702 358 5783 Aetla
384 5703 720 5783 ethhistqriaa
740 5717 950 5766 veteres
980 5709 1132 5783 juxta
1155 5721 1544 5783 recentesque.

289 5774 367 5844 (5)
400 5772 721 5853 Videndum
764 5793 838 5853 an
877 5772 997 5834 nou'
1030 5780 1195 5853 fuerit
1236 5772 1578 5839 consuetudo
1612 5783 1796 5853 aliqua

226 5845 567 5904 convocandi
592 5847 664 5905 ad
695 5850 867 5909 solem
916 5860 1036 5921 post
1081 5851 1350 5910 brumam.
1380 5854 1572 5921 Qualia
1620 5845 1793 5913 multa

1898 5286 2227 5347 Plutarchus
2265 5287 2319 5341 in
2357 5284 2770 5353 Quaastionibus
2812 5282 3077 5341 Romanis
3110 5293 3168 5340 et
3213 5285 3305 5340 alii
3342 5301 3474 5342 nar-

1900 5370 2043 5416 rant.
2077 5359 2237 5413 Tales
2268 5358 2345 5412 illi
2376 5358 2736 5426 εὐφημισμοὶ,
2783 5354 2901 5424 φῶς
2952 5355 3178 5424 ἀγαθόν,
3214 5371 3341 5412 cum
3387 5358 3478 5414 lux

1897 5429 2303 5485 accendebatur
2332 5427 2508 5498 prima
2547 5429 2686 5482 l‘ace.

1970 5500 2048 5569 (6)
2083 5496 2464 5555 Ecclesiasnca
2494 5496 2897 5553 consuetudine
2926 5498 3188 5554 memoria
3214 5498 3479 5569 martyris

1900 5567 2190 5642 templum
2212 5568 2470 5642 martyris
2498 5576 2585 5642 est
2628 5574 2725 5622 aut
2760 5579 3200 5642 monumentum.
3232 5567 3345 5625 Nec
3366 5567 3479 5642 du-

1906 5638 2055 5697 bium
2101 5640 2232 5709 quin
2278 5638 2367 5694 ad
2396 5638 2745 5711 confessores
2774 5639 3001 5711 extendi
3043 5642 3240 5711 possit.
3275 5642 3359 5695 An
3390 5640 3480 5697 hic

1907 5715 2011 5769 ista
2037 5712 2186 5784 notio
2216 5713 2367 5784 vocis
2411 5710 2576 5783 hujus
2626 5711 2720 5770 sit.
2767 5710 3053 5784 judicium
3086 5712 3358 5784 integrum
3391 5724 3479 5766 re-

1906 5784 2090 5855 linquo
2123 5781 2334 5841 lectori.
