3952 6210
452 358 559 421 207

1624 341 1894 402 LEONIS
1933 335 2380 398 PHILOSOPHI

3576 310 3694 374 208

454 471 632 540 ipsum
666 484 733 523 ne
764 482 828 522 ea
860 475 1037 521 tamen
1063 462 1327 533 religione
1355 467 1511 515 curet
1539 460 1697 530 quasi
1726 458 2008 512 encomio-
2043 501 2048 512 .

2149 453 2206 507 οῦ
2241 450 2430 514 παιδὸς
2454 446 2609 513 ἀξίας
2641 443 2841 521 τιθέντι
2869 440 2995 504 τοὺς
3036 435 3250 508 γονέας.
3276 426 3695 540 Κεχαρισμξνον

454 578 578 617 rum
608 561 776 630 legem
809 574 928 613 eam
964 555 1146 627 magni
1184 555 1411 612 faciens.
1472 567 1591 622 quae
1649 551 1702 605 id
1755 565 1921 619 agens
1953 557 2013 602 ut

454 650 685 722 augendi
718 658 864 702 recte
900 646 1043 701 facta
1093 644 1473 698 laudatoribus
1501 641 1843 695 occasionem
1878 655 2016 707 pra:-

2118 546 2227 614 γάρ
2254 544 2316 610 δή
2351 559 2453 593 που
2482 540 2578 593 καὶ
2607 538 2789 599 αὐτοῖς
2839 533 2995 586 τοῦτο
3038 530 3252 589 πάντως
3296 524 3392 577 καὶ
3441 520 3701 575 τοσοῦτον

2120 611 2347 696 ἐκείνοις
2370 632 2532 701 φέρον
2564 628 2831 697 ἑπιΘήκην
2877 626 2956 686 είς
3013 620 3238 690 κὸσμον,
3281 616 3408 669 ὅσον
3441 611 3701 682 ἀφαιρεῖν

456 704 582 799 beat
634 739 761 793 inde
816 752 912 791 eos
971 733 1241 803 auspicari
1277 732 1451 800 jubet.
1508 728 1577 784 Ut
1606 732 1750 784 enim
1785 729 2022 781 maxime

2149 726 2264 789 δοξε
2296 726 2391 792 τῆς
2424 720 2694 791 ἰσοτιμίας
2722 718 2814 771 τοῦ
2854 718 2913 782 ἐξ
2966 712 3145 768 αὐτῶν
3179 707 3505 803 πεφυκότος.
3531 704 3692 803 ’ίξστε

459 834 743 890 mirabiles
781 838 1033 899 parentes
1099 827 1261 894 hujus
1315 823 1539 883 fuerint,
1591 837 1778 875 eorum
1837 829 2019 871 tamen

460 934 901 996 quantacunque
930 917 1347 990 participatione
1381 914 1567 984 gloriae
1599 912 1689 965 filii
1736 928 1843 966 non
1876 910 2019 963 indi-

459 1025 547 1086 get
617 1011 882 1068 memoria
943 1024 1055 1065 non
1113 1007 1290 1077 magis
1353 1019 1515 1075 quam
1588 1003 1807 1057 nativus
1859 1001 2025 1055 decor

463 1108 642 1160 alieno
673 1104 799 1158 fuco
839 1117 902 1156 ac
937 1100 1281 1157 emendicato
1334 1096 1470 1151 flore
1524 1095 1713 1165 gratiae
1745 1092 2031 1148 medicatae

460 1197 693 1251 artificio
715 1194 1063 1265 mangonico.
1081 1191 1268 1260 Neque
1285 1202 1415 1242 vero
1438 1188 1599 1257 pleno
1618 1186 1734 1241 sole
1750 1185 2037 1240 collustra-

2124 816 2355 869 ἐνταῦθα
2390 812 2588 883 μᾶλλον
2616 809 2817 881 ζημίαν
2845 808 2877 879 ἢ
2917 805 3107 875 κέρδος
3131 798 3380 870 προξενεῖ
3402 798 3435 866 ἡ
3463 793 3685 864 ἀφαίρε-

2126 925 2230 971 σις,
2266 906 2453 975 ὥσπερ
2501 902 2785 972 ποταμίων
2846 896 3128 970 ῥευμάτων
3160 894 3218 945 ὲν
3244 886 3428 956 κύκλῳ
3466 884 3712 963 ῥεόντωχ

2132 1002 2229 1055 καὶ
2259 998 2711 1071 περιχωροῦντων
2768 997 2847 1058 εἰς
2896 992 3122 1058 ἄλληλα,
3166 989 3228 1041 τὸ
3268 986 3398 1057 παρ’
3433 982 3667 1071 ὲκατέρο
3708 976 3715 980 ’

2131 1068 2536 1161 ἀφαιρούμενον
2601 1086 2761 1139 πάλιν
2818 1082 3106 1154 προσθήκη
3165 1077 3379 1146 γίνεται
3421 1071 3498 1143 τῷ
3534 1068 3663 1125 δεδω

2141 1186 2283 1238 κὸτι.
2688 1218 2695 1231 .

460 1300 516 1344 ta
551 1290 667 1346 dies
699 1262 1011 1343 serenitatis
1041 1283 1412 1338 accessionem
1432 1279 1627 1351 quaerit
1684 1287 1745 1332 ut
1800 1276 1973 1347 magis
2044 1289 2199 1331 rosea
2234 1275 2404 1330 niteat
2457 1271 2617 1327 facie.
2657 1268 2860 1324 Verum
2898 1266 3004 1319 hoc
3048 1272 3274 1317 eatenus
3360 1262 3649 1355 memoretu

461 1382 636 1437 solum
687 1389 749 1440 ut
809 1381 1234 1439 demonstretur,
1282 1382 1526 1428 nostrum
1562 1372 1730 1435 hunc,
1772 1369 1865 1440 qui
1917 1376 2177 1439 tanquam
2235 1364 2631 1423 bmreditariam
2689 1376 2720 1415 a
2784 1357 3102 1430 parentibus
3170 1353 3426 1407 virtutem
3460 1353 3663 1440 accepi-

463 1483 567 1537 set,
605 1484 947 1540 nequaquam
984 1482 1049 1523 eo
1108 1468 1256 1521 velut
1296 1462 1622 1537 patrimonio
1667 1470 2006 1527 contentum,
2080 1462 2136 1516 in
2200 1460 2554 1531 expressione
2610 1453 3033 1510 domesticorum
3104 1445 3472 1531 exemplorum
3527 1439 3659 1540 laus

466 1532 918 1634 acquiescendum
958 1560 1061 1616 sibi
1104 1532 1360 1615 statuisse
1403 1560 1737 1628 (quanquam
1780 1562 1986 1625 quanta
2023 1555 2115 1611 illa
2147 1554 2442 1625 qualiaque
2503 1548 2735 1619 erantl),
2770 1559 2957 1601 verum
3024 1541 3091 1596 ad
3120 1549 3271 1595 tanto
3329 1532 3655 1608 praestantia

466 1658 709 1713 facinora
738 1653 1082 1726 suscipienda
1107 1667 1430 1724 generosum
1509 1649 1675 1705 animi
1739 1647 2078 1720 propositum
2115 1648 2395 1710 excitavit,
2462 1643 2641 1715 qualia
2691 1640 2947 1697 nimirum
2999 1641 3423 1691 consentaneum
3448 1634 3655 1726 erat-tr

470 1752 556 1804 liri
588 1765 709 1804 eum
747 1748 840 1819 qui
893 1762 952 1802 se
987 1746 1263 1801 caelestem
1295 1758 1523 1815 prorsus
1557 1745 1626 1801 ad
1661 1743 1787 1799 vitae
1833 1752 2039 1799 sectam
2079 1758 2142 1797 ac
2199 1742 2463 1796 rationem
2512 1734 2903 1792 transtulisset.
2967 1727 3138 1784 Nemo
3206 1717 3656 1819 porroﬂreprebl-

469 1841 699 1901 ciendam
739 1814 1038 1894 orationem
1071 1852 1244 1893 meam
1281 1814 1430 1906 putet
1450 1835 1596 1906 quod
1630 1850 1693 1890 ea
1747 1834 2047 1889 secundum
2087 1849 2117 1886 a
2151 1831 2261 1886 filio
2310 1829 2589 1900 dignitatis
2648 1827 2825 1880 locum
2878 1820 3192 1893 parentibus
3256 1814 3535 1870 attribuat.
3601 1818 3657 1858 0'

473 1936 711 1993 lentibus
758 1949 892 1990 sane
940 1933 1073 2002 ipsis
1129 1947 1193 1987 ac
1242 1932 1554 1987 lubentibus
1615 1929 1879 1985 acciderit
1924 1928 2027 1984 hoc
2063 1925 2281 1997 quidem
2348 1942 2362 1978 :
2404 1923 2607 1993 quippe
2649 1920 2778 1974 hinc
2830 1925 2980 1971 tanto
3022 1913 3272 1970 uberiore
3307 1912 3365 1966 in
3395 1912 3537 2002 eos
3571 1914 3652 1956 τε

471 2029 657 2099 gloriae
684 2000 1001 2084 accessione
1035 2024 1402 2081 redundatura
1433 2032 1698 2094 quantum
1751 2023 1869 2095 ipsa
1935 2020 2272 2090 comparatio
2329 2016 2608 2088 dignitatis
2687 2010 2958 2067 ademisse
3010 2004 3328 2099 postpositis
3378 2000 3644 2099 ‘videbur.

470 2095 606 2175 Nam
645 2121 732 2175 hic
771 2119 987 2190 quidem
1021 2118 1163 2187 quod
1206 2116 1450 2171 aufertur
1482 2131 1592 2171 non
1659 2117 1858 2172 damno
1890 2114 2060 2184 magis
2095 2111 2463 2182 deputandum
2511 2121 2672 2178 quam
2734 2104 2887 2157 lucro
2939 2107 3043 2165 est,
3075 2108 3134 2151 ut
3171 2096 3349 2151 ﬂuviis
3368 2095 3429 2190 Ain
3479 2100 3647 2190 sepel:

472 2214 658 2267 orbem
685 2181 1054 2277 refluentibus,
1112 2225 1340 2280 seseque
1384 2209 1781 2280 excipientibus
1820 2181 2008 2264 mutuo
2080 2222 2175 2277 per
2235 2205 2403 2270 vices,
2451 2201 2595 2273 quod
2668 2196 2927 2253 adimitur
2978 2193 3241 2249 continuo
3298 2186 3547 2243 refunditv
3597 2181 3647 2235 ei

474 2308 568 2377 qui
594 2305 840 2359 dederat.

546 2396 689 2463 Ergo
744 2393 838 2463 qui
892 2392 1022 2447 huic
1076 2399 1264 2447 nostro
1298 2390 1449 2447 fuere
1474 2399 1728 2461 parentes
1760 2390 1814 2445 in
1848 2390 2041 2459 primis
2075 2395 2116 2449 Β

476 2486 740 2549 illustres,
774 2491 888 2536 tmn
923 2483 989 2538 iis
1022 2483 1364 2538 ornamentis
1407 2498 1529 2552 qua:
1558 2482 1754 2539 decent
1785 2499 2038 2553 corpora,

477 2591 713 2644 cumque
744 2575 1070 2643 corporibus
1100 2584 1522 2641 consumuntur,
1557 2582 1673 2629 tum
1708 2576 1777 2630 iis
1826 2590 2044 2646 quoque

478 2682 599 2737 quae
655 2667 1004 2735 sempiterna:
1074 2669 1198 2723 vitze
1260 2667 1549 2722 duratione
1586 2668 1815 2737 arqualia
1860 2677 2038 2722 sunt:

480 2773 592 2835 quo
654 2759 945 2827 posteriori
1002 2774 1204 2828 genere
1253 2760 1598 2829 potissimum
1630 2760 1865 2814 nitentes
1894 2760 2046 2829 prius

477 2848 614 2904 illud
651 2850 1098 2906 contemnebant.
1134 2851 1314 2916 Quare
1344 2852 1532 2921 procul
1580 2867 1611 2907 a
1659 2840 1919 2907 ‘civilibus
1949 2868 2045 2905 cu-

479 2939 560 2995 ris
594 2946 851 3007 tanquam
886 2953 915 2992 a
942 2939 1247 3008 procelloso
1302 2942 1439 2994 mari
1492 2941 1766 3008 subducti,
1804 2942 1857 2995 in
1887 2949 2047 3011 portu

480 3031 629 3101 beati
671 3032 766 3088 otii
794 3032 1100 3101 tranquillae
1126 3033 1250 3086 vitae
1279 3047 1500 3087 cursum
1534 3035 1883 3102 peragebant.
1920 3033 2048 3087 Vul-

480 3124 553 3176 tis
582 3121 671 3177 hic
709 3135 1047 3191 apponamus
1076 3122 1257 3192 aliqua
1302 3123 1525 3177 virtutis
1553 3138 1742 3178 eorum
1772 3131 1921 3178 certa
1948 3124 2048 3179 do-

482 3214 777 3269 cumenta?
802 3214 945 3279 Quid
980 3230 1108 3269 vero
1136 3230 1223 3270 me
1256 3231 1394 3285 opus
1426 3222 1513 3270 est
1562 3216 1629 3269 iis
1669 3230 1867 3271 vexare
1897 3216 2052 3270 colli-

480 3306 694 3381 gendis,
740 3319 865 3361 cum
906 3306 1143 3362 istorum
1179 3320 1359 3363 mores
1389 3307 1446 3361 in
1479 3305 1642 3360 rebus
1690 3320 1909 3375 quoque
1942 3320 2049 3359 cac-

482 3400 615 3455 teris
644 3400 835 3473 quales
868 3398 1073 3461 fuerint
1123 3414 1190 3454 ex
1230 3399 1378 3453 ultro
1415 3399 1629 3455 delecto
1664 3398 1788 3453 vitae
1853 3414 2053 3468 genere

482 3490 646 3559 facile
693 3492 765 3547 sit
806 3492 1129 3562 intelligere.
1164 3484 1375 3547 Etenim
1409 3505 1533 3545 cum
1566 3490 1887 3560 spectabiles
1918 3489 2051 3544 emi-

482 3598 615 3639 nere
643 3585 858 3655 possint
892 3599 960 3640 ex
996 3582 1279 3638 functione
1324 3583 1508 3653 aliqua
1543 3581 1742 3637 illustri
1772 3582 2050 3652 principa-

482 3676 554 3731 lis
583 3676 1007 3749 procurationis,
1034 3677 1114 3730 rei
1141 3675 1317 3746 dignac
1345 3675 1505 3745 vulgo
1534 3672 1754 3751 creditae
1790 3688 1888 3743 pro
1940 3688 2048 3743 qua

482 3766 694 3822 laboris
724 3768 858 3822 nihil
893 3766 1267 3822 contentionis
1299 3776 1604 3831 recusetur,
1662 3766 1714 3819 id
1761 3766 1836 3819 illi
1870 3773 2049 3820 tamen

484 3858 846 3927 praesentibus
896 3857 1162 3920 contenti,
1214 3857 1511 3911 ambitione
1566 3857 1792 3925 insuper
1844 3855 2049 3918 habita,

483 3963 715 4017 prorsus
765 3959 826 4003 ut
880 3963 994 4003 rem
1058 3948 1213 4001 nihili
1265 3948 1641 4018 neglexerunt.
1684 3947 1871 4016 Neque
1922 3962 2053 4002 vero

485 4040 601 4094 Suis
655 4040 827 4110 copiis
888 4040 955 4093 ad
1027 4042 1363 4111 voluptatem
1422 4041 1826 4106 abolebantur;
1879 4054 2055 4109 neque

487 4132 996 4208 deliciis'quarum
1063 4133 1188 4188 inde
1255 4131 1546 4185 affluebant
1594 4130 2054 4200 Opportunitates,

486 4224 930 4280 resolvebantur.
1021 4224 1127 4279 Sed
1202 4224 1463 4294 praclare
1534 4222 1786 4293 persuasi
1877 4221 2054 4276 solum

487 4316 629 4369 hunc
658 4331 779 4371 esse
855 4315 1090 4375 habendi
1158 4315 1393 4376 fructum
1455 4314 1501 4372 si
1549 4314 1673 4387 quis
1719 4315 1793 4369 ita
1824 4330 1936 4370 rem
1972 4316 2056 4369 vi-

487 4405 663 4469 vendo
725 4406 1068 4476 dispensaret
1114 4414 1174 4462 ut
1217 4422 1282 4462 ea
1332 4406 1531 4465 deinde
1589 4406 1923 4463 conscientia
1967 4420 2058 4462 so-

487 4498 621 4552 latio
681 4512 804 4553 esse
833 4497 1085 4554 morienti
1135 4507 1337 4568 posset,
1395 4499 1758 4566 seminabant,
1808 4506 1866 4552 ut
1918 4497 2057 4553 dici-

487 4599 595 4652 tur,
629 4598 857 4659 utraque
893 4605 1056 4644 manu
1108 4605 1205 4659 per
1263 4591 1418 4647 sinus
1465 4605 1767 4661 pauperum
1814 4590 2056 4655 divitias,

487 4682 633 4753 quod
667 4681 737 4736 ob
766 4682 1018 4745 meritum
1056 4691 1250 4747 praeter
1281 4692 1534 4738 czeteram
1570 4683 1874 4738 claritatem
1912 4681 2057 4735 illam

488 4775 653 4828 etiam
714 4788 745 4829 a
810 4784 1199 4829 remunerante
1256 4773 1367 4830 Deo
1423 4774 1599 4829 tulere
1655 4773 1963 4829 mercedem
2002 4779 2061 4826 ut

492 4866 685 4919 tierent
749 4872 1008 4935 parentes
1058 4864 1154 4919 ﬁlii
1205 4858 1706 4920 mortalis'natura:
1744 4863 1964 4919 modum
1997 4878 2061 4917 ac

492 4963 713 5022 captum
745 4957 944 5011 virtute
995 4942 1077 5013 et.
1105 4956 1532 5017 admirabilitate
1572 4956 1908 5026 superaturi.
1952 4956 2058 5013 Alii

492 5048 712 5115 quidem
739 5047 793 5099 in
823 5062 1017 5127 magna
1049 5046 1324 5103 felicitatis
1368 5059 1521 5118 parte
1566 5062 1853 5101 numerare
1884 5046 2061 5101 solent
2094 5085 2135 5139 Β

492 5138 715 5191 crebros
746 5146 955 5205 partus,
987 5153 1386 5207 numerosaque
1413 5137 1647 5208 gaudere
1669 5137 1876 5205 sobole,
1905 5135 2055 5189 velut

494 5230 560 5283 ad
596 5230 709 5283 ba3c
741 5245 957 5299 quoque
983 5230 1128 5286 bona
1159 5246 1279 5287 sese
1307 5231 1634 5292 extendente
1661 5229 1913 5293 avaritia,
1934 5228 2054 5291 nul-

497 5321 711 5390 lumque
752 5336 819 5375 ne
866 5323 951 5375 hic
979 5323 1196 5391 quidem
1241 5322 1525 5393 cupiditati
1558 5322 1717 5376 ﬁnem
1756 5328 2051 5377 statuente.

497 5410 738 5475 Quorum
769 5412 822 5465 in
855 5416 1177 5468 sententiam
1211 5415 1342 5471 irem
1370 5430 1467 5485 ego
1493 5428 1711 5485 quoque
1740 5411 1968 5482 pedibus
2007 5408 2055 5463 si

2224 2383 2385 2438 Ἀλλά
2418 2381 2527 2449 γὰρ
2558 2377 2765 2431 ἐκείνου
2787 2372 3107 2443 γεννήτορες
3123 2368 3307 2438 ἄκρως
3336 2365 3648 2449 ἔχοντεέριο

2143 2475 2387 2545 φανείας,
2431 2447 2550 2540 νὸση
2604 2486 2663 2521 τε
2707 2466 2974 2534 σωμάτων
3008 2462 3100 2515 καὶ
3157 2456 3435 2529 μετά,τῆς
3483 2447 3639 2508 Hva

2146 2571 2506 2640 συναπολήγει
2541 2566 2768 2626 λύσεως,
2806 2562 2901 2614 καὶ¹
2946 2560 3045 2627 ὅση
3090 2554 3167 2627 τῷ
3201 2556 3411 2626 μένοντι
3442 2550 3639 2640 βίσυμς

2146 2633 2565 2732 παρατείνῇεται·
2699 2654 2793 2707 καὶ
2850 2650 3047 2722 μᾶλλον
3097 2633 3635 2737 σεμνυνόμενοιπαρὰ

2148 2757 2349 2824 φαῦλον
2388 2752 2484 2821 τὴν
2514 2750 2707 2819 ἑτέραν
2729 2745 2985 2799 ἐτίθεντο.
3006 2741 3103 2794 Διά
3126 2738 3281 2793 τοῦτο
3306 2736 3398 2790 καὶ
3422 2736 3641 2788 πιτικων

2147 2843 2432 2915 διατριϐῶν
2462 2841 2648 2911 ὥσπερ
2671 2836 2937 2898 κλύδωνος
2969 2834 3072 2899 ἔξω
3087 2830 3410 2891 διαΰιοῦντες
3425 2829 3644 2915 (ba-nmo

2150 2908 2284 3003 σύνη
2323 2931 2413 2985 τὸν
2446 2929 2558 3000 βίον
2604 2908 2879 2981 ἐσάλευον.
2930 2921 3189 2977 Βούλεσθὲ
3235 2935 3357 2973 τινα
3388 2908 3642 3003 πῇῦῶμεν

2149 3028 2246 3097 τῆς
2260 3001 2493 3078 ἐκείνων
2524 3020 2727 3092 ἀρετῆς
2745 3018 3133 3088 γνωρίσματα;
3170 3014 3238 3066 Ἢ
3256 3012 3308 3065 τί
3333 3028 3397 3081 με
3420 3010 3434 3059 l
3450 3001 3642 3097 ὥσπερ

2150 3093 2408 3187 ἐνοχλεῖν,
2444 3114 2630 3188 ῥᾳδίου
2656 3112 2808 3173 ὄντος
2838 3106 3085 3161 ἐντεῦθεν
3121 3105 3211 3158 τὸν
3242 3093 3639 3163 ὲκείνατρόπονι

2149 3214 2331 3277 ὁποῖός
2348 3230 2430 3276 τις
2456 3207 2525 3285 ἦν
2540 3210 2641 3263 κάν
2658 3209 2770 3270 τοῖς
2794 3204 2992 3267 ἀλλοις,
3017 3201 3094 3272 τῷ
3110 3209 3444 3272 προαιρουμρ
3457 3205 3635 3285 κοιτα-

2155 3308 2442 3379 μανθάνειν
2465 3281 2490 3373 ;v
2520 3304 2649 3370 Οἴγε
2694 3300 2983 3369 δυνάμενοι
3032 3297 3088 3349 ὲν
3129 3292 3348 3365 μεγάλῳ
3382 3300 3465 3360 ρει
3493 3281 3643 3351 βασι-

2152 3402 2296 3453 λείου
2333 3398 2491 3468 δὸξης
2518 3390 2901 3464 γνωρίζεσθαι,
2944 3386 3266 3459 πράγματος
3304 3385 3641 3468 πᾶςπεριαα-

2154 3493 2341 3563 χήτου,
2382 3491 2430 3542 οἱ
2448 3466 2519 3541 -δὲ
2547 3486 2733 3554 ὥσπερ
2758 3499 2811 3535 τι
2840 3482 2948 3535 τῶν
2969 3478 3176 3548 ἀτίμων
3202 3474 3343 3565 οὕτω
3369 3466 3645 3565 σοέδρίιμῗν

2154 3552 2306 3647 αὐτὸ,
2351 3581 2463 3641 τοῖς
2508 3572 2774 3645 παροῦσιν
2828 3567 3174 3641 ἀρκούμενοι,
3229 3564 3290 3617 οὐ
3344 3576 3415 3621 πς
3458 3552 3649 3623 ἡδονὴρ

2157 3670 2536 3743 ἀποχρώμενοι
2562 3668 2628 3736 τῇ
2659 3659 2967 3734 περιουσίᾳ,
2997 3657 3117 3711 οὐδὲ
3156 3658 3277 3719 ταῖς
3314 3655 3655 3743 Extat-apos-

2079 3743 2121 3797 θ
2153 3730 2425 3833 ἀνειμένοι
2455 3730 2838 3811 ἀπολαύσεσιν.
2880 3730 3041 3804 Ἀλλά
3059 3747 3263 3817 ταύτην
3293 3746 3408 3815 μόνω
3433 3732 3491 3790 εὖ
3527 3730 3672 3785 εἰδό-

2152 3874 2243 3919 τες
2269 3832 2585 3913 ἀπόλαυσιν,
2623 3846 2675 3900 εῑ
2700 3862 2783 3907 τις
2839 3844 2989 3895 ἀπίοι
3013 3843 3109 3911 τῆς
3140 3839 3283 3908 ζωῆς
3330 3832 3458 3891 λσὼν
3480 3838 3677 3919 ἔταροι·

2158 3914 2367 4016 μύγθιον,
2402 3942 2738 4013 σπείροντες,
2772 3937 2801 3989 ὃ
2851 3936 2916 4007 δὴ
2947 3934 3185 4001 λέγεται,
3216 3931 3354 4002 χειρὶ
3386 3914 3681 4016 κατέρᾳνὲν

2154 4014 2263 4101 τοῖς
2324 4036 2434 4089 τῶν
2468 4033 2687 4103 ἀπόρων
2744 4028 2991 4098 ὲγκάτοις
3020 4025 3110 4078 τὸν
3152 4020 3369 4077 πῖοῦτον
3404 4014 3491 4068 διὰ
3522 4014 3685 4103 τοῦτο

2158 4128 2297 4198 μετὰ
2323 4128 2422 4196 τῆς
2456 4101 2621 4193 ἄλλης
2650 4120 2893 4185 εὐδοξίας
2948 4119 3040 4171 καὶ
3067 4116 3212 4168 τοῦεο
3247 4111 3399 4166 Οεόίὶν
3420 4101 3689 4198 ἀντιλαμῖ

2156 4185 2398 4281 δάνουσι,
2444 4215 2630 4276 παιδὸς
2680 4209 3018 4281 χρηματίσαι
3056 4202 3274 4272 παῖέρες
3322 4185 3689 4281 κρείττονοςᾼῆ

2156 4311 2297 4364 κατὰ
2331 4279 2527 4378 Θνητὴν
2576 4279 2738 4373 φύσιν
2778 4279 3018 4371 ὀφθῆναι
3071 4293 3339 4383 μέλλοντες,
3372 4287 3555 4343 Ἄλλοι.
3590 4279 3694 4383 μεν

2157 4401 2249 4458 οῦν
2280 4400 2422 4470 μέγα
2472 4396 2636 4467 μέρος
2669 4391 2965 4462 εὐκληρίας
3017 4381 3421 4453 ὑπιλαμϐἀνδυσι
3472 4381 3699 4470 cura};

2158 4463 2485 4562 λειτουργεῖν
2508 4463 2681 4551 meiat,
2743 4482 3072 4552 πολυπαιδίᾳ
3091 4477 3379 4547 χαίροντες,
3423 4470 3611 4564 ὥσπερ
3636 4463 3701 4564 ἓν

2158 4587 2267 4647 τοῖς
2297 4582 2495 4645 ἀλλοις,
2529 4579 2672 4632 οὕτω
2714 4574 2991 4630 κάνταῦθα
3048 4570 3341 4638 τερπούσης
3373 4560 3568 4619 αὐτοὺς
3601 4569 3705 4621 της

2160 4677 2491 4745 πλεονεξίας.
2517 4675 2700 4744 Ἤμην
2724 4672 2765 4723 δ’
2788 4673 2853 4725 ἂν
2881 4667 3037 4736 κάγὼ
3067 4664 3159 4721 τῶν
3192 4659 3477 4728 τιθεμένων
3503 4648 3708 4745 ταύτῃ,

2159 4772 2208 4821 εί
2240 4742 2426 4834 ὥσπερ
2482 4742 2609 4835 μιᾶς
2654 4742 2963 4829 πεφυκότας
3019 4758 3161 4831 ῥίζης
3214 4753 3309 4806 καὶ
3352 4751 3451 4801 τῶν
3502 4742 3713 4835 ὠδίνων

2160 4830 2625 4928 κληρονομοῦντας
2672 4851 2857 4921 ἐώρων
2915 4830 3029 4918 (7).
3067 4843 3170 4899 Νῦν
3231 4842 3286 4893 δὲ
3330 4838 3457 4891 πολὺ
3511 4830 3716 4928 μᾶλλον

2160 4949 2356 5009 ἀνίσως
2394 4946 2610 5015 ἔχοντας
2637 4943 2670 5013 ἢ
2706 4942 2830 5003 τοὺς
2859 4940 3139 4998 δακτύλους
3185 4932 3419 5003 ὁρῶμεν.
3447 4925 3719 5015 xui-gauli"

2164 5035 2431 5104 ϐαίνειτῴ
2460 5034 2559 5104 μέν
2604 5050 2657 5085 τι
2698 5031 2951 5097 παρεῖναι
2979 5028 3083 5081 τῶν
3119 5020 3374 5093 χρηστῶν
3414 5014 3489 5085 τῷ
3517 5012 3573 5065 δὲ
3608 5024 3723 5061 των

2164 5101 2414 5199 φαύλωνί
2450 5101 2589 5178 ὥστε
2617 5125 2676 5177 ού
2712 5124 2910 5193 μᾶλλον
2940 5121 3029 5172 ἐπὶ
3055 5119 3158 5179 τοῖς
3188 5110 3451 5181 παροῦσιν
3492 5101 3727 5199 ἀγαθοῖς

2158 5222 2236 5292 τῷ
2270 5221 2416 5273 παιδὶ
2466 5218 2738 5289 χαιρήσει,
2794 5216 2827 5285 ἢ
2875 5214 2966 5266 ἐπὶ
3020 5213 3129 5271 τοῖς
3170 5206 3404 5277 χείροσιν
3454 5201 3483 5250 ὁ
3529 5191 3729 5292 γονεὺς

2158 5316 2458 5370 ἀνιάσεται.
2488 5312 2596 5366 Καὶ
2618 5310 2827 5378 γίνεται
2884 5305 3255 5376 παραπλήσιον
3310 5289 3423 5348 οἷον
3455 5289 3508 5343 εἴ
3535 5304 3622 5350 τις
3649 5285 3725 5355 τῇ

2166 5407 2263 5477 μὲν
2320 5408 2504 5473 στέφοι
2562 5404 2727 5475 χειρὶ,
2784 5404 2849 5471 τῇ
2885 5400 2941 5452 δὲ
2974 5396 3212 5469 ραπίζοι,
3261 5392 3316 5443 ἐν
3348 5386 3428 5456 τῷ
3464 5381 3735 5435 λυποῦντι

1991 5498 2258 5579 norm.‘

565 5626 641 5696 (7)
677 5626 985 5696 Perplexusr
1016 5624 1171 5678 locus
1200 5632 1253 5678 ct
1279 5623 1417 5696 haud
1452 5622 1565 5675 scio
1599 5638 1664 5673 an
1692 5637 1804 5696 non
1833 5619 2061 5673 mendo-

502 5690 1154 5761 sus;Interpretationcm
1180 5694 1428 5761 expedivi
1460 5702 1515 5745 ut
1556 5690 2057 5761 putui.$uccurre-

506 5771 592 5823 bat
624 5767 762 5821 forte
795 5760 1078 5834 legendum
1114 5764 1312 5830 ὁμοίων
1345 5778 1440 5829 pro
1476 5762 1699 5814 ὠδίνων.
1736 5760 1851 5817 Nisi
1878 5761 2056 5815 verius

2170 5624 2253 5671 est
2294 5613 2456 5675 huius
2490 5610 2657 5664 nostri
2690 5617 2743 5660 ct
2791 5602 3011 5660 Grmcim
3056 5598 3372 5675 citeriorum
3419 5600 3738 5675 temporum

2166 5662 2382 5755 propria
2400 5684 2630 5734 diali-ctu
2655 5679 2846 5737 ὠδῖνας
2868 5682 3111 5755 parentes
3136 5668 3263 5748 dici.
3281 5662 3431 5755 Quod
3462 5662 3743 5755 satisan?

2166 5727 2853 5821 liiil'gi;".;'.;;t;;{c'(gms”.
2870 5727 2955 5798 ἰε
2979 5739 3262 5811 superiori.
3300 5727 3437 5805 (Col.
3464 5727 3579 5786 suo
3602 5727 3694 5795 υ.)
