3952 6210
243 329 343 398 209

1037 327 1319 390 ORATIO
1340 327 1526 390 XVII.
1552 351 1624 365 -
1645 326 1728 388 IN
1754 327 1816 388 S.
1845 326 2243 391 NICOLAUM
2268 329 2711 394 MYRENSEM.

3395 337 3504 403 210

241 439 655 513 ἀναχωροῦντος
686 437 782 494 τοῦ
829 437 1144 510 τέρποντος.
1196 439 1284 491 Διό
1323 454 1417 509 μοι
1465 435 1834 505 φαίνεταικαὶ

1939 447 1999 493 ut
2059 453 2127 492 ex
2189 453 2297 493 una
2351 439 2521 509 stirpe
2568 447 2895 510 procreatos
2926 439 3148 508 fratres,
3183 443 3258 500 ita
3285 445 3512 506 virtutis

241 535 377 592 κατὰ
401 535 572 588 τοῦτο
598 534 661 587 τὸ
688 533 877 606 μέρος,
906 532 1054 604 φημὶ
1085 530 1149 602 δὴ
1174 533 1276 602 τῆς
1325 529 1688 596 παιδοποιίας,
1715 532 1828 604 τοῖς

241 627 479 700 πατράσι
509 626 606 680 τοῦ
628 625 726 680 νῦν
744 624 1061 696 τιμωμένου
1090 624 1188 694 τὴν
1217 622 1359 676 κατὰ
1393 621 1501 675 τῶν
1523 620 1699 675 ἄλλων
1725 638 1830 673 πα-

241 723 405 793 τέρων
434 721 729 791 προσεῖναι
763 717 1060 788 ὑπεροχήν.
1090 715 1285 778 Ὀντος
1316 712 1424 786 γὰρ
1468 713 1528 766 ού
1556 711 1742 784 ῥᾳδίου
1771 712 1830 765 ὲν

240 817 380 886 πάσῃ
411 813 628 887 ἀρετῆς
655 812 776 884 ἰδέᾳ
810 811 1014 882 ὁμοίως
1060 808 1394 878 εὐδοκιμεῖν,
1428 805 1542 860 ἀλλ’
1567 807 1625 858 ὲν
1655 803 1828 874 ταύτῃ

249 905 340 977 μέν
363 921 497 957 τινα
527 904 708 956 δοκεῖν
747 899 951 962 ἱκανῶς
989 898 1154 970 ἔχειν,
1197 899 1256 951 ὲν
1299 896 1474 968 ταύτῃ
1525 894 1583 948 δὲ
1626 892 1831 964 ἀποδη-

241 1000 355 1068 μεῖν
387 997 496 1066 (κ),
546 997 662 1058 τοῖς
705 994 804 1063 μὲν
855 992 1037 1054 ἄλλοις
1079 991 1226 1052 ὅσοις
1253 986 1464 1059 ὑπῆρξε
1491 985 1830 1058 χρηματίσαι

241 1090 486 1161 γενεύσι,
509 1086 608 1141 τοῦ
646 1086 746 1158 μὲν
767 1084 878 1139 τῶν
911 1084 1118 1138 παίδων
1141 1083 1345 1153 ταύτην
1361 1081 1700 1152 κεκτημένου
1729 1078 1832 1148 τὴν

243 1185 464 1256 ἀρετὴν,
523 1181 606 1252 τῷ
646 1181 704 1234 δὲ
736 1177 1050 1251 προσούσης
1087 1176 1280 1248 ἑτέρας
1313 1174 1402 1243 (τὰ
1423 1175 1532 1245 γὰρ
1553 1172 1724 1244 χείρω
1755 1188 1832 1225 σι·

242 1278 476 1347 γάσθω),
512 1273 806 1344 συμόαίνει
836 1271 1027 1342 ὥσπερ
1047 1269 1106 1335 ἐξ
1133 1269 1330 1340 ὲράνου
1355 1267 1445 1320 τὸν
1476 1267 1681 1336 κόσμον
1709 1264 1834 1319 συλ-

243 1369 524 1438 λέγεσθαι,
551 1369 713 1438 εἴπερ
741 1365 913 1435 ἀρετὴ
938 1365 1147 1419 παίδων
1172 1361 1380 1432 κόσμον
1406 1360 1561 1430 φέρει
1591 1360 1708 1420 τοῖς
1735 1375 1832 1426 γε-

246 1461 596 1533 γεννηκόσιν.
642 1457 908 1513 Ἐνταῦθα
929 1456 987 1510 δὲ
1033 1455 1150 1518 ὲνδς
1179 1453 1332 1516 ὄντος
1363 1451 1463 1506 τοῦ
1498 1451 1681 1506 πάντα
1707 1450 1834 1504 συλ-

246 1557 500 1618 λαϐόντος
531 1556 602 1608 τὰ
629 1553 912 1618 κάλλιστα,
938 1551 1144 1618 ἔξεστιν
1167 1547 1410 1612 εἰκάζειν
1422 1545 1500 1617 τῷ
1522 1544 1833 1616 βουλομένῳ

248 1651 302 1704 τὸ
342 1647 695 1718 ὑπερϐάλλον
743 1644 840 1698 τοῦ
899 1643 1244 1714 πράγματος.
1283 1639 1421 1694 Ἀλλ’
1472 1639 1690 1711 εἴρηται
1733 1635 1833 1706 μὲν

249 1746 366 1814 πρί
399 1743 518 1794 τῶν
541 1737 888 1809 γεννητόρων
907 1737 1030 1790 ὅσον
1057 1732 1145 1788 ἐπ’
1171 1733 1354 1802 ὀλίγον
1381 1732 1482 1802 τῆς
1508 1729 1690 1785 αὐτῶν
1713 1729 1834 1800 ἀρε-

1936 536 2102 601 atqne
2164 529 2367 586 indolis
2425 542 2716 601 parentum
2748 534 2900 589 velut
2931 534 3312 593 haereditatem
3345 543 3516 610 parti-

1935 621 2188 693 cipantes
2209 638 2277 677 ex
2303 638 2459 693 atquo
2486 624 2746 680 viderem.
2769 625 2926 682 Nunc
2966 629 3139 685 multo
3171 629 3348 701 major
3371 633 3517 688 inter

1934 728 2030 769 eos
2061 729 2224 784 quam
2258 715 2402 771 inter
2434 715 2637 786 digitos
2675 719 3020 790 inaequalitas
3054 724 3341 791 cernitur;
3375 741 3512 782 con-

1934 806 2206 877 tingitque
2244 807 2358 863 fere
2396 809 2466 863 ab
2516 819 2640 865 ortu
2689 812 2812 882 ipso
2864 816 2956 867 uni
2999 816 3273 872 laudabile
3333 817 3515 875 inesse

1933 897 2409 969 quidpiam,alteri
2436 916 2567 956 vero
2587 901 2874 971 vitiosum;
2909 913 2971 959 ut
2997 908 3215 978 genitor
3248 924 3356 964 non
3402 926 3516 964 ma-

1929 988 2104 1060 jorem
2133 1005 2163 1044 a
2192 990 2352 1048 bonis
2385 991 2604 1048 laetandi
2627 1009 2847 1050 causam
2878 1011 3041 1066 quam
3061 997 3277 1052 dolendi
3314 998 3512 1054 habeat

1934 1096 1966 1138 a
1997 1081 2157 1137 malis
2177 1101 2190 1137 :
2210 1083 2494 1140 consimile
2509 1086 2638 1156 quid
2656 1087 2868 1156 patiens
2895 1096 3062 1159 atque
3094 1089 3142 1144 si
3176 1091 3302 1160 quis
3339 1093 3511 1146 altera

1937 1171 2164 1242 quidem
2196 1173 2377 1243 ipsum
2434 1191 2598 1231 manu
2635 1187 2944 1243 coronaret,
2990 1181 3162 1234 altera
3218 1181 3511 1252 colaphum

1934 1265 2296 1336 impingeret;
2348 1267 2402 1322 in
2437 1283 2547 1338 quo
2604 1285 2736 1325 casu
2788 1271 3018 1328 honoris
3075 1273 3288 1330 fructus
3339 1274 3510 1345 plagae

1933 1359 2265 1413 contumelia
2297 1360 2646 1416 obrueretur.
2683 1362 2868 1428 Quare
2902 1365 3032 1419 mihi
3066 1365 3326 1422 videntur
3345 1369 3512 1422 etiam

1933 1449 1990 1502 in
2016 1448 2119 1504 hac
2146 1457 2321 1520 parte,
2351 1450 2711 1519 fecunditate,
2744 1455 2991 1523 inquam,
3021 1470 3086 1509 ac
3118 1454 3382 1511 felicitate
3415 1473 3512 1524 ge-

1931 1541 2190 1606 nerandi,
2227 1553 2482 1612 parentes
2512 1544 2632 1614 ejus
2661 1560 2824 1614 quem
2849 1561 3000 1600 nunc
3028 1547 3390 1610 celebramus,
3421 1564 3512 1602 sn-

1935 1647 2033 1703 pra
2062 1641 2296 1690 cmleros
2325 1634 2560 1690 aliorum
2614 1637 2894 1708 genitores
2927 1637 3224 1708 dignitatis.
3261 1639 3511 1694 obtihere

1937 1725 2326 1798 principatum.
2368 1727 2503 1783 Cum
2533 1729 2677 1783 enim
2709 1729 2870 1786 facile
2901 1745 3007 1785 non
3037 1733 3108 1786 sit
3135 1733 3188 1786 in
3229 1733 3378 1786 omni
3413 1748 3510 1803 ge-

245 1805 338 1905 τῆξ
383 1805 718 1904 ὡσφρξίνθαὶ
747 1805 953 1902 βραχέα
983 1828 1060 1899 τῷ
1109 1827 1271 1898 λόγῳ.
1323 1825 1420 1896 eo;
1453 1824 1500 1878 δ’
1539 1823 1608 1878 ἂν
1647 1821 1830 1877 καὶτὸ

1936 1834 2067 1878 nere
2097 1820 2318 1876 virtutis
2352 1837 2414 1877 ex
2445 1836 2604 1891 aequo
2653 1819 2871 1886 florere,
2907 1824 3000 1879 sed
3065 1823 3176 1879 fere
3226 1824 3511 1881 videamus

247 1927 335 1981 νῦν
360 1925 663 1996 εἰρημένον
696 1920 1016 1993 μαρτύριον,
1048 1918 1124 1981 ὡς
1149 1917 1209 1970 τὸ
1230 1916 1378 1981 ἅπαξ
1405 1917 1504 1987 τὴν
1533 1913 1827 1983 καλλίστην

1937 1911 2031 1982 qui
2069 1911 2126 1966 in
2161 1913 2393 1983 quadam
2456 1913 2615 1969 laude
2661 1915 3024 1985 aliquousque
3054 1932 3382 1987 progressus
3414 1918 3510 1985 sit,

247 2020 460 2088 ἐκείνην
485 2017 658 2070 ὠδῖνα
691 2015 874 2077 λῦσαι,
920 2011 1175 2082 ἀμείνους
1218 2010 1414 2072 αὐτοὺς
1443 2009 1567 2076 ἄγει
1595 2005 1704 2059 τῶν
1733 2005 1828 2059 ἐπὶ

1936 2004 2185 2060 eumdem
2217 2005 2286 2059 ab
2334 2005 2442 2060 alia
2480 2007 2698 2077 longius
2770 2007 2988 2072 abesse,
3046 2010 3259 2064 caeteris
3309 2010 3511 2080 quibus

248 2111 469 2180 συχναῖς
499 2106 886 2176 ἐγνωσμένων.
918 2105 994 2157 Τὸ
1035 2102 1080 2157 δ’
1135 2100 1388 2156 ἐντεῦθεν
1436 2099 1713 2171 πειράσθω
1739 2096 1830 2152 τὸν

1936 2097 2173 2167 contigit
2201 2093 2319 2153 fieri
2345 2099 2596 2168 patribus
2639 2099 2877 2169 plurium
2914 2100 3214 2156 liberorum
3245 2103 3511 2157 collatitio

248 2199 410 2253 παῖδα
439 2196 823 2267 ἐκδιηγεῖσθαι
873 2194 965 2248 καὶ
1021 2193 1216 2259 δεῖξαι,
1249 2192 1316 2246 ἂν
1345 2192 1454 2262 ἄρα
1472 2191 1568 2244 καὶ
1603 2190 1832 2262 δύνηται

1938 2187 2175 2258 quodam
2198 2190 2380 2261 gaudii
2401 2205 2600 2260 genere
2619 2190 2910 2246 laetandum
2935 2201 3037 2248 est.
3067 2192 3203 2247 Dum
3250 2209 3360 2248 uno
3383 2195 3509 2264 qui-

246 2293 496 2346 τοσοῦτον
527 2291 695 2362 ἔργον
724 2288 1044 2359 ὑποστῆναι,
1073 2287 1198 2350 ὅσος
1241 2284 1334 2340 καὶ
1361 2284 1548 2357 ἡλίκος
1580 2283 1830 2356 ἐχρημά-

1937 2280 2063 2336 dem
2102 2280 2340 2336 filiorum
2381 2297 2546 2337 unam
2599 2281 2866 2338 duntaxat
2887 2283 3140 2338 virtutem
3171 2285 3507 2355 possidente,

246 2400 418 2438 τιςεν.
1935 2374 2043 2430 alio
2085 2377 2230 2443 vero:
2250 2389 2447 2432 rursus
2487 2375 2650 2430 aliam
2687 2377 2834 2448 (nam
2869 2377 3140 2432 deteriora
3190 2377 3506 2447 sileantur),

244 2478 576 2533 collectione
604 2474 740 2546 ipsis
771 2481 937 2544 atque
963 2484 1163 2527 acervo
1201 2468 1542 2526 cmendieata
1568 2465 1756 2522 multis
1783 2481 1853 2523 ex
1891 2465 2029 2522 locis
2054 2466 2353 2536 gratulatio
2382 2468 2688 2538 completur
2721 2469 2789 2525 ad
2825 2469 3061 2536 aliquem
3097 2470 3316 2526 demum
3354 2483 3518 2521 orna-

244 2584 329 2630 tus
380 2572 644 2636 modum,
677 2570 725 2626 si
783 2569 906 2639 quis
959 2583 991 2622 a
1046 2568 1249 2621 virtute
1305 2564 1544 2620 filiorum
1591 2561 1830 2618 conferri
1901 2576 2068 2616 verus
2121 2570 2353 2619 ornatus
2400 2547 2460 2618 in
2529 2571 2786 2634 parentes
2830 2570 3028 2633 potest.
3069 2562 3171 2617 Hic
3224 2577 3354 2617 vero
3384 2576 3509 2616 eum

244 2667 298 2720 in
346 2679 470 2720 uno
523 2662 709 2731 capite
758 2662 988 2718 collecta
1022 2661 1209 2716 omnia
1264 2659 1462 2714 decora
1514 2665 1827 2732 teneantur,
1869 2654 2186 2722 conjectura
2213 2655 2339 2712 licet
2372 2658 2592 2727 assequi
2636 2664 2844 2728 quanto
2918 2671 3149 2712 excessu
3223 2657 3506 2724 vulgarem

243 2768 534 2830 parentum
571 2755 852 2811 fortunam
885 2754 1085 2809 horum
1123 2753 1362 2808 conditio
1404 2751 1697 2822 peculiaris
1764 2749 2076 2805 antecellat.
2117 2746 2296 2818 Atque
2327 2748 2440 2804 haec
2482 2751 2699 2820 quidem
2750 2750 2819 2803 de
2858 2747 3061 2804 Nieolai
3103 2750 3283 2818 magni
3349 2749 3505 2820 genio

247 2852 464 2906 toribus
493 2849 580 2904 sic
613 2847 760 2902 dicta
789 2857 994 2912 sunto;
1031 2861 1094 2901 ea
1127 2845 1392 2900 duntaxat
1414 2854 1572 2900 tenus
1601 2844 1823 2898 utvelut
1860 2842 2086 2898 odorata
2137 2841 2318 2897 obiter
2380 2841 2638 2896 virtutem
2735 2856 2925 2896 eorum
2965 2840 3126 2912 quasi
3187 2841 3507 2911 prmteriens

245 2946 420 3000 oratio
460 2941 740 2996 videatur.
794 2939 938 2996 Sane
993 2955 1115 3011 qua:
1169 2939 1409 2994 diximus
1447 2937 1665 2993 abunde
1709 2945 1834 2992 sunt
1873 2936 1938 2990 ad
1985 2935 2327 3005 probandum
2389 2934 2514 2990 illos
2569 2933 2736 2990 unico
2779 2933 2880 2989 hoc
2909 2934 3126 3002 quidem
3201 2943 3257 2988 at
3317 2934 3509 2990 eodem

247 3037 710 3104 praestantissimo
758 3043 916 3103 partu
969 3032 1259 3088 defunctos
1307 3031 1467 3101 longe
1505 3029 1827 3100 apparuisse
1865 3028 2131 3084 clariores
2179 3026 2249 3082 iis
2279 3025 2414 3097 ipsis
2442 3026 2534 3097 qui
2555 3041 2782 3082 numero
2821 3025 3026 3082 sobolis
3048 3024 3199 3082 fuere
3273 3028 3508 3084 nobiles.

250 3130 520 3200 Deinceps
574 3129 631 3184 in
679 3128 789 3184 lilio
837 3127 1015 3198 qualis
1065 3142 1130 3182 ac
1181 3133 1425 3196 quantus
1513 3124 1618 3179 fuit
1695 3122 2128 3181 demonstrando
2187 3121 2616 3192 exornandoque
2696 3120 2926 3178 conatus
2970 3122 3239 3194 orationis
3270 3122 3500 3180 desudet

249 3236 470 3280 nostrae.
526 3221 586 3279 Si
643 3234 826 3277 tamen
866 3222 1083 3293 ingenio
1135 3229 1300 3290 atque
1353 3219 1627 3275 industria
1661 3220 1940 3276 sustinere
1969 3218 2274 3275 valebimus
2297 3232 2437 3289 opus
2459 3226 2696 3273 tantum.

314 3313 491 3380 υῦτος
559 3315 658 3386 μὲν
698 3311 792 3369 οὖν
811 3315 1151 3384 πρωτότοκος
1207 3313 1324 3384 ἅμα
1377 3313 1470 3367 καὶ
1516 3313 1824 3377 τελευταῖος

1997 3311 2177 3367 Prima
2204 3311 2370 3367 fuitis
2397 3295 2781 3382 postremaque
2814 3309 2973 3364 matri
2994 3311 3177 3380 proles
3212 3325 3345 3366 sum.
3375 3311 3510 3365 Nam

249 3409 494 3465 τίκτεται
558 3410 624 3478 τῇ
678 3407 866 3478 μητρί.
901 3407 1107 3461 Αὐτίκα
1153 3407 1262 3476 γὰρ
1310 3408 1366 3460 al
1413 3407 1541 3468 τοὺς
1583 3404 1834 3474 λογικοὺς

255 3505 454 3572 στάχυς
501 3498 765 3554 ἁνθοῦσαι
821 3498 1067 3566 λαγόνες,
1114 3497 1475 3567 ἐπιλιπούσης
1539 3496 1709 3560 αὐτὰς
1739 3497 1838 3567 τῆς

253 3592 565 3664 ἐνεργείας,
595 3588 840 3660 ἀγωνίαν
861 3589 1160 3656 ἡλάσσοντο
1185 3604 1198 3618 ·
1213 3588 1338 3657 ἐμοὶ
1361 3588 1508 3640 δοκεῖ
1531 3585 1838 3650 δεικνύντος

252 3686 341 3743 ττιῦ
368 3687 708 3756 κρείττονος,
735 3683 810 3745 ὡς
835 3682 1001 3753 ἄλλης
1037 3682 1180 3745 τινὸς
1211 3680 1491 3751 θειοτέρας
1518 3679 1552 3750 ἢ
1578 3679 1719 3733 κατὰ
1741 3681 1839 3749 τὴν

257 3779 460 3849 συνήθη
492 3778 594 3846 τῆς
613 3777 881 3844 γενέσεως
911 3773 1090 3828 αίτίαν
1137 3775 1221 3846 εἴη
1259 3772 1288 3823 ὁ
1311 3771 1593 3842 πεφυκὼς,
1634 3767 1723 3825 οἷα
1745 3771 1839 3824 ἐπὶ

252 3871 360 3923 τῶν
386 3869 572 3925 ἄλλων
597 3868 708 3921 τῶν
752 3867 896 3921 κατὰ
917 3867 1007 3920 τὸν
1068 3866 1182 3936 βίον
1209 3854 1444 3934 ’γίνεται
1497 3863 1835 3932 παραδόξων,

255 3962 289 4016 ἃ
337 3964 400 4014 ὲν
455 3963 702 4031 μακραῖς
741 3958 951 4029 καιρῶν
999 3957 1271 4027 περιόδοις
1327 3956 1584 4026 ἐπιδημεῖ
1629 3956 1730 4026 (9).
1774 3955 1838 4009 Ἠ

260 4056 354 4125 μὲν
389 4055 486 4108 οὖν
518 4053 714 4126 πρώτη
755 4053 866 4123 φυὴ
915 4050 1059 4106 οὕτω
1089 4051 1378 4122 θαυμαστὴ
1403 4053 1497 4103 καὶ
1523 4050 1632 4104 τῶν
1660 4050 1837 4104 ἄλλων

254 4151 311 4200 τὸ
335 4148 602 4216 διάφορον
630 4145 850 4214 ἔχουσα.
887 4141 952 4195 Τί
975 4143 1031 4195 δέ
1054 4159 1070 4208 ;
1100 4143 1257 4195 κοινὰ
1289 4142 1358 4194 τὰ
1385 4142 1531 4212 ἑξῆς,
1564 4137 1654 4195 οἷα
1681 4143 1738 4195 ὲν
1766 4142 1831 4213 τῇ

253 4240 360 4294 τῶν
392 4238 617 4310 βρεφῶν
643 4238 872 4290 εἰθισται
902 4236 1091 4306 ἀγωγῇ
1114 4252 1129 4302 ;
1150 4233 1447 4304 Οΰμενουν,
1470 4233 1833 4304 ἀλλὰθαῦμα,

254 4335 410 4403 φασὶ,
445 4331 690 4400 θαύματι
719 4330 931 4384 ἕπεται.
973 4328 1226 4398 Σαμουὴλ
1259 4329 1464 4380 ἐκεῖνον
1500 4325 1612 4397 (10)
1643 4325 1702 4390 ὃς
1735 4326 1837 4379 δῶ-

259 4441 350 4490 ρον
382 4422 555 4492 εύχῆς
582 4420 813 4490 ὑπῆρξε,
875 4418 970 4472 καὶ
1012 4418 1206 4479 ἄλλους
1232 4418 1294 4489 δή
1332 4435 1479 4481 τινας
1513 4419 1639 4488 ἄρτι
1665 4416 1836 4488 θηλῆς

255 4514 673 4586 πεπαυμένους,
699 4513 802 4566 ὑπὸ
826 4512 937 4566 τῶν
975 4511 1314 4583 γεννητόρων
1352 4512 1620 4582 ἀκούομεν
1650 4511 1838 4565 καθιε-

1931 3403 2024 3473 qui
2053 3402 2154 3459 ista
2187 3400 2446 3456 rationali
2470 3402 2623 3472 spica
2653 3398 2966 3455 efﬂoruerat
3009 3408 3220 3464 uterus,
3245 3399 3511 3453 exhausta

1932 3509 2058 3550 mox
2089 3493 2424 3551 fecunditate
2483 3499 2728 3547 mutatur
2782 3492 2837 3547 in
2907 3491 3176 3547 sterilem.
3245 3473 3377 3553 Deo,
3449 3497 3512 3543 ut

1935 3587 2067 3642 mihi
2104 3587 2342 3653 videtur,
2369 3586 2780 3641 demonstrante
2809 3583 3136 3639 diviniorem
3171 3582 3409 3651 aliquam
3442 3580 3511 3635 ad

1934 3678 2225 3750 originem,
2269 3693 2379 3733 non
2430 3687 2612 3732 autem
2648 3677 2716 3731 ad
2750 3683 3044 3732 consuetas
3073 3674 3337 3731 nascendi
3376 3689 3511 3729 cau-

1935 3785 2027 3827 sas
2055 3779 2232 3826 ortum
2283 3769 2450 3839 hujus
2478 3770 2635 3841 pueri
2689 3769 3056 3840 pertinuisse;
3101 3768 3284 3839 qualia
3342 3767 3511 3824 certis

1936 3862 2166 3919 orbibus
2197 3861 2484 3917 redeuntia
2513 3867 2851 3931 temporum,
2897 3859 3180 3929 inopinata
3234 3859 3289 3912 in
3343 3859 3512 3915 rebus

1935 3955 2192 4012 humanis
2245 3953 2509 4009 miracula
2558 3960 2795 4009 exstant.
2843 3952 3067 4008 Primus
3113 3951 3202 4006 hic
3230 3951 3395 4022 igitur
3427 3951 3512 4007 itt-

1934 4062 2158 4119 gressus
2181 4047 2236 4101 in
2265 4047 2433 4102 vitam
2463 4045 2539 4101 ita
2565 4046 2834 4101 mirabilis
2869 4054 3034 4116 atque
3091 4045 3227 4100 adeo
3287 4045 3515 4114 praecel-

1939 4141 2058 4198 lens
2083 4155 2248 4210 supra
2282 4149 2512 4196 cteteros
2540 4138 2661 4194 fuit.
2710 4137 2852 4205 Quid
2887 4138 3107 4194 autem?
3152 4138 3236 4191 An
3267 4137 3512 4208 vulgaria

1941 4249 2065 4304 quae
2091 4227 2290 4289 deinde
2335 4242 2545 4298 secuta,
2599 4240 2654 4288 et
2688 4248 2717 4288 a
2754 4240 2950 4287 caetera
2996 4231 3397 4288 consuetudine
3428 4230 3514 4284 in-

1941 4323 2146 4378 fantilis
2171 4322 2348 4379 artatis
2377 4321 2912 4377 nihilabhorrentia?
2940 4319 3194 4384 Minime;
3230 4321 3346 4385 sed,
3366 4320 3511 4387 quod

1943 4414 2461 4480 aiunt,miraculum
2490 4412 2758 4467 miraculo
2791 4425 2995 4466 eomes.
3025 4410 3333 4464 Samnelem
3359 4409 3513 4463 illum

1941 4508 2036 4577 qui
2068 4505 2356 4578 praemium
2386 4503 2655 4560 orationis
2704 4500 2809 4558 fuit
2863 4501 3109 4572 aliosque
3138 4501 3406 4570 quosdam
3439 4499 3514 4553 si-

1789 4663 2024 4720 ΝΟΤΛΕ.

328 4763 410 4834 (8)
444 4763 787 4834 Suggerebat
806 4763 1022 4817 animus
1054 4760 1358 4834 rescribere
1389 4760 1747 4834 ἀποδοκιμεῖν
1773 4767 1834 4812 ut

2009 4758 2183 4830 Πλὴν
2217 4761 2258 4830 ἢ
2280 4727 2568 4829 ,βλέποιμι
2597 4756 2752 4826 πρὸς
2784 4757 2974 4810 πόθον
2997 4752 3364 4808 δεδωκότων.
3404 4760 3408 4761 ⁷

261 4833 576 4904 opponatur
629 4834 707 4904 τῷ
754 4835 1062 4903 εὐδοκιμεῖν
1108 4833 1269 4901 paulo
1307 4833 1574 4904 superius
1633 4833 1835 4904 posito.

261 4899 407 4959 Sane
461 4899 811 4974 peregrinum
846 4905 914 4958 ab
941 4899 1070 4957 'hoc
1110 4899 1238 4956 loco
1266 4899 1590 4974 videturgrb
1633 4899 1842 4974 ἀποδη-

266 4980 389 5042 μεῖν
423 4971 533 5029 nisi
567 4971 627 5028 se
672 4975 800 5044 jure
838 4977 1172 5043 metaphora:
1210 4981 1451 5027 tueatur.
1487 4972 1643 5038 Quod
1680 4971 1838 5042 equi-

262 5045 383 5100 dem
423 5046 700 5101 reveritus
721 5061 940 5098 manum
977 5045 1240 5099 abstinui.

331 5136 411 5202 (9)
444 5134 786 5190 Censorinus
815 5135 910 5187 lib.
946 5132 1022 5188 De
1048 5133 1132 5188 die
1161 5133 1354 5196 natali,
1390 5147 1508 5202 cap.
1541 5132 1630 5198 17,
1670 5130 1838 5202 refert

259 5220 324 5258 ex
357 5205 718 5261 Etruscorum
765 5205 958 5260 libris:
1008 5222 1026 5256 ι
1066 5203 1223 5259 Initia
1272 5201 1599 5259 szeculorum
1637 5201 1841 5272 alioqui

264 5275 588 5331 hominibus
642 5277 978 5344 incomperta
1031 5274 1236 5340 futura,
1288 5275 1575 5328 divinitus
1609 5273 1841 5327 indicari

262 5351 447 5401 solere
476 5348 820 5417 apparitione
848 5346 1246 5417 prodigiorum.
1279 5364 1300 5399 ›
1338 5345 1416 5400 Eo
1449 5345 1726 5416 respicere
1759 5344 1831 5398 vi-

261 5417 425 5472 detur
451 5419 543 5472 hic
569 5421 745 5472 locus.

335 5510 453 5579 (£0)
475 5509 773 5581 Gregorius
794 5508 1108 5582 Theologus
1146 5507 1214 5564 de
1246 5508 1354 5564 vita
1390 5525 1528 5566 sua:

339 5600 1075 5672 .......τῷτὰρΘεῷ

335 5673 666 5742 Παρίσταμ’
695 5674 775 5738 ὠς
792 5675 985 5741 ἀμνός
1021 5691 1110 5739 τις
1142 5672 1178 5740 ἢ
1201 5673 1438 5742 μόσχος
1463 5674 1642 5741 φίλος

343 5743 751 5812 Θῖιμ⁹εὑγενές
791 5761 854 5798 τε
888 5746 988 5796 καί
1013 5747 1174 5812 λόγῳ
1201 5744 1549 5812 τιμώμενον.

355 5813 548 5869 ’οκνώ
578 5816 686 5884 γὰρ
722 5814 913 5869 εἰπεῖν
941 5815 1021 5880 ὡς
1054 5819 1337 5885 Σαμουὴλ
1365 5832 1448 5878 τις
1481 5813 1636 5881 νέος,

1944 4849 2076 4917 Qua:
2098 4851 2182 4906 sic
2211 4853 2374 4906 vertit
2399 4850 2706 4920 interpres:

2017 4984 2032 4997 .
2070 4982 2084 4997 .
2122 4983 2138 4998 .
2179 4984 2195 4998 .
2232 4982 2248 4998 .
2285 4981 2300 4998 .
2339 4985 2353 4998 .
2395 4942 2541 4996 Nam
2572 4941 2678 4996 Deo
2709 4942 2872 4995 sister
2899 4939 3038 4993 velut

2025 5013 2234 5067 Vitulus
2262 5013 2338 5068 vel
2367 5029 2554 5081 agnus.
2588 5015 2800 5066 victima
2825 5022 2871 5064 et
2901 5007 3186 5081 pernobilis

2015 5081 2240 5138 Ratione
2262 5079 2486 5153 pollens.
2527 5083 2648 5136 Non
2677 5083 2814 5136 enim
2846 5081 2954 5148 fari
2985 5079 3152 5153 audeo

2015 5150 2282 5208 Samuelis
2311 5159 2500 5217 instar,
2529 5165 2648 5207 rota
2675 5154 2728 5204 m'
2757 5162 2982 5220 spectem
3014 5160 3062 5203 et
3092 5150 3236 5214 pium

1955 5215 1966 5238 ’
2017 5222 2266 5279 Studium
2289 5215 2514 5294 superno
2537 5215 2886 5276 dantium'me
2915 5221 3141 5274 numini.

1946 5317 2110 5388 Atqui
2153 5316 2406 5388 region)
2451 5313 2758 5385 τιμώμενον
2793 5329 2900 5388 non
2929 5320 3034 5388 est,
3066 5311 3274 5388 ratio"!
3294 5309 3516 5388 pollens,

1945 5381 2175 5443 scd'Deo
2202 5381 2790 5440 'Vcrlio'consecratum.
2838 5383 2893 5436 ιιι
2932 5383 3078 5438 enim
3138 5391 3191 5436 et
3221 5381 3518 5450 Gregorius

1949 5459 2114 5514 isthic
2142 5457 2210 5511 de
2237 5473 2296 5512 se
2323 5469 2379 5510 et
2413 5457 2482 5510 de
2503 5454 2730 5507 Nicolao
2761 5463 2948 5510 noster
2983 5457 3084 5508 hoc
3120 5453 3246 5514 loco,
3273 5453 3546 5512 indicaret

1951 5530 2284 5583 voluerunt:
2321 5527 2486 5582 fuisse
2532 5534 2823 5595 utrumque
2870 5535 3104 5589 mature,
3131 5524 3288 5595 illum
3349 5536 3378 5595 a
3429 5533 3517 5595 pa-

1952 5598 2224 5661 rentibus,
2260 5597 2407 5651 hunc
2463 5610 2491 5649 a
2533 5590 2812 5665 seipso'atl
2869 5595 3089 5650 modum
3123 5594 3394 5665 Samuelis
3423 5590 3517 5665 ob-

1949 5670 2088 5724 latos
2131 5668 2372 5722 Christo.
2429 5666 2564 5720 Nam
2597 5661 2801 5736 alioqui
2827 5665 3102 5735 quomodo
3128 5680 3186 5720 sc
3219 5661 3518 5736 Gregorius

1947 5742 2158 5794 ratione
2195 5740 2482 5809 pollentem
2510 5735 2852 5809 diceret’jam
2876 5744 2989 5789 tum
3013 5735 3402 5809 comprimunt
3433 5737 3517 5786 est

1945 5821 2126 5878 natus,
2159 5804 2286 5867 nam
2317 5829 2391 5866 eo
2413 5820 2660 5877 tempore
2694 5804 2753 5865 se
2785 5808 3028 5864 oblatum
3060 5804 3212 5861 dicit.
