3952 6210
435 302 545 369 215

1659 298 1936 361 LEONIS
1976 296 2441 360 PHILOSOPHI

3575 288 3695 358 216

437 416 582 469 enim
617 412 829 469 lnlinita
863 411 992 466 huic
1028 421 1218 468 nostro
1250 412 1445 468 decora
1483 412 1677 477 insint,
1708 412 2014 483 propriam-

2122 411 2320 475 καλῶν,
2356 412 2449 464 καὶ
2476 409 2683 464 τούτων
2705 408 2936 464 ἑκάστου
2970 407 3107 463 ἰδίαν
3122 406 3485 470 ἀπαιτοῦντος
3512 406 3697 476 λόγων

438 520 546 575 que
572 505 676 561 sibi
723 504 1151 575 unumquodque
1178 504 1544 559 laudationem
1588 504 1843 574 postulet,
1876 519 2013 572 quo-

442 598 604 651 modo
618 614 740 667 quae
760 597 868 652 dici
901 596 1404 668 nequeantsingula
1433 611 1538 650 una
1583 598 1834 652 oratione
1861 612 2014 651 com-

444 691 743 758 prehendat
775 692 1043 761 quispiam
1070 692 1093 743 ?
1118 698 1213 743 aut
1268 689 1545 760 quomodo
1571 690 1637 745 de
1675 690 2014 761 argumentis

444 779 522 833 ita
572 781 808 851 magnis,
869 798 981 836 non
1018 779 1237 849 quidem
1295 793 1419 833 cum
1466 778 1711 849 ipsOrum
1752 779 2016 849 dignitate

442 872 897 939 comparandum,
939 871 1033 926 sed
1064 871 1147 925 vel
1184 869 1465 924 tolerabile
1508 884 1573 925 ac
1602 870 1881 924 mediocre
1913 870 2017 924 ali-

444 962 577 1030 quid
615 963 786 1032 possit
811 962 1042 1017 aﬂerre?
1086 962 1289 1016 Tamen
1314 977 1378 1017 ex
1408 960 1528 1029 ejus
1560 963 1825 1032 przeclare
1857 960 2015 1017 factis

444 1054 733 1107 delibauda
766 1064 896 1109 sunt
922 1070 1115 1125 pauca.
1147 1055 1227 1109 Ad
1261 1055 1636 1125 persequenda
1662 1058 1806 1110 enim
1831 1056 2016 1109 omnia

446 1162 625 1215 neque
662 1147 706 1202 si
735 1147 861 1216 quis
903 1146 1218 1218 prolixitate
1247 1149 1373 1202 vita:
1407 1147 1558 1217 paria
1592 1148 1757 1202 faciat
1783 1162 1908 1202 cum
1948 1163 2016 1203 eo

442 1238 536 1307 qui
566 1239 879 1295 diutissime
930 1241 1176 1295 omnium
1239 1242 1513 1296 mansisse
1555 1241 1608 1294 in
1644 1241 1754 1295 vita
1792 1241 2013 1304 dicitur,

446 1329 805 1386 suffecturam
852 1332 1143 1387 habiturus
1186 1332 1425 1403 linguam
1475 1340 1643 1388 esset.
1679 1331 1815 1399 Quis
1844 1333 1919 1387 ita
1956 1348 2016 1389 se

446 1422 733 1479 functione
782 1424 1078 1479 sacerdotii
1124 1433 1179 1478 et
1239 1438 1437 1494 magno
1481 1422 1752 1480 sacriﬁcio
1791 1424 2016 1495 dignum

445 1518 730 1573 exhibuit?
754 1526 849 1572 aut
880 1518 1063 1587 potius
1091 1517 1217 1587 quis
1244 1525 1306 1571 ut
1355 1517 1445 1572 ille
1475 1518 1531 1571 in
1564 1516 1786 1572 odorem
1830 1518 2016 1573 suavi-

447 1610 575 1662 tatis
600 1608 977 1664 holocaustum
1011 1609 1229 1663 oblatus
1272 1616 1357 1664 est
1399 1609 1551 1663 Deo?
1581 1608 1716 1673 Quis
1742 1610 1815 1662 ita
1842 1609 2018 1663 subli-

448 1700 553 1755 mis
589 1701 641 1754 in
677 1701 865 1756 habitu
907 1702 1227 1757 submisso?
1264 1700 1401 1767 Quis
1448 1716 1668 1756 rursum
1698 1701 1754 1755 in
1781 1701 2017 1757 submis-

446 1792 604 1847 sione
632 1795 806 1863 magis
853 1793 1209 1850 inaccessus?
1249 1794 1385 1847 Illud
1430 1794 1650 1863 quidem
1688 1792 1759 1848 ob
1808 1801 2016 1848 naturze
2046 1773 2089 1829 Β

448 1900 771 1955 morumque
816 1888 1226 1959 benignitatem,
1292 1888 1395 1941 hoc
1425 1896 1648 1957 propter
1683 1886 2020 1941 inimitabili-

448 1986 613 2031 tatem
671 1980 963 2033 virtutum.
1005 1979 1139 2045 Quis
1185 1980 1263 2034 sic
1299 1979 1365 2032 ad
1412 1994 1599 2033 verum
1648 1979 1925 2047 expressit
1962 1978 2017 2032 in

448 2070 630 2140 seipse
664 2082 940 2141 pastorem
966 2088 1175 2136 verum,
1225 2080 1278 2127 et
1307 2089 1373 2127 ne
1399 2070 1700 2142 periculum
1726 2086 1858 2127 oves
1899 2081 2019 2126 tan-

448 2171 582 2231 gat,
632 2172 893 2231 tanquam
943 2165 1010 2219 ad
1054 2164 1359 2234 jucundum
1405 2163 1614 2234 aliquid
1666 2162 1733 2217 ad
1784 2172 2015 2218 mortem

449 2255 722 2309 accessit?
765 2255 899 2322 Quis
937 2258 1110 2327 magis
1140 2272 1358 2327 gravem
1406 2257 1613 2326 injuste
1648 2258 2016 2326 grassantium

448 2348 707 2401 contrivit
760 2351 1024 2404 manum?
1069 2349 1204 2416 Quis
1264 2349 1317 2404 in
1354 2358 1600 2420 tempore
1654 2350 2017 2421 opportunius

447 2443 685 2513 protexit
722 2447 1185 2514 oppressos?Aut
1230 2447 1414 2516 potius
1459 2447 1586 2516 quis
1612 2462 1758 2502 unus
1799 2448 2019 2517 utrique

446 2536 630 2602 generi
661 2537 940 2591 consuluit
986 2538 1219 2594 melius?
1245 2538 1419 2593 Priori
1456 2539 1679 2609 quidem
1707 2555 1774 2596 eo
1805 2542 2016 2596 studio-

447 2625 588 2689 sius,
624 2641 735 2695 quo
764 2627 895 2681 illttd
942 2629 1187 2684 atrocius
1215 2631 1515 2699 periculum
1543 2634 1684 2687 malo
1734 2648 1907 2702 usque
1951 2634 2017 2687 ad

348 2766 351 2769 .
449 2717 687 2771 animam
720 2720 1053 2788 pertinente.
1090 2720 1198 2776 Sed
1221 2721 1331 2789 jam
1364 2723 1418 2776 in
1453 2738 1633 2777 arcem
1671 2724 2013 2779 iuvadamus.

449 2808 586 2875 Quis
620 2820 775 2865 tanto
802 2812 986 2867 animo
1013 2812 1261 2867 militiam
1306 2813 1709 2884 prmdicationis
1737 2814 1887 2868 verbi
1928 2822 2015 2868 to-

334 2968 345 2978 .
451 2904 683 2960 Ieravit?
730 2904 871 2961 Hinc
897 2907 1294 2962 daemoniorum
1332 2909 1479 2963 acies
1523 2907 1754 2963 fundens
1789 2907 2017 2977 fugans-

446 3011 580 3066 que,
613 2997 919 3067 horumque
952 2997 1078 3053 fana
1123 3013 1456 3069 expurgatis,
1508 2998 1850 3067 miserosque
1877 3013 2016 3069 quos

450 3090 781 3160 deceperant
815 3097 874 3144 ut
905 3090 1078 3159 spolia
1110 3090 1292 3159 opima
1322 3088 1431 3145 Deo
1478 3090 1700 3146 sistens.
1730 3090 1861 3146 lnde
1887 3105 2015 3146 vero
2044 3118 2085 3173 ο

445 3192 673 3238 strenue
700 3197 813 3236 rem
848 3198 1049 3252 gerens
1098 3181 1365 3240 adversus
1420 3182 1603 3239 hostes
1644 3183 1848 3237 furiosa
1882 3198 2018 3237 con-

447 3273 686 3327 tumacia
731 3273 824 3329 ubi
867 3274 1050 3328 minus
1092 3273 1318 3329 decebat
1367 3284 1631 3340 armatos,
1665 3275 1758 3345 qui
1789 3282 2018 3329 exacuta

449 3364 516 3419 ad
547 3366 943 3436 blasphemiam
996 3366 1179 3437 lingua
1221 3383 1383 3422 unam
1424 3377 1677 3422 naturam
1727 3368 1779 3422 in
1806 3378 2022 3423 creatu-

449 3471 566 3512 ram
597 3465 652 3513 et
680 3458 995 3514 Creatorem
1024 3457 1271 3514 dividere
1303 3459 1670 3513 conabantur.
1702 3458 1854 3513 Pauli
1901 3460 2023 3528 qui-

448 3548 571 3604 dem
630 3550 855 3606 definiat
912 3566 1135 3607 cursum
1196 3549 1595 3622 Hierosolymis
1650 3551 1716 3605 ad
1747 3551 2018 3623 Illyricum

448 3642 727 3709 pertinens
758 3643 1143 3712 peregrinatio.
1182 3642 1329 3698 Huic
1365 3658 1497 3698 vero
1524 3651 1716 3699 nostro
1739 3659 1848 3699 non
1893 3644 2019 3715 qui-

448 3733 571 3788 dem
604 3735 673 3788 ab
705 3735 1097 3806 Hierosolymis
1132 3736 1450 3805 praedicatio
1502 3737 1815 3806 processit,
1844 3751 2023 3807 neque

451 3821 505 3877 in
537 3822 681 3877 illam
708 3825 868 3878 aliam
900 3834 1059 3880 terra:
1093 3835 1303 3896 partem
1349 3828 1645 3897 prepagata
1673 3834 1781 3883 est.
1818 3827 2017 3884 Videa-

450 3927 573 3967 mus
622 3923 802 3969 tamen
846 3930 917 3969 an
959 3917 1081 3970 ideo
1132 3918 1316 3971 minus
1355 3916 1653 3987 Evangelio
1704 3920 2019 3976 contulerit.

450 4003 544 4058 Ille
589 4019 713 4059 sero
765 4007 980 4061 tandem
1025 4008 1142 4062 zelo
1193 4022 1460 4064 converso
1518 4020 1764 4066 maturos
1810 4012 2023 4068 fructus

452 4096 823 4166 praedicationi
859 4099 1039 4163 dedit;
1097 4100 1186 4155 hic
1229 4115 1359 4155 vero
1406 4116 1547 4171 pene
1571 4118 1638 4159 ex
1683 4104 1804 4174 ipso
1838 4106 2024 4162 limine

450 4188 595 4248 vitat.
638 4190 854 4244 tametsi
881 4189 931 4243 id
955 4191 1148 4247 deinde
1196 4191 1540 4249 manifestius
1575 4197 1849 4265 apparuit.
1880 4196 2025 4253 Rur-

453 4294 549 4335 sus
582 4280 672 4336 ille
714 4298 821 4336 non
865 4282 957 4337 ditt
1006 4293 1247 4340 moratus
1302 4285 1534 4340 absolvit
1568 4303 1831 4357 cursum;
1860 4291 2024 4362 hujus

452 4387 582 4429 vero
616 4390 789 4444 usque
822 4377 887 4431 ad
920 4378 1043 4432 vitae
1074 4377 1406 4450 longissimae
1434 4388 1607 4437 metas
1643 4381 1866 4439 ultimas
1899 4398 2026 4439 cur-

2114 504 2392 567 ύπόθεσιν,
2428 503 2543 567 πῶς
2567 504 2632 558 ἄν
2675 520 2761 566 τις
2787 503 2867 565 είς
2898 502 2958 555 ἒν
2994 500 3275 573 συναγάγῃ
3294 500 3363 553 τὰ
3396 500 3479 569 μὴ¹
3514 499 3695 570 ρητάς

2114 596 2296 666 ἢπῶς
2335 599 2464 668 περ).
2499 596 2610 649 τῶν
2662 595 2806 650 οὓτω
2840 592 3112 665 μεγάλων,
3169 593 3267 663 οὐχ
3313 594 3463 655 ὅπως
3524 592 3699 656 ἀξίως

2114 690 2408 753 διαλαϐεῖν,
2438 689 2577 743 ἀλλά
2594 690 2684 743 καὶ
2715 688 2949 759 μετρίως
2974 687 3148 741 εἰπεῖν
3168 703 3222 738 τι
3264 682 3418 755 σχοίη
3449 703 3465 751 ;
3500 686 3697 756 Ὅμως

2116 781 2270 850 ὀλίγα
2298 781 2407 834 τῶν
2432 781 2625 851 ἐκείνῳ
2662 778 3093 849 κατορθωμένων
3112 775 3500 842 ἀπολαὸοὖσιν,
3533 777 3695 847 είρὴ-

2118 873 2249 926 σθω’
2279 872 2415 944 πρὸς
2437 871 2547 942 γάρ
2576 873 2753 926 πάντα
2773 870 2882 923 οὐδ’
2932 870 2985 923 εί
3030 886 3113 933 τις
3151 867 3272 921 κατ’
3312 869 3519 920 ἐκεῖνον
3552 865 3695 937 βιῴη

2115 966 2173 1029 δς
2200 965 2416 1019 πάντων
2442 962 2746 1034 ἀνθρώπιον
2790 962 3151 1033 ἐπιμήκιστον
3198 959 3276 1031 τῷ
3331 959 3431 1029 βίῳ
3469 957 3694 1026 λέγεται

2117 1060 2477 1127 παραμεῖναι,
2504 1055 2885 1126 διικνουμένην
2921 1054 3035 1120 ’ἐξει
3056 1053 3154 1123 τὴν
3188 1050 3567 1121 γλῶτταν.Τίς
3600 1048 3700 1103 οὒ-

2115 1167 2194 1204 τω
2222 1151 2564 1222 παρέστησεν
2596 1149 2787 1203 ἑαυτὸν
2811 1148 3123 1219 ἱερουργίας
3146 1144 3294 1210 ἄξιον
3318 1143 3414 1197 τοῦ
3453 1142 3696 1213 μεγάλου

2118 1241 2399 1312 Θύματοςς
2463 1239 2664 1310 μᾶλλον
2702 1238 2759 1292 δέ
2816 1238 2898 1301 τίς
2947 1236 3067 1290 κατ’
3122 1238 3327 1289 ἐκεῖνον
3384 1237 3465 1299 είς
3516 1234 3696 1304 ὀσμὴν

2117 1332 2345 1397 εὐωδίας
2386 1331 2757 1402 ὁλοκάρπωμα
2804 1328 3150 1401 προσηνέχθη
3186 1328 3370 1399 ’,Θεῷς
3418 1326 3518 1391 Τίς
3551 1326 3695 1379 οὕτω

2118 1425 2319 1496 ὑψηλὸς
2348 1426 2407 1477 ἐν
2433 1426 2671 1496 σχήματι
2697 1422 2923 1494 μετρίῳ,
2955 1427 3011 1477 ἐν
3044 1421 3100 1474 δὲ
3133 1420 3210 1490 τῷ
3248 1420 3455 1490 μετρίῳ
3516 1419 3693 1488 ἀπρό-

2120 1535 2301 1584 σιτος,
2333 1520 2393 1570 τὸ
2451 1517 2552 1588 μὲν
2587 1514 2757 1571 διὰτὸ
2789 1516 2889 1587 τῆς
2938 1513 3164 1585 γνώμης
3213 1512 3476 1576 ἐπιεικὲς,
3525 1513 3592 1565 τὺ
3640 1512 3696 1564 δέ

2116 1610 2206 1665 διὰ
2227 1610 2288 1663 τδ
2315 1609 2421 1663 τῶν
2448 1609 2891 1680 κατορθωμάτων
2916 1607 3227 1677 ἀμίμητον;
3260 1606 3355 1667 Τίς
3384 1604 3527 1658 οὕτω
3560 1604 3700 1673 πρὸς

2119 1701 2409 1773 ἀκρίϐειαν
2435 1700 2800 1765 είκονίζειτδν
2838 1699 3011 1771 ἀληθῆ
3035 1699 3267 1769 ποιμένα
3283 1698 3340 1749 ἐν
3372 1696 3573 1767 ἐαυτῷ,
3606 1697 3701 1749 καὶ

2118 1796 2205 1849 ἵνα
2232 1794 2341 1849 τῶν
2363 1794 2654 1866 προϐάτων
2689 1793 2763 1864 μὴ
2794 1792 2918 1863 θίγῃ
2941 1792 3206 1855 κίνδυνος,
3257 1790 3417 1851 αὐτὸς
3439 1790 3699 1861 καθάπερ

2119 1888 2199 1952 εἷς
2228 1886 2403 1941 τιτῶν
2422 1885 2618 1957 ἡδονὴν
2650 1886 2924 1957 φερόντων
2947 1886 3118 1955 χωρεῖ
3147 1882 3285 1954 πρὸς
3311 1881 3551 1935 θάνατον.
3591 1882 3696 1944 Τίς

2122 1980 2321 2051 μᾶλλον
2375 1978 2471 2048 τὴν
2525 1978 2749 2048 βαρεῖαν
2790 1975 2899 2029 τῶν
2956 1973 3288 2028 ἀδικούντων
3319 1972 3544 2041 ἔθραυσε
3566 1974 3691 2040 χεῖ-

2120 2090 2188 2145 ρα
2225 2072 2335 2141 (17)
2366 2088 2381 2136 ;
2408 2069 2504 2133 Τίς
2529 2069 2573 2121 δ’
2601 2071 2659 2123 ἐν
2677 2067 2852 2139 καιρῷ
2876 2068 2987 2131 τοῖς
3010 2066 3385 2136 ἀδικουμένοις
3406 2066 3646 2134 ἐπήμυνε
3669 2082 3687 2131 ;

2121 2164 2322 2236 μᾶλλον
2342 2163 2389 2216 δ’
2427 2162 2675 2233 ἐκατέρῳ
2708 2162 2862 2232 μέρει
2903 2160 3039 2231 (18).
3086 2160 3198 2213 Καὶ
3249 2157 3488 2229 τοσούτῳ
3530 2158 3696 2210 πλέον

2120 2258 2351 2326 θατέρῳ,
2383 2256 2492 2327 ὅσῳ
2536 2256 2631 2309 καὶ
2676 2254 3060 2325 χαλεπώτερος
3112 2252 3340 2315 ἐκείνοις
3376 2254 3403 2305 ὁ
3452 2251 3700 2314 κίνδυνος

2118 2351 2198 2412 είς
2248 2347 2423 2419 ψυχὴν
2465 2347 2562 2401 τοῦ
2620 2346 2790 2401 κακοῦ
2839 2346 3228 2407 διαϐαίνοντος.
3272 2343 3412 2398 Ἀλλ’
3454 2342 3702 2411 ἀνίωμεν

2118 2443 2219 2513 ἤδη
2261 2444 2397 2514 πρὸς
2423 2441 2520 2513 τὴν
2553 2439 2885 2512 ἀκρώρειαν.
2913 2440 3071 2501 Heio;
3115 2437 3289 2501 οὕτως
3320 2435 3397 2507 τῷ
3417 2436 3567 2505 λόγῳ
3600 2436 3701 2488 τοῦ

2116 2536 2469 2606 κηρύγματος
2496 2534 2900 2605 συνεμάχησεν;
2922 2530 3171 2585 ἐντεῦθεν
3201 2530 3491 2600 δαιμονίων
3511 2546 3701 2599 παρα-

2116 2630 2298 2693 τάξεις
2333 2627 2593 2692 ἐλαύνων,
2628 2626 2724 2679 κα).
2754 2625 3035 2698 καθαιρῶν
3064 2624 3272 2677 τούτων
3321 2623 3547 2692 τεμένη,
3604 2624 3704 2675 καὶ

2117 2722 2406 2789 προσάγων
2427 2721 2502 2784 ώς
2534 2720 2750 2789 λάφυρα
2773 2718 2892 2789 Θεῷ
2914 2718 3041 2782 τοὺς
3088 2718 3183 2771 ὑπ’
3234 2716 3415 2770 αὐτῶν
3477 2716 3703 2769 πλανω-

2120 2815 2312 2883 μένους
2342 2813 2453 2877 (19)
2480 2828 2495 2842 ο
2529 2811 2736 2865 ἐκεῖθεν
2763 2809 3063 2881 ἀριστεύων
3093 2809 3235 2864 κατὰ
3276 2809 3386 2863 τῶν
3423 2810 3700 2879 μεμηνότι

2117 2903 2361 2975 λογισμῷ
2402 2896 2462 2957 οὗ
2509 2903 2712 2973 ἥκιστα.
2758 2902 2925 2973 ἐχρῆν
2971 2902 3085 2974 (20)
3122 2902 3529 2973 ὁπλιζομένων,
3598 2904 3702 2957 καὶ

2118 2995 2334 3069 γλώσσῃ
2369 2996 2503 3066 πρὸς
2529 2995 2876 3066 βλασφημίαν
2898 2996 3068 3065 ἡκονη
3079 2995 3216 3068 μένῃ
3249 2997 3329 3060 εἰς
3357 2995 3563 3065 κτίσμα
3602 2994 3703 3048 καὶ

2117 3088 2455 3159 Δημιουργὸν
2480 3087 2709 3156 διαιρεῖν
2738 3085 3156 3157 ἐπιχειρούντων
3185 3086 3286 3157 τὴν
3336 3085 3465 3157 μίαν
3507 3084 3697 3155 φύσιν.

2118 3180 2332 3233 Παύλου
2373 3181 2472 3249 μὲν
2496 3178 2723 3248 ὁριζέτω
2749 3177 2841 3231 τὸν
2891 3177 3091 3250 δρόμον
3144 3179 3176 3249 ἡ
3223 3178 3284 3243 ἐξ
3340 3176 3704 3250 Ἰερουσαλὴμ

2123 3272 2282 3343 μέχρι
2306 3271 2603 3342 Ἰλλυρικοῦ
2631 3270 2825 3341 πορεία
2861 3286 2877 3301 ·
2924 3270 3101 3342 τούτῳ
3142 3269 3186 3322 δ’
3228 3269 3288 3335 ἐξ
3340 3269 3705 3341 Ἰερουσαλὴμ

2119 3366 2217 3419 ούκ
2244 3359 2445 3436 ἦρκται
2465 3364 2526 3416 τὸ
2550 3364 2834 3434 κήρυγμα,
2864 3362 2973 3415 οὐδ’
3003 3364 3081 3426 είς
3111 3364 3286 3416 ἐκεῖνο
3307 3365 3410 3434 γῆς
3441 3361 3596 3431 διέϐη
3638 3361 3703 3415 τὸ

2124 3460 2307 3529 μέρος.
2342 3455 2642 3526 Σκοπῶμεν
2666 3456 2725 3509 δὲ
2755 3458 2804 3509 εί
2842 3455 2930 3509 διὰ
2955 3455 3114 3509 τοῦτο
3142 3455 3361 3509 ἔλαττον
3392 3456 3469 3525 τῷ
3492 3455 3703 3531 αΕύαγ-

2119 3547 2286 3618 γελίῳ
2330 3546 2788 3618 συνεισενήνοχεν.
2837 3547 2897 3600 Ὀ
2952 3548 3050 3617 μὲν
3074 3543 3167 3601 οὖν
3205 3546 3306 3617 ὀψὲ
3349 3546 3443 3600 τοῦ
3496 3546 3701 3617 καιροῦ

2120 3640 2211 3693 τὸν
2263 3638 2427 3710 ζῆλον
2487 3638 2804 3709 μεταϐαλὼν
2859 3639 2986 3702 τοὺς
3033 3638 3269 3709 ὡραίους
3317 3638 3565 3709 καρποὺς
3617 3638 3707 3709 τῷ

2124 3734 2440 3807 κηρύγματι
2492 3731 2758 3797 δέδωκεν,
2809 3732 2838 3785 ὁ
2888 3732 2945 3784 δὲ
3013 3731 3211 3802 μικροῦ
3277 3731 3337 3798 ἐξ
3380 3731 3550 3801 αὐτῆς
3603 3730 3705 3784 τοῦ

2125 3827 2243 3897 βίου
2268 3825 2589 3897 ἀφετηρίας,
2650 3826 2700 3879 εί
2759 3824 2856 3879 καὶ
2898 3824 3125 3895 ὕστερον
3173 3824 3416 3894 ἐγεγόνει
3450 3822 3709 3894 ἐπιδηλό-

2120 3935 2297 3989 τερος.
2334 3917 2445 3972 Καὶ
2487 3919 2516 3970 ὁ
2552 3916 2650 3989 μὲν
2678 3918 2738 3970 οὐ
2783 3916 2918 3971 πολὺ
2988 3916 3266 3986 βραδύνων
3294 3913 3550 3969 καταλύει
3578 3915 3709 3967 στὸν

2122 4013 2341 4083 δρόμον,
2388 4011 2467 4082 τῷ
2484 4012 2540 4064 δὲ
2575 4011 2735 4082 μέχρι
2763 4011 2858 4063 καὶ
2893 4008 3249 4080 μακροτάτων
3271 4008 3415 4077 ζωῆς
3442 4006 3703 4077 περάτων

2123 4103 2447 4158 ἐκτείνεται.
2481 4102 2647 4155 Ὥστε
2674 4102 2741 4155 τὰ
2780 4100 3016 4154 ἐνταῦθα.
3044 4100 3381 4172 ἑκατέρωθεν
3408 4101 3577 4171 ἄκρα,
3607 4099 3702 4152 οὑ-

2122 4194 2211 4247 δὲν
2269 4194 2433 4247 πλέον
2487 4193 2631 4263 ἔχειν
2679 4193 2870 4265 ἐκείνῳ
2909 4195 3232 4265 παραχωρεῖ
3297 4192 3394 4261 τὴν
3446 4192 3703 4261 πορείαν.

2123 4285 2332 4340 Ούκοῦν
2362 4285 2501 4340 ἔστω
2528 4287 2641 4348 ίσος
2670 4288 2696 4340 ὁ
2728 4286 2901 4354 ἀγὼν,
2937 4286 3060 4339 ἐπεὶ
3089 4287 3182 4339 καὶ
3226 4284 3583 4357 παραπλησία
3612 4286 3703 4337 ἐπ’

2108 4340 2449 4449 »ἀμφοτέρων
2478 4378 2511 4450 ἠ
2543 4340 2756 4449 γνώμη.
2778 4340 2953 4432 ’Ἀλλά
2980 4378 3087 4447 γὰρ
3114 4378 3197 4439 τίς
3219 4340 3361 4432 οὕτω
3389 4340 3703 4449 προύνοήθη

452 4482 547 4522 sus
577 4468 905 4523 extenditur.
939 4468 1129 4541 Itaque
1160 4472 1277 4527 hmo
1306 4481 1492 4529 nostra
1528 4475 1784 4547 utrinque
1810 4493 2019 4533 summa

2125 4472 2233 4526 τῶν
2262 4471 2354 4525 ὑπ’
2384 4472 2569 4537 αὑτὸν,
2620 4472 2697 4534 ώς
2740 4466 2895 4536 οὗτος
2953 4473 3208 4526 ἁπάντων
3250 4472 3397 4535 ὅσοις
3442 4470 3704 4541 προνοίας

449 4576 561 4617 non
612 4563 800 4617 sinunt
844 4563 994 4618 illum
1048 4565 1501 4636 peregrinationis
1545 4570 1764 4625 nomine
1812 4571 2022 4641 primas

449 4649 613 4707 ferre.
643 4652 748 4707 Par
772 4653 934 4724 igitur
968 4662 1240 4709 certamen
1269 4667 1387 4710 esto
1410 4657 1626 4726 quando
1651 4665 1706 4713 et
1733 4660 2020 4731 utriusque

449 4743 628 4800 simile
656 4745 923 4800 studium.
966 4744 1161 4801 Verum
1205 4747 1329 4816 quis
1358 4763 1594 4819 unquam
1623 4749 1697 4803 ita
1746 4752 2024 4807 consuluit

450 4836 551 4892 sibi
577 4832 863 4909 subjectis,
913 4850 970 4895 ut
1022 4842 1112 4897 ille
1139 4843 1382 4897 omnium
1410 4844 1505 4914 qui
1538 4858 1668 4898 cura
1704 4844 2022 4917 indigebant

2123 4565 2347 4635 ἐδέησε;
2386 4564 2481 4626 Τίς
2532 4563 2653 4616 κατ’
2714 4565 2920 4616 ἐκεῖνον
2969 4563 3045 4634 τῷ
3094 4563 3353 4634 ἀπλάστῳ
3384 4564 3615 4633 ἐκέρασε
3637 4564 3705 4615 τὸ

2122 4660 2488 4731 ἀγχίστροφον
2530 4660 2663 4733 (21),
2698 4658 2773 4723 ὡς
2815 4660 2953 4731 μήτε
3004 4662 3121 4723 τοῖς
3165 4657 3551 4728 ἁπλουστέροις
3581 4657 3706 4719 δέος

2123 4754 2372 4823 ἐμποιεῖν
2420 4753 2497 4826 τὸ.
2529 4752 2812 4824 ἐμϐριθὲς,
2865 4753 3001 4822 μήτε
3035 4754 3146 4814 τοῖς
3174 4750 3493 4820 δεινοτέροις
3527 4765 3704 4801 κατα-

2124 4846 2434 4917 φρονήσεως
2469 4844 2724 4899 ύπόθεσιν
2753 4841 2891 4897 εἶναι
2917 4843 2977 4896 τὸ
3009 4842 3214 4897 ἁπλοῦν
3238 4860 3253 4909 ;
3281 4841 3377 4907 Τίς
3398 4841 3542 4895 οὕτω
3574 4839 3705 4910 φιλ-

1945 4958 2179 5015 NOTAE.

526 5048 633 5119 (17)
677 5049 863 5127 Simile
909 5053 1166 5127 quiddam
1200 5052 1464 5127 estquod
1499 5053 1706 5111 Gallice
1757 5055 2015 5127 dicimus,

448 5119 649 5194 donrner
679 5138 772 5194 sur
813 5122 884 5176 les
913 5124 1083 5194 doigls
1107 5126 1139 5177 ἡ
1174 5119 1477 5194 quelqit’un.

519 5192 630 5261 (l8)
675 5193 885 5248 Sensus
915 5192 1286 5250 est'sanctum
1308 5192 1602 5251 Nicolaum
1638 5195 1895 5264 injuriam
1935 5199 2018 5254 fa-

447 5259 719 5320 cientibus
764 5274 817 5315 et
844 5266 1174 5331 patientibus
1200 5268 1572 5327 consuluisse,
1602 5259 1907 5324 studiosuts
1937 5280 2018 5325 ta-

448 5344 596 5411 me_n_
621 5334 897 5411 prioribus
929 5351 1180 5411 quorum
1212 5337 1585 5411 miserabilior
1620 5354 1763 5411 sors,
1818 5342 2019 5411 quippe

447 5402 539 5478 qui
566 5401 694 5457 dum
723 5401 957 5478 aliorum
981 5404 1215 5478 fortunis
1240 5420 1333 5463 aut
1354 5410 1681 5478 corporibus
1710 5401 2017 5465 iucnimhb-

448 5469 605 5595 ﬁant,
652 5490 782 5531 suas
816 5477 923 5545 ipsi
952 5475 1163 5532 animas
1192 5469 1488 5534 letlialibus
1516 5481 1689 5550 plagis
1736 5490 2015 5540 transver-

487 5554 660 5595 erant.

487 5554 660 5599 erant.

520 5613 633 5682 (I9)
690 5614 845 5671 Haud
898 5614 1061 5671 dubie
1108 5616 1343 5674 Ariauos
1396 5621 1693 5677 αἰνίττεται
1748 5623 2013 5679 adversus

449 5699 591 5757 quos
618 5684 956 5757 etiNicolaus
983 5686 1326 5757 ἠρίστευσεν,
1370 5699 1559 5757 utpote
1601 5710 1743 5752 unus
1800 5711 1863 5750 ex
1901 5705 2010 5750 trc-

450 5755 627 5812 ccntis
664 5756 852 5812 decem
886 5764 941 5813 et.
971 5755 1097 5812 octo
1115 5756 1352 5813 Nicmnis
1384 5755 1659 5817 Patribus.

2196 5054 2308 5125 (ΞΟ)
2338 5054 2700 5115 Alexandriae,
2725 5068 2847 5123 qua:
2888 5052 3130 5125 Ecclesia
3161 5067 3285 5125 cum
3317 5059 3371 5125 et
3403 5050 3707 5125 sanctitate

2125 5122 2337 5181 morum
2368 5134 2423 5181 et
2451 5124 2715 5179 doctrina:
2746 5122 2892 5179 Same
2916 5124 3075 5192 capia
3109 5125 3162 5178 in
3195 5123 3384 5193 primis
3407 5122 3558 5193 orbis
3585 5132 3703 5177 ter-

2124 5213 2307 5251 rarum
2365 5211 2395 5249 a
2445 5197 2781 5265 temporibus
2813 5195 3129 5265 apostolicis
3155 5192 3451 5256 ﬂeruisset,
3486 5192 3702 5265 miran-

2123 5268 2252 5320 dum
2281 5277 2332 5321 ct
2356 5263 2724 5319 miserandum
2755 5263 2861 5318 fuit
2886 5274 2996 5319 tam
3033 5264 3231 5321 [tedam
3261 5265 3510 5317 haeresim
3546 5263 3604 5316 in
3632 5277 3701 5318 ea

2125 5337 2470 5406 potissimum
2514 5337 2780 5390 exsistere
2809 5375 2824 5399 ,
2858 5335 3095 5406 indeque
3130 5334 3198 5389 ad
3242 5332 3504 5388 Ecclesiae
3556 5348 3706 5403 pene

2126 5405 2296 5462 totius
2332 5406 2627 5476 perniciem
2660 5405 2988 5461 redundare.

2198 5471 2567 5547 (2i)'Simile
2628 5486 2712 5532 est
2767 5476 2902 5531 illud
2964 5474 3261 5547 Cle_mentis
3334 5471 3703 5547 Alexandrini

2125 5542 2219 5602 lib.
2256 5542 2326 5600 vtt
2385 5546 2755 5601 Stromatum:
2810 5547 2971 5617 μίξας
3015 5542 3110 5601 οὖν
3152 5549 3220 5616 τῇ
3257 5546 3559 5615 περιστερᾷ
3593 5545 3704 5617 τὸν

2123 5618 2266 5686 ὅφιν,
2292 5625 2585 5687 serpentem
2605 5615 2847 5671 columbi;
2872 5620 3120 5682 miscens,
3158 5615 3263 5672 hoc
3300 5623 3412 5687 est
3443 5615 3703 5669 astutiam

2124 5689 2297 5749 illius,
2325 5686 2390 5741 ex
2425 5697 2697 5759 praecepto
2733 5688 2961 5757 Christi,
2989 5689 3155 5761 hujus
3182 5686 3535 5756 simplicitate
3566 5693 3713 5743 tem-

2126 5774 2364 5831 peram.-
