3952 6210
208 239 292 300 217

959 233 1245 295 ORATIO
1282 232 1469 294 XVII.
1503 258 1572 269 -
1613 232 1698 295 IN
1728 232 1797 294 S.
1830 232 2228 295 NICOLAU-M
2267 233 2707 294 MYRENSEM.

3335 236 3444 301 2l8

202 344 473 418 ανθρωπίᾳ
529 344 664 397 Θεὸν
723 342 1075 414 ἐμιμήσατο,
1129 344 1227 398 καὶ⁹
1270 346 1429 416 χεῖρα
1479 344 1773 409 στάζουσαν

1885 359 2074 401 curam
2125 346 2335 415 gessit?
2368 345 2502 412 Quis
2535 357 2595 400 ut
2627 347 2720 401 ille
2747 326 3147 416 simplicitatem
3177 359 3450 418 expertem

208 436 465 507 δεομένοις
506 434 657 487 ἔλεον
678 432 794 500 (22)
838 432 1148 504 προῦτεινε;
1185 434 1387 504 μᾶλλον
1419 433 1474 487 δὲ
1503 435 1625 487 οὐδὲ
1655 453 1779 489 συν-

209 530 339 581 ιεῐσιν
361 526 492 578 ὅθεν
518 524 762 594 πηγάζει
788 524 849 577 τὸ
899 523 1094 595 δῶρον,
1121 525 1154 595 ή
1202 525 1494 596 εὐεργεσία
1531 526 1775 598 ἐπέρρει.

214 621 332 675 Ἀλλ’
353 613 473 672 οἷον
508 617 709 688 μικροῦ
744 616 1112 687 ζημιούμενος
1134 621 1162 672 ὁ
1182 619 1340 687 λόγος
1362 620 1430 673 ἂν
1454 619 1775 675 ἐπεπόνθειι

204 713 275 767 νὲν
294 708 386 765 οὖν
422 714 508 774 εἰς
538 710 734 780 καιρὸν
758 705 916 781 ἧκον,
948 711 1049 764 οὐκ
1080 710 1147 765 ἂν
1181 712 1467 783 παρέλθοι.

1880 438 1993 492 fuci
2047 437 2385 491 ﬂexibilitate
2416 453 2475 492 se
2508 437 2960 491 accommodandi
3006 442 3365 507 temperavit;
3395 452 3454 496 ut

1878 544 2057 598 neque
2108 528 2538 598 simplicioribus
2592 536 2797 581 metum
2850 527 3116 597 objiceret
3168 532 3451 599 gravitas;

1878 638 2056 692 neque
2078 620 2469 675 audacioribus
2493 622 2716 676 occasio
2744 630 3094 692 contemptus
3120 622 3451 692 simplicitas

1877 722 2046 770 esset.
2116 715 2250 780 Quis
2304 716 2385 769 sic
2435 715 2689 769 amandis
2726 715 3039 770 hominibus
3094 714 3336 770 imitatus
3370 726 3454 770 est

200 807 339 862 Deum
414 813 475 860 et
544 804 845 859 stillantem
915 818 1137 858 manum
1198 805 1632 862 misericordiam
1703 806 2125 877 implorantibus
2181 806 2499 877 protendit?
2548 808 2659 862 imo
2712 822 2780 861 ne
2823 806 3186 863 sentientibus
3231 808 3449 877 quidem

198 897 457 954 interdum
518 896 667 949 unde
702 894 997 950 scaturiret
1042 895 1287 959 domum,
1321 896 1645 952 beneficium
1686 897 1965 953 aflluebat.
2007 900 2077 952 At
2107 911 2326 969 quanta:
2386 898 2465 954 rei
2498 914 2636 969 pene
2701 900 2975 969 jacturam
3049 902 3253 957 fecerat
3321 914 3449 954 ora-

195 996 278 1048 tio!
319 1006 482 1045 nunc
507 987 730 1059 quando
762 987 905 1041 redit
936 986 1158 1041 Occasio
1185 1001 1295 1041 non
1321 987 1660 1042 committam
1691 1000 1750 1043 ut
1777 990 2047 1047 elabatur.

249 1089 408 1155 Ἀρτι
460 1082 573 1135 τῶν
619 1081 884 1151 ἀοιδίμων
922 1081 1481 1153 μετακεχωρηκότων,
1538 1082 1632 1134 καὶ
1672 1083 1772 1136 ὃσα

192 1180 269 1233 τοῦ
314 1176 569 1230 πλούτου
604 1176 705 1245 τῆς
760 1176 986 1229 ἐκείνων
1036 1176 1137 1231 οὐκ
1178 1175 1380 1245 ἔφθασε
1429 1177 1637 1247 σπορᾶς
1678 1175 1772 1248 ἐρ’

190 1293 264 1340 γον
286 1272 405 1341 (25)
457 1268 813 1339 γεγενῆσθαι,
870 1268 949 1338 τῷ
980 1268 1200 1342 τεχνίτῃ
1231 1269 1427 1338 σπορεί
1465 1267 1575 1321 τῶν
1595 1266 1771 1321 τοιού-

187 1382 277 1417 των
325 1360 841 1417 καταλελοιπότων.
868 1358 1036 1414 Οὔπω
1070 1360 1116 1413 δ’
1160 1360 1409 1430 ἥρμοστο
1443 1363 1507 1429 τῇ
1552 1360 1771 1432 ἀσπίλῳ

187 1458 379 1528 νύμφη,
413 1455 529 1509 οὐδ’
567 1454 659 1507 ἐπὶ
692 1455 793 1525 τὴν
841 1453 1061 1523 λυχνίαν
1087 1454 1116 1506 ὁ
1140 1452 1332 1525 λύχνος
1382 1454 1642 1509 ἐτὲθειτο.
1668 1448 1771 1509 Οἷα

186 1548 231 1601 δὲ
257 1546 437 1600 πολλὰ
461 1544 574 1598 τῶν
602 1544 877 1599 σπιλάδων
900 1543 995 1597 τοῦ
1025 1544 1163 1612 βίου,
1212 1545 1447 1616 ἀπορίας
1470 1546 1765 1615 ναυαγίων,

188 1639 357 1707 μεῖζον
399 1638 439 1709 ἧ
474 1638 927 1708 παρακληθῆναι,
963 1636 1073 1691 τῶν
1114 1638 1173 1690 ἐν
1217 1638 1439 1709 ἀφθόνῳ
1477 1639 1767 1710 περιουσίᾳ

186 1733 285 1785 τι.νά
314 1732 417 1783 τὸν
458 1731 562 1801 τῆς
588 1730 739 1801 ζωῆς
763 1729 932 1784 πλοῦν
949 1730 1297 1796 διανυόντων,
1322 1730 1761 1801 καταλαμϐάνει,

1946 1083 2115 1137 Paulo
2146 1093 2332 1154 postea
2358 1099 2523 1155 quam
2554 1083 2879 1139 nobilissimi
2937 1091 3189 1152 parentes
3224 1085 3451 1153 hujusce

1874 1178 2047 1232 nostri
2104 1178 2319 1231 mortali
2370 1186 2531 1232 erant
2563 1179 2672 1231 vita
2725 1178 2989 1242 defuncti,
3050 1192 3113 1231 ac
3162 1180 3447 1245 pecuniam

1872 1283 2212 1339 quaecunque
2278 1270 2415 1339 ipsis
2475 1285 2572 1339 per
2624 1269 3060 1324 misericordiam
3134 1270 3448 1340 largissime

1873 1362 2258 1432 spargentihns
2293 1362 2659 1431 superfuerat,
2700 1364 2829 1418 huic
2862 1367 3056 1419 artifici
3091 1367 3278 1419 talium
3316 1381 3449 1433 cpe-

1872 1466 1993 1505 rum
2028 1459 2083 1506 et
2110 1451 2380 1520 ejusmodi
2433 1453 2705 1507 seminum
2737 1455 2904 1507 satori
2954 1470 3169 1509 summo
3205 1456 3447 1524 relique-

1870 1553 2017 1600 rant.
2082 1544 2323 1599 Necdum
2352 1545 2399 1599 is
2434 1544 2798 1598 immaculatae
2825 1544 3152 1614 conjunctus
3188 1562 3441 1615 sponsze;

1870 1637 2113 1693 nondum
2158 1637 2414 1707 imposita
2445 1636 2780 1693 candelabro
2815 1638 3039 1693 lucerna
3070 1639 3272 1693 fuerat.
3305 1639 3442 1693 Cum

1870 1744 2021 1795 ecce,
2052 1738 2109 1783 ut
2151 1730 2310 1784 multi
2341 1738 2470 1785 sunt
2498 1731 2623 1784 vita:
2651 1731 2886 1800 scopuli,
2918 1732 3208 1800 quemdam
3254 1732 3307 1784 in
3346 1747 3444 1785 co-

188 1821 259 1874 κσὶ
280 1816 353 1892 ἦν
387 1820 457 1873 τὸ
479 1823 721 1891 πρᾶγμα
744 1819 1069 1874 ἀνύποιστον
1094 1836 1108 1848 ·
1167 1822 1297 1891 περὶ
1335 1821 1506 1892 αὐτῆς
1535 1821 1643 1891 γάρ
1669 1822 1767 1892 τῆς

1877 1822 2024 1892 piosa
2055 1836 2114 1875 re
2144 1823 2388 1877 secundo
2438 1823 2804 1893 aliquousque
2844 1837 3008 1877 cursu
3041 1824 3163 1876 vitae
3216 1824 3443 1895 pelagus

186 1914 312 1984 ζωῆς
338 1913 577 1983 ἠπείλει
599 1914 690 1966 τὸν
712 1912 977 1967 κίνδυνον.
1001 1912 1099 1966 Διά
1131 1910 1290 1967 τοῦτο
1308 1914 1412 1967 ὑπὸ
1426 1913 1519 1968 τοῦ
1535 1913 1766 1986 φοϐεροῦ

186 2005 628 2077 ἱκκυμανθείσης
680 2003 831 2075 αὐτῷ
880 2007 980 2073 τῆς
1022 2004 1272 2078 γνώμης,
1323 2008 1443 2061 ούδέ
1472 2008 1769 2079 δυνάμενος

186 2099 304 2167 πρὸς
334 2098 437 2151 τὸν
490 2100 683 2168 πάσης
740 2096 987 2168 ἀνάγκης
1027 2099 1239 2169 ἀμείνω
1288 2099 1402 2169 βίον
1454 2102 1766 2169 ἀνενεγκεῖν

188 2194 291 2253 τοὺς
312 2191 647 2260 λογισμοὺς,
711 2188 781 2242 τὰ
820 2190 1038 2244 πάντων
1093 2191 1272 2262 ἐαυτῷ
1321 2191 1645 2263 τιμιώτατα,
1700 2193 1767 2247 ἶν’

186 2284 269 2355 ἔχη
290 2284 517 2353 βιῶναι,
555 2285 637 2347 εἰς
666 2282 794 2354 ᾅδου
825 2282 1098 2355 πέταυρον
1128 2282 1259 2336 ῶθει
1277 2299 1290 2313 ·
1323 2278 1399 2339 ὧν
1420 2286 1588 2357 ἐχρῆν
1614 2286 1767 2340 ἀντι-

187 2376 619 2448 λαμϐανόμενον,
685 2376 779 2431 καὶ
844 2377 987 2430 κατά
1015 2377 1261 2449 κέντρων
1311 2378 1492 2432 αὐτῶν
1531 2380 1768 2451 ὑπεράλ-

186 2466 357 2522 λεσθαι
419 2466 521 2520 τοῦ
575 2466 831 2522 θανάτου.
865 2468 1082 2523 Παίδων
1108 2470 1217 2540 γὰρ
1243 2468 1413 2524 ὄντων
1447 2471 1596 2543 αὐτῷ
1624 2471 1766 2525 ἐκεί-

187 2578 273 2629 νης
298 2560 402 2630 τῆς
436 2559 670 2630 μερίδος
714 2561 748 2629 ἢ
776 2559 1019 2632 πλευρᾶς
1045 2561 1146 2632 τὴν
1174 2560 1409 2633 ὓπαρξιν
1438 2562 1596 2617 ἔλαϐε
1626 2563 1765 2634 (24),

186 2652 441 2723 προδοσία
458 2656 565 2723 τῆς
594 2651 801 2707 τούτων
861 2654 1239 2725 σωφροσύνης,
1275 2654 1501 2727 γνώμης
1549 2652 1616 2727 ἦν
1653 2656 1765 2728 (25)

188 2747 508 2815 συγκροτεῖν
560 2744 812 2808 ἐλεεινῶς
842 2744 943 2816 τὴν
993 2747 1158 2818 ζωὴν,
1189 2746 1391 2817 μᾶλλον
1420 2748 1479 2802 δὲ
1521 2747 1601 2821 τῷ
1624 2749 1768 2802 ἐκεί-

188 2856 291 2891 νων
312 2837 532 2908 θανάτῳ
560 2838 658 2891 καὶ
675 2837 835 2901 αὐτὸς
856 2838 947 2892 τὸν
977 2840 1173 2892 οἰκεῖον
1200 2838 1579 2910 ἐνεπορεύετο.
1626 2840 1765 2896 Ἀλλ’

186 2932 211 2982 ὁ
241 2932 340 3000 μὲν
363 2931 545 2995 οὕτως
566 2932 842 3000 ἀπογνοὺς
892 2934 1035 2986 κατά
1074 2933 1321 3006 κρημνοῦ
1358 2936 1642 3005 ἠπείγετο,
1677 2936 1766 3000 ζό-

189 3042 286 3093 φου
308 3024 503 3092 βαθέος
526 3024 639 3076 τῶν
667 3024 943 3094 λογισμῶν
972 3027 1500 3090 κατασκεδασθέντος
1539 3028 1644 3081 ὑπὸ
1671 3029 1765 3082 τοῦ

188 3116 355 3167 δεινοῦ
386 3116 487 3167 τὸν
544 3114 740 3186 βόθρον
782 3116 1097 3186 ἀνορύττειν
1120 3118 1223 3188 τῆς
1269 3119 1563 3189 ἁμαρτίας.
1600 3120 1680 3173 Τὰ
1709 3119 1765 3173 δὲ
1791 3153 1836 3215 C

189 3206 279 3258 τοῦ
313 3208 558 3275 μεγάλου
588 3205 940 3277 θεράποντος,
981 3209 1143 3262 ὁποῖα
1168 3226 1183 3273 ;
1226 3209 1379 3263 Ἐπεὶ
1406 3211 1514 3283 γὰρ
1542 3211 1602 3264 τὸ
1633 3212 1769 3266 ἀπό·

191 3314 363 3365 φημον
427 3298 613 3350 ἐκεῖνο
671 3298 835 3368 μέχρι
873 3299 968 3353 καὶ
989 3299 1097 3353 τῶν
1129 3302 1292 3356 ὁσίων
1320 3302 1501 3355 ἀκοῶν
1530 3321 1767 3375 περιηγ-

188 3391 339 3459 γεῖη,
375 3390 523 3460 ἀωρὶ
552 3390 660 3444 τῶν
676 3378 1137 3463 νυκτῶν,’χρυσοῦ
1170 3412 1224 3448 τι
1251 3396 1438 3467 χρῆμα
1466 3397 1644 3450 λαϐὼν
1674 3399 1768 3451 καὶ

187 3480 505 3551 διαθέμενος
571 3480 630 3533 εὖ
677 3482 772 3539 καὶ
825 3483 1005 3547 καλῶς
1064 3487 1130 3554 τῇ
1187 3487 1386 3555 πράξει
1423 3488 1484 3540 τὸ
1538 3489 1765 3558 ἀφανὲς,

192 3576 369 3644 ῥίπτει
396 3575 475 3643 τῷ
506 3573 765 3644 δωματίῳ
799 3577 1047 3639 ἐπιστάς.
1089 3579 1197 3631 Καὶ
1229 3579 1413 3651 ἡμέρα
1433 3583 1613 3654 παρῆν
1645 3582 1768 3653 ἥδη.

194 3666 290 3719 καὶ
309 3661 418 3734 ᾦγε
447 3666 511 3718 τὸ
538 3667 796 3737 λαμπρὸν
840 3667 1012 3736 αὐτῆς
1045 3669 1293 3741 ἀμαυρὸν
1322 3672 1496 3726 ἐποίει
1524 3673 1769 3744 σκότοςή

138 3754 151 3771 ⁶
197 3756 483 3826 συμφορὰ,
546 3753 862 3825 περιτυχὼν
909 3755 989 3827 τῷ
1060 3755 1243 3827 δεσμῷ
1291 3757 1507 3827 ἀληθῶς
1556 3759 1770 3830 ἡμέραν

194 3848 335 3919 ἐώρα
362 3866 378 3880 ·
435 3850 537 3902 καὶ
569 3848 686 3917 ἅμα
708 3847 801 3900 τὸν
847 3846 1017 3900 ὕπνον
1066 3849 1160 3901 καὶ
1201 3849 1292 3903 τὸν
1316 3849 1377 3914 ἐξ
1410 3849 1772 3918 ἀπογνώσεως

198 3941 482 3994 ἀπετίθετο
519 3941 707 4012 κάρον,
736 3938 832 3992 καὶ
864 3941 928 4010 τῇ
960 3938 1061 4010 μίᾷ
1080 3938 1187 3993 τῶν
1212 3939 1419 3995 παίδων
1450 3940 1562 4010 (9.6)
1590 3941 1771 4011 ἵστησι

1866 1926 2150 1967 emensum
2183 1914 2523 1982 paupertatis
2555 1914 2907 1984 naufragium
2945 1915 3226 1983 opprimit.
3256 1914 3444 1984 Neque

1867 2019 1998 2061 vero
2047 2004 2333 2061 tolerabile
2366 2006 2775 2061 incommodum
2807 2014 2946 2071 erat,
2991 2022 3114 2060 eum
3165 2008 3267 2077 ipsi
3303 2025 3443 2078 quo-

1869 2112 1977 2168 que
2015 2097 2141 2153 vita
2184 2097 2490 2168 periculum
2526 2098 2883 2167 impenderet.
2933 2097 3114 2165 Quare
3145 2116 3270 2154 cum
3301 2109 3442 2155 tem-

1868 2196 2079 2259 pestate
2108 2189 2341 2259 quadam
2371 2188 2863 2243 turbulentissime
2896 2188 3209 2245 formidinis
3240 2191 3441 2245 obruta

1870 2281 1974 2351 ipsi
2012 2296 2075 2335 ac
2103 2280 2355 2336 demersa
2385 2296 2544 2336 mens
2566 2291 2748 2346 esset;
2785 2297 2961 2352 neque
2989 2282 3053 2335 ad
3092 2284 3256 2335 vitam
3288 2285 3437 2339 omni

1867 2372 2199 2427 necessitate
2243 2373 2583 2441 superiorem
2632 2370 2886 2427 conferre
2932 2373 3173 2425 rationes
3214 2387 3345 2425 snas
3383 2384 3441 2427 et

1868 2462 2330 2517 considerationis
2356 2463 2548 2517 oculos
2583 2472 2770 2532 posset
2821 2462 3088 2517 attollere.
3121 2461 3254 2527 Quae
3283 2463 3442 2533 longe

1868 2552 2114 2607 omnium
2146 2553 2547 2622 pretiosissima
2582 2553 2819 2607 habebat
2857 2568 2958 2622 pro
2984 2555 3312 2608 necessariis
3341 2556 3442 2609 ali-

1866 2643 2066 2699 mentis
2103 2644 2306 2714 pacisci
2334 2652 2498 2714 atque
2542 2645 2599 2698 in
2630 2645 2746 2700 orci
2786 2643 3039 2714 laqueum
3072 2646 3294 2701 trudere
3332 2660 3442 2701 non

1866 2736 2175 2802 recusavit;
2205 2752 2328 2806 qua:
2362 2744 2423 2791 ut
2453 2735 2605 2792 salva
2635 2736 3014 2792 obtinerentur
3034 2745 3198 2807 atque
3226 2740 3439 2808 integra

1865 2843 1961 2897 ne,
1998 2843 2095 2900 per
2142 2828 2341 2886 infesta
2392 2830 2613 2901 quidem
2665 2830 2879 2901 spicula
2929 2832 3292 2887 recusandum
3325 2818 3475 2885 erat

1865 2921 2169 2992 quamlibet
2214 2923 2509 2993 periculosi
2545 2924 2719 2980 saltus
2764 2925 2938 2979 aleam
2966 2924 3171 2994 jacere.
3212 2922 3444 2978 Liberos

1866 3012 2011 3067 enim
2037 3028 2164 3068 cum
2196 3014 2425 3070 haberet
2472 3015 2595 3085 ejus
2629 3030 2794 3070 sexus
2825 3016 2919 3085 qui
2966 3030 2997 3068 a
3029 3022 3179 3069 costa
3208 3012 3447 3083 sumpsit

1867 3104 2132 3176 originem
2160 3149 2175 3172 ,
2216 3108 2616 3162 nundinatione
2660 3107 2939 3178 pudicitia:
2981 3107 3200 3161 illarum
3254 3104 3445 3160 miseri

1869 3197 1973 3253 sibi
1993 3198 2171 3254 victus
2200 3199 2491 3255 infeliciter
2510 3200 2867 3269 comparandi
2889 3199 3177 3253 consilium
3198 3206 3443 3267 ceperat,

1868 3299 1982 3356 aut,
2014 3301 2074 3346 ut
2103 3294 2287 3348 verius
2320 3294 2523 3360 dicam,
2565 3295 2936 3364 negotiatione
2967 3290 3443 3347 inconsultissima

1871 3385 2044 3455 pretio
2074 3384 2269 3440 mortis
2310 3386 2530 3441 illarum
2578 3389 2853 3457 propriam
2904 3385 3143 3441 emendi.
3198 3384 3255 3438 lu
3299 3384 3446 3439 hunc

1870 3477 2093 3531 modum
2132 3480 2224 3533 ille
2259 3478 2562 3550 desperans
2607 3481 2659 3535 in
2692 3481 3054 3550 praecipitium
3088 3480 3282 3534 ruebat
3320 3494 3449 3547 pro-

1873 3568 2042 3625 funda
2069 3570 2305 3642 caligine
2336 3573 2537 3626 mentis
2569 3573 2823 3627 sensibus
2856 3573 3029 3627 offusa
3058 3574 3126 3626 ab
3158 3588 3223 3624 co
3252 3573 3345 3641 qui
3377 3569 3447 3625 ad

1872 3661 2184 3717 fodiendam
2219 3664 2426 3732 peccati
2479 3662 2688 3717 foveam
2733 3664 3038 3718 acerrimus
3064 3674 3147 3719 est
3187 3672 3241 3717 et
3271 3664 3448 3719 soler-

1873 3757 2144 3813 tissimus.
2197 3758 2341 3822 Quid
2376 3758 2464 3813 hic
2506 3765 2688 3811 autem
2748 3771 2982 3826 magnus
3032 3756 3124 3812 Dei
3170 3754 3452 3810 lautulus?

1875 3849 2052 3905 Simul
2093 3849 2522 3905 abominandum
2558 3849 2693 3904 illud
2720 3863 2896 3920 usque
2951 3849 3017 3903 ad
3064 3857 3285 3923 sanctas
3331 3848 3453 3917 ejus

1877 3944 2150 4015 perlatum
2180 3950 2269 4000 est
2314 3958 2498 4011 aures,
2530 3943 2859 4014 intempesta
2901 3950 3061 3998 nocte
3105 3950 3322 4012 sumpta
3360 3956 3453 3997 se-

1696 4034 1923 4093 NOTAE.

262 4130 373 4201 (εξ)
410 4128 622 4184 Alludit
648 4128 714 4184 ad
743 4127 963 4201 Cantici
983 4129 1323 4183 canticorum
1354 4132 1535 4185 locum
1563 4146 1685 4201 cap.
1716 4147 1771 4192 v.

202 4203 250 4265 5,
273 4199 358 4255 et
391 4202 559 4255 simul
604 4201 817 4254 occulte
860 4199 992 4253 ludit
1026 4201 1080 4253 in
1118 4204 1494 4271 παρονομασία
1540 4199 1661 4271 (μιιὲ
1694 4213 1778 4257 est

204 4355 381 4413 utpote
422 4343 662 4413 liquori,
692 4342 985 4395 convenire
1011 4350 1188 4411 potest
1212 4345 1272 4395 τὸ
1304 4341 1539 4407 στάζειν.

265 4415 376 4480 (£5)
407 4411 568 4476 Quod
604 4414 893 4465 occasione
954 4412 1136 4480 aliqua
1177 4424 1268 4465 aut
1297 4429 1398 4467 usu
1445 4411 1778 4483 impenditur

206 4486 276 4538 vel
309 4486 647 4553 absumitur,
707 4483 870 4551 ἔργον
895 4483 1043 4536 illius
1097 4485 1211 4537 fieri
1260 4482 1535 4553 eleganter
1569 4482 1777 4540 Gmcis

204 4556 416 4607 dicitur.
452 4551 595 4604 llinc
644 4554 698 4605 in
762 4552 1107 4607 commerciis
1160 4568 1222 4606 ac
1252 4551 1775 4609 commutationibus

206 4627 343 4694 quod
374 4638 476 4694 pro
513 4638 569 4675 re
602 4624 782 4692 aliqua
839 4624 1071 4694 pretium
1119 4623 1301 4685 datur,
1321 4626 1461 4694 (quia
1503 4624 1775 4693 impendi-

206 4692 279 4747 tur
307 4692 624 4750 et‘domino
652 4696 812 4762 perit,
840 4693 1003 4762 ἔργον
1036 4692 1259 4746 dicitur.
1290 4693 1514 4748 Nonnus
1535 4695 1603 4748 ad
1638 4710 1690 4750 ν.
1720 4695 1774 4759 5,

234 4782 316 4833 ap.
376 4776 513 4845 xviii
550 4761 1111 4845 Joannis,nde'1uda,.
1155 4764 1273 4845 Ὃς.
1310 4782 1401 4834 μιν
1452 4764 1777 4845 ((ξίιιὶεῳιιι)

210 4830 993 4905 ιφάυρλτάτοιοημινυνθαδίου
1046 4834 1209 4904 χάριν
1250 4830 1434 4905 ἔργου.
1463 4830 1595 4887 ’Υἷα
1640 4830 1779 4888 Θεοῦ

210 4902 535 4974 παρέδωκεν.
600 4902 702 4959 Ubi
752 4902 912 4973 ἔργον
944 4902 1077 4959 λεδῐ
1107 4902 1340 4975 pretium
1392 4905 1591 4960 Christi
1649 4922 1782 4961 ven-

208 4976 315 5029 diti.
348 4977 450 5029 Cui
490 4976 611 5028 loco
650 4975 828 5028 facere
858 4988 964 5028 non
990 4974 1211 5043 possum
1259 4974 1390 5043 quin
1427 4976 1660 5029 similem
1692 4976 1783 5030 ad-

204 5048 418 5116 jungam
455 5044 653 5100 lsidori
684 5045 865 5099 l’elus.
897 5061 987 5114 cp.
1013 5044 1119 5098 425
1141 5085 1155 5110 ,
1199 5046 1401 5106 Ἰούδας
1438 5046 1530 5098 τὸν
1571 5046 1780 5115 Κύριον

208 5116 500 5185 πεπρακὼς
546 5116 656 5168 τῶν
704 5116 1223 5185 πραγμάτωννιιω
1278 5116 1513 5185 πρᾶγμα
1570 5116 1782 5170 videtur

209 5184 521 5256 usurpatum
585 5194 874 5256 quatenus
922 5188 1041 5239 voci
1087 5184 1251 5255 ἔργον
1294 5184 1606 5255 ιεψιὶνοιει.
1653 5186 1783 5241 lude

208 5255 358 5326 etiam
397 5265 482 5310 est
506 5255 967 5326 mrspydcfoﬂat,
997 5260 1274 5323 conficere,
1301 5259 1594 5311 destruere.
1625 5256 1783 5326 Apud

210 5324 558 5381 Heliodorum
586 5322 682 5381 lib.
712 5340 751 5391 ι,
771 5322 1449 5397 TheagenesCharicleam
1475 5322 1781 5397 alloquens,

212 5397 272 5449 Ἦ
323 5399 582 5469 γέγονας,
646 5398 845 5467 inQuit,
890 5400 995 5469 καὶ
1041 5398 1181 5468 αὑτὴ
1222 5398 1318 5469 τοῦ
1366 5400 1603 5469 πολέμου
1638 5400 1783 5468 πάρ-

206 5482 375 5535 εργον.
417 5468 579 5540 Quod
608 5469 755 5540 etaim
789 5468 985 5540 mulier
1018 5471 1177 5536 quasi
1211 5468 1377 5540 digna
1418 5470 1642 5523 materia
1676 5485 1783 5523 non

202 5548 339 5593 esset
366 5554 536 5607 quam
565 5538 688 5591 belli
707 5539 873 5595 ardor
914 5538 1293 5608 consumeret,
1322 5557 1430 5597 non
1456 5541 1644 5612 ἔργον,
1687 5540 1786 5597 sed

202 5611 477 5663 πάρεργον
500 5608 658 5662 dicit.

200 5617 477 5679 πάρεργον
500 5617 658 5662 dicit.

263 5682 384 5752 (24)
408 5679 844 5736 Circumlocutio
885 5678 1133 5739 feminini
1161 5696 1347 5739 sexus.
1376 5682 1585 5739 Gemini
1626 5684 1783 5739 multi

1876 4138 2009 4187 sunt
2055 4132 2167 4187 loci
2217 4133 2357 4203 apud
2422 4131 2744 4203 Gregorium
2802 4129 3241 4203 Nazienzenum,
3293 4131 3456 4183 Κατὰ

1825 4218 1833 4226 ·
1876 4203 2182 4274 γυναικῶν
2242 4200 2814 4272 καλλωπιζομένων,
2877 4204 3007 4274 subA
3045 4201 3237 4274 fluctu,
3286 4212 3340 4254 et
3402 4204 3456 4253 iu

200 4259 329 4327 inter
360 4272 535 4333 ἔλεον,
595 4271 1048 4333 misericordiam,
1092 4281 1147 4323 et
1176 4259 1375 4335 ἔλαιον,
1431 4259 1624 4338 οὶεαίιι,
1663 4274 1774 4339 cui,
1832 4281 1837 4287 '

1804 4339 1857 4399 D

1893 4270 2153 4343 Ἐπαίνῳ
2190 4276 2544 4343 παρθενίης,
2578 4270 2738 4327 versu
2769 4274 2868 4328 107
2901 4282 2954 4329 et
2982 4270 3088 4326 2l5

1956 4346 2070 4413 ('25)
2104 4345 2332 4408 Gallice,
2363 4344 2401 4397 il
2430 4346 2563 4398 était
2588 4343 2778 4395 d‘avis.

1956 4406 2069 4485 (‘26)
2104 4416 2217 4469 Μία
2236 4406 2327 4468 hic
2354 4423 2439 4469 est
2466 4413 2679 4485 πρώτη.
2702 4412 2891 4485 Notavi
2924 4409 3154 4485 alias‘ad
3192 4406 3455 4485 Nicetam.

1887 4479 2168 4554 Sequitur,
2202 4486 2386 4555 ἵστησι
2411 4479 2658 4536 παστάδα
2690 4483 2981 4555 γαμήλιον.
3029 4480 3303 4555 διείψυιί.
3337 4479 3453 4555 βία.

1886 4548 1988 4624 pro
2005 4556 2257 4609 Cluentio
2288 4548 2464 4608 mater
2520 4548 2791 4624 genialem
2831 4548 3011 4624 torum
3068 4550 3192 4603 lilia:
3230 4548 3458 4624 _«_licit_ur

1884 4617 2150 4680 sternere.
2212 4624 2398 4690 Addit,
2458 4617 2548 4695 ’.τῇ⁷
2570 4623 2669 4693 μὲν
2716 4621 2829 4691 βίον
2872 4623 3204 4695 εὐσχήμονα.
3230 4617 3459 4695 Nuptias

1884 4695 1999 4765 βίον
2025 4696 2158 4749 dicit
2196 4711 2261 4750 ex
2309 4696 2478 4749 veteri
2497 4690 2727 4747 'notione
2761 4690 2996 4746 nominis
3048 4692 3162 4762 βίος
3193 4690 3353 4756 cujus
3378 4701 3460 4765 te-

1883 4764 2201 4820 Stinioniunt
2249 4766 2646 4836 ἀναντίρρητον
2713 4764 2854 4817 libro
2912 4778 3085 4836 nuper
3137 4766 3341 4830 scripto
3394 4764 3461 4815 de

1884 4837 2241 4895 distinctione
2303 4835 2749 4906 presbyterorum
2818 4843 2880 4906 et
2963 4835 3343 4906 episcoporum
3393 4845 3461 4906 ex

1883 4907 2109 4961 scholiis
2139 4902 2377 4962 nondum
2407 4902 2569 4961 editis
2622 4905 3077 4971 Aphorismorum
3114 4902 3462 4971 Hippocratis

1884 4977 2199 5047 protulitll.
2241 4977 2301 5031 P.
2347 4976 2624 5031 Petavius.
2674 4976 2781 5031 Isto
2823 4977 2969 5047 cnim
3021 4972 3163 5047 libro
3189 4972 3462 5047 ἀνεκδότῳ

1884 5042 2083 5104 veteris
2106 5048 2448 5117 grammatici
2476 5048 2545 5102 ad
2570 5047 2700 5101 illud
2735 5042 3047 5117 aphorismi
3068 5043 3324 5110 primi,'0
3350 5043 3464 5117 βίος

1886 5114 2281 5190 βραχύςξὶιιιει·
2310 5120 2446 5171 alias
2511 5120 2712 5190 multas
2760 5115 3194 5190 significationes
3224 5114 3462 5167 nominis
3510 5144 3513 5147 -

1886 5182 2076 5259 βίοςει
2098 5190 2202 5242 ista
2224 5197 2562 5245 rccensetur.
2586 5188 2618 5255 ἡ
2642 5182 3113 5255 γάμοιῑσυνουσία.
3138 5182 3459 5259 Quanquam

1887 5254 1940 5313 et
1977 5260 2064 5313 hic
2090 5260 2273 5313 habita
2328 5261 2541 5313 ratione
2569 5254 2759 5311 eurum
2806 5270 2927 5319 quae
2968 5270 3094 5307 mox
3119 5254 3463 5323 subjungun-

1888 5339 1997 5396 tur,
2026 5328 2204 5398 ἐαυτῷ
2236 5330 2290 5381 δὲ
2321 5329 2637 5399 φάρμακον.
2689 5328 2913 5399 qu_-.esit.'_l
2954 5324 3135 5399 videri
3162 5325 3337 5399 possit
3364 5340 3464 5376 au-

1887 5393 2103 5455 titlicsis
2133 5393 2238 5453 non
2294 5393 2595 5470 inelegans,
2624 5393 2770 5470 quod
2822 5396 2967 5470 enim
3014 5394 3273 5470 pudicitia
3305 5393 3463 5470 fama:

1887 5483 2051 5541 atque
2088 5471 2360 5523 honestati
2396 5462 2656 5523 tn'uliebri
2677 5469 2838 5541 vitim
2857 5462 3030 5541 instar
3057 5462 3463 5541 ‘cst.__Uudccst

1884 5535 2018 5596 illud
2045 5542 2283 5608 Apostoli
2312 5544 2379 5594 de
2421 5541 2583 5594 vidua
2627 5540 2752 5602 levi,
2802 5537 2932 5603 Qua:
2958 5538 3013 5590 in
3034 5535 3236 5608 deliciis
3266 5547 3343 5590 est
3385 5536 3466 5608 vi-

1888 5629 2010 5666 vens
2034 5606 2243 5665 mortua
2270 5623 2368 5675 est,
2403 5610 2416 5663 l
2452 5611 2519 5664 ad
2548 5609 2903 5665 Timotheum
2937 5622 2991 5671 ν,
3030 5610 3082 5661 6.
3116 5607 3219 5673 Qui
3263 5606 3464 5675 prosti-

1888 5692 2041 5738 tuere
2079 5682 2243 5737 filiam
2282 5683 2634 5748 decrevisset,
2669 5683 2817 5739 illam
2848 5678 3002 5750 quasi
3026 5678 3137 5749 jam
3164 5679 3460 5740 occiderat,

3161 5880 3204 5898 ,ιο
3216 5878 3301 5901 ..Ὗ
