3952 6210
484 260 593 326 219

1737 256 2012 319 LEONIS
2030 250 2490 317 PHILOSOPHI

3633 247 3765 312 220

485 387 612 427 cum
645 370 763 426 auri
807 385 1021 427 summa
1070 377 1397 441 captataque
1424 365 1694 439 sapienter
1732 367 2060 437 opportuni-

2176 361 2703 433 παστάδαυγαμήλιον
2730 374 2745 392 ·
2787 362 2856 432 τῇ
2900 360 2999 432 μὲν
3037 358 3151 431 βίον
3200 360 3536 431 εὐσχήμονα,
3566 362 3767 437 ἐαυτῷ

480 476 593 522 tate
641 466 845 521 latendi
895 466 1024 520 dum
1075 456 1444 524 benefaceret,
1506 466 1564 517 in
1598 461 1790 514 miseri
1833 461 2061 515 domum

483 560 626 613 clam
663 557 930 613 accedens
963 557 1162 626 injicit.
1196 556 1397 609 Aderat
1444 566 1573 607 ecce
1616 551 1729 620 jam
1760 551 1879 607 dies
1905 550 2064 620 cujus

483 648 663 703 lucem
718 647 924 703 infelici
983 647 1125 717 patri
1173 645 1374 699 densas
1405 643 1458 695 in
1490 641 1748 696 tenebras
1782 642 2068 696 calamitas

482 739 896 805 commutabat;
932 737 1106 793 donec
1137 734 1381 789 incidens
1408 733 1464 785 in
1496 733 1783 787 sacculum
1821 742 1938 785 tum
1964 730 2060 785 de-

485 847 633 885 mum
660 846 787 886 vere
815 831 959 885 diem
986 829 1123 883 vidit
1182 840 1549 895 somnumque
1578 825 1741 881 simul
1789 834 1843 879 et
1869 823 2069 895 despe-

485 924 717 979 rationis
748 920 1067 991 vertiginem
1103 934 1169 973 ac
1226 928 1513 973 veternum
1566 916 1832 984 excussit,
1866 918 2071 986 unique

483 1031 513 1070 e
546 1015 763 1068 ﬁliabus
796 1014 993 1067 lectum
1048 1011 1317 1081 genialem
1373 1010 1614 1075 sternit,
1666 1009 1951 1063 honestam
1994 1008 2069 1061 illi

483 1106 647 1157 vitam
676 1104 783 1158 sibi
814 1101 1120 1157 remedium
1175 1102 1305 1156 mali
1339 1102 1706 1157 constituens.
1733 1100 1805 1154 At
1831 1115 2069 1171 magnus

482 1194 760 1258 Nicolaus,
814 1194 1130 1266 intelligens
1188 1210 1352 1264 quam
1402 1195 1683 1262 sapienter
1733 1193 1920 1248 oblato
1963 1192 2069 1247 sibi

484 1288 638 1341 bono
654 1302 788 1340 usus
812 1296 959 1341 esset
991 1302 1200 1357 egenus
1228 1296 1401 1356 pater,
1437 1300 1785 1357 nequaquam
1817 1299 1886 1339 eo
1922 1284 2068 1355 quod

484 1378 596 1448 jam
620 1379 845 1434 dederat
899 1379 1282 1435 liberalitatem
1326 1378 1557 1435 delinire
1590 1394 1747 1434 suam
1776 1378 1971 1442 voluit,
2014 1385 2070 1432 et

485 1471 691 1525 fontem
720 1471 980 1525 obturare
1031 1470 1425 1526 misericordia:
1473 1478 1597 1539 post
1653 1471 1888 1540 primum
1916 1469 2071 1525 elllu-

486 1577 637 1625 xum,
685 1576 863 1631 neque
905 1563 1249 1616 committere
1276 1602 1292 1627 ,
1331 1569 1394 1615 ut
1426 1562 1494 1617 ad
1525 1560 1903 1632 imperfectum
1933 1561 2074 1617 dun-

487 1650 918 1705 taxatsolatium
966 1651 1204 1706 miseriae
1251 1666 1471 1705 manum
1505 1653 1823 1721 porrexisse
1852 1652 2069 1707 videre-

2168 455 2227 510 δὲ
2259 456 2558 525 φάρμακον
2590 453 3049 524 περιποιούμενος
3077 451 3173 506 τοῦ
3207 451 3405 507 κακοῦ.
3437 453 3619 519 Οὕτως
3651 454 3765 511 οὖν

2161 544 2441 608 εὐϐούλως
2492 544 2584 599 τὸν
2631 544 2802 614 ἄνδρα
2854 544 3195 614 διῳκηκότα,
3251 543 3440 614 μαθὼν
3482 548 3511 599 ὁ
3576 548 3770 616 μέγας

2168 637 2455 701 Νικόλαος,
2508 637 2609 707 οὐχ
2661 637 2837 708 ὁρίζει
2889 636 2970 707 τῷ
3019 636 3287 706 φθάσαντι
3331 638 3430 709 τὴν
3461 637 3555 691 τοῦ
3592 640 3766 693 ἐλέου

2170 731 2375 799 πηγὴν,
2401 729 2511 782 οὐδ’
2548 730 2642 783 ἐπὶ
2675 730 2899 783 τοσοῦτο
2928 730 3290 802 παραμυθίας
3319 731 3578 787 ἐκτείνειν
3607 733 3770 804 ᾤετο

2169 824 2350 891 χεῖρα,
2402 820 2519 875 ἀλλ’
2554 821 2743 891 ὁμοίου
2806 821 2999 890 καιροῦ
3045 823 3182 894 πρὸς
3209 824 3309 893 τὴν
3347 825 3602 894 ἐργασίαν
3631 828 3768 895 (‘27)

2170 912 2486 979 καλοῦντος,
2544 914 2690 984 χειρὶ
2739 914 3102 986 μεγαλοδώρῳ
3131 915 3209 986 τῷ
3253 915 3507 988 δωματίῳ
3536 919 3769 988 σπείρει

2169 1007 2270 1074 τὴν
2297 1006 2617 1075 εὐεργεσίαν
2644 1005 2842 1059 λαθών.
2879 1006 3115 1076 Ἐπέστη
3146 1007 3508 1079 φαιδροτάτην
3541 1010 3766 1081 ἑαυτὴν

2169 1100 2203 1168 ὴ
2262 1097 2447 1169 ἡμέρα
2500 1098 2841 1153 δεικνύουσα.
2869 1099 2980 1151 Καὶ
3010 1101 3085 1162 ὡς
3117 1096 3225 1153 εἶδε
3270 1102 3574 1173 παράδοξον
3598 1106 3771 1176 αὐτῷ

2171 1189 2554 1260 καρποφορίαν
2594 1190 2687 1243 τὸν
2739 1190 2981 1243 οἰκίσκον
3026 1191 3411 1262 βλαστάνοντα,
3456 1196 3537 1258 είς
3576 1196 3770 1265 χαρὰν

2171 1279 2348 1351 διῄρει
2382 1282 2476 1335 καὶ
2516 1280 2729 1352 δάκρυα
2769 1282 2869 1354 τὴν
2895 1282 3095 1354 ψυχὴν,
3121 1284 3208 1351 ἐφ’
3237 1279 3319 1348 οἷς
3338 1286 3440 1339 οὒκ
3469 1281 3583 1356 εἶχε
3627 1304 3770 1341 συν-

2177 1372 2315 1424 ιέναι
2336 1371 2427 1425 τὸν
2462 1373 2783 1444 εὐεργέτην,
2804 1374 2899 1428 τοῦ
2928 1375 3189 1439 ἁνιῶντος
3220 1377 3764 1447 καταλαμϐάνοντος.

2176 1463 2367 1532 Ὅμως
2388 1462 2467 1527 δὲ,
2488 1462 2584 1516 καὶ
2614 1462 2820 1535 θατέρᾳ
2851 1463 2957 1519 τῶν
2985 1464 3190 1519 παίδων
3235 1467 3407 1536 (τρεῖς
3434 1467 3481 1521 δ’
3523 1463 3674 1538 ἦσαν
3704 1470 3765 1521 αἱ

2182 1554 2359 1607 πᾶσαι
2384 1553 2581 1624 αύτῷ),
2644 1554 2702 1609 al
2747 1554 3112 1624 νυμφοστόλω
3150 1554 3415 1626 μέριμναι
3443 1556 3760 1628 διηκόνουν.

2188 1645 2349 1699 Ἀλλὰ
2378 1645 2487 1717 γὰρ
2513 1646 2615 1699 οὐκ
2645 1646 2724 1700 ἔτι
2745 1646 2859 1700 δεῖν
2900 1646 3285 1716 ὑπελάμϐανεν
3307 1642 3455 1721 ᾗπερ
3486 1648 3585 1701 καὶ
3622 1648 3765 1719 π’ρό-

486 1750 598 1794 tur.
633 1738 835 1794 Verum
867 1741 1036 1797 simili
1068 1740 1181 1811 jam
1231 1749 1477 1810 tempore
1506 1712 1591 1795 ad
1633 1740 1814 1796 simile
1856 1741 2064 1797 iterum

2176 1754 2351 1810 τερον,
2487 1738 2785 1808 δαμάζοντι
2836 1738 2990 1806 ὕπνῳ
3028 1712 3157 1802 τοὺς
3187 1712 3504 1809 ὀφθαλμοὺς
3527 1712 3764 1808 ἐπιτρέ-

488 1848 633 1903 opus
664 1842 919 1897 vocante,
974 1832 1237 1888 munifica
1286 1848 1487 1889 rursus
1530 1848 1698 1887 manu
1745 1831 2067 1888 beneﬁcium

489 1926 633 1979 intra
692 1925 1083 1979 domunculam
1142 1924 1398 1981 occultus
1457 1924 1686 1995 spargit.
1741 1921 2071 1994 Supervenit

489 2018 823 2073 sereniorem
852 2018 1017 2073 solito
1050 2033 1109 2073 se
1134 2018 1253 2074 dies
1278 2019 1570 2074 exhibens.
1599 2018 1679 2073 Ad
1712 2019 1871 2090 cujus
1894 2018 2070 2073 lucem

490 2118 550 2163 ut
579 2110 729 2163 videt
753 2108 992 2163 mirabili
1022 2110 1127 2165 sibi
1152 2111 1355 2167 adorea
1383 2110 1618 2166 fertilem
1651 2110 1898 2179 domum,
1942 2112 2065 2167 ani-

489 2214 632 2254 mam
678 2200 731 2253 in
775 2200 1036 2269 gaudium
1069 2201 1257 2257 divisit
1284 2209 1341 2256 et
1386 2202 1681 2275 lacrymas,
1708 2205 1852 2274 quod
1883 2215 2074 2260 aneto-

495 2305 611 2345 rem
645 2290 897 2345 benclicii
930 2306 1094 2348 nosse
1138 2307 1247 2347 non
1280 2302 1465 2363 posset
1496 2296 1719 2350 mmrori
1752 2310 1813 2350 se
1843 2296 2071 2351 dedens.

492 2381 698 2436 Tamen
744 2382 903 2436 alteri
949 2383 1182 2438 ﬁliarum
1216 2385 1353 2454 (tres
1399 2396 1580 2440 autem
1632 2387 1859 2441 omnino
1892 2388 2071 2455 erant)

488 2474 808 2543 eonjugium
844 2476 1228 2544 nuptialesque
1256 2484 1487 2531 ornatus
1511 2478 1937 2532 accurabantur.
1964 2477 2071 2532 Sed

484 2566 599 2636 jam
642 2566 953 2620 faciendum
983 2566 1089 2620 sibi
1121 2568 1361 2637 amplius
1392 2584 1504 2623 non
1554 2572 1768 2639 putavit
1797 2570 2071 2638 quemad-

493 2658 710 2713 modum
770 2667 929 2711 antea
996 2667 1057 2711 ιιι
1120 2658 1429 2714 domandos
1479 2674 1675 2715 somno
1728 2661 2074 2729 permitteret

489 2751 713 2815 oculos;
790 2766 979 2805 verum
1051 2751 1312 2806 excubias
1372 2753 1608 2822 agendas
1637 2752 2075 2808 oliServaudum-

491 2856 598 2912 que
665 2852 881 2912 tempus
949 2857 1061 2910 quo
1132 2843 1291 2898 dotes
1338 2842 1555 2900 ﬁliabus
1617 2847 2073 2901 numerabantur.

488 2933 628 2990 Nam
719 2935 844 2989 ﬁlia:
915 2949 1135 3006 quoque
1222 2936 1301 2990 illi
1390 2938 1487 2991 uni
1545 2938 1769 3008 reliqua:
1844 2948 2077 2993 ventura

2170 1846 2318 1894 πειν,
2365 1830 2659 1899 φυλάττειν
2684 1830 2743 1883 δὲ
2772 1831 2868 1884 καὶ
2896 1830 3059 1883 αὑτὸν
3093 1830 3387 1900 ἀντέχοντα
3414 1829 3509 1882 τὸν
3539 1831 3763 1902 καιρὸν,

2173 1923 2233 1987 ὃς
2270 1924 2391 1986 ταῖς
2464 1909 2768 1995 θυγατράσι
2819 1924 3199 1994 προικοφορεί.
3285 1922 3600 1976 Ἐ-πεποίθει
3652 1923 3767 1995 γάρ

2168 2013 2322 2083 ἥξειν
2352 2013 2422 2066 τὰ
2445 2012 2568 2066 ἕδνα
2611 2013 2688 2084 τῷ
2717 2013 3018 2085 θυγατρίῳ,
3058 2017 3189 2084 περὶ
3217 2012 3327 2065 τῶν
3361 2010 3513 2066 οὔπω
3552 2016 3766 2085 παρόν-

2170 2123 2281 2159 των
2312 2106 2636 2177 συμϐάλλων
2660 2109 2725 2161 ἐκ
2752 2107 2860 2161 τῶν
2882 2107 3227 2176 φθασάντων.
3251 2105 3362 2160 Καὶ
3384 2106 3485 2159 οὐκ
3509 2107 3761 2179 ἐψεύσθη

2172 2214 2236 2266 γε
2274 2198 2383 2252 τῶν
2405 2198 2658 2253 ἐλπίδων.
2695 2199 2866 2254 Πάλιν
2895 2200 3091 2264 νύκτες
3123 2201 3219 2253 καὶ
3249 2201 3450 2271 ἀωρία,
3480 2200 3581 2254 καὶ
3611 2201 3759 2272 πρὸς

2173 2288 2480 2360 καταϐολὴν
2506 2289 2536 2341 ὁ
2568 2291 2807 2360 ἐργάτης
2828 2289 2939 2342 τῶν
2968 2290 3238 2363 οὐρανίων
3286 2291 3453 2363 ἀπῄει
3505 2291 3759 2362 σπερμά-

2171 2400 2302 2435 των.
2348 2380 2488 2433 Ἀλλ’
2522 2381 2622 2435 οὐκ
2646 2377 2716 2453 ἦν
2736 2380 2971 2454 εὔπορον
3010 2382 3093 2435 ἔτι
3145 2383 3328 2437 λαθεῖν
3356 2384 3449 2437 τὸν
3474 2383 3754 2453 εὐγνωμο-

2174 2474 2312 2547 σύνῃ
2332 2474 2577 2545 λοχῶντα
2604 2490 2619 2504 ο
2662 2473 2740 2537 ὡς
2797 2474 2906 2547 γὰρ
2943 2474 3005 2528 τὺ
3018 2476 3237 2546 χρυσίον
3275 2475 3525 2548 ἔρριπτο,
3544 2477 3617 2540 ὡς
3639 2473 3751 2546 εἶχε

2173 2569 2372 2636 τάχους
2426 2566 2782 2638 ἀναπηδήσας
2831 2571 2861 2620 ὁ
2905 2569 3044 2639 ἀνὴρ
3086 2567 3279 2635 φθάνει
3332 2569 3428 2621 τὸν
3470 2571 3527 2621 ἐν
3567 2571 3745 2639 κρυφῇ

2175 2659 2518 2713 ὑπατεύοντα
2559 2659 2696 2730 (‘28),
2724 2662 2820 2713 καὶ
2869 2661 3053 2731 ῥίπτει
3101 2662 3200 2732 μὲν
3228 2663 3308 2725 είς
3333 2660 3591 2729 τοῦδαφος
3623 2663 3749 2713 ἑαυ-

2172 2752 2289 2814 τὸν,
2340 2753 2571 2825 δάκρυσι
2597 2754 2654 2807 δὲ
2710 2755 2899 2809 πλύνει
2944 2757 3072 2818 τοὺς
3116 2757 3301 2820 πόδας,
3343 2758 3410 2810 δι’
3448 2751 3525 2810 ὧν
3554 2760 3752 2819 ἐκεῖνος

2180 2844 2379 2914 μικροῦ
2410 2846 2738 2899 καταπεσὼν
2768 2849 2846 2910 είς
2881 2847 3155 2919 βάραθρον
3173 2848 3445 2927 ἀπωλείας
3476 2850 3573 2901 ἐπὶ
3598 2849 3760 2909 πόδας

2176 2936 2311 3007 ἔστη
2335 2937 2437 3008 τῆς
2469 2938 2763 3009 σωτηρίας.
2811 2940 2871 2992 'U
2891 2940 2948 2992 δὲ
2979 2941 3218 3011 ἠρυθρία
3246 2940 3434 3011 ὥσπερ
3457 2941 3550 2992 ἐπί
3576 2958 3631 2993 τι
3655 2941 3765 2992 τῶν

490 3025 764 3096 sponsalia
823 3026 877 3080 in
924 3042 1075 3097 spem
1123 3035 1393 3083 venerat:
1427 3029 1503 3083 de
1551 3029 1737 3085 futuro
1809 3047 1872 3087 ex
1935 3048 2073 3102 prte-

2178 3030 2435 3083 τοιούτων
2461 3032 2869 3103 καταληφθεὶς,
2903 3033 2997 3087 καὶ
3054 3034 3307 3103 κατέχειν
3355 3035 3413 3086 ὲν
3464 3036 3767 3106 ἀπορρήτῳ

493 3118 673 3173 teritis
710 3118 1089 3189 conjecturam
1152 3135 1399 3176 sumens.
1455 3120 1645 3191 Neque
1698 3139 1794 3193 spe
1847 3140 1947 3180 sua
1994 3136 2078 3181 est

493 3210 783 3281 deceptus.
845 3212 972 3266 Alta
1040 3228 1233 3269 rursus
1305 3214 1742 3284 intempestach
1807 3233 1955 3281 nox,
2023 3226 2077 3272 et

503 3302 573 3356 ad
663 3313 962 3357 sementem
1032 3303 1339 3359 faciendam
1416 3305 1721 3360 caelestium
1800 3308 2072 3363 seminum

493 3392 735 3462 agricola
763 3404 1130 3462 processerat.
1159 3394 1268 3450 Nec
1306 3397 1467 3452 facile
1503 3396 1609 3451 fuit
1634 3398 1805 3453 latere
1831 3399 2071 3468 amplius

493 3487 650 3555 pium
718 3486 1122 3543 insidiatorem.
1183 3486 1253 3544 Ut
1280 3490 1423 3545 enim
1472 3491 1679 3561 jactum
1712 3501 1796 3548 est
1856 3508 2074 3557 aurum,

492 3593 659 3648 quam
688 3581 977 3638 celerrime
1002 3583 1184 3653 potuit
1213 3585 1472 3642 exsiliens
1538 3587 1622 3641 vir
1675 3586 2069 3642 clancularium

491 3680 727 3739 occupat
766 3672 1082 3743 largitorem
1116 3690 1181 3730 ac
1236 3677 1477 3747 seipsum
1523 3676 1746 3747 quidem
1792 3679 1847 3732 in
1892 3680 2072 3734 solum

493 3762 705 3831 abjicit,
740 3765 1108 3837 lacrymisque
1137 3769 1303 3838 pedes
1346 3770 1523 3825 abluit
1569 3786 1665 3826 eos
1695 3787 1725 3824 a
1756 3772 1957 3842 quibus
1987 3771 2076 3827 ille

2179 3124 2372 3187 ἐδεῖτο,
2430 3126 2551 3195 μηδ’
2576 3126 2656 3188 είς
2685 3126 2908 3196 ἐτέρους
2954 3125 3016 3178 τὸ
3059 3126 3453 3196 πεπραγμένον
3482 3127 3766 3196 ἐκφέρειν.

2179 3212 2306 3286 *Δρ*
2337 3212 2430 3269 οὖν
2465 3217 2643 3285 ὀλίγον
2666 3218 3085 3288 τεκμηριῶσαι;
3115 3219 3149 3289 ἢ
3184 3220 3334 3272 ἔστιν
3364 3212 3473 3288 ᾧγε
3502 3224 3775 3291 παρεῖται

2182 3307 2318 3377 πρὸς
2351 3308 2517 3361 αὑτὸν
2579 3309 2944 3379 ἁμιλλᾶσθαι;
2999 3310 3196 3365 οὔκουν
3233 3312 3340 3365 οὐδ’
3376 3312 3559 3381 ἐγγύς.
3600 3314 3776 3366 Ἀλλὰ

2178 3399 2337 3452 τοῦτο
2363 3400 2462 3471 μὲν
2490 3398 2548 3451 ἓν
2575 3402 2639 3453 ὲκ
2672 3401 2886 3453 πολλῶν
2910 3400 3020 3455 τῶν
3050 3404 3261 3456 ἐκείνου
3302 3403 3408 3474 πρὸ
3445 3403 3536 3456 τοῦ
3566 3406 3773 3473 ἀρχιε-

2184 3495 2321 3561 ρέως
2343 3493 2543 3546 κείσθω
2607 3493 2986 3564 διηγημάτων,
3039 3496 3106 3549 ἵν’
3154 3496 3386 3566 εἰδῶμεν
3420 3496 3495 3560 ὡς
3528 3499 3627 3550 καὶ
3660 3497 3774 3565 πρὸ

2184 3589 2547 3657 ποιμαντικῆς
2577 3590 2902 3652 ἐπιστασίας
2948 3590 2981 3659 ἡ
3010 3590 3235 3659 ποιμέσι
3272 3591 3604 3662 διαφέρουσα
3634 3593 3771 3646 τοῦ·

2180 3702 2273 3738 τον
2307 3682 2421 3756 εῒχε
2452 3674 2714 3759 μέριμνα.
2745 3686 2811 3741 Εἴ
2833 3704 2895 3755 γε
2925 3687 3202 3757 ποιμένων
3232 3688 3396 3758 ἔργον
3428 3688 3649 3753 σώζειν,
3672 3690 3771 3742 καὶ
3813 3748 3821 3755 ν

2188 3779 2263 3850 μὴ
2285 3782 2410 3844 τοὺς
2437 3779 2597 3834 τοῦτο
2637 3780 2832 3835 παθεῖν
2861 3781 3269 3846 κινδυνεύοντας
3300 3782 3561 3836 ὀλωλέναι
3606 3801 3771 3855 περι-

2009 3871 2248 3929 NOTAE.

495 3952 602 4006 sibi
640 3966 796 4027 vero
842 3969 1008 4025 grave
1060 3957 1292 4021 scilicet,
1333 3959 1535 4012 vulnus
1573 3960 1864 4027 inﬂixerat,
1897 3966 2072 4019 donec

493 4023 651 4101 quasi
679 4022 814 4077 deus
849 4022 940 4104 :ex
985 4029 1239 4104 machina
1299 4022 2074 4104 liberalitasNicolaipuella

495 4098 813 4163 restitueret
842 4098 1033 4158 Vitam,
1068 4098 1209 4163 patri
1240 4098 1569 4152 medicinam
1605 4100 1827 4156 laceret.

567 4162 680 4284 Ϋζτ)
723 4164 986 4244 Ἐργασία
1020 4162 1106 4218 est
1161 4168 1247 4221 hic
1278 4169 1644 4239 eleeniosyna.
1679 4171 2070 4231 Ecclesiastice
2119 4202 2123 4207 ο

567 4242 712 4284 licet
763 4242 948 4284 Dotltts
998 4250 1162 4284 mtam
1193 4238 1390 4284 Attice-
1449 4238 1777 4284 Cvnrianue-
1828 4252 1885 4284 ut
1938 4246 2114 4284 glina.

495 4231 712 4287 scilicet
763 4231 948 4310 potius
998 4250 1162 4310 quam
1192 4238 1391 4293 Attice.
1425 4231 1779 4310 Cyprianus,
1828 4252 1886 4296 ut
1938 4246 2075 4301 alios
2108 4281 2129 4309 ιδ

498 4310 734 4379 taceam,
763 4305 968 4379 passim
995 4323 1119 4360 cum
1152 4309 1335 4379 largiri
1365 4305 1754 4367 misericordiae
1776 4328 1942 4370 causa
1994 4318 2072 4371 si-

497 4372 1162 4452 gniﬁcare‘vultLoperari
1221 4372 1374 4443 dicit,
1416 4388 1487 4452 et,
1524 4384 1899 4452 operationem
1959 4387 2068 4443 ele-

497 4460 833 4516 emosyuam.
903 4446 975 4521 Ex
1024 4452 1217 4519 pagina
1282 4446 1657 4521 praecedenti,
1708 4464 1763 4510 et
1816 4473 1883 4511 cx
1939 4473 2066 4512 mox

497 4520 1045 4596 secutura_in_telligi
1106 4520 1291 4596 potest
1348 4524 1493 4578 unde
1566 4535 1847 4596 repetatur
1900 4538 2071 4584 meta-

498 4587 1133 4668 phora;ni_miriiin'_ex_
1174 4592 1389 4668 jactura
1442 4587 1724 4662 semeniis,
1781 4614 1945 4668 quam
2008 4607 2070 4653 ut

498 4658 735 4737 agricola
794 4658 972 4737 libens
1029 4658 1509 4720 facit‘blandiente
1535 4658 1823 4722 verisimili
1850 4684 1947 4737 spe
1982 4686 2072 4725 re-

498 4726 763 4805 cipiendae
794 4730 961 4805 sortis
992 4746 1115 4805 cum
1160 4737 1382 4805 cumulo
1430 4738 1784 4805 centuplicati
1806 4726 2021 4794 'fenoris
2053 4758 2066 4794 :

501 4799 572 4851 ita
601 4798 774 4880 ﬁdelis
812 4798 909 4880 Dei
938 4800 1228 4880 promissis
1260 4819 1557 4880 persuasus
1587 4798 1798 4876 prolixe
1836 4809 2070 4880 largitur

497 4870 807 4945 egentibus,
840 4872 974 4925 nihil
1006 4870 1422 4945 dubitans—quin
1457 4878 1526 4931 ab
1587 4870 1781 4933 eorum
1818 4870 2075 4936 curatore

499 4943 706 5015 centies
726 4943 895 5015 plura
926 4952 1249 5013 recepturus
1282 4943 1371 4999 sit.
1406 4945 1591 5015 Itaque
1624 4949 1678 5001 in
1708 4948 1815 5005 isto
1846 4964 1948 5003 usu
1978 4966 2072 5006 ec-

498 5008 810 5088 clesiastico
842 5016 1028 5088 verbi,_
1054 5008 1303 5083 'operari,
1352 5034 1451 5088 pro
1484 5008 1787 5088 largiendo,
1852 5023 2074 5076 schema

498 5080 695 5148 duplex
724 5080 1130 5153 agnoscendum
1182 5080 1297 5142 est.
1348 5080 1595 5142 Priniuni
1642 5080 1787 5144 enim
1844 5094 2072 5145 verbum

497 5165 787 5208 commune
812 5157 1067 5230 omnibus
1085 5157 1183 5226 τῆς
1209 5160 1484 5228 γεωργίας
1508 5161 1794 5230 speciebus
1816 5162 1884 5216 ad
1908 5177 2075 5219 unam

497 5236 616 5303 eam
648 5239 814 5303 quam
849 5225 959 5303 dixi
1010 5225 1656 5303 restringitursementis
1688 5235 2031 5303 sparsionem
2058 5248 2073 5299 ;

497 5293 693 5374 deinde
723 5295 829 5350 ista
869 5296 987 5366 ipsa
1034 5300 1099 5374 ad
1131 5293 1537 5374 clceniosynam
1566 5293 1960 5373 designandam
1996 5293 2077 5357 al;

500 5362 737 5441 legorice
765 5362 1237 5441 accommodatur.
1259 5362 1445 5441 Neque
1473 5387 1603 5427 vero
1629 5362 1874 5441 opEratio
1896 5376 2075 5429 solum

498 5432 869 5513 eleemosyua,
908 5438 1192 5513 sedetiam
1233 5432 1371 5513 Opus
1404 5444 1626 5499 dicitur.
1660 5432 1967 5500 Eucherius
2008 5445 2075 5499 ad

505 5500 859 5587 Valerianum
890 5506 956 5587 de
992 5509 1219 5587 Paulino
1271 5500 1352 5587 ait
1378 5530 1502 5569 eum
1542 5525 1656 5571 tres
1699 5517 1856 5587 orbis
1893 5528 2075 5587 partes

504 5578 894 5655 suispperibas
926 5580 1256 5650 implevisse.
1310 5583 1429 5638 Non
1462 5587 1528 5639 de
1565 5587 1717 5641 libris
1749 5578 1909 5653 dixit,
1950 5603 2075 5642 cum

505 5644 737 5727 ifaulino
769 5649 901 5703 satis
938 5644 1155 5727 coiIStet
1198 5668 1308 5707 non
1367 5654 1682 5712 facultatem
1721 5644 1942 5727 quidem
1983 5668 2079 5712 aut

509 5716 840 5785 doctrinam,
874 5720 967 5776 sed
1006 5723 1245 5777 studium
1274 5733 1425 5780 certe
1452 5739 1514 5778 ac
1544 5716 1879 5785 voluntatem
1906 5729 2075 5784 multa

2180 3970 2455 4025 scribendi
2513 3970 2799 4033 defuisse;
2832 3970 3089 4024 nimirum
3143 3970 3350 4026 homini
3408 3981 3521 4026 tota
3555 3975 3669 4027 vita
3712 3976 3769 4030 id

2177 4056 2341 4106 agere
2396 4051 2681 4113 comperto
2710 4042 3229 4113 utgsplendidissimi
3291 4044 3469 4097 lumen
3526 4045 3767 4113 ingenii.

2179 4112 2463 4187 modestia:
2516 4111 2855 4187 (evangelice
2912 4111 2981 4165 de
3037 4114 3158 4165 viro
3190 4116 3502 4187 apostolico
3549 4111 3771 4187 dicam)

2176 4182 2361 4235 modio
2393 4191 2681 4250 premeret.
2745 4182 2923 4250 Opera
2949 4198 3079 4251 ergo
3112 4182 3312 4251 quibus
3340 4184 3526 4238 urbem
3562 4182 3773 4248 imple;

2174 4254 2253 4305 vit
2273 4252 2630 4322 eleemosynaz
2659 4261 2812 4313 sunt,
2837 4267 2974 4322 quas
2999 4256 3417 4322 copiosissimas
3448 4270 3552 4309 non
3576 4262 3771 4313 solum

2175 4338 2271 4391 per
2304 4321 2571 4391 Europam
2609 4322 2891 4391 αὐτοχειρὶ
2923 4321 3181 4391 profusas
3227 4344 3255 4377 a
3288 4325 3517 4379 Paulino
3549 4325 3757 4389 luisse,

2098 4416 2142 4472 ι)
2180 4393 2275 4448 sed
2299 4394 2462 4472 etiam
2493 4407 2589 4472 per
2612 4401 2794 4472 certos
2842 4397 3091 4472 homines
3116 4397 3383 4472 iuAAsiam
3419 4407 3585 4472 atque
3609 4400 3766 4451 Alri-

2178 4480 2297 4518 eam
2324 4463 2631 4539 largissime
2660 4464 2858 4519 missas
2891 4464 3131 4521 Uranius
3158 4467 3423 4521 Actorum
3456 4463 3575 4539 ejus
3604 4474 3761 4523 Scri-

2176 4544 2301 4605 ptor
2332 4536 2557 4605 diserte,
2576 4543 2837 4589 testatur.

2246 4605 2357 4680 (28)
2394 4604 2509 4659 Mos
2541 4604 2645 4680 fuit
2688 4621 2863 4680 usque
2896 4607 2965 4661 ab
2998 4622 3183 4665 aureis
3214 4609 3477 4664 Romanae
3510 4612 3767 4680 magniﬁo

2174 4679 2367 4731 rentia:
2396 4677 2733 4744 temporibus
2752 4678 2915 4730 etiam
2948 4680 3012 4731 ad
3050 4680 3152 4734 ista
3189 4682 3379 4735 ultima
3411 4677 3765 4739 senescentis

2174 4746 2388 4820 imperii
2448 4746 2928 4820 Constantinpoli
2984 4764 3209 4820 quoque
3259 4753 3617 4805 continuatus
3697 4764 3761 4805 ut

2174 4816 2421 4891 Casares
2451 4828 2545 4891 aut
2574 4818 2927 4891 magistratus
2976 4816 3278 4887 praesertim
3326 4822 3587 4877 consules
3616 4838 3765 4891 quos

2177 4888 2417 4946 ὑπάτους
2469 4887 2645 4941 Graeci
2676 4889 2884 4954 dicunt,
2943 4907 3220 4955 nummos,
3280 4893 3553 4947 interdum
3588 4887 3762 4947 etiam

2176 4967 2527 5033 geiiiiiiaset,
2561 4966 2619 5010 ut
2668 4957 2933 5015 Martialis
2970 4963 3133 5017 habet
3163 4964 3350 5033 Epigr.
3391 4964 3479 5027 78,
3504 4964 3599 5016 lib.
3634 4981 3762 5025 viii.

2178 5030 2354 5105 lineas
2415 5030 2635 5105 divites,
2691 5043 2756 5105 ac
2807 5032 3016 5105 similes
3050 5030 3300 5105 rapinas
3352 5036 3408 5089 in
3443 5033 3764 5089 confertam

2177 5100 2585 5153 multitudinem
2616 5101 2783 5155 certis
2821 5102 3018 5157 diebus
3046 5100 3300 5159 ludorum
3333 5116 3427 5161 aut
3458 5107 3634 5159 initiis
3669 5110 3768 5159 lm-

2177 5185 2374 5244 nor_um
2407 5183 2754 5244 spargerent.
2804 5173 2936 5239 Qua:
2969 5174 3200 5230 missilia
3246 5175 3765 5244 Constantinopoli-

2178 5241 2324 5294 tauis
2342 5242 2706 5309 scriptoribus
2732 5245 2935 5310 passim
2966 5246 3169 5300 ὑπάτια
3207 5247 3488 5307 dicuntur,-
3508 5241 3765 5303 (Sed—relic

2178 5312 2454 5365 ὑπατεῖαι.
2507 5310 2663 5365 Unde
2713 5322 2798 5367 est
2858 5316 2947 5370 hic
2987 5321 3214 5373 verbum
3259 5318 3574 5382 ὑπατεύειν,
3614 5320 3764 5373 dona

2179 5396 2437 5451 Spargere
2462 5382 2750 5455 consulum
2799 5401 2973 5441 more.
3008 5388 3165 5455 Quod
3203 5400 3383 5443 autem
3413 5390 3466 5442 id
3496 5392 3767 5445 consules

2179 5455 2244 5524 in
2277 5453 2508 5524 theatris
2531 5465 2587 5507 et
2618 5459 2874 5524 panegyri
2909 5453 3157 5515 facerent
3186 5460 3372 5513 statim
3413 5461 3501 5515 hic
3532 5462 3766 5515 additur

2183 5523 2250 5575 ad
2282 5523 2645 5599 differentiam
2673 5526 2731 5575 ὲν
2770 5523 2977 5599 κρυφῇ.
3014 5528 3132 5586 Νοιι
3162 5532 3309 5584 enim
3334 5532 3401 5585 ad
3430 5535 3765 5586 ostentatio-

2180 5609 2304 5647 nem
2336 5594 2455 5648 luce
2490 5596 2690 5668 palam,
2718 5594 2819 5650 sed
2847 5594 3082 5668 captatis
3110 5602 3176 5655 ad
3212 5603 3615 5657 misericordiae
3653 5607 3761 5657 ob-

2181 5674 2388 5747 tentum
2417 5666 2661 5747 noctium
2694 5666 2941 5725 tenebris
2975 5672 3239 5731 Nicolaus
3268 5673 3637 5747 largiebatur,
3662 5674 3762 5731 Dei

2180 5736 2353 5791 solius
2377 5736 2606 5792 arbitrio
2627 5749 2942 5798 contentus.
