4070 6206
311 232 414 292 221
1093 231 1382 318 ORATIO
1416 233 1600 296 XVII.
1643 259 1711 272 -
1751 235 1834 296 IN
1861 235 1920 297 S.
1949 234 2346 298 NICOLAUM
2380 232 2818 299 MYRENSEM.
3468 237 3578 302 222

308 343 466 415 ορᾷν.
496 342 572 397 Ἦ
606 343 719 416 γὰρ
766 342 953 414 ὀλίγης
987 345 1136 409 τινὸς
1181 321 1458 411 ἀπωλείας
1501 346 1597 410 οὓς
1645 347 1712 420 δὴ
1764 348 1903 419 εφην

2005 350 2062 405 in
2110 348 2440 422 perditionis
2487 349 2802 405 barathrum
2835 364 2975 421 pene
3002 348 3116 420 jam
3165 347 3352 420 lapsus
3375 348 3433 407 in
3464 363 3583 408 sta-

306 436 434 504 ἇρτι
459 433 765 500 ὲξέσωσεν;
801 436 834 507 ἦ
889 437 981 490 τὸν
1028 438 1260 508 τυχόντα
1290 439 1690 510 ὲπῃωρημένον
1719 440 1902 503 αὐτοῖς

2004 451 2117 496 tum
2145 442 2340 498 salutis
2361 449 2578 498 erectus
2598 440 2809 498 fuerat.
2839 440 3040 498 Noster
3070 451 3254 497 autem
3277 443 3582 499 erubesce-

306 525 558 581 κίνδυνον
599 527 928 584 καταλαϐὼν
954 530 1185 599 ἀνέσχε;
1211 531 1304 584 καὶ
1321 531 1402 594 τίς
1421 529 1488 584 ἂν
1516 531 1674 594 ἄλλος
1700 530 1902 602 μείζων

2004 533 2098 588 bat
2138 541 2399 603 tanquam
2428 533 2488 586 in
2520 533 2779 603 pudendo
2805 531 3049 589 facinore
3070 532 3485 603 deprehensus:
3517 547 3584 588 ac

303 619 499 691 ὀφθείη
531 637 546 687 ;
592 623 688 676 Ἐκ
715 623 780 695 δὴ
813 623 908 677 τοῦ
941 624 1037 678 νῦν
1083 625 1401 695 εἰρημένου,
1433 625 1483 677 εί
1513 626 1607 679 καὶ
1644 626 1901 696 παρήκα-

2004 636 2115 676 rem
2147 620 2554 676 obstestabatur
2583 632 2644 675 ut
2683 620 2906 676 silentio
2943 629 3183 690 tegeret;
3216 636 3392 691 neque
3430 619 3580 692 quod

303 727 410 780 μεν
457 712 532 764 τὰ
560 711 749 780 λοιπὰ,
778 714 1047 784 πάρεστιν
1076 713 1318 786 ὡσπερεὶ
1355 713 1551 782 τύπου,
1583 713 1900 783 λογίζεσθαι

2004 722 2213 784 gestum
2233 719 2352 766 erat
2375 711 2444 766 ad
2467 712 2700 767 aliorum
2719 713 3112 769 conscientiam
3147 713 3356 768 sineret
3389 728 3581 784 serpe-

303 803 403 854 καὶ
438 799 476 855 ἃ
504 805 789 874 παρεῖται.

2004 819 2084 860 re.
2103 802 2488 872 Nunqttidnam
2520 803 2625 858 hoc
2657 803 2931 859 mediocre
2958 806 3235 874 specimen
3255 805 3470 860 virtutis
3498 813 3585 860 est

298 897 369 952 ad
392 899 771 970 conjecturam
798 900 864 957 de
887 910 1083 958 castora
1098 904 1203 958 viri
1236 903 1398 957 laude
1429 899 1875 956 faciendam?An
1915 898 2243 954 veroestcui
2265 897 2430 952 libeat
2465 897 2520 950 in
2545 895 2832 966 dignitatis
2878 898 3283 953 contentionem
3324 897 3582 965 cumipso

297 991 673 1049 venire?imo
698 1009 766 1050 ne
793 1010 960 1066 prope
978 995 1196 1066 quidem
1228 995 1505 1050 accedere.
1528 993 1595 1046 Et
1623 992 1738 1048 haec
1764 991 1984 1062 quidem
2019 1004 2126 1044 una
2196 989 2263 1045 de
2339 989 2529 1045 multis
2579 1005 2703 1060 quae
2751 999 2879 1045 ante
2953 991 3331 1061 pontiﬁcatum
3402 992 3585 1046 conti-

297 1101 432 1158 gere
453 1089 706 1144 historiis
740 1088 832 1144 hic
855 1100 974 1146 esto
998 1090 1298 1162 descripta,
1343 1101 1404 1146 ut
1444 1090 1687 1146 sciamus
1716 1090 1869 1145 illum
1907 1089 2071 1144 etiam
2096 1095 2222 1142 ante
2268 1085 2600 1154 pastoralem
2620 1082 2998 1155 praefecturam
3053 1100 3244 1140 curam
3299 1097 3581 1156 pastorum

298 1180 586 1254 propriam
644 1182 986 1251 concepisse.
1052 1182 1336 1254 Siquidem
1401 1193 1682 1254 pastorum
1743 1196 1888 1253 opus
1962 1189 2049 1235 est
2110 1192 2576 1247 servarezneque
2619 1177 2798 1232 ctioso
2837 1177 3097 1248 despectu
3134 1182 3200 1235 de
3223 1179 3392 1235 exitio
3441 1180 3584 1250 peri-

298 1273 566 1329 clitantes
589 1274 811 1329 intueri.
847 1274 931 1330 An
963 1275 1109 1331 enim
1157 1291 1188 1330 a
1220 1275 1487 1332 mediocri
1517 1275 1764 1346 pernicie
1794 1287 1891 1329 eos
1929 1285 2068 1342 quos
2115 1269 2281 1326 modo
2339 1270 2455 1325 dixi
2501 1267 2795 1324 liberavit?
2845 1280 2938 1323 aut
2983 1271 3206 1342 vulgare
3272 1272 3407 1342 ipsis
3479 1273 3584 1328 im-

299 1373 556 1442 pendens
623 1372 918 1443 occupavit
962 1379 1209 1430 avertere
1280 1373 1624 1444 periculum?
1691 1370 2046 1444 Ecquodnam
2102 1384 2235 1425 vero
2279 1370 2496 1424 tandem
2547 1366 2718 1423 videri
2766 1366 2949 1436 majus
2998 1366 3200 1436 queat?
3265 1366 3444 1436 Atque
3515 1382 3580 1422 ex

296 1468 414 1523 hoc
440 1466 603 1522 modo
624 1473 846 1520 narrato
865 1465 1130 1533 facinore,
1174 1475 1234 1521 ut
1281 1475 1670 1538 praetereamus
1696 1477 1917 1532 caetera,
1961 1464 2088 1518 licet
2125 1467 2383 1533 tanquam
2443 1461 2696 1534 exemplo
2734 1468 2896 1532 capto
2948 1458 3018 1514 ad
3076 1458 3458 1518 aestimationis
3496 1461 3578 1516 in-

298 1560 695 1616 formationem
726 1557 793 1613 de
823 1557 947 1612 aliis
974 1573 1098 1628 qua:
1146 1557 1450 1615 omittimus
1499 1557 1885 1615 ratiocinando
1925 1552 2220 1624 suspicari.

395 1647 564 1706 Ἀλλά
624 1645 720 1700 τὸν
770 1645 1032 1701 τοσοῦτον
1085 1647 1195 1719 πρὸ
1247 1647 1348 1718 τῆς
1373 1645 1642 1712 διπλοΐδος
1669 1645 1890 1706 καὶτοῦ

2060 1643 2329 1698 Caeterum
2359 1656 2483 1698 eum
2511 1642 2607 1712 qui
2644 1648 2829 1698 tantus
2867 1639 2970 1696 l‘uit
2993 1648 3127 1696 ante
3171 1639 3576 1697 sacerdotalem

301 1741 642 1816 χρίσματος,
675 1735 799 1792 τίνα
854 1737 1004 1802 εἰκὸς
1057 1738 1202 1810 μετά
1248 1738 1310 1792 τὸ
1340 1738 1550 1810 χρίσμα
1573 1737 1895 1810 ύπολαμὸἀ-

2004 1744 2050 1794 et
2077 1745 2283 1793 vestem
2311 1744 2366 1792 et
2397 1736 2736 1802 unctionem,
2767 1737 2986 1805 qualem
3029 1748 3092 1790 ac
3121 1743 3389 1805 quantum
3423 1743 3582 1806 post-

302 1849 457 1898 νειν;
486 1831 561 1884 Ἦ
592 1828 752 1884 τοῦτο
779 1829 889 1893 πᾶς
931 1845 1018 1892 τις
1047 1829 1287 1901 συνίησι,
1318 1830 1416 1884 καὶ
1444 1829 1530 1902 εῐη
1558 1830 1624 1885 ἂν
1661 1829 1897 1886 ἐνταῦθα

302 1923 416 1990 ἔξω
446 1919 648 1992 καιροῦ
701 1919 764 1974 τὸ
817 1921 884 1974 ὲκ
924 1919 1100 1989 λόγων
1156 1921 1480 1993 μαρτύριον.
1549 1921 1895 1976 Ἐπιποθεὶτε

301 2017 413 2071 κάν
446 2017 516 2084 τῇ
544 2012 810 2084 προεδρίᾳ
829 2011 1059 2066 τοιαῦτά
1081 2029 1205 2066 τινα
1220 2011 1632 2085 φιλανθρωπίας
1659 2013 1894 2068 ἀκοῦσαι

300 2106 656 2176 διηγήματα.
717 2101 879 2156 Ἀλλά
921 2101 1136 2156 δέδοικα
1209 2102 1285 2175 μὴ
1343 2103 1622 2158 θάλασσαν
1682 2105 1895 2159 ἀντλεῖν

306 2193 758 2267 προθυμὼμεθα.
792 2193 891 2258 Τίς
946 2194 1056 2267 γάρ
1111 2194 1145 2267 ἢ
1185 2196 1315 2250 ποία
1353 2195 1573 2264 γλῶσσα
1605 2197 1686 2261 είς
1721 2197 1899 2252 ἐκεῖνο

304 2289 372 2343 τὺ
404 2287 648 2357 πέλαγος
671 2284 1009 2341 ἐπιϐαλοῦσα
1031 2287 1134 2341 οὐκ
1158 2287 1313 2359 ὀκνῇ,
1360 2288 1588 2344 παλαιὸν
1625 2288 1755 2355 ἔπος
1784 2290 1898 2345 δια·

307 2381 750 2451 μνημονεύσασα
779 2377 808 2432 ὃ
837 2378 1034 2450 πλήθει
1083 2379 1193 2432 τινὶ
1243 2379 1376 2434 δέκα
1422 2381 1708 2452 στομάτων
1745 2382 1899 2452 ἔλεγε

305 2470 429 2524 δεῖν
469 2468 620 2539 (29);
660 2467 802 2522 Ἀλλ’
834 2468 942 2522 οὐδ’
996 2468 1046 2522 εί
1075 2467 1337 2533 πολλάκις
1387 2470 1622 2525 τοσαῦτα
1655 2471 1900 2526 συνέλθοι

309 2563 439 2616 οὐδὲ
472 2559 771 2615 πολλοστοῦ
804 2560 1007 2632 μέρους
1035 2559 1240 2614 δύναιτ’
1275 2559 1342 2614 ἂν
1395 2561 1769 2634 μνημονεῦσαι
1800 2563 1902 2634 τῆς

309 2653 559 2708 ἐνταῦθα
589 2653 848 2724 πληθύος.
879 2652 1052 2707 Τοῦτο
1081 2651 1181 2724 μὲν
1207 2653 1272 2725 δὴ
1294 2653 1355 2708 τὸ
1377 2653 1541 2725 μέρος
1558 2655 1820 2722 τοιοῦτον,
1851 2656 1903 2710 τι

309 2747 374 2802 δὲ
398 2747 473 2800 τὰ
507 2746 666 2814 ἄλλα,
693 2746 795 2801 ὅσα
826 2746 922 2800 σὺν
954 2745 1190 2815 ἀσκήσει
1221 2743 1417 2818 βαθείᾳ
1444 2747 1542 2817 ὀψὲ
1570 2747 1669 2818 τῆς
1685 2747 1904 2819 ⁴ἡλικίας

314 2837 484 2909 μόλις
521 2835 824 2906 ὲκτήσαντό
850 2851 1020 2898 τινες,
1057 2829 1140 2898 οἷς
1189 2835 1401 2900 Παῦλος
1430 2835 1619 2907 ὥσπερ
1648 2836 1904 2908 χρώμασι

313 2931 611 3000 ζωγραφεί
626 2930 718 2983 τὸν
739 2928 1004 3000 ἀρχιερέα
1021 2946 1037 2992 ;
1056 2926 1218 2981 Ἀλλὰ
1249 2929 1426 2983 ταῦτα
1449 2930 1627 2984 πάντα
1651 2929 1904 3001 καθάπερ

313 3023 441 3094 ἅμα
473 3025 596 3087 ταῖς
637 3022 930 3094 μητρικαῖς
964 3019 1116 3090 αύτῷ
1161 3021 1706 3093 συνεγκυμονηθέντα
1736 3022 1898 3092 λαγό-

315 3133 427 3183 σιν,
454 3116 601 3170 οὕτω
622 3115 928 3181 συνείπετο,
975 3115 1070 3169 καὶ
1097 3115 1262 3170 πλέον
1297 3116 1591 3188 συμπαρῆν
1622 3114 1656 3186 ἢ
1701 3114 1779 3187 τὸ]
1808 3115 1900 3169 εὐ·-

313 3208 475 3261 ωδεῖν
504 3209 625 3270 τοῖς
679 3205 824 3260 οὕτω
870 3207 1174 3276 πεφυκόσιν
1227 3207 1467 3261 ἄνθεσιν.
1501 3208 1664 3260 Ὥστε
1707 3207 1795 3278 εἴη
1835 3207 1902 3262 ἂν

313 3300 576 3373 ἀκαιρία,
641 3301 735 3354 καὶ
792 3300 826 3370 ὴ
874 3299 1006 3371 περὶ
1049 3299 1223 3354 ταῦτα
1262 3299 1537 3372 διατριϐή.
1585 3298 1822 3354 Τοσοῦτο
1843 3300 1902 3354 δὲ

312 3393 588 3465 εἰρήσθω,
627 3393 710 3446 ὅτι
771 3393 932 3462 μόνος
970 3394 1177 3456 ἐκεῖνος
1230 3393 1340 3448 τῶν
1373 3393 1614 3456 πάντων,
1660 3392 1756 3446 καὶ
1796 3392 1903 3462 πρὸ

312 3487 419 3556 τῆς
449 3485 741 3547 διπλοΐδος,
765 3483 1099 3556 εὐπρέπειαν
1141 3482 1445 3556 ἱερωσύνης
1477 3483 1778 3548 ὲστόλιστο,
1807 3483 1905 3538 καὶ

313 3583 363 3633 εἰ
393 3575 510 3632 οἷόν
545 3595 606 3631 τε
627 3578 824 3644 εἰπεῖν,
856 3577 964 3648 πρὸ
983 3577 1077 3631 τοῦ
1107 3577 1409 3648 χρίσματος
1434 3576 1650 3648 ἐϐοήθει
1679 3574 1758 3647 τῷ
1778 3577 1901 3648 χρί-

316 3684 516 3739 σματι.
547 3667 660 3722 Καὶ
682 3667 860 3739 τούτῳ
920 3667 1120 3738 μᾶλλον
1154 3668 1248 3722 καὶ
1306 3669 1413 3738 πρὸ
1442 3667 1552 3722 τῶν
1576 3667 1904 3721 τελεστικῶν

311 3762 564 3831 τύπωνή
590 3760 689 3831 τῆς
717 3760 1134 3831 ἀρχιερωσύνης
1181 3759 1366 3824 είκὼν,
1393 3759 1426 3830 ἢ
1464 3761 1577 3824 τοῖς
1604 3758 1780 3832 ταύτῃ
1805 3775 1903 3830 με·

318 3848 714 3920 μορφωμένοις
738 3849 988 3920 ὑπῆρχεν
1043 3850 1359 3920 ὁμοιοτέρα.
1401 3848 1608 3901 Ἐκεῖνο
1643 3847 1700 3900 δὲ
1732 3849 1782 3900 εί
1811 3847 1906 3902 καὶ

317 3939 413 3993 διὰ
435 3938 636 4001 παντὸς
675 3937 1025 4009 περιχορεύει
1051 3941 1340 4009 στόματος,
1379 3937 1475 3993 καὶ
1501 3938 1699 4010 μέχρις
1734 3937 1801 3993 ἂν
1833 3937 1904 4008 γῆ

320 4027 424 4082 καὶ
479 4027 707 4098 οὐρανὸς
831 4026 891 4079 οὐ
927 4025 1077 4098 λήξει
1129 4028 1374 4100 χορεῦον,
1409 4028 1755 4100 προσκείσθω
1792 4030 1908 4094 τοῖς

313 4116 652 4187 εἰρημένοις.
677 4115 752 4168 Τὸ
781 4117 960 4180 ποῖον;
987 4118 1052 4170 Ὃ
1073 4120 1183 4181 τοῖς
1211 4120 1289 4181 είς
1315 4118 1440 4188 ᾅδου
1471 4118 1726 4189 λαχοῦσιν
1750 4118 1909 4174 ἀπιέ-

313 4223 409 4258 ναι
445 4205 635 4275 κλήρῳ
670 4205 841 4276 ἀδίκῳ
871 4206 970 4276 τὴν
993 4207 1110 4260 ἐκεῖ
1140 4209 1417 4284 ἀνέστειλε
1446 4209 1693 4264 κάθοδον.
1723 4210 1804 4264 Δι’
1831 4203 1908 4265 ὦν

312 4297 432 4362 ὀξεῖ
463 4299 588 4350 ποδὶ
611 4299 934 4368 προφθάσας
977 4298 1006 4352 ὁ
1056 4301 1262 4372 ποιμὴν
1290 4303 1317 4355 ὁ
1345 4303 1528 4369 καλὸς,
1561 4306 1588 4356 ὁ
1625 4303 1904 4376 ἀληθινὸς,

311 4391 420 4462 τὴν
475 4389 657 4456 ὀξεῖαν
705 4391 949 4462 ἦμϐλυνε
1001 4392 1281 4464 τελευτήν.
1327 4395 1425 4456 Τίς
1457 4396 1566 4447 τῶν
1605 4395 1700 4448 νῦν
1736 4396 1905 4468 ῆτῶν

313 4486 570 4550 πώποτε,
597 4485 839 4542 τοιοῦτον
871 4484 1291 4559 ἐξειργασμένος
1313 4486 1490 4558 ὦφθη;
1509 4488 1592 4553 τίς
1621 4489 1666 4542 δ’
1690 4496 1912 4543 επικου-

319 4581 494 4652 ρῆσαι
512 4577 757 4644 τοσοῦτο,
783 4579 879 4632 καὶ
893 4580 1152 4650 διακόψαι
1172 4580 1272 4650 μὲν
1291 4581 1463 4649 ἄρκυς
1481 4581 1735 4647 θανάτου,
1764 4583 1910 4654 ζωὴν

318 4673 369 4724 δ’
395 4670 726 4740 ἐπιστρέψαι
749 4669 929 4741 δημίῳ
961 4670 1102 4740 ξίφει
1133 4670 1328 4742 μικροῦ
1353 4669 1776 4745 ἁπιοῦσαν;⁷Αρ’
1796 4674 1910 4745 ἔχει

317 4782 407 4828 τις
431 4763 465 4834 ἢ
495 4763 607 4816 τῶν
637 4764 750 4818 ἄνω
770 4765 802 4835 ἢ
820 4764 928 4817 τῶν
949 4764 1100 4817 κάτω
1115 4763 1212 4816 τοῦ
1236 4765 1428 4836 χρόνου
1449 4771 1792 4836 παραγαγεῖν
1811 4767 1907 4821 τοῦ

319 4859 656 4927 πράγματος
678 4855 1145 4926 ὁμοιότητα;ὰλλ’
1186 4858 1286 4909 οὐκ
1304 4856 1414 4926 ἐγὼ
1455 4853 1632 4927 οἶμαι.
1666 4859 1813 4930 Πλὴν
1858 4860 1907 4912 εἰ

323 4951 398 5022 μὴ
422 4949 561 5019 φαίη
597 4966 681 5011 τις
705 4949 796 5001 τὸν
809 4949 1024 5019 πρῶτον
1043 4950 1328 5020 ἀρχιερέα,
1344 4950 1434 5003 τὸν
1462 4950 1592 5020 ἐμὸν
1621 4951 1848 5019 Ἰησοῦν,

316 5043 446 5095 κατ’
486 5044 632 5112 ἴχνος
665 5038 820 5106 οὗτος
843 5043 1111 5114 ἑπόμενος
1135 5044 1216 5106 είς
1255 5043 1561 5115 ἀκρίϐειαν,
1593 5044 1759 5109 ὀξέως
1802 5049 1914 5110 τοῖς

318 5137 663 5191 ἀπολωλόσιν
689 5137 776 5200 ἂν,
814 5137 862 5189 εἱ
897 5137 972 5207 μὴ
1027 5137 1256 5208 ἐπέστη,
1310 5138 1590 5208 σωτηρίαν
1631 5138 1912 5209 ἐκόμισεν,

319 5231 475 5301 ἥδιον
496 5225 655 5293 οὗτος
686 5231 1092 5302 προσχωρήσας
1111 5229 1188 5300 τῷ
1211 5230 1442 5302 κινδύνῳ
1471 5231 1505 5302 ἢ
1527 5234 1646 5296 ταῖς
1671 5234 1916 5286 ἀνέσεσιν

1996 1844 2162 1900 quam
2194 1842 2354 1884 sacro
2385 1838 2439 1883 et
2463 1827 2587 1882 oleo
2619 1827 2974 1898 consignatus
3007 1827 3251 1895 cogitare
3291 1836 3584 1883 consenta-

1997 1935 2160 1977 neum
2182 1929 2266 1977 est
2293 1919 2499 1976 fuisse?
2551 1917 2747 1986 Quivis
2805 1919 2910 1975 hoc
2950 1934 3049 1989 per
3097 1934 3160 1975 se
3194 1918 3410 1975 scilicet
3444 1920 3583 1976 satis

1999 2010 2290 2081 intelliget,
2325 2018 2386 2064 ut
2411 2024 2883 2080 supervacaneum
2935 2011 3040 2065 hoc
3087 2011 3211 2066 loco
3237 2014 3580 2083 etimportu-

1997 2117 2129 2158 num
2155 2101 2424 2158 orationis
2439 2102 2805 2159 distinctioris
2823 2103 3199 2158 testimonium
3221 2104 3580 2160 sitfuturum.

1999 2192 2139 2261 Quid
2169 2193 2315 2250 enim
2357 2194 2531 2252 vultis
2583 2210 2652 2251 ne
2700 2196 2865 2250 etiam
2903 2210 2970 2251 ex
3020 2195 3130 2250 vita
3170 2195 3292 2266 ejus
3334 2211 3496 2267 quam
3525 2197 3583 2253 in

1999 2285 2378 2343 ecclesiastico
2434 2287 2760 2358 magistratu
2790 2287 2947 2344 duxit
2999 2289 3274 2360 ejusmodi
3329 2291 3584 2362 quaedam

1999 2377 2355 2449 benignitatis
2399 2379 2592 2436 audire
2619 2381 2890 2452 exempla.
2931 2381 3003 2436 At
3051 2397 3248 2439 vereor
3297 2399 3369 2440 ne
3399 2386 3446 2441 si
3478 2385 3584 2441 hoc

2002 2468 2411 2538 susceperimus
2460 2470 2617 2538 quasi
2666 2469 2962 2526 exhaurire
2993 2485 3260 2526 oceanum
3297 2474 3585 2545 aggredia-

2005 2573 2149 2613 mur.
2187 2557 2320 2625 Quac
2347 2559 2491 2614 enim
2523 2567 2617 2614 aut
2645 2559 2826 2630 qualis
2867 2560 3086 2618 demum
3122 2562 3310 2634 lingua
3339 2565 3487 2621 istud
3528 2565 3586 2620 in

2004 2650 2231 2722 pelagus
2257 2650 2424 2715 itura,
2452 2665 2561 2705 non
2586 2666 2696 2722 prae
2723 2660 2870 2708 metu
2898 2652 2952 2707 iu
2978 2653 3098 2724 ipso
3121 2653 3330 2725 impetu
3358 2665 3588 2712 cuncte-

2007 2751 2115 2805 tur,
2148 2749 2308 2799 vetus
2366 2743 2594 2798 verbum
2641 2752 2908 2814 reputans
2956 2760 3068 2816 quo
3119 2746 3308 2802 nescio
3338 2748 3464 2818 quis
3517 2748 3585 2802 ad

2007 2834 2300 2903 quamdam
2342 2834 2757 2891 multitudinem
2795 2836 3231 2906 percensendam
3256 2838 3446 2894 decem
3475 2838 3586 2894 sibi

2011 2940 2108 2980 ora
2136 2928 2454 2983 necessaria
2479 2943 2605 2983 esse
2623 2926 3074 2985 dicebat.Verum
3097 2945 3279 3002 neque
3299 2931 3346 2987 si
3378 2932 3588 3003 saepius

1929 3015 1973 3076 C
2007 3016 2229 3073 totidem
2281 3019 2638 3074 convenirent
2666 3019 2751 3074 vel
2814 3021 2919 3076 iste
2949 3021 3065 3091 ipse
3094 3023 3347 3092 quamvis
3389 3039 3588 3093 magna

2005 3110 2465 3181 multiplicatione
2519 3119 2717 3169 auctus
2755 3112 3008 3168 sullicere
3053 3121 3235 3170 tamen
3291 3124 3479 3186 posset
3517 3117 3588 3171 ad

2003 3200 2147 3256 hanc
2178 3201 2555 3273 explicandam
2597 3204 2811 3274 copiam
2849 3219 3133 3261 numerus.
3161 3204 3316 3273 Quod
3368 3209 3416 3263 si
3470 3208 3588 3267 hare

2005 3294 2225 3350 virtutis
2246 3294 2367 3375 ejus
2399 3310 2530 3364 pars
2558 3305 2614 3351 et
2649 3295 2872 3350 laudum
2899 3297 3114 3367 species
3141 3304 3254 3353 tam
3298 3308 3452 3356 vasta
3477 3309 3586 3365 est,

2004 3384 2137 3456 quid
2171 3385 2263 3440 illa
2285 3393 2366 3440 tot
2389 3385 2598 3456 reliqua
2627 3395 2832 3456 quanta
2855 3387 3128 3458 profunda
3156 3390 3509 3448 meditatione
3527 3404 3584 3448 et

2007 3477 2361 3534 contentione
2414 3479 2659 3550 improba
2713 3487 2962 3536 extrema
3011 3481 3230 3538 demum
3284 3491 3447 3540 :ctate
3495 3485 3592 3540 vix

2005 3570 2227 3639 quidam
2287 3579 2550 3641 poterunt
2606 3571 2866 3642 assequi.
2934 3573 3135 3642 quibus
3199 3574 3400 3630 Paulus
3464 3589 3590 3630 tan-

2005 3677 2169 3732 quam
2224 3664 2506 3720 coloribus
2549 3664 2724 3736 pingit
2769 3681 3057 3721 sacrorum
3098 3667 3445 3738 principem?
3480 3668 3590 3725 Sed

2003 3771 2068 3812 ea
2100 3757 2285 3812 omnia
2331 3765 2592 3826 tanquam
2648 3756 2839 3813 eadem
2882 3772 3009 3812 cum
3069 3773 3136 3814 eo
3203 3760 3395 3816 matris
3459 3761 3590 3818 alvo

2006 3859 2269 3918 concepta
2333 3849 2645 3919 eductaque
2713 3849 2794 3906 sic
2860 3865 2988 3906 eum
3044 3851 3418 3922 sequebantur
3476 3869 3595 3908 ma-

2007 3942 2199 4012 gisque
2251 3941 2605 4011 inseparabili
2663 3957 2788 3998 cum
2869 3958 2936 3999 eo
3015 3958 3158 3999 nexu
3224 3944 3594 4010 cohaarebant,

2007 4049 2171 4105 quam
2230 4033 2476 4105 fragrare
2533 4050 2759 4091 suavem
2823 4036 3048 4092 odorem
3105 4036 3333 4094 ﬂoribus
3393 4053 3596 4094 conve-

2007 4129 2125 4182 niat
2161 4127 2256 4197 qui
2305 4127 2583 4184 odorifera
2639 4138 2837 4183 natura
2894 4138 3048 4186 sunt.
3092 4128 3460 4196 Quamobrem
3497 4129 3598 4184 im-

2009 4229 2243 4291 portuna
2299 4219 2375 4274 sit
2424 4221 2612 4290 utique
2652 4223 2708 4275 in
2760 4221 2870 4276 illis
2921 4237 3096 4276 mora.
3157 4222 3385 4277 Summa
3432 4237 3598 4291 porro

2011 4313 2284 4368 dictorum
2315 4313 2429 4368 haec
2457 4323 2596 4369 esto.
2632 4312 2822 4367 Solum
2855 4314 2998 4368 hunc
3041 4329 3107 4368 ex
3139 4315 3398 4369 omnibus
3429 4315 3598 4368 etiam

2012 4414 2139 4461 ante
2166 4405 2464 4474 diploidem
2513 4406 2805 4460 sacerdotii
2840 4407 3119 4475 propriam
3177 4416 3384 4460 vestem
3430 4419 3598 4460 orna-

2015 4510 2126 4552 tum
2159 4498 2280 4567 ejus
2313 4497 2600 4569 dignitatis
2642 4512 2860 4552 onmem
2905 4497 3173 4562 induisse,
3227 4508 3302 4560 et,
3360 4496 3407 4552 si
3467 4497 3598 4552 licet

2013 4591 2220 4656 dicere,
2265 4600 2394 4645 ante
2427 4590 2666 4646 chrisma
2697 4589 2984 4646 chrismati
3017 4589 3391 4646 succurrisse.
3416 4591 3597 4662 Atque

2013 4685 2140 4738 inde
2171 4687 2406 4738 maxime
2437 4684 2604 4738 etiam
2657 4691 2786 4736 ante
2827 4682 3058 4754 mystica
3093 4683 3250 4752 signa
3267 4679 3466 4735 summi
3505 4694 3598 4734 sa-
3690 4707 3692 4710 ν

2013 4777 2247 4834 ccrdotii
2301 4777 2462 4847 quasi
2520 4776 2702 4847 imago
2732 4777 2787 4831 in
2841 4790 2908 4831 eo
2953 4775 3172 4831 refulsit
3203 4773 3520 4843 expressior
3543 4780 3601 4826 et

2014 4871 2263 4941 exemplo
2289 4869 2524 4926 similior
2544 4884 2707 4940 quam
2727 4869 2782 4923 in
2815 4868 2922 4924 illis
2948 4868 3268 4938 plerumque
3298 4865 3475 4920 soleat
3505 4865 3601 4935 qui

2014 4965 2298 5020 consuetis
2352 4961 2612 5018 Ecclesiae
2662 4961 3006 5018 caeremoniis
3053 4975 3117 5015 ea
3165 4966 3296 5015 sunt
3332 4957 3600 5029 insigniti.

2014 5056 2156 5112 Illud
2187 5071 2320 5112 vero
2350 5071 2664 5126 quanquam
2703 5070 2798 5126 per
2849 5052 3096 5110 omnium
3133 5059 3365 5123 vagatur
3388 5067 3511 5116 ora,
3547 5059 3602 5104 et

2021 5149 2200 5203 donec
2237 5149 2341 5202 crit
2384 5149 2584 5202 coelum
2627 5156 2681 5202 et
2708 5155 2854 5201 terra
2894 5145 3076 5217 vagari
3111 5159 3220 5198 non
3255 5143 3490 5206 desinet,
3517 5150 3601 5195 ta-

2022 5257 2148 5296 men
2176 5240 2261 5294 hic
2313 5255 2532 5310 quoque
2573 5239 2685 5308 jam
2718 5234 2880 5293 dictis
2927 5237 3175 5293 accedat.
3221 5235 3390 5303 Quale
3419 5243 3600 5290 autem

1867 5355 2099 5415 ΝΟΤᾸΕ.

395 5445 510 5524 (Ξθ)
541 5444 753 5524 Πλῆβρς
779 5446 945 5524 _i_stud
987 5453 1072 5524 est
1103 5460 1364 5524 numerus
1402 5449 1627 5524 navium
1675 5459 1729 5504 ct
1756 5451 1958 5507 ducum
2001 5469 2065 5507 ac
2101 5453 2410 5515 cohortium
2443 5450 2758 5507 Graecarum
2809 5449 2965 5509 Ilium
3000 5448 3326 5524 petentium.
3369 5445 3602 5504 Παλαιὸν

323 5532 458 5573 vero
482 5518 614 5581 ἔπος
660 5519 748 5573 hic
778 5515 1004 5572 Homeri
1037 5532 1233 5573 versus
1261 5516 1435 5572 Iliad.
1462 5517 1502 5570 B
1533 5537 1548 5573 :

1064 5609 1272 5664 Οὺδέτ
1297 5627 1396 5679 μοι
1427 5611 1574 5664 δέκα
1613 5615 1729 5681 μὲν
1781 5615 2076 5683 γλῶσσαι,
2118 5617 2263 5674 δέκα
2290 5617 2358 5674 δὲ
2395 5619 2641 5691 στόματ’
2681 5614 2822 5677 εἶεν.

394 5702 508 5763 Nec
556 5705 847 5764 dissimulo
877 5706 1048 5765 videri
1077 5721 1174 5778 pro
1201 5705 1396 5777 πλήθει
1445 5708 1817 5776 reponendum
1861 5715 2079 5778 ποιητῆ.
