4070 6206
442 194 548 273 223

1671 193 1952 259 LEONIS
1983 189 2447 252 PHILOSOPHI

3597 173 3705 240 224

448 336 541 389 id?
573 332 728 400 Quod
771 331 1032 387 nimirum
1086 332 1295 401 injusto
1332 337 1385 385 et
1417 322 1685 398 praecipiti
1719 319 1930 375 calculo
1960 316 2027 370 ad

2158 330 2330 383 τεροι.
2374 310 2536 367 Ἀλλὰ
2571 310 2625 364 τί
2652 308 2841 376 ﬁdem;
2890 308 3067 380 Ὅπερ
3084 308 3196 379 γὰρ
3237 305 3374 401 τοῖςε
3393 299 3708 361 ἐπαινέταις

446 444 635 483 oreum
661 429 774 498 jam
828 428 1014 483 missis
1044 427 1278 482 reditum
1324 425 1454 480 inde
1498 416 1798 489 expedierit
1824 414 2031 469 saluta-

449 539 586 585 rem,
623 522 824 592 quibus
855 531 1035 575 autem
1063 519 1275 574 viribus
1315 525 1471 570 tanta
1508 512 1706 583 pedum
1740 507 2033 564 velocitate

450 624 637 686 pastor
681 614 774 669 hic
834 614 1011 668 bonus
1045 611 1218 665 valuit
1268 618 1327 664 ut
1362 605 1600 676 tempori
1626 603 1844 657 adesset
1887 598 2034 653 velut

451 705 517 759 ad
576 704 936 758 bebetandam
971 701 1146 756 cladis
1174 699 1424 770 jugulum
1456 696 1563 767 iam
1588 694 1811 749 libantis
1838 690 2033 754 aciem,

451 806 505 852 et
540 795 908 867 projectorum
946 794 1171 862 jamque
1221 788 1679 861 przecipitantium
1713 792 2035 839 servaturus

452 902 641 942 casum
677 893 996 954 occuparet.
1042 882 1178 950 Quis
1230 890 1324 937 aut
1375 896 1566 938 eorum
1612 878 1706 948 qui
1735 890 1878 930 nunc
1910 880 2038 929 sunt

454 988 548 1033 aut
594 980 687 1049 qui
731 979 860 1032 olim
914 976 1138 1031 fuerunt
1170 974 1337 1030 fando
1376 986 1616 1043 unquam
1668 968 1890 1024 auditus
1931 966 2038 1020 tale

453 1079 802 1141 perpetrasse
854 1068 1181 1139 quidpiam?
1241 1067 1376 1133 Quis
1410 1075 1624 1120 tantum
1681 1061 1943 1130 adjuvare
1982 1058 2039 1112 el

455 1164 722 1219 diffractis
757 1171 979 1234 repente
1015 1161 1207 1217 mortis
1232 1162 1469 1231 praedam
1507 1157 1620 1227 jam
1653 1153 1917 1221 amplexae
1950 1165 2040 1203 re-

457 1258 606 1312 tibus
634 1257 798 1310 vitam
834 1269 1092 1309 revocare
1145 1252 1395 1307 carnifici
1441 1249 1623 1322 gladio
1681 1254 1895 1301 tantum
1932 1258 2040 1296 non

453 1352 565 1421 jam
602 1348 884 1417 expulsam
919 1346 1226 1400 valuit?An
1258 1352 1342 1398 est
1372 1342 1569 1413 aliquis
1596 1347 1692 1393 aut
1722 1339 1775 1392 in
1808 1343 2039 1405 praeter-
2069 1338 2071 1340 ’

459 1444 519 1499 iti
547 1441 807 1497 memoria
850 1448 944 1492 aut
980 1439 1035 1492 in
1100 1436 1269 1491 futuri
1300 1450 1396 1503 spe
1435 1448 1499 1489 ac
1531 1433 1674 1488 serie
1699 1429 1792 1499 qui
1829 1427 2045 1481 facinus

464 1537 636 1589 ullum
669 1546 829 1589 suum
889 1529 956 1584 ad
1000 1528 1164 1597 hujus
1203 1526 1402 1582 offerre
1428 1523 1902 1594 comparationem
1943 1532 2045 1571 au-

462 1627 632 1683 deat?
687 1624 796 1694 Ego
826 1623 1046 1692 quidem
1078 1630 1227 1675 certe
1278 1633 1389 1672 non
1422 1628 1577 1687 puto.
1607 1614 1719 1669 Nisi
1764 1614 1897 1667 citet
1946 1610 2046 1664 ali-

2134 407 2192 458 ἐν
2213 407 2325 467 τοῖς
2349 405 2555 468 λοιποῖς
2582 400 3119 472 συνεπιλαμϐάνεται
3145 415 3158 428 ⁸
3196 399 3291 450 καὶ
3320 387 3430 449 οἷον
3456 394 3710 462 ἀνίστησι

2135 498 2360 570 προσιὸν
2377 499 2478 568 τὴν
2504 495 2753 567 γνώμην,
2781 496 2874 547 καὶ
2896 492 3080 564 βοηθεῖ
3103 492 3179 562 τῷ
3201 491 3365 559 λόγῳ,
3403 506 3474 558 φη
3486 487 3546 557 μὶ
3590 486 3655 553 δὴ
3684 486 3712 537 ό

2135 591 2244 644 τῶν
2272 590 2779 660 ἐγκωμιαζομένων
2811 585 3278 658 περιφανέστερος
3308 580 3401 634 τοῦ
3426 580 3543 651 βίου
3583 578 3713 648 χρό-

2137 701 2249 749 νος,
2277 681 2439 735 τοῦτο
2461 681 2590 752 ἐμοὶ
2621 678 2997 733 καταπαλαῖον
3026 678 3123 744 τὴν
3155 674 3380 744 γνώμην
3411 672 3569 741 σιγᾷν
3598 672 3720 722 ἐπι-

2137 776 2349 847 τρέπει.
2376 774 2451 828 Οὐ
2497 775 2607 843 γὰρ
2651 771 2882 834 ἐκείνοις
2923 770 3125 840 ὁμοίως
3161 766 3316 835 ἐντῷ
3345 764 3572 834 παρόντι
3594 763 3715 824 ταῖς

2140 866 2441 937 εὐφημίαις
2465 866 2521 918 αἱ
2540 864 2769 936 πράξεις
2799 863 3141 932 ἐπαίρονται.
3181 856 3503 910 Τούναντίον
3525 854 3601 917 δὲ,
3639 853 3718 923 μὴ

2139 959 2436 1031 ἀρκοῦντος
2467 958 2561 1012 τοῦ
2591 959 2778 1027 λόγου,
2814 958 2842 1009 ὁ
2864 956 2974 1009 τῶν
3023 953 3279 1024 πράξεων
3316 950 3477 1016 δγκος
3520 946 3719 1015 ἐκείνῳ

2142 1052 2591 1123 συγκαταϐαίνει.
2628 1052 2775 1104 Ἐκεῖ
2812 1050 2910 1120 μὲν
2936 1048 3045 1117 γὰρ
3067 1048 3099 1117 ἡ
3125 1046 3234 1098 τῶν
3263 1044 3436 1111 λόγων
3465 1041 3717 1109 δύναμις,

2142 1147 2204 1200 οὐ
2236 1144 2487 1216 χαλεπῶς
2512 1144 2730 1214 ἐπαίρει
2762 1144 2831 1196 τὰ
2860 1140 2998 1211 ἔργα
3021 1152 3037 1168 ⁸
3078 1136 3314 1191 ἐνταῦθα
3329 1135 3406 1198 δὲ,
3448 1134 3593 1201 λόγοι
3624 1132 3719 1199 ἕρ-

2138 1255 2254 1305 γων
2279 1238 2710 1308 ήττῶνται.Καὶ
2759 1236 2859 1305 οὐχ
2904 1236 3052 1295 ὅπως
3095 1229 3414 1302 προσθήκην
3456 1229 3533 1287 είς
3563 1226 3722 1289 δόξαν

2142 1330 2232 1384 διὰ
2279 1328 2387 1383 τῶν
2440 1330 2681 1384 ἐπαίνων
2711 1328 2780 1381 τὰ
2813 1328 2951 1397 ἔργα
2973 1323 3265 1395 λαμϐάνει,
3293 1320 3428 1374 ἀλλὰ
3449 1320 3542 1373 καὶ
3568 1318 3725 1371 πλεί-

2150 1441 2284 1493 στην
2312 1424 2443 1494 ὅσην
2469 1422 2731 1492 ὑπομένει
2776 1421 3000 1491 ζημίαν.
3059 1419 3219 1479 Ποῖος
3249 1415 3356 1485 γὰρ
3402 1412 3502 1465 οὐκ
3532 1413 3598 1465 ἂν
3633 1411 3727 1481 ζη·

2150 1517 2405 1586 μιὼσειεν
2434 1513 2655 1578 ἔπαινος
2684 1512 2837 1567 ταῦθ’
2880 1512 3072 1582 ὑμνεῖν
3099 1507 3556 1580 προαιρούμενος,
3589 1506 3626 1559 ἃ
3647 1505 3730 1576 τῷ

2147 1609 2269 1662 κατ’
2290 1608 2466 1661 ἐκεῖνο
2490 1605 2683 1677 καιροῦ
2713 1606 2782 1659 τὰ
2810 1605 3065 1674 σκῆπτρα
3084 1602 3321 1655 διέποντι
3347 1601 3635 1670 παρεγγύη
3646 1616 3726 1663 σε,

464 1721 588 1791 quis
644 1718 880 1788 primum
938 1728 1003 1767 ac
1063 1726 1340 1767 summum
1400 1722 1688 1764 sacrorum
1741 1704 2043 1760 antistitem

2156 1700 2363 1770 θανάτῳ
2404 1699 2649 1770 μέλλοντι
2682 1695 3021 1769 παραδοῦναι
3051 1695 3172 1749 καθ’
3202 1687 3275 1749 ὧν
3302 1693 3454 1746 οὐδὲν
3474 1688 3545 1763 ἦν
3574 1692 3729 1744 εὐλο-

464 1826 645 1867 meum
677 1808 888 1869 Jesum,
925 1805 1087 1874 cujus
1142 1803 1380 1874 vestigia
1435 1802 1524 1856 hic
1581 1807 1887 1854 assectatus
1917 1809 2048 1849 exa-

466 1901 731 1965 ctissime,
768 1898 872 1952 sub
896 1897 1020 1966 ipso
1051 1894 1205 1949 necis
1240 1892 1353 1948 ictu
1386 1892 1581 1962 positis
1610 1897 1664 1945 et
1697 1890 1905 1957 absque
1928 1885 2048 1955 ejus

467 1992 705 2047 adventu
738 1997 885 2045 esset
932 1986 1161 2042 omnino
1197 1986 1459 2055 perituris
1502 1983 1735 2039 salutem
1770 1987 2049 2034 momento

470 2084 689 2146 attulit;
720 2080 1032 2152 promptius
1066 2079 1157 2134 hic
1183 2078 1596 2148 jucundiusque
1650 2073 1716 2128 ad
1744 2072 2048 2144 periculum

470 2178 739 2234 accedens
793 2189 955 2245 quam
1014 2173 1079 2226 ad
1125 2171 1479 2226 remissiones
1528 2169 1731 2223 caeteri.
1776 2165 1880 2220 Sed
1922 2163 2050 2235 quid

470 2268 685 2340 patior?
718 2265 876 2332 Quod
901 2265 1049 2320 enim
1089 2262 1408 2317 laudatores
1438 2269 1669 2314 caeteros
1697 2258 1890 2328 juvare
1913 2255 2053 2311 solet

470 2371 525 2416 et
554 2359 795 2415 excitare
830 2356 990 2425 quasi
1032 2354 1302 2407 accedens
1332 2366 1397 2405 ac
1428 2350 1686 2419 expedire
1718 2347 2051 2403 sententiam

474 2447 863 2516 ingeniumque
938 2443 1212 2507 dicentis,
1264 2441 1616 2508 orationique
1688 2451 2053 2501 succurrere,

481 2541 736 2594 nimirum
804 2552 993 2592 eorum
1073 2536 1167 2605 qui
1249 2534 1546 2587 laudantur
1620 2531 2055 2586 illustrissimum

480 2633 602 2687 vita:
668 2641 923 2699 tempus,
993 2629 1099 2683 hoc
1161 2642 1345 2681 meum
1410 2639 1679 2695 prensans
1748 2623 2059 2692 sistensque

480 2738 789 2780 sermonem
854 2722 1019 2776 silere
1081 2720 1297 2775 suadet.
1346 2717 1465 2772 Non
1519 2717 1663 2771 enim
1722 2722 1783 2769 ut
1835 2714 1890 2768 in
1951 2714 2060 2768 illis

482 2816 852 2887 panegyribus
918 2813 993 2868 ita
1068 2813 1159 2867 hic
1213 2823 1433 2881 quoque
1497 2808 1790 2879 exquisitis
1842 2805 2059 2862 dicendi

485 2908 678 2963 formis
746 2921 814 2961 ex
879 2918 1075 2975 magna
1149 2902 1475 2974 eloquentia:
1540 2902 1592 2955 vi
1648 2898 1908 2970 profectis
1976 2897 2059 2952 fa-

482 3001 674 3055 cinora
739 2997 997 3068 praeclara
1041 2996 1331 3051 tolluntur.
1394 2994 1502 3048 Sed
1547 2992 1639 3047 hic
1695 3007 1726 3048 e
1782 2988 2064 3046 contrario

484 3091 777 3161 eloquendi
835 3088 1086 3146 facultati
1114 3103 1211 3159 per
1250 3102 1308 3143 se
1341 3086 1539 3157 impari
1571 3093 1625 3140 et
1655 3086 1934 3140 exhaustae
1964 3083 2065 3137 im-

484 3193 738 3233 mensum
798 3178 866 3232 de
913 3192 1057 3232 novo
1091 3192 1273 3232 rerum
1323 3176 1704 3231 excellentium
1754 3173 1968 3245 pondus
1990 3173 2071 3228 in-

488 3272 720 3326 cumbit.
749 3271 869 3325 Illic
897 3273 1045 3325 enim
1080 3268 1315 3323 facultas
1340 3269 1557 3324 diCendi
1592 3268 1893 3339 praevalens
1930 3264 2070 3319 haud

2146 1808 2241 1860 γον
2286 1792 2515 1854 θάνατος
2567 1789 2951 1860 κεκτημένοςζς
2982 1788 3397 1841 Κωνσταντῖνον
3431 1785 3489 1837 δὲ
3522 1786 3549 1837 ό
3573 1785 3733 1851 λόγος

2148 1882 2466 1946 αἰνίττεται,
2515 1882 2573 1945 ὃς
2624 1882 2841 1953 πρῶτος
2869 1880 3153 1943 εὐσεϐείας
3182 1880 3499 1951 μαργάροις
3527 1877 3735 1945 κοσμεῖ

2149 1975 2210 2027 τὸ
2245 1973 2505 2041 διάδημα.
2540 1973 2651 2025 Καὶ
2672 1974 2699 2024 ό
2731 1972 2829 2042 μὲν
2871 1970 3104 2041 γηραιὸς
3123 1970 3315 2041 χρόνος
3356 1968 3562 2031 πολλὰς
3602 1968 3739 2037 ὑμῖν

2152 2068 2429 2137 ἐξηγεῖται
2448 2064 2601 2135 παρὰ
2627 2063 2761 2117 Θεοῦ
2790 2064 3142 2135 θεραπόντων
3171 2061 3521 2124 ἐπιστασίας,
3550 2077 3738 2129 παρα-

2152 2159 2387 2228 πλησίαν
2422 2158 2479 2211 δὲ
2532 2157 2791 2227 οὐδεμίαν
2841 2156 2956 2223 ἕξει
3005 2155 3367 2225 ἀπαγγελεῖν.
3427 2154 3571 2223 Ἤδη
3623 2152 3737 2220 γάρ

2152 2268 2299 2313 τινες
2325 2250 2612 2320 ἀφειμένοι
2642 2250 2740 2319 τῆς
2768 2247 3108 2320 βαρυνούσης
3152 2246 3482 2318 παχύτητος,
3512 2246 3605 2299 καὶ
3626 2245 3738 2296 τῶν

2154 2343 2490 2414 όστρακίνων
2534 2341 2769 2409 ἐξιόντες
2822 2340 3064 2412 ἐλύτρων
3096 2381 3112 2407 ,
3140 2340 3236 2393 καὶ
3297 2339 3405 2392 τῶν
3456 2340 3743 2407 ἐσόπτρων

2156 2433 2596 2505 ὑπερκύψαντες,
2644 2433 2740 2486 καὶ
2767 2435 2880 2496 τοῖς
2908 2433 3096 2496 ἀΰλοις
3127 2431 3413 2497 συνόντες,
3438 2429 3535 2483 καὶ
3574 2427 3744 2497 μηδὲν

2161 2529 2431 2598 ἑπόμενον
2454 2528 2554 2598 τῆς
2581 2526 2715 2598 ῦλης
2757 2526 3009 2598 ἐμποδὼν
3039 2527 3275 2598 ἔχοντες,
3311 2528 3424 2588 τοῖς
3454 2523 3746 2596 πόρρωθεν

2160 2620 2420 2675 καλοῦσιν
2450 2620 2786 2690 ἐπέστησαν,
2822 2622 3103 2692 πληρωταὶ
3141 2619 3428 2689 γεγονότες
3472 2612 3547 2670 ὧν
3575 2617 3745 2688 ἔχρῃ-

2162 2710 2253 2774 ζον
2285 2713 2340 2763 ἐν
2375 2708 2573 2782 καιρῷ.
2631 2710 2769 2780 Πρὶν
2817 2710 2874 2763 δὲ
2908 2711 3034 2774 τοὺς
3091 2710 3384 2779 σαρκίνους
3432 2709 3747 2778 ἀπορρῆξαι

2162 2803 2419 2873 δεσμοὺς,
2477 2803 2604 2857 ὅσον
2634 2802 2848 2874 ὑπῆρξε
2882 2801 3079 2874 μακρῷ
3129 2802 3502 2870 διαγεγονέναι
3526 2800 3603 2869 τῷ
3633 2799 3749 2851 δια-

2167 2896 2428 2966 στήματι,
2485 2893 2742 2949 τοσοῦτον
2790 2896 2884 2948 καὶ
2924 2894 3131 2947 τούτων
3166 2892 3482 2948 καλούντων
3516 2890 3751 2944 ἀκοῦσαι

2171 2988 2268 3042 καὶ
2326 2989 2632 3059 παρασχεῖν
2667 2986 2763 3059 τὴν
2799 2986 3124 3059 ἐπικουρίαν
3173 2984 3548 3059 πορρώτερον,
3583 2981 3661 3053 τῷ
3694 2983 3753 3035 δὲ

2170 3079 2251 3134 ἔτι
2279 3080 2492 3134 συνόντι
2520 3082 2641 3145 ταῖς
2674 3081 3013 3151 σωματικαῖς
3031 3078 3239 3141 πέδαις.
3269 3077 3336 3130 Et
3361 3094 3424 3145 γε
3453 3077 3558 3147 χρὴ
3586 3076 3757 3144 φάναι

2170 3172 2385 3243 σώματι
2416 3175 2696 3239 παρεῖναι,
2744 3165 2805 3226 οὗ
2832 3173 2867 3242 ἡ
2896 3171 3120 3244 βοήθεια
3147 3172 3259 3233 τοῖς
3308 3169 3492 3231 ἀΰλοις
3520 3166 3757 3238 ἐφάμιλ-

2172 3265 2262 3329 λος
2313 3265 2683 3336 συμϐἐϐηκεν,
2726 3264 2803 3329 ὡς
2829 3265 2929 3336 τῆς
2971 3264 3180 3318 ἐκεῖθεν
3206 3262 3611 3334 ἀπηλλαγμένῳ
3646 3278 3757 3313 κω-

488 3364 765 3419 laboriose
817 3362 1022 3417 attollit
1074 3378 1240 3433 opera
1270 3360 1592 3423 laudabilia,
1619 3359 1709 3414 hic
1747 3367 1933 3413 autem
1960 3358 2057 3413 elo-

2174 3359 2355 3431 λύμης
2396 3359 2532 3430 ὁμοῦ
2555 3376 2615 3413 τε
2647 3360 2893 3425 ἀπεῖναι,
2919 3360 3015 3413 καὶ
3044 3360 3152 3413 τῶν
3186 3358 3495 3413 καλούντων
3520 3355 3758 3427 ἀκηκοέ-

489 3457 713 3527 quentia
773 3456 953 3511 omnis
1008 3455 1176 3510 rebus
1216 3452 1479 3507 vincitur.
1544 3452 1622 3506 Ac
1674 3458 1885 3505 tantum
1926 3450 2056 3505 abes

2179 3469 2290 3515 ναι,
2323 3452 2418 3506 καὶ
2444 3453 2537 3505 ἐπὶ
2574 3451 2738 3523 ξυροῦ
2770 3452 3003 3505 ἑστῶσιν
3031 3451 3215 3515 αὐτοῖς
3265 3452 3523 3521 παρεῖναι
3553 3449 3756 3519 σωτήρ.

490 3559 551 3604 ut
580 3556 932 3617 augmentum
946 3546 1133 3617 gloriae
1161 3562 1225 3601 ex
1252 3542 1728 3599 commendatione
1749 3540 2022 3597 laudantis
2057 3556 2223 3612 opera
2252 3542 2544 3613 accipiant,
2578 3550 2637 3596 ut
2661 3541 2825 3597 etiam
2845 3541 3121 3611 jacturam
3144 3542 3421 3612 patiantur
3442 3539 3757 3597 maximam.

490 3644 622 3710 Qua:
665 3643 811 3697 enim
848 3643 1063 3696 tandem
1089 3639 1335 3695 laudatio
1387 3653 1498 3693 non
1534 3650 1597 3690 ea
1650 3635 1833 3706 potius
1889 3634 2162 3705 deprimat
2197 3650 2361 3705 quam
2399 3634 2637 3690 celebret
2661 3636 2706 3690 si
2729 3643 2971 3690 tractare
3016 3634 3365 3707 aggrediatur
3404 3648 3524 3703 quae
3549 3647 3643 3703 per
3674 3633 3765 3686 illa

497 3748 742 3802 tempora
775 3740 994 3801 sceptra
1026 3729 1333 3785 moderanti
1373 3725 1678 3791 mandavit,
1723 3724 1890 3781 morti
1976 3724 2235 3780 addicere
2290 3726 2502 3794 paranti
2550 3724 2816 3795 quosdam
2868 3727 2923 3781 in
2980 3728 3180 3797 quibus
3259 3736 3447 3797 utpote
3523 3726 3765 3781 innoxiis

494 3827 629 3882 nihil
661 3840 822 3878 suum
855 3838 1004 3878 mors
1041 3823 1301 3877 habebat.
1348 3818 1773 3875 Constantinum
1819 3816 2071 3887 designat
2108 3817 2286 3871 oratio
2317 3817 2413 3888 qui
2446 3818 2657 3887 primus
2679 3818 2960 3890 religionis
2988 3820 3299 3890 margaritis
3365 3819 3581 3875 ornavit
3649 3819 3766 3873 dia-

492 3920 671 3972 dema.
700 3918 779 3970 Ae
812 3924 968 3970 vetus
996 3928 1128 3970 sane
1150 3913 1412 3969 memoria
1447 3910 1619 3981 prisci
1639 3910 1901 3980 temporis
1933 3910 2132 3962 multas
2156 3908 2317 3964 nobis
2384 3918 2575 3962 narrat
2636 3908 2730 3964 Dei
2798 3925 3081 3965 servorum
3125 3910 3499 3981 apparitiones
3557 3910 3770 3964 subitas

493 4023 545 4067 et
576 4011 898 4082 praesentias
940 4024 1005 4062 ex
1033 4007 1330 4078 longinquo
1365 4012 1645 4060 momento
1708 4005 1997 4066 adductas,
2031 4003 2267 4057 similem
2341 4017 2475 4058 vero
2526 4002 2691 4072 hujus
2744 4005 2949 4058 nullam
2998 4006 3199 4075 poterit
3271 4004 3487 4059 aﬂ‘erre.
3532 4001 3591 4057 ln
3661 4003 3772 4059 illis

494 4108 637 4163 enim
698 4104 949 4175 deposita
999 4109 1374 4174 praegravante
1426 4100 1610 4156 carnis
1666 4099 1830 4163 mole,
1920 4097 2113 4153 testeis
2185 4111 2482 4166 corporum
2537 4098 2840 4153 involucris
2898 4100 3106 4169 egressi
3160 4114 3227 4154 ac
3286 4113 3452 4168 supra
3521 4097 3771 4167 Specula,

494 4214 730 4272 quorum
791 4198 882 4252 hic
939 4197 993 4251 in
1030 4193 1344 4251 simulacris
1373 4200 1428 4249 et
1477 4192 1814 4249 obscuritate
1844 4192 2072 4256 Vivitur,
2144 4189 2347 4243 intuitu
2391 4189 2579 4244 liberte
2626 4192 2827 4246 mentis
2898 4192 3179 4263 expedito,
3231 4191 3575 4247 familiariter
3649 4206 3776 4244 vero

497 4305 683 4353 santes
710 4307 837 4348 cum
894 4288 1195 4360 segregatis
1246 4303 1277 4341 a
1316 4286 1548 4341 materia
1594 4285 1892 4349 mentibus,
1928 4283 2078 4338 nulla
2113 4283 2225 4353 jam
2293 4298 2484 4337 earum
2552 4299 2736 4338 rerum
2765 4300 2887 4355 qua:
2922 4287 3207 4340 materiam
3240 4296 3543 4355 sequuntur
3597 4282 3776 4351 impe-

501 4392 802 4448 dimentum
835 4393 930 4441 aut
968 4396 1180 4438 moram
1213 4380 1348 4452 ipsis
1375 4379 1691 4449 objiciente,
1751 4376 2078 4449 quibusdam
2121 4376 2274 4447 ipsos
2323 4376 2392 4431 ad
2440 4390 2500 4431 se
2530 4377 2720 4446 procul
2756 4378 3082 4432 vocantibus
3157 4386 3382 4447 repente
3450 4375 3770 4440 adfuerunt,

420 4518 425 4521 -
498 4494 867 4559 opportunum
926 4478 1191 4535 auxilium
1251 4470 1616 4547 praesentibus
1682 4488 1874 4529 eorum
1943 4469 2368 4528 necessitatibus
2427 4471 2612 4525 laturi.
2666 4472 2736 4525 At
2775 4471 2879 4526 hoc
2947 4472 3088 4526 idem
3132 4470 3316 4528 facere
3359 4481 3487 4526 ante
3542 4472 3771 4541 abrupta

500 4583 687 4638 carnis
718 4576 962 4642 vincula,
1006 4586 1115 4628 tam
1174 4572 1361 4641 longo,
1391 4573 1638 4639 inquam,
1673 4584 1739 4624 ex
1778 4568 2087 4633 intervallo,
2130 4568 2420 4641 mortalem
2452 4567 2632 4623 adhuc
2689 4576 2742 4621 et
2768 4578 3025 4623 vocantes
3070 4568 3347 4622 audivisse
3389 4577 3443 4622 et
3512 4568 3775 4621 auxilium

502 4669 946 4746 periclitantibus
973 4672 1424 4735 repraasentasse,
1460 4663 1513 4716 id
1553 4676 1690 4716 vero
1756 4670 1907 4716 tanto
1993 4662 2286 4715 intervallo
2339 4662 2599 4729 przrcedit
2666 4670 2831 4729 atque
2890 4661 3167 4715 antecellit
3226 4660 3317 4714 illa
3370 4676 3493 4730 qua:
3541 4661 3781 4715 diximus

506 4767 771 4823 miracuia
804 4770 1011 4833 quanta
1058 4761 1165 4814 fuit
1197 4757 1463 4813 distantia
1497 4757 1744 4810 locorum
1773 4756 1826 4809 in
1859 4770 2094 4824 quorum
2137 4755 2256 4825 ipse
2290 4755 2486 4819 altero,
2519 4757 2571 4809 in
2606 4755 2782 4810 altero
2810 4755 3014 4820 Caesar,
3042 4764 3155 4809 tum
3189 4764 3367 4810 erant.
3424 4755 3557 4820 Quae
3629 4756 3782 4807 miri.

506 4862 604 4915 lica
632 4859 913 4915 celeritate
958 4854 1262 4926 pervolavit
1300 4864 1621 4920 corporeos,
1671 4849 1872 4919 quibus
1912 4849 2092 4903 adhuc
2127 4858 2245 4904 erat
2274 4849 2599 4919 implicitus,
2658 4851 2906 4920 laqueos,
2943 4859 3091 4903 tanta
3127 4852 3176 4903 vi
3209 4850 3481 4904 eluctatus
3542 4859 3600 4917 ut
3678 4860 3784 4902 tam

506 4955 700 5026 procul
727 4968 929 5021 corpus
982 4962 1144 5003 suum
1207 4952 1485 4998 momento
1518 4944 1758 4998 sisteret.
1816 4940 1871 4996 Si
1909 4944 2087 4998 tamen
2134 4942 2317 4998 dicere
2343 4958 2481 5013 opus
2500 4956 2584 4998 est
2614 4959 2844 5014 corpore
2874 4954 3195 5012 praesentem
3228 4943 3339 4998 illic
3405 4944 3576 4999 fuisse
3630 4944 3788 5008 cujus

507 5061 773 5103 accursus
819 5056 1196 5101 etsuccursus
1221 5038 1313 5093 ille
1366 5035 1602 5090 actionis
1653 5036 2099 5103 incorporearum
2176 5038 2443 5091 mentium
2490 5037 2722 5092 :ernulus
2776 5038 2935 5108 quasi
2993 5048 3046 5093 et
3100 5037 3219 5107 ipse
3296 5041 3444 5093 omni
3499 5038 3783 5107 expeditus

508 5143 751 5207 materiae
809 5143 951 5197 mole
1007 5142 1313 5197 absentiam
1361 5159 1517 5197 suam
1570 5158 1694 5194 enm
1750 5140 2102 5194 exauditione
2143 5139 2454 5209 rogantium
2521 5142 2673 5196 visus
2734 5148 2819 5195 est
2874 5142 3275 5212 conjunxisse:
3340 5156 3487 5205 uno,
3540 5140 3790 5210 inquam,

511 5244 792 5292 momento
826 5236 983 5307 longe
1006 5236 1249 5292 abfuisse
1282 5245 1336 5291 et
1389 5237 1443 5290 in
1479 5236 1596 5288 acie
1628 5235 1907 5288 novacula:
1944 5234 2140 5304 positis
2175 5236 2428 5304 praesenti
2464 5236 2670 5289 auxilio
2698 5234 2946 5291 adfuisse
2973 5237 3167 5292 salutis
3210 5244 3516 5290 auctorem.

583 5349 777 5407 Utrum
839 5349 1007 5418 igitur
1059 5366 1169 5405 non
1214 5360 1599 5405 consentaneae
1639 5350 1909 5416 dicebam,
1958 5349 2101 5403 unde
2136 5366 2178 5420 υ

498 5438 639 5494 aliis
689 5438 926 5493 facultas
982 5440 1247 5495 orationis
1305 5439 1515 5507 allluit,
1561 5438 1798 5493 indidem
1858 5439 2097 5508 inopiam

517 5531 647 5587 mihi
690 5531 961 5586 sermonis
1009 5533 1310 5587 exsistere?
1356 5530 1475 5586 Jam
1518 5532 1662 5586 enim
1705 5534 1758 5585 in
1816 5530 2100 5585 illustriori

513 5624 639 5679 vita:
670 5623 791 5680 loco
830 5624 1169 5681 constitutus
1194 5624 1311 5693 ejus
1349 5640 1506 5694 quem
1542 5624 1706 5677 laudo
1740 5625 1865 5690 viri,
1903 5624 2101 5695 quibus

2277 5346 2405 5419 ⁷Αρ’
2440 5345 2533 5403 οὖν
2568 5349 2876 5414 ἀπεικότως
2908 5350 3150 5421 ἐφάμην,
3184 5349 3260 5414 ὡς
3302 5348 3427 5403 ὃοεν
3468 5348 3579 5407 τοῖς
3609 5344 3792 5405 ἄλλοις

2209 5439 2306 5492 τοῦ
2353 5440 2535 5510 λέγειν
2564 5443 2599 5511 ἡ
2629 5440 2882 5513 εὐπορία,
2935 5442 3147 5497 ἐκεῖθεν
3180 5441 3304 5511 ἐμοὶ
3335 5438 3698 5511 παραγίνεται
3759 5438 3792 5505 ἡ

2210 5531 2440 5601 ἀπορία.
2479 5533 2620 5603 ’Ἤδη
2656 5536 2767 5604 γὰρ
2822 5534 2879 5585 ἐν
2915 5532 3364 5601 περιφανεστέρῳ
3415 5529 3509 5582 τοῦ
3548 5527 3663 5598 βίου
3698 5526 3793 5578 τοῦ

2214 5623 2309 5677 νῦν
2338 5627 2615 5690 καταστὰς
2645 5625 3096 5696 εὐφημουμένου,
3132 5625 3232 5677 οὐκ
3262 5624 3369 5693 ἔχω
3394 5623 3445 5676 τί
3478 5626 3793 5693 χρήσωμαι,
