4070 6206
530 286 632 349 231

1787 273 1980 333 LEON
1991 273 2059 331 IS
2100 274 2227 332 PHI
2239 273 2551 333 LOSOPHI

3667 271 3787 336 232

532 399 649 464 ipsa
673 391 724 445 id
744 388 889 460 quod
909 395 1026 440 erat
1051 398 1296 441 omnium
1317 383 1586 437 bonorum
1619 379 2096 448 speciosissimum.

2212 398 2320 433 των
2351 380 2530 433 καλῶν
2561 380 2620 431 τὸ
2648 380 2871 449 ὡραῖον.
2909 380 3052 449 Αὐτὴ
3093 380 3186 431 τοῦ
3238 377 3379 442 υἱοῦ,
3421 379 3520 447 τῆς
3552 380 3684 450 πρὸς
3717 382 3783 432 τά

529 484 649 553 Ipsa
693 496 818 537 cum
850 479 975 533 aliis
1022 473 1514 534 sollicitudinibus,
1553 485 1674 538 quae
1716 478 1846 522 sunt
1895 470 2100 532 multa),

531 575 836 640 viduitatis,
879 584 1078 640 magno
1126 579 1311 620 amore
1342 577 1530 616 curam
1577 562 1820 631 gerebat,
1857 569 1916 614 ut
1960 561 2103 615 filius

530 670 929 722 incrementum
984 661 1283 726 acciperet,
1318 661 1378 706 ut
1424 667 1545 721 qua:
1592 667 1719 706 vere
1765 660 1911 708 esset
1956 652 2104 707 illius

531 764 727 818 mater,
771 754 888 820 ipsa
919 763 1139 819 quoque
1169 746 1251 800 illi
1271 758 1468 798 rursus
1497 756 1557 798 se
1584 740 1816 795 formam
1855 742 2103 811 praebens

529 854 584 899 et
637 841 1009 912 resplendens.
1040 839 1156 902 Qua
1203 835 1419 890 ratione
1459 833 1710 903 speciose
1742 848 1958 902 quoque
1998 831 2107 887 fru-

529 946 652 990 ctus
696 934 935 1003 praebent
971 926 1371 996 conjiciendam
1403 939 1694 979 causarum
1736 924 2103 978 nobilitatem.

526 1025 662 1077 Cum
697 1030 872 1075 autem
905 1027 1179 1073 teneretur
1209 1029 1392 1070 amore
1414 1014 1784 1085 philosophiae,
1811 1021 1864 1067 et
1891 1012 2105 1068 dicendi

529 1111 826 1173 facultatis,
863 1110 1092 1163 ventitat
1129 1107 1196 1161 ad
1257 1107 1462 1176 primos
1508 1105 1764 1159 doctores
1796 1119 1863 1158 ex
1914 1103 1981 1158 iis
2011 1103 2104 1171 qui

528 1211 685 1256 erant
735 1197 1038 1254 Antiochiae
1093 1195 1379 1266 (Libanius
1439 1202 1619 1248 autem
1671 1201 1803 1246 tune
1879 1202 1998 1245 erat
2053 1197 2108 1243 et

527 1291 982 1362 Andragathius).
1009 1288 1113 1353 Qui
1141 1286 1464 1340 brevissimo
1489 1295 1732 1354 tempore
1755 1298 1818 1337 ea
1841 1283 2102 1353 percepit,

528 1397 650 1452 qure
680 1383 860 1451 longis
898 1395 1165 1434 annorum
1197 1388 1251 1433 et
1281 1378 1527 1432 noctium
1570 1376 1863 1431 curriculis
1895 1375 1987 1428 alii
2016 1375 2105 1429 vix

529 1474 748 1527 tandem
802 1470 1134 1540 percipiunt,
1187 1469 1384 1525 sedens
1426 1468 1668 1536 optimus
1697 1467 1863 1534 judex
1915 1479 2104 1520 eorum

528 1579 650 1632 quae
670 1562 1062 1631 percipiuntur
1094 1559 1452 1628 intelligentia
1479 1575 1493 1623 ;
1530 1567 1583 1610 et
1618 1571 1680 1610 ea
1714 1556 1954 1625 quidem,
1984 1568 2103 1622 qua:

528 1661 688 1706 erant
730 1651 905 1713 utilia,
940 1663 1036 1704 sua
1074 1647 1409 1702 conﬁrmans
1434 1645 1709 1701 sententia
1737 1663 1751 1709 ;
1779 1659 1899 1713 qua:
1923 1656 2102 1698 auten:

2209 471 2441 542 κρείττω
2482 469 2620 539 μετὰ
2664 469 2770 520 τῶν
2795 468 2993 522 ·άλλων
3037 469 3337 538 φροντίδων
3376 467 3692 530 ἐπιδόσεως,
3728 469 3784 519 αἳ

2209 561 2404 613 πολλαὶ
2427 560 2525 630 τῆς
2554 559 2780 630 χηρείας
2804 560 2926 612 ὅσαι
2952 560 3178 628 ἡμέραι,
3209 558 3297 610 διὸ.
3329 558 3533 627 πολλῆς
3562 557 3785 626 άγάπης

2211 652 2571 722 ἐπεμελεῖτο,
2630 651 2815 720 μήτηρ
2855 650 3062 702 ἐκείνου
3115 647 3193 717 τῷ
3243 650 3357 702 ϐντι
3405 649 3782 715 τυγχάνουσα,

2210 742 2447 811 κάκείνῳ
2481 741 2641 794 πάλιν
2683 739 2825 809 αὕτη
2873 736 3396 810 χαρακτηριζομένη
3427 740 3525 790 καὶ
3553 737 3786 808 διαλάμιι

2213 849 2391 885 πουσα
2411 848 2427 862 ’
2460 827 2494 905 ᾖ
2535 830 2628 884 καὶ⁵
2659 831 2766 883 τῶν
2789 830 3018 901 καρπῶν
3047 831 3096 882 οἱ
3127 831 3322 899 ὡραῖοι
3344 828 3406 882 τὸ
3433 827 3648 896 εὐγενὲς
3679 829 3785 882 τῶν

2211 921 2400 975 αἰτίων
2449 920 2950 989 διατεκμαίρονται.
2985 920 3191 989 Ἔρωτι
3225 918 3283 971 δὲ
3334 917 3652 984 φιλοσοφίας
3693 918 3786 970 καὶ

2211 1012 2440 1075 κάλλους
2488 1011 2778 1082 ῥητορείας
2818 1011 3102 1080 ἐχόμενος,
3135 1011 3250 1073 τοῖς
3288 1008 3528 1079 πρώτοις
3572 996 3681 1060 τῶν
3728 1009 3785 1060 ἑν

2224 1102 2524 1172 ’Δντιοχεία
2583 1102 2889 1173 προσφοιτᾷ
2949 1101 3264 1162 παιδευταῖς
3315 1099 3591 1168 (Λιϐάνιος
3635 1097 3681 1150 δ’
3715 1093 3783 1166 ἦν

2211 1193 2330 1245 τότε
2371 1193 2466 1245 καὶ
2520 1190 2950 1262 Ἀνδραγάθιος),
2991 1193 3176 1244 ἐκεῖνα
3236 1189 3563 1260 βραχυτάτῳ
3608 1188 3784 1257 χρόνῳ

2215 1282 2558 1353 συνειλοχὼς,
2588 1282 2623 1335 ἃ
2665 1285 2904 1352 μακραῖς
2953 1281 3090 1334 ὲτῶν
3126 1282 3218 1334 καὶ
3253 1280 3467 1332 νυκτῶν
3518 1278 3784 1348 περιόδοις

2216 1375 2374 1443 μόγις
2405 1373 2612 1443 ἑτέροις
2643 1373 3009 1441 συλλέγονται,
3033 1372 3224 1441 κριτὴς
3248 1371 3471 1441 άριστος
3497 1370 3606 1423 τῶν
3640 1387 3784 1422 νοου-

2215 1463 2390 1534 μένων
2427 1464 2760 1533 καθήμενος·
2794 1464 2890 1517 καὶ
2937 1466 3050 1524 τοῖς
3103 1462 3221 1531 μὲν,
3257 1462 3358 1515 ὅσα
3397 1457 3652 1530 χρειώδη,
3686 1460 3783 1528 τὴν

2210 1554 2389 1622 ψῆφον
2422 1555 2719 1624 ὲπικυρῶν,
2752 1556 2864 1615 τοῖς
2897 1553 2979 1617 δὲ,
3009 1554 3108 1606 ὅσα
3140 1552 3450 1624 ληρούντων
3489 1552 3521 1620 ἢ
3555 1568 3782 1620 χασμω-

2217 1641 2395 1709 μένων
2425 1641 2854 1712 μεμυθολόγητο,
2886 1641 3073 1712 μακρὰ
3109 1641 3687 1711 άποδιαπεμπόμενος.

531 1778 558 1813 ε,
612 1743 944 1813 nugantibus
997 1749 1092 1794 aut
1142 1738 1504 1795 oscitantibus
1555 1737 1804 1791 fabulose
1875 1734 2107 1789 conficta
2138 1728 2379 1795 fuerant.
2412 1733 2614 1800 jubens
2646 1735 2874 1788 multum
2907 1734 3104 1788 valere.

598 1837 652 1889 4.
687 1835 814 1887 Post
844 1846 960 1895 eos,
995 1829 1252 1898 quoniam
1277 1828 1582 1882 satietatem
1610 1841 1718 1879 non
1753 1833 1963 1893 poterat
2008 1837 2096 1877 ca-

2273 1821 2334 1877 δ’.
2358 1824 2512 1877 Μετὰ
2542 1825 2783 1891 τούτους,
2810 1825 2995 1894 ἐπειδὴ
3023 1825 3182 1894 κόρον
3205 1826 3302 1878 οὐκ
3334 1821 3477 1879 οἶδεν
3505 1825 3649 1893 ἔχειν
3678 1825 3783 1891 φύ-

531 1943 657 1995 pere
697 1926 972 1994 ingenium
1003 1960 1017 1984 ,
1051 1920 1197 1991 quod
1230 1920 1518 1974 tenebatur
1549 1932 1734 1971 amore
1761 1915 2098 1984 contempla-

531 2017 693 2070 tionis
729 2013 1049 2073 meliorum,
1091 2009 1291 2078 migrat
1331 2006 1396 2060 ad
1450 2007 1760 2076 magistros.
1811 2004 1906 2073 qui
1942 2009 2098 2059 erant

527 2104 759 2160 Athenis
803 2111 979 2155 matre
1024 2098 1307 2154 doctrinae.
1362 2097 1482 2160 Quo
1516 2097 1678 2150 etiam
1711 2098 1764 2147 in
1804 2094 1946 2158 loco,
1974 2107 2095 2147 cum

529 2210 650 2265 qua:
670 2188 796 2248 sunt
835 2191 1040 2260 optima
1071 2186 1436 2257 capacissimo
1469 2185 1706 2253 ingenio,
1746 2183 1907 2239 citius
1935 2197 2096 2252 quam

526 2288 750 2355 spongia
778 2284 1082 2344 humorem,
1127 2278 1420 2340 hausisset,
1458 2283 1575 2330 erat
1605 2289 1813 2344 magnae
1839 2273 2095 2327 omnibus

527 2372 896 2430 admirationi.
954 2366 1094 2423 Hinc
1142 2367 1411 2421 adversus
1454 2381 1576 2419 eum
1640 2365 1819 2419 laeum
1867 2373 2096 2433 occupat

526 2467 732 2522 invidia
757 2505 773 2529 ,
803 2463 1038 2518 excitata
1077 2459 1194 2529 ejus
1224 2458 1384 2510 bonis
1418 2457 1833 2511 excellentibus.
1877 2456 2094 2511 Modum

526 2566 707 2612 autem
742 2552 1013 2623 significet
1039 2551 1235 2614 oratio,
1272 2548 1484 2602 etiamsi
1535 2549 1770 2601 maxime
1802 2547 1975 2603 vitare
2002 2561 2093 2602 sa-

526 2649 771 2702 tietatem
805 2649 980 2695 curet.
1015 2639 1338 2693 Anthemius
1357 2638 1615 2693 sacerdos
1646 2637 1864 2706 quidam
1893 2637 2092 2692 Miner-

523 2754 627 2802 vas,
669 2745 798 2789 tunc
846 2731 1074 2784 Athenis
1101 2731 1154 2783 in
1188 2736 1337 2782 tanta
1371 2728 1670 2782 habebatur
1710 2728 2090 2793 admiratione,

525 2827 767 2884 utetiam
801 2825 847 2878 ei
899 2823 1125 2877 fecerint
1151 2829 1410 2885 statuam,
1442 2835 1563 2888 quae
1608 2834 1799 2873 omnes
1843 2820 2092 2873 trahebat

523 2920 592 2973 ad
627 2917 1068 2972 admirationem.
1095 2911 1201 2966 Sed
1237 2911 1282 2966 is
1316 2909 1535 2980 quidem
1569 2910 1878 2964 celebratus
1909 2910 2091 2965 evadit

524 3008 834 3080 arrogantia
862 3025 876 3071 ;
904 3005 1143 3060 Joannes
1172 3010 1354 3056 autem
1413 3000 1832 3056 mansuetudine
1887 3010 1941 3056 et
1988 3002 2091 3056 hu-

524 3102 756 3154 militate
811 3105 863 3152 et
927 3093 1299 3149 moderatione
1371 3091 1617 3161 spiritus.
1675 3091 1912 3146 Veniunt
1979 3094 2090 3147 haec

2206 1931 2307 1976 σις,
2339 1913 2567 1984 θεωρίας
2621 1915 2804 1985 ὁρῶσα
2833 1915 2941 1968 τῶν
2973 1915 3292 1984 ἀμεινόνων,
3346 1916 3436 1967 ἐπὶ
3464 1916 3589 1976 τοὺς
3617 1916 3676 1966 ὲν
3711 1918 3777 1983 τῇ

2206 2005 2372 2076 μητρὶ
2401 2005 2509 2057 τῶν
2559 2005 2897 2074 λόγων¹ταῖς
2945 2007 3198 2075 Ἀθήναις
3251 2007 3610 2067 διδασκάλους
3648 2023 3780 2074 μετ-

2203 2095 2516 2149 αναστεύει·
2551 2097 2831 2152 κάνταῦθα
2860 2100 2930 2151 τὰ
2977 2099 3255 2162 κάλλιστα,
3302 2098 3378 2168 τῷ
3402 2099 3782 2166 δεκτικωτάτῳ

2201 2188 2298 2257 τῆς
2326 2187 2559 2255 φύσεως,
2589 2190 2781 2243 θᾶττον
2826 2191 2858 2260 ἦ
2882 2191 3119 2258 σπόγγος
3160 2190 3400 2259 ῥανίδας,
3429 2190 3778 2258 ἀνιμησάμε-

2201 2294 2310 2342 νος,
2337 2278 2425 2332 διὰ
2451 2278 2650 2330 πολλοῦ
2677 2279 2772 2333 τοῦ
2805 2279 3079 2349 θαύματος
3131 2281 3305 2333 ἆπαοι
3365 2279 3600 2347 ἐγένετο.
3665 2281 3780 2331 Ἑν-

2200 2368 2390 2421 τεῦθεν
2446 2371 2628 2441 χώραν
2679 2372 2707 2422 6
2753 2371 2944 2438 φθόνος
3005 2371 3126 2423 κατ’
3171 2369 3336 2423 αὐτοῦ
3375 2371 3666 2440 λαμϐάνει,
3700 2371 3779 2439 τῷ

2203 2462 2588 2531 ὑπερϐάλλοντι
2609 2461 2716 2513 τῶν
2733 2460 2914 2514 καλῶν
2934 2460 3027 2514 τοῦ
3055 2462 3246 2532 ἀνδρὸς
3260 2461 3774 2532 άναρῤιπιζόμενος.

2200 2553 2448 2616 Δηλούτω
2476 2552 2530 2604 δὲ
2551 2553 2640 2604 τὸν
2661 2553 2859 2621 τρόπον
2884 2553 2910 2603 6
2934 2552 3115 2620 λόγος,
3138 2553 3186 2604 ει
3221 2552 3424 2604 καὶτὸν
3457 2552 3619 2621 κόρον
3646 2553 3779 2619 φεύ-

2200 2660 2317 2710 γειν
2345 2642 2794 2712 διαπεφρόντικεν
2822 2643 2902 2696 ὅτι
2962 2644 3213 2710 μάλιστα.
3265 2641 3545 2710 Ἀνθέμιός
3578 2659 3662 2704 τις
3703 2644 3776 2693 ἱε-

2203 2732 2328 2800 ρεὺς
2351 2727 2418 2802 ἦν
2465 2731 2712 2799 Ἀθηνᾶς,
2743 2732 2799 2793 ὃς
2839 2731 3097 2803 Ἀθήνῃσι
3120 2731 3241 2783 τότε
3274 2732 3528 2783 τοσοῦτον
3555 2731 3650 2782 ἐπὶ
3683 2747 3774 2782 σο-

2203 2825 2300 2893 φία
2361 2823 2716 2893 θαυμάζεται,
2773 2823 2910 2875 ὥστε
2952 2825 3046 2876 καὶ
3087 2823 3286 2892 στήλην
3336 2821 3484 2891 αὐτῷ
3540 2821 3773 2884 ποιοῦσι,

2200 2915 2404 2977 πάντας
2431 2917 2509 2977 εἰς
2546 2915 2729 2984 θαῦμα
2760 2913 3145 2967 συνέλκουσαν.
3186 2912 3324 2964 Ἀλλ’
3343 2907 3495 2974 οὗτος
3514 2912 3613 2979 μὲν
3641 2913 3771 2965 ἀλα-

2199 3005 2378 3076 ζονείᾳ
2394 3005 2655 3074 λαμϐάνει
2685 3007 2744 3058 τὸ
2777 3006 3115 3076 περιϐόητον·
3134 3005 3387 3071 Ἰωάννης
3412 3004 3585 3072 δὲ,τῷ
3614 3005 3774 3073 πράῳ

2199 3097 2294 3149 καὶ
2318 3098 2557 3167 ταπεινῷ
2580 3099 2670 3149 καὶ
2693 3099 2896 3166 μετρίῳ
2921 3096 3014 3148 τοῦ
3038 3099 3364 3165 πνεύματος.
3382 3097 3576 3150 Φθάνει
3603 3095 3774 3168 ταῦτα

525 3193 590 3246 ad
648 3205 807 3244 aures
867 3185 1267 3248 Demosthenis,
1326 3184 1419 3253 qui
1476 3191 1592 3236 erat
1660 3185 1950 3250 praefecms
2002 3199 2094 3238 ur-

2201 3189 2316 3248 ταίς
2349 3165 2540 3249 ἀκοαῖς
2589 3165 2960 3256 Δημοσθένους
2995 3186 3089 3238 τοῦ
3121 3187 3368 3256 ὑπάρχου
3401 3187 3499 3253 τῆς
3536 3165 3766 3247 πόλεως·

525 3283 642 3344 bis;
677 3288 750 3341 et,
785 3285 840 3331 ut
867 3277 923 3330 fit
953 3277 1009 3329 in
1043 3274 1207 3330 rebus
1229 3271 1520 3342 ejusmodi,
1555 3273 1770 3340 capitur
1799 3271 2094 3342 praefectus

2201 3279 2312 3339 καὶ,
2343 3274 2429 3331 οἵα
2457 3279 2600 3346 φιλεῖ
2632 3281 2688 3330 ὲν
2735 3282 2843 3341 τοῖς
2876 3259 3160 3341 τοιούτοις,
3211 3280 3349 3348 ἔρως
3400 3279 3628 3332 ἀνάπτει
3680 3279 3774 3332 τὸν

525 3388 710 3426 amore
737 3366 970 3424 faciendi
1006 3367 1465 3435 experimentum,
1508 3371 1564 3416 ut
1589 3371 1942 3431 cognosceret
1971 3377 2093 3415 eum

2201 3369 2440 3440 ὕπαρχον
2463 3372 2626 3442 πείρᾳ
2667 3371 2866 3439 γνῶναι
2896 3373 2985 3424 τὸν
3037 3373 3464 3444 ὑπερϐάλλοντα.
3500 3371 3769 3441 ’Δθροίζει

522 3464 615 3533 qui
669 3461 887 3515 excellit
941 3460 1162 3512 virtute.
1229 3455 1533 3525 Congregat
1585 3469 1810 3518 omnes,
1869 3453 2095 3507 arcessit

2201 3463 2424 3527 πάντας,
2472 3465 2822 3534 προκαλεῖται
2861 3466 2950 3518 τὸν
2986 3467 3258 3536 Ἰωάννην,
3291 3468 3529 3537 ὀχήματι
3558 3467 3769 3520 κελεύει

521 3553 826 3617 Joannem;
867 3565 1031 3604 curru
1067 3563 1190 3602 eum
1241 3547 1518 3601 honorans
1555 3545 1709 3614 jubet
1763 3545 1966 3599 venire.
2005 3545 2096 3598 llle

2201 3557 2299 3606 τινὶ
2331 3555 2642 3622 ἀφικέσθαι.
2683 3557 2742 3608 '0
2764 3556 2819 3608 δὲ
2849 3557 3006 3608 τοῦτο
3059 3562 3407 3627 παραιτεῖται
3443 3560 3564 3629 μὲν,
3592 3577 3768 3630 παρα-

523 3661 652 3700 vero
691 3645 793 3698 hoc
819 3642 1035 3712 quidem
1063 3647 1300 3700 recusat,
1332 3638 1478 3691 venit
1502 3647 1681 3692 autem
1706 3637 1821 3692 suis
1847 3637 2091 3706 pedibus.

2201 3645 2401 3713 γίνεται
2439 3646 2494 3697 δὲ
2524 3647 2678 3698 ποσὶν
2703 3646 2870 3708 ἰδίοις.
2898 3646 3070 3700 Τοῦτο
3089 3647 3166 3718 τῷ
3189 3649 3286 3717 μὲν
3317 3649 3536 3720 Ἰωάννῃ
3563 3650 3660 3720 τὴν
3692 3667 3769 3701 τι-

529 3733 640 3788 Hoc
675 3732 858 3792 ellicit,
892 3741 948 3783 ut
986 3729 1184 3784 Joauni
1223 3728 1441 3797 quidem
1474 3735 1747 3781 cresceret
1775 3727 1948 3779 honor
1970 3742 2094 3779 cum

525 3822 913 3883 admiratione,
959 3828 1013 3874 et
1063 3821 1115 3872 in
1167 3818 1334 3889 gradu
1378 3824 1430 3870 et
1481 3817 1532 3869 in
1568 3819 1772 3871 honore
1805 3815 2092 3880 cathedrm,

525 3911 799 3966 Anthemii
846 3918 1025 3962 autem
1073 3909 1398 3976 aperiretur,
1439 3921 1559 3972 quae
1607 3907 1823 3969 latebat,
1869 3906 2089 3958 invidia.

524 4003 659 4055 Nam
682 4017 801 4055 cum
833 4003 946 4068 ipse
977 3999 1201 4053 vidisset
1223 3998 1507 4056 honorem.
1535 4012 1692 4065 quem
1727 3997 1952 4064 adeptus
1979 4005 2094 4050 erat

523 4092 784 4154 Joannes,
814 4100 864 4144 et
888 4090 1030 4158 quod
1063 4090 1115 4141 iu
1145 4088 1407 4142 cathedra
1431 4097 1575 4142 esset
1601 4087 1649 4141 ei
1675 4090 1942 4156 superior,
1967 4105 2090 4142 cum

525 4197 584 4236 se
608 4195 715 4234 non
743 4189 925 4244 posset
957 4179 1189 4247 amplius
1216 4177 1518 4238 continere.
1548 4177 1658 4230 haec
1681 4177 1900 4246 quidem
1922 4179 2088 4232 dixit:

523 4270 775 4326 Civitatis
806 4283 984 4323 mores
1017 4276 1164 4332 sunt,
1199 4276 1257 4320 ut
1289 4267 1467 4330 video,
1507 4266 1746 4318 innovati
1787 4282 1801 4329 ;
1835 4281 1986 4320 novae
2013 4267 2090 4321 le-

523 4377 617 4429 ges
652 4366 783 4415 sunt
821 4359 1112 4429 propositae
1144 4376 1158 4425 ;
1208 4373 1328 4426 qua
1378 4366 1506 4411 sunt
1559 4357 1931 4426 antiquorum,
1967 4372 2088 4426 quae

522 4453 852 4522 sapientum,
899 4464 1019 4519 quae
1065 4448 1415 4502 familiarium
1449 4448 1752 4518 privilegia,
1795 4464 1856 4502 ea
1889 4449 2086 4501 tradita
2116 4487 2168 4545 Β

522 4553 649 4600 sunt
679 4543 981 4611 hospitibus
1008 4549 1060 4595 et
1088 4539 1332 4595 advenis.
1355 4538 1472 4592 Non
1501 4540 1884 4593 animadvertit
1908 4549 2087 4594 autem

521 4652 581 4691 se
606 4651 699 4704 per
733 4634 846 4688 ι]ωο
878 4635 1118 4702 seipsum
1152 4633 1320 4686 veteri
1348 4632 1554 4685 honore
1583 4632 1819 4700 privare,
1852 4647 1976 4686 cum
2003 4648 2091 4686 ve-

521 4729 692 4783 nisset
723 4726 980 4780 omnibus
1023 4725 1076 4778 in
1124 4725 1511 4794 suspicionem,
1545 4726 1688 4793 quod
1739 4725 1850 4778 haec
1894 4725 2091 4778 dixerit

521 4823 744 4884 propter
777 4814 1053 4868 invidiam.
1086 4812 1339 4881 Hasju‘re
1373 4825 1564 4881 pmnas
1599 4811 1667 4866 de
1702 4827 1767 4866 eo
1802 4815 1967 4867 sumit
2010 4815 2092 4867 in-

517 4906 824 4975 justissima
875 4904 1098 4969 invidia,
1140 4905 1284 4973 quod
1316 4918 1432 4957 eam
1467 4904 1735 4973 genuerit,
1773 4905 1822 4958 ei
1855 4904 2090 4958 reddens

519 4996 855 5051 alimentum.
883 4993 1019 5049 Vide
1075 5003 1255 5049 autem
1309 5009 1428 5064 quae
1486 5003 1916 5065 consequuntur.
1973 4993 2090 5048 Non

517 5080 805 5150 oportebat
835 5091 904 5140 te.
939 5081 1117 5151 inquit
1146 5080 1453 5150 praefectus,
1478 5084 1570 5152 qui
1601 5083 1849 5152 tejactas
1876 5084 1942 5138 de
1969 5085 2090 5153 phi-

520 5170 794 5239 losophia,
855 5180 1114 5240 tauquam
1169 5187 1335 5225 unum
1382 5187 1446 5226 ex
1502 5174 1664 5243 vulgo
1712 5183 1804 5226 aut
1843 5189 1908 5228 ex
1956 5189 2088 5243 agro

519 5261 664 5317 feras
699 5272 1006 5327 venantem,
1041 5274 1134 5319 aut
1168 5266 1403 5337 aliquem
1433 5281 1496 5321 ex
1537 5268 1603 5322 iis
1630 5269 1720 5337 qui
1752 5269 2090 5323 latrocinan-

516 5365 622 5420 tur,
666 5358 740 5409 ita
795 5358 1031 5412 clamare
1070 5367 1122 5412 et
1157 5360 1501 5414 tumultuari.
1537 5359 1670 5414 Nam
1719 5362 1890 5416 multa
1940 5374 2088 5429 sunt,

515 5456 741 5518 propter
785 5465 907 5519 qua:
955 5449 1194 5508 Joannes
1237 5453 1436 5523 dig‘nus
1479 5463 1562 5508 est
1605 5459 1698 5524 qui
1738 5456 2036 5511 honoretur
2075 5475 2089 5521 ;

512 5552 706 5609 nempe
729 5541 872 5611 quod
903 5550 974 5596 snt
1013 5542 1151 5596 filius
1209 5542 1465 5608 Secundi,
1491 5547 1670 5614 magni
1703 5545 1859 5601 ducis
1883 5551 2092 5602 exerci-

511 5638 624 5692 tus,
652 5640 704 5682 et
730 5632 877 5700 quod
895 5647 1064 5686 canos
1093 5634 1341 5689 homines
1371 5639 1708 5705 superaverit
1738 5639 2080 5709 disciplinis;

514 5719 648 5790 quin
694 5723 855 5777 etiam
913 5727 1056 5793 quod
1102 5741 1130 5779 a
1177 5729 1332 5782 nobis
1366 5739 1594 5783 coactus
1635 5734 1905 5800 acceperit
1946 5735 2088 5790 hunc

2200 3737 2303 3805 μὴν
2331 3735 2468 3804 μετὰ
2522 3736 2797 3805 θαύματος
2832 3738 2970 3789 κατά
3003 3755 3061 3790 τε
3090 3739 3296 3808 βαθμὸν
3328 3742 3422 3793 καὶ
3456 3741 3609 3803 τάξιν
3639 3741 3766 3793 καθ·

2196 3829 2355 3897 έδρας
2393 3827 2742 3892 αὐξάνεσθαι,
2814 3828 3080 3899 Ἀνθεμίῳ
3140 3831 3194 3883 δὲ
3245 3832 3336 3884 τὸν
3382 3833 3768 3900 ὲμφωλεύοντα

2196 3916 2387 3984 φθόνον
2415 3915 2752 3985 γυμνοῦσθαι
2799 3920 3225 3988 παρασκευάζει.
3264 3921 3409 3974 Ἰδὼν
3454 3922 3562 3992 γάρ
3610 3923 3770 3983 αὐτὸς

2193 4008 2284 4058 τὸν
2313 4006 2565 4076 Ἰωάννην
2587 4009 2818 4076 λαχόντα
2844 4011 3008 4079 τιμὴν
3036 4013 3127 4063 καὶ
3169 4011 3229 4063 τὸ
3259 4013 3358 4065 ύπε
3371 4013 3637 4082 ρϐάθμιον
3665 4013 3762 4078 τῆς

2194 4098 2478 4167 καθέδρας,
2508 4100 2600 4151 καὶ
2636 4100 2833 4168 μηκέτι
2854 4101 3066 4168 στέγειν
3098 4096 3207 4164 οἷός
3233 4120 3289 4154 τε
3321 4103 3418 4168 ὢν,
3457 4105 3634 4156 τοιάδε
3669 4103 3768 4171 μὲν

2192 4191 2316 4259 ἔφη·
2352 4193 2815 4261 Κεκαινοτόμηται
2843 4193 2911 4246 τά
2963 4195 3060 4264 ἔθη
3107 4196 3249 4265 ὁρῶ·
3289 4197 3395 4249 νέοι
3431 4198 3583 4266 νόμοι
3638 4214 3769 4266 προ-

2191 4282 2491 4335 τέθεινταιο
2522 4286 2590 4336 τὰ
2619 4285 2727 4335 τῶν
2758 4286 3020 4355 ἀρχαίων,
3045 4287 3153 4338 τῶν
3183 4288 3384 4356 σοφῶν,
3429 4291 3537 4341 τῶν
3565 4289 3767 4342 ὲθάδων

2196 4374 2480 4442 προνόμια,
2516 4373 2704 4436 ξένοις,
2737 4376 2991 4441 ὲπήλισιν
3019 4376 3385 4430 ἀποδέδονται.
3411 4377 3678 4430 Λανθάνει
3709 4376 3766 4427 δὲ

2193 4462 2278 4515 διὰ
2311 4463 2517 4515 τούτων
2543 4465 2972 4534 προσζημιὼσας
3003 4467 3194 4520 ἑαυτὸν
3241 4468 3333 4518 καὶ
3359 4469 3456 4536 τῆς
3489 4468 3652 4520 πάλαι
3682 4485 3764 4519 τι-

2196 4553 2324 4623 μῆς,
2355 4553 2716 4616 ὑποπτευθεὶς
2767 4557 2915 4624 παρὰ
2947 4557 3168 4609 πάντων
3215 4558 3303 4610 διὰ
3363 4557 3555 4626 φθόνον
3596 4558 3766 4612 ταῦτα

2191 4648 2380 4698 εἰπεῖν.
2417 4646 2600 4699 Ταῦτα
2658 4647 2809 4717 παρά
2857 4648 2950 4700 τοῦ
2991 4649 3324 4703 άδικωτάτου
3374 4650 3600 4711 δικαίως
3654 4654 3765 4704 είσ-

2193 4737 2489 4805 πράττεται
2539 4737 2756 4805 φθόνου,
2787 4740 2884 4808 τῆς
2911 4740 3116 4805 οἰκείας
3158 4742 3321 4811 γονῆς
3361 4742 3766 4806 ἀπολαμϐάνων

2193 4825 2250 4878 τὸ
2279 4827 2662 4895 γηροτρόφιον.
2701 4827 2889 4897 Ἀθρει
2926 4829 2990 4898 δὴ
3024 4832 3117 4881 καὶ¹
3145 4832 3211 4883 τὰ
3244 4832 3338 4883 ἐπὶ
3383 4831 3618 4895 τούτοις·
3653 4835 3765 4885 Οὐκ

2193 4918 2297 4971 ἔδει
2331 4934 2410 4983 σε,
2437 4919 2598 4987 φησὶν
2623 4920 2650 4970 6
2673 4918 2936 4989 ὕπαρχος,
2966 4914 3010 4973 ὧ
3051 4921 3320 4989 Ἀνθὲμιε,
3357 4922 3644 4993 φιλοσοφία
3673 4941 3766 4992 με·

2193 5007 2653 5077 γαλαυχούμενον,
2675 5008 2865 5078 ῶσπερ
2894 5011 2988 5062 ἕνα
3018 5012 3126 5063 τῶν
3143 5013 3204 5064 ἐκ
3233 5013 3325 5064 τοῦ
3357 5013 3552 5083 δήμου,
3589 5014 3621 5081 ἢ
3654 5014 3765 5064 τῶν

2193 5101 2249 5151 ἐν
2268 5100 2422 5170 ἀγρῷ
2448 5102 2574 5163 τοὺς
2591 5100 2763 5170 θῆρας
2793 5102 3054 5171 ὲλόντα,ἢ
3083 5104 3188 5154 τῶν
3208 5104 3637 5174 λῃστευομένων,
3667 5107 3764 5157 οὗ·

2193 5192 2326 5244 τωσὶ
2354 5191 2447 5262 βοῇ
2478 5193 2572 5243 καὶ
2589 5191 2801 5261 θορύϐῳ
2837 5193 3216 5248 διακυκᾶσθαι.
3253 5196 3427 5248 Πολλά
3457 5177 3583 5266 γάρ,
3616 5192 3696 5258 οἷς
3736 5199 3763 5247 6

2207 5282 2454 5350 Ἰωάννης
2493 5282 2753 5350 τιμᾶσθαι
2799 5283 3136 5353 καθέστηκεν
3157 5285 3322 5351 άξιος,
3360 5288 3441 5339 ὅτι
3470 5287 3762 5339 Σεκούνδου

2191 5371 2283 5424 τοῦ
2353 5372 2588 5441 μεγάλου
2639 5374 3010 5443 στρατηλάτου
3070 5377 3203 5439 υίὸς,
3257 5378 3338 5429 ὅτι
3374 5378 3503 5441 τοὺς
3545 5379 3764 5440 πολιοὺς

2195 5463 2583 5533 ύπερηκόντισε
2639 5466 2752 5527 τοῖς
2805 5464 3144 5536 μαθήμασιν,
3185 5468 3300 5522 ἀλλ’
3349 5469 3427 5521 ὅτι
3485 5469 3581 5521 καὶ
3622 5471 3763 5538 ἡμε-

2191 5555 2376 5626 τέραις
2397 5558 2658 5624 ἀνάγκαις
2675 5558 2740 5611 τά
2763 5558 2860 5626 τῆς
2879 5561 3044 5628 τιμῆς
3070 5560 3422 5624 κατεδέξατο·
3451 5563 3546 5615 καὶ
3569 5563 3674 5632 πρό
3703 5580 3762 5629 γε

2193 5649 2408 5701 πάντων
2456 5644 2984 5720 ἠταπειὲοφροσύνη
3041 5650 3248 5704 τούτων
3293 5652 3440 5722 αὑτῷ
3469 5652 3615 5705 αἰτία
3668 5655 3761 5705 καὶ

2195 5738 2470 5809 πρόξενος.
2504 5738 2666 5794 Ἀλλά
2697 5739 2867 5793 ταῦτα
2894 5742 2990 5810 μὲν
3018 5743 3045 5794 6
3072 5740 3334 5816 ὕπαρχος.
3360 5745 3422 5796 Τί
3450 5745 3500 5796 δὲ
3522 5745 3550 5796 6
3586 5743 3762 5796 Ἰωάν-⁸
