3952 6210
156 290 256 353 233
827 281 1111 343 ORATIO
1147 284 1471 347 XVIII..-
1496 285 1879 347 LAUDATIO
1910 288 1970 348 S.
1996 289 2317 356 JOANNIS
2345 292 2750 353 CHRYSOST.
3303 292 3409 357 234

156 422 233 471 νη;
258 418 276 468 ;
307 397 405 467 Τῷ
432 397 592 469 πράῳ
621 395 681 448 τὸ
722 396 932 449 δίκαιον
956 397 1354 467 κερασάμενος,
1385 398 1601 468 πρῶτον
1630 399 1717 469 μέν

1848 416 2090 458 tenorem
2139 420 2153 467 ;
2202 410 2256 459 et
2295 412 2424 459 ante
2464 418 2670 469 omnia,
2700 402 2983 457 humilitas
3009 411 3092 458 est
3122 403 3171 459 ei
3216 403 3409 459 horum

157 490 665 563 ὑπεραπολστεῐται,
698 482 779 551 οἷς
824 488 1108 558 ’Δνθέμιος
1133 490 1469 559 ἐπετίμησεν
1489 507 1505 523 ·
1535 490 1718 545 ἔπειτα

1846 505 1995 547 :ausa
2026 500 2080 546 et
2117 493 2483 547 conciliatrix.
2539 492 2645 547 Sed
2690 493 2805 547 haec
2838 493 3057 563 quidem
3097 493 3407 563 praefectus.

156 588 239 652 τῆς
265 580 449 652 Ἰησοῦ
480 579 804 651 μαθητείας,
832 580 926 632 καὶ
948 572 1031 643 οἷς
1054 579 1237 649 έκείνη
1266 580 1717 650 παρρησιάζεται,

1850 580 1971 646 )uid
2000 597 2128 637 vero
2173 580 2459 638 Joannes?
2502 582 2924 638 Mansuetudine
2966 592 3279 651 temperans
3317 584 3411 652 ju-

157 677 231 753 διὰ
261 672 517 743 βραχέων
549 670 712 724 αὑτὸν
741 669 862 723 ὅλον
883 664 1024 722 εῖναι
1052 668 1400 740 παραδηλῶν,
1417 672 1718 741 ὲπικροτεῐ-

1851 670 2062 735 ltitiam,
2117 674 2351 742 primum
2398 673 2620 741 quidem
2683 674 2977 742 respondet
3026 675 3114 739 iis,
3191 690 3311 741 quas
3362 676 3412 728 ei

160 784 233 819 ται
260 765 417 834 παρά
444 762 687 817 πάντων.
712 761 823 813 Καὶ
850 756 920 830 ἦν
950 760 1075 813 ἰδεῖν
1107 760 1185 830 τῷ
1219 759 1347 831 ὕψει
1395 760 1505 814 τῶν
1559 761 1721 829 λόγων

1850 762 2033 831 ibjecit
2050 763 2375 819 Anthemius
2404 781 2418 828 ;
2454 763 2649 818 deinde
2679 780 2736 818 se
2780 764 2907 819 Jesu
2941 765 3243 834 disciplinae
3258 773 3310 819 et
3345 764 3411 818 iis

170 854 434 913 Ἰωάννου.
458 855 525 921 τῇ
550 851 851 921 ὲπιλάμψει
869 850 964 903 τοῦ
1004 850 1162 919 ἁγίου
1192 850 1731 921 συνεξαστράπτοντα

1849 866 1956 921 luas
2000 853 2090 907 illa
2139 854 2306 908 libere
2349 855 2656 924 proﬁtetur,
2693 869 2753 908 se
2794 861 2967 907 totum
3013 870 3135 909 esse
3166 855 3410 909 deditum

160 944 470 1015 Πνεύματος
495 960 507 973 ·
541 942 684 996 ὥστε
720 943 894 995 εἰπεῖν
924 940 1136 1011 ὁρῶντα
1155 942 1245 995 τὸν
1267 941 1536 1013 ὕπαρχον,
1578 942 1721 1012 ’Δλη-

1850 941 2026 1007 paucis
2062 941 2377 1009 ostendens,
2405 944 2649 997 omnium
2674 944 2869 1012 plausu
2900 946 3221 1013 suscipitur.
3258 945 3411 1001 Lice-

160 1037 254 1099 θῶς
282 1036 387 1104 τῆς
415 1034 688 1104 Ἐλλήνων
713 1033 963 1095 παιδείας
987 1032 1021 1101 ἡ
1050 1032 1392 1102 Χριστιανῶν
1415 1030 1721 1085 διδασκαλία

1851 1041 2041 1102 Datque
2085 1034 2269 1090 videre
2292 1035 2492 1101 oculis,
2528 1036 2831 1088 orationem
2877 1033 3105 1089 Joannis
3134 1035 3412 1090 refulsisse

162 1128 326 1180 πάντα
357 1124 713 1193 ἀσύμφωνος,
750 1123 858 1175 τῶν
911 1122 1011 1192 μὲν
1051 1122 1510 1192 δοξομανούντων,
1544 1121 1653 1174 τῶν
1677 1122 1723 1174 δὲ

1851 1123 2236 1179 ιιιυηιίηειιῖοιιε
2273 1127 2449 1181 sancti
2491 1124 2752 1195 Spiritus,
2805 1127 2940 1181 adeo
2982 1134 3039 1179 ut
3071 1126 3277 1181 diceret
3313 1126 3412 1181 hoc

160 1221 243 1287 τὴν
259 1217 519 1271 ἐναντίαν
553 1216 780 1268 ἐκείνων
809 1214 1207 1284 πορευομένων.
1257 1213 1721 1282 Συνεπιλαμϐἀνε

1924 1216 2033 1269 lens
2058 1216 2209 1271 urbis
2237 1216 2525 1285 praefectus
2552 1232 2564 1267 :
2596 1215 2805 1271 Revera
2832 1214 3145 1269 Graecorum
3168 1216 3415 1285 discipli-
3476 1278 3485 1291 ι

160 1322 239 1361 ται
261 1306 478 1369 τούτοις
507 1307 536 1359 ὀ
577 1305 850 1373 Ἰωάννης,
885 1305 976 1357 καὶ
1006 1305 1085 1375 τῷ
1124 1304 1298 1369 ζέοντι
1326 1305 1420 1358 τοῦ
1459 1304 1721 1367 κινοῦντος

1923 1319 2075 1358 cum
2118 1304 2365 1359 doctrina
2392 1304 2826 1361 Christianorum
2856 1305 2991 1359 nihil
3033 1306 3255 1361 omnino
3282 1321 3413 1360 con-
3466 1304 3484 1319 ’⁴

162 1397 500 1466 Ηνεύματος,
544 1395 783 1466 δημοσίᾳ
830 1395 1263 1465 παρρησιάζεται
1293 1394 1392 1464 τὴν
1433 1394 1723 1461 εὐσέϐειαν,

1853 1394 2040 1458 venit;
2092 1395 2217 1449 cum
2271 1396 2347 1450 illi
2406 1396 2627 1465 quidem
2681 1396 2929 1449 laborent
2976 1398 3169 1449 insana
3232 1397 3414 1465 gloriae

166 1488 467 1557 στηλιτεύει
506 1487 576 1539 τὰ
632 1487 924 1555 Ἑλλήνων,
975 1486 1070 1537 καὶ
1104 1485 1245 1548 τοὺςο
1272 1484 1658 1547 αὐτῶνηθεούς
1679 1502 1727 1537 τε

1851 1485 2166 1554 cupiditate,
2192 1487 2243 1541 hi
2273 1497 2455 1543 autem
2485 1487 2858 1558 ingrediantur
2876 1488 2961 1540 via
2984 1487 3091 1542 illis
3115 1491 3412 1543 contraria.

166 1582 253 1633 καὶ
281 1580 569 1646 δαίμονας,
593 1578 808 1648 Κρόνῳ,
842 1577 935 1630 καὶ
964 1577 1179 1641 Διὶ,καὶ
1210 1576 1407 1647 Ἀθηνᾷ
1433 1578 1527 1628 καὶ
1556 1576 1727 1628 ’Δπόλ

1853 1578 1974 1631 Post
2007 1578 2122 1632 haec
2146 1578 2397 1648 sequitur
2417 1578 2680 1642 Joannes,
2708 1586 2761 1633 et
2782 1578 2975 1633 ardore
2999 1579 3268 1634 moventis
3292 1595 3414 1634 eum

169 1672 305 1736 λωνι,
345 1674 442 1725 καὶ
476 1670 556 1741 τῷ
592 1671 765 1740 λοιπῷ
814 1670 924 1723 τῶν
963 1668 1235 1738 Ἐλλήνων
1301 1668 1439 1722 θεῶν
1485 1668 1730 1738 ὁρμαθῷ1

1858 1668 2103 1739 Spiritus,
2139 1670 2355 1739 publice
2381 1671 2549 1725 libere
2573 1670 2860 1740 proﬁtetur
2883 1670 3167 1739 pietatem;
3206 1670 3259 1723 in
3283 1685 3419 1739 gen—

170 1723 498 1833 Ἴτε
525 1723 639 1815 καί
681 1723 887 1830 θηρῶν,
942 1761 1036 1814 καὶ
1061 1723 1169 1817 τῶν
1199 1759 1376 1813 ἄλλων
1428 1723 1731 1823 κνωδάλων,

1859 1776 1927 1816 .es
1960 1760 2231 1815 invehitur
2255 1802 2270 1826 ,
2300 1776 2603 1831 eorumque
2634 1760 2767 1817 deos
2810 1771 2864 1815 et
2908 1760 3201 1823 daemones,
3230 1759 3420 1812 Satur-

172 1854 257 1922 τὴν
286 1854 490 1923 στήλην
514 1854 671 1918 ἀξίαν
708 1852 816 1904 τῶν
864 1851 1173 1922 σεϐομένων
1218 1853 1733 1923 παραστησάμενος,

1858 1867 1995 1917 tum,
2057 1860 2110 1906 et
2157 1850 2366 1915 Jovem,
2412 1861 2467 1907 et
2512 1852 2846 1917 Minervam,
2913 1861 2965 1906 et
3005 1851 3332 1921 Apollinem,
3365 1857 3419 1904 et

175 1940 239 1999 ῶν
267 1946 359 1997 καὶ
387 1947 437 1997 oi
470 1945 619 2012 λόγοι
654 1943 874 2012 (λέγων)
922 1944 1014 1996 τὸν
1053 1944 1249 2013 αίθέρα
1286 1944 1596 2013 μολύνουσι.
1677 1945 1736 1997 Tl

1858 1942 2109 2011 reliquam
2128 1943 2353 1998 deorum
2377 1944 2661 2012 gentilium
2692 1944 2915 2005 seriem,
2943 1951 3337 2011 serpentesque
3367 1950 3419 1994 et

178 2038 285 2099 kt;
341 2038 401 2089 τὺ
458 2035 712 2104 ἀληθινὸν
768 2035 882 2101 φῶς
928 2034 1253 2103 προστίθησι
1310 2034 1595 2103 κηρύττων
1646 2036 1739 2104 τῆς

1860 2035 2075 2099 bestias,
2108 2050 2230 2104 quae
2263 2036 2331 2089 ab
2365 2036 2448 2090 eis
2474 2035 2752 2099 coluntur,
2786 2035 2876 2103 qui
2922 2036 3002 2088 eis
3039 2033 3288 2097 debetur,
3324 2032 3421 2087 ho-

182 2130 328 2196 ἁγίας
348 2128 604 2199 Τριάδος,
631 2127 730 2195 τῆς
754 2128 812 2180 ἑν
842 2127 1015 2198 Πατρὶ
1032 2128 1124 2179 καὶ
1149 2127 1264 2196 Υἱῷ
1285 2128 1381 2180 καὶ
1407 2129 1545 2198 ἁγίῳ
1570 2127 1743 2181 Πνεύ-

1860 2139 1979 2180 [ποτε
2034 2124 2320 2180 alliciens:
2380 2124 2449 2179 de
2500 2124 2697 2193 quibus
2749 2125 2783 2177 ii
2822 2125 2983 2178 etiam
3024 2124 3117 2193 qui
3150 2123 3421 2175 habentur

187 2237 323 2290 ματι,
356 2223 418 2290 τῇ
463 2221 561 2290 μιᾷ
616 2218 833 2288 θεότητι
884 2218 1328 2288 τρισυποστάτως
1358 2220 1452 2272 καὶ
1495 2220 1746 2289 ἀνάρχως

1858 2232 2149 2281 sermones,
2179 2217 2379 2282 aiebat,
2414 2217 2617 2271 aethera
2647 2215 2911 2269 inliciunt.
2947 2214 3091 2279 Quid
3116 2213 3419 2284 praeterea?

190 2310 271 2360 καὶ
300 2309 476 2371 ἀῖδίως
497 2307 883 2376 θεωρουμένης
910 2308 1401 2377 τοῖςΧριστιανοτς,
1452 2309 1547 2361 καὶ
1573 2325 1744 2378 προσ-

1859 2309 2045 2364 Veram
2070 2309 2232 2364 etiam
2266 2310 2438 2363 lucem
2469 2308 2647 2377 pergit
2683 2306 2977 2377 praedicare
3006 2313 3207 2360 sanctae
3236 2302 3420 2357 Trini-

192 2401 520 2470 κυνουμένης.
582 2398 768 2452 Ταῦτα
838 2399 937 2467 μὲν
1005 2401 1033 2452 ὁ
1093 2398 1358 2471 Ἰωάννης.
1437 2401 1746 2470 Ἑχάρησαν

1857 2405 2000 2466 latis,
2029 2416 2149 2470 qua:
2183 2401 2235 2453 in
2253 2398 2413 2455 Patre
2438 2407 2489 2454 et
2509 2397 2647 2454 Filio
2680 2410 2733 2453 et
2768 2406 2957 2452 sancto
2988 2397 3194 2466 Spiritu
3227 2397 3280 2450 in
3314 2412 3418 2449 una

193 2487 291 2553 οὖν,
325 2494 440 2555 ὅσος
469 2492 569 2562 τῆς
600 2491 712 2544 τῶν
748 2490 1086 2560 Χριστιανῶν
1128 2490 1327 2561 μοίρας
1358 2490 1545 2562 ὅμιλος
1570 2509 1584 2523 ·
1623 2492 1747 2554 ὅσος

1858 2490 2135 2545 divinitate
2154 2499 2209 2544 et
2242 2488 2419 2544 tribus
2448 2487 2723 2558 personis,
2753 2489 2872 2541 sine
2896 2486 3162 2556 principio
3188 2496 3240 2540 et
3275 2499 3419 2540 sem-

194 2582 246 2635 δὲ
267 2582 412 2635 ὁτῶν
444 2584 732 2653 Ἑλλήνων,
777 2582 961 2651 ἀηδῶς
983 2582 1160 2652 ἔσχον,
1192 2582 1565 2655 ὠργίσθησαν.
1600 2584 1746 2654 Βρα-

1861 2582 2081 2650 piterne,
2129 2596 2158 2633 a
2188 2580 2518 2635 Christianis
2572 2577 3036 2646 contemplatione
3086 2577 3328 2629 cernitur
3367 2586 3422 2630 ct

198 2672 283 2738 ﬁt;
308 2674 334 2725 ὁ
367 2673 534 2740 λόγος,
583 2674 675 2725 καὶ
709 2674 737 2726 ὁ
760 2670 1005 2743 ὕπαρχος
1038 2673 1409 2741 συναπαγεται
1430 2713 1445 2738 ,
1476 2674 1747 2727 παύεσθαι

1859 2673 2129 2726 adoratur.
2162 2670 2284 2725 Haec
2323 2672 2540 2740 quidem
2585 2668 2847 2723 Joannes.
2882 2666 3084 2721 L:etata
3114 2674 3199 2722 est
3243 2674 3420 2722 autem

199 2761 297 2813 τῶν
314 2762 441 2815 θεῶν
458 2762 749 2832 κωμῳδίας
772 2762 848 2832 τῷ
865 2763 1086 2833 Ἰωάννῃ
1107 2764 1550 2834 ἐγκελευόμενος.
1581 2766 1748 2835 Χώρα

1861 2754 2105 2818 universa
2148 2764 2329 2827 turba,
2372 2777 2493 2832 qua:
2544 2760 2874 2830 sequebatur
2926 2765 3111 2828 partes
3158 2758 3361 2814 Christi
3408 2776 3422 2823 ;

201 2852 294 2904 τοῦ
326 2851 485 2920 λέγειν
539 2853 811 2924 ’Δνθεμίῳ
864 2852 1048 2907 πάλιν.
1092 2856 1199 2908 Καὶ
1253 2855 1446 2926 πρῶτα
1480 2856 1578 2925 μὲν
1624 2858 1749 2920 τοὺς

1866 2856 2043 2910 lolore
2068 2866 2247 2909 autem
2272 2854 2448 2909 allecti
2478 2853 2729 2923 gentiles,
2761 2852 2841 2905 ira
2869 2848 3087 2905 fuerunt
3111 2850 3325 2920 perciti.
3360 2849 3427 2904 Ut

203 2938 378 3004 οῶπσς
425 2943 521 2995 τῶν
550 2943 727 3011 λόγων
786 2946 1015 3013 καταχεῖ
1050 2944 1127 3013 τῷ
1158 2946 1388 3015 ὑπάρχῳ
1415 2962 1428 2977 ⁸
1473 2946 1749 3015 ἀδολεσχεῖ

1866 2948 2043 3017 paucis
2093 2948 2370 3001 absolvam
2400 2986 2415 3011 ,
2459 2960 2567 2999 una
2616 2958 2741 2998 cum
2793 2942 2873 2997 eis
2920 2950 3165 2997 movetur
3212 2956 3427 3011 quoque

202 3030 272 3095 δὲ,
302 3034 474 3102 μακρά
503 3050 624 3085 τινα
648 3032 791 3086 κατά
817 3049 877 3086 τε
920 3033 1168 3086 Ἰωάννου
1209 3033 1308 3087 καὶ
1352 3035 1452 3103 τῆς
1485 3036 1623 3105 ὑπὲρ
1654 3035 1749 3087 αὑ-

1862 3038 2164 3111 praefectus,
2194 3038 2394 3107 jubens
2416 3036 2680 3092 Joannem
2704 3047 2923 3089 cessare
2956 3032 3087 3087 deos
3136 3032 3423 3085 ludiﬁcari.

203 3122 286 3175 τοῦ
314 3123 591 3193 θρησκείας
623 3127 806 3178 ἐκεῖνα
836 3125 1318 3195 λεσχηνευόμενος,
1366 3127 1465 3179 ὅσα
1488 3126 1565 3195 τῷ
1615 3126 1750 3194 θρη-

1865 3128 2147 3183 Anthemio
2182 3141 2375 3181 rursus
2422 3125 2582 3180 datus
2629 3130 2714 3178 est
2750 3120 2969 3176 dicendi
3014 3119 3189 3173 locus.
3225 3116 3288 3171 Et
3315 3118 3426 3186 pri-

208 3218 385 3285 αευτῇ
402 3216 508 3269 τῶν
534 3216 789 3270 τοιούτων
812 3218 979 3281 είκδς,
1008 3215 1183 3281 οὕτως
1207 3214 1387 3271 εἶπεν.
1414 3218 1558 3270 Ἀλλ’
1576 3220 1623 3271 οί
1651 3218 1748 3287 βα-

1863 3233 2006 3273 mum
2034 3217 2251 3285 quidem
2284 3232 2341 3272 se
2394 3215 2608 3270 blandis
2637 3211 2819 3267 verbis
2856 3211 3097 3265 insinuat
3130 3206 3383 3277 praelecto
3411 3222 3424 3270 ;

210 3303 502 3369 σιλεύοντες,
531 3308 736 3375 ἀντέφη
776 3310 805 3360 ὁ
838 3306 1104 3377 ὕπαρχος,
1133 3308 1226 3376 ἀφ’
1257 3302 1319 3361 οὗ
1372 3309 1596 3379 Χριστῷ
1627 3324 1752 3359 cnv—

1867 3310 2015 3366 valde
2047 3317 2227 3363 autem
2253 3315 2307 3361 et
2338 3307 2548 3376 prolixe
2582 3315 2819 3373 nugatur
2842 3302 2895 3356 in
2936 3299 3199 3354 Joannem
3228 3305 3282 3353 et
3306 3298 3428 3366 ejus

206 3396 455 3461 κάξαντο,
471 3398 658 3467 ὑψώθη
687 3399 757 3451 τὰ
784 3399 883 3467 τῆς
910 3398 1188 3467 βασιλείας
1218 3399 1416 3462 αὐτῶν,
1434 3400 1749 3468 ἁπανταχοῦ

1869 3400 2196 3470 religionem,
2229 3398 2319 3451 illa
2351 3398 2625 3453 blateratis
2653 3409 2776 3464 quae
2808 3393 2998 3447 talium
3032 3390 3299 3445 cultorem
3334 3387 3430 3441 de-

205 3486 303 3539 τῶν
331 3489 665 3558 Χριστιανῶν
724 3490 1018 3543 ἐπιδόντων
1072 3491 1153 3553 είς
1198 3490 1431 3553 πλάτος’
1483 3488 1565 3553 οἷς
1596 3491 1753 3558 κάγὼ

1869 3498 2005 3553 cent,
2036 3490 2109 3542 ita
2145 3489 2301 3542 dixit.
2332 3486 2461 3552 Sed,
2507 3502 2571 3540 ex
2605 3500 2712 3554 quo
2749 3485 3125 3553 imperatores.
3158 3483 3430 3532 contesta-

206 3576 554 3645 κεκοινώνηκα
581 3576 677 3630 καὶ
698 3578 780 3639 είς
806 3577 868 3629 τὸ
900 3577 1121 3647 δεῖγμα.
1157 3580 1325 3632 Πάλιν
1355 3579 1450 3632 οὖν
1490 3580 1754 3650 Ἀνθεμίῳ

1868 3594 1948 3639 tus
1992 3591 2078 3637 est
2120 3581 2431 3650 praefectus,
2493 3579 2715 3633 Christo
2776 3590 2974 3630 nomen
3025 3572 3329 3635 dederunt,
3376 3570 3429 3621 in

200 3663 391 3723 τούτων
419 3666 710 3720 ἀκούσαντι
739 3665 915 3737 κημὸς
949 3669 1045 3721 καὶ⁵
1074 3670 1368 3738 κατήφεια.
1400 3668 1511 3723 Καὶ
1543 3670 1753 3739 δέχεται

1873 3676 2030 3728 illum
2072 3674 2347 3727 sublatum
2386 3679 2687 3725 esteorum
2721 3664 3032 3736 imperium,
3074 3676 3199 3716 cum
3233 3660 3434 3726 ubique

202 3756 286 3806 τὸν
310 3755 503 3824 λόγονὸ
531 3759 805 3827 Ἰωάννης,
835 3757 928 3811 καὶ
944 3757 1115 3812 ταῦτα
1146 3760 1520 3830 προστίθησιν·
1557 3760 1751 3829 ’Δψευ-

1870 3765 2161 3821 Christiani
2186 3766 2343 3833 longe
2365 3762 2581 3830 lateque
2613 3759 2936 3819 crevissent,
2967 3770 3091 3810 cum
3127 3753 3327 3821 quibus
3356 3750 3431 3803 fui

196 3845 303 3915 δὴς,
339 3847 527 3916 λέγων,
560 3844 606 3901 ὦ
638 3848 853 3919 ἄνδρες,
885 3852 913 3903 ὁ
942 3850 1207 3921 ὕπαρχος.
1264 3852 1339 3904 Οὐ
1372 3851 1481 3920 γάρ
1508 3851 1593 3913 τίς
1640 3854 1754 3905 ἐστι

1873 3874 1962 3929 ego
1991 3858 2251 3913 societate
2280 3855 2628 3924 conjunctus,
2653 3859 2707 3907 et
2732 3851 2784 3905 in
2807 3851 2953 3902 hunc
2979 3847 3159 3902 locum
3195 3858 3314 3899 sum
3343 3844 3434 3895 de-

194 3938 349 4001 τόπος
378 3942 472 3992 ἀπ’
496 3941 683 4011 ἄκρων
720 3941 824 4003 ἕως
844 3940 1018 4012 ἄκρου
1044 3945 1144 4012 τῆς
1168 3943 1513 4012 οἰκουμένης,
1538 3938 1601 3995 οὗ
1622 3945 1755 4013 Χρι-

1875 3952 2082 4005 ductus.
2120 3946 2333 4002 Rursus
2360 3960 2492 4016 ergo
2523 3942 2818 3998 Anthemio
2852 3939 3087 4009 injectus
3113 3943 3199 3991 est
3230 3946 3436 3987 mter-or

198 4031 314 4093 πὸς
345 4034 403 4085 ού
436 4034 664 4101 τιμᾶται
695 4034 790 4086 καὶ
829 4033 1068 4088 σέϐεται.
1101 4036 1214 4087 Καὶ
1239 4034 1293 4086 εί
1322 4051 1408 4096 τις
1454 4033 1758 4102 φιλοπονῶν

1876 4050 1919 4096 et
1944 4040 2186 4094 tristitia.
2214 4038 2343 4107 Ejus
2367 4044 2547 4091 autem
2577 4034 2883 4089 orationem
2914 4025 3369 4099 excipitJoannes
3385 4031 3437 4078 ct

195 4118 363 4172 έθέλοι
390 4121 599 4189 μαθεῖν,
628 4122 761 4176 ίστω
788 4122 855 4176 τὰ
878 4124 1003 4193 περὶ
1023 4123 1132 4176 τῶν
1161 4125 1218 4177 ὲν
1246 4123 1601 4194 Ἰερουσαλὴμ
1626 4126 1756 4179 ἀπο-

1873 4133 1982 4186 haec
2024 4130 2228 4198 adjicit,
2263 4128 2454 4182 dicens
2484 4146 2496 4181 :
2534 4124 2671 4179 Vera
2721 4123 2853 4177 dicit
2904 4120 3214 4191 praefectus,
3247 4131 3280 4172 ο
3310 4116 3434 4169 viri.

200 4215 597 4283 οκερτησάντων
633 4216 921 4279 Ἰουδαίων,
952 4217 1098 4279 ὅπως
1139 4215 1276 4284 μετά
1313 4214 1423 4286 τῆν’
1443 4216 1508 4269 έκ
1551 4216 1759 4285 νεκρῶν

1877 4221 2060 4276 Nullus
2085 4227 2167 4274 est
2203 4218 2348 4273 enim
2390 4218 2540 4270 locus
2574 4216 2641 4267 ab
2677 4213 2938 4267 extremis
2969 4225 3141 4278 usque
3167 4207 3233 4261 ad
3258 4217 3438 4261 extre-

198 4302 425 4371 Χριστοῦ
483 4306 801 4370 ἀναϐίωσιν,
836 4306 914 4377 τῷ
978 4305 1265 4375 Ῥωμαίων
1314 4298 1759 4376 πολιορκούμενοι

1878 4328 1963 4365 ma
2004 4310 2153 4365 orbis
2188 4318 2481 4369 terrarum,
2512 4305 2602 4358 ubi
2637 4302 2888 4357 Christus
2918 4315 3023 4352 non
3052 4299 3350 4351 honoratur
3386 4305 3439 4347 et

193 4393 394 4463 δόρατι,
416 4399 496 4460 είς
521 4396 774 4451 τοσοῦτον
798 4396 1109 4459 στενὼσεως
1137 4392 1323 4465 ἦλθον,
1371 4395 1511 4449 ὥστε
1539 4397 1639 4459 τάς
1653 4397 1754 4449 τῶν

1874 4402 2105 4461 colitur;
2146 4407 2201 4452 et
2246 4397 2291 4450 si
2332 4396 2455 4464 quis
2508 4392 2811 4447 studiosius
2863 4390 2977 4441 haec
3028 4388 3156 4439 velit
3203 4386 3435 4439 discere.

202 4485 341 4541 Βίων
359 4488 565 4559 νηπίων
594 4487 802 4556 σάρκας
823 4488 943 4539 ἀντὶ
957 4487 1064 4539 τῶν
1082 4487 1263 4558 ἄρτων
1280 4490 1493 4556 φαγεῖν.
1509 4489 1572 4541 Ol
1584 4487 1763 4541 τοίνυν

1874 4494 2008 4547 sciat
2048 4491 2117 4544 de
2151 4487 2353 4542 Judaais
2389 4486 2483 4555 qui
2512 4484 2765 4538 exierunt
2802 4481 2869 4533 ab
2916 4476 3253 4535 Jerusalem,
3293 4474 3435 4542 quod

198 4576 318 4643 έμοὶ
366 4578 695 4647 πειθόμενοι,
728 4578 835 4632 ίδοὺ
860 4580 888 4631 s
909 4576 1229 4640 ἐπίσκοπος,
1264 4577 1593 4648 προσέλθετε
1626 4579 1759 4650 πρὸς

1878 4591 2156 4652 postquam
2198 4577 2451 4631 Christus
2488 4571 2878 4628 resurrexisset
2909 4584 2939 4623 a
2983 4566 3235 4628 mortuis,
3270 4580 3299 4616 a
3329 4563 3439 4617 ilo-

202 4668 376 4734 ιύτδιν,
393 4670 487 4721 καὶ
515 4668 870 4737 βαπτίσθητε.
908 4667 1127 4739 Ἐπειδὴ
1154 4669 1214 4721 δέ
1236 4685 1321 4732 τις
1350 4669 1427 4740 τῷ
1461 4669 1592 4740 θείῳ
1614 4670 1763 4740 ζήλῳ

1879 4671 2047 4726 manis
2097 4669 2238 4723 bello
2269 4665 2504 4730 obsessi,
2536 4665 2604 4717 ad
2637 4674 2816 4716 tantas
2862 4660 3070 4715 redacti
3099 4664 3227 4711 sunt
3267 4670 3440 4723 angu-

210 4756 292 4806 ul
315 4758 472 4823 φόϐος
494 4757 721 4811 ἕπεσθαι
751 4757 980 4824 πέφυκε,
1016 4756 1173 4825 φοϐεῖ
1204 4758 1296 4810 καὶ
1327 4758 1552 4821 τούτους
1600 4760 1763 4821 αὐτὸς

1879 4765 2025 4827 stias,
2059 4770 2117 4817 ut
2151 4774 2375 4815 suorum
2409 4754 2699 4811 infantium
2740 4768 2934 4808 carnes
2970 4764 3067 4820 pro
3095 4762 3233 4818 pane
3254 4760 3440 4801 come-

209 4849 235 4897 ὁ
272 4849 533 4921 Ἰωάννης.
569 4846 664 4910 Οἷς
690 4850 795 4918 γὰρ
828 4850 888 4901 τὸ
922 4849 1261 4920 ρᾳστωνεῦον
1294 4850 1394 4919 τῆς
1426 4850 1655 4920 γνώμης
1686 4849 1765 4921 τῷ

1881 4857 2070 4913 derint.
2105 4854 2208 4920 Qui
2224 4867 2355 4923 ergo
2379 4850 2509 4904 mihi
2541 4848 2789 4911 creditis,
2817 4860 2945 4899 ecce
2971 4843 3265 4912 episcopus
3297 4858 3312 4906 ;
3348 4854 3442 4892 ac-

218 4941 380 5010 καύνῳ
405 4943 772 5011 πολιορκεῖται
801 4942 1136 5011 φρονήματι,
1169 4942 1332 4996 καλὸν
1370 4945 1461 4995 καὶ
1493 4943 1769 5012 ὠφέλιμον

1882 4946 2045 5002 cedite
2079 4945 2145 4998 ad
2164 4950 2358 4999 cumet
2383 4937 2757 5009 baptizemini.
2804 4933 3072 5000 Quoniam
3096 4939 3279 4984 autem
3307 4931 3443 4985 divi-

220 5033 247 5097 ἡ
274 5034 359 5085 τοῦ
391 5035 557 5103 φόϐου
596 5034 943 5104 παρέστηκεν
976 5035 1357 5106 ἀνθυποφορά.
1398 5036 1559 5089 Φοϐεἶ
1586 5036 1769 5089 τοίνυν

1879 5052 1996 5092 num
2033 5036 2209 5089 zelum
2264 5032 2403 5087 solet
2445 5032 2609 5085 etiam
2655 5034 2834 5081 metus
2884 5023 3103 5094 quidam
3153 5023 3440 5087 consequi,

219 5124 391 5188 αὐτοὺς
419 5129 448 5179 6
475 5126 724 5197 ζηλωτὴς
763 5128 976 5191 ἐκεῖνος
1022 5125 1233 5190 Ἠλίας,
1263 5129 1314 5180 τί
1342 5128 1555 5195 λέγων;
1589 5128 1652 5180 Εἰ
1694 5127 1768 5197 μὴ

1893 5129 1996 5182 llos
2028 5133 2195 5179 terret
2224 5126 2341 5194 ipse
2367 5121 2626 5177 Joannes.
2646 5118 2854 5183 Quibus
2878 5115 3022 5170 enim
3055 5114 3222 5166 animi
3259 5126 3446 5166 socor—

224 5215 452 5270 πίθεσθὲ
506 5236 597 5287 μοι
640 5218 712 5271 τὰ
745 5218 924 5282 ζῶντα
962 5218 1421 5288 συμϐουλεύοντι,
1477 5221 1586 5275 ἰδοὺ
1639 5220 1769 5273 ἀνα-

1886 5219 1963 5273 dia
2015 5215 2299 5269 obsidetur
2330 5229 2361 5265 a
2416 5212 2563 5265 molli
2606 5218 2662 5264 et
2699 5212 2961 5264 enervato
2993 5204 3213 5272 spiritu,
3242 5202 3447 5257 utiliter

219 5302 351 5371 φέρω
388 5308 498 5369 τοῖς
534 5306 837 5377 βασιλεῦσι,
876 5308 968 5361 καὶ
1021 5310 1334 5382 παραυτίκα
1388 5309 1768 5363 ἀποθανεῖσθε.

1888 5308 1958 5364 eis
2014 5313 2191 5360 metus
2225 5302 2505 5373 objicitur.
2554 5298 2661 5353 Eos
2694 5310 2827 5366 ergo
2858 5304 3025 5348 terret
3054 5293 3173 5346 zelo
3207 5291 3449 5358 percitus

217 5394 476 5465 Κράσσων
530 5399 644 5468 γὰρ
696 5398 922 5462 θάνατος
974 5398 1124 5470 ζωῆς
1190 5401 1621 5473 βλασφημούσης
1680 5403 1769 5455 τὸν

1894 5401 1965 5455 lle
2000 5398 2146 5452 Elias
2183 5412 2198 5459 ;
2233 5392 2362 5465 quid
2390 5394 2580 5447 dicens
2609 5391 2632 5444 ?
2661 5388 2778 5445 Nisi
2825 5387 2957 5442 mihi
2990 5384 3284 5456 parueritis
3315 5398 3448 5438 cnn-

215 5490 480 5563 ζυαδότην,
521 5492 976 5562 ἀναισθητότερόν
1015 5511 1079 5546 τε
1110 5495 1414 5547 διακεῖσθαι
1454 5492 1632 5547 κυνῶν
1675 5492 1770 5546 καὶ

1887 5491 2077 5547 sulenti
2129 5502 2250 5557 qua:
2291 5486 2425 5541 dant
2481 5485 2755 5549 salutem;
2789 5496 2919 5536 ecce
2962 5494 3061 5535 vos
3107 5477 3347 5532 deferam
3383 5476 3448 5528 ad

220 5585 459 5638 πετεινῶν
499 5586 597 5638 καὶ
628 5583 854 5653 θηρίων,
888 5584 925 5637 ἃ.
969 5589 1081 5647 τοῖς
1134 5587 1398 5655 ήμεροῦσι
1450 5586 1543 5639 καὶ
1584 5585 1769 5638 τιθασ-

1888 5590 2257 5653 imperatores,
2292 5588 2348 5632 et
2388 5578 2570 5631 statim
2604 5573 2937 5628 moriemini.
2990 5573 3085 5625 Est
3125 5570 3270 5624 enim
3302 5583 3449 5621 mors

216 5672 444 5727 Ultiouatv
478 5676 780 5731 ὑπείκοντα
828 5674 1087 5729 τέθεικεν.
1135 5676 1221 5729 Ἐν
1264 5676 1471 5738 τούτοις
1520 5674 1763 5729 Ἰωάννου

1889 5671 2071 5725 melior
2102 5684 2264 5738 quam
2303 5667 2436 5729 vita,
2481 5681 2601 5735 qua:
2644 5661 2995 5730 blasphemiis
3036 5667 3091 5713 ct
3146 5658 3450 5711 maledictis

214 5766 736 5838 παρρησιαζομένου,
771 5766 1051 5835 Ἀνθέμιος
1074 5766 1455 5823 ἀντανίσταται
1491 5767 1587 5838 μὲν
1618 5767 1757 5820 κατὰ

1889 5762 2100 5819 ncessit
2132 5763 2255 5818 vitae
2278 5760 2546 5826 datorem,
2572 5762 2624 5813 et
2645 5754 2826 5810 minus
2861 5752 3023 5808 habet
3072 5767 3267 5808 sensus
3292 5760 3450 5820 quam
