3952 6210
514 284 624 350 235

1781 276 2054 338 LEONIS
2084 276 2547 337 PHILOSOPHI

3648 276 3762 339 236

515 410 685 450 canes
720 401 773 448 et
815 391 1066 448 volucres
1089 400 1143 447 et
1198 389 1324 447 ferte
1363 406 1483 461 quze
1517 391 1588 448 iis
1633 391 1837 446 cedunt
1872 391 1965 459 qui
1994 403 2089 444 eas

2227 387 2434 461 ἱριστοῦ
2458 389 2735 459 χαλεπῶς,
2760 389 2949 442 πίπτει
2976 388 3032 442 δὲ
3056 386 3456 459 χαλεπώτερον.
3494 387 3633 457 Ἤδη
3656 386 3773 459 γάρ

518 489 679 542 mites
732 485 940 542 iaciunt
983 487 1311 543 et,cicures.
1357 485 1493 540 Cum
1543 485 1658 538 hinc
1686 483 1857 538 libere
1887 483 2095 538 diceret

516 576 784 641 Joannes,
824 578 1150 634 Anthemius
1193 578 1441 647 graviter
1476 575 1703 645 quidem
1742 573 1975 640 insurgit
2000 572 2096 628 ad-

518 683 712 723 versus
729 665 1032 728 Christum,
1060 664 1207 719 cadit
1231 672 1413 718 autem
1440 663 1685 733 gravius.
1708 658 1829 714 Jam
1859 660 2004 715 enim
2033 674 2097 714 os

521 759 846 815 sceleratum
886 758 1127 811 nondum
1174 764 1417 809 cesserat
1462 753 1743 808 Christum
1791 749 2099 806 maledictis

519 850 836 915 incessere;
880 859 933 903 et
952 848 1203 917 protinus
1225 860 1254 899 a
1288 846 1485 916 spiritu
1509 844 1793 899 immundo
1814 851 2099 910 correptus

523 942 867 1005 Anthemius,
909 939 1242 993 alliciebatur
1265 940 1407 992 sicut
1431 935 1774 1000 daemoniaci,
1809 934 2098 989 horrorem

522 1041 577 1085 et
597 1031 780 1101 fugam
803 1030 1106 1084 immittens
1131 1026 1200 1085 iis
1225 1029 1319 1099 qui
1342 1028 1704 1099 aspiciebant.
1724 1025 1925 1080 Deinde
1939 1022 2068 1093 quid
2081 1022 2106 1074 ἰ

522 1120 899 1177 Misericordia
937 1127 1192 1175 movetur
1224 1118 1486 1182 Joannes,
1518 1127 1573 1173 et
1601 1114 1975 1177 Anthemium,
2000 1112 2105 1167 etsi

524 1212 671 1267 malo
692 1211 873 1266 adhuc
912 1219 1223 1275 vexaretur,
1268 1210 1481 1278 magnis
1507 1206 1847 1263 clamoribus
1881 1201 2103 1258 confes-

525 1318 670 1369 sum,
720 1317 833 1357 non
870 1316 994 1358 esse
1028 1301 1197 1355 alium
1238 1298 1409 1354 Deum
1441 1299 1545 1353 nisi
1580 1283 2046 1357 Christianorum,
2073 1307 2103 1345 ο

526 1396 671 1450 maio
722 1394 940 1449 liberat.
970 1392 1223 1463 Cumque
1250 1400 1397 1448 esset
1438 1390 1695 1445 redactus
1726 1389 1781 1444 in
1822 1386 2106 1451 exstasim,

526 1500 720 1541 omnes
743 1484 967 1554 quidem
1002 1483 1169 1538 allicit
1196 1482 1584 1548 admiratione,
1610 1488 1836 1550 propter
1871 1474 2109 1547 repenti-

528 1590 653 1629 nam
693 1576 1095 1640 mutationem;
1146 1585 1371 1645 repente
1408 1582 1589 1629 autem
1634 1570 1944 1641 baptizatur
1981 1580 2107 1622 cum

530 1673 644 1718 tota
671 1664 836 1719 domo
868 1680 885 1729 ;
917 1670 971 1718 et
992 1663 1074 1718 sic
1092 1663 1413 1718 conﬁrmata
1444 1664 1757 1732 baptizatur
1794 1655 2108 1712 multitudo.

2193 481 2257 534 τὸ
2290 479 2482 550 μιαρὸν
2500 479 2656 533 οὔπω
2685 479 2857 547 στόμα
2881 479 2985 548 τῆς
3005 478 3148 532 κατά
3164 476 3404 548 Χριστοῦ
3428 476 3779 547 βλασφημίας

2194 569 2491 635 ἐπαύσατο,
2520 571 2615 623 καὶ.
2640 569 2920 640 παρευθὺς
2946 569 3216 637 πνεύματι
3242 567 3539 638 ἀκαθάρτῳ
3558 568 3781 637 βληθεὶς

2194 661 2227 714 ό
2262 662 2562 730 Ἀνθέμιος,
2599 662 2670 715 τά
2732 661 2841 715 τῶν
2868 658 3253 730 δαιμονῶντων
3311 660 3533 728 πάσχει,
3566 660 3778 729 φρίκην

2197 752 2295 804 καὶ
2322 747 2501 821 φυγὴν
2518 751 2769 819 ἐμποιῶν
2787 752 2899 814 τοῖς
2918 749 3139 819 ὁρῶσιν.
3160 746 3293 800 Εἶτα
3312 747 3365 799 τί
3386 765 3398 810 ;
3424 747 3781 799 Δυσωπετται

2196 843 2227 895 ὁ
2259 842 2534 911 Ἰωάννης,
2558 843 2653 894 καὶ
2671 842 2762 894 τὸν
2797 839 3083 910 ’Ᾱνθὲμιον
3105 840 3208 892 κάν
3238 838 3315 907 τῷ
3333 834 3492 891 πάθει
3518 837 3597 889 ἔτι
3621 837 3783 897 ὄντα.

2200 932 2299 986 καὶ
2314 935 2585 1002 κραυγαῖς
2632 931 2885 1002 ὑψηλαῖς,
2942 932 3019 1002 μὴ
3056 930 3189 985 Θεὸν
3235 930 3395 985 ἄλλον
3465 924 3602 981 εἶναι
3638 928 3789 999 πλὴν

2198 1021 2295 1075 τοῦ
2342 1020 2481 1075 Θεοῦ
2512 1020 2625 1075 τῶν
2651 1021 3017 1091 Χριστιανῶν,
3047 1021 3456 1090 διομιλήσαντα,
3492 1017 3789 1088 ἐλεύθερον

2201 1111 2296 1164 τοῦ
2322 1111 2529 1173 πάθους
2559 1110 2871 1180 ἐργάζεται.
2900 1112 3010 1165 Καὶ
3040 1110 3335 1180 γενόμενος
3401 1111 3461 1162 ὲν
3501 1109 3789 1173 ἐκστάσει,

2204 1202 2408 1269 θάμϐει
2436 1203 2535 1272 μὲν
2579 1202 2828 1265 ἅπαντας
2850 1202 2927 1272 τῷ
2979 1202 3160 1273 ἀθρόῳ
3188 1202 3287 1270 τῆς
3317 1199 3617 1273 μεταϐολῆς
3636 1217 3651 1231 ·
3689 1199 3791 1269 βα-

2206 1292 2457 1356 πτίζεται
2480 1293 2573 1345 καὶ
2598 1294 2937 1362 παραχρῆμα
2978 1291 3301 1360 πανοικεσίᾳ
3320 1309 3333 1322 ·
3377 1290 3470 1343 καὶ
3497 1289 3640 1343 οὓτω
3664 1306 3792 1342 στε-

2210 1383 2480 1454 ρεωθέντα
2511 1385 2605 1437 καὶ
2646 1384 2715 1437 τά
2770 1384 2949 1455 πλήθη
2998 1383 3355 1453 βαπτίζεταιο
3411 1383 3471 1435 οὐ
3510 1382 3673 1452 μόνον
3704 1380 3789 1445 δὲ,

2207 1474 2344 1528 ἀλλά
2374 1476 2465 1528 καὶ
2493 1477 2599 1529 τῶν
2627 1476 2974 1529 ἀκουσάντων
3008 1476 3276 1539 ἅπαντες,
3307 1474 3415 1528 υἱοὶ
3447 1473 3625 1542 φωτὸς
3650 1475 3790 1527 άνα-

2208 1566 2508 1633 γεννῶνται
2538 1565 2616 1636 τῷ
2646 1566 2777 1637 θείῳ
2812 1566 3169 1636 βαπτίσματι.
3206 1565 3376 1634 Κοινὴ
3412 1565 3578 1617 πᾶσιν
3608 1563 3792 1617 tma-

2210 1654 2306 1710 θεν
2357 1656 2699 1727 εὐφροσύνης
2735 1658 2829 1711 καὶ
2872 1658 3049 1727 χαρᾶς
3098 1656 3451 1724 ἀγαλλίασις·
3490 1656 3565 1719 ὡς
3608 1656 3792 1725 ἔργοις

531 1752 642 1810 Nec
679 1755 783 1809 hoc
831 1754 1009 1809 solum
1043 1772 1057 1820 ;
1092 1754 1186 1811 sed
1222 1755 1387 1810 etiam
1442 1769 1509 1809 ex
1548 1754 1618 1807 iis
1653 1751 1748 1821 qui
1794 1746 2109 1811 audierunt,

2227 1747 2388 1810 ιύτοίς
2419 1748 2544 1817 ἐνῆν
2574 1750 2813 1819 καθορᾷν
2837 1749 2898 1801 τὸ
2930 1749 3188 1820 ᾀδόμενον
3211 1763 3229 1778 ·
3275 1747 3373 1812 Ὠς
3404 1744 3795 1815 εὐφραινομέ-

533 1860 725 1899 omnes
766 1844 860 1898 lilii
901 1844 1043 1898 lucis
1097 1852 1493 1915 regenerantur
1531 1841 1720 1896 divino
1758 1837 2106 1907 baptismate.

534 1934 855 1991 Communis
899 1935 1030 1989 hinc
1063 1935 1319 1990 omnibus
1352 1932 1537 2006 gaudii
1572 1942 1627 1988 et
1648 1930 1845 1986 laetitiae
1869 1926 2113 1984 exsulta-

535 2024 655 2089 tio;
708 2023 843 2079 adco
880 2032 938 2079 ut
968 2038 1029 2079 re
1067 2023 1184 2094 ipsa
1223 2023 1411 2078 liceret
1439 2021 1639 2077 intueri
1670 2018 1817 2090 quod
1857 2014 2108 2070 canitur:

537 2115 860 2173 luctantium
891 2117 1125 2173 omnium
1151 2115 1409 2170 habitatio
1432 2122 1509 2169 est
1538 2115 1595 2169 in
1625 2122 1674 2168 te
1705 2112 1749 2165 '.
1774 2108 1949 2178 Hujus
1977 2105 2113 2162 lati-

537 2206 626 2260 the
649 2220 870 2262 causam
895 2206 1183 2277 ignorabat
1230 2205 1459 2259 antistes
1493 2203 1855 2258 Athenarum.
1900 2193 2108 2249 Deinde

2212 1856 2336 1892 νων
2372 1838 2615 1893 πάντων
2658 1841 2697 1908 ἠ
2751 1840 3024 1893 κατοικία
3065 1839 3135 1891 ἐν
3160 1839 3281 1891 σοι.
3310 1838 3527 1909 Ταύτης
3568 1836 3668 1904 τῆς
3701 1835 3797 1888 εύο

2216 1926 2489 1997 φροσύνης
2505 1928 2533 1981 ό
2554 1929 2817 1998 πρόεδρος
2850 1928 3090 1997 Ἀθηνῶν
3111 1926 3296 1995 ἠγνόει
3311 1926 3405 1978 τὸν
3434 1927 3605 1979 αἴτιον
3626 1940 3642 1955 ⁸
3666 1919 3795 1976 εἷτα

2218 2016 2428 2089 μαθὼν,
2450 2019 2543 2071 ἐπὶ
2567 2017 2666 2088 τὴν
2701 2018 3037 2089 χειροτονίαν
3068 2017 3258 2069 τοῦτον
3299 2015 3523 2085 γνώμην
3548 2014 3795 2071 ποιεῖται

2218 2110 2612 2178 προσαγαγεῖν.
2645 2109 2755 2163 Καὶ
2789 2109 2951 2177 γνοὺς
2980 2110 3011 2160 ὁ
3034 2108 3310 2177 Ἰωάννης,
3361 2105 3539 2178 λάθρα
3560 2102 3796 2174 διαφεῦ-

2214 2212 2328 2263 γει,
2357 2198 2453 2251 καὶ
2474 2199 2539 2269 τῇ
2569 2197 2791 2267 πατρίδι
2820 2197 3013 2249 ἑαυτὸν
3051 2196 3397 2249 ἀποδίδωσιν.

538 2313 665 2352 cum
694 2297 1082 2365 intellexisset,
1114 2311 1239 2353 eum
1266 2295 1463 2351 statuit
1494 2293 1768 2355 adducere
1796 2285 1863 2343 ad
1902 2284 2327 2345 ordinationem.
2368 2285 2528 2355 Quod
2559 2301 2684 2342 eum
2754 2284 3068 2341 rescivisset
3123 2283 3386 2351 Joannes,
3452 2283 3595 2338 clam
3669 2294 3773 2334 auo

540 2389 708 2461 fugit,
736 2396 791 2446 et
822 2404 881 2444 se
902 2388 1082 2444 reddit
1118 2388 1326 2458 patriae.

609 2482 664 2537 5.
690 2479 832 2533 illnc
858 2477 1062 2548 ubique
1090 2486 1366 2535 terrarum
1427 2477 1573 2535 fama
1620 2486 1674 2533 et
1702 2492 1956 2533 sermone
1987 2479 2108 2529 erat

539 2574 850 2628 celebratus
878 2567 1144 2634 Joannes,
1172 2584 1298 2623 cum
1329 2568 1396 2623 ad
1426 2568 1559 2624 illud
1594 2578 1809 2638 tempus
1842 2568 2105 2633 venisset,

542 2678 654 2735 quo
684 2664 888 2733 lanugo
922 2663 1065 2718 solet
1088 2676 1259 2732 genas
1290 2661 1519 2726 vestire,
1560 2671 1622 2717 ut
1651 2662 1744 2731 qui
1780 2676 1953 2715 annos
1980 2674 2111 2730 age-

543 2762 628 2809 ret
660 2752 847 2807 decem
894 2759 948 2805 et
993 2758 1140 2805 octo.
1199 2749 1321 2817 Quo
1378 2760 1627 2821 tempore
1688 2766 1812 2807 cum
1849 2749 2119 2821 insignem

528 2844 671 2899 esse
722 2842 993 2901 Joannem
1049 2857 1279 2911 magnus
1319 2842 1810 2901 animadvertisset
1845 2840 2119 2905 Meletius,

543 2936 843 3008 persuadet
868 2942 926 2988 ut
956 2934 1024 2991 ad
1062 2949 1124 2993 se
1171 2933 1361 2993 veniat
1422 2933 1792 3003 frequentius.
1828 2932 1948 3002 Quo
1977 2942 2122 2988 tem-

548 3044 680 3096 pore
702 3027 908 3082 dicitur
941 3018 1058 3082 suis
1089 3025 1508 3096 condiscipulis.
1543 3024 1859 3087 Theodoro,
1890 3023 1989 3093 qui
2019 3022 2124 3077 fuit

2275 2472 2336 2519 ε’.
2362 2466 2451 2528 Ὠς
2476 2466 2802 2531 ἐξάκουστος
2826 2463 2981 2517 ἔνθεν
3014 2462 3269 2531 Ἰωάννης
3299 2457 3619 2528 ἅπανταχοῦ
3649 2459 3783 2528 γῆς,

2220 2558 2401 2611 ἐκεῖνο
2431 2556 2525 2609 τοῦ
2550 2555 2748 2627 χρόνου
2774 2554 3008 2623 φθάσας,
3034 2554 3064 2605 ό
3094 2551 3194 2622 τὴν
3222 2551 3437 2621 ὑπήνην
3462 2548 3647 2602 ἀνθεῖν
3669 2550 3799 2617 ἄρτι

2220 2651 2610 2721 προϐάλλεται,
2636 2648 2785 2704 ὀκτὼ
2810 2648 2950 2719 πρὸς
2975 2649 3088 2709 τοῖς
3119 2644 3256 2699 δέκα
3280 2644 3379 2713 τὴν
3410 2641 3635 2713 ἠλικίαν
3663 2641 3797 2709 άγό-

2223 2758 2382 2811 μενος
2415 2740 2615 2803 ἔτεσιν,
2651 2741 2711 2793 tv
2737 2734 2819 2802 οἷς
2857 2736 3234 2807 διαπρέποντα
3270 2733 3363 2786 τὸν
3396 2732 3653 2801 Ἰωάννην
3682 2732 3801 2784 Με-

2223 2831 2402 2894 λέτιος
2451 2833 2480 2885 ὁ
2532 2830 2706 2900 μέγας
2762 2825 3043 2899 προσχὼν,
3092 2825 3271 2877 πείθει
3316 2822 3415 2893 τὴν
3450 2822 3591 2891 πρὸς
3634 2814 3803 2873 αὑτὸν

2226 2922 2503 2976 ποιεῖσθαι
2532 2922 2858 2991 συχνότερον
2881 2919 3088 2988 ἄφιξιν.
3128 2915 3300 2970 Ἔνθα
3321 2913 3387 2983 δὴ
3418 2911 3644 2980 λέγεται
3666 2911 3797 2973 τοὺς

2231 3013 2632 3084 συμφοιτητὰς,
2667 3011 2969 3080 Θεόδωρον,
3013 3007 3106 3060 τὸν
3140 3005 3367 3076 ὕστερον
3396 3001 3803 3071 Μοψουεστίας,

546 3128 737 3189 postea
767 3119 1064 3188 episcopus
1102 3091 1468 3188 Mopsuestia,
1490 3125 1542 3173 et
1574 3116 1811 3171 Maximo
1842 3091 2120 3180 Seleucia.

2231 3106 2327 3159 καὶ
2376 3104 2630 3174 Μάξιμον
2657 3100 3004 3163 Σελευκείας,
3036 3096 3226 3150 πεῖσαι
3262 3096 3325 3148 τὸ
3369 3091 3808 3189 χρηματιστικὸν

551 3210 903 3278 persuasisse
934 3217 995 3264 ut
1020 3210 1210 3267 relicta
1240 3209 1352 3263 vita
1372 3209 1633 3279 augendas
1650 3207 1895 3278 pecunia
1916 3206 2121 3273 dedita,

548 3292 717 3357 vitam
747 3304 1013 3372 eligerent
1061 3310 1282 3356 tenuem
1332 3309 1391 3356 et
1420 3300 1758 3356 solitariam.
1818 3297 1957 3353 llioc
1994 3312 2121 3351 cum

551 3409 751 3461 magno
784 3392 1006 3457 Basilio,
1030 3393 1124 3462 qui
1148 3392 1220 3446 ab
1251 3391 1369 3462 ipso
1410 3391 1625 3447 Meletio
1646 3391 1915 3447 diaconus
1944 3388 2124 3443 fuerat

551 3484 867 3551 ordinatus,
914 3499 1113 3553 magna
1162 3484 1419 3554 jungitur
1461 3475 1728 3549 amicitia,
1766 3490 1821 3539 et
1859 3490 2036 3545 tanta,
2064 3488 2125 3535 ut

553 3585 745 3632 mutuo
774 3592 962 3632 amore
999 3576 1190 3633 nullus
1218 3577 1266 3632 ei
1291 3585 1433 3633 esset
1482 3576 1711 3649 mquaiis
1738 3592 1804 3632 ex
1845 3575 1935 3635 iis.
1968 3574 2065 3644 qui
2093 3588 2123 3628 a

556 3670 829 3739 principio
860 3668 1080 3724 fuerant
1116 3670 1166 3724 ei
1198 3670 1517 3726 familiares.
1550 3670 1839 3736 Quomodo
1878 3668 2025 3723 enim
2059 3668 2126 3721 ab

555 3761 862 3815 artiﬁcibus
914 3761 1331 3829 coniunguntur
1362 3761 1695 3828 harmonim;
1742 3768 1839 3814 aut
1868 3770 1991 3814 cum
2032 3758 2125 3823 iis,

556 3868 675 3921 qua!
709 3853 762 3906 in
799 3852 940 3912 cmlo
964 3852 1164 3921 aequali
1203 3853 1491 3907 celeritate
1516 3861 1808 3906 moventur
1832 3850 2127 3905 luminari-

558 3947 684 4009 bus,
720 3944 1045 3998 inconfusus
1075 3943 1213 3997 ordo
1252 3943 1607 4014 coniungitur
1633 3944 1977 4007 coitionum;
2010 3950 2127 4005 aut,

560 4044 621 4087 ut
651 4034 846 4087 melius
873 4032 1078 4093 dicam,
1104 4031 1380 4101 quomodo
1415 4033 1506 4086 lux
1540 4032 1708 4098 visui,
1748 4040 1801 4086 et
1836 4031 1988 4085 visus
2021 4030 2129 4083 luci

561 4124 903 4193 conjunctim
933 4123 1137 4191 praebet
1157 4131 1216 4177 ut
1235 4122 1484 4178 videatur
1508 4139 1522 4186 ;
1558 4132 1652 4176 aut
1675 4122 1953 4190 quomodo
1978 4136 2129 4175 men—

562 4218 636 4272 tis
662 4231 787 4270 cum
819 4215 1027 4279 anima,
1060 4222 1111 4269 et
1140 4214 1337 4268 anima:
1370 4228 1500 4267 cum
1541 4220 1725 4267 mente
1761 4221 1887 4266 nota
1920 4221 2004 4266 est
2037 4227 2131 4265 co-

561 4308 785 4378 gnatio;
844 4314 959 4371 aut,
1020 4314 1079 4359 ut
1128 4307 1307 4362 dicam
1364 4304 1808 4365 convenientius,
1857 4304 2133 4371 quomodo

2230 3192 2717 3256 καταλελοιπότας,
2743 3190 2834 3243 τὸν
2869 3188 3015 3241 λιτὸν
3044 3185 3143 3239 καὶ⁹
3174 3184 3506 3253 μονότροπον
3536 3178 3657 3249 βίον
3685 3179 3806 3232 ιλι-

2234 3288 2381 3343 σθαι.
2431 3283 2714 3339 Ἐντεῦθεν
2744 3282 2822 3352 τῷ
2855 3278 3077 3351 μεγάλῳ
3104 3275 3396 3344 Βασιλείῳ,
3422 3274 3482 3336 ὃς
3512 3271 3606 3324 ὑπ’
3635 3270 3808 3324 αὐτοῦ

2234 3376 2501 3432 Μελετίου
2531 3375 2777 3436 διάκονος
2804 3369 3251 3441 κεχειροτόνητο,
3287 3364 3481 3435 φιλίως
3508 3366 3649 3430 άγαν
3673 3379 3809 3415 συν-

2232 3470 2483 3533 άπτεται,
2547 3467 2643 3520 καὶ
2706 3464 2980 3525 τοσοῦτον,
3029 3460 3172 3512 ὥστε
3217 3458 3293 3526 τῷ
3342 3457 3479 3527 πρὸς
3537 3453 3810 3523 ἀλλήλους
3872 3498 3880 3505 ,

2233 3560 2444 3631 γνησίῳ
2493 3558 2587 3611 τοῦ
2643 3557 2867 3626 φίλτρου
2918 3553 2995 3622 μὴ
3036 3549 3103 3603 ἂν
3138 3548 3268 3603 ἄλλο
3309 3565 3363 3600 τι
3405 3546 3514 3601 τῶν
3563 3544 3810 3615 ἀρχῆθεν

2236 3652 2445 3708 εθάδων
2495 3644 2948 3719 παριξισοῠσθαι.
2978 3642 3189 3709 Ὠσπερ
3232 3639 3341 3708 γὰρ
3386 3639 3499 3699 τοῖς
3531 3636 3812 3705 τεχνίταις

2235 3749 2293 3802 αἱ
2320 3742 2581 3816 ἁρμονίαι
2614 3739 2977 3793 συνάπτονται
2997 3748 3011 3762 ·
3037 3731 3071 3803 ἢ
3097 3733 3211 3793 τοῖς
3235 3731 3292 3783 tv
3320 3727 3533 3799 ούρανῷ

2238 3858 2323 3894 σιν
2367 3833 2629 3904 ἰσοταχῶς
2672 3827 3011 3899 κινουμένοις
3045 3826 3078 3894 ἡ
3123 3821 3470 3875 συνάπτουσα
3513 3817 3668 3883 τάξις
3703 3815 3813 3868 τῶν

2235 3930 2471 3985 συνόδων
2502 3924 2809 3992 ἁσύγχυτος
2829 3937 2844 3952 ο
2863 3919 2897 3987 ἦ
2932 3919 3135 3988 μᾶλλον
3156 3916 3353 3975 εἰπεῖν,
3386 3910 3577 3978 ὥσπερ
3603 3907 3727 3975 ὄψει
3752 3906 3813 3957 τὺ

2234 4022 2377 4091 φῶς,
2407 4020 2502 4073 καὶ
2537 4015 2679 4085 φωτὶ
2702 4013 2762 4066 τὸ
2794 4011 3025 4081 ὁρᾶσθαι
3052 4006 3221 4079 (δψις)
3263 4000 3626 4091 συνημμένως
3656 4000 3811 4091 ἀντι-

2241 4084 2576 4180 παρέχεταιο
2605 4106 2639 4175 ἢ
2670 4104 2761 4159 νοῦ
2788 4102 2925 4173 πρὸς
2954 4099 3155 4170 ψυχὴν,
3195 4097 3288 4167 καὶ.
3313 4092 3494 4163 ψυχῆς
3517 4090 3655 4159 πρὸς
3687 4084 3815 4180 νοῦν

2242 4201 2276 4269 ἡ
2327 4178 2617 4265 συγγένεια
2656 4192 2974 4261 γνώριμος·
3022 4189 3081 4257 ἢ,
3133 4187 3221 4239 ἵνα
3271 4182 3605 4248 οἰκειότερον
3650 4178 3813 4269 εἶπεν,

2245 4266 2498 4357 καθάπερ
2542 4287 2608 4338 τὸ
2654 4282 2872 4351 πνεῦμα
2926 4278 3097 4347 πυρὸς
3152 4279 3208 4340 ὲν
3241 4275 3370 4327 εῖδει
3405 4269 3672 4339 γλωσσῶν
3701 4266 3816 4326 τοῖς

565 4399 795 4470 spiritus
830 4399 971 4466 ignis
1012 4399 1066 4453 in
1128 4399 1311 4467 specie
1358 4399 1688 4468 linguarum,
1735 4396 1811 4450 ita
1858 4395 2023 4450 etiam
2078 4396 2120 4448 ir

2250 4381 2519 4453 μαθηταῖς
2547 4377 2642 4429 τοῦ
2676 4375 2837 4441 λόγου
2860 4369 3127 4439 γνωρίζον
3155 4367 3481 4419 συνάπτεται
3502 4376 3517 4389 ⁸
3546 4360 3692 4413 οὓτω
3713 4358 3817 4410 κάν

565 4492 671 4545 his.
702 4490 964 4547 Homines
995 4490 1143 4546 enim
1178 4490 1427 4560 spiritus,
1456 4499 1646 4545 sancto
1670 4488 1878 4558 Spiritu
1902 4487 2134 4553 conjun-

564 4584 663 4646 cti,
696 4597 861 4641 unam
901 4582 954 4637 in
991 4581 1214 4637 Christo
1245 4581 1534 4636 charitutis
1580 4578 1874 4649 perlectam
1927 4577 2135 4631 ellicie—

566 4676 700 4730 bant
740 4674 1229 4744 conspirationem.
1260 4673 1549 4740 Quodnam
1576 4682 1759 4726 autem
1798 4678 1948 4725 esset
1981 4684 2134 4722 amo-

569 4770 647 4825 ris
701 4769 844 4824 inter
892 4782 988 4822 eos
1040 4767 1340 4831 vinculum,
1400 4777 1459 4819 nt
1513 4766 1587 4819 ita
1643 4764 1751 4818 dici
1811 4771 2010 4832 potest,
2061 4762 2140 4816 sic

569 4858 813 4915 ostendit
841 4858 1043 4914 oratio.
1094 4857 1350 4923 Basilius,
1382 4858 1475 4927 qui
1512 4858 1624 4927 jam
1670 4856 1837 4909 vitam
1883 4867 2140 4922 suscepe-

573 4955 657 5001 rat
692 4948 1078 5009 tuonISticam,
1112 4960 1300 5002 secum
1332 4946 1646 5000 attrahebat
1673 4943 1942 4998 Joannem
1968 4958 1986 5007 ;
2015 4957 2139 4996 eum

574 5047 756 5092 autem
802 5047 999 5092 contra
1033 5036 1346 5092 attrahebat
1409 5036 1643 5091 materni
1687 5050 1879 5089 rursus
1933 5032 2141 5088 amoris

571 5129 731 5199 plena
761 5128 1022 5200 iacrymis
1049 5127 1247 5181 oratio.
1282 5126 1420 5181 Cum
1452 5140 1584 5180 vero
1627 5122 1916 5178 clementis
1952 5129 2008 5175 et
2038 5122 2143 5174 nii-

575 5218 875 5277 sericordis
908 5218 1136 5275 Joannis
1204 5233 1315 5273 non
1341 5224 1489 5275 esset
1524 5215 1720 5268 animm
1759 5222 1814 5267 et
1839 5210 2143 5281 sapientiae,

575 5322 688 5368 tam
718 5313 919 5367 multas
954 5313 1147 5367 matris
1177 5311 1450 5382 lacrymas
1504 5308 1885 5377 prolixamquc
1936 5304 2146 5358 oratio-

575 5421 701 5459 nem
741 5416 797 5459 et
830 5405 1150 5458 viduitatem
1178 5405 1488 5473 despicere,
1537 5406 1671 5455 tunc
1712 5398 2033 5458 retrahitur.
2088 5402 2141 5449 et

576 5498 736 5549 matri
771 5511 831 5550 se
886 5496 1116 5549 invitum
1153 5494 1401 5559 tradidit,
1434 5507 1734 5563 persuasus
1771 5505 1881 5544 non
1933 5486 2147 5541 tonderi

577 5601 705 5643 ame
731 5588 851 5655 ejus
883 5588 1112 5640 exitum.
1143 5587 1277 5641 Cum
1302 5596 1549 5640 materna
1588 5599 1722 5651 ergo
1759 5582 1960 5651 pietate
2003 5578 2148 5631 insi-

579 5680 703 5752 guis
734 5689 878 5733 esset
931 5677 1189 5741 Joannes,
1244 5677 1389 5731 Zeno
1440 5677 1736 5746 epianptts
1779 5670 2026 5728 ascendit
2083 5686 2149 5723 ex

660 5776 679 5807 '
706 5771 849 5825 l‘sal.
884 5786 1104 5833 num,
1146 5771 1194 5822 7.

2243 4473 2476 4533 τούτοις.
2514 4470 2578 4522 Οἱ
2627 4469 2735 4534 γάρ
2768 4463 2862 4516 τοῦ
2898 4459 3208 4526 πνεύματος
3234 4454 3507 4521 πνεύματι
3538 4463 3818 4517 συναρμο-

2242 4557 2785 4631 νολογούμενοι,μίαν
2803 4556 2861 4605 ὲν
2881 4549 3099 4621 Χριστῷ
3116 4547 3341 4614 ἀγάπης
3355 4540 3821 4631 ἁπηκριῦὠσαντο

2248 4628 2572 4725 σύμπνοιαν.
2632 4646 2794 4702 Ἀλλά
2844 4645 2940 4714 τῆς
2988 4641 3125 4712 πρὸς
3154 4636 3417 4725 ἀλλήλους
3465 4632 3695 4725 ἀγάπης
3724 4628 3822 4681 τὸν

2250 4723 2571 4815 σύνδεσμον,
2599 4736 2710 4803 οἷός
2738 4756 2825 4801 τις
2855 4737 3050 4799 εἰπεῖν,
3079 4736 3108 4786 ὁ
3139 4731 3296 4797 λόγος
3325 4723 3427 4781 ὧδε
3478 4724 3820 4792 παρέστησε.

2248 4838 2527 4897 Βασίλενος
2548 4834 2610 4889 δὲ
2644 4833 2735 4883 τὸν
2769 4827 2974 4899 μονάδα
3001 4825 3104 4894 ἤδη
3138 4818 3484 4892 προειληφὼς
3519 4816 3653 4886 βίον,
3690 4830 3821 4866 συν-

2240 4931 2396 4985 ηεῖλκε
2440 4926 2535 4978 τὸν
2573 4925 2865 4990 Ἰωάννην
2919 4916 3169 4970 ἁνθεῖλκε
3223 4912 3281 4965 δὲ
3307 4909 3497 4963 τοῦτον
3558 4905 3822 4976 μητρῴου

2242 5024 2414 5076 πόθου
2444 5018 2607 5072 πάλιν
2637 5016 2794 5081 λόγος
2824 5009 3187 5079 πολύδακρυς.
3230 5004 3385 5057 Ἐπεὶ
3435 5001 3494 5053 δὲ
3539 5000 3644 5068 τῆς
3681 5014 3827 5066 συμ-

2248 5113 2460 5175 παθοῦς
2493 5109 2589 5163 καὶ
2620 5108 2863 5177 ἀλήπτου
2894 5102 3073 5171 ψυχῆς
3095 5099 3189 5152 ml.
3219 5096 3411 5163 σοφίας
3439 5093 3540 5146 οὐκ
3564 5088 3656 5161 ἦν,
3693 5105 3825 5141 τοσ-

2244 5208 2408 5260 οῦτον
2441 5202 2603 5275 ἔργον
2633 5197 2883 5264 δακρύων
2906 5192 3116 5246 πολλῶν
3138 5189 3234 5243 καὶ⁵
3260 5187 3436 5255 λόγων
3474 5179 3827 5275 μακρῶνᾲτης

2249 5272 2486 5369 μητρὸς,
2520 5293 2615 5346 καὶ
2640 5288 2868 5361 χηρείας
2902 5283 3147 5351 ἀνάγκην
3182 5278 3481 5346 ὑπεριδεῖν,
3528 5275 3669 5336 τέως
3696 5272 3829 5369 ave-

2248 5364 2489 5449 ἕλκεται,
2517 5386 2611 5439 καὶ
2648 5384 2715 5453 τῇ
2758 5378 2925 5450 μητρὶ
2950 5374 3046 5429 καὶ
3074 5374 3223 5427 άκων
3254 5371 3449 5423 ἑαυτὸν
3475 5364 3829 5437 ἐμπεριέχει,

2254 5481 2499 5540 πεισθεὶς
2526 5476 2632 5546 πρὸ
2679 5474 2777 5542 τῆς
2805 5468 3008 5536 ταύτης
3050 5465 3231 5530 ἐξόδου
3280 5464 3358 5530 μὴ
3398 5455 3829 5546 ἀποκείρασθαι.

2258 5542 2584 5641 Ῑιίητρῲαις⁷
2609 5565 2790 5619 τοίνυν
2837 5557 3171 5625 οίκονομίαις
3196 5550 3601 5619 δια-πρέποντος
3647 5542 3833 5598 Ἰωάν-

2262 5685 2373 5731 νου,
2423 5664 2609 5732 Ζήνων
2656 5657 2953 5713 ἐπίσκοπος
3003 5649 3061 5712 ἐξ
3100 5643 3488 5716 Ἱεροσολύμων
3526 5641 3834 5699 ἐπάνεισιν,
