3952 6210
225 237 327 301 237

893 212 1174 301 animo
1210 202 1430 306 xvm.
1466 270 1534 282 —
1563 249 1957 315 LAUDATIO
1996 253 2053 310 s.
2094 252 2415 316 JOANNIS
2446 256 2850 319 cnnvsosr.

3361 260 3469 323 238

225 348 589 419 ἀναγνώστην
621 366 680 402 τε
710 349 786 423 τῷ
812 348 929 417 λαῷ
953 350 1053 423 τῆς
1095 351 1422 422 Ἐκκλησίας
1450 356 1558 409 τῶν
1592 358 1793 419 Ἀντιο-

1904 358 2323 433 Hierosolymis,
2344 372 2395 419 et
2425 366 2629 435 popqu
2648 365 3005 420 Antiochenaa
3024 364 3287 423 Ecclesiae
3301 366 3470 423 Joan-

225 442 361 509 χέων
403 441 499 492 τὸν
540 441 793 511 Ἰωάννην
847 440 1161 511 καθίστησι.
1194 442 1328 497 Τότε
1375 444 1441 515 δή
1491 464 1623 515 φασι
1672 451 1800 513 τοὺς

225 531 362 584 κατά
406 529 679 589 Ἰουδαίων
712 531 878 589 αὐτὸν
911 530 972 595 ἒξ
1021 532 1385 604 συντάξασθαι
1437 536 1649 605 λόγους,
1704 540 1799 592 τὸν

223 620 372 683 τόνον
424 620 527 690 τῆς
578 620 788 683 οἰκείας
844 620 1137 699 εὐδρομίας
1190 623 1469 684 ἀνένδοτον
1530 627 1665 699 πρὸς
1728 628 1798 691 τά

223 713 461 780 κρείττω
488 712 589 790 βίῳ
624 712 720 771 καὶ
759 711 907 787 λόγῳ
934 712 1384 787 διαφυλάττοντα.
1415 718 1569 772 Μετά
1602 719 1795 784 ταῦτα,

223 806 412 879 χερσὶν
438 806 473 882 ή
504 806 687 881 μήτηρ
713 803 850 857 Θεοῦ
880 806 1189 875 παραθεῖσα
1217 806 1278 860 τὸ
1298 809 1537 881 πνεῦμα,
1561 810 1639 881 τῷ
1663 810 1795 889 ἱερῷ

224 894 371 947 παιδὶ
412 892 513 963 τὴν
556 892 875 968 ἐλευθερίαν
923 894 1233 970 χαρίζεται.
1277 895 1336 961 '0
1376 897 1480 969 μὲν
1521 898 1587 969 δή
1623 900 1797 969 μέγας

220 984 383 1041 Δαὸἱδ
413 983 474 1035 τὸ
490 984 699 1038 δίκαιον
722 985 826 1039 κάν
849 984 1059 1047 τούτοις
1086 986 1535 1065 χαρακτηρεςων,
1550 989 1792 1057 Ἐσκόρ-

220 1090 428 1140 πισεν,
449 1075 636 1135 ἔδωκε
684 1074 809 1140 τοῖς
851 1076 1093 1149 πένησι,
1122 1075 1287 1151 φησίν
1308 1092 1324 1108 ’
1368 1076 1407 1144 ἠ
1436 1076 1792 1157 δικαιοσύνη

221 1169 409 1222 αὐτοῦ
459 1167 630 1238 μένει
659 1168 749 1237 είς
786 1166 893 1219 τὸν
939 1166 1124 1222 alim:
1179 1167 1287 1221 τοῦ
1344 1167 1581 1235 αἰῶνος,
1628 1170 1688 1233 Ὀ
1736 1170 1794 1224 δὲ

229 1259 488 1327 Ἰωάννης
516 1259 585 1331 τῇ
619 1255 791 1330 μητρὶ
818 1255 1045 1317 δέοντως
1075 1255 1308 1319 ἀποδοὺς
1350 1258 1446 1332 τήν
1471 1258 1682 1321 οὐσίαν,
1731 1257 1793 1310 οὐ

222 1342 382 1410 μόνον
414 1342 507 1395 τὸν
534 1342 754 1402 ἅπαντα
783 1340 1108 1407 πλοῦτον,δν
1145 1342 1243 1411 μὲν
1275 1344 1559 1415 σκορπίζει
1589 1344 1792 1411 καλῶς,

215 1430 274 1483 δν
321 1430 384 1494 δὲ
427 1430 751 1498 ἀφοσιοῦται
794 1428 1056 1491 κάλλιστα
1087 1430 1163 1501 τῷ
1207 1431 1325 1502 Θεῷ
1352 1450 1366 1463 ·
1409 1415 1543 1495 άλλά
1574 1435 1668 1492 καὶ
1701 1436 1794 1495 τὸν

220 1522 353 1591 πρὸς
383 1521 515 1585 τοὺς
551 1520 827 1589 γνωστοὺς
848 1522 943 1573 καὶ
981 1508 1168 1590 φίλους
1193 1524 1287 1585 καὶ
1310 1524 1437 1588 τοὺς
1462 1525 1639 1590 άλλως
1661 1542 1790 1581 συν-

220 1614 361 1683 ήθεις
392 1614 564 1674 πόθον
603 1615 661 1668 ἐν
705 1614 937 1686 δευτέρᾳ
965 1614 1130 1689 μοίρᾳ
1152 1614 1405 1686 θέμενος,
1430 1616 1525 1673 τοῦ
1555 1618 1792 1693 ἀληθοῦς

218 1679 510 1775 ἐξήρτηται
575 1705 671 1766 καὶ
712 1679 878 1775 μόνου
911 1679 1004 1775 ’μή
1051 1679 1396 1782 διαρρέοντος
1424 1679 1661 1779 ἔρωτοςἰ
1694 1679 1791 1765 καί
1820 1679 1865 1741 Β

216 1796 301 1848 τὸν
337 1796 548 1873 μονάδα
576 1797 712 1866 βίον,
733 1797 763 1849 ό
793 1798 888 1850 καὶ
911 1795 1017 1869 πρὸ
1038 1798 1231 1857 τούτου
1258 1799 1609 1870 μονότροπος,
1630 1802 1789 1873 είπερ

217 1905 296 1949 τις
322 1872 510 1954 ἀλλος,
546 1889 1010 1965 ἐπενδυσάμενος,
1046 1887 1121 1951 ὡς
1152 1890 1276 1960 ἄρτι
1304 1891 1425 1944 τότε
1457 1872 1787 1963 ἀρξάμενος,

218 1977 657 2055 φροντιστηρίοις
686 1976 879 2037 ἑαυτὸν
905 1976 1241 2044 ἐπιδίδωσιν,
1267 1980 1391 2037 ὅσαι
1417 1981 1647 2051 ἡμέραι,
1664 1982 1788 2048 τοῖς

216 2069 581 2135 ἔμπροσθεν,
596 2067 738 2121 κατά
755 2066 988 2133 Παῦλον,
1006 2068 1528 2143 ἐπεκτεινόμενος.
1545 2072 1789 2148 ὐρώμε-

220 2175 305 2219 νος
332 2158 390 2211 δι
419 2157 686 2224 τοιοῦτος,
718 2157 819 2228 τὴν
836 2160 1181 2228 προστασίαν
1199 2160 1307 2214 τῶν
1336 2162 1577 2231 ἀδελφῶν
1606 2180 1789 2235 παρα-

224 2248 460 2311 καλεῖται
480 2248 585 2330 μὲν
605 2249 989 2317 ἀναδέξασθαι,
1009 2250 1070 2302 οὐ
1093 2250 1275 2321 μέντοι
1297 2252 1570 2321 ἀνέχεται.
1588 2255 1788 2331 Ὄρους

224 2342 277 2402 εξ
304 2344 395 2396 καὶ
424 2343 613 2411 τάξεις
642 2343 824 2415 πάσης
853 2344 1222 2416 ἀγαθοεργίας
1269 2347 1298 2399 ό
1344 2345 1487 2411 θεῖος
1540 2346 1787 2418 ζηλωτὴς

228 2426 376 2503 οὗτος
438 2434 776 2509 ἀσκητικοὺς
828 2434 1323 2506 συγγραψάμενος,
1394 2438 1780 2510 παραδίδωσιν.

241 2523 391 2577 am
425 2523 478 2575 τί
517 2523 709 2597 ταῦτα,
737 2523 941 2594 καίπερ
981 2524 1192 2594 μεγάλα
1234 2525 1597 2595 τυγχάνοντα,
1647 2526 1789 2597 πρὸς

232 2612 298 2664 τά
322 2612 615 2683 μέλλοντας
668 2615 703 2685 ή
754 2613 853 2684 μὲν
899 2614 1030 2684 περὶ
1071 2615 1237 2675 αὑτοῦ
1278 2618 1439 2687 φήμη
1482 2620 1789 2688 συνεισρεῖν

240 2702 463 2781 ἃπαντας
493 2705 630 2776 πρὸς
663 2704 825 2763 αὐτὸν
849 2704 1102 2777 ἀσμένως
1129 2705 1443 2775 ἠνάγκαζεν
1464 2726 1477 2739 ·
1514 2708 1677 2772 αὐτὸς
1707 2709 1786 2777 δέ,

245 2786 329 2844 οἷά
348 2809 422 2854 τις
458 2793 683 2859 ἀὲνναος
706 2794 905 2863 κρήνη,
938 2793 1037 2862 τῆς
1069 2792 1395 2866 διακρίσεως
1422 2795 1533 2853 τῶν
1557 2797 1790 2867 Γραφῶν

256 2880 313 2933 τὸ
343 2881 469 2954 ὓδωρ
502 2884 712 2954 βλύξων
773 2884 1187 2951 άνεπιθόλωτον,
1217 2888 1331 2950 τοῖς
1386 2888 1552 2945 πᾶσιν
1602 2889 1786 2960 esset-

256 2970 411 3028 λευσε.
440 2976 536 3032 Καὶ
560 2972 631 3046 ἦν
661 2975 797 3047 ὸρᾷν
830 2976 1078 3039 ἅπαντας
1105 2976 1253 3040 τοὺς,
1289 2977 1404 3030 ὅσοι
1428 2979 1507 3048 τῷ
1538 2979 1789 3053 φλογμῷι

253 3065 311 3139 τῇ
336 3064 495 3139 ἐνδείᾳ
529 3068 623 3121 καὶ
653 3066 795 3139 δίψει
821 3066 930 3121 τῶν
952 3066 1112 3125 θείων
1136 3067 1334 3136 λογίων
1366 3068 1790 3143 διεξηραίνοντο,

252 3152 417 3228 ὥσπερ
442 3157 632 3225 ἄγγεσι
668 3158 789 3220 ταῖς
845 3156 1047 3226 βίϐλοις
1090 3158 1189 3221 τάς
1228 3158 1418 3217 τούτου
1475 3163 1665 3229 σαφεῖς
1699 3163 1794 3217 καὶ

251 3246 441 3312 διειδείς
469 3250 769 3324 ἑρμηνείας
790 3251 1145 3327 ἀρυομένους,
1174 3252 1269 3308 καὶ
1292 3252 1428 3323 πρὸς
1448 3251 1548 3317 τὰς
1567 3254 1794 3324 ἐνεγκαο

256 3334 400 3404 μένας
419 3338 702 3411 χαίροντας
727 3339 1187 3409 ὑποστρέφοντας.

315 3433 379 3499 ς’.
418 3427 679 3483 Ἐνταῦθα
711 3445 802 3496 μοι
838 3427 1116 3499 γενομένῳ
1154 3429 1313 3500 σιγᾷν
1346 3429 1784 3502 προτεθύμηται.

254 3515 439 3589 Κριτής
464 3518 570 3591 γάρ
595 3518 705 3572 τῶν
736 3520 885 3589 ὲμῶν
903 3561 917 3583 ,
950 3520 983 3591 ή
1015 3518 1342 3587 συνείδησις.
1381 3519 1478 3584 Τίς
1504 3521 1562 3575 δὲ
1582 3523 1610 3574 ὁ
1634 3522 1791 3592 λόγος

252 3607 337 3678 τῆς
361 3610 563 3678 σιωπῆς
584 3626 599 3675 ;
624 3610 748 3663 Ὅτι
772 3609 1024 3678 μεγάλων
1056 3608 1306 3662 ἐντεῦθεν
1327 3610 1625 3671 ἀνακόπτει
1650 3630 1792 3683 πρα-

254 3702 454 3775 γμάτων
482 3700 755 3773 διήγησις,
777 3693 853 3753 ὧν
883 3700 954 3752 τά
979 3699 1260 3770 παράδοξα
1288 3699 1596 3769 διηγεῖσθαι
1628 3701 1661 3773 ἢ
1709 3702 1793 3766 ἐξσ

254 3793 441 3861 υμνείν,
468 3791 589 3844 ὅσον
618 3792 790 3857 ἄξιον,
831 3792 927 3861 οὐχ
970 3784 1080 3853 οἷός
1113 3807 1175 3842 τε
1218 3790 1329 3858 ἐγώ
1352 3808 1367 3822 ·
1424 3790 1583 3862 πλὴν,
1617 3792 1647 3845 ὅ
1706 3810 1796 3862 μοι

256 3881 358 3932 κατ’
381 3882 549 3953 ἀρχάς
570 3883 628 3936 ἐν
650 3880 981 3957 προοιμίοις,
1001 3881 1095 3935 καὶ
1124 3878 1282 3944 αὖθις
1309 3882 1670 3952 ἐπινενόηται.
1689 3881 1798 3936 Καί

259 3985 337 4037 μοι
368 3973 780 4040 συγγινωσκὲτω
808 3970 1023 4040 πρῶτον
1053 3970 1153 4040 μὲν
1195 3973 1223 4024 ὁ
1252 3969 1395 4034 θεῖος
1431 3964 1587 4035 οὗτος
1630 3973 1791 4043 ἀνὴρ,

257 4062 335 4113 καὶ
354 4063 441 4132 τῆς
462 4062 612 4126 θείας
637 4061 1040 4131 εὐσπλαγχνίας
1074 4061 1341 4131 μιμητὴς,
1367 4062 1461 4114 καὶ
1494 4063 1790 4134 ἐγγυητής

255 4153 657 4219 συγγινώσκοιτε
689 4153 748 4207 δὲ
782 4154 875 4205 καὶ
898 4153 1054 4223 ὑμῶν
1084 4153 1196 4205 ὅσοι
1222 4152 1321 4222 τῆς
1351 4153 1518 4206 αὐτοῦ
1574 4155 1795 4224 φιλοσο-

1900 466 2025 509 nem
2059 453 2349 509 constituit
2396 453 2680 511 lcetorem.
2718 454 2875 510 Tunc
2904 462 3088 510 autem
3124 456 3317 513 dicunt
3341 474 3474 514 eum

1899 542 2285 611 composuisse
2345 558 2442 599 sex
2501 544 2672 605 libros
2704 544 2965 601 adversus
3000 544 3239 613 Iudaeos,
3275 564 3469 623 perpe-

1899 641 2053 693 tuum
2086 632 2173 694 sui
2211 632 2277 687 ad
2304 633 2530 688 meliora
2566 633 2701 691 recti
2731 650 2930 697 cursus
2970 648 3213 699 tenorem
3258 640 3368 697 vita
3411 648 3469 696 et

1897 721 2145 781 oratione
2165 731 2606 779 conservantem.
2643 723 2772 779 Post
2796 726 2909 782 haec
2928 742 3051 785 cum
3075 739 3255 791 mater
3285 730 3338 789 in
3370 731 3465 788 Dei

1898 826 2095 867 manus
2135 828 2295 868 suum
2325 813 2642 871 tradidisset
2665 816 2937 886 spiritum,
2968 828 3321 875 sacrosancto
3354 820 3467 881 lilio

1898 901 2153 957 concedit
2192 903 2522 959 libertatem.
2564 905 2741 976 Atque
2771 922 3003 977 magnus
3031 908 3254 977 quidem
3296 908 3465 965 David

1898 991 1951 1051 in
1984 991 2071 1047 his
2106 992 2284 1045 virum
2318 993 2529 1063 justum
2563 994 2905 1064 exprimens,
2959 996 3096 1051 dicit
3130 1015 3146 1053 :
3179 997 3462 1066 Dispersit,

1896 1079 2039 1132 dedit
2065 1080 2404 1149 pauperibus,
2425 1082 2644 1150 justitia
2672 1084 2786 1153 ejus
2804 1094 2979 1138 manet
3010 1085 3065 1139 in
3088 1090 3338 1141 :wculum
3360 1106 3464 1143 sa:-

1896 1169 2004 1221 euli
2033 1169 2073 1222 ⁸.
2101 1167 2342 1229 Joannes
2370 1180 2552 1227 autem
2578 1188 2702 1228 cum
2736 1174 2921 1240 matri,
2954 1181 3013 1229 ut
3043 1175 3291 1243 decebat,
3314 1177 3463 1247 justa

1897 1257 2138 1323 fecisset,
2177 1276 2285 1315 non
2319 1262 2497 1316 solum
2532 1277 2722 1317 omnes
2747 1263 2985 1327 divitias,
3020 1266 3216 1334 partim
3242 1268 3461 1336 quidem

1894 1348 2123 1423 pulchre
2155 1350 2441 1421 dispergit,
2474 1352 2675 1422 partim
2708 1363 2888 1406 autem
2940 1352 3048 1409 Deo
3098 1356 3463 1424 pulcherrime

1895 1448 2217 1514 consecrat;
2247 1441 2341 1496 scd
2376 1444 2542 1497 etiam
2575 1458 2734 1498 suum
2772 1444 2827 1500 in
2860 1453 3024 1499 notos
3068 1454 3121 1503 et
3147 1448 3377 1514 amicos,
3410 1457 3464 1504 et
3524 1500 3527 1503 ,

1896 1530 2101 1601 alioqui
2143 1531 2442 1587 familiares
2494 1548 2737 1589 amorem
2766 1547 3131 1606 postponens,
3174 1552 3204 1591 a
3250 1555 3381 1596 vero
3410 1552 3465 1601 et

1893 1622 1987 1694 qui
2019 1638 2299 1694 nunquam
2324 1623 2492 1680 eiiiuit
2517 1640 2705 1682 amore
2742 1627 2981 1696 pendet;
3010 1636 3064 1683 et
3108 1644 3234 1687 cum
3284 1632 3455 1687 vitam

1896 1713 2233 1783 suscepisset
2271 1719 2657 1781 monasticam,
2696 1718 2787 1786 qui
2825 1717 2987 1772 etiam
3031 1726 3180 1783 ante,
3226 1719 3275 1775 si
3316 1722 3461 1778 ullus

1896 1800 2192 1866 alius,erat
2216 1802 2518 1869 solitarius,
2544 1813 2800 1875 tanquam
2837 1815 2967 1862 tunc
2999 1807 3267 1877 incipiens
3283 1812 3376 1865 dat
3406 1826 3468 1867 se

1896 1892 2261 1956 monasteriis,
2294 1894 2537 1961 quotidie
2554 1894 2622 1948 ad
2648 1896 2945 1962 anteriora,
2979 1899 3123 1953 sicut
3156 1899 3358 1956 Paulus
3382 1902 3465 1956 lo-

1895 1982 2084 2052 quitur
2114 1982 2231 2047 ",se
2249 1985 2572 2039 extendens.
2601 1986 2735 2053 Cum
2765 1986 2888 2041 talis
2911 1998 3092 2043 autem
3123 1985 3465 2061 cerneretur,

1895 2080 2119 2141 rogatur
2138 2070 2359 2141 quidem
2375 2083 2431 2126 ut
2453 2072 2687 2128 fratrum
2713 2076 2985 2146 suscipiat
3017 2078 3409 2147 praefecturam
3449 2100 3463 2136 :

1895 2159 1989 2212 sed
2002 2158 2055 2212 id
2071 2158 2293 2213 minime
2308 2160 2562 2217 sustinet.
2583 2160 2805 2219 Decreta
2825 2171 3002 2218 autem
3021 2173 3075 2219 et
3090 2166 3334 2222 ordinem
3352 2183 3470 2221 oni-

1898 2246 1986 2301 nis
2018 2247 2178 2301 bona:
2208 2249 2527 2303 monasticae
2558 2251 2964 2306 exercitationis
2996 2252 3216 2309 divinus
3252 2255 3341 2309 hic
3381 2272 3470 2312 ze-

1898 2340 2037 2395 lotes
2054 2339 2363 2408 conscripta
2384 2341 2463 2395 eis
2484 2341 2668 2396 tradit.
2695 2341 2801 2397 Sed
2825 2343 2957 2412 quid
2983 2343 3120 2410 haec,
3142 2345 3247 2401 etsi
3272 2361 3468 2419 magna

1896 2432 2027 2500 sint,
2058 2431 2103 2485 si
2123 2430 2479 2487 conferantur
2500 2447 2624 2489 cum
2658 2432 2908 2491 futuris?
2947 2435 3079 2500 Quae
3123 2435 3191 2490 dc
3229 2452 3295 2492 eo
3342 2439 3469 2509 qni-

1896 2524 2017 2579 dem
2057 2524 2425 2595 spargebatur
2459 2523 2623 2595 fama,
2657 2524 2887 2594 cogebat
2908 2540 3102 2582 omnes
3125 2527 3375 2583 lubenter
3400 2527 3469 2585 ad

1894 2628 2017 2669 cum
2044 2612 2342 2675 conﬂuere.
2380 2614 2501 2685 Ipse
2539 2624 2723 2679 autem
2767 2622 3030 2687 tanquam
3072 2617 3195 2673 l‘ons
3243 2619 3467 2688 quidam

1896 2702 2189 2773 perennis.
2249 2703 2736 2761 discernendarum
2802 2696 3220 2777 Scripturarum
3271 2722 3469 2778 aquam

1895 2780 2181 2851 eﬂ‘undens
2211 2795 2436 2851 minime
2462 2798 2856 2865 perturbatam,
2882 2812 3001 2852 eam
3033 2797 3235 2854 all'atim
3269 2814 3471 2872 suppe-

1898 2888 2112 2943 ditabat
2149 2887 2431 2944 omnibus.
2473 2887 2815 2958 Licebatque
2864 2889 3051 2944 videre
3100 2904 3315 2957 omnes,
3373 2889 3469 2960 qui

1899 2986 2037 3034 aestu
2069 2988 2123 3034 et
2150 2987 2395 3049 egestate
2424 2990 2478 3035 et
2504 2978 2599 3045 siti
2643 2980 2956 3036 divinorum
3003 2979 3349 3049 eloquiorum
3370 2996 3472 3036 ex-

1897 3068 2271 3133 siccabantur,
2303 3084 2369 3125 ex
2391 3069 2512 3139 ejus
2539 3070 2717 3135 libris,
2755 3077 3016 3141 tanquam
3051 3085 3119 3124 ex
3144 3071 3470 3141 vasis,.ejus

1896 3159 2078 3213 claras
2104 3167 2158 3214 et
2176 3160 2501 3230 perspicuas
2528 3160 2849 3225 haurientes
2876 3159 3386 3230 interpretationes,
3413 3168 3471 3217 et

1892 3249 2045 3303 laetos
2085 3260 2423 3306 revertentes
2452 3248 2507 3305 in
2539 3249 2795 3321 patriam.

1963 3422 2020 3481 6.
2047 3424 2183 3493 Cum
2231 3424 2298 3482 ad
2341 3426 2487 3483 hunc
2540 3425 2720 3480 locum
2758 3425 3121 3498 pervenerim,
3164 3425 3339 3481 statui
3388 3426 3470 3485 si-

1897 3514 2046 3583 lere;
2087 3530 2331 3570 meorum
2364 3524 2449 3572 est
2472 3516 2620 3573 enim
2666 3516 2835 3585 judex
2884 3515 3249 3575 conscientia.
3309 3514 3472 3580 Quat-

1902 3619 2030 3659 nam
2061 3612 2148 3660 est
2174 3592 2355 3659 autem
2387 3604 2532 3659 ratio
2587 3605 2839 3660 silentii?
2888 3605 3043 3670 Quod
3096 3605 3225 3659 hinc
3285 3620 3471 3659 rerum

1905 3709 2225 3764 magnarum
2254 3695 2507 3750 exoritur
2537 3695 2805 3762 narratio,
2861 3709 3092 3765 quarum
3130 3695 3471 3749 admirabili-

1902 3792 2071 3839 tatem
2104 3799 2332 3840 narrare
2361 3792 2415 3839 et
2445 3784 2722 3849 laudibus,
2784 3792 3050 3855 quantum
3077 3800 3173 3857 par
3199 3794 3303 3851 est,
3327 3786 3473 3840 cele-

1902 3873 2067 3929 brare
2096 3891 2206 3931 non
2240 3890 2463 3945 possum
2497 3893 2511 3930 :
2544 3884 2785 3930 attamen
2817 3875 2961 3946 quod
2992 3876 3125 3929 mihi
3169 3876 3225 3930 in
3260 3877 3470 3946 princi-

1904 3965 1996 4038 pio
2022 3968 2299 4036 prooemii,
2330 3968 2383 4023 id
2415 3985 2608 4024 rursus
2636 3982 2852 4039 quoque
2866 3967 3014 4023 venit
3044 3968 3097 4021 in
3130 3977 3386 4031 mentem.
3410 3968 3477 4022 Et

1904 4057 2039 4111 mihi
2079 4057 2315 4127 primum
2338 4059 2589 4135 ignoscat
2623 4059 2713 4113 hic
2747 4059 2832 4113 vir
2862 4058 3111 4123 divinus,
3167 4059 3476 4129 divinreque

1904 4148 2214 4205 clementiae
2250 4150 2499 4209 imitator
2530 4160 2584 4206 et
2619 4149 2915 4220 lldejussor
2951 4150 3259 4221 :lgnnscite
3294 4158 3475 4205 autem

251 4245 363 4306 φίας
398 4245 676 4298 ἐπαινέται
705 4244 800 4296 καὶ
822 4242 1115 4312 τρυφηταί.
1142 4243 1443 4313 Μακάριος
1465 4243 1538 4310 εἷ,
1576 4248 1793 4315 Σίμων,

1906 4254 1975 4295 ex
2022 4240 2177 4297 vobis
2211 4256 2432 4311 quoque
2457 4242 2777 4311 quicunque
2802 4242 2923 4311 ejus
2956 4241 3321 4310 pliil050phia:
3356 4241 3475 4293 lau-

246 4333 300 4385 ἐν
333 4334 677 4402 Εὐαγγελίοις
707 4333 1008 4403 εψάγεται,
1059 4334 1209 4407 φωνὴ
1256 4333 1315 4386 δὲ
1363 4334 1504 4406 αὕτη
1557 4337 1795 4406 Χριστοῦ

249 4426 373 4494 πρὸς
396 4426 484 4487 τὸν
513 4427 691 4496 μέγαν
733 4426 790 4489 ἐν
830 4422 1146 4486 ἀποστόλοις
1189 4423 1398 4494 Πέτρον
1417 4422 1435 4457 '°
1466 4428 1562 4478 καὶ
1590 4427 1799 4494 στήθει

243 4516 583 4581 ἀναπίπτων
609 4513 870 4582 Χριστοῦ
892 4513 1048 4575 ἄλλος
1080 4512 1325 4585 μαθητὴς
1350 4514 1796 4586 μεμαρτύρηται,

243 4606 332 4659 καὶ
368 4608 467 4661 ὅσα
518 4604 613 4658 τοῦ
656 4601 1012 4676 μακαρισμοῦ
1049 4600 1187 4671 μετά
1234 4602 1431 4669 ταῦτα,
1469 4605 1564 4656 καὶ
1598 4602 1710 4658 τῶν
1738 4606 1797 4657 ἐν

237 4698 562 4767 ἀμφοτέροις
586 4693 1005 4762 ἀποκαλύψεων,
1062 4695 1155 4746 xui.
1184 4693 1359 4760 τέλος,
1390 4694 1448 4747 αί
1494 4695 1643 4758 κλεῖς
1699 4698 1799 4765 τῆς

236 4786 476 4857 εὑρανῶν
502 4784 801 4856 βασιλείας.
826 4780 958 4854 Ἀρῖ
987 4779 1081 4837 οὖν
1113 4783 1167 4835 εί
1188 4800 1251 4852 γε
1274 4783 1371 4854 τῆς
1399 4784 1593 4863 ὁμοίας
1634 4785 1802 4855 τιμῆς

236 4880 328 4939 καὶ
358 4878 517 4948 δόξης
547 4876 724 4948 ὁρῷτο
764 4875 860 4928 καὶ
907 4868 1063 4939 οὗτος
1107 4875 1136 4927 ὁ
1177 4874 1431 4951 Ἰωάννης
1476 4874 1800 4944 ἠξιωμένος,

231 4970 290 5031 ἐν
309 4968 364 5021 δὲ
390 4967 482 5029 τὸν
497 4963 639 5033 εἶναι
664 4964 758 5031 καὶ
781 4964 1142 5036 ὀνομάζεσθαι
1168 4964 1271 5035 τῆς
1295 4965 1569 5035 μακαρίας
1592 4965 1804 5035 ἐκείνης

232 5060 338 5115 τῶν
363 5059 681 5121 ἀποστόλων
723 5058 881 5123 ἀξίας
908 5055 1001 5110 καὶ
1031 5055 1239 5127 τάξεως
1269 5057 1605 5122 ίσοστάσιοςς
1633 5057 1805 5109 Obba.-

228 5152 371 5225 μῶς,
403 5150 600 5217 uagae
622 5150 714 5202 καί
739 5150 861 5204 τίνα
878 5148 1100 5217 τρόπον,
1114 5148 1215 5219 ήδη
1232 5146 1361 5218 ἐ
1380 5146 1557 5217 Συνῆν
1584 5147 1806 5220 Ἰωάννῃ

1902 4329 2120 4386 datores
2144 4331 2301 4396 estis,
2329 4342 2381 4387 et
2410 4332 2465 4385 in
2497 4347 2560 4386 ea
2590 4346 2686 4386 vos
2716 4330 3026 4386 oblectatis.
3058 4331 3257 4383 Beatus
3283 4346 3361 4393 es,
3385 4328 3474 4384 Si-

1903 4436 2025 4473 mon
2047 4420 2092 4486 ⁸,
2127 4420 2329 4475 dicitur
2360 4421 2414 4475 in
2448 4420 2796 4491 Evangeliis;
2862 4419 2978 4472 haec
3010 4429 3192 4471 autem
3237 4433 3339 4470 vox
3392 4427 3479 4472 est

1904 4512 2109 4567 Christi
2132 4512 2200 4565 ad
2231 4526 2489 4583 magnum
2522 4512 2665 4567 inter
2693 4511 2971 4585 apostolos
3022 4508 3267 4564 Petrum.
3293 4507 3477 4564 Alium

1907 4617 2127 4672 quoque
2156 4603 2467 4672 apostolum
2501 4610 2761 4657 testatum
2793 4610 2878 4656 est
2917 4615 3075 4668 super
3126 4592 3324 4653 Citriin
3354 4614 3477 4665 pec-

1910 4702 1994 4745 tus
2023 4690 2322 4746 recubuisse
2344 4693 2401 4759 ’ς
2437 4701 2490 4747 et
2519 4706 2862 4762 quaecunque
2916 4691 3140 4745 fuerunt
3191 4689 3479 4758 utriusque

1906 4789 2033 4853 post
2061 4783 2174 4838 haec
2194 4782 2565 4838 beatitudines
2590 4789 2645 4837 et
2680 4781 3066 4846 revelationes,
3100 4788 3155 4834 et
3196 4788 3478 4850 postremo

1907 4858 2090 4928 claves
2124 4874 2277 4945 regni
2311 4874 2597 4928 caelorum.
2629 4871 2769 4929 Num
2807 4888 2938 4942 ergo
2973 4872 3020 4927 si
3052 4870 3243 4926 eodem
3269 4871 3480 4935 honore

1906 4971 1962 5028 et
1994 4964 2166 5035 gloria
2183 4974 2506 5021 cerneretur
2537 4965 2627 5019 hic
2650 4979 2870 5036 quoque
2923 4962 3164 5017 Joannes
3195 4960 3475 5034 dignatus,

1907 5055 1956 5110 ei
1982 5056 2201 5111 deesset
2222 5056 2451 5127 aliquid,
2478 5056 2775 5126 quominus
2807 5060 2862 5109 et
2917 5060 3063 5108 esset
3086 5062 3139 5108 et
3168 5053 3482 5111 nominare-

1910 5155 1997 5200 tur
2021 5159 2122 5215 par
2177 5144 2348 5200 beatae
2372 5144 2452 5200 illi
2480 5144 2733 5217 dignitati
2764 5152 2817 5197 et
2847 5143 3029 5198 ordini
3060 5142 3481 5212 apostolorum?

227 5242 408 5312 Σύρος
434 5258 521 5303 τις
566 5240 832 5311 πρὲσὸυς,
870 5238 1123 5318 ’ῌσύχιος
1153 5236 1415 5309 τοῠνομα,
1444 5234 1695 5303 τοσοῦτος
1730 5240 1793 5301 είς

1910 5230 2288 5304 Nequaquam.
2320 5233 2605 5300 Quomodo
2639 5241 2820 5288 autem
2862 5240 2916 5287 et
2948 5246 3055 5303 qua
3098 5231 3335 5297 ratione,
3364 5230 3477 5301 jam

226 5334 460 5404 ἀρετὴν,
490 5331 633 5397 ὥστε
679 5328 1049 5399 κατηξιιῖισθαι
1095 5328 1258 5387 αὐτὸν
1287 5331 1383 5382 καὶ¹
1428 5328 1522 5382 τοῦ
1571 5330 1793 5403 μεγάλοι

1910 5326 2113 5380 dicam.
2141 5326 2278 5389 Cum
2319 5325 2530 5381 Joanne
2552 5323 2877 5385 versabatur
2908 5322 3081 5393 Syrus
3133 5323 3354 5391 quidam
3393 5337 3479 5376 se-

223 5426 408 5496 ἇώρσυ
444 5422 547 5497 τῆς
585 5421 735 5482 θείας
768 5420 1171 5491 προγνώσεωςο
1220 5415 1281 5473 οἶ)
1328 5418 1430 5492 τῆς
1464 5420 1793 5491 ἀναστροφῆς

1914 5435 2041 5485 ncx,
2079 5418 2297 5473 nomine
2328 5417 2660 5488 Hesychius,
2696 5417 2901 5472 virtute
2935 5423 3143 5481 tantus,
3176 5424 3237 5469 ut
3270 5414 3315 5471 is
3344 5431 3481 5485 quo-

226 5518 326 5571 καὶ
354 5514 459 5583 τῆς
489 5513 657 5581 ἄλλης
687 5510 896 5581 διαίτης
924 5512 1176 5581 ἐμιμεῖτο
1217 5508 1315 5585 τήν
1346 5511 1805 5580 σεμνοπρέπειαν.

229 5609 429 5676 Τούτῳ
452 5606 584 5659 ποτὲ
610 5604 691 5674 τῷ
717 5604 933 5676 γέροντι
972 5603 1395 5675 προσευχομὲνῳ
1420 5601 1513 5653 δύο
1537 5601 1682 5663 τινὲς
1712 5601 1805 5655 ἆν-

1914 5526 2020 5580 que
2046 5510 2245 5583 dignus
2288 5510 2359 5565 sit
2388 5508 2633 5576 habitus,
2671 5507 2763 5580 qui
2795 5515 3187 5579 assequeretur
3220 5522 3476 5579 magnum

1914 5600 2115 5653 donum
2147 5600 2344 5654 divina:
2375 5600 2771 5669 prazscientize;
2829 5600 2992 5669 cujus
3036 5598 3480 5654 conversationis

309 5706 333 5735 ⁸
366 5703 513 5757 l‘sal.
545 5717 658 5769 cxi,
694 5699 746 5754 5.
822 5699 841 5732 ⁷
877 5698 1072 5769 Philip.
1102 5716 1182 5764 ιιι,
1214 5700 1297 5754 15.
1374 5701 1394 5731 ⁸
1423 5697 1615 5754 Matth.
1652 5713 1758 5767 ενι,

1957 5698 1978 5727 ’
2006 5695 2164 5753 Joau.
2198 5710 2312 5764 ιιιι,
2336 5694 2428 5749 25.
