3952 6210
477 263 584 330 239

1733 257 2005 320 morus
2037 258 2493 347 PHILOSOPHI

3597 271 3702 337 240

477 386 532 457 et
557 379 680 430 vitae
713 376 934 446 agendae
980 377 1319 433 honestatem
1400 376 1714 457 imitabatur
1779 372 2016 430 Joannes

2144 374 2268 445 δρες
2323 378 2555 447 ὁρῶνται
2620 380 3002 450 λευχειμονες,
3060 384 3443 454 παραστάντες
3499 386 3625 440 ἔνθα
3674 392 3709 442 6

476 455 617 524 Huic
648 470 766 524 seni
826 470 1121 540 aliquando
1172 471 1358 526 oranti
1410 455 1679 540 apparent
1708 468 1817 522 duo
1858 483 2037 543 senes,

476 561 656 616 induti
686 561 937 616 candidis
984 562 1249 627 vestibus,
1292 568 1536 616 astantes
1573 559 1664 614 ubi
1716 559 2039 629 precabatur

473 634 750 717 Joannes;
782 666 1016 720 quorum
1049 668 1190 707 unus
1228 651 1446 721 quidem
1500 650 1693 703 librum
1746 634 2034 721 scriptum,

473 729 612 797 alter
648 756 777 796 vero
809 742 1058 811 gestabat
1106 742 1305 796 claves.
1355 740 1577 794 Licebat
1627 748 1806 793 autem
1856 738 2039 791 videre

472 837 763 901 Joannem,
790 850 912 889 cum
956 850 1052 890 eos
1082 834 1331 898 vidisset,
1364 833 1615 897 adorare,
1670 832 1796 886 illos
1851 838 2036 884 autem

470 930 661 1002 dicere
690 945 705 983 :
747 926 991 991 Conﬁde,
1021 934 1075 980 et
1106 926 1219 980 noli
1259 926 1473 981 timere.
1523 923 1675 978 Illum
1710 938 1840 978 vero
1870 922 2037 1001 verbo

469 1034 694 1089 rogasse
711 1033 821 1088 quo
862 1016 1202 1087 appellamus
1230 1017 1507 1082 dominos,
1544 1016 1773 1086 quinam
1825 1021 2033 1077 essent,

468 1110 615 1179 quod
644 1108 849 1179 dignati
880 1116 1068 1163 essent
1099 1108 1286 1163 venire
1314 1107 1383 1162 ad
1426 1123 1583 1163 suam
1642 1106 2034 1171 humilitatem,
2096 1156 2103 1163 .

468 1209 521 1265 et
552 1216 646 1257 eos
681 1215 872 1255 rursus
899 1198 1083 1254 dicere
1110 1217 1124 1254 :
1152 1198 1231 1254 Ne
1257 1200 1472 1266 timeas,
1500 1199 1583 1255 vir
1611 1198 2032 1262 desideriorum,

468 1305 607 1357 nove
636 1289 849 1353 Daniel,
888 1291 940 1342 in
979 1304 1087 1358 quo
1115 1288 1327 1343 habitat
1352 1288 1590 1357 Spiritus
1627 1298 1880 1343 sanctus.
1919 1287 2033 1342 Rex

466 1395 701 1451 magnus
738 1377 1015 1443 Christus,
1048 1388 1237 1431 noster
1266 1377 1544 1444 magister,
1588 1390 1686 1431 nos
1714 1375 1863 1429 misit
1889 1374 1956 1428 ad
1981 1382 2036 1429 te

466 1470 694 1523 nuntios
718 1469 935 1540 gaudii;
971 1469 1178 1538 gaudii,
1210 1468 1457 1537 inquam,
1490 1483 1603 1538 quo
1624 1483 1721 1537 per
1752 1477 1804 1522 te
1835 1466 2024 1521 fruen-

465 1574 557 1615 tur
582 1575 773 1616 omnes
810 1559 902 1612 Dei
938 1558 1218 1613 Ecclesiae.
1268 1556 1396 1611 Haec
1428 1556 1639 1613 dixisse
1686 1566 1741 1611 et
1774 1557 1822 1610 ei
1864 1555 2034 1611 tradi-

466 1653 637 1715 disse,
665 1651 896 1703 alterum
941 1664 1003 1702 ex
1038 1648 1125 1701 his
1148 1647 1366 1717 quidem
1392 1647 1610 1713 librum,
1643 1646 1874 1699 alterunt
1902 1660 2033 1700 vero

465 1722 669 1804 claves,
714 1738 1097 1807 subjungendo
1138 1756 1152 1792 :
1194 1738 1307 1807 Ego
1355 1737 1574 1808 quidem
1620 1736 1881 1802 Joannes,
1938 1737 2033 1807 qui

464 1834 519 1885 in
556 1830 784 1901 mystica
816 1844 970 1884 uena
1018 1845 1185 1899 super
1243 1829 1447 1884 Christi
1480 1838 1667 1899 pectus
1701 1827 1955 1890 recubui,
1983 1834 2036 1881 et

463 1911 617 1996 illinc
642 1920 803 1974 hausi
836 1919 1039 1974 ﬂuenta
1072 1921 1362 1991 theologia:
1390 1938 1405 1987 ;
1441 1936 1540 1990 ego
1579 1928 1759 1974 autem
1785 1934 1906 1975 sum
1929 1917 2031 1973 Pe-

459 1994 603 2078 trus,
635 2012 728 2083 qui
760 2011 1037 2071 Christum
1064 2012 1159 2066 Dei
1190 2012 1296 2065 vivi
1328 2011 1525 2065 Filium
1558 2026 1679 2065 sum
1714 2011 2025 2065 confessus.

457 2101 605 2156 Deus
643 2114 773 2165 vero
803 2099 902 2167 tibi
927 2114 1147 2169 quoque
1169 2100 1262 2153 dat
1308 2113 1482 2154 meam
1524 2106 1876 2167 potestatem.
1914 2096 2023 2151 Fac

457 2174 640 2241 omnia
664 2202 1024 2257 quaecumque
1058 2187 1155 2261 tibi
1176 2187 1453 2258 iubemus.
1486 2185 1552 2240 Et
1584 2202 1707 2241 cum
1744 2186 1797 2239 in
1816 2184 2032 2239 divino-

456 2296 578 2336 rum
609 2264 1007 2350 pratceptorum
1040 2264 1318 2349 mysteriis
1350 2296 1474 2336 eum
1512 2279 1909 2343 instituissent,
1973 2286 2030 2333 et

458 2373 767 2427 futurorum
798 2386 853 2428 et
888 2373 1155 2427 bellorum
1186 2381 1239 2428 et
1283 2371 1663 2439 aﬂlictionum,
1713 2388 1834 2440 quae
1864 2371 2029 2440 justis

456 2462 545 2515 hic
592 2462 777 2515 multae
804 2475 926 2515 esse
956 2461 1154 2524 solent,
1185 2460 1565 2529 praedixissenl
1593 2471 1873 2523 eventum,
1901 2467 2025 2513 tan-

456 2554 578 2606 dem
630 2567 756 2605 cum
813 2551 1068 2605 universa
1132 2551 1251 2619 ejus
1310 2551 1554 2605 membra
1612 2550 2024 2618 obsignassent,

455 2655 691 2709 eumque
729 2639 966 2708 amplexi
1020 2647 1227 2707 essent,
1286 2640 1541 2710 bonoque
1570 2650 1625 2694 et
1672 2639 1799 2694 forti
1842 2641 2027 2694 animo

452 2747 577 2788 esse
599 2732 923 2805 jussissent,
960 2731 1247 2786 recedunt.
1304 2731 1432 2786 Ilaec
1458 2746 1585 2785 cum
1617 2730 1709 2785 ille
1744 2746 1874 2786 vere
1913 2730 2024 2783 ad-

453 2804 723 2897 mirabilis
757 2818 983 2878 vidisset
1012 2830 1065 2877 et
1096 2821 1363 2878 audiisset
1402 2837 1592 2883 senex,
1638 2821 1783 2890 apud
1812 2835 1870 2876 se
1925 2820 2022 2874 nti-

454 2913 703 2967 rabatur.
742 2914 814 2968 lis
843 2922 1025 2967 autem
1052 2898 1169 2991 qui
1222 2927 1347 2968 eum
1371 2913 1453 2967 sic
1485 2911 1766 2973 videbant,
1795 2925 2020 2966 causam

2154 464 2405 539 Ἰωάννης
2428 467 2769 540 προσηύχετο
2790 485 2804 500 ’
2834 463 2908 523 ὧν
2928 472 2955 523 6
2985 471 3082 541 μὲν
3105 473 3267 541 τόμον
3293 477 3707 545 γεγραμμένον,

2139 560 2167 611 6
2218 559 2275 612 δὲ
2316 559 2462 623 κλεῖς
2499 559 2824 632 ἐπεφέρετο.
2864 560 3028 633 Ὀρᾷν
3073 562 3129 617 δὲ
3160 559 3229 634 ἦν
3271 566 3501 631 τούτους
3531 570 3712 623 ίδόντα

2139 651 2513 719 προσκυνῆσαι
2550 652 2642 705 τὸν
2683 651 2958 720 Ἰωάννην,
2982 653 3110 716 τοὺς
3146 655 3203 708 δὲ
3249 658 3426 708 είπεῖν
3450 676 3463 689 υ
3496 658 3713 727 Θάρσει

2138 740 2232 791 καὶ
2272 741 2347 810 μὴ
2375 741 2563 809 φοϐοῦ.
2612 742 2715 796 Τὸν
2755 742 2812 796 δὲ
2857 743 3187 812 διερωτῆσαι
3224 747 3448 816 ῥήματι,
3492 741 3534 815 ᾦ
3570 748 3709 812 τοὺς

2140 831 2361 900 κυρίους
2397 831 2696 902 καλοῦμεν,
2736 832 2880 895 τίνες
2922 832 2989 887 ἀν
3018 827 3151 897 εἷεν,
3200 836 3281 887 ὅτι
3324 836 3705 904 κατηξιώσαττ

2137 919 2273 987 πρὸς
2303 918 2401 989 τὴν
2431 922 2570 990 ἐμὴν
2600 920 2929 975 ταπείνωσιν
2965 922 3178 976 ἱκέσθαι
3204 938 3219 952 ⁸
3260 924 3353 975 καὶ
3382 927 3506 988 τοὺς
3542 921 3707 989 αὖθις

2135 1008 2310 1060 εἰπεῖν
2331 1024 2345 1037 ·
2376 1011 2469 1079 Μὴ
2504 1010 2694 1079 φοϐοῦ,
2731 1011 2864 1081 ἄνερ
2892 1011 3221 1082 ἐπιθυμιῶν,
3253 1014 3342 1066 νέε
3379 1015 3595 1085 Δανιὴλ,
3640 1018 3710 1069 ὲν

2133 1087 2178 1162 ᾧ
2222 1100 2411 1167 σκηνοῖ
2447 1098 2508 1152 τὸ
2557 1099 2783 1169 Πνεῦμα
2826 1101 2887 1154 τὸ
2930 1101 3103 1169 ἅγιον.
3148 1103 3411 1167 Βασιλεὺς
3453 1106 3481 1155 6
3527 1106 3709 1174 μέγας

2135 1188 2388 1258 Χριστὸς,
2419 1194 2447 1246 6
2481 1192 2745 1263 ἡμέτερος
2771 1193 3112 1258 διδάσκαλος,
3153 1196 3442 1250 ἀπέστειλέ
3486 1214 3570 1249 σοι
3603 1215 3705 1267 χα-

2140 1283 2239 1348 ρᾶς
2268 1284 2534 1353 ἀγγέλους
2567 1286 2712 1355 ἡμᾶς
2737 1300 2752 1314 ·
2784 1287 2991 1359 χαρᾶς,
3022 1281 3092 1358 ἦς
3122 1287 3495 1341 ἀπολαύσουσι
3528 1292 3705 1341 πᾶσαι

2135 1373 2220 1426 διὰ
2257 1374 2351 1427 σοῦ
2384 1377 2440 1427 αἱ
2473 1375 2568 1428 τοῦ
2604 1374 2739 1428 Θεοῦ
2784 1376 3123 1446 Ἐκκλησίαι.
3158 1377 3341 1431 Ταῦτα
3373 1379 3576 1444 εἰπεῖν,
3609 1380 3708 1430 καὶ

2136 1466 2414 1520 ἐπιδοῦναι
2440 1467 2607 1536 αὐτῷ,
2638 1468 2730 1519 τὸν
2758 1467 2856 1536 μὲν
2885 1468 2975 1520 τὸν
3000 1469 3183 1538 τόμον,
3216 1470 3305 1521 τὸν
3326 1469 3383 1523 δὲ
3405 1468 3503 1532 τὰς
3530 1468 3701 1532 κλεῖς,

2136 1555 2483 1619 ὲπειπόντας,
2522 1556 2597 1617 ὡς
2634 1556 2774 1625 Ἐγὼ
2807 1557 2905 1626 μὲν
2939 1558 3214 1628 Ἰωάννης,
3252 1561 3279 1612 6
3314 1559 3597 1613 ἐπιπεσὼν
3643 1561 3701 1611 ὲν

2136 1647 2212 1716 τῷ
2246 1646 2493 1716 μυστικῷ
2511 1647 2712 1717 δείπνῳ
2736 1638 2920 1717 στήθει
2946 1650 3207 1719 Χριστοῦ,
3233 1651 3487 1705 κάκεῖθεν
3506 1654 3574 1707 τὰ
3603 1655 3706 1722 τῆς

2137 1736 2414 1806 θεολογίας
2443 1739 2780 1809 ἔρυσάμενος
2804 1741 3022 1808 νάματα
3043 1757 3056 1771 ⁸
3084 1740 3194 1810 ἐγὼ
3213 1742 3268 1794 δὲ
3294 1741 3521 1812 Πέτρος,
3552 1744 3582 1795 6
3609 1744 3703 1795 τὸν

2134 1825 2368 1893 Χριστὸν
2407 1826 2533 1879 Υίὸν
2562 1827 2697 1880 Θεοῦ
2734 1828 3094 1899 ὁμολογήσας.
3124 1830 3255 1894 Θεὸς
3282 1830 3339 1883 δὲ
3371 1831 3465 1899 καὶ
3496 1832 3579 1884 σοὶ
3601 1832 3703 1901 τὴν

2132 1913 2272 1984 ἐμὴν
2328 1914 2860 1980 δίδωσινὲξουσίαν·
2920 1919 3149 1987 ποίησον
3200 1916 3295 1973 οῦν
3340 1920 3535 1983 πάντα,
3588 1922 3700 1973 ὅσα

2131 2006 2485 2077 ἐντελλόμεθά
2516 2024 2618 2063 σοι.
2640 2000 3190 2079 Μυσταγωγήσαντές
3215 2028 3276 2063 τε
3300 2011 3457 2063 αὑτὸν
3479 2010 3545 2065 τά
3571 2011 3695 2077 θεῖα

2131 2099 2466 2179 ἐντάλματα,
2494 2100 2590 2153 καὶ
2632 2099 2740 2153 τῶν
2778 2101 3218 2170 ὲπελευσομένων
3259 2102 3508 2171 πολέμων
3540 2101 3696 2172 αὐτῷ

2132 2191 2226 2245 καὶ
2256 2190 2507 2260 θλίψεων,
2537 2192 2591 2244 αἶ
2622 2192 2814 2245 πολλαὶ
2859 2195 2970 2256 τοῖς
3010 2193 3241 2256 δικαίοις
3286 2194 3696 2265 προσγίνονται,

2131 2279 2229 2351 τὴν
2263 2278 2487 2332 ἔκϐασιν
2533 2280 2909 2349 προειπόντες,
2956 2280 3111 2343 τέλος
3163 2283 3270 2335 πᾶν
3323 2283 3485 2353 μέλος
3526 2282 3695 2335 αὐτοῦ

2128 2374 2721 2442 κατασφραγισάμενοι,
2778 2373 3155 2439 ἀσπασάμενοί
3203 2390 3261 2425 τε
3328 2375 3424 2427 καὶ
3470 2373 3698 2444 θαρσεῖν

2130 2463 2225 2515 καὶ
2255 2452 2458 2532 ίσχύέιν
2483 2452 2802 2527 ἐπειπόντες
2820 2502 2834 2527 ,
2869 2463 3085 2516 ἀπίασι.
3118 2462 3305 2517 Ταῦτα
3331 2468 3361 2517 6
3389 2464 3696 2533 θαυμάσιος

2126 2554 2332 2616 ἐκεῖνος
2359 2552 2527 2616 ὅντως
2577 2553 2719 2619 ἰδὼν,
2771 2553 2864 2605 καὶ
2911 2552 3150 2617 ἀκούσας
3194 2552 3528 2624 πρεσϐύτης,
3564 2553 3693 2607 καθ’

2126 2644 2315 2696 ἑαυτὸν
2341 2643 2718 2713 ἐξεπλήττετο.
2737 2643 2856 2695 Τῶν
2880 2642 2936 2695 δὲ
2967 2642 3273 2713 βλεπόντων
3293 2642 3464 2706 οὕτως
3501 2641 3693 2705 αὐτὸν,

2125 2737 2224 2803 τὴν
2255 2733 2434 2789 αἰτίαν
2477 2734 2922 2805 πυνθανομένων,
2978 2734 3118 2804 ἔφη’
3160 2733 3475 2802 Μυστήρια
3515 2733 3697 2797 ,ϐασι-

2124 2826 2295 2895 λέως,
2338 2825 2578 2894 ἀδελφοὶ,
2632 2826 3020 2915 θριαμϐεύειν,
3073 2826 3167 2878 καὶ
3206 2824 3340 2877 Θεοῦ
3392 2822 3695 2877 καλύπτειν

2124 2920 2405 2990 τεράστια,
2432 2918 2521 2970 τὸν
2549 2919 2691 2979 ἴσον,
2742 2914 2941 2986 μᾶλλον
2985 2916 3043 2969 δὲ
3093 2917 3186 2969 καὶ
3227 2915 3395 2968 πλείω
3441 2914 3699 2968 κίνδυνον

452 3005 799 3074 rogantibus,
828 3003 969 3058 dixit
1004 3022 1019 3058 :
1053 3002 1229 3074 Regis,
1257 3019 1291 3060 ο
1320 3004 1543 3068 fratres,
1592 3020 1794 3056 arcana
1829 3019 2023 3071 propa-

2128 3010 2401 3081 ἐπιφέρει.
2445 3010 2557 3063 Καὶ
2586 3009 2910 3079 ἀρξάμενος,
2939 3007 3001 3060 τὸ
3032 3008 3140 3060 πᾶν
3172 3005 3476 3079 διῆλθεῆτῆς
3518 3005 3693 3056 ὀπτα-

451 3098 563 3151 lare
589 3085 654 3159 ‘°,
678 3105 732 3167 et
764 3095 860 3173 Dei
906 3094 1119 3173 aperire
1165 3094 1450 3167 miracula,
1510 3110 1605 3165 par
1664 3104 1829 3164 atque
1888 3094 2022 3147 adeo

452 3186 631 3256 majus
671 3170 835 3239 aﬂ‘ert
857 3170 1200 3255 periculum;
1232 3180 1287 3256 et
1307 3182 1578 3253 incipiens
1620 3191 1790 3236 totant
1827 3196 2020 3235 narra-

450 3279 530 3331 vit
566 3277 858 3331 visionem.
890 3274 992 3330 Cui
1022 3290 1147 3329 cum
1177 3274 1305 3329 data
1335 3284 1485 3329 esset
1520 3275 1675 3336 ﬁdes,
1712 3289 1821 3327 non
1848 3272 2020 3328 scitu-

449 3382 573 3443 t'unt
601 3366 654 3421 id
682 3364 973 3431 Joannem,
1009 3366 1057 3420 is
1096 3372 1311 3420 mentes
1338 3366 1582 3419 omnium
1638 3364 1878 3432 implevit
1924 3363 2021 3417 ad-

451 3452 769 3533 miratione.
800 3457 1043 3510 Joannes
1072 3464 1257 3508 autem
1296 3466 1428 3508 tunc
1459 3453 1683 3522 scripsit
1723 3453 1894 3507 libros
1954 3452 2022 3507 de

392 3600 395 3603 .
450 3549 766 3609 monastica
819 3546 1245 3601 exercitatione.
1304 3544 1443 3611 liinc
1482 3545 1532 3600 ei
1588 3543 1905 3607 ascendenti
1952 3543 2019 3598 ad

448 3633 729 3708 fastigium
763 3637 1031 3707 imprimis
1086 3639 1248 3708 regite
1288 3619 1551 3699 virtutum
1601 3637 2020 3706 contemplatio-

447 3730 555 3797 nis,
593 3740 647 3783 et
678 3726 993 3797 subjicienti
1025 3712 1313 3791 audaciam
1354 3716 1710 3798 passionum,
1756 3727 2020 3782 divinitus

450 3819 506 3871 in
545 3833 638 3871 eas
679 3817 839 3869 datur
890 3825 1150 3885 potestas,
1226 3807 1406 3869 mente
1459 3829 1583 3892 qua:
1642 3815 2014 3884 principatum

447 3908 664 3967 obtinet
697 3920 943 3974 superno
987 3906 1192 3960 auxilio
1244 3904 1523 3979 adjuvata,
1559 3896 1630 3959 ἐι
1688 3906 2017 3975 subjugante

449 3988 666 4069 illarum
719 3996 1019 4050 feritatem.
1070 3993 1261 4064 Operae
1313 3996 1546 4068 pretium
1593 4002 1679 4049 est
1725 4002 1905 4049 autem
1952 3996 2020 4048 de

446 4072 850 4156 Omnipotcntis
903 4099 1123 4154 quoque
1176 4084 1232 4137 in
1278 4078 1400 4139 eum
1449 4072 1504 4138 et
1549 4085 1604 4153 in
1650 4085 1736 4138 his
1799 4084 2018 4138 muniﬁ-

446 4166 651 4240 centia,
683 4172 1063 4229 contrahendo
1092 4164 1423 4241 orationem,
1458 4174 1640 4243 quoad
1674 4172 1788 4227 ﬁeri
1814 4183 2013 4243 potest,

447 4267 686 4343 breviter
712 4265 1008 4320 disserere.
1754 4254 1759 4259 ’

2128 3100 2269 3163 σίας.
2288 3100 2751 3168 ’Δσφαλισάμενός
2778 3116 2837 3151 τε
2871 3098 3067 3160 αὐτοὺς
3087 3097 3162 3168 μὴ
3186 3097 3492 3164 γνωσθῆναι
3513 3094 3693 3149 ταῦτα

2125 3192 2202 3262 τῷ
2246 3190 2496 3262 Ἰωάννῃ,
2529 3191 2771 3262 θάμϐους
2800 3191 2910 3243 τῶν
2942 3190 3295 3244 ἀκουσάντων
3321 3188 3419 3251 τάς
3446 3186 3695 3250 διανοίας

2125 3283 2467 3355 ἐπλήρωσεν.
2512 3282 2569 3336 '0
2597 3283 2654 3336 δὲ
2691 3284 2943 3353 Ἰωάννης
2976 3280 3277 3353 τηνικαῦτα.
3300 3280 3425 3343 τοὺς
3456 3280 3691 3347 ἀσκητι-

2124 3374 2256 3437 κοὺς
2305 3371 2685 3443 συνεγράψατο
2744 3372 2957 3439 λόγους.
3011 3369 3289 3423 Ἐντεῦθεν
3346 3366 3493 3436 αὐτῷ
3550 3364 3694 3435 πρὸς

2123 3462 2433 3534 ἀκρώρειαν
2474 3464 2573 3533 τῆς
2605 3461 3042 3531 βασιλικωτάτης
3076 3461 3184 3513 τῶν
3211 3458 3418 3530 ἀρετῶν
3479 3456 3691 3509 ἀνιόντι

2125 3555 2430 3627 περιωπῆς,
2464 3555 2560 3605 καὶ
2609 3552 2677 3604 τὰ
2718 3551 2896 3623 θράση
2934 3552 3043 3602 τῶν
3073 3550 3261 3603 παθῶν
3306 3546 3691 3608 ὑποτάσσοντι,

2124 3647 2364 3717 θεόθενή
2400 3645 2517 3698 κατ’
2548 3643 2727 3696 αὐτῶν
2757 3642 2974 3707 ἐξουσία
2996 3641 3371 3713 παραδίδοται,
3407 3637 3501 3691 τοῦ
3526 3637 3693 3689 αύτοο

2124 3738 2393 3809 κράτορος
2432 3735 2522 3789 νοῦ
2554 3738 2620 3806 τῇ
2654 3734 2858 3789 ἀνωθεν
2904 3732 3293 3802 συνεπικουρίᾳ
3332 3724 3695 3799 φορολογοῦν-

2120 3845 2210 3893 τος
2236 3869 2251 3895 ,
2297 3828 2392 3881 καὶ
2432 3826 2493 3878 τὸ
2541 3822 2765 3878 ἐκείνων
2812 3822 3096 3892 ἀγριαίνον
3153 3818 3687 3877 καθυποτάσσοντος.

2126 3921 2311 3984 Ἀξιον
2337 3919 2395 3973 δὲ
2422 3918 2522 3988 τῆς
2545 3915 2675 3986 περὶ
2713 3914 2804 3968 τὸν
2846 3913 3015 3982 ἄνδρα
3074 3911 3226 3982 παρά
3254 3911 3347 3963 τοῦ
3375 3909 3691 3979 κρείττονος

2121 4015 2223 4071 κάν
2252 4012 2463 4073 τούτοις
2511 4006 2822 4076 φιλοτιμίας
2867 4004 3156 4057 συνελόντα
3201 4002 3290 4057 τὸν
3335 4002 3512 4069 λόγον,
3559 4000 3691 4051 ὅσον

2121 4104 2413 4176 ἐνδέχεται,
2450 4100 2657 4173 βραχέα
2682 4097 2971 4152 διαλαϐεῖν.

517 4359 571 4411 7.
611 4342 949 4414 Dominicam
979 4357 1270 4423 ﬁmbriam,
1303 4360 1448 4429 sicut
1469 4359 1800 4430 audivimus,
1827 4372 2016 4432 neces-

2198 4367 2263 4434 C’.
2292 4368 2395 4433 Τοῦ
2429 4363 2760 4433 Δεσποτικοῦ
2794 4346 3411 4430 κρασπέδουίκαθάπερ
3444 4356 3690 4426 ἠκούσα-

446 4452 610 4517 sitate
644 4448 819 4503 morbi
858 4449 1054 4503 adacta
1110 4449 1224 4505 illic
1271 4450 1489 4520 quidem
1534 4437 1731 4505 mulier
1759 4449 1861 4506 ﬁde
1897 4459 2018 4505 tan-

444 4526 578 4613 gens
623 4543 687 4606 “,
719 4540 921 4611 accipit
951 4548 1101 4594 tactu
1132 4542 1388 4596 salutem.
1454 4539 1599 4611 Ergo
1654 4542 1742 4596 hic
1799 4558 2017 4615 quoque

444 4634 688 4688 imitatus
726 4640 811 4685 est
842 4630 1187 4699 magistrum.
1242 4629 1341 4683 llic
1372 4630 1518 4684 enim
1564 4632 1649 4698 vir
1679 4632 1901 4701 quidam
1940 4630 2017 4688 la-

442 4724 673 4778 borabat
704 4729 855 4775 tanto
881 4719 1075 4774 dolore
1093 4719 1442 4784 hemicranii,
1470 4728 1530 4773 ut
1561 4710 1690 4774 mali
1710 4715 2012 4775 vehemen-

443 4818 519 4869 tia
571 4800 837 4891 exsiliens
889 4811 1087 4866 oculus
1144 4810 1266 4880 ejus
1316 4821 1635 4867 cerneretur
1688 4797 1937 4881 “pendere
1983 4829 2012 4868 a

442 4905 690 4958 maxilla.
727 4905 777 4958 Is
813 4918 938 4958 cum
978 4903 1259 4956 incassum
1293 4901 1350 4956 in
1391 4902 1635 4958 medicos
1660 4898 1789 4957 suas
1818 4897 2009 4960 Omnes

443 4994 884 5062 consumpsisset
938 4986 1250 5057 facultates,
1311 4992 1527 5047 accedit
1586 4980 1882 5063 aliquando
1939 4994 2008 5050 ad

442 5086 691 5140 divinum
717 5076 1007 5150 Joannem,
1047 5076 1248 5160 rogans
1278 5091 1337 5137 ut
1369 5094 1676 5139 sanaretur.
1707 5085 1800 5139 Ille
1827 5098 2007 5142 autem

439 5177 574 5231 dicit
599 5176 648 5232 ei
683 5194 696 5229 :
731 5173 888 5230 Ilunc
915 5174 1168 5231 morbum
1201 5172 1297 5229 tibi
1325 5174 1693 5229 conciliarunt
1723 5184 1814 5229 tua
1841 5176 2007 5231 animi

440 5268 775 5336 perversitas
806 5276 863 5325 et
893 5280 1064 5336 pauca
1093 5258 1225 5321 ﬁdes
1246 5267 1299 5320 in
1328 5265 1606 5321 Christum
1641 5265 2005 5323 Salvatorem.

441 5359 596 5429 Tunc
624 5370 885 5431 aegrotus.
939 5360 1101 5414 simul
1133 5344 1299 5429 atque
1338 5358 1442 5429 hoc
1473 5359 1704 5417 dixisset
1745 5359 2006 5427 Joannes,

441 5464 499 5520 se
524 5459 696 5503 t0tum
726 5452 1020 5504 traducens
1049 5450 1114 5504 ad
1153 5448 1364 5505 ﬁrmam
1407 5451 1610 5508 Christi
1654 5454 1833 5518 fidem,
1890 5463 2009 5509 tan-

440 5542 517 5628 git
541 5542 785 5628 tunicam
816 5540 1069 5607 Joannis,
1095 5551 1149 5595 et
1193 5558 1317 5596 cum
1340 5558 1459 5597 eam
1484 5534 1618 5617 locis
1656 5528 1866 5613 all‘ectis
1906 5547 2009 5602 im-

444 5631 738 5713 posuisset,
803 5632 949 5685 tiiClO
999 5632 1166 5686 citius
1215 5633 1316 5687 fuit
1371 5647 1619 5693 curatus.
1672 5636 1803 5695 Post
1860 5638 2006 5697 hunc

453 5732 463 5738 “
512 5723 558 5755 ⁸⁸
587 5721 724 5777 Tob.
758 5738 856 5787 xu,
887 5722 941 5775 7.
1020 5723 1056 5753 ¹¹
1095 5722 1279 5777 Multi].
1314 5740 1388 5787 Ix,
1420 5723 1508 5777 22.

2126 4474 2246 4528 μεν,
2298 4456 2511 4527 ἀνάγκῃ
2564 4451 2767 4512 πάθους
2816 4450 2933 4501 ἐκεῖ
3000 4447 3097 4517 μὲν
3150 4447 3288 4517 γυνὴ
3342 4446 3405 4497 ὲκ
3440 4444 3691 4508 πίστεως

2122 4548 2423 4617 ἁψάμενον,
2449 4547 2515 4614 τῇ
2545 4544 2656 4613 ἁφῇ
2690 4541 2789 4610 τὴν
2828 4540 3102 4609 σωτηρίαν
3148 4535 3523 4605 ἀπολαμόάνει
3548 4553 3562 4566 ·
3594 4536 3694 4587 τὸν

2120 4624 2437 4694 διδάσκαλον
2470 4631 2565 4687 οὖν
2598 4633 2691 4687 καὶ
2741 4624 2895 4693 οὗτος
2934 4629 3377 4699 ἀπομεμιμηται.
3423 4626 3695 4680 Ἐνταῦθα

2119 4730 2228 4799 γάρ
2257 4745 2340 4791 τις
2370 4727 2510 4796 ἀνὴρ
2538 4723 2774 4794 τοσαύτῃ
2804 4720 2933 4791 περὶ
2977 4720 3038 4772 τὸ
3084 4720 3385 4789 ἡμίκρανον
3432 4716 3693 4786 ἀλγηδόνι

2122 4818 2426 4888 συνέχεται,
2476 4814 2617 4868 ῶστε
2657 4812 2739 4884 τῷ
2774 4809 2986 4881 σφοδρῷ
3029 4810 3125 4877 τῆς
3153 4808 3343 4877 ὀδύνης
3382 4807 3471 4859 τὸν
3495 4805 3692 4858 τούτου

2116 4907 2393 4978 ὀφθαλμὸν
2431 4905 2836 4976 ὲκπηδήσαντα,
2860 4903 2925 4970 τῇ
2975 4897 3184 4966 σιαγόνι
3224 4895 3451 4967 ὁρᾶσθαι
3478 4894 3696 4947 ἀπαιω-
3738 4958 3747 4965 ί

2122 5002 2405 5078 ρούμενον.
2434 4993 2601 5060 Οὗτος
2627 4995 2830 5066 ἰατροῖς
2855 4988 3279 5059 προσαναλώσας
3303 4987 3422 5040 ὅλον
3442 4984 3533 5039 τὸν
3573 4985 3694 5055 βίον

2118 5076 2373 5161 ἀνόνητα,
2407 5086 2653 5159 πρόσεισί
2687 5101 2816 5138 ποτε
2852 5082 2928 5153 τῷ
2960 5081 3089 5151 θείῳ
3127 5080 3366 5149 Ἰωάννῃ,
3391 5076 3692 5131 ἀντιϐολῶν
3782 5160 3787 5165 ,

2121 5183 2359 5252 ἰαθῆναι.
2400 5181 2459 5233 '0
2478 5179 2535 5231 δὲ
2560 5179 2707 5246 λέγει
2731 5174 2877 5242 αὐτῷ
2903 5189 2915 5201 °
2948 5172 3119 5226 Τοῦτό
3155 5187 3237 5223 σοι
3285 5171 3346 5223 τὸ
3392 5167 3588 5230 πάθος,
3627 5169 3694 5219 τὸ

2120 5264 2333 5329 σκολιὸν
2378 5271 2476 5341 τῆς
2521 5268 2717 5338 ψυχῆς,
2748 5268 2841 5321 καὶ
2884 5264 3020 5335 πρὸς
3052 5262 3143 5317 τὸν
3177 5261 3405 5331 Σωτῆρα
3452 5256 3691 5329 Χριστὸν

2117 5352 2455 5432 ὀλιγόπιστον
2496 5358 2884 5431 προεξένησαν.
2929 5354 2988 5406 '0
3157 5352 3403 5421 πάσχων,
3439 5351 3558 5417 ἅμα
3609 5348 3692 5418 τῷ

2117 5453 2281 5523 λόγῳ,
2319 5451 2439 5504 ὅλον
2474 5440 2684 5501 ἑαυτὸν
2706 5445 2799 5500 ἐπὶ
2826 5443 2925 5517 τὴν
2974 5440 3194 5512 ἀρραγῆ
3239 5438 3419 5490 πίστιν
3447 5433 3691 5504 Χριστοῦ

2119 5530 2656 5614 μεταθεὶςάπτεται
2687 5538 2781 5593 τοῦ
2812 5535 3132 5613 χιτωνίσκου
3160 5531 3253 5585 τοῦ
3294 5530 3567 5591 Ἰωάννου,
3593 5527 3693 5580 καὶ

2113 5641 2225 5703 τοῖς
2273 5634 2565 5691 πεπονθόσι
2614 5632 2834 5707 χωρίοις
2888 5627 3117 5703 ἐπιθεὶς,
3174 5624 3368 5679 θᾶττον
3417 5623 3451 5693 ἦ
3506 5620 3691 5689 λόγος,
