3952 6210
178 274 258 339 ιιι
843 274 1126 336 ORATIO
1165 273 1469 335 XVIII.—
1516 272 1903 334 LAUDATI‘O
1930 273 1991 334 S.
2031 274 2351 335 JOANNIS
2382 278 2785 341 CHRYSOST.

3303 286 3409 349 242

178 390 432 460 λαμϐάνει
479 388 579 461 τὴν
628 386 786 441 ἴασιν.
824 389 979 442 Μετὰ
1027 388 1218 442 τοῦτον
1265 387 1463 458 λεπρός
1509 405 1592 450 τις
1643 387 1741 458 τὴν

1845 386 2066 457 quidam
2107 388 2247 443 facie
2279 396 2551 459 leprosos,
2583 392 2675 461 qui
2710 400 2830 447 erat
2859 408 2887 447 e
2918 372 3258 463 proceribus,
3308 412 3407 449 no—

179 482 301 551 ίψιν,
331 481 449 533 τῶν
488 481 827 549 μεγιστάνων
872 482 1179 550 τυγχάνων,
1209 478 1498 549 Ἀρχέλαος
1544 478 1737 548 ὄνομα,

182 570 437 642 προσῆλθε
473 570 553 637 τῷ
589 570 833 641 Ἰωάννῃ,
864 572 957 624 καὶ
984 569 1167 633 καθὼς
1204 572 1472 639 Ζακχαῖος
1512 571 1737 636 ἐκεῖνος,

183 661 297 728 πρὸς
327 662 421 713 τὸν
451 662 732 729 Δεσπότην
784 660 1144 732 μεγαλοψύχῳ
1196 662 1457 731 κινήματι
1506 661 1739 725 πίστεως

182 752 255 804 καὶ
278 745 433 813 οὗτος
464 751 635 804 εἰπὼν
664 751 761 804 καὶ
793 752 1169 822 συνθεόμενος,
1205 752 1424 821 πρῶτον
1444 752 1543 822 τὴν
1569 752 1741 821 ἀμορ-

180 845 291 911 φίαν
338 844 441 913 τῆς
492 842 781 913 λεπρώσης
832 843 1011 912 ψυχῆς
1060 842 1136 917 τῷ
1187 844 1587 914 ρυπτικωτάτῳ
1632 844 1743 897 τῶν

188 936 427 987 Ἰωάννου
478 934 677 1002 λογίων
726 924 1175 1005 ἀποπλυνάμενος
1242 934 1430 998 ὕδατι,
1492 936 1631 1005 μετά
1677 952 1740 1003 γε

176 1025 317 1076 τοῦτο
351 1023 451 1076 τοῦ
502 1024 763 1094 φρεατίου
803 1023 1013 1091 ὓδατος,
1046 1018 1090 1093 ᾧ
1137 1024 1376 1095 ἐχρῶντο
1409 1025 1458 1077 οἱ
1502 1025 1739 1094 ἀδελφοὶ,

178 1116 450 1169 κελεύεται
484 1114 744 1184 νίψασθαι
770 1133 784 1146 ο
826 1116 921 1169 καὶ
959 1117 1274 1186 νιψάμενος,
1308 1116 1508 1179 εὐθέως
1554 1120 1648 1171 καὶ
1681 1118 1741 1170 τὸ

180 1208 323 1275 σῶμα
356 1206 702 1277 καθαίρεται.
734 1202 866 1259 Εἶτα
898 1207 977 1277 τῷ
1000 1209 1243 1277 περιόντι
1270 1208 1369 1278 τῆς
1398 1211 1478 1271 εἰς
1505 1208 1740 1279 Χριστὸν

176 1304 419 1361 πίστεως,
448 1294 519 1368 ἦς
545 1294 613 1367 ἦν
643 1298 792 1367 αὐτῷ
813 1298 875 1350 τὸ
905 1297 1138 1368 χρυσοῦν
1169 1298 1336 1361 ὄντως
1361 1301 1537 1352 ἐκεῖνο
1566 1298 1742 1369 στόμα

176 1390 423 1458 πρόξενον
456 1387 813 1458 ἀποκείρεται
836 1404 849 1417 ·
880 1391 972 1442 καὶ
1016 1388 1254 1458 μονάσας
1306 1390 1487 1453 ὁσίως,
1512 1390 1741 1459 διαπρέ⁴

179 1498 258 1532 πει
282 1480 376 1532 καὶ
402 1478 730 1532 τελειοῦται.
765 1478 967 1532 Τούτου
996 1478 1235 1548 ζηλωταὶ
1276 1479 1458 1531 πολλοὶ
1486 1479 1595 1532 τῶν
1621 1478 1740 1531 τότε

180 1570 541 1631 καθίστανται,
571 1572 636 1621 τὰ
664 1570 762 1638 μὲν
794 1570 1008 1621 ποικίλα
1042 1569 1150 1621 τῶν
1174 1568 1447 1638 λογισμῶν
1468 1569 1545 1639 τῷ
1573 1568 1742 1639 ἰατρῷ

184 1661 542 1731 θεατρίζοντες
592 1661 903 1731 τραύματα,
944 1661 1120 1731 ἀπλῆν
1168 1661 1223 1714 δὲ
1269 1661 1363 1714 καὶ
1411 1662 1616 1731 ῥᾴστην
1648 1662 1740 1714 καὶ

184 1752 394 1818 ἄφθονον
447 1752 549 1821 τὴν
588 1750 886 1822 θεραπείαν
924 1750 1419 1820 ἀποκληρούμενοι.
1456 1748 1738 1818 Πανταχοῦ
1768 1731 1815 1791 Β

188 1844 289 1892 τότε
308 1841 493 1893 λοιπὸν
517 1842 877 1912 μοναστήρια,
902 1840 1121 1910 ἀγάπης
1143 1840 1496 1908 πλεονασμὸς,
1520 1838 1741 1907 διπλόης

191 1933 492 2002 ἀφανισμδς,
514 1932 1019 2003 ταπεινοφροσύνης
1055 1931 1500 2003 περιουσιασμδς,
1528 1932 1741 1999 ἀγερω-

196 2027 296 2089 χίας
324 2023 727 2093 κατακλυσμὸς,
762 2022 875 2092 βίος
908 2024 1231 2094 ἀσκητικὸς,
1257 2023 1415 2089 λόγος
1442 2024 1738 2093 εἰρηνικὸς,

200 2115 472 2184 βρωμάτων
499 2115 792 2186 ὑπεροψία,
826 2116 1110 2185 δογμάτων
1158 2115 1497 2169 διδασκαλία.
1539 2117 1652 2168 Οὐκ
1674 2112 1740 2185 ἦν

204 2207 305 2257 ἰδεῖν
328 2208 439 2259 τότε
474 2210 687 2260 πόσεων
715 2208 1084 2276 οἰνοφλυγίαν,
1116 2207 1175 2259 οὐ
1207 2207 1439 2274 γέλωτος
1488 2207 1737 2272 ἀταξίαν,

201 2298 284 2349 οὒκ
308 2296 496 2367 ἐριδας,
519 2302 581 2353 ού
613 2299 797 2369 ζῆλον,
829 2300 925 2351 οὐκ
958 2299 1087 2351 ἄλλο
1133 2316 1185 2351 τι
1218 2297 1325 2349 τῶν
1354 2298 1741 2367 ἁντιτειχιςόν-

205 2404 291 2439 των
314 2390 476 2456 νεφῶν
504 2390 734 2459 ὁρᾶσθαι
765 2389 861 2451 τάς
879 2389 973 2442 τοῦ
1014 2389 1205 2458 νοητοῦ
1245 2387 1426 2455 Ἠλίου
1448 2407 1741 2460 μαρμαριμ

206 2478 306 2543 τάς.
327 2479 437 2533 Τῶν
469 2482 726 2535 ἁπάντων
768 2480 1060 2549 κεφάλαιον
1084 2480 1142 2532 ἓν
1174 2480 1273 2548 τῆς
1308 2479 1555 2532 Ἰωάννου
1582 2480 1740 2549 κηδε-

208 2570 428 2639 μονίαςή
469 2571 852 2640 φιλάνθρωπος
912 2569 1221 2640 ἐπιμέλεια.
1259 2570 1323 2622 Τί
1370 2570 1437 2622 τὰ
1476 2570 1607 2623 ἀλλα
1634 2570 1741 2622 τῶν

203 2656 458 2727 θαυμάτων
476 2677 491 2725 ;
511 2660 622 2712 Νῦν
648 2660 751 2729 μὲν
779 2658 1010 2721 Εὔκλεος
1036 2660 1259 2722 ἐκεῖνος,
1283 2657 1338 2720 ὃς
1364 2658 1541 2728 φθόνῳ
1565 2657 1742 2709 διαϐό-

202 2746 305 2811 λου,
322 2748 525 2816 θατέρου
542 2750 652 2803 τῶν
672 2750 966 2818 ὀφθαλμῶν
983 2750 1041 2802 τὸ
1066 2750 1176 2818 φῶς
1204 2748 1422 2815 λέγεται
1453 2747 1738 2811 ἀπολέσαι,

204 2840 425 2892 πιστεύει
448 2843 515 2913 τῷ
533 2842 777 2912 Χριστῷ,
806 2842 1107 2913 πρόσεισιν,
1139 2840 1495 2911 ἀποκείρεται
1520 2856 1533 2869 ·
1566 2839 1738 2904 τέλος,

198 2931 367 2999 εύχαίς
392 2932 471 2983 τοῦ
503 2932 752 2986 Ἰωάννου
778 2934 938 2986 πάλιν
968 2932 1343 3001 ἀπολαμϐάνει
1374 2931 1432 2983 τὸ
1460 2928 1574 2999 φῶς
1600 2947 1613 2959 ’
1643 2929 1738 2983 νῦν

195 3019 247 3073 at
273 3023 300 3092 ἠ
328 3024 609 3097 αίμόρρους
638 3024 821 3094 ἐκείνη
853 3023 1063 3094 χρόνοις
1109 3021 1249 3074 ἐπτά
1278 3020 1619 3086 διατελοῠσα,
1647 3021 1739 3073 τὸν

1845 479 1991 535 mine
2012 480 2334 547 Archelaus,
2363 484 2597 537 accessit
2624 484 2689 537 ad
2720 484 3010 545 Joannem.
3054 493 3107 540 et
3135 488 3409 555 quomodo

1849 567 2110 625 Zachasus
2133 570 2246 635 ille,
2289 572 2355 624 ad
2390 570 2681 625 Dominum
2738 574 3085 643 magnanimo
3114 584 3261 628 motu
3288 574 3407 630 ﬁdei

1846 660 1935 715 hic
1984 675 2204 730 quoque
2236 660 2467 729 loquens
2528 670 2583 715 et
2635 664 2938 727 accedens;
2997 678 3119 716 cum
3180 664 3411 733 leprosa:

1844 752 2038 807 anima:
2056 753 2457 807 deformitatem
2488 752 2727 809 Joannes
2756 756 3119 824 eloquiorum,
3152 772 3273 827 quze
3300 772 3411 810 ma-

1845 845 1992 900 xime
2008 845 2364 915 expurgabat,
2390 861 2530 915 aqua
2558 846 3016 916 abluisset,jubet
3043 864 3166 904 eum
3194 865 3411 919 quoque

1846 953 1985 1008 aqua
2024 937 2195 1007 putei,
2230 952 2337 1008 qua
2374 937 2572 994 fratres
2604 940 2915 1000 utebantur.
2956 940 3156 1007 lavari;
3206 950 3407 995 etcum

1847 1029 2061 1082 lavatus
2096 1035 2263 1092 esset,
2299 1028 2421 1096 ejus
2448 1044 2666 1098 quoque
2707 1044 2909 1100 corpus
2939 1031 3240 1084 mundatur
3275 1046 3402 1097 pro-

1845 1118 2013 1172 tinus.
2046 1117 2253 1172 Deinde
2278 1129 2502 1187 propter
2530 1133 2798 1172 summam
2826 1120 2879 1172 in
2914 1119 3189 1174 Christum
3228 1120 3407 1183 ﬁdem,

1844 1226 2005 1279 quam
2043 1211 2090 1264 ei
2122 1210 2518 1264 conciliaverat
2552 1210 2687 1263 illud
2710 1225 2773 1264 os
2806 1226 2931 1265 vere
2984 1226 3238 1272 aureum,
3288 1222 3410 1264 ton-

1842 1300 2272 1362 detur;etcum
2306 1310 2495 1355 sancte
2547 1298 2743 1353 fuisset
2799 1300 3126 1361 monachus,
3178 1299 3410 1371 insignis

1841 1390 2024 1445 evadit
2052 1399 2103 1443 et
2140 1390 2415 1459 perfectus
2458 1389 2534 1445 ﬁt.
2566 1389 2716 1443 Multi
2747 1404 2809 1443 ex
2838 1388 2905 1442 iis
2933 1390 3025 1457 qui
3062 1401 3194 1443 tunc
3226 1399 3404 1449 erant.

1844 1482 2065 1538 fuerunt
2092 1483 2210 1551 ejus
2235 1483 2561 1547 imitatores,
2592 1482 2742 1534 varia
2768 1481 2988 1550 quidem
3022 1479 3409 1549 cogitationum

1842 1573 2063 1625 vulnera
2084 1572 2293 1627 medico
2308 1572 2636 1641 aperientes,
2658 1570 2961 1640 simplicem
2989 1579 3167 1623 autem
3187 1577 3241 1622 et
3271 1568 3409 1621 faci-

1845 1664 1945 1718 lem
1978 1673 2031 1718 et
2071 1665 2344 1733 copiosam
2406 1671 2758 1731 assequentes
2807 1663 3167 1717 curationem.
3200 1660 3412 1728 Ubique

1846 1765 1975 1809 tunc
1995 1756 2061 1809 de
2088 1764 2285 1810 caetero
2322 1756 2676 1817 monasteria,
2709 1754 2993 1809 charitatis
3025 1752 3361 1806 abundantia
3393 1791 3408 1814 ,

1844 1847 2190 1917 duplicitatis
2240 1848 2511 1917 expulsio,
2544 1847 2873 1901 humilitatis
2897 1844 3281 1906 redundantia,
3317 1858 3409 1897 su-

1845 1940 2043 2009 perbiae
2061 1940 2348 2003 diluvium,
2372 1940 2481 1991 vita
2515 1939 2775 1999 ascetica,
2795 1938 2970 1990 oratio
2993 1934 3240 2005 paciﬁca,
3260 1935 3409 1987 cibo-

1843 2048 1962 2085 rum
1995 2031 2353 2099 contemptio,
2385 2030 2702 2099 d0gmatum
2742 2028 3015 2081 doctrina.
3050 2025 3167 2079 Non
3208 2024 3409 2078 licebat

1842 2132 1974 2178 tunc
2007 2122 2190 2176 videre
2219 2121 2685 2188 eompotationum
2720 2118 3123 2177 temulentiam,
3175 2129 3283 2167 non
3335 2113 3411 2166 ri-

1844 2230 1939 2270 sus
1964 2213 2336 2276 insolentiam,
2370 2227 2476 2264 non
2510 2211 2655 2273 lites,
2698 2223 2805 2261 non
2840 2208 3267 2267 :emulatiouem,
3300 2218 3410 2256 non

1842 2308 2081 2375 aliquam
2123 2303 2285 2357 aliam
2323 2302 2522 2356 nubem
2566 2316 2687 2369 quae
2721 2300 2962 2352 obstaret
3007 2296 3304 2366 quominus
3327 2293 3412 2347 vi-

1840 2400 2061 2454 deretur
2091 2396 2393 2466 spiritualis
2420 2395 2553 2449 solis
2578 2392 2857 2463 splendor.
2897 2391 3138 2456 Quorum
3164 2387 3410 2441 omnium

1841 2478 1925 2546 est
1944 2498 2110 2559 caput
2149 2504 2317 2542 unum
2351 2487 2585 2556 benigna
2634 2499 2764 2537 cura
2814 2482 3045 2537 Joannis
3099 2478 3391 2550 providen-

1842 2584 1952 2637 tiae.
1993 2580 2135 2647 Quid
2188 2581 2294 2633 alia
2328 2576 2639 2632 miracula?
2682 2575 2841 2630 Nunc
2889 2574 3128 2642 quidem,
3180 2568 3415 2625 Eucleus

1844 2674 1955 2739 ille,
1992 2672 2084 2742 qui
2113 2670 2317 2725 invidia
2354 2667 2580 2730 diaboli,
2628 2666 2859 2719 alterius
2897 2663 3185 2717 oculorum
3238 2661 3413 2713 lucem

1842 2762 2043 2815 dicitur
2075 2760 2401 2831 perdidisse,
2431 2756 2610 2811 credit
2659 2754 2920 2820 Christo;
2958 2753 3191 2817 accedit,
3226 2750 3416 2804 tonde:

1843 2860 1954 2913 tur,
1992 2851 2210 2906 tandem
2241 2848 2474 2903 Joannis
2509 2847 2766 2917 precibus
2830 2845 3007 2899 lucem
3071 2856 3267 2896 rursus
3318 2853 3413 2893 ac-

1843 2944 2000 3013 cipit.
2042 2943 2204 2996 Nuuc
2254 2947 2435 2995 autem
2482 2940 2573 2993 illa
2610 2953 2733 3007 qua:
2792 2933 3082 2989 laborabat
3136 2930 3417 3002 sanguinis

1842 3033 2132 3105 profluvio,
2163 3042 2367 3102 septem
2404 3046 2580 3084 annos
2616 3030 2697 3085 sic
2727 3026 2941 3091 affecta,
2965 3022 3258 3095 persuadet
3281 3036 3417 3076 con-

197 3112 401 3181 σύζυγον
455 3114 650 3181 πείθει,
710 3116 803 3168 καὶ
852 3114 920 3167 δι’
970 3112 1136 3166 αὐτοῦ
1196 3114 1438 3166 δυσωπεῖ
1490 3113 1588 3181 μὲν
1646 3112 1736 3164 τὸν

1845 3126 1951 3195 iugi
1979 3135 2033 3179 et
2062 3140 2157 3193 per
2191 3139 2314 3177 eum
2350 3131 2503 3191 rogat
2532 3120 2797 3173 Joannem
2829 3134 2843 3184 ;
2878 3117 2945 3169 ab
2994 3130 3060 3168 eo
3089 3123 3269 3167 autem
3318 3111 3416 3165 do-

195 3202 442 3277 Ἰωάννην,
481 3206 790 3260 διδάσκεται
832 3205 888 3258 δὲ
916 3203 1049 3274 παρ’
1092 3204 1257 3256 αὑτοῦ
1288 3203 1388 3271 τὴν
1416 3203 1618 3268 αἰτίαν,
1655 3202 1739 3255 ὅτι

194 3293 251 3344 δι’
271 3296 528 3365 ἁμαρτίας
559 3296 924 3367 παρεχωρήθη
958 3293 1303 3357 κολάζεσθαι.
1327 3295 1490 3356 Ποίας
1516 3292 1573 3345 δὲ
1610 3292 1738 3346 ταύ-

194 3402 308 3448 τας;
343 3387 445 3455 Τὴν
474 3388 608 3458 πρὸς
645 3386 747 3448 τάς
796 3386 969 3455 ὄιϐρας
1016 3380 1443 3454 ἀπανθρωπίαν,
1490 3382 1586 3452 τὴν
1632 3381 1739 3434 τῶν

194 3478 415 3547 πενήτων
454 3476 863 3547 ἀφροντιστίαν,
918 3475 1255 3543 ἀδδηφαγίαν
1297 3491 1357 3526 τε
1414 3474 1509 3526 καὶ
1559 3474 1739 3525 πᾶσαν

193 3568 496 3637 ἑρεηελίαν.
530 3568 673 3639 Πρὸς
708 3567 884 3620 ταῦτα
911 3568 965 3620 τί
996 3567 1076 3619 δεῖ
1102 3568 1167 3619 τὰ
1215 3565 1472 3634 πολυειδῆ
1503 3565 1596 3617 τοῦ
1630 3564 1739 3617 τῶν

190 3659 359 3729 Ψνκῶν
395 3660 574 3733 ἱατροῦ
610 3662 877 3731 φάρμακα
904 3661 1105 3726 λέγειν,
1141 3660 1360 3721 ὁπόσοις
1398 3656 1495 3727 τὴν
1525 3656 1737 3725 ἄνθρω-

194 3766 283 3801 πον
322 3752 821 3821 προσεπενοήσατο;
855 3750 1042 3805 Πάντα
1084 3748 1172 3802 διὰ
1216 3749 1309 3801 τοῦ
1364 3747 1598 3814 συζύγου
1639 3763 1741 3815 μα-

197 3842 367 3907 θοῦσα,
400 3844 489 3896 καὶ
518 3842 701 3895 αὐτῶν
728 3841 826 3911 τὴν
855 3841 1141 3911 διόρθωσιν
1176 3838 1386 3902 πιστῶς
1412 3835 1742 3905 ἐπαγγελλο-

199 3932 338 4002 μένη,
380 3933 654 4004 ταχύτατα
685 3931 953 4001 λαμϐάνει
981 3931 1078 4002 τὴν
1106 3930 1357 4000 αἴσθησιν
1391 3930 1488 3997 τῆς
1524 3929 1737 3990 ἰάσεως.

199 4018 321 4072 Τὶδὲ
345 4024 429 4075 καὶ
465 4023 596 4093 περὶ
621 4021 717 4074 τοῦ
747 4021 1024 4093 ἀνημέρου
1059 4021 1224 4091 θηρὸς
1260 4020 1495 4081 ἐκείνου,
1529 4018 1586 4081 ὃς
1614 4018 1743 4070 πολ-

198 4110 304 4173 ito-Ii;
356 4115 447 4182 μὲν
496 4113 607 4166 τῶν
664 4112 1008 4166 διοδευόντων
1071 4114 1306 4164 ποιεῖται
1361 4110 1738 4179 κατάϐρωμα,

196 4204 397 4270 πολλοὺς
428 4206 483 4259 δὲ
515 4207 623 4259 τῶν
652 4204 998 4277 ὁμορούντων
1030 4204 1108 4274 τῷ
1154 4205 1262 4257 δέει
1298 4202 1544 4272 φυγάδας
1576 4202 1741 4273 ἰργά-

196 4294 363 4362 Caret;
394 4299 463 4351 Τὸ
490 4298 819 4351 Δεσποτικδν
841 4296 1004 4351 ὅπλον
1032 4299 1061 4350 ὁ
1098 4296 1241 4359 θεῖος
1273 4296 1415 4349 κατά
1453 4295 1546 4347 τοῦ
1578 4294 1743 4364 θηρὸς

1840 3227 1996 3271 cetur
2047 3231 2293 3278 causam,
2349 3214 2495 3283 quod
2553 3220 2776 3281 propter
2829 3216 3050 3279 peccata
3087 3203 3414 3273 permissum

1843 3310 2006 3367 fuerit
2064 3321 2122 3365 ιιι
2172 3308 2478 3381 puniretur.
2545 3306 2809 3371 Quatnam
2881 3308 3062 3355 autem
3109 3305 3238 3353 sunt
3306 3297 3416 3350 ea?

1843 3405 2067 3459 Summa
2102 3405 2156 3458 in
2188 3402 2421 3457 famulas
2488 3397 2881 3460 inhumanitas,
2935 3405 3232 3461 pauperum
3282 3402 3416 3442 con-

1841 3507 2097 3565 temptus,
2153 3493 2423 3564 ingluvies
2471 3499 2526 3545 et
2559 3488 2739 3542 omnis
2798 3482 3105 3553 nugacitas.
3162 3478 3240 3530 Ad
3296 3476 3414 3565 haec

1841 3562 1972 3656 quid
2012 3599 2150 3654 opus
2199 3562 2506 3636 estdicere
2558 3572 2879 3641 multiplicia
2928 3567 3125 3622 medici
3177 3562 3415 3656 remedia

1840 3652 1961 3746 quze
1993 3652 2365 3728 inmulierem
2391 3662 2770 3736 excogitavit?
2804 3660 2936 3726 Quae
2968 3673 3089 3712 cum
3116 3652 3301 3709 omnia
3322 3666 3417 3721 per

1841 3764 2127 3833 conjugem
2157 3759 2462 3819 didicisset,
2490 3766 2541 3811 et
2567 3770 2627 3809 se
2652 3752 2839 3805 omnia
2878 3763 3002 3804 esse
3028 3751 3408 3800 correcturam

1844 3854 2075 3909 ﬁdeliter
2138 3850 2515 3921 promisisset,
2580 3844 2868 3901 celerrime
2933 3840 3129 3907 recipit
3189 3846 3416 3890 sensum

1843 3942 2168 3998 curationis.
2206 3940 2349 4006 Quid
2381 3953 2512 3993 vero
2545 3936 2614 3991 de
2654 3934 2877 3989 immani
2908 3945 3125 4001 quoque
3158 3928 3247 3980 illa
3283 3925 3416 3987 fera,

1843 4051 1964 4105 qua;
1994 4036 2197 4089 multos
2218 4032 2433 4102 quidem
2466 4029 2749 4085 devoravit
2777 4042 2843 4081 ex
2875 4025 2943 4078 iis
2967 4023 3058 4092 qui
3088 4012 3427 4081 transibant,’

1842 4141 1910 4180 ex
1928 4124 2178 4178 ﬁnitimis
2199 4132 2382 4177 autem
2410 4121 2614 4174 multos
2646 4119 2757 4189 egit
2790 4117 2844 4169 in
2881 4111 3108 4184 fugam?
3133 4108 3417 4167 Dominiea

1845 4230 1995 4269 arma
2040 4214 2265 4269 divinus
2329 4212 2420 4266 ille
2483 4210 2779 4279 imperator
2838 4204 3030 4273 objicit
3084 4202 3316 4265 bellum;
3366 4204 3421 4250 et

1844 4323 1966 4362 cum
1998 4306 2334 4360 decrevisset
2364 4312 2422 4355 ut
2454 4316 2517 4353 ea
2567 4301 2860 4369 figerentur
2917 4306 3042 4349 ante
3078 4294 3420 4363 speluncam,

196 4386 381 4441 ἐκείνου
410 4388 772 4460 προϐάλλεται
821 4387 1147 4459 στρατηγὸς,
1192 4387 1287 4441 καὶ
1321 4386 1476 4439 τοῦτο
1500 4386 1742 4455 παγῆναι

1848 4396 1980 4451 facit
2012 4404 2072 4450 ut
2103 4396 2195 4450 ille
2237 4392 2501 4447 terribilis
2530 4398 2587 4445 et
2632 4403 2811 4443 saevus
2860 4385 3143 4440 hominum
3208 4382 3424 4436 occisor

197 4477 294 4546 πρὸ
316 4477 399 4531 τοῦ
430 4480 698 4548 σπηλαίου
725 4479 1124 4549 διορισάμενος,
1151 4478 1243 4531 τὸν
1275 4477 1504 4548 φοϐερὸν
1538 4478 1743 4530 ἐκεῖνον

199 4569 283 4619 καὶ
334 4570 769 4641 ἀνθρωποκτόνον
828 4570 1019 4624 λέοντα
1063 4572 1209 4622 ποιεῖ
1261 4569 1368 4640 πρὸ
1414 4568 1507 4621 τοῦ
1563 4568 1743 4638 τιμίου

202 4660 411 4729 σταυροῦ
454 4661 583 4730 περὶ⁸
622 4661 685 4713 τὸ
716 4661 1042 4731 περίορθρον
1076 4662 1246 4730 χαμαὶ
1285 4659 1572 4730 εὑρεθῆναι
1598 4675 1745 4711 νενε-

201 4750 471 4818 κρωμένον.
514 4750 702 4820 Τούτῳ
732 4750 810 4821 τῷ
834 4750 983 4821 ὅπλῳ
1010 4756 1106 4803 καὶ
1137 4750 1215 4821 τῷ
1253 4752 1445 4821 τρόπῳ
1475 4749 1745 4820 ἀναρρύε-

202 4852 277 4889 ται
317 4841 407 4909 μὲν
448 4844 573 4906 τοὺς
619 4842 847 4906 ἁλόντας
909 4841 1260 4912 αἰχμαλωσίᾳ
1308 4841 1407 4907 τῆς
1461 4840 1745 4893 εἰδωλολα-

204 4931 395 4999 τρείας·
441 4935 723 5005 μερίζεται
756 4934 814 4987 δὲ
842 4934 939 5004 τὴν
966 4932 1142 5004 ψυχὴν
1176 4931 1391 5003 ἑτέραις
1429 4931 1747 5003 θεαρὲστοις

208 5020 391 5090 βωλαίς
445 5028 536 5079 καὶ
564 5028 1031 5096 ἀποσκοπήσεσιν.

264 5112 323 5183 η’.
343 5117 578 5189 Ἐπειδὴ,
604 5117 664 5171 τὸ
704 5116 797 5170 τοῦ
851 5117 1039 5184 Δαϐὶδ,
1066 5117 1383 5188 καταμόνας
1439 5112 1577 5170 εἶναι
1626 5115 1746 5169 λίαν

206 5203 469 5271 ἠσπάζετο,
500 5209 563 5262 τὺ
610 5208 670 5263 δὲ
702 5208 1083 5280 φιλάνθρωπον
1132 5207 1559 5279 ἀντεφιλονείκει
1588 5222 1743 5279 περι-

422 5300 482 5351 τδ
508 5298 775 5370 βούλημα,
811 5301 912 5370 τὴν
959 5300 1127 5370 καλὴν
1156 5300 1474 5368 οἰκονομίαν
1509 5300 1747 5368 ἀμφοτέ-

209 5399 301 5450 Ροίς
345 5390 601 5444 κάλλιστα
658 5390 984 5460 διατίθησιν.
1042 5389 1212 5454 Εἰδὼς
1266 5389 1376 5460 γὰρ
1431 5389 1492 5443 τὸ
1550 5389 1775 5454 ίδιάξονη

204 5476 578 5556 ἀσφαλέστερον
608 5481 709 5553 μὲν
737 5483 833 5535 καὶ
864 5483 1159 5554 ἀτάραχον,
1186 5484 1297 5545 τοῖς
1331 5482 1387 5535 δὲ
1420 5481 1625 5545 πολλοῖς
1649 5482 1749 5535 οὐκ

205 5566 383 5651 ἄτυφον
430 5573 815 5643 νομιζόμενον·
858 5573 918 5626 τδ
963 5573 1019 5626 δὲ
1068 5573 1399 5635 κοινωνικὸν,
1433 5573 1747 5644 ταραχῶδες

204 5658 287 5721 μὲν
316 5664 400 5714 καὶ
429 5664 860 5736 σφαλερώτερον,
894 5667 995 5718 οὐκ
1041 5666 1273 5736 ἄμισθον
1301 5666 1379 5727 δὲ.
1426 5666 1546 5718 οὐδὲ
1585 5667 1749 5736 ἀκερ-

205 5744 298 5815 δένν
328 5756 606 5829 mro/qm;
659 5757 799 5825 ἄγαν
851 5756 1132 5830 ἀμφότερα
1185 5757 1464 5828 κερνηεην⁹
1518 5756 1602 5811 ὁτὲ
1646 5756 1744 5827 μὲν

1848 4492 1932 4544 leo
1963 4496 2088 4542 ante
2111 4486 2407 4556 pretiosam
2436 4495 2655 4537 crucem
2694 4493 2854 4533 mane
2877 4476 3028 4531 humi
3078 4473 3422 4527 inveniretur

1847 4585 2020 4634 ritorte
2048 4576 2299 4632 affectus.
2333 4573 2428 4628 His
2458 4572 2631 4627 armis
2664 4578 2718 4626 et
2757 4569 3006 4624 moribus
3060 4565 3257 4619 liberat
3298 4561 3422 4633 qui-

1846 4671 1970 4724 dem
1994 4684 2110 4736 eos,
2136 4669 2229 4739 qui
2259 4668 2404 4738 capti
2431 4674 2589 4721 erant
2625 4681 2655 4719 a
2682 4661 3001 4733 captivitate
3033 4657 3215 4712 cultus
3248 4653 3422 4710 simu-

1846 4764 2164 4826 lacrorum;
2222 4761 2467 4812 animum
2531 4768 2713 4811 autem
2769 4752 2984 4809 confert
3033 4750 3101 4803 ad
3153 4748 3258 4802 alia
3312 4744 3425 4799 Deo

1844 4860 1998 4925 grata
2024 4851 2256 4906 consilia
2289 4857 2343 4904 et
2377 4844 2928 4916 contemplationem.

1916 5118 1970 5171 8.
1996 5114 2129 5168 Nam
2166 5113 2420 5184 quoniam
2450 5110 2581 5165 illud
2615 5108 2783 5165 divini
2819 5105 3041 5162 Davidis
3073 5101 3418 5174 singulariter

1845 5217 1900 5261 et
1925 5208 2100 5262 solum
2131 5221 2252 5261 esse
2278 5204 2435 5259 valde
2464 5201 2913 5272 amplectebatur,
2945 5196 3214 5252 adversus
3246 5193 3298 5248 id
3324 5207 3424 5245 au-

1846 5309 1951 5354 tem
1980 5297 2345 5352 contendebat
2381 5294 2686 5365 benignitas
2712 5292 3048 5346 voluntatem
3079 5287 3381 5358 reprimens
3407 5326 3421 5348 ,

1847 5391 2056 5461 Optimo
2088 5397 2142 5443 et
2175 5387 2428 5457 prudenti
2471 5384 2705 5440 consilio
2736 5392 3032 5452 utrumque
3070 5389 3218 5434 recte
3244 5377 3425 5431 admi-

1852 5481 2073 5536 nistrat.
2107 5479 2243 5533 Nam
2284 5493 2409 5533 cum
2472 5478 2660 5541 sciret,
2717 5491 2969 5531 seorsum
3017 5472 3238 5545 quidem
3282 5486 3427 5547 esse,

1850 5574 2021 5627 tutius
2043 5578 2097 5626 et
2120 5571 2293 5640 magis
2323 5569 2735 5640 perturbatione
2767 5583 3027 5633 vacuum,
3051 5585 3079 5621 a
3105 5562 3295 5619 multis
3325 5579 3422 5616 au-

1849 5672 1955 5718 tem
1990 5662 2041 5716 id
2068 5661 2373 5717 exlstimari
2420 5678 2528 5715 non
2573 5676 2763 5715 carere
2798 5660 2937 5714 fastu
2978 5667 3031 5713 ct
3074 5656 3422 5729 arrogantia.

1852 5753 1946 5812 sed
1983 5754 2059 5811 uti
2088 5754 2383 5812 multorum
2413 5752 2811 5810 consuetudine
2850 5760 2904 5808 et
2943 5766 3003 5808 se
3038 5751 3119 5807 eis
3179 5762 3425 5804 commuv
