3952 6210
484 252 596 319 243
1742 247 1933 307 LEON
1944 248 2014 306 IS
2050 250 2053 295 ἐ

2148 247 2179 305 Li
2191 245 2504 307 LOSOPHI
3627 249 3745 312 244

489 364 703 430 nicare,
732 360 1108 417 turbulentum
1164 357 1384 429 quidem
1425 364 1479 411 et
1527 356 1913 427 periculosius,
1966 356 2053 410 sed

2165 361 2278 424 τοῖς
2326 360 2493 412 πᾶσιν
2540 359 3052 431 ἀναστρεφόμενος,
3105 359 3191 413 ῐνα
3236 361 3481 432 κερδήσῃ
3532 363 3747 429 πάντας

487 469 599 508 non
641 466 827 507 carere
857 448 1106 503 mercede
1129 458 1183 503 et
1207 449 1457 509 utilitate,
1484 445 1887 515 sapientissime
1914 455 2053 498 utra-

2168 449 2380 511 Παῦλος
2410 444 2562 513 οὗτος
2585 451 2613 503 6
2644 450 2784 514 νέος,
2820 448 2852 520 ἢ
2885 449 3164 512 πλείονας⁶
3196 450 3287 504 ὅτε
3332 450 3391 503 δὲ
3431 452 3749 521 ἰδιαζόντως

491 544 598 616 que
629 543 968 608 commiscet,
1027 540 1319 609 aliquando
1353 538 1570 609 quidem
1644 546 1895 593 versatus
1938 553 2053 594 cum

2166 539 2243 609 τῷ
2276 540 2457 610 γνόφῳ
2508 540 2913 612 κρυπτόμενος,
2949 540 3043 593 καὶ
3090 540 3345 610 καθαρῶς
3392 541 3469 610 τῷ
3517 543 3749 614 καθαρῷ

489 636 764 697 omnibus,
796 641 855 689 ut
887 647 1080 694 omnes
1126 629 1480 687 iucrii‘aceret
1509 630 1551 659 "
1590 628 1796 684 Paulus
1827 629 1916 682 hic
1964 643 2063 681 no-

492 741 615 792 vus,
638 735 731 781 aut
759 724 1110 799 complures;
1142 719 1439 791 aliquando
1469 728 1650 778 autem
1686 735 1936 777 seorsum
1987 718 2065 773 la—

490 829 612 873 tens
646 818 700 877 in
729 815 985 885 caligine,
1012 822 1065 867 et
1123 826 1294 881 purus
1334 826 1461 865 cum
1524 827 1663 882 puro
1712 822 1964 866 versatus
1996 810 2063 881 “,

488 925 667 967 novus
701 908 933 979 Moyses,
983 905 1292 965 animarum
1323 910 1376 956 et
1404 904 1687 968 mentium,
1733 918 1855 979 quae
1892 902 2058 956 Deum

486 1001 693 1063 vident,
734 997 1015 1066 legislator
1042 1003 1097 1057 et
1129 994 1260 1048 dux.
1297 993 1435 1047 Hinc
1465 1009 1590 1047 cum
1645 1008 1798 1055 amor
1838 992 2061 1047 divinus

486 1097 817 1157 superasset,
854 1087 902 1142 is
934 1100 1189 1159 magnum
1229 1085 1374 1138 hunc
1398 1084 1793 1139 decertatorem
1829 1082 2059 1138 deducit

485 1180 551 1233 ad
578 1179 868 1249 quamdam
900 1179 1216 1247 speluncam
1260 1174 1633 1240 habitandam,
1668 1175 1724 1227 in
1766 1189 1874 1249 qua
1904 1174 2058 1226 bien-

485 1268 635 1322 nium
666 1268 936 1325 insomnis
985 1266 1103 1320 fere
1137 1281 1427 1335 peragens,
1462 1265 1662 1319 divinze
1694 1266 2053 1321 scrutabatur

486 1356 808 1426 Scripturae,
837 1366 945 1417 tam
978 1357 1181 1410 veteris
1212 1371 1374 1425 quam
1409 1371 1583 1422 novae,
1614 1372 1736 1426 quzu
1768 1366 1895 1411 sunt
1931 1371 2059 1425 pro-

485 1445 837 1501 fundissima.
891 1447 1026 1500 Cum
1060 1455 1241 1500 autem
1285 1447 1455 1501 robur
1506 1448 1753 1516 corporis
1793 1448 2057 1501 voluntati

484 1538 680 1591 anima:
709 1551 815 1590 non
835 1535 1162 1599 suii‘ecisset,
1194 1537 1337 1590 imus
1363 1545 1549 1589 venter
1578 1544 1756 1590 morte
1778 1535 2013 1589 aiiicitur
2038 1554 2053 1605 ;

482 1637 537 1679 et
552 1641 678 1683 cum
710 1628 935 1682 haberet
964 1642 1123 1681 renes
1152 1626 1352 1695 frigore
1381 1628 1679 1690 sauciatos,
1710 1637 1965 1697 tanquam
2000 1628 2052 1681 in

2167 632 2550 701 συγγινόμενος
2601 633 2629 685 6
2662 630 2779 693 νέος
2829 630 3089 699 Μωῦσῆς,
3140 632 3169 683 6
3221 630 3409 700 ψυχῶν
3457 633 3552 686 καὶ
3604 635 3749 691 νόων

2162 722 2413 792 ὁρώντων
2444 722 2575 774 Θεὸν
2600 720 2897 792 νομοθέτης
2932 720 3025 775 καὶ
3051 720 3241 789 όδηγδς
3273 722 3365 775 καὶ
3390 721 3747 793 δημαγωγός.

2176 810 2457 866 Ἐντεῦθεν
2481 814 2508 865 ό
2537 812 2676 875 θεῖος
2698 812 2837 881 ἔρως
2869 811 3262 881 ύπερνικήσας,
3289 811 3412 879 ἄγει
3438 815 3524 865 τὸν
3564 816 3750 883 μέγαν

2161 906 2349 957 τοῦτον
2373 905 2678 972 ἀγωνιστὴν
2702 904 2779 966 εῐς
2808 919 2952 965 τινος
2992 902 3259 973 σπηλαίου
3294 902 3610 973 κατοίκησιν
3629 923 3645 936 ’
3682 907 3748 963 ἐν

2159 991 2204 1065 ᾧ
2224 998 2370 1065 διετῆ
2398 995 2587 1067 χρόνον
2625 994 2829 1057 ἇῦπνος
2874 993 3070 1065 μικροῦ
3101 993 3383 1059 διανύσας,
3407 994 3609 1064 ἡρεύνα
3635 997 3750 1066 τῆς

2162 1084 2310 1146 θείας
2340 1085 2581 1153 Γραφῆς,
2610 1085 2816 1151 Καινῆς
2836 1100 2896 1139 τε
2927 1084 3024 1138 καὶ
3058 1083 3323 1146 Παλαιᾶς,
3342 1082 3410 1140 τὰ
3440 1083 3745 1153 βαθύτατα.

2160 1175 2265 1229 Τοῦ
2306 1175 2361 1227 δὲ
2421 1158 2738 1245 σωματικοῦ
2777 1173 2932 1225 τόνου
2960 1172 3038 1247 τῷ
3087 1172 3306 1244 ψυχικῷ
3353 1174 3619 1249 προθύμῳ
3665 1177 3748 1249 μή

2160 1264 2587 1337 ἐπαρκέσαντος,
2636 1262 2925 1333 νεκροῦται
2972 1260 3039 1315 τὰ
3086 1262 3451 1333 ὑπογάστρια,
3480 1265 3574 1316 καὶ
3608 1267 3746 1327 τοὺς

2158 1354 2390 1422 νεφροὺς
2422 1351 2500 1420 τῷ
2546 1352 2704 1429 κρύει
2754 1350 3206 1425 τραυματισθεὶς,
3256 1351 3509 1421 καθάπερ
3545 1351 3742 1422 λιμένα

2158 1444 2569 1514 καταλαμϐάνει
2600 1446 2699 1513 τήν
2730 1442 3048 1511 Ἀντιοχέων
3090 1440 3407 1517 ἐκκλησίαν.
3450 1437 3585 1495 Εἶτα
3622 1459 3741 1513 χει-

2160 1537 2455 1607 ροτονεῖται
2475 1534 2739 1595 διάκονος.
2767 1534 2854 1587 Ἐν
2873 1527 2955 1594 οἷς
2977 1532 3297 1603 διαπρέπων
3322 1532 3416 1584 ἐπὶ
3440 1531 3587 1587 ἔτεσι
3606 1534 3743 1591 πέν-

2156 1643 2238 1691 τε,
2276 1625 2403 1687 τοὺς
2434 1625 2560 1693 περὶ
2582 1622 2900 1698 ἱερωσύνης,
2933 1624 3058 1688 τοὺς
3082 1624 3217 1693 πρὸς
3247 1623 3564 1701 Σταγείριον
3586 1627 3741 1701 τρεῖς

484 1725 702 1785 portum
736 1716 886 1770 venit
932 1717 997 1770 ad
1046 1716 1337 1771 ecclesiam
1397 1716 1815 1771 Antiochenam.
1853 1716 2053 1771 Deinde

2154 1715 2370 1786 λόγους,
2404 1715 2527 1775 τοὺς
2545 1730 2609 1765 πε
2618 1716 2670 1784 pi
2691 1713 3097 1787 ἀκαταλήπτου,
3123 1713 3217 1766 καὶ
3237 1712 3377 1784 πρός
3402 1714 3740 1783 ’Δνομοίους,

481 1806 771 1859 ordinatur
797 1806 1087 1861 diaconus.
1118 1807 1238 1872 Quo
1262 1806 1317 1861 in
1347 1807 1541 1862 ordine
1580 1823 1640 1862 se
1668 1808 1911 1876 quinque
1953 1824 2054 1860 an-

2160 1804 2244 1858 ἔτι
2270 1822 2329 1858 τε
2359 1806 2486 1868 τοὺς
2533 1806 2661 1879 περὶ
2696 1804 3063 1863 συνεισάκτων
3093 1805 3153 1879 ἒξ
3185 1804 3514 1869 συνετάξατο
3543 1805 3741 1873 λόγους

483 1910 587 1949 nos
617 1898 878 1966 praeclare
912 1913 1129 1966 gerens,
1160 1899 1383 1968 scripsit
1406 1914 1500 1953 sex
1533 1899 1703 1954 libros
1741 1898 1815 1955 De
1844 1900 2173 1954 sacerdotio.
2214 1907 2327 1952 tres
2360 1897 2425 1951 ad
2477 1897 2797 1967 Stagirium,
2825 1898 2919 1973 qui
2970 1906 3101 1955 sunt
3141 1896 3393 1969 inscripti
3423 1897 3490 1960 de
3518 1897 3741 1951 incom-

482 1988 836 2057 prehensibili
904 1997 959 2043 et
1022 1988 1088 2042 ad
1151 1990 1468 2055 Anommos,
1533 1998 1587 2044 et
1641 2005 1733 2045 se:
1789 1997 2049 2062 pmterea
2076 1989 2145 2044 de
2172 1988 2588 2044 iutroductitiis.

554 2079 607 2141 9.
642 2079 749 2133 bed
781 2079 891 2148 jam
918 2078 984 2131 ad
1011 2078 1193 2148 magni
1214 2076 1441 2133 Joannis
1465 2080 1518 2131 in
1546 2080 1925 2153 presbyterum
1965 2094 2061 2133 or-

480 2171 823 2233 dinationem
871 2184 971 2224 nos
1018 2184 1224 2223 vocans
1258 2170 1457 2235 oratio,
1520 2170 1741 2223 modum
1792 2170 2061 2231 enuntiet.

481 2264 618 2323 Cum
640 2259 1117 2331 Constantinopoli
1154 2268 1407 2315 mortuus
1459 2269 1609 2319 esset
1651 2259 1925 2325 Meletius,
1967 2260 2058 2329 qui

481 2367 551 2407 eo
588 2358 810 2407 venerat
834 2350 899 2405 ad
929 2350 1377 2403 constituendum
1414 2365 1673 2418 magnum
1731 2349 1861 2404 illud
1897 2351 2062 2403 lumi-

484 2456 643 2505 nare,
671 2444 884 2509 'nempe
930 2438 1253 2509 Gregorium
1300 2447 1662 2507 cognomento
1696 2437 2056 2509 Theologum,

481 2528 777 2584 Flavianus
826 2528 1042 2584 Meletio
1090 2529 1337 2582 succedit
1395 2528 1722 2583 Antiochia.
1778 2530 1830 2586 is
1877 2542 2058 2585 autem

480 2637 609 2677 cum
638 2622 910 2691 vigilaret,
936 2628 996 2673 ut
1027 2628 1417 2683 consueverat,
1451 2621 1688 2689 quadam
1722 2630 1887 2677 nocte
1910 2623 2061 2676 videt

479 2711 725 2766 divinum
757 2710 1074 2764 accessisse
1127 2710 1414 2780 angelum,
1445 2708 1537 2780 qui
1579 2712 1628 2764 ei
1653 2711 1881 2779 jubebat
1910 2712 2059 2766 ordi-

479 2818 616 2861 nare
671 2801 965 2868 Joannem,
1013 2799 1205 2856 dicens
1248 2801 1494 2855 futurum
1533 2800 1801 2865 Joannem
1842 2819 2051 2857 novum

478 2909 576 2948 vas
603 2892 887 2955 electionis
917 2912 930 2946 :
964 2891 1125 2957 Ecce,
1150 2890 1365 2954 dicens,
1392 2907 1493 2962 ego
1510 2892 1558 2946 ei
1593 2893 1660 2948 de
1692 2893 1795 2946 hoc
1823 2895 2054 2956 manda-

480 2994 596 3036 tum
627 2983 788 3046 dabo,
817 2991 871 3037 et
906 2980 1143 3039 obediet.
1168 2981 1249 3035 Ad
1281 2997 1443 3051 quem
1477 2983 1695 3053 quidem
1721 2999 1845 3037 cum
1871 2999 2057 3038 acces-

479 3084 642 3128 sisset
670 3075 917 3145 angelus,
940 3074 989 3129 ei
1018 3075 1330 3142 mandavit;
1366 3076 1520 3145 prius
1573 3076 1819 3131 narravit
1847 3076 2055 3142 futura,

476 3174 535 3220 et
563 3180 902 3235 quaecunque
932 3182 1029 3236 par
1061 3175 1147 3222 est
1196 3166 1381 3224 facere
1412 3185 1538 3229 eum
1581 3168 1676 3238 qui
1734 3168 1954 3225 divinus
1985 3170 2058 3225 sit

478 3256 752 3310 minister.
787 3254 851 3310 Et
873 3266 932 3310 ut
966 3259 1214 3331 pluribus
1237 3260 1625 3329 prietermissis
1662 3260 1846 3315 veniat
1876 3260 2056 3313 oratio

478 3343 546 3398 ad
572 3343 622 3397 id
654 3345 797 3415 quod
830 3355 916 3401 est
954 3348 1190 3404 maxime
1236 3349 1510 3414 mirabile,
1538 3348 1643 3403 hoc
1694 3348 1882 3403 faciat.
1917 3350 2052 3403 Cum

477 3422 711 3503 magnus
741 3444 794 3489 et
826 3436 1002 3491 hostia
1032 3445 1088 3491 et
1120 3437 1365 3507 pontifex
1396 3435 1558 3494 Jesus
1588 3439 1841 3495 Christus
1872 3437 2047 3492 Filius

477 3521 575 3578 Dei
606 3525 708 3580 mei
735 3527 893 3594 aquis
943 3536 1295 3598 purgaretur,
1333 3527 1495 3583 Pater
1538 3541 1785 3600 apparet,
1835 3532 1903 3585 ab
1942 3531 2055 3585 aito

475 3629 612 3669 voce
642 3617 939 3673 testilicaus
958 3634 1080 3672 eum
1104 3634 1421 3688 germanum
1450 3636 1571 3675 esse
1590 3622 1806 3686 Filium,
1837 3631 1890 3676 et
1926 3622 2052 3692 Spi-

480 3706 625 3758 ritus
648 3704 702 3757 in
735 3705 1005 3761 columba:
1040 3708 1225 3781 specie
1251 3708 1295 3741 “
1336 3725 1522 3764 vocem
1558 3712 1705 3764 illam
1734 3711 2049 3766 confirmat.

476 3790 545 3845 Et
572 3792 697 3847 licet
718 3794 882 3848 alicui
910 3795 1087 3849 audax
1117 3795 1368 3851 videatur
1395 3800 1572 3853 oratio
1596 3812 1818 3869 propter
1840 3819 1902 3857 ea
1932 3821 2053 3874 quae

476 3883 644 3944 audet
670 3882 1214 3953 dicerejuvenilitcr,
1246 3887 1336 3940 illa
1371 3891 1731 3958 proponimus
1766 3893 1833 3946 ad
1866 3910 2051 3949 recor-

475 3973 775 4032 dationem.
834 3975 1092 4042 Qnmnam
1114 3978 1138 4030 ?
1161 3979 1319 4040 illud,
1384 3978 1494 4049 Ego
1529 3982 1667 4045 dixi,
1697 3982 1788 4036 Dii
1817 3986 1964 4050 estis,
1996 3995 2052 4038 et

476 4066 611 4121 illud
648 4084 864 4130 rursus,
921 4068 967 4121 si
1004 4068 1172 4122 vultis
1207 4087 1219 4121 :
1252 4079 1300 4122 et
1335 4070 1435 4136 ﬁlii
1475 4073 1744 4125 Altissimi
1768 4089 1945 4128 oumes
1975 4076 2046 4139 ¹⁸ς

475 4164 532 4213 et
557 4168 683 4211 ante
714 4174 803 4222 ea,
827 4160 1054 4212 verbum
1090 4160 1233 4228 quod
1276 4170 1361 4214 est
1397 4179 1411 4214 :
1445 4162 1514 4213 ad
1545 4163 1828 4232 imaginem
1881 4174 1931 4219 et
1976 4168 2049 4220 si-

2233 2073 2297 2129 0'.
2336 2076 2477 2128 Ἀλλ’
2511 2077 2611 2147 ῆδη
2641 2075 2734 2129 καὶ
2760 2073 2895 2143 πρὸς
2918 2072 3016 2143 τὴν
3042 2072 3137 2125 τοῦ
3168 2072 3531 2144 πρεσϐυτέρου
3554 2090 3739 2143 χειρο-

2159 2168 2338 2227 τονίαν
2399 2168 2493 2220 τοῦ
2543 2167 2780 2239 μεγάλου
2831 2165 3077 2219 Ἰωάννου
3127 2165 3627 2235 προσκαλουμένου,
3706 2167 3742 2219 6

2158 2260 2316 2327 λόγος
2347 2259 2437 2311 τὸν
2481 2258 2683 2328 τρόπον
2730 2256 3142 2325 άπαγγειλάτω.
3174 2256 3266 2309 Ἐν
3299 2258 3740 2310 Κωνσταντινου-

2160 2351 2310 2405 πόλει
2363 2351 2785 2421 τελευτήσαντος
2848 2347 3135 2409 Μελετίου,
3187 2351 3629 2417 παραγεγονότος
3679 2350 3741 2401 ἐν

2162 2442 2299 2511 αὐτῇ
2330 2441 2450 2493 τότε
2503 2441 2664 2509 χάριν
2702 2440 2802 2507 τῆς
2836 2438 2931 2490 τοῦ
2981 2437 3218 2506 μεγάλου
3273 2438 3595 2507 λαμπτῆρος
3637 2456 3741 2492 κα-

2158 2532 2472 2594 ταστάσεως
2526 2530 2851 2601 Γρηγορίου,
2900 2523 2944 2595 ᾧ
2997 2528 3286 2596 ἐπώνυμον
3337 2530 3371 2597 ή
3426 2528 3521 2581 τοῦ
3574 2529 3739 2597 λόγου

2160 2622 2394 2694 θειότης,
2421 2622 2718 2697 Φλαόιανὸς
2751 2624 2807 2673 ὲν
2838 2624 2904 2690 τῇ
2929 2620 3248 2689 Ἀντιοχέων
3279 2620 3540 2673 Μελέτιον
3563 2621 3743 2674 διαδέ-

2159 2728 2334 2779 χεται.
2361 2704 2530 2772 Οὗτος
2556 2710 2613 2762 δὲ
2648 2708 2895 2779 συνήθως
2927 2708 3319 2777 ὲπαγρυπνῶν,
3352 2709 3409 2761 ὲν
3457 2711 3559 2779 μιᾷ
3580 2711 3743 2762 νυκτὶ

2161 2802 2305 2858 θεῖον
2356 2803 2460 2872 ὁρᾷ
2514 2801 2956 2872 παραγενόμενον
3000 2799 3266 2873 ἄγγελον,
3316 2799 3743 2870 ἐγκελευόμενον

2162 2892 2311 2962 αὐτῷ
2331 2891 2708 2966 χειροτονῆσαι
2730 2891 2822 2944 τὸν
2850 2891 3126 2960 Ἰωάννην,
3151 2890 3269 2944 νέον
3294 2890 3521 2961 ἐκλογῆς
3543 2890 3742 2955 σκεῦος

2162 2982 2385 3053 λέγοντα
2417 2982 2492 3044 ὡς
2523 2982 2673 3034 ἔσται
2704 2982 2992 3050 Ἰωάννης*
3016 2982 3110 3035 καὶ
3144 2981 3227 3043 ὅτι
3261 2980 3391 3034 Ἰδοὺ
3420 2982 3743 3051 ἐντέλλομαι

2160 3074 2256 3129 καὶ
2283 3071 2429 3143 αὑτῷ
2460 3072 2589 3143 περὶ
2623 3070 2835 3137 τούτου,
2865 3071 2961 3125 καὶ
3001 3069 3392 3124 ὑπακούσεται.
3422 3070 3544 3142 Ἐφ’
3585 3072 3647 3124 ὃν
3671 3073 3743 3144 δὴ

2157 3161 2549 3241 παραγεγονὼς
2570 3162 2599 3213 6
2627 3162 2857 3239 ἄγγελος
2882 3161 3206 3227 ἐνετέλλετο,
3236 3162 3580 3233 προδιηγεῖτο
3604 3161 3744 3233 μέλ-

2155 3253 2337 3318 λοιτα,
2373 3254 2469 3313 καὶ
2496 3254 2598 3315 ὅσα
2631 3254 2776 3315 εἰκὸς
2804 3252 2895 3305 τὸν
2925 3252 3068 3306 θεῖον
3100 3252 3273 3305 εἰπὼν
3308 3252 3741 3323 διακονήσασθαι

2155 3343 2491 3419 λειτουργόν.
2518 3344 2630 3397 Καὶ
2657 3344 2744 3403 ἴνα
2770 3343 2838 3396 τά
2864 3343 3093 3398 πλεῖστα
3117 3342 3489 3416 παραδραμὼν
3516 3346 3544 3397 6
3574 3345 3742 3412 λόγος

2158 3435 2295 3505 πρδς
2352 3435 2413 3489 τὸ
2472 3434 2919 3505 θαυμασιώτερον
2982 3434 3248 3506 γένηται*
3308 3432 3467 3488 τοῦτο
3517 3434 3583 3505 δὴ
3640 3437 3741 3489 καὶ

2157 3527 2399 3580 ποιείτω.
2432 3525 2539 3579 Τοῦ
2587 3526 2826 3597 μεγάλου
2869 3526 2965 3579 καὶ
3016 3526 3255 3596 θύματος
3306 3526 3399 3578 καὶ
3429 3525 3740 3596 ἀρχιερέως

2155 3618 2332 3689 Ἰησοῦ
2364 3616 2602 3689 Χριστοῦ
2632 3600 2726 3670 τοῦ
2778 3616 2895 3669 υἱοῦ
2922 3617 3013 3669 τοῦ
3042 3616 3177 3669 Θεοῦ
3217 3615 3353 3685 ἐμοῦ
3394 3616 3733 3687 καθαιρομέ-

2155 3729 2247 3763 νου
2294 3712 2406 3773 rei;
2444 3708 2654 3773 ὕδασιν,
2686 3711 2713 3761 6
2741 3708 2929 3779 Πατὴρ
2980 3708 3187 3762 ἄνωθεν
3230 3709 3381 3777 φωνῇ
3435 3706 3741 3777 μαρτυρῶν

2154 3802 2231 3873 τῷ
2263 3802 2377 3873 Υίῷ
2409 3801 2468 3854 τὸ
2497 3802 2720 3872 γνήσιον
2766 3800 3143 3866 ἐπιφαίνεται·
3189 3799 3285 3851 καὶ
3312 3800 3648 3869 περιστερᾶς
3674 3800 3738 3854 ἐν

2154 3895 2280 3946 εἴδει
2317 3894 2376 3947 τὸ
2405 3876 2626 3963 Πνεῦμα
2655 3891 2716 3944 τὸ
2740 3892 2978 3960 ἀσφαλὲς
3017 3891 3230 3959 βεϐαιοῖ
3262 3890 3588 3965 τῆςφωνῆς.
3619 3891 3739 3945 Καὶ

2152 3984 2201 4035 εί
2250 3982 2521 4052 τολμηρὸς
2551 3984 2578 4034 ό
2621 3981 2800 4049 λόγος,
2849 3981 2933 4050 ἐφ’
2965 3976 3047 4043 οἷς
3078 3982 3177 4050 ’ήδη
3220 3980 3494 4051 τολμῆσαι
3545 3997 3737 4033 νεανι-

2152 4072 2356 4137 εύεται,
2390 4074 2573 4125 ὶκεῖνα
2598 4074 2927 4143 προτίθεμεν
2961 4074 3040 4135 εἰς
3062 4073 3390 4144 ἀνάμνησιν.
3423 4072 3592 4137 ﬂora;
3628 4072 3731 4136 Τὸ,

2152 4162 2295 4231 Ἐγὼ
2314 4163 2451 4219 εἶπα
2469 4179 2482 4191 ·
2516 4164 2649 4216 Θεοί
2670 4165 2841 4227 ἐστε,
2865 4164 2959 4216 καὶ
2994 4163 3073 4228 τὸ,
3102 4164 3151 4215 εί
3182 4163 3360 4227 θέλετε
3386 4162 3548 4227 πάλιν
3575 4203 3591 4226 ,
3627 4162 3733 4215 καὶ

477 4249 831 4304 militudincm
858 4251 936 4312 ¹⁶;
975 4259 1029 4303 ct
1056 4265 1397 4321 quaecunque
1437 4253 1503 4306 ad
1540 4254 1799 4308 honorum
1832 4272 2044 4320 eorum,

2152 4256 2270 4310 υἱοὶ
2317 4256 2601 4323 Ὑψίστου
2638 4255 2863 4321 πάντες
2883 4272 2897 4285 '
2930 4256 3027 4317 καὶ
3058 4255 3163 4325 πρὸ
3193 4254 3414 4319 τούτων,
3446 4256 3554 4317 τὸν
3596 4253 3733 4306 κατ’

475 4338 567 4408 qui
597 4349 820 4393 servant
858 4355 981 4410 qua:
1009 4350 1137 4395 sunt
1191 4342 1469 4413 imaginis,
1526 4346 1748 4413 cepiosa
1807 4347 2052 4414 providit

473 4430 681 4500 gratia.
733 4430 865 4493 Mihi
898 4442 1081 4498 autem
1115 4434 1204 4487 hic
1249 4451 1485 4505 lquoque
1543 4437 1852 4494 considera.
1912 4439 2048 4495 Cum

475 4522 644 4592 igitur
661 4524 879 4579 adesset
909 4526 1043 4585 hora
1071 4522 1458 4590 ordinationis,
1487 4539 1541 4583 et
1572 4532 1919 4587 incruentum
1949 4549 2047 4601 pe-

474 4626 758 4686 rageretur
803 4614 1154 4679 sacriﬁcium,
1194 4628 1247 4671 et
1277 4618 1508 4674 inlerius
1546 4621 1835 4676 assisterct
1862 4625 2049 4678 multi-

474 4707 607 4765 tudo
635 4706 1076 4773 innumerabilis,
1102 4717 1155 4762 et
1183 4711 1360 4781 angeli
1390 4711 1629 4781 desuper
1672 4715 2043 4779 intuerentur,

473 4813 695 4853 manum
729 4799 1043 4869 imponeute
1068 4801 1330 4871 episcopo
1360 4812 1415 4856 et
1450 4820 1641 4874 preces
1669 4807 1886 4862 dicente
1914 4821 2045 4860 con-

475 4900 684 4955 suetas,
737 4892 943 4946 dicitur
990 4893 1192 4947 factum
1225 4910 1350 4951 esse
1380 4895 1515 4951 illud
1554 4900 1787 4954 maxime
1844 4916 2047 4955 novum

474 4981 872 5048 spectaculum.
926 4982 1059 5039 Alba
1139 4985 1396 5040 columba
1460 4996 1687 5058 repente
1757 4989 2046 5056 devoiaus,

472 5071 749 5151 quomodo
776 5072 889 5137 illic
916 5089 1087 5144 supra
1115 5074 1304 5135 Jesum
1345 5093 1524 5135 meum
1548 5089 1604 5133 et
1629 5079 1819 5148 Deum,
1850 5083 1902 5136 in
1933 5083 2037 5141 ho-

473 5178 661 5217 norem
691 5162 830 5234 ejus,
865 5164 953 5217 cui
990 5181 1186 5227 manus
1238 5168 1328 5223 hic
1390 5169 1835 5246 imponebantur,
1893 5176 2045 5233 stetit

472 5270 636 5324 supra
672 5256 793 5325 ejus
838 5266 1026 5329 caput.
1062 5260 1177 5313 Hoc
1208 5260 1572 5315 admiratione
1612 5264 1836 5334 quidem
1884 5265 2047 5319 allicit

472 5355 527 5399 et
558 5347 854 5416 stupefacit
894 5364 1010 5416 eos,
1051 5351 1146 5421 qui
1177 5362 1306 5411 tunc
1342 5354 1593 5414 aderant,
1624 5355 1789 5409 simul
1815 5357 2045 5412 attrahit

472 5446 654 5491 autem
700 5453 798 5493 eos
840 5454 1060 5511 quoque
1109 5445 1200 5519 qui
1248 5445 1500 5502 audiunt.
1543 5446 1863 5504 Admiratur
1923 5449 2045 5507 uni.

472 5542 656 5597 versa,
698 5546 805 5583 non
843 5530 1021 5584 solum
1065 5550 1186 5603 qua:
1226 5536 1543 5593 circumsita
1593 5551 1675 5594 est
1728 5541 1898 5611 regio,
1953 5543 2046 5605 scd

472 5619 639 5675 ctiam
674 5622 932 5676 universa
963 5640 1083 5692 qua:
1110 5634 1264 5679 extra
1298 5628 1433 5683 lines
1463 5640 1548 5685 est
1586 5632 1766 5703 Syria.
1805 5633 1897 5688 Sic
1930 5650 2049 5689 om-

549 5711 642 5766 "l
684 5712 811 5766 Cor.
846 5728 924 5779 ix,
957 5712 1041 5771 l9.
1122 5718 1163 5748 ’³
1190 5714 1361 5773 Exod.
1397 5735 1485 5785 xx,
1519 5721 1606 5775 Eii.

2148 4347 2355 4399 εἰκόνα
2382 4345 2539 4414 λόγον
2567 4345 2665 4407 καὶ
2699 4348 2824 4399 καθ’
2847 4346 3134 4415 ὁμοίωσιν
3155 4361 3172 4377 ’
3201 4344 3295 4397 καὶ
3320 4346 3421 4396 ὅσα
3450 4346 3532 4407 είς
3559 4344 3735 4414 τιμήν

2147 4437 2257 4490 τῶν
2304 4437 2688 4509 φυλασσόντων
2731 4438 2799 4491 τὰ
2828 4438 2924 4506 τῆς
2974 4438 3182 4501 εἰκόνος
3224 4439 3256 4507 ή
3304 4436 3536 4505 ἄφθονος
3566 4436 3735 4505 χάρις

2148 4529 2556 4607 ᾠκονομήσατο,
2584 4529 2784 4591 Σκόπει
2821 4546 2911 4607 μοι
2939 4528 3004 4597 δὴ
3046 4527 3346 4589 κάνταῦθα.
3380 4528 3512 4591 Ὅτε
3542 4528 3730 4580 τοίνυν

2146 4623 2180 4689 ή
2212 4620 2329 4693 ὥρα
2364 4622 2546 4696 παρῆν
2573 4620 2671 4689 τῆς
2701 4619 3058 4699 χειροτονίας,
3094 4619 3193 4700 τῆς
3238 4619 3577 4687 ἀναιμάκτου
3627 4618 3728 4670 θυ-

2151 4712 2272 4778 σίας
2302 4712 2655 4787 τελουμένης,
2702 4712 2941 4789 πλήθους
2969 4710 3200 4781 ἀπείρου
3258 4710 3410 4771 κάτω
3443 4725 3734 4780 παρεστηο

2148 4804 2326 4866 κότος,
2357 4803 2561 4861 ἄνωθεν
2592 4803 2843 4877 ἀγγέλων
2879 4801 3344 4865 ἐπισκοπούντων,
3384 4800 3477 4855 τοῦ
3502 4802 3734 4863 ἐπισκό-

2148 4914 2253 4950 που
2299 4894 2674 4967 χειρωθέντος,
2702 4894 2796 4955 zeal
2824 4893 2923 4964 τὴν
2962 4892 3168 4965 συνήθη
3203 4892 3483 4955 ποιοῦντος
3536 4892 3733 4962 εὐχὴν,

2147 4988 2207 5041 τὸ
2226 4987 2544 5041 καινότατον
2568 4988 2745 5040 ἐκεῖνο
2770 4987 3048 5053 γεγονέναι
3078 4987 3261 5055 θέαμα
3284 4986 3503 5053 λέγεται
3520 5001 3538 5019 ο
3570 4985 3737 5052 ἄφνω

2149 5077 2453 5150 περιστερὰ
2481 5076 2647 5149 λευκὴ
2679 5078 3029 5141 καταπτᾶσα,
3056 5077 3310 5157 καθάπερ
3351 5079 3468 5130 ἐκεῖ
3500 5072 3597 5139 ἐπὶ
3633 5074 3735 5129 τοῦ

2152 5168 2290 5241 ἐμοῦ
2318 5169 2494 5245 Ἰησοῦ
2536 5170 2629 5223 καὶ
2658 5168 2815 5235 Θεοῦ,
2848 5170 2929 5231 είς
2968 5169 3135 5239 τιμὴν
3172 5168 3267 5223 τοῦ
3307 5168 3700 5239 χειροθετουμέ

2153 5280 2267 5335 νου,
2317 5262 2447 5331 ἔστη
2482 5260 2625 5329 ὑπὲρ
2668 5261 2766 5330 τῆς
2800 5259 2966 5319 αὐτοῦ
3016 5261 3282 5329 κεφαλῆς.
3316 5259 3487 5312 Τοῦτο
3527 5256 3734 5327 θαμὸει

2154 5354 2256 5433 μὲν
2311 5355 2437 5421 τοὺς
2478 5353 2601 5406 τότε
2665 5352 2940 5423 παρόντας
2988 5352 3361 5427 θεασαμένους
3406 5352 3501 5403 καὶ
3550 5367 3733 5402 καταο

2152 5450 2396 5519 πλήττει,
2432 5447 2675 5507 συνέλκει
2705 5447 2759 5499 δὲ
2780 5447 2905 5509 τοὺς
2930 5446 3246 5507 ἀκούοντας.
3271 5442 3550 5514 Θαυμάζει
3573 5443 3732 5494 πᾶσα

2153 5542 2215 5593 ού
2250 5540 2407 5610 μόνον
2438 5542 2469 5612 ή
2516 5540 2842 5610 περίχωρος,
2870 5538 3007 5593 ἀλλὰ
3038 5538 3129 5590 καὶ
3169 5538 3202 5608 ή
3238 5534 3527 5605 ὑπερόριος
3574 5534 3732 5586 πᾶσα

2157 5630 2346 5702 Συρία.
2374 5632 2598 5684 Ἰ-ὶθεντο
2622 5632 2814 5691 πάντες
2846 5632 2901 5683 ὲν
2928 5632 2992 5702 τῇ
3023 5628 3213 5705 καρδίᾳ
3241 5623 3730 5693 ταῦτα,λέγοντες’

1694 5724 1735 5754 ’³
1775 5722 1967 5787 Matth.
2005 5738 2085 5789 in,
2133 5726 2213 5781 l6.
2294 5726 2335 5756 ¹³
2370 5725 2513 5795 Psal.
2552 5737 2735 5787 Lxxxr,
2772 5720 2823 5773 6.
2907 5722 2949 5753 ’⁸
2976 5720 3107 5777 Gen.
3151 5735 3185 5786 l,
3213 5716 3302 5770 26.
