4070 6206
313 276 422 343 245

992 276 1277 338 ORATIO
1301 280 1519 342 XVIII.
1563 306 1633 320 -
1658 282 2046 345 LAUDATIO
2077 283 2137 344 S.
2188 282 2429 344 JOANN
2442 286 2508 345 IS
2544 287 2953 347 CHRYSOS'I‘.

3411 260 3589 347 ista

316 369 382 418 Τί
416 367 527 436 ἄρα
565 365 722 420 ἔσται
760 364 837 434 τῷ
881 365 1125 434 Ἰωάννῃ.
1153 366 1234 418 ὅτι
1268 369 1332 419 ὲκ
1357 368 1661 437 προοιμίων
1703 372 1901 438 ἔφανε.

2019 386 2110 427 nes
2139 374 2283 441 apud
2321 386 2382 426 se
2425 373 2769 442 cogitabant,
2817 374 3066 428 dicentes
3094 386 3109 425 :
3140 370 3411 437 Quidnam
3456 387 3592 436 ergo

314 456 470 527 ρὼθη
492 458 553 508 ὲν
584 455 735 526 αὐτῷ
761 459 795 525 ἡ
820 455 948 521 δόξα
990 442 1230 525 κυρίους
1276 457 1373 509 Ἐκ
1410 458 1511 525 μὲν
1556 453 1652 512 οῦν
1681 461 1789 512 τῶν
1828 463 1907 513 εἰ-

321 553 578 627 ρημένων
605 550 661 616 ἡ,
713 548 804 615 ἐφ’
831 542 913 610 οἷς
946 546 1036 597 τὸν
1080 547 1280 598 ώκείον
1334 547 1651 618 λειτουργὸν
1690 551 1719 601 6
1755 550 1907 621 παρὰ

316 641 481 703 δόξαν
504 639 715 708 ἀνδρῶν
753 640 832 700 είς
864 639 1033 707 τιμὴν
1071 636 1180 689 τῶν
1221 637 1386 690 αὑτοῦ
1420 638 1770 708 θεραπόντων
1810 641 1908 692 καὶ

317 730 478 795 δόξαν
518 730 772 797 οὐράνιος
805 730 941 799 τιμᾷ
974 727 1248 797 βασιλεὺς,
1275 728 1483 799 εὐφυὴς
1502 730 1616 783 τῶν
1643 730 1909 800 πραγμά-

315 834 428 871 των
460 817 756 881 ἀπόδειξις.
785 817 1053 870 Ἐνταῦθα
1096 816 1153 869 δὲ
1181 817 1274 871 τὸν
1315 817 1474 888 λόγον
1511 818 1685 890 βραχύ
1737 839 1789 873 τι
1819 820 1907 879 διά

314 908 412 958 τδν
446 907 608 975 κόρον
636 906 1208 975 προσαναπαύσαντες,
1252 909 1361 960 τῶν
1394 910 1523 979 ἑξῆς
1568 910 1909 981 προθυμοτέ-

318 1014 426 1066 ραν
452 997 697 1066 ποιῶμεν
726 998 823 1067 τὴν
845 998 1170 1061 διεξάνυσιν.
1203 998 1426 1069 Ἐπειδὴ
1452 1000 1552 1069 τῆς
1581 1001 1909 1071 οἰκουμένης

314 1092 346 1142 6
398 1090 577 1159 μέγας
631 1089 859 1159 ἔμελλεν
908 1090 1010 1159 ἤδη
1054 1091 1153 1159 τὴν
1204 1092 1544 1159 προστασίαν
1594 1094 1908 1163 προστάτης

318 1182 422 1234 καὶ
450 1179 649 1250 κριτὴς
693 1180 1077 1251 ἀναδέχεσθαι,
1108 1181 1189 1233 ἔτι
1216 1182 1330 1243 τοῖς
1370 1182 1909 1254 καλοῖςᾼπρογυμνά-

318 1245 500 1337 (erat.
535 1245 981 1341 Asudéxarov'vdp
1007 1270 1126 1333 ἔτος
1154 1271 1360 1335 ἀνύσας
1388 1275 1447 1326 ὲν
1469 1275 1534 1344 τῇ
1557 1245 1907 1343 Ἇντὼχέων,

317 1366 696 1434 ἀποσεμνύνει
718 1366 781 1419 τὸ
811 1366 1076 1435 ίερατεῖον
1113 1366 1191 1438 τῷ
1232 1366 1459 1438 καθαρῷ
1490 1369 1583 1421 τοῦ
1629 1369 1770 1439 βίου,
1803 1387 1905 1423 κα-

317 1457 530 1523 θαίρων
552 1457 654 1519 τὰς
672 1456 783 1509 τῶν
829 1456 1136 1526 βλεπόντων
1176 1456 1380 1526 ψυχὰς,
1423 1458 1773 1530 λαμπρότητι
1810 1459 1906 1513 τοῦ

320 1549 487 1615 λόγου
519 1547 883 1618 λαμπρύνων,
913 1547 1162 1615 ἀγιάζων
1201 1546 1302 1610 τὰς
1343 1548 1586 1612 διανοίας
1628 1551 1907 1616 ἀπάντων,

318 1638 493 1701 πολὺς
522 1641 601 1701 είς
626 1640 690 1692 τδ
720 1639 953 1705 διδάξαι,
1001 1640 1176 1708 μέγας
1206 1639 1289 1702 τις
1323 1640 1423 1710 τὴν
1458 1641 1569 1693 τῶν
1596 1643 1906 1695 ἀκουόντων

317 1728 619 1795 ὠφέλειαν,
658 1731 739 1799 τῷ
780 1701 1037 1797 στύφοντι
1084 1701 1297 1799 μᾶλλον
1340 1701 1435 1783 τοῦ
1472 1731 1661 1800 ἧθους.
1701 1732 1735 1801 ἢ
1769 1732 1907 1785 αἰδοῖ
1939 1701 1983 1756 Β

317 1820 705 1890 χαριζόμενος,
755 1820 817 1873 τὸ
847 1819 946 1873 τοῦ
994 1819 1206 1883 λέοντος
1248 1820 1552 1886 πεπονθὼς,
1585 1823 1643 1873 ἑν
1696 1821 1777 1891 τῷ
1823 1823 1905 1875 δι-

320 1911 471 1981 καίῳ
507 1912 923 1981 διαφερόμενος,
956 1902 1003 1979 ᾧ
1046 1913 1160 1973 τοῖς
1193 1911 1553 1981 νωθεστέροις
1590 1912 1909 1977 ἀλαζονικὸς

321 1999 632 2070 ἐνομίζετο.
665 2000 763 2062 Τίς
792 2000 937 2065 νοῦς,
972 2000 1054 2063 τίς
1082 2000 1239 2068 λόγος
1264 2000 1365 2064 τάς
1394 2002 1587 2072 ἐκείνῳ
1625 2003 1761 2072 πρὸς
1801 2020 1910 2055 σω·-

319 2092 527 2162 τηρίαν
555 2091 812 2145 ἀπάντων
849 2091 1223 2161 ὲξευρημὲνας
1268 2092 1423 2154 ὀδοὺς
1468 2097 1907 2163 παραστήσειεν;

320 2178 403 2238 ὧν
428 2184 501 2237 τά
535 2183 765 2236 πλεῖστά
808 2199 941 2251 φασι
968 2184 1064 2237 καὶ
1103 2183 1266 2252 μέχρι
1313 2182 1414 2251 τῆς
1460 2184 1556 2237 νῦν
1602 2183 1907 2254 περισώζε-

324 2275 457 2328 σθαι
484 2277 552 2344 τῇ
599 2274 941 2343 Ἀντιοχέων.
988 2270 1389 2341 ’Λναγκάξεταί
1442 2291 1577 2327 ποτε
1630 2274 1780 2343 παρά
1812 2272 1909 2327 τοῦ

323 2366 598 2436 προέδρου
636 2364 883 2417 ἀνελθεῖν
927 2364 1019 2417 ἐπὶ
1044 2364 1138 2417 τοῦ
1168 2364 1513 2433 ὀκρίὸαντος,
1545 2366 1640 2421 καὶ
1681 2365 1909 2435 σχεδίως

321 2457 404 2529 τῷ
424 2455 540 2526 λαῷ
560 2454 933 2525 ἐξηγήσασθαι
956 2468 969 2482 ⁸
1000 2454 1095 2508 καὶ
1114 2454 1267 2524 μόλις
1292 2454 1417 2525 μὶν,
1435 2454 1526 2525 βίᾳ⁵
1545 2454 1603 2508 δὲ
1615 2456 1765 2525 ὅμως
1786 2472 1911 2508 πει-

324 2548 502 2610 σθεὶς,
534 2547 627 2600 καὶ
653 2546 962 2617 ἀρξάμενος
991 2544 1084 2599 τοῦ
1123 2544 1305 2614 λόγου,
1345 2545 1603 2599 ὑπόθεσιν
1632 2546 1793 2616 ἔχων,
1820 2548 1900 2610 εἰς

2009 459 2113 514 erit
2141 459 2363 525 Joanni,
2392 462 2538 527 quod
2565 461 2636 518 ab
2667 463 2827 516 initio
2859 462 2907 515 ei
2957 461 3212 531 apparuit
3260 462 3435 531 gloria
3483 461 3588 515 lio-

2009 550 2185 609 mini‘l
2211 549 2389 617 Atque
2409 551 2569 605 exiis
2596 552 2817 620 quidem
2849 567 2972 618 qua
3018 551 3167 606 dicta
3211 559 3359 613 sunt.
3405 566 3589 607 rerum

2005 648 2088 695 est
2112 639 2515 695 demonstratio
2544 642 2913 705 admirabilis.
2938 642 2993 701 in
3040 642 3127 697 bis
3166 643 3376 711 quibus
3425 658 3591 697 suum

2009 727 2327 783 ministrum
2382 728 2619 782 honorat
2663 744 2774 796 pra:
2831 729 3119 785 hominum
3182 727 3441 798 Opinione
3495 742 3593 781 rex

2008 817 2279 882 cmlestis,
2329 816 2396 871 ad
2449 818 2679 885 gloriam
2727 825 2781 871 et
2827 820 3089 871 honorem
3137 833 3328 871 eorum
3368 815 3460 887 qui
3513 814 3590 868 illi

2007 910 2344 963 ministrant.
2380 908 2516 962 Cum
2551 909 2637 962 hic
2661 918 2843 962 autem
2895 910 3165 963 orationis
3198 924 3424 963 cursum
3461 923 3587 979 pru-
3670 914 3673 915 '

2008 1006 2130 1073 pter
2146 1000 2455 1053 satietatem
2478 1014 2771 1067 parumper
2784 999 3111 1059 stiterimus.
3134 1000 3199 1052 ad
3225 1014 3287 1053 ea
3305 999 3593 1070 quiedein-

2008 1105 2141 1159 ceps
2156 1098 2585 1159 consequentur,
2612 1106 2904 1159 pergamus
2922 1091 3181 1147 alacrius.
3204 1088 3474 1157 Quoniam
3497 1105 3593 1140 or-

2007 1178 2095 1235 bis
2125 1189 2287 1235 terrae
2312 1180 2589 1234 creandus
2619 1189 2741 1235 erat
2777 1196 3011 1250 magnus
3050 1181 3283 1236 antistes
3311 1191 3364 1234 et
3392 1180 3592 1249 judex,

2010 1272 2097 1326 his
2132 1287 2350 1342 quoque
2379 1270 2539 1326 bonis
2565 1280 2619 1325 et
2657 1272 2905 1326 honestis
2933 1271 3085 1338 prius
3117 1280 3429 1326 exercetur.
3452 1271 3592 1324 Nam

2010 1380 2132 1419 cum
2161 1362 2453 1417 duodecim
2486 1376 2661 1416 annos
2693 1361 3051 1430 transegisset
3087 1362 3370 1431 presbyter
3397 1361 3451 1413 in
3484 1360 3590 1412 Ec-

2007 1452 2175 1508 clesia
2214 1452 2579 1516 Antiochena,
2623 1450 2864 1519 puritate
2891 1451 3018 1503 vita».
3065 1450 3287 1503 decorat
3340 1449 3594 1505 sacerdo-

2010 1542 2169 1603 tium,
2202 1553 2396 1594 eorum
2429 1539 2523 1609 qui
2580 1538 2843 1592 videbant
2893 1538 3108 1592 animas
3160 1552 3493 1607 expurgans,
3542 1546 3599 1592 et

2010 1635 2166 1689 verbi
2190 1634 2485 1703 splendore
2517 1638 2734 1685 mentes
2784 1630 3031 1685 omnium
3066 1630 3354 1683 illustrans
3382 1636 3436 1683 et
3468 1644 3598 1683 san-

2009 1730 2297 1793 ctilleans;
2332 1727 2540 1780 multus
2563 1725 2617 1779 in
2650 1723 2924 1787 docendo,
2955 1736 3188 1791 magnus
3211 1721 3277 1775 ad
3305 1721 3596 1774 utilitatem

2008 1833 2199 1876 eurum
2256 1819 2348 1887 qui
2399 1817 2702 1873 audiebant
2786 1830 3002 1870 morum
3078 1814 3263 1883 potius
3320 1813 3599 1868 severitati

2009 1927 2172 1981 quam
2209 1911 2403 1981 pudori
2460 1910 2733 1971 serviens,
2770 1907 2948 1962 leonis
2986 1905 3242 1960 ﬁduciam
3303 1903 3600 1959 ostendens

2008 2005 2065 2057 in
2088 2002 2301 2072 justitia
2329 2019 2344 2067 ;
2380 2016 2487 2071 qua
2515 2000 2585 2055 de
2606 2015 2778 2055 causa
2820 1998 3204 2053 hebetioribus
3229 1996 3594 2050 existimaba-

2010 2104 2102 2149 tur
2134 2108 2403 2163 arrogans
2450 2100 2508 2147 et
2540 2092 2816 2147 insolens.
2878 2088 3011 2155 Quae
3044 2104 3219 2148 mens.
3246 2102 3371 2156 quae
3421 2087 3603 2140 oratio

2008 2186 2311 2243 ostenderit
2332 2184 2468 2249 vias,
2498 2198 2618 2253 qum
2641 2182 2713 2237 ab
2743 2182 2839 2237 illo
2859 2181 3093 2235 inventa:
3120 2187 3249 2233 sunt
3275 2179 3343 2232 ad
3366 2178 3598 2232 salutent

2009 2275 2294 2335 omnium?
2320 2288 2553 2345 quarum
2588 2273 2883 2341 plurimam
2941 2278 3154 2337 partem
3191 2269 3387 2323 dicunt
3419 2282 3601 2337 usque

2011 2371 2065 2426 in
2115 2371 2446 2427 hodiernum
2504 2366 2649 2422 diem
2700 2365 2914 2422 servari
2980 2364 3308 2419 Antiochiae.
3369 2363 3602 2434 Cogitur

2008 2462 2305 2531 Aliquando
2358 2460 2429 2516 ab
2481 2458 2734 2517 antistite
2784 2457 3049 2512 Flaviano
3113 2454 3415 2510 ascendere
3465 2470 3603 2525 sug-

2008 2563 2254 2625 gestum.
2283 2562 2339 2607 et
2362 2566 2430 2608 ex
2460 2560 2714 2621 tempore
2764 2549 2972 2617 populo
3010 2562 3328 2616 exponere;
3360 2547 3452 2601 vix
3480 2556 3604 2600 tau-

322 2634 392 2685 τὸ
418 2633 637 2703 πρῶτον
677 2634 796 2686 τότε
836 2633 1034 2696 εἰπεῖν,
1067 2633 1164 2685 καὶ
1192 2634 1273 2697 είς
1301 2635 1390 2687 τὸν
1425 2636 1749 2701 ἐπίσκοπον,
1779 2631 1839 2692 οὗ
1878 2637 1911 2706 ἡ

2019 2647 2159 2707 dem.
2192 2645 2244 2701 vi
2279 2657 2600 2713 persuasus.
2626 2656 2752 2699 cum
2783 2640 3004 2696 dicemli
3025 2639 3267 2707 cepisset
3296 2652 3603 2705 argumen-

323 2724 503 2793 ἀρχήο
539 2725 681 2793 ’Δρα
705 2721 883 2793 ἀληθῆ
912 2722 982 2774 τὰ
1016 2722 1299 2793 συμϐάντα
1332 2724 1461 2793 περὶ
1502 2726 1669 2795 ἡμᾶς
1706 2727 1914 2788 πάντας

2019 2746 2158 2799 tum,
2207 2733 2356 2803 quod
2387 2747 2535 2791 nunc
2590 2730 2831 2799 primum
2887 2728 2995 2785 sibi
3055 2729 3131 2785 sit
3178 2726 3499 2789 dicendum,
3545 2735 3606 2782 et

327 2812 648 2884 ὶξέστησεν.
684 2814 913 2867 Ἔκτοτε
946 2814 1159 2875 πάντας
1185 2808 1349 2881 εἷλεν,
1382 2817 1475 2868 ἐπὶ
1528 2817 1684 2870 τοῦτο
1714 2818 1915 2882 πάντες

2019 2827 2261 2898 episcopi
2318 2825 2440 2883 loco
2472 2822 2636 2893 cujus
2690 2828 2778 2879 est
2831 2835 3055 2887 munus,
3122 2819 3319 2889 incipit
3379 2836 3392 2873 :
3459 2817 3602 2872 Num

328 2904 651 2975 είσέρῤεον·
697 2904 1109 2973 κατελίμπανον
1160 2908 1457 2977 γεωργίας,
1495 2909 1714 2978 τέχνας,
1763 2909 1916 2976 ἐξου-

2019 2933 2144 2979 vera
2184 2924 2317 2972 sunt
2368 2930 2491 2984 qua:
2550 2912 2709 2971 nobis
2758 2910 3130 2973 acciderunt?
3185 2907 3366 2968 affecit
3409 2922 3603 2963 omnes

329 2996 481 3059 σίας.
542 2995 840 3067 διοικήσεις
882 2998 1123 3061 ἁπάσας.
1162 2997 1228 3061 ἃς
1271 2996 1378 3052 οἶδε
1418 3001 1620 3065 πολλὰς
1667 3003 1916 3070 ἐμποιεῖν

2019 3007 2405 3067 admiratione.
2440 3005 2524 3062 Ab
2554 3019 2618 3059 co
2668 3014 2910 3072 tempore
2958 3016 3152 3057 omnes
3198 3011 3461 3071 praeterea
3515 3008 3601 3053 at-

328 3090 445 3149 τοϊς
475 3086 787 3157 ἀνθρώποις
827 3088 861 3159 ἡ
896 3089 1022 3160 περὶ
1050 3089 1144 3142 τὸν
1189 3090 1527 3163 πολύμοχθον
1574 3092 1765 3149 τοῦτον
1804 3095 1917 3171 βίον

2023 3100 2299 3163 trahebat,
2328 3112 2525 3153 oumes
2560 3095 2877 3159 aﬂluebant,
2914 3091 3307 3161 relinquebant
3356 3088 3601 3158 agricul-

330 3176 627 3245 πολυειδὴς
654 3177 999 3248 περιπέτεια.
1026 3179 1224 3234 Φθάνει
1261 3185 1355 3234 καὶ
1379 3183 1479 3245 τάς
1512 3184 1681 3250 ἀκοὰς
1713 3186 1769 3237 Ἀ
1781 3202 1917 3255 ρκα-

326 3267 447 3319 δίου
480 3266 577 3319 τοῦ
611 3268 877 3337 βασιλέως
908 3270 940 3339 ἡ
982 3272 1112 3340 περὶ
1147 3270 1313 3324 αὐτοῦ
1360 3273 1547 3345 φήμηο
1580 3276 1676 3327 καὶ
1702 3276 1730 3329 6
1761 3275 1919 3346 βασι-

329 3357 460 3423 λεὺς
488 3360 832 3414 διανίσταται
860 3363 959 3432 τὴν
997 3360 1197 3433 ψυχὴν,
1225 3363 1391 3434 ἔρωτι
1423 3365 1550 3441 θείῳ
1582 3368 1678 3420 καὶ
1713 3368 1921 3441 φίλτρῳ

332 3453 434 3522 τῆς
460 3453 657 3511 τούτου
688 3452 817 3517 θέας
849 3454 1341 3525 περισπαζόμενος.

410 3630 465 3683 ι’.
496 3629 663 3685 Ἀλλὰ
694 3629 897 3699 μεταξὺ
928 3629 1135 3683 τούτων
1168 3629 1360 3700 βραχεῖ
1394 3631 1537 3703 λόγῳ
1578 3635 1920 3715 παρελείφθη

336 3724 435 3779 τοῦ
463 3725 650 3789 λόγου,
680 3724 897 3794 μακρᾶς
932 3723 1228 3792 ἀσφαλείας
1257 3725 1584 3794 ἀνακύψασα
1616 3730 1918 3796 παίδευσις,

338 3816 498 3886 κοινὴ
555 3815 655 3885 μὲν
708 3814 902 3878 ἆπασι,
937 3815 1174 3884 μάλιστα
1224 3815 1282 3869 δὲ
1303 3819 1421 3880 ταῖς
1459 3818 1660 3888 ψυχαῖς
1683 3818 1792 3872 τῶν
1818 3821 1922 3874 ὑπὸ

336 3906 508 3974 ζυγὸν
537 3906 707 3959 όντων
728 3923 742 3936 ο
804 3905 1091 3977 προσέχειν
1120 3907 1176 3961 δὲ
1226 3908 1401 3971 ἀξιον·
1433 3909 1576 3981 Γυνή
1602 3928 1687 3975 τις
1729 3914 1919 3983 πρώτη

338 3999 453 4053 τῶν
475 4001 534 4052 ὲν
577 4000 881 4070 Ἀντιοχείᾳ
922 4002 1013 4052 τὸν
1045 4001 1159 4054 υίδν
1208 4001 1422 4072 λάϐρως
1449 4006 1786 4073 πυρέττοντα
1827 4005 1923 4061 καὶ

343 4090 864 4157 ἀωγινωσκὸμενον
889 4090 1012 4159 ἄγει
1062 4092 1199 4162 πρὸς
1233 4092 1424 4153 τοῦτον
1449 4094 1540 4147 τὸν
1580 4095 1787 4167 ἰατρὸν.
1823 4098 1922 4167 τὴν

340 4180 492 4234 ῐασιν
550 4180 973 4236 ὲπισπεύδουσα.
1017 4183 1074 4236 '0
1133 4183 1212 4247 δὲ,
1243 4185 1439 4251 Τοῦτο,
1488 4187 1616 4256 ἔφη,
1646 4188 1782 4243 Θεοῦ
1822 4190 1924 4260 μέν

338 4275 463 4325 ἐστι
497 4272 590 4325 τοῦ
619 4273 1011 4339 ζωοποιοῦντος
1031 4291 1046 4304 °
1083 4276 1149 4333 σὺ
1187 4276 1266 4339 δὲ,
1304 4269 1348 4333 ὧ
1380 4279 1563 4347 γύναι,
1588 4282 1793 4352 ἀπέχου
1815 4283 1923 4336 τῶν

2022 3199 2226 3253 turam,
2257 3196 2428 3254 artes,
2460 3193 2785 3259 potestates,
2810 3198 3003 3240 omnes
3053 3181 3600 3243 administrationes,

2020 3295 2160 3350 quas
2190 3280 2393 3334 multas
2425 3275 2584 3332 aiIert
2622 3272 3256 3337 limninibus'laboriosze
3290 3270 3417 3326 vitae
3446 3269 3604 3325 varia
3667 3293 3670 3296 ~

2019 3381 2075 3434 et
2109 3371 2390 3440 multiplex
2436 3368 2702 3424 conditio.
2740 3366 2821 3422 Ad
2856 3365 3076 3422 Arcadii
3106 3361 3459 3433 imperatoris
3499 3376 3607 3416 au-

2020 3477 2111 3525 res
2160 3460 2411 3537 pervenit
2484 3459 2648 3514 etiam
2704 3457 2825 3528 ejus
2894 3455 3065 3521 fama,
3113 3462 3169 3509 et
3217 3460 3431 3508 tenetur
3486 3449 3608 3521 ejus

2022 3555 2244 3619 animus
2283 3568 2484 3623 magno
2515 3552 2663 3607 illius
2690 3550 2909 3607 videndi
2946 3548 3248 3604 desiderio.

2094 3648 2181 3705 10.
2206 3646 2311 3700 Sed
2338 3647 2480 3700 inter
2503 3645 2617 3697 haec
2646 3643 2802 3698 brevi
2833 3641 3086 3695 oratione
3107 3645 3443 3702 assumatur,
3478 3651 3609 3706 qua:

2021 3752 2091 3791 ex
2111 3749 2303 3805 magna
2318 3731 2816 3791 cautinneemcrsit
2830 3729 3141 3802 castigatio,
3158 3727 3467 3783 communis
3480 3727 3605 3795 qui-

2021 3828 2145 3895 dem
2181 3826 2459 3890 omnibus,
2514 3824 2750 3878 maxime
2788 3830 2969 3883 autem
3020 3819 3223 3875 animis
3253 3833 3471 3885 eorum,
3509 3816 3604 3887 qui

2023 3928 2153 3973 sunt
2184 3917 2288 3975 sub
2315 3915 2473 3985 iugo.
2514 3914 2707 3986 Opera!
2753 3913 2986 3991 pretium
3015 3920 3099 3967 est
3136 3911 3441 3967 attendere.
3482 3908 3603 3963 Mu-

2025 4009 2129 4064 lier
2156 4008 2409 4078 quadam
2498 4008 2673 4075 prima
2734 4022 2797 4059 ex
2852 4005 2943 4073 iis,
2996 4019 3119 4074 qua:
3194 4011 3352 4057 erant
3408 4002 3606 4054 Antio-

2027 4101 2187 4165 chiae,
2221 4100 2394 4155 lilium
2450 4101 2800 4154 vehementer
2856 4096 3287 4158 febricitantem,
3347 4102 3403 4147 ct
3447 4092 3608 4162 plane

2025 4193 2375 4264 deploratum
2406 4190 2636 4249 adducit
2682 4189 2749 4249 ad
2793 4189 2941 4245 hunc
2971 4190 3275 4257 sapientem
3306 4184 3605 4246 medicum,

2028 4284 2244 4340 instans
2305 4291 2365 4343 ut
2430 4297 2556 4339 eum
2607 4288 2849 4339 curaret.
2903 4280 2999 4333 Ille
3043 4289 3227 4334 autem
3272 4276 3461 4333 dixit:
3495 4272 3611 4330 Hoc

338 4365 634 4435 προτέρων
683 4368 1145 4437 παραπτωμάτων
1175 4384 1190 4399 ⁶
1240 4370 1349 4427 ίσθι
1403 4372 1514 4442 γὰρ
1591 4375 1673 4428 ὃτι
1717 4375 1813 4427 καὶ
1870 4376 1917 4428 οξ

2030 4377 2249 4447 quidem
2310 4382 2395 4433 est
2452 4372 2547 4427 Dei
2587 4371 2939 4427 viviﬁcantis.
2995 4370 3076 4422 Tu
3115 4383 3265 4431 vero,
3317 4381 3349 4420 ο
3387 4364 3609 4427 mulier,

339 4453 523 4506 λοιποί
552 4472 646 4507 σου
678 4455 945 4527 τέσσαρες
977 4459 1102 4522 υἱοὶ,
1133 4457 1220 4512 διὰ
1258 4458 1356 4522 τὰς
1401 4462 1675 4531 ἁμαρτίας
1711 4480 1803 4517 σου
1835 4465 1929 4525 καὶ

340 4544 442 4598 τοῦ
497 4546 690 4615 ἀνδρός
740 4563 834 4599 σου
902 4546 1199 4616 τεθνήκασι
1253 4549 1391 4618 πρὸς
1443 4552 1693 4606 παιδείαν
1748 4556 1925 4625 ὑμῶν.

350 4637 589 4705 Ἔμελλε
612 4638 666 4690 δὲ
696 4639 788 4691 καὶ
813 4638 977 4702 αὑτός
1001 4656 1015 4670 ο
1045 4640 1181 4694 ἀλλὰ
1209 4640 1552 4715 διανάστητε,
1578 4645 1714 4699 ἀλλὰ.
1746 4647 1929 4717 διανή-

339 4730 489 4797 ψατε
516 4746 530 4761 ·
569 4731 664 4781 καὶ
701 4730 761 4781 ού
791 4730 950 4799 μόνον
977 4730 1070 4782 τὸν
1113 4732 1280 4787 παῖδα
1309 4731 1510 4799 ζῶντα,
1539 4735 1675 4788 ἀλλά
1704 4738 1799 4790 καὶ
1826 4736 1927 4807 τὴν

342 4822 461 4873 τῶν
519 4821 769 4891 οὐρανῶν
813 4821 1159 4892 ἀπολήψεσθε
1216 4823 1513 4894 βασιλείαν.
1546 4827 1731 4881 Ταῦτα
1759 4828 1835 4892 ὡς
1861 4830 1928 4883 ἐκ

346 4911 622 4993 στόματος
645 4910 780 4964 θεοῦ
803 4911 1134 4981 δεδεγμένοι,
1156 4915 1249 4970 καλ⁸
1274 4914 1396 4970 λίαν
1417 4917 1662 4982 εὐλαϐῶς
1690 4919 1926 4991 ὑποσχό-

346 5022 507 5077 μενοι
534 5004 636 5074 τὴν
669 5003 978 5079 διόρθωσιν,
1034 5008 1290 5077 παραυτά
1334 5010 1427 5062 καὶ
1464 5010 1555 5064 τὸν
1600 5012 1765 5066 παῖδα
1798 5014 1925 5085 ὑγιῆ

347 5094 890 5164 προσὴμὸάνουσιν.
933 5096 1075 5149 Ἀλλ’
1110 5092 1214 5153 ὧδε
1245 5099 1343 5168 μὲν
1372 5102 1399 5154 6
1421 5100 1515 5154 τοῦ
1542 5102 1700 5169 λόγου
1728 5104 1926 5176 δρόμος

346 5183 485 5256 ἧκεν
530 5190 624 5243 ἐπὶ
681 5189 970 5242 τοσοῦτονο
1006 5190 1255 5245 ἐντεῦθεν
1286 5192 1341 5246 δὲ
1377 5195 1504 5264 περὶ
1544 5196 1655 5253 τῶν
1678 5198 1744 5251 τὰ
1768 5176 1931 5271 Maps

349 5278 550 5340 κίωνος
576 5278 878 5334 νοσούντων
905 5282 933 5335 6
964 5282 1166 5354 τρόπος
1218 5283 1464 5359 λεγέσθω
1491 5287 1587 5355 τῆς
1624 5288 1774 5351 θείας
1803 5290 1926 5362 κρίη

350 5385 513 5433 σεως.
544 5369 763 5447 Ταύτην
821 5372 871 5425 oi
913 5374 1195 5437 νοσοῦντες
1251 5376 1372 5431 τότε
1403 5376 1501 5451 τὴν
1524 5378 1697 5442 νόσον,
1732 5379 1793 5430 τὸ
1830 5381 1929 5448 μὲν

349 5460 473 5514 ὃθεν
524 5463 1044 5533 παρῤησιασάμενοι
1099 5466 1327 5531 πολλοὺς
1383 5468 1773 5541 ἀποσύρωσιν.
1826 5471 1928 5543 ήδη

351 5552 627 5620 λελέξεται
656 5572 670 5585 ·
702 5555 763 5608 τὸ
784 5556 842 5609 δὲ
874 5558 1019 5619 ὅπως
1044 5559 1143 5626 τῆς
1175 5558 1269 5612 ἐπὶ
1298 5558 1526 5617 θάνατον
1567 5561 1927 5633 ἀναρρύονται

354 5644 503 5696 πᾶσα
534 5647 570 5714 ἠ
600 5645 777 5707 πόλις.
808 5646 1041 5701 δεδόσθω
1070 5650 1145 5718 τῷ
1176 5650 1318 5721 λόγῳ
1369 5651 1505 5721 πρὸς
1534 5651 1691 5715 δόξαν
1719 5652 1812 5706 τοῦ
1845 5652 1928 5704 λό-

354 5747 473 5797 γου.
538 5736 825 5792 Συνενόσει
887 5738 1088 5804 τούτοις
1148 5741 1203 5795 δὲ
1255 5744 1281 5795 6
1318 5742 1501 5812 ἄρχων
1525 5742 1619 5813 τὴν
1644 5744 1796 5798 νόσον
1832 5745 1927 5816 τῆς

2031 4467 2245 4533 abstine
2268 4481 2297 4517 a
2331 4464 2438 4519 tuis
2473 4463 2751 4533 prioribus
2777 4462 3021 4523 delictis.
3058 4460 3206 4521 scias
3246 4457 3392 4518 enim
3442 4465 3609 4509 cst-te-

2030 4574 2125 4613 ros
2182 4571 2401 4625 quoque
2462 4564 2586 4610 tuos
2621 4560 2857 4631 quatuor
2898 4549 3065 4619 ﬁlios,
3129 4557 3353 4620 pmpter
3387 4556 3612 4617 peccata

2032 4660 2124 4705 tua
2156 4656 2209 4704 et
2240 4646 2422 4709 mariti
2456 4645 2556 4711 tui,
2589 4660 2711 4709 esse
2737 4653 2986 4703 mortuos
3004 4641 3073 4697 ad
3105 4650 3343 4696 vestram
3360 4636 3610 4707 discipli-v

2033 4757 2180 4797 nam.
2216 4740 2345 4793 Erat
2376 4747 2557 4795 autem
2589 4736 2680 4791 hic
2704 4750 2925 4807 quoque
2957 4733 3298 4795 moriturus:
3340 4731 3435 4784 sed
3482 4742 3613 4785 sur.

2034 4832 2143 4902 gite
2171 4840 2225 4890 et
2267 4828 2599 4900 resipiscite,
2625 4838 2682 4884 et
2715 4842 2824 4880 non
2849 4826 3028 4885 solum
3061 4822 3231 4878 lilium
3258 4820 3471 4875 vivum.
3510 4816 3606 4875 sed

2034 4921 2198 4977 etiam
2238 4920 2505 4981 cmlorum
2566 4933 2793 4987 regnum
2824 4914 3131 4985 accipietis.
3176 4910 3301 4967 Haec
3324 4927 3447 4964 cum
3489 4919 3611 4964 tan-

2034 5029 2200 5085 quam
2231 5028 2298 5068 οι
2326 5027 2421 5068 ore
2441 5011 2533 5068 Dei
2560 5011 2998 5081 acccpissent.et
3020 5021 3080 5062 se
3106 5021 3230 5063 esse
3262 5015 3611 5061 correcturos

2035 5112 2225 5158 sancte
2257 5110 2443 5157 essent
2478 5100 2735 5169 polliciti,
2779 5098 3032 5169 protinus
3064 5096 3235 5152 [ilium
3267 5110 3487 5166 quoque
3514 5109 3607 5149 sa-

2034 5211 2165 5252 num
2218 5194 2517 5261 accipiunt.
2573 5192 2681 5246 Sed
2726 5193 3013 5261 hucusque
3074 5189 3293 5259 quidem
3348 5187 3647 5259 procedat.

2034 5303 2235 5349 cursus
2265 5286 2554 5340 orationis.
2588 5283 2727 5338 llinc
2769 5290 2952 5336 autem
3006 5280 3073 5336 de
3106 5280 3208 5344 eis,
3251 5280 3342 5349 qui
3378 5278 3607 5341 Marcio.

2037 5381 2123 5435 nis
2191 5378 2387 5433 morbo
2443 5376 2794 5438 laborabant,
2843 5374 3065 5433 dicatur
3124 5375 3401 5445 quodnam
3442 5374 3613 5435 fuerit

2031 5472 2276 5533 divinum
2330 5468 2626 5538 judicium.
2665 5468 2841 5536 Atque
2891 5466 2982 5537 qui
3024 5466 3129 5521 hoc
3170 5464 3389 5535 quidem
3417 5464 3611 5520 morbo

2034 5573 2161 5618 tunc
2184 5562 2524 5629 laborabant,
2562 5576 2801 5630 quanam
2836 5559 3054 5629 quidem
3091 5556 3283 5612 ﬁducia
3308 5557 3429 5612 freti
3464 5556 3609 5611 mul-

2032 5662 2116 5717 tus
2146 5651 2486 5705 attrahereut
2539 5650 2769 5725 jamjam
2806 5650 3054 5705 dicetur.
3093 5646 3385 5714 Quomodo
3420 5655 3606 5709 autem

2037 5760 2067 5799 a
2101 5742 2295 5801 morbo
2325 5742 2418 5814 qui
2484 5743 2741 5807 tendebat
2773 5743 2839 5799 ad
2868 5752 3101 5800 mortem
3124 5739 3357 5796 liberata
3387 5738 3459 5794 sit
3487 5745 3603 5797 tota
