3952 6210
454 275 564 339 247
1691 274 1964 335 LEONIS
1992 275 2059 335 Pl

2164 273 2454 336 .OSOPHI
3621 278 3730 341 248

452 386 671 445 civitas,
719 383 1014 439 dicendum
1062 393 1148 438 est
1204 385 1269 439 ad
1315 382 1477 437 Verbi
1528 385 1780 454 gloriam.
1838 383 2041 439 Eodem

2164 385 2378 448 πόλεως,
2414 386 2508 439 καί⁵
2534 385 2671 455 α’ύτη
2707 384 2929 456 ἀφορμὴ
2950 382 3042 437 τού
3064 364 3240 437 κακοῦ
3262 384 3363 453 τῆς
3388 383 3729 455 προσθήκης.

454 476 670 537 morbo,
688 490 798 544 quo
815 475 1032 537 civitas,
1053 474 1332 529 laborabat
1364 476 1529 529 etiam
1555 489 1757 543 prmses
1773 475 2037 540 civitatis;

2164 476 2218 528 Γί
2247 473 2341 528 οὖν
2376 478 2521 528 ποιεί
2555 479 2582 529 ό
2628 476 2737 529 τῶν
2786 475 2974 546 ψυχῶν
3002 477 3088 529 ἀεὶ
3125 476 3259 539 Θεὸς
3307 476 3406 545 τὴν
3456 477 3734 545 σωτηρίαν

453 576 508 619 et
534 566 984 621 hasceratcausa
1015 566 1160 635 quod
1187 567 1392 619 malutn
1416 566 1883 635 cresceret,quid
1909 582 2040 635 ergo
2151 569 2486 638 οίκονομῶνς
2570 610 2582 623 .
2665 611 2675 622 .
2760 611 2772 623 .
2857 608 2869 621 .
2956 610 2967 621 .
3046 606 3061 620 .
3142 606 3156 620 .
3237 608 3250 621 .
3332 607 3346 621 .
3425 605 3441 620 .
3526 608 3537 621 .
3623 606 3637 619 .
3718 604 3734 621 .

457 658 589 711 facit
627 656 793 722 Deus,
823 658 918 727 qui
952 658 1262 711 animarum
1296 657 1704 725 sempersaluti
1754 656 2044 725 providet?
2155 697 2167 710 .
2252 694 2265 709 .
2345 698 2358 712 .
2441 699 2453 711 .
2535 698 2549 712 .
2630 698 2643 712 .
2726 700 2738 712 .
2820 702 2833 713 .
2912 700 2927 713 .
3009 699 3023 712 .
3123 661 3347 713 Λείπει.
3429 697 3443 711 .
3524 697 3539 711 .
3618 697 3635 711 .
3716 694 3731 708 .

531 768 769 824 Uxorem
802 770 1056 838 praesidis
1093 768 1221 822 ferit
1252 768 1449 823 morbo
1471 769 1855 839 dyssenteriaz.
1890 769 1956 823 Et
2003 786 2066 825 ea
2103 773 2322 841 quidem
2351 790 2544 829 omnes
2585 776 2841 839 accersit,
2886 775 3020 827 nihil
3050 782 3232 827 autem
3268 774 3317 827 ei
3353 772 3597 842 prodest,
3634 771 3733 827 sed

456 868 687 922 omniex
727 875 879 935 parte
914 865 1121 919 auxilio
1163 863 1439 919 deficitur.
1484 864 1691 920 Deinde
1722 866 1893 935 quid?
1924 865 2187 937 Confugit
2213 869 2279 922 ad
2315 870 2626 925 hereticos.
2650 868 2690 922 li
2717 884 2939 938 quoque
2976 867 3380 937 aggrediuntur
3444 866 3511 920 ad
3551 867 3730 920 trium

458 964 668 1018 dierum
709 976 881 1030 usque
908 960 1313 1030 precationem,
1353 974 1455 1013 nec
1490 960 1788 1029 quidquam
1820 961 2138 1029 proﬁciunt.
2173 961 2357 1017 Nescit
2388 979 2591 1019 rursus
2624 962 2754 1033 quid
2798 973 2925 1033 agat
2979 962 3215 1018 mulier:
3253 961 3475 1015 tandem
3534 964 3737 1016 statuit

462 1054 529 1108 ad
602 1054 777 1107 virum
826 1048 1071 1106 divinum
1136 1050 1456 1122 confugere.
1515 1051 1723 1106 Deinde
1779 1052 1830 1107 id
1916 1052 2050 1107 dicit
2103 1056 2302 1108 marito
2350 1070 2474 1119 suo,
2535 1056 2854 1125 persuadet.
2930 1053 3223 1109 Postremo
3283 1054 3437 1109 venit
3498 1055 3566 1108 ad
3634 1053 3735 1108 Dei

394 1132 399 1133 ί
460 1163 701 1205 servum.
768 1142 1007 1200 Joannes
1066 1144 1133 1199 de
1194 1144 1281 1199 his
1334 1143 1603 1213 disceptat
1662 1160 1786 1199 cum
1828 1146 2111 1214 episcopo,
2140 1147 2221 1199 eis
2265 1146 2516 1214 procedit
2548 1146 2789 1207 obviam,
2827 1161 2893 1199 ex
2925 1146 3160 1201 ecclesia
3201 1161 3400 1202 arcens
3461 1154 3733 1216 tanquam

458 1240 737 1310 indignos,
846 1236 1032 1308 arguit
1101 1238 1381 1293 haereseos
1442 1225 1717 1307 :‘petunt
1770 1239 1875 1307 ipsi
1931 1240 2171 1300 veniam,
2234 1237 2616 1293 assentiﬂtur
2674 1238 2920 1302 velitati,
2993 1240 3233 1291 maxime
3278 1247 3460 1291 autem
3514 1238 3735 1291 mulier.

456 1335 595 1390 Cum
660 1343 887 1388 sanctus
930 1348 1130 1401 aquam
1201 1332 1504 1396 attulisset,
1561 1341 1717 1401 rosat
1789 1334 2138 1403 episcopum,
2199 1344 2259 1388 ut
2317 1334 2466 1388 facto
2533 1334 2823 1405 signaculo
2911 1333 3381 1411 tunlieriﬁquam
3454 1339 3733 1402 aspergat.

460 1430 575 1485 Hoc
601 1445 726 1484 cum
766 1428 972 1481 factum
1008 1435 1177 1489 esset,
1203 1428 1387 1482 statim
1418 1428 1615 1482 mulier
1640 1429 1841 1499 accipit
1864 1429 2183 1498 sanitatem,
2219 1444 2440 1484 reversa
2468 1429 2585 1483 suis
2616 1428 2869 1498 pedibus,
2902 1434 2957 1482 et
3006 1427 3234 1497 pulchre
3257 1425 3470 1487 effecta.
3495 1424 3735 1479 reddens

460 1542 806 1597 quaecunque
856 1531 975 1579 erat
998 1522 1266 1593 pollicita.
1304 1521 1418 1578 Hoc
1450 1522 1555 1577 fuit
1587 1524 1865 1580 haereticis
1890 1524 2172 1590 dedecori,
2206 1526 2407 1594 probro
2440 1532 2493 1579 et
2516 1522 2830 1587 alﬂictioni;
2861 1530 2915 1576 et
2949 1536 3115 1576 causa
3146 1536 3247 1574 cur
3279 1521 3454 1573 virum
3478 1518 3732 1573 divinum

461 1620 773 1677 maledictis
833 1620 1193 1673 incesserent.
1236 1618 1332 1673 Ille
1362 1627 1544 1674 autem
1608 1620 1792 1672 omnia
1824 1620 2048 1688 quidem
2091 1621 2457 1690 despiciebat,
2491 1621 2585 1674 uni
2641 1618 2818 1674 solum
2854 1618 2929 1673 rei
2977 1619 3243 1680 intentus,
3277 1630 3474 1685 nempe
3512 1614 3736 1668 illorum

463 1714 652 1770 saluti.
706 1711 810 1766 Sed
841 1728 950 1766 non
981 1712 1367 1782 persuadebat.
1403 1712 1599 1768 Dolore
1620 1723 1803 1767 autem
1859 1714 2090 1769 allectus
2132 1725 2354 1785 propter
2387 1717 2699 1770 universam
2726 1714 3030 1777 civitatem,
3064 1712 3466 1766 lamentabatur
3491 1710 3689 1765 dicens
3719 1728 3734 1762 :

468 1808 527 1862 Si
558 1807 815 1862 Salvator
843 1807 1154 1862 maledictis
1185 1808 1591 1872 incessabatur,
1624 1810 1788 1879 idque
1818 1824 1943 1865 cum
1983 1809 2128 1866 Deus
2153 1819 2327 1876 esset,
2360 1813 2426 1865 ah
2451 1813 2718 1882 ingratis;
2746 1810 2839 1879 qui
2870 1809 2975 1863 hoe
3004 1824 3262 1877 magnum
3294 1808 3346 1861 in
3372 1822 3470 1861 nos
3497 1808 3739 1864 servos?

466 1902 641 1971 Spero
665 1909 848 1954 tamen
876 1898 992 1954 fore
1018 1909 1079 1953 ut
1109 1899 1326 1954 illorum
1349 1915 1483 1955 casu
1524 1900 1666 1955 Deus
1693 1902 2011 1957 universam
2042 1904 2272 1974 castiget
2296 1904 2599 1958 civitatem.
2632 1901 2882 1955 Nondum
2903 1908 3087 1954 autem
3120 1914 3225 1953 nox
3260 1898 3617 1968 praterierat,
3674 1904 3735 1953 et

466 2010 628 2053 terra:
657 2005 806 2051 motu
830 2004 943 2050 tota
969 1996 1287 2051 concutitur
1311 1997 1526 2053 civitas.
1553 1997 1820 2054 Tenebris
1847 2000 2144 2053 involvitur
2163 2000 2462 2055 concilium
2499 1999 2904 2061 haereticorum,
2935 1996 3002 2049 ad
3031 1995 3209 2051 solum
3252 2009 3421 2063 usque
3448 1992 3731 2061 dejicitur,

463 2104 519 2150 et
548 2094 756 2163 quaevis
814 2093 1014 2148 domus
1068 2094 1341 2160 haeretici;
1400 2104 1455 2149 et
1489 2095 1688 2149 domus
1746 2111 1940 2151 eorum
1988 2097 2127 2150 ﬁunt
2177 2113 2370 2152 eorum
2429 2097 2710 2167 sepulcra,
2742 2093 2895 2148 nulla
2926 2093 3055 2147 laesa
3083 2091 3250 2145 domo
3274 2088 3730 2144 orthodoxorum.

466 2190 697 2258 Propter
746 2189 850 2243 hoc
884 2190 1317 2244 conllrmabatur
1352 2191 1570 2255 civitas,
1602 2199 1657 2245 et
1692 2192 2000 2261 augebatur
2038 2191 2192 2258 tides,
2223 2202 2276 2247 et
2307 2194 2449 2247 Dens
2498 2191 2852 2245 laudabatur.
2906 2185 3047 2252 Quid
3087 2182 3390 2255 praeterea?
3422 2180 3553 2235 Post
3590 2181 3740 2233 hanc

464 2279 842 2336 admirabilem
877 2277 1286 2348 Omnipotentis
1306 2281 1709 2350 providentiam
1729 2292 1784 2336 et
1810 2283 2107 2351 judicium,
2141 2300 2252 2338 non
2285 2284 2510 2353 longum
2545 2283 2753 2337 eﬂlnxit
2789 2291 3029 2349 tempus,
3070 2285 3124 2331 et
3155 2275 3393 2330 decessit
3439 2272 3742 2328 Nectarius

465 2375 698 2429 antistes
726 2372 1399 2443 Constantinopolitanus.
1456 2376 1747 2442 Qmerebat
1779 2386 1961 2433 autem
2016 2380 2247 2449 quilibet
2273 2395 2396 2435 eum
2435 2379 2527 2448 qni
2553 2387 2700 2433 esset
2736 2378 2954 2446 dignus.
2983 2373 3118 2428 Cum
3149 2372 3291 2425 alius
3325 2385 3454 2424 vero
3490 2370 3561 2424 ab
3613 2370 3741 2425 aliis

466 2464 832 2534 praeferretur,
863 2472 956 2517 ant
983 2464 1150 2518 etiam
1183 2466 1580 2531 intruderetur,
1628 2468 1956 2537 imperatori
1984 2470 2163 2524 visum
2197 2478 2281 2525 est
2309 2479 2431 2540 post
2465 2471 2687 2539 longam
2720 2468 2787 2522 de
2845 2482 2905 2520 re
2940 2463 3426 2524 consultationem,
3464 2458 3739 2514 Joannem

466 2556 668 2612 deduci
701 2555 1018 2617 Antiochia,
1075 2557 1337 2611 omnibus
1385 2561 1755 2615 communiter
1798 2562 2225 2633 suifragantibus
2250 2574 2303 2620 et
2355 2565 2431 2618 rei
2483 2571 2536 2618 et
2587 2563 2806 2616 litteris.
2852 2559 2977 2614 Haec
3000 2558 3284 2628 cognoscit
3320 2554 3649 2619 Antiochia;
3686 2565 3743 2609 et

467 2667 591 2721 quae
623 2651 888 2718 deinceps
922 2650 1141 2718 quidem
1174 2663 1505 2721 sequuntur,
1539 2656 1761 2724 aggredi
1794 2666 2016 2713 veretur
2047 2660 2263 2715 oratio:
2300 2659 2651 2730 aggredietur
2681 2667 2886 2713 tamen.
2931 2655 3111 2724 quoad
3144 2653 3258 2707 fieri
3308 2653 3539 2721 poterit.
3597 2650 3739 2704 Cum

470 2749 736 2816 cogitaret
766 2746 1145 2815 unusquisque
1169 2762 1229 2801 se
1277 2748 1363 2801 sui
1393 2748 1523 2803 boni
1560 2748 1744 2806 facere
1765 2751 2059 2821 jacturam,
2098 2757 2162 2810 ad
2197 2765 2406 2809 tantam
2442 2754 2759 2811 excitantur
2787 2752 3137 2815 seditionem,
3180 2756 3240 2801 nt
3272 2748 3471 2802 timore
3506 2746 3744 2801 aﬂectus

470 2844 719 2906 antistes,
747 2842 877 2895 dato
901 2841 1261 2910 jurejurando
1287 2845 1629 2913 persuaserit
1649 2847 1912 2903 omnibus
1942 2864 2002 2904 se
2035 2865 2150 2905 rem

545 2932 664 3006 [ll]
704 2948 831 2987 esse
862 2933 1291 3002 prohibiturum,
1332 2936 1525 3005 sicque
1560 2937 1649 2991 vix
1698 2938 1917 2993 tandem
1954 2956 2045 2994 se-

2230 2938 2446 3010 fta']....
2479 2935 2575 2992 τοῦ
2632 2937 2960 3008 πράγματος
3004 2932 3275 2985 κώλυσιν
3306 2931 3399 2984 καὶ
3432 2929 3577 2983 οὕτω
3610 2947 3748 2982 κατ-

471 3030 564 3083 dat
595 3027 921 3082 seditionem
949 3043 965 3091 ;
1015 3024 1081 3078 ad
1118 3027 1506 3097 imperatorem
1548 3037 1730 3083 autem
1764 3031 1956 3085 scribit
1988 3032 2055 3086 de

475 3118 769 3175 seditione.
808 3116 990 3170 Divini
1054 3116 1241 3187 itaque
1280 3118 1489 3172 stimuli
1528 3130 1581 3174 et
1626 3122 1879 3175 miraculi
1913 3123 2058 3176 desi-

469 3211 625 3265 derio
664 3209 861 3264 l‘eritnr
889 3224 989 3263 cor
1020 3210 1371 3280 imperatoris
1428 3221 1482 3266 et
1518 3221 1746 3269 senatus
1775 3230 1899 3268 cum
1943 3215 2057 3269 ha'c

470 3300 834 3366 audivissent,
882 3310 937 3356 et
972 3304 1161 3356 erecto
1202 3310 1431 3373 tropaeo,
1489 3319 1710 3358 sacrum
1768 3305 1900 3359 illud
1945 3307 2057 3360 hel-

473 3396 581 3446 lutn
609 3392 972 3454 declinantes,
1006 3408 1131 3446 cum
1157 3408 1269 3449 rem
1296 3409 1417 3464 qua:
1442 3394 1865 3449 desiderabatur
1892 3397 2057 3465 plane

471 3500 692 3541 auream
714 3500 777 3539 ex
798 3486 1137 3539 Antiochena
1161 3486 1381 3539 civitate
1406 3488 1831 3556 surripuissent,
1850 3489 2059 3544 donant

468 3577 970 3647 Constantinopoli.
1042 3577 1364 3644 Quomodo?
1437 3578 1639 3632 Comiti
1717 3580 2057 3635 Antiocheno

466 3672 614 3743 jubet
648 3672 973 3741 imperator,
1011 3680 1069 3725 ut
1136 3673 1522 3739 ignorantibus
1587 3673 1846 3728 omnibus
1891 3673 2057 3730 Joan-

473 3779 598 3819 nem
637 3762 706 3816 ad
754 3780 814 3820 se
857 3772 1187 3819 accerseret.
1214 3765 1371 3830 Quod
1422 3780 1548 3819 cum
1584 3765 1805 3821 fecisset
1848 3782 2056 3834 comes,

478 3865 535 3911 et
566 3871 743 3927 usque
772 3855 841 3909 ad
873 3854 1141 3926 martyria
1172 3872 1295 3925 qua:
1326 3865 1631 3911 suntextra
1669 3857 1944 3914 civitatem
1972 3874 2061 3913 sa-

481 3949 699 4016 pienter
732 3948 1027 4003 admodum
1082 3950 1343 4003 traxisset
1380 3948 1670 4011 Joannem,
1707 3959 1761 4005 et
1786 3966 1929 4021 equo
1958 3952 2061 4005 im-

477 4039 716 4107 positum
756 4036 922 4091 celeri
949 4052 1114 4091 cursu
1145 4037 1487 4103 abduxisset,
1522 4038 1674 4092 dedit
1700 4039 1766 4093 iis
1792 4042 1886 4110 qni
1911 4040 2058 4095 desi-

477 4124 771 4180 derabant.
812 4124 951 4179 Cum
984 4133 1166 4177 autem
1201 4125 1356 4179 multi
1376 4126 1767 4182 convenissent
1792 4129 2055 4198 episcopi,

475 4217 828 4287 imperatoris
859 4215 1037 4285 parati
1068 4215 1465 4281 sollicitudine,
1491 4231 1616 4270 cum
1639 4218 1913 4288 episcopis
1942 4229 2059 4273 erat

473 4310 638 4365 etiam
688 4308 1097 4364 Alexandrinus
1158 4309 1248 4365 ille
1275 4307 1637 4380 Theophilus,
1699 4312 1794 4383 qui
1852 4313 2055 4369 invidia

473 4408 679 4467 motus,
713 4401 1023 4457 conabatur
1043 4399 1277 4459 Joannis
1310 4405 1501 4475 gloria:
1539 4406 1872 4475 detrahere;
1904 4409 2053 4479 quod

473 4491 625 4547 nulla
656 4493 710 4548 in
733 4508 859 4548 cum
883 4492 1104 4549 caderet
1126 4496 1501 4567 reprehensio,
1533 4497 1824 4554 tabescens
1853 4508 1908 4554 et
1926 4515 2054 4555 eum

474 4597 737 4640 recusans
753 4585 1191 4657 manuimposita
1206 4603 1552 4644 consecrare.
1582 4591 1833 4646 Vincitur
1869 4601 2056 4649 tamen

478 4676 565 4732 vel
600 4676 853 4741 invitus;
888 4690 1103 4748 semper
1156 4679 1301 4733 enim
1329 4680 1503 4733 vincit
1540 4680 1778 4749 Spiritus
1812 4693 2059 4740 sanctus.

476 4768 569 4825 Sic
617 4776 802 4826 autem
839 4769 1079 4825 vincitur
1112 4789 1125 4826 :
1163 4770 1316 4825 multi
1348 4786 1411 4825 ex
1443 4772 1512 4826 iis
1543 4772 1638 4842 qui
1684 4773 1873 4827 divino
1905 4783 2063 4828 erant

476 4858 594 4913 zelo
631 4858 865 4925 incensi,
904 4857 1191 4931 Theophili
1247 4860 1516 4914 malorum
1569 4860 1793 4914 Iliadem
1838 4862 2065 4932 scriptis

480 4947 619 5003 satis
641 4950 869 5018 pulchre
893 4952 1245 5016 mandarunt,
1277 4965 1438 5021 quam
1472 4952 1693 5021 quidem
1718 4960 1849 5005 tunc
1872 4968 2067 5010 manus

480 5046 696 5101 tenens,
730 5039 826 5110 qui
860 5039 917 5094 in
946 5042 1306 5113 imperatorio
1340 5043 1548 5111 primas
1580 5050 1763 5113 partes
1786 5044 2066 5100 obtinebat

477 5144 760 5202 gynaceo,
809 5131 858 5188 is
892 5144 1073 5188 autem
1108 5143 1229 5189 erat
1265 5133 1588 5205 Eutropius,
1636 5134 1943 5207 Theophilo
1974 5153 2065 5193 os-

480 5224 655 5278 tendit
685 5225 876 5282 dieens
902 5245 917 5280 :
944 5226 1192 5284 Alterum
1216 5227 1452 5283 duorum
1481 5229 1641 5297 elige,
1677 5238 1737 5283 ut
1762 5232 1843 5285 vel
1867 5230 2064 5287 horum

480 5316 856 5379 convincaris,
892 5320 976 5373 vel
1018 5320 1297 5390 impositis
1342 5320 1604 5377 manibus
1637 5319 1903 5376 Joannem
1936 5337 2068 5377 con-

480 5414 686 5460 secres.
723 5406 1003 5463 Adversus
1041 5424 1166 5465 eum
1206 5425 1339 5481 ergo
1362 5411 1455 5481 qui
1492 5412 1621 5465 talia
1654 5425 1827 5467 ausus
1864 5409 2064 5474 fuerat,

478 5488 725 5563 Eutropii
782 5497 1075 5553 verborum
1118 5501 1383 5569 producta
1440 5506 1607 5567 acies,
1645 5505 1695 5558 vi
1726 5505 2060 5575 expugnavit

479 5580 787 5639 maleficum
817 5585 1115 5657 periculosi
1148 5596 1202 5641 et
1249 5590 1510 5659 ancipitis
1545 5590 1739 5645 studii.
1784 5590 1904 5657 Quo
1936 5589 2057 5659 qui-

480 5670 607 5727 dem
651 5690 775 5729 cum
816 5677 869 5730 in
902 5675 1266 5747 'l'thphilum
1298 5695 1455 5734 acres
1508 5681 1620 5748 jam
1676 5681 1867 5736 ﬁerent
1914 5694 2063 5749 qua:-

486 5763 727 5831 stiones,
762 5766 814 5821 in
839 5766 1003 5823 trivio
1031 5768 1447 5839 cogitationum,
1477 5778 1533 5822 ut
1556 5779 1637 5826 est
1671 5770 1724 5823 in
1749 5766 2063 5840 proverbio,

2160 3033 2375 3096 ευνάζει
2408 3031 2559 3101 μόλις
2594 3029 2654 3082 τδ
2708 3025 3017 3089 στασιάζον,
3049 3026 3144 3077 καὶ
3176 3024 3377 3094 γράφει
3416 3022 3494 3091 τῷ
3531 3021 3751 3091 βασιλεῖ

2157 3122 2225 3175 τὰ
2249 3124 2347 3191 τῆς
2378 3120 2640 3182 στάσεως.
2705 3117 2969 3172 Βάλλεται
3020 3116 3200 3168 τοίνυν
3224 3114 3301 3184 τῷ
3321 3113 3413 3166 τοῦ
3442 3112 3589 3165 θείου
3612 3111 3746 3164 κέν-

2159 3235 2288 3289 τρου
2325 3217 2418 3270 καὶ
2465 3215 2745 3285 θαύματος
2785 3212 2935 3283 πόθῳ
2987 3211 3083 3281 τὴν
3116 3209 3344 3279 καρδίαν
3392 3209 3419 3259 ὁ
3461 3206 3747 3277 βασιλεὺς,

2161 3312 2256 3364 καὶ
2284 3313 2317 3380 ἡ
2351 3308 2653 3377 σύγκλητος
2712 3305 2918 3359 τούτων
2958 3302 3323 3369 ἀκούσαντες,
3360 3302 3453 3353 καὶ
3493 3298 3749 3369 τροπαίῳ

2159 3400 2250 3454 τὸν
2278 3401 2423 3470 ἱερὸν
2451 3401 2656 3451 ἐκεῖνον
2707 3395 3054 3457 ἐκκλίναντες
3101 3392 3360 3462 πόλεμον,
3398 3390 3491 3443 καὶ
3528 3389 3590 3441 τὸ
3623 3390 3751 3441 ἐπι-

2162 3494 2505 3563 θυμούμενον
2573 3487 2811 3559 χρυσοῦν
2850 3487 3020 3549 όντως
3061 3488 3251 3556 χρῆμα
3305 3486 3404 3553 τῆς
3460 3483 3748 3552 Ἀντιόχου

2160 3579 2793 3651 λαφυραγωγησάμενοι,
2838 3576 2907 3645 τῇ
2938 3574 3352 3627 Κωνσταντίνου
3402 3571 3746 3642 χαρίζονται.

2163 3670 2287 3732 Πῶς
2311 3686 2325 3734 ;
2348 3668 2439 3737 Τῷ
2460 3668 2661 3737 κόμητι
2678 3664 3007 3733 Ἀντιοχείας
3032 3663 3060 3713 ό
3089 3662 3337 3731 βασιλεὺς
3366 3659 3748 3729 ἐγκελεύεται,

2162 3762 2356 3831 ἀγνοίᾳ
2390 3760 2629 3820 πάντων,
2662 3757 2753 3810 τὸν
2794 3756 3047 3825 Ἰωάννην
3079 3754 3457 3825 παρακαλέσαι
3485 3756 3581 3808 καὶ
3613 3756 3752 3807 ὑπο-

2160 3851 2439 3917 δέξασθαι.
2465 3850 2574 3903 Καὶ
2601 3847 2759 3903 τοῦτο
2791 3846 2994 3916 δράσας
3033 3846 3061 3899 ὁ
3087 3845 3286 3915 κόμης,
3322 3847 3415 3898 καί⁵
3440 3844 3602 3914 μέχρι
3637 3844 3753 3895 τῶν

2165 3941 2514 4011 μαρτυρείων
2540 3939 2643 4003 ἔξω
2685 3937 2787 4007 τῆς
2836 3936 3043 3998 πόλεως
3074 3934 3425 4005 παρελκύσας
3452 3936 3591 3999 ἄγαν
3624 3952 3753 3987 συν-

2161 4030 2299 4093 ετῶς
2346 4031 2439 4082 καὶ
2482 4028 2763 4100 φρονίμως
2792 4026 2884 4080 τὸν
2925 4026 3200 4095 Ἰωάννην,
3239 4026 3331 4079 καὶ
3360 4025 3437 4095 τῷ
3458 4025 3752 4096 όξυδρόμῳ

2162 4121 2661 4191 ἐφιππασάμενος,
2734 4121 2849 4181 τοῖς
2930 4116 3188 4170 ποθοῦσιν
3266 4117 3749 4187 ἀποκαθέστηκεν.

2163 4208 2386 4281 Ἐπειδὴ
2438 4210 2495 4262 δὲ
2525 4210 2621 4262 καὶ
2648 4209 2958 4271 συνέλευσις
2984 4205 3054 4279 ἦν
3090 4208 3302 4261 πολλῶν
3332 4208 3653 4260 ἐπισκόπων
3684 4210 3755 4261 ἐκ

2168 4300 2451 4372 βασιλικῆς
2521 4298 2803 4371 φροντίδος
2856 4297 3415 4367 παρασκευασθεῖσα,
3478 4296 3575 4349 σὺν
3632 4299 3752 4359 τοῖς

2166 4392 2486 4460 ἐπισκόποις
2512 4392 2607 4444 καὶ
2635 4391 2664 4442 ὁ
2701 4388 3107 4459 Ἀλεξανδρείας
3140 4390 3346 4451 ἐκεῖνος
3375 4387 3655 4455 Θεόφιλος,
3688 4387 3753 4450 ὅς

2165 4481 2421 4553 διασύραι
2448 4481 2547 4552 τὴν
2575 4481 2823 4536 Ἰωάννου
2876 4480 3054 4544 δόξαν,
3089 4479 3270 4549 φθόνῳ
3310 4479 3561 4544 κλαπεὶς,
3597 4480 3755 4546 ἡγω-

2168 4573 2366 4637 νίζετο,
2397 4572 2475 4643 τῷ
2505 4571 2860 4642 ἀνεπιλήπτῳ
2886 4570 2981 4624 τοῦ
3011 4571 3201 4641 ἀνδρὸς
3234 4571 3624 4640 ἐκτηκόμενος,
3654 4571 3758 4623 καὶ

2168 4666 2303 4736 πρὸς
2336 4665 2434 4733 τὴν
2457 4662 2795 4734 χειροτονίαν
2824 4656 3187 4731 ἀναδυόμενος
3210 4676 3223 4689 ·
3270 4661 3421 4728 ὅμως
3458 4658 3553 4710 καὶ
3598 4658 3758 4711 ἄκων

2160 4757 2388 4824 ἡττᾶται
2412 4772 2426 4786 ·
2451 4756 2575 4824 νικᾷ
2589 4752 2699 4824 γὰρ
2719 4752 2807 4805 ἀεὶ
2830 4750 2892 4805 τὸ
2913 4751 3137 4821 Πνεῦμα
3157 4751 3217 4802 τὸ
3237 4750 3413 4817 ἅγιον·
3438 4751 3667 4819 ἡττᾶται
3694 4750 3759 4802 δὲ

2160 4848 2326 4901 οὕτωο
2367 4846 2561 4899 Πολλοὶ
2584 4844 2695 4897 τῶν
2725 4842 3193 4915 πυρπολουμένων
3211 4841 3287 4910 τῷ
3324 4842 3455 4911 θείῳ
3480 4842 3625 4910 ζήλῳ
3652 4842 3759 4912 τὴν

2175 4936 2369 4991 Ἰλιάδα
2387 4936 2499 4989 τῶν
2543 4933 2806 5003 Θεοφίλου
2841 4930 3028 4985 κακῶν
3057 4932 3296 5000 γραφαῖς
3312 4946 3369 4981 τε
3392 4930 3485 4981 καὶ
3509 4944 3761 4997 συγγρας

2166 5032 2293 5098 φαῖς
2326 5029 2426 5082 οὐκ
2464 5026 2706 5096 ἀγεννῶς
2732 5022 3133 5096 ἐρραψῴδησαν
3150 5038 3166 5053 '
3188 5021 3380 5089 ῆντινα
3403 5019 3523 5072 τότε
3550 5035 3759 5087 χειρω-

2166 5126 2397 5196 σάμενος
2421 5125 2451 5177 ό
2479 5124 2579 5192 τῆς
2634 5120 2921 5192 βασιλικῆς
2966 5116 3264 5188 πρωτεύων
3286 5114 3754 5183 γυναικωνίτιδος,

2165 5215 2465 5286 Εύτρόπιος
2491 5212 2550 5266 δὲ
2579 5205 2736 5274 οὗτος
2755 5205 2844 5280 ἦν,
2861 5207 2940 5277 τῷ
2957 5205 3203 5275 Θεοφίλῳ
3222 5203 3524 5267 ὑπέδειξεν,
3544 5204 3720 5255 εἰπών
3742 5220 3757 5232 ·

2165 5308 2321 5359 Δυοῐν
2350 5304 2581 5374 θάτερον
2618 5299 2858 5366 ἔκλεξαι·
2877 5298 2910 5367 ἢ
2928 5295 3100 5349 ταῦτα
3129 5294 3476 5365 ἐλεγχθῆναι,
3512 5294 3544 5363 ῆ
3573 5291 3762 5345 Ἰωαν-

2166 5413 2264 5467 νην
2291 5396 2693 5467 χειροτονῆσαι.
2721 5391 2813 5460 Τῷ
2865 5388 3047 5443 τοίνυν
3078 5386 3322 5455 τολμητῇ
3357 5382 3465 5436 τῶν
3495 5384 3763 5435 τοιούτων

2168 5492 2200 5561 ἡ
2232 5487 2537 5559 Εὐτροπίου
2582 5484 2693 5538 τῶν
2732 5483 2909 5551 λόγων
2956 5476 3537 5548 ἁντιστρατευσαμένη
3577 5477 3763 5544 παρά-

2169 5581 2343 5647 ταξις,
2366 5581 2515 5650 αίρεϊ
2550 5577 2694 5632 κατὰ
2738 5576 2938 5647 κράτος
2968 5573 3061 5627 τδν
3092 5568 3511 5639 κακουργοῦντα
3545 5567 3622 5636 τῷ
3646 5568 3761 5634 ἀμ-

2174 5675 2468 5745 φικρήμνῳ
2507 5670 2602 5724 τοῦ
2633 5670 3088 5741 ἐπιτηδεύματος.
3119 5659 3190 5734 ⁷ῼ
3218 5662 3475 5731 θεόφιλος
3507 5660 3759 5731 σφοδρῶς

2175 5766 2275 5838 ήδη
2318 5764 2746 5837 λιηλατούμενος
2805 5764 2863 5819 ἐν
2909 5759 3099 5833 τριόδῳ
3134 5755 3433 5828 λογισμῶν,
3466 5755 3525 5810 τὸ
3559 5771 3762 5825 παροι-
