4070 6206
337 254 446 319 249

1002 249 1288 311 ORATIO
1314 248 1539 310 XVIII.
1563 274 1631 284 ·-
1661 246 2047 308 LAUDATIO
2080 248 2142 308 S.
2181 248 2425 309 JOANN
2434 249 2503 308 IS
2532 248 2939 309 CHRYSOS'I‘.

3410 200 3613 318 6250

340 366 549 443 tum;
571 403 587 429 ,
618 359 1035 431 ἀκροϐολίζεται
1059 375 1070 387 ·
1104 359 1199 412 καὶ
1251 359 1390 429 πρὸς
1436 357 1536 426 μὲν
1563 358 1661 426 τὴν
1686 372 1924 427 χειροτο-

2034 355 2161 410 telis
2176 358 2457 426 appetitur
2478 374 2492 419 ;
2512 366 2563 409 et
2577 358 2645 410 ad
2662 371 2922 411 manuum
2941 356 3163 426 quidem
3185 358 3610 427 impositionem.

336 457 457 509 νίαν
513 453 609 507 τοῦ
647 450 842 522 καιροῦ
874 450 1276 519 παραστάντος.
1313 448 1549 501 ἐκτείνει
1577 448 1677 511 τὰς
1711 451 1923 517 χεῖρας,

335 546 750 618 προσεκτείνειν
778 544 835 595 δὲ
864 542 1067 605 ταύτας
1119 543 1262 594 κατὰ
1307 539 1403 593 τοῦ
1452 539 1926 610 χειροθετηθέντος

334 640 565 708 ὕστερον
608 637 710 689 οὐκ
756 634 1082 704 ἐνάρκησεν.
1118 626 1251 685 Εἶτα
1278 631 1419 702 μετὰ
1440 632 1540 700 τὴν
1567 630 1923 701 χειροτονίαν,

332 729 643 795 εὐλογεῖται
669 724 825 797 παρὰ
862 723 958 776 τοῦ
1004 722 1307 793 ἀρχιερέως
1347 724 1378 775 6
1415 723 1606 786 πιστὸς
1646 721 1922 792 βασιλεὺς,

332 822 454 891 ἃμα
483 820 622 872 πᾶσι
653 820 766 880 τοῖς
800 817 897 869 σὺν
926 815 1097 885 αὐτῷ,
1128 814 1217 867 διὰ
1244 813 1413 884 τιμῆς
1451 814 1713 883 μεγίστης
1748 813 1926 881 λόγοις

332 908 431 960 καὶ
466 907 605 959 πᾶσι
635 907 859 973 τρόποις
884 903 974 955 τὸν
1008 903 1273 973 ἀρχιερέα
1296 902 1641 971 ποιούμενος.
1690 901 1748 954 '0
1771 901 1830 955 δέ
1859 903 1927 956 τὰ

332 998 548 1069 συνήθη
595 996 696 1066 τῆς
744 996 954 1058 οἰκείας
984 994 1277 1056 εύλαῦείας
1326 994 1423 1048 καὶ
1468 993 1689 1064 ἐφρόνει
1721 993 1815 1047 καὶ
1846 992 1926 1047 δι-

330 1092 578 1158 ελέγετο,
606 1087 812 1157 ταύτην
835 1087 1156 1140 τελευταίαν
1180 1088 1299 1140 τότε
1328 1085 1429 1155 τὴν
1460 1086 1785 1156 παραίνεσιν
1804 1088 1922 1139 ἐπι-

332 1184 472 1247 θείς·
503 1184 569 1235 Δί
600 1181 700 1250 μιν
725 1180 884 1233 ἄλλαι
900 1179 1009 1231 τῶν
1030 1179 1377 1249 διοικήσεων,
1408 1178 1572 1246 λέγω,
1598 1172 1643 1230 ὦ
1679 1176 1919 1247 βασιλεῦ,

331 1276 430 1326 καὶ
453 1274 658 1335 πάντες
696 1271 745 1323 oi
790 1270 1222 1339 παρεστηκότες,
1265 1269 1564 1343 ἀναλόγους
1586 1251 1793 1340 ’ἔχουσι
1829 1270 1924 1321 καὶ

329 1367 462 1428 τοὺς
492 1363 777 1425 κινδύνους
805 1363 899 1416 καὶ
928 1362 1000 1415 τὰ
1026 1364 1169 1432 γέρα
1189 1378 1204 1392 ⁸
1234 1361 1427 1431 ἱερέων
1446 1360 1504 1415 δὲ
1533 1363 1626 1414 καὶ
1649 1362 1924 1431 ποιμένων

330 1456 459 1520 ὅσος
484 1454 757 1515 κίνδυνος,
790 1454 889 1505 ὃσα
934 1453 1004 1506 τὰ
1053 1452 1215 1524 γέρα,
1243 1447 1318 1507 ὧν
1341 1449 1399 1507 εὖ
1426 1453 1461 1524 ἢ
1500 1454 1687 1516 κακῶς
1718 1454 1922 1524 διῳκή-

334 1562 522 1610 σαντο,
545 1545 761 1615 πλήρης
776 1546 946 1608 πᾶσα,
966 1543 1287 1615 Συγγραφὴ,
1309 1546 1482 1614 Καινή
1495 1562 1555 1598 τε
1577 1548 1670 1598 καὶ
1687 1545 1918 1599 Παλαιά.

332 1637 605 1706 Διομένου
630 1636 810 1688 τοίνυν
859 1636 1001 1699 τινὸς
1042 1638 1167 1690 ὅσαι
1206 1637 1411 1707 ἡμέραι
1459 1636 1561 1705 τῆς
1597 1635 1920 1706 θεραπείας,

2031 460 2158 499 cum
2180 455 2330 500 esset
2358 456 2597 516 tempus,
2628 450 2878 503 extendit
2908 463 3129 509 manus.
3163 450 3231 503 ad
3264 464 3402 519 quas
3426 462 3615 521 postea

2031 538 2410 593 extendendas
2457 540 2510 593 in
2545 556 2694 599 eum.
2726 542 2814 595 cui
2852 555 2948 597 eas
2987 541 3354 612 imposuerat,
3392 544 3616 599 minime

2030 628 2335 698 obtorpuit.
2372 628 2577 685 Deinde
2619 641 2743 700 post
2796 634 3300 698 consecrationem,
3332 633 3615 690 benedici-

2030 725 2119 771 tur
2156 733 2186 771 a
2228 719 2489 787 pontiﬁce
2526 720 2702 777 ﬁdelis
2753 723 3051 792 imperator
3096 739 3220 779 cum
3270 725 3390 780 suis
3446 726 3615 781 simul

2028 811 2314 878 omnibus,
2352 814 2445 883 qui
2480 814 2536 867 in
2571 816 2813 869 maximo
2846 816 3057 871 honore
3079 826 3132 871 et
3155 817 3337 873 verbis
3358 828 3412 873 et
3434 818 3614 873 modis

2028 903 2291 957 omnibus
2349 904 2584 960 habebat
2642 906 2979 974 pontificem.
3036 908 3130 962 Ille
3171 920 3355 962 autem
3406 910 3517 980 pie.
3554 919 3614 969 ut

2028 993 2269 1057 solebat,
2324 996 2609 1051 sentiebat
2647 1004 2703 1051 et
2749 996 3059 1052 disserebat
3087 1015 3105 1064 ;
3131 1000 3226 1068 qui
3262 1000 3426 1053 etiam
3468 1000 3613 1055 hanc

2029 1084 2276 1138 ultimam
2328 1094 2456 1139 tunc
2504 1086 2654 1141 dedit
2706 1087 3182 1143 admonitionem:
3221 1090 3359 1145 Alia
3388 1091 3610 1159 quidem

2029 1177 2573 1245 administrationes,
2606 1178 2766 1241 dixit,
2804 1194 2839 1233 o
2868 1180 3169 1249 imperator
3195 1189 3250 1235 et
3279 1197 3471 1236 omnes
3514 1185 3611 1251 qui

2027 1272 2253 1335 adestis,
2284 1272 2641 1341 prOportione
2670 1272 3057 1327 convenientia
3086 1273 3286 1329 habent
3309 1285 3362 1329 et
3387 1277 3610 1345 praemia

2026 1368 2083 1415 et
2113 1362 2353 1431 pericula
2382 1379 2398 1428 ;
2433 1364 2783 1417 sacerdotum
2823 1371 2879 1418 et
2918 1372 3201 1430 pastorum
3231 1378 3501 1436 quantum
3531 1371 3604 1422 sit

2027 1453 2354 1521 perieulum,
2382 1462 2438 1507 et
2469 1462 2681 1523 quanta
2712 1454 2936 1522 praemia
2962 1470 3178 1521 eorum,
3212 1473 3330 1524 quae
3357 1460 3493 1513 bene
3524 1460 3607 1513 vel

2028 1544 2168 1597 male
2208 1543 2484 1613 gesserint
2526 1546 2581 1597 in
2618 1544 3121 1610 administratione,
3154 1546 3315 1615 plena
3368 1558 3453 1603 est
3486 1550 3609 1602 uni-

2028 1647 2185 1688 versa
2240 1631 2533 1701 Scriptura
2588 1643 2642 1686 et
2687 1630 2835 1686 Nova
2902 1642 2957 1687 et
2993 1630 3203 1699 Vetus;
3240 1634 3287 1689 si
3322 1635 3446 1703 quis
3478 1650 3608 1703 ergo

331 1731 395 1782 οὐ
431 1704 720 1797 (ρείσομαι.
752 1728 864 1781 Καὶ
896 1728 1198 1798 προσετίθη
1228 1704 1444 1791 τούτοις
1477 1704 1545 1781 τὰ
1584 1704 1726 1780 κατὰ
1759 1727 1922 1781 Δαὸὶδ

2031 1724 2276 1795 quotidie
2324 1740 2465 1795 opus
2517 1725 2716 1779 habeat
2754 1726 3067 1791 curatione,
3102 1741 3209 1780 non
3243 1739 3467 1795 parcam
3510 1737 3608 1791 ;et

333 1822 427 1873 καί
456 1818 674 1884 Ναϐὰν,
705 1818 766 1871 τὸ
788 1814 888 1887 τῆς
915 1819 1161 1889 Γραφῆς,
1201 1820 1280 1883 εἰς
1318 1818 1689 1889 παράδειγμα.
1726 1819 1924 1888 Ἀσμε-

332 1910 475 1974 νίζει
503 1908 716 1972 τούτοις
741 1911 769 1963 6
788 1909 1112 1972 πιστότατος
1140 1910 1417 1979 βασιλεὺς,
1446 1906 1921 1979 συμπροθυμεῖται

330 2000 390 2055 δὲ
424 2001 536 2063 πᾶς
568 2002 598 2053 ό
626 1999 895 2069 βασίλειος
949 2000 1159 2070 ὅμιλος,
1209 1994 1254 2069 ᾧ
1276 2000 1397 2052 τότε
1438 1999 1524 2071 δὴ,
1558 2000 1680 2053 τότε
1720 2000 1812 2053 τὸν
1848 2001 1925 2053 δι-

329 2092 671 2147 δασκαλικὸν
714 2093 949 2157 ἐξέτεινε
1002 2092 1183 2161 λόγον,
1235 2092 1381 2155 ὅπως
1421 2092 1528 2145 δέοι
1575 2093 1783 2156 πάντας
1808 2095 1923 2156 τοῖς

333 2189 507 2238 πᾶσιν
551 2185 854 2253 ἐπιχειρεῖν
879 2198 895 2214 ο
953 2182 1197 2252 ἱστορίαν
1230 2199 1292 2235 τε
1331 2181 1573 2252 μεγάλου
1620 2181 1919 2253 θαύματος,

334 2278 430 2329 καὶ
468 2274 882 2346 μνήμηςάξίαν
933 2273 1322 2345 προϐάλλεται,
1369 2274 1548 2343 φήσας
1572 2293 1585 2306 ·
1624 2273 1699 2337 ὡς
1740 2275 1921 2338 Τίτος,

330 2371 361 2420 ὁ
401 2366 623 2437 Ῥώμης
653 2364 811 2429 ἄναξ,
865 2363 1088 2436 [πολλὰ]
1144 2364 1405 2427 πολλάκις
1446 2363 1690 2418 τοιοῦτόν
1717 2382 1771 2417 τι
1823 2369 1924 2419 ἐπ·

332 2460 525 2525 ἔλεγεν
555 2455 755 2525 ἐαυτῷ,
800 2454 999 2522 λέγων,
1038 2454 1289 2524 Σήμερον
1336 2454 1433 2506 οὐκ
1466 2453 1922 2524 ἐδασιλεύσαμεν,

336 2556 447 2606 εἴτ’
476 2552 573 2606 οὖν
608 2553 709 2604 οὐκ
762 2551 1063 2621 ἐζήσαμεν,
1094 2550 1261 2621 μηδὲν
1303 2549 1450 2614 ἄξιον
1482 2549 1748 2620 βασιλέως
1779 2551 1927 2621 ποιή-

336 2660 560 2708 σαντες.
578 2643 701 2696 Ἐτι
728 2641 787 2695 δὲ
804 2642 901 2695 τοῦ
922 2642 1225 2712 ἀρχιερέως
1249 2640 1343 2693 τὸν
1373 2640 1531 2708 λόγον
1558 2641 1920 2710 συνείροντος,

335 2736 454 2790 ιδού
481 2753 565 2800 τις
593 2736 729 2805 ἀνὴρ
760 2733 1029 2803 δαιμονῶν
1054 2734 1242 2785 ἐκεῖνα
1276 2733 1441 2802 μέσον
1470 2732 1727 2788 ἁπάντων
1751 2733 1924 2786 ἐποίει

334 2829 441 2879 καὶ
482 2823 731 2896 ἔκραζεν,
766 2823 867 2875 ὅσα
909 2823 970 2874 τὸ
1015 2820 1266 2892 ἐνοχλοῦν
1312 2822 1586 2893 δαιμόνιον
1630 2820 1798 2891 φῦλον
1834 2821 1924 2885 ἐξ-

334 2917 612 2980 εϐιάζετο.
666 2916 1075 2986 Παρακαλεῐται
1124 2916 1153 2967 ὁ
1217 2914 1404 2985 ίατρδς
1457 2913 1795 2984 θεραπεῦσαι
1862 2914 1925 2966 τὸ

334 3011 577 3079 πάσχον.
636 3009 745 3061 Καὶ
793 3008 978 3077 μέντοι
1023 3008 1121 3061 καὶ
1173 3006 1468 3078 θεραπεύει
1526 3007 1782 3078 σφραγῖδι
1825 3004 1923 3059 τοῦ
1950 3038 1995 3096 c

331 3102 524 3173 τιμίου
576 3102 832 3171 σταυροῦ,
904 3102 999 3154 καὶ
1044 3103 1112 3172 τῇ
1168 3100 1458 3171 ἐπικλήσει
1500 3101 1601 3169 τῆς
1640 3100 1801 3168 ἁγίας
1830 3100 1924 3151 καὶ

334 3191 611 3256 ζωοποιοῦ
643 3191 895 3262 Τριάδος,
918 3189 1087 3244 είπὼν
1118 3191 1253 3262 πρὸς
1280 3191 1469 3245 αὐτόν’
1501 3191 1604 3244 Ἴδε
1627 3190 1789 3261 ὑγιὴς
1827 3192 1920 3261 γέ-

335 3301 508 3351 γονας
533 3300 548 3313 ·
603 3284 806 3353 μηκέτι
836 3282 1148 3352 βλασφήμει
1192 3281 1254 3334 τὸ
1279 3282 1467 3347 Θεῖον,
1497 3282 1586 3335 ἵνα
1628 3282 1702 3353 μὴ
1742 3282 1924 3353 χεῖρόν

334 3375 388 3427 τί
422 3392 508 3428 σοι
555 3373 805 3442 γένηται.
838 3373 1009 3426 Τοῦτο
1035 3374 1069 3440 ἡ
1099 3372 1408 3444 τελεωτέρα
1434 3374 1727 3445 στερέωσις
1752 3372 1924 3426 ἅπασι

337 3467 435 3535 τῆς
463 3466 545 3527 είς
573 3465 809 3537 Χριστὸν
847 3465 1138 3534 ὁμολογίας
1177 3466 1272 3519 καὶ
1296 3466 1549 3531 πίστεως.

410 3644 500 3716 ιβ’.
542 3644 702 3696 Ἀλλὰ
725 3642 898 3696 ταῦτα
921 3646 1019 3713 μὲν
1045 3646 1123 3707 εἰς
1142 3645 1394 3699 τοσοῦτον
1419 3643 1698 3714 θαύματος
1721 3643 1925 3711 ἄγοντα

334 3740 429 3792 τδν
462 3737 740 3807 ἀκροατήν
762 3752 775 3767 ⁸
819 3736 983 3800 δείξει
1006 3735 1061 3788 δὲ
1112 3736 1319 3806 προῖὼν
1337 3738 1365 3789 ό
1392 3736 1549 3803 λόγος
1577 3736 1673 3787 καὶ
1703 3735 1769 3787 τὰ
1797 3734 1925 3787 τού-

332 3850 432 3887 του
459 3824 909 3900 θαυμασιώτερα.
941 3830 1100 3900 Ἀρτι
1124 3830 1234 3882 τῶν
1258 3830 1460 3883 οἰάκων
1488 3829 1587 3898 τῆς
1617 3829 1926 3898 οἰκουμενι-

335 3923 443 3991 κῆς
471 3920 699 3983 ὁλκάδος
747 3920 775 3970 6
829 3917 1332 3987 πνευματοκίνητος
1379 3917 1723 3988 κυϐερνήτης
1770 3919 1923 3969 ἐπει-

335 4013 645 4082 λημμένος,
696 4012 790 4065 καὶ
851 4011 987 4081 πρὸς
1039 4010 1138 4073 τὰς
1173 4009 1590 4075 άντιπνεούσας,
1639 4009 1697 4062 αἶ
1730 4008 1925 4062 πολλαὶ

337 4107 481 4158 κατὰ
510 4103 606 4156 τοῦ
639 4102 957 4171 θαυμαστοῦ
990 4101 1261 4170 πελάγους
1287 4101 1384 4172 τῆς
1427 4102 1773 4172 Ἐκκλησίας,
1809 4100 1926 4153 δια-

338 4194 685 4264 σκεψάμενος
714 4191 1010 4258 λαίλαπας,
1042 4194 1093 4245 τί
1137 4193 1237 4263 μὲν
1263 4194 1325 4246 ού
1369 4194 1535 4257 ποιεῖ,
1580 4191 1740 4244 ποίαν
1773 4190 1831 4244 δέ
1862 4191 1924 4242 ού

336 4288 482 4341 κινεῖ
537 4284 793 4356 μηχανὴν
829 4286 1126 4355 σωτηρίας,
1179 4285 1283 4347 ἓως
1313 4281 1375 4339 οὒ
1420 4286 1736 4356 καταντήσῃ
1788 4285 1925 4356 πρὸς

2029 1818 2117 1872 his
2169 1817 2466 1887 adjiciebat
2520 1831 2641 1886 qua!
2704 1814 2990 1886 Scriptura
3031 1817 3167 1871 dicit
3205 1817 3274 1872 de
3317 1816 3522 1872 Davide
3554 1828 3609 1871 et

2026 1909 2239 1963 Natlian
2269 1909 2323 1962 in
2358 1909 2693 1978 exemplum.
2725 1909 2799 1963 Ea
2834 1908 3087 1963 lubenter
3123 1908 3275 1962 audit
3308 1908 3608 1978 imperator

2030 2002 2411 2065 fidelissimus,
2450 2009 2717 2073 grataque
2766 1998 2994 2055 fuerunt
3022 2001 3124 2055 toti
3159 2009 3397 2055 caterva:
3428 2001 3604 2069 impe-

2025 2094 2253 2149 ratoris.
2306 2092 2462 2147 Tunc
2517 2101 2728 2155 autem,
2789 2101 2921 2146 tunc
2974 2093 3029 2145 in
3095 2092 3346 2147 docendo
3396 2093 3605 2161 prolixa

2027 2185 2284 2239 utebatur
2332 2184 2604 2247 oratione,
2636 2195 2877 2251 quonam
2911 2180 3076 2236 modo
3107 2189 3385 2251 oporteret
3414 2194 3607 2235 omnes

2024 2280 2211 2333 omnia
2250 2278 2467 2349 aggredi
2503 2296 2519 2345 ;
2552 2286 2607 2331 et
2654 2276 2969 2347 proferebat
3018 2275 3305 2332 historiam
3357 2275 3605 2344 dignam,

2026 2385 2145 2440 qua:
2192 2377 2241 2424 et
2302 2371 2358 2424 in
2421 2368 2790 2424 admiratione
2845 2353 3143 2422 haberetur
3199 2373 3254 2421 et
3316 2364 3605 2420 mandare-

2027 2468 2117 2514 tur
2166 2460 2467 2524 memoriae,
2508 2460 2749 2519 dicens:
2792 2458 2953 2513 Titus
3000 2458 3299 2526 imperator
3328 2454 3606 2509 Romano-

2029 2566 2147 2603 rum
2180 2564 2323 2618 saepe
2355 2550 2463 2604 tale
2492 2549 2624 2620 quid
2655 2547 2802 2619 apud
2832 2563 2893 2603 se
2921 2547 3215 2603 dictitabat
3246 2561 3260 2597 :
3295 2546 3469 2601 Hodie
3495 2560 3604 2600 non

2030 2639 2442 2709 imperavimus,
2487 2654 2585 2695 seu
2620 2655 2730 2694 non
2778 2638 3040 2704 viximus,
3069 2646 3129 2691 ut
3166 2637 3262 2705 qui
3296 2636 3433 2690 nihil
3461 2635 3606 2690 fece-

2027 2732 2203 2787 rimus
2222 2731 2445 2800 dignmu
2475 2722 2827 2801 imperatore.
2856 2730 2995 2785 Cum
3026 2738 3207 2783 autem
3237 2727 3415 2781 adhuc
3439 2725 3607 2781 verba

2028 2822 2380 2875 continuaret
2408 2820 2681 2889 pontifex,
2715 2835 2846 2876 ecce
2878 2820 2958 2873 vir
2977 2818 3202 2889 quidam
3234 2817 3607 2872 daemoniacus
3686 2864 3689 2869 .

2030 2910 2122 2965 illa
2160 2910 2397 2966 faciebat
2439 2922 2493 2966 et
2534 2912 2806 2966 clamabat
2852 2913 2904 2965 in
2951 2912 3131 2966 medio
3180 2910 3449 2975 omnium,
3483 2923 3611 2977 quas

2030 3019 2238 3059 vexans
2265 3004 2413 3071 cogit
2441 3019 2617 3074 genus
2656 3004 2967 3058 daemonum
3001 3024 3016 3059 :
3054 3011 3282 3071 rogatur
3337 3000 3603 3065 medicus,

2032 3104 2091 3151 ut
2120 3106 2276 3150 curet
2302 3097 2665 3151 laborantem.
2688 3096 2861 3161 Quem
2882 3094 3099 3164 quidem
3116 3101 3273 3147 curat
3303 3093 3462 3163 signo
3484 3109 3608 3162 pre-

2027 3189 2181 3244 tiosae
2232 3189 2435 3251 crucis,
2464 3196 2519 3243 et
2550 3186 2895 3241 invocatione
2925 3192 3129 3240 sanctae
3150 3193 3203 3237 et
3233 3184 3463 3238 vivifica‘.
3482 3184 3609 3239 Tri-

2031 3281 2244 3345 nitatis,
2288 3280 2339 3334 ei
2367 3279 2561 3335 dicens
2595 3297 2610 3334 :
2636 3278 2778 3333 Ecce
2810 3294 2978 3332 sanus
3003 3276 3179 3331 factus
3208 3290 3267 3330 es
3299 3293 3315 3341 ;
3348 3292 3417 3329 ne
3436 3274 3606 3329 Deum

2027 3374 2263 3444 amplius
2296 3372 2665 3441 blasphemes,
2702 3386 2771 3425 ne
2796 3370 3039 3424 deterius
3076 3368 3207 3438 quid
3254 3367 3348 3421 tibi
3392 3369 3608 3421 contin-

2026 3474 2134 3534 gat.
2190 3462 2304 3518 Hoc
2340 3464 2454 3527 ille,
2490 3464 2581 3532 qui
2615 3462 3039 3516 erat'omnihus
3094 3459 3395 3529 perfectum
3442 3472 3607 3512 orna-

2028 3562 2275 3606 mentum
2315 3550 2687 3607 confessionis
2711 3559 2766 3604 et
2798 3549 2923 3604 ﬁdei
2957 3550 3012 3603 in
3043 3547 3346 3603 Christum.

2100 3643 2186 3697 12.
2222 3642 2328 3699 Sed
2362 3644 2478 3698 haec
2506 3642 2731 3713 quidem
2765 3648 2916 3705 sunt,
2953 3654 3076 3710 quae
3100 3638 3406 3695 auditorem
3438 3638 3608 3694 dedu-

2033 3746 2167 3788 cunt
2221 3736 2287 3787 ad
2338 3742 2547 3788 tantam
2602 3732 3050 3793 admirationem.
3108 3730 3373 3786 Ostendet
3422 3740 3606 3785 autem

2027 3824 2334 3894 procedens
2357 3825 2537 3880 oratio
2578 3824 2666 3879 his
2718 3838 2942 3895 quoque
3004 3823 3178 3893 magis
3231 3821 3604 3877 admirabilia.

2029 3915 2166 3969 Cum
2194 3916 2307 3986 jam
2360 3917 2518 3971 navis
2548 3916 2701 3971 orbis
2761 3924 2924 3970 terra:
2957 3916 3170 3970 clavum
3219 3916 3545 3985 accepisset,
3574 3930 3606 3969 a

2028 4009 2238 4079 Spiritu
2274 4017 2470 4065 sancto
2501 4018 2687 4064 motus
2720 4008 3061 4079 gubernator
3088 4016 3143 4062 et
3173 4007 3435 4062 adversas
3469 4022 3606 4061 con-

2028 4104 2234 4158 siderat
2267 4109 2649 4171 tempestates,
2681 4116 2807 4171 quac
2864 4101 3052 4155 multae
3104 4099 3501 4156 exoriebantur
3551 4099 3607 4153 in

2028 4192 2168 4246 mari
2205 4191 2445 4247 mirabili
2478 4190 2759 4256 Ecclesiae,
2788 4190 2920 4263 quid
2948 4206 3056 4245 non
3105 4190 3256 4256 facit,
3298 4208 3463 4261 quam
3497 4205 3607 4246 non

2029 4285 2227 4340 salutis
2261 4286 2538 4355 excogitat
2568 4283 2902 4347 machinam,
2931 4283 3106 4339 donec
3134 4286 3513 4353 perveniretur
3538 4286 3606 4337 ad

334 4379 430 4433 τὸν
450 4379 565 4433 ἄνω
586 4377 805 4448 λιμένα,
835 4376 927 4429 τὸν
956 4376 1123 4439 ὅντως
1152 4377 1327 4431 εύδιόν
1356 4394 1416 4429 τε
1445 4378 1542 4430 καὶ
1564 4377 1924 4448 πολυόρεκτον

2033 4385 2252 4448 portum
2314 4376 2800 4446 superiorem,qui
2851 4385 2936 4431 est
2979 4376 3305 4445 tranquillus
3363 4385 3417 4430 et
3450 4375 3608 4430 valde

332 4472 362 4522 6
394 4470 508 4522 τῶν
556 4468 879 4537 καμνόντων
913 4467 1196 4531 παντοίαις
1237 4470 1415 4530 νόσοις
1451 4466 1759 4538 ἀνθρώπων
1789 4469 1923 4522 θαυ-

334 4563 538 4631 μάσιος
571 4559 791 4629 ίατρόςί
823 4558 959 4630 Φέρε
993 4560 1079 4630 δὴ,
1119 4560 1231 4615 τῶν
1272 4560 1470 4630 ἐκείνῳ
1517 4561 1697 4630 σοφῶς
1736 4563 1922 4615 ἐπινε-

333 4652 621 4722 νοημένων
671 4650 922 4721 ψυχικῶν
973 4652 1286 4717 ἀντιδότων,
1328 4652 1561 4724 βραχεῖά
1606 4670 1692 4716 τις
1755 4656 1921 4724 μοῖρα

333 4742 605 4810 λεγέσθω.
641 4740 858 4795 Γένοιτο
896 4739 1006 4811 γὰρ
1039 4741 1105 4796 ἂν
1145 4742 1284 4812 αὑτὴ
1336 4744 1448 4805 τοῖς
1480 4742 1669 4812 χρείαν
1702 4742 1921 4813 ἔχουσιν

334 4836 544 4906 ἰατρῶν
563 4833 625 4887 ού
656 4834 837 4904 φαύλη
872 4850 956 4897 τις
982 4834 1256 4904 σωτηρίας
1284 4834 1561 4897 ὑπόθεσις.
1591 4835 1829 4898 Ἐκεῖνος
1852 4837 1919 4905 τῇ

331 4928 427 4983 διὰ
454 4929 570 4981 τῶν
601 4926 843 4997 ἐλέγχων
880 4926 1139 4995 ἀντιδότῳ
1174 4925 1341 4997 (οὓτω
1372 4927 1481 4997 γὰρ
1513 4928 1691 4979 ἐκεῖνο
1721 4928 1919 4997 εἰπεῖν)

333 5024 396 5074 ἐν
425 5018 669 5091 πρώτοις
710 5019 911 5090 χρῆται
943 5018 1085 5071 κατὰ
1117 5018 1228 5070 τῶν
1276 5018 1692 5089 παρεισάκτων·
1733 5018 1783 5071 οἳ
1813 5020 1921 5072 τῶν

333 5110 746 5181 πορνοϐοσκῶν,
781 5111 839 5162 ἐν
879 5110 1090 5179 αίρέσει
1121 5110 1309 5163 κακῶν
1368 5110 1402 5181 ἢ
1438 5110 1749 5182 συγκρίσει,
1781 5128 1920 5166 παν-

330 5208 548 5261 τάπασι
581 5204 799 5276 χείρους
828 5205 989 5257 εἰσιν.
1029 5203 1291 5267 Ἐκείνοις
1333 5205 1431 5274 μέν
1462 5205 1495 5273 ἡ
1532 5204 1689 5268 νόσος
1731 5204 1934 5276 πόρρωη

332 5300 430 5354 τοῦ
506 5299 733 5370 ἰατροῦ·
798 5298 1011 5361 τούτοις
1048 5297 1106 5351 δὲ
1176 5296 1325 5351 ἐνδον
1379 5297 1473 5351 τοῦ
1553 5299 1921 5370 ἐργαστηρίου

333 5392 435 5460 τῆς
495 5392 798 5461 σωτηρίας,
847 5389 943 5443 καὶ
990 5390 1204 5452 ἑαυτοῖς
1267 5390 1363 5444 καὶ
1440 5394 1553 5454 τοῖς
1619 5391 1923 5460 ὑγιαίνουσι

335 5484 502 5537 πλέον
580 5482 805 5550 αὒξεται
867 5482 1047 5553 πολλῷ
1114 5484 1183 5535 τὰ
1242 5483 1338 5553 τῆς
1412 5483 1753 5555 ἀρῤωστίας’
1831 5485 1925 5549 οὓς

332 5574 365 5624 ὁ
429 5571 743 5640 σοφώτατος
794 5572 997 5642 [ατρὸς.
1052 5570 1131 5638 τῷ
1198 5572 1341 5627 κατὰ
1403 5575 1495 5626 τὸν
1570 5574 1744 5644 μέγαν
1829 5578 1924 5630 καὶ

333 5660 631 5733 ὁμώνυμον
683 5663 991 5734 πρόδρομον
1048 5664 1352 5734 ἐλεγκτικῷ
1404 5667 1766 5736 κεχρημένος,
1813 5669 1925 5737 ῥω-

338 5754 677 5808 οτικωτάτου
726 5752 888 5820 λόγου
937 5752 1208 5824 δύναμιν,
1268 5754 1367 5826 τῆς
1430 5754 1685 5828 τοιαύτης
1740 5756 1919 5829 λύμης

2029 4472 2393 4540 expetendus.
2425 4478 2486 4521 ut
2513 4468 2607 4537 qui
2646 4467 2932 4521 hominum
2960 4467 3110 4521 omni
3158 4481 3354 4537 genere
3387 4466 3607 4519 morbo-

2029 4575 2150 4615 rum
2180 4560 2551 4616 laborantium
2588 4564 2737 4613 esset
2796 4557 3042 4613 medicus
3088 4556 3462 4613 admirabilis!
3495 4556 3608 4627 Age

2029 4670 2160 4712 vero
2199 4655 2403 4709 anima:
2431 4653 2845 4719 antidotorum,
2864 4667 2987 4722 qua:
3016 4658 3147 4708 sunt
3168 4650 3239 4707 ab
3273 4650 3364 4705 illo
3387 4651 3609 4721 sapien-

2029 4759 2115 4803 ter
2142 4748 2475 4817 excogitata,
2521 4744 2741 4800 dicatur
2789 4743 2971 4798 brevis
3024 4741 3270 4814 quaedam
3313 4742 3605 4812 particula.

2028 4840 2220 4896 Fuerit
2254 4841 2402 4894 enim
2446 4854 2511 4893 ea
2553 4838 2621 4895 iis
2654 4838 2747 4908 qni
2799 4852 2941 4907 opus
2965 4838 3169 4891 habent
3191 4834 3444 4899 medicis,
3499 4848 3606 4888 non

2028 4933 2430 4990 contemnenda
2476 4944 2641 4985 causa
2708 4930 2922 4985 salutis.
2988 4930 3078 4984 Ille
3124 4927 3606 4999 reprehensionum

2028 5024 2278 5081 antidoto
2306 5023 2410 5093 (sic
2438 5021 2584 5076 enim
2605 5022 2863 5083 convenit
2891 5020 3102 5090 dicere)
3132 5020 3402 5090 inprimis
3437 5020 3609 5074 utitur

2028 5115 2298 5169 adversus
2331 5127 2429 5167 eos
2452 5112 2544 5188 qui
2573 5112 2906 5167 mulieribus
2929 5121 3160 5165 utuntur
3184 5110 3608 5175 iutroductitiis,

2027 5208 2122 5279 qui
2153 5207 2207 5261 in
2249 5206 2522 5261 electione
2548 5214 2646 5258 aut
2694 5204 3111 5274 comparatione
3164 5205 3432 5261 Italorum
3478 5212 3610 5257 sunt

2028 5300 2258 5355 omnino
2316 5299 2629 5354 deteriores
2688 5295 3003 5351 lenonibus.
3060 5297 3193 5352 Nam
3252 5298 3339 5352 bis
3388 5295 3611 5366 quidem

2030 5393 2256 5449 morbus
2280 5393 2469 5462 procul
2499 5402 2579 5448 est
2606 5392 2675 5447 ab
2711 5391 2928 5447 oﬁicina
2971 5391 3172 5445 medici
3208 5407 3225 5458 ;
3272 5390 3384 5445 illis
3428 5400 3611 5444 autem

2032 5484 2178 5539 intra
2208 5483 2478 5538 oﬂicinam
2515 5483 2735 5550 salutis,
2771 5490 2829 5537 et
2859 5484 2962 5539 sibi
2992 5491 3047 5538 et
3078 5482 3147 5539 iis
3174 5482 3267 5552 qui
3312 5489 3441 5537 sunt
3469 5482 3609 5546 sani,

2034 5575 2207 5630 multo
2244 5576 2418 5645 magis
2457 5584 2692 5647 augetur
2712 5576 2962 5634 morbus.
2992 5574 3143 5642 Quos
3164 5574 3613 5645 sapientissimus

2040 5666 2303 5729 medicus,
2361 5678 2519 5723 utens
2564 5668 2991 5738 reprehensione
3047 5668 3190 5724 sicut
3224 5681 3478 5736 magnus,
3516 5666 3609 5733 qui

2040 5768 2157 5816 erat
2183 5759 2432 5832 ejusdem
2460 5761 2723 5827 nominis,
2744 5774 3076 5833 precursor,
3106 5759 3457 5829 validissima
3483 5770 3610 5811 ora-
