4070 6206
489 239 597 305 255

1748 248 2021 309 LEONIS
2052 250 2508 316 PHILOSOPHI

3643 283 3748 346 256

490 367 610 405 eam
645 364 863 419 quoque
893 353 1090 422 oratio)
1121 392 1133 414 .
1169 368 1292 407 cum
1322 364 1464 410 esset
1491 355 1724 411 callidus
1750 369 1804 412 et
1837 362 2057 415 malitio-

2173 367 2520 436 ταττόμενος,
2555 371 2734 443 φθόνῳ
2777 374 3022 429 διαϐόλου
3072 382 3164 431 καὶ
3206 385 3460 447 γυναικὸς
3515 388 3748 461 ἐπηρείᾳ

490 459 609 508 sus,
640 443 848 512 pastori
880 459 1010 498 vero
1045 445 1351 511 familiaris,
1395 457 1575 502 movet
1604 465 1844 516 omnem,
1883 463 1941 506 ut
1984 453 2068 505 di-

489 536 673 595 citur,
715 534 972 604 lapidem,
1024 545 1081 588 ut
1131 539 1314 591 odium
1363 547 1417 592 et
1469 538 1825 596 oﬂ'ensionem
1873 544 2071 598 excitet

488 627 755 681 adversus
795 626 1042 679 divinum
1080 628 1418 696 pontiﬁcem.
1469 629 1536 683 Et
1570 633 1805 701 primum
1848 635 2067 704 quidem

487 715 594 769 hoc
623 715 756 769 facit
785 733 800 768 :
830 731 954 770 cum
983 715 1280 772 Severiano
1307 721 1566 791 episeopo
1596 725 1937 794 colloquens,
1975 740 2069 783 aut

485 805 696 874 aliquid
728 820 920 859 eorum
953 806 1162 870 dicens,
1191 823 1315 876 qua:
1348 811 1612 865 dicuntur
1639 816 1882 883 quotidie
1902 857 1915 881 ,
1959 817 2068 872 l‘re-

485 903 577 950 tus
620 911 684 950 ea
715 912 836 966 qua:
879 898 1022 966 apud
1069 900 1381 967 pontificem
1415 903 1465 956 ei
1511 914 1631 958 erat
1668 906 1865 961 ﬁducia
1902 915 1957 963 et
1989 909 2069 962 lo-

483 983 688 1052 quendi
744 985 1030 1052 libertate,
1087 989 1283 1042 sedens
1326 1005 1450 1043 cum
1503 1007 1569 1046 eo
1617 994 1939 1050 disserebat.
2000 998 2066 1052 Ut

483 1083 666 1129 autem
711 1077 850 1130 solet
904 1078 955 1129 in
1002 1077 1088 1133 his
1124 1079 1395 1144 accidere,
1445 1084 1682 1152 quodam
1717 1088 1806 1141 die
1841 1104 1950 1143 non
1988 1089 2066 1144 l'e-

486 1181 616 1221 rens
645 1167 886 1223 dedecus
929 1168 1294 1235 Severianus,
1328 1187 1485 1227 suam
1512 1177 1798 1231 attendens
1827 1178 2067 1248 dignita-

483 1266 592 1311 tem
627 1269 678 1312 et
707 1260 931 1326 gradum
964 1260 1201 1324 diaconi,
1234 1262 1437 1316 dicitur
1464 1265 1759 1334 aliquando
1786 1269 1894 1322 tale
1933 1271 2064 1338 quid

481 1348 690 1402 dixisse
729 1364 742 1399 :
786 1348 842 1401 Si
881 1349 1144 1418 Serapion
1173 1360 1423 1406 mortuus
1477 1353 1641 1408 fuerit
1681 1355 2062 1422 Christianus,

482 1439 740 1494 Christus
782 1456 887 1492 non
927 1439 1024 1493 fuit
1066 1442 1248 1496 homo.
1274 1442 1396 1497 -lloc
1429 1459 1550 1498 cum
1580 1445 1882 1503 audivisset
1911 1449 2066 1503 vafer

480 1531 572 1585 ille
599 1538 654 1585 et
681 1533 840 1598 plane
877 1531 1053 1586 factus
1079 1532 1147 1586 ad
1200 1535 1487 1599 malitiam,
1525 1551 1648 1590 cum
1681 1539 1887 1593 dictum
1924 1542 2063 1595 divi-

477 1624 660 1687 sisset,
697 1623 838 1691 apud
873 1635 1118 1678 sanctum
1178 1637 1400 1682 accusat
1431 1629 1812 1696 Severianum,
1842 1643 1901 1688 ut
1939 1635 2061 1703 ejus

477 1727 535 1768 et
563 1714 765 1769 Christi
819 1716 1099 1770 inimicum
1123 1757 1138 1782 ,
1173 1728 1230 1772 ut
1258 1722 1350 1788 qui
1391 1721 1641 1786 dixisset,
1671 1723 1924 1780 Christus
1953 1743 2059 1780 non
2095 1694 2138 1751 Β

478 1805 582 1858 fuit
613 1806 796 1868 homo,
825 1822 855 1860 e
901 1823 1001 1862 sua
1037 1819 1257 1863 caterva
1296 1811 1461 1881 hujus
1491 1813 1626 1867 dicti
1662 1823 1832 1871 testes
1861 1819 2062 1885 produ-

476 1912 632 1951 cens.
691 1895 832 1962 Quid
893 1915 1022 1968 ergo
1071 1903 1361 1970 oportebat
1411 1905 1591 1959 facere
1635 1908 1864 1962 zelotem
1908 1911 2059 1964 illum

477 1986 673 2051 Eliam,
709 2002 742 2041 ο
778 2003 874 2056 per
911 1989 1084 2058 ipsam
1110 1990 1382 2058 justitiam
1415 1993 1439 2046 ‘l
1473 1995 1665 2063 (detur
1691 1998 1836 2051 enim
1872 2000 1951 2053 sic
1981 2005 2062 2053 in-

479 2087 561 2132 ter
604 2078 792 2133 laudes
848 2080 1055 2148 dicere)
1097 2081 1376 2138 dimittere
1420 2084 1473 2137 id
1523 2087 1669 2154 quod
1722 2089 1827 2142 sibi
1884 2091 2062 2144 fuerat

477 2169 854 2223 renuntiatum
886 2171 908 2223 ?
958 2186 1066 2225 non
1107 2173 1332 2228 credere
1363 2189 1425 2228 ea
1457 2190 1577 2245 qua:
1609 2177 1755 2231 dicta
1786 2179 2000 2233 fuerant
2029 2198 2058 2234 a

481 2263 761 2318 testibus?
816 2265 1007 2333 procul
1039 2266 1338 2319 amandare
1371 2281 1464 2321 eos
1506 2269 1598 2338 qui
1630 2270 1934 2339 loquuntur
1966 2287 2060 2340 pro

472 2352 746 2408 Christo?
800 2357 863 2409 Et
910 2356 1035 2424 quis
1084 2371 1189 2410 non
1238 2373 1383 2427 εδει-ο
1413 2359 1651 2426 tulisset,
1682 2372 1736 2415 et
1768 2363 2061 2432 reprehen—

474 2445 649 2500 disset
705 2446 1053 2514 pontiﬁcem,
1114 2462 1237 2500 cmn
1304 2449 1538 2503 callidus
1582 2454 1776 2504 horum
1840 2452 2057 2519 artifex,

469 2537 686 2591 etiamsi
725 2544 856 2589 tunc
901 2537 1249 2604 ignoraretur
1304 2539 1533 2604 malitia,
1580 2550 1870 2609 propterea
1911 2547 2057 2613 quod

470 2633 630 2679 actus
664 2634 811 2680 esset
845 2640 1162 2693 perversus,
1203 2627 1544 2682 clamaturos
1600 2641 1748 2685 esset
1789 2633 2058 2697 adversus

463 2714 709 2783 judicem
732 2724 786 2768 et
811 2718 1132 2785 pastorem?
1160 2718 1255 2773 sed
1276 2719 1412 2772 sicut
1447 2721 1630 2784 audio,
1641 2721 1829 2789 judico
1861 2725 1930 2788 ",
1971 2725 2057 2777 iu-

467 2804 588 2873 quit
612 2802 885 2869 Christus,
912 2819 1036 2858 enm
1065 2806 1248 2861 adhuc
1276 2809 1492 2862 essetin
1525 2810 1625 2862 hac
1648 2810 1754 2864 vita
1779 2820 1832 2864 et
1859 2826 2045 2865 carne.

465 2894 636 2962 Cujus
667 2894 990 2963 discipulus,
1007 2896 1214 2964 justam
1249 2898 1330 2952 sic
1364 2898 1543 2952 ferens
1569 2902 1919 2965 sententiam,
1943 2903 2058 2955 eci-

2174 456 2357 525 (δείξει
2393 459 2450 511 δὲ
2499 462 2591 514 καὶ
2618 463 2822 532 ταύτην
2863 466 2893 515 6
2939 465 3117 535 λόγος)
3137 469 3305 532 δεινὸς
3331 472 3407 523 ῶν
3449 474 3545 527 καὶ
3583 456 3748 546 σοφὸς

2172 549 2251 609 είς
2276 551 2496 614 κακίαν,
2526 553 2724 616 οἰκεῖος
2757 555 2814 606 δὲ
2841 556 2918 625 τῷ
2947 559 3185 628 ποιμένι,
3210 561 3390 616 πάντα
3421 565 3590 630 λίθον,
3621 569 3651 620 δ
3682 570 3746 640 δὴ

2170 636 2405 704 λέγεται,
2438 645 2598 704 κινεῖ,
2635 643 2828 712 μίσους
2849 645 3023 710 λαϐὰς
3055 649 3150 701 καὶ
3175 652 3490 708 σκανδάλων
3513 658 3590 726 τῷ
3617 636 3747 730 θείω

2169 728 2449 798 ἀνεγεῖραι
2499 734 2768 804 ἀρχιερεῖ.
2823 739 2932 790 Καὶ
2980 740 3195 808 πρῶτον
3249 743 3348 813 μὲν
3393 746 3636 802 τοιοῦτόν
3689 728 3743 803 τι

2167 819 2300 891 δρᾷ·
2334 823 2648 895 Σευηριανῷ
2690 827 2770 896 τῷ
2807 830 3092 901 ὲπισκόπῳ
3128 837 3496 906 προσομιλῶν,
3563 843 3597 912 ἧ
3635 860 3742 895 τινι

2167 913 2275 966 τῶν
2303 916 2480 969 ἀλλων
2502 918 2621 970 ὅσαι
2651 921 2861 990 ἡμέραι
2888 922 3289 995 διαλεγόμενος,
3324 929 3485 998 δῆθεν
3512 936 3577 1004 τῇ
3609 935 3743 1004 πρὸς

2167 1005 2257 1093 τὸν
2294 1007 2557 1078 ἀρχιερέα
2597 1009 2818 1080 θαρρῶν
2855 1016 3162 1086 παρρησίᾳ,
3203 1018 3563 1089 καθεζόμενος
3593 1025 3745 1093 αὐτῷ

2165 1092 2459 1162 διελέγετο.
2508 1094 2608 1150 Οἷα
2651 1099 2708 1151 δὲ
2767 1101 2915 1168 φιλεῖ
2963 1105 3021 1156 ὲν
3068 1108 3180 1167 τοῖς
3227 1107 3509 1176 τοιούτοις,
3548 1112 3605 1163 ὲν
3645 1092 3744 1183 μιᾷ

2167 1202 2297 1238 ποτε
2331 1188 2404 1257 μὴ
2455 1189 2694 1257 ὲνεγκὼν
2727 1192 2794 1244 τὰ
2821 1193 2920 1262 τῆς
2970 1195 3195 1263 ἀτιμίας
3230 1199 3258 1249 6
3305 1200 3628 1272 Σευηριανὸς
3673 1208 3740 1273 τῇ

2168 1275 2364 1328 ἑαυτοῦ
2409 1277 2536 1348 ἀξίᾳ
2569 1280 2845 1350 προσχὼν,
2877 1283 2972 1335 καὶ
3015 1283 3092 1352 τῷ
3122 1284 3216 1337 τοῦ
3245 1286 3492 1341 διακόνου
3526 1290 3739 1361 βαθμῷ.

2166 1367 2382 1432 λέγεταί
2410 1371 2537 1422 ποτέ
2565 1389 2617 1423 τι
2664 1372 2904 1427 τοιοῦτον
2939 1377 3112 1428 εἰπεῖν
3137 1394 3150 1407 ο
3185 1378 3247 1430 Εί
3282 1381 3572 1448 Σαραπίων
3607 1383 3739 1452 Χρι-

2169 1460 2384 1521 στιανὸς
2427 1461 2697 1534 ἀποθάνῃ,
2729 1465 2965 1533 Χριστὸς
2992 1467 3092 1518 οὐκ
3135 1468 3542 1542 ὲνηνθρώπησε.
3571 1474 3740 1525 Τοῦτο

2165 1550 2407 1614 ἀκούσας
2439 1554 2467 1604 6
2495 1554 2666 1617 δεινὸς
2692 1555 2917 1618 ἐκεῖνος,
2954 1557 3048 1610 καὶ
3077 1560 3243 1623 πολὺς
3274 1563 3354 1626 είς
3381 1565 3601 1630 κακίαν,
3625 1565 3740 1617 δια-

2165 1642 2349 1710 τεμὼν
2388 1644 2446 1696 τὸ
2475 1643 2565 1698 τοῦ
2592 1644 2778 1710 ἔπους,
2811 1647 3083 1701 διαϐάλλει
3113 1651 3441 1722 Σευηριανὸν
3465 1655 3541 1724 τῷ
3573 1657 3736 1726 ἁγίῳ,

2166 1735 2358 1803 ἐχθρόν
2383 1752 2440 1787 τε
2467 1735 2593 1787 ὄντα
2627 1737 2792 1789 αὐτοῦ
2825 1739 2917 1791 καὶ
2940 1741 3196 1809 Χριστοῦ,
3228 1742 3304 1805 ὼς
3327 1745 3570 1809 είποντα,
3597 1748 3739 1816 Ἀρα

2165 1825 2396 1894 Χριστὸς
2427 1826 2525 1877 οὐκ
2559 1826 2972 1898 ὲνηνθρὼπησε,
3000 1833 3283 1900 μάρτυρας
3321 1834 3414 1885 τοῦ
3449 1836 3610 1897 ἔπους
3639 1838 3735 1888 τοῦ

2167 1914 2384 1982 στίφους
2434 1916 2628 1968 ἑαυτοῦ
2670 1917 3124 1989 προϐαλλόμενος.
3151 1922 3216 1973 Τί
3258 1923 3350 1976 οῦν
3380 1924 3484 1977 ἔδει
3515 1928 3735 1995 ποιῆσαι

2163 2004 2251 2055 τὸν
2284 2005 2530 2075 ζηλωτὴν
2557 2007 2762 2060 δκεῖνον
2803 2009 3009 2075 Ἠλίαν,
3033 2011 3078 2062 ὼ
3110 2012 3244 2082 πρὸς
3271 2014 3369 2079 τῆς
3393 2015 3738 2085 δικαιοσύνης

2164 2094 2333 2162 αὐτῆς
2364 2087 2618 2162 (δεδόσθω
2651 2096 2759 2164 γὰρ
2797 2097 2968 2160 οὕτως
3002 2102 3176 2152 εἰπεῖν
3208 2102 3411 2170 μεταξὺ
3438 2104 3546 2156 τῶν
3575 2107 3736 2157 ἐπαί-

2163 2188 2288 2251 νων)
2311 2201 2323 2246 ;
2353 2185 2617 2254 μεθῆνσαι
2637 2186 2752 2255 (sic)
2773 2186 2850 2257 τῷ
2865 2189 3246 2258 ἀπαγγέλματι
3264 2209 3278 2258 ;
3297 2192 3648 2264 διαπιστῆσαι
3668 2197 3738 2249 τὰ

2165 2279 2619 2346 μαρτυρούμενα;
2671 2280 2858 2350 πόρρω
2914 2283 3039 2344 τοὺς
3090 2283 3250 2352 δῆθεν
3304 2286 3443 2356 ὑπὲρ
3498 2289 3737 2359 Χριστοῦ

2162 2367 2456 2429 λαλοῦντας
2501 2370 3134 2442 ἀποδιαπομπὴσασθαι;
3172 2377 3266 2429 καὶ
3295 2379 3377 2439 τίς
3411 2380 3477 2431 ἂν
3505 2381 3604 2433 οὐκ
3639 2383 3737 2432 ἒπ-

2161 2458 2481 2526 εστύγνασε,
2542 2462 2636 2513 καὶ
2685 2464 3076 2533 κατεμέμψατο
3117 2466 3210 2518 τοῦ
3262 2470 3582 2540 ἀρχιερέως,
3636 2473 3735 2524 τοῦ

2161 2549 2330 2602 δεινοῦ
2363 2551 2618 2618 σοφιστοῦ
2658 2553 2765 2605 τῶν
2792 2557 3064 2621 τοιούτων,
3089 2560 3191 2612 κᾶν
3217 2561 3354 2623 τέως
3391 2562 3632 2631 ἠγνοεῖτο
3664 2567 3735 2618 τὰ

2160 2641 2260 2710 τῆς
2285 2645 2479 2705 κακίας
2507 2644 2585 2713 τῷ
2621 2646 2965 2717 ἀντιστρόφῳ
2996 2649 3091 2702 τοῦ
3131 2651 3427 2720 δράματος,
3458 2657 3733 2725 καταϐοή-

2163 2748 2355 2796 σαντος
2396 2734 2490 2787 τοῦ
2522 2736 2710 2806 κριτοῦ
2748 2740 2841 2790 καὶ
2877 2741 3173 2808 ποιμένος;
3201 2743 3346 2814 Πλὴν
3373 2741 3488 2808 οὖν,
3529 2749 3729 2814 καθὼς

2159 2825 2378 2887 ἀκούω,
2411 2827 2612 2893 κρίνω,
2650 2830 2784 2897 φησι
2826 2829 2905 2898 τῷ
2945 2829 3044 2899 βίῳ
3080 2833 3253 2902 τούτῳ
3280 2835 3373 2887 καὶ
3407 2835 3484 2904 τῷ
3521 2840 3733 2907 σαρκίῳ

2160 2915 2238 2967 ἔτι
2270 2915 2461 2985 παρὼν
2491 2917 2518 2967 6
2544 2918 2780 2986 Χριστός
2799 2936 2814 2950 ο
2845 2916 2905 2974 οὗ
2930 2923 2959 2972 ό
2987 2921 3234 2992 μαθητὴς
3263 2924 3360 2994 τὴν
3389 2927 3570 2994 κρίσιν
3593 2928 3734 2982 ἔνδι-

435 2990 440 2996 ·
468 2983 636 3036 vitate
659 2983 877 3051 expellit
907 2981 1288 3048 Severianum,
1319 2995 1378 3040 ut
1419 2988 1514 3055 qui
1544 2987 2054 3057 blasphemavisset.

2161 3025 2254 3060 κον
2292 2981 2489 3060 οὑτωσὶ
2522 2981 2923 3080 ποιησάμενος,
2963 2981 3123 3084 ε’ξελᾷ
3151 2981 3251 3084 της
3302 2981 3507 3082 πόλείυς
3556 3021 3730 3090 Σευη-

465 3074 638 3138 Quem
665 3088 810 3136 cuin,
845 3090 966 3144 quae
997 3083 1130 3130 tunc
1159 3076 1465 3146 imperabat
1501 3080 1643 3146 (erat
1663 3089 1842 3134 autem
1875 3079 2056 3135 Eudo-

467 3163 606 3229 xia),
628 3164 741 3218 haec
754 3165 1052 3220 audivisset
1077 3182 1198 3222 esse
1216 3183 1461 3236 passum,
1484 3171 1678 3224 tollens
1696 3171 1862 3223 lilium
1885 3171 2054 3226 Theo-

465 3253 681 3307 dosium
701 3254 857 3322 plane
873 3255 1352 3319 adhncinfantem,
1382 3271 1506 3312 eum
1537 3258 1688 3328 ponit
1717 3268 1842 3315 ante
1876 3264 2052 3316 sancti

467 3346 652 3413 pedes,
713 3356 766 3400 et
811 3347 1063 3416 plurimis
1113 3349 1306 3402 adacto
1359 3352 1716 3404 sacramentis
1763 3355 2055 3421 persuadet

467 3437 740 3506 pontiﬁci,
777 3448 832 3490 ut
866 3452 991 3491 cum
1023 3438 1319 3494 Severiano
1350 3442 1498 3495 ineat
1527 3442 1848 3498 amicitiam.
1888 3445 2053 3500 Seve-

472 3529 665 3582 rianus
691 3544 820 3582 vero
841 3531 1140 3584 amicitiam
1165 3532 1384 3601 quidem
1416 3533 1660 3596 simulat,
1690 3533 1924 3587 bclluam
1956 3552 2050 3588 au-

2162 3099 2364 3168 ριανὸν,
2407 3099 2482 3162 ὼς
2512 3100 2672 3169 δῆθεν
2701 3101 3188 3174 βλασφημήσαντα.
3225 3109 3320 3160 Ὃν
3364 3111 3395 3177 ἡ
3433 3111 3732 3178 τηνικαῦτα

2160 3191 2433 3259 κρατοῦσα
2489 3193 2734 3263 (Εύδοξία
2773 3195 2829 3246 δὲ
2875 3191 2989 3265 ἦν),
3018 3198 3310 3264 διαγνοῦσα
3338 3203 3573 3255 ’τοιαῦτα
3627 3221 3735 3256 πα-

2159 3281 2338 3344 θόντα,
2389 3283 2637 3352 ἀραμένη
2681 3284 2771 3336 τὸν
2805 3286 2919 3338 υίὸν
2962 3287 3241 3341 Θεοδόσιον
3287 3292 3479 3362 κομιδῇ
3533 3297 3731 3365 νηπιάς⁸

2159 3373 2339 3436 ζοντα,
2363 3373 2458 3426 τοῦ
2499 3375 2651 3441 ἀγίου
2697 3379 2808 3438 τοῖς
2839 3377 3025 3444 γόνασι
3051 3379 3254 3450 τίθησι,
3291 3384 3384 3436 καὶ
3417 3385 3595 3454 ὅρκοις
3642 3388 3729 3439 ὅτι

2158 3464 2433 3527 πλείστοις
2464 3466 2640 3518 πείθει
2685 3466 2777 3519 τὸν
2802 3469 3061 3539 ἀρχιερέα
3095 3471 3340 3540 φιλιάσαι
3386 3476 3520 3546 πρὸς
3555 3479 3729 3546 Σευη-

2160 3553 2363 3620 ριανόν.
2408 3554 2465 3605 Ὀ
2499 3553 2556 3607 δὲ
2597 3555 2926 3626 Σευηριανὸς
2968 3557 3065 3629 τὴν
3117 3562 3215 3628 μὲν
3253 3563 3435 3629 φιλίαν
3471 3567 3730 3639 ὑποκορί-

469 3631 574 3673 tem
613 3619 1024 3676 inimicitiarum
1066 3624 1189 3692 agni
1230 3624 1369 3691 pelle
1402 3626 1665 3691 contegit,
1697 3633 1750 3678 et
1782 3626 2049 3682 adversus

2159 3644 2329 3708 ζεται.
2362 3646 2423 3698 τὸ
2449 3647 2505 3699 δὲ
2537 3647 2725 3717 θηρίον
2753 3651 2853 3719 τῆς
2887 3650 3085 3722 ἔχθρας
3124 3653 3215 3706 τοῦ
3247 3658 3417 3724 ἀμνοῦ
3445 3659 3522 3729 τῷ
3550 3662 3730 3730 κωδίῳ

471 3718 744 3777 pastorem
771 3711 915 3765 facta
957 3716 1388 3783 conspiratione,
1417 3730 1527 3768 non
1555 3715 1699 3769 leves
1719 3717 1860 3784 apud
1879 3731 2052 3787 popu-

2158 3739 2552 3805 περικαλύπτει
2579 3755 2591 3769 ’
2625 3742 2719 3793 καὶ
2751 3742 2984 3812 φατρίαν
3019 3748 3430 3816 συστησάμενος
3469 3752 3606 3803 κατὰ
3629 3754 3725 3803 τοῦ

465 3802 578 3854 lum
607 3803 870 3872 dispergit
889 3807 1220 3867 calumnias.
1247 3808 1314 3860 de
1341 3807 1586 3859 omnium
1616 3821 1803 3860 amore
1830 3809 1883 3861 in
1911 3826 2046 3878 pon-

2159 3802 2433 3894 ποιμένος,
2468 3828 2528 3880 οὐ
2561 3829 2657 3891 τὰς
2682 3802 2953 3899 τυγούσας
2975 3802 3227 3896 διαϐολάς
3372 3802 3528 3907 δημῳ
3563 3841 3727 3905 ἐγκα-

463 3892 665 3946 tiﬁcem
726 3895 958 3949 moliens
1005 3897 1302 3965 plurimum
1369 3897 1674 3951 detrahere.
1728 3899 1819 3952 Ille
1865 3909 2048 3955 autem

2159 3892 2472 3986 τασπείρει,
2518 3919 2615 3985 τῆς
2672 3892 2809 3989 πρδς
2851 3892 2944 3973 τὸν
2995 3892 3256 3992 ἀρχιερέα
3301 3892 3455 3996 παρά
3499 3892 3726 3982 ⁸πάντων

462 3983 768 4039 calumnias
793 3986 1036 4053 quidem,
1067 4003 1189 4055 quae
1213 3990 1266 4039 in
1298 4002 1423 4040 eum
1454 3988 1826 4054 struebantur,
1854 4006 2043 4058 parum

2159 3983 2373 4077 ἀγάπης
2405 4008 2465 4059 τὺ
2500 3983 2663 4060 πλέον
2700 3983 3536 4085 ύποτέμνεινεκμηχανώμενος.
3578 4021 3636 4072 '0
3665 4018 3725 4069 δὲ

461 4085 555 4128 aut
604 4076 740 4129 nihil
775 4078 1000 4130 omnino
1040 4080 1266 4132 curabat
1299 4096 1313 4142 ;
1358 4077 1500 4131 fama
1536 4094 1663 4133 vero
1720 4096 1832 4133 sua:
1864 4082 1919 4134 in
1961 4083 2045 4136 di-

2159 4095 2259 4146 τῶν
2287 4076 2386 4165 μὲν
2415 4098 2534 4148 κατ’
2563 4095 2728 4148 αὑτοῦ
2759 4076 3021 4151 διαϐολῶν
3045 4076 3511 4170 μικράνούδδὸλως
3530 4108 3723 4175 ἐφρόν-

457 4169 852 4243 cendogloriae
895 4179 949 4224 et
1001 4171 1228 4224 alterius
1285 4172 1560 4233 utilitatis,
1633 4171 1918 4236 elﬁciebat,
1981 4183 2041 4227 ut

2159 4187 2293 4247 τιςε·
2321 4187 2386 4254 τῇ
2433 4185 2487 4236 δὲ
2537 4187 2664 4255 περὶ
2695 4186 2856 4238 αὐτὸν
2888 4188 3044 4258 φήμῃ
3075 4169 3175 4258 τῆς
3212 4191 3305 4243 τοῦ
3353 4193 3507 4260 λόγου
3557 4169 3719 4264 δόξης

459 4266 586 4311 tota:
611 4261 864 4312 civitates
893 4270 946 4314 et
971 4261 1164 4314 insula:
1180 4263 1513 4315 conlluerent
1544 4272 1599 4316 et
1657 4264 2033 4317 convenirent.

2159 4276 2239 4325 καὶ
2286 4276 2382 4343 τῆς
2425 4273 2590 4342 ἀλλης
2639 4273 2928 4340 ὡφελείας,
2981 4277 3166 4340 πόλεις
3194 4280 3322 4342 ὅλας
3367 4281 3461 4333 καὶ
3519 4261 3720 4354 νήσους

457 4348 592 4402 Nam
634 4366 733 4405 nec
769 4352 956 4406 Romae
983 4353 1203 4422 quidem
1253 4369 1480 4423 magnus
1529 4355 1820 4423 episcopus
1881 4354 2040 4410 Inno-

2159 4369 2448 4434 ςυνεισρεῖν
2479 4365 2651 4417 ἐποίει
2679 4366 2774 4418 καὶ
2805 4369 3275 4438 συνεισέρχεσθαι.
3309 4373 3444 4425 Οὐδὲ
3477 4348 3583 4443 γὰρ
3611 4376 3719 4427 οὐδ’

460 4441 694 4505 centius,
735 4452 855 4496 erat
898 4445 1167 4497 honorum
1209 4444 1328 4511 ejus
1372 4445 1594 4510 ignarus
1630 4462 1644 4510 ;
1691 4446 1783 4498 sed
1817 4461 1941 4499 eum
1987 4448 2038 4500 in

2159 4462 2171 4511 ί
2219 4457 2441 4528 Ῥώμης
2507 4457 2680 4527 μέγας
2733 4457 3073 4523 Ἰννοκέντιος
3129 4463 3357 4533 ἄμοιρος
3416 4467 3526 4517 τῶν
3555 4441 3564 4443 _
3595 4469 3720 4520 τού-

463 4550 658 4604 magna
700 4536 937 4589 habebat
980 4535 1384 4590 existimatione
1415 4536 1479 4588 ad
1513 4552 1635 4590 eum
1678 4538 1924 4591 scribens
1957 4537 2042 4588 lit-

461 4631 608 4679 teras
638 4635 693 4680 et
725 4627 964 4680 viciesim
1002 4627 1297 4695 accipiens.

528 4830 615 4884 l5.
644 4828 782 4884 Volo
811 4829 1089 4900 paululum
1114 4829 1394 4884 immorari
1424 4831 1736 4900 injucunda
1765 4834 2037 4885 narratio-

457 4935 548 4986 ne,
594 4923 868 4988 quomodo
915 4921 1138 4983 Paulus,
1188 4921 1280 4990 qui
1313 4929 1396 4975 est
1421 4932 1475 4975 et
1505 4931 1681 4992 mysta
1711 4930 1764 4976 et
1791 4923 2038 4976 eruditur

458 5026 786 5066 arcanorum
833 5013 1243 5083 mysteriorum,
1283 5014 1593 5082 pontiﬁcem
1638 5013 1938 5068 initiaverit
1985 5015 2039 5067 in

459 5102 760 5172 mysteriis.
792 5102 928 5157 Cum
958 5104 1171 5158 divinas
1203 5103 1323 5172 ejus
1351 5102 1613 5171 epistolas
1648 5120 1836 5158 earum
1871 5104 2040 5160 inter—

455 5207 582 5260 pres
602 5202 654 5246 et
679 5193 960 5260 expositor
983 5201 1346 5261 percurreret,
1374 5201 1514 5254 erat,
1539 5200 1596 5244 ut
1614 5203 1698 5248 est
1722 5194 2039 5260 verisimile,

455 5282 622 5337 dubia
653 5292 707 5335 et
753 5298 1019 5353 suspensa
1049 5282 1378 5355 cogitatione
1401 5323 1414 5346 ,
1455 5282 1644 5339 dicens
1674 5301 1687 5336 :
1736 5283 1870 5350 Quis
1911 5287 2037 5349 scit,

457 5390 524 5426 an
544 5372 656 5426 Deo
671 5382 826 5442 grata
845 5388 963 5428 mea
982 5374 1052 5428 sit
1068 5373 1485 5444 interpretatio?
1509 5374 1632 5429 Haec
1664 5378 1933 5445 cogitans,
1955 5392 2042 5430 ro-

456 5465 617 5535 gabat
637 5464 779 5518 utde
796 5478 858 5517 ea
887 5480 944 5518 re
967 5478 995 5515 a
1018 5463 1127 5519 Deo
1154 5465 1306 5520 ﬁeret
1324 5468 1544 5531 certior,
1571 5467 1713 5537 quod
1743 5467 1905 5521 etiam
1935 5467 2040 5520 cito

455 5556 560 5609 hoc
595 5555 757 5607 modo
788 5553 990 5609 factum
1030 5568 1111 5609 est
1138 5555 1370 5621 Quidam
1403 5572 1467 5610 ex
1499 5557 1566 5611 iis
1600 5557 1690 5626 qui
1727 5557 2041 5626 imperatori

455 5653 615 5701 erant
673 5644 1132 5713 familiarissimi,
1195 5644 1417 5700 oﬂ‘endit
1473 5650 1897 5715 imperatorem,
1932 5649 2025 5716 qui

537 5733 581 5766 ²⁰
614 5731 774 5787 Joan.
809 5750 861 5802 v,
890 5735 958 5787 50

2144 4570 2234 4604 του
2298 4551 2515 4610 καλῶν,
2575 4550 2688 4602 ἀλλ’
2757 4552 2814 4602 ὲν
2879 4552 3090 4624 μεγάλῃ
3167 4554 3331 4624 μοίρᾳ
3401 4557 3500 4625 τὴν
3555 4557 3724 4610 αὑτοῦ

2143 4642 2411 4711 ἀποδοχὴν
2462 4643 2716 4702 ἐποιεῖτο,
2756 4643 2984 4710 γράφων
3045 4645 3194 4715 αὐτῷ
3243 4647 3336 4697 καὶ
3387 4648 3720 4718 ἀντιγραφό-

2197 4748 2333 4792 ενος.

2197 4751 2333 4783 Ξνο”.

2153 4751 2190 4799 μ
2219 4763 2308 4870 ιε’ἶ⁸
2344 4817 2612 4888 Βούλομαι
2645 4818 2704 4870 δὲ
2739 4818 2934 4888 μικρὸν
2973 4821 3242 4890 ἐπισχεῖν,
3269 4823 3362 4875 τοῦ
3395 4825 3598 4891 μύστου
3623 4825 3720 4877 καὶ

2146 4911 2463 4980 μυστηρίων
2491 4912 2598 4962 τῶν
2628 4912 2885 4981 ἀρρήτων
2915 4911 3126 4963 Παύλου
3159 4917 3223 4983 τῇ
3271 4915 3404 4984 πρὸς
3441 4916 3531 4966 τὸν
3581 4917 3718 4984 ἀρχ-

2146 5001 2293 5072 ιερέα
2343 5004 2541 5072 μυήσει
2591 5002 2668 5070 τῷ
2698 5002 2844 5072 λόγῳ
2875 5005 3328 5073 κατατρυφήσων.
3374 5006 3574 5057 Τούτου
3619 5009 3718 5065 τὰς

2144 5091 2292 5154 θείας
2337 5091 2624 5152 ἐπιστολὰς
2669 5093 2696 5141 6
2742 5091 2946 5144 τούτων
2997 5093 3268 5162 ἑρμηνεὺς
3306 5096 3397 5147 καὶ
3445 5095 3716 5166 ἐξηγητὴς

2142 5184 2509 5254 διερχόμενος,
2541 5185 2616 5248 ὼς
2646 5186 2812 5247 είκὺς,
2863 5185 3206 5248 ὲταλάντευε,
3245 5178 3417 5252 λῖγων
3438 5202 3450 5214 ⁸
3481 5187 3574 5248 Τίς
3608 5189 3717 5253 ἄρα

2143 5273 2300 5342 οἶδεν,
2334 5278 2381 5328 εἰ
2410 5277 2614 5346 ἀρεστὰ
2642 5276 2721 5345 τῷ
2749 5276 2867 5347 Θεῷ
2906 5277 3007 5347 τῆς
3041 5277 3183 5347 ὲμῆς
3228 5279 3566 5348 ἑρμηνείαςς
3603 5279 3714 5331 Καὶ

2144 5365 2314 5418 ταῦτα
2345 5365 2725 5434 διανοούμενος
2767 5365 2938 5418 ἐδεῖτο
2981 5365 3132 5426 θείας
3171 5366 3316 5427 τινὸς
3350 5366 3479 5436 περὶ
3521 5366 3712 5417 τούτου

2144 5459 2519 5528 πληροφορίας
2539 5475 2553 5488 ·
2588 5460 2654 5529 ἥν
2683 5459 2746 5528 δὴ
2790 5458 2881 5510 καὶ
2910 5459 3180 5526 λαμϐάνει
3209 5459 3414 5528 ταχέως
3443 5458 3589 5510 τόνδε
3621 5459 3715 5510 τὸν

2143 5551 2360 5622 τρόπον’
2413 5550 2532 5602 Τῶν
2576 5550 2925 5602 οἰκειοτάτων
2965 5567 3048 5611 τις
3097 5549 3191 5602 τοῦ
3243 5549 3507 5618 βασιλέως
3542 5567 3713 5618 προσ·-

2135 5645 2321 5714 κρούει
2350 5643 2427 5713 τῷ
2455 5643 2678 5712 βασιλεῖ,
2704 5643 2799 5695 καὶ
2830 5642 3058 5696 θάνατον
3091 5642 3397 5696 ἀπειλεὶται
3421 5659 3434 5675 ο
3475 5644 3569 5696 καὶ
3591 5643 3709 5694 δια-
