4070 6206
256 308 355 374 251

918 300 1203 363 ORATIO
1231 298 1449 360 XVIII.
1484 320 1553 335 -
1593 295 1981 357 LAUDATIO
2023 296 2083 356 S.
2125 288 2447 358 JOANNIS
2483 291 2892 360 CHIIYSOST.

3425 306 3531 369 258

260 425 534 492 πέμπεται
563 418 641 490 τῷ
663 416 795 489 θείῳ
824 417 1077 489 ἀρχιερεῖ
1112 414 1363 486 μεσίτην,
1407 411 1502 464 τοῦ
1536 411 1844 481 παραγενέ-

1958 420 2180 465 mortem
2221 416 2511 478 minatur;
2558 422 2612 467 et
2656 416 2894 469 mittitur
2940 417 3035 485 qui
3088 418 3231 487 apud
3286 418 3533 477 divinum

261 516 381 570 σθαι
407 513 608 576 νυκτὸς
637 511 777 582 πρὸς
806 510 993 573 αὑτὸν,
1015 508 1106 562 διὰ
1134 507 1226 560 τὸν
1252 506 1418 575 φόϐον
1434 504 1530 558 τοῦ
1555 504 1840 575 βασιλέως,

260 609 351 662 καὶ
379 604 722 673 ἀπαγγεῖλαι
751 602 818 656 τὰ
843 602 965 656 κατ’
984 599 1169 653 αὐτόν·
1188 593 1272 662 οἷς
1289 598 1591 668 εὐδοκήσας
1613 600 1640 650 6
1662 596 1839 663 ἅγιος,

261 700 342 755 διὰ
377 700 627 770 Πρόκλου
656 697 852 749 τοῦτον
877 694 1052 747 ὲλθείν
1077 691 1451 761 ἐγκελεύεται.
1490 691 1554 743 'H
1581 690 1676 756 νὺξ
1702 706 1846 760 παρ-

262 794 342 863 ῆν,
378 792 683 861 συμπαρῆν
713 789 769 842 δὲ
804 789 833 841 6
882 788 1067 856 ἱκέτης
1090 828 1104 852 ,
1152 785 1282 855 περὶ
1333 784 1431 854 τὴν
1471 783 1781 853 ὑπόμνησιν
1817 783 1846 835 ό

262 886 505 957 Πρόκλος
532 882 905 951 ἀπολογεῖται.
939 878 1075 935 Εἶτα
1114 881 1444 952 περισκοπεῖ
1466 877 1685 949 πρῶτον
1706 877 1844 945 ὀπῆς

255 978 343 1031 διά
377 994 548 1041 τινος,
579 976 674 1029 καὶ
709 975 814 1046 όρᾷ
853 974 945 1027 τὸν
979 972 1244 1043 ἀρχιερέα
1274 971 1418 1025 κατά
1446 972 1508 1024 τὸ
1537 969 1729 1032 εἰωθὸς
1761 971 1846 1021 ὲν·

258 1068 651 1139 θρονιζόμενον
671 1068 980 1138 γράφοντα,
1013 1066 1081 1119 τὰ
1110 1064 1165 1118 δὲ
1199 1062 1267 1134 ἧν
1297 1066 1330 1135 ἠ
1364 1064 1472 1116 τῶν
1502 1063 1665 1117 θείων
1698 1062 1847 1115 Ἐπι-

261 1159 468 1212 στολῶν
502 1159 793 1230 ἑρμηνεία.
828 1159 963 1213 Τότε
1012 1155 1106 1213 οὖν
1148 1159 1235 1226 δὴ,
1295 1159 1416 1211 τότε
1465 1156 1557 1210 τοῦ
1610 1154 1865 1226 φοϐεροῦ

256 1253 473 1306 ἐκείνου
509 1252 757 1317 ἀξιοῦται
788 1252 1084 1321 θεάματος.
1129 1246 1265 1323 Ὀρᾷ
1289 1253 1396 1320 γὰρ
1422 1253 1450 1304 6
1484 1250 1727 1320 Πρόκλος
1752 1248 1845 1302 τὸν

258 1344 402 1397 θετον
458 1344 760 1398 ἀπόστολον
792 1343 1004 1396 Παῦλον
1035 1344 1457 1413 ἐπικεκλιμόνον
1489 1340 1716 1395 ὄπισθεν
1747 1339 1842 1393 τοῦ

258 1435 482 1506 θρόνου,
533 1436 675 1505 πρὸς
718 1438 784 1505 τῇ
832 1435 1043 1505 κεφαλῇ
1099 1434 1194 1488 τοῦ
1246 1434 1574 1505 ἀρχιερέως,
1633 1433 1725 1487 καὶ¹
1782 1431 1845 1485 τὸ

261 1526 435 1594 στόμα
463 1525 628 1578 θέντα
655 1524 815 1594 δεξιῴ
841 1526 1034 1579 τούτου
1062 1524 1230 1596 ὠτίῳ,
1249 1527 1340 1579 καὶ
1362 1524 1654 1595 ὁμιλοῦντα
1670 1524 1840 1594 αὐτῷ.

264 1618 564 1679 Ἔκστασις
593 1617 861 1687 λαμόάνει
894 1616 1138 1689 Πρόκλον
1163 1617 1258 1671 καὶ
1276 1616 1504 1688 ἀπορία,
1540 1615 1707 1670 πόθεν
1734 1617 1843 1686 ἄρα

259 1710 613 1781 εἰσελήλυθεν
662 1712 690 1763 ό
727 1711 1005 1785 ὁρώμενος
1038 1711 1242 1781 (ἠγνόει
1281 1712 1389 1781 γὰρ
1432 1712 1582 1774 ὅστις
1614 1706 1703 1781 ἦν)
1750 1710 1844 1762 καὶ

264 1803 497 1873 παρῄνει
529 1803 706 1872 τούτῳ
750 1804 1091 1874 καρτερῆσαι
1126 1803 1346 1874 μικρόν.
1379 1803 1545 1855 Πάλιν
1578 1803 1720 1873 μετά
1749 1819 1841 1872 μι-

262 1896 394 1965 κρδν
419 1898 754 1965 περισκοπεί
787 1896 883 1950 καὶ
921 1895 1070 1960 ἅπαξ
1106 1896 1201 1949 καὶ
1228 1896 1337 1958 δὶς,
1364 1896 1458 1948 καὶ
1482 1897 1515 1966 ὴ
1546 1895 1683 1964 αύτὴ
1704 1896 1842 1947 θεω-

265 1987 374 2055 ρία.
422 1986 772 2053 Ἐγκαλεῖται
801 1987 829 2037 6
862 1986 1106 2056 Πρόκλος
1152 1986 1301 2055 παρά
1351 1986 1445 2037 τοῦ
1495 1987 1843 2055 μεγιστᾶνας,

260 2078 508 2143 εἰπόντος
530 2121 547 2145 ,
582 2079 659 2143 ὡς
686 2080 799 2133 Οὐκ
830 2079 1000 2149 ἐχρῆν
1029 2096 1089 2133 σε
1123 2080 1302 2132 εἰδότα
1326 2080 1419 2132 τὸν
1450 2078 1583 2149 ἐμόν
1617 2079 1845 2149 προσδο-

261 2173 513 2242 κώμενον
546 2173 799 2238 θάνατον,
848 2174 1037 2244 ἕτερον
1066 2175 1516 2243 προσεπαγαγεῖν
1558 2172 1637 2240 τῷ
1678 2173 1841 2241 ἁγίῳ.

276 2267 335 2318 ’0
358 2266 416 2319 δὲ
432 2267 540 2337 πλη
548 2268 774 2337 ροφορετ
786 2266 997 2332 τοῦτον,
1010 2266 1170 2320 τοῦτο
1193 2265 1316 2336 μηδ’
1334 2265 1846 2339 ὲννοήσασθαι.”Ετι

261 2360 469 2415 τούτων
498 2361 934 2433 διαπορούντων,
984 2363 1012 2414 ό
1059 2360 1236 2432 κήρυξ
1280 2361 1415 2431 πρὸς
1455 2360 1554 2423 τάς
1594 2360 1848 2431 όρθρέους

264 2452 537 2522 ύμνῳδίας
560 2452 849 2506 ἀνίσταται
881 2454 993 2516 τοῖς
1022 2452 1351 2522 κρούμασιν.
1396 2451 1679 2504 Ἐντεῦθεν
1714 2452 1849 2502 ὑπο-

267 2545 493 2612 στρέφει
525 2543 555 2595 6
600 2542 913 2614 ἄνθρωπος,
964 2543 1102 2613 πρὸς
1148 2542 1246 2613 τὴν
1277 2542 1540 2614 δευτέραν
1578 2542 1748 2595 νύκτα
1780 2541 1850 2593 τὰ

264 2634 364 2704 τῆς
395 2635 614 2699 ἐλπίδος
640 2635 1019 2689 ἀποσαλεύων.
1052 2636 1159 2687 Καὶ
1185 2637 1217 2705 ή
1262 2635 1492 2704 δευτέρα
1544 2634 1851 2705 παρίστατο

264 2727 385 2792 νὺξ,
417 2729 516 2780 καὶ
538 2731 573 2800 ἡ
601 2729 794 2799 τρίτη’
825 2730 917 2782 καὶ
946 2728 1109 2783 πάλιν
1136 2730 1203 2782 τὰ
1234 2729 1400 2797 ὃμοια
1422 2727 1519 2780 τοῦ
1551 2727 1846 2796 θεάματος.

267 2820 500 2883 Τούτοις
523 2822 1058 2891 καταπληττόμενος,
1096 2823 1193 2891 ὀψὲ
1237 2821 1331 2874 καὶ
1370 2821 1525 2890 μόλις
1570 2821 1782 2891 ᾑσθήθη
1825 2825 1913 2893 ό,-ν

269 2913 515 2983 Πρόκλος
545 2914 775 2986 ἀορασίᾳ
810 2914 994 2973 θεόθεν
1023 2914 1365 2969 ἀπεστάλθαι
1399 2913 1491 2967 τὸν
1531 2912 1849 2983 ὁμιλοῦντα,

262 3004 364 3057 καί
400 3021 534 3075 φησι
567 3007 703 3077 πρὸς
729 3007 823 3059 τὸν
851 3009 1157 3077 μεγιστάνα
1197 3008 1439 3059 ἐκεῖνον’
1488 3007 1550 3058 Ὢ
1584 3006 1851 3077 βέλτιστε,

1948 506 2261 573 pontiiicem
2301 507 2702 572 intercederet,
2734 516 2792 562 ιιι
2834 518 3001 564 noctu
3064 510 3132 564 ad
3158 527 3284 566 eum
3326 516 3534 570 veniret

1948 598 2174 665 prepter
2211 606 2416 653 metum
2472 601 2838 672 imperatoris,
2872 610 2927 660 ct
2974 620 3073 659 sua
3111 605 3161 659 ei
3208 615 3533 675 exponeret:

1947 685 2161 752 Quibus
2208 691 2521 748 assentiens
2566 703 2821 759 sanctus,
2867 709 2964 765 per
2994 696 3246 752 Procluin
3282 699 3437 768 jubet
3474 708 3535 753 ut

1949 780 2154 835 veniat.
2195 780 2309 838 Nox
2345 785 2554 850 aderat,
2605 795 2660 841 et
2685 786 2877 842 'simul
2917 789 3081 843 etiam
3130 791 3320 845 aderat
3352 793 3398 846 is
3439 794 3536 861 qui

1945 880 2066 928 erat
2092 876 2342 945 supplex.
2364 875 2573 933 Utcum
2602 879 2913 946 admoneat,
2929 881 3022 935 dat
3042 897 3261 952 operam
3285 871 3532 939 Proclus.

1951 965 2154 1021 Deinde
2204 969 2439 1037 primum
2481 971 2682 1040 aspicit
2724 987 2820 1042 per
2856 975 3135 1043 quoddam
3173 974 3443 1041 foramen,
3481 986 3535 1032 et

1949 1057 2098 1113 videt
2119 1059 2458 1129 pontiﬁcem,
2496 1068 2557 1115 ut
2583 1068 2972 1129 consueverat,
3010 1064 3064 1119 in
3091 1065 3222 1121 sede
3251 1066 3533 1121 sedentem

1947 1157 2002 1205 et
2044 1150 2397 1206 scribentem.
2433 1151 2511 1206 Ea
2538 1163 2719 1209 autem
2759 1163 2879 1209 erat
2911 1156 3294 1227 interpretatio
3320 1158 3536 1213 divina-

1948 1252 2068 1297 rum
2113 1242 2503 1314 Epistolarum.
2538 1237 2695 1301 Tunc
2726 1257 2909 1303 autem
2938 1288 2953 1312 ,
2992 1256 3125 1304 tunc
3166 1249 3263 1305 illo
3299 1252 3535 1307 terribili

1948 1333 2148 1405 dignus
2194 1335 2427 1398 habetur
2456 1339 2793 1406 spectaculo.
2830 1337 2991 1394 Videt
3024 1342 3168 1395 enim
3192 1340 3423 1396 Proclus
3453 1344 3537 1397 di-

1948 1425 2136 1479 vinum
2163 1430 2471 1496 apostolum
2498 1429 2724 1485 Paulum
2752 1432 3079 1486 inclinatum
3112 1444 3233 1504 post
3255 1437 3437 1490 sedem
3467 1435 3537 1490 ad

1946 1527 2111 1588 caput
2150 1520 2449 1589 pontiﬁcis,
2507 1532 2562 1577 et
2600 1536 2664 1576 os
2690 1522 3072 1578 admoventem
3111 1526 3229 1578 auri
3260 1527 3379 1593 ejus
3404 1528 3538 1581 dex-

1948 1618 2099 1671 teras.
2159 1619 2214 1665 et
2261 1627 2385 1666 cum
2432 1628 2499 1667 eo
2538 1614 2967 1683 colloquentem.
3008 1615 3261 1671 Proclum
3312 1619 3540 1673 incessit

1950 1711 2145 1772 stupor
2192 1711 2247 1757 et
2292 1702 2605 1768 admiratio,
2647 1714 2889 1775 quanam
2937 1709 3219 1778 ingressus
3268 1719 3416 1766 esset
3444 1710 3538 1780 qui

1950 1796 2301 1851 cernebatur.
2347 1795 2641 1866 ignorabat
2686 1799 2831 1852 enim
2880 1800 3004 1869 quis
3054 1812 3238 1867 esset;
3296 1812 3351 1857 et
3386 1815 3541 1875 rogat

1950 1886 2228 1943 hominem
2272 1896 2332 1942 ut
2362 1904 2555 1959 parum
2598 1898 2901 1961 exspectet.
2940 1892 3151 1948 Rursus
3199 1894 3363 1963 paulo
3416 1905 3540 1965 post

1949 1979 2168 2049 aspicit,
2195 1989 2248 2034 et
2274 1982 2464 2047 semel,
2506 1990 2561 2035 et
2592 1983 2675 2037 bis
2710 1992 2804 2049 ;et
2839 1993 2956 2037 erat
2981 1984 3119 2040 idem
3145 1988 3536 2055 Spectaculuin.

1948 2070 2390 2142 Reprehenditur
2426 2073 2656 2129 Proclus
2688 2076 2759 2129 ab
2793 2076 2886 2130 illo
2921 2076 3186 2147 optimate
3216 2080 3309 2149 qui
3346 2079 3483 2133 dixit
3522 2099 3536 2134 :

1949 2163 2072 2220 Non
2104 2167 2393 2237 oportebat
2422 2177 2473 2222 te
2501 2207 2516 2232 ,
2548 2181 2673 2222 cum
2721 2168 2940 2225 videres
2975 2178 3208 2225 mortem
3243 2188 3364 2241 qua:
3405 2174 3539 2228 mihi

1950 2265 2321 2325 exspectatur,
2340 2259 2509 2312 alium
2528 2259 2593 2313 ad
2619 2268 2871 2313 sanctum
2906 2260 3199 2317 adducere.
3231 2263 3328 2318 Ille
3355 2272 3537 2317 autem

1950 2348 2000 2402 ei
2028 2348 2279 2411 aliirmat,
2322 2365 2379 2403 se
2407 2348 2476 2404 de
2508 2364 2575 2404 eo
2600 2349 2735 2404 nihil
2764 2352 3061 2421 cogitasse.
3090 2352 3185 2407 llis
3229 2355 3408 2408 adhuc
3437 2355 3542 2408 dn-

1953 2439 2281 2504 bitantibus,
2311 2455 2497 2513 praeco
2516 2441 2583 2497 ad
2611 2445 2882 2498 matutina
2913 2446 3132 2500 cantica
3165 2449 3371 2504 excitat
3402 2448 3540 2518 ligni

1954 2532 2227 2603 pulsibus.
2280 2532 2455 2588 Homo
2515 2533 2702 2603 itaque
2743 2537 3063 2603 revertitur,
3120 2538 3175 2593 in
3240 2542 3541 2596 secundam

1955 2634 2172 2681 noctem
2214 2641 2365 2698 spem
2407 2626 2687 2697 rejiciens.
2739 2631 2991 2683 Accessit
3049 2632 3290 2687 secunda
3335 2649 3441 2687 nox
3486 2643 3542 2687 et

1955 2726 2149 2787 tertia;
2192 2733 2248 2777 et
2288 2734 2407 2779 erat
2438 2739 2635 2779 rursus
2662 2726 2843 2781 simile
2879 2729 3277 2794 spectaculum.
3315 2729 3413 2786 His
3445 2733 3545 2785 oh-

1956 2815 2302 2886 stupefactus
2322 2860 2336 2885 ,
2368 2818 2459 2872 vix
2502 2818 2717 2873 tandem
2746 2820 2919 2874 sensit
2951 2821 3181 2877 Proclus
3212 2826 3429 2878 nemine
3464 2826 3545 2879 vi-

1957 2908 2119 2964 dente
2137 2923 2167 2962 a
2191 2911 2299 2964 Deo
2323 2910 2553 2963 missum
2585 2926 2709 2965 esse
2731 2926 2854 2964 eum
2878 2914 2969 2981 qui
2995 2914 3355 2984 loquebatur;
3391 2916 3545 2972 dicit-

1962 3017 2068 3071 que
2098 3002 2171 3055 illi
2208 3003 2459 3072 0ptimati
2487 3020 2501 3056 :
2535 3002 2580 3058 0
2609 3004 2836 3073 Optime,
2870 3003 2978 3059 Deo
3010 3008 3323 3071 resistente,
3346 3010 3544 3063 studiis

262 3097 403 3151 Θεοῦ
424 3099 910 3170 ἀντιπράττοντος,
942 3098 1202 3161 σπουδαῖς
1231 3098 1476 3160 ἀπάσαις
1510 3100 1538 3151 6
1572 3098 1733 3162 πόνος
1762 3100 1848 3152 ἀν-

1962 3095 2221 3150 omnibus
2275 3096 2429 3150 labor
2475 3105 2560 3152 est
2604 3097 2839 3152 inutilis.
2883 3096 3033 3166 Roga
3097 3112 3228 3166 ergo
3266 3099 3433 3153 Deum
3487 3112 3545 3155 ut

262 3191 483 3259 ήνυτος.
516 3191 619 3243 Ἴθι
651 3190 832 3244 τοίνυν
857 3188 1258 3261 παρακαλέσων
1299 3190 1390 3243 τὸν
1419 3189 1552 3243 Θεὸν
1584 3189 1851 3260 βοηθῆσαί

264 3301 370 3337 σοι.
408 3284 625 3354 Ἡμέρα
660 3285 864 3354 παρῆν,
897 3283 991 3336 καὶ
1041 3285 1122 3345 εἰς
1157 3284 1383 3353 μνήμην
1414 3282 1585 3335 ἐλθὼν
1614 3281 1708 3335 τοῦ
1740 3285 1853 3336 ἰκέ-

262 3375 413 3426 τουό
436 3374 755 3443 ἀρχιερεὺς.
785 3370 1052 3443 διηρώτα,
1084 3375 1132 3425 εί
1158 3372 1512 3441 παρεγένετο.
1569 3372 1852 3427 Μανθάνει

258 3467 447 3520 τοίνυν
470 3466 543 3520 τά
572 3466 696 3520 κατ’
723 3466 888 3519 αὑτὸν
920 3465 1072 3536 παρὰ
1098 3465 1189 3518 τοῦ
1214 3465 1745 3535 Πρόκλου,είπόντος
1768 3466 1851 3519 ἔτι

259 3557 597 3625 καὶταῦτα,
629 3557 706 3621 ὡς
747 3557 1026 3622 ’ἰδιάζοντι
1080 3574 1162 3610 σοι
1208 3558 1329 3627 μεθ’
1358 3558 1547 3629 ἑτέρου
1579 3557 1679 3622 τὰς
1711 3574 1852 3628 παρ-

258 3649 791 3713 ελθούσαςξνύκτας,
829 3648 1070 3702 συνεῖδον
1108 3650 1181 3719 μὴ
1219 3649 1719 3719 προπετεύσασθαι.
1741 3649 1852 3703 Καὶ

257 3742 349 3804 τίς
376 3736 560 3807 οὗτος,
586 3742 681 3796 τοῦ
736 3742 897 3810 ἀγίου
931 3743 1416 3813 ἀντερωτήσαντος
1437 3783 1451 3807 ,
1488 3741 1795 3813 ἀρξάμενος
1823 3741 1854 3793 6

258 3834 531 3903 Πρόκλος.
550 3834 631 3904 τῷ
655 3834 755 3903 μὲν
783 3834 926 3905 λόγῳ
955 3833 1015 3887 τὸ
1048 3833 1159 3886 πᾶν
1183 3832 1405 3899 διέξεισι
1430 3832 1526 3886 τοῦ
1550 3832 1851 3904 θαύματος,

256 3927 343 3995 τῷ
372 3926 629 3997 δακτύλῳ
679 3926 735 3979 δὲ
794 3926 885 3980 διὰ
943 3926 1043 3996 τῆς
1100 3926 1310 3988 εἰκόνος
1359 3924 1723 3997 ἀριδηλότατα
1755 3923 1854 3996 τὴν

257 4017 642 4091 ἁποστολικὴν
669 4019 976 4088 παρουσίαν
997 4019 1363 4087 πιστούμενος
1393 4017 1475 4091 [τὸ
1496 4019 1606 4072 πᾶν
1630 4017 1853 4084 διέξεισι

253 4109 360 4163 τοῦ
382 4111 629 4179 θεάματο
738 4105 833 4172 Οἷς
857 4111 1162 4181 ἐπιστήσας
1194 4111 1285 4163 τὸν
1315 4111 1441 4164 νοῦν
1463 4113 1491 4164 6
1525 4110 1668 4172 θεῖος
1698 4104 1854 4173 οὗτος

252 4202 429 4273 ἀνὴρ,
460 4202 660 4271 διέγνω
690 4202 877 4271 σαφῶς
909 4204 980 4256 τά
1014 4202 1109 4256 τοῦ
1143 4203 1436 4273 θεάματος,
1473 4205 1565 4257 καὶ
1593 4204 1696 4274 τὴν
1726 4203 1856 4273 πλη-

259 4295 539 4366 ροφορίαν
562 4294 658 4349 τοῦ
700 4295 1067 4365 ἑξαιτήματος
1120 4294 1377 4364 εἰληφὼς,
1420 4294 1558 4365 πρὸς
1587 4295 1648 4347 τὸ
1693 4294 1854 4347 Θεῖον

253 4387 627 4459 εὐχαριστίας
668 4388 927 4441 ἀνετίθει.
965 4387 1076 4439 Καὶ
1138 4388 1304 4440 πάλιν
1334 4387 1426 4438 τὸν
1463 4386 1650 4455 ἱκέτην
1686 4376 1855 4456 προσὲ

1963 3189 2061 3243 tibi
2092 3203 2249 3257 opem
2297 3187 2457 3245 ferat.
2502 3188 2626 3243 Dies
2655 3189 2873 3253 aderat,
2909 3198 2961 3245 et
3002 3205 3124 3244 cum
3158 3192 3425 3261 supplicis
3460 3208 3545 3243 re-

1960 3281 2223 3336 cordatus
2250 3288 2397 3335 esset
2430 3280 2698 3350 pontifex,
2732 3281 2948 3350 rogavit
2980 3297 3047 3336 an
3084 3283 3429 3339 accessisset.
3471 3283 3545 3339 De

1960 3386 2028 3427 eo
2062 3386 2193 3444 ergo
2226 3372 2275 3427 ei
2311 3372 2581 3445 signiﬁcat
2603 3371 2857 3438 Proclus,
2888 3374 2983 3445 qui
3016 3374 3131 3428 hmc
3163 3374 3326 3428 etiam
3356 3374 3492 3430 dixit
3530 3417 3543 3430 .

1960 3464 2094 3519 Cum
2132 3475 2186 3519 tu
2215 3466 2508 3536 praeteritis
2541 3466 2797 3522 nectibus
2819 3482 3068 3522 seorsum
3095 3483 3247 3522 esscs
3269 3485 3391 3522 cum
3415 3469 3546 3535 alio,

1963 3557 2128 3612 statui
2177 3573 2283 3612 non
2316 3566 2521 3613 temere
2557 3558 2839 3613 accedere.
2888 3558 3025 3613 Cum
3082 3569 3309 3616 sanctus
3361 3574 3546 3617 autem

1964 3657 2214 3722 rogasset
2234 3651 2489 3720 quisnam
2521 3658 2669 3703 esset
2702 3649 2748 3705 is
2770 3650 2795 3703 2
2820 3650 3089 3721 incipiens
3112 3650 3343 3707 Proclus
3364 3658 3547 3710 verbis

1962 3742 2182 3814 quidem
2214 3751 2386 3796 totum
2414 3744 2765 3813 persequitur
2789 3744 3141 3812 miraculum,
3163 3746 3334 3818 digito
3362 3757 3544 3803 autem

1962 3852 2060 3908 per
2103 3836 2393 3905 imaginem
2435 3834 2847 3892 evidentissime
2896 3839 3140 3908 probans
3193 3855 3318 3893 eum
3373 3839 3548 3895 fuisse

1963 3931 2298 4001 apostolum,
2319 3938 2485 3983 totam
2516 3938 2708 3982 narrat
2748 3929 2947 3984 seriem
2979 3933 3392 3987 miraculorum.
3413 3936 3550 4000 Qui-

1962 4027 2065 4080 bus
2095 4041 2218 4079 cum
2251 4023 2585 4079 adhibuisset
2614 4036 2848 4077 mentem
2872 4024 2962 4079 hic
2994 4024 3074 4080 vir
3094 4024 3338 4092 divinus,
3362 4039 3549 4098 aperte

1963 4119 2227 4173 intellexit
2274 4119 2677 4189 spectaculum,
2711 4126 2764 4173 et
2798 4118 2979 4173 iactus
3013 4122 3217 4176 certior
3253 4138 3411 4178 suain
3452 4139 3546 4177 ac-

1963 4214 2178 4284 cepisse
2233 4212 2553 4281 pelitionem
2591 4251 2608 4277 ,
2664 4210 2774 4266 Deo
2822 4212 2932 4282 egit
2960 4214 3189 4282 gratias.
3229 4213 3433 4270 Deinde
3464 4217 3546 4269 sic

1963 4317 2158 4357 rursus
2189 4301 2422 4355 accersit
2460 4301 2789 4370 supplicem,
2819 4311 2871 4355 et
2896 4318 3020 4355 eum
3046 4306 3327 4369 convenit,
3351 4314 3404 4359 et
3445 4322 3547 4376 pro

1963 4404 2031 4446 eo
2060 4388 2353 4446 intercedit
2384 4388 2527 4459 apud
2567 4388 2986 4459 imperatorem,
3020 4399 3074 4445 et
3104 4393 3273 4461 priori
3305 4395 3550 4448 restituit

254 4484 547 4544 καλεῖται,
587 4482 683 4534 καὶ
736 4479 948 4550 ὁμιλεῖ⁸
1003 4478 1279 4549 μεσιτεύει
1317 4477 1375 4530 δὲ
1412 4477 1548 4545 πρὸς
1576 4475 1670 4529 τὸν
1701 4475 1851 4545 βασι-

1967 4480 2351 4552 magistratui,
2394 4479 2688 4549 impletque
2729 4481 3040 4550 promptius
3066 4493 3119 4538 et
3147 4484 3385 4538 alacrius
3425 4502 3547 4556 qua!

246 4576 386 4639 λέα,
418 4574 518 4628 καὶ
546 4572 684 4642 πρὸς
714 4573 816 4643 τὴν
848 4572 1127 4643 προτέραν
1161 4571 1340 4641 ἀρχὴν
1376 4567 1741 4639 ἀποκαθιστᾷ,
1763 4569 1858 4621 καὶ

245 4669 330 4721 τὰ
360 4667 641 4720 λείποντα.
666 4665 776 4719 τῶν
826 4665 990 4719 θείων
1021 4663 1353 4717 Ἐπιστολῶν
1384 4662 1697 4733 ἀναπληροῖ
1726 4679 1861 4732 προ-

246 4759 575 4831 θυμότερόν
632 4775 692 4811 τε
760 4754 859 4813 καὶ
900 4757 1273 4829 χαριέστερον.
1313 4754 1550 4824 Τοιαύτη
1584 4755 1686 4823 τῆς
1718 4753 1860 4824 ἐμῆς

246 4851 577 4919 δ;ηγήσεως
625 4848 660 4918 ἡ
698 4848 879 4918 μερίς.
913 4848 987 4899 Συ
1026 4847 1083 4899 δέ
1118 4863 1208 4915 μοι
1240 4845 1371 4914 λέγε
1405 4845 1497 4897 τὸν
1529 4846 1621 4897 σὸν
1652 4844 1856 4911 λοξίαν,

245 4944 353 4997 τὸν
389 4942 493 4996 σοῦ
520 4941 870 5013 χρυσηλάτου
898 4939 1153 5011 τρίποδος
1187 4939 1278 4992 τὸν
1309 4938 1630 5009 θεσπιῳδὸν,
1683 4939 1712 4991 6
1757 4936 1857 5007 ἐμὲ

244 5038 491 5102 διώξας.
526 5037 556 5089 6
587 5038 705 5099 τοῖς
736 5035 927 5105 μύθοις
961 5032 1507 5103 μεγαλαυχούμενος,
1549 5032 1636 5084 καὶ
1665 5030 1765 5101 τὴν
1794 5032 1858 5083 ἑκ

246 5130 371 5184 τῶν
406 5130 787 5199 δαφνηφάγων
818 5128 929 5182 ὅπα
960 5127 1175 5197 λαιμῶν
1200 5127 1297 5197 τῆς
1337 5127 1437 5195 σῆς
1468 5124 1854 5195 Φοιϐαστρίας,

245 5227 354 5279 καὶ
392 5227 527 5286 τοὺς
566 5224 873 5294 χρησμοὺς,
918 5222 1042 5284 τοὺς
1073 5225 1137 5274 tu
1166 5222 1344 5291 δρυῶν
1376 5218 1584 5291 ληρεῖς,
1616 5217 1685 5269 τὰ
1729 5217 1858 5286 Ὀρ-

248 5320 415 5387 ipim;
451 5316 757 5386 μυστήρια,
796 5316 925 5377 τοὺς
958 5312 1248 5385 Τειρεσίας
1290 5312 1555 5374 ἐκείνους,
1581 5310 1710 5372 τοὺς
1739 5309 1857 5362 ἀνι-

247 5409 570 5471 πτόποδας,
606 5407 733 5469 τοὺς
770 5407 897 5470 σοὺς
930 5409 1220 5477 νημερτεῖς
1250 5405 1554 5474 ὐποφήτας.
1608 5401 1713 5456 Ἑῶ
1746 5402 1855 5472 γὰρ

248 5503 449 5570 λέγειν
499 5500 595 5554 τοῦ
625 5499 820 5553 Φοίϐου
873 5515 968 5553 σου
1012 5499 1074 5552 τὸ
1109 5499 1393 5569 φιλότιμον
1444 5495 1858 5565 φιλοτιμοῦντός

252 5609 358 5645 σου
391 5592 454 5645 τὸ
483 5589 705 5661 εῡηθες,
740 5594 836 5643 καὶ
865 5591 964 5661 τὴν
996 5590 1311 5663 πρόγνωσιν
1341 5588 1429 5641 διὰ
1457 5589 1554 5658 τῆς
1587 5589 1857 5657 μαντοσύ-

252 5702 365 5755 νης
390 5684 495 5755 τῆς
524 5684 830 5756 ἀμύμονος,
866 5686 966 5753 τῆς
1004 5683 1064 5747 ἐξ
1090 5684 1476 5754 ἀστραγάλων,
1509 5681 1601 5733 καὶ
1629 5681 1856 5751 κριθῶν,

252 5777 364 5830 καὶ
397 5773 655 5840 λιὸἀνων,
697 5775 777 5827 ἔτι
827 5775 882 5828 δὲ
930 5775 1018 5827 διὰ
1051 5775 1310 5839 πλίνθων,
1369 5772 1463 5826 καὶ
1493 5771 1726 5843 λύχνων,
1765 5771 1862 5825 καὶ

261 5867 519 5938 φύλλων,
552 5870 649 5921 καὶ
677 5867 885 5922 κύϐων.
918 5869 1091 5922 Ὀκνῶ
1122 5869 1221 5931 τὰς
1249 5867 1316 5920 δι’
1342 5866 1585 5939 ἐντόμων
1619 5868 1715 5919 καὶ
1742 5865 1860 5938 δέρ-

618 5965 893 6027 Ρλτιιοι.
933 5962 1048 6023 Gtt.
1086 5961 1269 6025 CVII.

1969 4573 2253 4629 restabant
2280 4588 2346 4627 ex
2378 4572 2583 4626 divinis
2616 4572 2886 4643 epistolis.
2923 4572 3014 4628 Ha:
3047 4584 3175 4630 sunt
3208 4586 3388 4648 partes
3414 4592 3547 4633 mea:

1967 4663 2323 4719 narrationis.
2349 4661 2431 4717 Tu
2457 4672 2662 4726 autem,
2687 4663 2777 4718 dic
2806 4664 3103 4719 mihituuni
3136 4667 3340 4722 loxium
3368 4678 3546 4722 vatem

1966 4758 2117 4813 aurei
2156 4757 2235 4811 tui
2266 4757 2519 4828 tripodis,
2558 4757 2651 4827 qui
2684 4772 2769 4813 me
2809 4760 3154 4829 persequeris
3180 4768 3233 4814 et
3267 4776 3450 4815 vocem
3480 4778 3547 4816 ex

1964 4851 2241 4905 laurivoro
2274 4858 2495 4918 gutture
2535 4858 2644 4902 tua:
2672 4847 2985 4912 thbadis,
3023 4866 3285 4921 responsa
3311 4895 3325 4917 ,
3375 4869 3551 4925 nugas

1962 4956 2029 4998 ex
2057 4945 2372 5015 quercubus
2399 4982 2414 5005 ,
2440 4942 2639 5013 Orphei
2672 4943 2954 5012 mysteria,
2988 4942 3108 4997 illos
3134 4941 3397 5005 Tiresias.
3423 4947 3548 5001 illos

1963 5036 2054 5106 qui
2076 5047 2203 5091 sunt
2229 5036 2399 5090 illotis
2442 5034 2692 5105 pedibus,
2718 5042 2843 5089 tuos
2876 5049 3033 5089 veros
3047 5037 3362 5107 prophetas.
3398 5037 3550 5092 Mitto

1963 5127 2529 5191 enimdicere‘thbi
2566 5129 2646 5181 tui
2689 5126 3171 5198 magniﬁcentiam,
3212 5131 3305 5201 qui
3342 5132 3550 5187 honore

1971 5230 2121 5277 tuam
2156 5220 2320 5275 allicit
2350 5220 2657 5279 stultitiam,
2692 5226 2745 5275 et
2790 5219 2888 5273 tibi
2922 5221 3122 5291 praebet
3147 5224 3547 5290 praescientiam

1971 5332 2067 5388 per
2110 5314 2553 5369 vaticinationem
2593 5328 2606 5365 :
2672 5312 3118 5367 vaticinationem
3167 5330 3331 5385 quam
3388 5331 3551 5370 nemo

1971 5414 2150 5479 potest
2199 5404 2599 5475 reprehendere
2632 5418 2645 5465 ;
2708 5415 2832 5473 qua:
2867 5402 2922 5457 lit
2960 5418 3024 5457 ex
3064 5404 3207 5471 talis,
3232 5414 3287 5462 et
3321 5406 3549 5474 hordeo,

1971 5507 2024 5553 et
2059 5497 2219 5551 thure
2252 5513 2267 5561 ;
2316 5504 2369 5549 et
2403 5502 2663 5565 praeterea
2704 5508 2798 5563 per
2827 5492 3047 5556 lateres,
3093 5502 3147 5549 et
3180 5495 3454 5561 lucernas,
3495 5508 3553 5552 et

1973 5589 2124 5653 folia,
2164 5595 2218 5643 et
2275 5590 2466 5641 cubes.
2519 5582 2725 5639 Vereor
2779 5585 2961 5640 dicere
3014 5600 3135 5655 qua
3186 5602 3284 5658 per
3341 5589 3551 5645 insecta

1972 5681 2133 5744 ﬁunt,
2156 5689 2211 5734 et
2241 5678 2432 5749 pelles,
2456 5687 2510 5732 et
2535 5677 2746 5746 reliqua
2788 5676 3051 5744 membra,
3076 5693 3141 5732 ex
3172 5678 3405 5735 diversis
3437 5681 3553 5755 ani-7

1973 5772 2233 5837 malibus,
2285 5785 2382 5840 per
2416 5768 2662 5841 viasque,
2701 5775 2755 5824 et
2802 5776 3072 5833 mortuos,
3122 5771 3382 5839 mysticas
3416 5786 3553 5841 pre-

1974 5866 2229 5926 cientias.
2270 5863 2514 5931 Quorum
2575 5862 2819 5920 omnium
2861 5863 3008 5935 quod
3051 5871 3137 5917 est
3182 5878 3373 5919 revera
3417 5880 3549 5934 prac-

3061 5951 3095 6013 9
