4088 6208
525 327 633 391 2ῐῶ

1798 322 2024 381 1.ΕΟΝΙ
2034 322 2074 380 S
2111 319 2570 381 PHILOSOPHI

3681 324 3792 386 260

521 441 888 495 clarissimum
920 446 1003 494 est
1034 438 1415 503 incredulitas,
1441 445 1497 490 et
1527 435 1856 490 contumelia
1883 436 1932 488 id
1959 432 2103 503 quod

2221 452 2380 502 ματος
2411 437 2605 498 εἰπεῖν,
2641 435 2732 487 καί
2767 435 2875 490 τῶν
2915 435 3117 488 λοιπῶν
3151 435 3303 506 παρᾶ
3335 436 3492 503 dia-gr?
3502 453 3608 508 ρων
3635 439 3791 498 ζώων

521 534 783 587 creditur.
825 531 930 584 Sed
969 532 1043 585 illi
1079 531 1302 600 quidem
1356 538 1630 598 nugentur
1668 545 1682 593 ;
1727 527 1886 580 nobis
1915 535 2098 580 autem

521 625 589 677 ad
626 633 834 679 rectum
863 624 1168 677 deducatur
1189 623 1388 686 oratio,
1419 620 1724 675 deducatur
1753 627 1939 675 nostra
1967 634 2103 687 quo-

522 734 630 786 que
679 719 788 770 vita
847 716 1105 769 universa
1165 713 1362 766 melius
1403 712 1555 767 illius
1593 710 2102 766 intercessionibus.

525 811 652 864 l’ost
699 810 813 862 haec
846 808 1201 876 cognoscitur
1249 805 1320 859 ab
1349 804 1799 869 accusatoribus,
1844 819 1966 874 qua:
2013 820 2106 874 per

524 901 837 970 pontificem
886 899 1011 953 data
1075 909 1159 953 est
1201 898 1355 953 salus
1387 897 1460 961 ei,
1512 898 1606 966 qui
1643 897 2002 968 confugerat,
2053 905 2107 952 et

523 1011 809 1067 regressus
855 996 922 1048 ad
968 994 1209 1063 priorem
1260 994 1579 1062 dignitatem
1617 1011 1632 1058 ;
1666 1008 1872 1062 eosque
1920 994 2108 1047 incen-

521 1090 716 1143 dentes
731 1087 961 1140 flammae
986 1084 1204 1140 invidia:
1229 1084 1437 1139 faciunt
1458 1085 1610 1140 rabie
1634 1086 1823 1155 agitari
1843 1097 1897 1139 et
1925 1086 2108 1140 furore

523 1180 787 1234 adversus
843 1194 969 1233 eum
1021 1179 1117 1248 qui
1166 1177 1318 1233 dedit
1365 1179 1642 1232 salutem:
1701 1178 1866 1247 hujus
1904 1177 2108 1233 furoris

527 1272 860 1340 praecipuum
887 1271 1222 1339 accipientes
1255 1270 1568 1324 ministrum
1596 1271 1912 1332 diaconum,
1945 1286 2107 1340 quem

519 1365 678 1429 prius
699 1363 959 1425 diximus,
988 1361 1367 1431 Serapionem.
1406 1361 1538 1427 Quae
1573 1363 1856 1434 cognoscit
1885 1364 2108 1434 quidem

526 1458 700 1510 bonus
731 1466 938 1524 pastor,
969 1471 1030 1509 ea
1057 1471 1183 1510 vero
1215 1456 1344 1509 nihil
1364 1465 1538 1510 curat.

597 1720 686 1774 16.
728 1720 1059 1774 Cumautcm
1094 1719 1301 1774 videret
1353 1719 1553 1774 multos
1593 1721 1800 1776 servire
1850 1724 2110 1785 avaritias,

2217 527 2393 595 μελῶν
2424 545 2527 593 σοι,
2579 529 2674 580 καὶ
2734 527 2870 580 ὁδῶν
2924 530 3018 581 καὶ
3075 533 3284 582 νεκύων
3332 532 3559 600 μνήσεις
3592 545 3651 581 τε
3695 531 3796 583 καὶ

2214 619 2576 688 προγνώσεις’
2602 614 2676 674 ὧν
2703 620 2962 673 ἁπάντων
2999 620 3072 683 ὠς
3101 619 3318 690 ἀληθῶς
3343 621 3403 672 τδ
3433 620 3789 688 σεμνότατον,

2215 713 2464 776 ἀπιστία,
2493 713 2588 766 καὶ
2623 713 2780 782 ὖϐρις
2807 712 2870 765 τὸ
2893 713 3304 782 πιστευόμενον.
3339 712 3526 765 ’Δλλοι
3564 713 3662 781 μὲν
3696 713 3794 783 λη-

2218 797 2508 867 ρείτωσαν,
2561 801 2693 870 ἡμῖν
2725 800 2770 852 δ’
2818 801 2847 852 ὁ
2883 800 3044 867 λόγος
3097 801 3235 871 πρδς
3284 800 3344 853 τὸ
3378 800 3535 864 εύθὲς
3582 801 3794 870 ἄγοιτο.

2219 891 2440 958 Ἀγοιτο
2473 893 2531 946 δὲ
2558 895 2654 947 καὶ
2691 897 2719 947 6
2747 894 2860 964 βίος
2891 894 3036 955 ἅπας
3071 894 3251 962 ἡμῶν,
3279 895 3400 955 ταῖς
3423 893 3634 947 ἐκείνου
3667 912 3800 965 πρεο

2219 983 2436 1046 σϐείαις
2479 985 2725 1052 ἄμεινον.
2775 985 2932 1038 Μετὰ
2987 984 3162 1036 ταῦτα
3221 981 3643 1050 διαγινώσκεται
3681 987 3800 1046 τοῖς

2216 1077 2544 1146 κατηγόροις
2577 1079 2608 1148 ἡ
2635 1079 2724 1132 διὰ
2751 1078 2844 1130 τοῦ
2896 1077 3200 1147 ἀρχιερέως
3239 1078 3480 1145 σιυτηρὲα
3514 1076 3594 1144 τῷ
3627 1094 3804 1146 προσ⁸

2216 1168 2441 1234 φυγόντι
2470 1169 2563 1220 καὶ
2595 1167 2728 1238 πρὸς
2756 1169 2854 1236 τὴν
2888 1168 3162 1239 προτέραν
3187 1166 3344 1228 ἀξίαν
3376 1167 3628 1228 ἐπάνοδος
3651 1183 3662 1193 ·
3699 1169 3802 1219 καὶ

2218 1256 2414 1322 φθόνου
2451 1256 2647 1324 φλόγες
2681 1258 2866 1319 αὐτοῖς
2895 1256 3232 1325 ἐξανάψασαι
3253 1296 3266 1318 ,
3303 1256 3502 1324 λυττᾷν
3536 1255 3673 1306 κατὰ
3698 1254 3801 1308 τοῦ

2220 1345 2492 1410 σώσαντος
2524 1347 2736 1401 ποιοῦσι
2765 1349 2858 1400 καὶ
2881 1349 3186 1419 μεμηνέναι
3216 1347 3313 1416 τῆς
3339 1346 3596 1414 τοιαύτης
3619 1346 3759 1416 λύπη
3769 1365 3803 1408 ς

2225 1441 2600 1509 ἀρχιδιάκονον
2647 1441 2740 1492 τὸν
2779 1440 3070 1509 εἰρημένον
3123 1438 3389 1500 λαϐόντας
3430 1438 3678 1490 διάκονον
3703 1440 3804 1489 τὶν

2220 1531 2583 1602 Σαραπίωνα·
2625 1532 3037 1600 ἃδιαγινὼσκει
3081 1531 3182 1600 μὲν
3224 1530 3252 1581 6
3290 1530 3496 1600 ποιμὴν
3542 1532 3572 1583 ὁ
3607 1529 3803 1592 καλὸς,

2223 1624 2478 1693 φροντίδα
2511 1623 2566 1676 δὲ
2590 1624 2794 1676 τούτων
2823 1622 3079 1691 οὐδεμίαν
3115 1624 3372 1674 ποιεῖται.

2296 1721 2384 1777 ις’,
2449 1713 2622 1784 Ὀρῶν
2653 1715 2707 1767 δέ
2734 1715 2810 1785 τῷ
2845 1714 3171 1785 φιλαργύρῳ
3199 1713 3361 1766 πάθει
3411 1712 3659 1776 πολλοὺς,
3699 1713 3806 1764 αύ-

531 1813 707 1880 ipsam
777 1821 958 1865 autem
1013 1827 1122 1880 pra:
1178 1813 1394 1866 caeteris
1453 1813 1877 1884 impcratricem,
1911 1816 1964 1868 in
2015 1831 2110 1871 eos

2221 1807 2313 1876 τὴν
2334 1807 2390 1860 δὲ
2419 1809 2521 1877 πρὸ
2542 1807 2650 1859 τῶν
2683 1808 2896 1862 πολλῶν
2926 1808 3364 1878 βασιλευομένων
3389 1807 3490 1876 τὴν
3522 1805 3800 1875 βασιλίδα,

539 1901 793 1970 producit
839 1904 892 1956 in
945 1904 1118 1958 aciem
1169 1906 1402 1974 gratiam
1460 1921 1689 1960 suorum
1745 1924 2105 1964 sermonum:

528 1995 736 2048 nullius
773 1995 993 2063 quidem
1027 2011 1319 2065 personam
1352 1997 1570 2067 publice
1612 2002 1926 2066 nominans,
1957 2017 2110 2056 com-

529 2088 768 2140 muniter
801 2096 982 2142 autem
1026 2103 1334 2158 procurans
1373 2091 1604 2145 salutem
1642 2095 1921 2149 omnibus.
1951 2094 2109 2160 Quod

525 2179 747 2247 quidem
807 2195 926 2246 eos,
982 2181 1076 2250 qui
1147 2180 1242 2235 illo
1300 2183 1438 2236 vitio
1493 2184 1840 2250 laborabant,
1874 2186 2111 2242 faciebat

531 2270 741 2324 medico
777 2287 1110 2328 succensere
1141 2281 1195 2326 et
1231 2272 1619 2328 eerrari.-Jam
1654 2284 1837 2331 autem
1864 2277 2014 2332 venit
2045 2278 2110 2332 ad

527 2372 692 2430 caput
723 2362 922 2415 oratio.
956 2361 1336 2418 Taeodoricus
1385 2365 1500 2428 ille,
1537 2369 1634 2436 qui
1685 2376 1816 2422 tunc
1867 2379 1986 2424 erat
2020 2386 2114 2439 pa—

527 2453 749 2518 tricius,
783 2469 908 2506 cum
941 2463 1087 2508 esset
1118 2454 1452 2518 ditissimus,
1507 2456 1576 2511 ab
1624 2457 1975 2527 imperatrice
2014 2476 2112 2530 ap-

529 2547 731 2611 petitur
765 2544 1007 2600 insidiis.
1065 2545 1211 2611 Quid
1243 2562 1375 2615 ergo
1423 2546 1554 2600 facit
1580 2549 1663 2601 vir
1699 2548 1830 2604 ille?
1859 2549 2114 2620 Confugit

528 2637 595 2690 ad
643 2651 991 2690 communem
1055 2645 1273 2705 portum
1309 2654 1322 2702 ;
1352 2646 1406 2691 et
1455 2647 1712 2693 servatur
1759 2640 1984 2708 quidem
2043 2641 2113 2694 ab

529 2729 597 2780 iis
627 2743 748 2796 qua:
800 2727 846 2781 ei
908 2729 1274 2796 parabantur,
1330 2728 1579 2784 insidiis.
1633 2729 1900 2785 Servatur
1925 2741 2111 2786 autem

530 2819 746 2872 meliori
797 2835 1018 2889 quoque
1051 2829 1106 2874 et
1137 2828 1493 2890 permanente
1544 2822 1744 2887 salute,
1791 2823 1954 2878 modo
1983 2824 2113 2881 alio.

533 2911 820 2979 Dispersit,
853 2911 1003 2965 dedit
1033 2912 1218 2966 ortinia
1249 2912 1610 2982 pauperibus.
1644 2912 2114 2980 QuomodoMla-

531 3005 687 3073 gistri
746 3005 1004 3061 consiliis
1058 3014 1112 3061 et
1159 3005 1538 3061 suasionibus.
1581 3007 1704 3072 Qua
1752 3021 1819 3061 ex
1866 3021 1929 3061 re
1982 3006 2111 3076 quid

531 3097 778 3151 lucratur
828 3098 849 3150 ’ί
900 3096 1246 3153 Thesaurum
1297 3098 1578 3153 caelestem
1609 3139 1624 3163 ,
1673 3114 1797 3154 cum
1861 3107 2008 3154 esset
2065 3100 2112 3152 ci

531 3204 874 3257 persuasum,
935 3189 1173 3245 Cornelii
1215 3190 1576 3261 eleemosyna:
1601 3191 1721 3260 eius
1751 3206 1968 3261 quoque
1991 3207 2113 3246 esse

531 3281 923 3351 cxmquandam
956 3282 1390 3353 eleemosynam.
1441 3281 1568 3336 Haec
1617 3297 1741 3336 cum
1800 3282 2115 3336 rescivissct

533 3374 881 3442 imperatrix,
927 3389 1038 3428 non
1088 3375 1266 3444 potuit
1298 3374 1552 3444 amplius
1590 3373 1892 3430 contineri.
1930 3371 2116 3443 Impu-

531 3458 770 3518 dentiam
800 3473 984 3520 autem
1011 3472 1065 3520 et
1096 3463 1262 3519 aliam
1303 3464 1666 3519 temeritatem
1700 3480 1857 3520 suam
1906 3464 2117 3533 absque

535 3556 642 3609 ullo
700 3556 901 3610 rubore
958 3563 1158 3612 sancto
1223 3557 1436 3612 indicat
1471 3575 1486 3611 :
1517 3572 1644 3613 eum
1697 3557 1840 3612 bona
1890 3557 2114 3612 Patricii

533 3648 804 3703 lucratum
849 3664 972 3706 esse
1002 3651 1314 3721 nugabatur
1344 3659 1395 3706 et
1426 3649 1749 3721 objiciebat.
1789 3649 1917 3720 Ejus
1943 3653 2114 3717 enim,

532 3737 624 3806 qui
661 3747 780 3792 erat
814 3739 1074 3802 mundus,
1108 3749 1337 3810 propter
1370 3741 1767 3811 benignitatem
1801 3742 2115 3796 admonitio

532 3839 650 3882 erat
681 3829 981 3898 inquinata:
1022 3832 1244 3886 sordida
1288 3831 1647 3888 existimatio.
1695 3833 1944 3903 Augetur
1985 3848 2116 3904 ergo

534 3925 712 3994 (quid
765 3927 910 3980 enim
959 3941 1099 3997 opus
1162 3937 1248 3983 est
1303 3927 1358 3981 in
1417 3928 1653 3997 singulis
1721 3929 2002 3984 immorari
2041 3928 2112 4000 ?)

536 4022 590 4070 in
623 4027 876 4071 sanctum
926 4019 1130 4072 invidia
1165 4035 1272 4073 :cx
1317 4035 1382 4074 ea
1424 4027 1606 4074 autem
1661 4019 1850 4074 odium
1896 4040 1910 4087 ;
1956 4038 2020 4076 cx
2052 4038 2117 4077 eo

537 4106 826 4160 maledicta
867 4124 881 4172 ;
921 4121 986 4160 ex
1020 4105 1330 4161 maledictis
1377 4123 1507 4162 vero
1549 4110 1887 4176 calumniae;
1924 4127 1988 4164 ex
2019 4126 2117 4165 ca-

538 4197 762 4250 lumniis
817 4197 1070 4250 concilia.
1124 4191 1544 4263 Transmutant,
1584 4201 1728 4269 quod
1775 4201 2116 4268 viderentur,

537 4304 645 4342 non
715 4287 861 4359 quod
920 4299 1126 4353 essent,
1199 4292 1482 4347 sermones
1530 4292 1585 4346 in
1644 4308 1817 4362 nugas
1873 4295 2118 4364 prolatas

538 4384 805 4440 adversus
859 4385 1242 4456 imperatores.
1286 4382 1452 4442 Fiunt
1500 4387 1613 4442 htec
1664 4404 1860 4444 rursus
1910 4389 2118 4459 alioqui

2213 1897 2320 1950 τῶν
2355 1899 2580 1966 ὁμιλιῶν
2623 1898 2720 1969 τὴν
2761 1901 2918 1968 χάριν
2952 1898 3384 1969 ἁντιστρατεύει,
3427 1897 3805 1969 προσωπικῶς

2215 1992 2316 2060 μὲν
2345 1991 2536 2044 οὐδένα
2555 1991 2920 2060 δημοσιεύων,
2949 1993 3104 2060 κοινῇ
3135 1990 3193 2043 δὲ
3220 1992 3353 2043 πᾶσι
3378 1990 3479 2059 τὴν
3507 1990 3794 2060 σωτηρίαν

2213 2081 2510 2149 οἰκονομῶν
2535 2097 2548 2110 ·
2580 2082 2608 2134 ὃ
2642 2082 2768 2145 τοὺς
2798 2083 3201 2152 κρατουμένους
3223 2081 3299 2151 τῷ
3331 2081 3494 2134 πάθει
3527 2081 3668 2133 κατὰ
3695 2082 3801 2132 τοῦ

2219 2173 2403 2242 ἰατροῦ
2441 2173 2788 2242 χαλεπαίνειν
2826 2175 2998 2226 ἐποίει
3026 2175 3118 2226 καὶ
3148 2172 3601 2244 ἁποθηριοῦσθαι.
3633 2173 3804 2225 Ἥκει

2214 2264 2268 2316 δὲ
2295 2267 2322 2317 ὁ
2349 2265 2504 2333 λόγος
2536 2266 2635 2337 ήδη
2663 2268 2798 2337 πρὸς
2829 2268 2890 2320 τὸ
2925 2266 3243 2335 κεφάλαιον.
3277 2266 3620 2336 Θεοδώρικος
3647 2268 3800 2319 ἐκεί-

2215 2372 2325 2419 νος,
2359 2358 2388 2408 ὁ
2440 2357 2744 2426 τηνικαῦτα
2793 2359 3103 2429 πατρίκιος,
3152 2360 3181 2411 6
3231 2357 3642 2422 πλουσιώτατος
3696 2357 3802 2422 ῶν,

2219 2447 2373 2522 παρᾲ
2399 2448 2494 2516 τῆς
2523 2448 2844 2518 βασιλίσσης
2874 2449 3331 2503 ἐπιϐουλεύεται..
3360 2449 3425 2502 Τί
3458 2449 3554 2503 οὖν
3587 2454 3731 2503 ποιεί
3770 2454 3802 2501 ὁ

2221 2539 2535 2609 ἁνήρςἘπὶ
2557 2541 2648 2593 τὸν
2680 2541 2858 2594 κοινὸν
2889 2544 3224 2610 καταφεύγει
3247 2542 3461 2612 λιμένα,
3505 2543 3598 2595 καὶ
3623 2543 3800 2604 σῶζε-

2217 2645 2310 2681 ται
2368 2631 2467 2699 μὲν
2522 2631 2620 2700 τῆς
2678 2631 2888 2684 ἐκεῖθεν
2934 2633 3252 2701 ἐπιϐουλῆς,
3301 2632 3536 2697 σώζεται
3584 2634 3641 2686 δέ
3695 2637 3803 2702 τὴν

2217 2723 2451 2791 κρείττω
2508 2724 2781 2793 σωτηρίαν
2836 2725 2932 2778 καὶ
2979 2724 3270 2794 μένουσαν,
3325 2727 3528 2796 τρόπον
3584 2727 3798 2798 ἕτερον.

2231 2814 2604 2884 Ἐσκόρπισεν,
2634 2814 2802 2868 ἔδωκε
2829 2819 2941 2880 τοῖς
2971 2817 3188 2886 πένησι.
3225 2818 3384 2883 Πῶςς
3422 2817 3532 2871 Τοῦ
3552 2819 3807 2873 διδασκά-

2216 2905 2308 2958 λου
2346 2906 2699 2974 συμϐουλίαις
2734 2909 2828 2960 καλ⁵
2878 2909 3287 2980 παραινέσεσιν.
3326 2911 3416 2974 Ἐξ
3459 2902 3523 2964 οὗ
3570 2911 3622 2963 τί
3670 2929 3807 2980 κερο

2217 3000 2423 3068 δαίνει;
2467 3000 2570 3053 Τὸν
2629 3001 2880 3070 οὐράνιον
2935 3000 3228 3072 θησαυρὸν,
3259 3001 3697 3074 πληροφορηθεὶς
3731 3008 3804 3074 τῇ

2221 3093 2360 3146 κατὰ
2393 3093 2482 3145 τὸν
2521 3093 2816 3163 Κορνήλιον
2850 3093 3190 3164 ἐλεημοσύνη
3218 3094 3545 3164 ἐξισωθῆναι
3583 3097 3679 3149 καὶ
3699 3100 3810 3166 τὴν

2217 3185 2403 3239 αὐτοῦ.
2449 3186 2636 3238 Ταῦτα
2671 3186 2920 3256 μαθοῦσα
2969 3188 3002 3255 ή
3040 3187 3272 3255 βασιλὶς,
3309 3190 3408 3240 οὑκ
3453 3189 3530 3242 ἔτι
3588 3190 3807 3257 γίνεται

2219 3277 2458 3348 καθεκτή
2481 3295 2494 3308 ·
2528 3279 2596 3330 τὰ
2634 3279 2690 3332 δὲ
2739 3280 2837 3349 τῆς
2883 3280 3180 3344 ἀναιδείας,
3211 3283 3305 3334 καὶ
3335 3285 3430 3352 τῆς
3463 3283 3628 3354 ἄλλης
3657 3302 3806 3355 προ-

2221 3367 2441 3429 πετείας
2486 3369 3027 3438 ἁπηρυθριασμένως
3052 3370 3204 3440 δηλοῖ
3243 3371 3318 3440 τῷ
3353 3372 3497 3443 ἁγίῳ
3517 3387 3532 3401 ⁸
3559 3375 3809 3444 ἀποκερ-

2218 3461 2381 3525 δῆσαι
2413 3461 2576 3514 αὑτὸν
2605 3463 2674 3515 τὰ
2704 3463 2796 3516 τοῦ
2829 3467 3119 3535 πατρικίου
3151 3466 3506 3538 διεφληνάφει
3548 3471 3642 3522 καὶ
3672 3488 3809 3541 προσ

2219 3553 2494 3608 eadem.
2535 3555 2598 3608 Ἠ
2632 3557 2740 3626 γὰρ
2779 3557 2873 3609 τοῦ
2924 3559 3324 3630 καθαρεύοντος
3364 3562 3454 3616 διὰ
3500 3563 3811 3634 φιλανθρω-

2219 3645 2350 3700 πίαν
2378 3646 2746 3716 παράκλησις,
2797 3649 3027 3718 ρυπῶσα
3058 3652 3157 3720 τῆς
3195 3652 3568 3724 μολυνομένης
3601 3656 3809 3725 ὑπόλη-

2217 3741 2310 3810 ψις
2338 3735 2424 3808 ἦν.
2460 3738 2691 3806 Αὕξεται
2727 3741 2907 3795 τοίνυν
2942 3743 3015 3810 (τί
3047 3744 3152 3815 γὰρ
3178 3745 3258 3798 δεῖ
3284 3749 3396 3809 τοῖς
3426 3748 3547 3800 καθ’
3572 3749 3807 3803 ἕκαστον

2219 3834 2309 3888 τὸν
2335 3835 2489 3902 λόγον
2519 3834 2850 3904 ἁπασχολεῖν
2874 3834 2912 3902 ;)
2949 3836 2976 3888 6
2999 3836 3140 3889 κατὰ
3167 3836 3262 3889 τοῦ
3291 3837 3447 3908 animi
3485 3839 3679 3906 φθόνος
3699 3856 3712 3870 ’
3739 3843 3806 3894 ἐκ

2220 3927 2276 3980 δὲ
2305 3926 2494 3980 τούτου
2526 3926 2586 3979 τὸ
2619 3929 2794 3996 μῖσος,
2827 3927 2893 3980 ἐκ
2925 3927 3116 3981 τούτου
3151 3931 3207 3983 αι
3242 3931 3524 4002 λοιδορίαι,
3571 3935 3690 3996 ταῖς
3745 3934 3804 3986 δὲ

2221 4020 2277 4071 ai
2294 4018 2558 4083 διαϐολαὶ,
2579 4022 2697 4081 ταῖς
2723 4019 2997 4083 διαϐολαῖς
3013 4022 3081 4074 τὰ
3108 4023 3380 4093 συνέδρια.
3402 4025 3802 4089 Μεταποιοῡσι,

2219 4111 2297 4180 τῷ
2311 4111 2562 4178 δοκεῖνιού
2583 4109 2659 4180 τῷ
2681 4106 2818 4163 εἶναι
2833 4113 2931 4172 τὰς
2953 4114 3170 4181 ὁμιλίας
3199 4117 3280 4177 εἰς
3303 4115 3494 4179 ὕθλους
3521 4118 3662 4170 κατὰ
3693 4120 3806 4170 τῶν

2223 4201 2614 4270 βασιλευόντων
2669 4201 2832 4270 δῆθεν
2873 4203 3398 4275 ἐξ[εν]ηνεγμένους.
3453 4209 3806 4280 Ἐπισχύεται

2224 4295 2394 4348 ταῦτα
2432 4296 2595 4349 πάλιν
2625 4297 2801 4359 ἄλλως
2835 4299 2932 4350 καὶ
2971 4299 3039 4368 τῇ
3086 4299 3207 4352 κατ’
3243 4299 3549 4368 Εὐτρόπιον
3590 4303 3802 4374 ὁμιλίᾳ.

2235 4388 2296 4441 '0
2326 4387 2382 4442 δέ
2419 4389 2620 4459 τρόπος
2668 4389 2932 4457 λεγέσθω,
2992 4391 3267 4462 παίδευμα
3301 4394 3409 4447 τῶν
3439 4394 3652 4450 πολλῶν
3710 4401 3805 4450 καὶ

539 4477 810 4532 validiora
855 4493 1110 4534 sermone
1167 4479 1354 4535 habito
1393 4481 1446 4533 in
1495 4479 1842 4551 Eutropium.
1895 4480 2113 4536 Dicatur

2228 4478 2485 4548 ὠφέλεια.
2512 4481 2809 4552 Εὑτρόπιος
2839 4477 3015 4546 οὗτος,
3042 4483 3341 4555 δυστροπίᾳ
3375 4485 3603 4556 γνώμης
3641 4487 3805 4550 ἄνους

540 4581 722 4625 autem
751 4571 968 4634 modus,
1002 4579 1061 4624 ut
1096 4572 1168 4627 sit
1200 4574 1495 4626 multorum
1529 4573 1780 4628 doctrina
1805 4582 1859 4629 et
1888 4573 2118 4628 utilitas.

542 4663 642 4718 llic
691 4663 987 4733 Eutropius
1041 4677 1167 4718 cum
1231 4664 1508 4733 perversis
1551 4673 1698 4720 esset
1764 4664 2011 4720 moribus
2069 4673 2122 4719 et

539 4756 870 4820 inclemens,
930 4754 996 4808 ad
1041 4754 1492 4810 malefaciendum
1541 4764 1724 4810 autem
1767 4757 2076 4812 malitiosus
2103 4800 2118 4824 ,

541 4850 703 4904 talem
739 4849 992 4919 laqueum
1033 4847 1110 4918 (ο
1153 4861 1358 4902 novum
1405 4847 1689 4901 inventum
1725 4847 1779 4912 ί)
1819 4847 2122 4904 fabricatur

542 4939 982 4994 inhumanitatis.
1047 4936 1352 4994 Pcrsuadet
1397 4937 1716 5007 imperatori
1773 4939 1966 5011 (apud
2017 4941 2121 4995 im-

542 5039 851 5100 peratorem
879 5031 1023 5085 enim
1060 5030 1291 5085 multum
1327 5037 1540 5100 poterat
1568 5030 1585 5100 )
1617 5040 1674 5086 ut
1729 5034 1900 5102 legem
1933 5031 2118 5098 ferret,

540 5139 610 5178 ne
666 5124 751 5176 cui
819 5123 1008 5178 liceret
1059 5121 1359 5192 confugere
1407 5122 1474 5176 ad
1511 5137 1726 5178 sacram
1771 5131 1827 5178 et
1877 5124 2116 5179 divinam

544 5233 812 5272 mensam.
869 5215 985 5272 Non
1017 5218 1251 5272 multum
1289 5225 1474 5273 autem
1511 5217 1823 5274 intercessit
1859 5219 2118 5288 temporis

540 5321 593 5363 ct
626 5311 745 5364 suis
778 5310 987 5379 laqueis
1022 5308 1096 5380 (ο
1119 5309 1322 5380 justam
1349 5323 1566 5378 pmnam
1591 5318 1647 5364 et
1684 5310 2019 5366 celeritatem
2052 5313 2064 5364 ί
2100 5311 2116 5380 )

543 5402 760 5472 capitur
787 5403 879 5472 qui
910 5401 1229 5455 fabricatur.
1253 5399 1410 5456 Cadit
1432 5403 1600 5464 enim,
1633 5411 1687 5456 et
1713 5402 1778 5454 ad
1805 5417 1924 5456 eam
1954 5417 2118 5471 quam

545 5497 668 5550 aliis
704 5495 917 5550 studuit
952 5494 1264 5566 prohibere,
1318 5494 1566 5564 confugit
1625 5494 1938 5552 ecclesiam.
1989 5493 2118 5546 Pro-

542 5595 663 5654 pter
703 5587 816 5640 haic
839 5584 992 5653 justa
1024 5586 1449 5653 reprehensione
1478 5600 1538 5640 ea
1586 5601 1708 5651 quae
1758 5585 1961 5639 fecerat
2010 5583 2119 5636 Eu-

541 5675 775 5744 tropius,
797 5690 895 5730 suo
923 5684 1174 5729 sermOne
1208 5675 1427 5744 sapiens
1459 5676 1807 5744 persequitur
1834 5676 2077 5731 medicus
2102 5717 2119 5740 ,

541 5777 595 5820 et
625 5766 730 5820 hoc
767 5764 868 5818 fuit
898 5764 1316 5820 accusatoribus
1345 5765 1449 5817 alia
1485 5765 1769 5833 injustitiaa
1802 5768 2023 5820 occasio
2063 5777 2116 5819 et

547 5855 899 5921 insurrcctio,
929 5865 985 5909 ut
1015 5853 1109 5924 qui
1141 5870 1264 5912 eum
1307 5869 1414 5909 non
1465 5855 1641 5911 solum
1689 5855 1836 5914 illius
1869 5872 1974 5912 non
2011 5858 2124 5938 nti-1

2228 4567 2511 4636 ὑπάρχων,
2548 4569 2798 4622 κακῶσαι
2830 4570 3019 4636 κακὸς,
3058 4571 3300 4626 τοιοῦτόν
3333 4590 3455 4628 τινα
3499 4574 3692 4647 βρόχον
3736 4577 3807 4643 (ὣ

2224 4659 2323 4727 τῆς
2357 4659 2550 4728 καινῆς
2610 4660 2905 4731 ἐπινοίαςί)
2959 4665 3374 4734 μισανθρωπίας
3432 4669 3801 4723 τεκταίνεται.

2226 4749 2568 4820 Παραπείθει
2623 4751 2714 4804 τὸν
2765 4751 2991 4820 βασιλέα
3044 4755 3310 4826 (καὶγὰρ
3356 4751 3422 4826 ἦν
3456 4757 3544 4810 διὰ
3603 4758 3803 4826 πολλῆς

2227 4843 2538 4914 παρρησίας
2583 4843 2662 4913 τῷ
2713 4843 2964 4913 βασιλεῖ)
3023 4847 3406 4917 νομοθετῆσαι,
3461 4849 3556 4902 τοῦ
3595 4851 3804 4919 μηδένα

2225 4933 2424 4999 ἐξεῖναι
2459 4936 2830 5004 προσφεύγειν
2860 4940 2925 5007 τῇ
2963 4936 3081 5008 θείᾳ
3105 4939 3198 4992 καὶ
3232 4941 3354 5011 ἱερᾷ
3379 4943 3648 5014 τραπέζῃ.
3692 4943 3804 4994 Καὶ

2223 5027 2284 5081 οὺ
2315 5026 2447 5080 πολὺ
2483 5028 2542 5080 τὸ
2568 5029 2627 5079 ἐν
2665 5031 2837 5097 μέσῳ,
2883 5030 2978 5082 καὶ
3007 5032 3119 5093 τοῖς
3171 5030 3320 5094 ἰδίοις
3358 5033 3572 5102 βρόχοις
3609 5033 3675 5103 (ῶ
3705 5036 3804 5103 τῆς

2224 5123 2437 5185 δικαίας
2461 5123 2654 5191 ποινῆς
2687 5141 2744 5175 τε
2778 5123 2873 5176 καὶ
2907 5125 3210 5193 ταχυτῆτος
3234 5127 3272 5193 ί)
3303 5128 3332 5178 ὁ
3357 5127 3655 5180 τεκταίνων
3680 5127 3801 5180 ἁλί-

2227 5233 2437 5269 σκεται.
2498 5215 2827 5285 Περιπίπτει
2872 5215 3001 5285 γὰρ,
3055 5223 3149 5270 καὶ
3201 5218 3339 5287 πρὸς
3375 5221 3442 5288 ἢν
3497 5218 3662 5282 αὐτὸς
3691 5222 3804 5281 τοῖς

2225 5308 2405 5370 ἄλλοις
2433 5308 2664 5362 κωλύειν
2696 5309 3050 5373 ἐσπούδακεν,
3093 5311 3391 5379 ἐκκλησίαν
3438 5311 3802 5379 προσφεύγει.

2239 5401 2361 5452 Ἐπὶ
2390 5399 2603 5462 τούτοις
2647 5399 2738 5453 τὸν
2769 5399 2838 5452 δι’
2870 5400 3084 5470 ὁμιλίας
3125 5402 3346 5471 ἔλεγχον
3374 5396 3455 5464 οἷς
3503 5403 3804 5472 Εύτρόπιος

2224 5491 2470 5560 ἔδρασεν,
2524 5493 2552 5544 6
2585 5490 2746 5559 σοφὸς
2795 5490 3050 5556 διέξεισιν
3104 5494 3307 5562 ἰατρός.
3360 5494 3472 5546 Καὶ
3501 5493 3662 5546 τοῦτο
3691 5495 3801 5553 τοῖς

2225 5582 2555 5652 κατηγόροις
2599 5583 2872 5652 πρόφασις
2901 5582 3117 5646 ἀδικίας
3169 5583 3302 5652 ἄλλη
3365 5585 3460 5636 καὶ
3489 5585 3801 5638 ἐπανάστα-

2226 5691 2329 5736 σις,
2377 5673 2452 5744 μὴ
2495 5674 2579 5726 ὅτι
2610 5676 2699 5727 τὸν
2745 5673 3117 5744 δυστυχοῦντα
3163 5675 3262 5727 ούκ
3311 5674 3613 5742 ἐλεοῦντος,
3665 5674 3804 5726 ἀλλὰ

2231 5765 2404 5818 καὶδι*
2424 5763 2684 5835 ἐλέγχων,
2712 5765 3007 5832 λεγόντων,
3041 5767 3412 5835 μαστίζοντος.
3439 5768 3548 5820 Καὶ
3577 5767 3672 5837 τῆς
3703 5767 3801 5835 μὲν

2229 5856 2480 5927 τοιαύτης
2511 5857 2934 5929 ἐπαναστᾲσεως
2969 5859 3208 5926 ἀρχηγός
3257 5875 3312 5910 τε
3371 5859 3460 5910 καὶ
3516 5861 3804 5927 κορυφαῖος
