3952 6210
435 330 545 399 εεε

1692 326 1984 389 ἙΕΟΝΙΞ
2016 324 2482 394 PHILOSOPHI

3596 306 3702 399 an

437 446 607 500 mittit
648 442 949 513 terribilem
980 438 1034 494 in
1075 437 1605 508 rhompluea.Quem
1646 450 1771 491 cum
1808 437 1898 490 illa
1942 438 2024 491 vi-

2152 439 2445 511 εληκτικῶς
2476 441 2822 504 ἀπαντῶντα,
2857 440 3032 514 δειλίᾳ
3062 440 3159 513 μὲν
3191 442 3280 495 καὶ
3309 440 3459 515 φόϐῳ
3492 446 3715 512 συνέχε-

438 540 616 603 (lisset
647 536 943 593 multitudo
979 533 1324 588 horribiliter
1358 542 1593 587 stantem
1644 531 1700 583 in
1742 530 2028 586 vestibulis

2152 538 2239 596 ται,
2290 531 2620 603 ὑποστρέφει
2655 533 2713 585 δι
2758 534 2855 587 σὺν
2906 534 3099 606 τρόμῳ
3146 536 3240 588 καὶ
3286 536 3486 606 θάμόει
3532 537 3720 608 πολλῷ

438 639 496 695 et
521 630 603 686 eis
619 624 1338 692 occurrentem,minaeiter,
1371 624 1528 677 timet
1554 622 1777 691 quidem
1804 631 1856 678 et
1881 632 2027 678 metu

444 720 719 779 alﬁcitur:
756 717 1054 773 revertitur
1083 724 1267 771 autem
1320 730 1447 768 cum
1483 722 1724 770 tremore
1750 723 1805 769 et
1835 730 2029 787 magna

442 811 827 883 admiratione,
846 818 901 864 et
931 808 1226 865 similibus.
1248 806 1384 863 Cum
1417 806 1533 863 hac
1560 815 1742 863 autem
1776 808 2033 865 rescivis-

443 914 527 961 set
556 903 899 975 itnperatrix,
928 910 1072 955 metu
1104 899 1327 970 quidem
1354 900 1586 955 aﬂicitur
1607 919 1621 966 ;
1644 909 1824 955 servat
1848 909 2029 955 autent

444 996 788 1056 inimicitias,
822 1002 873 1048 et
909 1002 1168 1061 armatur,
1192 992 1261 1046 ad
1294 991 1616 1047 vindictam.
1646 992 1842 1045 Anima
1885 992 2030 1047 enim

442 1088 609 1149 semel
646 1086 788 1141 vieta
817 1086 1068 1156 pecuniis
1090 1125 1104 1145 ,
1148 1093 1203 1139 et
1231 1084 1577 1153 vehementia
1607 1099 1875 1155 oppressa
1903 1100 2034 1139 sva,

444 1181 605 1251 ritiae,
637 1193 745 1235 non
786 1185 964 1247 potest
992 1176 1237 1233 coerceri
1275 1175 1430 1231 freno
1482 1178 1684 1233 mentis
1720 1176 2035 1246 temperan-

443 1274 540 1327 tis.
589 1270 887 1341 Diligenter
925 1285 1058 1340 ergo
1111 1270 1308 1339 quaerit
1354 1270 1711 1340 imperatrix,
1754 1283 2032 1339 quasnam

447 1366 679 1435 insidias
722 1364 994 1419 invenerit
1026 1362 1294 1416 adversus
1333 1362 1700 1431 pontiﬁcem:
1735 1359 2037 1430 aliquando

443 1458 666 1527 quidem
714 1454 1003 1518 minantis,
1036 1450 1336 1521 aliquando
1370 1466 1500 1507 vero
1545 1451 1882 1507 blandientis
1908 1467 2035 1521 per-

447 1534 642 1603 sonam
690 1546 1027 1616 suscipiens.
1077 1543 1168 1599 Ille
1202 1552 1384 1596 autem
1418 1550 1607 1599 manet
1655 1542 1916 1607 invictus,
1948 1541 2038 1595 lira

449 1655 685 1709 musque
712 1646 767 1693 et
798 1635 1118 1696 immobilis,
1149 1634 1217 1688 ab
1243 1648 1367 1688 uno.
1394 1635 1514 1689 solo
1547 1633 1811 1703 pendens,
1841 1648 2037 1702 nempe

445 1747 475 1804 ξι
512 1728 794 1785 communi
824 1727 1070 1795 omnium
1104 1726 1303 1781 salute.
1332 1723 1450 1779 Non
1480 1740 1703 1793 possum
1736 1735 1916 1779 autem
1950 1740 2037 1779 sa.

2135 623 2232 677 καὶ
2260 626 2373 687 τοῖς
2405 624 2716 694 δμοίοις.Ἦ
2745 623 2957 694 βασιλὶς
2986 626 3044 679 δὲ
3079 624 3249 679 ταῦτα
3282 627 3553 697 μαθοῦσα,
3584 647 3719 682 συν-

2133 716 2319 787 έχεται
2359 717 2457 788 μὲν
2481 717 2559 788 τῷ
2581 718 2713 782 δέει,
2746 718 3017 787 φυλάσσει
3044 719 3100 772 δὲ
3130 720 3231 789 τὴν
3257 718 3573 789 ἀπέχθειαν,
3618 722 3723 775 καὶ

2132 809 2272 878 πρὸς
2309 810 2409 879 τὴν
2460 810 2674 879 ἄμυναν
2740 808 3150 873 ἀνθοπλίζεται.
3206 810 3366 881 Ψυχὴ
3420 812 3530 883 γάρ
3568 812 3724 879 ἅπαξ

2135 900 2431 970 ὴττηθεῖσα
2486 902 2809 972 χρημάτων,
2849 903 2947 955 καὶ
2982 902 3061 972 τῷ
3113 901 3326 973 σφοδρῷ
3369 903 3469 973 τῆς
3518 900 3724 957 πλεον-

2134 992 2282 1059 εξίας
2318 992 2692 1063 καταγομένη,
2747 994 2987 1055 διανοίας
3020 993 3119 1045 οὐκ
3149 987 3255 1044 οἶδε
3287 994 3559 1062 νηφούσης
3581 995 3727 1048 ἀνα-

2136 1085 2479 1155 χαιτίζεσθαι
2508 1085 2733 1154 χαλινῷ.
2758 1085 3041 1138 Φιλοπονεῑ
3086 1084 3265 1137 τοίνυν
3309 1084 3429 1138 τίνα
3467 1086 3532 1139 ἂν
3570 1085 3731 1156 εὖροι

2141 1176 2423 1246 μεθοδείαν
2480 1177 2752 1247 ἡβασιλὶς
2791 1177 2932 1230 κατά
2974 1166 3087 1228 τοῦ
3146 1176 3469 1248 ἀρχιερέως,
3510 1180 3586 1246 πῆ
3624 1177 3733 1246 μὲν

2135 1266 2246 1321 τῶν
2285 1268 2545 1330 ἀπειλῶν,
2581 1270 2657 1337 πῆ
2693 1267 2750 1319 δὲ
2786 1265 2897 1319 τῶν
2947 1266 3200 1319 θωπειῶν
3237 1265 3735 1337 ὲπιμορφαζομένη

2136 1355 2213 1426 τῷ
2248 1355 2599 1426 προσωπείῳ.
2642 1355 2700 1407 '0
2737 1355 2794 1408 δὲ
2828 1354 3104 1425 ἀήττητος
3159 1352 3311 1423 μένει
3358 1352 3453 1405 καὶ
3500 1353 3735 1418 πάγιος,

2139 1448 2197 1501 ὲν
2246 1445 2440 1516 μηδενὶ
2521 1445 2919 1515 σαλευόμενος,
2978 1444 3097 1507 ἑνὸς
3166 1446 3334 1513 μόνου
3384 1440 3485 1514 τῆς
3536 1443 3734 1513 κοινῆς

2138 1540 2399 1594 ἀπάντων
2442 1538 2718 1610 σωτηρίας
2779 1536 3173 1609 ἐξηρτημένος.
3220 1536 3329 1589 Καί
3366 1553 3456 1607 μοι
3512 1535 3736 1606 θαυμά-

2142 1632 2257 1695 ζειν
2311 1631 2563 1685 σύνεστιν
2617 1631 2727 1696 ἀεὶ,
2773 1632 2868 1683 καὶ
2908 1630 3155 1700 θάμϐους
3182 1629 3583 1699 ἐμπίπλασθαι,
3632 1631 3734 1681 τὸν

2142 1724 2285 1777 θεῖον
2328 1723 2520 1777 τοῦτον
2555 1722 2843 1787 ἐννοοῦντι,
2898 1720 2996 1776 καὶ
3053 1723 3229 1792 μέγαν
3284 1720 3591 1791 θεράποντα
3616 1762 3633 1786 ,
3671 1720 3735 1775 τὸ

444 1819 517 1874 tis
564 1815 863 1881 admirari,
906 1816 1173 1887 cegitans
1208 1814 1354 1869 hunc
1400 1828 1660 1884 magnum
1692 1822 1746 1869 et
1790 1814 2033 1868 divinum

2152 1816 2377 1887 χρυσοῦν
2416 1816 2585 1879 ὄντως
2620 1814 2817 1884 στόμα,
2854 1814 2955 1883 τῆς
2988 1814 3145 1875 θείας
3190 1813 3604 1884 φιλανθρωπίας
3637 1813 3737 1868 τὸν

453 1910 541 1963 Dei
588 1922 845 1973 servum,
894 1921 957 1962 os
989 1922 1116 1962 vere
1165 1921 1393 1961 aureum
1421 1948 1436 1973 ,
1484 1920 1793 1976 praeconem
1842 1906 2042 1962 divina:

448 2001 835 2071 benignitatis,
865 2000 1012 2070 quod
1059 2009 1281 2070 propter
1321 2001 1572 2073 omnium
1632 2000 1872 2059 salutem
1902 2000 2042 2055 adeo

443 2074 565 2151 erat
594 2094 867 2150 sollicitus
894 2100 947 2147 et
989 2092 1127 2147 adeo
1156 2091 1577 2159 incendebatur,
1615 2100 1670 2148 et
1698 2094 1883 2149 omnia
1914 2108 2042 2161 pro-

446 2187 663 2255 videns,
696 2200 819 2256 quas
843 2200 998 2240 mens
1022 2183 1190 2239 Deum
1212 2185 1433 2257 dignata
1454 2183 1660 2252 videre,
1683 2192 1864 2255 potest
1894 2185 2047 2241 inve-

445 2280 568 2336 nire
595 2279 659 2334 ad
686 2279 944 2344 salutem,
972 2292 1081 2333 non
1114 2278 1450 2345 destituehat
1489 2277 1590 2345 ille,
1609 2291 1728 2343 eos,
1758 2278 1850 2347 qui
1887 2286 2046 2333 erant

444 2362 690 2443 ejusdem
722 2372 957 2445 generis,
986 2373 1125 2441 adeo
1159 2381 1241 2437 ut,
1258 2371 1405 2443 quod
1422 2381 1506 2427 est
1534 2372 1772 2427 maxime
1810 2371 2049 2426 admira-

446 2466 554 2523 bile
576 2465 658 2520 vel
689 2464 848 2520 inviti
870 2462 1029 2519 multi
1057 2465 1351 2535 peripsum
1384 2463 1615 2519 salutem
1650 2465 1761 2518 sint
1785 2466 2043 2519 assecuti.

460 2618 463 2623 ,
526 2560 610 2613 l8.
647 2558 755 2613 Sed
787 2573 914 2613 eum
943 2558 1059 2613 haec
1090 2560 1162 2612 ita
1190 2573 1249 2612 se
1278 2556 1542 2611 haberent
1566 2599 1581 2625 ,
1607 2567 1661 2612 et
1692 2558 1935 2613 Lcclesia
1963 2558 2048 2613 di-

446 2659 590 2706 vinae
637 2648 761 2704 ﬁdei
810 2649 1186 2705 illustraretur
1218 2650 1626 2719 splendoribus,
1663 2658 1717 2705 et
1771 2650 2048 2706 illumina-

446 2743 599 2797 tione
644 2741 865 2813 pietatis
919 2741 1032 2795 vita
1096 2742 1334 2797 lidelium
1402 2742 1731 2812 refulgeret,
1764 2760 1870 2799 non
1923 2746 2050 2800 tulit

449 2833 735 2889 hominum
763 2832 1061 2898 inimicus.
1098 2834 1217 2901 sed,
1246 2836 1394 2889 sicut
1431 2850 1461 2889 a
1498 2851 1581 2890 me
1606 2836 1811 2891 dictum
1837 2846 1919 2891 est
1950 2853 2046 2893 suo

448 2922 659 2995 perius,
691 2930 963 2977 convocat
997 2922 1230 2979 rebelles
1261 2932 1541 2994 quassant
1572 2924 1679 2983 sub
1703 2938 1768 2980 eo
1802 2933 2050 2995 potestao

448 3022 556 3089 tes,
588 3021 643 3068 et
670 3013 855 3067 omnia
897 3011 1187 3067 confundit
1212 3019 1267 3069 et
1303 3016 1585 3086 pervertit,
1616 3031 1822 3086 susque
1868 3015 2049 3087 deque

450 3106 813 3175 permiscens,
869 3117 922 3163 et
974 3107 1179 3162 multos
1220 3122 1426 3175 cogens
1481 3117 1535 3162 et
1590 3108 1950 3177 compellens,
1987 3119 2045 3163 ut

452 3180 608 3250 Suam
665 3206 939 3251 terrenam
980 3196 1312 3251 reducerent
1368 3196 1657 3251 malitiam.
1700 3198 1765 3251 Et
1797 3198 2038 3267 primum

452 3284 674 3357 Quidem
708 3286 1113 3352 instrumentis,
1137 3287 1415 3358 quomodo
1436 3288 1567 3343 olim
1613 3299 1893 3359 serpente,
1924 3304 2043 3343 ma-

451 3371 586 3434 litia:
618 3396 751 3436 usus
782 3378 1120 3451 Theophilo,
1147 3390 1200 3437 et
1254 3380 1574 3448 Severiano,
1604 3385 1805 3445 Acacio
1849 3392 1903 3440 et
1937 3382 2051 3439 Ano,

452 3473 658 3553 tiocho,
712 3483 767 3529 et
811 3474 1151 3545 presbyteris
1204 3474 1535 3545 quibusdam
1586 3486 1640 3531 et
1676 3477 1949 3542 diaconis,
1986 3486 2042 3534 et

454 3574 720 3638 prmterea
751 3583 781 3621 e
809 3576 1005 3623 senatu
1061 3567 1303 3637 feminis,
1332 3584 1454 3639 qua)
1494 3578 1627 3626 sunt
1655 3572 1880 3642 antiqua
1919 3572 2047 3643 ejus

457 3673 632 3724 artua,
660 3658 1118 3730 locupletissimis
1150 3658 1332 3715 viduis
1367 3670 1421 3717 et
1453 3661 1914 3728 sceleratissimis,
1946 3678 2044 3733 pa-

454 3750 600 3830 ravit
638 3758 869 3804 mortem
897 3756 1111 3805 sancto.
1152 3750 1307 3804 Dicat
1336 3750 1534 3821 aliquis
1556 3751 1741 3807 Acacii
1770 3751 2047 3808 Berrbmte

456 3840 701 3911 episcopi
760 3842 1117 3896 temerarium
1173 3852 1229 3896 et
1275 3845 1647 3905 inconsultum
1706 3859 2040 3912 sermonem,

454 3934 551 4005 qui
576 3934 642 3988 ad
666 3940 873 3988 tantam
910 3938 1156 4003 pervenit
1182 3936 1501 4001 amentiam,
1529 3946 1587 3990 ut
1612 3936 1821 3994 diceret
1851 3955 1863 3992 :
1893 3938 2042 4005 Sine,

458 4039 560 4093 ego
580 4025 626 4079 ei
651 4023 857 4094 parabo
882 4024 1069 4087 ollam,
1103 4024 1170 4078 de
1195 4035 1390 4079 sancto
1416 4026 1467 4079 id
1501 4026 1690 4082 dicens
1719 4028 2046 4085 scelestissi-

460 4130 605 4169 mus.
666 4114 870 4168 Deinde
916 4115 1086 4168 mittit
1130 4113 1294 4169 etiam
1341 4115 1556 4185 aliquos
1602 4116 1949 4173 Antiochiam
1993 4128 2047 4176 et

459 4196 652 4278 postea
696 4203 1111 4271 Alexandriam,
1140 4204 1269 4275 quid
1306 4203 1585 4260 facturos?
1620 4205 1687 4262 Ut
1734 4217 2051 4264 scrutaren-

461 4309 553 4353 tur
586 4295 769 4353 sancti
799 4296 1002 4351 delicta
1034 4311 1064 4351 a
1093 4297 1404 4367 iuventute.
1436 4295 1579 4363 Quid
1608 4297 1869 4353 dician
1908 4301 2047 4356 civi-

460 4399 625 4446 tatein
650 4388 892 4445 cmlestis
922 4388 1072 4446 illius
1100 4390 1259 4457 civis,
1295 4405 1421 4460 quae
1452 4390 1741 4445 verborum
1762 4400 1816 4449 et
1834 4408 2046 4448 morum

2144 1909 2385 1979 κήρυκα,
2438 1908 2522 1961 ὅτι
2578 1906 2747 1972 κατά;
2772 1905 3053 1969 τοσοῦτον
3083 1906 3185 1975 τῆς
3238 1906 3494 1959 ἀπάντων
3539 1905 3739 1959 ἕνεκεν

2146 2000 2421 2071 σωτηρίας
2457 1998 2667 2069 ἠγωνία
2723 1999 2816 2052 καὶ
2864 1999 3148 2061 ἀνεκαίετο
3175 2013 3190 2030 ο
3252 1999 3346 2051 καὶ
3398 1998 3499 2049 πᾶν
3543 1996 3733 2050 ὁτιοῦν

2146 2092 2600 2164 προμηθούμενος
2644 2091 2752 2145 τῶν
2797 2092 2898 2144 ὅσα
2948 2089 3103 2155 νοῦς,
3148 2090 3241 2143 τὸν
3268 2090 3400 2143 Θεὸν
3427 2088 3734 2159 ἠξιωμένος

2146 2186 2297 2256 ὁρᾷν,
2328 2184 2605 2253 εὑρίσκειν
2634 2184 2715 2245 είς
2745 2180 3021 2252 σωτηρίαν
3046 2182 3295 2248 δύναται,
3326 2177 3738 2251 τοῦνδμογενοῦς

2146 2280 2354 2341 ἐκεῖνος
2394 2278 2456 2330 ού
2509 2275 2882 2347 διελίμπανεν⁸
2915 2274 3056 2328 ὥστε
3103 2276 3197 2328 καὶ
3228 2266 3492 2339 ἀκοντας,
3535 2264 3600 2327 τὸ
3629 2289 3741 2328 πα-

2155 2368 2529 2441 ραδοξότατον,
2560 2368 2629 2421 δι’
2670 2367 2839 2421 αὐτοῦ
2869 2364 3111 2437 σωθῆναι
3133 2365 3395 2430 πολλούς.

2221 2555 2312 2625 ιη’.
2368 2555 2528 2610 Ἀλλὰ
2577 2554 2787 2609 τούτων
2836 2554 2982 2608 οὕτω
3029 2553 3433 2625 διακειμένων,
3491 2554 3589 2608 καὶ
3634 2555 3743 2625 τῆς

2164 2650 2492 2720 Ἐκκλησίας
2526 2651 2650 2712 ταῖς
2697 2648 2795 2717 τῆς
2823 2647 2976 2711 θείας
3006 2647 3247 2710 πίστεως
3280 2645 3745 2717 ἀκτινοὸολούσης

2156 2745 2570 2815 μαρμαρυγαῖς,
2622 2742 2715 2795 καὶ
2766 2743 2833 2811 τῇ
2894 2740 3103 2811 λάμψει
3153 2740 3253 2811 τῆς
3304 2738 3590 2802 εὖσεόείας
3641 2736 3743 2792 τοῦ

2154 2837 2271 2909 βίου
2313 2835 2423 2888 τῶν
2476 2834 2687 2887 πιστῶν
2725 2832 3227 2903 ἔξαστράπτεντος,
3288 2831 3388 2885 οὐκ
3426 2832 3665 2903 ἤνεγκεν
3710 2833 3747 2886 ὁ

2157 2928 2564 3001 μισάνθρωποςο
2590 2924 2748 2992 ἀλλὰ,
2815 2924 2959 2979 καθά
3005 2941 3097 2995 μοι
3128 2924 3221 2979 καὶ
3255 2923 3458 2979 ἀνωθεν
3491 2924 3591 2995 ήδη
3648 2924 3746 2978 u-

2154 3022 2344 3075 λεκται
2374 3062 2389 3083 ,
2441 3018 2797 3087 συγκαλεϊται
2843 3016 2943 3081 τὰς
2995 3016 3089 3070 ὑπ’
3141 3015 3305 3071 αὑτὸν
3357 3016 3742 3079 ἀποπατικάς

2153 3115 2436 3186 δυνάμεις,
2486 3114 2580 3168 καὶ
2608 3113 2677 3167 τὰ
2720 3112 2902 3167 πάντα
2937 3114 3132 3183 συγχεῖ
3166 3114 3258 3166 καὶ
3291 3113 3610 3182 συστρέφει,
3646 3113 3750 3167 καὶ

2152 3206 2267 3259 ἄνω
2300 3206 2395 3259 καὶ
2421 3204 2573 3259 κάτω
2600 3205 2765 3270 ποιεῖ,
2799 3203 3057 3257 συνωθῶν
3081 3203 3177 3256 καὶ
3210 3202 3552 3256 συνελαύνων
3602 3203 3751 3256 πολ-

2150 3298 2275 3360 λοὺς
2311 3297 2451 3368 πρὸς
2483 3296 2577 3349 τὸν
2619 3294 2979 3365 καταχθόνιον
3000 3297 3098 3367 τῆς
3134 3296 3331 3350 ἑαυτοῦ
3373 3296 3573 3360 κακίας
3607 3296 3754 3349 ὐτο-

2149 3390 2473 3462 τροπισμὸν.
2501 3388 2612 3443 Καὶ
2644 3389 2866 3460 πρῶτον
2894 3389 2994 3460 μὲν
3028 3388 3283 3458 ὀργάνοις
3307 3429 3323 3457 ,
3356 3388 3606 3459 καθάπερ
3640 3391 3754 3444 πά·-

2151 3482 2241 3538 λαι
2266 3482 2345 3553 τῷ
2390 3481 2510 3551 δφει
2558 3482 2656 3553 τῆς
2690 3481 2887 3545 κακίας
2915 3482 3260 3552 χρησάμενος
3282 3521 3297 3544 ,
3330 3480 3578 3552 Θεοφίλῳ
3640 3482 3746 3537 καὶ

2151 3571 2485 3644 Σευηριανῷ,
2521 3572 2761 3643 Ἀκακίῳ
2824 3574 2919 3626 καὶ
2962 3573 3221 3643 Ἀντιόχῳ
3257 3573 3650 3645 πρεσσυτέροις
3684 3574 3752 3630 τά

2151 3680 2263 3717 τισι
2305 3663 2400 3717 καὶ
2446 3663 2733 3729 διακόνοις,
2770 3664 2860 3718 καὶ
2886 3657 2992 3728 οἷς
3025 3663 3135 3718 τῶν
3196 3666 3386 3735 ὲκτῆς
3414 3651 3753 3735 συγκλήτου,

2153 3756 2234 3810 ἔτι
2262 3756 2318 3811 δὲ
2346 3757 2441 3810 καὶ
2468 3756 2703 3825 γυναιξὶ,
2728 3757 2806 3829 τῷ
2853 3757 3066 3829 ἀρχαίῳ
3113 3758 3283 3829 ὅπλῳ,
3319 3759 3519 3829 χήραις
3575 3757 3754 3812 πλου-

2158 3849 2453 3913 σιωτάταις
2481 3867 2539 3903 τε
2589 3850 2685 3902 καὶ
2715 3850 3108 3921 μιαρωτάταις,
3136 3852 3228 3905 τὸν
3258 3852 3398 3905 κατά
3454 3849 3547 3904 τοῦ
3582 3851 3756 3919 ἁγίου

2155 3922 2375 4012 διῆρτυε
2413 3940 2665 3998 θάνατον.
2705 3943 2926 4011 Λεγὲτω
2972 3958 3056 4007 τις
3107 3943 3203 3997 τοῦ
3263 3943 3525 4016 Βερῤοίης
3574 3942 3754 3997 Ἀκα-

2157 4033 2278 4087 κίου
2301 4034 2399 4105 τὴν
2421 4035 2501 4098 είς
2533 4032 2787 4090 τοσοῦτον
2822 4034 3020 4105 μανίας
3055 4036 3445 4107 χασμολογίαν,
3468 4035 3755 4106 εἰπόντος,

2163 4124 2387 4193 Ἐασον,
2425 4126 2537 4197 ἐγὼ
2577 4126 2764 4198 ἀρτύω
2792 4128 2998 4200 χύτραν
3028 4129 3105 4200 τῷ
3140 4130 3302 4201 ἁγίῳ,
3331 4130 3561 4199 φάσκων
3598 4130 3628 4182 ὁ
3665 4130 3759 4181 ἐν-

2160 4222 2482 4289 αγέστατος.
2528 4221 2761 4275 Ἔπειτα
2794 4222 2889 4275 καί
2920 4239 3070 4286 τινας
3101 4222 3311 4293 πέμπει
3362 4221 3497 4292 πρὸς
3540 4222 3757 4273 Ἀντιό-

2158 4326 2333 4380 χειαν,
2383 4311 2477 4364 καὶ
2530 4310 2666 4381 μετά
2697 4310 2903 4382 ταύτην
2932 4313 3011 4377 είς
3051 4312 3468 4384 Ἀλεξάνδρειαν
3491 4329 3505 4345 ·
3540 4312 3595 4366 τί
3631 4313 3758 4367 διαι-

2162 4402 2537 4473 πραξομένους
2563 4422 2578 4469 ;
2637 4405 2749 4469 Τὰς
2791 4406 2856 4458 ἐκ
2888 4406 3139 4476 νεότητος
3171 4404 3267 4459 τοῦ
3297 4405 3455 4474 ἁγίου
3487 4405 3758 4475 πλημμε-

460 4483 612 4539 illius
652 4482 954 4554 fragrantia
1006 4481 1212 4538 bonum
1259 4482 1444 4538 emisit
1496 4482 1722 4539 odorem
1763 4500 1937 4555 usque
1973 4484 2043 4540 ad

2160 4496 2309 4560 λείας
2355 4495 2837 4568 ἐξερευνήσοντας.
2869 4498 2935 4550 Τί
2971 4497 3183 4566 λέγειςς
3219 4498 3370 4551 πόλιν
3402 4496 3613 4551 ἐκείνου
3654 4495 3756 4550 τοῦ

461 4578 751 4634 εωιεεῑοιιι
793 4585 847 4631 et
877 4591 1170 4647 supernam
1203 4577 1480 4632 civitatem
1531 4575 1857 4641 Jerusalem,
1885 4595 2043 4649 quam

2158 4590 2603 4661 οὐρανοπολίτου,
2635 4591 2669 4661 ἡ
2698 4591 2777 4661 τῷ
2825 4590 3016 4645 εὐώδει
3062 4590 3171 4644 τῶν
3205 4592 3415 4644 ἐκείνου
3449 4589 3626 4657 λόγων
3655 4590 3757 4643 καὶ

460 4670 745 4726 intuentes
776 4668 942 4723 etiam
981 4668 1301 4724 meretrices
1335 4668 1796 4724 sanctiﬁcautur?
1826 4670 1928 4725 Sed
1960 4672 2052 4725 dea

460 4758 698 4832 fecerunt
730 4770 1026 4816 scrutantes
1081 4762 1582 4829 scrutationes“,et
1613 4773 1953 4821 evanuerunt
1995 4766 2049 4819 in

463 4857 894 4928 cegitationibus
947 4856 1089 4918 suis,
1134 4864 1195 4909 ut
1241 4854 1492 4912 dicamus
1535 4872 1661 4913 eum
1710 4855 2043 4913 Psalmista:

464 4948 758 5002 Conversus
789 4960 865 5003 est
891 4949 1028 5003 enim
1056 4948 1208 5001 labor
1235 4964 1417 5003 eorum
1448 4948 1501 5002 in
1526 4959 1683 5018 caput
1716 4951 2053 5015 eorum",ut

464 5040 770 5110 procedens
796 5042 940 5096 dicet
963 5043 1162 5108 oratio,
1194 5054 1250 5098 et
1290 5041 1562 5112 injustitia
1582 5058 1776 5099 eorum
1817 5044 2049 5100 descen-

460 5132 545 5203 dit
574 5134 629 5189 in
660 5134 922 5190 verticem
960 5149 1151 5189 eorum
1174 5175 1190 5199 ,
1226 5134 1342 5190 haec.
1388 5136 1585 5190 callide
1621 5137 1971 5192 machinante
1998 5148 2052 5192 et

463 5234 797 5296 procurante
839 5224 1162 5299 Theophila.
1204 5225 1408 5294 Quales
1453 5238 1633 5283 autem
1665 5237 1720 5283 et
1757 5244 1923 5300 quam
1965 5246 2053 5285 so-

466 5305 716 5389 phisticae
753 5321 918 5391 hujus
959 5320 1052 5376 Dei
1085 5321 1259 5376 hostis
1312 5321 1565 5387 malitiae,
1601 5336 1752 5376 vana:
1772 5330 1825 5377 et
1858 5322 2052 5379 inanes

466 5427 625 5479 nugae
648 5414 852 5468 fuerint
887 5414 1153 5469 adversus
1188 5412 1483 5468 Dominum
1515 5424 1568 5469 et
1604 5414 1870 5470 adversus
1888 5414 2052 5469 Chri-

468 5511 615 5559 stum
660 5505 814 5575 ejus,
861 5494 1327 5575 supervacaneum
1379 5514 1461 5561 est
1500 5506 1705 5563 dicere.
1772 5505 2056 5573 Quomodo

466 5606 647 5661 autem
676 5615 737 5671 se
762 5601 993 5672 gesserit
1026 5602 1078 5654 in
1114 5601 1300 5656 ﬁdeles
1330 5610 1382 5656 et
1417 5612 1639 5659 sanctos
1671 5603 1969 5659 monachos
2002 5612 2057 5658 et

466 5692 522 5754 in
582 5692 762 5774 ipsum
804 5695 1140 5763 pontiﬁcem,
1175 5694 1441 5751 studiosis
1485 5696 1821 5765 signiﬁcabit
1865 5699 2049 5755 lectio.

495 5832 503 5861 ⁵
537 5834 582 5866 ¹¹
610 5830 751 5889 Psal.
789 5847 944 5899 mn,
973 5829 1025 5885 τ.
1107 5837 1147 5866 ¹¹
1183 5829 1325 5887 Psal.
1363 5850 1455 5897 vn,
1497 5834 1579 5888 l7.

2157 4682 2375 4751 τρόπων
2398 4682 2526 4755 ἄχρι
2548 4683 2657 4736 τῶν
2679 4684 2949 4755 οὐρανίων
2978 4685 3072 4737 καὶ
3093 4686 3191 4755 τῆς
3217 4684 3330 4738 ἀνω
3358 4683 3757 4754 μητροπόλεως

2167 4775 2521 4847 Ἰερουσαλὴμ
2562 4778 2660 4846 τὴν
2695 4777 2929 4830 εὐωδίαν
2980 4777 3286 4843 ἀνέδωκεν,
3313 4778 3381 4846 ἣν
3435 4777 3755 4849 καθορῶσαι

2155 4870 2249 4923 καὶ
2302 4870 2501 4940 πόρναι
2564 4870 3028 4939 καθαγιάζονταις
3082 4872 3232 4925 Ἀλλ’
3286 4870 3574 4935 ἐξέλιπον
3646 4872 3757 4934 es-

2154 4961 2517 5030 ερευνῶντες
2570 4963 3012 5033 ἐξερευνήσας,
3074 4965 3169 5017 καὶ
3224 4963 3644 5033 ἐματαιώθησαν
3694 4966 3757 5018 ὲν

2160 5056 2272 5118 τοῖς
2301 5054 2673 5127 διαλογισμοῖς
2738 5057 2917 5110 αὐτῶν
2942 5096 2957 5122 ,
2996 5056 3056 5109 τὸ
3102 5056 3197 5110 τοῦ
3230 5056 3545 5126 ψάλλοντος·
3599 5054 3749 5109 Ἔπ-

2161 5146 2433 5215 εστρὰςση
2468 5149 2575 5217 γὰρ
2604 5151 2635 5202 ό
2666 5149 2854 5216 πόνος
2885 5149 3084 5203 αὐτῶν
3107 5151 3195 5217 εις
3228 5149 3499 5219 κεφαλὰς
3526 5148 3752 5211 αὐτῶν,

2160 5239 2235 5302 ὡς
2258 5240 2366 5310 ’ήδη
2410 5241 2620 5308 προὸἀς
2666 5243 2693 5293 ό
2730 5240 2887 5310 λόγος
2920 5241 3133 5295 ἐκεῖθεν
3164 5243 3283 5314 ἐρεῖ
3308 5284 3323 5308 ,
3351 5243 3450 5296 καὶ
3481 5243 3521 5308 ἡ
3548 5242 3755 5296 ἀδικία

2158 5331 2356 5385 αὐτῶν
2382 5332 2481 5386 ἐπὶ
2512 5334 2783 5401 κεφαλὰς
2800 5334 3019 5401 αὐτῶν,
3040 5335 3469 5403 καταϐέϐηκεν,
3488 5335 3760 5403 Θεοφίλου

2162 5424 2338 5476 ταῦτα
2388 5424 2578 5489 δεινῶς
2642 5424 3153 5496 ἀρχιτεκτονοῦντος
3203 5428 3298 5481 καὶ
3350 5427 3754 5489 διατάττοντος.

2174 5512 2387 5567 Ὀποίαι
2418 5515 2482 5585 δὴ
2517 5518 2612 5569 καὶ
2652 5518 2753 5585 τῆς
2784 5516 2951 5571 αὐτοῦ
2990 5516 3085 5571 τοῦ
3115 5517 3404 5588 θεομισοῦς
3433 5518 3761 5585 σοφιστικαὶ

2164 5606 2264 5676 τῆς
2312 5608 2511 5671 κακίας
2555 5609 2838 5680 τερθρεῖαι
2868 5610 3010 5664 κατὰ
3059 5609 3154 5663 τοῦ
3210 5610 3439 5681 Κυρίου,
3481 5608 3577 5661 καὶ
3610 5610 3759 5661 κατὰ

2164 5699 2259 5753 τοῦ
2291 5700 2525 5771 Χριστοῦ
2553 5702 2738 5771 αὐτοῦ,
2762 5702 3017 5773 περιττὸν
3057 5701 3261 5770 λέγειν’
3294 5701 3435 5756 κατὰ
3457 5700 3510 5754 δὲ
3542 5698 3765 5753 πιστῶν
