4088 6208
460 313 484 329 ν

384 308 491 377 Ξεδ
666 336 686 377 ι

665 358 681 387 Ι

1027 306 1309 367 ORATIO
1348 307 1645 369 XVIII.-
1670 304 2076 381 LAUDATIO
2118 307 2178 367 S.
2213 306 2538 394 JOANZNIS
2571 309 2980 368 CHRYSOST.

3546 308 3679 371 Ἀ

397 421 653 494 μοναχῶν
698 421 792 475 καὶ
821 418 1009 484 ὁσίων,
1040 419 1135 472 καὶ⁵
1164 418 1331 472 αὐτοῦ
1363 418 1458 475 τοῦ
1492 417 1818 488 ἀρχιερέως,
1856 418 1964 478 τοῖς

2076 413 2187 471 Nec
2214 416 2267 493 id
2309 418 2515 483 solum,
2545 418 2639 474 sed
2679 433 2744 473 ea
2791 418 3134 486 etiam,-quze
3168 416 3297 488 fecit
3335 431 3459 491 cum
3506 428 3672 495 esset.

384 513 698 582 φιλοπόνως
732 513 767 581 ἡ
804 511 1113 579 ἀνάγνωσις
1137 513 1381 579 γνωριεῖ.
1426 510 1501 562 Οὐ
1530 516 1694 580 μόνον
1728 508 1807 573 δὲ,
1835 506 1973 561 ἀλλὰ

382 603 480 657 καὶ
518 596 608 655 οἷά
647 618 769 679 τινα
800 598 904 671 δρᾷ
948 600 1085 671 πρὸς
1132 599 1233 669 τὴν
1274 598 1628 671 Ἀλεξάνδρου
1649 582 1979 681 γενόμενος,

382 696 511 764 ἄρτι
563 676 955 764 παραιτητέον,
1018 692 1055 747 ἀ
1101 692 1179 764 τῷ
1225 692 1436 747 ἐκεῖθεν
1480 690 1971 762 δημοσιευθήσεται

384 774 679 857 κριτηρίῳσ
713 786 876 855 ἡμεῖς
905 784 964 839 δὲ
997 782 1135 855 πρὸς
1163 783 1233 837 τά
1246 785 1436 862 ⁵οίκεία
1467 784 1757 855 χωρῶμεν.

460 874 552 930 ιϐ’.
579 875 942 944 Διαγινώσκει
970 875 1062 929 οὖν
1086 876 1115 929 6
1147 875 1397 943 βασιλεὺς
1422 876 1574 955 παρά
1608 892 1769 955 τινων
1800 876 1972 946 ἀσκη-

379 969 491 1023 τῶν
525 971 638 1032 τοῖς
671 968 1006 1041 κατηγόροις
1064 967 1160 1021 καὶ
1194 968 1437 1037 Θεοφίλῳ
1456 948 1535 1020 ’τὰ
1554 950 1831 1043 δρώμενα.
1863 968 1971 1023 Καὶ

375 1042 467 1112 διὰ
500 1058 702 1128 πολλῆς
746 1058 847 1133 μὲν
903 1060 1003 1128 τῆς
1041 1056 1344 1129 ταχύτητος
1390 1059 1482 1113 καὶ
1526 1042 1813 1129 δυνάμεως
1848 1059 1986 1127 ἄγει,

376 1150 471 1202 τὸν
502 1149 782 1218 Θεόφιλον.
819 1150 1026 1219 Γράφει
1142 1149 1238 1203 καὶ
1264 1153 1399 1221 πρὸς
1418 1150 1508 1204 τὸν
1544 1151 1763 1222 Ῥώμης
1807 1152 1969 1204 ’1ννο-

314 1310 317 1315 Α
376 1243 596 1299 κέντιον
622 1242 944 1314 πρεπόντως
966 1240 1061 1296 καὶ
1091 1242 1353 1315 συνετῶς,
1374 1243 1447 1319 τά
1474 1260 1534 1295 τε
1572 1242 1729 1307 ἄλλα,
1753 1244 1849 1297 καὶ
1871 1242 1971 1313 τὴν

372 1333 691 1403 ἀποστολὴν
744 1332 856 1387 ἀπὸ
894 1331 1116 1402 Ῥώμης
1167 1335 1390 1403 ταχεῖαν
1463 1333 1571 1407 τῶν
1592 1392 1601 1399 π
1637 1330 1990 1412 ,ὀφειλόντων

371 1424 766 1495 ἀκροάσασθαι
799 1423 867 1477 τὰ
896 1424 1039 1478 κατά
1067 1425 1346 1493 Θεόφιλονο
1383 1423 1463 1479 ἐτι
1494 1425 1551 1477 δὲ
1592 1425 1685 1478 καὶ
1716 1423 1851 1495 πρὸς
1876 1422 1978 1502 τὸν*

373 1515 517 1569 ἴδιον
553 1513 785 1582 ἀδελφὸν
813 1514 909 1567 καὶ
937 1514 1166 1591 βασιλέα
1221 1511 1499 1585 ὐνώριον,
1546 1513 1979 1583 παρασκευάσαι,

370 1604 471 1658 τὸν
502 1605 697 1658 πάπαν
754 1604 899 1657 κατά
942 1606 1009 1658 τά
1037 1604 1321 1681 ,γραφέντα
1355 1602 1505 1672 αὐτῷ
1542 1601 1963 1674 διαπράξασθαι.

369 1699 443 1752 Οἳ
477 1699 574 1753 καὶ
624 1697 934 1767 δεξάμενοι,
971 1696 1483 1767 παρασκευάζονται
1534 1694 1632 1765 μὲν
1678 1693 1815 1762 πρὸς
1867 1692 1965 1763 τὴν

2034 500 2037 503 ⁷
2076 506 2443 572 Alexandriae,
2490 509 2605 578 jam
2647 517 2777 565 sunt
2814 509 3189 580 praetereunda
3226 526 3242 575 ;
3276 524 3395 579 qua:
3433 508 3675 581 quidem,

2079 600 2506 677 publicabuntur
2532 602 2601 656 ab
2622 617 2710 665 eo,
2735 601 2879 670 quod
2912 602 3026 656 illic
3055 600 3296 671 futurum
3320 610 3408 678 est
3421 598 3672 672 judicio...

2076 690 2186 749 Nos
2223 698 2403 769 autem
2427 692 2791 763 procedamus
2818 692 2887 767 ad
2900 702 3122 769 nostra.

2150 874 2234 929 l9.
2266 873 2714 946 Cognoscitergo
2764 877 3062 945 imperator
3102 891 3131 941 a
3177 858 3503 955 quibusdam
3537 837 3673 945 meo:

2078 949 2292 1029 nachis,
2322 983 2445 1036 quae
2480 966 2547 1021 ab
2590 969 3013 1023 accusatoribus
3062 968 3201 1024 facta
3241 949 3447 1025 suntet
3472 970 3654 1027 Theo-

2076 1058 2247 1137 philo.
2286 1058 2335 1135 ls
2382 1067 2568 1135 autem
2613 1074 2807 1137 magna
2857 1060 3139 1115 celeritate
3178 1068 3234 1115 et
3284 1060 3335 1114 vi
3363 1061 3518 1131 jubet
3557 1063 3662 1117 ad»

2073 1149 2203 1205 duci
2274 1148 2687 1225 TheOphilum..
2730 1150 2945 1229 Scribit.
3006 1165 3151 1229 vero,
3205 1151 3271 1205 ad
3334 1152 3649 1221 pontiﬁcem

2073 1240 2387 1297 Romanum
2444 1241 2818 1297 innocentium
2853 1241 3080 1313 pulchre
3108 1251 3162 1297 et
3186 1234 3669 1317 sapienter,cum1

2071 1333 2201 1399 alia,
2233 1341 2346 1387 tum
2394 1342 2454 1388 ut
2517 1336 2626 1390 cito
2675 1332 3381 1403 Roma-proﬁciscerentur
3417 1337 3509 1404 qui
3586 1336 3657 1392 de

2072 1423 2375 1501 TheOphilo
2402 1432 2821 1498 cognoscerent.
2852 1424 3123 1482 Praeterea
3168 1434 3348 1482 autem
3381 1428 3447 1482 ad
3484 1444 3664 1484 suun»

2069 1530 2293 1595 quoque
2322 1516 2546 1572 fratrem
2572 1524 2626 1571 et
2657 1517 3047 1597 imperatorem
3088 1515 3414 1597 Honorium,
3448 1527 3508 1571 ut
3541 1519 3665 1583 etiis

2069 1618 2217 1665 ceret
2239 1616 2297 1663 ut
2327 1604 2463 1679 papa
2493 1619 2888 1680 exsequeretur
2915 1624 2977 1664 ea
3009 1625 3130 1681 quae
3152 1609 3218 1665 ad
3242 1610 3421 1680 ipsum
3449 1612 3670 1697 scripta,

2070 1696 2307 1753 fuerant.
2347 1698 2451 1767 Qui
2481 1715 2605 1754 cum
2642 1716 2705 1755 ea
2726 1700 3097 1770 accepissent,
3129 1716 3188 1755 se
3222 1702 3661 1774 parantquidcm

3662 932 3671 945 6

367 1788 586 1843 τούτων
610 1788 989 1861 ἐκπλήρωσιν·
1024 1788 1449 1858 διασκεψάμενοι
1482 1785 1653 1849 suo;
1685 1786 1751 1839 ἀν
1788 1784 1863 1856 μὴ
1885 1784 1963 1855 τῷ

2068 1787 2133 1841 ad
2166 1803 2229 1842 ea
2262 1788 2562 1858 implenda.
2594 1791 2730 1845 Cum
2767 1799 2947 1846 autem
2982 1789 3344 1855 dubitassem,
3380 1772 3523 1848 ne'si
3546 1794 3661 1857 cito

367 1882 536 1952 τάχει
565 1882 667 1950 τῆς
691 1881 996 1952 ἀποστολῆς
1047 1883 1105 1933 ἐν
1152 1865 1725 1935 Κωνσταντινουπόλει
1773 1895 1963 1948 χρονο-

368 1974 737 2044 τριὸήσωσιν,
796 1973 971 2034 ἄλλως
1024 1989 1084 2024 τε
1126 1972 1217 2025 καὶ
1266 1970 1367 2039 τὴν
1405 1958 1824 2041 ἐπισυναγωγὴν
1857 1968 1974 2037 τῶν,

364 2048 584 2120 λοιπῶν
635 2064 1187 2134 προσεπινοήσαντες,
1224 2062 1483 2132 δευτέραν
1533 2063 1752 2132 γραφὴν
1784 2080 1961 2130 προσν

366 2160 644 2229 δέχονται.
687 2157 751 2210 Τί
781 2152 876 2211 οὖν
904 2159 932 2211 6
966 2157 1138 2221 δεινὸς
1183 2158 1396 2219 ἐκεῖνος
1441 2157 1534 2209 καὶ
1567 2156 1811 2221 ποικίλος
1842 2157 1964 2211 θεο-

375 2253 581 2320 μισήςς
620 2248 809 2303 Ταῦτα
833 2247 1138 2321 διαμαθὼν,
1168 2249 1518 2316 ἐξανίσταται
1562 2249 1965 2322 μοχθηρότερον

373 2340 523 2394 κατά
547 2339 643 2393 τοῦ
674 2338 1067 2409 ἀρχιποιμένος
1089 2339 1186 2392 καὶ
1226 2342 1325 2411 τῆς
1358 2338 1592 2409 ποίμνης
1632 2339 1869 2411 ἐκείνης,
1905 2325 1969 2403 ὃς

372 2431 456 2499 τῷ
495 2428 710 2500 βασιλεῖ
734 2429 834 2492 τὰς
862 2426 1027 2482 αὐτοῦ
1053 2428 1381 2498 διεσάφησεν
1407 2414 1822 2500 ἀρρητοποιίας.
1856 2414 1966 2487 Καί

375 2522 727 2593 πλασάμενος
778 2520 846 2574 τά
898 2520 1038 2574 κατά
1090 2520 1183 2573 τοῦ
1248 2520 1579 2591 Ὠριγένους,
1630 2522 1964 2593 συναρπάζει

378 2616 475 2668 καὶ
505 2613 795 2668 σπένδεται
839 2612 941 2682 τὴν
989 2612 1127 2684 πρὸς
1156 2612 1246 2665 τὸν
1279 2614 1450 2681 μέγαν
1494 2614 1811 2681 Ἐπιφάνιον
1852 2615 1967 2668 Κύ-

377 2725 521 2776 πρου
553 2706 757 2776 φιλίαν,
787 2704 863 2769 ὡς
890 2704 1051 2775 δῆθεν
1075 2705 1145 2758 τὰ
1188 2705 1503 2781 Ὠριγένους
1524 2706 1963 2781 διακαταὸαλεῖν.

380 2799 765 2867 Συναπάγεται
819 2797 1030 2860 τούτοις
1065 2798 1092 2849 6
1133 2796 1466 2872 Ἐπιφάνιος.
1514 2798 1609 2852 καὶ
1664 2800 1966 2867 συναγωνί-

383 2889 542 2953 ζεται
571 2888 828 2959 Θεοφίλῳ
874 2878 920 2955 ᾧ
968 2880 1035 2957 ἦν
1087 2888 1114 2939 6
1169 2885 1392 2957 σύμπας
1433 2888 1632 2953 σκοπὸς
1663 2889 1761 2958 τῆς
1801 2872 1966 2943 σπουὲ

370 2982 480 3051 δξς
516 2980 659 3034 κατά
708 2978 804 3033 τοῦ
852 2978 1009 3047 ἀγίου
1066 2976 1158 3031 καὶ
1200 2977 1307 3030 τῶν
1359 2977 1668 3048 εἰρημένων
1711 2966 1965 3049 ἀσκητῶν

364 3071 735 3127 ἀποϐλέπων.
761 3070 919 3123 Μετὰ
950 3068 1125 3145 ταῦτα
1156 3067 1242 3133 τίς
1284 3066 1473 3121 Πείθει
1511 3067 1601 3120 τὸν
1644 3068 1963 3137 Ἐπιφάνιον
1989 3107 2032 3164 c

365 3160 591 3231 γράψαι
647 3158 725 3228 τῷ
772 3157 1017 3229 Ἰωάννῃ,
1071 3155 1180 3209 τῶν
1226 3155 1534 3228 Ὠριγένους
1576 3155 1774 3224 βίϐλων
1852 3157 1961 3211 ἀπ-

361 3251 605 3323 ἆχεσθαι
636 3249 733 3303 καὶ
760 3248 1024 3319 μηδαμῶς
1052 3249 1384 3317 συμφρονεῖν
1408 3246 1614 3310 αὐτοῖς.
1634 3246 1691 3299 '0
1708 3247 1763 3300 δὲ
1793 3248 1966 3317 μέγας

361 3345 546 3404 ὅντως
575 3333 728 3403 οὗτος
756 3339 1142 3409 Χρυσόστομος
1203 3336 1375 3391 ταῦτα
1405 3337 1720 3408 δεξάμενος,
1753 3338 1830 3409 τῷ
1861 3356 1962 3393 κα-

363 3432 537 3503 θαρῷ
581 3430 676 3484 τοῦ
722 3430 1067 3500 φρονήματος
1102 3429 1203 3483 οὐκ
1231 3428 1515 3499 ἐφρόντιζε
1550 3429 1659 3483 τῶν
1690 3430 1960 3500 ἐπεμϐαι-

364 3521 607 3586 νόντων,
642 3521 778 3590 μόνα
821 3519 879 3574 δὲ
912 3519 979 3573 τά
1016 3519 1115 3590 τῆς
1147 3520 1422 3591 σωτηρίας
1474 3520 1801 3591 διεμερίμνα
1850 3522 1963 3575 διαο

367 3614 607 3676 παντός.

452 3701 521 3761 κ’.
569 3704 730 3760 Ἀλλά
764 3705 939 3759 ταῦτα
993 3704 1092 3775 μὲν
1132 3704 1442 3768 ἀκολούθως
1500 3708 1615 3770 τοῖς
1672 3706 1961 3777 πράγμασι

362 3796 675 3866 διατρέχων
701 3797 729 3847 6
766 3796 923 3864 λόγος
949 3795 1207 3867 ἐδήλωσεο
1240 3796 1446 3867 μεταξὺ
1478 3798 1534 3852 δὲ
1563 3798 1672 3852 τῶν
1702 3800 1962 3853 τοιούτων

365 3892 405 3958 ἡ
463 3889 565 3958 τῆς
595 3887 1037 3959 πολυθρυλλήτου
1076 3889 1254 3960 χήρας
1294 3890 1610 3961 παρέστηκε
1641 3889 1735 3943 τοῦ
1777 3891 1961 3960 ἀμπε-

363 3979 550 4042 λῶνος
578 3979 849 4049 διήγησις,
889 3980 1023 4051 πρὸς
1045 3980 1109 4051 ἢν
1139 3979 1592 4057 καθισ[τ]άμεθα.
1616 3981 1959 4050 Θεόγνωστος

368 4072 612 4135 ἐκεῖνος,
646 4070 673 4121 6
708 4069 939 4141 εὐσεϐὴς
989 4071 1084 4125 καὶ⁹
1130 4072 1346 4138 πιστὸς,
1396 4066 1477 4136 εἷς
1527 4074 1621 4128 καὶ
1663 4074 1823 4138 αὐτὸς
1851 4075 1961 4128 τῶν

367 4161 596 4215 οἰκείων
650 4160 730 4232 τῷ
769 4160 980 4232 βασιλεῖ
1040 4162 1337 4235 Ἀρκαδίῳή
1373 4164 1550 4234 φθόνῳ
1582 4164 1640 4220 δὲ
1691 4165 1957 4235 διαϐόλου,

368 4253 472 4307 καὶ
502 4253 668 4306 Γαΐου
695 4253 790 4307 τοῦ
825 4253 895 4307 τά
928 4254 1138 4324 ’Δρείου
1184 4253 1504 4326 φρονοῦντος
1541 4256 1760 4327 διαϐολῇ
1795 4274 1959 4311 συκο-

370 4348 667 4411 φαντεῖται
696 4345 831 4416 πρὸς
859 4343 1085 4415 βασιλέα
1116 4342 1479 4416 θεόγνωστος,
1512 4349 1607 4401 καὶ
1648 4348 1745 4420 τὴν
1776 4350 1960 4404 ἄδικον

2065 1877 2436 1945 mitterentur,
2488 1889 2701 1951 tempus
2755 1889 2997 1935 tererent
3049 1880 3557 1952 Constantinopoli,
3601 1892 3657 1938 et

2066 1966 2270 2036 alioqui
2304 1970 2664 2038 opperientes
2696 1972 2824 2025 dum
2860 1972 3054 2042 reliqui
3091 1988 3311 2045 quoque
3359 1989 3656 2046 congregav

2068 2056 2278 2122 rentur,
2338 2048 2664 2131 exspectant
2709 2063 2983 2118 secundas
3033 2065 3268 2120 litteras.
3329 2065 3469 2143 Quid
3522 2082 3663 2135 ergo,

2066 2150 2217 2205 vafer
2243 2152 2333 2207 ille
2353 2160 2406 2207 et
2431 2162 2649 2208 astutus
2673 2153 2762 2209 Dei
2790 2154 3006 2211 hostis?
3025 2155 3148 2211 llazc
3167 2171 3291 2211 cum
3316 2157 3654 2219 rescivisset,

2068 2244 2304 2316 insurgit
2336 2232 2656 2303 sceleratius
2704 2248 2971 2306 adversus
3018 2260 3296 2321 pastorum
3328 2234 3659 2323 principem,-

2075 2344 2132 2391 et
2157 2337 2309 2392 illum
2336 2354 2585 2409 gregem,
2616 2339 2708 2409 qui
2742 2340 3061 2423 imperatori
3104 2342 3314 2424 nefaria
3354 2344 3473 2415 ejus
3511 2344 3655 2399 facta
3748 2394 3761 2397 _

2068 2438 2436 2497 exposuerant
2478 2438 2568 2485 :et
2616 2445 2741 2485 cum
2790 2432 2843 2486 in
2896 2449 2992 2489 eos
3023 2433 3380 2491 continxisset
3437 2450 3659 2503 errores

2069 2517 2343 2592 Origenis,
2391 2537 2649 2593 magnum
2710 2521 3077 2594 Epiphanium
3116 2526 3281 2597 Cypri
3330 2531 3655 2605 episcopum.

2069 2610 2134 2664 ad
2178 2628 2238 2667 se
2268 2612 2520 2677 attrahit,
2562 2619 2618 2669 et
2654 2628 2779 2669 cum
2834 2630 2901 2669 eo
2932 2614 3033 2669 init
3073 2615 3395 2679 amicitiam,
3424 2623 3482 2668 ut
3520 2629 3654 2669 con-

2067 2712 2292 2775 gregata
2345 2704 2577 2775 synodo,
2634 2704 2842 2775 scripta
2911 2707 3336 2776 reprehenderet
3375 2704 3648 2777 Origenis.

2070 2793 2165 2875 llis
2199 2796 2481 2851 inducitur
2505 2796 2960 2875 Epiphanius,et
2994 2797 3105 2871 fert
3132 2814 3290 2869 opem
3322 2797 3649 2869 Theophila.

2068 2874 2240 2957 Cujus
2276 2875 2567 2944 universus
2595 2889 2763 2945 studii
2792 2874 2994 2960 sco-pus
3039 2906 3147 2947 non
3212 2892 3320 2947 alio
3370 2893 3654 2965 spectabat

2067 2972 2231 3050 quam
2259 2978 2525 3035 adversus
2557 2990 2832 3047 sanctum,
2864 2990 2916 3038 et.
2940 2999 3057 3045 eos.
3081 2983 3171 3052 qui
3196 2966 3326 3039 dicti
3358 2968 3653 3061 sunt,,mo{

2069 3070 2300 3127 nachos.
2333 3071 2465 3129 Post
2503 3072 2618 3128 haac
2655 3073 2833 3143 quid?
2882 3072 3180 3129 Persuadet
3232 3075 3559 3145 Epiphanio,
3593 3085 3653 3147 ut

2069 3164 2276 3218 scribat
2306 3164 2372 3217 ad
2412 3160 2675 3219 Joannem
2716 3173 2775 3219 ut
2809 3165 3083 3221 abstineat
3114 3180 3144 3220 a
3176 3166 3400 3236 scriptis
3452 3166 3651 3238 Orige-

2068 3254 2151 3310 nis
2203 3262 2257 3309 et
2302 3270 2426 3309 cum
2482 3258 2562 3311 eis
2602 3256 2825 3309 minime
2872 3256 3093 3311 sentiat.
3150 3255 3244 3311 Ille
3290 3264 3474 3313 autem
3522 3252 3652 3314 vero

2065 3358 2300 3413 magnus
2348 3343 2783 3415 Chrysostomus
2825 3360 2949 3400 cum
2996 3345 3112 3401 haec
3157 3347 3487 3417 accepisset,
3525 3340 3653 3404 εειιέ

2066 3435 2253 3490 lentiae
2303 3450 2416 3492 sua:
2465 3434 2637 3492 fretus
2689 3437 2955 3506 puritate,
2987 3453 3094 3492 non
3135 3436 3365 3494 curabat
3408 3454 3524 3504 eos,
3556 3438 3650 3512 qui

2067 3526 2445 3594 insultabant',
2500 3529 2597 3584 sed
2644 3528 2711 3584 de
2754 3530 3031 3585 communi
3074 3530 3259 3587 salute
3318 3530 3496 3586 solum
3531 3528 3652 3587 erat

2066 3628 2330 3688 perpetuo
2371 3618 2660 3674 sollicitus.
2730 3620 2733 3621 ⁷

2134 3708 2225 3763 ‘10.
2261 3707 2367 3762 Sed
2405 3708 2517 3762 hac
2552 3708 2774 3779 quidem
2820 3709 2986 3764 rebus
3017 3719 3414 3782 consequenter
3459 3724 3650 3781 perse-

2064 3815 2262 3870 quens,
2287 3799 2585 3855 declarabit
2610 3800 2808 3855 oratio.
2842 3801 2988 3856 inter
3010 3802 3125 3856 haec
3150 3809 3330 3857 autem
3364 3801 3650 3857 celebratae

2064 3892 2211 3947 illius
2248 3892 2422 3948 viduae
2452 3893 2624 3948 vineae
2660 3893 2896 3949 accessit
2927 3895 3192 3957 narratio,
3228 3892 3293 3948 ad
3325 3909 3488 3964 quam
3521 3910 3649 3964 ροτ-

2064 3976 2336 4040 venimus.
2366 3982 2746 4056 Theognostus
2780 3985 2903 4056 pius
2944 3984 3036 4040 ille
3061 3992 3115 4040 et
3139 3984 3332 4050 ﬁdelis,
3370 3993 3488 4040 erat
3528 3983 3651 4056 ipse

2063 4092 2282 4146 quoque
2306 4092 2448 4132 unus
2479 4093 2542 4133 ex
2578 4078 2668 4143 iis,
2702 4078 2798 4149 qui
2833 4086 2989 4133 erant
3022 4076 3319 4132 familiares
3352 4077 3652 4148 imperato-

2064 4170 2108 4224 ri
2155 4168 2408 4228 Areadio.
2462 4170 2665 4225 Invidia
2729 4180 2911 4225 autem
2963 4169 3171 4224 diaboli
3247 4177 3302 4224 et
3353 4168 3494 4234 Gaii,
3553 4168 3647 4242 qui

2064 4261 2257 4316 morbo
2292 4262 2576 4316 laborabat
2602 4261 2740 4327 Arii,
2775 4261 2916 4331 apud
2939 4260 3322 4329 imperatorem
3349 4269 3648 4316 accusatur

2064 4351 2472 4425 Theognostus.
2509 4361 2564 4409 et
2588 4353 2790 4420 iniusta
2817 4352 3088 4406 honorum
3125 4351 3494 4417 pulilicatione
3518 4364 3643 4406 cum

368 4437 646 4507 δήμευσιν
725 4439 819 4489 καὶ
884 4437 1184 4507 ὑπερορίαν
1234 4438 1331 4490 σὺν
1381 4439 1601 4505 γυναικὶ¹
1660 4440 1751 4493 καὶ
1805 4442 1961 4495 παισὶ

2069 4445 2398 4515 relegatione
2426 4444 2719 4497 damnatur
2752 4443 2912 4498 simul
2946 4457 3068 4496 cum
3107 4456 3273 4496 uxore
3315 4451 3367 4496 et
3403 4441 3589 4496 liberis
3624 4456 3641 4507 ;

372 4531 793 4603 κατακρίνεται·
827 4531 920 4586 καὶ
968 4530 1055 4583 ἵνα
1087 4531 1358 4600 συντέμω,
1400 4535 1529 4601 πρὶν
1561 4532 1593 4602 ἢ
1635 4531 1838 4602 φθάσαι
1869 4534 1959 4587 τὸν

371 4622 475 4692 τῆς
519 4621 740 4694 ὲξορίας
779 4624 944 4676 τόπον
971 4666 984 4689 ,
1039 4624 1161 4676 καθ’
1209 4623 1331 4677 ὀδοῦ
1390 4624 1489 4696 τὴν
1532 4625 1651 4679 ὁδὸν
1698 4624 1957 4699 τοῦβίου

374 4716 624 4781 τελέσας,
656 4716 794 4787 πρὸς
839 4716 933 4769 τὸν
983 4716 1119 4771 Θεὸν
1170 4717 1497 4789 ὲξεδὴμησε.
1548 4717 1753 4771 Τούτου
1796 4720 1958 4790 ησύ·

364 4808 542 4883 νζυγος
604 4808 995 4877 ὑποστρέψασα
1050 4807 1385 4880 προστρέχει
1442 4809 1519 4879 τῷ
1579 4808 1709 4881 θείῳ
1770 4811 1955 4883 άνδρὶ,

364 4900 602 4963 ,τοιαῦτα
632 4898 702 4953 τά
739 4899 858 4952 καθ’
890 4899 1091 4970 ἑαυτὴν
1122 4900 1466 4965 ὲκδιδάξασα.
1522 4900 1582 4953 Ὀ
1630 4901 1686 4954 δὲ
1732 4918 1955 4971 συμπα-

376 4991 471 5059 θὴς
493 4984 674 5054 οὗτος,
698 4992 791 5045 καὶ
810 4990 1046 5058 Χριστοῦ
1080 4991 1344 5062 μιμητὴς,
1374 4991 1665 5045 ὲπικλᾶται
1696 4992 1793 5061 τὴν
1824 5009 1958 5063 καρ-

372 5080 496 5133 δίαν
550 5078 629 5149 τῷ
668 5078 831 5134 πάθει
893 5082 987 5133 καὶ
1019 5082 1085 5151 τῇ
1149 5081 1347 5152 χηρείᾳ
1399 5082 1498 5151 τῆς
1553 5083 1832 5151 γυναικός·
1864 5086 1958 5138 καὶ

374 5176 688 5244 παρηγορεῖ
748 5172 847 5242 μὲν
899 5173 1132 5237 ἱκανῶς,
1186 5175 1280 5227 καὶ
1337 5176 1595 5243 παραινεῖ
1633 5174 1699 5229 τά
1746 5177 1952 5232 εἰκότα*

370 5248 767 5345 διασκέπτεται
803 5264 861 5317 δὲ
920 5265 1101 5332 πάλιν,
1144 5266 1290 5329 ὅπως
1325 5266 1557 5338 ἀποδοθῇ
1594 5271 1659 5340 τῇ
1709 5271 1854 5344 χήρᾳ
1889 5272 1957 5325 τά

379 5354 505 5407 ἴδια.
538 5354 650 5408 Καὶ
678 5354 742 5425 δὴ
783 5356 910 5426 περὶ
938 5356 1131 5409 τούτου
1166 5356 1597 5429 διαμεριμνῶντι
1645 5361 1795 5433 αὐτῷ
1837 5364 1956 5416 ’ἐτε-

378 5462 469 5514 ρον
506 5447 534 5499 6
574 5447 815 5516 πονηρὸς
850 5447 990 5501 κατά
1013 5448 1111 5517 τῆς
1138 5449 1314 5518 χήρας
1343 5451 1600 5518 γυναικὸς
1633 5455 1954 5527 ἀνερῤίπισε

376 5536 435 5589 τὸ
472 5538 665 5591 δεινόν.
706 5540 914 5609 Καιρδς
966 5540 1074 5613 γάρ
1114 5537 1181 5613 ἦν
1236 5542 1264 5593 6
1320 5544 1416 5613 τῆς
1470 5544 1698 5616 τρύγης,
1731 5548 1799 5600 δι’
1832 5548 1951 5619 ὃνὴ

378 5631 587 5699 βασιλὶς
641 5631 834 5701 ἐξῆλθε
889 5634 989 5704 τῆς
1036 5628 1263 5699 πόλεως.
1317 5636 1459 5701 Καὶ,
1505 5638 1605 5691 οὐκ
1662 5635 1759 5692 οἷδ’
1804 5642 1951 5704 ὅπως

377 5724 534 5791 είπω,
569 5726 855 5796 προτέροις
902 5728 981 5791 εξς
1022 5728 1113 5780 τὸν
1151 5728 1449 5797 ἀμπελῶνα
1484 5729 1581 5798 τῆς
1622 5731 1794 5801 χήρας
1839 5732 1951 5784 εἱσο

379 5814 494 5884 έϐηο
529 5816 625 5869 καὶ
656 5817 763 5889 ἰδίᾳ
794 5818 938 5888 χειρὶ
963 5820 1060 5887 τῆς
1086 5820 1331 5890 ἀμπέλου
1356 5822 1551 5892 βότρυν
1580 5822 1950 5892 ἀποτεμοῦσα,

384 5904 569 5960 ἐσθίει.
630 5905 763 5962 Εἶτα
796 5909 1117 5965 διδάσκεται
1178 5911 1253 5976 ὡς
1294 5912 1547 5983 ἀλλοτρία
1592 5913 1647 5982 ἡ·
1684 5912 1947 5983 ἄμπελος.

2063 4543 2136 4600 et,
2177 4546 2237 4589 ut
2271 4536 2463 4605 paucis
2499 4535 2802 4598 absolvam,
2846 4535 3165 4605 priusquam
3202 4534 3545 4602 pervenisset
3572 4533 3639 4587 ad

2061 4626 2242 4681 locum
2280 4627 2334 4680 in
2383 4642 2544 4696 quem
2580 4636 2693 4681 erat
2727 4626 3023 4695 relegatus,
3062 4625 3115 4679 in
3147 4624 3366 4688 itinere,
3402 4625 3488 4679 via
3518 4627 3641 4679 vita:

2061 4726 2302 4790 peracta,
2352 4717 2605 4788 migravit
2652 4717 2717 4771 ad
2755 4717 2944 4774 Deum.
3000 4716 3174 4786 llujus
3223 4731 3360 4771 uxor
3418 4730 3640 4771 reversa
3704 4704 3726 4716 ’

2062 4811 2271 4866 accedit
2307 4811 2372 4865 ad
2411 4812 2587 4865 virum
2618 4809 2885 4874 divinum,
2923 4820 2977 4865 et
3014 4809 3081 4865 de
3112 4825 3171 4865 se
3210 4808 3393 4865 omnia
3430 4807 3635 4869 docuit,

2061 4904 2159 4958 llic
2195 4914 2374 4959 autem
2400 4905 2717 4960 misericors
2748 4904 3021 4959 etChristi
3047 4903 3310 4966 imitator,
3342 4901 3508 4956 corde
3537 4900 3639 4957 do.

2056 4986 2230 5048 iorem
2276 4994 2476 5065 accipit
2523 4994 2592 5049 ob
2620 5009 2681 5048 ea
2715 5009 2837 5065 quae
2870 4993 3205 5056 acciderant,
3242 5001 3296 5046 et
3325 4993 3395 5047 ob
3422 4993 3639 5047 feminae

2060 5086 2378 5141 viduitatem
2415 5106 2426 5141 :
2470 5095 2523 5141 et
2558 5086 2786 5156 pulchre
2818 5086 3035 5156 quidem
3068 5086 3408 5150 consolatur,
3438 5096 3491 5141 et
3516 5102 3638 5155 qua:

2059 5189 2155 5246 par
2179 5189 2297 5231 erat
2319 5178 2365 5231 ei
2387 5178 2611 5233 suadet:
2640 5192 2839 5233 rursus
2868 5194 2995 5233 vero
3013 5177 3347 5243 considerat,
3374 5177 3636 5247 quemad-

2058 5268 2276 5323 modum
2321 5269 2495 5324 vidua:
2542 5284 2640 5325 sua
2684 5272 3063 5327 restituantur.
3105 5270 3240 5326 Cum
3271 5271 3320 5327 is
3356 5279 3536 5326 autem
3566 5274 3635 5327 de

2057 5379 2122 5418 eo
2153 5364 2423 5419 sollicitus
2452 5374 2616 5429 esset,
2649 5363 2796 5417 aliud
2832 5363 3035 5417 malum
3065 5363 3327 5420 excitavit
3360 5363 3633 5437 malignus

2058 5455 2319 5510 adversus
2344 5455 2623 5510 mulierem
2660 5454 2896 5511 viduam.
2939 5454 3070 5511 Erat
3092 5457 3236 5513 enim
3278 5465 3491 5527 tempus
3517 5458 3635 5513 vin-

2056 5547 2265 5611 demia,
2297 5556 2519 5619 promer
2545 5564 2705 5619 quam
2738 5548 3059 5621 imperatrix
3090 5566 3308 5623 egressa
3350 5567 3414 5608 ex
3452 5552 3631 5608 urbe:

2056 5648 2109 5694 et
2151 5640 2338 5695 nescio
2378 5641 2653 5715 quomodo
2685 5641 2838 5713 prius
2882 5644 3124 5715 ingressa
3157 5644 3258 5701 lunt
3308 5646 3362 5700 in
3420 5661 3627 5700 cuream

2057 5732 2253 5798 vidua),
2313 5742 2366 5786 et
2413 5750 2508 5787 sua
2564 5750 2727 5789 manu
2781 5743 3060 5791 exsectum
3102 5736 3318 5792 botrum
3370 5737 3607 5793 comedit

2060 5822 2263 5879 Deinde
2292 5824 2540 5891 docetur,
2563 5828 2776 5882 vineam
2814 5843 2938 5883 csse
2973 5828 3217 5883 alterius.
3254 5828 3521 5883 inducunt
3552 5828 3630 5881 lc-

2063 5918 2165 5988 gis,
2202 5918 2345 5989 quod
2390 5929 2473 5976 est
2523 5921 2575 5975 in
2614 5918 2774 5978 rebus
2810 5919 3145 5991 huiusmodi,
3193 5918 3476 5983 auxilium,
3509 5931 3628 5986 qua:
