3952 6210
453 332 563 396 261

1720 347 1910 406 LEON
1921 347 1991 408 IS
2019 351 2440 413 PHILUSUPH
2453 355 2473 412 Ι

3603 360 3708 423 263

457 445 671 531 Vincam
696 446 1032 519 imperatrici
1057 448 1354 518 adjudicat,
1381 451 1423 505 si
1447 451 1576 520 quid
1597 454 1704 507 tale
1724 457 2035 526 contigerit,

2156 460 2431 514 Ἐντεῦθεν
2458 461 2740 530 εἰσάγουσι
2771 459 2868 537 τὴν
2907 463 3034 532 περὶ
3063 464 3132 516 τὰ
3162 463 3398 537 τοσαῦτα
3426 464 3521 518 τοῦ
3551 467 3717 536 νόμου

457 521 513 589 et
565 537 790 592 domino
850 540 1084 609 pretium
1146 542 1227 596 vel
1267 542 1412 597 aliud
1454 543 1583 612 quid
1635 544 1793 614 jubet
1846 521 2035 615 reddi,

461 638 515 682 ct
544 629 704 699 jussu
739 629 1109 702 imperatricis
1167 633 1408 687 refertur
1441 635 1596 690 vinea
1646 639 1699 690 in
1752 655 2036 694 numerum

462 738 687 776 suorum
711 721 1174 777 suburbanorum.
1217 723 1330 778 Hoc
1393 735 1574 782 autem
1612 743 1720 781 non
1757 739 1958 786 temere
1986 741 2039 786 et

463 815 784 885 simpliciter
807 815 1051 885 jubebat,
1095 818 1190 872 sed
1224 818 1336 873 haec
1363 819 1472 873 duo
1504 822 1762 875 meditata
1798 841 1810 874 :
1869 839 2038 878 unum

461 907 704 976 quidem,
743 916 1029 978 propterea
1053 911 1199 979 quod
1235 912 1569 966 irasceretur
1606 913 1800 977 viduae,
1829 924 1887 968 ut
1918 929 2037 970 eam

463 985 639 1068 magis
671 997 930 1068 afﬂigeret
963 1017 976 1064 ;
1025 1002 1256 1055 alterum
1289 1013 1493 1067 autem,
1535 1013 1588 1058 et
1635 1006 1795 1072 cujus
1834 1005 2040 1075 majore

463 1089 643 1142 studio
668 1093 975 1155 tenebatur,
1009 1101 1068 1145 ut
1098 1093 1373 1163 acciperet
1412 1097 1756 1150 occasionem
1807 1096 2036 1151 vexandi

462 1180 756 1248 pontificis,
791 1184 1068 1252 cogitante
1115 1185 1205 1237 illa
1249 1184 1363 1240 fore
1400 1197 1457 1241 ut
1485 1189 1766 1242 resisteret
1799 1199 1852 1243 et
1881 1191 1934 1244 in
1966 1189 2040 1245 le-

461 1287 580 1341 gem
613 1272 873 1329 incideret
901 1283 954 1328 et
982 1275 1283 1330 offenderet
1313 1278 1625 1348 imperium.
1661 1279 1766 1335 Sed
1803 1281 1893 1336 illa
1921 1284 2040 1351 qui-

461 1361 580 1418 dem
643 1365 715 1420 ita
762 1382 822 1420 se
869 1366 1152 1433 habebat;
1201 1369 1441 1437 pontifex
1491 1380 1673 1428 autem
1717 1373 2043 1443 quomodo?

461 1458 756 1524 Suadebat,
779 1459 1144 1528 supplicabat,
1161 1470 1218 1514 ut
1233 1461 1462 1516 decebat
1479 1463 1597 1533 ejus
1615 1465 2038 1536 philosophiam.

460 1550 601 1616 Quid
657 1550 744 1604 illa
803 1552 1046 1607 contra?
1098 1552 1173 1607 Ea
1205 1554 1368 1608 dabat
1419 1571 1682 1625 responsa
1726 1573 1847 1627 qua:
1885 1565 2042 1612 erant

462 1639 619 1713 plena
653 1645 1013 1716 impudentia,
1038 1644 1296 1702 Ronnana:
1329 1648 1460 1718 legis
1489 1651 1778 1718 auxilium,
1809 1659 1864 1705 et
1894 1666 2042 1720 quae-

463 1738 544 1790 vis
574 1737 702 1799 alia,
737 1753 898 1804 quam
925 1754 990 1792 ex
1019 1741 1250 1794 adverso
1286 1741 1603 1808 objiciebat,
1649 1758 1782 1798 vana
1814 1745 2043 1814 phanta-

463 1830 544 1882 sia
577 1845 688 1884 sua:
718 1831 1064 1901 arrogantiae.
1089 1830 1304 1887 Rursus
1334 1849 1464 1904 ergo
1492 1845 1760 1906 temperat
1798 1839 2043 1895 medicus
2078 1814 2121 1870 Β

465 1921 864 1977 medicamenta
901 1923 1114 1979 salutis.
1146 1924 1302 1991 Quod
1335 1936 1514 1981 autem
1551 1929 1836 1984 laborabat
1859 1931 2042 1985 curari

467 2027 574 2066 non
614 2020 846 2083 poterat.
880 2015 998 2068 Alia
1031 2023 1117 2070 est
1147 2025 1410 2083 praetcrea
1451 2019 1662 2088 species
1707 2021 2040 2086 curationis,

465 2104 682 2159 solvens
735 2119 932 2161 causas
969 2122 1064 2176 per
1119 2121 1257 2176 quas
1305 2107 1593 2163 videbatur
1643 2110 1693 2164 id
1724 2110 1868 2181 quod
1905 2113 2047 2166 male

463 2195 717 2251 allectum
761 2205 881 2252 erat
932 2197 1182 2254 laborare
1215 2200 1479 2271 gravius:
1541 2203 1760 2258 solvens
1807 2204 2046 2274 injustos

466 2298 762 2358 praetextas
798 2307 812 2354 ;
847 2305 1040 2361 nempe
1070 2291 1216 2362 quod
1249 2293 1362 2346 haec
1389 2292 1474 2347 lex
1507 2293 1728 2363 quidem
1763 2295 1869 2349 lata
1900 2305 2048 2352 esset

465 2377 533 2432 ab
571 2378 1018 2449 imperatoribus,
1053 2381 1148 2436 sed
1181 2381 1276 2449 qui
1309 2381 1450 2437 forte
1475 2393 1635 2437 erant
1667 2398 1698 2437 a
1729 2383 1832 2439 fide
1856 2385 2044 2441 alieni.

465 2468 544 2524 Tu
578 2480 760 2526 antem
794 2487 874 2534 es.
909 2472 1112 2538 aiebat,
1145 2475 1252 2541 lex,
1284 2482 1339 2529 et
1368 2474 1465 2528 tibi
1496 2475 1691 2544 obtigit
1723 2486 1780 2529 ut
1813 2477 2047 2547 impera-

464 2579 574 2628 res,
604 2574 658 2618 ct
701 2573 786 2618 est
821 2565 916 2618 tibi
983 2565 1320 2620 conscientia
1354 2582 1473 2634 qua:
1499 2570 1663 2638 cogit,
1698 2580 1751 2623 ct
1779 2586 1898 2638 quae
1933 2586 2044 2626 rem

463 2648 668 2723 eptime
730 2658 879 2710 novit
922 2669 977 2710 et
1025 2658 1299 2728 intelligit.
1338 2658 1413 2714 Ne
1451 2661 1755 2729 permittas,
1789 2671 1847 2715 ut
1892 2663 2047 2717 multi

463 2733 642 2801 coacti
667 2757 718 2802 te
751 2763 944 2807 novam
967 2761 1164 2802 vocent
1190 2747 1431 2815 Jezabel,
1460 2761 1513 2806 et
1540 2768 1661 2822 qua:
1687 2754 1754 2808 de
1801 2752 2050 2811 Nabothe

470 2839 675 2912 scripta
729 2846 858 2894 sunt
899 2837 952 2892 in
1004 2837 1182 2894 Veteri
1232 2848 1580 2897 teSIamento.
1615 2841 1741 2899 Haec
1786 2845 2050 2914 sapientis

466 2929 685 2992 medici,
741 2943 862 2999 qu'e
913 2939 1179 2999 perpetuo
1229 2929 1567 2993 adhibebat,
1618 2933 2047 2998 medicamenta,

468 3020 612 3102 male
647 3019 898 3073 affectam
927 3018 1184 3074 feminam
1219 3022 1392 3092 magis
1424 3022 1875 3090 inflammabant;
1915 3025 2051 3080 adeo

2143 552 2427 622 βοήθειαν,
2469 551 2912 624 προσκυροῦντος
2954 547 3020 624 τῇ
3058 554 3288 624 βασιλίδι
3330 557 3422 609 τὸν
3465 553 3748 624 ἀμπελῶ-’

2142 663 2227 710 να,
2259 647 2420 716 ἡνίκα
2459 647 2641 718 συμϐῇ
2692 637 2754 699 τὸ
2803 645 3030 711 τοιοῦτο,
3070 647 3166 699 καὶ
3194 646 3614 718 ἀντισηκοῦντος
3641 664 3720 699 τιο

2145 739 2220 808 μή
2231 755 2385 807 ματι,
2407 739 2438 807 ἢ
2467 725 2639 809 ἐτέρῳ
2667 739 2878 808 τρόπῳ,
2897 737 2986 790 τδν
3012 740 3218 808 κύριονο
3250 738 3342 790 καὶ
3369 737 3721 791 συντάττεται

2147 827 2397 881 κελεύσει
2423 830 2520 897 τῆς
2555 828 2824 898 βασιλίδος
2867 831 2894 881 δ
2942 827 3216 898 άμπελὼν
3237 831 3349 890 τοῖς
3376 829 3556 890 αὐτοῖς
3581 845 3720 900 προσ

2142 917 2398 981 αστείοις.
2440 920 2613 971 Τοῦτο
2653 919 2711 972 δέ
2755 919 2853 989 οὐχ
2897 919 3086 984 ἀπλῶς
3121 921 3214 972 καὶ
3249 919 3324 981 ὠς
3357 919 3514 988 ἔτυχε
3547 908 3725 990 ταύτῃ

2145 1009 2449 1070 ἐκελεύετο,
2490 1009 2578 1062 διὰ
2623 1009 2677 1062 δὲ
2722 1009 2818 1062 δύο
2850 1004 3038 1062 ’ταῦτα
3074 1009 3475 1079 μελετηθέντα·
3502 1010 3560 1081 ἐν
3601 1011 3722 1081 μὲν,

2143 1100 2232 1153 διὰ
2267 1101 2427 1170 μῆνιν
2461 1101 2558 1170 τῆς
2589 1102 2785 1172 χήρας,
2817 1103 2910 1155 καὶ
2939 1100 3000 1155 τὺ
3022 1102 3225 1172 ταύτην
3254 1101 3438 1172 θλίψαι
3467 1119 3726 1172 περισσο-

2143 1193 2345 1262 τέρως·
2377 1191 2435 1243 τὸ
2463 1191 2520 1244 δέ
2552 1192 2805 1262 δεύτερον
2837 1193 2932 1246 καὶ
2983 1194 3185 1263 μᾶλλον
3231 1193 3728 1247 ἐπισπουδαστότε-

2147 1300 2273 1352 ρον,
2323 1283 2385 1335 τδ
2435 1283 2692 1354 ἀφορμῆς
2739 1283 2913 1348 οὕτως
2957 1285 3151 1355 ἔχοντα
3194 1269 3566 1355 παρακινῆσαι
3623 1285 3722 1338 τὸν

2147 1374 2438 1444 μέγαν.....
2468 1375 2549 1428 Τὰ
2568 1375 2626 1428 δὲ
2657 1376 2748 1428 τοῦ
2774 1377 3073 1447 ἀρχιερέως
3106 1379 3299 1444 ὁποίας
3347 1378 3726 1449 παραινέσεις,

2148 1464 2420 1533 ίκετηρίαι
2455 1465 2584 1533 περὶ
2635 1464 2728 1517 τοῦ
2773 1466 3100 1534 πράγματος
3148 1465 3352 1531 ἱκαναὶ,
3381 1466 3482 1534 τῆς
3513 1465 3732 1518 ἐκείνου

2147 1557 2468 1624 φιλοσοφίας
2526 1556 2766 1621 ἐπάξιαι.
2826 1556 3012 1630 Ταύτῃ
3053 1557 3110 1609 δέ
3170 1557 3292 1610 τίνα
3339 1557 3476 1627 πρὸς
3513 1556 3731 1621 ταῦτας

2160 1648 2506 1718 ’Δποκρίσεις
2543 1648 2797 1717 ἀκηδείας
2825 1649 3040 1718 μεσταὶ,
3075 1649 3132 1702 αἱ
3161 1647 3256 1701 τοῦ
3298 1647 3612 1718 Ῥωμαῖκοῦ
3646 1650 3736 1700 v6-

2151 1757 2250 1809 μου
2286 1742 2549 1811 βοήθειαι,
2583 1742 2675 1794 καὶ
2705 1742 2854 1794 πᾶσά
2886 1758 2968 1804 τις
2993 1739 3126 1810 ἄλλη
3154 1740 3252 1809 τῆς
3281 1739 3484 1806 ἑαυτῆς
3528 1741 3732 1803 ἀλαζοο

2147 1834 2292 1897 νείας
2322 1834 2597 1896 ἀντίθετος
2642 1834 3134 1902 φαντασιοσκοπία.
3194 1832 3363 1888 Πάλιν
3406 1831 3499 1886 οὖν
3531 1833 3602 1886 τά
3632 1833 3738 1901 τῆς

2149 1926 2426 1997 σωτηρίας
2458 1927 2485 1978 δ
2519 1925 2700 1996 ίατρὸς
2747 1925 3034 1996 κεράννυσι
3075 1924 3366 1995 φάρμακα,
3410 1925 3500 1977 καὶ
3545 1926 3606 1978 τὸ
3638 1943 3732 1977 νο·-

2151 2017 2278 2070 σοῦν
2338 2017 2750 2090 ἀθεράπευτον⁹
2818 2018 3002 2086 ἕτερον
3056 2017 3135 2069 ἔτι
3189 2017 3482 2087 θεραπείας
3539 2010 3723 2080 de”.

2148 2109 2291 2162 λύων
2320 2108 2418 2172 τὰς
2450 2108 2652 2171 αἰτίας,
2689 2107 2758 2161 δι’
2798 2101 2872 2162 ὧν
2926 2109 2985 2162 τὸ
3034 2109 3242 2178 πάσχον
3298 2108 3472 2161 ἐδόκει
3519 2106 3729 2176 κρατύ-

2149 2200 2360 2262 νεσθαι,
2391 2200 2532 2252 λύων
2562 2200 2660 2263 τὰς
2702 2199 2924 2264 ἀδίκους
2953 2201 3278 2268 προφάσεις·
3321 2199 3403 2251 ὅτι
3447 2197 3606 2252 τοῦτο
3640 2215 3735 2252 νε-

2147 2291 2508 2363 νομοθέτηται
2545 2293 2642 2361 μὲν
2675 2292 2827 2363 παρά
2859 2290 3146 2362 βασιλέων,
3173 2293 3316 2360 τάχα
3345 2290 3402 2343 δὲ
3421 2289 3534 2344 τῶν
3565 2288 3741 2353 ξένων

2149 2384 2251 2453 τῆς
2280 2384 2537 2446 πίστεως.
2575 2383 2646 2436 Σὺ
2680 2383 2735 2436 δέ
2785 2385 2880 2436 καὶ
2921 2381 3146 2452 εῦνομος
3191 2379 3262 2446 εἴ,
3299 2383 3391 2434 καὶ
3426 2380 3741 2450 βασιλεύειν

2150 2475 2622 2546 κεκλήρωσαι,καὶ
2649 2476 2681 2545 ἠ
2707 2475 3010 2544 συνείδησις
3025 2473 3438 2540 ἀναγκάζουσα,
3456 2471 3736 2524 συνειδυῖα

2150 2569 2213 2621 τδ
2274 2569 2529 2638 πρᾶγμα,
2574 2565 3062 2634 συγγινώσκουσαο
3122 2565 3257 2625 καὶ.
3317 2565 3393 2634 μὴ
3443 2563 3552 2632 δῷς
3608 2565 3740 2624 τοὺς

2151 2660 2378 2721 πολλοὺς
2412 2660 2856 2728 ἀναγκασθέντας
2893 2659 3020 2711 νέαν
3073 2658 3306 2721 Ἰεζάϐελ
3333 2659 3510 2709 εἰπεῖν
3533 2673 3618 2717 σε,
3647 2657 3743 2706 καὶ

2149 2751 2250 2803 ὅσα
2282 2749 2369 2802 διὰ
2401 2749 2501 2818 τῆς
2549 2750 2714 2802 πάλαι
2751 2750 2888 2820 ἀρᾶς
2929 2747 3004 2818 τῷ
3045 2748 3321 2802 Ναδουοαὶ
3368 2747 3740 2817 διιστόρηται.

2152 2843 2338 2894 Ταῦτα
2388 2842 2496 2912 γὰρ
2543 2842 2638 2894 καὶ
2684 2841 2771 2893 διὰ
2810 2841 3026 2894 πάντων
3056 2839 3150 2893 τοῦ
3185 2838 3347 2908 σοφοῦ
3393 2838 3638 2908 Θεράπου
3670 2837 3745 2890 τὰ

2155 2935 2586 3004 ἀλεξιφάρμακα
2610 2951 2623 2965 ·
2659 2935 2753 2986 καὶ
2811 2933 3010 3003 μᾶλλον
3045 2933 3125 2985 ἔτι
3162 2929 3485 3000 φλεγμαίνει
3542 2930 3605 2982 τὸ
3641 2932 3748 3000 ἀρ.

2157 3028 2397 3101 ρωστοῦν
2425 3027 2518 3081 ἐπὶ
2541 3025 2816 3090 τοσοῦτον,
2841 3025 2982 3078 ὥστε
3006 3025 3101 3078 καὶ
3123 3025 3214 3077 τὸν
3247 3023 3483 3094 θεράπον
3509 3021 3609 3092 τὴν
3638 3024 3744 3075 οὐκ

468 3122 527 3166 ut
565 3126 667 3167 nec
709 3111 983 3168 medicum
1010 3111 1230 3183 quidem
1278 3114 1616 3180 admitteret,
1659 3116 1773 3171 imo
1813 3133 1940 3171 vero
1967 3133 2051 3172 re-

2156 3121 2517 3187 είσ“έξσσθαι,
2549 3118 2752 3190 μᾶλλον
2777 3119 2834 3171 δὲ
2857 3117 3203 3180 ἀπώσασθαι,
3238 3116 3328 3169 καὶ
3352 3115 3447 3185 τὴν
3479 3115 3746 3184 cogam..-

467 3205 715 3274 pcllerct,
743 3213 797 3259 et
825 3219 986 3274 quam
1018 3205 1231 3261 nefarie
1273 3217 1595 3278 conceptam
1621 3209 1833 3262 celabat
1866 3210 2050 3276 bilem,

467 3285 654 3380 aperte
697 3304 750 3356 in
799 3302 977 3356 lucem
1031 3303 1305 3375 proderet.
1359 3302 1449 3357 Sic
1495 3305 1716 3374 quidem
1776 3305 2056 3373 repellitur

473 3385 766 3458 medicus;
803 3394 934 3470 quid
966 3410 1116 3459 vero,
1149 3409 1267 3466 qua:
1301 3394 1563 3470 deinceps
1601 3396 2058 3466 consequuntur?

468 3488 671 3543 Aderat
718 3487 836 3542 dies
875 3488 1042 3542 festus
1081 3495 1136 3542 et
1170 3487 1403 3545 celebris
1447 3489 1628 3544 crucis
1666 3492 1718 3541 in
1751 3490 1920 3543 altum
1946 3487 2057 3541 ela-

468 3565 650 3639 tiouis.
703 3588 758 3634 et
813 3579 1056 3648 jusserat
1119 3577 1397 3650 pontifex,
1465 3589 1522 3633 ut
1595 3589 1765 3650 porta:
1807 3580 2058 3634 ecclesia:

469 3671 858 3727 clauderentur
886 3673 990 3726 soli
1022 3671 1382 3742 imperatrici.
1410 3671 1547 3726 Ecce
1570 3687 1702 3744 ergo
1729 3673 1938 3743 primus
1969 3673 2054 3726 in-

472 3763 718 3846 greditur
752 3764 1071 3834 imperator,
1104 3773 1157 3818 et
1197 3764 1501 3818 fidelissimi
1561 3766 1744 3836 populi
1793 3767 2055 3821 universa

475 3855 768 3911 multitudo
798 3872 922 3910 cum
957 3856 1078 3926 ipso
1105 3863 1159 3910 ct
1193 3857 1340 3911 circa
1369 3858 1570 3926 ipsum.
1600 3857 1736 3912 Cum
1763 3868 1942 3914 autem
1975 3859 2059 3912 in-

474 3951 713 4029 cepis’set
753 3958 984 4004 sanctus
1027 3947 1096 4003 de
1129 3963 1282 4003 more
1315 3952 1656 4017 concionari,
1702 3952 1785 4007 vis
1827 3954 2060 4008 sanctis-

473 4043 622 4115 simi,
663 4057 783 4110 qua:
825 4056 949 4096 eum
986 4039 1339 4104 illuminarat,
1384 4041 1623 4109 Spiritus
1663 4042 1898 4098 reddidit
1948 4044 2055 4099 ele-

474 4136 776 4222 gantiorem
826 4133 1116 4190 verborum
1169 4130 1630 4202 pulchritudinem
1681 4150 1806 4188 cum
1859 4149 1926 4189 eo
1963 4135 2056 4206 qui

477 4227 821 4297 loquebatur.
875 4223 938 4286 Et
983 4225 1115 4294 quid
1159 4239 1299 4296 Opus
1327 4233 1412 4278 est
1453 4223 1655 4290 dicere,
1687 4224 1754 4279 ad
1795 4235 2056 4296 quantam

478 4321 898 4378 admirationem
936 4319 1163 4375 veniens
1196 4317 1487 4374 multitudo
1516 4357 1531 4380 ,
1571 4317 1842 4386 applausit
1868 4318 2058 4371 exsul-

476 4414 780 4472 tationibus
824 4430 996 4471 sacrae
1038 4410 1398 4469 dilectionis?
1439 4409 1572 4465 Cum
1604 4409 1720 4463 luce
1753 4418 1933 4463 autem
1967 4409 2060 4462 fle-

2157 3213 2604 3284 Θαλαμευομένην
2634 3211 2799 3265 ὠδῖνα
2843 3209 2936 3262 τοῦ
2969 3210 3123 3280 χόλου
3159 3207 3392 3277 φανερὸν
3429 3207 3745 3277 ἀπορρῆξαι

2159 3308 2252 3360 καὶ
2291 3305 2720 3377 ἀνεπίκρυπτον.
2757 3302 2914 3356 Οὕτω
2963 3302 3061 3371 μὲν
3113 3299 3418 3354 ἀπωθεῖται
3459 3300 3487 3352 ὁ
3528 3299 3739 3369 ίατρός.

2157 3399 2221 3451 Τί
2267 3398 2324 3450 δέ
2377 3398 2446 3450 τά
2489 3397 2651 3466 ἐξῆςς
2706 3395 2892 3464 Παρῆν
2941 3395 2975 3462 ἡ
3027 3390 3348 3462 ἀθροίσιμος
3405 3389 3585 3460 ἡμέρα
3637 3389 3742 3441 τοῦ

2159 3485 2392 3556 σταυροῦ
2438 3485 2540 3554 τῆς
2578 3483 2856 3552 ὑψώσεως,
2891 3482 2984 3534 καὶ
3033 3478 3377 3550 παραγγελία
3417 3477 3510 3530 τοῦ
3547 3479 3748 3546 άρχιευ

2164 3578 2301 3648 ρέως
2331 3577 2430 3639 τὰς
2468 3574 2640 3636 πύλας
2666 3572 2763 3642 τῆς
2798 3572 3092 3642 ἐκκλησίας
3121 3570 3443 3623 ἀποκλεῖσαι
3493 3567 3630 3638 μόνῃ
3674 3571 3742 3637 τῇ

2161 3668 2414 3740 βασιλίδι.
2463 3666 2593 3719 Ἰδοὺ
2647 3665 2826 3717 τοίνυν
2869 3663 3086 3734 πρῶτος
3134 3665 3162 3715 ὁ
3217 3661 3470 3730 βασιλεὺς
3522 3660 3744 3722 εἴσεισι,

2159 3763 2254 3814 καὶ
2292 3761 2399 3813 πᾶν
2441 3758 2503 3811 τὸ
2549 3756 2750 3827 πλῆθος
2783 3755 2878 3809 τοῦ
2928 3756 3253 3808 πιστοτάτου
3285 3753 3416 3806 λαοῦ
3463 3753 3561 3806 σὺν
3591 3753 3748 3821 αὐτῷ

2159 3857 2255 3909 καὶ
2303 3856 2432 3924 περὶ
2476 3853 2659 3906 αὐτόν.
2703 3852 2810 3903 Καὶ
2839 3850 2905 3923 δὴ
2933 3849 3241 3920 ἀρξαμένου
3273 3846 3416 3901 κατά
3456 3847 3518 3899 τδ
3548 3845 3748 3907 εἰωθὸς

2158 3949 2492 4019 δημηγορεῖν
2544 3943 2639 3997 τοῦ
2683 3943 2864 4010 ἁγίου,
2916 3943 2949 4012 ἡ
2995 3940 3088 3993 τοῦ
3127 3938 3392 4006 παναγίου
3421 3936 3747 4006 Πνεύματος

2160 4040 2516 4109 ἐπιλάμψασα
2559 4036 2792 4105 δύναμις
2845 4034 3077 4109 ὡραιὸτε
3090 4051 3180 4101 ρον
3209 4033 3268 4084 τδ
3297 4030 3489 4091 κάλλος
3519 4029 3630 4080 τῶν
3658 4029 3749 4080 λό-

2159 4150 2272 4200 γων
2313 4133 2408 4186 σὺν
2439 4129 2587 4201 αὐτῷ
2616 4129 2868 4182 λαλοῦντι
2895 4127 3164 4190 ἀπέδειξε.
3204 4124 3310 4177 Καὶ
3333 4125 3384 4175 τί
3427 4123 3510 4175 δεῖ
3538 4121 3746 4188 λέγειν,

2159 4227 2284 4279 ὅσον
2313 4227 2392 4287 είς
2434 4223 2619 4292 Θαῦμα
2665 4221 2726 4275 τὸ
2772 4221 2974 4292 πλῆθος
3010 4218 3252 4280 ἐλθόντες
3306 4216 3476 4285 ίεραῖς
3519 4212 3746 4280 ἀγάπης

2161 4315 2546 4384 ἀγαλλιάσεσιν
2562 4312 2971 4386 ἐπεκρότησανς
3009 4309 3192 4372 Ἐντὸς
3218 4308 3275 4360 δὲ
3295 4305 3499 4358 τούτων
3521 4303 3618 4356 τοῦ
3638 4306 3748 4354 νεὼ

2162 4407 2518 4477 τελουμένων,
2572 4403 2680 4456 ἰδοὺ
2733 4401 2893 4472 καὶὴ
2941 4399 3153 4470 βασιλὶς
3204 4399 3301 4451 σὺν
3330 4396 3406 4466 τῷ
3437 4394 3609 4463 λοιπῷ
3645 4395 3747 4461 τῆς

476 4522 602 4582 rent
640 4512 782 4566 intra
811 4508 1097 4578 templum,
1128 4520 1255 4562 ecce
1277 4503 1440 4560 etiam
1479 4502 1794 4572 imperatrix
1823 4516 1948 4555 cum
1974 4516 2051 4555 re-

2166 4495 2476 4569 φαντασίας
2533 4490 2856 4561 κυκλώματι
2890 4530 2904 4555 ,
2953 4491 3047 4543 καὶ
3095 4489 3207 4550 τοῖς
3262 4487 3360 4557 μὲν
3427 4484 3610 4546 ἄλλοις
3647 4483 3751 4552 τὴν

477 4606 652 4676 liquo,
680 4602 772 4674 qui
800 4616 924 4656 eam
957 4599 1216 4668 stipabat,
1251 4595 1511 4652 comitatu
1540 4611 1553 4660 ;
1591 4604 1644 4648 et
1692 4596 1810 4649 aliis
1837 4593 2056 4665 quidem

477 4699 735 4754 omnibus
765 4695 1076 4764 ingressum
1119 4689 1414 4746 servabant
1445 4688 1697 4752 liberum,
1722 4689 1896 4758 ipsam
1927 4702 2059 4740 vero

480 4791 862 4864 prohibebant.
915 4787 995 4846 Ira
1041 4783 1221 4839 adhuc
1267 4781 1725 4838 inconsideratam
1746 4780 2062 4851 possidebat

480 4883 905 4958 imperatricem.
961 4877 1118 4952 blitto
1168 4876 1351 4932 dicere
1396 4885 1661 4946 quantum
1710 4875 1763 4927 in
1811 4872 2059 4927 divinum

481 4976 817 5048 pontificem,
845 4975 986 5047 idem
1023 4981 1109 5028 est
1132 4977 1312 5038 autem
1347 4969 1550 5040 dicere,
1577 4967 1629 5021 in
1674 4966 1840 5020 Deum
1865 4973 2062 5020 contu-

482 5065 664 5123 meliis
712 5065 928 5136 invecta
980 5071 1064 5138 est
1111 5071 1168 5117 et
1221 5058 1541 5122 infremuit.
1600 5055 1807 5126 Deinde
1858 5053 2066 5124 cogitat

481 5160 705 5232 quidam
740 5175 804 5215 ex
850 5158 918 5212 iis
947 5157 1039 5226 qui
1068 5171 1191 5210 cum
1222 5154 1336 5226 ipsa
1353 5159 1528 5220 erant,
1562 5159 1614 5206 et
1643 5157 1814 5204 tentat
1852 5158 2063 5218 portam

483 5253 662 5326 gladio
690 5263 978 5325 percutere
1003 5266 1016 5314 ;
1043 5247 1165 5317 ejus
1195 5257 1374 5300 autem
1410 5258 1603 5324 inaltus
1627 5241 1812 5318 statim
1840 5238 2061 5315 arescit.

481 5345 664 5414 Timet
713 5361 845 5414 ergo
893 5341 1215 5411 imperatrix
1265 5348 1320 5393 et
1372 5337 1556 5392 statim
1605 5335 1918 5408 revertitur.
1972 5329 2066 5384 llle

483 5447 663 5500 autem
699 5437 858 5508 cujus
884 5415 1080 5509 manus
1103 5436 1417 5509 exaruerat,
1451 5425 1662 5482 accedit
1701 5424 1769 5480 ad
1791 5433 2062 5497 sanctum,

486 5528 811 5604 penitentia
862 5526 1082 5590 ductus,
1115 5536 1169 5599 et
1213 5521 1530 5597 supplicans
1573 5518 1758 5594 statim
1813 5527 2062 5594 curatur,

484 5629 540 5675 et
571 5619 713 5675 Deus
757 5635 854 5696 per
890 5633 1048 5693 suum
1079 5631 1299 5686 servum
1344 5613 1727 5684 magnillcatur
1758 5618 1811 5665 et
1859 5608 2066 5679 gloriti-

485 5722 660 5767 catur.
728 5710 893 5766 Estne
962 5707 1163 5778 aliquid
1224 5705 1427 5780 justiqs
1499 5709 1594 5775 aut
1645 5699 1968 5770 benignius,
2011 5707 2066 5752 et

489 5803 793 5873 promptius
831 5800 896 5852 ad
947 5797 1368 5851 convertenda!“
1415 5795 1675 5855 animam,
1719 5791 1808 5844 cui
1853 5789 2062 5859 justum

487 5892 707 5952 abunde
725 5888 962 5962 suppetit
989 5891 1010 5944 '.’
1035 5886 1140 5942 Sed
1175 5886 1305 5941 nihil
1331 5885 1471 5952 juvit
1503 5900 1641 5948 cam,
1677 5898 1792 5953 qua:
1822 5879 2064 5947 inmroha

2165 4588 2370 4646 εἴσοδον
2408 4587 2458 4639 οἱ
2504 4584 2875 4654 φυλάσσοντες
2927 4583 3189 4652 παρεῖχον
3240 4577 3540 4639 ἀκώλυτον,
3574 4575 3752 4642 αὐτὴν

2160 4684 2218 4739 δὲ
2257 4683 2591 4742 διεκώλυον⁹
2637 4681 2731 4735 καὶ
2782 4680 2810 4732 ὁ
2863 4679 3034 4748 Θυμὸς
3087 4678 3167 4729 ἓτι
3219 4675 3280 4728 τὸ
3327 4675 3425 4742 τῆς
3470 4669 3752 4740 βασιλίδος

2163 4777 2447 4847 ἀλόγιστον
2505 4773 2888 4830 κατεὸόσκετο.
2957 4771 3063 4824 Ἑῶ
3115 4771 3330 4837 λέγειν,
3366 4769 3490 4820 ὅσον
3536 4765 3617 4827 εἰς
3657 4763 3753 4816 τὸν

2163 4869 2428 4939 ἀρχιερέα
2475 4868 2567 4922 τὸν
2622 4867 2786 4928 Θεῖον,
2831 4864 3028 4923 ταυτὸν
3072 4863 3130 4914 δέ
3177 4862 3384 4923 εἰπεῖν,
3425 4857 3520 4911 καὶ
3563 4858 3643 4917 εἰς
3690 4856 3753 4907 τὸ

2174 4961 2331 5013 Θείον
2369 4957 2623 5028 ἐξύϐρισε
2656 4958 2753 5009 καὶ
2791 4953 3118 5025 ἐφρυάξατο.
3180 4945 3504 5013 Βουλεύεταί
3533 4961 3618 5006 τις
3639 4943 3752 4995 τῶν

2166 5056 2263 5108 σίν
2310 5053 2474 5122 αὐτῇ,
2510 5051 2606 5105 καὶ
2655 5050 2802 5128 ὁρμᾷ
2837 5045 3082 5125 ῥομφαία
3123 5042 3363 5104 πατάξαι
3415 5041 3513 5108 τὴν
3547 5037 3752 5128 πύλην,

2165 5145 2260 5198 καλ
2294 5143 2610 5214 παραυτίκα
2661 5139 2978 5210 ξηραίνεται
3105 5132 3296 5194 τούτου
3326 5129 3469 5201 χείρ.
3494 5127 3754 5180 Φοὸεῖται

2165 5239 2344 5293 τοίνυν
2384 5239 2418 5307 ἡ
2466 5235 2696 5306 βασιλὶς,
2743 5231 2837 5285 καὶ
2888 5225 3144 5299 παραυτά
3193 5222 3560 5292 ὑποστρέφει.
3599 5219 3658 5272 ὐ
3697 5217 3757 5270 δέ

2174 5307 2276 5406 τὴν
2319 5330 2474 5399 χεῖρα
2529 5323 2856 5401 ξηρανθεὶς,
2896 5321 3144 5390 πρόσεισι
3200 5315 3282 5385 τῷ
3330 5311 3488 5380 ἁγίῳ,
3524 5327 3758 5406 μετα-(Δι-

2169 5403 2418 5484 νῶσκων,
2460 5416 2722 5474 ἱκετεύων
2746 5430 2762 5445 ·
2799 5414 2895 5469 καὶ
2934 5409 3250 5482 παραυτίκα
3292 5408 3459 5467 ἰᾶται,
3497 5404 3594 5456 καὶ
3625 5403 3761 5466 Θεὸς

2168 5515 2256 5568 διὰ
2313 5513 2408 5566 τοῦ
2476 5490 2806 5585 θεράποντος
2857 5504 3224 5578 μεγαλύνεται
3301 5499 3397 5552 καὶ
3441 5496 3759 5560 δοξάζεται.

2174 5586 2363 5661 Ἔστιν
2402 5604 2533 5658 ἄλλο
2571 5591 2622 5656 τι
2652 5599 2858 5655 τούτων
2903 5594 3257 5664 ἐνδικώτερον
3294 5591 3328 5660 ἦ
3371 5586 3764 5659 φιλανθρωπό-

2175 5713 2356 5768 τερον,
2404 5695 2497 5747 καί
2545 5693 2679 5764 πρὸς
2721 5689 3074 5761 παράκλησιν
3109 5682 3444 5752 ἐπιστροφῆς
3483 5677 3765 5747 ἐτοιμδτευ

2175 5807 2272 5859 ρον.
2301 5788 2476 5858 ψυχῆς
2533 5784 2964 5852 πλεονεκτούσης
3024 5780 3082 5833 τὸ
3126 5779 3363 5838 δίκαιον;
3433 5771 3577 5825 Ἀλλ’
3611 5770 3768 5821 οὐδὲν

2175 5881 2350 5952 ὢνησε
2404 5881 2502 5950 τὴν
2556 5879 2701 5943 απαξ
2753 5876 2950 5943 ἑαυτὴν
2989 5873 3061 5944 τῷ
3104 5869 3332 5943 ρᾳθῦμῳ
3365 5866 3459 5935 τῆς
3511 5863 3767 5933 προετρέο
