3952 6210
490 334 592 411 ευ

1716 321 1988 384 LEONIS
2016 317 2473 381 PHILOSOPHI

3633 305 3744 370 τε

490 466 610 507 cem
645 449 759 504 hac
787 445 1116 503 retulerunt.
1151 444 1274 513 Ipsa
1294 449 1474 497 autem
1509 437 1873 510 Epiphanium
1901 437 2071 492 celer-

2191 436 2437 505 επλήρου,
2484 431 2581 487 καὶ
2624 432 2660 485 ἃ
2700 429 2930 501 καθῄρει
2975 427 3069 482 τὸν
3103 428 3278 495 ἅγιον,
3326 422 3626 495 προσθεῖσα
3655 428 3757 479 καὶ

492 545 633 601 rime
656 540 826 599 trahit
854 540 919 593 ad
951 552 1081 594 suas
1105 544 1311 606 partes,
1345 551 1409 590 ea
1430 534 1722 587 docens-et
1746 545 2069 602 suggerens,

492 645 616 703 qua:
662 631 783 701 ejus
826 629 1071 699 iniquam
1127 626 1420 695 explebant
1476 623 1782 686 libidinem,
1836 633 1891 677 et
1945 635 2069 690 qua:

495 734 745 791 sanctum
776 720 1158 793 deponebant;
1208 716 1472 784 adj'icieus
1507 715 1673 769 etiam
1704 728 1965 771 arcanum
2005 710 2074 779 (ο

494 815 779 873 hominum
827 810 1144 877 audaciam!
1177 824 1211 863 o
1237 806 1481 867 divinam
1530 805 1839 869 lenitatem!
1865 804 1881 864 )
1905 803 2075 856 haere-

494 909 664 961 ticum
694 920 822 963 esse
872 904 968 957 Dei
1022 914 1243 955 servum
1278 906 1334 954 et
1372 896 1665 952 famulum.
1709 893 1854 961 Quid
1886 902 2070 948 autem

494 1006 688 1054 contra
715 996 937 1064 sapiens
967 992 1109 1055 dixit
1136 991 1492 1060 Epiphanius,
1534 987 1824 1044 audiamus
1854 1002 1867 1037 :
1902 985 1959 1040 Si
1989 994 2078 1041 est

496 1088 595 1155 tibi
622 1087 866 1155 quidem,
895 1084 1098 1153 inquit,
1132 1097 1166 1136 ο
1199 1082 1521 1152 imperatrix
1547 1120 1565 1145 ,
1598 1080 1741 1143 ratio
1785 1094 1883 1134 cur
1907 1078 2079 1133 haere-

495 1176 600 1244 sim
633 1175 955 1245 suSpiceris,
993 1174 1172 1235 adsit,
1204 1180 1259 1225 et
1300 1186 1528 1229 causam
1570 1185 1728 1226 suam
1754 1179 1879 1239 agat
1902 1167 2074 1223 Joan~

496 1248 595 1335 nes
663 1267 715 1318 in
764 1262 1108 1334 pcenitentia.
1144 1260 1239 1315 Sin
1284 1270 1466 1317 autem
1517 1261 1634 1316 haec
1666 1262 1832 1315 verba
1862 1258 2082 1329 profers

498 1372 666 1419 causa
695 1355 1068 1420 contumeliae,
1101 1354 1197 1407 tibi
1230 1353 1455 1407 minime
1496 1352 1801 1409 assentitur
1841 1350 2083 1421 Epipha-

496 1450 645 1511 nius.
683 1444 839 1502 Tune
890 1452 1166 1505 commota
1223 1444 1315 1501 illa
1374 1443 1571 1509 hostis,
1621 1443 1805 1513 erupit
1853 1444 1907 1497 in
1944 1441 2084 1497 hanc

497 1539 891 1603 cxsecrandam
930 1551 1115 1592 vocem
1146 1554 1159 1589 :
1195 1533 1276 1600 Si,
1320 1549 1354 1589 ο
1406 1534 1699 1605 Epiphani,
1737 1523 1821 1590 sis
1850 1533 2084 1602 impedi-

498 1637 724 1693 mento,
784 1628 1082 1697 quominus
1138 1625 1380 1681 Joannes
1422 1626 1753 1680 mittaturin
1809 1624 2085 1689 exsilium,

2171 530 2232 582 τὸ
2285 528 2597 600 ἀπόρρητον
2663 523 2742 593 (ὦ
2801 520 3007 593 βροτῶν
3073 521 3373 591 τολμηρίας
3415 522 3427 573 !
3477 518 3525 571 ὣ
3605 518 3760 582 θείας

2175 613 2966 691 μακροθυμίαςῐ)αἱρεσιώτην
3005 607 3145 666 εἶναι
3189 612 3281 663 τὸν
3323 611 3587 681 ἀρχιερέα
3618 609 3762 664 Θεοῦ

2175 709 2272 767 καὶ
2305 708 2633 777 θεράποντα.
2683 704 2748 756 Τί
2800 701 2894 755 οὖν
2926 703 2955 754 6
3000 703 3159 769 σοφὸς
3191 700 3476 764 άντὲλεξεν
3526 700 3765 768 Ἐπιφά-

2176 817 2309 864 νιος,
2337 798 2765 869 καταμάθωμεν.
2803 797 2864 849 Ei
2892 796 2990 866 μὲν
3018 797 3138 848 ἐστι
3168 812 3270 856 σοι,
3298 789 3344 847 ὦ
3370 795 3601 864 βασιλὶς,
3623 796 3762 865 ἔφη.

2181 893 2341 961 λόγος
2380 890 2636 949 ὑπονοίας
2670 888 3070 959 αἱρεσιώτιδος,
3107 889 3365 956 παρέστω
3427 889 3521 941 καὶ
3564 887 3764 940 διδότω

2178 988 2338 1054 λόγον
2393 986 2424 1037 6
2462 982 2717 1051 Ἰωάννης
2759 982 2817 1034 ὲν
2866 981 3144 1050 μετανοίψ
3180 981 3229 1032 εἰ
3259 980 3315 1032 δὲ
3357 980 3517 1050 χάριν
3543 978 3767 1050 ὕϐρεως

2179 1076 2357 1132 ταῦτα
2389 1074 2671 1147 προϐάλλῃ
2705 1074 2773 1126 τὰ
2826 1074 3069 1144 ῥήματα,
3108 1072 3424 1140 Ἐπιφάνιος
3456 1072 3664 1126 τούτων
3695 1072 3767 1126 οὑ

2182 1168 2525 1237 συναινέτης.
2557 1166 2691 1218 Τότε
2742 1166 2805 1235 δὴ
2851 1164 3167 1224 κινηθεῖσαν
3212 1165 3311 1234 τὴν
3362 1165 3655 1232 πολεμίαν,
3701 1163 3772 1218 τὸ

2184 1262 2473 1329 θεοστυγὲς
2506 1263 2603 1329 τῆς
2632 1258 2891 1328 τοιαύτης
2931 1259 3260 1325 ἀποφάσεως
3289 1257 3607 1328 ἀπορρῆξαι
3636 1276 3771 1328 μιαν-

2187 1354 2495 1427 ρολόγημα,
2530 1352 2605 1414 ὡς
2631 1352 2805 1422 Εῐπερ
2830 1348 3106 1420 ἐμποδὼν,
3149 1348 3458 1417 Ἐπιφάνιε,
3488 1350 3623 1420 γένῃ
3666 1354 3772 1421 τῆς

2198 1444 2450 1497 Ἰωάννου
2476 1440 2713 1513 ὲξορίας,
2743 1440 2853 1493 ίδοὺ
2891 1439 3093 1506 ἀνοίγω
3119 1441 3245 1502 τοὺς
3272 1440 3433 1502 ναοὺς
3465 1439 3576 1491 τῶν
3610 1440 3771 1493 είδώ-

2188 1535 2319 1600 λων,
2367 1533 2461 1588 καὶ
2510 1530 2938 1603 προσκυνεῖσθαι
2963 1531 3102 1584 αὑτὰ
3135 1529 3550 1601 διαγωνιοῦμαι.
3587 1531 3774 1600 Χραί-

2190 1626 2375 1679 νεσθαι
2406 1624 2588 1680 τοίνυν
2619 1623 2816 1694 μηκέτι
2865 1622 3074 1690 στέγων
3099 1623 3199 1685 τὰς
3236 1621 3405 1685 ἀκοὰς
3452 1622 3532 1693 τῷ
3572 1625 3775 1695 περιρ-

498 1734 629 1773 ecce
685 1719 931 1790 aperiam
981 1718 1183 1788 templa
1223 1717 1521 1781 idolorum,
1558 1724 1613 1771 et
1662 1713 1988 1772 contendam
2029 1720 2083 1769 ut

2192 1718 2470 1790 ραντηρίῳ
2499 1717 2593 1770 τοῦ
2622 1715 2989 1786 βορϐορὼδους
3019 1715 3128 1767 τῶν
3161 1714 3336 1783 λόγων
3366 1714 3470 1784 τῆς
3499 1716 3774 1786 πολεμίας

500 1826 564 1865 ea
598 1813 919 1881 adorentur.
934 1811 1054 1864 Non
1086 1808 1326 1880 amplius
1381 1823 1513 1877 ergo
1542 1806 1723 1862 ferens
1749 1805 2083 1877 Epiphanius

2191 1811 2218 1862 6
2260 1808 2593 1876 Ἐπιφάνιος,
2641 1806 2761 1870 ὅλος
2810 1806 2877 1857 δι’
2923 1805 3047 1857 ὅλου
3073 1803 3324 1875 δακρύων
3382 1804 3622 1872 ἐγένετο,
3675 1806 3774 1858 καὶ

501 1918 666 1961 aures
720 1917 849 1957 suas
899 1901 1067 1971 pollui
1117 1915 1278 1955 emno
1320 1900 1557 1955 inimicae
1622 1900 1881 1963 feminae,
1936 1906 2085 1955 totus

502 1993 757 2062 perfusus
791 1993 895 2047 fuit
926 1994 1208 2063 lacrymis,
1242 2002 1295 2048 et
1340 2010 1400 2049 se
1430 2007 1622 2050 eorum
1663 2008 1790 2048 esse
1821 1993 2086 2046 innocen-

500 2096 609 2153 tem
655 2086 1052 2155 pronuntians,
1125 2085 1308 2156 fugam
1377 2086 1601 2141 omnino
1658 2084 1909 2156 arripuit.
1959 2082 2086 2139 Haec

502 2181 683 2228 autem
717 2174 905 2229 nescio
934 2174 1210 2243 quomodo
1257 2174 1416 2229 aliter
1449 2174 1801 2245 iactabantur
1826 2184 2084 2229 externo-

503 2281 625 2329 rum
655 2267 1021 2323 sermonibus.
1048 2264 1374 2334 Quomodo?
1395 2265 1551 2334 Quod
1581 2277 1808 2321 vocatus
1845 2266 2081 2336 Epipha-

500 2357 629 2419 nius
668 2372 768 2412 sua
789 2356 1032 2412 decrevit
1060 2358 1331 2413 sententia
1358 2355 1624 2413 Joannem
1651 2373 1775 2414 esse
1808 2358 2086 2428 deponen-

502 2447 653 2499 dum.
679 2445 803 2500 Haec
838 2462 962 2501 cum
984 2447 1287 2503 audivisset
1315 2445 1578 2511 Joannes,
1604 2449 1674 2502 ad
1700 2462 1826 2502 eum
1851 2448 2078 2502 scribit:

504 2537 737 2607 Sapiens
790 2536 1081 2607 Epiphani,
1134 2548 1189 2593 et
1226 2547 1280 2592 tu
1329 2553 1452 2593 meo
1476 2540 1811 2593 consensisti
1849 2538 2084 2594 exsilio?

502 2631 580 2686 De
630 2640 832 2685 caetero
863 2645 971 2684 non
1022 2630 1297 2686 videberis
1348 2630 1584 2699 amplius
1633 2630 1831 2685 sedens
1860 2631 1915 2686 in
1955 2633 2085 2687 sede

503 2732 620 2785 tua.
651 2722 745 2775 ille
767 2730 953 2775 autem
994 2721 1062 2776 ad
1095 2721 1213 2776 haec
1239 2721 1492 2777 rescribit
1521 2740 1534 2776 :
1567 2722 1784 2777 Athleta
1818 2721 2084 2788 Joannes,

507 2813 607 2868 feri
648 2823 703 2867 et
737 2812 929 2879 vince;
962 2813 1028 2867 ad
1069 2812 1248 2869 locum
1299 2822 1504 2879 autem,
1541 2814 1607 2868 ad
1652 2830 1812 2883 quem
1847 2814 2085 2869 mitteris

509 2905 561 2957 iu
595 2903 873 2970 exsilium,
933 2904 1158 2959 minime
1210 2904 1519 2975 pervenies.
1582 2904 1675 2960 Sic
1719 2906 2081 2974 scripserunt,

506 3004 563 3059 et
596 2996 676 3050 sic
708 2996 915 3051 factum
951 3006 1055 3053 est.
1092 2995 1227 3051 Nam
1260 2996 1404 3052 inter
1436 2997 1801 3067 navigandum
1831 2980 2083 3055 mortuus

508 3096 594 3142 est
668 3087 1030 3158 Epiphanius,
1067 3095 1120 3144 et
1169 3087 1409 3145 Joannes
1459 3105 1583 3145 cum
1614 3090 1857 3144 nondum
1890 3104 2082 3159 perve—

508 3179 683 3253 nisset
713 3178 780 3233 ad
822 3180 1002 3234 locum
1038 3179 1092 3233 in
1131 3180 1378 3235 secundo
1410 3181 1625 3247 exsilio,
1660 3188 1717 3233 ut
1756 3180 1871 3248 jam
1901 3179 2081 3234 decla-

508 3271 772 3339 rabimus,
810 3274 1063 3343 migravit
1090 3289 1154 3330 ex
1191 3274 1293 3329 hac
1322 3276 1454 3329 vita.

580 3363 670 3416 22.
713 3363 851 3418 Cum
900 3372 1105 3427 autem,
1164 3376 1452 3435 postquam
1505 3365 1598 3421 ille
1654 3362 2083 3435 enavigavisset,

510 3456 823 3512 rescivisset
871 3454 1152 3524 Joannes,
1207 3457 1666 3528 quemadmodum
1716 3457 2089 3527 propulsassct

511 3548 936 3618 imperatricem,
983 3550 1189 3619 profert
1228 3550 1596 3606 communiter
1633 3548 2088 3619 vituperationem

513 3640 778 3698 adversus
804 3658 1021 3699 onmem
1058 3645 1255 3698 malam
1304 3643 1581 3698 feminam.
1615 3642 1787 3709 Quam
1832 3649 2088 3709 tanquam

511 3734 853 3803 :enigmatiee
885 3734 1151 3805 prolatam
1176 3736 1444 3791 adversus
1476 3733 1903 3805 imperatricem,
1947 3731 2089 3786 arri-

512 3824 631 3897 puit
662 3840 889 3880 examen
924 3836 1331 3882 accusatorum.
1357 3826 1411 3881 Id
1445 3827 1631 3898 itaque
1662 3842 1756 3895 per
1786 3841 1905 3881 eam
1934 3825 2086 3893 defe:

512 3926 643 3972 runt
661 3918 727 3973 ad
743 3919 1151 3988 imperatorem.
1170 3917 1269 3973 Cui
1291 3933 1415 3971 cum
1436 3918 1621 3973 nescio
1634 3932 1792 3987 quas,
1813 3932 1912 3971 nec
1924 3930 2088 3986 quam

514 4009 715 4069 multas
747 4009 1088 4063 adhibuisset
1117 4008 1185 4062 ad
1237 4024 1362 4062 eum
1403 4006 1776 4062 inclinandum
1826 4008 2087 4071 rationes,

513 4098 726 4161 incitat,
763 4107 822 4151 ut
854 4098 1058 4154 bellum
1090 4098 1355 4166 suscipiat
1395 4099 1659 4153 adversus
1712 4097 2002 4163 Joannem,
2035 4106 2091 4152 et

513 4199 574 4241 ut
598 4198 789 4243 coacta
817 4190 1031 4261 synodo
1059 4189 1419 4243 damnaretur
1448 4190 1665 4244 exsilio.
1696 4188 1880 4260 Neque
1907 4199 2087 4244 tamen

515 4281 637 4341 sine
669 4278 973 4350 Theophilo
999 4281 1355 4336 constitutum
1391 4280 1493 4334 fuit
1517 4282 1619 4336 hoc
1647 4290 1956 4347 certamen;
1991 4282 2090 4337 sed

514 4374 920 4447 quamprimum
952 4374 1019 4429 ad
1051 4389 1176 4427 eum
1229 4375 1415 4430 missis
1453 4374 1652 4430 litteris
1690 4382 1867 4440 curat,
1900 4384 1957 4429 ut
1998 4390 2091 4429 ve-

2190 1896 2369 1951 ἀθῶον
2420 1895 2613 1949 ἑαυτὸν
2663 1894 2773 1947 τῶν
2798 1894 3059 1947 τοιοὺτων
3112 1893 3551 1964 ἀποφηνάμενος,
3579 1895 3774 1950 τέλεον

2191 1989 2291 2060 τὴν
2318 1986 2612 2057 φυγαδείαν
2655 1985 2950 2054 ἠσπάζετο.
2999 1982 3187 2037 Ταῦτα
3223 1984 3300 2050 δὲ,
3332 1988 3431 2037 οὑκ
3465 1980 3560 2037 οἷδ’
3585 1986 3767 2050 ὅπως,

2194 2080 2526 2143 ἁπεναντίας
2555 2082 2670 2142 τοῖς
2697 2077 2800 2143 ἔξω
2837 2075 3191 2145 διεφημίζετό
3216 2093 3356 2142 πως,
3379 2077 3461 2130 ὅτι
3484 2077 3707 2148 κληθεὶς
3736 2080 3771 2133 ὁ

2207 2174 2523 2243 Ἐπιφάνιος
2604 2171 2704 2242 τὴν
2762 2169 3083 2240 καθαίρεσιν
3138 2168 3387 2222 Ἰωάννου
3438 2168 3773 2238 ἑψηφίσατο.

2194 2269 2304 2322 Καὶ
2366 2266 2574 2319 τούτων
2629 2261 2919 2325 διακούσας
2946 2263 2976 2314 6
3035 2262 3309 2331 Ἰωάννης.
3346 2261 3554 2333 γράφει
3586 2262 3767 2333 αὐτῷ,

2204 2360 2509 2429 Ἐπιφάνιε,
2543 2356 2740 2423 λέγων,
2791 2355 2956 2422 σοφὲ,
3007 2354 3072 2406 συ
3122 2352 3421 2423 συνῄνεσας
3465 2355 3524 2406 ὲν
3566 2357 3633 2425 τῇ
3662 2355 3775 2427 ipsi]

2192 2451 2396 2521 ὲξορίςν
2437 2448 2534 2517 οὐχ
2564 2445 2813 2517 όραθήσῃ
2863 2445 2972 2498 ἀπὸ
3019 2442 3113 2496 τοῦ
3164 2441 3261 2496 νῦν
3311 2444 3407 2495 ἐπὶ
3451 2441 3549 2497 τοῦ
3577 2443 3778 2511 θρόνου

2194 2561 2287 2597 σου
2338 2539 2715 2608 καθιούμενος.
2762 2536 2821 2591 '0
2872 2536 2930 2589 δὲ
2986 2536 3318 2605 ἁντεγράφει
3372 2534 3510 2605 πρὸς
3553 2535 3733 2590 ταῦτα
3762 2551 3777 2568 ·

2204 2635 2436 2703 ’Λθλητὰ
2480 2632 2724 2702 Ἰωάννη,
2755 2628 2917 2684 παίου
2945 2629 3039 2683 καὶ
3069 2628 3215 2681 νίκα’
3251 2627 3343 2680 τὸν
3376 2626 3433 2679 δὲ
3465 2627 3677 2697 χῶρον,
3704 2629 3777 2680 ἐν

2192 2720 2235 2794 ᾧ
2267 2725 2486 2796 siupng
2514 2764 2530 2789 ,
2585 2723 2771 2776 οὐκέτι
2821 2721 2882 2774 οὑ
2948 2720 3023 2789 μὴ
3075 2718 3284 2789 φθάσῃς
3336 2719 3522 2781 αὑτός.
3578 2718 3782 2782 Οὕτως

2192 2818 2463 2889 ἔγραψαν,
2498 2816 2592 2869 καὶ¹
2635 2812 2811 2877 οὕτως
2854 2812 3093 2880 ἐγένετο.
3134 2809 3447 2878 Ἑπιφάνιος
3476 2809 3587 2881 γὰρ
3624 2812 3780 2863 κατὰ

2191 2911 2284 2963 τὸν
2314 2906 2480 2961 πλοῦν
2508 2906 2754 2976 τελευτᾷ,
2804 2905 2897 2957 καὶ
2928 2902 3184 2971 Ἰωάννης
3209 2902 3377 2972 μήπω
3414 2901 3630 2970 φθάσας
3677 2902 3783 2955 τὴν

2194 3002 2366 3074 χῶρον
2389 2998 2530 3054 κατὰ
2555 2998 2617 3051 τὸ
2640 2997 2891 3066 δεύτερον
2918 2995 3015 3064 τῆς
3047 2992 3365 3063 ὑπερορίας,
3391 2992 3466 3055 ὡς
3498 2993 3602 3064 ήδη
3627 3010 3785 3062 γνωο

2196 3093 2445 3163 ρίσομεν,
2480 3092 2547 3143 τὰ
2573 3090 2700 3161 τῇδε
2730 3085 3159 3156 καταλιμπάνει.

2261 3372 2363 3443 κβ’.
2406 3373 2611 3428 Μαθὼν
2642 3368 2737 3427 οὗν
2759 3374 2787 3427 6
2836 3373 3011 3443 μέγας
3058 3372 3315 3444 Ἰωάννης
3343 3372 3482 3443 μετὰ
3511 3372 3603 3427 τὸν
3630 3373 3783 3426 ἁπό-

2194 3465 2360 3519 πλουν
2400 3464 2740 3531 Ἑπιφανίου,
2788 3465 2936 3526 ὅπως
2974 3463 3329 3535 διεκρούσατο
3362 3463 3461 3535 τὴν
3495 3463 3785 3534 βασιλίδα,

2190 3552 2440 3605 ἐκδίδωσι
2462 3552 2627 3621 ψόγον
2653 3556 2807 3622 κοινῇ
2838 3553 2979 3607 κατὰ
3006 3554 3188 3623 πάσης
3212 3554 3469 3621 γυναικὸς
3502 3556 3779 3624 πονηρᾶς.

2198 3644 2293 3696 Ὃν
2321 3644 2597 3713 ἁρπάσαν,
2632 3643 2707 3706 ὡς
2733 3644 3217 3714 αῖνιγματισθέντα
3249 3645 3390 3698 κατὰ
3411 3645 3508 3711 τῆς
3537 3644 3787 3715 βασιλίσ-

2193 3752 2313 3806 σης.
2352 3735 2414 3787 τὸ
2458 3735 2763 3803 κατήγορον
2791 3735 3018 3805 σμῆνος,
3066 3735 3261 3809 ταύτῃ,
3300 3736 3396 3791 καὶ
3430 3734 3519 3788 διὰ
3561 3735 3784 3805 ταύτης

2192 3825 2328 3894 πρὸς
2361 3824 2452 3877 τὸν
2482 3822 2704 3892 βασιλέα
2763 3824 3289 3895 προσαναφέρουσιν.
3330 3820 3402 3895 Ὦ
3442 3824 3536 3877 καὶ
3572 3827 3605 3895 ὴ
3634 3826 3783 3897 αὐτή

2189 3917 2289 3978 τὰς
2315 3914 2560 3984 κλήσεις,
2592 3914 2700 3968 οὐδ’
2741 3915 2872 3977 ὅσας
2919 3918 3115 3983 εἰπεῖν,
3144 3917 3241 3971 καὶ
3271 3918 3441 3983 ὅπως,
3476 3933 3777 3984 προσαγα-

2191 4009 2365 4075 γοῦσα
2413 4007 2745 4078 παροτρύνει
2802 4009 3011 4074 τοῦτον,
3062 4010 3434 4080 συγκροτῆσαι
3477 4010 3574 4063 τὸν
3626 4010 3780 4064 κατὰ

2206 4099 2455 4152 Ἰωάννου
2488 4099 2748 4169 πόλεμον,
2791 4101 2884 4154 καὶ
2924 4100 3220 4163 συνοδικῶς
3259 4100 3475 4170 ὲξορίαν
3504 4117 3780 4169 κατακριο

2193 4189 2376 4259 θῆναι.
2405 4190 2479 4244 Οὑ
2512 4191 2618 4260 μὴν
2649 4190 2707 4243 δὲ
2740 4193 2911 4262 χωρὶς
2966 4192 3233 4260 Θεοφίλου
3276 4192 3369 4246 τὸν
3415 4192 3602 4260 ἀγῶνα
3633 4208 3773 4245 συν-

2196 4280 2426 4350 ίστησιν·
2454 4281 2568 4334 ἀλλ’
2588 4284 2669 4335 ὅτι
2686 4282 2916 4352 τάχιστα
2947 4285 3188 4352 γραφαῖς
3210 4282 3399 4338 τοῦτον
3436 4284 3645 4351 είσάγιι
3671 4285 3781 4338 σὺν

2206 4373 2447 4437 Ἰνδικοῖς
2492 4375 2811 4440 ἐπισκόποις
2842 4377 2937 4430 καὶ
2961 4377 3303 4442 Αἰγυπτίοις,
3331 4378 3426 4430 καὶ
3472 4379 3584 4438 τοῖς
3634 4377 3779 4430 καθ-

512 4467 627 4537 niat
663 4481 787 4520 cum
843 4467 1116 4536 episcopis
1140 4465 1339 4521 indicis
1388 4477 1441 4522 et
1473 4464 1766 4538 Egyptiis,
1806 4477 1854 4520 et
1892 4466 1958 4521 iis
1993 4466 2083 4536 qui

2192 4465 2490 4536 αιρεθεῖσιν
2529 4468 2768 4535 εὐλόγως
2796 4468 2918 4522 τότε
2960 4467 3051 4523 διά
3086 4485 3239 4532 τινας
3281 4469 3461 4531 αίτίας
3487 4468 3644 4539 παρὰ
3672 4470 3776 4522 τοῦ

512 4569 642 4620 tunc
672 4566 895 4628 propter
925 4557 1107 4626 justas
1151 4572 1348 4613 causas
1384 4558 1579 4613 merito
1608 4557 1834 4626 depositi
1868 4558 2083 4613 fuerant

2195 4533 2519 4629 ἀρχιερέως.
2562 4533 2692 4625 Καὶ,
2763 4559 2853 4614 ἴνα
2887 4560 3123 4613 συνελὼν
3167 4560 3344 4627 εἴπω,
3389 4533 3588 4623 πάντες
3642 4579 3775 4615 συνο

510 4666 539 4701 a
569 4647 859 4718 pontiﬁce;
904 4656 979 4709 et,
1015 4654 1073 4699 ut
1103 4646 1271 4701 semel
1315 4647 1517 4713 dicam,
1567 4646 1853 4701 confluunt
1899 4662 2089 4702 omnes

505 4738 944 4803 Chaelcedonem,
976 4738 1029 4792 in
1072 4752 1176 4806 qua
1212 4740 1362 4807 prius
1414 4738 1611 4809 parati,
1648 4740 1873 4793 veniunt
1896 4755 2087 4794 omnes

513 4832 564 4883 in
623 4832 820 4885 urbem
892 4831 1120 4902 regiam.
1166 4831 1306 4887 Cum
1355 4842 1535 4886 autem
1601 4831 1938 4900 tardarent,
1993 4830 2087 4901 qui

509 4931 669 4987 erant
734 4921 904 4977 Roma
963 4924 1202 4988 venturi,
1244 4923 1541 4992 imperator
1598 4922 1867 4978 Arcadius
1934 4924 2088 4979 nullo

512 5011 676 5065 modo
721 5012 912 5072 volens
969 5015 1217 5087 aspicere
1273 5013 1664 5084 Theophilum,
1715 5013 2002 5068 dubitabat
2026 5024 2082 5070 et

506 5100 675 5155 variis
696 5101 1106 5159 distrahebatur
1149 5104 1596 5174 cegitatiouibus,
1645 5103 1905 5175 ignorans
1940 5100 2087 5173 quod

506 5192 790 5265 ltomanus
823 5194 1111 5266 episcOpus
1169 5196 1458 5261 secundas,
1511 5205 1569 5249 ut
1621 5210 1653 5249 a
1702 5211 1786 5251 me
1817 5198 1968 5265 prius
2004 5195 2089 5250 di-

507 5293 655 5339 ctum
686 5293 793 5350 est,
833 5289 1187 5357 exspectabat
1215 5288 1447 5342 litteras.
1474 5286 1616 5352 Quid
1637 5302 1768 5359 ergo
1798 5289 2088 5361 Eudoxia}

508 5376 658 5437 Clam
706 5362 937 5433 arcessit
982 5376 1343 5448 TheOphilum
1395 5390 1448 5435 et
1480 5395 1575 5435 eos
1636 5381 1730 5449 qui
1782 5396 1905 5435 cum
1964 5384 2083 5453 ipso

512 5479 690 5536 erant,
714 5478 769 5523 et
790 5485 885 5523 eos
924 5472 1119 5539 amplis
1141 5487 1204 5526 ac
1234 5473 1541 5544 utagniﬂcis
1576 5475 1932 5545 prosequitur
1957 5492 2081 5530 mu-

513 5560 760 5624 neribus,
799 5563 1198 5631 polliceturque
1222 5582 1280 5620 se
1309 5581 1692 5635 persuasuram
1741 5569 2080 5639 imperatori,

510 5656 572 5719 ut
602 5648 682 5703 eis
716 5660 922 5717 parcat.
973 5650 1096 5709 Uch
1140 5669 1262 5707 cum
1302 5659 1651 5727 cognovisset
1697 5671 1885 5715 nosmr
1938 5658 2084 5714 Elias

504 5752 557 5801 et
586 5759 779 5812 magna
820 5746 950 5799 tuba
993 5748 1249 5803 Ecclesiae
1293 5749 1742 5819 Chrysosmmus,
1788 5771 1920 5811 usus
1951 5756 2079 5809 tuba

515 5834 796 5899 orationis,
826 5843 878 5889 et
904 5851 1010 5889 non
1038 5837 1235 5893 timens
1270 5839 1462 5905 aciem,
1490 5858 1653 5909 quam
1685 5844 1738 5899 in
1765 5862 1886 5901 eum
1923 5848 2070 5904 dire-

2193 4650 2496 4720 εισρέουσιν
2524 4650 2581 4703 ἐν
2618 4650 2939 4719 Χαλκηδόνι,
2969 4646 3084 4721 ἑνῇ
3114 4652 3382 4721 πρότερον
3413 4668 3777 4722 παρασκευας

2194 4741 2419 4811 σάμενοι
2476 4742 2613 4813 πρὸς
2648 4742 2751 4810 τὴν
2800 4742 3079 4812 βασιλείαν
3132 4744 3525 4798 εἰσελαύνουσι.
3570 4744 3775 4813 Χρονια

2192 4832 2393 4897 ζόντων
2424 4833 2481 4887 δὲ
2514 4833 2623 4886 τῶν
2662 4834 2772 4886 ἀπὸ
2826 4834 3068 4904 Ῥώμης.
3112 4837 3140 4889 6
3180 4834 3434 4905 βασιλεὺς
3481 4835 3774 4905 Ἆρκάδιος

2189 4922 2450 4993 Θεόφιλον
2488 4924 2736 4995 μηδόλως
2777 4924 2947 4989 θέλων
2979 4925 3296 4989 θεάσασθαι,
3324 4927 3592 4996 διαπορεῖ,
3635 4926 3768 4988 τοὺς

2191 5014 2482 5086 λογισμοὺς
2507 5019 2802 5087 συνεχεῖτο,
2834 5018 3044 5086 άγνοιῖιν
3067 5019 3149 5072 ὅτι
3167 5018 3424 5091 δευτέραν
3459 5022 3488 5073 6
3518 5017 3763 5091 Ῥώμης,

2191 5105 2335 5160 καθά
2381 5124 2471 5176 μοι
2516 5108 2862 5180 προείρηται,
2898 5110 3116 5181 γραφὴν
3142 5110 3441 5181 ἐξεδέχετο.
3465 5111 3531 5165 Τί
3585 5110 3686 5164 οὖν
3731 5110 3767 5180 ἡ

2189 5202 2457 5267 Εὑδοξίας
2490 5201 2681 5273 Λάθρα
2723 5204 3113 5273 προσκαλεῖται
3166 5204 3425 5273 Θεόφιλον
3485 5205 3582 5258 καὶ
3635 5204 3767 5266 τοὺς

2190 5295 2285 5347 σὺν
2312 5294 2583 5363 αὑτῷ,καὶ
2601 5295 2793 5366 δώροις
2822 5296 3208 5368 φιλοτιμεῖται,
3239 5297 3335 5351 καὶ
3356 5296 3537 5364 λόγοις
3558 5294 3766 5365 πληρο-

2189 5387 2364 5454 φορεῖ,
2418 5386 2509 5439 τὸν
2558 5386 2782 5454 βασιλέα
2835 5388 3045 5441 πείσειν
3086 5388 3178 5441 τοῦ
3229 5388 3517 5457 πεισθῆναι
3555 5388 3762 5465 αὑτοίςι

2189 5477 2373 5530 Ταῦτα
2426 5478 2675 5545 διαγνοὺς
2706 5479 2735 5531 6
2772 5480 2895 5534 καθ’
2930 5482 3077 5552 ἡμᾶς
3140 5481 3350 5545 Ἠλίας,
3408 5482 3503 5535 καὶ
3548 5479 3764 5550 μεγάλη

2189 5570 2429 5639 σάλπιγξ,
2448 5574 2545 5642 τῆς
2592 5573 2918 5645 Ἐκκλησίας
2946 5576 3356 5644 Χρυσόστομος,
3388 5577 3455 5647 τῇ
3482 5574 3577 5629 τοῦ
3599 5574 3762 5643 λόγου

2185 5664 2532 5733 χρησάμενος
2558 5664 2842 5734 σάλπιγγι,
2868 5666 2963 5719 καὶ
2998 5665 3100 5735 τὴν
3126 5665 3235 5727 τῷν
3269 5665 3773 5736 συνεπιτιθεμένων

2186 5756 2283 5825 οὐχ
2344 5757 2803 5828 ὑποστειλάμενος
2865 5760 3337 5829 άντιστράτευσιν,
3394 5758 3640 5826 Μωῦσῆς
3672 5754 3759 5811 οἶά

2184 5865 2266 5915 τις
2308 5850 2486 5915 ἄλλος,
2519 5851 2549 5920 ἦ
2596 5852 2857 5926 Φινεὲς,ῆ
2900 5852 3124 5923 Ἰησοῦς,
3157 5852 3188 5922 ἢ
3225 5856 3252 5907 6
3284 5849 3510 5922 φοϐερὸς
3540 5848 3763 5915 ἐκεῖνος
