3952 6210
210 333 319 396 ετε
856 336 1139 396 ORATIO
1178 340 1484 400 XVIII.—,~
1526 341 1909 403 LAUDATIO
1948 343 2011 405 S.
2053 341 2374 404 JOANNIS
2403 345 2812 411 CHRYSOST.
3371 354 3478 423 ΞἨ

211 452 303 499 καὶ
335 442 435 506 τῆς
462 441 613 505 θείας
638 441 921 512 δυνὰμεως
944 445 1188 509 ἐνόπλιος
1211 448 1672 519 ἀρχιστράτηγος,
1700 450 1775 501 κα

1901 460 2094 505 xerant
2119 453 2442 520 adversarii,
2467 456 2730 526 tanquam
2764 454 2905 514 alius
2948 456 3309 533 MovSes,‘aut
3351 467 3477 525 Phi-

212 538 307 603 τὴν
348 536 629 605 ῥομφαίαν
664 536 1037 605 σπασάμενος,
1066 541 1433 609 καταπλήττει
1492 541 1554 593 τὸ
1596 541 1775 611 θράσοε

1901 556 2050 605 necs,
2077 543 2372 609 autJesus,
2402 555 2496 600 aut
2532 549 2624 601 ille
2645 551 2907 605 terribilis
2944 554 3209 611 etdivinte
3232 570 3478 617 armatus

212 629 311 680 τῶν
334 628 674 693 ἀντιπάλων,
692 628 1033 696 Συναγάγετε
1065 631 1200 698 πρός
1232 648 1322 700 με,
1346 633 1678 704 δημηγορῶν
1702 638 1775 689 κα

1898 633 2153 705 princeps
2204 635 2433 699 militiae,
2462 637 2652 691 stricta
2677 639 2994 711 rhomphzea
3025 653 3190 699 terret
3224 648 3478 703 adversa-

214 721 401 787 λέγων,
458 719 585 782 τοὺς
639 722 925 789 ἱερεῖςτῆς
955 722 1239 792 αίσχύνης,
1271 723 1552 789 ἐσθίοντας
1587 728 1775 797 τράπε·

1895 728 2101 781 riorqu
2133 727 2440 794 audaciam,
2480 730 2537 785 in
2585 733 2852 788 concione
2881 736 3071 792 dicens
3099 739 3481 813 :Congregate

211 813 301 876 ζαν
338 813 606 874 Ἰεζάϐελ,
643 811 710 865 ἶν’
733 813 871 877 εἴπω
897 814 1080 877 αὐτοῖς
1102 831 1118 847 °
1154 817 1298 881 Ἕως
1325 821 1455 871 πότε
1498 822 1793 889 χωλαίνετε

210 904 291 957 ἐπ’
316 904 671 975 ἀμφοτέραις
712 890 927 973 ἰγνύαις
955 907 1143 975 ύμῶν;
1177 909 1223 961 εἰ
1249 908 1365 963 ἐστι
1404 909 1536 975 Θεὸς
1561 914 1590 965 6
1621 912 1788 980 Βάαλ,

209 994 512 1064 πορεύεσθε
576 995 750 1048 ὀπίσω
791 997 982 1050 αὐτοῦ·
1037 1000 1086 1051 εί
1133 999 1190 1052 δὲ
1235 1002 1485 1072 τράπεζα
1557 1004 1793 1068 Ἰεζάϐελ

208 1085 339 1154 αὕτη
406 1085 580 1151 Θεὸς,
613 1088 883 1156 φαγόντες
925 1091 1184 1171 ἐμέσατε.
1249 1092 1371 1149 Ἔτι
1420 1096 1791 1166 δημοσιεύσας

208 1178 419 1245 τρανῶς
458 1180 560 1246 τὴν
603 1179 1108 1250 ἀμαχονήθεοφίλου
1141 1186 1370 1251 κσκίανί
1394 1188 1500 1240 καὶ
1536 1188 1645 1243 τῶν
1690 1192 1790 1245 ao.

208 1270 294 1323 τοῦ
320 1271 593 1325 σκοτείων
625 1278 1040 1344 μηχανημάτων
1085 1278 1186 1349 τὴν
1229 1280 1552 1349 ἰταμότητα,
1584 1286 1790 1338 παντά-

207 1379 334 1415 πασι
384 1363 710 1433 προτίθησιν
760 1367 842 1429 είς
892 1366 1205 1435 διάγνωσιν.
1263 1372 1487 1437 Τούτοις
1540 1375 1632 1429 τοῦ
1688 1381 1789 1449 τῆς

202 1454 492 1516 εὐσεϐείας
538 1455 754 1519 λέοντος
790 1457 1085 1527 βασιλικῶς
1130 1463 1225 1516 καὶ
1271 1466 1534 1532 γενναίως
1568 1470 1786 1541 παρρηο

206 1547 569 1617 σιασαμένου,
604 1550 660 1601 αἱ
689 1549 793 1618 τῆς
823 1553 1088 1623 πονηρίας
1111 1555 1661 1631 άλῲπεκεςηδολερῶς
1687 1563 1790 1627 τὰς

202 1641 395 1707 ῥήσεις
438 1640 865 1711 διεμερίζοντο,
918 1646 1022 1698 καὶ
1070 1648 1266 1712 αὑταῖς
1302 1649 1515 1718 λέξεσιν
1571 1653 1797 1708 ἐπιδόν-’

1896 813 1963 879 ad
1988 831 2074 872 me
2114 819 2429 873 sacerdotes
2467 820 2778 889 dedecoris,
2827 826 3179 882 comedentes
3226 844 3475 887 mensam

1893 906 2131 974 Jezabel,
2166 918 2225 963 ut
2251 910 2428 965 dicam
2463 912 2544 966 eis
2571 929 2584 966 :
2612 911 2914 984 Quousque
2944 918 3270 976 claudicatis
3293 924 3477 977 amba-

1890 1002 1994 1058 bus
2023 1003 2228 1059 vestris
2271 1004 2425 1059 tibiis
2446 1005 2558 1059 W?
2590 1005 2649 1060 Si
2692 1006 2832 1062 Baal
2878 1016 2961 1064 est
3009 1009 3173 1077 Deus,
3200 1014 3485 1071 amlmlate‘

1890 1107 2017 1166 post
2044 1097 2245 1166 ipsum.
2272 1098 2328 1152 Si
2361 1109 2559 1155 autem.
2578 1100 2929 1171 ipsalmensa
2944 1102 3159 1159 Iezabel
3182 1115 3277 1161 est
3305 1106 3469 1172 Deus,

1891 1189 2550 1255 comedenbcsjevomite.
2611 1191 2889 1249 Praeterea
2942 1205 3129 1265 aperte
3186 1199 3471 1269 publicans

1892 1278 2148 1335 invictam
2176 1280 2459 1353 Theophili
2506 1284 2792 1349 malitiam,
2821 1294 2871 1340 et
2899 1289 3319 1343 tenebrosarum
3350 1291 3470 1361 ejus

1890 1373 2356 1430 machinationum
2408 1375 2831 1445 impudentiam,
2874 1382 3131 1449 proponit
3160 1385 3343 1437 omnia
3377 1399 3471 1438 co-

1890 1463 2208 1530 gnoscenda
2236 1467 2305 1520 ab
2332 1467 2607 1521 omnibus.
2641 1467 2777 1522 Cum
2808 1471 2922 1523 haec
2955 1472 3102 1542 regie
3127 1481 3181 1527 et
3206 1482 3470 1544 generose

1888 1555 2118 1610 dixisset
2175 1556 2263 1612 leo
2328 1559 2573 1627 pietatis,
2627 1560 2832 1631 vulpes
2882 1563 3250 1632 improbitatis
3303 1568 3479 1622 verba

1885 1643 2266 1703 fraudulenter
2292 1648 2606 1705 'dividunt:
2653 1661 2855 1708 etcum
2920 1655 3115 1712 iisdem
3142 1659 3321 1714 verbis
3362 1659 3470 1713 im-

199 1746 281 1790 τες
316 1731 388 1783 τά
426 1727 521 1783 ἶσα
550 1730 627 1801 τῷ
659 1732 867 1800 βασιλεῖ
896 1735 997 1804 τῆς
1035 1737 1374 1810 δημηγορίας
1400 1744 1775 1816 ἀγανακτῆσαι

1885 1741 2121 1809 peratori
2138 1741 2420 1797 dedissent
2450 1746 2783 1814 exemplum,
2806 1757 3101 1818 coegerunt
3128 1766 3252 1805 cum
3285 1752 3467 1818 irasci,

198 1820 387 1874 τοῦτον
436 1821 809 1888 ἐξεϐιάσαντο,
852 1827 948 1880 καὶ
999 1830 1097 1899 τὴν
1136 1809 1279 1886 κατὰ
1331 1809 1591 1905 Θεοιρίλου
1627 1809 1775 1908 βασι-

1885 1844 1939 1888 et
1972 1833 2276 1890 eﬂ'ccerunt
2325 1845 2384 1890 ut
2436 1837 2786 1906 imperatoris
2839 1841 3249 1909 indignatio-in
3291 1843 3482 1900 Theo-3

199 1912 337 1975 λέως
362 1914 751 1985 ἀγανάκτησιν
784 1918 921 1987 πρὸς
944 1921 1036 1973 τὸν
1062 1924 1781 2000 ἀρχιερέαμετατραπῆναι

199 2004 714 2079 παρεσκευάσαντο,
751 2008 1269 2083 κελευσθέντεςυτῆν
1304 2016 1427 2068 κατ’
1450 2016 1635 2073 ἀὐτοῦ
1661 2022 1785 2075 σύν-ε

168 2154 169 2157 η
196 2095 315 2147 σδον
344 2094 768 2165 ἐξεργάσασθαι.
813 2098 878 2154 Οἳ
921 2104 1018 2156 καὶ
1047 2103 1302 2170 λαϐόντες
1340 2108 1433 2164 τὸν
1457 2114 1649 2183 καιρὸν
1681 2115 1783 2186 τῆς

197 2186 403 2274 ἀδείας,
442 2188 699 2259 καὶπρὸς
750 2191 850 2261 τὴν
895 2194 1075 2266 πάλην
1100 2196 1370 2267 ἀνδρικῶς
1409 2205 1779 2274 κονισάμενοι,

197 2274 251 2323 ἐν
282 2273 615 2341 ὃιαῦουλίοις
646 2280 745 2349 τῆς
800 2282 1091 2351 βασιλίδος,
1137 2287 1352 2359 δώροις,
1405 2273 1612 2361 λόγοις,
1646 2299 1781 2350 ὐπο-

198 2366 472 2431 σχέσεσιν,
503 2366 778 2438 ἀπειλαῖς,
810 2373 904 2425 καὶ
954 2376 1359 2447 πᾶσιτρόποις,
1396 2378 1778 2455 συναγείρουσί

198 2459 432 2520 πάντας.
480 2460 591 2513 Καὶ
640 2463 768 2526 τοὺς
828 2466 926 2535 μὲν
979 2470 1436 2538 άντιπαλαίοντας
1482 2478 1559 2547 τῷ
1592 2480 1780 2551 πλάνῳ

200 2544 293 2596 καὶ
330 2548 488 2616 γόητι
520 2549 624 2603 τῶν
649 2552 992 2621 διαϐουλίων,
1023 2558 1209 2631 ὲξορὶᾳ
1233 2544 1623 2632 παρέπεμπον
1653 2544 1781 2633 τοὺξ

200 2634 252 2686 δὲ
302 2635 381 2705 τῷ
422 2638 652 2710 διακένῳ
681 2641 789 2694 τῶν
822 2644 1170 2716 ὑποσχέσεων
1198 2651 1777 2727 ἀνδραποδιζομένους,

200 2725 450 2819 ἐλεεινῶς
481 2729 734 2784 τοσοῦτον
792 2734 1101 2803 ἑφὼπλιζον
1150 2742 1291 2809 κατά
1323 2743 1427 2808 ,τοῦ
1460 2725 1781 2819 ἀρχιποιμέέ

204 2832 321 2877 νος,
358 2814 492 2869 ὥστε
533 2823 629 2873 καὶ
663 2821 825 2877 eam
858 2826 952 2879 καὶ
987 2829 1251 2885 ἀπολέσαι
1276 2839 1279 2842 ‘
1300 2814 1719 2907 αὐτόνξίλῐέγας
1750 2841 1779 2892 ὁ

208 2903 365 2973 ἁγὼν
410 2908 652 2963 ἐντεῦθεν
704 2912 816 2977 τοῖς
869 2919 996 2985 περὶ
1041 2920 1299 2988 Εύδοξίαν
1348 2928 1442 2979 καὶ
1495 2903 1776 2999 Θεόιριλον,

203 2998 525 3065 τραπέζαις.
548 3004 757 3073 χρυσῷ,
805 3007 1139 3076 κολακείαις,
1195 3017 1288 3068 καὶ
1329 3018 1551 3086 τρόποις
1604 3022 1778 3078 ἅπασι

204 3090 329 3153 τοὺς
356 3092 587 3159 οἰκείους
623 3098 947 3175 συμμάχους
978 3103 1113 3178 πρὸς
1144 3106 1235 3159 τὸν
1278 3108 1514 3179 πόλεμον
1548 3114 1773 3167 ἐπαλεί-

204 3198 420 3246 φοντας.
453 3179 584 3238 Εἶτα
617 3189 711 3254 τίς
750 3191 1025 3248 Λιϐἐλλων
1074 3200 1397 3269 συρραφαὶρ
1423 3204 1519 3255 καὶ
1569 3206 1775 3260 τούτων

199 3277 471 3350 amuli;
498 3282 635 3350 πρὸς
662 3283 756 3335 τὸν
778 3282 1026 3354 βασιλέα,
1055 3293 1421 3362 περιεχόντων
1450 3296 1631 3361 πάσας
1669 3299 1775 3371 μαὲ

201 3370 511 3460 ταιάεητας,
543 3373 636 3426 καὶ
683 3376 881 3443 μανίας
910 3379 1145 3447 ψευδεῖς,
1178 3384 1273 3436 καὶ
1302 3385 1457 3449 τέλος
1505 3389 1588 3442 ὅτι
1634 3393 1774 3460 μετά

198 3458 297 3528 τὴν
362 3463 645 3517 κοινωνίαν
699 3465 874 3530 οὕτως
932 3471 1141 3536 ἐκεῖνος
1203 3475 1232 3526 6
1290 3478 1545 3550 Ἰωάννης
1598 3458 1773 3538 ἐποίει

200 3551 427 3615 πάντας,
452 3555 866 3623 ἀπογεύσασθαι
884 3559 1109 3631 ὓδατος,
1134 3565 1520 3637 ἢκπαστίλλου,
1563 3574 1651 3626 διὰ
1682 3576 1776 3637 τὸν

200 3640 447 3706 πτύελον,
480 3648 571 3696 καὶ
595 3647 703 3716 πρὸ
730 3648 950 3703 πάντων
978 3652 1160 3716 αὐτός.
1190 3656 1391 3708 Λοιπὸν
1418 3658 1630 3713 οὐκέτι
1664 3680 1772 3731 χω-

203 3731 351 3801 ροῦσι
394 3735 461 3787 δι’
519 3729 595 3789 ὧν
651 3733 721 3809 ἦν
779 3742 962 3805 αὐτοῖς
1009 3744 1077 3798 τὰ
1126 3747 1255 3817 περὶ
1306 3748 1415 3801 τῶν
1464 3751 1773 3822 Ὧριγένους

200 3823 391 3915 βίϐλων
415 3830 895 3911 κατηγορούμενα,
928 3834 1065 3889 ἀλλά
1098 3837 1167 3890 δι’
1201 3838 1402 3911 ἐτέρων
1435 3842 1647 3915 ὕϐρεων
1677 3848 1771 3901 καὶ

199 3913 489 4009 λοιδοριῶν.
517 3920 736 3975 Τούτων
770 3916 872 3977 ῶδέ
894 3942 1012 3989 πως
1045 3913 1516 4002 σκευωρουμένων
1548 3936 1630 4005 (ού
1661 3937 1770 4009 γάρ

201 4001 307 4099 οἷόν
330 4026 394 4099 ,τε
420 4011 488 4063 τὰ
508 4012 609 4081 τῆς
652 4015 957 4086 σκευωρίας
984 4017 1089 4072 ἁνά
1142 4023 1306 4092 μέρος
1334 4001 1607 4090 ἐπεξιέναι
1632 4001 1769 4099 πρὸς

204 4096 263 4149 ἰν
290 4098 427 4162 τέλος
459 4101 777 4173 ἀφορώσης,
812 4106 902 4157 τὸν
942 4108 1102 4176 φόνον
1129 4110 1221 4162 τοῦ
1251 4112 1643 4185 ἀρχιποιμένος
1674 4096 1770 4173 καὶ

205 4188 579 4262 ὡνθάνατον),
610 4198 981 4271 παραγίνεται
1024 4202 1281 4281 πρὸς-τὸν
1314 4208 1548 4277 ποιμένα
1588 4211 1649 4265 τὸ
1690 4212 1766 4283 μὴ

208 4285 576 4354 συναρπασθὲν
595 4286 689 4339 τοῦ
715 4292 964 4359 ποιμνίου
984 4297 1096 4359 τοῖς
1127 4295 1520 4368 [σ]παράκταις
1536 4303 1773 4367 ἐκείνοις.

203 4372 417 4445 θηρίοις,
475 4381 556 4440 εἰς
602 4378 697 4433 δύο
748 4383 844 4437 καὶ
894 4389 1305 4459 τεσσαράκοντα
1355 4392 1764 4465 ἀριθμούμενον

1886 1924 2145 1993 philum,.
2178 1937 2590 1983 converteretur
2646 1930 2712 1983 aii
2765 1933 3101 2000 p’ontiliccm.
3156 1934 3258 2000 Qui
3304 1936 3477 1989 etiam

1878 2016 2020 2084 iussi
2049 2025 2177 2070 sunt
2210 2017 2260 2070 iii
2310 2034 2435 2073 eum
2482 2020 2661 2076 facere
2704 2024 3018 2077 concilium.
3076 2023 3143 2078 Et
3180 2040 3303 2080 cum
3334 2035 3473 2081 tenta

1882 2122 1985 2176 pus
2018 2108 2358 2178 accepissent
2393 2109 2688 2176 libertatis,
2719 2119 2773 2167 et
2798 2114 2863 2167 ad
2904 2115 3105 2169 luctam
3142 2130 3202 2170 se
3241 2115 3460 2170 fortiter

1883 2200 2297 2265 instruxissent,
2334 2215 2399 2255 ac
2429 2202 2758 2256 muniissent
2788 2204 3057 2268 consiiiis,
3100 2205 3466 2274 imperatricis

1882 2291 2067 2354 donis,
2094 2291 2304 2359 .verbis,
2344 2293 2673 2362 promissis,
2699 2294 2885 2360 minis,
2917 2304 2970 2349 et
3000 2296 3259 2351 omnibus
3289 2297 3467 2353 modis

1882 2397 2077 2435 omnes
2106 2391 2485 2453 congregant:
2512 2380 2571 2439 'et
2595 2378 2733 2439 alios
2758 2386 2979 2455 'quid'em
3014 2387 3108 2457 qui
3134 2388 3467 2443 resistebant

1880 2471 2046 2540 plano
2074 2480 2129 2526 et
2167 2472 2544 2543 improborum
2588 2475 2890 2530 architecto
2922 2477 3306 2544 consiliorum,
3337 2477 3467 2530 mit-

1881 2564 2070 2620 tebant
2124 2564 2178 2619 in
2230 2565 2524 2632 exsilium;
2573 2568 2713 2623 alios
2747 2579 2928 2623 autem
2967 2568 3123 2625 vanis
3170 2570 3462 2638 promissis

1883 2659 2078 2714 misere
2112 2656 2367 2714 redactos
2383 2659 2449 2714 >in
2490 2660 2841 2726 servitutem,
2879 2662 3017 2717 adeo
3045 2664 3336 2717 armabant
3362 2665 3463 2718 ad-

1884 2764 2075 2805 versus
2105 2747 2439 2817 pontificem,
2477 2746 2536 2802 ut
2581 2746 2705 2805 eum
2744 2742 2832 2805 vel
2882 2751 3248 2806 sacriﬁcaturi
3275 2761 3464 2809 essent

1878 2847 1934 2895 et
1958 2838 2247 2910 perdituri.
2280 2838 2420 2893 Hinc
2456 2854 2713 2909 magnum
2770 2841 2992 2896 exsistit
3039 2850 3315 2897 certamen
3350 2841 3461 2896 En-

1880 2933 2138 2988 doxlae'et
2167 2928 2478 3001 TheOphili,
2501 2930 2632 2985 dum
2655 2930 2884 2998 mensis,
2912 2945 3068 2997 auro,
3100 2931 3382 2987 blanditiis
3407 2936 3464 2987 et

1880 3032 1936 3079 et
1978 3023 2153 3078 modis
2177 3024 2433 3078 omnibus
2458 3037 2588 3079 suos
2618 3023 2800 3077 socios
2831 3022 2896 3077 ad
2924 3023 3122 3078 bellum
3156 3025 3458 3080 instruunt.

1802 3149 1853 3207 ο
1886 3114 2090 3169 Deinde
2137 3113 2310 3184 quid?
2346 3114 2699 3169 Adornantur
2742 3123 2796 3168 et
2850 3124 3219 3170 conterantur
3266 3115 3459 3180 libelli,

1880 3216 1934 3261 ct
1961 3208 2255 3261 mittuntur
2291 3207 2357 3260 ad
2389 3202 2793 3276 imperatorem,
2819 3207 2910 3276 qui
2949 3208 3235 3262 continent
3267 3223 3459 3263 omnes

1879 3298 2150 3351 vanitates
2175 3307 2230 3351 et
2269 3298 2513 3351 insanias
2560 3296 2749 3352 falsas.
2784 3295 3128 3352 Postremum
3173 3313 3302 3353 vero
3340 3307 3461 3353 erat

1878 3388 2029 3459 quod
2056 3398 2177 3456 post
2201 3387 2643 3443 communionem
2666 3388 2753 3442 hic
2776 3387 3015 3442 Joannes
3043 3388 3245 3443 faceret
3265 3404 3459 3444 omnes

1881 3491 2103 3551 gustare
2134 3496 2330 3551 aquam
2378 3491 2472 3535 aut
2520 3480 2795 3551 pastillum
2859 3489 3082 3550 propter
3128 3490 3373 3550 sputum,
3404 3489 3459 3534 et

1876 3581 2006 3628 ante
2034 3588 2226 3628 omnes
2281 3573 2448 3641 ipse..
2478 3572 2555 3626 De
2600 3579 2800 3629 caetero
2831 3580 3013 3626 autem
3058 3576 3166 3625 non
3218 3571 3458 3640 amplius

1878 3667 2195 3737 procedunt
2215 3681 2310 3734 per
2342 3670 2427 3729 ea,
2481 3671 2605 3735 quae
2637 3665 2765 3735 ‘ipsl
2823 3666 2876 3718 in
2930 3679 3055 3719 eum
3099 3664 3459 3719 intendebant

1877 3758 2135 3822 crimina,
2169 3771 2364 3826 nempe
2394 3756 2540 3825 quod
2586 3762 2897 3811 sectaretur
2927 3770 3147 3810 errores
3177 3754 3454 3826 Origenis,

1874 3849 1970 3906 sed
2007 3864 2103 3919 per
2133 3849 2500 3903 contumelias
2527 3856 2580 3903 et
2609 3847 2923 3903 maledicta.
2956 3846 3096 3901 Cum
3122 3847 3235 3901 haec
3267 3847 3457 3901 nescio

1871 3942 2143 4013 quomodo
2177 3947 2527 3996 struerentur
2560 3940 2770 4011 (neque
2801 3940 2948 3994 enim
3006 3938 3123 3994 fieri
3166 3944 3369 4009 potest,
3400 3942 3461 3991 ut

1872 4040 2111 4089 structas
2153 4029 2383 4086 insidias
2406 4030 2720 4100 singulatim
2762 4045 3184 4101 persequamur,
3227 4043 3351 4098 quae
3389 4028 3458 4082 ad

1872 4140 2038 4179 unum
2070 4124 2230 4178 linem
2249 4122 2600 4193 spectabant,
2626 4137 2823 4193 nempe
2853 4125 2919 4176 ad
2957 4121 3163 4177 eadem
3192 4120 3459 4190 principis

1872 4225 2151 4287 pastorum
2182 4227 2234 4271 et
2264 4215 2538 4285 mortem),
2566 4212 2783 4270 accedit
2809 4215 2875 4269 ad
2904 4224 3180 4283 pastdrem
3207 4213 3282 4275 id,
3307 4212 3464 4283 quod

1868 4324 1901 4361 e
1927 4324 2085 4379 grege
2113 4323 2217 4363 non
2248 4306 2427 4361 fuerat
2452 4315 2768 4375 correptum
2806 4319 2837 4357 a
2874 4304 3008 4360 feris
3054 4305 3165 4359 illis
3194 4303 3452 4357 immani.

1869 4400 1995 4465 bus,
2028 4415 2222 4469 nempe
2250 4399 2614 4467 quadraginta
2639 4399 2750 4451 duo
2778 4396 3020 4465 episc0pi
3058 4410 3289 4449 numero
3316 4413 3330 4446 :
3356 4394 3454 4463 qui

204 4464 544 4535 ἐπισκόπους,
585 4471 635 4524 οἳ
683 4474 774 4525 τὸν
826 4475 1057 4544 ποιμένα
1103 4464 1636 4549 περικυκλὼσαντες,
1672 4486 1770 4543 διὰ,

1878 4464 2170 4561 βοειονοηι-
2191 4464 2607 4545 circumda-nites
2638 4464 3059 4542 admirabantur
3108 4484 3453 4555 repentinam

201 4555 423 4627 θάμϐους
459 4560 708 4632 ὑπῆρχον
750 4564 830 4635 τῷ
868 4567 965 4635 τῆς
1013 4571 1318 4643 μεταϐολῆς
1352 4574 1536 4645 ἀθρόῳ
1571 4594 1630 4630 τε
1664 4581 1761 4632 καὶ

1878 4555 1921 4638 ct
1946 4582 2220 4637 diversam
2266 4582 2650 4648 mutationem,
2688 4595 2888 4651 nempe
2921 4579 3065 4648 quod
3095 4576 3452 4647 Theophilus,

202 4652 665 4724 παρηλλαγμένῳ’
696 4657 844 4723 ὅπως
893 4659 1153 4729 Θεόφιλος
1197 4664 1477 4736 ἀγώγιμος
1528 4667 1625 4734 ῶν,
1667 4671 1763 4724 καὶ

200 4739 433 4805 ὑπόδικος
482 4746 822 4817 ἐνεχόμενος,
863 4749 1128 4823 ἐξαπίνης
1177 4755 1271 4807 τοῦ
1328 4757 1538 4811 δικαίου
1565 4760 1761 4831 κριτὴς

198 4832 467 4907 καθί,[σ]το
490 4839 585 4889 καὶ
602 4838 880 4911 δικαστής.
918 4842 981 4909 Τί
1025 4839 1119 4897 οὖν
1155 4847 1183 4898 ό
1208 4847 1413 4918 ποιμὴν
1448 4852 1476 4903 ό
1509 4850 1693 4917 καλὸς,
1734 4853 1771 4907 6.

201 4926 423 5010 μιμητὴς
478 4927 575 4982 τοῦ
634 4931 870 4999 μεγάλου
928 4935 1326 5007 ἀρχιποιμένος
1366 4940 1577 5010 Ἰησοῦ;
1622 4944 1763 4996 Ἀλλ’

198 5006 284 5070 ὧδε
323 5018 419 5071 τοῦ
481 5019 643 5087 λόγου
686 5022 949 5091 νόμενος,
998 5006 1279 5099 ἐμνήσθην
1320 5006 1543 5101 ἡμερῶν
1564 5006 1765 5103 γίερῶν,

196 5107 274 5160 τὸν
317 5112 621 5182 Δεσπότην,
672 5113 798 5178 τούς
849 5132 909 5168 τε
972 5116 1223 5189 μαθητάς
1274 5120 1408 5189 πρὸς
1462 5122 1523 5175 τὸ
1589 5125 1760 5188 πάθος

195 5200 432 5271 ἥκοντας,
462 5206 563 5275 τὴν
596 5207 809 5279 Καινὴν
853 5211 1155 5282 Διαθήκην,
1191 5213 1289 5283 τὴν
1319 5215 1457 5286 πρὸς
1495 5216 1756 5287 ἀλλήλους

196 5293 403 5365 ἀγάπην
426 5337 443 5359 ,
465 5300 537 5353 τὰ
587 5300 705 5353 ἐκεί
741 5301 1043 5372 τελούμενα
1077 5306 1296 5360 ἅπαντα
1363 5308 1486 5362 καθ’
1532 5292 1771 5366 ἕκαστον

1869 4678 2127 4748 quierat
2151 4677 2296 4733 inter
2327 4692 2453 4732 reos
2493 4676 2722 4741 relatus,
2765 4684 2991 4747 repente
3022 4677 3095 4733 sit
3120 4674 3457 4731 constitutus

1869 4769 2038 4838 jndex
2062 4769 2337 4824 adversus
2362 4773 2625 4824 sanctum
2656 4776 2715 4823 et
2734 4768 2943 4839 justum
2975 4768 3451 4839 Chrysostomum.

1874 4860 2014 4927 Quid
2046 4874 2179 4931 ergo
2209 4870 2393 4930 pastor
2426 4861 2517 4915 ille
2553 4860 2754 4923 bonus,
2804 4860 2983 4927 magni
3030 4857 3296 4928 principis
3355 4872 3454 4927 pa-

1871 4960 2105 5017 storum,
2137 4967 2334 5021 nempe
2371 4949 2523 5016 Jesu,
2576 4950 2856 5005 imitator?
2885 4948 2990 5004 Sed
3032 4963 3156 5002 cum
3206 4949 3273 5002 ad
3308 4950 3452 5003 hunc

1868 5044 2050 5099 locum
2087 5043 2331 5113 pervenit
2364 5043 2569 5107 oratio,
2602 5043 2825 5097 memini
2867 5056 3152 5098 sacrorum
3180 5041 3391 5095 dierum
3430 5058 3445 5094 :

1874 5134 2161 5190 Dominum
2191 5134 2495 5191 venientem
2529 5136 2598 5190 ad
2639 5135 2976 5206 passionem,
3022 5134 3322 5204 discipulos
3354 5132 3448 5203 qui

1870 5237 2002 5284 tunc
2027 5239 2206 5293 erant,
2239 5229 2450 5284 Novum
2486 5228 2922 5290 Testamentum,
2957 5228 3099 5283 inter
3122 5242 3181 5283 se
3211 5226 3444 5280 invicem

1867 5321 2216 5385 charitatem,
2248 5331 2303 5377 et
2329 5323 2512 5377 omnia
2560 5322 2683 5392 qna:
2716 5320 2829 5376 illic
2865 5320 3093 5391 mystice
3143 5318 3287 5374 facta
3318 5327 3450 5373 sunt

196 5383 455 5482 ἓνενόησα,
489 5392 586 5444 καὶ
631 5392 723 5444 τὸν
774 5394 901 5466 ἄρτι
952 5396 1204 5468 μαθητὴν
1250 5401 1649 5470 παραπλησίως
1679 5404 1769 5475 τῷ

1878 5410 2086 5467 :doctos
2115 5383 2430 5482 singulatim
2458 5383 2602 5482 apud
2652 5425 2742 5466 me
2772 5410 3005 5481 cogitavi
3031 5424 3046 5463 :
3077 5418 3132 5465 et
3174 5424 3322 5476 eum,
3347 5409 3442 5478 qui

193 5473 481 5551 διόεσκάλῳ
535 5484 630 5535 καὶ
669 5486 919 5559 Δεσπότῃ
970 5490 1440 5557 μυσταγωγοῦντα
1485 5495 1612 5557 τοὺς
1661 5473 1756 5547 ὑπ’

194 5568 358 5625 αὐτόν.
419 5574 649 5628 Πάντων
697 5577 808 5648 γάρ
859 5582 1235 5652 συνεχομένων
1277 5584 1370 5637 καὶ
1400 5584 1765 5656 λυπουμένων,

193 5660 275 5710 ἐπὶ
311 5663 381 5733 τῷ
423 5665 569 5720 κατά
612 5667 703 5720 τὸν
755 5668 1077 5726 διδάσκαλον
1108 5674 1394 5745 ἀνιάματι,
1428 5679 1561 5748 φησὶ
1619 5680 1768 5751 πρὸς,

193 5754 371 5821 αὐτοὺς
420 5762 448 5812 ὁ
495 5760 660 5831 σοφὸς
686 5761 894 5828 ἐκεῖνος
924 5768 991 5821 τά
1042 5769 1161 5823 θεῖα
1210 5770 1303 5825 καὶ
1340 5771 1407 5826 τὰ
1438 5773 1752 5844 ἀνθρώπινα

208 5908 212 5913 ς
260 5877 321 5906 ’δ’
348 5873 409 5938 ΙΙΙ
438 5874 569 5947 Iicg.
608 5894 765 5947 xvttt,
800 5880 890 5935 21.

1861 5503 2024 5558 modo
2055 5510 2173 5559 erat
2200 5503 2524 5573 discipulus,
2565 5502 2824 5559 similiter
2849 5510 3012 5573 atque
3043 5500 3371 5571 magistrum
3392 5509 3448 5554 et

1867 5597 2180 5663 Dominum,
2208 5612 2303 5652 eos
2330 5598 2429 5668 qui
2455 5597 2559 5653 sub
2589 5613 2649 5653 se
2673 5605 2852 5663 erant,
2889 5596 3194 5651 initiantem
3240 5601 3446 5665 myste-

1863 5689 1984 5744 riis.
2014 5688 2147 5743 Nam
2173 5704 2296 5744 cum
2331 5703 2525 5745 omnes
2561 5688 2752 5745 dolore
2796 5687 3181 5742 cruciarentur
3219 5691 3445 5755 propter

1860 5780 2203 5850 magistrum,
2226 5779 2358 5837 dicit
2383 5780 2462 5837 cis
2492 5781 2583 5838 ille
2604 5783 2685 5837 vir
2712 5779 2930 5850 sapiens
2957 5779 3009 5834 in
3037 5775 3238 5834 divinis
3259 5783 3312 5830 et
3337 5773 3444 5827 itu-
