3952 6210
430 306 535 370 9⁸75

1696 312 1979 376 LEONLS
2010 314 2471 378 PHILOSOPHI

3591 320 3703 385 276

427 436 608 476 manus
648 439 662 475 :
712 418 767 490 (ο
811 420 1087 489 quomodo
1114 420 1230 477 ﬁeri
1264 428 1465 493 potest,
1516 431 1575 477 ut
1606 424 1725 478 sine
1760 425 2017 495 lacrymis

2145 424 2189 477 ὣ
2219 426 2335 488 πῶς
2357 428 2385 479 6
2418 426 2575 494 λόγος
2604 426 2871 496 ἀδακρυτὶ
2911 426 3009 495 τὴν
3041 428 3247 482 τούτων
3277 430 3504 501 μνήμην
3534 431 3710 484 διαδι-

430 528 625 568 corum
661 516 979 569 memoriam
1012 516 1109 570 tibi
1130 516 1306 571 tradat
1332 516 1576 585 oratio?)
1635 516 1823 579 Orate,
1854 533 1887 569 ο
1920 517 2015 572 lilii

430 615 487 659 ct
520 606 685 660 amici
712 615 767 660 et
788 607 1024 670 viscera,
1050 624 1172 677 quae
1203 609 1334 662 mihi
1367 626 1429 663 ex
1457 610 1717 666 omnibus
1743 611 2018 682 praecipue

430 698 567 753 estis
596 698 840 753 vicissim
872 699 1091 760 dilecta.
1141 708 1195 753 et
1240 699 1350 755 Deo
1380 702 1525 772 agite
1556 704 1786 774 gratias.
1821 704 2019 761 Nullus

432 803 611 845 autem
652 803 912 845 cernatur
938 807 1005 847 ex
1040 791 1195 847 vobis
1225 806 1283 846 se
1324 808 1614 863 separasse
1641 794 1709 849 ab
1743 794 2013 852 Ecclesia.

434 880 546 947 Ego
568 883 713 936 enim
737 883 847 951 jam
875 882 1109 945 delibor,
1129 890 1184 937 et
1210 884 1380 940 instat
1398 894 1612 955 tempus
1642 902 1776 942 mea:
1807 888 2011 943 resolu-

436 974 621 1027 tionis.
651 973 885 1029 Satanas
913 989 1023 1028 non
1064 974 1167 1029 l‘ert
1193 991 1345 1030 meas
1366 976 1634 1033 adversus
1667 978 1847 1050 ipsum
1886 994 2022 1034 ora-

435 1066 633 1128 tiones,
653 1064 748 1121 Sed
781 1082 849 1121 ne
871 1067 1275 1123 obliviscamini
1297 1084 1469 1124 sacra
1494 1086 1627 1125 mea!
1647 1071 1701 1124 in
1734 1086 1831 1126 vos
1858 1072 2026 1125 dilec-

436 1150 627 1205 tionis.
646 1151 783 1206 Cum
821 1154 936 1209 haee
967 1162 1021 1209 et
1054 1155 1139 1209 his
1191 1157 1349 1225 longe
1388 1158 1551 1224 plura
1582 1159 1835 1226 dixisset,
1868 1161 2022 1231 (quid

437 1257 576 1311 opus
606 1240 791 1299 dicere
826 1253 881 1298 et
919 1245 1189 1317 lacrymas
1225 1259 1281 1302 et
1303 1249 1579 1315 dolorem,
1643 1253 1845 1323 quibus
1892 1262 2025 1309 sunt

442 1335 633 1404 repleti
661 1335 685 1389 ?
712 1335 730 1407 )
757 1338 977 1391 tandem
1021 1354 1215 1395 omnes
1243 1343 1587 1410 complexus,
1639 1348 1852 1416 rogavit
1907 1363 2027 1402 om-

441 1443 559 1488 nes.
598 1435 656 1481 ut
685 1430 829 1482 irent
866 1430 925 1484 in
960 1432 1255 1486 concilium
1294 1449 1309 1487 :
1349 1436 1586 1490 malebat
1609 1440 1756 1493 enim
1790 1450 2023 1496 mortem

440 1519 625 1573 subire
669 1519 873 1590 gladio,
927 1522 1032 1575 hoc
1090 1522 1303 1577 lucrum
1351 1540 1473 1581 esse
1521 1528 1885 1593 existimans,
1928 1548 2027 1602 pro

443 1610 728 1665 communi
768 1611 1012 1665 omnium
1050 1613 1349 1669 securitate
1390 1628 1445 1671 et
1496 1618 1711 1686 salute;
1739 1628 1793 1673 et
1838 1637 2029 1677 rursus

442 1700 578 1753 dicit
618 1697 775 1755 :Vos
809 1715 1003 1756 onmes
1058 1704 1431 1760 recordamini
1482 1709 1648 1763 vitam
1703 1721 2024 1779 praesentem

2121 518 2337 588 6ἀσοι;)
2364 559 2379 583 ,
2417 518 2682 586 Εὖεασθε,
2719 520 2915 587 λέγων,
2948 515 2991 573 ὦ
3038 521 3204 574 τέκνα
3257 523 3350 575 καὶ
3399 524 3567 592 φίλοι,
3616 530 3705 579 καὶ

2122 610 2409 679 σπλάγχνα
2459 611 2530 665 τά
2570 612 2695 680 ἐμοὶ
2741 613 2963 666 πάντων
3011 613 3471 684 ἀντιποθούμενα,
3510 616 3713 693 καὶτῷ

2120 702 2241 772 Θεῷ
2280 702 2379 771 τὴν
2412 702 2770 772 εὐχαριστίαν
2821 702 3075 757 ἀπόδοτε’
3114 704 3302 774 μηδεὶς
3354 706 3411 760 δὲ
3465 707 3525 773 ἐξ
3555 707 3713 778 ὑμῶν

2121 796 2221 866 τῆς
2256 795 2588 866 Ἐκκλησίας
2626 794 2819 865 ὀφθείη
2878 794 3345 867 ἀνακεχωρηκὼς.
3413 798 3556 865 Ἐγὼ
3603 799 3715 867 γὰρ

2123 888 2223 959 ἥδη
2275 887 2605 958 σπένδομαι,
2646 886 2742 940 καὶ
2786 889 2814 940 ὸ
2871 887 3065 958 καιρὸς
3129 887 3398 958 ἐφέστηκέ
3465 906 3567 956 μου
3610 890 3714 959 τῆς

2122 976 2456 1041 ἀναλύσεως.
2513 978 2575 1031 '0
2619 978 2864 1041 Σατανᾶς
2910 978 2972 1031 ού
3014 977 3172 1047 φέρει
3204 980 3331 1041 τοὺς
3377 980 3547 1047 ἐμοὺς
3588 980 3717 1033 κατ’

2124 1068 2289 1121 αὐτοῦ
2325 1068 2549 1136 λόγους,
2586 1068 2720 1122 ἀλλὰ
2767 1069 2842 1139 μὴ
2887 1068 3222 1139 ἐπιλάθησθὲ
3254 1086 3359 1137 μου
3409 1069 3511 1136 τῆς
3562 1071 3717 1140 ἱερᾶς

2126 1160 2264 1231 πρὸς
2311 1160 2460 1229 ὑμᾶς
2510 1161 2869 1230 ἀγαπήσεως.
2923 1159 3110 1213 Ταῦτα
3164 1160 3258 1213 καὶ
3307 1160 3490 1229 πολλῷ
3541 1161 3721 1212 πλεῖοι

2125 1252 2332 1306 τούτων
2402 1251 2650 1314 εἰπόντος
2692 1251 2768 1320 (τί
2810 1250 3084 1319 διαλέγειν
3126 1251 3233 1303 τῶν
3279 1252 3571 1321 δακρύων,
3614 1252 3721 1317 τῆς

2126 1342 2301 1412 λύπης
2334 1337 2403 1415 ἧς
2440 1339 2875 1410 ὲπληρώθησανς
2898 1342 2940 1407 ),
2967 1342 3278 1393 τελευταῖον
3325 1341 3722 1410 ἀσπασάμενος

2129 1434 2410 1498 ἃπαντας,
2464 1433 2769 1504 παρεκάλει
2825 1433 3034 1496 πάντας
3074 1432 3485 1503 παραγενέσθαι
3525 1435 3608 1496 είς
3660 1435 3721 1485 τὸ

2131 1523 2409 1595 συνέδριον
2430 1537 2444 1552 ⁸
2491 1524 2677 1593 ᾑρεῖτο
2713 1521 2823 1593 γάρ
2855 1522 2950 1576 καὶ
2993 1522 3085 1575 τὸν
3119 1520 3208 1574 διά
3248 1522 3436 1589 ξίφους
3464 1521 3720 1585 θάνατον,

2130 1614 2324 1683 κέρδος
2372 1611 2532 1667 τοῦτο
2594 1612 2936 1683 ἡγούμενος,
2992 1612 3135 1682 ὑπέρ
3184 1629 3248 1679 γε
3305 1611 3406 1681 τῆς
3458 1613 3725 1666 ἀπάντων

2129 1702 2430 1771 ἀσφαλείας
2476 1702 2570 1756 καὶ
2600 1702 2906 1772 σωτηρίας,
2948 1704 3043 1754 καὶ
3081 1698 3239 1764 αὖθίς
3276 1718 3445 1771 φησιο
3489 1703 3724 1773 Μνημοι

442 1806 567 1847 esse
598 1791 765 1856 viam,
795 1800 852 1847 et
884 1795 1121 1849 transire
1161 1811 1284 1865 qua:
1316 1796 1369 1849 in
1400 1812 1461 1851 ea
1496 1808 1629 1853 sunt
1663 1800 1803 1854 bona
1831 1810 1885 1856 et
1913 1817 2029 1856 mo-

2145 1794 2316 1847 ιεύετε
2338 1795 2560 1848 πάντων
2588 1794 2768 1863 ὑμεῖς,
2789 1794 2818 1846 6
2840 1792 3031 1865 παρὼν
3061 1792 3176 1863 βίος
3201 1793 3315 1856 ὁδός
3338 1796 3511 1857 ἐστιν,
3537 1793 3726 1863 ἔλεγε,

443 1881 750 1947 lcsta;nec
801 1881 907 1938 hoc
958 1885 1158 1948 solum,
1223 1886 1318 1939 sed
1355 1896 1440 1941 est
1496 1890 1659 1943 etiam
1719 1890 2023 1947 nundinae:

444 1972 681 2029 emimus
710 1974 918 2044 itaque,
944 1976 1255 2041 vendimus,
1279 1976 1642 2035 diversamur.
1675 1980 1815 2036 Num
1836 1999 2030 2041 sumus

449 2076 551 2115 nos
576 2061 831 2117 meliores
864 2065 1209 2133 patriarchis,
1240 2068 1542 2137 prophetis,
1588 2080 1680 2126 aut
1709 2076 1978 2143 apostolis
2003 2078 2026 2131 2

446 2151 591 2205 Dicit
612 2152 661 2206 ei
695 2154 917 2223 quidam
940 2171 1065 2210 cum
1090 2158 1294 2227 ejulatu
1324 2158 1465 2215 εδ·θά
1494 2162 1758 2219 deﬂemus
1785 2177 2032 2223 nostram

450 2243 770 2311 orbitatem,
821 2262 1005 2301 rermu
1044 2249 1452 2317 confusionem,
1486 2263 1688 2309 statum
1745 2257 2029 2323 Ecclesiae,

447 2345 496 2389 et
532 2336 671 2391 alios
709 2337 971 2403 honores,
1005 2340 1209 2410 quibus
1239 2342 1423 2397 aﬂ‘ecti
1456 2360 1675 2411 sumus,
1713 2356 1769 2402 et
1800 2349 2037 2418 ignomi-

449 2429 571 2483 nias
629 2430 832 2499 quibus
889 2430 1215 2487 allieiemnr.
1274 2433 1381 2489 Sed
1431 2452 1500 2491 ne
1544 2447 1779 2503 vestras,
1835 2443 2035 2512 inquit,

462 2517 757 2587 relinquite
808 2519 1098 2579 ecclesias.
1147 2520 1270 2577 Non
1316 2525 1463 2579 eiiim
1511 2536 1597 2582 est
1629 2544 1659 2581 a
1697 2546 1784 2585 me
1833 2534 2038 2599 princi-

453 2610 642 2677 pium;
678 2624 857 2679 neque
914 2612 982 2665 ad
1029 2628 1117 2667 me
1158 2630 1335 2684 usque
1382 2625 1468 2671 est
1516 2618 1664 2673 linis.
1720 2619 1839 2675 Non
1888 2627 2033 2679 enim

454 2709 582 2769 post
618 2698 825 2757 Mosem
866 2706 1109 2759 surrexit
1146 2705 1349 2764 Jesusi
1379 2708 1498 2765 Non
1551 2711 1655 2767 fuit
1697 2714 1867 2770 David
1911 2734 2039 2773 suc-

453 2805 640 2845 cessor
668 2789 940 2849 Samuelis
968 2794 992 2848 ?
1023 2794 1274 2853 Jeremia:
1314 2798 1525 2857 Baruch
1552 2805 1575 2857 ἲ
1604 2804 1737 2860 Elia:
1761 2807 1993 2863 Elisazus
2017 2810 2041 2864 ί

455 2878 584 2934 Pust
622 2882 855 2938 Paulum
889 2896 1076 2943 autem
1108 2890 1279 2960 quis?
1308 2890 1425 2948 Non
1458 2893 1803 2964 Timotheus,
1853 2899 2037 2963 Titus,

454 2972 696 3041 Apollo?
722 2972 838 3029 Non
894 2976 990 3032 alii
1038 2979 1469 3041 innumerabiles
1498 2986 1522 3039 ἳ
1549 2988 1655 3043 Sed
1684 2991 1728 3043 si
1762 2998 2037 3059 tenemus,

455 3061 589 3115 dicit
637 3063 934 3135 quispiam,
999 3080 1219 3126 nostras
1277 3075 1562 3141 ecclesias,
1620 3081 1845 3136 omnino
1887 3098 2040 3137 com-

458 3153 738 3210 municare
793 3171 1015 3213 necesse
1085 3170 1168 3215 est
1216 3172 1272 3217 et
1316 3164 1681 3225 subscribere.
1713 3170 2037 3229 Communi-

457 3254 619 3312 cate,
673 3246 881 3318 inquit,
954 3260 1014 3305 ut
1065 3268 1173 3307 non
1234 3258 1588 3326 perturbetur
1640 3278 1818 3333 neque
1895 3266 2042 3322 scin-

458 3332 620 3387 datur
646 3334 887 3391 Ecclesia
920 3337 1054 3393 :sed
1077 3355 1144 3395 ne
1174 3344 1556 3401 subscribatis.
1589 3332 1875 3413 Quomodo
1935 3352 2042 3409 hoc

461 3424 626 3495 jubcs
656 3427 989 3496 ?Quoniam,
1043 3432 1245 3504 inquit,
1289 3439 1495 3494 nullius
1546 3442 1678 3497 mihi
1709 3445 1882 3515 culpae
1919 3463 2042 3503 sum

460 3520 741 3583 conscius.
774 3534 997 3593 propter
1026 3542 1191 3597 quam
1224 3528 1492 3601 deponat.
1523 3532 1617 3591 llis
1642 3553 1858 3592 sacram
1896 3541 2043 3596 illam

460 3612 677 3677 turbam
751 3632 986 3688 magnus
1060 3622 1207 3678 inter
1281 3627 1630 3695 patriarchas
1694 3633 2049 3690 confirmavit

460 3703 918 3774 Chrysostomus.

528 3799 631 3854 23.
666 3799 787 3856 Jam
826 3806 1147 3874 concilium,
1182 3811 1327 3879 quod
1360 3820 1512 3867 extra
1551 3815 1737 3869 urbem
1777 3818 1831 3871 in
1867 3818 2047 3875 llulini

464 3892 686 3958 praediis
714 3893 899 3949 inania
937 3897 991 3951 in
1043 3916 1167 3954 eum
1200 3908 1490 3969 statuerat,
1517 3912 1748 3962 arcessit
1773 3926 1919 3975 cum,
1960 3929 2048 3966 re-

464 4000 796 4054 sponsurum
824 3989 891 4043 iis
919 4006 1153 4059 quorum
1188 3995 1572 4050 accusabatur.
1607 3998 1740 4064 Quae
1789 4012 1969 4059 autem
1997 4005 2046 4059 ei

465 4073 773 4144 signiﬁcata
798 4087 950 4143 sunt,
971 4091 1131 4136 erant
1160 4082 1475 4151 hujusmodi
1509 4104 1523 4140 :
1556 4086 1760 4144 Sancta
1806 4094 2050 4163 synodus

464 4177 817 4238 congregata,
858 4167 1060 4225 Joanni
1098 4192 1112 4227 :
1150 4172 1387 4230 Libellos
1424 4186 1615 4232 contra
1640 4189 1692 4234 te
1712 4185 2047 4253 accepimus,

467 4257 657 4326 plenos
681 4259 839 4315 malis
857 4261 1377 4323 innumerabilibus.
1400 4267 1533 4329 Veni
1557 4287 1689 4343 ergo
1714 4274 1796 4328 eis
1819 4290 2044 4346 respon-

467 4353 767 4410 surus.His
784 4354 961 4421 lectis,
980 4357 1092 4414 haec
1104 4360 1297 4416 scribit
1313 4371 1538 4420 sanctus
1560 4363 1885 4424 :Ecclesiam
1918 4385 2049 4440 pro-

2136 1888 2228 1939 καὶ
2255 1887 2323 1939 τὰ
2352 1886 2527 1956 τούτῳ
2572 1886 2784 1957 χρηστά
2820 1887 2911 1941 καὶ
2955 1886 3176 1955 λυπηρά
3229 1885 3623 1955 παροδεύεται*
3658 1888 3728 1939 ού

2138 1979 2299 2048 μόνον
2328 1979 2407 2041 δὲ,
2457 1979 2594 2035 ἀλλὰ
2622 1981 2716 2032 καὶ
2743 1980 3051 2051 πανήγυρις
3072 1994 3085 2007 °
3121 1980 3303 2031 τοίνυν
3344 1979 3721 2048 ὴγοράσαμεν,

2135 2069 2537 2140 ὲπωλήσαμεν,
2583 2071 2947 2140 καταλύομεν.
2981 2071 3073 2140 Μὴ
3105 2071 3363 2139 ἀμείνους
3407 2072 3568 2140 ἡμεῖς
3609 2071 3726 2123 τῶν

2137 2158 2509 2231 πατριαρχῶν,
2549 2160 2659 2213 τῶν
2688 2160 3007 2229 προφητῶν,
3044 2158 3156 2212 τῶν
3180 2158 3528 2222 ἀποστό).ων;
3554 2160 3731 2226 Λέγει

2137 2268 2223 2316 τις
2259 2251 2319 2315 ὲξ
2366 2250 2551 2303 αὐτῶν
2589 2251 2725 2321 πρὸς
2756 2251 2955 2314 αὑτὸν,
2996 2249 3295 2320 ὀλοφυρμῷ
3328 2250 3691 2319 συνεχόμενος
3714 2268 3731 2282 ο

2150 2341 2311 2395 ’Λλλά
2353 2339 2643 2411 θρηνῶμεν
2676 2340 2775 2409 τὴν
2803 2340 2961 2410 ἡμῶν
2989 2340 3255 2410 ὀρφανίαν
3274 2380 3289 2404 ,
3320 2340 3419 2409 τὴν
3462 2338 3734 2407 σύγχυσιν

2138 2432 2246 2485 τῶν
2282 2432 2623 2501 πραγμάτων
2643 2474 2658 2497 ,
2686 2431 2785 2502 τὴν
2812 2433 3002 2485 στάσιν
3031 2434 3129 2501 τῆς
3164 2432 3523 2500 Ἐκκλησίας,
3556 2432 3735 2485 τᾶλλα

2139 2518 2221 2587 οἷς
2243 2522 2595 2593 ὲτιμώμεθα,
2629 2523 2725 2576 καὶ
2754 2519 2835 2586 οἷς
2871 2522 3385 2593 ἀτιμασθησόμεθα.
3434 2521 3598 2575 Ἀλλὰ
3632 2524 3735 2583 τὰς

2142 2614 2262 2667 καθ’
2305 2614 2449 2683 ὑμᾶς
2492 2615 2566 2684 μὴ
2600 2614 3001 2685 καταλείπητε,
3053 2614 3246 2684 φησιν,
3283 2614 3582 2683 ἐκκλησίας
3607 2630 3623 2643 ⁸
3669 2616 3735 2667 οὐ

2143 2708 2252 2779 γάρ
2284 2706 2379 2760 ἀπ’
2408 2706 2545 2778 ἐμοῦ
2574 2709 2606 2777 ἡ
2639 2707 2807 2778 ἀρχὴ,
2835 2707 2945 2760 οὐδ’
2976 2707 3081 2770 ἕως
3113 2707 3249 2775 ἐμοῦ
3278 2707 3450 2771 τέλος.
3490 2707 3583 2776 Μὴ
3620 2706 3738 2774 γάρ

2146 2798 2285 2869 μετά
2328 2798 2569 2867 Μωῦσῆν
2606 2799 2705 2851 ούκ
2728 2798 2930 2868 ἀνέστη
2978 2797 3218 2869 ’1ησοῦς;
3249 2798 3311 2850 ού
3339 2797 3586 2867 διάδοχος
3619 2798 3736 2850 Σα-

2146 2891 2361 2961 μουὴλὸ
2381 2890 2615 2961 Δαὸὶδ,ἢ
2649 2889 2915 2962 Ἰερεμίου
2939 2891 3175 2962 Βαροὺχ,
3209 2889 3393 2946 Ἡλιοῦ
3422 2889 3735 2953 Ἑλισαῖοςς

2147 2981 2287 3049 μετά
2320 2980 2529 3034 Παῦλον
2552 2980 2608 3033 δὲ
2633 2981 2749 3045 τίς;
2778 2981 2839 3034 ού
2874 2981 3165 3050 Τιμόθεος,
3197 2982 3375 3045 Τίτος,
3419 2979 3740 3046 ’Δπολλὼες

2143 3074 2205 3127 οὐ
2239 3073 2461 3145 μυρίοι;
2503 3073 2645 3126 Ἀλλ’
2678 3076 2725 3127 εί
2758 3074 3091 3145 κατέχομεν,
3151 3072 3256 3144 ἔφη
3285 3090 3405 3137 τις,
3440 3075 3539 3136 τάς
3571 3072 3742 3143 ἡμῶν

2146 3167 2477 3236 ἐκκλησίας,
2527 3167 2624 3221 καὶ
2680 3168 3012 3237 κοινωνῆσαι
3059 3169 3154 3220 καὶ
3206 3166 3521 3237 ὑπογράψαι
3580 3168 3741 3220 πάσα

2145 3259 2383 3329 ἀνάγκη.
2432 3260 2813 3331 Κοινωνήσατε
2866 3260 2956 3313 διά
2986 3260 3047 3312 τὸ
3089 3258 3400 3330 ἀτάραχον,
3452 3258 3556 3329 ἔφη
3582 3298 3598 3320 ,
3634 3260 3743 3328 τῆς

2160 3349 2487 3419 Ἐκκλησίας
2506 3351 2599 3405 καὶ
2624 3351 2985 3421 ἀδιάσχιστον·
3010 3351 3086 3423 μὴ
3110 3352 3462 3420 ύπογράφητε
3486 3350 3562 3404 δέ.
3587 3350 3741 3413 ηὼς,

2148 3441 2270 3495 τίνα
2315 3442 2557 3505 κελεύεις
2606 3443 2847 3513 τρόπον;
2897 3444 3055 3507 Ὅτι,
3112 3443 3250 3513 ἔφη,
3277 3442 3387 3495 τῶν
3416 3444 3496 3505 είς
3537 3442 3746 3495 καθαί-

2150 3550 2298 3604 ρεσιν
2342 3533 2684 3605 αίτιαμάτων
2717 3536 2870 3591 οὐδὲν
2910 3534 3134 3604 ἐμαυτῷ
3178 3532 3415 3587 σύνοιδα.
3450 3532 3737 3595 Τοιούτοις

2151 3629 2245 3681 τὸν
2300 3629 2445 3700 ἱερὸν
2494 3631 2704 3684 ἐκεῖνον
2745 3630 2933 3700 ὅμιλον
2975 3632 3003 3683 6
3040 3631 3213 3701 μέγας
3248 3630 3305 3683 ὲν
3358 3628 3744 3698 πατριάρχαις

2150 3738 2348 3792 κατοχυ
2356 3722 2537 3793 ρὼσας
2564 3724 2607 3777 Χ
2619 3724 2918 3793 ρυσόστομο
2930 3741 2967 3785 ;.

2224 3820 2328 3881 κγ’.
2369 3814 2505 3885 Ἤδη
2565 3816 2628 3867 τὸ
2678 3816 2954 3885 συνέδριον
2989 3813 3095 3879 ἔξω
3145 3816 3242 3885 τῆς
3281 3815 3487 3878 πόλεως
3530 3818 3591 3868 ὲν
3626 3819 3747 3878 τοῖς

2161 3904 2415 3975 Ῥυφίνου
2466 3906 2536 3959 τὰ
2589 3908 2711 3960 κατ’
2767 3908 2936 3961 αὐτοῦ
2993 3908 3129 3961 κενά
3176 3906 3745 3976 διαϐουὴυσάμενον,

2154 3999 2543 4071 μετακαλεῖται
2573 4000 2763 4053 τοῦτον
2810 4001 2903 4053 τὸν
2941 4001 3131 4069 ἆγιον,
3180 3999 3748 4070 ἀπολογηθησόμενον

2150 4085 2231 4155 οἷς
2270 4090 2702 4145 ὲνδιαδάλλεται.
2730 4086 2839 4144 Ἦν
2863 4091 2919 4144 δὲ
2956 4092 3025 4144 τά
3064 4091 3378 4161 δηλωθέντα
3406 4090 3583 4144 τοιάδε
3609 4106 3625 4119 ·
3673 4092 3743 4145 'll

2154 4182 2369 4245 σύνοδος
2396 4186 2428 4253 ἡ
2452 4182 2585 4252 ἀγία
2607 4183 2957 4254 συναχθεῖσα,
2984 4183 3064 4255 τῷ
3100 4183 3323 4256 Ἰωάννῃ
3348 4183 3471 4237 τάδε
3490 4197 3506 4212 ⁸
3543 4180 3744 4234 Λιϐέλ-

2151 4273 2277 4336 λους
2312 4272 2611 4346 ἐδεξάμεθα
2650 4276 2794 4329 κατά
2825 4276 2956 4342 σοῦ,
2996 4276 3223 4346 πλήρεις
3263 4274 3471 4346 μυρίων
3522 4274 3743 4327 κακῶν.

2167 4364 2317 4417 Ἑλθὶ
2356 4366 2535 4419 τοίνυν
2581 4367 2915 4437 ἀπαντήσων
2949 4367 3084 4437 πρὸς
3120 4368 3190 4421 τά
3224 4367 3478 4421 τοιαῦτα.
3515 4366 3745 4419 Τούτωι

467 4455 586 4515 pter
613 4462 777 4517 quam
803 4447 945 4508 Deus
970 4450 1207 4508 Verbum
1228 4454 1430 4511 factum
1458 4468 1562 4523 est,
1586 4474 1653 4513 ne
1678 4458 1919 4523 scindas.
1950 4476 2037 4517 nec

2152 4458 2633 4525 ἀναγνωσθέντων,
2656 4460 3052 4531 ἀντιγράφουσι
3084 4462 3184 4531 μὲν
3214 4462 3264 4513 oi
3297 4460 3426 4528 περὶ
3459 4456 3554 4511 τὸν
3580 4457 3744 4525 ἆγιον

466 4538 760 4608 dissolvas,
793 4558 972 4613 neque
994 4554 1146 4600 extra
1168 4550 1435 4604 terminos
1461 4550 1701 4619 judices,
1738 4569 2044 4624 repugnans

466 4633 728 4690 trecentis
778 4644 834 4691 et
892 4637 1200 4694 octodecim
1265 4640 1551 4705 Patribus,
1596 4653 1652 4698 ct
1705 4661 1772 4700 ne
1798 4647 1951 4711 Abel,
1991 4658 2051 4701 ut

467 4722 625 4789 Cain,
657 4724 848 4780 dolose
869 4726 925 4781 in
956 4742 1147 4796 agrum
1173 4728 1448 4794 advoces;
1477 4735 1572 4786 sed
1605 4740 1662 4786 tu
1698 4736 1817 4788 veni
1844 4738 2047 4805 potius.

469 4814 828 4887 Septuaginta
852 4818 998 4874 enim
1031 4820 1211 4890 capita
1242 4831 1431 4891 aperte
1480 4822 1788 4891 continent,
1828 4827 1920 4896 qui
1951 4828 2050 4881 ad-

468 4922 661 4964 versus
692 4918 744 4964 te
769 4912 962 4983 scripti
991 4922 1120 4969 sunt
1150 4913 1341 4969 libelli.
1386 4912 1594 4971 Sumus
1635 4924 1816 4970 autem
1853 4933 1953 4973 nos
1982 4934 2049 4973 ex

470 4997 705 5055 diversis
738 5010 792 5056 et
820 5004 1030 5073 plures,
1088 5005 1180 5061 Dei
1238 5006 1439 5077 gratia.
1481 5007 1547 5061 Et
1574 5016 1632 5062 ut
1693 5024 1815 5079 quae
1861 5018 2049 5081 postea

470 5092 847 5163 sequebantur
898 5097 953 5151 in
1008 5113 1181 5167 pauca
1242 5101 1596 5164 contraham,
1658 5118 1782 5156 cum
1832 5103 2053 5173 sapiens

472 5186 717 5251 pontifex
753 5196 1015 5257 praeterea
1047 5191 1367 5262 scripsisset
1399 5201 1453 5248 et
1482 5192 1816 5249 ostendisset
1842 5195 2049 5249 nullam

469 5294 592 5335 esse
621 5297 810 5336 eormn
842 5300 965 5351 qua:
1020 5286 1089 5340 ab
1120 5286 1255 5356 ipsis
1301 5287 1527 5352 ﬁebant,
1576 5288 2054 5359 consequentiam,

471 5371 674 5438 optime
707 5382 763 5427 et
801 5373 1114 5443 iustissime
1145 5396 1243 5437 eos
1272 5381 1571 5451 repellebat
1613 5380 2048 5451 prmseriptionc,

471 5473 669 5529 optans
707 5477 766 5522 ut
794 5468 848 5522 in
881 5485 941 5524 se
986 5470 1140 5527 lieret
1172 5476 1358 5544 potius
1388 5475 1733 5529 metimenica
1780 5472 2051 5545 synodus.

474 5551 602 5609 Haec
631 5571 757 5610 cum
802 5561 1111 5631 accepisset
1155 5573 1209 5619 et
1252 5564 1541 5622 didicisset
1578 5565 1873 5620 concilium
1921 5563 2054 5619 illud

478 5662 574 5716 per
608 5648 917 5717 lectionem,
951 5654 1170 5708 irruunt
1202 5663 1467 5724 tanquam
1502 5657 1729 5721 leones;
1783 5667 1837 5711 et
1881 5673 1947 5710 ex
1990 5656 2057 5711 iis

477 5743 573 5809 qui
607 5742 760 5797 missi
788 5740 1036 5807 fuerant,’
1055 5746 1222 5800 alium
1253 5746 1474 5815 quidem
1498 5748 1838 5812 ceciderunt,
1888 5750 2053 5802 alium

482 5850 615 5890 vero
648 5835 1206 5906 comprehenderunt,
1254 5837 1421 5895 alium
1481 5847 1663 5895 autem
1700 5841 2054 5913 coniecerunt

2153 4546 2347 4599 ταῦτα’
2381 4547 2491 4618 Τὴν
2531 4546 2879 4618 Ἐκκλησίαν,
2908 4550 2974 4602 δι’
3014 4550 3079 4620 ἢν
3107 4552 3135 4603 6
3158 4549 3293 4611 Θεὸς
3316 4549 3488 4616 Λόγος
3522 4547 3747 4616 ἐγένετο

2155 4637 2313 4707 σάρξ,
2361 4639 2435 4708 μὴ
2464 4640 2635 4708 σχίζε,
2686 4642 2823 4711 μηδὲ
2850 4642 3108 4705 κατάλυε,
3146 4642 3286 4711 μήτε
3325 4638 3432 4711 μὴν
3460 4639 3749 4711 περιόριον

2153 4734 2307 4803 κρίνε
2342 4736 2435 4787 καὶ
2467 4734 2654 4799 δίκαζε
2678 4774 2692 4797 ,
2739 4734 2873 4788 δέκα
2917 4734 3011 4787 καὶ
3055 4732 3200 4786 ὀκτὼ
3239 4734 3335 4788 καὶ
3396 4733 3744 4803 τριακοσίοις

2154 4825 2433 4895 ιιατράσιν
2469 4825 2899 4897 ἐναντιούμενος,
2931 4826 3026 4879 καὶ
3055 4825 3130 4895 μὴ
3155 4825 3248 4878 τὸν
3288 4822 3457 4877 ’Ἅϐελ
3488 4840 3741 4894 προσκα-

2152 4919 2247 4973 λοῦ
2279 4919 2469 4981 δολίως
2499 4919 2579 4981 εἰς
2618 4919 2682 4972 τὸ
2726 4918 2947 4972 πεδίον·
2992 4918 3107 4971 ἀλλ’
3147 4916 3267 4970 ἐλθὲ
3300 4917 3507 4988 μᾶλλον
3546 4917 3739 4980 αὑτός.

2157 5011 2266 5064 Καὶ
2291 5010 2395 5083 γὰρ
2429 5010 2747 5079 κεφαλαίοις
2787 5010 3165 5080 ἑϐδομήκοντα
3204 5008 3254 5061 οἱ
3282 5007 3427 5061 κατά
3458 5005 3553 5059 σοῦ
3601 5025 3742 5077 προσ

2153 5102 2327 5173 δήλως
2363 5102 2855 5173 περιστοιχίζονται
2887 5100 3153 5161 λίόελλοι.
3188 5101 3285 5152 καὶ
3319 5099 3399 5151 ἔτι
3438 5100 3503 5151 ὲκ
3546 5098 3741 5165 διαφό-

2157 5211 2267 5264 ρων
2301 5195 2483 5264 ήμεῖς,
2534 5196 2631 5247 καὶ
2677 5193 2920 5257 πλείονες
2963 5194 3062 5247 σὺν
3108 5192 3248 5262 Θεῷ.
3283 5193 3393 5246 Καὶ
3421 5191 3508 5243 ἵνα
3548 5191 3620 5244 τά
3648 5192 3744 5243 ἐπὶ

2155 5286 2362 5347 τούτοις
2409 5286 2680 5357 συντέμω,
2709 5288 2804 5338 καὶ
2839 5286 2868 5337 6
2911 5285 3073 5353 σοφὸς
3126 5284 3422 5355 ἀρχιερεὺς
3459 5282 3541 5335 ἔτι
3580 5280 3742 5351 λογο-

2157 5378 2452 5449 γραφήσας
2470 5379 2531 5431 τὸ
2547 5376 2912 5431 ἀνακόλουθον
2929 5377 3037 5429 τῶν
3056 5376 3285 5439 ἐκείνοις
3308 5372 3743 5443 πεπραγμένων.

2158 5469 2354 5540 ἄριστά
2390 5485 2450 5522 τε
2480 5472 2573 5524 καὶ
2600 5468 2918 5523 δικαιότατα
2952 5466 3344 5539 παρεγράφετο
3368 5465 3603 5527 τούτοις,
3641 5464 3747 5534 τὴν

2159 5564 2279 5617 κατ’
2318 5563 2484 5617 αὑτοῦ
2526 5562 2743 5616 σύνοδον
2787 5561 3173 5631 οἰκούμενικὴν
3223 5559 3479 5628 γενέσθαι
3540 5558 3747 5627 μᾶλλον

2159 5656 2468 5725 εὐχόμενος.
2510 5654 2695 5708 Ταῦτα
2727 5654 3021 5723 δεξάμενον
3055 5656 3149 5706 καὶ
3179 5651 3461 5721 ἀναμαθδν
3502 5650 3567 5702 τὸ
3614 5666 3748 5701 συν-

2162 5749 2337 5818 έδριον
2360 5748 2536 5800 ἐκεῖνο
2565 5747 2652 5800 διά
2688 5746 2785 5814 τῆς
2814 5744 3198 5811 ἀναγνώσεως,
3230 5743 3443 5813 ὁρμῶσι
3488 5739 3747 5809 καθάπερ

2165 5842 2394 5909 λέοντες,
2430 5840 2519 5893 καὶ
2574 5839 2679 5904 τῶν
2728 5836 3143 5894 ἀποσταλέντων
3174 5836 3232 5892 ὃν
3281 5836 3380 5905 μὲν
3413 5833 3648 5904 ἔδειραν,
3687 5830 3751 5886 ὃν
