4088 6208
301 373 405 437 ἳῖτ

960 365 1246 427 ORATIO
1268 366 1491 427 XVIII.
1525 389 1597 403 -
1632 366 2018 429 LAUDATIO
2053 367 2115 426 S.
2157 366 2395 427 JOANN
2406 368 2476 426 IS
2497 367 2903 433 CIIIIYSOST.

3474 370 3583 435 278

301 493 355 546 δὲ
418 486 811 559 περιέσχισαν,
860 483 921 535 όν
971 483 1029 536 δὲ
1077 483 1419 554 ἑσιδήρωσαν
1475 484 1748 554 σιδήροις,
1802 481 1895 546 οὓς

2009 483 2055 536 in
2121 484 2335 538 vincula
2365 490 2419 537 et
2451 481 2659 538 I‘erreos
2688 488 3003 552 compedes,
3027 500 3165 552 quos
3204 484 3276 538 illi
3311 482 3590 539 bacchan-

302 581 851 655 κορυδαντιάσαντες
890 577 972 649 τῷ
1005 578 1227 647 ποιμένι
1281 579 1789 649 παρεσκευάσαντο.
1831 576 1898 631 Τί

302 676 397 730 οἷον
432 674 517 727 ἔτι
556 672 693 742 πρδς
737 668 954 733 τούτοις
999 669 1235 742 δρώσιν;
1282 669 1615 740 Ἀραχνείων
1639 668 1898 739 νημάτων

303 765 729 838 ἀδρανεστέρας
782 760 1184 832 συγγράμμασι
1239 759 1793 831 καταψηφισάμενοι,
1839 758 1898 812 ὃν

303 861 431 913 οὒτε
456 852 628 919 εἶδον,
667 855 761 909 καὶ
798 848 860 908 οὖ
899 856 1085 923 φωνῆς
1115 854 1217 906 οὐκ
1246 853 1510 923 ἥκουσαν,
1541 852 1898 924 καθαιροῦσιν

300 947 613 1019 ἀρχιερέα,
660 946 755 999 καὶ
803 944 979 999 ταῦτα
1022 941 1101 1013 τῷ
1152 943 1369 1013 βασιλεῖ
1417 942 1776 1015 ἀναφέρουσι.
1830 941 1898 995 Τί

300 1042 602 1109 Hymn“;
633 1037 756 1091 Ὀτι
777 1035 853 1108 μὴ
868 1034 1241 1105 τολμήσαντος
1268 1032 1436 1087 αὑτοῦ
1468 1032 1895 1105 παραγενέσθαι,

300 1135 397 1188 διὰ
448 1132 512 1185 τὸ
570 1128 972 1198 συγγινώσκειν
1000 1126 1067 1179 τὰ
1097 1123 1297 1179 ἑαυτοῦ
1322 1165 1337 1189 ,
1367 1124 1430 1179 τὸ
1477 1123 1535 1178 δὲ
1562 1122 1805 1178 τοιοῦτον
1847 1125 1897 1177 of

298 1226 465 1294 νόμοι
519 1218 870 1292 καθαιροῦσι,
923 1218 1084 1272 τοῦτο
1137 1217 1203 1291 δὴ
1250 1218 1345 1271 καὶ
1399 1217 1650 1288 ὑπέστηο
1702 1218 1799 1273 καὶ
1832 1217 1898 1288 δὴ

302 1312 582 1369 κελεύσειν
612 1310 709 1365 τοῦ
746 1310 1017 1381 ὑμετέρου
1055 1309 1293 1377 κράτους
1332 1308 1426 1366 καὶ
1473 1307 1624 1361 άκων
1656 1307 1897 1380 ἐξορίζε-

303 1408 464 1471 σθω,
524 1405 620 1459 καὶ
670 1403 829 1466 δίκας
886 1401 1077 1455 διδότω
1134 1401 1219 1469 ἐφ’
1264 1394 1346 1464 οἷς
1395 1398 1743 1473 λελοιδόρηκε
1796 1400 1899 1471 τὴν

305 1497 608 1568 βασιλίδα.
649 1495 821 1549 είπὼν
870 1493 1043 1564 αὐτὴν
1108 1492 1390 1559 ἰεζάδελ,
1444 1493 1541 1546 καὶ
1582 1491 1756 1563 τούτῳ
1804 1491 1897 1545 τοῦ

302 1591 545 1644 θανάτου
573 1591 687 1651 τοῖς
709 1588 997 1657 φονευταῖς
1022 1584 1484 1656 έπισπευδομένου
1509 1583 1598 1638 διὰ
1618 1583 1677 1637 τὸ
1698 1583 1901 1654 δύσφη-

308 1700 437 1751 μον.
494 1676 752 1733 Πιστεύει
804 1678 986 1732 τοίνυν
1031 1677 1061 1730 ό
1100 1676 1377 1748 βασιλεὺς,
1427 1672 1624 1749 οἷάπερ
1661 1676 1899 1748 ἱερεῦσιν

303 1774 533 1835 αύτοῖς·
582 1770 679 1824 καὶ
727 1762 1103 1833 ἀνεξετάστως
1152 1768 1551 1848 στρατιωτικῆς
1596 1767 1899 1838 ἀποστολῆς

307 1861 673 1933 βκρῦιρικῶς
726 1858 1185 1931 παραταγείσης,
1226 1858 1573 1929 ἐξορισθῆναι
1622 1860 1712 1913 τὸν
1747 1860 1902 1927 ἀγιον

312 1954 557 2009 κελεύει.
588 1954 775 2021 Ἔγνω
800 1950 893 2007 οὖν
920 1952 980 2005 τὸ
1012 1951 1204 2005 πιστὸν
1236 1951 1439 2021 πλῆθος
1462 1950 1637 2005 ταῦτα
1659 1969 1672 1983 ο
1702 1952 1796 2007 καὶ
1830 1952 1908 2023 τῷ

306 2048 492 2111 ζέοντι
553 2046 650 2098 καὶ
703 2043 953 2116 περιόντι
1009 2045 1110 2114 τῆς
1167 2042 1441 2107 πίστεως,
1494 2044 1587 2097 τὸν
1629 2042 1899 2114 βασίλειον

307 2138 479 2213 (ρόδον
517 2137 864 2207 νικήσαντες.
918 2136 1012 2188 καὶ
1042 2134 1194 2188 κάτω
1235 2133 1456 2198 θέντες,
1506 2134 1651 2187 κατὰ
1701 2134 1905 2205 κράτος

306 2232 677 2299 ἀντέστησαν.
729 2225 903 2281 Τοῦτο
934 2224 1028 2279 οὖν
1060 2223 1288 2279 συνιδὼν
1317 2227 1345 2279 ό
1390 2224 1485 2279 τοῦ
1524 2224 1659 2279 Θεοῦ
1693 2225 1905 2295 ἄνθρω-

310 2337 447 2382 πος.
485 2320 580 2370 καὶ
613 2316 714 2381 τὰς
754 2319 820 2370 ἐκ
874 2315 970 2370 τοῦ
1024 2317 1355 2387 πράγματος
1396 2315 1601 2387 βλάδας
1635 2317 1729 2369 καὶ
1776 2319 1902 2381 τοὺς

308 2409 597 2473 κινδύνους
626 2408 1045 2478 ἀποσκοπὴσας,
1075 2406 1330 2462 λανθάνει
1356 2408 1565 2470 πάντας
1596 2423 1609 2437 ·
1641 2410 1732 2462 καὶ
1766 2410 1901 2478 πρὸς

307 2503 414 2573 τὴν
442 2501 661 2572 σφαγὴν
698 2500 865 2571 (οὕτω
902 2502 1011 2571 γάρ
1044 2500 1158 2570 ἐγὼ
1196 2500 1350 2555 καλῶ
1390 2500 1489 2571 τὴν
1522 2502 1743 2554 ἐκείνων
1776 2504 1899 2572 βου-

309 2593 413 2669 λὴν
436 2592 533 2646 καὶ
562 2590 762 2663 ὁρμὴν,
799 2584 956 2665 οἶμαι
982 2592 1039 2645 δὲ
1074 2592 1170 2645 καὶ
1211 2592 1408 2663 ὑμεῖς)
1450 2593 1583 2646 ώσεὶ
1629 2594 1900 2663 πρόὸατον

309 2683 603 2753 ἐθελοντὴς
678 2684 1068 2753 παραγίνεται.
1136 2681 1310 2736 Τοῦτο
1377 2682 1434 2737 δὲ
1513 2684 1900 2751 συλλαϐόντες,

312 2774 484 2845 μέχρι
542 2774 640 2842 τῆς
683 2774 1048 2845 Προποντίδος
1102 2773 1357 2838 Εὐξείνου
1409 2775 1546 2837 τέως
1598 2775 1900 2841 ἐξέλκουσι.

306 2867 476 2919 Μετὰ
522 2864 691 2919 ταῦτα
744 2865 833 2930 ei;
871 2865 1365 2935 Μεταμεληθέντες
1411 2868 1554 2929 τινὲς
1592 2866 1651 2933 ἐξ
1684 2868 1899 2933 αὐτῶν,

309 2954 825 3026 σεσυκοφαντῆσθαι
864 2954 956 3008 τόν
1003 2955 1255 3029 Ἰωάννην
1284 2958 1379 3010 καὶ
1402 2957 1692 3028 ἠδικῆσθαι
1728 2976 1901 3031 προσο

308 3046 530 3114 ἐλεγον·
584 3049 680 3100 καὶ
728 3046 891 3100 τοῦτο
920 3047 1019 3100 οὑκ
1040 3042 1107 3118 ἦν
1135 3050 1248 3110 τοῖς
1277 3046 1493 3113 πολλοῖς
1516 3048 1603 3102 διὰ
1630 3050 1864 3114 πίστεως
1884 3066 1898 3081 ο

2001 583 2085 629 tes
2109 574 2316 645 pastori
2343 583 2689 646 paraverant.
2726 573 2867 642 Quid
2891 591 3021 645 ergo
3049 584 3169 645 post
3200 576 3314 631 haec
3340 578 3541 632 facium
3570 578 3594 632 ἲ

1999 664 2139 719 Cum
2172 680 2500 719 aranearum
2543 664 2669 719 telis
2692 664 3147 719 imbecillioribus
3196 668 3417 735 scriptis
3459 684 3586 722 eum

1999 754 2535 826 damnassent,quem
2557 770 2735 827 neque
2754 755 2997 810 viderant
3013 772 3188 825 neque
3215 758 3380 827 hujus
3401 774 3588 814 vocem

1999 847 2343 913 audiverant,
2386 847 2669 918 deponunt
2689 849 3021 918 pontificem,
3046 858 3099 904 et
3117 849 3232 905 haec
3250 850 3497 906 referunt
3518 853 3587 907 ad

2000 940 2403 1011 imperatorem.
2428 938 2571 1007 Quid
2588 939 2872 997 dicentes?
2896 940 3055 1011 Quod
3114 957 3242 997 cum
3283 959 3393 999 non
3417 961 3588 1001 ausus

1997 1043 2145 1091 esset
2160 1036 2440 1104 accedere,
2458 1037 2604 1106 quod
2630 1047 2773 1094 esset
2795 1038 2900 1094 sibi
2919 1040 3217 1109 conscius;
3242 1056 3368 1097 eum
3404 1054 3585 1098 autem

2000 1126 2146 1196 leges
2170 1127 2477 1198 deponant;
2500 1127 2601 1183 hoc
2616 1128 2782 1183 etiam
2807 1131 3091 1186 sustinuit.
3134 1130 3302 1188 Jussu
3329 1149 3460 1205 ergo
3490 1151 3587 1188 ve-

2000 1225 2130 1273 strae
2176 1219 2453 1288 potentiae,
2500 1218 2842 1285 aiebant,ch
2864 1220 3065 1275 invitus
3098 1223 3388 1291 relegetur,
3405 1233 3459 1279 et
3498 1227 3590 1279 det

2004 1324 2197 1380 pennas
2226 1311 2372 1380 quod
2401 1310 2703 1367 maledictis
2728 1313 3036 1368 insectatus
3058 1315 3129 1369 sit
3174 1314 3584 1385 imperauit-cm

1997 1417 2119 1457 eam
2151 1401 2341 1457 dicens
2362 1399 2602 1466 Iezabel,
2626 1403 2707 1457 vel
2736 1404 2790 1457 in
2838 1419 2906 1457 eo
2934 1413 3108 1458 morte
3132 1406 3200 1458 ab
3233 1406 3585 1461 occisoribus

2000 1492 2302 1548 accelerata
2355 1502 2580 1563 propter
2618 1494 2768 1549 verbi
2818 1496 3193 1565 asperitatem.
3252 1495 3341 1551 Eis
3404 1498 3587 1566 itaque

1999 1585 2174 1638 credit
2201 1584 2501 1654 imperator
2526 1595 2786 1655 tanquam
2845 1586 3251 1653 sacerdotibus,
3278 1595 3333 1642 et
3380 1588 3589 1657 absque

2000 1679 2108 1733 ulla
2138 1678 2566 1740 examinatione,
2592 1678 2758 1733 missa
2784 1694 2947 1733 manu
2980 1680 3226 1745 militari,
3260 1680 3416 1749 jubet
3456 1696 3585 1735 sano

2005 1783 2151 1827 ctum
2190 1770 2453 1841 relegari.
2492 1770 2617 1826 llaec
2643 1773 2901 1841 cognovit
2950 1772 3127 1827 fidelis
3162 1772 3348 1842 populi
3398 1774 3587 1826 multi-

2015 1863 2169 1926 tudo,
2203 1861 2439 1932 fideique
2475 1861 2688 1918 fervore
2716 1870 2771 1917 et
2802 1862 3098 1917 abundatia
3128 1863 3271 1917 vieto
3295 1870 3349 1917 et
3380 1863 3591 1933 dejecto

2015 1962 2161 2009 metu
2193 1952 2563 2023 imperatoris,
2595 1953 2645 2005 vi
2671 1954 3016 2007 restiterunt.
3066 1952 3183 2007 Hoc
3228 1963 3409 2009 autem
3461 1968 3588 2008 cum

2014 2044 2498 2100 animadvertisset
2524 2045 2606 2098 vir
2651 2044 2872 2099 divinus
2899 2055 2953 2099 et
2975 2060 3098 2115 quae
3129 2060 3195 2100 ex
3232 2060 3300 2100 eo
3330 2045 3591 2100 orieban-

2014 2148 2101 2192 tur
2134 2138 2332 2191 damna
2376 2146 2432 2192 et
2459 2136 2701 2207 pericula
2731 2136 3162 2203 considerasset,
3190 2151 3382 2193 omnes
3434 2138 3586 2201 latet,

2012 2238 2066 2284 et
2101 2229 2169 2283 ad
2209 2228 2411 2284 caedem
2438 2227 2555 2297 (sic
2584 2226 2731 2281 enim
2786 2241 2891 2295 ego
2939 2242 3076 2280 voco
3132 2227 3354 2281 illorum
3393 2227 3587 2281 conci-

2022 2322 2156 2377 lium
2206 2329 2261 2376 et
2310 2321 2595 2390 impetum,
2624 2320 2882 2372 existimo
2916 2328 3100 2373 autem
3155 2332 3259 2373 vos
3316 2328 3589 2388 quoque).

2012 2428 2271 2488 tanquam
2298 2417 2418 2472 ovis
2454 2424 2650 2486 sponte
2698 2432 2795 2471 sua
2835 2415 3064 2470 accedit.
3103 2415 3237 2469 Eum
3283 2432 3413 2471 vero
3465 2431 3592 2469 cum

2010 2509 2585 2580 t-onipreliendissent,
2628 2523 2805 2577 usque
2850 2506 2915 2559 ad
2971 2505 3167 2561 Euxini
3205 2506 3590 2577 PrOpontidem

2009 2612 2141 2655 tunc
2172 2600 2416 2654 trahunt.
2448 2596 2579 2653 Post
2617 2598 2732 2653 haec
2769 2598 2947 2666 quid?
2981 2596 3213 2665 Quidam
3251 2613 3317 2653 ex
3353 2598 3421 2653 iis
3440 2598 3593 2653 ducti

2013 2690 2360 2760 poenitentia,
2388 2687 2643 2743 dicebant
2680 2690 2848 2744 fuisse
2873 2687 3143 2743 Joannem
3173 2688 3475 2758 appetitum
3499 2703 3592 2741 ca-

2015 2782 2240 2836 lumniis
2268 2790 2322 2835 et
2364 2780 2566 2850 injuria
2598 2778 2875 2834 affectum.
2906 2780 3017 2835 Nec
3047 2778 3153 2834 boc
3195 2780 3523 2834 credebatur
3556 2797 3586 2831 a

2010 2872 2257 2925 multis:
2298 2872 2457 2926 fidem
2515 2880 2696 2926 autem
2756 2886 2845 2927 res
2914 2871 3046 2940 ipsa:
3097 2871 3269 2940 magis
3324 2869 3591 2925 fecerunt.

2006 2961 2336 3027 Quomodo?
2368 2963 2448 3017 Ex
2482 2962 2690 3018 lionore
2712 2971 2766 3017 et
2795 2964 3206 3025 emolumentis,
3238 2963 3439 3032 quibus
3463 2969 3595 3017 sunt

2009 3054 2187 3108 affecti
2245 3062 2620 3109 accusatores.
2691 3053 2797 3109 Sed
2860 3054 3151 3123 profanant
3206 3069 3269 3109 os
3311 3054 3597 3108 dedecoris

308 3138 513 3209 ὶκὺρου
544 3131 602 3191 δὲ
625 3137 787 3192 πλέον
816 3137 914 3210 τὴν
942 3139 1127 3193 πίστιν
1153 3139 1218 3195 τὰ
1243 3139 1566 3211 πράγματα.
1602 3141 1757 3205 nam
1807 3142 1900 3195 Ἐκ

2010 3146 2377 3214 respondebat
2407 3146 2492 3201 bis
2526 3147 2688 3216 nugis
2716 3147 2907 3201 dicens
2938 3165 2950 3201 :
2993 3145 3221 3200 Etiamsi
3250 3145 3385 3200 nihil
3418 3145 3595 3207 aliud,

308 3234 407 3301 τῆς
439 3232 553 3287 τῶν
602 3231 1060 3301 άπενηνεγμένων
1093 3233 1207 3295 τοῖς
1250 3233 1579 3304 κατηγόροις
1624 3234 1789 3303 τιμῆς
1840 3252 1900 3289 τε

312 3326 407 3383 καὶ
433 3323 738 3399 προκοπῆς.
784 3324 946 3378 Ἀλλά
972 3325 1034 3378 τδ
1056 3325 1152 3395 τῆς
1180 3324 1441 3397 αἰσχύνης
1473 3326 1689 3397 άνίερον
1721 3329 1895 3397 στόμα

308 3420 579 3481 τοιούτοις
590 3419 813 3487 ἀπήντα
826 3420 937 3481 τοῖς
951 3418 1129 3488 φλυαρ
1142 3418 1167 3488 ἡ
1178 3434 1361 3488 μασιν.
1379 3419 1440 3471 El
1459 3420 1553 3470 καὶ
1573 3418 1740 3490 μηδὲν
1754 3420 1904 3484 ἄλλο,

2012 3247 2068 3290 at
2098 3237 2410 3305 arrogantia
2431 3246 2485 3291 et
2516 3236 3013 3308 superbiaJuannis
3039 3252 3166 3291 eum
3186 3235 3462 3305 deposuit,
3486 3250 3600 3290 suae

2010 3330 2233 3385 malitia:
2261 3331 2544 3406 improbus
2584 3339 2855 3385 veterator
2888 3329 3233 3399 Scripturam
3282 3328 3592 3399 applicans.

2020 3439 2215 3495 nempe
2246 3424 2391 3494 quod
2425 3425 2679 3494 superbis
2717 3425 2921 3479 resistit
2954 3422 3241 3478 Dominus.

308 3514 525 3581 φάσκον
547 3514 705 3578 τέως,
734 3514 793 3567 τὸ
822 3513 1141 3579 ἀλαζονικὸν
1178 3514 1427 3568 Ἰωάννου
1452 3513 1685 3587 καθῄρει
1717 3518 1901 3583 αὑτὸν,
1943 3522 2286 3591 παρενείρων
2326 3520 2425 3589 τῆς
2475 3518 2673 3582 κακίας
2706 3518 2735 3570 ὁ
2768 3515 3029 3586 σοφιστὴς
3064 3515 3123 3567 τὸ
3180 3514 3279 3582 τῆς
3347 3512 3596 3583 Γραφῆς.

308 3606 458 3665 mea
492 3606 588 3658 καὶ
618 3608 730 3669 τοῖς
764 3606 1136 3677 ὑπερηφάνοις
1168 3607 1556 3663 ἀντιτάσσεται
1584 3609 1811 3682 Κύριος.

378 3700 483 3753 κδ’.
535 3698 768 3755 Ἔπειτα
814 3699 1015 3775 γράφει
1049 3701 1077 3753 ό
1120 3698 1357 3770 διώκτης
1411 3701 1547 3772 πρὸς
1596 3704 1689 3754 τὸν
1727 3701 1901 3771 μέγαν

321 3792 700 3859 Ἰννοκέντιον,
740 3788 960 3860 Ῥώμης
990 3792 1270 3861 ἀρχιερέα,
1295 3793 1415 3861 τὴν,
1448 3793 1516 3863 ἦν
1538 3793 1701 3857 αὐτὸς
1747 3793 1905 3861 ἔδρα-

310 3901 444 3945 σεν,
483 3882 568 3945 εἰς
609 3882 703 3935 τὸν
752 3881 988 3951 ποιμένα
1042 3883 1413 3953 μεταμορφῶν
1463 3885 1558 3938 καὶ
1610 3886 1904 3939 ποικίλλων

312 3973 690 4045 παρανομίαν.
740 3972 903 4026 Ἀλλὰ
950 3973 1207 4042 Θεόφιλος
1240 3975 1441 4045 γράφει
1489 3975 1629 4045 μὲν,
1667 3994 1901 4045 καταγι-

312 4066 589 4119 νώσκεται
617 4065 702 4129 δὲ,
736 4066 1050 4133 διαγνόντος
1090 4065 1185 4119 τοῦ
1235 4066 1394 4121 πάπα
1437 4067 1626 4135 σαφῶς
1663 4068 1730 4122 τὰ
1766 4069 1907 4122 κατά

310 4158 405 4211 τὸν
456 4157 633 4226 ᾶγιον.
686 4150 789 4210 Ὠν
845 4156 906 4211 τὸ
964 4156 1240 4218 πολυειδὲς
1285 4158 1395 4212 τῶν
1442 4160 1894 4230 ἐπιτηδευμάτων

310 4250 691 4317 καταπλαγεὶς
722 4251 751 4303 ὁ
790 4248 1035 4321 Ῥώμης,
1084 4251 1176 4303 ἐπὶ
1219 4250 1311 4303 τὸν
1360 4250 1495 4304 Θεὸν
1550 4252 1905 4323 καταφεύγει,

308 4342 597 4409 κάκεῖθεν,
621 4342 825 4408 ἐξαιτεῖ
850 4343 1079 4413 λυθῆναι
1111 4342 1223 4396 τῶν
1258 4343 1572 4398 σκανδάλων
1617 4346 1687 4399 τὰ
1722 4364 1903 4415 μηχα-

307 4436 558 4505 νήματα.
600 4435 712 4489 Καὶ
745 4433 928 4503 μέντοι
961 4434 1057 4488 καὶ
1082 4434 1351 4505 λαμϐάνει
1381 4436 1481 4505 τὴν
1509 4435 1687 4502 λύσιν,
1720 4438 1815 4489 καὶ
1846 4438 1907 4490 τὸ

308 4530 481 4599 τάχος
518 4528 707 4599 ἡλίκον
738 4528 969 4581 ἐκεῖθεν.
1030 4528 1093 4582 Ἦ
1136 4529 1335 4600 κυνικὴ
1378 4529 1641 4599 Θεοφίλου
1679 4529 1907 4600 ζήτησις

308 4622 411 4674 καὶ
466 4620 715 4673 ἀναίδεια
771 4619 913 4675 κατά
969 4620 1065 4675 τοῦ
1096 4620 1276 4675 ἀθώου
1327 4623 1408 4675 ἑτι
1464 4623 1906 4695 προσανηρεύνα.

320 4712 611 4767 Ἐντεῦθεν
663 4716 798 4785 πρὸς
846 4714 1018 4785 ὀργὴν
1070 4714 1180 4769 τῶν
1233 4715 1440 4769 πιστῶν
1488 4715 1805 4781 έξανάπτει
1834 4719 1905 4774 τά

310 4807 498 4875 πλήθη
527 4822 541 4836 ·
572 4807 667 4858 καὶ
698 4807 914 4870 στάσεις
948 4808 1015 4861 ὲκ
1053 4807 1243 4861 τούτου
1277 4809 1493 4880 μυρίαι,
1523 4810 1618 4863 καὶ
1651 4810 1857 4881 πληγαὶ
1882 4854 1896 4877 ,

308 4898 411 4961 καὶ
458 4897 710 4969 διάφοροι
757 4898 1028 4961 κίνδυνοι,
1080 4900 1174 4953 καὶ
1223 4901 1433 4969 γίνεται
1480 4903 1595 4965 τοῖς
1640 4906 1901 4973 πονηροῖς

2084 3701 2176 3754 24.
2213 3696 2421 3751 Deinde
2453 3694 2645 3749 scribit
2680 3700 3003 3763 persecutor
3026 3691 3092 3746 ad
3124 3691 3432 3745 Romanum
3460 3706 3595 3761 pon-

2013 3794 2212 3848 tificem
2265 3788 2669 3849 Innocentium,
2713 3800 2878 3855 quam
2940 3785 2994 3838 in
3050 3795 3326 3855 pastorem
3394 3784 3599 3838 fecerat

2017 3885 2363 3954 iniquitatem
2386 3880 2792 3935 transformans
2823 3887 2878 3934 et
2906 3877 3149 3933 varians.
3193 3876 3297 3932 Sed
3324 3875 3599 3945 Theophi-

2017 3980 2103 4035 lus
2133 3976 2325 4032 scribit
2354 3972 2608 4045 quidem,
2634 3971 3035 4026 condemnatnr
3065 3976 3271 4034 autem,
3307 3984 3431 4023 cum
3458 3983 3595 4038 pap'l

2018 4078 2207 4139 aperte
2241 4065 2555 4121 res—sancti
2589 4068 2967 4133 cognosceret.
3014 4059 3261 4127 Quorum
3306 4058 3489 4114 varios
3534 4073 3598 4112 ae

2012 4161 2343 4230 multiplices
2386 4165 2620 4212 conatus
2682 4154 2893 4209 mirans
2950 4151 3235 4207 Romanus
3281 4152 3597 4222 episcOpus,

2018 4252 2086 4305 ad
2128 4250 2296 4305 Deum
2326 4248 2597 4317 confugit.
2637 4253 2691 4300 et
2738 4246 2869 4314 petit
2895 4254 2954 4297 ut
2986 4244 3134 4297 idinc
3164 4243 3450 4297 solvantur
3482 4258 3599 4294 ma-

2010 4343 2360 4399 cbinationes
2408 4337 2797 4393 offensionum.
2830 4333 3063 4387 Maxima
3101 4335 3285 4402 itaque
3314 4332 3597 4386 celeritate

2012 4435 2165 4491 illinc
2206 4432 2419 4502 accepit
2447 4430 2803 4485 solutionem.
2840 4427 3051 4482 Canina
3083 4423 3379 4494 TbeOphili
3419 4424 3597 4492 impu-

2015 4527 2199 4583 dentia
2265 4525 2446 4579 adlmc
2515 4519 2832 4590 inquirebat
2896 4516 3167 4573 adversus
3218 4517 3590 4570 innocentem.

2014 4616 2154 4673 Hine
2200 4615 2266 4670 ad
2305 4616 2441 4669 iram
2471 4613 2651 4668 irritat
2688 4611 2928 4665 fidelium
2964 4607 3396 4663 multitudinem.
3428 4606 3592 4660 Innu-

2012 4710 2303 4766 merabiles
2332 4725 2398 4764 ex
2444 4723 2511 4763 eo
2542 4708 2820 4763 exsistunt
2878 4703 3178 4759 seditioucs
3221 4711 3276 4757 et
3327 4702 3500 4771 plagae
3542 4710 3597 4754 et

2011 4804 2227 4859 diversa
2260 4800 2499 4869 pericula
2517 4840 2533 4866 ,
2555 4810 2608 4853 et
2634 4794 3344 4865 contremiscuntimprobi.
3363 4790 3459 4845 Vir
3492 4791 3593 4845 im—

2017 4899 2143 4968 pius
2168 4895 2458 4951 celerrime
2491 4893 2629 4965 fugit
2658 4892 3072 4955 Alexandriam,
3108 4905 3231 4945 cum
3257 4888 3343 4942 vix
3380 4886 3594 4943 evasis-

307 4989 539 5058 τρόμος.
600 4989 764 5061 Ἀνὴρ
816 4990 1103 5061 δυσσεϐὴς,
1152 4991 1293 5045 κατὰ
1344 4992 1509 5064 τάχος
1567 4995 1787 5063 φεύγων
1820 4998 1900 5059 είς

2020 5000 2105 5046 set
2142 5006 2238 5045 eos
2268 4989 2361 5059 qui
2386 4989 2718 5057 quaesieram
2749 5001 2873 5041 eum
2902 4985 3040 5039 mari
3076 4984 3333 5038 obruere.
3362 4981 3455 5036 Sic
3494 4997 3593 5050 pa-

320 5078 759 5150 Ἀλεξάνδρειαν,
801 5079 955 5150 μόλις
986 5081 1205 5151 διαδράς
1238 5083 1364 5146 τοὺς
1395 5083 1744 5139 θαλασσώσαι
1774 5084 1906 5139 τοῦ-

308 5188 403 5229 τον
434 5174 782 5243 ζητήσαντας
804 5213 820 5239 ,
874 5175 1060 5237 κακῶς
1089 5174 1190 5245 τῆς
1241 5175 1633 5248 βασιλευούσης
1676 5178 1904 5233 άποδιαυ

312 5266 620 5333 πομπεῖται
653 5265 749 5318 σὺν
793 5265 979 5327 αὐτοῖς
1024 5266 1354 5336 κατηγόροις
1390 5267 1484 5319 καὶ
1526 5266 1902 5336 ὁμογνώμοσι.

310 5358 593 5411 Μανθάνει
619 5357 793 5412 ταῦτα
822 5359 976 5427 παρὰ
1005 5357 1097 5411 τοῦ
1141 5357 1359 5429 Ῥώμης
1388 5362 1417 5413 ὁ
1448 5358 1701 5429 βασιλεὺς
1739 5360 1905 5415 Ὀνώ-

314 5451 581 5521 ρ.ος,,καὶ
622 5452 705 5504 ὅτι
736 5450 1085 5522 χαριζόμενοι
1121 5454 1187 5523 τῇ
1225 5451 1453 5522 esseet;
1492 5456 1903 5525 σεσυκοφαντη-

309 5560 441 5606 κασι
473 5544 565 5597 τὸν
613 5544 889 5614 Ἰωάννην.
924 5545 1031 5597 Καὶ
1075 5543 1376 5614 περίλυπος
1405 5546 1697 5616 γενόμενος
1736 5546 1899 5618 (ἔρως

308 5635 422 5707 γάρ
466 5636 731 5707 ἐγκρατεῖ
769 5635 860 5687 τὸν
911 5634 1137 5704 βασιλέα
1185 5635 1428 5705 θερμὸς,
1479 5637 1574 5689 καὶ
1631 5636 1895 5704 ἐπεθύμει

308 5727 612 5780 θεάσασθαι
658 5726 751 5779 τὸν
801 5727 1100 5797 ἀρχιερέα)
1151 5726 1354 5794 γράφει
1392 5726 1470 5797 τῷ
1530 5726 1747 5798 ἀδελφῷ
1804 5728 1898 5780 καὶ

304 5820 526 5889 βασιλεῖ
580 5818 874 5891 ’Δρκαδίῳ,
908 5817 1154 5888 νεμεσῶν
1201 5819 1293 5872 καὶ
1333 5818 1771 5891 προσονειδέζων,
1814 5820 1895 5872 ὅτι

304 5911 559 5984 Θεοῖιίλῳ
609 5910 796 5984 χώραν
843 5912 1133 5984 παρέσχεν,
1170 5909 1229 5964 ὃν
1260 5912 1365 5967 ύπὸ
1398 5912 1579 5968 αἰτίαν
1611 5914 1701 5968 καὶ
1744 5911 1901 5982 δίκην

2021 5092 2105 5138 ter
2129 5081 2541 5146 seandalorum,
2598 5080 2775 5135 malus
2806 5078 2946 5133 male
2974 5092 3039 5132 ex
3072 5075 3221 5147 regia
3269 5075 3597 5130 amandatur

2016 5190 2142 5229 cum
2187 5173 2323 5245 ipsis
2354 5171 2794 5234 accusatoribus,
2826 5177 2881 5224 et
2908 5168 2978 5225 iis
3016 5167 3109 5236 qui
3158 5176 3316 5223 erant
3348 5165 3595 5235 ejusdem

2014 5265 2326 5324 sententiae.
2362 5263 2486 5320 llaec
2519 5263 2702 5319 Roma:
2746 5261 2919 5317 audiit
2946 5260 3111 5315 etiam
3146 5260 3449 5329 imperator
3486 5257 3595 5310 Ilo-

2017 5358 2234 5419 norius.
2256 5362 2311 5410 et
2342 5353 2489 5427 quod
2523 5364 2581 5406 ut
2610 5360 2829 5421 gratum
2850 5349 3094 5405 facerent
3122 5348 3403 5411 Endoxiae,
3428 5346 3595 5401 Joan-

2020 5460 2145 5500 nem
2179 5450 2311 5498 sunt
2348 5441 2691 5496 calumniati.
2722 5438 2920 5494 Dolore
2975 5454 3109 5509 ergo
3142 5438 3370 5493 affectus
3401 5438 3595 5507 (valde

2014 5539 2160 5593 enim
2191 5536 2410 5592 amabat
2450 5534 2772 5605 imperator,
2818 5543 2871 5589 et
2902 5534 3156 5603 cupiebat
3189 5534 3377 5587 videre
3418 5534 3597 5603 ponti-

2009 5632 2217 5699 ficem),
2256 5629 2450 5686 scribit
2483 5629 2551 5684 ad
2588 5630 2809 5684 fratrem
2842 5628 3226 5700 imperatorem
3265 5626 3587 5689 Arcadium,

2005 5742 2131 5781 cum
2165 5742 2232 5781 eo
2259 5726 2618 5797 expostulatis
2641 5731 2695 5779 et
2720 5725 3059 5794 exprobrans
3086 5723 3229 5792 quod
3260 5720 3587 5790 Tlicopbilo,

2005 5835 2172 5889 quem
2210 5834 2361 5875 reum
2383 5818 2625 5883 tenebat,
2656 5819 2830 5871 locum
2854 5816 3065 5873 dederit
3086 5815 3390 5884 deponendi
3418 5809 3590 5868 Joan-

2007 5927 2157 5982 nem,
2194 5913 2355 5986 idquc
2401 5913 2518 5971 sine
2549 5912 2833 5971 Romanis.
2873 5912 2997 5970 ilice
3064 5927 3186 5968 cum
3232 5909 3587 5981 cognovisset
