3952 6210
494 288 617 380 2:9~

1759 292 2033 354 LEONIS
2081 294 2539 363 PHILOSOPHI

3651 312 3781 374 280.

502 385 800 472 imperator
833 401 1123 467 Arcadius,
1159 417 1356 473 magna
1386 402 1583 457 ductus
1616 402 1957 472 poenitentia,
2007 405 2074 461 de

2198 406 2313 480 ιῗχε,
2343 414 2716 485 καθῃρηκέναι
2750 419 2843 471 τον
2885 418 3156 488 Ἰωάννην,
3183 420 3472 475 καὶταῦτα
3500 422 3625 493 δίχα
3650 427 3769 478 τῶν

505 494 766 565 pontifice
799 490 1109 551 revocando
1129 496 1404 565 cogitabat
1443 511 1458 549 :
1489 503 1543 549 et
1565 510 1694 550 cccc
1730 506 1895 552 noctu
1929 500 2075 553 venit

502 596 869 653 terraemotus,
914 596 969 641 et
1019 586 1165 641 cadit
1204 601 1329 656 pars
1362 572 1585 641 icubilis
1650 586 2013 657 imperatricis
2058 608 2071 643 :

510 674 723 746 fuitque
754 675 867 731 hoc
916 676 1086 746 (nam
1155 691 1277 747 quae
1333 674 1771 731 intercesserunt
1825 677 2077 733 lubenter

502 767 894 840 pretermitto)
932 782 1100 823 causa
1134 766 1530 824 revocationis.
1577 768 1793 822 Rursus
1825 784 1954 839 ergo
1979 784 2077 838 pa-

501 864 619 912 stor
655 859 830 914 bonus
879 859 1120 929 (oportet
1172 859 1317 913 enim
1370 859 1561 928 paucis
1611 858 1832 929 dicere)
1884 860 2079 930 recipit

500 964 743 1019 gregem,
803 965 926 1004 cum
964 948 1267 1020 imperator
1318 950 1477 1020 longe
1531 949 1876 1018 splendidius
1915 966 2079 1020 quam

500 1041 656 1109 prius
684 1041 733 1095 ei
758 1042 1126 1111 processisset
1155 1043 1373 1097 obviam
1409 1063 1421 1098 :
1449 1051 1505 1098 et
1538 1038 1632 1098 ille
1667 1043 1888 1114 quidem
1925 1045 2080 1114 prius

503 1132 865 1189 contenderet
921 1144 980 1188 ut
1027 1148 1115 1189 res
1172 1149 1287 1189 sua:
1338 1134 1787 1189 exanimarentur
1834 1152 1846 1188 :
1889 1150 2082 1191 omnes

500 1238 630 1279 vero
653 1226 819 1296 plane’
842 1226 1079 1283 violenta
1104 1228 1230 1283 iidei
1267 1230 1510 1283 motione
1534 1244 1663 1283 eum
1697 1228 2078 1293 adduxissent,

501 1314 556 1367 in
591 1320 718 1370 sede
747 1315 1139 1380 collocassent,
1184 1328 1239 1372 et
1273 1327 1332 1371 ut
1377 1333 1565 1387 pacem
1622 1329 1809 1387 ageret
1863 1319 2082 1375 cﬁ‘ecis-

501 1418 642 1462 sent.
686 1405 815 1463 Haec
848 1424 1075 1463 suorum
1113 1425 1398 1465 servorum
1434 1409 1601 1473 Deus,
1635 1410 1726 1481 qui
1758 1412 1962 1465 resistit
1988 1428 2081 1465 su-

500 1499 694 1565 perbis,
737 1509 787 1552 at
820 1500 1106 1554 humilibus
1140 1501 1311 1554 reddit
1339 1501 1572 1571 gratiam
1600 1504 1667 1554 ".
1722 1500 1863 1555 Hinc
1905 1502 2097 1565 adest,‘

503 1609 626 1658 quae
646 1593 1021 1663 hospitalitate
1039 1602 1093 1648 et
1123 1596 1485 1665 temperantia
1510 1594 1835 1664 (scientibus
1861 1593 2082 1663 loquor)

507 1683 701 1737 Saram
764 1690 820 1737 et
864 1682 1173 1738 Susannam
1225 1685 1487 1755 exprimit
1535 1682 1836 1756 Olympias.
1884 1683 2084 1740 Paucis

2183 496 2291 549 ἀπὸ
2353 498 2588 570 Ῥώμης.
2643 501 2831 558 Ταῦτα
2864 505 3114 571 διαγνοὺς
3151 510 3178 561 6
3232 508 3491 577 βασιλεὺς
3560 513 3767 583 Ἀρκά-

2182 586 2313 652 διος,
2364 590 2533 649 πολλά
2582 610 2643 645 τε
2683 596 3067 664 μετεγνωκὼς,
3116 599 3466 656 διεσκέπτετο
3500 605 3767 674 περὶτῆς

2184 678 2536 750 ἀνακλήσεως
2564 683 2658 737 τοῦ
2695 687 3017 757 ἀρχιερέως.
3057 690 3166 743 Καὶ
3200 692 3307 744 ἰδοὺ
3337 694 3561 763 σεισμὸς
3592 712 3767 748 κατα-

2184 766 2451 832 λαμϐάνει
2476 773 2689 838 νυκτὸς,
2716 776 2809 828 καὶ
2837 777 3024 829 πίπτει
3059 778 3224 849 μέρος
3253 781 3345 834 τοῦ
3378 782 3633 847 κοιτῶνος
3662 785 3767 853 τῆς

2188 857 2526 932 βασιλίσσης.
2586 866 2696 918 Καὶ
2744 867 2904 921 τοῦτο
2942 869 3152 937 γίνεται
3191 871 3295 938 (τά
3346 872 3454 945 γὰρ
3497 876 3556 927 ὲν
3610 877 3768 947 μέσῳ

2187 953 2537 1025 παρέδραμον
2579 956 2816 1027 ἐκὼν)ή
2858 960 3006 1012 αἰτία
3050 964 3149 1031 τῆς
3180 962 3548 1034 ἀνακλήσεως.
3593 967 3768 1027 Πάλιν

2186 1040 2278 1098 οὖν
2316 1046 2345 1098 6
2392 1048 2650 1118 ποιμὴνό
2699 1048 2862 1114 καλὸς
2896 1051 3014 1123 (δεῖ
3058 1056 3167 1123 γὰρ
3217 1054 3500 1124 συντόμως
3546 1057 3767 1126 εἰπεῖν)

2187 1138 2561 1210 ἀπολαμϐάνει
2594 1141 2657 1194 τὸ
2702 1143 2973 1213 ποίμνιον,
3006 1145 3100 1197 τοῦ
3141 1144 3407 1214 βασιλέως
3438 1148 3586 1218 αύτῷ
3626 1148 3771 1219 λαμ-

2189 1226 2462 1301 προτέραν
2490 1232 2587 1303 την
2615 1235 2921 1304 ἀπάντησιν
2953 1236 3087 1290 πολὺ
3111 1236 3210 1305 τῆς
3238 1237 3513 1308 προτέρας
3534 1256 3773 1309 πεποιη-

2189 1319 2349 1382 κότος
2369 1336 2383 1351 ο
2421 1320 2631 1374 ἐκείνου
2669 1322 2769 1391 μὲν
2800 1323 3065 1395 πρότερον
3093 1325 3159 1378 τὰ
3195 1325 3320 1378 καθ’
3353 1328 3548 1380 ἑαυτὸν
3584 1327 3775 1392 ἐξετα-

2191 1409 2383 1480 σθῆναι
2436 1410 2939 1483 διισχυριζομένου,
2982 1414 3198 1470 πάντων
3228 1416 3285 1469 δὲ
3336 1415 3496 1486 βιαίῳ
3531 1419 3771 1483 πίστεως

2194 1500 2364 1564 ὅντως
2446 1504 2708 1575 κινήματι
2756 1505 3247 1575 προσαγαγόντων,
3300 1507 3772 1577 ὲνθρονισάντων,

2191 1596 2287 1646 καὶ
2350 1594 2664 1665 είρηνεῦσαι
2718 1597 3064 1665 ποιησάντων
3110 1598 3293 1651 αὐτόν.
3344 1598 3537 1651 Ταῦτα
3581 1602 3611 1653 ό
3662 1600 3775 1652 τῶν

2195 1685 2389 1739 ἑαυτοῦ
2430 1686 2776 1757 θεραπόντων
2802 1687 2954 1751 Θεὸς,
2988 1692 3020 1743 ὀ
3060 1688 3186 1755 τοῖς
3207 1690 3637 1758 ζύπερηφὰνοις
3664 1692 3777 1744 ἀν-

507 1782 687 1828 autem
727 1790 848 1829 eam
882 1789 1102 1844 quoque
1140 1775 1382 1830 declaret
1418 1778 1622 1841 oratio,
1660 1792 1782 1846 quae
1828 1778 2082 1848 volupta-

2198 1778 2638 1848 τιταττόμενος,
2679 1781 2713 1832 ὁ
2744 1779 2870 1844 τοῖς
2896 1780 3202 1847 ταπεινοῖς
3247 1780 3615 1849 ἀντιμετρῶν
3658 1781 3777 1850 τὴν

506 1874 615 1920 tem
666 1862 830 1921 simul
876 1876 930 1920 et
964 1860 1401 1923 adhortationem
1444 1868 1535 1922 ad'
1564 1869 1823 1923 virtutem
1883 1870 2088 1939 praebet

506 1958 597 2021 iis,
648 1958 743 2027 qui
791 1957 1020 2013 laudant
1058 1975 1118 2013 ea
1156 1976 1278 2029 qua:
1320 1969 1450 2014 sunt
1484 1960 1739 2014 honesta.
1800 1960 2085 2031 Olympias

504 2056 647 2115 erat,
680 2065 805 2119 quae
846 2050 1233 2119 temperantia,
1270 2049 1672 2120 hospitalitate,
1717 2051 1973 2106 doctrina
2006 2052 2089 2105 di—

508 2141 885 2209 sciplinarum,
916 2156 1026 2195 non
1062 2142 1245 2198 minus
1269 2152 1380 2196 erat
1414 2141 1585 2207 clara,
1610 2158 1772 2212 quam
1799 2143 2091 2213 splendore

507 2234 947 2303 generisopum
979 2244 1032 2288 et
1064 2233 1516 2304 pulchritudinis,
1567 2244 1789 2303 propter
1834 2249 1954 2305 quae
1991 2226 2093 2287 anQ

508 2324 790 2379 recedebat
820 2326 1079 2381 omnibus
1136 2342 1260 2396 quae
1302 2336 1432 2381 tunc
1475 2337 1652 2381 erant.
1703 2324 1829 2380 llaec
1894 2314 2091 2380 marito

508 2416 729 2484 quidem
764 2416 870 2471 fuit
904 2417 1199 2488 conjuncta
1234 2419 1498 2488 legitime,
1533 2434 1642 2472 non
1668 2428 1753 2473 est
1781 2428 1961 2473 autem
1996 2433 2093 2472 ex-

508 2516 686 2579 perta,
717 2518 776 2563 nt
805 2526 927 2580 quae
960 2525 1086 2565 cum
1126 2526 1190 2566 eo
1219 2526 1412 2581 parum
1447 2511 1667 2565 vixerit.
1697 2509 1828 2563 Eam
1860 2511 2094 2579 impera~

512 2611 599 2655 tor
630 2602 978 2660 Theodosius
1010 2603 1060 2657 vi
1091 2615 1281 2674 postea
1322 2602 1597 2668 trahebat,
1630 2611 1689 2657 ut
1718 2602 1945 2657 nuberet
1973 2602 2091 2657 cui-

511 2695 637 2747 dam
676 2703 911 2764 cognato
953 2711 1076 2763 suo,
1129 2710 1235 2751 nou
1272 2696 1492 2764 quidem
1543 2695 1953 2763 dedignantem,
1997 2692 2094 2748 sed

2188 1868 2385 1939 χάριν.
2434 1870 2777 1941 Ἐντεῦθενή
2821 1870 2899 1941 τῷ
2950 1871 3214 1942 φιλοξένῳ
3255 1874 3351 1926 καὶ
3386 1871 3622 1943 σώφρονι
3670 1875 3778 1945 τὴν

2189 1961 2408 2033 Σάρραν
2447 1962 2540 2014 καὶ
2568 1961 2855 2015 Σωσάνναν
2900 1962 3201 2032 Ὀλυμπιὰς
3232 1962 3432 2034 (εἰδόσι
3455 1963 3591 2032 λέγω
3618 1964 3637 2032 )
3661 1982 3774 2035 χα-

2195 2052 2619 2124 ρακτηρίζουσα,
2669 2054 2988 2124 παρίστησι.
3022 2052 3276 2123 Δηλούτω
3305 2054 3361 2107 δὲ
3392 2054 3477 2107 διὰ
3521 2054 3777 2124 βραχέων

2192 2146 2289 2199 καὶ
2315 2146 2516 2215 ταύτην
2551 2148 2578 2199 6
2603 2146 2780 2215 λόγος,
2815 2146 3006 2216 ἡδονὴν
3040 2147 3156 2215 ἅμα
3186 2146 3280 2199 καὶ
3308 2146 3660 2217 παράκλησιν
3695 2150 3780 2211 εὶς

2190 2239 2395 2310 ἀρετὴν
2418 2242 2529 2303 τοῖς
2556 2238 2838 2292 ἐπαινοῦσι
2863 2238 2933 2291 τὰ
2963 2238 3106 2291 καλά
3136 2239 3528 2308 παρεχόμενος.
3574 2237 3779 2307 Ὀλυμ-

2192 2329 2343 2392 πιάς,
2369 2330 2434 2399 ἢν
2466 2328 2919 2399 ύπερωραίουσαν
2950 2328 3051 2397 τῆς
3077 2328 3453 2399 σωφροσύνης,
3495 2328 3596 2398 τῆς
3629 2328 3781 2397 φιλο-

2194 2421 2508 2488 ξενίαςνκαὶ
2540 2420 2640 2489 τῆς
2671 2419 2921 2483 παιδείας
2947 2419 3058 2472 τῶν
3095 2419 3436 2490 μαθημάτων
3474 2420 3572 2490 οὐχ
3612 2416 3782 2491 ἦττον

2194 2516 2252 2569 αί
2299 2512 2659 2574 πολυτέλειαι,
2696 2513 2729 2583 ἢ
2777 2512 2873 2565 τοῦ
2924 2511 3117 2580 γένους
3164 2512 3382 2565 καὶτοῦ
3424 2512 3659 2565 πλούτου
3686 2517 3785 2565 καὶ

2194 2605 2295 2675 τῆς
2338 2604 2522 2675 ὥρας,
2552 2604 2601 2658 δι
2652 2597 2728 2677 ὧν
2773 2603 3029 2657 ἁπάντων
3076 2602 3184 2655 τῶν
3219 2604 3520 2673 τηνικαῦτα
3554 2603 3785 2673 ὲκράτει

2194 2698 2265 2751 τὰ
2294 2697 2656 2768 διαφέροντα·
2695 2684 2834 2766 αὕτη
2888 2693 3223 2765 ωνεζεύχθη
3262 2696 3361 2765 μὲν
3398 2695 3650 2766 νομίμως
3682 2696 3786 2748 ἀν-

514 2796 709 2842 contra
741 2803 803 2841 ea
850 2804 974 2858 qua:
1023 2804 1122 2858 par
1176 2796 1319 2849 erat.
1371 2788 1805 2859 signiﬁcantem.
1869 2786 2092 2842 Dicebat

2198 2790 2305 2857 69i,
2357 2790 2418 2842 ού
2452 2789 2784 2856 πεπείραται
2825 2788 2883 2842 δὲ
2947 2788 3145 2859 μικρὸν
3194 2785 3341 2856 αύτῷ
3392 2784 3791 2855 συμϐιώσασα.

514 2883 663 2936 enim
697 2900 709 2935 :
744 2880 803 2935 Si
831 2896 927 2936 rex
973 2896 1128 2936 meus
1163 2880 1418 2936 Christus
1477 2880 1745 2935 voluisset
1794 2895 1881 2935 me
1912 2880 2092 2935 vivere

2199 2877 2474 2955 Tatizqvl6
2508 2878 2760 2949 βασιλεὺς
2793 2878 3075 2941 Θεοδόσιος
3104 2878 3198 2929 ὲπί
3225 2894 3330 2930 τινι
3357 2877 3611 2943 συγγενεῖ
3642 2877 3790 2946 μετά

514 2988 640 3028 cuin
692 2975 912 3039 marito,
955 2974 1191 3043 primum
1227 2972 1455 3027 omnino
1505 2987 1613 3026 non
1654 2971 1995 3027 abstulisset.
2032 2969 2092 3024 Et

2198 2969 2371 3023 ταῦτα
2423 2970 2795 3041 βεϐιασμένως
2832 2970 2969 3040 πρὸς
3016 2970 3201 3040 γάμον
3243 2963 3463 3033 εἷλκεν,
3510 2968 3615 3020 οὐκ
3674 2968 3790 3020 ἀπ-

519 3064 653 3135 quid
682 3079 822 3135 Opus
848 3072 933 3121 est
956 3064 1263 3119 orationem
1301 3064 1615 3130 extendere,
1654 3078 1779 3134 quae
1814 3063 2092 3118 contendit

2201 3060 2476 3129 αξιοῦσαν,
2515 3062 2631 3115 ἀλλ’
2663 3060 3050 3134 ἀντιδηλοῦσαν
3078 3061 3147 3115 τὰ
3180 3061 3369 3114 δέοντα
3392 3098 3409 3125 ,
3436 3059 3510 3121 ὡς
3542 3058 3723 3130 Εἴπερ
3761 3062 3794 3114 ὁ

516 3158 586 3211 ad
634 3172 720 3223 ea,
758 3172 880 3227 quae
914 3156 1174 3227 deinceps
1211 3164 1539 3227 sequuntur,
1594 3155 1914 3226 exponenda
1952 3154 2096 3210 ill'us

518 3240 692 3300 verba
721 3245 1025 3315 sapientia?
1064 3246 1128 3300 Ei
1168 3246 1312 3300 enim
1348 3245 1443 3315 qui
1480 3244 1645 3315 sapit,
1690 3244 1820 3299 licet
1861 3259 1925 3298 ex
1976 3230 2099 3297 tim:

517 3336 658 3397 bria,
701 3343 761 3390 ut
804 3345 888 3391 est
917 3335 971 3390 in
1006 3335 1316 3407 proverbio,
1364 3334 1420 3389 id
1459 3335 1605 3406 quod
1652 3342 1735 3389 est
1785 3340 2097 3389 contextum

518 3426 850 3497 intelligere.
872 3424 1037 3481 Iussu
1053 3420 1184 3497 ergo
1204 3415 1559 3498 imperatoris
1580 3424 1904 3480 auferuntur
1933 3424 1980 3479 ei
2018 3424 2099 3476 fa—

520 3516 774 3583 cultates,
804 3517 978 3589 gratia
1014 3517 1300 3573 custodiae.
1326 3517 1417 3573 llla
1443 3527 1625 3573 autem
1647 3532 1712 3572 ea
1738 3532 1796 3572 re
1829 3516 1986 3570 valde
2012 3521 2103 3569 est

522 3610 724 3673 lanata,
740 3621 793 3665 et
813 3610 1016 3665 dictum
1036 3611 1257 3680 protuiit
1279 3610 1594 3682 imperatori
1614 3608 1760 3680 quod
1778 3609 2001 3678 dignum
2019 3614 2106 3661 est

474 3724 478 3729 λ
521 3702 666 3772 quod
683 3702 949 3757 habeatur
968 3703 1022 3756 in
1039 3702 1403 3757 admiratione
1421 3709 1476 3756 et
1501 3699 1790 3755 mandetur
1808 3697 2103 3753 memoriae.

524 3792 672 3848 Dixit
690 3797 831 3847 enim
853 3813 865 3848 :
886 3793 1038 3850 Neea
1055 3794 1459 3859 custodiantur,
1474 3808 1507 3847 ο
1522 3792 1841 3861 imperator,
1859 3791 1951 3846 sed
1975 3790 2108 3845 den—

2202 3152 2335 3223 ὲμὸς
2368 3154 2622 3223 βασιλεὺς
2652 3153 2908 3207 ἐϐούλετό
2945 3171 3012 3225 με
3042 3152 3202 3224 ἀνδρὶ⁸
3234 3151 3531 3222 συμϐιοῦν,
3564 3152 3795 3215 πάντως

2201 3245 2302 3298 οὐκ
2347 3244 2413 3297 ἂν
2458 3245 2547 3298 τὸν
2582 3244 2799 3315 πρῶτον
2848 3244 3145 3315 ἐλάμϐανε.
3180 3244 3290 3298 Καὶ
3323 3236 3487 3319 τίδεῖ
3534 3242 3675 3313 πρὸς
3720 3243 3798 3296 τὰ

2204 3338 2330 3409 ἑξῆς
2362 3338 2470 3391 τῶν
2501 3337 2718 3406 ὲκείνης
2749 3337 2928 3407 σοφῶν
2968 3337 3253 3407 ῥημάτιον,
3284 3335 3379 3389 τοῦ
3423 3335 3583 3403 λόγου
3614 3332 3798 3387 σπεύο

2202 3431 2406 3495 δοντος,
2455 3429 2935 3502 ὲμπ).ατύνεσθαι;
2971 3429 3048 3500 τῷ
3088 3428 3201 3500 γὰρ
3240 3430 3466 3499 νήφοντι
3498 3429 3799 3481 κατανοεῖν

2206 3523 2351 3576 ἔστιν
2386 3524 2449 3574 ὲκ
2500 3523 2594 3575 τοῦ
2646 3522 2985 3592 κρασπέδου,
3030 3520 3175 3573 κατά
3204 3519 3303 3590 τὴν
3353 3518 3679 3589 παροιμίαν,
3731 3518 3800 3570 τὸ

2207 3611 2454 3681 ὕφασμα.
2490 3612 2880 3681 Προστάγματι
2917 3609 3013 3662 τοῦ
3047 3608 3310 3680 βασιλέως
3340 3609 3655 3679 ἀφαιρεῖται
3681 3605 3802 3658 τῶν

2209 3703 2582 3773 ὑπαρχόντων.
2613 3702 2860 3771 φυλακῆς
2891 3701 3070 3771 χάριν.
3119 3699 3183 3751 Ἠ
3213 3700 3270 3752 δὲ
3301 3698 3499 3768 μᾶλλον
3531 3697 3677 3767 ἥσθη
3718 3696 3804 3766 τῷ

2209 3797 2518 3867 πράγματι,
2551 3795 2645 3848 καὶ
2671 3795 2823 3863 δηλοῖ
2850 3793 2930 3864 τῷ
2954 3793 3167 3864 βασιλεῖ
3195 3792 3352 3863 ρἧιν
3386 3790 3667 3861 θαύματος
3700 3789 3804 3843 καὶ

528 3894 617 3939 tur
636 3878 820 3955 potius
844 3886 1199 3956 pauperibus.
1220 3883 1339 3940 Jam
1359 3884 1486 3938 olim
1506 3884 1651 3938 enim
1671 3882 1959 3953 deprecor,
1988 3895 2092 3951 qua

2213 3889 2433 3959 μνήμης
2467 3886 2741 3953 ἀξίαν.....

526 3992 590 4029 ex
613 3978 713 4031 hac
735 3977 1124 4032 distributione
1148 3976 1380 4041 accedit,
1413 3990 1607 4030 vanam
1637 3974 1886 4045 gloriam.
1910 3972 2107 4026 Statim
2351 3980 2577 4035 Λείπει,

528 4085 660 4140 ergo
683 4071 898 4124 laetatus
927 4068 1504 4138 fuitimperator,cum
1525 4066 1639 4120 haec
1681 4065 1945 4129 audisset,
1969 4072 2023 4118 et
2058 4077 2088 4118 e

2409 4072 2585 4135 Εὐθὺς
2622 4066 2717 4125 οὖν
2764 4070 2909 4142 ἦσθη
2961 4072 2989 4123 ό
3038 4068 3313 4140 βασιλεὺς,
3362 4067 3457 4122 καὶ
3501 4066 3804 4122 ἀποδίδωσι

529 4180 625 4217 sua
651 4179 842 4219 rursus
859 4162 1056 4219 reddit.
1082 4163 1176 4216 Illa
1204 4170 1385 4215 autem
1418 4175 1541 4215 cum
1558 4174 1621 4213 ea
1645 4160 1968 4228 accepisset,
1993 4156 2092 4227 puli

2214 4162 2378 4217 πάλιν
2404 4161 2469 4215 τὰ
2501 4162 2720 4231 ἑαυτῆς.
2770 4161 2837 4215 Ἦ
2868 4162 2925 4214 δὲ
2955 4159 3219 4223 λαϐοῦσα,
3255 4156 3428 4212 ταῦτα
3459 4155 3562 4227 μὲν
3592 4156 3808 4227 ᾠκονό-

530 4257 803 4313 cherrime
832 4256 1053 4328 quidem
1080 4254 1506 4318 administravit,
1541 4266 1707 4322 seque
1747 4250 1901 4306 exuit
1926 4264 1990 4304 ac
2020 4264 2092 4321 par

2217 4272 2392 4328 μησεν
2419 4257 2501 4309 ὅτι
2528 4254 2784 4324 μάλιστα,
2815 4254 2909 4306 καὶ
2939 4253 3070 4324 πρὸς
3096 4251 3195 4323 τὴν
3221 4252 3457 4320 ἄσκησιν
3479 4248 3805 4315 ἀποδύεται,

533 4352 675 4405 ravit
709 4351 774 4405 ad
808 4349 1288 4411 exercitationem,
1336 4356 1389 4400 et
1453 4345 1618 4415 paulo
1645 4338 1771 4413 post
1798 4340 2032 4397 refertur
2058 4340 2092 4394 it

2215 4350 2309 4402 καὶ
2339 4348 2455 4419 μετ’
2487 4348 2689 4417 ὀλίγον,
2720 4349 2841 4410 ταῖς
2862 4346 3131 4408 διακόνοις
3160 4347 3258 4416 τῆς
3276 4342 3608 4409 Ἑκκλησίας
3634 4343 3805 4411 ἐγκα-

532 4461 823 4500 numerum
867 4442 1307 4499 diacouissarum
1340 4437 1615 4494 Ecclesia).
1649 4436 1755 4492 Sed
1789 4452 1855 4491 ne
1881 4436 1961 4491 sic
1991 4435 2092 4525 qui

2214 4440 2525 4508 ταλέγεται.
2585 4438 2727 4491 Ἀλλ’
2777 4437 2899 4491 οὐδὲ
2952 4435 3091 4506 αὕτη
3145 4435 3252 4488 τῶν
3298 4433 3561 4504 Θεοφίλου
3612 4434 3805 4511 δεινῶν

531 4536 653 4591 dem
688 4536 863 4606 potuit
887 4533 1119 4590 evadere
1145 4532 1333 4603 gravia
1375 4529 1515 4585 retia
1539 4527 1855 4598 Theophili,
1891 4543 2015 4581 cum
2044 4528 2092 4579 il-

2216 4532 2436 4604 ἀρκύων
2470 4532 2771 4603 ἀμέτοχος,
2824 4532 2923 4600 τὴν
2981 4529 3196 4599 ἐκείνης
3264 4526 3606 4597 φιλοξενίαν,
3669 4526 3804 4595 ὓλην

534 4627 640 4681 lius
675 4625 1099 4695 hospitalitatem
1137 4620 1453 4692 ignominia:
1501 4618 1786 4674 materiam
1841 4616 2088 4686 accepcri

2217 4627 2442 4694 ἀτιμίας
2491 4624 2586 4677 τοῦ
2638 4623 2925 4695 θεομισοῦς
2981 4622 3286 4693 εἰληφότος.
3339 4620 3490 4689 Αὕτη
3547 4620 3691 4689 μετά
3743 4635 3805 4687 γε

536 4720 642 4775 iste
682 4720 791 4773 Deo
824 4718 1057 4772 invisus.
1094 4715 1210 4784 Ipsa
1259 4722 1385 4784 post
1440 4712 1642 4767 multos
1673 4725 1862 4767 curam
1900 4724 2092 4779 quoqut

2219 4718 2450 4780 πολλοὺς
2480 4710 2774 4789 θεραπεύει
2803 4716 3109 4784 Νεκτάριον
3140 4715 3328 4785 χερσὶν
3355 4712 3607 4775 οἰκείαις,
3646 4710 3810 4781 ἡνίκα

536 4812 711 4879 gessit
740 4808 1004 4872 Nectarii,
1041 4816 1097 4860 ut
1142 4821 1263 4876 qua:
1302 4805 1419 4860 suis
1464 4803 1742 4865 manibus,
1787 4801 2007 4871 quando
2051 4814 2092 4853 at

2223 4810 2360 4881 πρὸς
2389 4807 2522 4861 Θεὸν
2554 4806 2839 4878 έξεδήμει,
2883 4805 2952 4858 τά
2982 4804 3173 4858 τούτου
3218 4802 3507 4869 καλύψασα
3556 4801 3809 4870 ὄμματα.

539 4902 708 4958 Deum
737 4903 996 4968 excessit,
1030 4900 1153 4970 ejus
1179 4898 1315 4953 texit
1346 4898 1558 4952 oculos.
1595 4894 1716 4967 ipsa
1754 4908 1974 4965 quoque
2006 4892 2092 4945 Ιιο⁴

2223 4901 2371 4972 Αὕτη
2424 4900 2518 4955 καὶ
2565 4900 2657 4953 τὸν
2718 4898 2891 4970 μέγαν
2949 4896 3145 4962 ξενίζει
3184 4895 3601 4967 Χρυσόστομον,
3659 4891 3817 4966 μάζῃ

540 4994 706 5065 ερὶιίο
736 5008 991 5065 maguum
1032 4991 1337 5061 accipiebat
1362 4989 1840 5059 Chrysostomum,
1869 4985 1918 5041 ei
1950 4984 2092 5038 libuu

2220 4994 2538 5063 δεξιουμένη
2586 4992 2674 5046 διὰ
2703 4991 2764 5044 τὸ
2794 4989 2962 5044 αὐτοῦ
2993 4989 3435 5060 ἀπερίσπαστονο
3474 4985 3571 5037 καὶ
3604 4984 3820 5061 ταύῖην

542 5085 833 5149 exhibens,
869 5094 1156 5157 propterea
1186 5081 1331 5155 quod
1365 5097 1473 5137 non
1510 5088 1697 5152 posset
1747 5076 1908 5132 avelli
1934 5091 1964 5129 a
2000 5083 2088 5130 stu

2222 5087 2281 5141 ἐν
2315 5090 2381 5158 τῇ
2409 5085 2637 5156 δευτέρᾳ
2682 5082 2850 5138 αὐτοῦ
2884 5081 3073 5152 ὲξορίᾳ
3119 5079 3428 5139 ἐπιστολαῖς
3482 5076 3638 5129 δυσὶν
3684 5074 3812 5127 ἀντο

546 5183 689 5247 diis;
724 5175 1101 5252 ipseque‘catn
1138 5180 1192 5233 in
1240 5177 1485 5235 secundo
1528 5192 1630 5231 suo
1668 5174 1865 5229 exsilio
1907 5171 2089 5226 duobu

2224 5177 2568 5245 εδεξιώσατο.
2631 5174 2792 5227 Ἀλλά
2822 5171 2999 5226 ταύτὰ
3047 5187 3137 5239 μοι
3193 5167 3418 5238 ὕστερον
3445 5181 3457 5194 ·
3492 5166 3521 5237 ό
3570 5163 3628 5216 δὲ
3658 5162 3820 5232 λόγος

544 5275 795 5343 epistolis
828 5280 913 5326 est
950 5283 1293 5343 prosecutus.
1337 5268 1443 5325 Sed
1474 5270 1587 5323 haec
1619 5267 1838 5338 quidem
1883 5273 2069 5334 postea

2226 5271 2439 5324 είσιέτω
2470 5267 2605 5339 πρὸς
2633 5266 2693 5320 τὸ
2726 5264 3107 5337 προκείμενον.

547 5367 729 5421 veniat
766 5372 949 5419 autem
1012 5365 1189 5419 oratio
1241 5364 1307 5418 ad
1376 5363 1452 5427 id,
1516 5359 1662 5433 quod
1723 5367 1806 5415 est
1867 5356 2117 5429 proposi-

550 5470 686 5516 tum.
2100 5462 2103 5463 ⁷

620 5555 709 5610 25.
738 5553 867 5608 Post
885 5551 1159 5623 pontiﬁcis
1185 5546 1743 5625 secumlaminsedem
1775 5558 1928 5600 suam
1960 5540 2122 5595 resti-

552 5649 835 5711 tutionem,
856 5661 978 5699 cum
1008 5659 1116 5699 non
1132 5645 1360 5699 multum
1380 5638 1825 5710 prmterﬂuxissct
1846 5633 2129 5706 temporis,

2308 5548 2408 5594 κε’.
2441 5538 2595 5595 Μετὰ
2629 5536 2726 5608 τὴν
2752 5538 2832 5600 είς
2864 5534 2953 5589 τὸν
2991 5532 3182 5604 θρόνον
3213 5529 3475 5599 δευτέραν
3524 5522 3824 5578 ἀποκατά-

2250 5648 2439 5686 στασιν
2470 5630 2562 5684 τοῦ
2593 5627 2919 5699 ἀρχιερέως,
2968 5621 3165 5696 μικροῦ
3195 5618 3550 5692 διαρῤυέντος
3576 5618 3637 5670 ἐν
3670 5614 3825 5687 μέσῳ

627 5853 672 5885 ³³
704 5850 722 5906 l
749 5849 895 5905 Petr.
924 5864 976 5914 ν,
1014 5849 1067 5905 5.
