4088 6208
259 336 362 404 281

909 340 1199 406 ORATIO
1235 342 1460 407 XVIII.
1494 370 1561 381 —
1586 347 1972 411 LAUDATIO
1992 351 2049 413 S.
2086 352 2412 417 JOANNIS
2446 357 2865 428 CHRYSOST‘.

3438 358 3546 440 εει.)

260 458 482 528 γρόνου,
520 454 843 525 συνεισῆλθέ
877 474 932 511 τι
964 458 1074 513 τῶν
1104 460 1422 529 ἀναγκαίως
1453 463 1723 533 δεομένων
1752 466 1847 537 τῆς

1959 468 2149 525 incidit
2179 472 2409 542 aliquid,
2439 458 2587 544 quod
2625 458 2939 535 necessario
2984 497 3123 554 opus
3156 485 3393 546 habebat
3427 509 3552 550 cor-

256 547 608 618 διορθώσεως
628 564 643 578 '
682 550 777 602 καὶ
809 548 921 602 τῶν
949 550 1167 605 οἰκείων
1201 552 1379 622 εἴχετο
1411 557 1551 608 κατὰ
1601 558 1800 627 κράτος
1823 560 1853 611 6

258 642 370 695 τῶν
399 642 660 694 τοιούτων
683 640 1006 713 διορθωτὴς,
1038 645 1134 696 καὶ
1161 644 1319 708 αὖθις
1352 648 1383 716 ὴ
1419 646 1635 717 βασιλὶς
1663 649 1734 702 δι’
1755 650 1855 721 6p-

259 734 365 803 γῆς
400 734 646 803 σφοδρᾶς
685 734 764 805 τῷ
791 736 1013 803 ποιμένι
1061 736 1381 790 καθίστατο.
1440 739 1507 792 Εἰ
1562 757 1648 804 τις
1696 741 1853 812 ὑμῶν

258 822 370 880 οἶδε
392 827 489 880 τὸν
516 827 797 897 ἀργυροῦν
820 827 1137 898 ἀνδριάντα,
1168 829 1261 883 καὶ
1291 830 1391 894 τὰς
1419 832 1694 902 δημώδεις
1729 834 1865 889 ἐκεῖ

257 920 507 983 παιδιὰς,
539 921 635 973 καὶ
659 918 754 973 τοῦ
785 920 928 974 θείου
959 921 1124 992 δόμου
1188 924 1280 975 τὸν
1311 923 1558 995 θόρυϐον,
1593 927 1689 980 καὶ
1743 927 1848 999 τὴν

256 1011 561 1081 ἀκοσμίαν,
596 1008 737 1064 οἶδεν
773 1011 802 1063 ὃ
826 1012 991 1079 λέγω.
1035 1012 1205 1067 Πάλιν
1235 1013 1329 1067 οὖν
1357 1014 1569 1083 ἀγῶνες
1599 1016 1659 1082 ἐξ
1697 1017 1851 1086 ἀγώ-

255 1124 387 1170 νων,
431 1106 531 1159 καὶ
594 1104 827 1158 σύνοδοι
861 1105 1006 1159 κατά
1058 1106 1151 1159 τοῦ
1211 1107 1534 1180 ἀρχιερέως.
1585 1111 1851 1167 Γινώσκει

253 1199 432 1251 ταῦτα
471 1201 502 1252 6
525 1197 881 1267 διωκόμενος,
924 1200 1021 1252 καὶ
1052 1201 1154 1270 τὴν
1193 1201 1520 1274 περιϐόητον
1569 1203 1855 1277 ἐκτίθησιν

250 1291 504 1359 ὁμιλίαν,
556 1290 752 1343 Πάλιν
790 1290 1067 1358 Ἡρωδιὰς
1093 1292 1390 1361 μαίνεται.
1439 1294 1696 1350 Ἀνάπτει
1750 1298 1851 1369 τὴν

256 1384 427 1453 μῆνιν
483 1380 644 1435 τοῦτο
694 1383 792 1452 τῆς
838 1383 1146 1452 βασιλίδος·
1198 1386 1293 1439 καὶ
1350 1386 1515 1440 πάλιν
1567 1389 1857 1460 παρρησία

249 1477 373 1537 τοῖς
399 1474 752 1544 κατηγόροις.
811 1474 923 1526 Καὶ
981 1474 1242 1543 Θεόφιλος
1293 1476 1401 1530 ἀπὸ
1457 1478 1559 1548 τῆς
1598 1479 1850 1545 Ἀλεξαν-

250 1566 452 1636 δρείας
487 1565 898 1635 παραγενέσθαι
933 1565 1191 1634 δηλοῦται
1236 1568 1357 1638 μὲν,
1405 1568 1485 1623 ἔτι
1532 1570 1588 1624 δὲ
1640 1571 1852 1626 δειλιῶν

251 1661 282 1712 6
329 1658 568 1722 δείλαιος
612 1656 997 1713 ἀναϐάλλεται.
1031 1659 1224 1730 Ὅμως
1283 1662 1583 1735 ’Δρειανῶν
1639 1666 1848 1732 κανόνι,

252 1751 518 1821 καθάπερ
580 1750 742 1819 τόξῳ,
806 1752 1199 1827 χρησάμενος,
1254 1753 1469 1824 βάλλειν
1526 1758 1850 1832 κατατολμᾷ

253 1843 563 1912 τοξεύμασι
592 1844 704 1906 τοῖς
738 1844 802 1896 ὲκ
844 1843 1095 1914 μέλανος.
1137 1846 1250 1917 Τῆς
1296 1847 1354 1901 δὲ
1408 1848 1571 1918 βολῆς
1618 1850 1679 1904 τὸ
1728 1848 1850 1905 ἐκεῖ
1881 1834 1923 1890 Β

254 1935 495 2005 καίριον,
525 1936 607 1987 ὅτι
634 1934 758 2005 δίχα
790 1935 1008 1989 συνόδου
1051 1936 1081 1988 6
1119 1938 1469 2009 καθαιρεθεὶς
1515 1944 1583 2014 τῇ
1638 1943 1843 2015 ἐκκλη-

256 2028 351 2099 σία
380 2027 757 2098 είσέρῤευσεν.
822 2022 917 2091 Οἷς
949 2028 1188 2099 ἐντυχὼν
1226 2033 1254 2083 6
1284 2031 1425 2096 θεῖος
1482 2027 1637 2098 οὗτος
1684 2035 1845 2108 ἀνὴρ,

255 2120 353 2172 καὶ
376 2118 816 2189 διερωτώμενος,
848 2117 986 2173 Ὑπὸ
1013 2118 1278 2190 βασιλέως
1304 2122 1595 2195 ἐξηλάθην,
1621 2126 1850 2197 ἀπεκρί-

252 2227 407 2275 νατο,
436 2209 531 2262 ὑπ’
562 2208 731 2262 αὑτοῦ
764 2209 1029 2280 βασιλέως
1064 2212 1159 2263 καὶ
1205 2212 1535 2284 ἀνεκλήθην.
1599 2216 1665 2266 Ὃ
1720 2232 1850 2268 συν·

254 2303 436 2356 εδόκει
473 2301 575 2372 μὲν
610 2303 750 2365 τοῖς,
796 2301 914 2355 ὅσοι
964 2301 1060 2355 τοῦ
1113 2302 1275 2374 ὀρθοῦ
1320 2306 1415 2358 καὶ
1444 2305 1714 2376 κρίματος
1754 2308 1850 2362 καὶ

254 2392 611 2462 φρονήματος
631 2408 646 2423 ’
683 2391 782 2444 καὶ
810 2392 839 2443 6
867 2390 1123 2461 βασιλεὺς
1154 2394 1528 2449 συνεπείθετο.
1560 2397 1848 2466 Ἀνταγωέ

252 2485 544 2552 νιζόμενον
589 2483 670 2548 δὲ,
731 2483 1107 2554 προσενώπιον
1153 2484 1249 2537 τοῦ
1293 2486 1583 2556 βασιλέως,
1632 2489 1692 2542 τὸ
1739 2490 1847 2542 τῶν

254 2577 589 2647 κακούργων
623 2576 885 2647 κηφήνων
918 2578 1143 2630 ἐκείνων
1177 2580 1405 2647 σμῆνος,
1444 2579 1847 2654 διεμφόσειτὴν

253 2669 458 2723 ἑαυτοῦ
492 2670 855 2740 ματαιότητα.
893 2668 1210 2740 Είσηγεῖταί
1240 2686 1324 2733 τις
1350 2671 1582 2725 ἐνταῦθα
1614 2672 1631 2743 ζ
1663 2674 1844 2726 Ἐλπί-

252 2763 369 2824 διος
399 2760 460 2813 δέ
494 2762 663 2825 ἐστιν,
692 2762 722 2814 6
745 2759 847 2831 τῆς
882 2761 941 2813 έν
960 2761 1131 2833 Συρία
1152 2762 1498 2834 Λαοδικείας)
1531 2764 1846 2835 Θαυμασίαν

254 2852 439 2915 ὅντως
470 2854 778 2924 εἰσήγησιν,
810 2852 903 2923 Μὴ
946 2852 1330 2924 θορυόώμεθα,
1362 2855 1559 2923 λέγων,
1590 2857 1697 2910 ἐπὶ
1742 2858 1838 2911 τοῦ

255 2943 536 3016 βασιλέως
560 2960 575 2976 ⁸
610 2945 868 2998 ἀπαίσιον
922 2945 1069 3015 γάρ’
1109 2944 1226 2998 ἀλλ’
1248 2948 1740 3018 ¹ιῖιιίεογροιιῖιάτωσαν
1793 2952 1842 3004 οί

254 3036 563 3107 κατήγοροι
593 3036 677 3088 ὅτι
708 3035 998 3106 όμόπιστοι
1027 3036 1137 3090 τῶν
1169 3037 1484 3108 ὲκθεμένων
1514 3039 1606 3094 τὸν
1640 3043 1845 3096 κανόνα

1955 561 2198 618 rcctione
2228 581 2242 617 :
2290 573 2345 619 et
2372 581 2472 619 suo
2503 582 2605 637 pro
2647 570 2860 627 viribus
2893 571 3072 630 oflicio
3106 575 3331 635 functus
3369 591 3453 638 est
3482 586 3549 649 is,

1953 653 2047 722 qui
2104 662 2223 708 erat
2265 672 2445 711 rerum
2509 659 2823 729 hujusmodi
2876 678 3196 737 corrector;
3261 681 3315 727 et
3358 689 3551 732 rursus

1952 747 2275 813 imperatrix
2312 748 2416 802 fuit
2456 750 2614 804 valde
2644 752 2783 807 irata
2809 758 3040 824 pastori.
3070 758 3125 814 Si
3151 778 3275 832 quis
3301 775 3543 824 vestrum

1954 835 2063 889 scit
2108 849 2422 908 argenteam
2456 851 2718 911 statuam,
2749 857 2804 900 et
2844 849 2936 918 qui
2970 852 3081 906 illic
3131 854 3335 912 fiebant
3391 860 3552 917 ludos

1952 925 2241 993 publicos,
2283 939 2337 984 et
2388 932 2630 987 divinam
2686 935 2857 992 aedem
2911 944 3244 999 contumelia
3275 947 3549 1017 affectam,

1954 1017 2062 1071 scit
2092 1021 2236 1088 quod
2264 1021 2410 1076 dico.
2442 1022 2661 1081 Rursus
2690 1043 2821 1099 ergo
2849 1035 3151 1088 certamina
3188 1053 3255 1091 ex
3290 1045 3550 1096 certami-

1952 1106 2137 1172 nibus,
2166 1118 2219 1163 et
2245 1113 2437 1180 synodi
2460 1113 2729 1173 adversus
2749 1119 3087 1188 pontificem.
3117 1122 3243 1181 Haec
3263 1134 3549 1199 cognoscit

1954 1198 2002 1253 is
2043 1213 2205 1269 quem
2257 1206 2751 1274 persequebantur,
2808 1219 2862 1265 et
2900 1213 3238 1270 celebratum
3291 1198 3443 1275 illum
3494 1233 3549 1277 et

1952 1289 2223 1362 insignem
2258 1295 2422 1353 habet
2453 1314 2763 1356 sermonem
2797 1320 2809 1356 :
2846 1301 3052 1360 Rursus
3085 1307 3215 1375 [urit
3258 1309 3546 1370 Herodias.

1953 1383 2069 1436 Hoc
2099 1386 2349 1440 accendit
2374 1388 2509 1443 iram
2547 1391 2937 1461 imperatricis,
2968 1404 3022 1449 et
3057 1410 3250 1453 rursus
3279 1401 3447 1458 libere
3484 1422 3547 1459 ac

1953 1472 2301 1529 confidenter
2344 1478 2537 1548 agunt
2576 1483 3046 1538 accusatores.~Et
3078 1484 3390 1558 Theopliilo
3420 1495 3543 1562 qui-

1953 1562 2076 1618 dem
2109 1567 2474 1637 signillcatur,
2510 1579 2568 1626 ut
2597 1573 2782 1628 veniat
2814 1574 3146 1633 Alexandria
3181 1598 3196 1645 ;
3235 1581 3329 1636 sed
3368 1584 3547 1641 adhuc

1955 1652 2158 1709 timens
2197 1655 2378 1712 differt
2424 1658 2639 1717 infelix.
2688 1664 2896 1720 Ariano
2945 1674 3125 1723 tamen
3169 1668 3380 1728 canone
3422 1684 3544 1729 tan-

1955 1760 2118 1815 quam
2144 1763 2274 1805 arcu
2303 1767 2460 1818 usus,
2507 1755 2671 1811 audet
2706 1771 2829 1811 eum
2867 1758 3033 1815 ferire
3049 1760 3254 1831 jaculis
3281 1781 3345 1820 ex
3397 1756 3549 1822 atra;

1953 1845 2162 1893 mento.
2206 1840 2405 1898 Certus
2450 1853 2655 1913 autem,
2690 1850 2867 1918 {quem
2914 1850 3246 1921 aﬂ‘erebant,
3300 1867 3421 1913 erat
3460 1860 3548 1913 hic

1948 1929 2117 1997 ictus,
2169 1934 2329 2003 quod’
2359 1936 2569 2007 absque
2610 1942 2854 2013 synodo,
2903 1942 2999 2013 qui
3057 1954 3175 2000 erat
3223 1946 3543 2018 depositus.

1952 2022 2248 2093 irrupisset
2284 2028 2337 2081 in
2372 2024 2706 2097 ecclesiam;
2741 2026 2880 2103 quos
2912 2050 3036 2090 cum
3070 2041 3422 2098 convenisset
3455 2044 3546 2099 hic

1950 2116 2038 2169 vir
2085 2118 2303 2175 divinus
2348 2129 2400 2175 et
2447 2120 2517 2176 ab
2566 2124 2646 2178 eis
2687 2112 3141 2196 interrogaretur,
3197 2133 3481 2201 respondit
3528 2153 3542 2189 :

1951 2205 2230 2278 Expulsus
2264 2209 2343 2265 fui
2371 2211 2441 2266 ab
2471 2212 2823 2284 imperatore,
2865 2216 2941 2271 fui
2966 2218 3130 2272 etiam
3156 2222 3449 2278 revecatus
3477 2227 3545 2279 ab

1952 2299 2073 2368 ipso
2129 2300 2481 2372 imperatore.
2545 2304 2701 2371 Quod
2764 2308 3021 2377 placebat
3070 2311 3293 2380 quidem
3339 2315 3408 2368 iis
3451 2312 3541 2386 qui

1951 2390 2107 2446 erant
2140 2394 2275 2448 recti
2301 2394 2493 2464 judicii
2521 2405 2574 2451 et
2603 2401 2911 2464 sententiae,
2944 2408 2996 2457 et
3024 2402 3325 2474 imperator
3354 2407 3421 2462 iis
3452 2424 3545 2464 as-

1958 2481 2357 2549 sentiebatur;
2409 2490 2611 2558 coram'
2655 2487 2987 2557 imperatore
3039 2499 3221 2545 autem
3278 2493 3543 2553 adversus

1949 2586 2073 2627 eum
2098 2572 2387 2629 decertans
2417 2562 2783 2644 malignorum
2838 2576 3089 2657 fucorum
3125 2595 3377 2647 examen,
3405 2594 3543 2640 stre—

1949 2665 2064 2734 pitu
2116 2666 2453 2721 obtundebat
2505 2668 2658 2722 illius
2693 2666 3139 2740 simplicitatem.
3168 2670 3324 2727 Tunc
3360 2686 3538 2732 autem

1951 2756 2157 2825 profert
2189 2758 2410 2827 quidam
2463 2759 2531 2829 (is
2576 2774 2707 2815 vero
2747 2768 2866 2816 erat
2918 2756 3231 2832 Elpidius,’
3260 2758 3544 2823 Laodicea:

1951 2861 2072 2915 qua:
2121 2856 2203 2903 est
2244 2848 2298 2903 in
2337 2851 2496 2921 Syria
2531 2850 2858 2921 episcopus)
2892 2855 3222 2910 sententiam
3248 2857 3410 2926 plane
3443 2862 3542 2915 ad-

1950 2940 2256 2996 mirabilem
2292 2957 2306 2994 :
2341 2940 2420 2996 Ne
2454 2943 2874 3011 tumultuemur,
2918 2944 3119 3016 inquit,
3156 2948 3211 3002 in
3236 2936 3541 3022 conspectu

1950 3031 2298 3102 imperatoris
2334 3050 2349 3100 ;
2382 3031 2534 3089 nefas
2565 3043 2649 3089 est
2692 3036 2838 3091 enim
2870 3054 2883 3089 :
2923 3037 3018 3092 sed
3054 3038 3405 3096 subseribant
3445 3038 3540 3099 ac?

257 3128 632 3197 τυγχάνουσι⁹
668 3126 760 3180 καὶ
790 3126 974 3179 λύεται
1004 3128 1064 3180 τὸ
1095 3128 1417 3199 ἀμφίϐολον.
1455 3132 1766 3197 Συνεὶςοῦν
1814 3138 1842 3190 6

1949 3133 2235 3181 cusatores
2294 3141 2353 3181 se
2410 3141 2532 3181 esse
2574 3127 2819 3196 ejusdem
2862 3129 3022 3194 fidei,
3069 3130 3228 3200 cujus
3277 3145 3403 3189 sunt
3444 3134 3539 3207 qui

261 3218 557 3292 βασιλεὺς*
590 3220 669 3291 τῷ
705 3221 889 3292 ῥᾴστῳ
938 3221 1033 3276 τοῦ
1087 3223 1477 3295 προσλήματος
1532 3226 1631 3300 τὴν
1691 3229 1846 3283 λύσιν

257 3313 353 3367 τοῦ
405 3312 839 3382 ἐγχειρήματος,
915 3312 1057 3382 μετά
1124 3330 1270 3377 τινος
1330 3317 1688 3388 περιχαρείας
1752 3320 1847 3371 καὶ

257 3404 660 3475 μειδιάματος,
715 3401 905 3469 Οὐδὲν,
958 3404 1086 3473 ἔφη,
1122 3402 1312 3457 τούτου
1375 3405 1839 3478 λυσιτελέστερον.

139 3566 145 3571 ν
254 3499 330 3552 Τδ
370 3498 433 3552 δὲ
469 3496 867 3569 ἀμφίκρημνον
900 3495 994 3549 τοῦ
1039 3496 1418 3567 προτεθέντος,
1472 3497 1683 3568 ἰλίγγου
1731 3502 1847 3564 τοῖς

253 3591 593 3662 κατηγόροις
624 3590 842 3659 ἐγένετο
872 3589 1150 3661 πρόξενον.
1182 3590 1245 3643 Oi
1279 3590 1334 3644 δὲ
1364 3592 1600 3661 χείλεσιν
1654 3594 1847 3665 ἄκροις

255 3683 664 3753 ὑπισχνοῦνται
693 3682 814 3753 μὲν,
851 3682 1027 3750 ἐξίασι
1066 3682 1124 3736 δὲ
1164 3684 1311 3736 κενοὶ
1351 3686 1445 3739 καὶ
1474 3685 1769 3757 ἄπρακτοι.

327 3866 453 3931 κς’.
482 3863 912 3931 Τούτωνξάλλοτε
935 3863 1112 3928 ἄλλως
1144 3864 1555 3936 μηχανωμένων
1579 3866 1675 3919 καὶ
1705 3866 1845 3921 κατά

251 3962 464 4022 κύϐους
501 3955 919 4026 πεττευομένων
950 3958 1066 4020 τοῖς
1097 3957 1445 4029 κατηγόροις,
1483 3960 1652 4027 μῆνες
1704 3976 1847 4027 παρ-

256 4054 541 4105 ίππευσαν
588 4048 742 4102 δέκα.
808 4046 866 4099 Ὀ
906 4046 963 4100 δὲ
997 4046 1203 4117 ποιμήν
1235 4048 1344 4099 τῶν
1401 4046 1671 4103 εἰωθότων
1724 4050 1845 4103 οὐδὲ

253 4144 436 4216 βραχύ
480 4161 536 4196 τι
562 4141 1031 4211 πάρελιμπάνετο,
1089 4140 1290 4209 μᾶλλον
1340 4142 1437 4211 μὲν
1459 4140 1553 4194 οὖν
1602 4141 1845 4196 ἐπεδίδου

250 4232 667 4310 περισσοτέρως
693 4236 816 4288 ὅσαι
847 4235 1075 4305 ἡμέραι.
1102 4234 1249 4287 Φιλεὶ
1278 4235 1385 4307 γάρ
1424 4252 1545 4299 πως
1588 4237 1617 4289 6
1650 4234 1845 4290 ἀκενό.

192 4335 199 4345 '
248 4331 409 4395 δοξος
460 4327 589 4392 νοῦς
640 4324 700 4380 ἐν
736 4329 877 4391 ταῖς
923 4326 1286 4397 περιστάσεσι
1346 4326 1700 4398 χαριέστερον
1737 4328 1846 4381 δια-

249 4423 477 4476 κεῖσθαι
514 4422 610 4473 καὶ
649 4412 1003 4491 λογιώτερον.
1045 4419 1109 4473 Οί
1152 4420 1209 4472 δὲ
1237 4420 1339 4472 οὑκ
1379 4419 1622 4473 ἐδίδοσαν
1675 4418 1843 4474 ὖπνον

248 4520 364 4581 τοῖς
396 4514 722 4585 ὀφθαλμοῖς,
755 4514 815 4566 οὐ
857 4511 1123 4583 κατέσχον
1178 4511 1288 4566 τῶν
1313 4510 1592 4583 μηχανῶν,
1625 4511 1843 4582 πολιορ-

251 4606 488 4671 κοῦντες
510 4604 777 4667 παντοίως
787 4643 802 4669 ,
816 4601 910 4655 τοῦ
924 4619 953 4655 τ
960 4601 1313 4671 ροπώσασθαι
1327 4600 1420 4656 καὶ
1435 4602 1840 4673 λαφυραγωγῆ-

250 4715 345 4750 σαι
366 4695 465 4749 τοῦ
483 4692 751 4765 βασιλέως
770 4691 1025 4746 τὸννοῦν.
1055 4692 1114 4744 '0
1124 4692 1181 4745 δὲ
1193 4692 1445 4762 βασιλεύς
1464 4692 1727 4761 γενναίως
1743 4694 1843 4764 μὲν

246 4790 499 4859 ἀντεῖχε,
523 4786 617 4840 καὶ
647 4785 958 4839 ἀντετίθετο
996 4785 1159 4855 μέχρι
1185 4784 1347 4849 τινός.
1382 4785 1512 4840 Ὅτε
1547 4786 1603 4840 δὲ
1640 4786 1842 4839 πάντο-

249 4884 348 4935 θεν
390 4884 439 4935 οί
473 4882 775 4951 κατήγοροι
807 4877 868 4931 τὸ
898 4872 1033 4931 ίδιὸν
1059 4878 1301 4946 ἀσφαλὲς
1360 4880 1839 4950 περιεποιήσαντο,

249 4977 349 5029 καὶ
382 4977 483 5027 οὐκ
514 4970 590 5026 ἔθ’
624 4968 737 5036 οἶός
786 4988 869 5035 τις
900 4967 969 5044 ἦν
1005 4968 1076 5043 [ὁ]
1109 4970 1246 5041 πρὸς
1275 4971 1374 5041 τὴν
1428 4971 1702 5042 τοσαύτην
1744 4972 1843 5024 ἐπ-

252 5069 563 5122 ανάστασιν
586 5066 681 5119 καὶ
710 5064 1162 5135 ἀντιπερίστασιν
1194 5060 1448 5135 κηρύξων
1481 5064 1513 5135 ῆ
1558 5062 1843 5135 βοηθήσων

251 5162 333 5230 τῷ
368 5159 628 5229 βασιλείῳ
659 5157 762 5223 νοτ,
806 5148 1365 5229 καταμεμαλάκισται
1406 5158 1498 5211 καὶ
1532 5157 1716 5223 αὐτὸς,
1750 5160 1845 5213 καὶ

256 5253 397 5321 arpi;
426 5253 493 5304 τὸ
528 5250 809 5325 πολέμιον,
842 5247 1185 5321 ἀνθρώπινόν
1239 5267 1290 5303 τι
1340 5248 1553 5315 παθὼν,
1609 5249 1843 5304 ὑποκλέ-

256 5361 455 5399 πτεται
481 5361 496 5377 ·
527 5345 624 5397 καὶ
657 5344 828 5407 ὅπως,
857 5342 1070 5414 τρανῶς
1102 5332 1435 5416 διηγήσομαι
1469 5360 1483 5374 '
1533 5344 1599 5398 Ἦ
1629 5343 1844 5414 μεγάλη

255 5435 369 5488 τῶν
393 5436 623 5506 ἑορτῶν,
643 5437 680 5507 ὴ
708 5434 896 5506 ήμέρα
923 5434 1017 5488 τοῦ
1043 5434 1284 5505 Χριστοῦ
1318 5434 1612 5503 γενεθλίων
1634 5436 1841 5507 παρῆν,

254 5531 408 5584 καιδ
446 5522 834 5600 βασιλεὺς,λώ«ς
863 5528 1006 5593 ἔθος,
1039 5528 1100 5582 οὐ
1138 5530 1459 5601 συμπαρῆν.
1510 5518 1745 5601 ’Ἐδήλου
1787 5531 1845 5584 δὲ

252 5623 335 5694 τῷ
366 5624 618 5694 ἀρχιερεῖ
656 5622 733 5694 μὴ
757 5622 1025 5694 πρότερον
1078 5623 1423 5693 κοινωνῆσαι,
1459 5624 1589 5694 πρὶν
1610 5612 1655 5694 ἢ
1682 5625 1845 5679 αὑτὸν

250 5716 324 5769 τὰ
350 5714 677 5785 ἐγκλήματα
703 5713 1104 5768 ἀποδύσασθαι.
1132 5713 1287 5767 Οὕτω
1311 5713 1491 5785 διῆλθε
1524 5714 1616 5766 καί⁸
1643 5715 1676 5784 ἡ
1708 5714 1846 5766 Τεσ-

250 5808 578 5881 σαρακοστή
599 5825 614 5839 ·
662 5808 757 5859 καὶ
788 5806 898 5877 πρὸ
938 5808 1067 5876 μιᾶς
1098 5806 1192 5861 τοῦ
1223 5807 1412 5877 Πάσχα
1438 5806 1600 5861 πάλιν
1631 5811 1658 5860 6
1690 5806 1846 5877 βασι-

246 5904 404 5969 λεὺς,
439 5900 604 5973 βιαίῳ
636 5901 744 5953 τῶν
792 5898 1137 5972 κατηγόρων
1172 5900 1500 5970 ἐγκλήματι,
1566 5900 1717 5970 δηλοῖ
1769 5900 1836 5953 τὰ

1949 3216 2101 3269 illum
2152 3216 2445 3272 ediderunt
2476 3234 2767 3284 canonetn,
2805 3230 2858 3276 et
2890 3216 3072 3276 soluta
3123 3232 3208 3279 est
3242 3227 3538 3287 dubitatio.

1949 3308 2084 3363 Cum
2121 3325 2249 3381 ergo
2299 3310 2664 3367 intellexisset
2705 3312 3005 3383 imperator
3039 3314 3305 3372 facilitate
3337 3334 3539 3388 prOpo-

1948 3402 2168 3459 sitionis
2209 3404 2347 3459 solvi
2392 3405 2447 3459 id
2492 3404 2560 3460 de
2599 3422 2710 3476 quo
2753 3407 3037 3477 agebatur,
3075 3408 3230 3463 laetus
3273 3418 3327 3463 et
3353 3411 3539 3466 subri-

1949 3494 2086 3551 dens
2128 3496 2263 3550 dixit
2300 3515 2312 3551 :
2370 3494 2515 3551 Nihil
2545 3492 2625 3552 est
2657 3498 2760 3554 hoc
2806 3499 3025 3554 melius.
3060 3499 3116 3554 Id
3161 3509 3342 3556 autem
3391 3503 3536 3579 quod

1948 3596 2067 3641 erat
2097 3582 2465 3657 pr0pos'itum,
2490 3603 2614 3643 cum
2651 3598 2796 3644 esset
2825 3605 3028 3657 anceps
3051 3633 3066 3658 ,
3097 3592 3276 3648 effecit
3308 3603 3365 3649 ut
3399 3596 3537 3649 cali-

1948 3684 2140 3746 garent
2177 3684 2546 3731 accusatores.
2590 3676 2657 3730 Et
2684 3686 2816 3733 tunc
2847 3675 3336 3752 sumn’ris'quidcm
3373 3684 3535 3742 labiis

1948 3768 2300 3838 pollicentur,
2335 3763 2601 3823 reautem
2637 3769 2838 3823 infecta
2868 3781 2998 3827 tunc
3023 3781 3250 3828 exeunt.

2019 3860 2109 3914 26.
2140 3858 2275 3915 Cum
2308 3860 2423 3915 haec
2457 3861 2593 3916 alias
2628 3861 2801 3939 aliter.
2833 3864 3289 3919 machinareutur
3313 3862 3536 3922 accusa-

1947 3958 2118 4017 tores,
2157 3960 2211 4006 et
2264 3952 2489 4007 tesseris
2537 3952 2946 4022 quodammodo
3001 3954 3273 4020 luderent,
3315 3973 3535 4015 menses

1948 4043 2134 4100 decem
2181 4040 2587 4115 prmterieruut.
2649 4044 2845 4101 Pastor
2891 4056 3076 4102 autem
3133 4064 3201 4104 ne
3260 4046 3532 4105 tantillum

1947 4137 2167 4209 quidem
2220 4138 2693 4209 praetermittebat
2739 4155 2804 4193 ex
2867 4141 3149 4195 consuetis
3185 4158 3201 4207 ;
3243 4136 3371 4197 imo
3406 4158 3537 4199 vero

1948 4226 2196 4301 Quotidie
2226 4231 2399 4301 magis
2450 4246 2514 4285 ac
2547 4230 2719 4302 magis
2763 4234 3069 4303 augebatur
3104 4233 3225 4304 ejus
3263 4237 3533 4291 studium.

1950 4322 2099 4378 Solet
2125 4323 2271 4378 enim
2306 4323 2489 4378 nescio
2517 4339 2628 4392 quo
2657 4324 2822 4377 modo
2853 4340 3030 4389 mens,
3062 4341 3183 4394 quae
3215 4334 3368 4380 caret
3392 4343 3533 4382 vana

1947 4415 2141 4488 gloria,
2165 4408 2475 4484 jucundius
2495 4412 2655 4477 allici,
2687 4422 2741 4469 et
2763 4430 2822 4469 se
2847 4416 3019 4485 magis
3047 4416 3279 4471 rationis
3305 4432 3535 4505 compo-q

1949 4518 2056 4564 tem
2091 4507 2385 4562 ostendere
2419 4505 2473 4560 in
2508 4506 2731 4561 casibus
2777 4504 2869 4576 qui
2916 4506 3197 4585 accidunt.
3232 4507 3317 4585 illi
3350 4517 3534 4564 autem

1947 4610 2056 4656 non
2094 4598 2363 4656 dederunt
2403 4613 2656 4656 somnum
2693 4599 2892 4680 oculis,
2933 4600 3105 4680 nullis
3142 4582 3535 4656 abstinuerunt

1946 4686 2450 4749 machinationibus
2474 4731 2490 4755 ,
2542 4676 2895 4761 imperatoris
2927 4674 3163 4747 mentem
3195 4692 3532 4757 obsidentes,

1947 4797 2009 4843 nt
2039 4801 2156 4843 eam
2199 4785 2495 4843 funderent
2519 4795 2574 4841 ct
2599 4772 2869 4869 captivam
2902 4785 3259 4841 abducerent.
3291 4786 3533 4877 Impera:

1946 4888 2033 4935 tor
2063 4894 2194 4935 vero
2228 4877 2551 4950 aliquandiu
2606 4875 2824 4932 fortiter
2852 4877 3055 4932 restitit
3084 4884 3138 4933 et
3184 4875 3529 4951 repugnavit.

1946 4967 2176 5035 Quando
2215 4975 2397 5024 autem
2440 4966 2590 5023 omni
2623 4962 2686 5023 ex
2737 4975 2889 5038 parte
2920 4955 3034 5021 tuta
3077 4967 3309 5047 fuerunt
3337 4956 3532 5047 omnia

1947 5050 2393 5128 accusatOribus,
2433 5075 2536 5115 nec
2571 5059 2718 5115 ullus
2753 5060 2854 5115 fuit
2888 5101 2902 5126 ,
2938 5059 3029 5130 qui
3072 5060 3337 5135 adversus
3368 5062 3532 5118 talem

1945 5150 2409 5210 insurrectionem
2446 5162 2631 5223 posset
2655 5154 2889 5223 amplius
2917 5154 3273 5234 imperatoris
3294 5163 3531 5209 mentem

1947 5246 2144 5303 fulcire
2172 5254 2225 5301 et
2265 5248 2313 5303 ei
2348 5262 2507 5318 opem
2537 5246 2702 5311 ferre,
2742 5246 2861 5316 ipse
2890 5232 3112 5317 quoque
3137 5256 3222 5302 est
3264 5247 3532 5314 mollitus,

1948 5350 2002 5398 ct
2046 5342 2346 5396 humanum
2382 5341 2511 5407 quid
2560 5330 2778 5412 passus,
2817 5339 2887 5395 ab
2948 5338 3170 5396 insidiis
3210 5340 3386 5396 hostis
3449 5350 3535 5423 est

1947 5436 2379 5492 circumventus.
2405 5432 2591 5489 Dicam
2627 5441 2808 5501 autem
2838 5441 3045 5503 aperte,
3077 5435 3369 5504 quomodo.
3402 5431 3532 5488 Erat

1948 5529 2065 5585 dies
2094 5528 2393 5594 maximus,
2419 5520 2838 5583 'Christi‘ortus.
2878 5524 3179 5597 Imperator
3212 5534 3418 5591 autem,
3472 5535 3533 5609 ut

1950 5637 2069 5679 mos
2099 5632 2204 5685 est,
2237 5635 2347 5676 non
2396 5619 2559 5676 simul
2584 5619 2796 5684 aderat,
2826 5618 3155 5689 significavit
3181 5629 3360 5673 autem
3393 5634 3531 5704 pou;

1950 5717 2101 5781 tiiici,
2158 5730 2217 5771 sc
2264 5728 2374 5770 non
2431 5714 2588 5784 prius
2630 5713 3165 5767 communicaturum
3202 5725 3379 5796 quam
3416 5711 3533 5785 ipse

1896 5812 1903 5817 ’
1950 5810 2180 5863 crimina
2204 5808 2478 5883 diluisset.
2495 5806 2585 5862 Sic
2606 5806 2864 5878 praeteriit
2880 5786 3528 5885 etia'm"Quadragesima;

1954 5910 2006 5956 et
2049 5900 2139 5957 die
2172 5914 2283 5957 uno
2311 5910 2436 5956 ante
2459 5898 2931 5966 Pascha,‘rursus
2961 5898 3260 5967 imperator
3293 5895 3529 5952 violento
