3970 6212
528 343 639 406 983

1806 333 2081 396 LEONIS
2112 333 2571 394 PHILOSOPHI

3680 333 3800 395 284

533 466 682 509 mqu
713 456 1121 511 accusatorum,
1155 448 1345 502 eadem
1378 445 1667 516 signiﬁcat,
1694 445 1902 500 addens
1935 463 1948 498 :
1981 442 2110 496 Dine

2237 443 2380 509 ιῦτά,
2414 442 2694 513 προσθεὶς,
2724 441 2806 495 ὅτι
2829 440 2934 494 Δύο
2962 458 3055 496 σου
3095 438 3548 509 κατεψηφίσαντο
3584 439 3802 495 οὗνοδοι

534 556 585 599 to
619 544 1054 597 condemnarunt
1103 538 1295 610 synodi
1332 558 1344 592 :
1396 553 1506 593 non
1556 539 1919 611 possum-tibi
1957 553 2111 592 com-

532 637 839 691 municare.
884 632 1027 699 Quid
1080 647 1208 686 vero
1248 639 1436 700 pastor
1473 632 1675 691 bonus,
1700 631 1793 700 qui
1829 630 2106 701 aspiciens

532 726 793 780 advenire
849 724 1074 784 bestias,
1126 737 1234 775 non
1267 721 1424 791 fugit,
1475 730 1531 775 et
1570 720 1797 775 dimittit
1829 736 2044 792 gregem
2092 721 2116 772 ?

533 817 684 881 Mihi,
715 815 914 885 inquit,
941 830 974 868 ο
1013 815 1332 884 imperator,
1360 827 1388 865 a
1430 811 1541 866 Deo
1571 810 1675 867 fuit
1706 813 1912 867 credita
1934 812 2117 867 eccle-

533 912 638 973 sia,
672 924 773 963 nec
819 908 888 962 ab
916 922 978 963 ea
1020 906 1292 960 recedam.
1321 904 1416 959 Sin
1446 913 1627 959 autem
1657 904 1759 958 hoc
1793 904 1891 958 tibi
1936 903 2114 957 visum

534 1005 628 1067 sit,
666 1001 716 1054 vi
754 1000 1016 1069 expellas,
1061 1014 1129 1053 ne
1159 997 1411 1052 accusari
1446 997 1681 1067 possim,
1717 996 1866 1066 quod
1898 995 2121 1050 ordines

533 1093 891 1147 deseruerim.
940 1090 1097 1155 Quod
1136 1089 1343 1143 veritus
1385 1088 1703 1157 imperator,
1740 1088 1795 1142 in
1842 1103 2004 1157 quem
2038 1097 2119 1157 ty-

538 1180 822 1237 rannidem
853 1180 1136 1235 obtinebat
1174 1179 1255 1233 vis
1288 1178 1662 1244 inimicorum,
1684 1193 1808 1233 eum
1841 1192 1966 1233 eum
1995 1191 2121 1229 cum

536 1286 685 1329 metu
713 1281 1023 1343 separasset
1069 1270 1138 1324 ab
1164 1270 1423 1333 ecclesia,
1460 1269 1629 1339 jussit
1658 1269 1858 1340 degere
1912 1269 1969 1323 in
2006 1267 2123 1337 epi-

537 1374 768 1436 scopatu
802 1383 817 1418 :
856 1364 992 1418 illud
1022 1364 1272 1434 cegitans
1306 1361 1453 1432 quod
1488 1363 1535 1418 si
1583 1362 1715 1432 quid
1760 1376 1955 1416 rursus
1993 1375 2123 1415 eve-

540 1459 713 1512 nisset
762 1456 1129 1526 inopinatum,
1168 1454 1385 1509 facilius
1418 1462 1567 1510 esset
1604 1468 1732 1509 eum
1769 1452 2014 1507 invenire
2056 1448 2123 1504 ad

543 1550 710 1604 Deum
740 1547 1088 1617 placandum.
1121 1545 1214 1600 Sic
1246 1561 1504 1617 magnum
1545 1544 1820 1599 luminare
1859 1542 2124 1612 prohibe-

542 1652 631 1694 tur
677 1642 860 1693 lumen
902 1640 1148 1708 praebere
1200 1637 1503 1702 Ecclesiae;
1546 1644 1756 1693 etcum
1786 1649 1981 1688 rursus
2019 1633 2122 1686 im-

541 1729 781 1799 pet‘alori
842 1726 1201 1781 exhiberetur
1248 1725 1500 1780 molestia
1562 1723 1633 1778 ab
1670 1721 2125 1785 accusatoribus,

542 1823 659 1891 ipse
692 1820 773 1873 eis
804 1826 979 1873 totum
1014 1817 1267 1888 permisit
1296 1817 1612 1877 consilium,
1647 1824 1706 1869 ut
1732 1814 1825 1884 qui
1857 1827 2131 1868 veneran-

543 1913 673 1963 dum
705 1910 849 1964 diem
901 1907 1130 1962 Sabbati
1161 1910 1337 1963 sancti
1366 1913 1420 1962 et
1448 1904 1727 1977 pontificis
1752 1904 2010 1959 virtutem
2041 1917 2131 1956 re-

544 2010 846 2055 vereretur.
878 1999 1020 2066 Quid
1052 2012 1183 2068 ergo
1213 1997 1403 2053 dicunt
1452 1998 1511 2064 ii,
1555 1997 1758 2067 quibus
1798 1994 1977 2050 fuerat
2006 2008 2131 2062 per-

546 2094 775 2148 missum
807 2093 830 2147 ?
860 2092 919 2146 ln
950 2100 1199 2146 nostrum
1228 2100 1415 2159 caput,
1448 2105 1481 2144 ο
1516 2089 1834 2159 imperator,
1869 2088 1937 2143 sit
1961 2085 2132 2141 Joan-

545 2186 632 2240 nis
659 2184 931 2255 depositio
964 2201 979 2248 ;
1020 2184 1196 2237 solum
1242 2182 1354 2236 cito
1391 2182 1717 2251 expellatur.
1760 2178 1976 2235 Rursus
2000 2194 2130 2248 ergo

544 2276 697 2330 nulla
739 2274 1125 2343 interrogatio,
1160 2282 1216 2329 et
1260 2288 1455 2328 rursus
1480 2272 1737 2343 suﬂ‘ragia
1772 2279 1828 2327 et
1857 2271 1978 2325 lata
2005 2284 2133 2324 sen-

546 2367 750 2422 tentiae.
782 2365 915 2432 Qua!
955 2365 1169 2435 agebat.
1206 2364 1453 2419 sciebant
1483 2378 1675 2418 omnes
1722 2380 1736 2417 :
1774 2360 2131 2417 confunditur

546 2458 841 2512 universus
872 2456 1132 2527 populus,
1165 2453 1524 2509 confunditur
1570 2455 1734 2507 etiam
1783 2452 1901 2509 dies
1935 2451 2129 2516 festus,

549 2555 729 2601 metus
780 2546 835 2599 in
890 2545 1071 2615 fugam
1121 2544 1394 2611 coniicit;
1451 2552 1506 2598 et
1547 2542 1821 2615 fugientes
1865 2544 2047 2598 clerus
2079 2551 2133 2599 et

549 2634 814 2706 quidquid
852 2644 969 2690 erat
1008 2636 1182 2689 fidelis
1223 2635 1408 2705 populi
1447 2643 1500 2689 et
1526 2649 1715 2689 eorum
1744 2635 1837 2704 qui
1874 2635 2136 2704 gerebant

550 2728 938 2798 magistratus,
970 2726 1216 2781 divinum
1265 2722 1478 2780 Pascha
1522 2726 1576 2781 in
1628 2726 1851 2796 publico
1893 2726 2134 2795 quodam

553 2816 772 2871 lavacro
825 2816 975 2886 quod
1020 2814 1436 2871 Constantiana:
1482 2816 1725 2882 dicitur,
1763 2817 2132 2882 celebrarunt,

553 2906 843 2976 vigilantes
888 2909 941 2961 in
982 2908 1131 2962 illius
1178 2910 1357 2963 noctis
1389 2908 1911 2980 glorificationibus.
1937 2918 1990 2963 et
2016 2924 2134 2975 eos,

2216 537 2311 588 καὶ
2348 535 2626 596 ἀδυνάτως
2650 532 2759 603 ἔχω
2789 527 2930 604 [τοῦ]
2962 531 3291 600 κοινωνῆσαί
3317 546 3419 582 σοι.
3452 527 3520 582 Τί
3547 529 3604 582 δέ
3632 530 3663 580 6
3683 548 3811 583 ποια

2219 627 2326 698 μὴν
2355 629 2382 681 6
2410 626 2595 691 καλὸς,
2629 625 2688 687 ὃς
2713 626 2813 694 τὴν
2847 624 2956 677 τῶν
2990 624 3201 693 θηρίων
3228 622 3451 675 ἐλευσιν
3486 620 3719 694 θεωρῶν
3741 624 3806 675 οῦ

2218 720 2411 790 φεύγει
2441 721 2538 772 καὶ
2567 718 2665 788 τὴν
2696 717 2934 787 ποίμνην
2963 717 3199 785 ἀφίησι;
3244 713 3389 782 Ἐγὼ
3420 712 3632 776 θεόθεν,
3674 716 3812 785 ἔφη.

2216 808 2262 867 ῶ
2297 810 2542 883 βασιλεῦ,
2572 810 2672 880 τὴν
2707 809 3006 879 ἐκκλησίαν
3040 806 3443 876 πεπίστευμαι,
3470 806 3569 859 καὶ
3594 807 3810 877 ταύτης

2217 904 2317 957 οὐκ
2350 902 2738 971 ἀπολείψομαι.
2780 901 2914 954 Είδέ
2944 918 3028 953 σοι
3061 898 3224 952 τοῦτο
3254 897 3344 951 διὰ
3373 897 3675 967 θελήσεως,
3713 898 3814 968 βία

2219 995 2621 1066 ἐξελαθησομαι
2651 994 2717 1047 ἵν’
2753 995 2866 1064 ἀπῇ
2896 992 3019 1046 κατ’
3049 992 3187 1060 ἐμοῦ
3216 989 3563 1057 λειποταξίου
3586 993 3813 1063 γραφή.

2221 1086 2287 1139 Τί
2315 1086 2372 1139 δὲ
2396 1084 2425 1136 6
2451 1082 2882 1155 τυραννοῦμενος
2908 1080 3166 1152 βασιλεὺς
3191 1098 3207 1147 ;
3241 1079 3322 1151 Τῇ
3355 1079 3449 1150 βίᾳ
3497 1077 3607 1131 τῶν
3668 1097 3812 1134 κατ-

2221 1177 2462 1247 ηγόρων.
2493 1176 2632 1244 μετὰ
2681 1174 2834 1235 δέους
2862 1172 3052 1226 τοῦτον
3079 1174 3181 1242 τῆς
3207 1172 3505 1241 ἐκκλησίας
3541 1174 3815 1243 χωρίσας,

2223 1271 2281 1322 ἐν
2296 1267 2372 1335 τῷ
2396 1266 2736 1336 ἐπισκοπείῳ
2760 1264 2967 1333 διάγειν
2995 1263 3337 1318 ἐνεκελεύετο
3359 1279 3374 1296 ο
3401 1265 3575 1317 ἐκεῖνε
3594 1264 3817 1333 διανοη-

2226 1360 2485 1428 σάμενος,
2526 1356 2601 1417 ῶς
2648 1354 2702 1408 εῖ
2729 1355 2791 1421 γέ
2825 1372 2879 1407 τι
2912 1353 3076 1407 πάλιν
3108 1352 3290 1423 συμϐῇ
3344 1354 3454 1407 τῶν
3503 1353 3814 1425 ἀδοκήτων,

2224 1449 2502 1521 εὑρίσκειν
2555 1444 2746 1500 τοῦτον
2798 1448 2877 1509 είς
2926 1444 3210 1509 ἐξιλίωσιν
3271 1443 3480 1512 τάχιον.
3550 1441 3748 1505 Οῦτως
3788 1445 3816 1495 6

2230 1542 2403 1613 μέγας
2443 1539 2669 1609 φωστὴρ
2694 1537 2794 1606 τὴν
2833 1536 3162 1606 Ἐκκλησίαν
3194 1534 3465 1589 κωλύεται
3497 1534 3813 1605 δᾳδουχεῖνθ

2226 1633 2323 1689 καὶ
2351 1633 2416 1703 δὴ
2446 1631 2609 1685 πάλιν
2637 1630 2892 1700 παραυτά
2922 1629 2989 1682 δι’
3022 1628 3181 1698 ὄχλου
3206 1626 3494 1696 γινόμενος
3524 1626 3687 1696 παρά
3707 1626 3817 1678 τῶν

2229 1726 2553 1798 κατηγόρων
2587 1724 2617 1776 6
2668 1722 2944 1793 βασιλεὺς,
3002 1720 3190 1781 αὐτοῖς
3239 1715 3338 1788 τὴν
3384 1718 3569 1771 πᾶσαν
3619 1716 3821 1787 βουλὴν

2233 1816 2542 1888 ἐπιτρέπει,
2583 1814 2645 1867 τὸ
2675 1811 2902 1883 φρικτὸν
2943 1811 3045 1879 τῆς
3103 1809 3319 1881 ἡμέρας
3360 1808 3457 1862 τοῦ
3486 1807 3639 1879 ἱεροῦ
3676 1808 3825 1861 Σαϐσ

2232 1909 2399 1964 ϐάτου
2438 1907 2535 1961 καὶ
2567 1906 2664 1978 τὴν
2698 1904 2901 1977 άρετὴν
2932 1903 3026 1956 τοῦ
3058 1903 3366 1973 ἀρχιερέως
3410 1900 3822 1970 διευλαϐούμε-

2230 2020 2342 2066 νος.
2367 2001 2433 2053 Τί
2465 1994 2559 2054 οῦν
2585 2001 2635 2052 οἱ
2663 1994 3128 2067 ἐπιτετραμμένοι
3152 1992 3354 2062 φασίνς
3387 1993 3507 2046 Ἐπὶ
3529 1992 3629 2064 τὴν
3655 1992 3824 2063 ἡμῶν

2232 2092 2492 2164 κεφαλὴν,
2526 2086 2571 2143 ῶ
2601 2087 2846 2160 βασιλεῦ,
2890 2088 2926 2157 ἡ
2967 2084 3287 2155 καθαίρεσις
3330 2083 3576 2137 Ἰωάννου
3602 2098 3616 2112 ·
3650 2084 3821 2152 μόνον

2232 2185 2418 2255 τάχιον
2496 2179 2811 2249 ἐξωσθήτω.
2867 2178 3038 2231 Πάλιν
3090 2173 3185 2229 οῦν
3236 2175 3467 2246 οὐδεμία
3519 2174 3822 2245 ἐρώτησις.

2234 2278 2325 2329 καὶ
2375 2274 2536 2329 πάλιν
2608 2273 2780 2342 ψῆφοι
2836 2270 2929 2322 καὶ
2984 2269 3313 2338 ἀποφάσεις.
3382 2264 3826 2334 Διαγινώσκεται

2237 2368 2369 2421 πᾶσι
2396 2366 2464 2419 τὰ
2485 2365 2761 2436 δράματα,
2798 2363 3080 2431 συγχεῖται
3119 2361 3227 2425 πᾶς
3266 2360 3296 2413 6
3341 2358 3493 2424 λαὸς,
3524 2360 3822 2428 συγχεῖται

2235 2460 2302 2512 τὰ
2332 2457 2441 2510 τῶν
2472 2455 2699 2527 ἑορτῶν,
2728 2456 2757 2508 6
2784 2453 2949 2523 φόϐος
2982 2451 3159 2523 φυγὴν
3189 2451 3433 2522 ἐμποιεῖ,
3458 2451 3554 2504 καὶ
3613 2451 3826 2519 φυγόν-

2233 2568 2326 2613 τες
2350 2550 2378 2604 ὃ
2408 2566 2466 2603 τε
2495 2549 2694 2619 κλῆρος
2746 2549 2841 2600 καὶ
2885 2545 2948 2598 τὸ
3012 2544 3211 2600 πιστὸν
3245 2544 3391 2598 ἀπαν
3424 2542 3518 2597 τοῦ
3553 2542 3692 2596 λαοῦ
3736 2544 3827 2595 καὶ

2236 2644 2343 2697 τῶν
2360 2644 2419 2695 ἐν
2440 2638 2800 2711 ἀξιώμασι,τὸ
2823 2638 2965 2691 θεῖον
2988 2637 3180 2708 Πάσχα
3202 2639 3260 2690 ἐν
3274 2636 3519 2707 δημοσίῳ
3566 2636 3681 2689 τινὶ
3707 2635 3829 2687 λουο

2236 2735 2351 2807 τρῷ
2374 2734 2870 2805 (Κωνσταντιαναῖς
2888 2729 3045 2783 τοῦτό
3080 2734 3268 2798 φασιν)
3295 2727 3610 2795 δπίτέλθυνν
3644 2728 3742 2798 ’ἧς
3773 2744 3826 2781 τε

2239 2824 2431 2888 νυκτὸς
2451 2824 2663 2893 ἐκείνης
2684 2824 2804 2885 ταῖς
2818 2820 3151 2889 δοξολογίαις
3165 2819 3676 2890 ἐπαγρυπνοῦντες,
3700 2820 3830 2882 τούς

2240 2934 2296 2970 τε
2324 2914 2732 2986 κατηχηθέντας
2785 2910 3163 2983 βαπτίζοντες,
3198 2911 3293 2964 καὶ
3345 2910 3416 2963 τά
3455 2909 3698 2964 εἰωθότα
3755 2910 3832 2978 τῷ

552 3000 646 3069 qui
697 3009 855 3053 erant
902 3000 1179 3055 catechcsi
1235 3000 1493 3066 instituti,
1531 3000 1899 3072 haptizautes.
1947 3010 2003 3057 et
2044 3017 2130 3067 ea,

2240 3007 2416 3078 καιρῷ
2444 3003 2905 3074 λειτουργοῦντες.
2938 3002 3425 3074 Προσαναφέρουσι
3474 3002 3574 3055 καὶ
3642 3002 3833 3055 ταῦτα

554 3108 677 3160 qua:
718 3094 949 3164 tempori
1007 3095 1362 3160 conveniunt,
1417 3110 1643 3150 munera
1690 3097 1975 3151 obeuntes.
2011 3094 2137 3151 Haec

553 3200 773 3255 quoque
802 3187 912 3239 cito
946 3184 1201 3241 deferunt
1234 3186 1298 3240 ad
1345 3187 1751 3257 imperatorem.
1779 3188 1873 3259 qui
1901 3188 1969 3243 ad
1997 3188 2139 3243 mala

555 3287 714 3330 erant
761 3276 1044 3333 audaces:
1099 3278 1297 3348 partim
1356 3279 1573 3348 quidem
1622 3278 1922 3344 timentes,
1975 3296 2041 3335 ne
2091 3279 2140 3335 si

556 3368 754 3424 fuisset
812 3369 1100 3439 ingressus
1155 3380 1208 3424 et
1263 3369 1435 3425 solam
1494 3370 1797 3426 invenisset
1850 3372 2140 3427 ecclesiam

558 3452 877 3530 imperator,
924 3461 1111 3531 populi
1150 3461 1371 3531 quidem
1405 3472 1764 3533 cognosceret
1808 3463 2143 3518 benevolen-

558 3551 713 3614 tiam,
767 3565 865 3605 eos
914 3560 1096 3604 autem
1147 3553 1436 3606 damnaret
1470 3551 1738 3607 invidiae:
1782 3553 1979 3623 partim
2013 3568 2143 3608 vero

558 3641 663 3695 hoc
694 3653 939 3713 agentes,
979 3652 1035 3696 ut
1056 3656 1269 3709 onmes,
1299 3642 1392 3713 qui
1427 3642 1541 3699 illic
1565 3653 1722 3699 erant
1742 3682 1758 3709 ,
1789 3645 2146 3700 ulcisceretur

558 3735 875 3804 imperator.
912 3734 1051 3789 Hinc
1089 3747 1369 3806 assumpto
1410 3735 1603 3799 Lucio,
1636 3737 1727 3808 qui
1771 3746 1893 3792 erat
1912 3749 2059 3793 secta
2090 3746 2145 3792 et

558 3826 832 3881 sententia
883 3828 1131 3895 gentilis,
1167 3835 1223 3882 et
1255 3843 1321 3882 eo
1344 3843 1507 3898 quem
1532 3828 1636 3883 sub
1667 3844 1726 3884 se
1752 3845 1945 3884 recens
1978 3829 2145 3882 habe-

562 3918 655 3969 bat
703 3917 971 3982 exercitu,
1025 3934 1220 3989 nempe
1276 3918 1584 3975 Thracibus
1639 3922 1867 3976 armatis
1923 3922 2146 3975 circiter

560 4009 999 4077 quadringentis,
1038 4009 1280 4064 secunda
1314 4011 1494 4066 noctis
1532 4011 1716 4082 vigilia
1749 4014 1824 4082 (ο
1867 4028 1987 4080 qua:
2032 4013 2143 4068 illic

560 4103 691 4151 sum
717 4111 814 4165 per
841 4112 1113 4152 summam
1154 4109 1463 4170 perpetrata
1495 4104 1811 4166 audaciam.
1845 4120 1965 4174 quas
1998 4107 2145 4175 quis-

561 4198 686 4236 nam
715 4178 879 4255 digne
905 4184 1069 4240 fuerit
1099 4187 1433 4245 lamentatus
1457 4191 1519 4261 ἲ)
1552 4201 1775 4263 repente
1800 4194 2145 4264 impudenter

562 4273 904 4345 irruperunt,
934 4284 988 4331 et
1019 4294 1114 4348 per
1139 4278 1351 4334 medias
1392 4283 1586 4338 turbas
1624 4284 1690 4337 ad
1724 4294 1949 4340 sanctas
1971 4303 2145 4358 usque

2240 3091 2327 3170 τῷ
2348 3098 2559 3170 βασιλεῖ
2580 3098 2629 3149 oi
2656 3093 2926 3165 τολμηταὶ
2953 3093 3063 3147 τῶν
3088 3092 3300 3159 κακῶν,
3329 3092 3489 3146 τοῦτο
3517 3091 3643 3162 μὲν,
3668 3092 3835 3146 δεδιό-

2240 3208 2327 3250 τες
2365 3191 2438 3260 μή
2479 3206 2594 3251 πως
2636 3187 2897 3242 εἰσελθὼν
2934 3187 3031 3241 καὶ
3068 3186 3241 3256 μόνην
3266 3184 3446 3256 εὑρὼν
3472 3185 3575 3255 τὴν
3622 3185 3839 3258 ἐκκληο

2242 3284 2363 3336 σίαν
2394 3283 2422 3335 6
2460 3279 2711 3351 βασιλεὺς
2740 3278 2835 3332 τοῦ
2861 3278 2992 3333 λαοῦ
3024 3277 3124 3349 μὲν
3176 3264 3276 3348 τὴν
3322 3278 3537 3331 εῦνοιαν
3595 3279 3835 3349 διαγνῷ,

2244 3376 2343 3443 τῆς
2371 3372 2672 3443 βασκανίας
2715 3372 2770 3427 δὲ
2805 3371 2988 3425 αὐτῶν
3033 3367 3310 3440 καταγνῷσ
3360 3368 3520 3434 τοῦτο
3574 3369 3659 3431 δὲ,
3696 3372 3838 3441 1:96;

2243 3466 2457 3537 ἄμυναν
2485 3464 2593 3518 τῶν
2618 3465 2735 3517 ἐκεῖ
2790 3465 3007 3517 πάντων
3051 3461 3307 3529 γενέσθαι
3335 3460 3426 3513 τὸν
3456 3459 3690 3529 βασιλέα
3724 3478 3837 3516 πα-

2248 3556 2698 3634 ρασκευάζοντες.
2772 3554 3052 3609 Ἐντεῦθεν
3102 3552 3362 3615 λαϐόντες
3417 3553 3508 3605 τδν
3570 3552 3837 3616 Λούκιον,

2246 3652 2305 3714 ὃς
2334 3646 2403 3722 ἦν
2447 3649 2848 3720 Ἐλληνόφρων,
2871 3646 2965 3701 καὶ
2997 3646 3093 3716 τὴν
3119 3646 3215 3699 τοῦ
3241 3647 3331 3698 ὑπ’
3370 3644 3536 3698 αὑτὸν
3590 3648 3837 3716 στρατοῦ

2248 3743 2517 3807 νεολαίαν,
2546 3741 2764 3811 Θρᾷκας
2796 3740 3044 3808 ξιφήρεις
3076 3737 3208 3790 ὡσεὶ
3253 3737 3675 3807 τετρακοσίους,
3718 3737 3839 3791 δευο

2247 3833 2380 3902 τέρᾳ
2407 3830 2621 3900 φυλακῇ
2660 3831 2759 3898 τῆς
2789 3829 2987 3891 νυκτὸς
3010 3825 3078 3896 (ὣ
3121 3826 3227 3879 τῶν
3261 3828 3380 3878 ἐκεῖ
3419 3825 3838 3896 τολμηθέντων,

2245 3926 2282 3988 ἃ
2328 3926 2411 3988 τίς
2447 3923 2716 3994 Ἱερεμίας
2767 3922 2933 3987 ἀξίως
2986 3920 3374 3992 θρηνήσειεν;)
3419 3920 3691 3987 αἰφνίδιον
3716 3920 3840 3975 ίτα-

2250 4015 2368 4088 μῶς
2445 4014 2832 4085 εἰσεπήδησαν.
2885 4012 2995 4068 Καὶ
3040 4012 3418 4080 διασχίσαντες
3466 4010 3594 4074 τοὺς
3637 4012 3840 4081 ὄχλους

2248 4104 2519 4177 χωροῦσιν
2556 4105 2701 4157 ἔνδον
2740 4104 2851 4157 τῶν
2903 4104 3075 4171 άγίων
3128 4103 3364 4166 ὑδάτων,
3413 4101 3689 4155 κωλύουσι
3726 4103 3839 4157 τῶν

2251 4199 2576 4271 μυουμένων
2620 4196 2720 4267 τὴν
2753 4196 2906 4250 θείαν
2953 4197 3371 4266 μυσταγωγίαν,
3406 4196 3837 4249 ἀντιτάσσονται

2249 4293 2363 4354 τοῖς
2389 4290 2681 4352 διακόνοις,
2717 4288 2815 4342 καὶ
2838 4284 2907 4360 ἦν
2942 4288 3069 4341 ίδεῑν
3095 4288 3400 4357 ἐκχεόμενα
3426 4289 3495 4340 τὰ
3520 4286 3631 4341 τῶν
3668 4287 3842 4340 θείων

561 4379 735 4436 aquas
755 4365 1081 4435 procedunt,
1104 4370 1402 4440 prohibent
1423 4372 1736 4429 divinorum
1763 4378 2135 4447 mysteriorum

2253 4382 2538 4453 συμϐόλων
2581 4382 2886 4453 μυστήρια’
2937 4381 3160 4434 παίουσι
3211 4380 3469 4452 ῥοπάλοις
3512 4380 3613 4443 τὰς
3654 4380 3841 4451 κόρας

562 4458 1016 4526 celebrationem,
1062 4463 1236 4517 aciem
1284 4471 1503 4520 struunt
1562 4476 1751 4522 contra
1811 4470 2145 4538 ministros;

561 4550 869 4620 licebatque
934 4551 1121 4609 videre
1178 4555 1348 4611 effusa
1402 4558 1714 4615 divinorum
1773 4563 2146 4633 symbolurum

562 4642 851 4715 mysteria,
885 4642 1168 4716 clavisque
1215 4653 1531 4718 percutiunt
1562 4654 1739 4722 capita
1774 4654 2146 4720 sacerdotum,

563 4735 836 4806 sanguine
894 4739 1232 4808 permiscent
1292 4757 1508 4797 sacram
1579 4745 1870 4813 piscinam.
1943 4745 2149 4804 Deinde

561 4829 739 4899 quid?
770 4826 1220 4901 Fugiuntomnes
1255 4850 1267 4886 :
1310 4834 1620 4890 miserabile
1656 4838 2028 4906 spectaculum
2057 4839 2147 4906 iis,

563 4920 658 4987 qui
691 4922 803 4976 illic
857 4932 1016 4977 erant
1048 4924 1279 4979 detenti.
1330 4926 1462 4980 Nam
1506 4942 1573 4981 ex
1615 4928 1883 4984 militibus
1925 4931 2145 4999 quidem

563 5016 705 5068 alius
748 5012 1015 5086 virginem
1073 5016 1347 5082 trahebat,
1404 5027 1660 5089 tanquam
1709 5020 1947 5091 praedam
2005 5023 2147 5079 bello

562 5114 779 5177 captam
819 5125 833 5160 :
882 5104 1023 5163 alius
1070 5116 1252 5163 autem
1297 5110 1548 5174 tunicas,
1600 5112 1742 5167 alius
1788 5128 1919 5169 vero
1959 5113 2146 5171 divina

563 5199 823 5269 mysteria
847 5207 901 5254 et
942 5216 1070 5256 vasa
1111 5202 1375 5272 pretiosa.
1404 5202 1735 5260 Sacerdmes
1777 5207 2152 5276 conjieieban-

565 5298 653 5343 tur
690 5291 743 5345 in
795 5306 1078 5358 carceres,
1126 5294 1543 5366 "pellebantur
1601 5297 1983 5369 magistratus,
2041 5298 2151 5356 fre-

563 5380 786 5449 quentia
814 5381 1237 5451 proferebantur
1263 5387 1466 5451 edicta,
1482 5393 1535 5443 et
1552 5389 1714 5443 mina:
1738 5389 2150 5445 intentabantur

565 5471 993 5543 frequentiores,
1018 5493 1139 5546 quae
1154 5478 1422 5548 jubebant
1451 5481 1711 5554 abnegari
1744 5480 1974 5538 Joannis
1992 5498 2148 5537 com-

569 5564 906 5620 munionem.
933 5566 1039 5621 Sed
1071 5569 1151 5623 sic
1178 5587 1397 5641 quoque
1428 5589 1536 5627 non
1563 5574 1839 5641 cessabat,
1876 5574 1990 5629 imo
2016 5590 2146 5630 vero

568 5656 742 5725 magis
809 5657 1175 5715 invalescebat
1222 5668 1277 5717 et
1323 5665 1785 5721 corroborabatur
1847 5667 1981 5723 fides
2020 5686 2033 5721 :
2082 5676 2138 5723 et
2170 5659 2450 5739 quomodo
2490 5670 2699 5725 dictum
2743 5679 2829 5725 est
2869 5672 2922 5725 in
2979 5670 3140 5724 Exitu
3169 5669 3336 5727 Israel
3374 5690 3387 5728 :

2249 4475 2358 4528 τῶν
2388 4474 2601 4545 ἱερέων,
2627 4472 2823 4542 αἵμασι
2846 4472 3076 4543 κιρνῶσι
3100 4472 3200 4542 τὴν
3243 4471 3659 4544 κολυμδήθραν.
3700 4470 3844 4526 Εἶτα

2249 4567 2302 4619 τί
2322 4584 2337 4632 ;
2361 4565 2628 4633 Φεύγουσι
2657 4567 2885 4632 πάντες,
2926 4564 3159 4618 ἐλεεινὸν
3195 4564 3373 4635 θέαμα
3400 4567 3512 4628 τοῖς
3539 4564 3847 4634 καταχθεῑέ

2254 4674 2373 4712 σιν⁸
2410 4660 2439 4712 6
2474 4658 2580 4729 μέν
2639 4659 2747 4712 τῶν
2808 4657 3158 4730 στρατιωτῶν
3201 4657 3472 4729 παρθένον
3501 4652 3711 4721 εἷλκεν,
3758 4657 3847 4719 ὡς

2252 4749 2497 4819 λάφυρον
2521 4766 2536 4779 ο
2566 4750 2595 4802 ό
2617 4748 2673 4802 δέ
2699 4748 2935 4819 χιτῶνας
2959 4765 2972 4778 ·
3006 4751 3035 4802 ό
3060 4748 3115 4801 δέ
3142 4748 3263 4802 θεῖα
3298 4750 3573 4819 μυστήρια
3594 4749 3693 4801 καὶ
3723 4765 3861 4807 κειο,

2257 4841 2447 4912 μήλια.
2491 4841 2553 4894 Oi
2587 4839 2686 4909 μὲν
2711 4841 2877 4912 ἱερεῖς
2916 4844 2974 4894 ἐν
3000 4840 3418 4910 είρκταῖς,οίδέ
3471 4842 3528 4893 ἐν
3578 4840 3845 4909 ἀξιώμα-

2220 4950 2340 4986 ’σιν
2361 4932 2759 5003 ἀπηλαύνοντο.
2810 4932 3167 5003 Διατάγματα
3212 4931 3438 5002 συνεχῆ,
3490 4932 3547 4986 αί
3600 4932 3847 4984 ἀπειλαὶ

2255 5024 2669 5096 συνεχέστεραι,
2733 5025 2833 5095 τὴν
2912 5025 3161 5079 Ἰωάννου
3209 5026 3495 5079 κοινωνίαν
3542 5024 3847 5095 ἀρνεῖσθαι

2255 5116 2712 5186 προστάσσουσαι.
2788 5117 2950 5170 Ἀλλά
2989 5119 3087 5170 καὶ
3136 5116 3312 5180 οὕτως
3356 5117 3418 5171 οὐ
3468 5118 3843 5187 κατηργεῖτο,

2256 5207 2455 5279 μᾶλλον
2496 5194 2730 5276 μὲνοῦν
2776 5208 3137 5277 ἐκραταιοῦτο
3191 5210 3286 5263 καὶ
3340 5210 3739 5279 ἐπεσφὶγγετο(
3766 5210 3845 5261 τὰ

2250 5301 2350 5368 τῆς
2374 5301 2634 5365 πίστεως,
2667 5300 2891 5359 κατὰτὸ
2919 5302 3212 5371 εἰρημένον
3260 5304 3317 5355 ἐν
3363 5305 3430 5373 τῇ
3490 5302 3688 5373 Ὲξόδῳ
3740 5304 3845 5353 τοῦ

2265 5392 2514 5463 Ἰσραήλ*
2594 5395 2789 5447 Ὅσον
2842 5393 3202 5448 ἀπέκτεινον
3264 5396 3516 5459 αὐτοὺς,
3576 5393 3849 5451 τοσοῦτο

2248 5484 2501 5547 πλείους
2567 5483 2864 5552 ἐγίνοντο.
2931 5485 3213 5541 Ἐντεῦθεν
3281 5488 3589 5550 ἰωαννίτας
3638 5486 3849 5548 αὐτοὺς

2247 5576 2661 5646 ἐξωνομάκασιν
2690 5579 2737 5630 οἱ
2763 5572 3084 5649 ἀλάστορες.

3475 5673 3594 5741 Quo
3671 5671 3845 5742 magis

567 5762 655 5800 eos
713 5746 1040 5814 occidebant,
1096 5768 1154 5805 eo
1210 5753 1376 5824 magis
1429 5758 1727 5814 crescebant
1763 5756 1830 5813 ’⁸.
1871 5759 2008 5815 Hinc
2048 5776 2144 5818 eos
2182 5760 2468 5819 Joannitas
2504 5763 2859 5818 nominarunt
2887 5764 3320 5820 cacodacmoncs.

643 5860 688 5891 ³⁵
720 5858 889 5912 Exod.
922 5874 961 5925 ι,
995 5859 1081 5915 12.
