4088 6208
334 248 446 312 283i

993 245 1279 307 ORATIO
1320 244 1540 305 XVIII.
1578 268 1643 278 -
1686 240 2074 305 LAUDATIO
2105 240 2168 303 S.
2209 236 2532 299 JOANNIS
2566 237 2977 299 CHRYSOST.

3514 238 3622 304 286

413 358 523 422 κζ’.
576 355 817 419 Ἔξεισιν
864 358 890 408 ὁ
942 354 1196 425 βασιλεὺς
1246 356 1384 427 μετά
1419 354 1591 409 ταῦτα
1640 352 1928 424 γυμνασίοι

2115 349 2207 403 27.
2259 347 2549 419 Egreditur
2590 360 2710 417 post
2750 350 2863 402 ham
2892 347 3246 419 imperatore
3285 349 3431 420 regia
3457 364 3623 407 causa

337 452 503 520 χάριν
533 448 642 499 τῶν
676 446 987 517 βασιλείων
1024 448 1117 500 καὶ
1148 446 1339 516 βλέπει
1365 447 1426 499 τὸ
1452 446 1636 499 πεδίον
1662 444 1936 516 μακρόθεν

334 536 731 607 λευχειμονοῦν
763 537 875 599 τοῖς
922 536 1325 605 νεοφωτίστοις.
1359 532 1643 604 Θαυμὰζει
1684 532 1763 603 τῷ
1809 532 1938 585 θεά·

338 648 474 701 ματι
497 671 514 692 ,
543 629 648 698 γῆς
679 628 840 691 ἄνθος
867 627 1041 681 δοκῶν
1070 627 1130 680 τὸ
1172 626 1469 698 ὁρώμενον.
1512 626 1788 698 ’Υπῆρχον
1826 625 1936 695 γὰρ

339 724 471 793 περὶ
510 721 845 793 τρισχιλίους
888 721 938 774 οί
970 721 1340 791 νεοφὼτιστοι.
1375 722 1620 793 Διερωτᾷ
1659 722 1714 775 τί
1744 722 1809 776 ἄν
1847 720 1933 790 εἴη

333 814 501 867 τοῦτο
552 812 691 881 (καί
755 814 857 883 δρα
897 812 961 882 δή
998 830 1089 881 μοι
1129 811 1226 880 τῆς
1268 813 1512 883 πονηρᾶς
1554 812 1806 882 γλώσσης
1839 810 1935 881 τὴν

333 904 665 971 ἐξαπάτηνγ
685 902 806 954 Τῶν
837 902 1182 972 ἑτεροδόξων,
1210 901 1444 973 ἔφησαν,
1473 902 1935 957 Οὐαλεντινιανῶν

333 999 495 1047 ἐστιν
523 997 555 1064 ή
577 994 809 1063 πληθύς.
831 994 942 1048 Καὶ
968 996 1085 1063 ἅμα
1105 994 1185 1065 τῷ
1214 995 1384 1065 λόγῳ,
1405 994 1579 1066 λάθρα
1608 994 1726 1047 κατ’
1753 992 1933 1046 αὐτῶν

331 1084 588 1153 ὁρμῶσιν
623 1083 816 1154 ἄνδρες
851 1084 1125 1155 ξιφήρεις.
1158 1082 1269 1138 Καὶ
1295 1086 1363 1137 τά
1389 1085 1484 1137 ἐπὶ
1512 1084 1729 1147 τούτοις
1755 1084 1838 1147 τίς
1867 1083 1934 1137 ἂν

332 1175 500 1242 λόγος
536 1174 984 1245 παραδηλώσειε;
1012 1175 1175 1230 πάλιν
1205 1175 1413 1247 πληγαὶ
1432 1218 1448 1242 ,
1478 1176 1641 1229 πάλιν
1667 1175 1929 1246 βάσανοι,

331 1270 508 1321 πάλιν
534 1268 732 1335 δεσμὰ,
761 1268 923 1322 πάλιν
948 1268 1205 1338 φυλακαί.
1238 1269 1322 1322 Τά
1342 1270 1711 1341 δεσμωτήρια,
1738 1269 1933 1339 ἐκκλη-

332 1358 496 1422 σίαι,
542 1358 725 1427 πλήρη
776 1356 965 1427 ὕμνων
1012 1361 1107 1412 καὶ
1152 1356 1503 1427 δοξολογιῶΨ
1536 1361 1592 1413 αἱ
1641 1360 1930 1431 ἐκκλησίαι

330 1450 559 1519 χείρους
598 1448 1013 1519 δεσμωτηρίων,
1048 1450 1270 1515 ποινῶν,
1305 1450 1587 1519 μαστίγων
1619 1450 1930 1521 πληρέστα-

326 1555 449 1602 ται,
478 1539 571 1591 καὶ
604 1538 1014 1609 στρεὸλώσεων.
1045 1540 1165 1593 Ἔτι
1198 1541 1370 1612 μῆνες
1403 1543 1462 1597 ἐν
1492 1542 1645 1612 μέσῳ
1674 1542 1769 1597 δύο
1792 1584 1807 1610 ,
1837 1545 1930 1597 καὶ

328 1633 359 1679 ὁ
398 1629 655 1698 βασιλεὺς
687 1630 780 1702 βίᾳ
810 1631 1077 1696 πεισθεὶς,
1106 1631 1256 1703 δηλοί
1282 1632 1358 1703 τῷ
1386 1635 1667 1704 ἀρχιερεῖ·
1688 1635 1760 1688 Τὸ
1787 1636 1928 1690 κατά

328 1722 431 1775 σοῦ
473 1723 581 1775 τῶν
618 1724 725 1777 σῶν
764 1725 1087 1796 κατηγόρων
1118 1702 1398 1797 ήγπληθίις
1425 1702 1787 1796 *ἐέρίέαυτοῖς
1830 1731 1927 1783 ἐπα
1960 1702 2002 1757 Β

329 1816 477 1870 soni
489 1833 644 1870 παντο
673 1817 869 1889 κρίμα.
894 1818 1087 1871 Τοίνυν
1120 1818 1284 1883 αὐτὸς
1308 1818 1376 1872 τὰ
1401 1820 1541 1873 κατὰ
1567 1821 1766 1875 σαυτὸν
1793 1822 1927 1874 ἀνα-

331 1908 447 1972 θεὶς
508 1908 606 1962 ἐπὶ
650 1908 745 1963 τὸν
800 1909 969 1975 Θεὸν,
1014 1909 1196 1974 ἔξελθε
1242 1912 1342 1983 τῆς
1390 1913 1710 1984 ἐκκλησίας.
1756 1915 1928 1969 Τοῦτο

329 2001 549 2072 τρανῶς
586 2005 613 2056 ὁ
641 2002 787 2074 ίερδς
816 2003 1057 2075 ἀθλητὴς
1083 2003 1323 2075 δηλωθέν
1356 2005 1629 2075 διαγνοὺς,
1659 2010 1925 2079 παραινέ-

330 2112 456 2159 σας,
492 2095 753 2166 στηρίξας
773 2135 788 2159 ,
818 2095 1204 2167 οἰκοδομήσας,
1236 2100 1305 2150 τά
1330 2098 1593 2152 κάλλιστα
1623 2102 1758 2154 πᾶσι
1790 2118 1925 2172 συμ-

328 2186 787 2256 6ουλευσάμενος,
814 2187 1021 2252 πάντας
1037 2190 1537 2260 κατασπασάμενος
1560 2190 1639 2261 τῷ
1664 2192 1805 2263 ἁγίῳ
1834 2194 1928 2246 καὶ

326 2278 633 2349 τελευταίῳ
664 2279 968 2350 φιλήματι,
999 2280 1093 2333 τὸν
1128 2283 1526 2353 συντακτήριον
1559 2282 1926 2339 ἀποδέδωκεν.

331 2370 455 2425 Ἔτι
486 2370 543 2425 δέ
592 2370 862 2443 παραθεὶς
904 2372 1003 2435 τάς
1036 2374 1166 2444 περὶ
1213 2372 1314 2445 τὴν
1360 2372 1671 2444 θαυμασίαν
1726 2375 1927 2446 Ὀλυμ-

326 2462 497 2515 πιάδα
517 2462 800 2526 διακόνους
819 2463 928 2516 τῶν
949 2463 1362 2518 εὖλαὸεστάτων
1386 2481 1489 2536 πρε
1498 2464 1775 2536 σϐυτέρων
1794 2469 1923 2531 τινὶ,

324 2554 429 2625 τῆς
455 2554 754 2626 ἐκκλησίας
781 2555 1062 2626 ἐξέρχεται
1086 2596 1102 2623 ,
1139 2556 1488 2621 συνελθόντος
1524 2558 1674 2629 αὐτῴ
1706 2561 1799 2612 καὶ
1825 2560 1920 2613 τοῦ

326 2646 700 2713 φυλάσσοντος
747 2646 981 2715 ἀγγέλου
1029 2646 1126 2717 τὴν
1164 2649 1463 2720 ἐκκλησίαν
1490 2691 1505 2715 ,
1550 2650 1625 2722 μή
1665 2652 1922 2722 φέροντος

326 2736 541 2807 ταύτης
587 2739 715 2809 ὁρᾷν
752 2739 854 2809 τήν
885 2742 1142 2811 ἐρημίαν.
1190 2737 1299 2795 Ἶιν
1340 2742 1450 2815 γὰρ
1495 2743 1647 2797 οὐδὲν
1697 2744 1920 2816 ἄμεινον

326 2830 458 2882 τότε
488 2829 711 2903 θεάτρου
744 2831 1067 2903 διακειμένη
1090 2876 1104 2898 ,
1136 2833 1514 2906 κλωθωμένων
1533 2878 1548 2903 ,
1581 2838 1918 2909 τρεχόντων,

327 2921 686 2989 ροιζούντων,
708 2924 1232 2996 καταμωκωμένων,
1252 2926 1619 3000 διασυρόντων
1638 2930 1730 2983 τὸν
1747 2930 1923 2999 ἆγιον.
1951 2909 1996 2971 C

324 3014 539 3082 ⁶Ινρικτά
566 3014 762 3082 ταῦτα,
795 3017 890 3075 καί
916 3015 1130 3087 θρήνων
1166 3017 1367 3086 ἐπάξια
1386 3036 1399 3050 ·
1434 3021 1524 3089 ὑφ’
1555 3012 1629 3075 ὧν
1665 3022 1758 3074 καὶ
1791 3024 1818 3075 ὁ
1840 3021 1928 3075 λό-

324 3124 422 3173 γος
457 3109 799 3179 συμπάσχει,
842 3110 1204 3181 κομματικῶς
1234 3112 1334 3183 τήν
1369 3114 1589 3183 μνήμην
1623 3114 1916 3186 προσαλλό-

328 3215 513 3265 μενος.
547 3199 629 3251 Τὰ
662 3200 914 3253 ἐντεῦθεν
945 3203 1300 3274 φρικτότερα.
1347 3205 1435 3257 Ἐν
1473 3206 1611 3277 αὐτῇ
1640 3208 1707 3278 τῇ
1744 3207 1928 3279 ήμέρᾳ

322 3292 422 3360 τῆς
451 3290 548 3345 τοῦ
575 3293 863 3365 φωστῆρος
888 3293 1124 3360 διώξεως
1153 3297 1187 3366 ἢ
1218 3298 1567 3363 καταδύσεως
1602 3298 1844 3353 τοιοῦτόν
1873 3318 1925 3353 τι

322 3382 772 3454 φρικωδέστατον
790 3385 995 3453 γίνεται
1018 3402 1031 3415 ·
1065 3386 1423 3459 Φοσερωτάτη
1446 3391 1679 3457 φανεῖσα
1704 3390 1834 3460 φλὸξ
1859 3392 1924 3444 ἐκ

322 3476 496 3545 μέσου
526 3474 623 3529 τοῦ
656 3475 847 3547 θρόνου
871 3518 885 3543 ,
933 3480 991 3532 ἐν
1017 3471 1061 3547 ᾧ
1088 3479 1197 3533 τῶν
1226 3479 1401 3549 λόγων
1438 3484 1470 3546 ό
1509 3483 1795 3554 ὑποφήτης
1830 3484 1924 3537 τοῦ

320 3571 485 3640 λόγου
518 3573 616 3636 τάς
648 3571 938 3644 ἐξηγήσεις
972 3575 1155 3629 εἰώθει
1186 3577 1391 3641 ποιεῖν,
1420 3576 1686 3647 διαχεῖται
1714 3577 1811 3648 τῆς
1836 3578 1928 3630 ἐκ·

319 3664 557 3735 κλησίας
594 3665 848 3735 ἀπάσης,
876 3666 1300 3738 ἀποδενδροῦται
1350 3667 1488 3737 πρὸς
1531 3666 1666 3738 ὕψος
1695 3668 1783 3723 διὰ
1814 3669 1924 3722 τῶν

314 3758 575 3811 ἁλύσεων
605 3758 737 3829 ἄχρι
781 3757 883 3830 τῆς
915 3759 1121 3830 ὀροφῆς
1154 3759 1249 3812 τοῦ
1283 3760 1482 3814 κῶνου⁶
1514 3761 1637 3827 καὶ,
1672 3760 1925 3832 καθάπερ

319 3850 440 3919 ἔχις
470 3849 717 3921 γαστέρα
745 3850 1016 3919 φαγοῦσα,
1047 3852 1147 3922 τῆς
1169 3852 1464 3922 ἐκκλησίας
1491 3853 1583 3906 ἐπὶ
1605 3852 1773 3907 νῶτον
1795 3855 1925 3923 ἐφέ-

322 3956 453 4009 ρετο
476 3979 492 4003 ,
523 3942 941 4012 σωφρονίζουσα
964 3983 979 4008 ,
1033 3942 1490 4015 καταπλήττουσα
1530 3943 1738 4009 πάντας
1758 3986 1774 4011 ,
1815 3944 1924 3997 τῶν

318 4033 615 4104 τολμητῶν
645 4033 1005 4104 θεατρίζουσα
1033 4034 1104 4090 τὰ
1130 4036 1479 4107 τολμήματα.
1524 4037 1634 4091 Καὶ
1662 4037 1715 4090 τί
1745 4037 1806 4090 τὸ
1837 4040 1925 4091 ἐν-

315 4124 549 4192 τεῦθεν;
584 4125 925 4196 Ἀπηλιώτου
964 4128 1313 4182 ἐπεισδάλλει
1342 4129 1500 4200 πνοὴ,
1533 4129 1628 4182 καὶ⁵
1660 4127 1855 4183 θᾶττον
1888 4129 1921 4200 ἢ

315 4215 501 4318 λόγος,
536 4217 627 4270 τὸν
648 4219 746 4288 τῆς
766 4218 1072 4318 συγκλήτου
1097 4220 1294 4292 βουλῆς
1321 4222 1724 4277 καταδόσκεται
1747 4217 1918 4279 οἷκον.
1956 4260 2001 4318 D

314 4302 455 4359 Εἶτα
472 4306 713 4379 διαπερᾷ
734 4308 989 4377 λογικῶς,
1007 4304 1095 4364 οἷα
1117 4311 1177 4365 τὸ
1198 4312 1331 4383 πῦρ,
1356 4313 1450 4366 ἐπὶ
1482 4315 1579 4378 τὰς
1614 4313 1923 4384 βασιλείους

314 4400 493 4462 αὐλάς
520 4415 535 4428 ·
582 4399 827 4471 θάμϐους
883 4397 952 4473 ἦν
1000 4402 1271 4469 κατιδεῖν,
1305 4404 1546 4475 ὡσπερεὶ
1581 4404 1790 4475 μεταξὺ
1825 4406 1921 4461 δύο

311 4493 570 4560 πυρίνων
595 4493 799 4563 ὀρέων,
832 4494 923 4549 τὸν
969 4494 1070 4565 μὲν
1099 4495 1245 4548 ἔνδον
1290 4494 1417 4550 λαὸν
1447 4495 1521 4567 μή
1554 4496 1879 4569 λωδὼμενον
1905 4514 1920 4530 ⁸

308 4585 461 4638 τάδέ
491 4585 675 4638 ἐκεῖσε
702 4584 927 4655 δώματα
958 4586 1491 4658 καταδαπανώμεναο
1523 4589 1632 4643 τῶν
1669 4590 1717 4645 θ’
1755 4592 1918 4662 ίερῶν

308 4674 626 4746 κειμηλίων
656 4676 719 4729 τὸ
750 4676 862 4747 πῦρ
891 4678 968 4749 μή
997 4676 1205 4747 ψαῦσαι
1239 4679 1619 4750 κατατολμῶν,
1660 4682 1755 4734 καὶ
1783 4698 1917 4752 στη-

308 4766 535 4819 λιτεῦον
578 4765 678 4836 τήν
721 4767 886 4839 ἀλλην
938 4768 1047 4822 τῶν
1083 4768 1438 4838 συκοφαντῶν
1475 4770 1798 4843 τολμηρίαν,
1858 4773 1910 4825 τί

308 4859 713 4930 τολμησάντων
763 4862 975 4928 statarii;
1016 4861 1137 4915 ’Ότι
1163 4861 1232 4914 δι’
1264 4861 1555 4934 ἀφαίρεσιν
1581 4864 1689 4917 τῶν
1718 4864 1914 4935 τιμίων

310 4953 498 5015 ὑλῶν,
538 4952 647 5005 τῶν
684 4953 848 5024 ἱερῶν
896 4954 1198 5024 κειμηλίων
1242 4957 1271 5008 ὁ
1321 4956 1500 5026 ἱερεὺς
1546 4956 1908 5027 ἀπελήλαται.

310 5044 427 5098 Καὶ
472 5044 537 5096 οῦ
563 5042 724 5096 τοῦτο
765 5044 925 5114 μόνον
972 5046 991 5113 (
1014 5042 1059 5096 ῶ
1114 5043 1322 5115 τόλμης
1367 5044 1668 5115 ἀνθρώπων
1701 5047 1714 5100 l
1742 5046 1787 5098 ὣ
1818 5045 1912 5099 τοῦ

310 5132 630 5200 κρείττονος
663 5132 891 5202 ἀνοχῆςῐ
918 5132 963 5202 ),
996 5132 1111 5186 ἀλλ’
1157 5133 1238 5186 ἐτι
1282 5134 1538 5205 πονηρῶς
1586 5135 1680 5189 καὶ
1736 5134 1911 5199 ἀθέως

308 5224 426 5286 τοῖς
452 5223 786 5294 κατηγόροις
813 5226 1267 5297 διαπεφήμισται,
1290 5228 1374 5281 ὅτι
1416 5228 1668 5300 Ἰωάννην
1697 5231 1747 5283 οί
1778 5231 1916 5298 ἀγα-

311 5318 529 5380 πῶντες
548 5360 564 5384 ,
597 5316 695 5389 τήν
728 5317 1027 5389 ἐκκλησίαν
1055 5318 1389 5392 ἐνέπρησαν.
1419 5322 1604 5393 Τάφος
1627 5323 1912 5394 ἀνεῳγμέ-

308 5424 405 5470 vn;
427 5408 600 5472 ὄντως
632 5411 659 5462 ὁ
688 5407 896 5479 λάρυγξ
926 5409 1129 5467 αὐτῶν.

2040 443 2471 504 exercitationis,
2499 451 2553 495 et
2576 441 2721 494 videt
2752 442 2938 509 procul
2963 457 3217 511 campum
3258 443 3623 499 albescentent

2040 522 2290 588 candidis
2324 535 2568 590 vestibus
2613 548 2829 595 eorum.
2877 536 2969 603 qui
3005 550 3197 589 recens
3227 543 3386 589 erant
3419 536 3624 590 illumi-

2040 627 2175 680 nati.
2203 624 2280 679 Eo
2319 633 2501 681 autem
2530 626 2851 695 spectaculo
2880 626 3113 680 allicitur
3144 628 3527 694 admiratione,
3564 639 3624 685 ut

2038 718 2131 787 qui
2165 724 2327 772 terra».
2356 716 2545 772 ﬂorem
2592 726 2810 787 putaret
2839 732 2963 773 esse
3001 719 3055 774 id
3090 721 3237 791 quod
3270 722 3621 779 cernebatur.

2038 809 2209 864 Erant
2242 810 2387 865 enim
2434 824 2626 865 recens
2652 810 3087 866 illuminatorum
3128 812 3231 865 tria
3259 813 3427 867 millia
3461 808 3625 869 circi-

2038 912 2120 957 ter
2158 920 2171 957 :
2225 911 2419 973 rogat,
2465 904 2726 973 quidnam
2774 903 2880 958 hoc
2926 905 3018 959 sit.
3059 904 3194 960 Vide
3234 916 3416 963 autem
3467 907 3625 962 malae

2037 996 2235 1065 linguae
2261 996 2664 1066 deceptionem.
2702 996 2819 1062 Est,
2845 997 3123 1069 inquiunt,
3163 1000 3620 1056 hcterodoxorum

2036 1086 2331 1141 multitudo
2350 1087 2883 1143 Valentinianorum.
2898 1088 3055 1155 Quod
3076 1091 3240 1145 simul
3265 1103 3428 1163 atque
3448 1093 3623 1149 dixis-

2036 1186 2176 1243 sent,
2198 1193 2267 1232 ex
2297 1177 2515 1234 insidiis
2543 1178 2597 1233 in
2622 1194 2719 1234 eos
2741 1181 3006 1250 impetum
3034 1180 3244 1236 faciunt
3265 1183 3365 1239 viri
3399 1186 3619 1241 armati.

2034 1269 2165 1336 Quae
2197 1285 2326 1325 vero
2359 1270 2602 1342 posthaec
2634 1279 2765 1327 sunt
2785 1281 3106 1337 consecuta,
3145 1290 3394 1344 quaenam
3431 1287 3621 1333 osteuo

2032 1362 2176 1417 derit
2199 1363 2377 1418 oratio
2416 1364 2440 1417 ?
2474 1361 2685 1419 Rursus
2721 1364 2911 1434 plagae,
2940 1379 3133 1419 rursus
3174 1373 3469 1433 tormenta,
3496 1367 3622 1423 r’ur-

2034 1469 2128 1508 sus
2170 1454 2424 1519 vincula,
2465 1470 2660 1510 rursus
2699 1454 2990 1510 custodiae.
3034 1455 3296 1513 Carceres
3328 1469 3485 1514 erant
3527 1476 3622 1516 ec-

2032 1545 2216 1602 clesia:
2248 1547 2420 1616 plenae
2462 1546 2681 1619 hymnis
2711 1556 2765 1602 et
2797 1547 3332 1617 gloriﬁcatinnibus:
3374 1551 3623 1609 ecclesiae

2032 1650 2164 1690 vero
2210 1635 2517 1692 deteriores
2574 1638 2914 1702 carceribus,
2977 1640 3179 1710 poenis,
3246 1637 3512 1710 ﬂagellis,
3567 1654 3622 1698 et

2032 1726 2323 1781 tormentis
2351 1727 2703 1798 plenissima.
2741 1728 2859 1785 Duo
2879 1729 3061 1785 adhuc
3098 1746 3316 1787 menses
3352 1733 3619 1790 interces-

2031 1827 2221 1872 serunt
2244 1856 2260 1880 ,
2293 1829 2347 1873 et
2381 1819 2680 1887 imperator
2711 1822 2761 1875 vi
2804 1838 3129 1893 persuasus,
3167 1824 3446 1896 signiﬁcat
3481 1842 3620 1897 pon-

2034 1909 2187 1973 tilici,
2227 1910 2420 1967 dicens
2452 1930 2465 1965 :
2494 1910 2789 1969 Multitudo
2835 1922 3054 1970 tuorum
3085 1918 3530 1974 adversariorum
3567 1921 3621 1974 in

2031 2017 2091 2057 se
2123 2002 2346 2057 attraxit
2373 2003 2425 2058 id
2451 2004 2672 2074 quodin
2708 2013 2762 2061 te
2790 2004 2891 2059 fuit
2924 2007 3285 2063 constitutum
3327 2009 3619 2079 judicium.

2031 2092 2113 2147 Tu
2152 2110 2283 2165 ergo
2320 2111 2411 2151 res
2457 2106 2579 2152 tuas
2622 2095 2731 2182 Deo
2779 2099 3131 2154 committens
3160 2138 3177 2162 ,
3232 2103 3493 2171 egredere
3554 2119 3616 2157 ex

2027 2187 2284 2243 ecclesia.
2331 2186 2449 2243 Hoc
2495 2204 2619 2244 cum
2659 2200 2847 2260 aperte
2882 2190 2986 2245 sibi
3027 2190 3396 2263 signiﬁcatum
3429 2207 3620 2247 sacro-

2028 2287 2256 2337 sanctus
2303 2280 2668 2338 intellexisset
2713 2283 2940 2349 athleta,
2974 2294 3262 2354 postquam
3311 2285 3618 2351 admonuit,

2027 2372 2378 2427 conlirmavit
2400 2412 2418 2438 ,
2449 2372 2759 2439 aediﬁcavit,
2801 2375 3060 2432 omnibus
3088 2391 3213 2446 quae
3253 2387 3383 2433 sunt
3414 2380 3619 2450 Optima

2028 2465 2329 2529 consuluit,
2348 2481 2654 2537 omnesque
2683 2476 2770 2523 est
2799 2468 3086 2523 osculatus
3117 2478 3309 2525 sancto
3339 2480 3395 2525 et
3424 2472 3620 2526 ultimo

2028 2555 2240 2619 osculo,
2283 2571 2380 2612 eos
2423 2556 2611 2611 valere‘
2644 2556 2833 2626 jussit.
2892 2556 3165 2612 Praeterea
3210 2566 3419 2623 autem,
3469 2576 3592 2615 eum

2028 2661 2151 2716 quae
2179 2663 2304 2702 cum
2339 2646 2650 2701 admirabili
2684 2646 3004 2718 Olympiade
3045 2656 3239 2714 erant,
3274 2650 3620 2707 diaconissas

2028 2739 2246 2795 cuidam
2282 2738 2439 2795 valde
2466 2740 2556 2810 pio
2590 2754 2655 2795 ac
2688 2740 2950 2810 religioso
2991 2740 3312 2812 presbytero
3336 2756 3617 2798 commen-

2027 2831 2235 2899 dasset,
2272 2831 2555 2903 egreditur
2578 2846 2643 2887 ex
2670 2833 2933 2898 ecclesia,
2974 2833 3140 2888 simul
3168 2849 3293 2889 cum
3326 2834 3447 2905 ipso
3478 2850 3618 2906 quo-

2030 2938 2135 2993 que
2166 2938 2393 2994 egresso
2428 2923 2649 2993 angelo,
2682 2924 2775 2993 qui
2809 2923 3161 2979 custodiebat
3203 2925 3520 2992 ecclesiam,
3558 2937 3619 2982 ut

2029 3017 2122 3086 qui
2156 3030 2263 3071 non
2294 3016 2461 3071 ferret
2478 3016 2620 3072 hanc
2648 3016 2834 3072 videre
2863 3016 3239 3073 solitudinem.
3270 3015 3453 3072 Nihilo
3469 3019 3616 3073 enim

2031 3107 2228 3161 melius
2250 3118 2369 3161 erat
2401 3117 2532 3161 tunc
2555 3106 2769 3173 aﬂ‘ecta,
2801 3122 2967 3177 quam
3006 3099 3307 3174 theatrum,
3338 3122 3464 3163 cum
3496 3106 3617 3163 dis-

2030 3210 2338 3262 currerent,
2386 3198 2876 3265 tumultuarentur,
2897 3199 3280 3264 cxsibilarent,
3298 3198 3613 3266 irriderenl,

2030 3290 2452 3359 maledictisque
2475 3299 2728 3348 sanctum
2762 3293 3124 3348 incesserent.
3158 3289 3300 3347 Sunt
3328 3292 3443 3346 haec
3483 3291 3619 3347 hor-

2030 3383 2199 3438 renda
2238 3391 2293 3438 et
2327 3384 2493 3455 digna
2545 3383 3077 3449 lamentationibus,
3122 3399 3153 3438 a
3197 3384 3398 3455 quibus
3446 3384 3613 3442 simul
3668 3386 3695 3411 ’ί

2028 3472 2194 3529 etiam
2232 3473 2469 3530 allicitur
2499 3475 2698 3539 oratio,
2739 3489 2861 3544 quae
2889 3489 3079 3530 eorum
3112 3476 3361 3532 meminit
3401 3491 3497 3546 per
3524 3477 3616 3531 in-

2027 3566 2162 3621 cisa.
2189 3565 2323 3632 Quae
2353 3564 2616 3635 deinceps
2645 3574 3085 3635 consequuntur,
3114 3574 3245 3621 sunt
3280 3566 3457 3638 magis
3485 3568 3615 3621 hor-

2030 3657 2233 3712 ribilia.
2267 3657 2345 3711 Eo
2397 3656 2519 3727 ipso
2560 3656 2651 3711 die
2692 3656 3096 3727 persecutionis
3125 3657 3243 3712 sive
3266 3672 3503 3713 occasus
3526 3659 3613 3713 lu-

2028 3749 2280 3817 minaris,
2314 3750 2371 3805 lit
2401 3749 2508 3803 tale
2536 3747 2669 3819 quid
2701 3749 2938 3803 maxime
2972 3748 3258 3803 horribile.
3298 3747 3617 3805 Terribilis-

2028 3843 2170 3899 sima
2227 3856 2497 3913 apparens
2532 3840 2747 3895 ﬂarnma
2798 3856 2866 3895 ex
2922 3841 3104 3897 medio
3152 3841 3374 3909 throno,
3408 3843 3462 3897 in
3500 3859 3612 3913 quo

2029 3935 2183 3991 verbi
2219 3935 2492 4006 interpres
2522 3933 2736 3989 solebat
2764 3933 3114 4003 interpretari
3148 3931 3491 4006 Scripturas,
3517 3950 3613 4005 per

2030 4028 2344 4082 universam
2413 4025 2745 4081 diﬂ’unditur
2800 4023 3132 4090 ecclesiam,
3193 4032 3249 4081 et
3316 4026 3611 4082 catenatim

2027 4120 2271 4190 assurgit
2295 4119 2349 4172 in
2390 4117 2739 4173 altitudinem
2773 4131 2949 4186 usque
2980 4115 3048 4171 ad
3075 4124 3281 4173 tectum
3304 4127 3359 4173 et
3385 4117 3612 4189 perinde

2028 4228 2093 4269 ac
2122 4213 2335 4284 vipera,
2362 4226 2486 4283 quae
2507 4210 2692 4266 exedit
2722 4217 2963 4275 uterum,
2999 4209 3175 4265 fertur
3193 4224 3357 4278 super
3392 4219 3608 4281 tergum

2025 4303 2296 4365 ecclesiae,
2329 4301 2631 4371 castigans.
2683 4298 3012 4365 admonens,
3050 4307 3105 4354 et
3135 4313 3328 4354 omnes
3369 4309 3611 4366 terrens,

2027 4394 2206 4467 palam
2234 4399 2519 4450 ostentans
2552 4390 2791 4446 audaces
2837 4390 3089 4446 homines
3122 4405 3185 4446 ea
3230 4406 3399 4447 ausos
3422 4433 3437 4458 ,
3489 4410 3611 4464 qua:

2025 4505 2134 4544 non
2186 4487 2481 4544 debebant.
2531 4482 2673 4549 Quid
2723 4481 2987 4553 deinceps
3043 4490 3127 4538 est
3170 4493 3531 4541 consecutum
3584 4488 3607 4539 ?

2032 4580 2297 4637 Exoritur
2313 4584 2512 4633 ventus
2537 4574 2896 4641 subsolanus,
2918 4582 2973 4631 et
2994 4575 3145 4630 dicto
3177 4575 3342 4631 citius
3359 4576 3609 4647 depascit

2023 4674 2255 4729 curiam.
2303 4669 2510 4726 Deinde
2554 4669 2715 4741 ignis,
2752 4667 2985 4740 perinde
3015 4683 3080 4725 ac
3117 4669 3164 4725 si
3206 4679 3352 4725 esset
3396 4671 3608 4725 ratione

2023 4765 2309 4836 praeditus,
2357 4763 2559 4819 transit
2609 4762 2679 4817 ad
2733 4761 2915 4816 aulam
2973 4761 3179 4832 regiam
3225 4778 3241 4825 ;
3299 4761 3608 4833 licebatque

2021 4858 2211 4913 videre
2262 4857 2564 4911 maximum
2630 4853 3001 4918 miraculum,
3058 4854 3224 4908 veluti
3275 4853 3418 4909 inter
3467 4854 3608 4909 duos

2026 4951 2216 5020 igneos
2247 4956 2484 5013 montes,
2508 4947 2770 5017 populum
2791 4945 3013 5017 quidem
3044 4945 3139 5014 qui
3166 4953 3287 5000 erat
3315 4946 3464 5001 intus
3495 4960 3604 5001 neu

2027 5040 2145 5097 laedi
2182 5058 2197 5107 ;
2251 5040 2443 5095 domos
2478 5049 2662 5093 autem
2694 5052 2817 5109 qua
2852 5036 2964 5091 illic
3010 5044 3169 5091 erant
3207 5038 3458 5091 consumi
3498 5054 3513 5103 ;
3552 5045 3608 5091 et

2024 5135 2203 5205 ignem
2230 5147 2340 5187 non
2378 5130 2583 5186 audere
2619 5144 2748 5185 vasa
2779 5144 2939 5185 saera
2970 5138 3215 5199 tangere,
3250 5139 3303 5184 ct
3326 5129 3511 5183 invehi
3546 5130 3606 5185 in

2017 5229 2181 5282 aliam
2217 5225 2685 5297 sycophantarum
2721 5221 3009 5276 audaciam
3044 5239 3059 5288 ;
3104 5221 3235 5292 quid
3277 5222 3397 5275 ausi
3446 5231 3604 5276 erant

2015 5321 2203 5376 dicere
2238 5318 2261 5371 ?
2315 5316 2473 5385 Quod
2521 5322 2744 5386 propter
2791 5314 3003 5370 ablatas
3037 5314 3306 5384 pretiosas
3344 5314 3607 5369 materias

2016 5421 2073 5468 et
2108 5426 2239 5467 vasa
2271 5424 2431 5467 sacra
2459 5407 2674 5478 eiectus
2710 5404 2889 5461 fuerat
2925 5403 3194 5489 pontifex.
3219 5404 3333 5462 Nec
3361 5405 3478 5460 haec
3511 5420 3603 5461 so.

309 5503 450 5569 iuni,
492 5501 545 5571 (υ
586 5503 871 5557 hominum
914 5505 1239 5562 audaciam!
1275 5522 1310 5563 ο
1346 5506 1743 5579 omnipotentis
1793 5505 2179 5566 tolerantiaml
2217 5506 2236 5576 )
2303 5503 2398 5560 sed
2434 5501 2615 5557 adhuc
2650 5498 2898 5570 improbe
2961 5508 3016 5554 et
3053 5497 3217 5568 impie
3279 5512 3310 5552 a
3346 5496 3605 5568 malignis.

305 5610 504 5663 sparsa
522 5603 608 5651 est
634 5594 803 5661 fama,
825 5597 971 5666 quod
994 5598 1084 5669 qui
1099 5596 1366 5657 Joannem
1394 5603 1674 5667 amabant,
1702 5608 2029 5658 exusserant
2059 5599 2377 5655 ecclesiam.
2402 5594 2731 5666 Sepulcrum
2758 5606 2945 5648 revera
2968 5599 3161 5663 patens
3176 5597 3363 5662 guttur
3378 5604 3595 5644 eorum.

382 5699 492 5764 κη’.
533 5689 826 5745 ’Δκούεται
858 5691 1033 5746 ταῦτα
1063 5697 1157 5748 καὶ
1181 5696 1257 5767 τῷ
1284 5697 1537 5769 ὑπάρχῳ.
1579 5697 1637 5751 '0
1669 5697 1746 5763 δέ,
1779 5715 1915 5769 φρο·

2100 5695 2191 5751 28.
2252 5692 2565 5749 Audiuntur
2647 5692 2762 5745 hac
2821 5703 3041 5760 quoque
3086 5701 3116 5740 a
3180 5686 3457 5756 praefecto.
3505 5682 3603 5738 llle

299 5785 414 5839 νῶν
448 5784 513 5839 τὰ
559 5783 833 5856 Ἑλλήνων
856 5824 871 5853 ,
910 5785 1079 5857 ταύτῃ
1111 5789 1336 5856 πολλοὺς
1370 5792 1469 5861 μὲν
1504 5791 1610 5847 τῶν
1644 5808 1914 5861 προσανα-

2029 5799 2231 5857 autem,
2278 5796 2334 5844 ut
2363 5786 2454 5858 qui
2488 5796 2636 5843 secta
2674 5792 2818 5841 esset
2856 5793 2907 5839 ct
2938 5783 3207 5839 sententia
3249 5779 3488 5852 gentilis,
3532 5789 3600 5833 ea
