4088 6208
499 324 604 390 287

1764 290 2036 373 LEOle
2067 294 2525 371 PHILOSOPHI

3696 296 3811 366 283

501 437 571 491 de
601 446 769 490 causa
817 424 1019 489 multos
1058 424 1278 503 quidem
1313 445 1377 486 ex
1414 426 1749 500 pastoribus,
1782 426 2074 481 sacerdoti-

2210 422 2448 491 ιειμένων
2491 420 2568 491 τῷ
2615 416 3009 488 ἀρχιποιμένι,
3061 402 3379 485 ποιμένων,
3434 411 3844 484 ἱερέων,“κο.ὶ’

503 528 625 592 bus,
657 536 710 582 et
733 524 865 581 aliis
894 541 958 581 ex
992 525 1220 597 populo,
1255 522 1347 592 qui
1380 531 1538 576 erant
1579 518 1817 574 dedicati
1845 519 2077 589 principi

2210 516 2290 567 ’ὦν
2324 514 2499 568 ἄλλων
2528 512 2795 583 μιγάδων,
2823 509 2910 561 διὰ
2938 508 3196 578 βασάνων
3222 508 3372 573 ἄγει.
3402 506 3598 576 Χωρεῖ
3618 506 3677 557 δὲ
3718 519 3817 569 καὶ

505 627 807 688 pastorum,
850 615 1141 671 tormentis
1170 613 1413 683 subiicit.
1436 610 1689 666 Procedit
1712 618 1891 665 autem
1915 611 2077 666 etiam

505 709 771 764 adversus
807 707 1120 777 pontiﬁcem
1150 714 1204 760 et
1242 719 1366 759 eum
1395 703 1641 757 vinetum
1674 700 1897 755 tradens
1940 702 2083 754 mili-

504 799 688 864 tibus,
726 798 904 854 solu’m
948 798 1152 868 relegat
1204 794 1259 851 in
1297 782 1643 865 Bithyniam:
1688 779 1901 848 etcum
1935 800 2084 847 esset

507 888 681 954 solus,
715 888 771 961 (ο
804 889 1130 943 miraculum
1157 888 1196 958 ί)
1227 886 1587 957 proﬁtebatur
1615 885 1783 939 libere
1808 886 2082 954 pietatem.

507 980 581 1036 Ut
610 982 794 1036 ﬁniam
829 981 1159 1046 orationem,
1196 979 1250 1033 in
1293 978 1568 1049 quoddam
1606 977 1945 1047 oppidulum,
1996 972 2085 1029 cui

508 1085 708 1124 nomen
732 1078 816 1124 est
844 1068 1114 1133 Cucusos,
1142 1068 1344 1123 athleta
1376 1066 1787 1123 transmittitur.
1821 1065 1885 1119 Et
1902 1066 2087 1120 dolose

507 1162 727 1233 quidem
760 1162 864 1216 hoc
892 1148 1117 1215 ’l‘actum
1155 1169 1314 1215 estet
1337 1160 1404 1215 de
1446 1160 1740 1223 industria,
1773 1167 1831 1212 ut
1858 1158 1967 1213 illic
2004 1159 2089 1213 in-

509 1254 857 1308 terimeretur
904 1252 972 1306 ab
1012 1252 1240 1315 lsanris,
1286 1252 1378 1321 qui
1426 1266 1547 1306 eam
1585 1250 1930 1306 obsidebant.
1984 1250 2089 1306 Sed

510 1344 656 1399 enim
684 1358 796 1398 non
835 1342 1044 1397 dimisit
1078 1356 1202 1395 eum
1240 1340 1403 1405 Deus,
1441 1340 1535 1409 qui
1575 1338 1815 1394 custodit
1847 1354 1963 1397 eos.
1997 1337 2090 1406 qui

510 1442 736 1507 sperant
763 1435 818 1489 in
846 1433 1049 1503 ipsum.
1074 1431 1193 1485 illic
1222 1431 1367 1485 enim
1409 1430 1629 1499 quidam
1663 1431 1882 1484 nomine
1909 1428 2093 1482 Phila-

512 1527 791 1597 delphius,
816 1524 1001 1578 divina
1024 1523 1237 1578 visione
1267 1522 1545 1591 dignatus,
1578 1522 1779 1592 excipit
1810 1522 2090 1576 athletam.

512 1621 649 1674 Erat“
690 1626 878 1671 autem
921 1623 1072 1670 totus
1120 1615 1210 1669 ille
1260 1614 1415 1669 locus
1450 1614 1641 1683 plenus
1682 1613 1830 1668 cultu
1868 1613 2095 1666 simula-

512 1724 733 1765 crorum
762 1716 817 1762 et
840 1706 1156 1775 impietate:
1191 1705 1472 1759 mutantur
1515 1702 1736 1767 autem;
1774 1692 2097 1771 quomodo?

512 1799 847 1863 Habebam,
911 1795 1002 1865 qui
1062 1795 1174 1849 illic
1231 1802 1420 1857 erant,
1468 1793 1747 1846 hominem
1804 1791 2093 1860 quemdam

513 1890 910 1961 paralyticum:
944 1902 1104 1956 quem
1157 1900 1280 1939 cum
1310 1884 1690 1945 adduxissent,
1731 1897 1909 1952 neque
1949 1884 2093 1937 enim

514 1982 632 2036 ﬁeri
670 1986 885 2050 poterat
939 1986 1003 2031 ut
1039 1977 1489 2039 absconderetur,
1523 1988 1644 2044 quae
1664 1986 1828 2045 supra
1856 1981 2093 2029 montem

516 2074 619 2127 sita
656 2079 809 2135 erat,
844 2071 1108 2125 virtutum
1161 2052 1588 2137 ma'gn‘a'civ'itas
1610 2108 1623 2131 ,
1657 2050 2007 2137 eutnrogant
2038 2074 2097 2120 ut

516 2163 695 2232 ipsum
715 2168 889 2215 curet.
923 2158 1015 2214 ille
1037 2168 1245 2222 autem,
1276 2167 1499 2226 accepta
1519 2158 1889 2213 conversione
1911 2166 1965 2212 et
1992 2158 2098 2213 ﬁde

516 2252 663 2325 ejus,
712 2253 807 2323 qui
857 2252 1198 2323 patiebatur,
1229 2265 1354 2306 cum
1382 2265 1507 2306 eum
1559 2250 1670 2305 cito
1703 2258 1973 2315 curasset,
2008 2265 2103 2320 per

2184 608 2323 661 κατὰ
2356 607 2609 677 ίεράρχου
2634 646 2648 669 ,
2687 602 2783 657 καὶ
2810 600 3004 655 τοῦτον
3045 599 3275 669 δέσμιον
3308 598 3599 668 παραδοὺς
3642 616 3815 669 στρα-

2185 698 2440 763 τιώταις,
2481 698 2573 750 ἐπὶ
2623 694 2724 765 τὴν
2779 692 3039 746 Βιθυνίαν
3083 690 3412 762 ὑπερορίξει
3464 688 3809 759 μονώτατον.

2198 788 2361 841 Ἀλλὰ
2397 787 2492 840 καὶ
2524 786 2686 856 μόνος
2716 782 2793 837 ὢν
2827 782 2914 854 (ὣ
2947 781 3046 835 τοῦ
3091 780 3377 850 θαύματος
3398 778 3439 847 i)
3462 781 3819 852 ἐπαρρησιά-

2189 880 2313 944 ζετο
2339 878 2439 949 τὴν
2470 877 2777 931 εὐσέϐειαν.
2810 873 2979 937 Τέλος
3012 871 3111 925 τοῦ
3143 872 3333 939 λόγου,
3372 873 3513 939 πρός
3554 889 3607 924 τι
3651 872 3817 924 πολί-

2190 988 2337 1042 χνιον
2384 968 2720 1038 (Κουκουσδς
2766 966 2928 1020 τοῦτο
2975 965 3223 1032 λέγεται)
3266 966 3296 1017 ὁ
3343 963 3589 1035 ἀθλητὴς
3638 981 3819 1034 μετα-

2193 1061 2512 1132 πέμπεται,
2546 1059 2739 1122 δολίως
2787 1057 2886 1112 καὶ
2932 1056 3129 1109 τούτου
3170 1054 3673 1126 ὲπιτετηδευμένου
3712 1055 3814 1110 τοῦ

2192 1155 2491 1225 δράματος,
2541 1150 2634 1205 τοῦ
2676 1148 3033 1221 ἀναιρεθῆναι
3067 1147 3237 1201 αὐτὸν
3270 1148 3457 1200 ἐκεῖσε
3498 1147 3655 1220 παρὰ
3699 1147 3818 1200 τῶν

2194 1245 2399 1312 ταύτην
2431 1240 2879 1317 ’πολιορκούντωνΔ
2908 1238 3198 1313 ’Ῑσαύρων.
3255 1237 3402 1289 Ἀλλ’
3445 1238 3509 1290 οὗ
3541 1237 3655 1308 γὰρ
3710 1241 3819 1306 ἁφ-

2197 1330 2523 1403 ῆκενάὑτδν
2557 1335 2586 1385 ὁ
2618 1314 2912 1402 φυλάσσων
2939 1329 3069 1393 τοὺς
3119 1328 3455 1393 ἐλπίζοντας
3504 1330 3593 1383 ἐπ’
3646 1332 3819 1384 αὺτὶν

2198 1428 2349 1489 Θεὸς.
2398 1428 2546 1480 Ἐκεῖ
2582 1426 2690 1495 γὰρ
2728 1424 3079 1494 Φιλαδέλφιός
3126 1440 3212 1485 τις
3242 1421 3391 1476 οὕτω
3431 1420 3818 1491 καλούμενος,

2201 1519 2352 1582 θείας
2381 1519 2645 1580 ὀπτασίας
2675 1515 2949 1583 ἀξιωθεὶς,
2986 1515 3313 1585 ὑποδέχεται
3343 1515 3440 1567 τὸν
3473 1516 3816 1585 ἀγωνιστήν.

2213 1611 2271 1663 ’0
2298 1610 2354 1664 δὲ
2383 1610 2557 1680 χῶρος
2585 1610 2793 1669 ἐκεῖνος
2837 1608 2982 1669 ἄπας
3013 1605 3420 1676 είδωλομανίας
3450 1606 3551 1676 μὲν
3582 1604 3651 1678 ἦν
3682 1609 3822 1679 πλή;

2206 1700 2308 1767 ρης
2334 1694 2431 1749 καὶ⁵
2460 1691 2652 1758 ἆθεῖας
2674 1711 2690 1725 ·
2727 1690 3160 1765 μεταϐάλλονται
3203 1694 3285 1756 δὲ,
3317 1694 3466 1759 πῶς
3501 1691 3664 1765 Εἷχόν
3692 1714 3821 1751 τινα

2204 1786 2570 1859 παραλυτικὸν
2599 1788 2649 1839 οί
2693 1788 2909 1849 ἐκεῖσε,
2964 1787 3060 1839 καὶ
3100 1785 3296 1840 τοῦτον
3334 1787 3642 1855 ἀγαγόντες
3692 1789 3820 1859 (οὒκ

2204 1878 2271 1952 ἦν
2323 1880 2433 1952 γὰρ
2486 1879 2871 1949 ἀποκρυϐἧναί
2923 1896 3042 1942 πως
3090 1879 3192 1948 τὴν
3248 1880 3667 1951 ὑπερκειμένην
3717 1881 3819 1935 τοῦ

2203 1973 2363 2045 δρους
2401 1973 2510 2025 τῶν
2541 1970 2757 2055 ἀρετῶν
2800 1969 3208 2047 μεγαλόπολιν)
3260 1970 3477 2034 ἀξιοῦσι
3514 1972 3608 2025 τοῦ
3641 1973 3821 2045 θερα-

2195 2063 2406 2116 ’πεῦσαι
2435 2062 2619 2116 αὐτόν.
2660 2061 2721 2114 '0
2749 2060 2805 2114 δὲ
2832 2061 2935 2130 τὴν
2955 2060 3311 2132 ἐπιστροφὴν
3334 2063 3682 2134 δεδεγμένος,
3719 2069 3820 2119 καὶ

2205 2156 2304 2225 τὴν
2336 2155 2517 2208 πίστιν
2542 2154 2636 2208 τοῦ
2676 2155 3001 2223 πάσχοντος,
3043 2153 3142 2207 καὶ
3185 2154 3386 2207 τοῦτον
3418 2156 3631 2226 ταχέως
3666 2158 3822 2222 ἐξια-

2208 2250 2463 2319 σάμενος,
2495 2248 2585 2300 διὰ
2622 2245 2714 2300 τοῦ
2751 2246 2869 2309 ἑνὸς
2907 2245 3128 2299 ἃπασαν
3157 2245 3258 2316 τὴν
3294 2247 3487 2319 χώραν
3516 2249 3730 2321 (πολλὴ
3761 2250 3821 2303 δέ

516 2360 642 2401 eum
665 2345 980 2400 universam
1004 2345 1279 2414 regionem
1318 2342 1481 2413 (erat
1499 2358 1629 2405 vero
1662 2342 1830 2396 multa
1858 2351 1912 2395 et
1942 2343 2101 2396 inuu-

2210 2358 2286 2403 τις
2320 2342 2414 2393 καὶ
2456 2339 2828 2431 ἀναρίθμητος
2853 2333 2961 2410 ἦν)
2995 2339 3167 2401 ἕλκει,
3200 2338 3461 2409 βαπτίζει
3482 2381 3497 2401 ,
3533 2342 3632 2411 τὴν
3664 2343 3823 2395 εὐσέ-

523 2436 830 2505 merabilis)
864 2435 1131 2497 attrahit,
1172 2434 1437 2505 baptizat,
1496 2432 1659 2489 ducet
1702 2434 1957 2503 pietatem
1996 2474 2009 2497 ,
2051 2435 2101 2486 et

2210 2433 2363 2484 σειαν
2396 2432 2715 2497 ἐνδιδάσκει,
2752 2430 2847 2484 καὶ
2872 2431 3031 2494 τέλος
3053 2432 3237 2483 πᾶσαν
3263 2430 3422 2495 τάξιν
3449 2435 3570 2487 ἐκεῖ
3594 2435 3821 2487 συνέτα-

520 2538 805 2599 postremo
836 2528 949 2582 illic
987 2526 1221 2582 collocat
1250 2541 1465 2581 onmem
1504 2525 1751 2580 ordinem
1787 2525 2105 2579 sacerdota-

518 2622 647 2675 lem.
676 2619 973 2688 Propterea
1022 2617 1279 2671 ineﬂ'abili
1323 2616 1524 2686 gaudio
1571 2616 1805 2670 aiiicitur
1845 2616 1929 2668 vir
1959 2615 2100 2670 divi.

521 2726 648 2775 nus,
675 2718 729 2763 et
764 2710 965 2765 multos
996 2709 1089 2780 qui
1126 2718 1386 2764 venerant
1421 2717 1515 2763 aut
1558 2709 1706 2763 allati
1737 2709 1976 2774 fuerant,
2002 2724 2101 2763 cu-

522 2810 612 2858 rat
641 2802 710 2856 ab
733 2801 990 2856 omnibus
1017 2801 1243 2856 morbis.
1436 2806 1439 2817 '

590 2894 681 2949 29.
737 2894 843 2948 Sed
898 2908 1024 2948 cum
1069 2894 1171 2947 iter
1232 2892 1450 2963 quidem
1504 2891 1825 2957 confecerit,
1881 2904 2102 2948 maneat

521 2987 717 3042 oratio.
743 2984 873 3039 Post
923 2984 1176 3040 exsilium
1223 2994 1406 3039 autem
1464 2983 1726 3053 principis
1777 2996 2092 3054 pastorum,

2210 2525 2298 2590 ξεν
2334 2524 2643 2596 ίερώσυνον.
2677 2526 2775 2577 Διὰ
2808 2522 2969 2576 τοῦτο
3007 2524 3104 2576 καὶ
3139 2524 3320 2595 χαρὰν
3365 2524 3553 2597 χαίρει
3603 2528 3630 2578 ὁ
3671 2526 3818 2588 θεῖος

2210 2615 2351 2685 ἀνὴρ
2381 2614 2768 2684 ἀνεκλὰλητον,
2796 2612 2892 2666 καὶ
2923 2611 3155 2676 πολλοὺς
3188 2613 3450 2679 ὲλθὸντας
3472 2656 3489 2678 ,
3531 2617 3624 2668 καὶ
3656 2616 3817 2684 ἐνεχ-

2211 2709 2399 2770 Θέντα;
2427 2708 2535 2762 ἀπὸ
2570 2706 2760 2761 πασῶν
2792 2705 3090 2779 Θεραπεύει
3120 2706 3230 2760 τῶν
3260 2707 3435 2760 νόσων
3463 2707 3668 2763 αὐτῶν.

2282 2892 2385 2945 κο⁹.
2430 2891 2569 2943 Ἀλλ’
2596 2884 2697 2943 ὧδε
2731 2890 2830 2959 μὲν
2859 2889 2957 2959 τὴν
3007 2890 3235 2960 πορείαν
3268 2890 3555 2954 διανύσας,
3597 2892 3624 2943 ὁ
3658 2891 3824 2960 λόγος

2211 2986 2578 3055 ἀναμεινάτω.
2609 2984 2764 3037 Μετὰ
2789 2982 2847 3035 δὲ
2877 2983 2978 3050 τὴν
3018 2980 3240 3052 ὲξορίαν
3280 2980 3375 3035 τοῦ
3416 2984 3824 3053 ἀρχιποιμένος

524 3076 663 3135 (hac
710 3075 855 3130 enim
900 3089 1004 3144 ego
1046 3074 1223 3129 solum
1278 3074 1535 3138 narrabo,
1565 3074 1748 3143 qualia
1780 3073 1835 3128 in
1876 3089 2094 3144 gregem

2210 3078 2410 3149 (τοῦτο
2440 3078 2549 3146 γὰρ
2579 3076 2738 3146 μόνον
2768 3072 2880 3141 ἐγὼ
2923 3074 3263 3144 διηγήσομαι
3283 3117 3296 3139 ,
3338 3070 3426 3127 οἷα
3458 3074 3537 3146 τῷ
3573 3080 3826 3148 ποιμνίῳ

520 3174 649 3220 sunt
683 3163 980 3217 machinati
1022 3163 1290 3218 immanes
1312 3164 1402 3218 ’illi
1434 3162 1756 3231 'lan‘iatores,
1793 3172 1846 3219 et
1884 3179 2006 3234 qua:
2028 3165 2095 3218 ab

519 3255 601 3311 eis
635 3253 777 3309 facta
832 3254 983 3324 sunt)
1013 3254 1289 3323 quomodo
1319 3254 1522 3308 dixerit
1560 3262 1615 3308 et
1646 3256 1964 3325 exposuerit
1997 3255 2097 3307 ali—

519 3348 647 3418 quis
674 3347 1004 3418 multiplices
1032 3347 1356 3403 cruciatus?
1379 3348 1600 3419 quinam
1637 3358 1821 3405 autem
1850 3350 1904 3403 hi
1930 3351 2102 3404 sunt?

521 3438 750 3506 Exsilia,
778 3454 989 3511 asperae
1008 3440 1382 3508 tractationes,
1415 3441 1836 3512 publicationes,
1864 3443 2103 3497 transla-

521 3534 721 3601 tiones,
761 3530 920 3602 (ηεαδ,
954 3534 1166 3589 acerba:
1192 3535 1393 3590 mortis
1423 3535 1880 3599 machinationes,
1913 3550 2017 3590 non
2047 3536 2102 3590 in

521 3626 625 3681 hac
659 3634 753 3681 aut
784 3628 872 3681 illa
893 3627 1134 3693 civitate,
1154 3627 1249 3682 sed
1294 3626 1405 3683 lere
1429 3629 1868 3697 per‘universum
1908 3626 2097 3679 orbem

519 3727 700 3775 terrae.
730 3719 983 3775 Pervenit
1012 3722 1115 3775 hoc
1139 3718 1207 3774 ad
1239 3734 1405 3775 aures
1437 3718 1668 3774 Ποπιοηί
1692 3719 1988 3790 pontiﬁcis.
2027 3716 2104 3771 Ex

520 3827 589 3868 eo
619 3812 699 3879 ﬁt,
732 3824 791 3868 ut
817 3828 988 3869 novas
1018 3815 1328 3884 exeogitent
1358 3814 1624 3877 rationes,
1655 3823 1709 3867 et
1736 3812 2106 3867 accusatrices

521 3906 737 3960 iitteras
772 3904 991 3957 mittant
1025 3914 1401 3958 accusatores.
1448 3901 1555 3956 Sed
1602 3903 1691 3957 ille
1721 3903 1942 3974 quidem
1976 3912 2107 3957 tunc

524 4010 717 4069 parum
748 3992 1024 4065 patienter
1058 3993 1255 4047 tolerat
1293 4011 1312 4047 τ
1358 3993 1578 4064 eligitur
1612 4002 1793 4049 autem
1833 3995 2107 4049 Constan-

525 4088 753 4158 tinopoli
776 4085 1024 4157 quidam,
1054 4082 1578 4149 nomineArsaciu’s,
1608 4086 1700 4156 qui
1727 4095 1845 4140 erat
1867 4086 1949 4141 vel
1973 4087 2108 4157 ipsis

521 4180 770 4252 piscibus
810 4178 983 4249 magis
1019 4185 1225 4242 mutus,
1258 4177 1574 4233 amentibus
1611 4180 1903 4247 amantior,
1955 4183 2111 4235 senio

524 4269 837 4333 confectus,
890 4269 1329 4334 condemnatus,
1387 4269 1617 4324 inutilis.
1673 4269 1753 4324 Ex
1814 4286 1923 4342 quo
1977 4272 2109 4342 quid

524 4363 723 4419 accidit
757 4362 782 4417 ‘i
821 4360 1026 4418 Omnes
1085 4363 1311 4417 omnino
1387 4362 1653 4417 recedunt
1724 4364 1792 4419 ab
1853 4365 2109 4421 ecclesia.

524 4456 667 4524 Quid
686 4469 817 4527 ergo
842 4454 971 4509 mali
1007 4454 1479 4525 hor‘umjudices?
1509 4454 1848 4512 Persuadent
1878 4458 2116 4528 impera-

527 4549 655 4614 tori,
709 4558 763 4605 et
808 4562 1000 4603 omnes
1042 4560 1244 4619 cogunt
1301 4550 1503 4605 invitos
1545 4552 1805 4607 assentiri
1862 4553 2110 4609 Arsacio.

524 4642 593 4698 Et
619 4642 758 4698 alios
788 4641 1009 4713 quidem
1051 4640 1286 4697 ducebat
1317 4643 1526 4708 timor;
1578 4644 1671 4697 alii
1704 4646 1885 4699 autem
1920 4659 2112 4701 contra

525 4736 890 4799 decertantes,
924 4733 1189 4805 martyrio
1240 4746 1497 4805 suscepto
1531 4737 1981 4802 coronabantur;
2020 4741 2111 4794 alii

527 4840 657 4881 vero
691 4825 816 4895 fuga
843 4825 1078 4881 salutem
1103 4824 1207 4880 sibi
1240 4827 1581 4895 quaerebant.
1621 4826 1934 4884 lntercessit
1970 4840 2115 4885 totus

528 4930 709 4971 annus
749 4924 805 4971 et
834 4931 1030 4987 parum
1060 4915 1319 4987 amplius,
1353 4924 1407 4971 et
1464 4918 1695 4973 moritur
1723 4919 2006 4976 Arsacius.
2054 4921 2113 4976 Ei

528 5010 988 5064 autemsuecedit
1030 5008 1270 5066 Atticus.
1298 5010 1559 5076 Quaenam
1618 5019 1799 5067 autem
1823 5012 1892 5067 ab
1924 5029 1991 5069 eo
2024 5016 2117 5072 ﬁe-

528 5099 707 5156 bant?
751 5100 1172 5168 Accusationes,
1256 5101 1657 5166 ordinationes.
1704 5107 2112 5175 metropolitani

530 5192 739 5263 indigni
771 5192 865 5263 qui
889 5191 1221 5247 mandentur
1264 5194 1561 5249 memoriae.
1590 5193 1819 5261 Quidam
1859 5198 1957 5251 viri
1990 5200 2115 5253 boni

533 5301 643 5341 non
670 5286 909 5342 ferentes
944 5287 1059 5342 haec
1090 5287 1297 5351 videre,
1331 5295 1465 5343 eunt
1511 5289 1763 5343 Romam.
1801 5289 1878 5344 Ex
1917 5294 2117 5361 quibus

531 5393 655 5432 cum
686 5380 998 5435 rescivisset
1053 5380 1303 5447 antistes,
1340 5381 1553 5451 singula
1585 5380 1754 5439 refert
1800 5382 2129 5457 imperatori

533 5466 797 5525 Honorio.
847 5470 1157 5541 imperator
1207 5480 1391 5528 autem
1449 5489 1575 5529 cum
1625 5475 2014 5548 imperatorem
2064 5488 2118 5535 et

532 5561 757 5617 Fratrem
783 5563 1003 5633 scriptis
1025 5564 1092 5616 ad
1124 5579 1249 5618 eum
1278 5565 1475 5622 litteris
1516 5570 1719 5627 acriter
1754 5572 2030 5644 arguissct
2062 5582 2118 5629 et

533 5654 999 5724 reprehendisset,
1056 5664 1510 5728 comparatasque
1568 5662 1798 5718 insidias
1827 5672 1882 5721 et
1912 5665 2119 5721 machi-

536 5747 791 5802 nationes
809 5747 856 5800 ei
890 5747 1116 5816 pulchre
1141 5749 1503 5816 exposuisset,
1535 5754 1798 5824 increpat,
1834 5755 2093 5812 admonet

541 5836 909 5903 adhortatur,
962 5845 1016 5893 et
1064 5844 1344 5907 postremo
1392 5843 1629 5901 consulit
1710 5857 1769 5902 ut
1826 5860 2116 5907 revocetur

2211 3168 2343 3238 παρ’
2376 3168 2600 3220 ἐκείνων
2631 3166 2739 3219 τῶν
2768 3165 3068 3236 παρακτῶν
3096 3166 3191 3219 καὶ
3223 3166 3511 3237 θηριωδῶν
3538 3170 3826 3239 ἐπιμεμη.

2206 3261 2468 3330 χανηται,
2502 3253 2590 3312 οἷα
2629 3259 2722 3310 καὶ
2765 3256 3231 3330 διαπέπρακται),
3270 3258 3390 3321 πῶς
3438 3259 3505 3313 ἄν
3537 3276 3622 3323 τις
3668 3262 3828 3314 εῐποι

2205 3354 2304 3415 τὰς
2326 3352 2621 3414 πολυειδεῖς
2643 3350 2753 3403 τῶν
2780 3351 3094 3417 κολάσεωνς
3128 3352 3284 3415 τίνας
3312 3351 3376 3423 δὴ
3408 3354 3613 3418 ταύτας
3636 3372 3651 3420 ;
3701 3356 3831 3422 Ἐξ-

2216 3444 2373 3512 ορίας
2396 3482 2410 3504 ,
2461 3441 2884 3512 σκληραγωγίας
2904 3483 2918 3506 ,
2967 3441 3287 3512 δημεύσεις,
3311 3447 3783 3513 μεταναστεύσεις
3807 3489 3821 3510 ,

2211 3534 2409 3603 φυγὰς,
2439 3532 2686 3586 θανάτων
2729 3534 2944 3603 πικρῶν
2979 3534 3232 3604 μηχανὰς
3255 3572 3269 3596 ,
3304 3536 3364 3588 οὐ
3428 3537 3572 3589 κατὰ
3611 3537 3825 3610 ταύτην

2210 3627 2244 3696 ἢ
2288 3625 2525 3695 ταύτην,
2560 3625 2675 3679 ἀλλ’
2704 3625 2807 3679 ἀνά
2849 3628 3033 3679 πᾶσαν
3078 3625 3277 3696 μικροῦ
3318 3626 3417 3696 τὴν
3462 3628 3819 3701 οίκουμένην.

2213 3721 2411 3773 Φθάνει
2446 3725 2565 3782 ταῖς
2596 3721 2788 3782 ἀκοαῖς
2825 3720 2923 3771 τοῦ
2984 3718 3201 3790 Ῥώμης
3228 3720 3532 3773 ἐπισκόπου
3564 3736 3580 3751 ο
3607 3724 3824 3775 ἐκεῖθεν

2212 3814 2281 3867 τὰ
2333 3813 2616 3884 δράματα·
2675 3811 2928 3867 ἐντεῦθεν
2983 3812 3092 3866 τῶν
3150 3814 3480 3884 κατηγόρων
3528 3820 3823 3889 κατήγορει

2215 3906 2542 3977 γράμματα.
2582 3906 2829 3969 Ἐκεῖνος
2856 3905 2987 3974 μὲν,
3019 3905 3155 3958 ἀλλὰ
3194 3907 3353 3969 τέως,
3398 3906 3575 3977 βραχύ
3618 3926 3672 3960 τι
3710 3928 3823 3979 μα-

2216 3998 2501 4069 κροθυμεῖ·
2539 3999 2929 4069 χειροτονεῖται
2968 3998 3024 4051 δέ
3068 4017 3150 4061 τις
3173 4000 3315 4051 κατὰ
3342 4000 3440 4068 τὴν
3468 4000 3824 4055 Κωνσταντι-

2216 4089 2492 4153 νούπολιν,
2538 4088 2638 4160 τὴν
2669 4089 2861 4157 κλῆσιν
2902 4090 3229 4162 Ἀρσάκιος,
3278 4091 3373 4143 καὶ
3412 4086 3569 4156 οὗτος
3619 4086 3821 4163 ἰχθύων

2220 4177 2563 4247 ἀφωνότερος
2585 4220 2600 4240 ,
2671 4180 2920 4250 ἀνοήτων
2993 4181 3350 4249 ἀνοητότερος
3370 4224 3384 4243 ,
3454 4183 3781 4255 γεραίτατος
3802 4227 3821 4251 ,

2168 4300 2179 4309 ο
2222 4269 2695 4339 κατεγνωσμένος,
2727 4270 3049 4342 ἀσυντελής.
3090 4271 3180 4335 Ἐξ
3208 4268 3269 4326 οὗ
3298 4274 3351 4325 τί
3386 4274 3632 4343 τίνει-αις
3676 4279 3824 4331 Πάν-

2219 4370 2310 4424 τες
2339 4360 2523 4414 τέλεον
2552 4363 2649 4431 τῆς
2685 4361 2980 4433 ἐκκλησίας
3022 4363 3374 4433 ἀφίστανται.
3406 4367 3471 4421 Τί
3502 4368 3598 4422 οὖν
3636 4371 3682 4422 οί
3713 4388 3825 4424 κα·-

2219 4459 2305 4509 κο“ι
2330 4455 2440 4509 τῶν
2466 4455 2728 4509 τοιούτων
2756 4457 2942 4528 κριταί
2970 4475 2984 4521 ;
3021 4458 3435 4527 Παραπείθουσι
3460 4461 3553 4514 τὸν
3569 4462 3823 4532 βασιλέα,

2219 4550 2314 4603 καὶ
2341 4549 2552 4614 πάντας
2581 4548 2815 4612 ἄκοντας
2845 4548 3039 4619 ἄγουσι
3073 4551 3365 4606 συνθέσθαι
3395 4554 3473 4624 τῷ
3513 4556 3569 4609 Ἀ
3584 4558 3823 4627 ρσακίῳ.

2218 4642 2329 4695 Καὶ
2354 4642 2482 4705 τοὺς
2520 4641 2620 4711 μὲν
2650 4635 2789 4712 ἦγεν
2818 4644 2846 4694 ὁ
2885 4643 3079 4711 φόϐος,
3130 4644 3177 4696 οἱ
3218 4642 3272 4696 δὲ
3313 4646 3826 4717 ἀνταγωνιζόμενοι

2219 4732 2591 4805 ἐμαρτύρουν,
2627 4734 3040 4803 ἐστεφανοῦντο,
3067 4736 3115 4788 οἱ
3143 4736 3198 4788 δὲ
3231 4741 3379 4808 φυγῇ
3414 4739 3510 4810 τὴν
3540 4742 3828 4811 σωτηρίαν

2219 4826 2731 4896 ὲπραγματεύοντο.
2761 4827 3039 4890 Ἐνιαυτὺς
3062 4828 3181 4891 ὅλος
3203 4830 3262 4880 ὲν
3286 4830 3457 4899 μέσῳ,
3475 4832 3570 4885 καὶ
3621 4835 3826 4902 μικρόν

2216 4936 2268 4971 τι
2312 4918 2470 4989 πρὸς,
2505 4921 2601 4972 καὶ
2640 4919 2867 4988 θνήσκει
2909 4921 3222 4990 Ἀρσάκιος.
3272 4922 3381 4974 Καὶ
3412 4923 3603 4975 τοῦτον
3644 4924 3828 4978 ’Δττιο

2218 5013 2314 5075 κὸς
2342 5010 2667 5082 διαδέχεται.
2706 5012 2841 5064 Τίνα
2884 5011 2939 5065 δὲ
2976 5011 3153 5083 τούτῳ
3181 5012 3247 5067 τὰ
3282 5014 3573 5084 δρώμενας
3608 5017 3824 5086 Προϐο-

2219 5106 2331 5171 λαὶ,
2400 5096 2771 5176 χειροτονίαι,
2830 5106 3262 5175 μητροπολίται,
3321 5110 3544 5179 μνήμης
3597 5111 3819 5175 ἀνάξια.

2219 5199 2404 5252 Ταῦτα
2434 5198 2510 5269 μὴ
2544 5197 2808 5269 φέροντές
2837 5215 2981 5260 τινες
3002 5198 3111 5251 τῶν
3133 5200 3231 5268 τῆς
3266 5201 3470 5270 ἀρετῆς
3507 5201 3821 5273 ἀνθρώπων

2219 5293 2379 5363 δρᾷν,
2407 5291 2499 5343 ἐπὶ
2520 5291 2621 5361 τὴν
2654 5288 2874 5360 Ῥώμην
2897 5289 3144 5344 έσπίασινθ
3171 5291 3229 5357 ἐξ
3251 5284 3324 5343 ὧν
3344 5292 3373 5343 δ
3398 5293 3657 5365 πρόεδρος
3677 5298 3823 5347 ἀνα-

2221 5382 2412 5455 μαθὼν
2438 5424 2453 5449 ,
2486 5381 2564 5452 τῷ
2604 5381 2816 5452 βασιλεῖ
2864 5380 3108 5453 Ὀνωρίῳ
3137 5385 3548 5455 προσαναφέρει
3579 5386 3646 5437 τὰ
3689 5383 3827 5438 καθ’

2221 5478 2476 5530 ἕκαστον.
2504 5478 2563 5528 '0
2580 5475 2638 5529 δὲ
2654 5473 2909 5544 βασιλεὺς
2921 5474 2997 5545 τῷ
3012 5474 3225 5544 βασιλεῖ
3237 5475 3559 5547 αὑταδέλφῳ
3575 5482 3823 5549 γραφαῖς

2221 5564 2634 5639 φρονίμως,τῶν
2655 5564 2896 5635 ἐλέγχων
2909 5580 2967 5616 τε
2987 5564 3199 5619 καὶτῶν
3213 5565 3390 5620 ἄλλων
3402 5567 3629 5621 δικαίων
3646 5570 3825 5621 αἰτια-

2225 5665 2411 5736 μάτων
2445 5664 2950 5734 παραστησάμενος
2980 5661 3080 5732 τὴν
3110 5661 3424 5733 ἱνέργειαν,
3470 5664 3564 5716 καὶ
3598 5662 3662 5733 δὴ
3693 5663 3823 5716 κατ’

2224 5757 2353 5818 ἔτεος
2374 5756 2851 5825 ἀναζωγραφήσας
2874 5753 2981 5806 τῶν
3007 5770 3255 5823 σκευωρη
3267 5755 3452 5821 μάτων
3479 5755 3548 5807 τὰ
3571 5771 3828 5826 μηχανη-

2230 5865 2395 5913 uasa,
2415 5849 2663 5913 ὲπιτιυιᾶ,
2686 5846 2962 5911 παραινεῖ,
2979 5847 3073 5901 καὶ
3099 5848 3270 5911 πέρας
3294 5846 3658 5917 συμϐουλεύει
3680 5849 3819 5903 ἀναι-
