4088 6208
375 356 489 420 εει

1020 354 1308 417 ORATIO
1347 354 1568 419 XVIII.
1594 382 1663 391 -·
1702 358 2087 421 LAUDATIO
2110 359 2171 422 S.
2205 362 2527 424 JOANNIS
2564 366 2975 433 CHRYSOST.

3547 380 3652 443 2m

388 463 660 537 κληθῆναι
677 464 767 517 τὸν
788 464 961 531 ἅγιον.
988 464 1103 518 Οὐκ
1124 465 1279 519 ἔλαθε
1295 466 1353 519 δὲ
1374 468 1545 520 ταῦτα
1560 466 1659 536 τὴν
1680 468 1935 534 Εύδοξίαν
1959 488 1966 504 ε

2080 482 2319 527 sanctus.
2352 472 2469 529 Non
2497 475 2775 533 latuerunt
2798 478 2911 534 hac
2942 479 3266 549 Eudox?aitt,
3294 500 3417 555 qum
3448 502 3526 543 or.
3546 493 3656 547 tio-

392 560 429 626 ἤ
473 558 551 627 τῷ
600 557 963 627 πιθανωτέρῳ
1002 558 1322 629 χρησαμένη
1374 559 1483 612 τῶν
1530 561 1977 632 ἐπιτηδευμάτων

390 651 561 718 (δεινὴ
584 650 694 719 γάρ
716 644 783 719 ἦν
806 650 873 703 τὰ
898 648 1148 718 τοιαῦτα)
1173 650 1349 703 πείθει
1370 652 1460 704 τὸν
1482 651 1705 721 βασιλέα
1726 655 1850 717 τοὺς
1871 654 1985 729 ἀπὸκ

403 744 625 812 Ῥώμης
648 743 1014 811 ἀναμείναντα
1035 785 1049 806 ,
1074 744 1159 795 διὰ
1189 744 1250 795 τὸ
1275 744 1380 795 τῶν
1403 746 1745 814 πραγμάτων
1771 748 1976 816 ἀτάρα-

390 856 483 906 χον
510 838 577 904 (ὦ
607 836 937 905 προτάσεως
970 836 1193 898 ἀνοσίας
1221 837 1260 905 !)
1306 838 1439 899 τέως
1466 837 1557 890 τὸν
1602 840 1860 908 πρόεδρον
1900 843 1975 912 μὴ

389 929 853 984 άνακαλὲσασθαι’
908 929 1377 998 μεταστειλαμένη
1427 930 1482 981 δὲ
1523 930 1696 1001 λάθρα
1751 934 1969 1004 κατέχει

387 1024 517 1087 τοὺς
552 1024 669 1075 τότε
700 1021 946 1090 λιμένας,
1002 1022 1097 1072 καὶ
1135 1020 1386 1086 Ἄϐυδον,
1433 1023 1525 1075 καὶ
1568 1025 1745 1076 πᾶσαν
1786 1025 1976 1079 διάϐα-

389 1132 499 1178 σιν,
554 1114 683 1174 τοὺς
730 1113 828 1181 μὲν
880 1111 1127 1173 ἀνιόντας
1168 1111 1475 1181 Ῥωμαίους
1527 1114 1969 1187 ἐγκελευσαμένη

384 1205 714 1275 κακουχίαις
753 1203 850 1257 καὶ
880 1202 1103 1273 ὕϐρεσιν
1127 1202 1586 1272 ἀποπέμψαντας,
1621 1204 1719 1267 τὰς
1748 1205 1806 1257 δὲ
1847 1205 1973 1258 τούσ-

383 1318 498 1353 των
554 1296 845 1358 ἐπιστολὰς
880 1294 1124 1363 άρπάξαι
1179 1294 1271 1347 καὶ
1326 1295 1576 1361 ἀγαγεῖν.
1632 1296 1783 1366 ’ᾙδει
1839 1296 1969 1367 γάρ,

384 1387 505 1456 ᾔδει
540 1388 575 1455 ἡ
621 1383 759 1453 cogi;
809 1382 901 1435 τοῦ
937 1384 1271 1446 κακοῦντος,
1301 1383 1382 1446 ὡς
1422 1384 1829 1453 ἐξεταζομένων
1865 1386 1971 1437 τῶν

385 1475 737 1545 πραγμάτων
778 1471 1220 1543 ἀνακληθήσεται
1252 1475 1280 1527 ό
1317 1474 1628 1545 ἀρχιερεύς.
1663 1476 1849 1528 Ταῦτα
1878 1480 1972 1532 καὶ

382 1568 776 1637 μεμηχάνηται
840 1567 905 1635 τῇ
978 1564 1228 1634 βασιλίδι,
1286 1568 1381 1619 καὶ
1444 1567 1617 1636 πέρας
1673 1568 1966 1639 ἐλάμϐανε.

380 1659 728 1726 Κατέχονται
758 1656 865 1725 γὰρ
893 1657 941 1707 οἱ
967 1654 1074 1707 ἀπὸ
1108 1654 1328 1725 Ῥώμης
1358 1656 1477 1709 ἐκεῖ
1508 1659 1968 1727 παραγεγονότες,

376 1747 800 1820 φρουροῦνται,
851 1747 944 1797 καὶ
1004 1745 1430 1815 κακουχοῦνται,
1490 1748 1850 1801 ἀπαιτοῦνται
1900 1750 1969 1802 τά

377 1843 716 1912 γράμματα,
756 1838 1110 1891 ἀνθίστανται
1145 1842 1418 1903 γενναῖον·
1452 1841 1483 1899 ἡ
1537 1841 1856 1904 ἀντίστασις
1890 1842 1968 1906 είς

376 1936 633 1989 κίνδυνον
658 1934 924 2002 καταντᾷ.
982 1930 1091 1983 Καὶ
1141 1932 1248 2002 γάρ
1306 1949 1391 1996 τις
1428 1932 1634 1996 κλάσας
1678 1935 1769 1987 τὸν
1815 1933 1966 1987 ἀντί-

373 2046 543 2097 χειρα
581 2026 677 2080 τοῦ
715 2026 1041 2090 ἐπισκόπου,
1086 2026 1326 2095 ἁρπάζει
1370 2026 1465 2078 σὺν
1516 2030 1629 2088 τοῖς
1674 2026 1968 2098 γράμμασι

377 2120 477 2171 καὶ
512 2117 549 2170 ἃ
585 2117 942 2186 ἐπεφέροντο.
994 2110 1128 2169 Εἶτα
1168 2114 1486 2169 κολακεύειν
1529 2114 1724 2178 αὐτοὺς
1763 2117 1812 2168 οί
1847 2116 1969 2168 τολ-

377 2208 555 2277 μηταὶ
586 2204 989 2270 ἀναιδεύονται,
1021 2203 1210 2276 χρυσῷ
1255 2203 1542 2273 διακλέψαι
1594 2204 1654 2256 τὸ
1686 2205 1969 2275 συμπαθὲς

372 2298 893 2369 μηχανορραφοῦσιο
926 2300 1020 2351 καὶ
1068 2299 1248 2352 πάντα
1277 2295 1426 2350 δόλον
1460 2297 1719 2350 πλέκουσι
1753 2299 1874 2367 μὲν,
1906 2300 1968 2353 οὐ

374 2392 632 2446 πείθουσι
658 2390 737 2445 δέ.
770 2391 915 2455 Πῶς,
949 2391 1043 2443 καὶ
1059 2390 1181 2443 τίνα
1206 2390 1447 2461 τρόπονς
1492 2389 1657 2442 καλὸν
1683 2390 1780 2442 καὶ
1811 2390 1969 2443 τοῦτο

373 2486 578 2538 εἰπεῖν.
615 2482 828 2543 [lat-As;
881 2482 909 2533 ὁ
952 2481 1095 2545 θεῖος
1145 2481 1466 2543 ἀπόστολος,
1524 2480 1735 2544 τούτοις
1795 2498 1965 2552 προσ-

372 2576 614 2638 επιστὰς
641 2575 723 2627 ἐτι
758 2574 903 2627 κατά
961 2573 1059 2644 τὴν
1107 2572 1246 2626 ὁδόψ
1304 2572 1608 2635 Βλέπετε,
1672 2572 1967 2644 προῦλεγε,

368 2669 507 2735 πῶς
544 2666 941 2737 περιπατεῖτε,
972 2666 1053 2732 ὡς
1087 2664 1293 2734 σοφοί,
1320 2664 1407 2733 μὴ
1435 2662 1515 2731 ὡς
1540 2663 1787 2734 ἄσοφοι,
1817 2664 1969 2719 3166-

367 2781 477 2829 τες
504 2763 593 2815 ὅτι
639 2763 697 2815 αἱ
746 2758 959 2828 ἡμέραι
991 2759 1251 2827 πονηραί
1277 2760 1419 2812 εἱσι.
1452 2758 1551 2811 Διά
1588 2758 1699 2811 τῶν
1743 2758 1867 2811 τότε
1897 2759 1967 2812 τά

366 2856 476 2908 νῦν
523 2852 867 2922 αἰνιξάμενος
893 2867 907 2881 ⁸
962 2847 1005 2920 ᾧ
1054 2851 1480 2922 στηριζόμενοι,
1515 2851 1576 2903 τὸ
1613 2851 1968 2922 ἐπικείμενον

370 2946 458 3017 τῷ
500 2945 685 3016 χαλκῷ
729 2945 839 2997 τῶν
900 2943 1187 3015 ἀγρευτῶν
1218 2944 1319 3014 τῆς
1377 2943 1633 3007 Εὐδοξίας
1686 2945 1746 2997 ού
1797 2960 1971 3014 προσ-

364 3042 582 3111 ήκαντο
628 3037 844 3108 δέλεαρ.
920 3035 1299 3105 Ὑπέστρεψαν
1356 3030 1449 3088 οῦν
1506 3034 1645 3103 μετὰ
1675 3033 1835 3088 ἕκτον
1864 3051 1967 3088 που

2082 563 2164 615 uis
2191 573 2350 619 utens
2390 568 2771 634 probabilitate
2806 571 2945 641 (erat
2972 574 3116 627 enim
3150 577 3203 629 in
3255 578 3417 634 rebus
3463 582 3658 652 hujus-

2082 653 2223 706 modi
2280 655 2559 725 ingeniosa
2613 660 2807 715 artifex
2840 662 2857 731 )
2888 668 3177 731 persuadet
3213 669 3323 739 imp
3344 674 3554 742 iratori,
3596 686 3657 730 ιιι

2079 741 2183 807 iis,
2233 746 2324 813 qtti
2383 745 2564 801 Romae
2630 761 2807 810 erant.
2842 759 3196 823 exspectatis,
3240 770 3295 814 ut
3338 777 3426 817 res
3470 741 3657 822 essent

2078 846 2263 886 vacua:
2298 834 2443 887 omni
2474 839 2884 904 perturbatione
2902 842 2957 910 (ο
2990 843 3238 914 iniquum
3270 858 3591 918 prtett-xtaut
3614 856 3654 922 !)

2078 928 2209 976 tunc
2248 939 2357 978 non
2387 937 2667 983 revocaret
2701 935 3027 988 antistitem.
3062 936 3214 992 Clam
3291 952 3473 996 autem
3528 945 3655 997 mit-

2084 1022 2222 1081 tens,
2259 1028 2492 1086 occupat
2538 1021 2631 1089 qui
2671 1032 2801 1077 tunc
2834 1036 2991 1079 erant
3040 1041 3252 1095 portus,
3293 1033 3656 1104 Abyduniqne

2076 1111 2130 1158 et
2173 1120 2388 1160 omnem
2434 1111 2749 1175 transitum,
2795 1112 2995 1181 jnbcns
3032 1118 3393 1175 ascendentes
3428 1124 3648 1189 quidem

2078 1193 2355 1250 Romanos
2401 1200 2539 1253 tnale
2583 1202 2844 1257 multatos
2918 1214 2971 1259 et
3028 1210 3379 1264 contumeliis
3429 1212 3653 1267 amctos

2074 1287 2412 1353 amandare;
2464 1304 2649 1343 eorum
2707 1304 2885 1347 autem
2949 1296 3210 1363 epistolas
3282 1307 3364 1356 eis
3435 1313 3652 1372 ereptas

2075 1376 2313 1433 auferre.
2373 1378 2591 1435 Sciebat
2632 1384 2778 1437 enim
2828 1399 3034 1453 aperte,
3098 1390 3309 1444 St'iellttl.
3346 1393 3541 1447 callida
3595 1395 3649 1449 in

2076 1468 2233 1523 malis
2261 1470 2479 1535 mulier,
2514 1474 2657 1539 quod
2692 1474 2735 1526 si
2777 1490 2861 1528 res
2889 1479 3360 1547 examinat-eatur,
3391 1492 3538 1538 esset
3564 1499 3651 1538 re-

2073 1562 2357 1617 vocandus
2393 1566 2660 1634 pontifex.
2690 1566 2813 1621 llmc
2845 1577 2898 1622 et
2929 1571 3243 1625 machinata
3273 1582 3358 1627 est
3410 1577 3651 1645 impera-

2073 1653 2201 1714 trix,
2282 1669 2455 1724 eaque
2530 1657 2687 1710 finem
2726 1671 3076 1729 acceperunt.
3128 1663 3446 1723 Detiuentur
3480 1669 3650 1735 enim,

2072 1748 2163 1815 qui
2196 1744 2366 1800 Roma
2418 1748 2549 1803 illuc
2586 1761 2882 1818 venerant;
2920 1756 3298 1825 conjiciuntur
3347 1760 3401 1813 in
3457 1772 3653 1817 custo-

2074 1837 2245 1899 diam,
2299 1841 2438 1893 male
2494 1842 2815 1908 multantur,
2870 1845 3064 1901 littera:
3101 1848 3171 1903 ab
3232 1853 3310 1905 eis
3360 1861 3646 1921 petuntur.

2074 1929 2151 1984 Illi
2186 1929 2399 1986 fortiter
2432 1935 2699 1989 resistunt
2730 1953 2744 2001 ;
2775 1938 3085 1995 resistentia
3134 1952 3316 1998 autem
3356 1944 3559 2001 desiuit
3596 1948 3651 2001 in

2074 2023 2399 2092 periculum.
2451 2024 2586 2079 Nam
2638 2044 2762 2081 cum
2816 2031 3069 2101 fregisset
3121 2035 3347 2103 quidam
3399 2039 3651 2108 pollicem

2074 2112 2339 2182 episcopi,
2388 2127 2510 2168 cmu
2538 2116 2744 2173 litteris
2774 2120 2920 2188 rapit
2975 2122 3140 2175 etiam
3181 2138 3254 2177 ea
3279 2140 3403 2194 qua:
3457 2125 3656 2181 affere-

2073 2204 2225 2257 baut.
2268 2205 2473 2260 Deinde
2504 2210 2710 2261 audent
2744 2210 3092 2280 impudentes
3127 2223 3181 2269 et
3204 2216 3442 2273 audaces
3468 2217 3645 2271 homi-

2072 2311 2171 2351 aes
2192 2312 2287 2352 eos
2312 2298 2571 2365 blandiri,
2604 2316 2742 2356 auro
2763 2304 3195 2361 misericordiam
3222 2309 3525 2364 moliuntur
3547 2311 3652 2365 sibi

2072 2404 2395 2459 comparare
2430 2409 2443 2445 :
2488 2402 2541 2446 et
2574 2409 2791 2449 omnem
2822 2397 3042 2466 quidem
3086 2399 3275 2455 dolum
3318 2410 3644 2467 contexunt,

2072 2495 2182 2535 non
2209 2489 2391 2535 autem
2430 2486 2782 2554 persuadent.
2836 2486 3126 2554 Quomodo
3167 2500 3222 2547 et
3273 2507 3512 2563 quanam
3563 2512 3654 2549 ra-

2071 2574 2221 2629 tione
2249 2577 2272 2628 ?
2317 2574 2611 2633 Pulchrum
2640 2589 2721 2636 est
2776 2581 2879 2637 boc
2930 2598 3151 2654 «leone
3184 2587 3386 2643 dicere.
3416 2588 3643 2651 Paulus.

2073 2662 2293 2719 divinus
2344 2664 2664 2735 Apostolus,
2720 2670 2788 2723 ad
2831 2685 2925 2727 eos
2984 2675 3274 2741 accedens,
3335 2678 3636 2746 praedixit:

2082 2756 2261 2813 Videte
2282 2759 2541 2831 quomodo
2577 2770 2730 2814 caute
2762 2762 3069 2827 ambuletis,
3111 2775 3367 2834 tanquam
3418 2770 3638 2837 sapien-

2074 2858 2171 2914 tes,
2230 2867 2333 2904 non
2356 2862 2647 2922 tanquuam
2697 2852 3029 2921 insipientes,
3076 2858 3299 2912 scicutes
3344 2860 3482 2927 quod
3525 2860 3643 2915 dies

2074 2943 2203 2995 mali
2231 2952 2354 2996 sunt
2389 2944 2433 2975 "’
2465 2962 2478 2997 :
2514 2958 2612 3013 per
2662 2958 2726 2999 ea
2769 2960 2892 3015 qua
2940 2945 3147 3002 ﬁebant
3199 2956 3358 3013 tunc,
3414 2964 3479 3003 ea
3526 2966 3649 3019 qua:

2074 3049 2221 3088 nunc
2250 3036 2393 3088 fiunt
2420 3036 2586 3090 tacite
2614 3035 2872 3091 innuens.
2902 3038 3023 3102 Quo
3046 3038 3267 3109 quidem
3319 3043 3655 3109 confirmati,

367 3132 529 3201 μῆνα
563 3130 701 3199 πρδις
732 3128 799 3181 τά
829 3128 1025 3191 οἰκεῖα,
1058 3124 1402 3195 δηλώσαντες
1436 3124 1673 3178 ἅπαντα.
1706 3124 1815 3176 Καὶ
1838 3123 1965 3177 ταῦ-

2081 3141 2188 3180 uon
2230 3127 2574 3181 admiserunt
2599 3143 2805 3193 eseam,
2850 3144 2970 3197 qua:
3001 3131 3082 3183 ori
3117 3141 3436 3186 venatorum
3468 3134 3653 3190 Eudo-

365 3236 446 3272 τα
483 3219 585 3290 μὲν
606 3220 711 3279 ἕως
739 3213 865 3278 ὧδε,
899 3216 994 3267 καὶ
1033 3213 1207 3276 οὕτως
1252 3213 1468 3282 ἔχοντα.

2086 3218 2329 3270 aia-erat
2356 3218 2634 3288 imposita.
2679 3218 2809 3272 Post
2850 3229 3063 3274 sextum
3097 3234 3230 3291 ergo
3280 3237 3524 3278 mensem
3577 3223 3649 3277 ad

359 3330 508 3370 suos
543 3314 775 3377 reversi,
812 3309 1195 3378 significaram
1240 3307 1445 3362 omnia.
1482 3308 1545 3361 Et
1593 3307 1705 3361 luet:
1737 3306 1955 3375 quidem
1998 3308 2305 3380 hucusque,
2333 3320 2388 3366 et
2420 3311 2490 3365 ita
2515 3327 2572 3367 se
2601 3312 2821 3366 habent.

446 3408 512 3462 λ’.
550 3407 695 3477 Πρὸς
721 3405 788 3458 τὰ
824 3403 949 3473 ἑξῆς
990 3402 1047 3455 δὲ
1085 3401 1279 3472 χωρῶν
1320 3402 1347 3453 ὁ
1381 3400 1562 3467 λόγος,
1596 3400 1705 3453 τῶν
1732 3416 1953 3470 προκει-

370 3502 559 3572 μένων
590 3496 820 3567 ἐχέσθω.
867 3497 1027 3566 ’Δρτι
1074 3492 1169 3547 τοῦ
1199 3492 1522 3564 φερωνύμου
1551 3492 1649 3560 τῆς
1679 3492 1829 3555 θείας
1861 3492 1960 3561 χάο

368 3609 524 3663 pcto;
580 3586 815 3659 ἐνιαυτῷ
858 3585 1024 3640 παντὶ
1077 3584 1215 3656 πρὸς
1266 3586 1334 3655 τῇ
1395 3582 1624 3655 πολίχνῃ
1661 3582 1961 3652 Κουκουσῴ

365 3682 803 3754 διαπρέψαντος,
833 3678 1114 3734 κάνταῦθα
1140 3678 1269 3741 τοὺς
1293 3676 1439 3747 λιμῷ
1462 3678 1556 3730 καὶ
1580 3674 1725 3745 δίψει
1753 3675 1960 3745 Κυρίου

367 3776 553 3842 λόγων
596 3772 945 3842 λιμώξαντας
995 3769 1409 3842 διαθρέψαντος,
1461 3766 1617 3838 λιμὸς
1644 3766 1815 3837 ἄρτου
1869 3768 1963 3819 καὶ

368 3870 486 3921 τῶν
520 3865 841 3933 ἀναγκαίων
898 3862 1135 3934 κατέσχε
1177 3861 1276 3933 τὴν
1334 3862 1439 3932 γῆν
1500 3861 1595 3914 καὶ
1653 3860 1751 3928 τὴν
1809 3858 1963 3929 βασι-

368 3960 662 4014 λεύουσαν.
711 3955 929 4028 Ταύτην
973 3955 1331 4009 ἐκλείπουσαν
1370 3952 1619 4018 διαγνοὺς
1641 3953 1670 4005 ὁ
1705 3949 1911 4022 ποιμὴν
1936 3952 1966 4004 ὁ

373 4052 564 4115 καλὸς,
593 4048 897 4103 ἐπιστολῶν
942 4048 1256 4118 παρηγορεί
1289 4046 1383 4099 καὶ
1411 4044 1587 4113 λόγων
1615 4047 1729 4107 τοῖς
1755 4043 1963 4113 βοηθή-

375 4159 535 4212 μασι.
568 4140 681 4195 Καὶ
702 4139 920 4210 πρῶτον
954 4138 1054 4210 μὲν
1085 4137 1177 4191 τὸν
1218 4137 1285 4190 δι’
1322 4136 1613 4207 ἐπιστολῆς
1638 4136 1797 4205 λόγον
1830 4136 1964 4189 θαυ-

374 4235 593 4306 μασίως
641 4234 915 4303 τρέφοντα
959 4233 1059 4295 τὰς
1108 4230 1286 4301 ψυχὰς
1333 4230 1442 4283 τῶν
1495 4228 1887 4301 ἀκροωμένων,
1938 4228 1967 4280 ὁ

367 4328 464 4381 τοῦ
500 4326 662 4394 λόγου
702 4324 981 4394 σιτοδὸτης
1016 4324 1296 4387 σιτοδοτεῖ,
1334 4326 1392 4376 ὲν
1428 4321 1747 4391 κεφαλαίοις
1781 4323 1955 4374 εἴκοςι

369 4417 472 4469 καὶ
498 4415 794 4484 τέτταρσιν
823 4413 1256 4483 ἀριθμούμενον
1295 4412 1431 4482 πρὸς
1461 4413 1588 4474 τοὺς
1620 4412 1960 4476 σκανδαλιζο·

373 4508 580 4579 μένους
611 4509 669 4560 ἐν
705 4508 823 4568 ταῖς
871 4504 964 4558 τοῦ
996 4504 1114 4575 βίου
1168 4503 1542 4574 παρανομίαις
1578 4504 1607 4556 ὁ
1640 4502 1797 4571 λόγος
1829 4502 1967 4571 ἔχων

370 4600 659 4653 ὑπόθεσιν.
705 4597 874 4667 Ἀρχὴ
911 4596 967 4649 δὲ
995 4595 1073 4664 τῷ
1108 4596 1253 4666 λόγῳ
1286 4594 1404 4661 τίς;
1449 4594 1673 4664 Ἰατρῶν
1718 4594 1839 4664 μὲν,
1871 4592 1965 4647 καὶ

366 4691 443 4744 τὰ
491 4690 639 4758 ἑξῆς.
677 4690 797 4742 Ἔτι
828 4689 882 4741 δὲ
905 4688 1039 4758 πρὸς
1064 4687 1342 4758 κυριακὸν
1371 4684 1486 4749 δύο,
1520 4684 1771 4755 καὶπρὸς
1810 4685 1967 4737 Κων-

371 4781 661 4829 σταντῖνον
694 4776 1067 4847 πρεσϐύτερον
1103 4776 1321 4847 γραφὰς
1350 4775 1665 4844 διαφόρους,
1702 4775 1795 4827 καὶ
1830 4772 1966 4843 πρὸς

369 4869 547 4939 αὐτὴν
575 4868 672 4939 τὴν
701 4868 1012 4939 θαυμασίαν
1048 4867 1411 4936 Ὀλυμπιάδα.
1448 4866 1589 4919 Ἀλλ’
1626 4866 1725 4918 οὐκ
1756 4865 1965 4934 ἀφῆκεν

370 4961 548 5024 οὓτως
583 4964 611 5013 ὁ
631 4960 824 5030 φθόνος
850 4959 1181 5026 αὐτόν.Ἤδη
1215 4960 1323 5029 γὰρ
1352 4957 1695 5027 κακουχίαις,
1722 4957 1955 5019 αἰκίαις,

369 5053 473 5106 οῦκ
502 5053 650 5105 ἐστιν
690 5051 841 5115 ὅσαις
887 5054 1084 5116 εἰπεῖν,
1136 5051 1269 5122 πρὸς
1309 5049 1645 5121 ’Λραὸυσσὸν
1674 5048 1962 5119 μεταπέμ·

372 5162 557 5200 πεται.
592 5146 703 5199 Καὶ
748 5145 916 5201 πάλιν
955 5147 1012 5198 ἐν
1038 5144 1214 5216 ταύτῃ
1251 5143 1352 5213 τῆς
1387 5142 1555 5211 ἄλλης
1605 5140 1862 5210 πολίχνης
1895 5139 1961 5193 τὰ

371 5238 541 5306 ὅμοια
568 5239 596 5290 ὁ
624 5236 975 5309 θεραπευτὴς
996 5235 1565 5309 διαπραγματεύεται.
1600 5232 1712 5286 Καὶ
1744 5231 1908 5285 πάλιν
1935 5232 1963 5283 ὁ

374 5329 568 5397 φθόνος
593 5329 702 5383 τῶν
731 5330 1056 5401 κατηγόρων
1103 5327 1183 5399 τῷ
1225 5327 1376 5398 φόϐῳ
1434 5325 1784 5397 μαιούμενος,
1828 5324 1963 5396 πρὸς

378 5421 575 5485 ὠδῖνας
614 5423 778 5491 φόνου
829 5423 926 5475 καὶ
969 5422 1160 5485 τόκους
1192 5419 1391 5483 αὐτοὺς
1422 5419 1650 5472 συνωθεῖ
1676 5419 1769 5471 καὶ
1797 5416 1966 5470 διανι-

377 5513 495 5581 στᾷ,
536 5511 629 5563 καὶ
653 5510 931 5575 τοσοῦτον,
960 5509 1103 5563 ὥστε
1139 5511 1315 5564 εἰπεῖν
1337 5524 1461 5562 τινα
1484 5510 1596 5571 τοῖς
1634 5506 1961 5578 κατηγόροις

378 5600 637 5656 τοιοῦτον·
661 5603 830 5656 Ἴδετε
863 5601 1054 5672 νεκρὸν
1083 5599 1421 5674 φοϐεροῦντα
1449 5601 1576 5662 τους
1615 5598 1843 5663 ζῶντας,
1872 5602 1966 5653 καὶ

374 5694 712 5767 κρατοῦντας
760 5695 1115 5749 διαπτοοῦντα
1138 5737 1153 5762 ,
1185 5694 1433 5764 καθάπερ
1480 5693 1605 5754 τοὺς
1654 5690 1846 5755 παῖδας
1878 5690 1949 5744 τά

442 5810 487 5842 ⁸⁷
519 5809 724 5879 Ephes.
749 5810 1035 5877 v,15,16.

578 5910 851 5970 ΡΔτιιοι..
900 5907 1020 5970 Cn.
1066 5909 1248 5970 CVII.

2133 3403 2224 3457 ὅθ.
2262 3403 2342 3457 Ad
2369 3418 2436 3458 ea
2487 3413 2693 3466 autem,
2740 3420 2861 3476 quae
2898 3407 3157 3476 deinceps
3203 3418 3647 3479 consequuntur,

2065 3495 2367 3563 procedens
2402 3497 2581 3551 oratio
2616 3508 2979 3568 persequatur
3008 3515 3070 3554 ea
3108 3516 3231 3570 qua:
3260 3511 3389 3555 sunt
3447 3515 3652 3573 propo-

2063 3587 2188 3641 sita.
2222 3587 2356 3641 Cum
2405 3588 2517 3657 jam
2567 3589 2721 3657 quia
2752 3590 2933 3643 divina
2977 3591 3150 3660 gratia
3197 3599 3282 3646 est
3336 3593 3655 3649 denomina-

2065 3685 2175 3740 tus,
2209 3685 2323 3731 toto
2366 3692 2511 3730 anno
2538 3679 2590 3730 in
2626 3680 2883 3747 oppidulo
2914 3680 3129 3736 Cucuso
3159 3697 3221 3738 se
3253 3684 3514 3753 praeclare
3533 3702 3660 3757 ges-

2072 3771 2259 3830 sisset.
2294 3780 2344 3824 et
2372 3770 2604 3825 aluisset
2631 3785 2749 3837 eos,
2787 3774 2880 3842 qui
2925 3774 3066 3828 fame
3100 3782 3155 3828 et
3198 3776 3287 3829 siti
3326 3777 3653 3833 laborabant

2066 3860 2353 3915 verborum
2385 3859 2623 3925 Domini,
2665 3861 2837 3916 fames
2862 3863 3020 3933 panis
3078 3874 3133 3919 et
3176 3882 3358 3921 rerum
3391 3884 3658 3924 necessa-

2066 3948 2270 4003 riarum
2304 3960 2504 4004 terram
2533 3949 2739 4004 invasit
2768 3969 2784 4004 :
2814 3962 2869 4005 et
2893 3967 3020 4007 cum
3051 3954 3195 4011 hanc
3220 3958 3413 4013 urbem
3446 3960 3653 4030 regiam

2066 4038 2301 4095 deficere
2329 4041 2683 4110 cognovisset
2721 4040 2909 4111 paStor
2938 4043 3030 4099 ille
3058 4045 3255 4112 bonus,
3282 4062 3401 4103 eam
3437 4051 3649 4120 episto-

2067 4130 2243 4184 larum
2272 4139 2325 4187 et
2354 4133 2662 4186 orationum
2689 4135 3013 4189 consolatur
3044 4138 3285 4194 auxiliis.
3320 4138 3383 4192 Et
3408 4140 3651 4209 primum

2069 4223 2288 4291 quidem
2344 4239 2488 4289 eam,
2543 4241 2665 4294 qua:
2695 4235 2779 4280 est
2828 4242 2925 4296 per
2968 4229 3279 4296 epistolam,
3324 4233 3654 4297 orationem,

2069 4313 2380 4366 auditorum
2419 4315 2633 4368 animas
2675 4316 3011 4371 nutrientent
3058 4318 3482 4386 admirabiliter,
3517 4338 3653 4390 sup-

2072 4403 2281 4470 peditat
2343 4400 2601 4455 frumenti
2677 4404 2969 4457 verborum
3038 4411 3464 4476 suppeditatur;
3525 4429 3650 4481 quia:

2069 4492 2316 4545 continet
2365 4490 2554 4561 viginti
2578 4503 2815 4561 quatuor
2841 4494 3045 4562 capita.
3077 4496 3158 4550 Ad
3190 4514 3288 4552 eos
3320 4508 3524 4566 autem,
3558 4506 3651 4572 qui

2069 4585 2194 4637 vita:
2228 4582 2579 4639 offenduntur
2612 4586 3023 4656 iniquitatibus,
3062 4589 3227 4646 habet
3253 4604 3643 4663 argumentum

2002 4666 2043 4720 θ
2073 4682 2271 4735 oratio.
2302 4682 2587 4746 Quodnam
2615 4692 2701 4738 est
2734 4694 2915 4739 autem
2952 4686 3279 4757 principium
3326 4691 3648 4746 orationis?

2068 4773 2258 4828 Medici
2288 4774 2531 4843 quidem,
2564 4784 2617 4829 et
2647 4791 2768 4845 qum
2787 4776 2984 4832 deinde
3011 4788 3339 4847 sequuntur.
3372 4778 3643 4837 Praeterea

2063 4874 2244 4920 autem
2295 4866 2434 4921 duas
2485 4868 2550 4919 ad
2618 4867 2933 4938 Cyriacum,
2983 4879 3036 4922 et
3092 4871 3160 4924 ad
3211 4870 3634 4928 Constantinum

2064 4957 2438 5025 presbyterum
2460 4959 2610 5011 varia
2641 4959 2872 5027 scripta,
2896 4967 2950 5013 et
2973 4961 3037 5013 ad
3065 4960 3236 5029 ipsam
3262 4964 3641 5019 admirabilem

2061 5047 2461 5118 Olympiadem.
2497 5048 2602 5105 Sed
2632 5065 2741 5103 non
2778 5050 2858 5105 sic
2888 5066 3011 5105 eum
3036 5052 3491 5111 dimisitinvidia.
3524 5056 3645 5112 Jam

2068 5140 2213 5191 enim
2260 5141 2601 5204 vexationes,
2632 5142 2887 5210 injurias,
2913 5142 3232 5201 atllictiones
3273 5148 3460 5203 nescio
3485 5164 3649 5217 quam

2072 5230 2277 5284 multas
2332 5246 2652 5300 perpessus,
2712 5235 3116 5290 traitstuittitur
3162 5237 3524 5310 Arabyssum.
3590 5240 3657 5297 Et

2078 5336 2271 5376 rursus
2302 5324 2356 5377 in
2401 5338 2467 5377 eo
2511 5324 2700 5377 eadem
2748 5325 2899 5388 facit,
2951 5343 3073 5397 quae
3120 5328 3175 5384 in
3216 5329 3325 5384 alio
3366 5331 3651 5401 oppidulo.

2072 5410 2289 5468 Rursus
2336 5423 2518 5468 autem
2564 5415 2767 5469 invidia
2800 5431 2860 5471 se
2889 5417 3236 5474 obstetricem
3259 5423 3508 5491 praebens
3562 5439 3651 5479 ac-

2070 5515 2385 5560 cusatorum
2417 5507 2609 5570 metui,
2649 5522 2747 5562 eos
2772 5508 3003 5576 impellit
3028 5518 3083 5565 et
3114 5510 3306 5565 incitat
3334 5517 3399 5568 ad
3426 5517 3647 5585 parien-

2075 5600 2198 5653 dam
2222 5598 2447 5663 caedem,
2474 5599 2610 5654 adeo
2648 5607 2704 5655 ut
2722 5614 2786 5655 ex
2811 5606 3231 5659 accusatoribus
3248 5606 3469 5676 quidam
3491 5608 3650 5662 dixe-

2058 5692 2129 5747 rit
2152 5690 2268 5749 suis
2297 5691 2464 5749 sociis
2491 5710 2505 5748 :
2528 5690 2716 5751 Videte
2738 5704 3012 5751 mortuum
3038 5698 3340 5754 terribilem
3368 5700 3463 5771 qui
3493 5701 3646 5756 vivos

3168 5905 3238 5966 10
