4088 6208
458 368 554 431 est

1711 350 1988 414 LEOle
2019 353 2114 412 ΡΠ
2126 352 2473 413 iLOSOPHI

3612 350 3720 414 2θὲ

465 484 631 533 terret
653 484 705 529 et
723 488 908 528 rerum
940 472 1205 543 patientes
1225 480 1450 538 stupore
1482 467 1745 537 percellit,
1766 466 2024 535 qnomodc

2145 468 2535 538 μορμολύκεια.
2581 466 2674 530 Τίς
2714 464 2918 533 ταῦτα;
2958 467 2985 520 6
3029 465 3294 535 ἀσθενὴς,
3346 466 3375 519 6
3421 464 3716 537 ἐξόριστος,

469 571 629 621 larva:
676 580 891 634 pueros.
914 562 1049 627 Quis
1082 562 1194 614 lucc
1250 560 1522 613 l'acit?llle
1570 558 1895 619 imbecillus,
1948 558 2038 612 ille

460 661 752 728 relegatus,
770 658 862 727 qui
888 671 995 710 non
1024 655 1185 708 habet
1203 653 1293 721 qui
1312 668 1438 705 eum
1464 650 1826 705 defendatJlli
1852 658 2032 703 autem

460 752 733 820 serpentis
760 750 997 803 insidias
1037 748 1091 800 in
1126 762 1184 799 se
1215 747 1393 798 adhuc
1440 752 1806 806 ostentantes,
1855 742 2037 810 jusse-

456 852 582 899 runt
609 858 733 897 eum
756 842 864 910 jaei
888 844 938 895 in
969 839 1256 909 quemdam
1285 840 1463 891 Inctttlt
1494 837 1737 891 Omnium
1783 835 2037 890 desertis-

454 936 649 989 simnm
711 953 724 989 :
780 936 1081 989 scientibus
1144 933 1289 995 dico,
1342 932 1674 1003 Pityuntem,
1737 931 2029 984 finitimum

452 1026 649 1079 accolis
677 1026 1045 1079 Tzannornm.
1081 1026 1275 1079 Adhuc
1324 1037 1506 1076 autem
1556 1035 1854 1091 antequam
1902 1036 2031 1091 pcr-

454 1119 660 1172 veniret
706 1128 929 1171 sanctus
964 1119 1016 1171 in
1052 1119 1150 1170 loci
1184 1116 1534 1172 solitudinem
1597 1116 1722 1185 (hoc
1763 1116 1905 1169 enim
1935 1129 2036 1185 ego

453 1209 685 1261 narrabo
723 1206 998 1274 paululum
1026 1204 1419 1275 intersistens),
1448 1204 1515 1258 ab
1540 1219 1605 1258 eo
1637 1220 1824 1259 rursus
1851 1205 2036 1258 viden-

460 1309 569 1359 tttr,
610 1300 751 1351 sicut
780 1298 1099 1359 Antioehim,
1133 1296 1301 1349 divini
1334 1296 1581 1365 Apostoli
1625 1312 1638 1347 :
1682 1294 1809 1363 quid
1838 1295 2026 1349 dicen-

451 1386 573 1451 tes?
608 1384 853 1438 Divinam
892 1386 1125 1452 gratiam
1173 1382 1486 1444 aﬂercntcs.
1549 1383 1947 1438 confirmantes
1978 1392 2033 1438 ct

463 1478 909 1538 corroboranles,
966 1484 1254 1544 tingentes,
1289 1471 1573 1526 laudantes
1627 1487 1751 1525 eum
1807 1479 2035 1542 promer

453 1565 744 1631 puritatem
818 1564 1209 1629 conscientisc,
1294 1573 1571 1633 postremo
1642 1564 2033 1617 annuntiantes

450 1654 569 1722 ejus
590 1655 655 1708 ad
682 1654 848 1707 Deum
902 1667 1212 1714 excessum,
1256 1654 1479 1720 fereque
1503 1659 1561 1705 ut
1589 1651 1653 1706 ad
1682 1666 1873 1705 eorum
1909 1666 2034 1721 per-

452 1745 657 1798 veniret
685 1743 948 1797 honorem
985 1753 1037 1797 et
1072 1743 1337 1812 gloriam:
1374 1743 1633 1797 Eudoxizc
1690 1741 1937 1796 fmtidam
1976 1752 2033 1797 et

451 1836 706 1890 infamem
728 1843 978 1897 mortem,
1007 1850 1239 1904 eamque
1265 1846 1390 1890 ante
1419 1845 1647 1889 mortem
1678 1849 1853 1904 ipsum
1879 1848 2020 1903 sape
2068 1830 2107 1884 Β

452 1940 560 1980 ase
590 1924 926 1994 requisiisse.
955 1923 1097 1977 Nihil
1122 1924 1544 1994 prmtermittunt
1572 1924 1716 1993 quod
1744 1922 1945 1978 faceret
1965 1923 2032 1977 ad

451 2032 574 2070 eum
602 2015 928 2071 docendum.
955 2014 1242 2070 Postremo
1278 2030 1403 2070 eum
1454 2024 1685 2084 pascunt
1722 2015 2021 2078 ambrosia,

462 2106 709 2161 dicentes
747 2123 763 2161 :
800 2105 911 2160 llac
946 2105 1044 2160 tibi
1082 2120 1239 2174 opem
1293 2104 1522 2168 ferente,
1554 2106 1709 2160 nullo
1740 2105 1848 2159 alio
1887 2120 2027 2174 opus

448 2196 673 2251 habebis
724 2197 1086 2249 nutrimento.
1147 2196 1323 2260 Quam
1377 2211 1501 2249 cum
1570 2197 1886 2266 accepisset,
1935 2210 2029 2249 co.

456 2286 623 2340 incdit
652 2300 836 2339 coram
867 2285 1106 2346 duobus,
1149 2286 1241 2354 qui
1282 2300 1407 2339 eum
1457 2283 1689 2339 fideliter
1721 2284 2027 2355 sequeban-

458 2383 567 2428 tur.
633 2373 736 2439 Qui
768 2375 932 2428 etiam
979 2374 1126 2441 digni
1159 2374 1329 2429 habiti
1361 2384 1490 2428 sunt
1532 2389 1784 2429 sermone
1809 2384 1863 2429 et
1897 2390 2029 2429 eon-

453 2466 806 2535 templationc
858 2465 950 2521 Dei
1004 2481 1334 2536 pralconum,
1370 2467 1693 2536 implerique
1740 2466 1941 2534 gaudio
1977 2473 2030 2520 et

450 2557 837 2622 exsultatione,
881 2542 1005 2626 qua:
1056 2557 1206 2612 illinc
1263 2558 1654 2626 proficiscitur.
1706 2556 1842 2612 Tres
1894 2572 2027 2625 ergo

455 2659 576 2717 post
632 2649 746 2703 haec
789 2664 1006 2704 menses
1063 2649 1508 2714 intercesserunt,
1566 2658 1620 2703 et
1683 2649 2025 2719 angebantur

461 2739 602 2791 mala
639 2738 842 2807 quibus
875 2753 999 2793 eum
1039 2738 1348 2794 adiciebant
1401 2739 1643 2806 milites;
1676 2739 1820 2808 quod
1850 2740 2026 2810 ipsum

452 2843 668 2897 quoque
703 2828 1026 2883 meditaturo
1053 2835 1107 2883 ct
1128 2828 1197 2883 de
1226 2827 1493 2883 industria
1520 2837 1870 2898 procuratum
1904 2829 2020 2884 fuc-

454 2926 537 2972 rat
566 2932 594 2970 ο
633 2917 1103 2987 persecutoribus.
1149 2916 1282 2984 Quae
1312 2926 1490 2973 autem
1534 2918 1601 2973 ab
1642 2919 1723 2975 eis
1767 2919 2024 2974 meditata

455 3009 698 3075 fuerant,
729 3008 840 3064 Deo
874 3026 982 3064 non
1015 3011 1384 3080 permittente,
1412 3011 1524 3066 eito
1557 3010 1860 3079 interrupta
1896 3010 2016 3066 fue-

449 3108 578 3153 runt
618 3108 674 3152 et
730 3098 988 3153 rescissa.
1048 3098 1309 3163 Quisnam
1362 3108 1542 3154 autem
1595 3099 1838 3154 modus?
1891 3098 2023 3154 Data

447 3190 592 3245 enim
633 3190 714 3244 sic
770 3191 887 3244 haec
921 3205 1144 3259 quoque
1196 3198 1470 3259 postrema
1518 3192 1760 3245 narratio
1808 3165 2094 3247 summoc

457 3280 743 3335 miraculo.
767 3278 1017 3334 Nondum
1040 3280 1339 3335 Comanam
1381 3283 1857 3352 appmpinquarat
1893 3298 2023 3338 san-

449 3380 593 3433 ctus,
627 3386 755 3428 ecce
781 3384 963 3427 autem
1034 3380 1200 3427 noctu
1227 3373 1276 3426 ei
1309 3380 1575 3443 apparent
1621 3372 1920 3429 Basiliscus
1965 3382 2020 3429 et

447 3459 723 3519 Lucianus
767 3470 1066 3532 martyres,
1115 3460 1365 3517 dict-rites
1405 3461 1600 3517 :Bono
1650 3473 1772 3519 esto
1814 3463 2020 3529 animo,

444 3565 495 3608 et
536 3550 733 3623 gaudio
762 3552 975 3608 exsnlza
1018 3550 1299 3614 inclTabili,
1336 3551 1505 3605 frater
1555 3550 1818 3608 Joannes.
1869 3552 2008 3608 Cras

440 3647 588 3700 enim
622 3644 786 3701 simul
836 3641 1066 3698 erimus.
1108 3640 1225 3695 Hoc
1273 3641 1452 3710 ipsum
1500 3657 1720 3713 quoque
1764 3642 2024 3697 dixerunt

442 3737 529 3789 sui
563 3734 748 3803 templi
782 3735 1126 3803 presbytero,
1167 3742 1225 3787 ut
1258 3748 1318 3787 se
1368 3742 1587 3802 pararet
1638 3734 1703 3787 ad
1738 3733 1886 3802 justa
1936 3734 2017 3788 fa-

440 3828 632 3882 ciemla
659 3826 950 3880 etdebitas
980 3825 1285 3893 exsequias
1311 3824 1504 3878 divino
1544 3826 1813 3895 pontilici.
1860 3824 2022 3882 Venit

436 3931 571 3987 ergo
620 3918 687 3971 ad
752 3917 929 3970 locum
983 3915 1146 3970 divus
1214 3914 1501 3984 pontifex;
1549 3916 1744 3985 qurerit
1815 3927 2020 3972 vestem

443 4007 809 4077 splendidam,
842 4021 964 4075 quae
990 4007 1223 4075 tempori
1270 4015 1325 4061 et
1372 4006 1623 4075 dignitati
1681 4009 2017 4063 conveniat:

441 4104 615 4154 mutat
642 4105 821 4151 autem
853 4112 916 4151 ea
944 4110 1065 4165 qua:
1110 4096 1379 4164 gestabat,
1414 4098 1579 4153 etilla
1628 4099 1908 4153 distribuit
1948 4099 2017 4155 iis

444 4187 813 4258 quiaderant.
858 4185 1063 4242 Deinde
1104 4201 1322 4242 sacrum
1377 4186 1619 4243 celebrat
1677 4190 2000 4259 mysterium

440 4279 815 4336 communicat
873 4287 1225 4335 sacramento
1278 4280 1488 4351 gratiae,
1545 4279 1726 4336 fundit
1788 4282 2013 4336 ultimas

441 4382 654 4440 preces.
678 4365 886 4423 Deinde
926 4382 1051 4423 cum
1080 4368 1147 4423 de
1188 4385 1341 4427 more
1368 4370 1592 4427 dixisset
1612 4371 1703 4427 hic
1745 4372 1885 4426 inter
1919 4387 2017 4442 pa-

438 4461 713 4516 triarchas
739 4461 958 4516 divinus
980 4470 1037 4516 et
1062 4476 1253 4517 revera
1277 4478 1507 4533 magnus
1538 4463 1968 4536 Chrysostomus
1997 4483 2012 4521 :
2046 4501 2090 4559 υ

439 4550 627 4609 Gloria
660 4549 773 4607 Deo
804 4562 1033 4623 propter
1063 4554 1270 4618 omnia,
1320 4562 1375 4609 et
1421 4554 1568 4610 facto
1619 4558 1783 4627 signo
1832 4558 2014 4614 crucis

436 4644 831 4715 subjunxisset,
866 4645 1039 4700 Amen
1067 4662 1083 4711 ;
1111 4655 1165 4701 et
1194 4647 1559 4713 recubuisset,
1607 4650 1874 4718 requievit
1918 4650 2014 4707 de-

435 4736 582 4792 cimo
640 4747 842 4808 quarto
895 4737 1104 4793 mensis
1141 4735 1509 4807 Septembris.
1563 4737 1784 4794 Licebat
1830 4749 2012 4796 autem

434 4827 622 4884 videre
645 4837 765 4899 post
798 4828 933 4894 haec,
971 4837 1229 4897 tanquam
1251 4828 1409 4898 signo
1442 4830 1592 4895 dato,
1619 4840 2012 4888 concurrentes

432 4932 497 4971 ex
541 4918 722 4986 Syria,
751 4917 968 4983 Cilicia,
1018 4916 1197 4973 Ponto
1224 4926 1280 4973 et
1329 4918 1590 4974 Armenia
1639 4911 1803 4976 onrhe
1837 4936 2010 4992 genus

432 5010 721 5066 hominum
778 5018 832 5067 et
878 5025 1101 5068 omnem
1150 5018 1390 5079 aetatem,
1445 5021 1669 5083 prepter
1717 5012 2009 5070 utilitatem

431 5118 787 5159 communem
825 5111 879 5159 et
918 5105 1155 5161 salutem
1192 5123 1207 5161 :
1249 5112 1303 5161 et
1330 5105 1411 5163 sic
1449 5105 1741 5176 deponitur
1779 5106 2008 5177 patien-

432 5195 709 5251 tissimum
744 5206 799 5255 et
834 5196 1248 5253 sanctissimum
1290 5197 1423 5254 illud
1467 5213 1670 5267 corpus
1712 5214 1832 5252 cum
1868 5213 2006 5253 mar-

429 5297 609 5358 tyrum
644 5291 737 5358 qui
780 5289 896 5344 illic
933 5297 1087 5349 sunt.
1125 5290 1454 5362 corporibus
1497 5307 1511 5345 :
1555 5291 1873 5347 beatissima
1902 5305 1999 5345 ano

428 5384 538 5434 tem
590 5388 646 5434 et
688 5379 1031 5435 divinissima
1087 5380 1271 5435 anima
1326 5381 1601 5452 excipitur
1652 5381 1998 5436 intemeratis

416 5470 678 5526 manibus
706 5470 1034 5527 immortalis
1059 5474 1303 5528 omnium
1339 5472 1523 5544 Regis,
1560 5473 1773 5529 llouiini
1805 5482 1861 5528 et
1901 5474 1996 5529 Dei

423 5559 601 5615 nostri
627 5568 682 5616 et
714 5560 1017 5617 Salvatovis
1042 5561 1171 5617 Jesn
1212 5562 1437 5630 Christi,
1482 5580 1643 5635 quem
1667 5580 1792 5620 cum
1835 5564 1999 5621 Patre

417 5661 469 5707 et
500 5660 695 5705 saneto
733 5649 935 5720 Spiritu
987 5653 1144 5708 decet
1179 5656 1361 5709 omnis
1398 5656 1591 5726 gloria,
1642 5657 1840 5723 honor,
1902 5672 2000 5725 po-

422 5744 617 5808 tentia,
658 5744 915 5809 majestas
954 5752 1008 5797 et
1048 5744 1476 5815 magnificentia,
1516 5763 1663 5804 nunc
1702 5758 1753 5805 ct
1798 5751 1852 5803 in
1894 5765 1995 5806 saa-

416 5836 539 5891 cuta
572 5836 920 5891 seculorum.
960 5834 1153 5892 Amen.

2143 553 2187 627 ᾧ
2231 562 2304 629 μή
2329 562 2443 613 ἐστι
2471 560 2789 632 συνήγορος.
2823 560 2887 612 Οἱ
2916 560 2973 612 δέ
3021 560 3085 612 τὸ
3133 559 3488 612 ἐπιϐουλεῦον
3513 559 3594 612 ἐτι
3624 560 3717 613 τοῦ

2142 652 2318 720 δφεως
2353 654 2411 705 ἐν
2440 653 2654 714 ἑαυτοῖς
2688 651 3087 721 θεατρίζοντες,
3117 652 3199 713 είς
3231 650 3409 721 χῶρόν
3451 668 3576 704 τινα
3621 668 3721 719 με·

2147 742 2491 814 ταρριφῆναι
2546 741 2735 795 τοῦτον
2801 742 3214 795 διακελεύονται
3269 742 3539 795 πάντοθεν
3591 744 3721 813 ἐρη-

2143 836 2399 906 μότατον,
2481 835 2644 888 εἰδόσι
2707 835 2871 903 λέγω,
2945 835 3039 889 τὸν
3124 836 3430 889 Πιτυοῦντα
3494 836 3717 904 λεγόμε-

2141 942 2254 990 νον,
2317 926 2427 980 τῶν
2488 927 2809 998 περιχώρων
2860 925 3082 991 Τζάνων
3140 927 3230 980 τὸν
3303 928 3523 997 ὅμορον.
3596 929 3716 980 Ἔτι

2140 1014 2198 1068 δὲ
2260 1016 2367 1087 πρὸ
2426 1015 2522 1069 τοῦ
2585 1033 2648 1085 γε
2729 1015 2934 1084 φθάσαι
3001 1015 3100 1087 τὴν
3146 1015 3384 1086 ἐρημίαν
3422 1017 3514 1069 τὸν
3562 1018 3717 1084 ἅγιον

2142 1107 2320 1179 (τοῦτο
2352 1107 2459 1179 γὰρ
2494 1106 2605 1176 ἐγὼ
2659 1107 2993 1178 διηγήσομαι
3026 1108 3221 1178 μικρὸν
3253 1107 3517 1179 ἐπισχὼν)
3545 1109 3716 1163 ὀπτά-

2141 1200 2495 1269 νονταιαύτῷ
2540 1199 2721 1264 πάλιν,
2773 1200 3027 1268 καθάπερ
3057 1202 3114 1252 ἐν
3152 1200 3476 1271 ’Δντιοχείῃ
3502 1204 3551 1254 οἱ
3585 1202 3719 1255 θεῖοι

2140 1291 2448 1344 ἀπόστολοι.
2486 1290 2550 1342 Τί
2614 1290 2897 1357 λέγοντεςς
2933 1290 3046 1360 Τὴν
3108 1291 3258 1345 θείαν
3293 1292 3469 1362 χαρὰν
3521 1292 3715 1361 ἐπιφέ-

2142 1399 2350 1453 ροντες,
2378 1381 2738 1452 ἐνισχύοντες,
2775 1381 3161 1451 ἐπαλείφοντες
3186 1385 3254 1454 τῇ
3283 1384 3379 1437 τοῦ
3420 1385 3719 1447 συνειδότος

2141 1474 2304 1527 αὑτὸν
2337 1473 2692 1545 καθαρότητι·
2742 1474 2836 1526 ἐπὶ
2883 1476 3050 1528 πᾶσιν
3099 1475 3589 1548 ἀναγγελιζόμενοι
3616 1480 3719 1549 τὴν

2141 1566 2279 1635 πρὸς
2325 1565 2460 1619 Θεὸν
2507 1567 2817 1636 ἐκδημίαν,
2862 1568 2925 1621 τὸ
2980 1569 3341 1641 συντετάχθαι
3387 1572 3451 1642 τῇ
3509 1572 3718 1629 ἑαυτῶν

2139 1660 2272 1727 τιμῇ
2315 1674 2372 1709 τε
2400 1659 2493 1710 καὶ
2524 1657 2675 1728 δόξᾳ,
2710 1659 2799 1712 τὸν
2827 1659 2883 1713 δὲ
2912 1660 3013 1730 τῆς
3053 1661 3309 1725 Εὺδοξίας
3349 1662 3581 1717 ὀδωδότα
3623 1666 3721 1717 καὶ

2140 1748 2337 1818 ἄτιμον
2365 1750 2615 1817 θάνατον,
2645 1752 2744 1821 τὴν
2767 1752 2823 1805 δέ
2855 1754 2963 1823 πρὸ
2982 1753 3073 1807 τοῦ
3103 1754 3333 1809 θανάτου
3360 1756 3561 1827 πολλὴν
3584 1759 3716 1825 παρ’

2135 1840 2309 1909 αὐτῆς
2363 1842 2709 1913 ἐπιζήτησιν,
2760 1844 2913 1898 οὐδὲν
2964 1845 3045 1898 ὅτι
3094 1846 3171 1916 μὴ
3228 1846 3714 1917 παραλιμπάνουσι

2134 1935 2245 1988 τῶν
2275 1936 2518 2007 ὑστέρων
2546 1939 2627 2001 είς
2664 1937 2993 2005 ἀναδίδαξιν.
3022 1939 3185 2002 Τέλος
3222 1939 3500 2011 ἀμϐροσίᾳ
3527 1940 3716 1995 τοῦτον

2137 2029 2421 2096 σιτίζουσι,
2462 2031 2751 2102 φήσαντες,
2820 2031 2909 2095 Ὦς
2963 2032 3313 2102 ἐπαρκούσης
3357 2049 3441 2087 σοι
3486 2032 3713 2105 ταύτης,

2135 2122 2332 2193 ἐτέρας
2362 2122 2421 2174 οὐ
2455 2120 2693 2193 δεηθήσῃ
2726 2121 2954 2193 τροφῆς.
2997 2122 3107 2176 Καὶ
3148 2123 3351 2189 λαϐὼν,
3387 2123 3580 2193 ἔφαγε,
3606 2127 3713 2177 τῶν

2135 2212 2234 2264 σὺν
2280 2211 2429 2281 αὐτῷ
2467 2211 2562 2264 δύο
2616 2212 2825 2275 πιστῶς
2880 2212 3396 2267 ἐπακολουθούντων
3457 2213 3711 2267 ἐνώπιον·

2133 2303 2183 2355 οἳ
2210 2303 2267 2356 δέ
2312 2303 2653 2374 κατηξίωντο
2680 2303 2780 2374 τῆς
2806 2302 3025 2374 ὁμιλίας
3063 2304 3173 2357 τῶν
3207 2305 3584 2378 θεοκηρὺκων,
3617 2309 3715 2360 καὶ

2132 2395 2231 2464 τῆς
2276 2394 2488 2447 ἐκεῖθεν
2541 2395 2719 2464 χαρᾶς
2769 2394 3130 2466 ἐμφορεῖσθαι
3160 2398 3254 2451 καὶ
3292 2400 3392 2467 τῆς
3444 2399 3709 2467 ἀγαλλιά-

2133 2501 2290 2548 σεως.
2320 2486 2482 2555 Τρεῖς
2523 2480 2617 2539 οὖν
2649 2487 2788 2557 μετά
2815 2487 2992 2542 ταῦτα
3017 2489 3183 2559 μῆνες
3223 2492 3281 2543 ἐν
3305 2492 3476 2561 μέσῳ,
3522 2493 3616 2546 καὶ
3642 2494 3711 2546 τὰ

2131 2576 2279 2629 δεινὰ
2325 2575 2479 2646 παρά
2516 2577 2625 2631 τῶν
2655 2578 3006 2647 στρατιωτῶν
3037 2582 3369 2647 ἐπετείνετο,
3414 2584 3584 2638 πάλαι
3612 2586 3712 2654 μέν

2132 2667 2225 2719 καὶ
2252 2666 2411 2720 τοῦτο
2447 2668 2741 2739 μελετηθέν
2762 2668 2857 2723 καὶ
2878 2670 3268 2727 δωσκευασθέν
3289 2675 3403 2738 τοῖς
3426 2674 3706 2740 διώκταις.

2129 2756 2247 2827 Θεῷ
2290 2757 2347 2811 δέ
2378 2758 2473 2813 καὶ
2508 2759 2578 2814 τὰ
2603 2761 2702 2830 τῆς
2758 2762 2986 2832 μελέτης
3050 2764 3126 2833 μὴ
3174 2765 3597 2836 συγχωρούμενα
3632 2769 3711 2822 δι-

2128 2850 2333 2902 εσπᾶτο
2369 2850 2560 2905 θᾶττον
2611 2853 2704 2906 καὶ
2749 2852 3100 2909 ἀνεκόπτετο.
3158 2858 3255 2919 Τίς
3307 2857 3364 2911 δέ
3410 2861 3439 2911 6
3466 2860 3701 2930 τρόπο;;

2127 2939 2354 2994 διδόσθω
2385 2942 2480 2995 καὶ
2509 2942 2666 2995 τοῦτο
2698 2944 3095 3016 κορυφουμένῳ
3125 2944 3362 3017 θαύματι
3401 2949 3707 3006 τελευταῖον

2127 3032 2395 3104 διήγημα.
2438 3033 2607 3089 Οῦπω
2660 3037 2727 3107 τῇ
2769 3037 2999 3111 Κομάνῃ
3046 3040 3417 3109 προσήγγιζον
3471 3043 3521 3095 oi
3572 3045 3707 3115 περὶ

2128 3125 2221 3178 τὸν
2252 3126 2429 3196 ἅγιον,
2465 3130 2561 3181 καὶ
2617 3130 2728 3183 ίδοὺ
2784 3129 2934 3202 αὐτῷ
2981 3133 3175 3197 νυκτὸς
3230 3134 3555 3201 Βασιλίσκος
3606 3140 3706 3192 καὶ

2128 3226 2429 3289 Λουκιανός
2456 3227 2507 3279 οί
2534 3227 2811 3297 μάρτυρες
2840 3228 3143 3298 φαίνονται,
3178 3230 3401 3302 Θάρσει,
3427 3233 3705 3303 λέγοντες,

2126 3320 2302 3388 χαρᾶς
2353 3319 2707 3391 ἀνεκλαλήτῳ
2756 3321 3160 3395 ἀγαλλιάματι,
3202 3326 3397 3396 ἀδελφέ
3456 3328 3699 3399 Ἰωάννη.

2124 3410 2323 3482 Αὔριον
2347 3412 2457 3482 γὰρ
2495 3413 2611 3483 ἅμα
2644 3414 2903 3485 ἐσόμεθα.
2939 3417 3014 3469 Τὸ
3055 3417 3112 3471 δέ
3144 3418 3275 3472 αὐτὸ
3303 3420 3398 3473 καὶ
3455 3420 3535 3493 τῷ
3568 3438 3704 3492 πρε-

2127 3506 2376 3577 σϐυτέρῳ
2420 3508 2681 3578 προεῖπον
2706 3506 2800 3561 τοῦ
2847 3508 3056 3562 ἐαυτῶν
3100 3511 3523 3583 τεμενίσματος,
3559 3514 3705 3568 ἐτοι-

2128 3598 2530 3670 μασθησομένῳ
2577 3600 2714 3668 πρὸς
2770 3601 2952 3654 πᾶσαν
3025 3601 3123 3671 τὴν
3186 3602 3532 3674 λειτουργίαν
3597 3606 3700 3675 τῆς

2126 3689 2513 3761 προσηκούσης
2546 3689 2700 3755 ὁσίας
2731 3691 2810 3765 τῷ
2840 3691 2969 3763 θείῳ
3001 3693 3268 3765 ἀρχιερεῖ.
3292 3694 3491 3750 Φθάνει
3516 3697 3699 3751 τοίνυν

2122 3781 2214 3834 τὸν
2246 3782 2409 3835 τόπον
2430 3784 2458 3836 6
2486 3782 2629 3847 θεῖος
2662 3783 2972 3855 ἀρχιερεύς·
3000 3784 3252 3856 ἐπιζητεῖ
3286 3786 3365 3858 τῷ
3393 3788 3570 3859 καιρῷ
3603 3792 3698 3843 καὶ

2122 3877 2188 3945 τῇ
2224 3873 2353 3946 ἀξίᾳ
2381 3874 2480 3946 τὴν
2536 3874 2768 3939 ἐπαξίαν
2819 3876 3014 3948 στολὴν
3057 3878 3151 3930 καὶ
3197 3877 3459 3953 λαμπράν
3484 3897 3499 3914 ο
3539 3880 3697 3947 ἐξαλ-

2120 3964 2311 4018 λάσσει
2341 3982 2401 4018 τε
2427 3964 2494 4019 τὰ
2523 3964 2857 4037 φορούμενα,
2890 3966 2958 4020 τά
2985 3966 3043 4020 δέ
3073 3970 3183 4032 τοῖς
3225 3970 3462 4041 παροῦσι
3500 3973 3693 4042 διαμεο

2122 4053 2283 4126 ρίζει.
2320 4050 2459 4109 Εἶτα
2484 4057 2953 4125 μυσταγωγεῖται,
2987 4059 3238 4111 κοινωνεῖ
3264 4057 3360 4111 τοῦ
3394 4062 3694 4129 μυστηρίου

2119 4146 2218 4216 τῆς
2246 4147 2491 4218 χάριτος,
2526 4150 2761 4202 ποιεῖται
2789 4148 2887 4219 τὴν
2909 4147 3227 4203 τελευταίαν
3255 4150 3443 4223 εὐχὴν.
3466 4152 3699 4205 Ἐπειτει

2119 4239 2181 4292 τὸ
2233 4237 2295 4303 ἐξ
2325 4238 2481 4302 ἔθους
2508 4238 2680 4293 είπὼν
2707 4242 2736 4293 ὁ
2771 4240 3075 4311 θαυμάσιος
3117 4234 3274 4305 οὗτος
3303 4245 3362 4297 ἐν
3423 4246 3700 4315 πατριάρ-

2118 4346 2264 4400 χαις,
2297 4330 2394 4384 καὶ⁵
2445 4330 2619 4402 μέγας
2646 4330 2817 4395 ὅντως
2840 4332 3223 4404 Χρυσόστομος
3250 4351 3264 4364 ·
3289 4334 3429 4402 Δόξα
3462 4337 3542 4405 τῷ
3572 4335 3693 4406 Θεῷ

2120 4420 2338 4474 πάντων
2363 4420 2570 4486 ἕνεκεν,
2603 4422 3144 4493 ἐπισφραγισάμενος
3174 4423 3353 4494 ἑαυτῷ
3392 4425 3455 4479 τὸ
3496 4426 3688 4496 Ἀμὴν,

2120 4515 2214 4569 καὶ
2246 4514 2580 4581 ἀνακλιθεὶς,
2613 4516 2996 4571 ἀναπέπαυται
3042 4518 3108 4587 τῇ
3153 4518 3693 4591 τεσσαρακαιδεκάτη

2116 4607 2211 4661 τοῦ
2244 4607 2622 4679 Σεπτεμϐρίου
2656 4606 2848 4680 μηνός.
2884 4604 2995 4663 Ἦν
3023 4604 3117 4663 οὖν
3166 4608 3297 4662 ἰδεῖν
3339 4610 3475 4680 μετὰ
3516 4609 3692 4664 ταῦτα

2118 4697 2473 4768 συρρέοντας,
2510 4697 2698 4771 ὥσπερ
2733 4699 2843 4753 ἀπὸ
2871 4699 3235 4770 συνθήματος,
3273 4699 3337 4753 ἐκ
3376 4716 3437 4753 τε
3466 4700 3688 4772 Συρίας,

2114 4792 2388 4858 Κιλικίας,
2420 4792 2623 4847 Πόντου
2658 4794 2752 4848 καὶ
2797 4792 3111 4864 Ἀρμενίας,
3140 4794 3249 4846 πᾶν
3285 4794 3441 4860 γένος
3470 4792 3686 4866 ἀνθρὼ-

2114 4898 2254 4949 πων,
2295 4883 2477 4936 πᾶσαν
2510 4882 2747 4953 ἠλικίαν,
2788 4884 2889 4954 τῆς
2940 4883 3130 4953 κοινῆς
3180 4884 3370 4938 ἕνεκεν
3415 4884 3687 4954 ὠφελείας

2110 4973 2205 5027 xci.
2238 4974 2534 5044 σωτηρίας.
2568 4976 2680 5029 Καὶ
2703 4975 2847 5030 οὕτω
2883 4974 3302 5030 συναποτίθεται
3334 4976 3435 5047 μέν
3462 4975 3522 5030 τὸ
3552 4992 3687 5046 καρ-

2109 5066 2476 5138 τερικώτατον
2508 5070 2684 5122 ἐκεῖνο
2718 5070 2812 5122 καὶ
2841 5068 2997 5138 ἅγιον
3044 5068 3203 5139 σῶμα
3238 5071 3354 5133 τοῖς
3379 5069 3491 5123 τῶν
3539 5085 3684 5139 μαρ-

2107 5161 2291 5231 τύρων
2320 5160 2557 5216 ἐνταῦθα
2588 5160 2864 5232 σώμασιν·
2906 5164 2940 5233 η
2971 5161 3028 5214 δέ
3060 5162 3310 5233 μακαρία
3333 5162 3427 5215 καὶ
3448 5160 3682 5215 θεοειδεο

2105 5254 2274 5325 στάτη
2318 5254 2463 5325 ψυχὴ
2518 5256 2638 5317 ταῖς
2687 5254 2979 5324 ἀκράντοις
3030 5254 3189 5327 χερσὶ
3258 5252 3353 5307 τοῦ
3408 5253 3681 5308 ἀθανάτου

2102 5345 2321 5401 πάντων
2347 5345 2640 5411 Βασιλέως,
2667 5345 2761 5400 τοῦ
2792 5345 2996 5416 Κυρίου
3027 5347 3122 5401 καὶ
3149 5345 3285 5400 Θεοῦ
3308 5348 3401 5401 καὶ
3430 5346 3681 5417 Σωτῆρος

2100 5438 2257 5509 ἡμῶν
2306 5438 2482 5509 Ἰησοῦ
2534 5439 2796 5513 Χριστοῦ·
2832 5441 2950 5512 μεθ’
2983 5434 3045 5494 οὗ
3102 5440 3180 5511 τῷ
3214 5440 3413 5509 Πατρὶ,
3456 5441 3572 5511 ἅμα
3598 5437 3679 5510 τῷ

2101 5530 2242 5601 ἁγίῳ
2268 5529 2569 5600 Πνεῦματι,
2611 5531 2737 5599 δόξα
2764 5533 2987 5605 πρέπει,
3018 5532 3154 5604 τιμὴ
3186 5533 3277 5586 καὶ
3310 5530 3535 5603 κράτος,
3581 5547 3678 5601 με·

2102 5622 2394 5694 γαλωσύνη
2427 5641 2486 5677 τε
2517 5625 2614 5679 καὶ⁸
2655 5627 3141 5696 μεγαλοπρέπεια,
3185 5626 3266 5688 είς
3311 5626 3437 5688 τοὺς
3472 5624 3676 5686 αἰῶνας

2104 5715 2211 5769 τῶν
2245 5714 2475 5770 αἰώνων.
2524 5716 2580 5770 Ἀ
2590 5719 2719 5788 μήν.
