3970 6212
266 351 365 413 ειη

964 355 1250 419 ORATIO
1280 361 1438 422 XIX.
1474 384 1537 423 ’θ
1580 360 2075 423 HORTATORIA
2110 364 2208 423 AD
2247 363 2501 424 OMNES
2542 359 2873 424 FIDELES.

3442 364 3545 425 ΞΜ

1677 495 1939 554 ORATIO
1981 497 2097 553 χιχ
2126 499 2222 569 (ι).

270 604 479 671 Leonis,
524 605 581 660 in
625 604 839 664 Christo
886 612 1205 681 sentpiterno
1252 610 1403 681 Rege
1437 612 2005 681 imperatoris,oratio
2052 614 2130 666 rel
2168 613 2389 679 epistola
2425 615 2746 679 partenctica
2794 612 3074 675 catholica,
3111 614 3179 665 ad
3212 627 3543 681 quoscunque

853 678 1089 735 uidelicet
1110 678 1756 749 Christiﬁdclesscripta,
1794 680 2094 735 kortatoria
2123 678 2201 735 ad
2222 681 2346 735 bene
2375 691 2650 751 sancteque
2684 681 2973 736 vivendum.

1383 797 1613 857 (Banoxtt
1646 795 1823 848 Annal.
1854 798 1915 848 ad
1936 812 2116 848 annum
2138 798 2322 855 912.11.
2348 798 2429 860 ν.)

330 896 675 954 Benedictus
709 897 857 955 Deus
887 898 1073 965 Pater,
1111 902 1205 972 qui
1239 918 1336 973 per
1361 901 1624 958 dilectmn
1662 903 1861 959 Filium
1890 905 1941 967 Α
1970 904 2191 972 faceret,
2226 906 2319 962 sed
2358 922 2479 977 quze
2516 907 2847 976 sempiterno
2878 916 3126 978 tempore
3166 919 3396 964 mortem
3433 926 3541 965 una

263 1004 424 1045 suum
460 988 761 1045 Dominum
784 998 1036 1047 nostrum
1064 990 1249 1047 Jesum
1272 992 1557 1048 Christum
1610 995 1865 1049 liberavit
1964 1015 2089 1053 cum
2130 1000 2394 1055 servitute
2449 1000 2815 1055 conculcaret.
2860 1000 2975 1054 Hoc
3009 1002 3152 1057 enim
3179 1011 3297 1058 erat
3339 1014 3539 1057 nostra}

264 1097 362 1139 uos
396 1099 428 1138 a
472 1082 687 1138 diaboli
726 1084 1020 1149 servitute,
1053 1092 1110 1140 et
1150 1086 1205 1140 in
1239 1088 1492 1156 portione
1538 1098 1862 1145 sanctorum

261 1191 493 1230 suorum
526 1190 632 1231 nos
660 1176 1121 1241 collocavit,cnm
1158 1179 1299 1236 tilios
1340 1188 1395 1235 et
1436 1182 1683 1238 liaaredes
1716 1184 1860 1239 invi-

259 1268 440 1322 sibilis
459 1268 656 1338 gloriae
681 1282 797 1323 suae
824 1283 932 1323 nos
968 1270 1339 1337 constituerit,
1366 1280 1420 1327 et
1450 1286 1480 1326 a
1513 1274 1862 1344 turpitudine

256 1358 592 1429 passionum
616 1372 717 1414 nos
734 1360 1131 1429 segregaverit,
1154 1369 1209 1417 et
1245 1361 1513 1435 integram
1546 1365 1707 1422 nobis
1738 1382 1857 1423 eam

259 1452 737 1522 pulchritudinem
778 1454 1190 1521 instauraverit,
1235 1457 1289 1512 in
1323 1474 1431 1530 qua
1474 1459 1630 1516 initio
1688 1463 1856 1518 creati

258 1545 494 1603 fuimus.
526 1544 615 1598 vel
656 1545 839 1615 potius
876 1560 938 1600 ea
977 1546 1135 1618 longe
1170 1550 1453 1607 meliorem
1494 1552 1657 1608 nobis
1686 1553 1857 1625 largi-

257 1649 350 1694 tus
397 1652 552 1691 nunc
601 1636 787 1693 fuerit.
840 1638 957 1696 Non
1006 1640 1176 1710 enim,
1226 1645 1687 1714 quemadmodum
1727 1654 1858 1704 tunc

253 1729 554 1798 temporis,
589 1730 767 1785 malus
807 1731 895 1786 ille
920 1732 1157 1797 daemon,
1199 1734 1295 1806 qui
1336 1744 1539 1792 terram
1575 1739 1854 1803 comedit,

259 1820 335 1874 ita
363 1835 521 1875 nunc
556 1820 727 1876 libere
752 1830 932 1891 potest
963 1824 1028 1879 ad
1063 1840 1165 1882 nos
1197 1827 1462 1884 accedere
1483 1867 1499 1895 ,
1549 1832 1854 1899 praesertim

260 1927 389 1966 cum
419 1926 532 1966 non
558 1911 732 1966 valeat
756 1913 879 1970 lixis
897 1917 1071 1973 oculis
1097 1918 1297 1974 intueri
1323 1933 1516 1974 eorum
1537 1922 1731 1977 faciem
1759 1924 1854 1995 qui

263 2001 472 2056 malum
520 1999 702 2072 ipsum
734 2018 831 2073 pro
866 2020 963 2060 sua
1001 2008 1177 2078 patria
1220 2019 1351 2065 sunt
1382 2012 1649 2067 assecuti.
1683 2014 1855 2070 Bene-

254 2092 472 2155 dictus,
512 2092 764 2165 inquam,
812 2096 974 2150 etiam
1004 2098 1148 2154 Deus
1174 2098 1366 2166 Filius,
1397 2102 1491 2172 qui
1532 2105 1853 2162 novissimis

257 2182 461 2239 diebus
478 2184 530 2239 in
551 2184 969 2244 similitudinem
993 2190 1274 2246 hominum
1303 2191 1483 2248 lactus
1503 2209 1570 2250 ex
1599 2196 1851 2263 muliere,

263 2287 321 2329 et
375 2280 429 2330 in
482 2284 731 2347 tempore
765 2295 888 2334 cum
941 2286 1259 2354 apparuerit
1301 2287 1395 2343 ille
1435 2288 1527 2358 qui
1573 2304 1680 2343 una
1721 2304 1847 2345 cum

272 2365 432 2423 Patre
462 2371 673 2425 creavit
718 2373 943 2441 saecula,
976 2386 1035 2430 ut
1063 2376 1501 2435 eacodazmouem
1546 2380 1724 2450 ipsum
1750 2382 1847 2438 de-

272 2465 595 2515 structorem
632 2463 782 2518 vasis
830 2464 1035 2532 ﬁctilis,
1068 2476 1278 2526 naturae
1324 2471 1534 2528 scilicet
1568 2473 1844 2541 humanas,

274 2548 326 2602 in
349 2549 509 2605 simili
556 2552 729 2623 figura
766 2569 1038 2626 apparens
1060 2602 1075 2626 ,
1110 2571 1440 2633 contereret,
1471 2572 1526 2620 et
1570 2566 1845 2623 hominem

268 2635 379 2706 jam
410 2639 687 2709 perditum
720 2644 777 2699 in
812 2656 1014 2701 novum
1057 2648 1332 2706 hominem
1362 2661 1417 2707 et
1449 2653 1846 2727 incorruptibi-

268 2728 373 2782 lzsm
424 2730 858 2800 reformare-get
906 2753 1000 2809 per
1036 2751 1264 2797 mortem
1316 2757 1471 2799 suam
1522 2757 1843 2818 perpetuam

267 2819 415 2877 illam
446 2825 638 2881 mortis
667 2825 1035 2886 incursionem
1069 2841 1121 2887 et
1169 2833 1457 2904 imperium
1495 2837 1733 2906 sisteret,
1780 2856 1845 2896 ac

266 2913 323 2968 in
362 2916 629 2988 sanguine
675 2923 988 2978 testamenti
1036 2924 1121 2980 sui
1170 2925 1440 2983 ﬁrmatam
1484 2945 1671 3001 pacem
1706 2934 1845 2989 scri-

264 3005 438 3073 beret,
464 3018 522 3065 ct
550 3013 907 3069 concordiam
964 3014 1019 3070 in
1071 3016 1211 3072 cmlo
1238 3026 1292 3073 et
1314 3018 1369 3073 in
1407 3027 1549 3075 terra
1581 3022 1841 3093 firmaret,

264 3111 544 3173 assumpta
577 3104 831 3161 videlicet
850 3116 1037 3162 nostra
1061 3107 1295 3165 humana
1316 3120 1514 3167 natura
1546 3113 1601 3169 in
1635 3125 1840 3173 sortem

264 3195 411 3263 regni
435 3195 681 3268 sui,qui,
702 3196 830 3251 dum
849 3196 953 3254 sibi
985 3200 1166 3255 carnis
1197 3201 1606 3259 tabernaculum
1638 3206 1843 3263 forma-

262 3284 357 3349 vit,
392 3301 497 3342 nos
524 3302 593 3342 ex
621 3288 966 3359 corruptibili
1014 3293 1368 3348 tabernaculo
1411 3295 1478 3351 ad
1518 3296 1844 3370 incorruptic

255 3374 423 3429 bilem
470 3380 813 3435 mansionem
868 3382 921 3435 in
968 3382 1126 3439 caelis
1182 3388 1636 3455 trausformavit,
1687 3398 1743 3447 et
1785 3392 1841 3447 in

253 3465 447 3523 divino
473 3468 683 3525 lumine
714 3470 971 3526 fiduciam
1003 3472 1150 3529 illam
1184 3477 1348 3534 nobis
1377 3480 1642 3545 restituit,
1671 3496 1837 3552 quam

1964 1092 2243 1147 servitutis
2302 1094 2629 1158 obsonium,
2682 1101 2737 1148 et
2776 1093 2877 1147 hac
2920 1094 2986 1149 de
3039 1108 3205 1149 causa
3256 1109 3320 1147 eo
3368 1097 3539 1164 magis

1964 1191 2204 1238 nostram
2233 1184 2538 1239 libertatem
2560 1182 3005 1246 tueridebemus,
3037 1197 3097 1239 ea
3132 1184 3187 1237 in
3220 1184 3536 1237 memoriam

1962 1282 2305 1337 revocantes,
2331 1287 2475 1343 qua},
2507 1271 2635 1325 dum
2660 1270 3094 1337 servicsscmus,
3119 1271 3267 1340 passi
3292 1286 3485 1326 sumus
3519 1288 3533 1335 ;

1961 1362 2095 1417 illud
2143 1364 2418 1433 praecipue
2450 1363 2801 1426 meditantes,
2848 1361 3108 1431 quidnam
3146 1363 3217 1415 sit.
3256 1362 3400 1431 quod
3439 1378 3536 1431 pro

1961 1456 2119 1511 nobis
2142 1457 2328 1510 datum
2351 1464 2435 1510 est
2461 1456 2693 1525 pretium
2724 1472 2739 1520 ;
2773 1469 2881 1509 non
2909 1468 3102 1508 aurum
3130 1454 3400 1517 videlicet,
3426 1469 3533 1507 non

1960 1557 2274 1620 argentum,
2324 1548 2421 1603 sed
2453 1548 2637 1603 dilecti
2678 1547 2803 1602 Filii
2848 1545 2941 1601 Dei
2974 1547 3245 1615 pretiosus
3284 1546 3530 1615 sanguis,

1960 1656 2121 1712 quem
2147 1640 2306 1695 Pater
2341 1641 2458 1711 ipse
2488 1638 2626 1695 Deus
2656 1654 2754 1708 pro
2783 1638 2940 1695 nobis
2971 1638 3193 1693 tradidit
3229 1638 3413 1706 morti,
3434 1654 3534 1693 nec

1959 1733 2037 1788 illi
2073 1733 2313 1801 pepercit
2346 1740 2570 1803 propter
2606 1744 2859 1802 magnam
2899 1729 3223 1784 charitatem
3271 1743 3380 1799 qua
3432 1745 3535 1783 nos

1958 1824 2171 1880 dilexit.
2214 1822 2291 1879 Ne
2322 1824 2506 1893 itaque
2526 1824 2661 1878 tanti
2692 1824 2813 1878 doni
2856 1822 3362 1887 immmensitatem,
3387 1823 3532 1891 quod

1958 1915 2116 1971 nobis
2138 1915 2365 1984 largitus
2405 1923 2491 1970 est
2524 1916 2690 1980 Deus,
2720 1922 3162 1976 contemnamus,
3198 1929 3300 1968 nos
3335 1913 3533 1967 iterum

1957 2022 2149 2063 servos
2191 2015 2499 2062 statuentes
2540 2025 2553 2060 :
2605 2021 2712 2060 non
2744 2007 2891 2061 enim
2944 2004 3183 2075 amplius
3228 2003 3532 2059 libertatem

1956 2098 2271 2169 huiusmodi
2306 2099 2504 2153 iterum
2535 2112 2918 2167 assequemur,
2954 2112 3081 2152 cum
3102 2096 3273 2152 semel
3296 2095 3533 2150 dilectus

1959 2187 2051 2242 Dei
2085 2187 2256 2244 Filius
2293 2188 2576 2258 pr0prium
2620 2186 2947 2258 sanguinem
2995 2186 3221 2252 fuderit,
3253 2193 3312 2240 ut
3361 2200 3462 2242 nos
3500 2202 3530 2240 a

1956 2278 2196 2351 peccatis
2224 2279 2381 2335 liberi
2409 2279 2627 2351 justitia
2675 2279 3012 2350 repleamur.

2022 2370 2233 2443 Repleti
2269 2373 2439 2443 igitur
2462 2374 2759 2429 sanctitate
2788 2373 2964 2438 illius,
2997 2374 3090 2445 qui
3114 2376 3299 2431 omnia
3332 2375 3527 2446 replet,

1951 2465 2273 2521 thesaurum
2327 2474 2580 2522 nostrum
2632 2465 2793 2521 nobis
2831 2466 3084 2538 largitum
3135 2469 3403 2539 integrum
3428 2482 3529 2523 cu-

1949 2558 2279 2624 stodiamus,
2308 2573 2407 2614 nec
2438 2558 2590 2613 illum
2620 2558 2827 2614 nobisa
2849 2574 3125 2630 quoquam
3157 2561 3367 2632 subripi
3401 2576 3528 2630 per-

1950 2653 2255 2719 mittamus,
2279 2666 2389 2707 non
2407 2651 2554 2706 enim
2579 2652 2817 2721 amplius
2838 2654 2941 2707 erit
2958 2655 3330 2710 excusationis
3349 2656 3525 2710 locus.

1949 2741 2104 2799 Tunc
2162 2744 2404 2810 etenim,
2475 2743 2602 2799 licet
2648 2744 2854 2814 abSque
2923 2746 3031 2800 ulla
3089 2749 3348 2813 utilitate,
3427 2750 3531 2804 fuit

1950 2843 2130 2889 tamen
2179 2836 2367 2890 relicta
2422 2836 2603 2906 aliqua
2648 2840 2976 2895 excusatio:
3033 2856 3182 2897 nunc
3218 2858 3345 2899 vero
3376 2860 3528 2916 qua:-

1949 2943 2074 2983 nam
2105 2943 2229 2984 esse
2264 2929 2488 2998 poterit,
2508 2944 2632 2983 cum
2666 2931 2813 2984 nulla
2839 2932 2908 2987 sit
2938 2933 3171 2989 dmmoni
3200 2936 3431 2992 facultas
3457 2939 3526 2992 ad

1948 3035 2049 3076 nos
2096 3021 2417 3088 accedendi,
2470 3020 2566 3077 sed
2602 3022 2785 3092 potius
2843 3023 2935 3080 ille
2981 3040 3082 3082 nos
3135 3027 3328 3098 fugiat,
3379 3037 3441 3084 ut
3496 3045 3529 3084 a

1943 3121 2250 3183 conspecta
2274 3112 2439 3183 ignis,
2463 3124 2517 3169 et
2545 3114 2592 3170 si
2620 3114 2700 3169 illi
2725 3114 2942 3170 obviam
2971 3119 3310 3185 steterimus,
3351 3119 3527 3191 fugiet

1948 3221 2049 3261 nos
2080 3205 2270 3277 procul
2316 3205 2530 3273 dubio;
2577 3206 2665 3263 sin
2704 3216 2887 3263 autem
2933 3212 3260 3276 accesserit,
3310 3214 3527 3268 eveniet

1947 3306 2004 3351 ut
2034 3297 2393 3354 conculcetur
2414 3298 2518 3353 sub
2548 3297 2781 3368 pedibus
2812 3301 3020 3356 nostris
3057 3310 3316 3372 tanquam
3352 3304 3400 3360 is
3425 3308 3521 3375 qui

1946 3388 2195 3458 rapinam
2231 3395 2317 3445 est
2359 3396 2621 3459 operatus
2651 3389 2675 3442 Y
2710 3388 3059 3446 Conlidentes
3093 3391 3196 3447 hac
3226 3394 3293 3449 de
3326 3410 3518 3461 causa,

1945 3493 2057 3533 non
2094 3478 2257 3534 nobis
2296 3479 2432 3550 ipsis
2456 3519 2473 3545 ,
2535 3479 2647 3534 imo
2681 3466 2765 3533 illi
2790 3479 2976 3550 potius
3009 3479 3102 3549 qui
3151 3482 3329 3550 ipsum
3359 3486 3522 3540 nobis

249 3560 601 3631 perdidimus
635 3562 786 3619 illius
819 3563 1013 3632 livore,
1044 3568 1141 3638 qui
1171 3568 1225 3623 in
1268 3570 1473 3628 lumine
1518 3588 1841 3643 permanere
1866 3590 1909 3648 ο
1944 3569 2382 3625 conculcandum
2417 3568 2657 3624 reddidit
2684 3571 2923 3639 potentia
2951 3570 3346 3639 inagnitudinis
3380 3588 3516 3639 sum,

248 3655 451 3720 noluit,
477 3655 744 3727 principis
764 3658 1114 3715 tenebrarum
1141 3677 1157 3724 ;
1188 3661 1243 3716 in
1261 3678 1373 3733 quo
1390 3665 1556 3720 etiam
1581 3681 1684 3722 nos
1706 3665 1837 3722 dum

246 3762 511 3804 essemus
540 3750 854 3804 Iitortiticati
891 3751 947 3806 in
980 3753 1187 3809 erroris
1225 3756 1559 3823 corruptela,
1593 3773 1739 3811 unite
1769 3758 1839 3813 ad

250 3839 423 3892 vitam
470 3853 670 3895 sumus
706 3842 902 3895 iterum
937 3844 1199 3907 revocati,
1225 3844 1486 3915 absorpta
1514 3847 1604 3901 illa
1638 3858 1841 3903 morta-

250 3928 411 3983 litate
438 3944 539 3999 per
577 3930 751 4001 ipsius
774 3932 997 3990 luminis
1018 3935 1313 3991 ellicaciam
1335 3946 1391 3993 et
1415 3937 1693 4007 virtutem,
1724 3955 1839 3995 ma-

247 4021 430 4091 jorem
472 4022 687 4079 scilicet
736 4025 1210 4095 participationem
1267 4038 1324 4084 et
1392 4034 1835 4089 communionem

252 4115 455 4185 prioris
494 4115 643 4171 illius
670 4116 847 4189 largiti
885 4118 1047 4176 nobis
1075 4120 1298 4178 luminis
1335 4122 1545 4192 adepti,
1586 4122 1642 4179 in
1666 4126 1837 4196 gloria

247 4207 656 4279 magnitudinis
681 4209 825 4279 ejus.
850 4210 1175 4269 Benedictus
1201 4214 1364 4269 etiam
1405 4216 1568 4282 Deus,
1596 4218 1837 4287 Spiritus

251 4295 511 4351 videlica
551 4295 669 4362 Dei,
721 4298 815 4367 qui
850 4300 1021 4371 replet
1060 4301 1267 4366 onmia,
1299 4309 1355 4358 et
1392 4302 1447 4357 in
1477 4319 1589 4374 quo
1626 4305 1835 4361 etulein

246 4387 427 4459 gratia
477 4385 632 4459 digni
667 4387 796 4444 facti
834 4405 1049 4457 sumus,
1077 4401 1130 4448 et
1156 4393 1484 4449 delictorum
1521 4406 1834 4451 nostrorum

250 4481 639 4537 remissionem
657 4494 851 4539 sutnns
865 4486 1167 4547 consecuti.
1189 4486 1369 4542 soluta
1390 4486 1446 4541 in
1465 4485 1553 4541 die
1576 4487 1838 4543 etinden-

249 4572 499 4628 nationis
538 4580 597 4629 et
636 4572 919 4631 destructa
968 4578 1177 4647 peccati
1247 4578 1424 4649 ipsius
1456 4578 1831 4637 damnatione.

320 4663 508 4721 Liberi
542 4663 729 4735 itaque
764 4680 795 4720 a
838 4666 1117 4723 servitutis
1150 4667 1302 4741 jugo,
1331 4680 1445 4741 quo
1486 4670 1833 4741 tenebamur,

253 4757 305 4810 iu
336 4754 594 4811 libertate
612 4758 979 4825 ambulemus,
1015 4774 1117 4814 nec
1144 4760 1343 4816 iterum
1370 4761 1541 4831 priori
1583 4764 1835 4819 servituti

253 4860 355 4903 nos
396 4848 792 4919 subjiciamus.
824 4847 884 4903 Si
924 4849 1093 4914 enim,
1122 4851 1218 4921 qui
1259 4853 1613 4923 temporalem
1648 4855 1832 4926 adepti

1942 3662 2123 3718 securi
2147 3662 2420 3724 vivamus,
2446 3676 2554 3715 non
2583 3662 2780 3715 iterum
2799 3663 2967 3717 stulte
2993 3671 3311 3732 appetentes
3331 3664 3515 3719 cibum

1940 3752 2276 3825 cognitionis
2310 3750 2440 3807 boui
2465 3760 2520 3805 ct
2560 3751 2714 3815 mali,
2751 3751 2848 3807 sed
2879 3752 3199 3822 angelorum
3229 3753 3354 3808 cibo
3390 3769 3517 3809 con-

1940 3846 2076 3901 tenti
2119 3848 2316 3910 simus,
2357 3858 2519 3914 quem
2566 3842 2661 3913 qui
2711 3842 3022 3913 degustant,
3067 3859 3347 3915 nunquam
3390 3846 3516 3902 illos

1942 3938 2212 4008 poenitere
2259 3935 2549 4006 cantingit.
2599 3933 2864 3999 Quisnam
2916 3949 3046 3987 vero
3096 3934 3280 3989 cibum
3320 3945 3516 3992 nactus

1939 4030 2008 4082 ad
2035 4026 2353 4081 fruitionem
2392 4025 2517 4079 vita:
2554 4032 2610 4079 et
2635 4023 2920 4079 suavitatis
2940 4021 3217 4089 idoneum,
3245 4027 3512 4081 amaritu-

1937 4119 2083 4175 dinis
2117 4128 2171 4173 et
2213 4117 2409 4172 mortis
2448 4116 2631 4171 cibum
2673 4122 2898 4186 gustare
2946 4128 3188 4184 unquam
3231 4116 3515 4172 voluerit!

1939 4210 2209 4267 Praeterea
2239 4213 2284 4266 si
2314 4210 2367 4263 in
2398 4208 2537 4263 cibis
2570 4205 3022 4278 corruptibilibus
3053 4205 3234 4261 nullus
3260 4208 3515 4277 coinqui~

1939 4303 2060 4359 nari
2105 4303 2276 4371 cupit,
2316 4314 2555 4370 quonam
2602 4305 2764 4367 pacto
2801 4296 2916 4351 fieri
2957 4295 3155 4367 poterit
3182 4305 3241 4351 ut
3278 4313 3382 4353 nos
3412 4300 3511 4368 qui

1939 4394 2275 4464 sempiterna
2326 4390 2560 4445 fruimur
2607 4387 2915 4452 suavitate,
2946 4388 3086 4443 cibis
3126 4388 3513 4444 amaritudinis
3550 4459 3556 4465 _

1936 4484 2299 4556 cupiditatum
2319 4479 2501 4535 carnis
2516 4478 2861 4548 coinquinari
2881 4478 3301 4547 permittamus?
3318 4479 3514 4536 Nullus

1939 4578 2408 4648 seipsum,quaeso
2428 4587 2548 4636 vos,
2579 4570 2826 4628 seducat.
2852 4571 3045 4627 Omnis
3071 4570 3288 4642 quidem
3318 4586 3514 4627 concu-

1936 4666 2206 4740 piscentia
2235 4665 2419 4721 carnis
2451 4677 2575 4719 esca
2607 4671 2710 4727 est,
2734 4670 2788 4717 et
2836 4663 3169 4719 incentivum
3209 4661 3511 4734 quoddam,

1938 4760 2206 4818 modicam
2225 4760 2455 4817 atterens
2468 4756 2814 4822 suavitatem,
2829 4756 3027 4815 deinde
3042 4770 3168 4812 vero
3188 4756 3255 4812 ad
3281 4763 3513 4811 mortem

1938 4868 2042 4909 nos
2072 4853 2383 4924 praecipites
2407 4850 2580 4906 ducit.

254 4951 382 4995 sum
408 4939 744 5007 libertatem,
768 4938 913 4995 ferre
944 4940 1095 4995 nullo
1122 4950 1282 5012 pacto
1300 4921 1529 5015 possunt
1548 4955 1630 5012 ut,
1667 4921 1835 5002 liber-
1860 4921 1914 4982 D
2015 4921 2153 4999 cum
2178 4921 2342 5014 igitur
2370 4940 2551 4996 cibum
2585 4940 2881 4995 habeamus
2905 4945 3122 4993 aeterna
3145 4936 3287 5000 vita,
3316 4950 3513 4992 cavea-

255 5040 363 5085 tate
386 5030 660 5101 neglecta,
692 5031 895 5085 iterum
919 5028 986 5085 ad
1021 5032 1301 5089 servitutis
1331 5033 1521 5105 jugum
1557 5047 1837 5093 revertan-

253 5132 362 5188 tur,
408 5130 620 5194 quanto
664 5122 842 5193 magis
887 5135 1014 5185 nos.
1056 5126 1151 5195 qui
1202 5126 1597 5196 sempiternam
1641 5144 1837 5186 sumus

254 5217 491 5275 assecuti
522 5217 837 5273 libertatem
863 5256 881 5281 ,
915 5215 1092 5287 ipsius
1124 5217 1399 5275 libertatis
1430 5218 1658 5291 gloriam
1700 5236 1837 5277 con-

252 5329 473 5370 servare
500 5312 786 5379 debemus,
838 5327 942 5368 nec
983 5312 1181 5369 iterum
1217 5314 1503 5372 servitutis
1535 5317 1837 5386 ignominia

253 5406 388 5461 aﬂci
416 5406 657 5477 ;quiquc
682 5421 792 5461 non
814 5420 1016 5461 vanum
1042 5406 1316 5463 libertatis
1336 5408 1609 5479 quoddam
1636 5424 1833 5466 nomen

250 5497 428 5571 adepti
470 5511 689 5565 sumus,
733 5512 858 5568 qua:
888 5497 944 5553 in
976 5497 1080 5555 hac
1111 5499 1222 5554 vita
1258 5506 1471 5556 tantum
1501 5517 1603 5557 nos
1636 5502 1834 5559 liberos

324 5634 340 5663 ¹
381 5631 425 5686 ll
449 5630 582 5688 Cor.
616 5648 668 5695 v,
700 5631 793 5685 2i.

1945 5049 2069 5088 mus
2118 5049 2206 5100 ne,
2241 5032 2445 5088 diaboli
2488 5047 2742 5088 escarum
2791 5026 3154 5084 delectatione
3198 5027 3409 5094 allecti,
3441 5028 3507 5081 ad

1945 5135 2175 5180 mortem
2208 5124 2560 5196 prolabuntur
2590 5139 2606 5190 ;
2638 5122 2732 5179 sed
2763 5118 3074 5178 sanctitatis
3107 5116 3254 5173 illius
3285 5118 3377 5186 qui
3408 5133 3510 5173 nos

1945 5217 2013 5270 ab
2044 5215 2301 5270 omnibus
2332 5212 2760 5283 inquinamentis
2799 5208 3005 5264 nostris
3037 5206 3311 5277 purgavit,
3339 5208 3510 5276 parti-

1942 5313 2095 5384 cipes
2126 5310 2276 5379 facti,
2321 5308 2497 5366 sancti
2529 5306 2849 5363 elﬁciamur.
2890 5302 3004 5360 llac
3040 5302 3186 5358 enim
3234 5300 3303 5356 de
3342 5314 3511 5359 causa

1945 5408 2124 5462 lactus
2156 5414 2242 5462 est
2271 5420 2369 5476 pro
2398 5404 2557 5459 nobis
2587 5402 2704 5473 ipse
2741 5407 3045 5473 peceatum,
3079 5414 3149 5456 ne
3185 5396 3425 5469 amplius
3452 5400 3511 5453 in

1942 5499 2103 5555 nobis
2137 5504 2326 5568 regnet
2353 5502 2636 5567 peccatum
2668 5494 2684 5525 ¹
2721 5511 2735 5562 ;
2774 5499 3024 5550 mortuus
3052 5491 3217 5549 etiam
3245 5496 3335 5550 est
3370 5489 3511 5563 ipse,

1766 5703 1998 5761 ΝσΤΑΞ.

314 5798 397 5862 ll)
423 5794 551 5853 Haec
575 5797 757 5854 oratio
788 5797 976 5853 Graec
1010 5798 1279 5867 impressa
1307 5813 1416 5851 non
1445 5805 1641 5852 exstat.
