4088 6208
434 307 540 371 295

1669 299 1863 360 LEON
1873 300 1944 360 IS
1983 298 2448 384 PHILOSOPH

3608 297 3723 364 296

442 437 510 474 ne
543 416 749 488 peccati
773 429 936 485 opera
968 413 1204 485 amplius
1235 410 1448 476 vivant,
1478 409 1606 464 dqu
1650 408 1703 463 in
1739 408 1898 464 nobis
1926 409 2020 479 ju-
2051 419 2097 474 Α
2126 409 2506 481 comparavit,
2560 409 2633 463 ita
2684 407 2850 464 etiam
2899 423 2999 466 nos
3046 422 3204 480 atquo
3256 407 3496 465 ferentes
3528 412 3722 465 animo

441 510 604 564 stitia:
657 507 888 562 vixerint
930 520 1116 574 opera.
1175 501 1639 566 Misericordiam,
1695 501 1923 566 fratres,
1973 509 2026 556 et

444 589 839 656 litimauitatem
868 598 1186 667 diligamus,
1215 595 1326 650 haec
1353 594 1497 649 enim
1521 603 1606 649 est
1634 594 1758 649 vita:
1783 594 2028 650 caelestis

445 693 782 765 aggregatio,
814 699 868 745 et
898 705 994 745 eos
1033 689 1126 758 qui
1153 690 1328 758 ipsam
1364 686 1626 758 diligunt,
1669 689 1794 743 licet
1825 689 1937 744 sint
1973 688 2027 740 in

443 800 630 848 carne,
660 785 915 839 caelestes
946 781 1113 835 efﬁcit
1140 798 1152 832 :
1179 779 1620 850 quandoquidem
1651 780 1816 833 etiam
1850 778 2029 851 ipsum

443 879 725 932 caelestem
748 874 916 929 Deum
943 875 998 926 in
1021 887 1188 927 carne
1216 870 1330 925 ﬁeri
1365 871 1480 940 ipsa
1507 869 1705 934 effecit,
1734 879 1784 925 ct
1811 885 1872 924 ea
1909 884 2031 941 qua:

446 971 587 1021 inter
619 982 680 1022 se
715 968 984 1020 immenso
1011 963 1221 1018 distant
1262 963 1464 1033 spatio,
1501 962 1552 1016 in
1588 977 1758 1015 unum
1797 961 2031 1032 conjun-

445 1060 544 1112 xit.
581 1056 906 1112 Volutemus
939 1056 1123 1110 animo
1154 1063 1421 1124 quantum
1480 1054 1700 1108 intersit
1757 1054 1901 1107 inter
1933 1053 2032 1106 luti

449 1163 689 1204 massam
725 1154 779 1201 et
812 1147 1056 1216 ﬁgulum.
1105 1143 1246 1210 Quid
1283 1143 1452 1213 igitur
1502 1143 1720 1212 ﬁgulus,
1766 1150 1824 1195 ut
1871 1141 2034 1195 faciat

450 1257 546 1297 vas
571 1241 702 1296 utile
732 1240 796 1293 ad
819 1237 1037 1308 aliquod
1066 1235 1456 1299 ministerium,
1495 1236 1730 1304 suscipit
1761 1234 1861 1287 ltiti
1889 1248 2033 1288 mas-

451 1348 591 1397 sam,
618 1339 670 1386 et
694 1331 866 1384 lutum
899 1329 1078 1397 ipsum
1113 1341 1220 1379 non
1255 1326 1519 1394 suscipiet
1549 1325 1810 1395 scipsum,
1847 1332 1900 1378 et
1949 1339 2036 1379 se-

453 1427 629 1494 ipsum
665 1419 956 1490 abnegabit
990 1419 1012 1471 ?
1045 1417 1112 1470 At
1153 1415 1429 1486 quomodo
1479 1414 1591 1469 fieri
1635 1429 1796 1469 secus
1843 1412 2039 1483 poterit

454 1536 550 1573 vas
594 1530 897 1586 congruum
963 1513 1026 1567 ad
1077 1511 1298 1580 aliquod
1355 1510 1746 1571 ministerium,
1783 1509 1888 1563 nisi
1945 1523 2039 1577 per

456 1625 652 1663 manus
684 1608 833 1677 figuli
869 1605 1109 1674 accipiat
1152 1602 1591 1658 benedictionem
1627 1602 1650 1653 ?
1684 1601 1837 1654 Tunc
1868 1602 2036 1665 enim,

459 1713 516 1756 ut
546 1717 609 1756 ex
655 1713 719 1754 co
755 1697 957 1766 aliquid
1003 1696 1267 1750 formetur
1295 1695 1427 1748 utile
1461 1701 1545 1746 est
1589 1693 1790 1752 lututn,
1819 1688 2037 1758 quando

2135 501 2444 556 adinvicem
2483 500 2779 572 opprobria
2807 509 2860 556 et
2893 500 3274 566 contunielias,
3301 499 3532 570 gloriam
3557 500 3721 555 nobis

2131 607 2538 664 comparemus,
2591 593 2828 648 salutem
2880 592 3188 648 consecuti.
3225 588 3440 661 Typum
3475 591 3620 646 enim
3663 599 3721 646 ct

2131 685 2414 754 exemplar
2470 683 2714 754 seipsum
2773 683 2935 740 nobis
2990 683 3080 738 ille
3120 681 3387 747 tradidit,
3437 682 3718 752 quomodo

2133 787 2387 850 oporteat
2411 795 2570 852 opem
2601 780 2745 838 ferre
2771 788 2826 838 et
2857 781 3140 850 suscipere
3165 779 3491 842 imbecillos,
3525 778 3616 848 qui
3647 777 3718 832 ad

2134 871 2319 925 infima
2373 879 2578 926 nostrae
2636 870 3034 926 imbecillitatis
3090 884 3215 924 cum
3279 866 3664 922 descendisset
3698 905 3718 930 ,

2134 963 2227 1033 qui
2256 975 2340 1019 est
2371 979 2536 1034 supra
2557 978 2748 1019 omnes
2778 961 3046 1018 caelorum
3077 962 3330 1024 virtutes,
3353 959 3510 1013 nihili
3533 957 3723 1028 pendit

2135 1055 2317 1110 omnia
2363 1055 2736 1121 incommoda,
2783 1070 2908 1110 cum
2945 1055 3097 1109 nullo
3130 1065 3292 1125 pacto
3325 1054 3482 1109 aliter
3508 1066 3606 1107 nos
3635 1052 3723 1106 in-

2137 1145 2324 1202 ﬁrmos
2355 1149 2537 1201 sanari
2570 1146 2838 1201 licuisset.
2869 1145 2963 1199 llla
2997 1157 3272 1201 sectemur
3301 1144 3518 1200 Domini
3547 1143 3722 1198 vesti-

2138 1238 2247 1307 gia,
2289 1252 2383 1307 per
2415 1237 2885 1307 longanimitatem
2912 1250 3014 1292 nos
3045 1236 3197 1304 ipsos
3231 1236 3466 1290 humiles
3490 1232 3727 1289 redden-

2139 1339 2246 1392 tes,
2282 1339 2336 1384 et
2369 1329 2599 1383 aliorum
2632 1327 2880 1384 defectus
2901 1329 2958 1382 in
2993 1327 3282 1382 charitatis
3311 1327 3539 1380 victoria
3565 1340 3726 1393 :equo

2143 1423 2384 1477 ferentes
2413 1421 2624 1487 animo;
2649 1436 2761 1475 non
2790 1421 3114 1486 irascentes,
3145 1419 3236 1475 sed
3269 1419 3449 1489 potius
3486 1431 3587 1487 pro
3615 1417 3727 1472 illis

2145 1525 2412 1570 orantes:
2469 1515 2916 1585 quandoquidem
2959 1514 3124 1569 etiam
3168 1511 3422 1566 Christus
3472 1524 3570 1579 pro
3616 1510 3725 1565 illis

2146 1608 2339 1662 orabat
2375 1606 2468 1675 qui
2495 1621 2620 1660 eum
2657 1606 2712 1660 in
2748 1620 2914 1660 cruce
2941 1619 3038 1675 pro
3065 1618 3164 1658 sua
3199 1602 3494 1672 fragilitate
3522 1601 3727 1656 afﬁcie-

2146 1696 2278 1750 bant
2318 1696 2520 1766 injuria
2565 1714 2578 1749 :
2618 1710 2726 1750 non
2757 1695 2902 1750 enim
2935 1692 3347 1765 cognoscebant
3387 1706 3562 1763 neque
3594 1692 3729 1762 quid

456 1803 541 1848 est
578 1793 715 1846 bene
747 1762 1074 1858 dispositum
1121 1786 1187 1840 ad
1223 1785 1371 1856 figuli
1417 1784 1772 1836 voluntatem.
1831 1778 2042 1834 Efﬁcia-
2071 1762 2112 1816 Ῑῖ
2148 1762 2389 1841 facerent
2438 1784 2836 1856 intelligebam,
2871 1795 2925 1841 ei
2972 1762 3077 1840 hic
3125 1786 3193 1839 de
3215 1799 3380 1840 causa
3427 1762 3552 1839 enm
3597 1799 3733 1839 con-

457 1897 581 1935 mur
624 1881 811 1949 itaque
837 1879 1002 1932 etiam
1037 1890 1138 1930 nos
1167 1875 1302 1929 bene
1337 1871 1616 1942 dispositi,
1655 1881 1850 1924 exacta
1891 1868 2041 1924 vide-

457 1975 585 2028 licet
637 1981 690 2026 et
747 1970 987 2040 perfecta
1040 1983 1162 2022 cum
1225 1967 1389 2036 ﬁgulo
1419 1964 1642 2028 unione,
1677 1969 1730 2016 et
1777 1977 1842 2017 ex
1897 1961 2042 2017 bono

458 2065 667 2119 semine
711 2063 912 2116 bonum
963 2059 1197 2112 fructum
1244 2055 1557 2120 aderamus,
1602 2053 2040 2109 misericordiam

457 2155 710 2209 videlicet
743 2161 796 2207 et
826 2151 1174 2206 clementiam
1207 2166 1220 2214 ;
1255 2164 1354 2203 nec
1381 2163 1410 2202 a
1439 2149 1587 2203 bono
1623 2147 1834 2202 semine
1862 2146 2039 2201 malus

460 2250 674 2302 fructus
731 2245 964 2308 oriatur,
1020 2250 1075 2297 et
1121 2241 1252 2296 vitis
1297 2239 1365 2294 ad
1399 2240 1641 2294 laetitiam
1690 2239 1937 2308 plantata
1985 2238 2043 2291 in

460 2339 886 2395 amaritudinem
928 2342 1308 2398 convertatur,
1355 2347 1479 2388 cum
1531 2341 1678 2389 recte
1727 2332 2044 2388 noverimus

458 2433 605 2504 quod
654 2431 866 2486 fructus
911 2429 1000 2484 ille
1023 2428 1114 2498 qui
1156 2442 1270 2482 non
1300 2434 1385 2480 est
1422 2425 1630 2495 proprii
1672 2425 1898 2480 seminis
1930 2439 2047 2495 ger-

459 2541 678 2590 manus,
714 2521 1151 2577 benedictionem
1186 2533 1291 2573 non
1320 2519 1551 2582 obtinet,
1582 2517 1674 2572 sed
1704 2515 2049 2571 maledictio-‘

462 2631 607 2679 nem,
642 2622 695 2669 et
739 2612 980 2666 laborem
1013 2609 1267 2680 agricolae
1296 2608 1546 2663 inutilem
1577 2605 1773 2672 reddit,
1809 2615 1862 2660 et
1893 2620 2044 2674 spem

461 2705 666 2762 laetitia:
697 2703 750 2758 in
797 2701 1114 2756 maestitiam
1147 2700 1227 2754 illi
1264 2699 1554 2755 convertit.
1592 2698 1668 2752 Ex
1701 2696 1847 2752 bono
1877 2696 2045 2766 igitur

461 2797 672 2853 semine
724 2795 963 2848 fructum
1007 2790 1288 2846 diversum
1329 2798 1384 2845 et
1416 2789 1653 2844 alienum
1702 2801 1812 2842 non
1846 2785 2044 2840 affera-

463 2904 608 2952 mus,
640 2903 707 2943 ne
753 2885 1073 2940 mmstitiam
1111 2882 1368 2954 agricola:
1408 2881 1774 2952 praebeamus,
1803 2889 1855 2934 et
1885 2879 2047 2933 male-

465 2979 722 3034 dictionis
799 2975 1125 3032 sententiam
1197 2974 1564 3029 incurramus.
1653 2972 1760 3026 Sed
1842 2971 2043 3026 bonum

462 3085 781 3142 operemur,
823 3070 1028 3124 bonum
1065 3066 1362 3136 agricolam
1399 3079 1509 3134 pra:
1540 3064 1718 3119 oculis
1759 3064 2043 3126 habentes,
2070 3092 2115 3154 Ο

465 3177 643 3232 neque
690 3159 893 3214 malum
939 3159 992 3210 in
1047 3156 1193 3210 bono
1241 3152 1692 3216 admisceatnus;
1748 3165 1854 3204 non
1897 3149 2043 3205 enim

463 3261 548 3308 est
592 3248 954 3311 credendum,
985 3246 1114 3301 dum
1149 3259 1244 3299 rex
1289 3244 1548 3314 quiescit,
1587 3243 1854 3296 latronem
1889 3254 2043 3294 arma

464 3343 865 3413 depositurum.
897 3338 1010 3392 Ilac
1037 3336 1204 3408 igitur
1230 3335 1300 3412 de
1325 3349 1491 3389 causa
1521 3335 1589 3389 ad
1618 3334 1854 3389 nobilem
1879 3331 2046 3401 Regis

466 3437 710 3493 domum,
745 3446 866 3501 qua:
897 3445 999 3485 nos
1029 3429 1133 3500 ipsi
1166 3443 1380 3494 sumus,
1433 3441 1587 3480 arma
1627 3424 1914 3480 homicida:
1956 3438 2049 3478 ca-

472 3526 809 3582 codiemonis
839 3524 1149 3594 irrumpere
1192 3536 1260 3577 ne
1299 3519 1700 3591 permittamus.
1735 3518 1877 3572 Dicit
1901 3518 2048 3572 enim

467 3620 612 3674 Deus
648 3636 661 3671 :
701 3615 1029 3671 lnhabitabo
1067 3614 1210 3669 inter
1250 3613 1399 3682 ipsos
1442 3619 1498 3666 et
1526 3610 1905 3667 deanthuiabo.
1939 3609 2050 3662 Ma-

468 3711 554 3764 lus
589 3721 717 3762 vero
763 3706 975 3760 diemon
1009 3711 1063 3759 et
1109 3701 1381 3756 homicida
1422 3701 1493 3754 ab
1544 3699 1705 3754 initio
1767 3700 2048 3754 hominem

468 3801 595 3855 odio
656 3798 872 3860 habuit,
917 3812 1042 3852 cum
1079 3793 1351 3864 superbus
1396 3792 1469 3848 sit
1506 3801 1560 3845 et
1618 3791 2046 3862 supplantator;

466 3902 518 3944 et
561 3904 657 3960 per
688 3905 812 3942 eum
849 3886 1051 3941 invidia
1083 3894 1267 3939 ortum
1300 3884 1515 3945 habuit,
1563 3891 1617 3938 et
1652 3899 1749 3952 per
1786 3882 2047 3937 invidiam

475 3996 627 4036 mors
693 3978 939 4048 regnavit
999 3978 1052 4031 in
1111 3975 1292 4030 nobis.
1367 3975 1622 4029 Christus
1678 3983 1858 4028 autem
1923 3986 2048 4026 cum

468 4072 707 4130 venisset
761 4079 1055 4141 tyrannum
1102 4067 1286 4135 ejecit,
1323 4082 1432 4136 quo
1467 4069 1642 4135 cjecto
1684 4065 1819 4119 nihil
1859 4077 2049 4118 eorum

471 4164 706 4236 amplius
734 4170 997 4233 operatur
1025 4176 1147 4232 quae
1179 4168 1339 4214 antea
1365 4159 1418 4213 iu
1445 4160 1563 4229 ipso
1587 4158 1976 4228 operabantur.

541 4257 829 4326 Quomodo
871 4256 1038 4327 igitur
1063 4253 1441 4324 operabuutur
1466 4252 1673 4321 aliquid
1706 4264 2050 4320 quzecunque

469 4357 796 4422 potestatem
823 4346 1097 4401 habebant
1121 4352 1410 4414 antequam
1431 4350 1702 4412 tyrannus
1723 4339 2053 4411 ejiceretur?

2146 1886 2439 1933 cusserunt
2472 1879 2564 1948 qui
2617 1885 2779 1933 terra:
2829 1877 3186 1932 fundamenta
3229 1883 3529 1932 concutere
3565 1877 3733 1931 solet.

2145 1970 2201 2024 Id
2250 1971 2414 2025 etiam
2450 1971 2608 2027 nobis
2639 1971 2961 2032 declaravit,
3000 1985 3108 2024 non
3139 1971 3316 2025 solum
3357 1985 3421 2024 ea
3474 1970 3731 2040 longani-

2146 2065 2332 2118 mitate
2391 2079 2497 2133 qua
2546 2062 2856 2135 perferebat
2905 2062 3165 2132 injurias,
3207 2077 3396 2116 verum
3442 2063 3607 2117 etiam
3659 2077 3728 2118 ex

2147 2165 2338 2211 nostra
2367 2155 2422 2209 in
2450 2169 2638 2217 carne,
2671 2169 2835 2226 quam
2869 2156 3187 2224 assumpsit,
3223 2153 3549 2210 humilitate.

2187 2244 2358 2310 "Quid
2403 2245 2548 2299 enim
2598 2245 2762 2300 vilius
2817 2245 3199 2313 corruptione,
3244 2259 3411 2315 quam
3454 2258 3588 2298 caro
3614 2243 3735 2313 ipsa

2149 2335 2486 2391 haereditatis
2530 2336 2656 2390 loco
2709 2335 2964 2390 obtinet?
2996 2333 3362 2390 Nihilominus
3399 2335 3581 2388 nullus
3625 2335 3737 2387 ira-

2147 2429 2321 2483 scitur
2381 2427 2639 2481 imbecilli
2694 2427 2831 2495 parti
2897 2429 3185 2496 corporis.
3251 2424 3349 2482 sed
3402 2426 3737 2495 compatltur

2148 2520 2329 2588 potius
2360 2518 2457 2580 illi,
2489 2517 2634 2572 fovet
2671 2517 2818 2571 illam
2855 2524 2910 2572 ct
2944 2518 2993 2571 ei
3022 2515 3129 2572 fert
3158 2530 3341 2585 opem.
3380 2514 3439 2570 Si
3481 2516 3646 2586 igitur
3676 2516 3732 2569 in

2149 2613 2314 2665 rebus
2343 2623 2465 2680 quae
2489 2619 2619 2664 sunt
2645 2608 2901 2664 obnoxia:
2931 2609 3274 2678 corruptioni
3315 2608 3389 2662 ita
3423 2607 3538 2663 ﬁeri
3567 2607 3734 2672 solet,

2149 2707 2355 2768 quanto
2385 2699 2558 2769 magis
2587 2699 2639 2752 in
2673 2698 2758 2754 bis
2789 2698 2952 2754 rebus
2976 2713 3097 2769 quae
3123 2699 3476 2768 corruptione
3501 2698 3731 2752 carent!

2148 2788 2227 2845 Ne
2259 2798 2483 2860 prepter
2506 2789 2849 2859 iniquitatem
2879 2789 3048 2860 iniqui
3074 2789 3290 2857 ﬁamus,
3323 2789 3418 2845 sed
3450 2789 3736 2844 vincamus

2149 2881 2205 2935 in
2244 2881 2646 2944 misericordia,
2696 2889 2755 2934 ut
2793 2880 2906 2937 Deo
2949 2881 3080 2937 facti
3123 2883 3274 2948 boni,
3323 2882 3488 2937 etiam
3521 2896 3625 2936 nos
3664 2884 3741 2936 ab

2148 2985 2214 3025 co
2243 2969 2561 3040 diligamur.
2592 2969 2778 3041 Neque
2817 2980 3041 3042 propter
3085 2971 3319 3026 aliorum
3358 2972 3736 3027 inﬁrmitatem

2150 3062 2314 3117 etiam
2343 3076 2447 3118 nos
2475 3062 2672 3118 inﬁrmi
2697 3062 3018 3130 reddamur,
3043 3064 3140 3119 sed
3165 3064 3371 3134 potius,
3413 3065 3459 3120 si
3490 3064 3606 3120 ﬁeri
3639 3080 3738 3134 po-

2148 3163 2290 3218 test,
2333 3169 2400 3209 ex
2449 3163 2638 3210 nostra
2670 3155 2825 3209 ﬁrma
2865 3156 3182 3212 valetudine
3227 3156 3437 3227 aliquid
3497 3156 3736 3211 inﬁrmis

2149 3245 2469 3317 largiamur,
2511 3259 2571 3300 ut
2607 3246 2685 3300 illi
2718 3254 3006 3314 sanentur,
3053 3261 3155 3301 nec
3197 3247 3433 3316 amplius
3461 3246 3737 3302 claudicet

2151 3338 2244 3409 qui
2275 3338 2507 3394 claudus
2531 3349 2640 3402 est,
2679 3347 2736 3395 et
2759 3339 2970 3397 festuca
3003 3343 3071 3398 ab
3094 3342 3217 3412 ejus
3243 3341 3421 3396 oculis
3451 3356 3737 3398 removea-

2155 3442 2262 3494 tur,
2300 3440 2355 3485 et
2375 3430 2556 3484 videat
2592 3430 2756 3486 frater
2786 3446 2976 3489 noster
2994 3449 3118 3506 quae
3141 3434 3283 3489 bona
3307 3441 3438 3490 sunt
3465 3440 3526 3489 et
3553 3443 3729 3490 recta.

2151 3523 2625 3590 Quemadmodum
2663 3526 2809 3579 enim
2846 3542 2943 3598 pes
2972 3542 3144 3585 sanus
3181 3543 3292 3584 non
3327 3528 3626 3591 claudicat,
3659 3531 3738 3584 ita

2153 3618 2348 3673 oculus
2377 3633 2482 3672 non
2503 3614 2834 3673 allueinatus
2852 3618 3054 3674 videbit
3077 3627 3246 3674 recta.
3267 3617 3364 3673 Irae
3379 3617 3543 3672 etiam
3557 3620 3738 3677 omnis

2152 3710 2498 3764 exacerbatio
2527 3709 2705 3765 oritur
2727 3725 2792 3764 ex
2826 3709 3167 3765 inﬁrmitate.
3207 3710 3263 3764 Si
3296 3725 3426 3765 vero
3473 3711 3732 3778 corporis

2155 3802 2398 3855 membra
2441 3817 2549 3856 non
2593 3801 2990 3871 percutiemus,
3033 3801 3130 3855 sed
3179 3801 3363 3870 potius
3408 3799 3735 3864 fovebimus,

2155 3908 2258 3948 cur
2292 3909 2417 3948 eum
2446 3893 2542 3963 qui
2575 3894 2874 3949 secundum
2907 3893 3164 3964 spiritum
3211 3893 3461 3948 inﬁrmus
3488 3900 3592 3959 est,
3625 3907 3736 3947 non

2155 3984 2563 4050 miserabimur,
2619 3986 2716 4042 sed
2774 3987 3000 4042 vulnera
3041 3987 3226 4056 potius
3263 3985 3592 4056 indigemus,
3632 4001 3736 4040 no-

2156 4083 2326 4129 stram
2354 4078 2750 4132 conscientiam
2785 4078 2991 4147 pariter
3025 4079 3429 4133 vulnerantes?
3465 4075 3572 4132 Sed
3605 4077 3736 4131 talia

2157 4165 2336 4221 facere
2363 4183 2472 4221 non
2503 4175 2591 4222 est
2621 4167 2772 4222 illum
2805 4168 3033 4231 imitari,
3067 4169 3158 4238 qui
3195 4183 3289 4237 per
3320 4167 3547 4225 vulnera
3581 4167 3739 4223 devi-

2154 4259 2228 4313 cit
2270 4257 2464 4314 fortem
2508 4259 2734 4314 humani
2771 4261 2989 4331 generis
3036 4261 3271 4325 hostem,
3312 4269 3366 4314 et
3393 4259 3490 4330 qui
3533 4258 3734 4314 debilia

2154 4352 2518 4408 conﬁrmavit.
2549 4350 2753 4407 Sumus
2777 4351 3010 4406 invicem
3038 4350 3283 4407 membra
3312 4369 3326 4405 :
3355 4351 3740 4407 custodiamus

471 4446 529 4502 Si
575 4443 827 4500 videlicet
866 4439 1079 4494 Domini
1129 4439 1413 4494 victoriam
1461 4437 1674 4492 irritam
1732 4435 2050 4501 reddamus,
2080 4443 2133 4503 D
2161 4452 2448 4515 propterea
2476 4443 2693 4515 mystici
2719 4443 2969 4513 corporis
3010 4444 3402 4515 integritatem,
3439 4458 3508 4498 ne
3533 4441 3738 4514 perda-

471 4546 527 4593 et
566 4545 858 4608 tyrannum
890 4533 1124 4602 ejectum
1149 4531 1304 4600 quasi
1338 4530 1515 4584 adhuc
1548 4536 1866 4600 regnantem
1903 4527 2052 4582 cola-

470 4646 596 4687 mus
632 4637 687 4686 et
717 4612 1065 4684 veneremur.
1100 4623 1313 4692 Cuique
1341 4632 1519 4677 autem
1551 4620 1684 4676 satis
1716 4626 1862 4689 patet
1887 4633 2049 4687 quam

472 4723 546 4778 sit
598 4724 702 4777 hoc
745 4717 1076 4776 damnabile.
1122 4713 1524 4769 Convertamus
1572 4710 1740 4781 igitur
1783 4709 2051 4763 adversus

471 4826 596 4866 eum
628 4824 780 4864 arma
808 4821 930 4879 quae
965 4805 1082 4876 ipse
1121 4806 1263 4858 male
1297 4802 1351 4856 in
1388 4801 1595 4856 malitia
1625 4814 1725 4855 sua
1756 4797 1860 4854 sibi
1893 4812 2052 4867 para-

472 4901 574 4965 vit,
615 4916 738 4955 eum
771 4897 1030 4952 videlicet
1061 4893 1188 4949 odio
1228 4899 1645 4962 prosequentes,
1692 4896 1746 4944 et
1788 4887 2051 4944 invidiam

472 4997 662 5048 contra
696 4988 876 5057 ipsum
909 4993 1280 5048 assumentes,
1321 4981 1761 5052 quandocunque
1793 4979 1911 5049 ipse
1938 4979 2051 5049 jam

475 5083 641 5140 morti
687 5079 994 5138 destinatus
1036 5091 1262 5132 suarum
1295 5075 1494 5130 virium
1529 5074 1832 5144 periculum
1875 5071 2058 5126 facere

474 5184 670 5232 contra
714 5188 817 5229 nos
869 5169 1109 5225 voluerit
1161 5183 1226 5222 ac
1279 5166 1327 5222 si
1363 5165 1543 5220 adhuc
1580 5165 1806 5218 viveret.
1847 5163 2056 5220 Bonum

477 5281 610 5321 vero
639 5261 928 5321 charitatis
968 5259 1247 5314 vinculum
1283 5259 1424 5311 inter
1452 5271 1549 5310 nos
1586 5254 1890 5309 adinvicem
1937 5257 2056 5308 sine

477 5357 705 5428 querela
739 5367 1154 5416 conservemus,
1188 5351 1342 5404 illum
1378 5349 1680 5411 imitantes,
1713 5347 1805 5417 qui
1841 5363 1942 5402 nos
1970 5347 2058 5400 di-

479 5451 635 5513 lexit,
675 5447 990 5507 Dominum,
1020 5454 1074 5499 et
1097 5459 1206 5498 non
1240 5456 1387 5506 eum,
1421 5442 1512 5511 qui
1541 5457 1643 5496 nos
1673 5448 1756 5495 cst
1782 5439 1910 5494 odio
1942 5455 2059 5508 pro.

477 5547 728 5601 secutus,
789 5535 1094 5590 daemonem
1133 5548 1148 5597 ;
1201 5540 1255 5585 ct
1295 5531 1439 5586 sicut
1485 5529 1740 5584 Christus
1791 5527 2059 5584 Dominus

479 5628 802 5699 iniquitates
827 5633 1045 5679 nostras
1069 5623 1185 5691 ipse
1216 5621 1476 5690 portavit,
1500 5628 1575 5684 et,
1602 5620 1731 5674 dum
1756 5619 1945 5675 dilexit
1964 5637 2064 5676 nos

477 5721 731 5792 indignos
777 5717 902 5772 licet
933 5713 1114 5784 aliquo
1145 5713 1370 5779 honore,
1409 5725 1677 5767 summam
1707 5711 1807 5768 sibi
1834 5711 2061 5781 gloriam

2155 4550 2278 4590 mus
2309 4535 2714 4605 nosmetipsos:
2742 4536 2926 4591 nullus
2945 4535 3093 4591 enim
3125 4543 3340 4592 suamet
3360 4535 3536 4605 perdit
3563 4549 3742 4589 mem-

2156 4627 2272 4681 bra.
2320 4624 2378 4680 Si
2414 4641 2543 4681 vero
2575 4626 2782 4697 aliquid
2815 4628 3041 4694 amittit,
3094 4629 3197 4684 hoc
3236 4627 3458 4699 quidem
3514 4625 3742 4682 defectu

2159 4716 2342 4783 potius
2363 4717 2586 4771 evenire
2623 4717 2782 4782 solet,
2811 4733 2921 4773 non
2956 4726 3138 4775 autem
3165 4733 3419 4775 excessu.

2228 4803 2513 4869 Quomodo
2536 4806 2700 4878 igitur
2725 4824 2827 4864 nos
2847 4808 3102 4866 virtutem
3123 4809 3328 4881 adepti,
3349 4825 3456 4880 qua
3477 4809 3746 4866 excedere

2161 4899 2458 4965 possimus,
2490 4909 2712 4970 propter
2741 4901 2886 4957 illius
2920 4917 3212 4957 excessum
3243 4902 3484 4966 virtutis,
3509 4901 3601 4971 qui
3634 4915 3745 4955 nos

2161 4991 2358 5048 divites
2392 4993 2650 5058 reddidit,
2682 4995 2881 5050 iterum
2910 4998 2965 5050 in
2989 4997 3211 5052 defectu
3239 4996 3608 5061 ambulamus,
3629 5011 3748 5049 non

2165 5093 2528 5153 agnoscentes
2573 5087 2796 5142 divitias
2833 5088 3055 5144 virtutis
3101 5089 3357 5144 nostrae?
3387 5087 3750 5143 Perﬁciamus

2165 5175 2230 5228 ad
2273 5178 2504 5231 invicem
2546 5195 2666 5247 qua:
2697 5179 2855 5234 nobis
2899 5179 3099 5234 desunt
3143 5180 3196 5234 iu
3251 5179 3746 5236 miserationibus:

2165 5268 2544 5323 custodiamus
2581 5271 2924 5325 harmoniam
2958 5271 3130 5336 illam,
3159 5272 3214 5325 in
3247 5285 3355 5341 qua
3385 5286 3483 5326 nos
3503 5270 3748 5339 Spiritus

2167 5367 2393 5412 sanctus
2408 5357 2502 5413 Dei
2523 5361 2807 5414 constituit
2833 5378 2847 5414 :
2879 5360 3078 5430 singuli
3099 5361 3164 5415 ad
3184 5360 3415 5416 invicem
3437 5362 3750 5414 communi-

2166 5457 2354 5504 cantes
2379 5464 2543 5517 quam
2576 5451 2644 5506 ab
2673 5451 2790 5520 ipso
2820 5453 3104 5506 consecuti
3145 5466 3339 5506 sumus
3379 5452 3657 5510 virtutem,
3689 5461 3750 5504 et

2165 5553 2328 5608 quam
2357 5539 2500 5609 apud
2532 5555 2634 5595 nos
2667 5540 2790 5596 licet
2815 5541 3132 5606 habeamus,
3153 5541 3243 5596 illa
3269 5550 3452 5597 tamen
3487 5541 3588 5609 ipsi
3611 5555 3744 5610 ege-

2167 5647 2330 5698 mus;
2368 5641 2422 5688 ct
2453 5648 2550 5703 per
2571 5635 2754 5690 omnia
2779 5633 3117 5706 gloriﬁcetur
3135 5634 3556 5705 caputonmimn
3587 5632 3748 5688 Chri—

2170 5731 2307 5779 stus.
2334 5721 2411 5780 Nc
2440 5725 2640 5794 singuli
2671 5725 2938 5782 nobismet
2965 5725 3097 5796 ipsis
3128 5727 3264 5782 satis
3291 5740 3414 5783 esse
3442 5732 3702 5796 putemus
3731 5739 3745 5789 ;
