3970 6212
226 265 304 326 297
867 260 1150 319 omne
1184 259 1414 319 x1x.-—-
1451 222 1745 317 noenu

1848 258 1946 316 lIA
1983 259 2083 316 AD
2121 258 2377 318 omnes
2408 259 2744 352 FIpE-LES.

3312 262 3417 323 ἱζὶὸ

227 374 370 427 nullus
390 370 528 427 enim
561 371 666 426 sibi
693 370 796 442 ipsi
828 372 1102 428 sulliciens
1130 379 1250 426 est:
1287 370 1383 425 scd
1424 368 1750 426 sufﬁcientia
1783 373 1830 430 Α
1859 369 1923 425 ad
1941 385 2060 425 eam
2084 386 2207 441 qua:
2233 386 2508 440 nunquam
2533 371 2733 436 deficit,
2759 371 3207 441 tranquillitatem
3242 382 3420 431 trans-

228 473 376 520 nostra
405 479 466 517 ex
503 462 615 519 Deo
644 463 712 517 ad
739 463 924 518 omnia
959 461 1230 532 prazbetur
1258 461 1472 516 abunde
1510 477 1603 530 per
1635 462 1742 515 lar-

226 558 434 626 gitiuuem
485 554 812 624 beneplaciti
859 553 966 619 sui,
1004 567 1112 624 qua
1158 551 1331 622 replet
1373 552 1579 606 omnia.
1635 551 1744 606 Nos

226 651 354 702 etiam
397 647 711 717 aperiamus
751 647 960 700 viscera
1005 652 1212 708 nostra,
1255 653 1309 698 et
1363 644 1746 713 compatientia

225 748 369 794 instra
395 739 626 791 fratrum
664 747 981 793 nostrorum
1022 735 1271 790 ﬂammas
1307 735 1745 804 exstinguamus,

221 843 262 884 ut
307 831 370 884 ita
411 838 659 884 nostrum
724 829 890 884 etiam
957 828 1340 898 exstinguatur
1406 825 1744 882 incendium.

221 920 548 991 llleemosynis
597 921 742 974 enim
772 918 1069 973 remittitur
1103 928 1410 988 peccatum,
1451 926 1504 972 et
1551 917 1604 970 itt
1642 915 1745 969 mi-

216 1010 539 1065 serationibus
589 1024 894 1079 pauperum
951 1008 1294 1078 dissipantur
1341 1008 1546 1062 divitia:
1608 1008 1747 1061 male

214 1111 368 1169 parta‘,
394 1115 488 1170 per
516 1114 640 1155 eum
676 1099 768 1168 qui
812 1100 864 1152 in
897 1108 1220 1167 paupertate
1253 1099 1320 1152 ad
1364 1099 1618 1152 caelestes
1660 1097 1746 1151 di-

212 1191 334 1245 vitias
351 1205 474 1245 suas
497 1205 598 1244 nos
621 1189 854 1244 vocavit.
886 1189 1242 1244 Ambulemus
1278 1191 1331 1243 in
1369 1189 1742 1258 simplicitate,

207 1290 359 1333 etnon
398 1280 452 1333 in
499 1279 628 1334 dolo
662 1286 718 1333 et
753 1278 1044 1347 iniquitate
1077 1278 1200 1334 aliis
1243 1279 1570 1341 invidentes,
1600 1279 1746 1348 quod

207 1373 286 1424 lait
311 1371 545 1425 omnium
583 1371 854 1424 malorum
905 1369 1060 1422 radix
1100 1378 1152 1424 et
1197 1369 1376 1440 origo,
1421 1385 1598 1439 neque
1647 1370 1748 1424 iter

205 1474 451 1518 teneamus
483 1461 622 1516 illud
666 1477 762 1531 per
805 1459 952 1530 quod
1003 1461 1206 1514 malum
1259 1475 1418 1515 omne
1465 1461 1520 1514 in
1561 1461 1748 1515 orbem

207 1554 430 1608 introivit.
481 1552 541 1607 Si
573 1553 721 1607 enim
752 1561 1037 1621 peccatum
1075 1567 1183 1605 non
1219 1551 1561 1620 deliquisset,
1595 1551 1748 1604 nullo

205 1655 335 1714 pacto
368 1646 507 1700 mala
554 1654 1039 1716 eognosccrcntur.
1066 1642 1176 1700 llac
1204 1643 1270 1699 de
1299 1658 1466 1698 causa
1492 1642 1674 1696 dolum
1696 1648 1750 1696 et

205 1739 514 1810 iniquitatem
540 1737 884 1799 omittamus,
912 1736 1176 1806 quoniam
1211 1736 1490 1806 simplices
1512 1745 1567 1789 et
1607 1733 1740 1788 recti

199 1834 459 1902 iungentur
493 1831 628 1886 Deo.
662 1832 728 1884 Et
767 1830 894 1900 quis
927 1844 1166 1898 unquam
1197 1829 1396 1898 poterit
1428 1829 1578 1882 illum
1616 1842 1740 1896 per-

202 1932 398 1988 vertere,
423 1924 523 1994 qui
554 1921 802 1976 omnium
830 1928 1052 1988 superat
1085 1917 1506 1973 rectitudinem?
1539 1915 1743 1971 Trans-

200 2029 362 2068 ramus
394 2015 562 2070 etiam
609 2016 664 2066 in
705 2011 934 2080 spiritus
965 2008 1318 2078 simplicitate
1357 2006 1620 2062 damonis
1663 2007 1744 2059 la-

200 2118 364 2170 queos,
398 2119 504 2159 nec
531 2103 587 2157 in
621 2103 748 2156 illos
795 2100 1182 2170 impingamus,
1236 2115 1305 2154 ne
1349 2115 1459 2168 quo
1486 2107 1642 2169 pacto
1676 2098 1745 2152 ad

200 2196 437 2266 propriam
485 2210 677 2252 necem
707 2207 1014 2249 serventur.
1049 2191 1108 2246 Si
1144 2191 1272 2260 quis
1304 2191 1449 2245 enim
1497 2191 1746 2260 proximo

199 2302 283 2340 suo
303 2288 647 2342 machinatur
678 2285 844 2349 mala,
880 2285 1118 2354 seipsum
1155 2282 1252 2336 alit
1279 2281 1348 2335 ad
1388 2281 1531 2337 diem
1578 2281 1746 2336 inter-

200 2381 308 2446 itus,
325 2389 375 2434 et
404 2377 683 2433 carbones
720 2382 1012 2430 coacervat
1045 2374 1113 2428 ad
1144 2373 1381 2441 seipsum
1415 2373 1745 2426 comburen-

195 2470 387 2530 dum,et
406 2466 636 2524 sibimet
664 2465 854 2536 spinas
880 2464 1115 2519 seminat
1134 2472 1195 2516 ιιι
1212 2463 1268 2516 iu
1289 2461 1400 2517 illis
1423 2461 1744 2516 sulIocetur.

197 2559 262 2614 Ne
291 2559 459 2631 itaque
511 2560 701 2629 spinas
728 2556 890 2612 nobis
920 2555 1056 2625 ipsis
1089 2568 1358 2619 seramus,
1395 2567 1458 2607 ea
1497 2552 1750 2607 videlicet

197 2652 426 2709 tacientes
451 2652 586 2705 aliis
618 2666 740 2720 qua:
772 2649 934 2704 nobis
965 2645 1082 2702 fieri
1115 2645 1392 2700 nolumus.

247 2739 375 2807 Quid
411 2751 602 2796 autem
639 2740 686 2795 si
720 2749 777 2793 tu
806 2739 976 2793 alium
1019 2735 1331 2806 conspicias
1369 2737 1423 2790 in
1467 2743 1611 2790 terra
1648 2749 1749 2789 sua

190 2834 310 2887 bona
347 2834 561 2890 semina
604 2839 879 2888 serentem
923 2829 1087 2893 mala,
1133 2839 1353 2898 propter
1380 2843 1503 2883 eum
1545 2835 1747 2882 terram

190 2927 331 2981 etiam
355 2935 513 2980 tuam
561 2927 681 2995 ipse
721 2921 964 2994 perdes?
994 2919 1190 2976 Nullus
1225 2921 1279 2974 in
1313 2919 1582 2974 fructibus
1630 2918 1750 2974 istis

1851 475 2063 528 eamus,
2118 470 2174 517 et
2217 477 2314 532 per
2355 464 2638 532 penuriam
2686 463 2884 517 divites
2923 463 3243 527 elliciamur,
3281 475 3334 519 et
3366 468 3420 520 in

1850 557 2036 612 labore
2074 556 2487 625 quiescamus:
2543 555 3000 626 quemadmodum
3049 557 3293 612 Lazarus
3333 560 3424 613 ille

1848 647 2194 718 evangelicus
2223 651 2243 678 ²
2289 663 2384 719 per
2411 649 2630 704 labores
2666 649 2902 718 quietem
2952 648 3186 718 adeptus
3225 661 3332 714 est,
3370 661 3422 704 et

1851 756 1947 811 per
1991 740 2176 795 ulcera
2215 741 2270 794 in
2314 740 2438 796 sinu
2477 739 2708 794 Abrahae
2751 740 2917 794 foveri
2949 741 3164 794 meruit.
3209 739 3264 794 Si
3299 743 3422 808 quis

1849 840 1980 881 vero
2021 842 2168 881 nunc
2207 827 2426 897 quidem
2469 826 2766 881 infeliciter
2817 828 2948 897 agit,
2986 828 3227 881 futuram
3268 845 3420 882 suam

1850 918 2093 973 laetitiam
2142 919 2434 988 iniquitate
2477 919 2663 988 aliqua
2706 935 2812 972 non
2863 919 3145 985 maculet;
3185 920 3417 975 inveniet

1849 1010 1995 1064 enim
2022 1009 2094 1064 ita
2114 1026 2212 1081 pro
2238 1011 2386 1066 brevi
2415 1011 2601 1065 labore
2623 1022 2675 1064 et
2696 1012 3005 1067 calamitate
3032 1014 3418 1080 sempiternum

1848 1099 2104 1169 gaudium
2130 1110 2183 1156 et
2206 1101 2444 1154 laetitiam
2467 1119 2481 1166 ;
2504 1102 2624 1172 igne
2655 1117 2890 1170 namque
2914 1111 3176 1172 purgatur
3204 1118 3423 1167 aurum,

1850 1203 1904 1245 et
1951 1192 2130 1246 anima
2173 1193 2518 1246 miseriarum
2583 1193 2800 1247 llatnma
2867 1211 3026 1248 suum
3079 1196 3421 1264 Splendorem

1851 1281 2194 1351 adipiscitur.
2233 1282 2367 1338 Cum
2414 1284 2716 1352 gratiaruut
2774 1285 2991 1339 actione
3041 1301 3322 1354 speremus
3366 1286 3419 1346 in

1850 1387 1974 1428 cum
2005 1375 2096 1442 qui
2130 1373 2235 1429 sibi
2282 1375 2634 1444 complacuit,
2663 1387 2720 1428 ut
2754 1392 2846 1444 per
2888 1376 3320 1430 combustionem
3368 1378 3420 1430 in

1851 1481 2018 1522 carne
2057 1467 2353 1536 largiretur
2388 1467 2547 1522 nobis
2592 1468 2994 1536 probationem.
3032 1467 3147 1522 Non
3191 1469 3423 1522 tardabit

1807 1606 1809 1609 .
1852 1558 1945 1611 diu
1978 1572 2102 1627 spes
2133 1558 2260 1622 ista,
2295 1567 2350 1611 et
2370 1558 2621 1613 adveniet
2657 1560 3082 1628 exspectationis
3113 1567 3424 1629 tempus,et

1854 1657 1985 1703 tunc
2007 1648 2446 1704 manifestabitur
2462 1665 2648 1703 eorum
2669 1651 2946 1704 beatitudo
2966 1650 3058 1719 qui
3085 1651 3138 1703 in
3167 1650 3420 1718 patientia

1855 1751 2110 1810 tanquam
2135 1741 2260 1810 igne
2289 1748 2419 1796 sunt
2451 1742 2689 1809 probati:
2721 1756 2821 1795 nec
2850 1741 2954 1796 erit
2985 1740 3216 1809 amplius
3249 1742 3421 1803 labor,

1849 1845 2026 1899 neque
2073 1829 2251 1893 dolor,
2288 1831 2372 1884 vel
2405 1829 2580 1884 fames
2636 1831 2716 1883 vel
2765 1830 2961 1900 frigus,
3008 1832 3101 1885 scd
3132 1831 3339 1893 laetitia,
3369 1838 3424 1884 ct

1845 1922 2003 1977 cibus
2033 1920 2300 1983 cmlestis,
2323 1928 2377 1974 et
2403 1923 2646 1975 suavitas
2683 1922 3035 1990 sempiterna.

1915 2013 2241 2082 Quicunque
2300 2027 2434 2066 vero
2475 2028 2596 2065 cum
2651 2014 2932 2078 temporali
2974 2014 3151 2082 aliqua
3195 2011 3423 2066 delecta-

1848 2108 1997 2162 tione
2039 2105 2322 2160 meliorem
2374 2105 2537 2157 vitam
2581 2103 2724 2156 nacti
2775 2119 2965 2156 sumus
2992 2118 3155 2171 quam
3199 2111 3257 2156 ut
3300 2103 3423 2170 igne

1849 2197 2167 2269 probemur,
2200 2208 2308 2247 non
2343 2202 2630 2264 prepterea
2660 2194 2726 2246 ab
2762 2192 2877 2261 ipsa
2916 2191 3283 2247 delectatione
3323 2207 3423 2248 nos

1850 2287 1991 2342 vinci
2038 2286 2309 2349 sinamus,
2332 2291 2387 2338 et
2413 2299 2533 2353 quae
2574 2285 2732 2338 nobis
2757 2284 2884 2338 data
2914 2291 3042 2338 sunt
3075 2283 3140 2338 ad
3167 2279 3421 2352 Salutem,

1849 2377 2113 2433 faciamus
2131 2383 2186 2430 ut
2205 2375 2438 2430 miseriae
2460 2375 2571 2429 sint
2597 2374 2755 2429 nobis
2778 2374 2998 2429 occasio
3027 2373 3374 2444 sempiterna:
3404 2391 3419 2438 ;

1847 2469 1943 2524 sed
1989 2468 2146 2538 quasi
2195 2466 2383 2522 fideles
2443 2467 2720 2537 praepositi
2766 2465 2965 2522 domus
2993 2506 3009 2533 ,
3067 2467 3421 2524 villicationis

1849 2569 2053 2615 nostra:
2079 2559 2344 2612 rationem
2386 2557 2769 2626 inculpabilem
2797 2556 3022 2612 reddere
3047 2572 3143 2611 nos
3164 2572 3422 2627 paremus

1850 2652 1931 2707 illi
1967 2651 2061 2722 qui
2089 2665 2208 2705 eam
2239 2649 2400 2704 nobis
2429 2648 2856 2713 commendavit,
2881 2663 2982 2702 nec
3004 2648 3422 2703 comessationi-

1850 2744 1973 2809 bus,
2020 2741 2402 2806 ebrietatibus,
2452 2748 2506 2794 et
2549 2740 2914 2795 innuunditiis
2953 2740 3291 2810 voluptatum
3321 2756 3422 2794 nos

1851 2834 2000 2903 ipsos
2044 2831 2339 2888 reddamus
2391 2831 2661 2886 obnoxios
2708 2849 2722 2896 ;
2785 2830 2879 2885 sed
2925 2831 3106 2900 potius
3159 2842 3423 2901 praesente

1851 2922 2112 2979 felicitate
2159 2931 2377 2978 utamur
2413 2921 2478 2976 ad
2513 2922 2813 2990 gratiarum
2855 2921 3124 2977 actionem
3155 2922 3299 2977 illius
3329 2923 3420 2992 qui

188 3018 266 3085 qui
302 3025 736 3086 corrumpuntur
759 3055 775 3080 ,
824 3013 1028 3069 malum
1065 3013 1360 3084 agricolam
1406 3011 1655 3066 imitatur
1688 3009 1744 3064 in
1765 3041 1816 3108 ο
1851 3029 1952 3071 nos
1980 3013 2240 3069 discrevit
2278 3013 2332 3068 in
2375 3013 2662 3068 altitudine
2698 3012 3012 3067 divitiarum
3052 3028 3299 3078 suarum,
3346 3022 3421 3078 et,

196 3111 250 3161 iis
271 3123 380 3178 qua:
415 3108 702 3162 deteriora
739 3111 908 3169 sunt;
955 3103 1050 3158 sed
1097 3101 1283 3172 potius
1319 3099 1608 3170 diligenter
1656 3099 1744 3154 in-

193 3202 368 3256 cumbit
416 3210 475 3255 ut
527 3201 646 3254 Deo
709 3198 988 3252 fructuum
1041 3196 1287 3265 largitori
1332 3195 1386 3248 in
1420 3195 1606 3249 laetitia
1647 3211 1746 3266 pro

194 3293 402 3362 acceptis
437 3289 723 3346 fructibus
754 3287 986 3359 gratiam
1028 3286 1250 3342 referat.
1299 3283 1491 3340 Omnis
1535 3285 1746 3341 fructus

190 3399 270 3451 pro
295 3401 396 3455 quo
417 3402 532 3442 non
567 3384 884 3440 referuntur
904 3383 1113 3454 gratias,
1137 3396 1244 3436 non
1263 3391 1344 3437 est
1367 3382 1434 3435 ab
1459 3381 1576 3450 ipso
1598 3380 1744 3451 agri-

187 3476 288 3528 cola
311 3475 436 3541 Deo,
471 3493 582 3532 nec
609 3484 793 3530 ortum
816 3475 978 3530 habet
1007 3489 1036 3528 a
1063 3472 1430 3530 seminatione
1471 3472 1524 3525 in
1555 3471 1746 3526 divino

189 3562 369 3620 lumine
381 3565 560 3630 facta,
581 3563 678 3618 sed
701 3564 882 3634 potius
906 3563 974 3616 ab
993 3561 1206 3616 occulta
1227 3561 1386 3616 nobis
1410 3561 1745 3615 zizaniorqu

189 3655 707 3722 superseminatione
731 3671 744 3709 :
767 3663 822 3708 et
853 3655 956 3708 hac
983 3654 1050 3708 de
1073 3667 1241 3708 causa
1273 3664 1518 3723 tempore
1550 3653 1747 3708 messis

187 3739 373 3799 fruetus
404 3746 499 3799 ille
541 3743 954 3799 comburendus
1004 3745 1258 3798 traditur.
1292 3743 1451 3810 Quis,
1497 3744 1744 3814 inquam,

187 3833 379 3890 sibimet
414 3837 609 3906 ignem
647 3835 898 3890 accendit
924 3835 946 3888 ?
991 3836 1117 3905 quis
1148 3850 1285 3906 opus
1310 3851 1467 3891 suum
1499 3834 1564 3888 ad
1595 3835 1748 3888 dolo-

187 3939 283 3978 rem
308 3927 408 3982 sibi
433 3934 625 3998 parat,
648 3936 702 3980 et
736 3942 842 3980 non
870 3925 935 3980 ad
963 3927 1415 3995 tranquillitatem
1445 3926 1468 3978 ?
1501 3926 1583 3980 vel
1603 3925 1746 3993 quis,

188 4016 295 4070 dum
338 4033 432 4072 rex
471 4017 686 4084 aliquis
729 4015 906 4085 ipsum
957 4015 1022 4068 ad
1067 4017 1304 4084 quietem
1359 4024 1412 4069 et
1460 4015 1746 4084 imperium

190 4104 377 4174 invitat,
406 4109 657 4163 miseria:
675 4121 838 4175 opera
856 4114 1062 4174 qumret
1085 4105 1108 4156 ?
1136 4104 1428 4176 Fugiamus
1447 4106 1746 4170 miseriam,

185 4212 288 4262 qua:
312 4208 391 4252 est
424 4199 482 4252 in
522 4199 632 4250 hoc
665 4203 858 4250 nostro
890 4193 1104 4247 mortali
1136 4209 1385 4262 corpore,
1424 4195 1550 4247 dum
1577 4194 1748 4263 Spiri-

192 4297 280 4350 tus,
308 4291 399 4358 qui
433 4296 656 4360 regnat,
699 4302 800 4340 nos
830 4285 1020 4339 invitat
1052 4283 1119 4338 ad
1149 4300 1398 4354 regnum.

243 4380 295 4435 Si
326 4399 458 4438 vero
500 4381 673 4437 etiam
711 4379 991 4433 molestias
1035 4378 1292 4447 patimur,
1346 4379 1448 4432 hoc
1481 4379 1584 4432 erit
1627 4394 1750 4447 pro-

185 4482 372 4540 pterea,
402 4485 464 4527 ut
498 4486 820 4542 regncmus,
851 4487 955 4523 non
993 4480 1051 4524 ut
1079 4470 1387 4524 universam
1422 4471 1584 4522 vitatu
1616 4484 1744 4539 aga-

181 4583 285 4622 mus
316 4569 371 4623 in
409 4568 634 4631 dolorr,
663 4564 758 4619 sed
796 4573 851 4618 ut
879 4578 974 4634 per
1011 4562 1378 4618 transitoriam
1411 4561 1740 4631 angustiam,

230 4797 249 4825 '
280 4793 410 4848 Luc.
444 4807 560 4846 xvi.

1849 3123 1970 3163 cum
2005 3121 2253 3162 essemus
2294 3121 2361 3161 ex
2409 3105 2598 3160 eadem
2638 3104 2736 3158 luti
2771 3120 2973 3170 massa,
3003 3120 3105 3160 nos
3143 3119 3254 3174 prae
3297 3105 3420 3158 aliis

1846 3195 2170 3260 honoravit,
2210 3193 2410 3249 fratres
2453 3203 2675 3249 nostros
2710 3194 2869 3249 nobis
2913 3193 3291 3262 subiiciendo,
3347 3193 3421 3247 ita

1850 3294 2033 3339 tamen
2063 3292 2123 3337 ut
2161 3290 2216 3338 et
2244 3297 2344 3338 nos
2385 3281 2746 3351 subjiciamur
2795 3282 2846 3335 in
2880 3291 3067 3337 sancta
3111 3281 3425 3337 humilitate.

1849 3385 1900 3428 et
1943 3373 2304 3443 subiectione,
2338 3385 2448 3425 non
2494 3372 2785 3441 imperiose
2827 3379 3116 3444 regnantes
3158 3370 3212 3423 in
3253 3366 3441 3421 animi

1848 3464 2081 3518 elatione
2137 3470 2192 3518 et
2249 3463 2584 3530 arrogantia,
2640 3463 2736 3517 sed
2789 3477 2913 3514 cum
2961 3457 3419 3515 misericordiaiu

1849 3554 2156 3608 visceribus
2180 3553 2560 3621 spiritualibus
2585 3552 2708 3606 aliis
2733 3561 2986 3617 tanquam
3021 3547 3422 3603 ﬁliisimbccil-

1849 3645 2078 3699 lioribus
2107 3652 2364 3711 tanquam
2406 3649 2676 3712 potentes,
2709 3651 2762 3695 et
2791 3656 2980 3694 omnes
3013 3655 3136 3694 cum
3167 3639 3423 3694 omnibus

1851 3733 2281 3790 misericordiam
2317 3740 2663 3794 exercentes,
2709 3740 2768 3785 ut
2800 3732 2902 3784 hoc
2932 3738 3092 3799 pacto
3133 3744 3234 3783 nos
3272 3728 3418 3796 ipsos

1850 3825 2146 3886 lucremur,
2181 3835 2285 3876 nec
2327 3820 2475 3874 illum
2523 3830 2745 3890 propter
2779 3819 3050 3873 mundum
3086 3818 3420 3881 amittamus,

1848 3916 1938 3985 qui
1970 3915 2098 3968 vicit
2131 3913 2392 3968 mundum
2418 3955 2431 3978 ,
2468 3921 2522 3968 et
2551 3912 2798 3967 beneﬁcii
2834 3911 2954 3966 loco
2977 3909 3125 3980 digni
3157 3909 3283 3963 odio
3324 3907 3420 3960 ha-

1851 4011 2098 4073 beamur,
2135 4006 2249 4063 sed.
2278 4007 2571 4078 diligamur
2600 4007 2800 4076 potius,
2844 4015 2898 4061 et
2928 4020 3053 4059 cum
3089 4004 3180 4058 ille
3213 4003 3422 4056 venerit

1850 4101 1938 4170 qui
1977 4116 2076 4155 nos
2103 4099 2313 4160 dilexit,
2355 4099 2633 4154 lucremur
2668 4109 2928 4167 prcctcrea
2963 4111 3062 4166 pro
3098 4095 3184 4149 his
3216 4092 3423 4146 nostris

1853 4192 2037 4252 rebus,
2090 4206 2210 4260 qua:
2253 4190 2390 4243 niltil
2432 4198 2581 4254 sunt,
2623 4189 2927 4242 mercedem
2978 4187 3033 4239 in
3087 4185 3258 4256 gloria
3307 4183 3422 4247 Dei,

1851 4284 1938 4338 cui
1974 4285 2091 4336 laus
2123 4289 2177 4335 ct
2206 4282 2378 4334 honor
2409 4280 2463 4333 in
2494 4279 2692 4333 saecula
2730 4278 3076 4331 saeculorum.
3106 4275 3300 4327 Amen.

1789 4393 1831 4445 π)
1922 4371 2111 4426 Valete
2142 4373 2196 4425 in
2230 4369 2467 4440 Spriritu
2515 4377 2732 4432 sancto,
2769 4363 3141 4433 corruptionis
3187 4364 3423 4420 imbecil-

1853 4465 2056 4518 litatcm
2101 4461 2364 4531 patientia
2412 4466 2756 4528 superantes,
2797 4457 2994 4512 virtute
3029 4453 3423 4527 incorruptibi-r

1851 4557 2020 4613 litatis
2047 4552 2352 4610 confirmati
2377 4559 2430 4609 et
2458 4550 2720 4607 roborati.

1591 5122 2077 5147 ...ια-.-ω-
