4088 6208
390 235 493 300 301

1636 259 1925 322 PRECES
1961 263 2422 333 LlTUllGltL-E.

3552 283 3657 347 302

390 356 578 421 τυχεῖν
616 355 708 407 m5
738 357 952 425 ἐφετοῦ,
977 360 1168 433 ὼράθη
1218 364 1245 416 ὀ
1294 364 1439 429 λίθος
1476 370 1855 441 μετηρμένος,
1892 389 1961 424 κα

2097 372 2262 428 modo
2300 375 2562 432 desiderii
2615 388 2897 448 compotes
2931 383 3120 440 fierent
3155 386 3256 456 (l),
3293 388 3526 459 lapidem
3583 395 3634 449 vi

391 444 535 509 θεῖος
565 448 783 513 νεανίας
833 453 1211 508 mmme
1257 456 1348 509 τὸν
1396 458 1625 531 θόρυϐον
1664 463 1847 518 αὐτῶν
1880 466 1961 536 τῆς

2082 464 2282 519 derunt
2344 477 2612 532 amotum,
2642 473 3032 544 caelestemque
3058 475 3338 544 juvenem,
3388 484 3481 550 qui
3511 498 3663 539 ruen-

389 535 591 606 ¢uxﬁc°
629 538 870 610 Ἠγέρθη
890 540 1020 612 γάρ,
1037 543 1223 614 φησὶν,
1244 547 1449 618 Ἰησοῦς
1471 552 1498 604 ὁ
1519 550 1740 622 Κύριος.
1762 553 1853 607 Διὸ
1878 573 1976 625 κη’

393 627 592 694 Fugam
630 631 745 693 τοῖς
779 632 1008 703 κήρυξιν
1037 635 1208 689 αὐτοῦ
1239 637 1532 710 μαθηταῖς,
1557 642 1640 706 εἰς
1689 644 1789 713 τὴν
1820 644 1972 698 Γαλι-

392 718 548 772 λαίαν
572 720 827 792 δραμεῖν,
879 726 974 780 καὶ
1001 724 1198 794 ὄψεσθε
1243 729 1429 795 αὑτὸν,
1462 733 1772 788 ἀναστάντα
1803 737 1867 789 ἐκ
1888 753 1975 790 νε-

390 809 560 881 κρῶν,
589 811 667 875 ὡς
692 812 961 885 ζωοδὸτην
990 817 1084 871 καὶ
1108 818 1334 890 Κύριον.

846 907 1419 980 Ἐξαποστειλὰριον
1456 913 1524 982 γ’.

459 994 589 1048 Ὀτι
608 995 842 1065 Χριστω
866 997 1187 1072 ἐγήγερται,
1207 1007 1369 1074 μήτις
1393 1006 1765 1062 διαπιστείτω·
1798 1011 1971 1082 ὲεράνη

2084 560 2167 607 tes
2219 555 2433 610 illarum
2461 556 2712 614 turbatas
2740 563 3105 631 compescuit,
3137 564 3357 622 dicens:
3411 571 3662 625 Surrexit

2078 638 2240 696 Jesus
2290 643 2584 713 Dominus;
2652 646 2884 718 ideoque
2934 650 3109 721 ipsius
3163 655 3371 709 nuntiis
3419 659 3663 712 nuntiate

2082 740 2141 785 ut
2162 733 2216 787 in
2235 734 2511 791 Galilaeam
2537 749 2787 805 currant,
2805 743 2957 797 illum
2981 744 3149 800 visuri
3172 747 3269 816 qui
3314 764 3377 803 ex
3430 752 3661 806 mortuis

2081 826 2325 880 surrexit
2371 826 2496 884 vita:
2547 829 2783 886 donator
2819 841 2874 887 et
2914 833 3193 895 Dominus.

2523 919 3013 990 Exaposleilarium
3042 927 3099 981 5.

2145 1005 2427 1064 Christum
2458 1012 2767 1069 surrexisse
2797 1030 2956 1071 nemo
2972 1015 3179 1074 dil'ﬁdat
3198 1035 3211 1070 :
3232 1022 3488 1090 apparuit
3510 1023 3657 1076 enim

378 1088 450 1157 τῇ
506 1087 700 1160 Μαρίᾳ
753 1087 885 1160 γὰρ,
935 1089 1132 1146 ἔπειτα
1178 1094 1474 1169 καθωράθη
1520 1102 1633 1162 τοῖς
1679 1103 1761 1165 είς
1805 1103 1961 1175 ἀγρὸι

2080 1095 2285 1162 Mariae,
2308 1098 2510 1156 deinde
2550 1100 2888 1174 (discipulis)
2915 1087 3403 1172 exeuntibnsrus,
3445 1109 3657 1164 denuo-

378 1178 631 1244 ἀπιοῦσι,
658 1178 894 1250 μύσταις
914 1182 972 1238 δὲ
994 1184 1155 1238 πάλιν
1176 1185 1332 1255 ὤφθη
1355 1190 1734 1263 ἀνακειμένοις
1760 1193 1974 1258 ἕνδεκα,

382 1268 480 1332 οὒς
508 1269 795 1339 βαπτίζειν
823 1273 1138 1345 ἐκπέμψας,
1169 1280 1249 1343 είς
1273 1280 1556 1352 οὐρανοὺς,
1585 1284 1706 1337 ὅθεν
1740 1289 1973 1343 καταϐέ-

2077 1206 2186 1261 que
2214 1192 2468 1248 undecim
2497 1194 2615 1251 suis
2662 1197 2948 1266 apostolis,
3006 1198 3213 1268 quibus
3252 1199 3321 1255 ad
3368 1200 3655 1269 baptizan—

2076 1281 2207 1335 dum
2268 1283 2480 1350 missis,
2540 1286 2659 1354 ipse
2715 1287 2772 1342 in
2830 1288 3040 1344 caelum
3096 1289 3243 1345 unde
3292 1290 3657 1346 descenderat

378 1361 582 1427 ῢηκεν,
632 1364 948 1438 ἀνελήφθη,
996 1367 1278 1439 ἐπικυρῶν
1324 1372 1384 1425 τὸ
1423 1375 1687 1446 κήρυγμα
1747 1376 1961 1449 πλήθεσι

2076 1383 2395 1445 assumptus
2445 1385 2557 1441 est,
2614 1392 2780 1448 quam
2839 1379 3026 1434 multis
3083 1380 3261 1451 signis
3316 1382 3657 1438 conﬁrmans

377 1452 496 1505 τῶν
526 1456 798 1525 σημείων.

466 1544 531 1601 '0
581 1546 870 1612 ἀνατείλας
912 1549 1085 1621 ἥλιος,
1117 1553 1182 1606 ὲκ
1222 1553 1431 1608 παστοῦ
1462 1557 1537 1619 ὡς
1580 1559 1832 1628 νυμφίος,
1864 1562 1971 1615 ἀπὸ

2078 1463 2553 1533 praedicationem.

2142 1554 2190 1609 0
2216 1556 2416 1613 Oriens
2446 1559 2529 1614 sol
2561 1560 2725 1616 hodie
2748 1576 2780 1616 e
2812 1563 3087 1631 sepulcro,
3115 1562 3297 1633 qualis
3340 1578 3373 1618 e
3417 1562 3657 1619 thalamo

372 1635 479 1688 τοῦ
526 1636 704 1707 τάφου
759 1640 1030 1713 σήμερον,
1057 1643 1152 1697 καὶ
1195 1644 1287 1697 τὸν
1334 1644 1471 1718 ᾅδην
1517 1649 1839 1716 σκυλεύσας,
1876 1654 1961 1705 καὶ

2075 1663 2336 1717 sponsus,
2392 1650 2670 1705 infernum
2735 1653 3004 1723 spolians,
3083 1663 3429 1724 mortemque
3490 1654 3646 1708 fran-

375 1726 617 1781 θάνατον
664 1732 1041 1802 καταργήσας,
1078 1734 1138 1788 σὲ
1166 1737 1431 1810 τεκούσης
1482 1741 1820 1812 πρεσϐείαις,
1852 1744 1961 1813 φῶς

2076 1716 2232 1811 gens,
2255 1740 2553 1800 Genitricis
2573 1752 2677 1799 tuae
2698 1745 2951 1816 precibus
2975 1747 3272 1820 (annuens)
3294 1748 3452 1805 nobis
3476 1749 3652 1807 lucem

374 1821 514 1887 ἡμῖν
565 1820 979 1890 ἑξαπόστειλον,
1006 1826 1123 1895 φῶς
1173 1828 1407 1898 φωτίζον
1450 1833 1698 1903 καρδίας,
1728 1834 1822 1889 καὶ
1871 1836 1969 1901 τὰς

372 1912 592 1984 ψυχάς,
625 1914 743 1986 φῶς
770 1915 1009 1987 βαδίζειν
1056 1920 1303 1986 ἅπαντας
1348 1924 1645 1996 ἐμϐιϐάζον
1675 1930 1735 1984 ἐν
1762 1930 1969 2000 τρίόοις

379 2004 833 2077 προσταγμάτων
866 2024 982 2072 σου,
1013 2011 1106 2064 καὶ
1136 2012 1276 2076 ὁδοῖς
1305 2011 1407 2083 τῆς
1441 2016 1685 2088 εἰρήνης.

846 2095 1131 2153 Ἕωθτνὸν
1160 2097 1230 2171 τ’,
1261 2096 1413 2173 ἦχος
1441 2102 1512 2173 γ’.

447 2183 564 2255 Τῆς
591 2187 957 2260 Μαγδαληνῆς
1004 2192 1243 2263 Βὶαρὲας,
1276 2193 1375 2265 τὴν
1399 2193 1493 2248 τοῦ
1521 2197 1774 2271 Σωτῆρος
1803 2202 1967 2273 εὐαγ-

371 2274 742 2345 γελιζομένης
791 2278 856 2330 ἐκ
908 2279 1119 2350 νεκρῶν
1170 2282 1471 2337 ἀνάστασιν
1515 2287 1613 2341 καὶ
1641 2288 1965 2360 ἐμφάνειαν,

366 2365 787 2433 διαπιστοῦντες
832 2369 878 2423 οἱ
933 2370 1195 2443 μαθηταὶ,
1225 2373 1501 2441 ὠνείδιζον
1559 2380 1621 2433 τὸ
1670 2382 1771 2452 τῆς
1827 2401 1964 2456 καρ-

2076 1832 2227 1888 mitte
2257 1848 2379 1902 qua:
2412 1835 2577 1889 corda
2634 1845 2689 1890 et
2754 1846 2968 1893 mentes
3017 1839 3311 1905 illuminat,
3354 1855 3653 1912 omnesque.

2074 1923 2304 1994 impellit
2341 1925 2407 1979 ad
2447 1927 2840 1983 ambulandum
2895 1929 2952 1984 in
2998 1931 3381 1988 mandatorum
3429 1939 3651 1988 tuorum

2071 2015 2286 2072 semitis
2316 2025 2372 2071 et
2398 2015 2454 2070 in
2493 2016 2600 2072 viis
2625 2018 2799 2087 pacis.

2522 2105 2847 2161 Matutinum
2872 2107 2928 2171 5,
2959 2117 3115 2164 tonus
3135 2109 3191 2164 3.

2145 2193 2383 2257 Mariam
2405 2195 2779 2267 Magdalenam
2833 2196 3137 2256 Salvatoris
3183 2201 3646 2257 resurrectionem

2071 2289 2588 2358 apparitionemque
2631 2289 2981 2345 nuntiantem
3035 2289 3346 2348 dillldentes
3391 2292 3646 2364 discipuli

2069 2378 2138 2434 de
2170 2381 2356 2436 cordis
2385 2380 2587 2435 duritia
2623 2380 2919 2451 vituperati
2970 2388 3121 2435 sunt.
3171 2379 3279 2438 Sed
3329 2382 3503 2454 signis
3543 2384 3646 2439 mi-

292 2456 299 2461 ’
365 2456 495 2521 δίας
551 2457 808 2530 σκληρόν.
842 2460 1004 2515 Ἀλλά
1056 2465 1170 2528 τοῖς
1221 2465 1471 2537 σημείοις
1518 2470 1961 2540 καθοπλισθέντες

2069 2469 2386 2540 raeulisque
2414 2469 2612 2524 armati
2653 2470 2707 2523 in
2746 2470 3191 2542 praedicationem
3221 2481 3354 2527 sunt
3392 2473 3643 2543 profecti.

369 2550 472 2603 καὶ
495 2549 741 2621 θαύμασι
769 2552 906 2623 πρὸς
934 2553 996 2607 τὸ
1029 2556 1295 2626 κήρυγμα
1321 2558 1738 2625 ἀπεστέλλοντο,
1769 2566 1865 2618 καὶ
1899 2567 1961 2621 σὺ

2068 2562 2138 2617 Ει
2177 2569 2261 2627 ιιι,
2297 2561 2553 2627 Domine,
2584 2561 2639 2617 in
2678 2562 2858 2618 lucem
2894 2562 3039 2619 lucis
3061 2562 3395 2635 principium
3431 2580 3643 2621 assum-

369 2643 499 2709 μὲν,
529 2643 726 2715 Κύριε,
758 2645 897 2716 πρὸς
924 2646 1015 2702 τὸν
1039 2648 1350 2719 ἀρχίφωτον
1382 2652 1691 2727 ἀνελήφθης
1721 2657 1961 2730 Πατέρα·

2069 2661 2197 2723 plus
2255 2667 2337 2709 es.
2404 2653 2623 2707 Patrem
2679 2668 2812 2709 vero
2858 2654 2934 2709 illi
2992 2654 3370 2725 prmdicabant
3419 2657 3644 2727 ubique.

362 2735 421 2788 οι
470 2735 532 2788 δὲ
573 2736 872 2809 ἐκήρυττον
919 2739 1201 2809 πανταχοῦ
1232 2741 1324 2795 τὸν
1350 2742 1536 2813 λόγον,
1573 2748 1687 2811 τοῖς
1718 2747 1961 2818 θαύμασι

2066 2745 2232 2802 verba
2265 2745 2547 2802 miraculis
2571 2745 2985 2802 conﬁrmantes.
3036 2747 3227 2818 Itaque
3274 2763 3377 2803 nos
3414 2762 3512 2818 per
3550 2763 3645 2804 eos

364 2826 749 2898 πιστούμενοι·
778 2827 859 2881 διδ
879 2828 926 2881 οἱ
959 2830 1324 2900 φωτισθέντες
1347 2833 1415 2887 δι’
1440 2835 1641 2903 αὐτῶν,
1670 2837 1961 2911 δοξάζομεν

2065 2834 2360 2892 illuminati
2387 2843 2540 2890 tuam
2583 2851 2649 2892 ex
2691 2839 2926 2893 mortuis
2962 2837 3429 2895 resurrectionem
3481 2838 3647 2910 glori-

363 2935 470 2971 σου
500 2918 601 2989 τὴν
629 2921 693 2973 ἐκ
727 2919 939 2990 νεκρῶν
966 2920 1285 2989 ἀνάστασιν,
1316 2925 1666 2998 φιλάνθρωπε
1699 2929 1893 3002 Κύριε.

832 3012 1405 3084 Ἐξαποστειλάριον
1440 3016 1491 3071 δ’
1498 3059 1513 3073 .

439 3101 579 3166 ταῖς
610 3103 835 3175 ἀρεταῖς
862 3104 1269 3175 ἀστράψαντες,
1301 3106 1501 3179 ἴδωμεν
1553 3110 1876 3174 ὲπιστάντας
1904 3112 1962 3165 ὲν

360 3194 642 3265 ζωηφὸρῳ
678 3195 924 3266 μνήματι
976 3195 1177 3269 ἄνδρας
1204 3198 1264 3251 ὲν
1291 3198 1739 3269 ἀστραπτούσαις
1794 3203 1961 3275 suos.

363 3303 489 3339 σεσι
525 3287 877 3358 μυροφόροις,
899 3286 1213 3355 κλινούσαις
1243 3292 1323 3354 εἰς
1348 3292 1451 3363 γῆν
1478 3291 1601 3362 ὄψιν
1623 3309 1637 3323 ·
1671 3293 1767 3347 τοῦ
1799 3294 1963 3366 ούρα-

362 3374 459 3427 νοῦ
478 3374 835 3439 δεσπόζοντος
884 3375 1105 3448 ἔγερσιν
1154 3378 1513 3451 διδαχθῶμεν,
1541 3382 1633 3436 καὶ
1656 3383 1794 3457 πρὸς
1817 3383 1963 3457 ζωὴν

359 3466 444 3535 τῷ
498 3469 751 3538 μνημείῳ
793 3470 1094 3542 δράμωμεν
1126 3472 1224 3526 σὺν
1255 3471 1333 3545 τῷ
1365 3472 1577 3545 Πέτρῳ.
1607 3474 1705 3528 καὶ
1737 3473 1793 3530 τὸ
1822 3494 1963 3548 πρα-

361 3557 500 3626 χθὲν
526 3557 933 3631 θαυμάσαντες,
966 3562 1244 3635 μείνωμεν
1275 3562 1513 3633 Χριστὸν
1541 3562 1758 3637 βλέψαι.

434 3734 532 3801 Τὸ,
552 3732 810 3807 Χαίρετε,
827 3736 1220 3808 φθεγξάμενος,
1242 3738 1518 3811 διημείψω
1537 3741 1635 3813 τὴν
1660 3741 1837 3812 λύπην
1851 3743 1962 3796 τῶν

361 3828 756 3900 προπατόρων,
774 3829 1074 3904 Κύριε,τὴν
1100 3831 1275 3904 χαράν
1297 3830 1637 3902 ἀντεισάγων
1686 3834 1960 3906 ὲγέρσεώς

363 3939 465 3974 σου
496 3920 556 3974 ἑν
587 3922 798 3996 κόσμῳ.
821 3920 1039 3996 Ταύτης
1070 3919 1191 3991 οὖν,
1225 3923 1486 3991 ζωοδότα,
1522 3926 1611 3980 διὰ
1632 3926 1728 3998 τῆς
1755 3928 1952 3998 κυησά-

359 4031 469 4085 σης
516 4031 599 4077 σε,
626 4015 744 4084 φῶς
778 4015 1015 4086 φωτίζον
1044 4016 1295 4088 καρδίας,
1330 4017 1449 4089 φῶς
1495 4017 1797 4089 οἰκτιρμῶν
1850 4019 1958 4072 τῶν

362 4105 481 4159 σῶν
520 4105 928 4173 ὲξαπόστειλον,
961 4106 1055 4161 τοῦ
1102 4108 1233 4180 βοᾷν
1276 4107 1758 4182 σοι’Φιλάνθρωπε
1802 4109 1959 4164 θεάν-

361 4200 553 4273 θρωπε
573 4240 589 4266 ,
614 4200 745 4268 δόξα
770 4203 839 4272 τῇ
870 4203 937 4272 σῇ
968 4201 1208 4274 ὲγέρσει.

810 4376 1098 4432 Ἕωθινὸν
1133 4375 1208 4441 δ’,
1246 4372 1399 4448 ἦχος
1434 4376 1507 4434 δ’.

434 4466 675 4541 Ὄρθρος
705 4464 776 4543 ἦν
809 4468 981 4540 βαθὺς
1027 4466 1124 4524 καὶ
1172 4469 1229 4524 αί
1280 4472 1544 4539 γυναῖκες
1580 4467 1745 4542 ἦλθον
1774 4471 1869 4524 ἐπὶ.
1894 4473 1957 4526 τὸ

358 4565 556 4639 μνῆμά
582 4584 705 4633 σου,
722 4568 945 4640 Χριστὲ.
963 4568 1127 4622 Ἀλλά
1145 4569 1207 4622 τὸ
1227 4568 1387 4640 σῶμα
1406 4569 1505 4639 οὐχ
1527 4568 1750 4641 εὑρέθη,
1769 4569 1833 4622 τὸ
1856 4586 1955 4623 πο-

354 4663 624 4733 θούμενον
657 4663 872 4727 αὐταίς⁹
907 4662 990 4718 διδ
1037 4664 1446 4737 ἀπορουμέναις
1472 4705 1487 4730 ,
1520 4664 1571 4717 οἱ
1606 4665 1722 4726 ταῖς
1751 4663 1955 4735 ἀσδτρα⁹

352 4755 625 4820 πτούσαις
659 4756 912 4829 ἐσθήσεσι
942 4757 1296 4823 ἐπιστάντες,
1333 4757 1400 4811 Τί
1454 4756 1546 4811 τὸν
1588 4757 1769 4822 ζῶντα
1819 4753 1957 4826 μετά

350 4848 465 4902 τῶν
493 4849 706 4921 νεκρῶν
727 4848 972 4921 ζητεῖτες
1008 4849 1213 4918 ἔλεγονο
1247 4849 1477 4921 ἠγέρθη,
1509 4850 1586 4912 ὼς
1620 4850 1875 4920 προεῖπε’
1904 4847 1956 4899 τί

351 4942 730 5013 ἀμνημονεῖτε
759 4942 867 4995 τῶν
894 4943 1159 5015 ῥημάτων
1188 4940 1355 4996 αὑτοῦ
1376 4938 1503 5007 ςυῐς
1533 4940 1863 5005 πεισθεῖσαι,
1882 4938 1954 4991 τά

350 5033 626 5104 ὁραθέντα
678 5033 1003 5105 ἐκήρυττον·
1035 5035 1153 5089 ἀλλ’
1178 5034 1353 5088 ἐδόκει
1395 5032 1560 5105 λῆρος
1593 5033 1662 5087 τά
1717 5032 1952 5099 εὐαγγέ-

351 5124 465 5185 λια.
492 5123 670 5189 οὕτως
697 5122 838 5198 ἦσαν
865 5127 1151 5191 ἔτινωθείς
1174 5128 1223 5180 οἱ
1248 5126 1510 5197 μαθηταί·
1539 5124 1653 5180 ἀλλ’
1681 5125 1711 5178 ὁ
1742 5125 1951 5189 Πέτρος

355 5217 589 5288 ἔδραμε,
627 5221 724 5275 καὶ
754 5219 902 5288 ἰδὼν,
930 5218 1152 5285 ὲδὸξασὲ
1194 5236 1288 5273 σου
1322 5218 1459 5290 πρὸς
1502 5216 1693 5271 ἑαυτὸν
1723 5216 1792 5270 τά
1820 5215 1950 5271 θαυι

358 5327 470 5369 ΜΟ
477 5328 557 5367 ια.

1984 4385 2031 4442 D

2067 2924 2321 2991 licainus,
2356 2941 2391 2979 o
2424 2926 2712 2981 hominum
2747 2934 2989 2994 amator,
3010 2926 3268 2987 Domine.

2564 3016 3047 3086 Exaposteilan'um
3075 3020 3130 3075 4.

2140 3107 2453 3166 Virtutibus
2477 3126 2574 3166 nos
2602 3110 2894 3166 illuminati
2919 3111 3205 3168 videamus
3227 3123 3433 3169 stantes
3464 3114 3520 3168 in
3555 3131 3645 3170 sa-

2063 3202 2231 3257 lutari
2255 3211 2612 3259 monumento
2627 3203 2881 3260 homines
2907 3204 3252 3261 vestimentis
3284 3205 3642 3274 fulgentibus,

2062 3294 2447 3361 odorantibus,
2480 3295 2785 3366 oculosque
2812 3294 2879 3350 ad
2906 3302 3110 3351 terram
3132 3295 3456 3366 cogentibus
3481 3296 3641 3351 indu-

2063 3395 2174 3451 tos,
2205 3385 2449 3442 cmlestis
2475 3387 2691 3442 Domini
2720 3387 3184 3444 resurrectionem
3208 3386 3543 3453 ediscamus,
3587 3396 3644 3442 et

2061 3477 2187 3532 vita:
2215 3491 2406 3532 amore
2435 3476 2504 3531 ad
2529 3486 2948 3533 monumentum
2973 3492 3263 3535 curramus
3295 3492 3421 3532 cum
3451 3475 3637 3542 Petro.

2060 3567 2444 3638 mirantesque
2497 3568 2648 3637 quod
2699 3568 2903 3623 factum
2964 3576 3052 3625 est
3101 3583 3426 3626 maneamus
3480 3568 3642 3624 Chri-

2060 3663 2206 3711 Stum
2240 3656 2704 3725 contemplantes.

2131 3742 2239 3813 Qui
2304 3746 2579 3814 clamasti,
2640 3745 2912 3813 Gaudete,
2987 3756 3263 3804 commuta
3341 3749 3639 3821 primorum

2060 3844 2350 3908 parentum
2403 3836 2646 3904 luctum,
2709 3836 2958 3904 Domine,
3009 3838 3243 3908 gratiam
3297 3838 3640 3896 substituens

2060 3928 2484 3986 resurrectionis
2512 3937 2620 3984 tute
2647 3928 2701 3984 in
2729 3928 2955 3987 mundo.
2988 3936 3047 3984 tu
3077 3928 3171 4000 qui
3207 3944 3328 3985 eam
3357 3944 3484 3985 cum
3533 3931 3640 3985 vita

2060 4018 2261 4086 donas,
2287 4035 2384 4091 per
2415 4020 2566 4076 illam
2599 4036 2723 4093 qua:
2746 4032 2798 4076 te
2823 4021 3087 4091 portavit,
3124 4020 3217 4075 lux
3241 4021 3409 4077 corda
3438 4018 3643 4076 illumi-

2060 4126 2221 4173 nans.
2278 4114 2369 4166 lux
2429 4111 2769 4176 misericors,
2830 4110 2999 4166 incita
3056 4124 3126 4164 ex
3178 4112 3290 4168 tuis
3326 4112 3419 4183 qui
3467 4111 3535 4166 ad
3583 4117 3637 4165 te

2058 4203 2297 4258 clament
2335 4219 2350 4256 :
2379 4200 2425 4257 0
2460 4200 2746 4258 hominum
2779 4210 2994 4257 amator
3047 4200 3195 4261 Deus
3231 4202 3419 4270 homo,
3466 4203 3638 4272 gloria

2062 4294 2458 4351 resurrectioni
2490 4301 2616 4349 tum.

2494 4383 2822 4438 Matutinum
2853 4383 2910 4451 4,
2945 4395 3099 4439 tonus
3123 4383 3176 4438 4.

2122 4477 2264 4531 Ante
2294 4474 2597 4531 diluculum
2626 4473 2887 4529 mulieres
2930 4473 2996 4528 ad
3031 4482 3186 4528 tuum
3223 4481 3637 4531 monumentum

2060 4567 2214 4623 ibant
2244 4584 2260 4635 ;
2298 4566 2394 4623 sed
2425 4564 2575 4634 quod
2603 4564 2944 4635 exoptabant
2972 4580 3174 4637 corpus
3204 4579 3314 4620 non
3361 4564 3638 4626 viderunt.

2059 4674 2298 4729 cumque
2322 4657 2379 4713 in
2406 4656 2578 4714 dubio
2606 4656 2905 4722 insererent,
2932 4656 3272 4729 fulgentibus
3288 4655 3635 4713 vestimentis

2063 4759 2275 4807 stantes
2325 4750 2631 4807 dixerunt:
2683 4747 2800 4804 Cur
2853 4747 3131 4804 viventem
3181 4747 3327 4803 inter
3390 4754 3638 4800 mortuos

2070 4842 2377 4916 quaeritis?
2420 4841 2688 4906 surrexit,
2732 4839 2878 4896 sicut
2935 4837 3096 4893 dixit.
3160 4835 3275 4891 Cur
3346 4834 3636 4891 verborum

2060 4935 2184 5005 ejus
2222 4933 2410 4990 oblitae
2443 4934 2581 4989 estis
2607 4932 2633 4985 ἲ
2657 4931 2736 4987 Ex
2761 4930 2868 4986 hoc
2899 4929 3059 4984 tidem
3086 4927 3463 4997 concipientes
3494 4925 3639 4996 quod

2060 5024 2316 5081 viderant
2376 5023 2729 5080 nuntiabant.
2805 5018 2915 5075 Sed
2964 5033 3155 5075 earum
3225 5015 3404 5073 fausta
3474 5013 3637 5071 verba

2058 5114 2312 5188 discipuli
2359 5114 2575 5172 somnia
2631 5111 3051 5175 existimabant,
3100 5107 3240 5163 adeo
3295 5108 3461 5163 etiam
3504 5114 3638 5159 tunc

2059 5204 2201 5260 tardi
2232 5209 2392 5259 erant
2424 5199 2613 5256 corde.
2647 5197 2844 5255 Petrus
2886 5205 3071 5252 tamen
3096 5192 3369 5258 cucurrit,
3408 5195 3465 5247 et
3511 5202 3635 5244 cum

2061 5296 2312 5360 vidisset,
2366 5301 2466 5350 tua
2513 5298 2735 5363 prepter
2790 5289 2972 5361 ipsum
3030 5293 3258 5360 operata
3308 5278 3637 5355 gloriﬁcavit

2056 5388 2344 5446 miracula.

1878 5569 2014 5626 NOT
2025 5570 2109 5628 ΑΕ.

436 5672 516 5750 (1)
551 5674 802 5748 Scilicet,
835 5684 895 5733 ut
927 5673 1241 5748 sepulcrum
1265 5679 1517 5744 apertum
1539 5668 1875 5725 invenirent.
