3970 6212
485 252 593 315 303

982 355 1473 424 Exaposleitarimn-
1499 355 1551 409 5.

559 447 677 503 Vita
730 456 784 503 et
829 448 916 504 via
952 448 1230 510 Christus,
1263 462 1389 501 eum
1420 446 1770 505 surrexisset.
1798 444 2049 516 Cleophae

492 539 766 608 Lucaeque
790 540 892 593 iter
911 536 1159 593 l‘acieudo
1179 552 1361 592 eomes
1385 534 1507 600 fuit,
1540 536 1806 591 etabillis
1842 537 2060 606 agnitus

496 640 575 685 est
607 632 662 685 in
697 630 921 683 Emmao
977 644 1172 699 panem
1224 626 1503 698 frangens.
1549 628 1771 682 lllormn
1807 628 1972 683 corda
2006 640 2059 684 et

485 729 694 776 mentes
745 720 1030 785 ardebant,
1077 719 1205 772 dum
1249 720 1329 772 eis
1377 721 1710 788 loqueretur,
1751 718 2056 789 Scripturis

488 811 633 882 quod
667 812 869 867 factum
931 812 1108 866 fuerat
1152 812 1461 880 explicans.
1493 810 1631 865 Cum
1667 812 1748 867 eis
1795 812 2057 866 clamabi-

484 919 606 958 mus
644 920 657 957 :
700 902 968 965 Surrexit,
1000 910 1055 955 et
1091 916 1119 954 a
1152 900 1313 956 Petro
1353 904 1508 957 risus
1542 910 1649 957 est.

554 994 822 1049 lmmensa
854 1002 942 1046 tua
977 992 1141 1046 laudo
1176 1007 1423 1056 munera,
1460 1007 1493 1045 ο
1530 993 1846 1048 misericors
1877 992 2049 1049 Crea-

486 1095 573 1138 tor
631 1099 810 1148 meus,
838 1083 984 1154 quod
1017 1092 1069 1137 te
1100 1087 1276 1153 ipsum
1303 1085 1682 1150 exiuanivisti,
1711 1095 1770 1138 ut
1805 1094 2056 1155 portares

490 1174 847 1242 salvaresque
876 1173 1141 1242 perditam
1181 1174 1461 1227 hominum
1497 1185 1772 1235 naturam,
1802 1181 1878 1239 et,
1932 1174 2057 1227 licet

486 1264 657 1327 Deus,
688 1278 755 1318 ex
811 1271 1005 1317 sancta
1061 1261 1151 1315 Dei
1206 1262 1481 1317 Genitrice
1517 1264 1666 1319 nasci
1714 1273 1938 1334 propter
1975 1278 2060 1316 me

483 1354 729 1417 voluisti,
782 1363 836 1409 et
894 1353 1227 1408 descendere
1278 1370 1456 1422 usque
1523 1354 1591 1407 ad
1645 1354 1920 1408 infernum
1988 1352 2056 1406 ad

484 1444 803 1499 salvandum
857 1459 970 1507 me,
1023 1442 1273 1512 Virginis
1303 1460 1421 1514 qua:
1460 1454 1511 1500 te
1557 1446 1745 1515 genuit
1779 1445 2060 1515 precibus,

484 1552 520 1591 ο
543 1552 761 1592 summe
791 1537 1110 1593 misericors
1145 1536 1391 1591 Domine.

790 1646 1118 1702 Matutiimm
1152 1650 1204 1713 5,
1238 1659 1393 1704 tonus
1436 1650 1674 1721 obliquus
1703 1650 1753 1704 1.

558 1740 605 1795 Ο
629 1756 789 1810 quam
817 1741 1084 1810 sapientia
1110 1750 1201 1795 tua
1221 1741 1446 1811 judicia,
1474 1740 1699 1797 Domine
1724 1742 1738 1795 ι
1778 1740 2062 1807 Quomodo

489 1831 708 1899 quidem
751 1829 915 1885 Petro
966 1831 1100 1885 solis
1134 1831 1372 1887 linteolis
1404 1832 1608 1887 dedisti
1641 1839 1793 1885 tuam
1836 1845 2064 1885 noscere

486 1919 1015 1973 resurrectionem?‘
1056 1918 1217 1973 Lucae
1278 1929 1458 1975 autem
1513 1926 1568 1975 et
1623 1917 1887 1989 Cleophze
1954 1918 2063 1972 iter

489 2006 698 2062 iaciens
765 2008 1026 2077 loqueris,
1059 2019 1111 2062 et
1147 2009 1376 2078 loquens
1424 2022 1531 2063 non
1580 2008 1764 2062 statim
1797 2014 1853 2061 te
1886 2006 2062 2061 maui-

490 2097 685 2159 festas,
721 2098 866 2153 unde
898 2107 951 2153 et
983 2098 1439 2167 vituperationem
1498 2098 1743 2154 incurris
1792 2106 1853 2153 ut
1908 2098 2063 2155 solus

487 2200 780 2244 extraneos
810 2190 863 2245 in
884 2188 1206 2254 Jerusalem,
1230 2191 1609 2261 ignoranSque
1625 2189 2049 2260 magistratuum

490 2281 638 2335 illius
672 2281 1018 2335 sententiam.
1052 2280 1161 2335 Sed
1194 2291 1247 2335 ιιι
1292 2281 1475 2336 omnia
1510 2280 1576 2335 ad
1606 2281 1902 2336 utilitatem
1932 2296 2063 2348 ope-

488 2370 568 2426 ris
627 2371 1069 2435 accommodans,
1143 2372 1457 2442 prophetiae
1526 2374 1594 2428 ad
1646 2382 1701 2429 te
1754 2380 2067 2444 spectantes

490 2460 798 2529 explicasti,
823 2470 874 2515 et
902 2461 954 2514 in
988 2461 1371 2515 benedictione
1406 2463 1567 2532 panis
1620 2463 1842 2532 agnitus
1885 2478 1945 2517 es
1995 2465 2061 2515 ali

490 2550 601 2603 illis
625 2565 855 2619 quorum
886 2550 995 2617 jam
1030 2558 1187 2605 antea
1215 2552 1382 2607 corda
1417 2552 1485 2606 ad
1526 2555 1603 2607 tui
1639 2553 2066 2623 recognitionem

492 2648 653 2695 erant
701 2643 1053 2696 inﬂammata.
1089 2642 1151 2696 lli
1182 2653 1361 2698 autem
1404 2646 1692 2716 discipulis
1724 2648 2069 2717 congregatis

490 2728 604 2796 jam
670 2727 841 2785 eli‘use
913 2731 1307 2787 nuntiaverunt
1364 2742 1514 2789 tuam
1585 2738 2070 2801 resurrectionem,

496 2819 659 2889 cuius
702 2836 868 2876 causa
898 2822 1160 2878 miserere
1190 2826 1385 2879 nostri.

989 2930 1480 3004 Exapoaleilarium
1503 2938 1555 2992 ες.

1734 247 2006 311 LEONIS
2025 248 2449 310 PHILOSOPH
2456 249 2477 307 Ι

3604 233 3608 236 ⁴
3626 234 3737 299 304

2623 349 3188 417 Ἐξαποστειλᾶριον
3224 354 3281 403 a'.

2264 451 2328 505 Ἢ
2360 450 2472 518 ζωὴ
2500 448 2594 501 καὶ
2623 446 2740 509 ὁδὸς
2768 442 2999 515 Χριστὸς
3039 444 3104 494 ὲκ
3138 441 3350 511 νεκρῶν
3404 438 3481 510 τῷ
3512 440 3742 512 Κλεόπᾳ

2162 547 2257 600 καὶ
2297 543 2376 612 τῷ
2401 540 2582 609 Δουκᾷ
2626 536 2979 598 συνώδευσεν,
3017 528 3212 603 οἷσπερ
3267 532 3363 584 καὶ
3391 531 3741 601 ἐπεγνώσθη,

2160 639 2240 699 εἰς
2281 630 2561 703 Ἐμμαούς
2588 629 2731 682 κλῶν
2756 627 2846 680 τὸν
2866 627 3048 697 ἄρτον,
3097 618 3173 676 ὧν
3199 624 3367 692 ψυχαὶ
3398 624 3495 675 καὶ
3522 623 3744 693 καρδίαι

2168 726 2454 795 καιόμεναι
2485 721 2795 790 ἐτύγχανον,
2850 719 2939 772 ὅτε
2974 716 3185 779 τούτοις
3236 713 3415 767 ἐλάλει
3441 716 3497 765 ἐν
3522 717 3591 784 τῇ
3614 715 3744 782 ὀδῷ,

2160 819 2252 871 καὶ
2272 816 2512 887 Γραφαῖς
2530 811 2874 883 ἡρμήνευσεν
2897 809 2931 861 ἃ
2949 804 3180 874 ὑπέστη,
3206 803 3321 874 μεθ’
3346 796 3441 868 ὧν,
3474 802 3743 872 Ἠγέρθη,

2160 908 2471 977 κράξωμεν,
2498 901 2655 971 ῶφθη
2685 917 2743 952 τε
2771 898 2865 951 καὶ
2894 896 2971 966 τῷ
2996 896 3207 965 Πέτρῳ.

2242 997 2432 1068 Ὑμνῶ
2475 1012 2568 1047 σου
2600 992 2661 1045 τὸ
2690 990 2996 1060 ἀμέτρητον
3034 986 3203 1049 ἔλεος,
3260 982 3459 1068 ποιητά
3500 999 3623 1051 μου,
3658 982 3744 1034 ὃτι

2162 1090 2357 1144 σαυτὸν
2407 1085 2713 1146 ὲκένωσας,
2778 1080 2871 1133 τοῦ
2924 1078 3151 1148 φορέσαι
3217 1076 3310 1128 καὶ
3364 1056 3533 1127 σῶσαι
3578 1072 3744 1140 φύσιν

2164 1181 2371 1253 βροτῶν
2414 1176 2782 1236 κακωθεῖσαν,
2832 1173 2925 1225 κα)⁸
2971 1170 3105 1233 Θεὸς
3135 1169 3208 1222 ὢν
3238 1170 3466 1238 ἠνέσχου
3497 1208 3513 1233 ,
3544 1168 3609 1220 ὲκ
3640 1168 3744 1235 τῆς

2160 1274 2331 1341 ἀγνῆς
2356 1268 2662 1331 Θεόπαιδος,
2721 1266 2842 1319 κατ’
2876 1263 2979 1334 ἐμὲ
3011 1260 3106 1315 τοῦ
3156 1260 3407 1327 γενέσθαι
3432 1302 3446 1324 ,
3479 1260 3573 1312 καὶ
3606 1274 3743 1309 κατ-

2164 1364 2337 1417 ελθεῖν
2363 1362 2554 1432 μέχρις
2580 1358 2729 1429 ᾅδου.
2759 1357 2925 1409 θέλων
2952 1372 3019 1424 με
3043 1354 3137 1406 τοῦ
3156 1354 3393 1421 σωθῆναι
3424 1349 3745 1422 πρεσϐείαις

2164 1456 2263 1525 τῆς
2284 1452 2550 1522 τεκούσης
2586 1466 2668 1515 σε,
2701 1448 2948 1501 Δέσποτα
2978 1443 3388 1513 πανοικτίρμον.

2490 1645 2766 1700 Ἑωθινὸν
2802 1648 2866 1706 ε’,
2905 1636 3057 1710 ἦχος
3092 1637 3348 1705 πλάγιος
3384 1633 3456 1688 α’.

2241 1742 2306 1793 Ὢ
2328 1739 2437 1794 τῶν
2471 1735 2649 1805 σοφῶν
2682 1752 2775 1787 σου
2810 1730 3115 1803 κριμάτων,
3150 1725 3374 1797 Χριστέ.
3403 1724 3529 1786 Πῶς
3550 1722 3748 1793 Πέτρῳ

2165 1833 2264 1903 μὲν
2294 1830 2407 1893 τοῖς
2437 1826 2664 1890 ὀθονίοις
2716 1826 2894 1896 μόνοις
2955 1821 3162 1882 ἔδωκας
3212 1814 3458 1886 ἐννοῆσαί
3509 1831 3603 1869 σου
3640 1814 3753 1883 τὴν

2163 1923 2478 1986 ἀνάστασιν,
2524 1921 2704 1990 Λουκᾷ
2752 1918 2806 1971 δὲ
2851 1916 2945 1970 καὶ
3002 1912 3221 1983 Κλεόπᾳ
3267 1907 3751 1980 συμπορευόμενος

2161 2017 2409 2086 ὡμίλεις,
2439 2014 2534 2068 καὶ
2576 2011 2781 2082 ὁμιλῶν
2811 2010 2912 2063 οὐκ
2984 2005 3186 2086 εὐθέως
3230 2000 3419 2056 ἑαυτὸν
3454 2000 3747 2069 φανεροῖςς

2163 2109 2247 2164 διδ
2297 2108 2391 2161 καὶ
2449 2102 2806 2173 ὀνειδίζῃ,ῶς
2859 2098 3018 2170 μόνος
3064 2093 3347 2167 παροικῶν
3378 2094 3435 2145 ὲν
3471 2089 3751 2160 Ἰερουσαο

2168 2198 2302 2269 λὴμ,
2328 2196 2422 2251 καὶ
2451 2196 2525 2266 μὴ
2558 2193 2801 2264 μετέχων
2824 2190 2932 2243 τῶν
2963 2190 3019 2241 ὲν
3053 2187 3197 2240 τέλει
3230 2181 3612 2255 βουλευμάτων
3642 2178 3751 2231 αὒ-

2167 2288 2289 2358 τῆς.
2308 2285 2449 2339 Ἀλλ’
2474 2287 2501 2339 ὁ
2524 2284 2701 2338 πάντα
2734 2280 2870 2352 πρὸς
2900 2279 2960 2334 τὸ
2986 2278 3081 2333 τοῦ
3115 2276 3429 2344 πλάσματος
3465 2271 3755 2341 συμφέρον

2166 2376 2485 2447 οἰκονομῶν,
2509 2374 2604 2428 καὶ
2630 2372 2727 2437 τὰς
2763 2372 2893 2444 περὶ
2923 2371 3017 2424 σοῦ
3049 2365 3385 2440 προφητείας
3417 2361 3753 2447 ἀνέπτυξα-ς,

2168 2467 2265 2523 καὶ
2293 2442 2362 2520 ἐν’
2384 2466 2460 2536 τῷ
2498 2464 2740 2533 εὐλογεῖν
2786 2442 2876 2515 τδν
2925 2459 3088 2530 ἄρτον
3123 2454 3400 2524 ἐγνώσοης
3433 2452 3634 2514 αὑτοῖς,
3667 2442 3757 2502 ὧν

2169 2561 2265 2615 καὶ
2317 2558 2421 2630 πρὸ
2470 2556 2662 2609 τούτου
2717 2556 2773 2608 αἱ
2807 2552 3023 2623 καρδίαι
3066 2548 3202 2617 πρὸς
3255 2545 3455 2615 γνῶσίν
3509 2559 3601 2595 σου
3643 2541 3755 2593 ἀν-

2175 2651 2485 2720 εφλέγοντο,
2542 2647 2591 2699 οἳ
2637 2645 2732 2699 καὶ
2776 2645 2889 2707 τοῖς
2940 2640 3209 2711 μαθηταῖς
3263 2630 3752 2720 συνηθροισμένοις

2170 2719 2269 2812 ῆδη
2315 2738 2525 2810 τρανῶς
2574 2734 2867 2806 ὲκήρυττόν
2922 2750 3014 2785 σου
3064 2730 3162 2801 τὴν
3213 2727 3549 2783 ἀνάστασιν·
3589 2722 3653 2776 δι’
3680 2719 3760 2793 ἧς

2174 2830 2398 2901 ἐλέησον
2429 2828 2598 2898 ἡμᾶς.

2619 2936 3189 3004 Ἐξαπυστειλὰριον
3229 2930 3299 2997 ς’.

568 3020 614 3075 0
646 3018 916 3088 Salvator,
939 3023 1033 3095 qui
1067 3030 1119 3079 te
1167 3025 1443 3081 hominem
1480 3035 1681 3083 natura
1736 3043 1863 3086 esse
1906 3046 2065 3085 mon-

2240 3032 2507 3088 Δεικνύων
2524 3032 2605 3085 ὃτι
2643 3030 2951 3101 ἄνθρωπος,
2983 3027 3190 3098 Σῶτερ,
3220 3020 3272 3077 εἷ
3299 3022 3419 3077 κατ’
3449 3019 3659 3081 οὐσίαν,
3692 3019 3764 3072 ἐν

497 3112 765 3177 Stravisti,
789 3119 844 3166 et
867 3120 1021 3168 stans
1051 3114 1195 3170 inter
1225 3116 1529 3187 discipulos
1557 3126 1680 3187 post
1700 3119 2066 3174 resurrectio-

496 3215 620 3255 nem
638 3200 890 3267 docuisti,
923 3216 1050 3256 cum
1092 3204 1171 3259 eis
1206 3222 1453 3268 vesceus,
1494 3222 1526 3261 ο
1582 3208 1851 3277 baptisma
1892 3209 2067 3278 pumi-

494 3291 703 3358 tentiar,
728 3292 821 3362 qui
852 3293 917 3347 ad
947 3294 1223 3349 caelestem
1251 3296 1465 3352 Patrem
1502 3307 1820 3368 assumptus
1874 3299 1944 3353 ab
1976 3299 2069 3352 iilo

497 3383 826 3439 mittendum
874 3385 1212 3442 Paraclctum
1262 3390 1550 3444 nuntiasti.
1599 3391 1881 3446 Excellens
1927 3390 2073 3447 Deus

498 3474 687 3542 homo,
710 3477 882 3546 gloria
917 3488 1023 3533 tute
1058 3482 1447 3535 resurrectioui
1479 3483 1492 3534 ε

570 3565 756 3622 Mundi
799 3576 1012 3622 creator
1049 3580 1104 3624 et
1131 3572 1373 3625 omnium
1406 3588 1587 3627 rerum
1628 3573 1916 3639 Dominus,
1945 3588 2069 3629 car-

499 3670 626 3711 nem
656 3658 924 3715 viventem
981 3661 1213 3717 induens
1245 3678 1313 3717 ex
1360 3678 1496 3733 puro
1544 3672 1638 3720 tuo
1696 3665 1984 3735 sanguine,
2038 3678 2072 3720 ο

501 3750 850 3805 sanctissima
883 3750 1070 3822 Virgo,
1101 3763 1414 3824 corruptam
1446 3766 1698 3810 naturam
1729 3772 1903 3811 meam
1944 3754 2072 3810 fun-

502 3840 661 3895 ditus
682 3843 988 3906 renovavit,
1041 3858 1257 3907 rursus,
1291 3854 1350 3898 ut
1384 3855 1508 3899 ante
1552 3848 1916 3908 nativitatem,
1951 3854 2074 3916 post

500 3929 843 3985 nativitatem
867 3935 1169 4001 deponens.
1216 3932 1371 3988 Unde
1408 3934 1635 3989 fidenter
1660 3951 1852 3990 omnes
1890 3946 1940 3989 te
1980 3937 2073 3990 be-

501 4017 807 4077 nedicimus
836 4022 1176 4077 clamantes:
1209 4022 1412 4087 Gaude,
1465 4024 1800 4081 Dominatrix
1841 4027 2069 4082 mundi!

809 4131 1139 4185 Matutinum
1179 4134 1232 4198 6,
1272 4140 1423 4187 tonus
1445 4135 1685 4204 obliquus
1709 4137 1764 4192 2.

573 4218 657 4277 Tu
689 4235 820 4276 vere
847 4237 931 4285 es,
961 4221 1201 4284 Christe,
1251 4238 1353 4293 pax
1384 4222 1476 4277 Dei
1508 4240 1637 4293 erga
1673 4226 1953 4290 homines,
1977 4242 2073 4295 pa-
2114 4258 2117 4259 ν

503 4326 626 4368 cem
655 4319 808 4367 tuam
842 4320 965 4382 post
1012 4314 1474 4369 resurrectionem
1514 4313 1803 4385 discipulis
1847 4318 2068 4384 dedisti,

504 4403 739 4474 illosque
780 4404 1069 4461 ostendisti
1124 4406 1368 4470 territos,
1415 4414 1669 4475 putantes
1708 4423 1767 4463 se
1817 4410 2069 4476 spiritum

501 4495 713 4550 videre.
747 4493 853 4551 Sed
878 4511 943 4550 ex
971 4496 1190 4550 illorum
1222 4497 1496 4553 mentibus
1525 4507 1783 4555 terrorem
1820 4499 2076 4569 depulisi

504 4587 673 4657 pedes
690 4598 743 4643 et
765 4603 959 4642 manus
982 4588 1309 4652 ostendens;
1331 4597 1701 4658 praetereaque
1732 4590 1972 4645 nondum
2012 4591 2076 4645 li-

504 4678 786 4741 dentibus,
808 4694 949 4734 esca:
982 4678 1407 4748 participatione
1424 4679 1799 4750 doctrinaeque
1824 4683 2079 4736 recorda-

505 4767 653 4823 tione
684 4776 893 4823 mentes
915 4768 981 4823 ad
1013 4769 1422 4838 intelligendum
1450 4769 1764 4838 Scripturas
1792 4772 2074 4839 aperuisti.

506 4856 797 4926 Postquam
825 4867 1002 4912 autem
1037 4858 1298 4927 Spiritum
1333 4873 1361 4911 a
1394 4858 1554 4913 Patre
1589 4861 1912 4914 mittendum
1950 4878 2079 4931 pro-

506 4945 778 5011 misisses,
825 4948 932 5003 illis
988 4948 1316 5003 benedixisti
1361 4956 1414 5002 et
1459 4950 1523 5003 ad
1567 4952 1765 5007 caelum
1820 4953 2077 5021 abreptus

505 5049 588 5090 es.
621 5034 748 5097 Ideo
780 5052 905 5093 cum
938 5039 1046 5094 illis
1086 5039 1380 5094 adoramus
1420 5048 1505 5105 te;
1541 5042 1719 5113 gloria
1754 5044 1872 5103 tibi,
1920 5044 2078 5099 Chri-

507 5126 625 5182 stet

1024 5243 1504 5312 Exaposleilarium
1537 5247 1585 5299 7.

577 5331 715 5396 Quia
743 5330 1032 5388 Dominum
1056 5337 1375 5407 diligebant,
1402 5355 1466 5391 ex
1493 5340 1651 5394 dictis
1678 5339 1859 5395 Maria:
1889 5345 1953 5396 ad
1985 5358 2073 5397 sco

508 5421 761 5491 pulcrum
788 5437 1151 5480 cucurrerunt
1189 5427 1378 5483 Simon
1416 5429 1611 5487 Petrus
1640 5439 1695 5485 et
1735 5432 1878 5488 alius
1909 5449 2070 5503 quem

508 5508 729 5564 amabat
753 5509 1010 5566 Christus
1038 5513 1367 5584 discipulus.
1410 5518 1693 5575 Venerunt
1723 5523 2050 5578 invenerunt

513 5610 621 5673 quae
695 5600 1038 5658 solummodo
1104 5602 1321 5661 linteola
1383 5606 1532 5665 intus
1605 5625 1821 5681 sparsa:
1879 5613 2074 5685 capitis

2149 3125 2323 3206 ,μέσῳ
2370 3122 2499 3187 στάς
2543 3121 2843 3182 ἐδίδασκες,
2882 3114 3119 3177 ἀναστὰς
3164 3116 3228 3167 ὲκ
3273 3111 3367 3166 τού
3411 3108 3760 3206 carpam-iui

2173 3214 2425 3286 βρώσεως
2483 3209 2882 3281 συμμετέσχες,
2915 3207 3197 3278 βάπτισμα
3235 3201 3521 3271 μετανοίας
3544 3216 3557 3229 ·
3587 3197 3759 3260 εὐθὺς

2170 3306 2225 3359 δὲ
2258 3304 2393 3374 πρὸς
2421 3300 2670 3371 οὐράνιον
2696 3297 3004 3368 ἀνελήφθης
3062 3293 3299 3366 Πατέρα,
3351 3292 3447 3345 καὶ
3479 3289 3761 3360 μαθηταῖς

2173 3397 2412 3465 πέμπεις
2454 3395 2544 3446 τὸν
2595 3390 2949 3459 Παράκλητον
3015 3386 3076 3440 ὃν
3126 3383 3471 3455 ὲπηγγείλωο
3514 3377 3762 3449 ὑπέρθεε

2173 3485 2509 3555 θεάνθρωπε,
2535 3483 2661 3546 δόξα
2687 3483 2754 3552 τῇ
2792 3482 2855 3550 σῇ
2890 3478 3125 3548 ὲγέρσει.

2255 3576 2315 3629 '0
2345 3574 2574 3644 ποιητὴς
2602 3573 2701 3639 τῆς
2737 3571 2967 3633 κτίσεως
2986 3610 3000 3633 ,
3038 3568 3131 3621 καὶ
3156 3567 3287 3627 Θεὸς
3333 3564 3441 3616 τῶν
3472 3560 3758 3625 ἁπάντων,

2176 3669 2357 3739 σάρκα
2392 3664 2639 3736 βροτείαν
2676 3662 2866 3715 ἐλαϐεν
2913 3660 2973 3724 ἐξ
3022 3659 3305 3729 ἀχράντων
3339 3653 3589 3725 αἱμάτων
3635 3669 3760 3718 σου,

2173 3759 2412 3826 παναγία
2447 3754 2709 3827 Παρθένε,
2741 3754 2835 3808 καὶ
2871 3750 3164 3821 φθαρεῖσαν
3228 3766 3328 3819 μου
3370 3747 3496 3816 ὅλην
3527 3743 3626 3813 τὴν
3658 3742 3764 3812 φύ-

2177 3869 2259 3905 σιν
2289 3847 2683 3919 ὲκαινούργησε
2748 3845 2910 3900 πάλιν
2937 3844 3012 3907 ῶς
3043 3842 3148 3913 πρὸ
3176 3840 3269 3894 τοῦ
3300 3840 3461 3893 τόκου
3487 3880 3501 3903 ,
3533 3836 3763 3890 καταλιο

2177 3944 2295 3996 πῶν
2326 3941 2465 4012 μετά
2493 3940 2673 4001 τόκον,
2697 3937 2818 3991 ὅθεν
2846 3936 3055 3997 πιστῶς
3080 3952 3137 3987 σε
3160 3934 3360 3995 πάντες
3411 3926 3763 3999 άνευφημοῦει

2178 4048 2276 4101 μεν
2304 4030 2617 4100 κράζοντεςο
2638 4029 2830 4097 Χαῖρε,
2864 4025 3133 4077 Δέσποινα
3164 4023 3393 4092 κόσμον.

2463 4137 2740 4191 Ἐωθινόν
2793 4134 2871 4198 ς’,
2912 4129 3062 4202 ἦχος
3102 4130 3356 4199 πλάγιος
3388 4130 3471 4192 β.

2260 4229 2324 4282 Ἥ
2373 4229 2540 4291 ὅντως
2590 4228 2780 4298 εἰρήνη
2829 4226 2928 4290 σὺ,
2972 4223 3208 4294 Χριστὲ,
3260 4220 3396 4289 πρὸς
3436 4218 3759 4288 ἀνθρώπους

2178 4322 2335 4383 Θεοῦ,
2366 4322 2588 4391 εἰρήνην
2618 4319 2713 4388 τὴν
2746 4317 2844 4388 σὴν
2871 4316 3065 4378 διδοὺς,
3099 4313 3236 4384 μετὰ
3262 4312 3359 4380 τὴν
3394 4310 3614 4379 ἔγερσιν
3654 4327 3758 4379 μα-

2181 4414 2371 4483 θηταῖς
2426 4411 2698 4481 ὲμφόὸους
2730 4407 2935 4472 ἔδειξας
2978 4406 3195 4467 αὐτοὺς,
3231 4403 3489 4467 δόξαντας
3538 4400 3757 4469 πνεῦμα

2175 4506 2327 4575 όρᾷν·
2359 4504 2493 4556 ἀλλὰ
2524 4501 2874 4560 κατέστειλας
2930 4497 3021 4550 τὸν
3050 4495 3288 4564 τάραχον
3316 4491 3495 4545 αὐτῶν
3524 4491 3628 4559 τῆς
3656 4490 3761 4557 dau-

2178 4596 2298 4666 χῆς,
2323 4594 2498 4660 δείξας
2527 4593 2622 4657 τὰς
2640 4595 2823 4663 χεῖρας
2850 4591 2943 4643 καὶ
2970 4590 3097 4652 τοὺς
3126 4588 3293 4648 πόδας
3324 4600 3436 4637 σου·
3466 4583 3607 4654 πλὴν
3628 4583 3760 4635 ἀπι-

2180 4686 2446 4741 στούντων
2479 4685 2581 4750 ἔτι,
2612 4687 2676 4754 τῇ
2712 4686 2811 4753 τῆς
2865 4682 3068 4751 τροφῆς
3115 4676 3410 4749 μεταλήψει
3466 4675 3562 4727 καὶ
3612 4673 3761 4727 διδαο

2178 4776 2290 4845 χῶν
2332 4776 2631 4843 ἀναμνήσει
2664 4772 2932 4841 διήνοιξας
2982 4770 3162 4823 αὐτῶν
3188 4768 3277 4821 τὸν
3304 4766 3427 4819 νοῦν
3448 4763 3545 4817 τοῦ
3577 4763 3759 4816 συνιέ-

2178 4884 2264 4921 ναι
2291 4866 2389 4929 τὰς
2420 4865 2661 4938 Γραφάς,
2687 4861 2767 4927 οἷς
2815 4866 2908 4917 καὶ
2960 4864 3058 4932 τὴν
3096 4858 3375 4930 Πατρικὴν
3422 4853 3761 4924 ἐπαγγελίαν

2181 4956 2679 5026 καθυποσχόμενος,
2702 4956 2795 5008 καὶ
2818 4955 3117 5023 εὐλογήσας
3142 4949 3358 5013 αὐτοὺς,
3378 4948 3594 5015 διέστης
3622 4945 3761 5014 πρὸς

2177 5050 2428 5121 ούρανόνο
2477 5048 2555 5100 διὸ
2602 5050 2698 5101 σὺν
2750 5048 2933 5109 αὐτοῖς
2979 5040 3395 5116 προσκυνούμέν
3427 5056 3520 5102 σε,
3559 5036 3757 5107 Κύριε,

2180 5141 2305 5205 δόξα
2349 5157 2452 5193 σοι.

2634 5249 3204 5317 Ἐξαποστειλίὶριον
3245 5248 3316 5307 ζ’.

2251 5345 2373 5398 ’Ὁτι
2403 5340 2543 5415 ἦραν
2572 5344 2663 5396 τὸν
2698 5342 2919 5411 Κύριον,
2958 5342 3056 5411 τῆς
3088 5340 3307 5410 Μαρίας
3337 5337 3630 5404 ειπούσης,
3665 5336 3757 5387 ἐπὶ

2179 5438 2269 5489 τὸν
2299 5438 2465 5505 τάφον
2500 5437 2732 5506 ἔδραμον
2759 5436 2939 5503 Σίμων
2968 5434 3173 5503 Πέτρος
3205 5432 3298 5485 καὶ
3352 5430 3509 5493 ἄλλος
3539 5429 3756 5496 μύστης

2179 5525 2412 5595 Χριστοῦ
2434 5526 2493 5578 ὃν
2535 5526 2724 5594 ἠγάπα
2756 5540 2772 5555 ·
2802 5523 3020 5596 ἔτρεχον
3047 5522 3105 5576 δὲ
3136 5523 3183 5573 o!
3211 5518 3337 5581 δύο,
3370 5519 3463 5571 καὶ
3497 5513 3655 5587 εὖρον
3687 5520 3754 5566 τᾶ

2180 5615 2377 5682 ὀθόνια,
2411 5615 2556 5669 ἔνδον
2602 5612 2828 5685 κείμενα
2859 5613 3016 5682 μόνα,
3049 5610 3144 5666 καὶ
3188 5606 3431 5679 κεφαλῆς
3486 5601 3553 5677 ἦν
3596 5604 3652 5660 δὲ
3698 5603 3761 5666 τὸ.
