4088 6208
432 215 542 281 ωδ

1649 209 1928 273 PRECES
1967 211 2397 274 LITURGICIE

3602 223 3709 285 306

437 327 729 396 σουδαριον
769 322 940 395 χωρὶς
985 319 1228 387 τούτων,
1281 319 1360 374 διὸ
1406 319 1566 373 πάλιν
1595 319 1900 391 ἡσύχασαν,
1931 319 2021 374 τὸν

2134 323 2267 376 enim
2295 322 2575 378 sudarium
2610 324 2770 396 longe
2823 334 2942 383 erat
2989 336 3282 385 semotum.
3362 329 3712 402 Quapropter

438 417 682 490 Χριστὸν
717 417 824 479 ἕως
859 411 1018 468 εἶδον.

509 507 748 578 Μεγάλα
772 506 869 560 καὶ
917 501 1199 573 παράδοξα
1243 501 1310 554 δι’
1344 500 1444 572 ἐμὲ
1474 501 1846 572 κατειργάσω,
1889 501 2024 570 Χρι-

440 602 536 656 στέ
564 617 671 671 μου
705 595 964 651 πολυέλεε
989 610 1001 624 ο
1035 595 1098 646 ἐκ
1125 591 1404 662 Παρθένου
1434 591 1542 660 γὰρ
1600 591 1769 662 κόρης
1803 590 2026 659 ἐτέχθης

439 686 868 762 ἀνερμηνεύτως
891 726 906 746 ,
937 683 1032 737 καὶ
1066 679 1297 752 σταυρὸν
1335 678 1626 744 κατεδέξω,
1659 679 1754 731 καὶ
1800 677 2027 730 θάνατον

442 778 784 851 ὑπομείνας,
808 774 1103 841 ἐξανέστης
1141 772 1198 823 ἐν
1231 769 1377 841 δόξῃ,
1410 769 1506 820 καὶ
1529 769 1627 837 τὴν
1653 768 1810 838 ἡμῶν
1866 766 2028 836 φύσιν

438 869 828 942 ἡλευθέρωσας
877 863 971 918 τοῦ
1027 861 1300 915 θανάτου’
1332 859 1482 926 δόξα,
1511 859 1735 930 Χριστέ,
1785 861 1852 930 τῇ
1902 859 2029 930 δόξῃ

442 981 564 1029 σου,
601 961 731 1027 δόξα
756 961 824 1029 τῇ
851 959 916 1028 σῇ
947 955 1202 1024 δυνάμει.

685 1046 696 1054 ’
815 1045 1104 1102 Ἐωθινὸν
1142 1042 1216 1108 ζ’,
1257 1039 1409 1112 ἦχος
1460 1042 1676 1109 βαρύς.

515 1143 649 1198 Ἰδοὺ
683 1141 873 1194 σκοτία
903 1138 996 1191 καὶ
1048 1135 1213 1206 πρωῒ,
1259 1137 1352 1186 καὶ
1399 1135 1452 1186 τί
1480 1133 1615 1204 πρὸς
1650 1133 1711 1186 τὸ
1747 1134 2030 1203 μνημεῖον,

445 1233 660 1301 Μαρία,
711 1230 973 1298 ἕστηκας,
1010 1225 1144 1277 πολὺ
1203 1221 1390 1284 σκότος
1417 1220 1614 1290 ἔχουσα
1650 1221 1767 1281 ταῖς
1819 1219 2028 1288 φρεσὶν,

447 1325 538 1396 ὑφ’
567 1319 629 1378 οὗ
657 1321 762 1376 ποῦ
796 1319 1030 1373 τέθειται
1060 1317 1241 1385 ζητεῖς
1273 1314 1302 1366 ὁ
1331 1311 1577 1377 Ἰησοῦςς
1606 1309 1745 1362 Ἀλλ’
1778 1311 1878 1380 ὅρα
1907 1308 2033 1371 τοὺς

445 1415 844 1486 συντρέχοντας
895 1407 1164 1480 μαθητὰς,
1220 1405 1338 1467 πῶς
1387 1405 1500 1466 τοῖς
1548 1401 1772 1466 ὀθονίοις
1819 1403 1913 1454 καὶ
1954 1397 2034 1468 τῷ

446 1504 727 1575 σουδαρίῳ
777 1500 877 1571 τὴν
902 1497 1201 1551 ἀνάστασιν
1231 1493 1629 1564 ἐτεκμήραντο,
1655 1491 1760 1575 καὶ
1793 1490 2030 1575 ἀνεμνηο

2127 411 2182 466 in
2219 429 2379 482 prece
2402 426 2719 472 manserunt
2749 418 2923 474 donec
2950 419 3228 476 Christum
3263 420 3533 476 viderent.

2198 503 2391 575 Magna
2418 515 2473 562 et
2512 508 2854 566 incredibilia
2902 520 3126 582 pr0pter
3161 528 3248 568 me
3279 521 3540 582 operatus
3569 529 3650 575 es,
3673 530 3708 564 o

2128 594 2380 651 Christe!
2421 599 2515 668 qui
2545 617 2630 654 me
2683 617 3012 673 magnopere
3044 605 3337 661 miseratus
3357 621 3432 661 es.
3468 605 3544 659 Ex
3572 622 3707 676 pura

2130 687 2279 742 enim
2314 687 2537 760 Virgine
2593 692 2851 748 ineﬂ’ahili
2896 697 3148 766 prodigio
3199 699 3440 768 genitus,
3487 714 3706 752 crucem

2081 847 2090 855 _
2131 779 2412 848 accepisti,
2446 789 2674 835 mortem
2713 783 2931 840 subiisti
2989 788 3124 842 etin
3179 790 3353 859 gloria
3393 789 3699 851 surrexisti

2133 875 2384 923 naturam
2441 871 2744 930 redimens.
2793 876 3003 946 Gloria,
3053 879 3296 948 Christe,
3330 881 3520 952 glorize
3556 886 3704 936 tum!

2133 960 2389 1028 potestati
2423 967 2529 1014 tua:
2554 961 2720 1030 gloria
2747 965 2759 1016 !

2505 1051 2833 1107 Malutinum
2863 1055 2915 1119 7,
2949 1065 3103 1110 tonus
3127 1059 3328 1126 gravis.

2205 1139 2344 1196 Ecce
2367 1143 2606 1196 nondum
2635 1145 2931 1199 diluculum
2961 1164 2975 1200 :
3012 1162 3130 1209 cur,
3161 1148 3350 1212 Maria,
3381 1151 3634 1206 tenebras
3654 1151 3707 1204 in

2132 1231 2297 1286 corde
2330 1248 2544 1302 gerens,
2575 1243 2691 1290 stas
2755 1237 2822 1290 ad
2869 1247 3307 1302 monumentum,
3338 1249 3393 1294 et
3422 1242 3624 1306 quaeris
3653 1243 3706 1295 in

2134 1336 2240 1391 qua
2273 1333 2424 1391 parte
2455 1325 2615 1380 Jesus
2648 1326 3151 1396 fueritdepositus?
3190 1329 3302 1390 Sed,
3323 1332 3445 1386 vide
3471 1347 3710 1388 concur-

2135 1419 2320 1468 rentes
2350 1412 2674 1483 discipulos,
2703 1416 2979 1484 quomodo
3018 1432 3087 1470 ex
3132 1418 3373 1474 linteolis
3403 1428 3458 1474 et
3488 1421 3708 1475 sudario

2136 1503 2600 1558 resurrectionem
2633 1505 2994 1574 conjecerint,
3025 1505 3436 1576 Scripturarum
3463 1511 3532 1564 ad
3554 1512 3706 1565 illum

446 1571 661 1664 σθησαν
687 1571 789 1662 τῆς
819 1586 947 1659 περὶ
975 1587 1163 1639 τούτου
1195 1583 1437 1654 Γραφῆςο
1479 1580 1598 1651 μεθ’
1644 1572 1718 1633 ὧν
1744 1579 1838 1670 καὶ
1867 1578 1934 1632 δι’
1957 1571 2032 1632 ὧν

2137 1594 2502 1662 spectantium
2535 1571 2913 1652 recordantes.
2947 1596 3084 1652 Cum
3127 1571 3237 1654 illis
3262 1611 3314 1654 et
3342 1616 3439 1670 per
3461 1601 3584 1657 illos
3609 1617 3713 1656 nos

445 1687 542 1741 καὶ
565 1687 726 1758 ἡμεῖς
755 1680 1148 1742 πιστεύσαντες
1177 1673 1522 1746 ἀνυμνοῦμέν
1550 1688 1610 1726 σε
1645 1672 1735 1726 τὸν
1763 1669 2029 1740 ζωοδότην

2134 1699 2352 1754 quoque
2375 1699 2500 1740 cum
2528 1685 2629 1740 (ide
2665 1695 2716 1742 te
2743 1688 3090 1745 celebramus
3135 1691 3370 1748 canticis
3399 1692 3711 1748 vitaeCliri-

445 1776 707 1850 Χριστόν.

911 1862 1480 1930 Ἐξοποστειλάριον
1516 1866 1590 1928 η’.

518 1961 624 2015 Δύο
672 1959 935 2029 ἀγγέλους
983 1957 1229 2028 βλέψασα
1290 1953 1499 2008 ἔνδοθεν
1578 1952 1672 2007 τοῦ
1761 1954 2029 2026 μνημείου

447 2053 641 2125 Μαρία
658 2051 1034 2121 ἐξεπλήττετο,
1052 2050 1147 2104 καὶ
1169 2048 1402 2120 Χριστὸν
1419 2045 1708 2116 ἀγνοοῦσα,
1727 2047 1801 2111 ὡς
1817 2065 2029 2120 κηπου-

455 2145 545 2218 ρὸν
575 2141 872 2216 ἐπηρώτα·
923 2140 1118 2210 Κύριε,
1155 2139 1258 2192 ποῦ
1288 2137 1349 2191 τὸ
1379 2137 1535 2207 σῶμα
1581 2136 1676 2190 τοῦ
1721 2136 1895 2208 Ἰησοῦ
1928 2153 2030 2208 μου

456 2236 748 2300 τέθεικας;
783 2232 990 2304 Κλήσει
1016 2231 1072 2284 δὲ
1121 2228 1308 2284 τοῦτον
1339 2228 1542 2296 γνοῦσα
1577 2223 1714 2282 εἶναι
1757 2227 1919 2282 αὑτὸν
1940 2229 2032 2282 τὸν

456 2325 708 2398 Σωτῆρα,
736 2325 938 2396 ἢκουσε
973 2339 987 2354 ·
1027 2323 1120 2382 Μή
1158 2339 1260 2393 μου
1295 2320 1489 2385 ἅπτου,
1520 2319 1658 2390 πρὸς
1685 2318 1780 2373 τὸν
1810 2320 2033 2392 Πατέρα

449 2419 672 2488 ἄπειμι,
705 2416 826 2471 εἰπὲ
853 2417 967 2480 τοῖς
993 2414 1241 2484 ἀδελφοῖς
1276 2430 1400 2486 μου.

518 2510 772 2582 Τριάδος,
792 2508 967 2580 Κόρη,
983 2507 1205 2570 τέτοκας
1225 2509 1549 2580 ἀπορρήτως
1564 2509 1655 2562 τὸν
1676 2508 1790 2571 ἕνα,
1811 2504 2033 2561 διπλοῦν

447 2605 516 2674 τῇ
553 2602 714 2673 φύσει
741 2601 991 2664 πέλοντα,
1025 2599 1365 2654 καὶδιπλοῦν
1390 2599 1674 2672 ἐνεργείᾳ,
1710 2599 1805 2652 καὶ
1837 2598 1932 2653 ἕνα
1963 2600 2028 2670 τῇ

450 2694 772 2748 ὑποστάσεγ
811 2691 1000 2746 τοῦτον
1027 2687 1120 2746 οὖν
1151 2691 1456 2746 ἐκδυσὼπει
1495 2691 1582 2744 ἀεὶ
1633 2691 1773 2762 ὑπὲρ
1803 2689 1911 2744 τῶν
1942 2689 2032 2743 πί-

452 2803 570 2840 στει
642 2783 1131 2852 προσκυνούντων,
1192 2785 1258 2837 ἐκ
1314 2783 1497 2854 πάσης
1579 2783 1872 2853 ἐπιϐουλῆς
1936 2783 2030 2838 τοῦ

449 2877 649 2950 ἐχθροῦ
682 2875 1100 2948 λυτρώσασθαιο
1132 2876 1212 2930 ὅτι
1240 2875 1440 2939 πάντες
1470 2875 1608 2946 πρὸς
1645 2876 1704 2930 σὲ
1734 2875 1829 2930 νῦν
1858 2893 2030 2931 κατα-

449 2969 746 3041 φεύγομεν,
781 2968 1048 3021 Δέσποινα
1075 2967 1325 3021 Θεοτόκε.

741 3062 1030 3116 Ἐωθινὸγ
1064 3060 1140 3127 η’,
1178 3055 1330 3130 ἦχος
1390 3060 1645 3130 πλάγιος
1674 3059 1744 3132 γ’.

523 3152 604 3206 Τά
633 3151 732 3222 τῆς
761 3149 982 3222 Μαρίας
1009 3149 1216 3220 δάκρυα
1252 3149 1314 3202 ού
1367 3149 1543 3220 μάτην
1567 3151 1740 3220 χεῖται
1770 3147 1986 3221 θερμῶς
2009 3165 2025 3180 ο

453 3247 567 3302 ἰδοὺ
602 3245 712 3316 γὰρ
744 3243 1102 3314 κατηξίωται,
1126 3243 1221 3296 καὶ
1255 3243 1614 3296 διδασκόντων
1644 3241 1910 3311 ἀγγέλων,
1932 3242 2030 3312 τῆς

447 3338 626 3406 ὅψεως
671 3334 836 3390 αὐτοῦ
885 3333 980 3387 τοῦ
1017 3333 1214 3402 Ἰησοῦ·
1241 3332 1354 3386 ἀλλ’
1382 3332 1462 3386 ἔτι
1512 3333 1779 3402 πρόσγεια
1821 3335 2028 3403 φρονεῖ,

447 3423 541 3483 οἷα
585 3425 724 3497 γυνὴ
770 3423 1020 3493 ἀσθενὴς,
1055 3423 1134 3476 διὸ
1163 3425 1258 3476 καὶ
1291 3422 1683 3493 ἀποπέμπεται
1733 3423 1807 3492 μὴ
1863 3439 2032 3490 προσ-

447 3517 661 3588 ψαῦσαι
689 3517 931 3588 Χριστῷ,
965 3516 1079 3570 ἀλλ’
1103 3519 1250 3586 ὅμως
1275 3513 1452 3587 κῆρυξ
1476 3515 1753 3584 πέμπεται
1781 3517 1894 3576 τοῖς
1921 3517 2032 3577 σοῖς

453 3611 748 3681 μαθηταῖς.
782 3602 878 3672 Οἷς
921 3608 1217 3676 εὐαγγέλια
1254 3605 1424 3676 ἔφησε
1447 3645 1461 3669 ,
1507 3606 1606 3676 τὴν
1638 3605 1775 3675 πρὸς
1809 3605 1899 3657 τὸν
1929 3621 2034 3656 πα·

447 3701 629 3773 τρῷον
655 3701 856 3772 κλῆρον
875 3700 1057 3754 ἄνοδον
1083 3699 1522 3768 ἀπαγγέλλουσα,
1549 3698 1669 3767 μεθ’
1701 3691 1770 3768 ἧς
1802 3694 2034 3760 ἀξίωσον

450 3793 548 3847 καὶ
581 3793 727 3862 ἡμᾶς
754 3790 853 3861 τῆς
883 3790 1182 3860 ἐμφανείας
1219 3805 1333 3853 σου,
1365 3789 1608 3839 Δέσποτα
1637 3785 1829 3855 Κύριε.

907 3877 1477 3947 Ἕξαποστειλὰριον
1516 3878 1585 3934 θ’.

524 3973 1062 4043 Συγκεκλεισμένων,
1093 3971 1358 4030 Δέσποτα,
1379 3968 1486 4022 τῶν
1523 3967 1705 4040 θυρῶν
1737 3969 1812 4032 ὠς
1855 3968 2034 4039 εἰσῆλο

453 4064 569 4130 θες,
591 4066 717 4128 τοὺς
746 4063 1074 4124 ἀποστόλους
1113 4061 1352 4130 έπ).ησας
1394 4061 1710 4130 Πνεύματος
1743 4059 2032 4128 παναγίου,

451 4156 748 4228 εἰρηνικῶς
780 4155 1122 4225 ἐμφυσήσεις.
1158 4146 1255 4214 Οἷς
1287 4151 1504 4221 δεσμεῖν
1537 4168 1598 4205 τε
1627 4151 1724 4204 καὶ.
1750 4151 1897 4204 λύειν
1937 4150 2037 4214 τὰς

450 4248 729 4320 ἁμαρτίας
762 4248 1025 4317 εἴρηκας,
1067 4245 1161 4298 καὶ
1205 4243 1348 4296 ὀκτὼ
1391 4243 1507 4313 μεθ’
1540 4244 1752 4313 ἡμέρας
1804 4243 1907 4314 τὴν
1940 4243 2037 4311 σὴν

2131 1783 2278 1831 stum
2307 1777 2651 1835 donatorem.

2644 1867 3130 1938 Exaposteilarium
3165 1873 3218 1928 8.

2200 1959 2422 2016 Duobus
2464 1961 2674 2031 angelis
2719 1963 2864 2019 intra
2903 1977 3316 2022 monumentum
3377 1969 3709 2037 conspectis,

2131 2051 2306 2105 Maria
2337 2052 2528 2106 territa
2556 2063 2662 2120 est,
2721 2053 3116 2127 Christumque
3162 2073 3275 2114 non
3307 2074 3613 2130 agnoscens
3641 2061 3710 2114 il-

2133 2143 2243 2200 lum
2273 2145 2860 2218 hortulanumputans
2882 2148 3239 2220 interrogavit
3269 2168 3285 2206 :
3316 2152 3422 2208 Ubi
3449 2154 3554 2208 mei
3578 2152 3706 2210 .lesu

2131 2250 2337 2306 corpus
2365 2235 2721 2307 deposuisti?
2767 2237 3148 2308 Appellatione
3204 2255 3339 2297 vero
3401 2257 3709 2314 agnoscens

2132 2326 2470 2382 Salvatorem
2523 2326 2699 2382 audiit
2735 2327 3052 2401 (dicentem)
3087 2348 3102 2384 :
3133 2329 3257 2386 Noli
3302 2347 3389 2388 me
3440 2341 3708 2406 tangere;

2131 2417 2268 2472 abeo
2293 2416 2361 2471 ad
2392 2416 2608 2471 Patrem
2639 2435 2652 2472 :
2688 2416 2949 2474 fratribus
2970 2420 3106 2475 meis
3135 2423 3422 2477 annuntia.

2204 2507 2380 2563 Unam
2440 2507 2756 2573 Trinitatis,
2813 2524 2844 2564 ο
2895 2509 3086 2582 Virgo,
3141 2513 3396 2583 prodigio
3448 2514 3707 2568 iiiell'abifi

2134 2615 2426 2672 personam
2454 2600 2718 2671 genuisti,
2765 2609 2961 2656 natura
2991 2601 3214 2672 quidem
3249 2612 3306 2659 et
3363 2604 3564 2661 virtute
3608 2604 3708 2660 du-

2133 2693 2354 2761 plicem,
2390 2693 2673 2763 hypostasi
2703 2701 2887 2750 autem
2911 2709 3096 2750 unam.
3138 2693 3293 2749 lllum
3327 2711 3458 2765 ergo
3492 2713 3708 2766 semper

2131 2799 2231 2854 pro
2260 2782 2515 2838 omnibus
2545 2783 2906 2840 adorautibus
2935 2784 2989 2838 in
3026 2783 3130 2839 lide
3157 2798 3405 2855 precare,
3441 2796 3498 2839 ut
3525 2801 3618 2841 eos
3645 2787 3714 2841 ab

2132 2876 2388 2931 omnibus
2416 2875 2621 2930 inimici
2655 2875 2872 2932 insidiis
2895 2875 3111 2931 liberet.
3138 2875 3326 2936 ltaaue
3379 2878 3446 2932 ad
3480 2888 3532 2932 te
3567 2895 3713 2934 nunc

2051 2991 2096 3048 ο
2133 2966 2500 3039 confugimus,
2527 2966 2752 3023 Domina
2784 2966 2876 3024 Dei
2907 2967 3181 3024 Genitrix.

2445 3060 2768 3114 Matutinum
2800 3058 2856 3124 8,
2893 3068 3044 3114 tonus
3072 3059 3312 3131 obliquus
3338 3063 3390 3116 ὅ.

2199 3150 2317 3207 Non
2348 3151 2556 3208 frustra
2600 3151 2770 3207 Maria
2825 3151 3086 3206 ardentes
3137 3152 3414 3223 lacrymas
3437 3151 3668 3208 ell’undit
3698 3170 3712 3208 :

2129 3259 2258 3300 ecce
2287 3243 2431 3300 enim
2467 3243 2630 3315 digna
2663 3244 2916 3309 eﬂicitur,
2964 3243 3287 3299 docentibus
3331 3243 3562 3313 angelis,
3594 3259 3717 3314 qua:

2130 3335 2322 3392 Jesum
2381 3335 2562 3406 ipsum
2611 3335 2814 3390 videat.
2863 3333 3065 3391 Verum
3115 3334 3366 3398 humilia,
3412 3335 3597 3404 qualia
3634 3337 3715 3388 in-

2133 3427 2292 3482 firma
2323 3427 2540 3494 mulier,
2569 3426 2736 3482 sentit
2768 3443 2834 3482 ex
2882 3441 2948 3482 eo
2997 3427 3144 3498 quod
3183 3443 3250 3482 ue
3277 3426 3555 3482 Christum
3592 3433 3714 3478 tau-

2132 3528 2223 3592 gat
2265 3533 2570 3576 amovetur.
2608 3519 2716 3575 Sed
2789 3520 2952 3574 simul
3023 3518 3214 3574 nuntia
3265 3517 3552 3586 discipulis
3607 3518 3716 3572 tuis

2134 3609 2388 3662 mittitur.
2463 3607 2677 3672 Quibus
2728 3607 2907 3662 fausta
2965 3622 3098 3662 voce
3151 3608 3293 3662 viam
3327 3607 3395 3661 ad
3430 3615 3714 3678 paternam

2135 3698 2515 3754 haereditatem
2549 3698 2835 3767 praedicat.
2869 3699 3005 3753 Cum
3040 3713 3148 3768 qua
3176 3709 3230 3754 et
3264 3713 3367 3753 nos
3394 3697 3716 3753 manifesta-

2135 3791 2288 3846 tione
2319 3800 2412 3845 tua
2443 3789 2642 3860 dignos
2673 3789 2899 3856 habeas,
2926 3789 3154 3844 Domine
3182 3791 3209 3844 ι

2624 3878 3114 3948 Exaposleilarium
3141 3881 3196 3935 9.

2206 3970 2504 4032 Clausis.o
2551 3969 2802 4032 Domine,
2856 3969 3033 4038 portis
3079 3968 3363 4038 ingressus
3435 3969 3717 4037 apostolos

2139 4064 2340 4133 spiritu
2397 4062 2582 4117 omnis
2633 4059 2948 4116 sanctitatis
2982 4057 3284 4127 replevisti,
3329 4057 3555 4128 pacilice
3602 4059 3718 4113 suf—

2139 4156 2278 4212 ﬂans
2305 4157 2402 4224 (1).
2446 4155 2554 4209 Eos
2586 4153 2754 4223 ligare
2786 4160 2840 4207 ct
2869 4152 3084 4208 solvere
3113 4161 3338 4218 peccata
3375 4149 3630 4218 jussis-ti;
3661 4159 3714 4203 et

2143 4258 2268 4318 post
2300 4257 2426 4302 octo
2457 4247 2578 4300 dies
2607 4247 2753 4299 latus
2803 4257 3106 4311 manusque
3147 4241 3370 4295 Thomaa
3405 4240 3718 4294 ostendisti.

454 4340 699 4410 πλευρὰν
748 4338 826 4407 τῷ
854 4338 1023 4407 Θωμᾷ
1049 4335 1333 4399 ὑπέδειξας
1356 4335 1449 4388 καὶ
1463 4336 1560 4396 τὰς
1581 4337 1768 4404 χεῖρας
1788 4349 1800 4362 ·
1837 4334 1956 4403 μεθ’
1977 4328 2032 4388 οὗ

2159 4337 2405 4403 Quocum
2436 4337 2740 4391 clamamus
2776 4350 2788 4386 :
2843 4332 2922 4385 Tu
2951 4332 3218 4386 Dominus
3250 4338 3302 4386 et
3332 4331 3475 4385 Deus
3505 4346 3587 4384 es.

456 4427 696 4499 βοῶμεν·
742 4426 943 4497 Κύριος
969 4426 1064 4479 καὶ
1092 4425 1223 4487 Θεὸς
1260 4426 1323 4478 σὺ
1361 4425 1647 4494 ὑπάρχεις.

527 4519 635 4572 Τὸν
679 4518 772 4572 σὺν
819 4517 932 4571 υἱὸν
973 4516 1049 4580 ὼς
1121 4515 1350 4584 ἔϐλεψας
1400 4514 1707 4567 ἀναστάντα
1757 4516 1821 4567 ὲκ
1863 4516 2034 4582 τάφου

451 4612 776 4681 τριήμερον,
799 4610 1101 4679 Θεόνυμφε,
1123 4607 1362 4675 παναγία
1393 4606 1656 4675 Παρθένε,
1683 4607 1901 4660 ἃπασαν
1925 4605 2038 4658 θλί-

453 4704 550 4773 ψιν
597 4702 840 4768 ἀπέθου,
869 4704 936 4774 ἢν
985 4701 1225 4770 ὑπέστης
1270 4700 1346 4763 ὡς
1403 4704 1614 4771 μήτηρ,
1655 4700 1745 4753 ὅτε
1797 4699 2039 4762 κατεῖδες

454 4798 755 4866 πάσχοντα,
792 4795 888 4849 καὶ
922 4795 1098 4866 χαρᾶς
1128 4793 1524 4864 ἐμπλησθεῖσαι,
1582 4795 1680 4846 σὺν
1713 4794 1824 4857 τοῖς
1872 4791 2037 4845 αὑτοῦ

458 4889 731 4960 μαθηταῖς
762 4889 1098 4960 γεραίρουσα
1127 4887 1313 4940 τοῦτον
1371 4884 1559 4956 ὕμνεις
1582 4901 1593 4914 ⁸
1636 4885 1716 4939 διὸ
1747 4885 1872 4948 τοὺς
1906 4885 2037 4937 Θεο-

454 4982 619 5036 τόχον
645 4997 702 5034 σε
728 4980 824 5035 νῦν
849 4980 1221 5050 κηρύττοντας
1257 4977 1427 5041 σῶζε.

789 5071 1070 5126 Ἐωθινὸν
1096 5069 1162 5135 θ’,
1185 5067 1334 5140 ἦχος
1359 5069 1612 5139 πλάγιος
1632 5067 1701 5121 δ’.

545 5167 632 5230 Ὠς
659 5167 745 5222 ἐπ’
768 5166 1014 5236 ἐσχάτων
1042 5164 1150 5218 τῶν
1179 5162 1410 5234 χρόνων,
1443 5160 1610 5232 οὔσης
1635 5160 1791 5229 ὀψίας
1819 5159 2034 5213 Σαϐϐά-

457 5275 591 5325 των,
628 5259 918 5328 ἐφίστασαι
960 5258 1072 5319 τοῖς
1122 5255 1297 5322 φίλοις
1319 5295 1335 5322 ,
1366 5252 1602 5325 Χριστὲ,
1636 5252 1728 5304 καὶ
1800 5251 2039 5321 θαύματι

461 5353 650 5423 θαῦμα
686 5353 948 5422 βεϐαιοῖς,
1006 5352 1071 5422 τῇ
1102 5346 1468 5416 κεκλεισμένη
1503 5343 1690 5397 εἰσόδω
1723 5343 1826 5396 τῶν
1860 5344 2041 5414 θυρῶν

459 5447 560 5518 τὴν
591 5447 657 5502 ἐκ
697 5445 904 5516 νεκρῶν
952 5461 1044 5499 σου
1093 5441 1406 5497 ἀνάστασινο
1439 5436 1552 5491 ἀλλ’
1583 5435 1824 5506 ἕπλησας
1863 5435 2036 5505 χαρᾶς

2213 4518 2410 4572 Filium
2450 4525 2602 4571 tuum
2652 4515 2844 4572 videns
2892 4531 2922 4569 e
2970 4513 3224 4585 sepulcro
3276 4523 3397 4584 post
3445 4521 3554 4567 tres
3604 4513 3722 4566 dies

2142 4607 2466 4668 redivivum,
2533 4620 2566 4658 ο
2612 4603 2708 4658 Dei
2744 4605 2977 4674 Sponsa,
3012 4603 3357 4666 sanctissima
3382 4601 3569 4670 Virgo,
3606 4616 3721 4654 om-

2144 4713 2269 4753 nem
2328 4697 2538 4766 depone
2589 4695 2939 4751 alIlictioncm
3011 4711 3134 4765 quae
3206 4703 3256 4748 te
3318 4693 3538 4755 invasit,
3595 4708 3718 4747 cum

2146 4788 2425 4860 passionis
2456 4787 2613 4842 testis
2652 4786 2827 4851 fuisti,
2859 4794 2914 4842 et
2946 4787 3128 4856 gratia
3172 4785 3376 4854 repleta
3412 4785 3716 4839 mercedem

2148 4899 2275 4940 cum
2305 4881 2594 4952 discipulis
2625 4880 2904 4950 accipiens
2959 4879 3119 4934 lauda
3159 4892 3308 4955 eum.
3373 4875 3718 4949 Quapropter

2146 4974 2294 5030 salva
2329 4973 2422 5042 qui
2454 4980 2506 5026 te
2540 4970 2823 5040 Deiparant
2858 4968 3172 5039 praedicant.

2484 5061 2809 5116 Matutinum
2838 5061 2892 5126 9,
2913 5070 3067 5115 tonus
3101 5060 3340 5130 obliquus
3363 5061 3418 5114 4.

2220 5157 2278 5210 ln
2315 5155 2522 5210 ultimis
2550 5153 2771 5217 diebus,
2815 5167 3042 5220 vespere
3094 5151 3317 5206 Sabbati
3352 5161 3477 5206 ante
3509 5150 3719 5206 amicos

2146 5258 2284 5311 stas,
2339 5261 2373 5300 ο
2420 5245 2659 5310 Christe,
2719 5243 3092 5314 miraculoque
3151 5241 3473 5297 miraculum
3524 5243 3724 5296 confir-

2149 5353 2288 5402 mas,
2321 5336 2535 5391 scilicet
2565 5345 2846 5402 portarum
2875 5335 3186 5388 clausarum
3214 5335 3499 5390 invasione
3531 5349 3722 5390 resur-

2146 5429 2469 5484 rectionem.
2527 5425 2784 5494 Quiuimo
2844 5425 3018 5498 gratia
3063 5425 3363 5496 discipulos
3414 5425 3719 5496 replevisti,

1980 5543 2213 5601 NOTAS.

538 5644 616 5714 (l)
648 5645 926 5703 Sulllando
959 5645 1145 5702 dicens
1182 5663 1193 5699 :
1237 5645 1355 5700 Pax
1373 5645 1532 5700 vobis.
