4088 6208
416 205 524 268 307

1683 219 1880 282 LEON
1891 223 1961 282 lS
1991 223 2454 292 PHILOSOPHI

3565 250 3675 312 30$

415 323 708 394 sanctique
763 325 994 397 spiritus
1047 331 1342 402 participes
1372 334 1622 401 cli'cristi,
1660 345 1984 406 potestatem

2097 344 2225 404 τοὺς
2261 345 2532 414 μαθητὰς,
2561 348 2656 402 καὶ
2706 350 3018 420 Πνεύματος
3049 353 3204 422 ἁγίου
3235 354 3546 424 μετέδωκας
3573 361 3672 411 αύ-

413 416 724 472 dimittendi
779 429 1000 490 peccata
1055 425 1136 479 eis
1191 427 1455 493 tribuisti,
1491 437 1547 481 et
1604 426 1872 484 Thomam
1924 447 1993 486 ne

415 507 585 565 ﬂuctu
627 512 1034 569 incredulitatis
1079 517 1526 588 submergeretur
1567 521 1820 576 servasti.
1865 521 1992 576 ideo

416 613 601 653 veram
651 601 940 656 scientiam
997 603 1154 659 nobis
1203 606 1478 661 concedas
1531 616 1991 680 peccatorumque

413 690 821 758 remissionem,
860 707 894 748 o
925 693 1157 765 benigne
1189 695 1510 753 misericors
1546 695 1796 755 Domine.

911 782 1396 854 Exaposteilarium
1429 788 1515 844 10.

484 871 797 932 Tiberiadis
837 890 986 931 mare
1031 892 1158 931 cum
1211 877 1338 934 liliis
1387 881 1656 948 Zebedmi,
1687 881 1988 940 Nathanael

415 961 684 1034 Petroque
730 975 784 1021 et
819 966 1038 1023 duobus
1066 968 1190 1024 aliis
1239 968 1507 1025 Thomam
1542 971 1736 1028 habuit
1777 973 1992 1043 piscan-

413 1064 542 1117 tcm,
599 1054 716 1124 qui.
764 1054 990 1125 iubente
1043 1058 1285 1123 Christo,
1341 1061 1690 1118 dextrorsum
1763 1064 1988 1135 (retia)

410 1142 790 1212 demittentes,
831 1149 1034 1204 multos
1063 1151 1242 1220 pisces
1269 1151 1587 1208 eliciebant.
1625 1152 1761 1208 Cum
1793 1154 1990 1209 Petrus

411 1251 717 1306 agnoscens
766 1240 1101 1308 adnatabat,
1145 1245 1255 1300 illis
1308 1247 1531 1302 tertium
1579 1261 1850 1318 apparens
1897 1263 1992 1318 pa-

409 1341 534 1380 nem
568 1327 887 1401 piscemque
930 1335 1268 1393 carbonibus
1311 1349 1558 1396 assatum
1613 1341 1984 1398 manducavit.

485 1414 592 1481 Qui
628 1431 659 1472 e
678 1420 932 1488 sepulcro
956 1431 1078 1492 post
1103 1432 1215 1480 tres
1239 1426 1357 1482 dies
1383 1428 1648 1495 excessit,
1672 1427 1989 1498 Dominum,

407 1521 444 1560 o
475 1505 659 1577 Virgo,
689 1524 858 1566 exora
904 1527 1006 1583 pro
1046 1514 1156 1571 illis
1188 1524 1288 1587 qut
1327 1525 1379 1572 te
1411 1520 1694 1574 celebrant
1737 1522 1989 1591 votisque

411 1597 623 1652 beatam
649 1600 910 1658 salutant.
937 1601 1012 1658 Te
1035 1605 1179 1659 enim
1205 1621 1394 1662 omnes
1416 1608 1710 1680 refugium,
1735 1610 1988 1677 salutem,

2095 437 2229 498 τοῖς,
2258 437 2354 488 καὶ
2403 438 2651 501 ἐξουσίαν
2696 441 2918 511 ἕνειμας
2965 444 3211 511 ἀφέσεως
3242 445 3553 515 ἁμαρτιῶν,
3582 453 3677 504 καὶ

2093 525 2184 578 τὸν
2211 527 2415 598 Θωμᾶν
2445 531 2505 583 ού
2536 532 2844 598 κατέλιπες,
2869 533 2945 604 τῷ
2973 536 3070 606 τῆς
3099 537 3362 600 ἀπιστίας
3423 541 3672 593 καταϐα-

2094 618 2382 683 πτίζεσθαι
2415 622 2678 678 κλύδωνι·
2710 624 2792 679 διὸ
2823 627 3107 698 παράσχου
3158 630 3252 682 καὶ
3298 632 3432 700 ἡμῖν
3473 633 3678 700 γνῶσιν

2093 709 2289 783 ἀληθῆ,
2321 715 2414 768 καὶ
2440 714 2634 784 ἄφεσιν
2665 719 3044 788 πταισμάτων,
3076 718 3417 791 εὔσπλαγχνε
3444 724 3638 794 Κύριε.

2554 807 3133 880 Ἔξαποστειλὰριον
3168 817 3203 865 ι’

2164 895 2481 966 Τιϐεριάδος
2513 897 2780 964 θάλασσα,
2829 901 2926 955 σὺν
2962 901 3120 956 παισὶ
3148 902 3459 968 Ζεϐεδαίου,
3485 904 3672 958 Ναθα-

2091 987 2228 1057 ναὴλ
2251 987 2329 1058 τῷ
2358 989 2550 1062 Πέτρῳ
2578 1008 2662 1057 τε,
2696 991 2795 1046 σὺν
2823 990 2976 1046 δυσὶν
3005 993 3188 1055 ἄλλοις
3219 994 3410 1061 πάλαι,
3433 996 3529 1049 καὶ
3559 997 3672 1049 Θω-

2095 1081 2202 1150 μᾶν
2231 1075 2343 1151 εἶχε
2376 1083 2512 1152 πρὸς
2544 1083 2744 1154 ἀγραν⁶
2800 1084 2849 1138 οἳ
2893 1083 3132 1154 Χριστοῦ
3177 1088 3243 1156 τῇ
3297 1089 3674 1157 προστάξειεν

2089 1170 2283 1236 δεξιοῖς
2308 1173 2666 1244 χαλάσαντες,
2727 1175 2930 1247 πλῆθος
2952 1173 3131 1232 εἷλκον
3152 1179 3371 1250 ἰχθύων,
3388 1180 3447 1232 ὃν
3473 1181 3672 1253 Πέτρος

2090 1262 2272 1331 γνοὺς,
2293 1263 2430 1334 πρὸς
2454 1263 2616 1318 αύτδν
2645 1266 2895 1336 ὲνήξατο,
2926 1264 3008 1331 οἷς
3038 1269 3097 1322 τὸ
3124 1269 3305 1340 τρίτον
3333 1272 3548 1340 φανεὶς,
3580 1275 3674 1326 καὶ

2091 1356 2256 1427 ἄρτον
2289 1354 2456 1421 ἔδειξε
2487 1357 2580 1410 καὶ
2611 1356 2763 1428 ἰχθὺν
2795 1357 2884 1412 ἐπ’
2911 1359 3221 1431 ἀνθράκων.

2162 1447 2266 1500 Τδν
2301 1447 2608 1502 ἀναστάντα
2639 1447 2840 1520 Κύριον
2875 1451 3177 1522 τριήμερον
3220 1455 3283 1506 ὲκ
3329 1454 3420 1507 τοῦ
3471 1455 3666 1522 τάφου.

2092 1538 2358 1610 Παρθένε,
2395 1539 2713 1594 καθικέτευε
2777 1543 2917 1612 ὑπὲρ
2962 1544 3070 1596 τῶν
3109 1561 3168 1596 σε
3219 1545 3531 1616 ὑμνούντων
3579 1549 3674 1598 καὶ

2092 1631 2243 1703 πόθῳ
2279 1632 2728 1703 μακαριζόντων·
2771 1635 2831 1687 σὲ
2876 1636 2986 1706 γάρ
3034 1635 3231 1706 ἔχομεν
3279 1636 3476 1700 πάντες
3505 1655 3674 1691 κατα-

408 1692 896 1765 mediatricemque
929 1697 1072 1766 apud
1118 1698 1269 1752 illum
1311 1699 1615 1764 habemus;
1657 1717 1759 1756 nos
1817 1701 1984 1758 lucre-

2093 1692 2590 1793 guyi’w'omtr‘lptvov,
2630 1723 2725 1777 καὶ
2771 1692 2996 1794 μεσίτην
3043 1692 3178 1796 ⁴ιζρδς
3210 1725 3398 1779 τοῦτον
3427 1692 3671 1796 ’.κλῆρος

407 1785 554 1840 ditas
585 1794 676 1840 tua
705 1794 762 1840 et
797 1788 942 1843 servi
973 1790 1076 1852 tui,
1117 1805 1150 1844 ο
1181 1789 1440 1861 Deipara,
1476 1791 1542 1846 ad
1579 1800 1733 1847 tuum
1795 1794 1983 1864 suspio

407 1877 584 1933 cimus
610 1879 900 1934 auxilium.

685 1969 1014 2024 Mamurium
1049 1971 1133 2036 i0,
1159 1979 1317 2026 tonus
1349 1973 1592 2044 obliquus
1631 1974 1687 2028 2.

479 2055 776 2129 Postquam
809 2061 862 2115 in
896 2060 1171 2116 infernum
1217 2062 1625 2128 descendisses,
1657 2074 1710 2118 et
1743 2079 1807 2120 ex
1839 2078 1987 2120 rnor-

409 2150 520 2205 tuis
553 2151 919 2219 surrexisses,
949 2152 1209 2222 discipuli
1241 2162 1332 2207 tua
1366 2154 1742 2221 abscessionc,
1795 2163 1853 2210 ut
1889 2171 1989 2226 par

408 2254 551 2307 erat,
599 2245 859 2315 prostrati
901 2243 968 2298 ad
1011 2245 1391 2315 operationem
1437 2246 1691 2301 conversi
1735 2255 1883 2309 sunt,
1933 2253 1989 2302 ct

409 2347 606 2388 rursus
655 2336 723 2386 ad
771 2335 988 2406 navigia
1034 2345 1088 2390 et
1121 2337 1279 2401 retia,
1331 2336 1424 2392 sed
1481 2352 1754 2407 nusquam
1802 2338 1987 2407 pisces

405 2424 715 2493 capiebant.
773 2424 854 2480 Tu
922 2441 1074 2493 Vero,
1139 2425 1418 2489 Salvator,
1489 2429 1734 2482 omnium
1803 2444 1986 2483 rerum

408 2515 658 2578 Domine,
689 2517 1037 2573 dextrorsum
1071 2517 1208 2572 retia
1242 2519 1472 2587 injicere
1497 2520 1662 2590 jubes
1691 2538 1706 2586 ;
1760 2528 1816 2575 et
1861 2537 1989 2576 vere

405 2607 659 2677 operatio
717 2619 870 2662 tuum
919 2609 1149 2664 verbum
1207 2609 1329 2663 fuit.
1368 2610 1775 2666 Multitudincm
1836 2614 1983 2667 enim

407 2701 640 2768 piscium
689 2711 974 2771 ceperunt.
1025 2701 1136 2756 Nos
1183 2710 1367 2756 autem
1413 2703 1676 2773 hospitali
1709 2705 1984 2769 convivio,

406 2791 462 2843 in
493 2801 635 2845 terra
670 2802 882 2861 parato,
909 2791 1068 2860 cujus
1097 2801 1275 2849 tecum
1303 2793 1559 2865 discipuli
1609 2795 1765 2850 fuere
1816 2797 1986 2867 parti-

404 2882 993 2952 cipes,_spiritualiter
1040 2885 1271 2956 dignare
1322 2886 1606 2952 delectari,
1639 2902 1673 2943 0
1704 2887 1985 2943 hominum

405 2988 622 3031 amator
671 2977 901 3033 Domine
931 2979 946 3032 i

904 3155 1392 3227 Exapostcilnrium
1423 3159 1507 3214 il.

477 3243 610 3300 Post
645 3245 886 3301 divinam
932 3250 1422 3313 resurrectionem,
1473 3259 1557 3306 ter
1606 3249 1828 3305 Petrum
1881 3250 1985 3304 Do-

405 3338 586 3392 minus
612 3338 929 3394 sciscitatus
980 3359 995 3396 :
1039 3339 1230 3395 Utrum
1289 3359 1376 3398 me
1423 3344 1875 3398 amasisuarunt
1933 3344 1982 3398 ei

401 3428 589 3483 ovium
630 3431 1036 3501 pascendarum
1063 3434 1402 3504 prmeipuum
1424 3433 1720 3489 committit
1744 3450 1982 3503 munus;

400 3522 495 3592 qui
546 3523 881 3593 discipulum
925 3521 1056 3579 Jesu
1103 3527 1334 3580 charum
1393 3525 1587 3584 videns
1631 3537 1980 3596 sequentem,

402 3612 694 3668 Dominum
736 3615 1097 3687 interrogavit
1133 3634 1147 3670 :
1185 3616 1249 3670 Et
1297 3615 1389 3672 ille
1434 3616 1569 3688 quid
1616 3616 1640 3671 ί
1677 3615 1735 3671 Si
1780 3615 1975 3682 velim,

402 3705 687 3776 respondit
729 3705 1019 3775 Dominus,
1068 3707 1220 3763 illum
1285 3708 1462 3764 donec
1517 3709 1716 3765 iterum
1765 3709 1981 3766 veniam

401 3813 645 3866 manere,
675 3799 805 3869 quid
841 3799 907 3854 ad
930 3808 1004 3863 te,
1032 3799 1105 3854 mi
1139 3797 1302 3855 Petrc
1331 3801 1358 3855 2

472 3889 517 3944 Ο
549 3889 898 3946 tremendum
947 3891 1274 3962 mysterium
1307 3892 1321 3946 l
1351 3890 1398 3948 Ο
1439 3891 1765 3949 incredibile
1808 3893 1980 3947 mira-

401 3981 588 4036 culum
621 3982 634 4035 ι
673 3991 849 4037 morte
888 3997 1039 4038 mors
1063 3982 1292 4037 omnino
1321 3982 1506 4052 fugata
1537 3990 1642 4039 est.
1689 3983 1826 4050 Quis
1873 3999 1979 4038 non

402 4070 643 4127 celebret
700 4071 1002 4141 adorctque
1052 4078 1239 4138 tuam,
1300 4087 1335 4125 ο
1379 4070 1662 4139 Verbum,
1733 4089 1980 4130 resurre-

399 4163 660 4227 ctionem,
709 4170 764 4217 et
818 4177 939 4232 quae
974 4171 1028 4217 te
1078 4161 1422 4218 immaculato
1481 4164 1536 4218 in
1584 4179 1750 4221 carne
1796 4168 1982 4234 genuit

405 4253 692 4324 Deiparant
721 4254 746 4308 τ
785 4253 960 4325 Cujus
992 4253 1391 4312 intercessione
1429 4270 1622 4313 oumes
1656 4255 1726 4311 ab
1763 4257 1980 4312 inferno

400 4346 552 4400 salva
578 4345 592 4400 !

669 4436 997 4494 Matutinum
1033 4437 1120 4504 Η,
1154 4446 1305 4492 tonus
1335 4439 1577 4509 obliquus
1615 4441 1668 4495 4.

474 4529 837 4587 iianil’estans
904 4542 954 4587 te
1007 4532 1189 4602 ipsum
1246 4531 1555 4602 discipulis,
1609 4547 1644 4588 ο
1696 4531 1975 4600 Salvator,

400 4631 524 4694 pust
555 4624 1040 4690 resurrectionem,
1069 4622 1280 4679 Simoni
1313 4632 1532 4679 tuarum
1557 4624 1758 4680 dedisti
1790 4626 1976 4682 oviqu

397 4731 615 4780 curam,
649 4715 704 4770 in
732 4715 938 4770 amoris
967 4718 1398 4781 successionem,
1449 4715 1826 4786 pascendique
1851 4714 1976 4771 oili-

397 4808 545 4863 cium
591 4823 607 4871 ;
661 4805 895 4877 ideoque
949 4805 1105 4861 illum
1159 4806 1511 4877 interrogasti
1557 4823 1570 4859 :
1623 4805 1820 4862 Utrum
1892 4824 1981 4864 me

399 4915 574 4962 amas,
611 4897 769 4955 Petre
792 4898 818 4952 ἲ
848 4895 1020 4956 Pasce
1042 4912 1215 4970 agnos
1242 4912 1415 4963 meos,
1442 4913 1608 4971 pasce
1630 4914 1762 4954 oves
1795 4915 1972 4956 meas.

395 4991 499 5058 Qui
540 4991 654 5046 cito
681 4992 1008 5048 charitatem
1047 4999 1336 5049 ostentans
1365 4991 1436 5048 de
1475 4993 1650 5047 altero
1701 4991 1978 5064 discipulo

398 5084 719 5142 sciscitatus
747 5093 854 5142 est.
889 5085 1110 5142 illorum
1141 5085 1418 5157 precibus,
1470 5101 1504 5140 ο
1535 5085 1775 5155 Christe,
1845 5105 1976 5159 gre-

398 5193 520 5246 gem
551 5186 707 5234 tuum
741 5177 919 5250 ipsum
951 5178 1020 5235 ab
1054 5176 1274 5236 infestis
1305 5177 1449 5249 lupis
1473 5179 1691 5234 custodi
1728 5179 1742 5231 !

2010 4389 2063 4449 D

2087 1813 2196 1884 γὰρ
2228 1813 2318 1876 σὸς
2364 1815 2458 1866 καὶ
2482 1813 2692 1866 οἰκέται
2724 1813 2982 1882 πέλομεν,
3011 1814 3262 1879 Θεοτόκε,
3298 1816 3390 1868 καὶ
3413 1816 3547 1887 πρδς
3574 1818 3674 1887 τὴν

2091 1903 2189 1976 σὴν
2219 1902 2502 1974 ἀντίληψιν
2529 1903 2766 1966 ἅπαντες
2793 1903 3106 1976 ἀφορῶμεν.

2385 1995 2666 2049 Ἐωθινὸν
2705 2000 2757 2058 ι’,
2798 1991 2948 2064 ἦχος
2986 1994 3240 2064 πλάγιος
3274 1994 3352 2059 β’.

2160 2087 2314 2143 Μετά
2362 2087 2460 2159 τὴν
2504 2089 2584 2151 εἰς
2617 2087 2744 2159 ᾇδου
2775 2087 3034 2151 κάθοδνν,
3067 2089 3160 2142 καὶ
3201 2088 3298 2158 τὴν
3349 2091 3411 2142 ἐκ
3460 2089 3674 2159 νεκρῶν

2088 2181 2404 2241 ἀνάστασιν,
2435 2179 2790 2249 ἀθυμοῦντες,
2823 2178 2898 2239 ὡς
2947 2179 3112 2244 εἰκὸς,
3151 2180 3243 2233 ἐπὶ
3273 2180 3354 2249 τῷ
3403 2181 3669 2251 χωρισμῷ

2091 2290 2206 2340 σου,
2236 2273 2456 2343 Χριστὲ,
2509 2272 2558 2325 oi
2591 2272 2832 2341 μαθηταὶ
2868 2271 3004 2342 πρὸς
3033 2272 3296 2343 ἐργασίαν
3330 2272 3671 2341 ἐτράπησαν,

2089 2365 2184 2418 καὶ
2213 2365 2374 2418 πάλιν
2403 2364 2562 2417 πλοῖα
2593 2365 2686 2417 καὶ
2711 2363 2923 2426 δίκτυα,
2955 2363 3049 2416 καὶ
3076 2365 3222 2434 ἄγρα
3246 2364 3508 2434 ούδαμούο
3536 2365 3672 2416 ἀλλά

2090 2455 2177 2516 σὺ,
2215 2453 2419 2524 Σῶτερ,
2446 2452 2803 2522 ἐμφανισθεὶς
2831 2452 2906 2516 ὡς
2928 2453 3204 2520 Δεσπότης
3225 2453 3460 2518 πάντων,
3478 2452 3671 2518 δεξιοῖς

2088 2547 2154 2600 τά
2186 2545 2377 2599 δίκτυα
2405 2544 2647 2606 κελεύεις
2681 2544 2863 2614 βαλεῖν
2883 2585 2898 2610 ,
2933 2544 3026 2597 καὶ
3052 2539 3118 2615 ἦν
3141 2545 3170 2596 ὁ
3203 2543 3359 2611 λόγος
3391 2545 3549 2616 ἔργον
3579 2545 3669 2597 εύ-

2090 2637 2209 2702 θὺς,
2241 2637 2338 2692 κατ⁹
2362 2636 2565 2705 πλῆθος
2587 2636 2696 2688 τῶν
2722 2635 2920 2706 ἰχθύων
2949 2636 3105 2700 πολὺ,
3131 2639 3225 2689 καὶ
3249 2637 3466 2689 δεῖπνον
3497 2635 3668 2701 ξΞνον,

2088 2727 2305 2798 ἕτοιμον
2334 2727 2392 2780 ὲν
2427 2729 2519 2797 γῇ,
2552 2726 2612 2778 ού
2653 2726 3031 2796 μετασχόντων
3061 2726 3180 2779 τότε
3214 2743 3306 2779 σου
3337 2726 3446 2779 τῶν
3491 2727 3668 2797 μαθη-

2087 2820 2226 2872 τῶν·
2269 2817 2363 2873 καὶ
2393 2819 2541 2888 ἡμᾶς
2579 2816 2675 2870 νῦν
2706 2818 2912 2888 νοητῶς
2947 2816 3283 2883 καταξίωσον
3310 2816 3670 2888 ἐντρυφῆσαι,

2092 2911 2446 2983 φιλάνθρωπε
2479 2911 2676 2980 Κύριε.

2537 3151 3106 3220 Ἔξαποστειλὰριον
3142 3167 3200 3204 ια
3220 3190 3233 3204 .

2164 3243 2320 3299 Μετὰ
2339 3243 2437 3314 τὴν
2461 3243 2614 3296 θείαν
2633 3243 2873 3314 ἔγερσιν,
2891 3245 3011 3312 τρὶς
3036 3242 3116 3311 τῷ
3141 3242 3352 3312 Πέτρῳ,
3369 3240 3545 3304 Φιλεῖς
3563 3257 3628 3310 με
3651 3257 3666 3304 ;

2097 3337 2396 3407 πυθόμενος
2430 3338 2458 3389 ὁ
2489 3335 2712 3405 Κύριος,
2741 3334 2849 3387 τῶν
2885 3333 3033 3388 ἰδίων
3091 3333 3379 3405 προϐάτων
3428 3332 3637 3403 προϐάλ

2091 3431 2241 3483 λεται
2268 3429 2672 3498 ποιμενάρχην⁶
2706 3427 2766 3490 ὃς
2792 3425 2914 3480 ἰδὼν
2943 3426 3004 3478 ὃν
3029 3426 3220 3494 ἠγάπα
3249 3425 3279 3477 ὁ
3299 3423 3508 3494 Ἰησοῦς
3538 3424 3668 3476 ἑπό-

2095 3539 2276 3591 μενον,
2318 3522 2482 3592 ἤρετο
2511 3521 2603 3573 τὸν
2626 3521 2924 3589 Δεσπότηνο
2947 3513 3115 3581 Οὗτος
3146 3518 3205 3571 δὲ
3235 3519 3322 3582 ti;
3347 3516 3474 3569 Ἐάν
3503 3515 3666 3578 θέλω,

2093 3614 2284 3685 ἔφησε,
2318 3613 2498 3683 μένειν
2515 3611 2725 3678 τοῦτον,
2749 3610 2852 3674 ἓως
2881 3610 2973 3663 καὶ
2997 3609 3157 3663 πάλιν
3188 3609 3440 3680 ἔρχομαι,
3461 3608 3511 3662 τί
3535 3607 3670 3677 πρὸς

2094 3706 2174 3771 σὲ,
2209 3703 2330 3774 φίλε
2370 3702 2571 3774 turpe;

2165 3889 2228 3940 Ὢ
2263 3883 2494 3956 φοϐερὸν
2539 3883 2836 3954 μυστήριον
2865 3882 2878 3934 l
2907 3880 2954 3934 ὣ
2997 3877 3298 3952 παράδοξον
3328 3877 3553 3947 θαῦμαι
3584 3877 3673 3929 διὰ

2093 3978 2324 4034 θανάτου
2377 3975 2606 4037 θάνατος
2658 3971 2937 4035 παντελῶς
2989 3970 3294 4041 ἠφανίσθη·
3327 3968 3411 4032 τίς
3455 3963 3551 4021 οὖν
3595 3969 3671 4036 μὴ

2091 4067 2414 4139 άνυμνήσει,
2444 4067 2540 4119 καὶ
2569 4063 2652 4126 τίς
2705 4062 2780 4133 μὴ
2805 4063 3173 4133 προσκυνήσει
3202 4078 3294 4114 σου
3317 4059 3416 4130 τὴν
3433 4059 3672 4112 ἀνάστα-

2093 4178 2198 4221 σιν,
2230 4159 2407 4226 Δὸγε,
2459 4158 2554 4210 καὶ
2598 4156 2700 4225 τὴν
2745 4156 2925 4224 ἁγνῶς
2966 4157 3024 4208 ὲν
3078 4154 3246 4223 σαρκὶ
3293 4151 3562 4206 τεκοῦσάν
3610 4169 3670 4202 σε

2089 4251 2383 4315 Θεοτόκονς
2435 4245 2502 4320 ἧς
2553 4251 2672 4312 ταῖς
2734 4247 3053 4318 πρεσϐείαις
3098 4248 3346 4308 ἅπαντας
3392 4244 3669 4314 λύτρωσαι

2089 4345 2186 4415 τῆς
2215 4341 2462 4412 γεέννης.

2386 4435 2670 4492 Ἐωθινὸν
2707 4431 2799 4499 la',
2826 4429 2978 4503 ἦχος
3021 4431 3277 4502 πλάγιος
3311 4429 3382 4488 δ’.

2157 4531 2412 4604 Φανερῶν
2439 4531 2632 4584 ἑαυτὸν
2660 4529 2776 4590 τοῖς
2833 4526 3104 4596 μαθηταῖς
3135 4543 3253 4588 σου,
3283 4525 3495 4595 Σῶτερ,
3528 4522 3670 4594 μετά

2086 4625 2188 4693 τὴν
2230 4624 2549 4683 ἀνάστασιν,
2595 4620 2798 4691 Σίμωνι
2832 4618 3073 4681 δέδωκας
3103 4617 3204 4688 τὴν
3233 4617 3346 4669 τῶν
3379 4614 3663 4687 προϐάτων

2087 4715 2278 4788 νομὴν,
2309 4715 2389 4777 είς
2436 4712 2657 4782 ἀγάπης
2702 4710 3034 4775 ἀντέκτισιν,
3073 4709 3176 4775 τὴν
3213 4707 3308 4761 τοῦ
3358 4708 3669 4779 ποιμαίνειν

2090 4803 2346 4875 φροντίδα
2392 4801 2558 4858 αἰτῶν
2581 4817 2594 4831 ·
2626 4800 2708 4854 διδ
2755 4799 2852 4853 καλ⁸
2881 4798 3096 4866 ελεγες·
3125 4799 3188 4852 Εἰ
3233 4796 3430 4866 φιλεῖς.
3471 4798 3665 4868 Πέτρε,

2087 4897 2346 4967 ποίμαινε
2371 4892 2442 4948 τά
2470 4892 2633 4964 ἀρνία
2657 4910 2782 4962 μου,
2811 4891 3064 4961 ποίμαινε
3098 4889 3166 4942 τὰ
3191 4889 3444 4958 πρόϐατά
3465 4907 3588 4960 μου.
3608 4889 3669 4941 ’0

2082 4987 2140 5041 δὲ
2187 4985 2390 5049 εὐθέως
2437 4982 2845 5053 ἐνδεικνύμενος
2892 4982 2954 5035 τὸ
3011 4981 3384 5050 φιλόστοργον,
3415 4978 3547 5050 περὶ
3572 4979 3666 5032 τοῦ

2081 5081 2243 5136 ἄλλου
2293 5078 2539 5150 μαθητοῦ
2583 5077 2922 5132 ἐπυνθάνετο
2945 5091 2960 5106 ·
3015 5068 3093 5129 ὧν
3145 5075 3265 5137 ταῖς
3319 5072 3662 5142 πρεσϐείαις,

2088 5175 2130 5226 Χ
2141 5173 2312 5244 ριστὲ,
2345 5172 2444 5243 τὴν
2471 5171 2707 5241 ποίμνην
2748 5185 2845 5222 σου
2891 5166 3216 5238 διαφύλαττε
3250 5167 3312 5219 ὲκ
3354 5163 3536 5218 λύκων
3568 5162 3656 5217 Zu-

2092 5262 2435 5333 μαινομένων
2469 5261 2660 5332 αὐτήν.
