3970 6212
447 365 556 425 ῘΓ)
1693 359 1968 419 LEONIS
2000 361 2020 419 ι

2137 361 2452 420 LOSOPHI

457 516 758 531 ———————-—-

3577 361 3675 424 316

644 688 1280 809 LEONIS
1356 685 2615 802 IMPERATORIS
2689 685 3485 802 AUGUSTI

1658 913 2074 958 COGNOMENTO
2136 911 2503 956 PHILOSOPIH

1350 1083 1452 1142 AD
1479 1083 1814 1143 OMARUM
1873 1082 2434 1142 SARACENORUM
2513 1079 2777 1140 REGEM

1041 1250 1121 1306 De
1201 1247 1346 1324 ﬁdei
1427 1245 1802 1308 Christiana:
1883 1245 2144 1305 veritate
2212 1255 2268 1306 et
2329 1247 2644 1326 mysteriis
2696 1254 2750 1306 et
2810 1243 2881 1304 de
2923 1242 3111 1304 rariis

1353 1372 1810 1431 Saracenorum
1880 1371 2210 1433 hwresibus
2272 1379 2329 1431 et
2381 1369 2777 1447 blasphemus

1769 1551 2390 1643 EPISTOLA.

448 1743 830 1807 (ςδοηιιιιιοτίιιιιο
862 1745 1166 1805 Champerio,
1204 1743 1542 1807 Lugdunensl,
1569 1744 1846 1803 interprete
1879 1742 2102 1804 Lugduni
2139 1743 2320 1803 prodiit
2342 1755 2470 1790 anno
2504 1743 2617 1793 1501
2645 1756 2658 1803 ;
2693 1757 2860 1792 recusa
2885 1743 3067 1790 deinde
3108 1743 3156 1790 in
3213 1737 3436 1790 Bibliotlt.
3487 1741 3693 1788 Patrum

1677 1829 1903 1884 maxima,
1939 1834 2053 1875 tom.
2091 1825 2236 1884 XVII,
2259 1840 2304 1886 p.
2343 1825 2446 1886 45.)

515 2121 696 2174 Gloria
744 2119 872 2184 Deo,
922 2129 976 2174 et
1019 2121 1298 2188 multiplex
1347 2123 1645 2191 gratiarum
1684 2124 1825 2178 actio
1856 2139 2020 2178 exsu-
2053 2141 2092 2192 Α
2124 2124 2221 2189 tio,
2281 2130 2626 2192 perscrutare
2677 2127 2833 2172 vetus
2897 2125 3282 2172 testamcrtum
3328 2115 3475 2185 quod
3541 2114 3694 2169 dedit

444 2227 640 2278 pet-aus
683 2210 855 2266 oculos
915 2219 970 2263 et
1033 2211 1355 2278 perveniens
1408 2211 1474 2264 ad
1527 2226 1588 2264 ea
1650 2228 1770 2281 quae
1822 2213 2016 2282 placita

442 2311 573 2354 sum
609 2301 708 2366 illi,
741 2310 794 2356 et
828 2310 1125 2371 penetrans
1171 2301 1354 2354 abdita
1398 2303 1591 2370 ipsius,
1617 2305 1775 2370 cujus
1798 2313 1879 2357 est
1925 2304 2020 2356 bo-

444 2396 586 2448 nitas
624 2401 678 2447 et
707 2393 990 2448 miseratio
1019 2408 1183 2461 super
1213 2408 1404 2447 servos
1435 2409 1589 2458 suos,
1620 2395 1712 2464 qui
1737 2405 1820 2449 est
1851 2411 2015 2459 unus,

440 2491 495 2534 et
520 2495 625 2533 non
668 2490 752 2534 est
777 2481 921 2534 alius
949 2488 1145 2549 praeter
1182 2495 1324 2534 eum.
1358 2479 1527 2548 Ipsius
1561 2490 1646 2535 est
1678 2482 1931 2546 altitudo,
1965 2491 2019 2537 ct

447 2571 793 2641 magnitudo,
857 2578 911 2625 et
947 2586 1201 2640 regnum,
1247 2578 1303 2624 et
1360 2583 1621 2640 potestas,
1680 2574 1797 2643 ipse
1835 2577 2018 2629 omnia

441 2665 872 2733 circumquaque
929 2665 1319 2733 complectens.
1378 2664 1667 2722 Credimus
1728 2668 1783 2720 in
1853 2684 2019 2722 unum

450 2754 638 2817 Deum,
689 2754 780 2806 cui
814 2752 1011 2806 similis
1065 2768 1172 2806 non
1211 2763 1315 2819 est,
1375 2770 1474 2810 uec
1521 2756 1658 2809 alius
1694 2765 1778 2810 est
1828 2766 2022 2826 prmter

445 2859 593 2894 cum.
660 2843 732 2896 De
772 2851 969 2896 castero
1020 2843 1222 2898 notasti
1282 2845 1412 2898 mihi
1467 2859 1906 2902 commemorans
1957 2849 2024 2902 de

449 2934 674 2987 Christo
727 2933 864 2988 Filio
911 2933 1113 3000 Mariae,
1143 2951 1314 3006 quare
1352 2937 1644 2993 adoremus
1689 2955 1812 2994 eum
1847 2956 1860 2992 :
1895 2955 2020 2994 cum

450 3027 565 3091 ipse
607 3023 675 3078 de
738 3025 1036 3095 semetipso
1090 3027 1461 3080 testimonium
1519 3029 1797 3097 perhibent
1835 3029 2024 3086 dicens

449 3115 597 3184 quod
634 3119 835 3171 missus
867 3117 937 3172 sit
968 3132 997 3170 a
1031 3118 1156 3182 Deo,
1182 3127 1236 3172 et
1262 3119 1353 3188 qui
1386 3120 1672 3178 confessus
1699 3121 2020 3184 fueriteum,

453 3209 809 3263 conﬁtebitur
835 3224 1020 3263 coram
1051 3224 1118 3264 eo
1170 3213 1263 3280 qui
1301 3212 1449 3265 misit
1483 3213 1634 3266 illum
1665 3230 1678 3266 :
1721 3222 1775 3268 et
1804 3215 2024 3278 iterum,

453 3313 573 3350 cum
635 3297 962 3350 ascenderet
1011 3296 1076 3349 ad
1123 3299 1319 3361 cintus,
1352 3297 1491 3351 dixit
1543 3298 1828 3370 discipulis
1859 3302 2023 3356 suis:

445 3388 682 3442 Ascendo
734 3389 803 3440 ad
846 3385 1152 3442 Creatorem
1184 3406 1374 3454 meum,
1419 3399 1467 3444 et
1509 3391 1579 3443 ad
1612 3390 1916 3446 Creatorem
1950 3394 2024 3464 (I)

2120 2214 2260 2269 Deus
2321 2213 2446 2266 tiliis
2475 2212 2661 2271 Israel,
2698 2208 2865 2278 Moysi
2913 2215 2968 2261 et
2998 2207 3183 2272 David,
3232 2207 3513 2276 pr0phetis
3546 2208 3688 2259 Suis.

2119 2308 2185 2361 Et
2218 2307 2411 2358 iterum
2443 2311 2689 2357 scrutare
2723 2316 2915 2354 novam
2968 2301 3158 2369 legem,
3184 2300 3328 2368 quod
3394 2308 3475 2351 est
3508 2296 3659 2349 Evau

2119 2397 2341 2466 gelimr,
2374 2393 2518 2464 quod
2547 2392 2734 2445 datum
2755 2399 2837 2446 est
2865 2391 3024 2445 nobis
3053 2389 3122 2442 ab
3151 2386 3413 2458 apostolis
3439 2386 3643 2440 Christi
3668 2403 3685 2450 ;

2119 2496 2171 2542 et
2197 2497 2324 2540 tunc
2350 2484 2607 2550 reperies.
2645 2483 2712 2536 de
2743 2482 2960 2536 Christo
2991 2480 3276 2535 veritatem
3306 2484 3358 2531 et
3399 2477 3542 2530 viam
3601 2492 3692 2530 re-

2120 2582 2263 2628 ctam
2302 2588 2368 2627 eo
2403 2587 2575 2641 usque
2603 2577 2662 2624 ut
2693 2586 2800 2624 non
2830 2570 2902 2624 sit
2941 2569 2995 2624 in
3030 2577 3081 2624 te
3115 2569 3221 2622 ulla
3255 2567 3530 2628 titubatio,
3561 2566 3696 2617 dum

2121 2665 2326 2720 videris
2378 2663 2718 2733 Scripturam
2753 2661 3122 2718 teStimouium
3158 2659 3557 2730 perhibentem,
3592 2658 3702 2712 silui

2123 2755 2356 2808 invicem
2417 2752 2845 2807 coucordantem
2904 2753 2958 2804 in
3015 2750 3260 2812 Christo,
3317 2746 3461 2818 quod
3514 2757 3601 2800 cst
3642 2747 3702 2798 iu

2124 2860 2266 2900 novo
2313 2855 2368 2899 ct
2419 2844 2588 2899 veteri
2631 2849 2982 2904 testamento,
3019 2851 3072 2895 et
3117 2849 3248 2894 tunc
3276 2853 3397 2893 vere
3425 2837 3704 2904 intelliges

2123 2935 2191 2989 de
2245 2933 2486 2988 Christo.
2523 2931 2796 2986 Scientem
2841 2941 2891 2985 te
2923 2929 3207 2985 reddinms
3262 2928 3329 2981 de
3371 2926 3473 2980 lldc
3506 2934 3701 2979 nostra

2123 3025 2396 3098 quomodo
2421 3026 2710 3078 adoremus
2732 3038 2876 3088 eum,
2906 3031 2960 3076 et.
2983 3037 3104 3089 qua:
3135 3021 3205 3076 sit
3233 3018 3472 3075 eruditio
3501 3018 3555 3071 in
3583 3033 3698 3084 qua

2124 3133 2336 3182 smnus,
2372 3116 2547 3170 donec
2579 3114 2876 3183 intelligas,
2901 3113 2946 3169 si
2966 3123 3144 3166 tamen
3172 3111 3427 3180 placitum
3453 3117 3539 3162 est
3567 3105 3704 3169 Deo,

2125 3211 2315 3263 dantes
2358 3207 2454 3260 tibi
2487 3205 2860 3260 testimonium
2920 3203 2987 3258 de
3041 3217 3184 3257 novo
3232 3210 3286 3254 et
3319 3199 3484 3254 veteri
3519 3207 3701 3252 testa-

2127 3307 2329 3362 mento,
2387 3297 2512 3370 quia
2565 3294 2711 3365 quod
2738 3295 2976 3350 dicimus
3004 3295 3072 3348 de
3102 3293 3346 3356 Christo,
3384 3305 3574 3345 verum
3614 3291 3705 3342 di-

2129 3391 2304 3445 cimus
2339 3409 2351 3444 :
2405 3389 2711 3444 secundum
2768 3388 2917 3458 quod
2956 3386 3141 3442 notavi
3175 3384 3293 3449 tibi,
3324 3383 3600 3437 trutinare
3652 3392 3707 3436 ct

443 3489 691 3541 restrum,
723 3477 792 3530 ad
826 3475 991 3530 Deum
1044 3494 1212 3530 utrum
1245 3489 1292 3532 et
1323 3480 1390 3531 ad
1444 3479 1606 3533 Deum
1633 3491 1860 3535 vestrum
1888 3483 1928 3535 '.
1965 3483 2026 3537 lit
2060 3483 2098 3536 Β
2129 3491 2378 3538 scrutare
2405 3481 2579 3536 donec
2605 3479 2769 3535 scias.

445 3570 642 3623 iterum
690 3568 850 3632 dicis,
895 3568 1044 3637 quia,
1089 3583 1213 3622 cum
1267 3571 1352 3622 lex
1387 3570 1558 3640 Moysi
1599 3570 1651 3624 in
1686 3572 1809 3640 igne
1833 3574 2022 3628 fuisset

439 3666 683 3711 cremata
707 3665 760 3710 et
792 3666 1114 3712 renovasset
1130 3673 1250 3712 eam
1287 3657 1492 3714 Esdras
1524 3659 1796 3729 propheta
1836 3671 1894 3716 ut
1923 3678 2022 3731 po-

448 3747 556 3799 tuit
589 3746 638 3800 ei
674 3746 936 3801 memoria
971 3746 1155 3802 cordis
1178 3749 1262 3802 sui
1295 3750 1594 3814 recordari,
1627 3759 1680 3805 et
1749 3766 1855 3806 nou
1905 3754 2024 3808 sine

447 3836 753 3900 mendacio,
786 3847 971 3891 etnon
1013 3837 1119 3891 fuit
1156 3838 1358 3891 ibidem
1391 3841 1714 3895 recordatus
1739 3842 1807 3897 de
1836 3857 2022 3899 resur-

445 3927 708 3989 rectione,
757 3942 933 3996 neque
956 3927 1025 3980 de
1055 3928 1332 3996 paradiso,
1365 3944 1545 3999 neque
1590 3931 1658 3986 de
1685 3933 1921 3989 inferno.
1956 3936 2024 3990 Et

449 4018 650 4068 iterum
703 4016 868 4082 dicis,
915 4017 1059 4086 quod
1101 4019 1228 4073 talis
1265 4018 1339 4072 sit
1380 4019 1638 4077 Christus
1666 4032 1792 4079 ante
1825 4025 2017 4090 Deum,

449 4102 634 4171 qualis
686 4113 740 4157 et
768 4104 963 4168 Adam,
1015 4111 1069 4158 et
1099 4105 1228 4174 quia
1258 4106 1496 4161 comedit
1535 4107 1790 4166 Christus
1811 4120 1862 4166 ct
1894 4113 2021 4167 dor-

444 4194 622 4257 mivit,
663 4195 808 4250 sicut
843 4203 901 4250 et
949 4196 1124 4250 Adam
1154 4204 1247 4252 :et
1277 4205 1457 4253 tamen
1495 4215 1606 4255 non
1638 4210 1690 4256 te
1714 4207 2022 4260 etuuniovit

447 4287 518 4339 ad
566 4287 667 4340 hoc
697 4286 803 4342 nisi
841 4288 1090 4357 paucitas
1136 4289 1511 4359 intelligentia
1545 4301 1650 4347 tua:
1678 4293 1745 4348 de
1779 4296 2019 4352 Christo.

444 4376 510 4429 tit
541 4376 738 4431 iterum
785 4379 1039 4448 cognovi,
1089 4379 1216 4447 quia
1263 4379 1402 4436 dicis
1449 4381 1597 4450 quod
1649 4380 1818 4438 Maria
1866 4399 2024 4441 soror

443 4471 630 4523 Aaron
674 4478 728 4524 ct
759 4469 931 4541 Moysi
981 4472 1234 4542 genuerit
1263 4472 1542 4528 Christum
1591 4491 1605 4528 :
1657 4485 1712 4530 et
1747 4479 2022 4547 quomodo

443 4561 623 4630 putuit
679 4577 824 4625 esse,
858 4578 982 4616 cmn
1016 4572 1229 4617 mortua
1267 4562 1429 4619 fuerit
1469 4576 1756 4637 postquam
1814 4571 2020 4640 egressi

440 4665 572 4707 sunt
599 4653 667 4707 de
699 4653 933 4724 Aigypto
974 4653 1028 4708 iu
1055 4654 1295 4719 deserto,
1329 4664 1382 4710 et
1407 4672 1568 4712 nemo
1597 4675 1665 4713 ex
1697 4660 1777 4715 eis
1815 4661 2022 4732 ingres-

445 4762 544 4801 sus
600 4747 673 4800 sit
713 4753 918 4800 terram
980 4747 1451 4816 repromissionis,
1517 4750 1678 4820 longe
1726 4760 2016 4822 antequam

2197 3572 2478 3641 Cognosce
2539 3569 2686 3640 quod
2753 3576 3038 3638 postquam
3109 3566 3165 3619 in
3232 3564 3503 3634 principio
3568 3562 3698 3616 fecit

2128 3659 2272 3716 Deus
2326 3661 2527 3715 coelum
2582 3667 2636 3713 et
2670 3666 2872 3713 terram
2926 3656 3107 3728 (cujus
3129 3669 3329 3710 nomen
3359 3663 3444 3709 est
3476 3652 3707 3708 benedi-

2124 3751 2294 3821 ctum)
2330 3762 2382 3806 ct
2421 3765 2676 3819 magnum
2709 3749 2892 3803 lumen
2939 3748 3066 3802 εωιί
3115 3755 3170 3801 et
3207 3754 3386 3808 terrae,
3411 3745 3559 3814 quod
3591 3758 3701 3796 nou

2124 3843 2353 3913 capiunt
2381 3851 2600 3904 cuncta,
2645 3854 2826 3910 neque
2873 3837 3188 3891 mortalium
3235 3834 3459 3900 attingit
3495 3833 3703 3886 intelli-

2125 3938 2326 4007 gentia,
2355 3935 2504 3988 visus
2537 3941 2622 3988 est
2655 3930 2822 4002 Moysi
2858 3932 2912 3984 in
2944 3931 3067 3999 igne
3095 3929 3152 3982 in
3191 3935 3378 3980 monte
3409 3925 3544 3978 Sina
3566 3926 3587 3954 '
3611 3966 3626 3988 ,
3650 3925 3704 3976 in

2125 4029 2289 4082 verho
2319 4025 2570 4080 luminis:
2603 4033 2657 4078 et
2680 4022 2837 4085 dixit,
2858 4019 2936 4076 Ne
2962 4021 3180 4083 timeas,
3201 4016 3438 4088 Moyses,
3463 4031 3565 4083 ego
3587 4030 3704 4068 sunt

2126 4117 2388 4172 Dominus
2411 4117 2550 4172 Deus
2579 4124 2732 4179 tuus,
2749 4123 2966 4170 creator
2993 4120 3141 4173 tuus,
3168 4111 3352 4164 lumen
3382 4109 3447 4164 de
3470 4108 3700 4167 lumine,

2124 4207 2361 4264 Verbum
2376 4209 2441 4262 de
2463 4207 2618 4261 Patre
2631 4221 2696 4260 ex
2713 4206 2915 4275 quibus
2932 4203 3172 4272 Spiritus
3189 4209 3416 4254 sanctus
3436 4198 3698 4268 procedit.

2124 4298 2191 4353 Et
2222 4300 2344 4355 ideo
2371 4299 2625 4362 dicimus,
2660 4297 2819 4351 Pater
2834 4307 2888 4352 et
2909 4295 3081 4348 Filius
3104 4305 3157 4348 et
3190 4292 3432 4362 Spiritus
3454 4297 3700 4352 sanctus,

2126 4392 2306 4446 lumen
2327 4389 2394 4444 de
2426 4390 2650 4451 lumine,
2675 4388 2904 4442 verbum
2923 4385 2992 4440 de
3013 4385 3123 4440 Deo
3155 4402 3171 4438 :
3195 4384 3321 4453 quia
3352 4396 3521 4437 unum
3555 4391 3701 4440 sunt,

2126 4499 2232 4538 non
2260 4491 2576 4552 separantes
2591 4497 2676 4545 ea,
2703 4481 2832 4549 quia
2860 4477 3105 4547 procedit
3124 4474 3362 4529 Verbum
3388 4475 3453 4527 de
3478 4471 3704 4531 lumine,

2123 4585 2177 4631 et
2196 4575 2435 4644 Spiritus
2463 4580 2691 4629 sanctus
2707 4571 2775 4625 de
2804 4571 3026 4632 lumine,
3055 4579 3107 4623 et
3128 4567 3256 4638 quia
3275 4579 3386 4620 non
3407 4563 3565 4618 estin
3588 4562 3709 4615 loco

2127 4667 2356 4720 minimo
2412 4665 2695 4728 minimus,
2742 4669 2797 4716 et
2838 4661 2892 4715 in
2944 4660 3182 4713 tuaximo
3249 4652 3570 4723 multiplex,
3612 4650 3707 4704 sed

2128 4757 2332 4826 ubique
2382 4766 2528 4810 totus
2567 4763 2672 4808 est.
2715 4751 2934 4806 Intuere
2967 4728 3138 4803 sole’m
3189 4747 3244 4801 iu
3271 4757 3383 4816 quo
3406 4750 3538 4798 sunt
3570 4741 3706 4793 radii

445 4847 771 4892 nasceretur
823 4837 993 4891 Maria
1017 4814 1188 4892 Mater
1215 4839 1421 4895 Christi
1455 4849 1509 4895 et
1541 4814 1696 4910 pater
1723 4841 1844 4910 ejus
1872 4814 2018 4897 'Joa-
2046 4814 2087 4870 C
2122 4855 2175 4902 et
2203 4814 2463 4918 splendor
2496 4864 2509 4900 :
2545 4843 2794 4913 nunquid
2825 4856 2934 4895 non
2960 4840 3138 4903 vides,
3169 4814 3302 4907 quia
3327 4848 3504 4905 usque
3525 4844 3707 4900 aequa-

441 4929 607 4982 ehim.
652 4927 784 4982 Nam
824 4928 1011 4994 Maria,
1065 4929 1171 4983 tilia
1208 4930 1412 4994 Aaron,
1455 4930 1557 4985 fuit
1589 4932 1656 4986 de
1703 4934 1846 4987 tribu
1897 4933 2023 4991 Levi
2118 4940 2187 4995 lis
2237 4940 2373 4995 est?
2424 4938 2642 5005 Quanto
2717 4935 2893 5005 magis
2943 4931 3085 4988 Deus
3140 4929 3234 5000 qui
3268 4928 3396 4984 fecit
3448 4925 3619 4980 solem
3655 4931 3708 4973 et.

444 5019 539 5075 tilii
581 5017 775 5086 Iacob,
826 5020 994 5076 Maria
1045 5036 1175 5077 vero
1255 5020 1427 5076 Mater
1479 5023 1713 5086 Christi,
1759 5025 1868 5080 tilia
1920 5025 2024 5081 fuit
2117 5029 2303 5083 omnia
2335 5043 2456 5099 qua:
2485 5033 2614 5083 sunt
2644 5025 2786 5080 intra
2816 5023 3016 5078 cretum
3044 5029 3100 5077 et
3129 5017 3365 5074 terram!
3393 5015 3494 5068 Per
3522 5013 3704 5066 lumen

442 5109 690 5166 Joachim
722 5112 790 5166 de
817 5127 1015 5182 genere
1041 5111 1232 5178 David,
1264 5111 1332 5167 de
1363 5113 1507 5167 tribu
1530 5111 1668 5168 Juda
1700 5114 1793 5169 lilii
1829 5113 2020 5172 Iacob.

451 5198 838 5257 Verumtamen
871 5204 917 5257 si
951 5203 1086 5258 velis
1121 5191 1267 5259 scire
1287 5202 1355 5258 de
1383 5203 1626 5268 Christo,
1661 5214 1718 5259 ut
1742 5206 2017 5275 pertineat

443 5292 513 5346 ad
537 5301 590 5349 te
619 5295 810 5350 notitia
837 5296 1012 5365 ipsius
1041 5295 1215 5352 donec
1243 5312 1353 5352 nou
1385 5298 1456 5352 sit
1492 5299 1545 5352 in
1586 5304 1640 5353 te
1670 5298 1781 5353 ulla
1809 5299 2013 5354 tituba-

520 5475 536 5504 ¹
570 5472 594 5527 ι
634 5488 724 5527 an.
759 5490 850 5538 xv,
885 5475 966 5527 l7.
1044 5478 1062 5506 ’
1095 5476 1260 5529 Exod.
1297 5493 1405 5530 six.

2119 5128 2173 5174 et
2193 5118 2430 5175 Verbum
2493 5117 2638 5188 quod
2668 5127 2839 5170 estex
2878 5113 3084 5182 seipso,
3122 5109 3265 5164 facta
3309 5115 3435 5163 sunt
3491 5103 3698 5160 omnia.

2124 5217 2178 5263 et
2207 5209 2373 5263 voluit
2411 5210 2587 5278 ipsum
2640 5206 2878 5261 Verbum
2920 5204 3105 5260 dicere
3141 5199 3337 5255 Filium
3369 5212 3557 5254 suum.
3593 5191 3698 5245 Sed

2123 5315 2192 5355 ne
2235 5315 2455 5368 paveas,
2491 5299 2728 5354 Verbum
2779 5296 2869 5352 Dei
2915 5295 3099 5350 dicere
3132 5290 3328 5346 Filium
3361 5288 3454 5344 Dei
3493 5301 3508 5338 :
3577 5281 3705 5352 quia

1974 5625 2205 5682 NOTAE.

523 5748 596 5813 (ε)
654 5742 748 5796 llic
803 5745 1030 5796 (IDS'TVR
1091 5744 1500 5798 Mahumetauos
1562 5748 1697 5801 male
1748 5747 1923 5816 legere
1964 5746 2288 5810 Creatorem,
2321 5760 2439 5816 pro,
2478 5743 2711 5799 Patrem.
