4088 6208
333 348 438 409 ξιξ-ι

1540 363 1898 425 EPISTOLA
1933 368 2032 427 AD
2068 368 2410 437 OMARUM.

3481 396 3584 462 318

339 457 482 510 Deus
522 455 681 511 Pater
720 469 804 514 est
837 459 998 517 Verbi
1031 464 1137 529 sui,
1165 477 1220 521 et
1257 467 1348 523 ubi
1396 480 1477 525 est
1523 469 1754 525 Verbum
1809 474 1920 541 Dei,
1955 485 1996 539 Α
2030 479 2218 542 veniet,
2248 491 2297 534 et
2333 497 2435 534 non
2468 482 2699 537 tardabit
2728 487 2794 540 ὀ.
2834 486 3000 546 lsaias
3035 510 3048 547 :
3084 491 3213 549 Post
3256 505 3305 551 te
3335 502 3583 557 ambula-

334 544 404 594 Illi
441 552 531 596 est
569 547 732 608 Deus,
760 544 887 617 q'uia
917 549 1156 606 Verbum
1190 553 1282 609 Dei
1310 572 1374 611 ex
1409 557 1517 612 Deo
1548 570 1652 624 est,
1686 572 1739 615 et
1780 563 1905 632 Spi-

333 635 473 685 ritus
533 645 761 690 sanctus
814 654 877 692 ex
913 638 1022 694 Deo
1079 653 1205 697 est:
1262 654 1315 699 et
1344 663 1463 715 quae
1494 651 1607 704 vult
1641 650 1902 717 Verbum,

329 736 617 789 emeratur,
647 736 702 779 et
751 742 873 795 qua:
906 729 1015 783 vult
1052 730 1291 801 Spiritus
1343 747 1590 806 sanctus,
1621 752 1901 809 operatur,

328 822 379 864 et
413 828 539 881 qua:
573 816 687 869 vult
737 818 924 882 Pater,
964 830 1246 889 operatur,
1278 834 1333 880 et
1373 825 1487 882 ha:c
1517 831 1698 884 omnia
1761 849 1901 889 unus

333 904 478 959 Deus
530 918 816 978 operatur.
872 911 991 967 Non
1047 914 1341 974 dividimus
1392 920 1534 977 inter
1576 939 1692 990 eos,
1726 942 1902 998 neque

328 999 518 1063 plures
574 999 708 1055 deos
735 1002 969 1060 dicimus
997 1006 1081 1059 cui
1126 1022 1233 1062 non
1286 1019 1372 1064 est
1426 1012 1624 1069 similis
1654 1016 1708 1069 in
1736 1033 1899 1088 regno

327 1100 561 1140 manens
584 1088 637 1139 in
665 1099 1015 1158 perpetuum,
1049 1110 1275 1165 regnum
1304 1111 1574 1157 sanctmn.
1602 1102 1761 1160 l’ater
1787 1123 1895 1163 non

323 1187 409 1230 est
445 1180 689 1247 genitus,
754 1180 925 1237 Filius
957 1194 1043 1239 est
1093 1188 1333 1255 genitus,
1396 1189 1636 1261 Spirittts
1670 1206 1895 1255 sanctus

325 1284 433 1320 non
462 1278 547 1323 est
572 1272 812 1338 genitus,
843 1288 1019 1343 neque
1050 1275 1345 1346 ingenitus.
1372 1279 1608 1339 Necesse
1658 1299 1741 1342 est
1800 1305 1896 1343 au-

321 1369 432 1414 tem
466 1364 627 1418 nobis
662 1377 728 1417 ex
754 1366 1034 1435 prophetis
1066 1371 1313 1437 proferre
1335 1376 1729 1445 testimonium,
1749 1382 1892 1450 quod

321 1449 467 1505 Deus
504 1452 836 1508 benedictus
867 1457 1083 1511 vocavit
1127 1459 1404 1517 Christum
1446 1462 1702 1533 Verbum,
1734 1449 1891 1525 suum

319 1537 545 1601 Filium.
592 1552 643 1597 et
687 1559 781 1611 per
813 1542 1042 1601 Verbum
1082 1550 1225 1617 quod
1268 1554 1510 1621 procedit
1549 1571 1613 1610 ex
1666 1559 1887 1625 lumine,

315 1634 563 1687 condidit
613 1637 812 1689 emtum
864 1648 918 1691 et
981 1652 1184 1697 terram
1245 1654 1299 1699 et
1346 1647 1528 1703 omnia
1569 1665 1689 1721 quae
1722 1654 1773 1707 iu
1800 1657 1881 1712 eis

314 1734 469 1778 sunt.
528 1725 740 1797 Moyses
795 1728 928 1783 dicit
959 1732 1000 1796 ³,
1035 1731 1172 1789 Deus
1216 1750 1313 1804 per
1346 1737 1577 1794 Verbum
1616 1741 1742 1798 fecit
1771 1759 1888 1799 om-

312 1814 429 1866 uia.
468 1812 637 1868 David
691 1816 747 1869 in
785 1815 1040 1884 Psalmis,
1084 1818 1248 1874 Verbo
1300 1820 1513 1878 Domini
1537 1826 1652 1879 coeli
1684 1828 1886 1896 ﬁrmati
1918 1811 1964 1870 Β
1992 1836 2093 1888 sibi
2136 1841 2443 1898 vestimenta
2483 1858 2689 1910 mea,et
2716 1867 2873 1919 super

309 1904 598 1969 sunt‘;et
644 1905 773 1960 alibi
810 1924 823 1960 :
864 1904 931 1960 In
992 1917 1268 1976 ceternum,
1299 1911 1556 1979 Domine,
1614 1929 1884 1985 permanet

320 1993 548 2049 Verbum
576 2006 724 2050 tuum
750 1998 771 2031 '
799 2015 814 2065 ;
846 2000 1113 2055 etiterum
1143 2000 1330 2059 :Misit
1368 2002 1589 2060 Verbum
1610 2009 1650 2073 ⁸,
1684 2020 1735 2064 et
1752 2027 1883 2066 eon-

307 2095 415 2140 tra.
476 2084 581 2142 Job
632 2086 764 2143 dicit
795 2090 862 2145 de
893 2092 1097 2161 Spiritu
1139 2104 1329 2149 sancto
1356 2114 1369 2150 :
1403 2096 1633 2165 Spiritus
1664 2097 1882 2156 Domini

302 2176 432 2243 fecit
468 2178 618 2242 me";
657 2178 866 2250 Moyses
897 2200 911 2235 :
944 2181 1176 2249 Spiritus
1200 2182 1415 2239 Domini
1448 2204 1783 2261 superaquas
1810 2193 1880 2261 fe-

301 2266 584 2331 rebatur‘,
607 2267 809 2325 Isaias:
832 2270 1060 2341 Spiritus
1086 2272 1295 2327 Domini
1316 2291 1472 2344 super
1493 2294 1591 2342 me,
1617 2295 1707 2348 per
1728 2297 1878 2350 quem

301 2358 460 2411 unxit
484 2358 649 2423 me’;
700 2359 864 2416 David
911 2380 925 2416 :
964 2362 1160 2418 Emitte
1220 2364 1479 2433 Spiritum
1531 2379 1676 2421 tuan:
1722 2370 1789 2431 ¹⁹.
1823 2380 1877 2425 et

296 2455 527 2512 contra;
567 2458 619 2502 et
674 2449 892 2513 iterum,
947 2451 1183 2521 Spiritus
1238 2465 1358 2509 tuus
1425 2455 1589 2511 bonus
1658 2458 1873 2515 deducet

298 2553 385 2590 me
415 2539 551 2602 ",t-t
585 2549 803 2605 eontra;
836 2549 888 2596 et
914 2544 1133 2610 iterum,
1160 2543 1419 2613 Spiritum
1453 2560 1647 2602 rectum
1682 2551 1872 2605 innova

296 2630 353 2681 in
393 2631 680 2686 visceribus
712 2635 841 2687 meis
873 2634 916 2664 ¹²
961 2643 1055 2690 :et
1090 2636 1307 2703 iterum,
1344 2638 1544 2706 Spiritu
1590 2644 1873 2711 principali

296 2722 564 2788 conﬁrma
611 2741 692 2776 me
724 2725 788 2778 ¹³.
847 2724 973 2780 Ilaec
1009 2737 1137 2782 sunt
1166 2728 1232 2783 t'e
1272 2731 1440 2785 veteri
1472 2730 1588 2801 lege
1620 2734 1871 2788 testimo-

296 2816 418 2878 nia,
481 2816 619 2884 quod
654 2816 896 2872 Verbum
950 2828 1006 2874 et
1041 2818 1279 2890 Spiritus
1336 2825 1427 2893 qui
1475 2833 1698 2880 suntex
1738 2824 1869 2892 Deo,

290 2923 514 2961 omnem
543 2920 855 2965 creaturam
903 2915 1231 2967 creaveriut.
1266 2913 1491 2984 Oportet
1523 2932 1623 2973 nos
1672 2917 1869 2974 iterum

287 2998 539 3066 proferre
592 3001 993 3068 testimonium,
1051 3002 1193 3073 quod
1259 3003 1400 3060 Deus
1430 3003 1665 3061 Verbqu
1708 3025 1867 3065 suum

293 3088 493 3143 Filium
526 3106 685 3146 suum
720 3092 957 3147 vocavit.
989 3092 1159 3150 Isaias
1190 3095 1347 3160 dicit,
1383 3095 1512 3151 Ecce
1554 3096 1709 3170 I’irgo
1735 3116 1864 3153 con-

285 3183 449 3250 cipiet
494 3194 544 3237 ct
587 3184 757 3251 pariet
793 3181 996 3239 Filium
1048 3187 1113 3252 “,
1140 3196 1193 3243 et
1247 3197 1481 3255 contra;
1518 3198 1571 3244 et
1620 3192 1856 3247 iterum:

291 3270 565 3326 Parvulas
584 3283 742 3328 natus
772 3285 850 3329 est
882 3276 1054 3341 nobis,
1089 3288 1136 3330 et
1168 3277 1313 3346 [ilius
1333 3278 1490 3333 datus
1519 3289 1594 3333 est
1621 3282 1770 3336 nobis
1791 3282 1857 3337 ¹⁸.

284 3362 488 3418 Iterum
540 3364 683 3421 Deus
714 3365 894 3432 Pater,
924 3369 990 3422 ad
1021 3367 1190 3422 David
1238 3388 1251 3423 :
1305 3369 1592 3441 Postquam
1630 3374 1861 3428 dormie-

282 3454 363 3508 ris
390 3471 508 3508 cum
546 3457 789 3524 patribus
823 3458 950 3519 tuis,
993 3459 1259 3512 suscitabo
1298 3460 1362 3514 de
1392 3460 1590 3529 femore
1637 3472 1725 3516 tuo
1767 3465 1858 3534 qui

280 3544 481 3599 sedebit
517 3562 673 3613 super
704 3548 945 3600 thronum
972 3546 1164 3602 Israel.
1188 3544 1298 3616 Ego
1328 3564 1417 3601 ero
1458 3550 1504 3602 ei
1541 3549 1592 3601 in
1612 3549 1852 3612 Patrem,

279 3638 334 3683 et
392 3631 502 3700 ipse
571 3634 670 3684 erit
698 3634 828 3686 mihi
859 3634 912 3686 in
964 3635 1136 3703 ﬁlium
1167 3634 1231 3688 ⁸⁸.
1285 3634 1454 3690 David
1500 3637 1555 3691 in
1583 3635 1852 3694 Psalmis:

282 3720 543 3776 Dominus
588 3723 724 3777 dixit
773 3725 844 3778 ad
896 3742 993 3792 me,
1025 3735 1081 3781 et
1125 3736 1312 3782 contra
1349 3726 1642 3786 Zacharias
1673 3730 1851 3787 dicit:

278 3811 466 3866 Gaude
500 3824 549 3865 et
581 3815 782 3877 Itetare,
815 3816 932 3883 ﬁlia
962 3814 1109 3875 Sion.
1148 3815 1342 3881 clama,
1377 3819 1494 3887 ﬁlia
1529 3819 1851 3887 Jerusalem,

274 3906 403 3973 quia
435 3921 551 3959 ecce
590 3904 701 3959 Rea:
732 3917 852 3959 tuus
900 3909 1035 3961 venit
1068 3910 1164 3962 tibi
1207 3910 1355 3965 mitis
1382 3921 1434 3965 et
1492 3913 1674 3967 sedens
1697 3930 1854 3983 super

270 3999 483 4066 pullum
524 4000 719 4065 asinte,
777 4000 1019 4069 loquetur
1060 4019 1242 4071 pacem
1270 4005 1513 4074 gentibus
1545 4007 1607 4059 ".
1650 4006 1849 4063 Iterum

270 4096 495 4157 oportet
526 4105 627 4144 nos
651 4091 895 4161 proferre
932 4094 1310 4149 testimonium
1348 4094 1414 4151 de
1436 4096 1552 4169 lege
1579 4096 1695 4161 Dei,
1722 4099 1849 4169 quia

269 4178 439 4235 Jesus
488 4179 746 4237 Christus
798 4180 967 4237 Filius
1016 4182 1221 4250 Mariae,
1272 4185 1415 4243 Deus
1464 4188 1531 4245 de
1586 4189 1696 4245 Deo
1754 4191 1848 4246 sit.

268 4269 448 4325 Jaeoh
479 4272 625 4328 tilias
656 4272 833 4337 Isaae,
865 4274 959 4329 filii
1001 4275 1258 4344 Abrahae,
1286 4294 1410 4333 cum
1442 4291 1589 4336 esset
1617 4282 1669 4336 iu
1693 4282 1844 4339 obitu

270 4362 401 4417 vitae
465 4376 600 4429 suae,
660 4363 993 4422 benedicens
1046 4366 1187 4423 ﬁlios
1232 4384 1365 4424 suos
1408 4372 1753 4441 prophetavit
1781 4374 1849 4430 de

267 4451 435 4519 ipsis,
456 4450 649 4507 dicens
673 4452 848 4517 ludas,
886 4455 999 4509 lilio
1026 4471 1130 4512 suo
1161 4471 1175 4507 :
1207 4455 1288 4512 Tu
1316 4474 1375 4514 es
1407 4463 1620 4515 catulus
1655 4462 1841 4530 leonis,
1875 4473 1923 4533 ι)
1949 4490 2105 4529 sum;

273 4559 381 4597 non
412 4544 685 4599 minuetur
713 4545 777 4599 de
813 4546 1010 4617 femore
1044 4559 1134 4602 tuo
1166 4549 1276 4602 dua:
1309 4566 1471 4621 neque
1491 4553 1730 4623 princeps
1746 4555 1846 4610 do-

263 4652 360 4690 nec
400 4638 575 4689 veniat
607 4638 698 4707 qui
729 4638 798 4692 sit
817 4642 1141 4709 exspectatio
1156 4645 1389 4712 gentium
1418 4643 1482 4710 ",
1517 4647 1609 4713 qui
1638 4656 1716 4702 est
1734 4648 1846 4718 ipse

263 4716 538 4774 Christus.
593 4719 860 4778 Jeremias
888 4724 1153 4795 propheta
1182 4744 1195 4781 :
1220 4725 1353 4781 Ecce
1381 4725 1519 4784 Deus
1551 4742 1728 4786 noster
1755 4716 1841 4787 cui

261 4810 462 4863 similis
494 4826 593 4864 non
622 4821 721 4875 est,
741 4814 831 4882 qui
857 4815 1053 4869 invenit
1104 4832 1305 4870 omnem
1338 4819 1477 4874 viam
1523 4824 1837 4889 prudentia.

259 4913 310 4955 et
340 4912 466 4971 post
495 4904 607 4958 ha'e
635 4907 897 4962 videbitur
916 4926 1075 4980 super
1105 4921 1322 4977 terrent,
1352 4924 1400 4969 et
1446 4932 1565 4971 cum
1597 4919 1836 4976 omnibus

256 4995 361 5046 erit
383 5007 722 5051 conversatus
776 5000 840 5056 ¹⁹.
875 4999 1072 5057 Iterum
1104 5020 1117 5058 :
1144 5002 1288 5091 Deus
1323 5007 1603 5077 manifeste
1643 5012 1832 5081 veniet,

329 5170 352 5201 ³
380 5171 516 5227 Gen.
555 5187 594 5226 ι.
699 5176 721 5205 ⁸
754 5173 900 5233 Psal.
933 5193 1104 5244 xxstt,
1134 5180 1187 5235 6.
1261 5184 1285 5218 ⁸
1312 5180 1349 5235 Ρ

255 5239 432 5316 f_I_sa.
500 5257 612 5316 ut.
656 5243 680 5296 l
745 5312 760 5316 _
849 5247 1058 5303 "Psal.
1104 5265 1221 5316 cur,
1258 5253 1349 5307 '50.

258 5311 301 5387 1f
319 5309 438 5387 με.
464 5327 538 5373 ιι.
563 5313 639 5387 6.*
665 5316 714 5387 ,ιε
744 5312 761 5366 1
795 5316 926 5387 Reg.
964 5335 1059 5383 vn,
1086 5309 1289 5382 12,-it.
1342 5324 1383 5353 ιτ
1405 5309 1683 5387 Ζηοιιξὶᾷ.
1710 5309 1764 5384 si.

254 5377 425 5454 ξιιξει,
456 5396 581 5454 η,νὲ
618 5383 707 5438 ib.
820 5377 1189 5453 “‘I’sal.'!t|t,
1226 5392 1280 5454 2,
1310 5393 1363 5446 5-

253 5532 292 5577 ι.
325 5518 415 5575 3i.
528 5523 573 5556 ⁸³
606 5524 787 5581 Galat.
816 5541 889 5593 tv,
911 5527 997 5583 I3.
1071 5518 1290 5586 "tua...
1316 5548 1399 5599 ιη,
1427 5518 1517 5590 ὅὸξ

699 5176 721 5205 ⁸
754 5173 900 5233 Psal.
933 5193 1104 5244 usu,
1134 5180 1187 5235 6.
1261 5184 1285 5218 ⁸
1312 5180 1457 5238 Psal.
1487 5201 1675 5252 cxvm,
1711 5190 1801 5246 89.
1879 5194 1900 5225 ⁸
1924 5194 2066 5255 Psal.
2127 5215 2180 5260 ι,
2227 5198 2280 5268 6,
2338 5203 2428 5259 20,

705 5317 713 5321 _
745 5312 760 5321 _
796 5248 888 5321 _"
914 5247 1058 5303 Psal.
1104 5265 1221 5316 cur,
1258 5253 1349 5307 50.
1455 5255 1493 5286 “
1524 5256 1667 5311 Psal.
1726 5276 1890 5318 exui.
1928 5267 2014 5321 10.
2130 5271 2173 5301 ⁸⁸
2193 5270 2334 5321 Psal.
2361 5290 2411 5321 ι-

1846 5333 1889 5404 ’ἦ
1912 5333 2045 5391 Gen.
2079 5355 2189 5404 uix,
2214 5342 2268 5403 9,
2294 5343 2380 5400 10.

1474 5395 1518 5425 ³³
1555 5396 1691 5451 Psal.
1723 5414 1832 5463 crx,
1870 5402 1921 5457 I.

253 5448 394 5532 δέ
473 5451 712 5532 egoen,
746 5456 864 5519 1,1.
916 5448 1211 5532 _'_‘Lue._i,
1237 5448 1326 5517 δε.
1403 5448 1870 5532 ηιιεοὲζιῖζῑὸ.

1594 5537 1639 5569 ³⁸
1669 5537 1711 5592 ΙΙ
1752 5540 1879 5596 Cor.
1903 5542 1947 5606 I,
1986 5546 2070 5602 l9.
2149 5551 2195 5585 ³ο
2223 5537 2379 5605 lusu.
2408 5569 2482 5619 si,
2506 5537 2891 5616 νέἹξῄίτῖίω.
2924 5579 2961 5629 l,

2008 563 2154 627 bunt,
2197 566 2356 619 vincti
2384 568 2602 623 manicis
2630 585 2861 643 pergent,
2899 587 2949 631 et
2978 589 3026 634 te
3065 583 3387 653 adorabunt,
3439 601 3583 662 teque

2005 652 2438 725 deprecabuntur,
2463 662 2586 729 quia
2610 671 2663 714 tu
2683 680 2738 718 es
2766 664 2904 721 Deus
2931 679 2981 723 ct
3006 688 3107 726 non
3138 684 3214 728 est
3237 678 3375 734 alius
3393 652 3583 751 pra'ter

2006 752 2053 795 te
2084 743 2222 798 Deus
2282 746 2477 804 Israel.
2538 754 2789 808 Salvator
2832 761 3415 829 confundcnsinimicos
3443 784 3582 841 tuos,

2005 830 2249 886 abierunt
2285 838 2339 889 in
2392 840 2751 909 confusionem
2775 846 3060 905 “.Jterum
3087 853 3253 911 David
3296 878 3309 913 :
3343 860 3483 918 Deus
3513 868 3578 919 de

2003 923 2136 977 ca'lo
2171 931 2438 995 prospexit
2480 948 2637 999 super
2659 936 2800 1001 ﬁlios
2825 938 3095 996 hominum
3132 957 3187 999 ut
3220 950 3392 1005 videat
3424 955 3472 1008 si
3501 968 3581 1010 est

2000 1014 2298 1087 intelligens
2327 1032 2419 1074 aut
2473 1027 2740 1093 requirens
2799 1029 3011 1098 Deum;
3060 1054 3236 1095 omnes
3268 1045 3571 1103 declinave-

2001 1120 2145 1174 runt,
2198 1115 2361 1168 simul
2396 1117 2607 1173 inatiles
2662 1123 2793 1189 facti
2835 1138 2984 1192 sunt,
3038 1146 3243 1189 nonest
3274 1140 3366 1207 qui
3398 1141 3569 1209 faciat

2000 1196 2212 1265 bonum,
2245 1219 2346 1256 non
2384 1216 2463 1259 est
2497 1224 2662 1278 usque
2690 1212 2758 1264 ad
2799 1230 2960 1268 unum
3010 1221 3075 1273 ".
3108 1221 3173 1276 Et
3204 1196 3445 1283 iteruui:
3480 1232 3579 1286 Di-

1996 1291 2078 1343 xit
2110 1289 2366 1347 Dominus
2397 1296 2624 1353 Dontino
2658 1318 2770 1355 meo
2801 1320 2819 1358 :
2855 1308 3038 1363 Sedea
3066 1310 3268 1369 dextris
3300 1321 3450 1386 meis,
3483 1323 3577 1376 do-

1997 1394 2089 1432 nec
2113 1397 2306 1447 ponam
2333 1385 2577 1442 inimicos
2597 1398 2714 1446 tuos
2747 1395 3037 1450 scabellum
3059 1402 3250 1467 pedum
3275 1416 3486 1463 tuorum
3506 1414 3569 1468 ”.

1997 1469 2210 1543 Moyses
2262 1475 2402 1530 dixit
2462 1478 2530 1535 de
2595 1483 2849 1551 passione
2917 1486 3166 1545 Christi:
3211 1495 3457 1553 Videbitis
3495 1504 3571 1555 vi-

1996 1571 2103 1615 tam
2136 1576 2363 1620 vestram
2396 1568 2703 1635 pendentem
2743 1590 2923 1630 coram
2948 1580 3116 1633 oculis
3155 1586 3360 1650 vestris,
3382 1599 3431 1641 et
3462 1606 3565 1643 non

1993 1654 2217 1711 credetis
2245 1658 2310 1715 i".
2346 1659 2515 1716 David
2554 1682 2568 1717 :
2614 1662 2891 1722 Foderunt
2934 1688 3127 1728 manus
3160 1692 3302 1731 meas
3331 1690 3381 1732 et
3414 1684 3570 1749 pedes

1995 1762 2152 1811 meos,
2196 1750 2659 1809 dinumeraverunt
2705 1761 2883 1813 omnia
2948 1779 3070 1818 ossa
3099 1783 3235 1833 mea,
3279 1770 3569 1828 diviserunt

2910 1865 3097 1909 vestem
3124 1874 3291 1913 meam
3315 1866 3570 1921 miserunt

1986 1939 2176 1986 sortem
2194 1934 2260 1988 ".
2290 1935 2493 1995 Isaias:
2531 1940 2702 1997 llomo
2728 1956 2898 2014 potest
2914 1949 3054 2017 ferre
3069 1952 3277 2025 plagam
3302 1961 3423 2026 quia
3451 1962 3572 2015 abs-

1985 2022 2223 2077 conditus
2248 2035 2323 2079 est
2356 2028 2528 2083 vultus
2573 2032 2709 2101 ejus,
2742 2039 2878 2091 unde
2926 2056 3018 2094 nec
3047 2022 3405 2113 reputabimus
3427 2069 3566 2108 eum.

1995 2108 2122 2165 Vere
2157 2113 2435 2185 languores
2467 2132 2680 2177 nostros
2714 2127 2824 2193 ipse
2854 2130 2999 2196 tulit,
3037 2144 3086 2186 et
3103 2108 3326 2193 dolores
3355 2154 3565 2199 nostros

1981 2200 2088 2262 ipse
2113 2209 2340 2273 portavit
2375 2211 2422 2241 “
2451 2212 2550 2282 (2).
2594 2213 2716 2270 llaac
2756 2229 2884 2273 sunt
2916 2224 3229 2281 testimonia
3254 2234 3396 2299 quod
3424 2226 3565 2292 Deus

1979 2304 2040 2343 es
2101 2291 2210 2349 Deo
2259 2306 2339 2351 cst
2364 2314 2379 2352 :
2407 2297 2680 2359 Jonunes:
2710 2303 2773 2358 In
2801 2311 3060 2381 principio
3077 2326 3192 2370 erat
3236 2318 3478 2391 Verbum,
3508 2338 3558 2380 et

1995 2377 2210 2437 Verbum
2253 2398 2367 2442 erat
2419 2392 2560 2459 apud
2612 2394 2776 2451 Deum
2809 2415 2828 2454 :
2861 2413 2910 2455 et
2937 2377 3079 2459 Dens
3100 2420 3213 2462 erat
3250 2411 3472 2469 Verbum
3492 2420 3559 2473 ".

1978 2468 2196 2528 Gabriel
2241 2494 2254 2529 :
2291 2476 2521 2546 Spiritus
2547 2496 2763 2541 sanctus
2791 2496 3109 2558 superveniet
3141 2498 3194 2551 in
3237 2509 3305 2565 te,
3345 2511 3396 2557 et
3447 2507 3559 2560 vir-

1976 2572 2058 2617 tus
2105 2566 2365 2624 Altissimi
2414 2573 2745 2633 obumbrabit
2795 2582 2888 2636 tibi
2935 2586 3006 2641 ³⁸.
3046 2589 3249 2648 Paulus
3283 2594 3558 2666 :Spiritus

1976 2667 2195 2712 sanctus
2260 2673 2533 2719 scrutatur
2569 2672 2767 2737 omnia,
2827 2685 2875 2728 et
2922 2680 3063 2732 norit
3120 2685 3327 2740 occulta
3358 2687 3453 2743 Dei
3489 2694 3556 2746 ³⁵.

1974 2743 2211 2806 Joannes
2247 2750 2290 2783 ³⁸
2324 2772 2337 2808 :
2366 2752 2491 2809 Non
2520 2762 2814 2830 accepimus
2845 2769 3092 2835 spiritum
3131 2779 3429 2848 servitutis,
3463 2784 3555 2837 sed

1973 2837 2218 2903 spiritum
2252 2843 2343 2910 qui
2369 2852 2446 2896 est
2473 2859 2537 2899 ea:
2572 2845 2679 2903 Deo
2715 2868 2734 2916 ;
2788 2852 2984 2910 iterum
3015 2876 3029 2913 :
3086 2861 3147 2915 Si
3175 2867 3289 2933 quis
3307 2837 3553 2937 spiritum

1975 2924 2175 2983 Christi
2202 2948 2305 2986 non
2339 2933 2513 3002 habet,
2548 2938 2633 2992 htc
2664 2957 2768 2996 non
2797 2954 2872 2998 est
2897 2947 3015 3016 ejus
3040 2949 3104 3006 ³¹.
3135 2924 3256 3009 Illuc
3309 2924 3441 3014 sunt
3471 2970 3552 3015 tt:-

1972 3020 2227 3076 stimonia
2254 3022 2320 3079 de
2350 3023 2500 3083 Novo
2532 3028 2906 3105 Testamento,
2936 3040 3079 3111 quod
3114 3042 3367 3103 Christus
3385 3048 3553 3108 Filius

1893 3139 1935 3199 c
1974 3106 2064 3162 Dei
2096 3110 2167 3164 sit
2199 3130 2212 3167 :
2243 3112 2459 3172 Gabriel
2487 3117 2553 3172 ad
2594 3120 2825 3179 Mariam
2856 3146 2868 3181 :
2910 3106 3042 3185 Ecce
3073 3137 3336 3205 concipies
3365 3150 3415 3195 et
3454 3106 3551 3209 pa;

1970 3199 2071 3254 ries
2119 3202 2313 3271 filium,
2368 3220 2417 3262 et
2460 3212 2673 3268 vocabis
2724 3234 2909 3273 nomen
2936 3222 3049 3292 ejus
3100 3223 3284 3281 Iesum
3312 3246 3331 3284 :
3364 3241 3414 3285 et
3441 3234 3548 3302 ipse

1963 3292 2178 3347 redimet
2197 3300 2442 3364 papulum
2493 3319 2646 3357 suum
2673 3314 2957 3376 a-peccatis
2989 3331 3166 3370 eorum
3207 3318 3274 3373 η.
3305 3318 3545 3380 Paulus:

1964 3380 2111 3438 Misit
2146 3385 2284 3442 Deus
2319 3389 2520 3447 Filium
2564 3414 2718 3454 suum
2744 3411 2926 3455 natum
2959 3405 3023 3460 de
3063 3410 3298 3477 muliere,
3342 3413 3543 3482 factum

1959 3473 2053 3526 sub
2120 3475 2231 3545 lege
2276 3487 2334 3531 ut
2374 3496 2461 3534 eos
2514 3488 2606 3554 qui
2651 3489 2746 3541 sub
2802 3490 2907 3561 lege
2947 3506 3099 3550 erant
3148 3473 3425 3559 redimeret
3467 3507 3538 3543 ³⁸·

1955 3558 2195 3622 Joannes
2225 3570 2366 3634 :Qui
2384 3574 2549 3627 credit
2576 3578 2627 3629 in
2661 3558 2866 3636 Filium
2892 3584 3006 3653 Dei,
3030 3589 3182 3644 habet
3203 3594 3360 3649 vitam
3390 3609 3545 3652 αἰεν-

1956 3671 2120 3721 nam;
2149 3660 2238 3727 qui
2259 3677 2375 3715 vero
2406 3679 2509 3718 non
2540 3670 2703 3724 credit
2731 3672 2783 3726 in
2818 3675 2991 3741 illum,
3022 3697 3123 3733 non
3160 3683 3354 3740 videbit
3375 3689 3538 3743 vitam

1956 3757 2229 3816 uernam,
2276 3752 2368 3805 sed
2397 3754 2480 3809 ira
2511 3754 2609 3813 Dei
2645 3774 2820 3818 manet
2852 3783 3007 3835 super
3033 3787 3149 3825 enm
3189 3774 3255 3828 “.
3285 3775 3485 3834 Paulus
3520 3800 3533 3835 :

1956 3834 2096 3891 Deus
2125 3853 2262 3894 unus
2315 3839 2494 3899 Filius
2525 3846 2619 3901 Dei
2648 3866 2740 3919 per
2767 3870 2915 3922 quem
2944 3856 3088 3925 facta
3110 3870 3230 3914 sunt
3260 3866 3438 3920 omnia
3469 3867 3535 3925 ³⁸.

1954 3920 2145 3981 Petrus
2176 3944 2190 3981 :
2223 3927 2301 3982 Tu
2331 3947 2382 3985 cs
2413 3932 2655 3991 Christus
2702 3920 2876 3996 Filius
2908 3920 3004 3999 Dei
3034 3948 3135 4001 vivi
3167 3949 3233 4005 ³⁸³.
3268 3950 3485 4011 Gabriel

1953 4017 2075 4081 Ave,
2106 4016 2306 4082 Maria,
2337 4025 2515 4093 gratia
2552 4028 2729 4098 plena,
2763 4032 3017 4092 Dominus
3051 4048 3220 4093 tecum
3250 4058 3269 4095 :
3304 4043 3534 4113 Spiritus

1950 4119 2165 4165 sanctus
2205 4119 2528 4181 superveniet
2569 4121 2621 4174 in
2660 4131 2726 4189 te,
2772 4134 2820 4177 et
2858 4126 3021 4180 virtus
3056 4129 3319 4187 Altissimi
3349 4140 3533 4191 obum-

1949 4197 2122 4253 brabit
2151 4203 2274 4272 tibi,
2315 4215 2367 4260 et
2395 4212 2533 4279 quod
2560 4225 2807 4268 nascetur
2830 4233 2895 4270 ea:
2918 4229 2966 4271 te
2991 4217 3243 4277 Sanctum
3262 4229 3533 4283 vocabitur

1950 4288 2125 4348 Filius
2158 4296 2253 4351 Dei
2303 4300 2368 4355 ³⁷.
2411 4301 2611 4360 Iterum
2650 4307 2909 4365 Christus
2954 4312 3007 4367 iu
3044 4314 3337 4385 Evangelio
3373 4319 3530 4391 :Ego

1947 4399 2061 4437 sum
2094 4385 2188 4441 lux
2212 4392 2416 4458 mundi,
2444 4411 2537 4465 ego
2562 4414 2596 4450 α
2633 4396 2797 4453 Patre
2823 4402 2983 4466 exiri,
3017 4414 3067 4457 et
3089 4406 3159 4457 ad
3187 4423 3307 4460 eum
3346 4426 3525 4464 rever‘

2149 4495 2287 4545 sum,
2350 4500 2442 4552 ego
2473 4502 2589 4540 sum
2639 4494 2955 4547 resurrectio
2981 4505 3032 4547 et
3073 4498 3199 4551 rita.
3236 4498 3302 4552 Et
3330 4503 3422 4571 qui
3445 4520 3529 4559 me

1951 4564 2109 4632 videt,
2161 4568 2295 4622 videt
2328 4582 2376 4624 et
2406 4571 2648 4631 Patrem.
2684 4576 2799 4649 Ego
2839 4593 2889 4634 et
2924 4581 3091 4638 Pater
3120 4602 3278 4640 unum
3315 4605 3523 4646 sumus.

1949 4653 2150 4713 Paulus
2178 4676 2192 4713 :
2226 4658 2633 4721 llluminabitur
2662 4670 2887 4726 mundus
2913 4676 2977 4729 de
3004 4675 3169 4732 Juda.
3196 4677 3259 4732 Et
3286 4680 3479 4736 iterum
3503 4702 3518 4737 :

1946 4745 2205 4802 Ascendit
2271 4750 2412 4806 Deus
2452 4770 2608 4825 super
2647 4761 2823 4825 ctelos,
2868 4781 3027 4835 super
3082 4772 3517 4826 se'lemsanctam

1945 4853 2123 4903 citant,
2176 4842 2385 4901 intuens
2410 4855 2608 4903 terram
2642 4860 2699 4904 ut
2742 4855 2916 4909 videat
2938 4858 3200 4928 obligatos
3230 4878 3360 4932 quos
3385 4864 3518 4919 obli-

1944 4931 2091 4998 gavit
2127 4929 2296 4989 Satan
2332 4937 2384 4991 in
2409 4939 2602 4995 delicto
2623 4958 2739 4998 suo.

1964 5026 1972 5033 ”
2017 5019 2124 5079 Vos
2154 5035 2333 5081 autem
2375 5027 2587 5087 habetis
2608 5032 2663 5087 in
2700 5035 2815 5105 lege
2845 5047 3023 5093 vestra
3059 5082 3074 5107 ,
3109 5042 3256 5113 quod
3290 5044 3514 5117 angelus

2541 5208 2561 5239 ⁷
2610 5205 2740 5288 ,ἰριξΔ
2766 5227 2968 5288 austri.
3002 5214 3056 5272 4.
3102 5286 3109 5288 ἓ
3168 5216 3339 5275 'Ceu.
3375 5237 3414 5288 t,
3444 5222 3505 5276 9..

2130 5270 2412 5353 "Erilli-al,
2450 5276 2555 5353 te;
2637 5279 2681 5310 ιι
2702 5281 2838 5353 tum.
2875 5270 2967 5338 tt.’
3047 5270 3117 5320 ἰι
3149 5270 3504 5353 adibit?

2459 5346 2752 5423 ‘fABarI‘Ieh.
2783 5368 2863 5416 Ill,
2896 5355 2983 5408 '58.
3043 5357 3089 5389 ¹⁰
3113 5356 3317 5416 Ilabac.
3353 5346 3412 5423 rt.
3450 5365 3505 5414 5.

1998 5407 2046 5492 τί
2069 5407 2220 5492 Deut.
2247 5428 2437 5492 sumi:
2469 5417 2556 5472 66.
2634 5420 2678 5451 ιε
2705 5407 3506 5492 restim,17."331;§.."£u'i;

1960 5475 2007 5556 ’ξ
2021 5475 2367 5556 Imol’aulus
2400 5484 2555 5541 Rom.
2585 5502 2702 5548 VIII.
2739 5475 2844 5544 15.⁷
2872 5475 2982 5526 ﬂ";
3002 5475 3131 5549 [ιίίέι.
3162 5497 3195 5552 9
3250 5475 3350 5530 ’ἶῖ

1754 5633 1987 5693 NOTAE.

317 5700 395 5771 (ἓ)
446 5702 698 5828 (Vulgata!
737 5709 913 5790 lectio,
958 5712 1193 5772 Vidimus
1216 5734 1333 5775 eum
1357 5721 1653 5791 despectum
1705 5737 1756 5780 et
1807 5730 2142 5791 novissimum
2194 5740 2421 5796 virorum
2448 5754 2496 5798 et
2528 5749 2775 5805 scientem
2822 5748 3208 5821 inﬁrmitatem,
3253 5765 3305 5809 et
3346 5761 3495 5828 quasi

317 5790 442 5827 που
485 5789 588 5828 rtus
615 5794 673 5828 vu
703 5788 787 5828 tus
815 5797 947 5828 eius-

244 5772 588 5828 absconditus
615 5778 787 5832 vultus
815 5772 947 5849 ejus.
