4088 6208
475 374 584 435 31‘)

1714 358 1989 422 LEONIS
2028 354 2481 417 PHILOSOPHI

3644 356 3752 419 3‘20

477 490 609 545 dicit
642 486 924 542 Zachariae
967 504 980 539 :
1016 483 1153 539 Ecce
1196 482 1463 538 annuntio
1493 479 1589 534 tibi
1621 481 1761 550 quod
1798 486 2059 533 nascetur
2089 478 2139 536 Α
2168 490 2330 544 quam
2371 474 2635 542 elegerat.
2686 468 2908 539 Accepit
2948 468 3177 523 formam
3235 469 3473 526 hominis
3510 466 3752 527 Verbum

479 582 575 636 tibi
625 580 795 634 Filius
832 580 1141 648 praecedens
1199 576 1430 629 Verlmm
1465 572 1583 635 Dei,
1629 581 1683 627 ct
1715 570 1951 627 Verbum
1990 570 2067 638 ip-

476 673 617 735 sius,
645 672 933 723 vocabitur
970 683 1166 722 nomen
1202 670 1322 733 ejus
1357 663 1611 719 Messias.
1643 663 1921 729 Quaeritur
1952 676 1981 714 a
2014 670 2068 718 te

477 774 648 828 quare
690 759 829 813 Deus
854 758 1028 812 voluit
1049 758 1262 809 mittere
1294 754 1492 807 Filium
1523 755 1576 808 in
1614 766 1767 808 utero
1795 752 2063 822 Virginis:

477 851 605 919 quia
632 848 959 903 benedictus
991 849 1131 902 Deus
1156 854 1210 900 et
1243 855 1496 902 sanctum
1522 860 1718 900 nomen
1742 845 1883 915 ejus,
1912 859 2068 898 crea-

490 940 565 992 vit
600 940 799 991 ('O‘illlll
845 946 895 990 et
953 945 1152 991 terram
1190 944 1243 988 et
1270 935 1452 989 omnia
1482 952 1603 1005 qurc
1638 935 1691 988 in
1722 935 1802 989 eis
1843 944 1988 997 sunt,
2017 942 2070 988 et

486 1030 695 1082 creavit
726 1029 951 1097 angelos
971 1044 1125 1091 suos,
1156 1027 1204 1079 iu
1236 1028 1411 1096 prima
1438 1026 1752 1081 conditione
1783 1041 1880 1080 sua
1914 1033 2071 1079 erant

488 1123 540 1175 in
579 1122 810 1174 circuitu
839 1120 1044 1174 ’l'hroui
1078 1138 1090 1173 :
1131 1129 1185 1173 et
1228 1120 1411 1173 subito
1453 1120 1736 1188 ingressus
1771 1127 1851 1173 est
1883 1119 1937 1171 in
1964 1132 2068 1171 una

488 1214 701 1282 legione
728 1211 1068 1280 angelorum,
1097 1218 1280 1262 tumor
1310 1218 1364 1263 et
1392 1211 1675 1279 superbia,
1713 1209 1975 1264 facientes
2010 1224 2071 1265 se

483 1303 594 1357 Deo
628 1302 859 1366 similes,
895 1302 1142 1356 dicentes
1177 1319 1188 1353 :
1224 1301 1501 1356 Ponamus
1530 1302 1715 1357 sedem
1748 1303 1907 1356 nobis
1931 1303 2073 1357 sicut

481 1404 566 1451 est
624 1396 781 1451 sedes
821 1394 937 1457 Dei,
996 1403 1048 1449 et
1077 1395 1483 1448 circumearuus
1532 1396 1728 1447 etclam
1762 1406 1815 1450 et
1845 1403 2065 1460 terrain,

482 1490 628 1543 sicut
678 1500 731 1541 et
791 1488 954 1541 Deus.
991 1485 1237 1554 Cumque
1284 1486 1427 1540 Deus
1490 1486 1852 1547 cogitationes
1881 1500 2068 1538 eorum

485 1580 831 1649 cognovisset
855 1619 868 1641 ,
911 1578 1138 1647 projecit
1174 1576 1431 1630 Satanam
1479 1584 1532 1629 et
1567 1592 1779 1629 omnem
1806 1577 2070 1644 legionem

486 1676 682 1741 ipsius,
710 1673 776 1727 de
812 1674 951 1725 ςαξιο
989 1672 1054 1723 ad
1113 1678 1338 1733 terram,
1389 1677 1443 1722 et
1482 1669 1605 1721 l'aeti
1640 1675 1768 1722 sunt
1800 1669 2075 1723 daantones

486 1774 540 1820 ct
564 1766 773 1818 inimici
798 1764 1031 1817 ﬁliorum
1052 1761 1201 1815 Adae.
1237 1762 1482 1831 Cumque
1508 1759 1728 1816 fecisset
1748 1761 1887 1815 Deus
1901 1761 2073 1815 Adam

488 1858 772 1912 constituit
803 1871 925 1909 eum
952 1856 1003 1908 in
1033 1853 1303 1922 paradiso,
1338 1853 1525 1907 dicens
1557 1853 1607 1906 ei
1659 1867 1672 1903 :
1706 1851 1929 1906 Comede
1957 1868 2071 1905 om-

488 1951 579 2002 nia
612 1963 948 2019 quire-umque
973 1945 1239 2009 volueris;
1272 1947 1335 1998 de
1358 1944 1500 2012 ligno
1526 1959 1644 1997 vero
1665 1944 1760 1995 hoc
1790 1944 1932 2013 quod
1952 1962 2077 2013 pro-

488 2043 637 2095 hibeo
693 2041 805 2103 tibi,
871 2056 933 2091 ne
974 2038 1244 2099 comedas,
1296 2051 1399 2105 quo
1455 2035 1540 2088 die
1571 2034 1859 2089 comederis
1902 2052 1966 2088 ea:
1994 2052 2075 2099 eo,

489 2142 655 2184 morte
699 2129 988 2191 morieris;
1038 2135 1281 2180 tentatus
1327 2140 1459 2179 vero
1498 2139 1526 2177 a
1564 2125 1801 2190 diabolo,
1845 2127 2078 2181 comedit

486 2241 551 2277 ex
587 2239 673 2287 eo,
711 2233 764 2276 et
797 2221 1075 2291 projectus
1097 2230 1177 2273 est
1210 2218 1278 2271 de
1317 2216 1598 2287 paradiso,
1632 2227 1688 2271 et
1739 2216 2080 2272 Iraarcditavit

488 2326 720 2369 mortem
754 2324 808 2368 et
834 2311 1334 2366 contradictionem
1357 2319 1411 2365 et
1437 2310 1698 2365 delictum
1733 2310 1786 2363 in
1816 2310 2080 2381 progenie

489 2420 611 2469 sua,
644 2412 769 2475 post
794 2418 940 2458 eum.
969 2400 1109 2457 Deus
1142 2416 1272 2455 vero
1303 2402 1492 2455 volens
1522 2401 1735 2470 eripere
1768 2408 2076 2455 creaturam

489 2509 645 2549 suam
695 2496 762 2550 de
810 2508 978 2548 manu
1035 2492 1265 2557 diaboli,
1318 2491 1522 2547 direxit
1554 2490 1668 2547 Noe
1719 2494 1785 2546 ad
1818 2492 2078 2563 populum

490 2602 654 2641 suum
692 2595 753 2639 ut
786 2586 1115 2655 pceniterent
1147 2593 1200 2640 et
1214 2586 1533 2641 recederent
1557 2587 1625 2639 ab
1648 2600 1814 2655 opere
1836 2585 2076 2651 diaboli;

491 2692 732 2746 eumque
767 2677 1008 2733 venisset
1062 2677 1126 2731 ad
1168 2693 1286 2743 eos,
1323 2686 1794 2748 contempserunt,
1827 2687 1882 2734 et
1930 2692 2082 2733 men-

494 2772 684 2825 dacem
717 2785 841 2825 eum
876 2778 1289 2841 reputaverunt.
1319 2770 1580 2841 Praecepit
1609 2771 1775 2843 igitur
1803 2771 1948 2827 Deus
1966 2770 2081 2829 Noe

494 2872 554 2917 ut
588 2865 793 2919 faceret
827 2878 1033 2927 aream,
1065 2874 1119 2919 et
1148 2864 1387 2919 mitteret
1415 2864 1470 2918 in
1522 2880 1586 2919 ea
1618 2864 1687 2919 de
1733 2865 1883 2920 omni
1927 2880 2080 2921 crea-

493 2965 637 3021 tura,
668 2964 721 3010 et
746 2955 975 3010 immisit
1011 2956 1156 3010 Deus
1187 2956 1477 3011 diluvium.
1512 2956 1701 3027 Aperti
1736 2966 1866 3012 sunt
1898 2956 2080 3013 fontes

494 3045 679 3116 abyssi
709 3052 763 3099 et
802 3054 1095 3100 cataracta:
1122 3046 1273 3111 caali,
1315 3053 1369 3102 et
1419 3045 1603 3103 effusae
1655 3056 1787 3103 sunt
1845 3062 2000 3118 aqua:
2027 3054 2081 3102 et

492 3137 805 3207 cutl;~untpti
840 3148 969 3192 sunt
1009 3137 1325 3194 habitantes
1355 3146 1582 3203 terram,
1617 3148 1673 3194 et
1718 3155 1882 3196 omne
1933 3141 2077 3211 quod

496 3240 751 3286 movetur
780 3245 947 3300 super
980 3246 1125 3296 eam,
1152 3242 1386 3302 excepto
1424 3231 1538 3287 Noe
1586 3234 1678 3303 qui
1712 3234 1812 3288 fuit
1846 3232 1899 3287 in
1930 3247 2078 3297 arca,

495 3329 549 3373 (ιι
572 3335 742 3375 uxore
771 3318 911 3387 ejus,
951 3329 1007 3374 et
1032 3321 1209 3376 trilms
1240 3321 1373 3376 ﬁliis
1404 3323 1523 3391 ejus
1547 3332 1604 3377 et
1648 3324 1913 3378 uxoribus
1945 3323 2085 3378 ﬁlio-

496 3426 618 3465 rum
662 3412 803 3482 ejus.
858 3410 992 3467 Post
1019 3412 1156 3480 haec,
1208 3412 1471 3469 misertus
1505 3414 1649 3470 Deus
1678 3430 1843 3485 super
1875 3430 1937 3470 ea
1964 3429 2085 3485 quae

498 3504 724 3571 fecerat,
785 3505 1045 3576 praecepit
1101 3505 1261 3576 aquis
1330 3514 1392 3561 ut
1468 3513 1880 3562 reverterentur
1950 3523 1964 3560 :
2030 3512 2087 3562 et

495 3593 705 3662 egressi
742 3602 870 3649 sunt
912 3594 979 3649 de
1012 3609 1161 3659 arca,
1198 3594 1449 3650 homines
1497 3603 1551 3651 et
1583 3596 1833 3665 jumenta
1874 3612 1887 3648 :
1917 3594 2086 3650 bene-

496 3686 743 3757 dixitque
773 3686 883 3740 illis
924 3684 1092 3749 Deus,
1129 3695 1184 3741 et
1217 3687 1355 3742 dixit
1394 3704 1409 3741 :
1446 3686 1698 3756 Crescite,
1726 3698 1778 3743 et
1820 3688 2085 3758 multipli-

496 3778 712 3839 camini,
732 3786 783 3831 et
812 3778 1005 3846 replete
1027 3787 1248 3833 terram.
1275 3778 1493 3843 Postea,
1533 3782 1781 3837 homines
1803 3797 1831 3835 a
1870 3782 2088 3838 diabolo

496 3864 713 3928 tentati,
765 3865 1015 3919 fecerunt
1070 3867 1359 3937 sculptiles
1415 3868 1569 3935 deos,
1603 3870 1900 3927 adorantes
1966 3888 2083 3939 eos,

500 3958 642 4007 sicut
672 3954 838 4008 Deum
871 3956 963 4023 qui
997 3971 1092 4010 eos
1126 3956 1351 4012 fecerat.
1378 3956 1442 4011 Et
1473 3958 1662 4015 volens
1696 3961 1840 4016 Deus
1870 3963 2086 4032 eripere

500 4045 624 4098 illus
665 4044 732 4096 de
789 4060 953 4097 manu
1008 4045 1211 4099 diaboli
1269 4048 1362 4116 qui
1421 4063 1516 4105 eos
1554 4058 1915 4120 perverterat,
1958 4067 2085 4107 mox

496 4135 791 4192 descendit
819 4136 871 4189 in
904 4137 1147 4206 potentia
1173 4152 1338 4207 super
1369 4148 1608 4194 montem
1632 4139 1815 4208 Sinai;
1847 4151 1902 4196 et
1932 4142 2086 4197 locu-

499 4238 590 4282 tus
644 4242 806 4282 servo
842 4242 944 4282 suo
973 4226 1171 4298 Moysi,
1202 4228 1351 4284 dedit
1401 4230 1448 4283 ei
1476 4230 1670 4300 legem,
1711 4231 1922 4303 eligens
1947 4232 2086 4290 ﬁlios

504 4319 673 4373 Israel
704 4318 771 4372 de
801 4318 947 4371 omni
976 4318 1151 4388 plebe.
1181 4317 1340 4374 Tunc
1370 4319 1464 4373 lilii
1495 4317 1665 4375 Israel
1694 4320 2085 4391 derelinquen-

501 4416 583 4461 tes
610 4422 732 4477 quae
761 4406 989 4460 dederat
1017 4407 1161 4462 Deus
1188 4407 1380 4480 Moysi,
1410 4407 1657 4465 fecerunt
1687 4410 1790 4465 sibi
1811 4412 2085 4482 sculptile,

500 4498 801 4553 adorantes
836 4498 967 4552 illud
1000 4501 1159 4569 quasi
1193 4500 1362 4555 Deutn
1384 4503 1568 4557 vivum
1607 4521 1620 4555 :
1657 4514 1710 4559 et
1763 4505 1948 4558 statim
1984 4505 2085 4559 im-

505 4590 653 4645 misit
687 4590 769 4645 eis
800 4600 1109 4660 serpentes.
1146 4600 1200 4645 et
1217 4595 1561 4665 consumpsit
1587 4604 1797 4664 partem
1828 4612 1893 4650 ex
1926 4596 2006 4651 eis
2031 4605 2085 4650 et

506 4684 762 4737 misertus
824 4694 906 4737 est
943 4683 1044 4737 eis.
1087 4681 1218 4738 Item
1252 4686 1480 4739 tentatio
1538 4701 1566 4738 a
1598 4685 1817 4740 diabolo
1862 4688 2089 4743 immisit

500 4774 705 4844 ignem,
737 4782 789 4829 et
814 4775 1159 4844 consumpsit
1206 4792 1269 4830 ex
1304 4777 1387 4833 eis
1419 4776 1849 4839 multitudinem,
1883 4786 1938 4833 et
1988 4780 2089 4833 mi-

515 4875 718 4932 sertus,
784 4867 921 4921 iram
980 4868 1049 4922 ab
1105 4868 1187 4922 eis
1214 4870 1466 4923 removit.
1512 4866 1646 4924 Item
1695 4868 1942 4924 fecerunt
1985 4872 2086 4927 sibi

507 4956 673 5023 idola,
737 4959 1032 5015 adorantes
1089 4960 1181 5014 illa
1228 4970 1286 5016 ut
1339 4960 1529 5025 Deum,
1571 4962 1915 5020 immolantes
1951 4964 2090 5021 ﬁlios

501 5066 633 5105 suos
655 5060 709 5105 et
726 5050 866 5106 ﬁlias
889 5067 1020 5108 suas
1041 5054 1343 5108 daemoniis.
1370 5053 1667 5109 Snscitavit
1690 5053 1832 5111 Deus
1856 5058 2090 5127 pr0pbe~

504 5152 588 5198 tas
642 5152 1019 5200 contestanles
1065 5161 1159 5201 eos
1185 5155 1245 5200 ut
1285 5148 1630 5218 pteniterent,
1660 5158 1716 5205 et
1750 5161 2089 5208 reverteren-

504 5246 592 5290 tur
618 5236 684 5289 ad
719 5236 916 5304 Deum,
957 5248 1010 5293 et
1043 5238 1361 5295 recederent
1388 5256 1416 5293 a
1449 5241 1672 5296 diabolo
1701 5259 1715 5295 :
1750 5252 2089 5314 negaverunt

502 5337 556 5382 et
583 5328 878 5383 mendaces
908 5343 1006 5385 eos
1022 5329 1302 5395 dixerunt,
1337 5339 1391 5387 et
1423 5332 1693 5402 quosdam
1725 5350 1791 5389 ex
1827 5335 1963 5405 ipsis
1996 5350 2090 5392 oc-

502 5422 775 5477 ciderunt.
830 5422 1077 5494 Cumque
1124 5424 1355 5481 vidisset
1388 5424 1533 5482 Deus
1561 5425 1708 5496 quod
1765 5428 2088 5496 praevaluis-

507 5522 591 5568 set
622 5515 871 5569 diabolus
893 5514 948 5569 ln
978 5516 1080 5579 eis,
1114 5533 1179 5571 ex
1203 5531 1311 5587 quo
1334 5516 1513 5573 factus
1544 5528 1630 5572 est
1669 5517 1839 5573 Adam
1882 5526 1937 5573 et
1980 5521 2091 5587 cie-

506 5615 631 5660 etus
655 5618 733 5662 cst
761 5622 792 5661 a
824 5608 1102 5676 paradiso,
1135 5620 1191 5663 et
1217 5612 1363 5679 quod
1389 5610 1686 5681 pr0phetas
1710 5613 1803 5682 qui
1828 5622 2090 5669 venerant

509 5695 575 5748 ad
624 5708 743 5758 eos,
778 5696 1121 5761 occiderant,
1154 5700 1347 5755 volens
1374 5716 1470 5756 eos
1496 5702 1712 5770 eripere
1754 5717 1784 5756 a
1821 5714 2090 5772 potestate

508 5784 720 5855 antiqui
780 5783 977 5849 hostis,
1040 5786 1191 5843 misit
1251 5786 1485 5844 Verbum
1541 5806 1701 5845 suum
1752 5792 1817 5848 ad
1855 5794 2086 5853 Mariam

2103 1819 2150 1876 B

2174 564 2298 627 Dei,
2327 565 2597 618 inducens
2625 579 2845 618 carnem
2888 563 2956 617 de
2984 562 3171 627 Maria,
3219 579 3341 618 cum
3377 563 3557 618 anima
3584 574 3639 620 et
3667 567 3755 620 in-

2168 657 2409 711 tellectu.
2472 656 2752 711 Habitavit
2812 654 3047 711 Verbum
3098 656 3294 725 ipsius,
3343 657 3489 727 quod
3541 666 3661 711 erat
3689 675 3755 713 ex

2171 746 2300 811 Deo,
2339 748 2392 800 in
2453 746 2569 816 ipso
2594 760 2849 815 corpore,
2905 746 3024 800 sine
3056 747 3410 815 st-paratione
3433 748 3503 801 ab
3541 749 3662 818 ipso
3699 749 3755 802 in

2170 846 2513 909 perpetuum.
2548 837 2604 893 Si
2630 853 2736 891 non
2761 846 2907 892 esset
2943 838 3118 907 ipsum
3151 853 3355 909 corpus
3387 840 3532 910 quod
3561 841 3758 895 indue-

2174 943 2279 996 rat,
2341 947 2503 986 nemo
2553 941 2742 1000 posset
2805 932 2995 985 videre
3032 931 3270 986 Verbum
3305 931 3438 986 Dei:
3481 934 3623 988 sicut
3658 947 3754 987 nec

2173 1024 2385 1095 Moyses
2437 1022 2677 1077 Verbum
2719 1023 2811 1077 Dei
2866 1022 3057 1077 videre
3111 1024 3307 1093 potuit.
3362 1024 3469 1077 Sed
3527 1026 3761 1081 veniens

2173 1117 2411 1173 Verbum
2442 1117 2555 1182 Dei,
2593 1117 2769 1172 induit
2799 1132 3002 1185 corpus
3032 1117 3098 1171 de
3131 1116 3319 1182 Maria,
3358 1126 3411 1171 et
3445 1118 3647 1188 eripuit
3672 1135 3764 1189 po-

2172 1210 2361 1279 pulum
2420 1223 2579 1262 suum
2612 1207 2677 1262 de
2719 1215 2991 1277 potestate
3014 1207 3216 1261 diaboli
3252 1223 3265 1259 :
3296 1207 3534 1262 Verbum
3569 1208 3763 1277 utique

2177 1299 2312 1353 illud
2373 1299 2519 1369 quod
2554 1297 2723 1351 Maria
2766 1290 3107 1368 susceperat.
3162 1299 3284 1367 Ipse
3316 1306 3401 1352 est
3445 1296 3603 1366 cujus
3661 1314 3763 1352 no-

2178 1407 2299 1445 men
2332 1400 2415 1445 est
2448 1390 2677 1445 Messias
2699 1397 2752 1443 et
2784 1390 2949 1456 Deus,
2987 1389 3131 1460 quod
3162 1396 3302 1454 erat,
3336 1397 3626 1458 antequam
3656 1404 3763 1443 an-

2176 1483 2459 1536 nuntiatio
2496 1483 2699 1536 veniret
2761 1483 2827 1536 ad
2866 1482 3112 1546 Mariam,
3180 1490 3233 1534 et
3263 1495 3467 1550 corpus
3520 1491 3767 1536 Sumeret

2176 1574 2245 1628 de
2299 1573 2469 1627 Maria
2503 1591 2516 1627 :
2553 1582 2606 1628 et
2658 1574 2773 1643 ipse
2806 1582 2889 1628 est
2927 1573 3088 1636 Deus,
3140 1579 3194 1627 et
3237 1574 3352 1626 luce
3383 1581 3467 1628 est
3496 1572 3674 1644 caligo
3707 1573 3764 1627 in

2178 1665 2333 1719 vobis
2365 1673 2422 1718 ut
2455 1681 2562 1719 non
2595 1665 2937 1734 intelligatis.

2248 1756 2449 1811 ltcrmn
2476 1757 2610 1811 mihi
2643 1756 2917 1826 scripsisti
2945 1754 3173 1811 dicens:
3203 1756 3341 1823 Quia
3369 1755 3571 1810 dixerit
3604 1754 3765 1824 ,Mis-

2179 1864 2273 1905 sus
2306 1864 2425 1904 sum
2485 1849 2550 1903 ad
2581 1864 2701 1911 vos,
2760 1856 2815 1903 et
2844 1847 3165 1911 comederit,
3210 1856 3264 1902 et
3294 1847 3517 1910 biberit,
3552 1855 3607 1900 et
3633 1848 3769 1900 dor-

2178 1942 2384 1997 mierit.
2442 1940 2550 1995 Sed
2613 1955 2761 1995 nunc
2818 1940 2915 1995 tibi
2944 1938 3233 1995 ostendam
3283 1938 3769 2009 quediquristo

2180 2032 2386 2088 fuerint
2416 2033 2537 2087 duae
2570 2032 2940 2102 operationes,
2962 2042 2963 2045 ‘
2988 2039 3042 2087 et
3088 2030 3209 2086 duae
3240 2030 3550 2086 locutiones
3584 2049 3595 2083 :
3629 2045 3768 2096 una,

2179 2122 2369 2191 Verbi,
2419 2134 2473 2180 et
2498 2126 2623 2188 alia,
2656 2126 2904 2195 corporis
2938 2124 3083 2193 quod
3118 2132 3439 2194 susceperat
3476 2123 3543 2179 de
3570 2123 3767 2179 Maria.

2181 2217 2297 2275 Hoc
2329 2227 2415 2275 est
2451 2235 2653 2290 corpus
2686 2220 3012 2290 perfectum,
3040 2218 3279 2273 animam
3316 2218 3529 2272 habens
3572 2226 3626 2271 et
3676 2215 3768 2270 in-

2183 2312 2485 2371 telleetum.
2538 2311 2799 2383 Operatio
2836 2311 3001 2366 Verbi
3056 2320 3141 2366 est
3172 2309 3395 2381 quando
3436 2325 3561 2365 cum
3604 2308 3771 2362 l‘atre

2181 2415 2376 2462 cuncta
2416 2407 2623 2462 creavit
2672 2424 2686 2461 :
2729 2414 2783 2461 et
2843 2420 3070 2461 manens
3137 2406 3194 2461 in
3251 2417 3504 2473 corpore,
3542 2412 3770 2472 peccata

2181 2501 2517 2567 dimittebat,
2545 2510 2600 2556 et
2653 2508 2906 2558 mortuos
2950 2500 3276 2567 suscitabat,
3307 2507 3362 2556 et
3394 2509 3592 2555 cmtera
3632 2497 3770 2550 talia

2189 2591 2445 2649 faciebat.
2486 2590 2596 2650 Vos
2622 2602 2827 2658 autem,
2851 2591 3226 2663 relinquentes
3250 2606 3415 2661 opera
3449 2587 3635 2653 Verbi,
3678 2602 3774 2642 se-

2182 2685 2418 2755 q'uimini
2472 2700 2636 2755 opera
2683 2685 2870 2740 carnis
2924 2698 3090 2755 quam
3137 2682 3437 2753 assumpsit
3464 2680 3532 2736 de
3570 2678 3771 2745 Maria,

2184 2792 2304 2846 qua:
2341 2777 2443 2830 fuit
2470 2777 2534 2831 de
2564 2775 2736 2830 Adam
2774 2793 2791 2831 :
2820 2784 2875 2831 et
2905 2777 3028 2831 ideo
3073 2776 3257 2831 dicitis
3283 2774 3429 2845 quod
3460 2772 3658 2829 similis
3695 2772 3776 2827 sit

2184 2861 2442 2917 Christus
2505 2862 2657 2929 Adae,
2694 2861 2843 2932 quod
2888 2861 3208 2917 comedebat
3241 2870 3294 2916 et
3322 2860 3627 2916 dormiebat
3666 2876 3681 2914 :
3713 2868 3779 2913 et.

2186 2956 2288 3011 iste
2312 2963 2397 3011 est
2422 2970 2603 3010 sermo
2627 2970 2818 3010 eorum
2844 2956 2939 3026 qui
2963 2970 3068 3010 non
3100 2955 3412 3025 intelligunt
3441 2953 3508 3008 de.
3524 2952 3772 3013 Christo,

2187 3061 2367 3116 neque
2390 3053 2815 3115 perscrutantur
2846 3046 3019 3118 legem
3055 3044 3173 3102 Dei.
3226 3047 3294 3101 Et
3327 3045 3625 3101 secundum
3677 3062 3781 3100 ve-

2186 3148 2360 3193 strum
2385 3152 2632 3202 sensum,
2671 3136 2845 3193 Judaei
2879 3138 3248 3210 intelligentes
3282 3140 3346 3195 de
3369 3138 3609 3201 Christo,
3648 3153 3780 3209 pcr-

2187 3236 2487 3299 sequentes
2520 3235 2575 3282 et
2609 3228 3163 3299 comprehendentes,
3197 3244 3320 3284 eum
3352 3227 3779 3291 erueiﬁserunt,

2187 3320 2437 3377 dicentes
2469 3321 2822 3391 blasphemia:
2849 3321 3016 3376 verba
3035 3322 3099 3375 ad
3130 3320 3355 3375 Mariam
3374 3320 3600 3375 Matrem
3622 3320 3775 3390 ejus,

2186 3411 2275 3464 cui
2341 3410 2519 3483 pudor
2570 3410 2845 3467 castitatis
2892 3411 3090 3466 inerat.
3143 3410 3343 3466 lterum
3408 3411 3563 3477 dicis,
3597 3425 3781 3480 quare

2194 3500 2494 3558 adoretuus
2539 3501 2827 3557 Christum
2886 3499 3126 3556 Verbum
3170 3500 3288 3556 Dei.
3350 3500 3624 3571 Numquid
3658 3517 3777 3555 non

2188 3594 2465 3651 invenitur
2498 3595 2555 3650 in
2588 3594 2712 3665 lege
2738 3593 2832 3650 Dei
2858 3595 3008 3665 quod
3039 3595 3134 3649 ﬁlii
3171 3594 3335 3650 Israel
3399 3594 3782 3649 adoraverunt

2184 3704 2373 3744 arcam
2428 3703 2591 3759 quam
2629 3695 2965 3760 praeceperat
2998 3688 3139 3744 Deus
3164 3686 3335 3758 Moysi
3361 3687 3563 3752 facere,
3604 3695 3658 3741 et
3685 3696 3781 3739 ta-

2194 3797 2315 3837 men
2342 3797 2453 3837 non
2477 3781 2789 3836 adorabant
2828 3794 2929 3835 nec
2956 3779 3270 3836 serviebant
3290 3794 3431 3834 arcae
3456 3794 3558 3834 nec
3586 3779 3777 3849 ligno:

2188 3872 2285 3928 sed
2313 3872 2621 3929 adorabant
2653 3882 2707 3926 et
2725 3870 3043 3927 serviebant
3089 3870 3193 3942 legi
3225 3880 3279 3925 et
3305 3871 3472 3925 verbo
3497 3868 3587 3925 Dei
3622 3870 3775 3940 quod

2193 3970 2308 4017 erat
2343 3961 2398 4016 in
2428 3975 2579 4027 arca,
2601 3970 2653 4017 et
2678 3970 2859 4015 tamen
2890 3976 2999 4015 non
3020 3959 3088 4016 ob
3104 3960 3209 4015 hoc
3229 3967 3387 4015 erant
3410 3959 3568 4015 alieni
3592 3974 3621 4013 a
3641 3960 3773 4026 Deo,

2190 4067 2293 4107 nec
2327 4052 2539 4107 duobus
2562 4052 2668 4108 diis
2700 4052 2940 4109 servisse
2967 4052 3354 4123 iudicabantur
3375 4053 3399 4106 ἲ
3418 4051 3658 4106 Rursum
3684 4054 3774 4105 tli-

2191 4146 2273 4204 cis
2301 4148 2448 4218 quod
2499 4148 2555 4201 in
2618 4146 2735 4217 lege
2804 4155 2987 4202 vestra
3073 4146 3405 4211 inveniatur,
3459 4145 3603 4216 quod
3631 4145 3776 4201 Deus

2190 4241 2447 4314 praecepit
2478 4240 2687 4314 angelis
2704 4240 2822 4295 suis
2849 4239 3080 4295 adorare
3104 4239 3300 4294 Adam.
3326 4239 3482 4307 Quod
3511 4239 3557 4295 si
3592 4239 3667 4293 ita
3688 4246 3777 4293 est

2189 4332 2555 4395 credendum,
2586 4329 2717 4402 quid
2746 4330 3027 4385 existimas
3064 4329 3132 4386 de
3163 4328 3369 4393 Verbo,
3403 4330 3548 4400 quod
3588 4330 3776 4385 nomi-

2193 4433 2387 4480 natum
2446 4431 2533 4480 est
2566 4422 2842 4479 Messias?
2879 4422 3134 4493 Nunquid
3160 4433 3238 4478 csr
3271 4423 3467 4478 melius
3490 4437 3612 4476 eum
3641 4424 3779 4477 ado-

2114 4523 2337 4578 nrare,
2384 4528 2548 4583 quam
2604 4521 2815 4583 petram
2870 4511 3093 4567 surdam
3134 4527 3297 4581 quam
3359 4512 3624 4577 adoratis,
3682 4514 3775 4567 ubi

2204 4604 2421 4660 scimus
2453 4602 2662 4673 aliquid
2694 4603 3029 4658 remansisse
3058 4603 3124 4657 de
3160 4603 3465 4657 idololatria
3526 4604 3614 4658 illa
3666 4620 3775 4674 qua

2193 4692 2501 4748 adorabunt
2529 4690 2684 4759 Jaoh,
2714 4689 2871 4757 Jaoc,
2904 4690 3135 4755 Nazara,
3169 4702 3220 4747 et
3241 4693 3390 4746 Allac
3450 4700 3506 4746 et
3536 4693 3775 4764 Allogei,

2190 4795 2244 4841 et
2278 4785 2476 4841 Mena?
2514 4784 2745 4852 Quidam
2803 4800 2867 4840 ex
2898 4786 2979 4841 eis
3026 4793 3184 4839 erant
3217 4785 3291 4839 dii
3317 4786 3370 4839 in
3414 4786 3781 4841 similitudine

2191 4880 2466 4941 virorum,
2492 4876 2741 4947 quaedam
2789 4876 2842 4930 in
2871 4876 3230 4931 similitudine
3262 4876 3628 4931 feminarum!
3665 4878 3783 4933 Ma-

2188 4969 2341 5040 jores
2372 4970 2568 5024 horum
2592 4969 2935 5035 .dicebantur
2969 4969 3228 5037 Aleubre,
3293 4972 3440 5026 unde
3487 4978 3541 5025 et
3591 4986 3780 5024 SCI‘IIiO

2195 5062 2301 5117 iste
2326 5061 2631 5124 derivatur,
2678 5062 2991 5126 Alacuiber,
3028 5063 3171 5119 inter
3196 5078 3295 5119 vos
3324 5062 3671 5117 immolantes
3694 5064 3781 5117 eis

2191 5170 2389 5224 pecora
2418 5164 2475 5211 et
2503 5155 2744 5212 camelos
2770 5155 2825 5210 in
2854 5171 2965 5211 uno
2982 5156 3207 5228 die,pro
3229 5172 3561 5228 unoquoque
3588 5172 3737 5211 anno
3755 5170 3777 5210 :

2195 5256 2252 5302 et
2285 5247 2463 5303 secuti
2497 5248 2631 5302 es1is
2657 5248 3109 5303 consuetudinem
3132 5264 3468 5319 paganorum
3497 5265 3666 5321 super
3698 5251 3781 5303 la-

2196 5340 2322 5409 pide
2364 5338 2481 5404 illo,
2517 5339 2571 5393 in
2606 5339 2820 5407 Mecha,
2858 5340 2913 5395 in
2944 5342 3146 5412 angulo
3173 5341 3372 5397 domus
3394 5343 3568 5412 ipsius
3606 5342 3784 5395 idolo-

2203 5427 2400 5494 latriae,
2427 5427 2515 5482 cui
2550 5427 2828 5485 serviebat
2857 5430 3161 5501 antiquitas
3191 5445 3552 5501 paganorum,
3583 5443 3639 5485 et
3676 5432 3783 5485 iut-

2201 5521 2461 5575 tuolabat.
2518 5518 2720 5576 lterum
2770 5521 2934 5587 dicis,
2997 5523 3144 5593 quod
3204 5524 3369 5578 simul
3421 5521 3781 5578 ante‘Deum

2200 5613 2461 5668 Christus
2498 5613 2573 5669 sit
2601 5621 2657 5667 et
2688 5613 2858 5669 Adam
2892 5631 2907 5668 :
2934 5625 2990 5670 et
3019 5616 3223 5686 ponitis
3254 5616 3523 5671 facturam
3548 5614 3617 5671 de
3639 5616 3781 5678 luto,

2198 5720 2319 5776 qua:
2375 5704 2714 5760 contradixit
2758 5704 2871 5761 Deo
2917 5721 3041 5772 suo,
3086 5716 3276 5763 etnon
3312 5707 3612 5765 custodivit
3644 5722 3785 5778 pra:-

2204 5806 2418 5867 ceptum
2448 5795 2596 5867 ejus.
2630 5797 2868 5854 similem
2921 5797 3100 5857 Verbo
3125 5798 3221 5857 Dei
3267 5810 3321 5858 et
3353 5800 3543 5857 lumini
3578 5799 3776 5872 ipsius,
