  <div class='ocr_page' id='page_1' title='image "/cluster/home/n/w/nwhite01/storage/ocr_20150623/107/hvd.32044073502338/202.png"; bbox 0 0 3970 6212; ppageno 0'>
   <div class='ocr_carea' id='block_1_1' title="bbox 202 272 295 335">
    <p class='ocr_par' dir='ltr' id='par_1_1' title="bbox 202 272 295 335">
     <span class='ocr_line' id='line_1_1' title="bbox 202 272 295 335; baseline 0 0"><span class='ocrx_word' id='word_1_1' title='bbox 202 272 295 335; x_wconf 75' lang='lat'><strong>321</strong></span> 
     </span>
    </p>
   </div>
   <div class='ocr_carea' id='block_1_2' title="bbox 1404 267 2287 339">
    <p class='ocr_par' dir='ltr' id='par_1_2' title="bbox 1404 267 2287 339">
     <span class='ocr_line' id='line_1_2' title="bbox 1404 267 2287 339; baseline -0.011 -3"><span class='ocrx_word' id='word_1_2' title='bbox 1404 274 1764 339; x_wconf 67' lang='lat' dir='ltr'><strong>&#39;EPIS&#39;I‘OLA</strong></span> <span class='ocrx_word' id='word_1_3' title='bbox 1811 271 1908 330; x_wconf 74' lang='lat' dir='ltr'><strong>AD</strong></span> <span class='ocrx_word' id='word_1_4' title='bbox 1938 267 2287 328; x_wconf 77' lang='lat' dir='ltr'><strong>OMARUM.</strong></span> 
     </span>
    </p>
   </div>
   <div class='ocr_carea' id='block_1_3' title="bbox 3352 268 3460 332">
    <p class='ocr_par' dir='ltr' id='par_1_3' title="bbox 3352 268 3460 332">
     <span class='ocr_line' id='line_1_3' title="bbox 3352 268 3460 332; baseline -0.009 0"><span class='ocrx_word' id='word_1_5' title='bbox 3352 268 3460 332; x_wconf 71' lang='lat'><strong>322</strong></span> 
     </span>
    </p>
   </div>
   <div class='ocr_carea' id='block_1_4' title="bbox 206 376 3459 461">
    <p class='ocr_par' dir='ltr' id='par_1_4' title="bbox 206 376 3459 461">
     <span class='ocr_line' id='line_1_4' title="bbox 206 376 3459 461; baseline -0.001 -22"><span class='ocrx_word' id='word_1_6' title='bbox 206 385 292 454; x_wconf 79' lang='lat' dir='ltr'><strong>qui</strong></span> <span class='ocrx_word' id='word_1_7' title='bbox 346 398 461 440; x_wconf 91' lang='lat' dir='ltr'><strong>non</strong></span> <span class='ocrx_word' id='word_1_8' title='bbox 493 394 579 442; x_wconf 87' lang='lat' dir='ltr'><strong>est</strong></span> <span class='ocrx_word' id='word_1_9' title='bbox 608 386 811 455; x_wconf 81' lang='lat' dir='ltr'><strong>factus,</strong></span> <span class='ocrx_word' id='word_1_10' title='bbox 847 389 942 445; x_wconf 91' lang='lat' dir='ltr'><strong>sed</strong></span> <span class='ocrx_word' id='word_1_11' title='bbox 974 403 1070 461; x_wconf 88' lang='lat' dir='ltr'><strong>per</strong></span> <span class='ocrx_word' id='word_1_12' title='bbox 1116 388 1295 459; x_wconf 90' lang='lat' dir='ltr'><strong>ipsum</strong></span> <span class='ocrx_word' id='word_1_13' title='bbox 1328 386 1473 442; x_wconf 80' lang='lat' dir='ltr'><strong>facta</strong></span> <span class='ocrx_word' id='word_1_14' title='bbox 1505 394 1633 442; x_wconf 91' lang='lat' dir='ltr'><strong>sunt</strong></span> <span class='ocrx_word' id='word_1_15' title='bbox 1662 399 1778 438; x_wconf 89' lang='lat' dir='ltr'><strong>om-</strong></span> <span class='ocrx_word' id='word_1_16' title='bbox 1810 394 1855 450; x_wconf 75' lang='grc' dir='ltr'><strong>Α</strong></span> <span class='ocrx_word' id='word_1_17' title='bbox 1884 394 2071 435; x_wconf 89' lang='lat' dir='ltr'><strong>verum</strong></span> <span class='ocrx_word' id='word_1_18' title='bbox 2102 380 2317 432; x_wconf 90' lang='lat' dir='ltr'><strong>locutus</strong></span> <span class='ocrx_word' id='word_1_19' title='bbox 2345 391 2406 432; x_wconf 89' lang='lat' dir='ltr'><strong>cs</strong></span> <span class='ocrx_word' id='word_1_20' title='bbox 2432 376 2681 440; x_wconf 89' lang='lat' dir='ltr'><strong>nobis,ct</strong></span> <span class='ocrx_word' id='word_1_21' title='bbox 2710 376 3031 433; x_wconf 75' lang='lat' dir='ltr'><strong>testahimtrr</strong></span> <span class='ocrx_word' id='word_1_22' title='bbox 3057 379 3183 449; x_wconf 83' lang='lat' dir='ltr'><strong>quia</strong></span> <span class='ocrx_word' id='word_1_23' title='bbox 3208 378 3459 437; x_wconf 76' lang='lat' dir='ltr'><strong>Christus</strong></span> 
     </span>
    </p>
   </div>
   <div class='ocr_carea' id='block_1_5' title="bbox 208 474 1780 549">
    <p class='ocr_par' dir='ltr' id='par_1_5' title="bbox 208 474 1780 549">
     <span class='ocr_line' id='line_1_5' title="bbox 208 474 1780 549; baseline -0.003 -18"><span class='ocrx_word' id='word_1_24' title='bbox 208 479 309 542; x_wconf 86' lang='lat' dir='ltr'><strong>nia,</strong></span> <span class='ocrx_word' id='word_1_25' title='bbox 336 483 396 531; x_wconf 85' lang='lat' dir='ltr'><strong>et</strong></span> <span class='ocrx_word' id='word_1_26' title='bbox 448 475 567 545; x_wconf 87' lang='lat' dir='ltr'><strong>ipse</strong></span> <span class='ocrx_word' id='word_1_27' title='bbox 606 485 693 533; x_wconf 87' lang='lat' dir='ltr'><strong>est</strong></span> <span class='ocrx_word' id='word_1_28' title='bbox 719 477 972 543; x_wconf 79' lang='lat' dir='ltr'><strong>Messias,</strong></span> <span class='ocrx_word' id='word_1_29' title='bbox 1019 478 1180 549; x_wconf 83' lang='lat' dir='ltr'><strong>cujus</strong></span> <span class='ocrx_word' id='word_1_30' title='bbox 1219 492 1449 548; x_wconf 81' lang='lat' dir='ltr'><strong>regnum</strong></span> <span class='ocrx_word' id='word_1_31' title='bbox 1483 474 1780 543; x_wconf 86' lang='lat' dir='ltr'><strong>sempiter-</strong></span> 
     </span>
    </p>
   </div>
   <div class='ocr_carea' id='block_1_6' title="bbox 204 561 1782 639">
    <p class='ocr_par' dir='ltr' id='par_1_6' title="bbox 204 561 1782 639">
     <span class='ocr_line' id='line_1_6' title="bbox 204 561 1782 639; baseline -0.003 -19"><span class='ocrx_word' id='word_1_32' title='bbox 204 581 327 620; x_wconf 82' lang='lat' dir='ltr'><strong>num</strong></span> <span class='ocrx_word' id='word_1_33' title='bbox 365 566 609 621; x_wconf 90' lang='lat' dir='ltr'><strong>exsistit.</strong></span> <span class='ocrx_word' id='word_1_34' title='bbox 642 566 857 632; x_wconf 67' lang='lat' dir='ltr'><strong>Quaeris</strong></span> <span class='ocrx_word' id='word_1_35' title='bbox 883 567 1158 639; x_wconf 90' lang='lat' dir='ltr'><strong>quomodo</strong></span> <span class='ocrx_word' id='word_1_36' title='bbox 1195 568 1337 623; x_wconf 82' lang='lat' dir='ltr'><strong>Deus</strong></span> <span class='ocrx_word' id='word_1_37' title='bbox 1366 566 1548 637; x_wconf 91' lang='lat' dir='ltr'><strong>potuit</strong></span> <span class='ocrx_word' id='word_1_38' title='bbox 1571 561 1782 634; x_wconf 78' lang='lat' dir='ltr'><strong>ingredi</strong></span> 
     </span>
    </p>
   </div>
   <div class='ocr_carea' id='block_1_7' title="bbox 206 656 1785 725">
    <p class='ocr_par' dir='ltr' id='par_1_7' title="bbox 206 656 1785 725">
     <span class='ocr_line' id='line_1_7' title="bbox 206 656 1785 725; baseline -0.003 -16"><span class='ocrx_word' id='word_1_39' title='bbox 206 656 253 711; x_wconf 86' lang='lat' dir='ltr'><strong>in</strong></span> <span class='ocrx_word' id='word_1_40' title='bbox 301 664 558 711; x_wconf 75' lang='lat' dir='ltr'><strong>ventrem</strong></span> <span class='ocrx_word' id='word_1_41' title='bbox 590 657 855 723; x_wconf 86' lang='lat' dir='ltr'><strong>mulieris,</strong></span> <span class='ocrx_word' id='word_1_42' title='bbox 904 658 1254 713; x_wconf 89' lang='lat' dir='ltr'><strong>tenebrosum</strong></span> <span class='ocrx_word' id='word_1_43' title='bbox 1297 666 1352 711; x_wconf 93' lang='lat' dir='ltr'><strong>et</strong></span> <span class='ocrx_word' id='word_1_44' title='bbox 1389 664 1682 725; x_wconf 90' lang='lat' dir='ltr'><strong>angustum</strong></span> <span class='ocrx_word' id='word_1_45' title='bbox 1730 660 1785 707; x_wconf 93' lang='lat' dir='ltr'><strong>et</strong></span> 
     </span>
    </p>
   </div>
   <div class='ocr_carea' id='block_1_8' title="bbox 204 744 1782 818">
    <p class='ocr_par' dir='ltr' id='par_1_8' title="bbox 204 744 1782 818">
     <span class='ocr_line' id='line_1_8' title="bbox 204 744 1782 818; baseline -0.001 -19"><span class='ocrx_word' id='word_1_46' title='bbox 204 745 426 800; x_wconf 74' lang='lat' dir='ltr'><strong>ietidum</strong></span> <span class='ocrx_word' id='word_1_47' title='bbox 459 761 474 797; x_wconf 88' lang='lat'><strong>:</strong></span> <span class='ocrx_word' id='word_1_48' title='bbox 514 746 609 801; x_wconf 89' lang='lat' dir='ltr'><strong>sed</strong></span> <span class='ocrx_word' id='word_1_49' title='bbox 643 747 689 802; x_wconf 93' lang='lat' dir='ltr'><strong>si</strong></span> <span class='ocrx_word' id='word_1_50' title='bbox 726 746 866 803; x_wconf 80' lang='lat' dir='ltr'><strong>forte</strong></span> <span class='ocrx_word' id='word_1_51' title='bbox 892 748 1185 818; x_wconf 72' lang='lat' dir='ltr'><strong>intelligas,</strong></span> <span class='ocrx_word' id='word_1_52' title='bbox 1216 746 1314 801; x_wconf 91' lang='lat' dir='ltr'><strong>tibi</strong></span> <span class='ocrx_word' id='word_1_53' title='bbox 1369 744 1782 800; x_wconf 76' lang='lat' dir='ltr'><strong>similitudinem</strong></span> 
     </span>
    </p>
   </div>
   <div class='ocr_carea' id='block_1_9' title="bbox 202 834 1786 907">
    <p class='ocr_par' dir='ltr' id='par_1_9' title="bbox 202 834 1786 907">
     <span class='ocr_line' id='line_1_9' title="bbox 202 834 1786 907; baseline -0.003 -16"><span class='ocrx_word' id='word_1_54' title='bbox 202 838 415 891; x_wconf 84' lang='lat' dir='ltr'><strong>damus.</strong></span> <span class='ocrx_word' id='word_1_55' title='bbox 452 835 649 892; x_wconf 81' lang='lat' dir='ltr'><strong>Nonne</strong></span> <span class='ocrx_word' id='word_1_56' title='bbox 690 837 840 893; x_wconf 91' lang='lat' dir='ltr'><strong>vides</strong></span> <span class='ocrx_word' id='word_1_57' title='bbox 865 838 1035 894; x_wconf 88' lang='lat' dir='ltr'><strong>solem</strong></span> <span class='ocrx_word' id='word_1_58' title='bbox 1063 838 1191 907; x_wconf 87' lang='lat' dir='ltr'><strong>quia</strong></span> <span class='ocrx_word' id='word_1_59' title='bbox 1222 835 1468 907; x_wconf 80' lang='lat' dir='ltr'><strong>graditur</strong></span> <span class='ocrx_word' id='word_1_60' title='bbox 1488 850 1651 905; x_wconf 88' lang='lat' dir='ltr'><strong>super</strong></span> <span class='ocrx_word' id='word_1_61' title='bbox 1684 834 1786 888; x_wconf 89' lang='lat' dir='ltr'><strong>im-</strong></span> 
     </span>
    </p>
   </div>
   <div class='ocr_carea' id='block_1_10' title="bbox 204 926 1784 994">
    <p class='ocr_par' dir='ltr' id='par_1_10' title="bbox 204 926 1784 994">
     <span class='ocr_line' id='line_1_10' title="bbox 204 926 1784 994; baseline -0.001 -13"><span class='ocrx_word' id='word_1_62' title='bbox 204 928 531 982; x_wconf 77' lang='lat' dir='ltr'><strong>munditiam</strong></span> <span class='ocrx_word' id='word_1_63' title='bbox 560 936 615 981; x_wconf 92' lang='lat' dir='ltr'><strong>et</strong></span> <span class='ocrx_word' id='word_1_64' title='bbox 642 936 908 994; x_wconf 84' lang='lat' dir='ltr'><strong>stercora,</strong></span> <span class='ocrx_word' id='word_1_65' title='bbox 944 935 997 984; x_wconf 91' lang='lat' dir='ltr'><strong>et</strong></span> <span class='ocrx_word' id='word_1_66' title='bbox 1018 929 1267 992; x_wconf 86' lang='lat' dir='ltr'><strong>letoretn,</strong></span> <span class='ocrx_word' id='word_1_67' title='bbox 1297 935 1353 981; x_wconf 90' lang='lat' dir='ltr'><strong>et</strong></span> <span class='ocrx_word' id='word_1_68' title='bbox 1387 936 1577 981; x_wconf 91' lang='lat' dir='ltr'><strong>tamen.</strong></span> <span class='ocrx_word' id='word_1_69' title='bbox 1630 926 1784 980; x_wconf 86' lang='lat' dir='ltr'><strong>nullo</strong></span> 
     </span>
    </p>
   </div>
   <div class='ocr_carea' id='block_1_11' title="bbox 203 1017 1784 1087">
    <p class='ocr_par' dir='ltr' id='par_1_11' title="bbox 203 1017 1784 1087">
     <span class='ocr_line' id='line_1_11' title="bbox 203 1017 1784 1087; baseline -0.002 -16"><span class='ocrx_word' id='word_1_70' title='bbox 203 1020 363 1072; x_wconf 87' lang='lat' dir='ltr'><strong>modo</strong></span> <span class='ocrx_word' id='word_1_71' title='bbox 404 1018 750 1087; x_wconf 89' lang='lat' dir='ltr'><strong>inquinatur,</strong></span> <span class='ocrx_word' id='word_1_72' title='bbox 791 1020 884 1074; x_wconf 90' lang='lat' dir='ltr'><strong>sed</strong></span> <span class='ocrx_word' id='word_1_73' title='bbox 918 1019 1146 1073; x_wconf 89' lang='lat' dir='ltr'><strong>mundat</strong></span> <span class='ocrx_word' id='word_1_74' title='bbox 1172 1017 1379 1085; x_wconf 86' lang='lat' dir='ltr'><strong>omnia,</strong></span> <span class='ocrx_word' id='word_1_75' title='bbox 1430 1026 1636 1086; x_wconf 90' lang='lat' dir='ltr'><strong>quanto</strong></span> <span class='ocrx_word' id='word_1_76' title='bbox 1668 1030 1784 1069; x_wconf 83' lang='lat' dir='ltr'><strong>ma-</strong></span> 
     </span>
    </p>
   </div>
   <div class='ocr_carea' id='block_1_12' title="bbox 201 1108 1785 1180">
    <p class='ocr_par' dir='ltr' id='par_1_12' title="bbox 201 1108 1785 1180">
     <span class='ocr_line' id='line_1_12' title="bbox 201 1108 1785 1180; baseline -0.002 -17"><span class='ocrx_word' id='word_1_77' title='bbox 201 1111 281 1179; x_wconf 82' lang='lat' dir='ltr'><strong>gis</strong></span> <span class='ocrx_word' id='word_1_78' title='bbox 312 1109 463 1165; x_wconf 88' lang='lat' dir='ltr'><strong>Deus</strong></span> <span class='ocrx_word' id='word_1_79' title='bbox 492 1111 587 1180; x_wconf 88' lang='lat' dir='ltr'><strong>qui</strong></span> <span class='ocrx_word' id='word_1_80' title='bbox 612 1110 739 1165; x_wconf 76' lang='lat' dir='ltr'><strong>fecit</strong></span> <span class='ocrx_word' id='word_1_81' title='bbox 766 1111 933 1166; x_wconf 77' lang='lat' dir='ltr'><strong>Solem</strong></span> <span class='ocrx_word' id='word_1_82' title='bbox 958 1126 1064 1165; x_wconf 89' lang='lat' dir='ltr'><strong>non</strong></span> <span class='ocrx_word' id='word_1_83' title='bbox 1096 1109 1414 1180; x_wconf 90' lang='lat' dir='ltr'><strong>inquinetur</strong></span> <span class='ocrx_word' id='word_1_84' title='bbox 1434 1124 1465 1164; x_wconf 89' lang='lat' dir='ltr'><strong>a</strong></span> <span class='ocrx_word' id='word_1_85' title='bbox 1498 1108 1785 1164; x_wconf 81' lang='lat' dir='ltr'><strong>creatura?</strong></span> 
     </span>
    </p>
   </div>
   <div class='ocr_carea' id='block_1_13' title="bbox 204 1193 1785 1268">
    <p class='ocr_par' dir='ltr' id='par_1_13' title="bbox 204 1193 1785 1268">
     <span class='ocr_line' id='line_1_13' title="bbox 204 1193 1785 1268; baseline 0 -19"><span class='ocrx_word' id='word_1_86' title='bbox 204 1193 301 1249; x_wconf 85' lang='lat' dir='ltr'><strong>Sed</strong></span> <span class='ocrx_word' id='word_1_87' title='bbox 366 1196 485 1249; x_wconf 90' lang='lat' dir='ltr'><strong>noli</strong></span> <span class='ocrx_word' id='word_1_88' title='bbox 554 1210 675 1251; x_wconf 89' lang='lat' dir='ltr'><strong>esse</strong></span> <span class='ocrx_word' id='word_1_89' title='bbox 742 1196 1057 1253; x_wconf 89' lang='lat' dir='ltr'><strong>incredulus</strong></span> <span class='ocrx_word' id='word_1_90' title='bbox 1110 1204 1168 1251; x_wconf 90' lang='lat' dir='ltr'><strong>ut</strong></span> <span class='ocrx_word' id='word_1_91' title='bbox 1231 1212 1340 1252; x_wconf 91' lang='lat' dir='ltr'><strong>non</strong></span> <span class='ocrx_word' id='word_1_92' title='bbox 1410 1197 1785 1268; x_wconf 84' lang='lat' dir='ltr'><strong>ingrederetur</strong></span> 
     </span>
    </p>
   </div>
   <div class='ocr_carea' id='block_1_14' title="bbox 202 1282 1782 1360">
    <p class='ocr_par' dir='ltr' id='par_1_14' title="bbox 202 1282 1782 1360">
     <span class='ocr_line' id='line_1_14' title="bbox 202 1282 1782 1360; baseline 0.004 -23"><span class='ocrx_word' id='word_1_93' title='bbox 202 1282 346 1338; x_wconf 79' lang='lat' dir='ltr'><strong>Deus</strong></span> <span class='ocrx_word' id='word_1_94' title='bbox 395 1285 454 1339; x_wconf 92' lang='lat' dir='ltr'><strong>in</strong></span> <span class='ocrx_word' id='word_1_95' title='bbox 518 1294 736 1341; x_wconf 89' lang='lat' dir='ltr'><strong>uterum</strong></span> <span class='ocrx_word' id='word_1_96' title='bbox 804 1286 1062 1358; x_wconf 82' lang='lat' dir='ltr'><strong>Virginis,</strong></span> <span class='ocrx_word' id='word_1_97' title='bbox 1116 1288 1211 1356; x_wconf 86' lang='lat' dir='ltr'><strong>qui</strong></span> <span class='ocrx_word' id='word_1_98' title='bbox 1259 1288 1543 1360; x_wconf 85' lang='lat' dir='ltr'><strong>ingressus</strong></span> <span class='ocrx_word' id='word_1_99' title='bbox 1604 1295 1689 1344; x_wconf 80' lang='lat' dir='ltr'><strong>est</strong></span> <span class='ocrx_word' id='word_1_100' title='bbox 1728 1289 1782 1343; x_wconf 90' lang='lat' dir='ltr'><strong>in</strong></span> 
     </span>
    </p>
   </div>
   <div class='ocr_carea' id='block_1_15' title="bbox 206 1375 1785 1447">
    <p class='ocr_par' dir='ltr' id='par_1_15' title="bbox 206 1375 1785 1447">
     <span class='ocr_line' id='line_1_15' title="bbox 206 1375 1785 1447; baseline 0.003 -19"><span class='ocrx_word' id='word_1_101' title='bbox 206 1375 343 1430; x_wconf 87' lang='lat' dir='ltr'><strong>rubo</strong></span> <span class='ocrx_word' id='word_1_102' title='bbox 368 1376 464 1447; x_wconf 89' lang='lat' dir='ltr'><strong>qui</strong></span> <span class='ocrx_word' id='word_1_103' title='bbox 489 1385 607 1431; x_wconf 88' lang='lat' dir='ltr'><strong>erat</strong></span> <span class='ocrx_word' id='word_1_104' title='bbox 644 1379 698 1432; x_wconf 90' lang='lat' dir='ltr'><strong>in</strong></span> <span class='ocrx_word' id='word_1_105' title='bbox 728 1386 913 1435; x_wconf 88' lang='lat' dir='ltr'><strong>monte</strong></span> <span class='ocrx_word' id='word_1_106' title='bbox 941 1378 1118 1445; x_wconf 84' lang='lat' dir='ltr'><strong>Sinai,</strong></span> <span class='ocrx_word' id='word_1_107' title='bbox 1151 1389 1205 1435; x_wconf 92' lang='lat' dir='ltr'><strong>et</strong></span> <span class='ocrx_word' id='word_1_108' title='bbox 1240 1381 1462 1437; x_wconf 90' lang='lat' dir='ltr'><strong>locutus</strong></span> <span class='ocrx_word' id='word_1_109' title='bbox 1498 1388 1585 1436; x_wconf 88' lang='lat' dir='ltr'><strong>est</strong></span> <span class='ocrx_word' id='word_1_110' title='bbox 1626 1395 1785 1435; x_wconf 88' lang='lat' dir='ltr'><strong>servo</strong></span> 
     </span>
    </p>
   </div>
   <div class='ocr_carea' id='block_1_16' title="bbox 215 1466 1785 1539">
    <p class='ocr_par' dir='ltr' id='par_1_16' title="bbox 215 1466 1785 1539">
     <span class='ocr_line' id='line_1_16' title="bbox 215 1466 1785 1539; baseline 0.005 -20"><span class='ocrx_word' id='word_1_111' title='bbox 215 1481 310 1520; x_wconf 79' lang='lat' dir='ltr'><strong>suo</strong></span> <span class='ocrx_word' id='word_1_112' title='bbox 349 1466 543 1538; x_wconf 80' lang='lat' dir='ltr'><strong>Moysi,</strong></span> <span class='ocrx_word' id='word_1_113' title='bbox 606 1478 660 1523; x_wconf 87' lang='lat' dir='ltr'><strong>et</strong></span> <span class='ocrx_word' id='word_1_114' title='bbox 693 1469 863 1539; x_wconf 73' lang='lat' dir='ltr'><strong>legem</strong></span> <span class='ocrx_word' id='word_1_115' title='bbox 895 1470 945 1526; x_wconf 88' lang='lat' dir='ltr'><strong>ei</strong></span> <span class='ocrx_word' id='word_1_116' title='bbox 999 1470 1168 1526; x_wconf 89' lang='lat' dir='ltr'><strong>dedit.</strong></span> <span class='ocrx_word' id='word_1_117' title='bbox 1200 1471 1393 1528; x_wconf 87' lang='lat' dir='ltr'><strong>Nonne</strong></span> <span class='ocrx_word' id='word_1_118' title='bbox 1443 1473 1639 1528; x_wconf 88' lang='lat' dir='ltr'><strong>melius</strong></span> <span class='ocrx_word' id='word_1_119' title='bbox 1667 1482 1785 1528; x_wconf 87' lang='lat' dir='ltr'><strong>erat</strong></span> 
     </span>
    </p>
   </div>
   <div class='ocr_carea' id='block_1_17' title="bbox 220 1557 1781 1634">
    <p class='ocr_par' dir='ltr' id='par_1_17' title="bbox 220 1557 1781 1634">
     <span class='ocr_line' id='line_1_17' title="bbox 220 1557 1781 1634; baseline 0.004 -23"><span class='ocrx_word' id='word_1_120' title='bbox 220 1572 406 1628; x_wconf 87' lang='lat' dir='ltr'><strong>corpus</strong></span> <span class='ocrx_word' id='word_1_121' title='bbox 436 1557 676 1630; x_wconf 78' lang='lat' dir='ltr'><strong>Virginis</strong></span> <span class='ocrx_word' id='word_1_122' title='bbox 715 1576 879 1630; x_wconf 89' lang='lat' dir='ltr'><strong>quam</strong></span> <span class='ocrx_word' id='word_1_123' title='bbox 909 1562 1001 1617; x_wconf 90' lang='lat' dir='ltr'><strong>illa</strong></span> <span class='ocrx_word' id='word_1_124' title='bbox 1025 1563 1181 1634; x_wconf 87' lang='lat' dir='ltr'><strong>spina</strong></span> <span class='ocrx_word' id='word_1_125' title='bbox 1202 1564 1325 1619; x_wconf 89' lang='lat' dir='ltr'><strong>rubi</strong></span> <span class='ocrx_word' id='word_1_126' title='bbox 1364 1564 1567 1630; x_wconf 85' lang='lat' dir='ltr'><strong>?Quod</strong></span> <span class='ocrx_word' id='word_1_127' title='bbox 1600 1574 1781 1620; x_wconf 88' lang='lat' dir='ltr'><strong>autem</strong></span> 
     </span>
    </p>
   </div>
   <div class='ocr_carea' id='block_1_18' title="bbox 226 1650 1781 1727">
    <p class='ocr_par' dir='ltr' id='par_1_18' title="bbox 226 1650 1781 1727">
     <span class='ocr_line' id='line_1_18' title="bbox 226 1650 1781 1727; baseline 0.005 -26"><span class='ocrx_word' id='word_1_128' title='bbox 226 1650 374 1715; x_wconf 88' lang='lat' dir='ltr'><strong>dicis,</strong></span> <span class='ocrx_word' id='word_1_129' title='bbox 413 1650 584 1721; x_wconf 88' lang='lat' dir='ltr'><strong>legem</strong></span> <span class='ocrx_word' id='word_1_130' title='bbox 643 1651 813 1723; x_wconf 87' lang='lat' dir='ltr'><strong>Moysi</strong></span> <span class='ocrx_word' id='word_1_131' title='bbox 869 1668 991 1709; x_wconf 89' lang='lat' dir='ltr'><strong>esse</strong></span> <span class='ocrx_word' id='word_1_132' title='bbox 1055 1666 1375 1720; x_wconf 86' lang='lat' dir='ltr'><strong>crematam,</strong></span> <span class='ocrx_word' id='word_1_133' title='bbox 1404 1664 1457 1712; x_wconf 92' lang='lat' dir='ltr'><strong>ct</strong></span> <span class='ocrx_word' id='word_1_134' title='bbox 1484 1656 1627 1727; x_wconf 89' lang='lat' dir='ltr'><strong>quod</strong></span> <span class='ocrx_word' id='word_1_135' title='bbox 1661 1671 1781 1711; x_wconf 90' lang='lat' dir='ltr'><strong>eam</strong></span> 
     </span>
    </p>
   </div>
   <div class='ocr_carea' id='block_1_19' title="bbox 230 1738 1784 1813">
    <p class='ocr_par' dir='ltr' id='par_1_19' title="bbox 230 1738 1784 1813">
     <span class='ocr_line' id='line_1_19' title="bbox 230 1738 1784 1813; baseline 0.005 -21"><span class='ocrx_word' id='word_1_136' title='bbox 230 1738 414 1795; x_wconf 78' lang='lat' dir='ltr'><strong>Esdras</strong></span> <span class='ocrx_word' id='word_1_137' title='bbox 476 1745 794 1798; x_wconf 78' lang='lat' dir='ltr'><strong>memoriter</strong></span> <span class='ocrx_word' id='word_1_138' title='bbox 852 1752 905 1798; x_wconf 89' lang='lat' dir='ltr'><strong>et</strong></span> <span class='ocrx_word' id='word_1_139' title='bbox 970 1746 1309 1801; x_wconf 86' lang='lat' dir='ltr'><strong>mendaciter</strong></span> <span class='ocrx_word' id='word_1_140' title='bbox 1362 1746 1705 1813; x_wconf 85' lang='lat' dir='ltr'><strong>memoravit,</strong></span> <span class='ocrx_word' id='word_1_141' title='bbox 1730 1755 1784 1800; x_wconf 89' lang='lat' dir='ltr'><strong>et</strong></span> 
     </span>
    </p>
   </div>
   <div class='ocr_carea' id='block_1_20' title="bbox 235 1829 1786 1901">
    <p class='ocr_par' dir='ltr' id='par_1_20' title="bbox 235 1829 1786 1901">
     <span class='ocr_line' id='line_1_20' title="bbox 235 1829 1786 1901; baseline 0.004 -19"><span class='ocrx_word' id='word_1_142' title='bbox 235 1829 451 1885; x_wconf 79' lang='lat' dir='ltr'><strong>nonfuit</strong></span> <span class='ocrx_word' id='word_1_143' title='bbox 501 1832 555 1884; x_wconf 92' lang='lat' dir='ltr'><strong>in</strong></span> <span class='ocrx_word' id='word_1_144' title='bbox 589 1847 656 1885; x_wconf 89' lang='lat' dir='ltr'><strong>ea</strong></span> <span class='ocrx_word' id='word_1_145' title='bbox 691 1842 1022 1889; x_wconf 88' lang='lat' dir='ltr'><strong>memoratus</strong></span> <span class='ocrx_word' id='word_1_146' title='bbox 1075 1833 1145 1889; x_wconf 92' lang='lat' dir='ltr'><strong>de</strong></span> <span class='ocrx_word' id='word_1_147' title='bbox 1207 1837 1635 1901; x_wconf 85' lang='lat' dir='ltr'><strong>resurrectione,</strong></span> <span class='ocrx_word' id='word_1_148' title='bbox 1692 1842 1786 1889; x_wconf 91' lang='lat' dir='ltr'><strong>aut</strong></span> 
     </span>
    </p>
   </div>
   <div class='ocr_carea' id='block_1_21' title="bbox 235 1921 1785 1997">
    <p class='ocr_par' dir='ltr' id='par_1_21' title="bbox 235 1921 1785 1997">
     <span class='ocr_line' id='line_1_21' title="bbox 235 1921 1785 1997; baseline 0.004 -23"><span class='ocrx_word' id='word_1_149' title='bbox 235 1921 328 1975; x_wconf 84' lang='lat' dir='ltr'><strong>vita</strong></span> <span class='ocrx_word' id='word_1_150' title='bbox 381 1932 596 1989; x_wconf 74' lang='lat' dir='ltr'><strong>aeterna,</strong></span> <span class='ocrx_word' id='word_1_151' title='bbox 634 1934 727 1977; x_wconf 88' lang='lat' dir='ltr'><strong>aut</strong></span> <span class='ocrx_word' id='word_1_152' title='bbox 793 1924 1069 1993; x_wconf 82' lang='lat' dir='ltr'><strong>paradiso,</strong></span> <span class='ocrx_word' id='word_1_153' title='bbox 1105 1941 1252 1981; x_wconf 91' lang='lat' dir='ltr'><strong>nunc</strong></span> <span class='ocrx_word' id='word_1_154' title='bbox 1293 1927 1411 1991; x_wconf 84' lang='lat' dir='ltr'><strong>tibi,</strong></span> <span class='ocrx_word' id='word_1_155' title='bbox 1439 1928 1484 1983; x_wconf 94' lang='lat' dir='ltr'><strong>si</strong></span> <span class='ocrx_word' id='word_1_156' title='bbox 1523 1928 1633 1984; x_wconf 90' lang='lat' dir='ltr'><strong>Deo</strong></span> <span class='ocrx_word' id='word_1_157' title='bbox 1666 1927 1785 1997; x_wconf 82' lang='lat' dir='ltr'><strong>pla-</strong></span> 
     </span>
    </p>
   </div>
   <div class='ocr_carea' id='block_1_22' title="bbox 236 2012 1782 2076">
    <p class='ocr_par' dir='ltr' id='par_1_22' title="bbox 236 2012 1782 2076">
     <span class='ocr_line' id='line_1_22' title="bbox 236 2012 1782 2076; baseline 0.005 -12"><span class='ocrx_word' id='word_1_158' title='bbox 236 2018 360 2076; x_wconf 86' lang='lat' dir='ltr'><strong>ceat,</strong></span> <span class='ocrx_word' id='word_1_159' title='bbox 383 2012 690 2066; x_wconf 88' lang='lat' dir='ltr'><strong>ostendam.</strong></span> <span class='ocrx_word' id='word_1_160' title='bbox 723 2012 1052 2069; x_wconf 82' lang='lat' dir='ltr'><strong>Benedictus</strong></span> <span class='ocrx_word' id='word_1_161' title='bbox 1084 2013 1349 2071; x_wconf 91' lang='lat' dir='ltr'><strong>Dominus</strong></span> <span class='ocrx_word' id='word_1_162' title='bbox 1394 2017 1782 2072; x_wconf 85' lang='lat' dir='ltr'><strong>revelationem</strong></span> 
     </span>
    </p>
   </div>
   <div class='ocr_carea' id='block_1_23' title="bbox 234 2100 1786 2177">
    <p class='ocr_par' dir='ltr' id='par_1_23' title="bbox 234 2100 1786 2177">
     <span class='ocr_line' id='line_1_23' title="bbox 234 2100 1786 2177; baseline 0.004 -22"><span class='ocrx_word' id='word_1_163' title='bbox 234 2100 281 2155; x_wconf 92' lang='lat' dir='ltr'><strong>in</strong></span> <span class='ocrx_word' id='word_1_164' title='bbox 306 2103 591 2172; x_wconf 84' lang='lat' dir='ltr'><strong>prophetas</strong></span> <span class='ocrx_word' id='word_1_165' title='bbox 630 2119 763 2159; x_wconf 82' lang='lat' dir='ltr'><strong>suos</strong></span> <span class='ocrx_word' id='word_1_166' title='bbox 786 2105 957 2169; x_wconf 89' lang='lat' dir='ltr'><strong>misit,</strong></span> <span class='ocrx_word' id='word_1_167' title='bbox 991 2115 1044 2161; x_wconf 90' lang='lat' dir='ltr'><strong>et</strong></span> <span class='ocrx_word' id='word_1_168' title='bbox 1070 2106 1252 2163; x_wconf 89' lang='lat' dir='ltr'><strong>omnis</strong></span> <span class='ocrx_word' id='word_1_169' title='bbox 1281 2108 1547 2177; x_wconf 87' lang='lat' dir='ltr'><strong>propheta</strong></span> <span class='ocrx_word' id='word_1_170' title='bbox 1570 2108 1786 2162; x_wconf 91' lang='lat' dir='ltr'><strong>locutus</strong></span> 
     </span>
    </p>
   </div>
   <div class='ocr_carea' id='block_1_24' title="bbox 231 2194 1783 2269">
    <p class='ocr_par' dir='ltr' id='par_1_24' title="bbox 231 2194 1783 2269">
     <span class='ocr_line' id='line_1_24' title="bbox 231 2194 1783 2269; baseline 0.004 -22"><span class='ocrx_word' id='word_1_171' title='bbox 231 2202 304 2247; x_wconf 83' lang='lat' dir='ltr'><strong>est</strong></span> <span class='ocrx_word' id='word_1_172' title='bbox 340 2209 429 2262; x_wconf 88' lang='lat' dir='ltr'><strong>per</strong></span> <span class='ocrx_word' id='word_1_173' title='bbox 458 2194 848 2250; x_wconf 90' lang='lat' dir='ltr'><strong>revelatiouem</strong></span> <span class='ocrx_word' id='word_1_174' title='bbox 907 2195 1003 2251; x_wconf 91' lang='lat' dir='ltr'><strong>Dei</strong></span> <span class='ocrx_word' id='word_1_175' title='bbox 1037 2215 1051 2252; x_wconf 92' lang='lat'>:</span> <span class='ocrx_word' id='word_1_176' title='bbox 1080 2205 1134 2252; x_wconf 89' lang='lat' dir='ltr'><strong>et</strong></span> <span class='ocrx_word' id='word_1_177' title='bbox 1167 2197 1315 2252; x_wconf 90' lang='lat' dir='ltr'><strong>dedit</strong></span> <span class='ocrx_word' id='word_1_178' title='bbox 1363 2197 1535 2269; x_wconf 80' lang='lat' dir='ltr'><strong>Moysi</strong></span> <span class='ocrx_word' id='word_1_179' title='bbox 1589 2199 1783 2268; x_wconf 86' lang='lat' dir='ltr'><strong>legem,</strong></span> 
     </span>
    </p>
   </div>
   <div class='ocr_carea' id='block_1_25' title="bbox 232 2282 1787 2357">
    <p class='ocr_par' dir='ltr' id='par_1_25' title="bbox 232 2282 1787 2357">
     <span class='ocr_line' id='line_1_25' title="bbox 232 2282 1787 2357; baseline 0.005 -21"><span class='ocrx_word' id='word_1_180' title='bbox 232 2282 280 2336; x_wconf 91' lang='lat' dir='ltr'><strong>in</strong></span> <span class='ocrx_word' id='word_1_181' title='bbox 303 2298 400 2353; x_wconf 91' lang='lat' dir='ltr'><strong>qua</strong></span> <span class='ocrx_word' id='word_1_182' title='bbox 432 2285 636 2354; x_wconf 90' lang='lat' dir='ltr'><strong>scripta</strong></span> <span class='ocrx_word' id='word_1_183' title='bbox 665 2294 793 2341; x_wconf 90' lang='lat' dir='ltr'><strong>sunt</strong></span> <span class='ocrx_word' id='word_1_184' title='bbox 826 2297 1096 2357; x_wconf 69' lang='lat' dir='ltr'><strong>praecepta</strong></span> <span class='ocrx_word' id='word_1_185' title='bbox 1125 2286 1358 2343; x_wconf 86' lang='lat' dir='ltr'><strong>ﬁliorum</strong></span> <span class='ocrx_word' id='word_1_186' title='bbox 1391 2286 1576 2355; x_wconf 90' lang='lat' dir='ltr'><strong>Israel,</strong></span> <span class='ocrx_word' id='word_1_187' title='bbox 1605 2288 1787 2343; x_wconf 83' lang='lat' dir='ltr'><strong>exitus</strong></span> 
     </span>
    </p>
   </div>
   <div class='ocr_carea' id='block_1_26' title="bbox 229 2374 1783 2446">
    <p class='ocr_par' dir='ltr' id='par_1_26' title="bbox 229 2374 1783 2446">
     <span class='ocr_line' id='line_1_26' title="bbox 229 2374 1783 2446; baseline 0.004 -19"><span class='ocrx_word' id='word_1_188' title='bbox 229 2387 398 2427; x_wconf 89' lang='lat' dir='ltr'><strong>eorum</strong></span> <span class='ocrx_word' id='word_1_189' title='bbox 427 2374 495 2430; x_wconf 92' lang='lat' dir='ltr'><strong>de</strong></span> <span class='ocrx_word' id='word_1_190' title='bbox 522 2374 786 2446; x_wconf 65' lang='lat' dir='ltr'><strong>IEgypto,</strong></span> <span class='ocrx_word' id='word_1_191' title='bbox 870 2377 1263 2443; x_wconf 86' lang='lat' dir='ltr'><strong>dinumeratio,</strong></span> <span class='ocrx_word' id='word_1_192' title='bbox 1316 2386 1369 2433; x_wconf 89' lang='lat' dir='ltr'><strong>et</strong></span> <span class='ocrx_word' id='word_1_193' title='bbox 1399 2378 1783 2445; x_wconf 86' lang='lat' dir='ltr'><strong>contradictio,</strong></span> 
     </span>
    </p>
   </div>
   <div class='ocr_carea' id='block_1_27' title="bbox 227 2458 1784 2540">
    <p class='ocr_par' dir='ltr' id='par_1_27' title="bbox 227 2458 1784 2540">
     <span class='ocr_line' id='line_1_27' title="bbox 227 2458 1784 2540; baseline 0.002 -21"><span class='ocrx_word' id='word_1_194' title='bbox 227 2476 277 2519; x_wconf 87' lang='lat' dir='ltr'><strong>et</strong></span> <span class='ocrx_word' id='word_1_195' title='bbox 321 2465 613 2537; x_wconf 84' lang='lat' dir='ltr'><strong>indignatio</strong></span> <span class='ocrx_word' id='word_1_196' title='bbox 673 2466 767 2523; x_wconf 90' lang='lat' dir='ltr'><strong>Dei</strong></span> <span class='ocrx_word' id='word_1_197' title='bbox 817 2483 984 2539; x_wconf 89' lang='lat' dir='ltr'><strong>super</strong></span> <span class='ocrx_word' id='word_1_198' title='bbox 1036 2458 1150 2534; x_wconf 78' lang='lat' dir='ltr'><strong>eos,</strong></span> <span class='ocrx_word' id='word_1_199' title='bbox 1210 2477 1263 2524; x_wconf 92' lang='lat' dir='ltr'><strong>et</strong></span> <span class='ocrx_word' id='word_1_200' title='bbox 1296 2469 1575 2540; x_wconf 90' lang='lat' dir='ltr'><strong>quomodo</strong></span> <span class='ocrx_word' id='word_1_201' title='bbox 1603 2469 1784 2524; x_wconf 90' lang='lat' dir='ltr'><strong>omnia</strong></span> 
     </span>
    </p>
   </div>
   <div class='ocr_carea' id='block_1_28' title="bbox 227 2559 1788 2632">
    <p class='ocr_par' dir='ltr' id='par_1_28' title="bbox 227 2559 1788 2632">
     <span class='ocr_line' id='line_1_28' title="bbox 227 2559 1788 2632; baseline 0.002 -21"><span class='ocrx_word' id='word_1_202' title='bbox 227 2559 414 2613; x_wconf 86' lang='lat' dir='ltr'><strong>creavit</strong></span> <span class='ocrx_word' id='word_1_203' title='bbox 452 2577 466 2613; x_wconf 90' lang='lat'><strong>:</strong></span> <span class='ocrx_word' id='word_1_204' title='bbox 522 2561 910 2616; x_wconf 89' lang='lat' dir='ltr'><strong>rememoratio</strong></span> <span class='ocrx_word' id='word_1_205' title='bbox 956 2577 1171 2632; x_wconf 88' lang='lat' dir='ltr'><strong>regum,</strong></span> <span class='ocrx_word' id='word_1_206' title='bbox 1230 2570 1282 2617; x_wconf 91' lang='lat' dir='ltr'><strong>et</strong></span> <span class='ocrx_word' id='word_1_207' title='bbox 1319 2560 1594 2632; x_wconf 91' lang='lat' dir='ltr'><strong>quomodo</strong></span> <span class='ocrx_word' id='word_1_208' title='bbox 1636 2561 1788 2615; x_wconf 84' lang='lat' dir='ltr'><strong>exal-</strong></span> 
     </span>
    </p>
   </div>
   <div class='ocr_carea' id='block_1_29' title="bbox 226 2650 1787 2719">
    <p class='ocr_par' dir='ltr' id='par_1_29' title="bbox 226 2650 1787 2719">
     <span class='ocr_line' id='line_1_29' title="bbox 226 2650 1787 2719; baseline 0.003 -16"><span class='ocrx_word' id='word_1_209' title='bbox 226 2650 351 2704; x_wconf 82' lang='lat' dir='ltr'><strong>tavit</strong></span> <span class='ocrx_word' id='word_1_210' title='bbox 405 2659 458 2706; x_wconf 90' lang='lat' dir='ltr'><strong>et</strong></span> <span class='ocrx_word' id='word_1_211' title='bbox 516 2652 835 2707; x_wconf 90' lang='lat' dir='ltr'><strong>humiliavit</strong></span> <span class='ocrx_word' id='word_1_212' title='bbox 876 2668 991 2719; x_wconf 90' lang='lat' dir='ltr'><strong>eos,</strong></span> <span class='ocrx_word' id='word_1_213' title='bbox 1029 2661 1084 2708; x_wconf 92' lang='lat' dir='ltr'><strong>et</strong></span> <span class='ocrx_word' id='word_1_214' title='bbox 1117 2653 1378 2709; x_wconf 86' lang='lat' dir='ltr'><strong>revelavit</strong></span> <span class='ocrx_word' id='word_1_215' title='bbox 1416 2653 1586 2708; x_wconf 86' lang='lat' dir='ltr'><strong>David</strong></span> <span class='ocrx_word' id='word_1_216' title='bbox 1627 2666 1787 2707; x_wconf 88' lang='lat' dir='ltr'><strong>servo</strong></span> 
     </span>
    </p>
   </div>
   <div class='ocr_carea' id='block_1_30' title="bbox 228 2740 1786 2819">
    <p class='ocr_par' dir='ltr' id='par_1_30' title="bbox 228 2740 1786 2819">
     <span class='ocr_line' id='line_1_30' title="bbox 228 2740 1786 2819; baseline 0.003 -24"><span class='ocrx_word' id='word_1_217' title='bbox 228 2754 319 2795; x_wconf 86' lang='lat' dir='ltr'><strong>suo</strong></span> <span class='ocrx_word' id='word_1_218' title='bbox 358 2740 740 2811; x_wconf 85' lang='lat' dir='ltr'><strong>psalmodiam,</strong></span> <span class='ocrx_word' id='word_1_219' title='bbox 783 2744 1174 2819; x_wconf 59' lang='lat' dir='ltr'><strong>etﬁalomoni</strong></span> <span class='ocrx_word' id='word_1_220' title='bbox 1201 2745 1552 2815; x_wconf 89' lang='lat' dir='ltr'><strong>sapientiam,</strong></span> <span class='ocrx_word' id='word_1_221' title='bbox 1584 2751 1639 2799; x_wconf 93' lang='lat' dir='ltr'><strong>et</strong></span> <span class='ocrx_word' id='word_1_222' title='bbox 1681 2741 1786 2799; x_wconf 85' lang='lat' dir='ltr'><strong>Job</strong></span> 
     </span>
    </p>
   </div>
   <div class='ocr_carea' id='block_1_31' title="bbox 228 2830 1787 2906">
    <p class='ocr_par' dir='ltr' id='par_1_31' title="bbox 228 2830 1787 2906">
     <span class='ocr_line' id='line_1_31' title="bbox 228 2830 1787 2906; baseline 0.003 -20"><span class='ocrx_word' id='word_1_223' title='bbox 228 2845 320 2886; x_wconf 85' lang='lat' dir='ltr'><strong>suo</strong></span> <span class='ocrx_word' id='word_1_224' title='bbox 349 2830 538 2888; x_wconf 90' lang='lat' dir='ltr'><strong>dilecto</strong></span> <span class='ocrx_word' id='word_1_225' title='bbox 584 2841 640 2889; x_wconf 88' lang='lat' dir='ltr'><strong>et</strong></span> <span class='ocrx_word' id='word_1_226' title='bbox 682 2832 889 2891; x_wconf 89' lang='lat' dir='ltr'><strong>Danieli</strong></span> <span class='ocrx_word' id='word_1_227' title='bbox 950 2836 1296 2906; x_wconf 91' lang='lat' dir='ltr'><strong>prudentiam</strong></span> <span class='ocrx_word' id='word_1_228' title='bbox 1329 2851 1345 2891; x_wconf 90' lang='lat'><strong>:</strong></span> <span class='ocrx_word' id='word_1_229' title='bbox 1375 2843 1428 2889; x_wconf 91' lang='lat' dir='ltr'><strong>et</strong></span> <span class='ocrx_word' id='word_1_230' title='bbox 1474 2850 1576 2890; x_wconf 91' lang='lat' dir='ltr'><strong>nos</strong></span> <span class='ocrx_word' id='word_1_231' title='bbox 1608 2834 1787 2890; x_wconf 88' lang='lat' dir='ltr'><strong>credi-</strong></span> 
     </span>
    </p>
   </div>
   <div class='ocr_carea' id='block_1_32' title="bbox 225 2922 1783 2995">
    <p class='ocr_par' dir='ltr' id='par_1_32' title="bbox 225 2922 1783 2995">
     <span class='ocr_line' id='line_1_32' title="bbox 225 2922 1783 2995; baseline 0.001 -20"><span class='ocrx_word' id='word_1_232' title='bbox 225 2937 339 2975; x_wconf 85' lang='lat' dir='ltr'><strong>mus</strong></span> <span class='ocrx_word' id='word_1_233' title='bbox 379 2926 863 2988; x_wconf 84' lang='lat' dir='ltr'><strong>resurrectionem,</strong></span> <span class='ocrx_word' id='word_1_234' title='bbox 918 2933 973 2979; x_wconf 90' lang='lat' dir='ltr'><strong>et</strong></span> <span class='ocrx_word' id='word_1_235' title='bbox 1005 2923 1343 2995; x_wconf 88' lang='lat' dir='ltr'><strong>paradisum,</strong></span> <span class='ocrx_word' id='word_1_236' title='bbox 1379 2933 1434 2979; x_wconf 92' lang='lat' dir='ltr'><strong>et</strong></span> <span class='ocrx_word' id='word_1_237' title='bbox 1483 2922 1783 2989; x_wconf 78' lang='lat' dir='ltr'><strong>infernum,</strong></span> 
     </span>
    </p>
   </div>
   <div class='ocr_carea' id='block_1_33' title="bbox 1894 467 3459 537">
    <p class='ocr_par' dir='ltr' id='par_1_33' title="bbox 1894 467 3459 537">
     <span class='ocr_line' id='line_1_33' title="bbox 1894 467 3459 537; baseline 0.002 -15"><span class='ocrx_word' id='word_1_238' title='bbox 1894 469 2039 525; x_wconf 87' lang='lat' dir='ltr'><strong>Deus</strong></span> <span class='ocrx_word' id='word_1_239' title='bbox 2068 484 2127 522; x_wconf 88' lang='lat' dir='ltr'><strong>es</strong></span> <span class='ocrx_word' id='word_1_240' title='bbox 2157 486 2169 521; x_wconf 91' lang='lat'>:</span> <span class='ocrx_word' id='word_1_241' title='bbox 2203 467 2378 537; x_wconf 83' lang='lat' dir='ltr'><strong>dirige</strong></span> <span class='ocrx_word' id='word_1_242' title='bbox 2409 481 2609 521; x_wconf 90' lang='lat' dir='ltr'><strong>manna</strong></span> <span class='ocrx_word' id='word_1_243' title='bbox 2646 467 2713 523; x_wconf 88' lang='lat' dir='ltr'><strong>dc</strong></span> <span class='ocrx_word' id='word_1_244' title='bbox 2743 469 2907 531; x_wconf 75' lang='lat' dir='ltr'><strong>cmlo,</strong></span> <span class='ocrx_word' id='word_1_245' title='bbox 2945 478 3003 522; x_wconf 92' lang='lat' dir='ltr'><strong>ut</strong></span> <span class='ocrx_word' id='word_1_246' title='bbox 3054 469 3127 523; x_wconf 88' lang='lat' dir='ltr'><strong>sit</strong></span> <span class='ocrx_word' id='word_1_247' title='bbox 3168 470 3327 525; x_wconf 88' lang='lat' dir='ltr'><strong>nobis</strong></span> <span class='ocrx_word' id='word_1_248' title='bbox 3376 471 3459 525; x_wconf 25' lang='lat' dir='ltr'><strong>Ie-r</strong></span> 
     </span>
    </p>
   </div>
   <div class='ocr_carea' id='block_1_34' title="bbox 1886 558 3460 629">
    <p class='ocr_par' dir='ltr' id='par_1_34' title="bbox 1886 558 3460 629">
     <span class='ocr_line' id='line_1_34' title="bbox 1886 558 3460 629; baseline -0.001 -13"><span class='ocrx_word' id='word_1_249' title='bbox 1886 570 2034 617; x_wconf 88' lang='lat' dir='ltr'><strong>stum</strong></span> <span class='ocrx_word' id='word_1_250' title='bbox 2067 561 2332 624; x_wconf 82' lang='lat' dir='ltr'><strong>solemne,</strong></span> <span class='ocrx_word' id='word_1_251' title='bbox 2395 566 2449 613; x_wconf 92' lang='lat' dir='ltr'><strong>et</strong></span> <span class='ocrx_word' id='word_1_252' title='bbox 2500 558 2742 627; x_wconf 85' lang='lat' dir='ltr'><strong>posteris</strong></span> <span class='ocrx_word' id='word_1_253' title='bbox 2772 560 2978 615; x_wconf 87' lang='lat' dir='ltr'><strong>nostris</strong></span> <span class='ocrx_word' id='word_1_254' title='bbox 3028 558 3245 629; x_wconf 84' lang='lat' dir='ltr'><strong>signum</strong></span> <span class='ocrx_word' id='word_1_255' title='bbox 3268 576 3333 615; x_wconf 90' lang='lat' dir='ltr'><strong>ex</strong></span> <span class='ocrx_word' id='word_1_256' title='bbox 3369 570 3419 615; x_wconf 86' lang='lat' dir='ltr'><strong>te</strong></span> <span class='ocrx_word' id='word_1_257' title='bbox 3447 580 3460 614; x_wconf 89' lang='lat'><strong>:</strong></span> 
     </span>
    </p>
   </div>
   <div class='ocr_carea' id='block_1_35' title="bbox 1885 647 3463 717">
    <p class='ocr_par' dir='ltr' id='par_1_35' title="bbox 1885 647 3463 717">
     <span class='ocr_line' id='line_1_35' title="bbox 1885 647 3463 717; baseline -0.003 -11"><span class='ocrx_word' id='word_1_258' title='bbox 1885 651 2001 706; x_wconf 65' lang='lat' dir='ltr'><strong>haec</strong></span> <span class='ocrx_word' id='word_1_259' title='bbox 2061 649 2219 705; x_wconf 86' lang='lat' dir='ltr'><strong>nobis</strong></span> <span class='ocrx_word' id='word_1_260' title='bbox 2280 648 2483 714; x_wconf 88' lang='lat' dir='ltr'><strong>tribue,</strong></span> <span class='ocrx_word' id='word_1_261' title='bbox 2512 647 2641 717; x_wconf 87' lang='lat' dir='ltr'><strong>quia</strong></span> <span class='ocrx_word' id='word_1_262' title='bbox 2676 657 2734 702; x_wconf 90' lang='lat' dir='ltr'><strong>tu</strong></span> <span class='ocrx_word' id='word_1_263' title='bbox 2779 662 2839 703; x_wconf 90' lang='lat' dir='ltr'><strong>es</strong></span> <span class='ocrx_word' id='word_1_264' title='bbox 2870 648 3029 703; x_wconf 89' lang='lat' dir='ltr'><strong>dator</strong></span> <span class='ocrx_word' id='word_1_265' title='bbox 3073 648 3362 704; x_wconf 90' lang='lat' dir='ltr'><strong>donorum.</strong></span> <span class='ocrx_word' id='word_1_266' title='bbox 3401 650 3463 703; x_wconf 78' lang='lat' dir='ltr'><strong>Et</strong></span> 
     </span>
    </p>
   </div>
   <div class='ocr_carea' id='block_1_36' title="bbox 1888 739 3460 813">
    <p class='ocr_par' dir='ltr' id='par_1_36' title="bbox 1888 739 3460 813">
     <span class='ocr_line' id='line_1_36' title="bbox 1888 739 3460 813; baseline 0.001 -18"><span class='ocrx_word' id='word_1_267' title='bbox 1888 741 2033 797; x_wconf 89' lang='lat' dir='ltr'><strong>Deus</strong></span> <span class='ocrx_word' id='word_1_268' title='bbox 2066 742 2222 807; x_wconf 82' lang='lat' dir='ltr'><strong>dixit,</strong></span> <span class='ocrx_word' id='word_1_269' title='bbox 2269 740 2509 809; x_wconf 87' lang='lat' dir='ltr'><strong>Dirigam</strong></span> <span class='ocrx_word' id='word_1_270' title='bbox 2556 739 2689 795; x_wconf 89' lang='lat' dir='ltr'><strong>illud</strong></span> <span class='ocrx_word' id='word_1_271' title='bbox 2727 740 2920 807; x_wconf 83' lang='lat' dir='ltr'><strong>vobis;</strong></span> <span class='ocrx_word' id='word_1_272' title='bbox 2980 741 3126 811; x_wconf 90' lang='lat' dir='ltr'><strong>quod</strong></span> <span class='ocrx_word' id='word_1_273' title='bbox 3177 751 3460 813; x_wconf 85' lang='lat' dir='ltr'><strong>postquam</strong></span> 
     </span>
    </p>
   </div>
   <div class='ocr_carea' id='block_1_37' title="bbox 1886 830 3463 905">
    <p class='ocr_par' dir='ltr' id='par_1_37' title="bbox 1886 830 3463 905">
     <span class='ocr_line' id='line_1_37' title="bbox 1886 830 3463 905; baseline -0.003 -15"><span class='ocrx_word' id='word_1_274' title='bbox 1886 833 2125 905; x_wconf 88' lang='lat' dir='ltr'><strong>negavit,</strong></span> <span class='ocrx_word' id='word_1_275' title='bbox 2158 831 2543 885; x_wconf 87' lang='lat' dir='ltr'><strong>cruciaverunt</strong></span> <span class='ocrx_word' id='word_1_276' title='bbox 2578 844 2702 883; x_wconf 91' lang='lat' dir='ltr'><strong>eum</strong></span> <span class='ocrx_word' id='word_1_277' title='bbox 2747 830 3089 887; x_wconf 89' lang='lat' dir='ltr'><strong>cruciatione</strong></span> <span class='ocrx_word' id='word_1_278' title='bbox 3154 847 3261 902; x_wconf 87' lang='lat' dir='ltr'><strong>qua</strong></span> <span class='ocrx_word' id='word_1_279' title='bbox 3302 844 3463 889; x_wconf 90' lang='lat' dir='ltr'><strong>nemo</strong></span> 
     </span>
    </p>
   </div>
   <div class='ocr_carea' id='block_1_38' title="bbox 1887 920 3459 981">
    <p class='ocr_par' dir='ltr' id='par_1_38' title="bbox 1887 920 3459 981">
     <span class='ocr_line' id='line_1_38' title="bbox 1887 920 3459 981; baseline 0 -1"><span class='ocrx_word' id='word_1_280' title='bbox 1887 926 2168 981; x_wconf 88' lang='lat' dir='ltr'><strong>cruciatus</strong></span> <span class='ocrx_word' id='word_1_281' title='bbox 2216 923 2340 977; x_wconf 82' lang='lat' dir='ltr'><strong>fuit.</strong></span> <span class='ocrx_word' id='word_1_282' title='bbox 2370 923 2437 977; x_wconf 85' lang='lat' dir='ltr'><strong>Et</strong></span> <span class='ocrx_word' id='word_1_283' title='bbox 2464 929 2648 975; x_wconf 89' lang='lat' dir='ltr'><strong>tamen</strong></span> <span class='ocrx_word' id='word_1_284' title='bbox 2675 920 2729 975; x_wconf 91' lang='lat' dir='ltr'><strong>hi</strong></span> <span class='ocrx_word' id='word_1_285' title='bbox 2769 936 3051 979; x_wconf 85' lang='lat' dir='ltr'><strong>sermones</strong></span> <span class='ocrx_word' id='word_1_286' title='bbox 3081 922 3302 978; x_wconf 78' lang='lat' dir='ltr'><strong>fuerunt</strong></span> <span class='ocrx_word' id='word_1_287' title='bbox 3355 920 3459 981; x_wconf 81' lang='lat' dir='ltr'><strong>Nc-</strong></span> 
     </span>
    </p>
   </div>
   <div class='ocr_carea' id='block_1_39' title="bbox 1888 1012 3461 1084">
    <p class='ocr_par' dir='ltr' id='par_1_39' title="bbox 1888 1012 3461 1084">
     <span class='ocr_line' id='line_1_39' title="bbox 1888 1012 3461 1084; baseline -0.002 -12"><span class='ocrx_word' id='word_1_288' title='bbox 1888 1016 2118 1072; x_wconf 90' lang='lat' dir='ltr'><strong>storiaui</strong></span> <span class='ocrx_word' id='word_1_289' title='bbox 2168 1013 2452 1084; x_wconf 85' lang='lat' dir='ltr'><strong>cujusdam</strong></span> <span class='ocrx_word' id='word_1_290' title='bbox 2497 1012 2757 1077; x_wconf 70' lang='lat' dir='ltr'><strong>haeretici,</strong></span> <span class='ocrx_word' id='word_1_291' title='bbox 2821 1027 2931 1067; x_wconf 90' lang='lat' dir='ltr'><strong>non</strong></span> <span class='ocrx_word' id='word_1_292' title='bbox 2966 1029 3098 1070; x_wconf 89' lang='lat' dir='ltr'><strong>sane</strong></span> <span class='ocrx_word' id='word_1_293' title='bbox 3132 1014 3198 1070; x_wconf 91' lang='lat' dir='ltr'><strong>dc</strong></span> <span class='ocrx_word' id='word_1_294' title='bbox 3236 1015 3461 1071; x_wconf 90' lang='lat' dir='ltr'><strong>Christo</strong></span> 
     </span>
    </p>
   </div>
   <div class='ocr_carea' id='block_1_40' title="bbox 1887 1106 3464 1179">
    <p class='ocr_par' dir='ltr' id='par_1_40' title="bbox 1887 1106 3464 1179">
     <span class='ocr_line' id='line_1_40' title="bbox 1887 1106 3464 1179; baseline -0.001 -14"><span class='ocrx_word' id='word_1_295' title='bbox 1887 1107 2221 1165; x_wconf 90' lang='lat' dir='ltr'><strong>sentientis:</strong></span> <span class='ocrx_word' id='word_1_296' title='bbox 2257 1107 2351 1177; x_wconf 92' lang='lat' dir='ltr'><strong>qui</strong></span> <span class='ocrx_word' id='word_1_297' title='bbox 2394 1121 2490 1162; x_wconf 91' lang='lat' dir='ltr'><strong>vos</strong></span> <span class='ocrx_word' id='word_1_298' title='bbox 2521 1106 2827 1162; x_wconf 76' lang='lat' dir='ltr'><strong>introduxit</strong></span> <span class='ocrx_word' id='word_1_299' title='bbox 2864 1107 3018 1177; x_wconf 83' lang='lat' dir='ltr'><strong>quasi</strong></span> <span class='ocrx_word' id='word_1_300' title='bbox 3066 1116 3119 1161; x_wconf 89' lang='lat' dir='ltr'><strong>ut</strong></span> <span class='ocrx_word' id='word_1_301' title='bbox 3162 1108 3367 1179; x_wconf 89' lang='lat' dir='ltr'><strong>aliquid</strong></span> <span class='ocrx_word' id='word_1_302' title='bbox 3397 1111 3464 1163; x_wconf 83' lang='lat' dir='ltr'><strong>de</strong></span> 
     </span>
    </p>
   </div>
   <div class='ocr_carea' id='block_1_41' title="bbox 1889 1195 3461 1266">
    <p class='ocr_par' dir='ltr' id='par_1_41' title="bbox 1889 1195 3461 1266">
     <span class='ocr_line' id='line_1_41' title="bbox 1889 1195 3461 1266; baseline -0.001 -14"><span class='ocrx_word' id='word_1_303' title='bbox 1889 1197 1996 1253; x_wconf 80' lang='lat' dir='ltr'><strong>iide</strong></span> <span class='ocrx_word' id='word_1_304' title='bbox 2021 1197 2227 1253; x_wconf 87' lang='lat' dir='ltr'><strong>Christi</strong></span> <span class='ocrx_word' id='word_1_305' title='bbox 2257 1195 2660 1266; x_wconf 84' lang='lat' dir='ltr'><strong>intelligeretis,</strong></span> <span class='ocrx_word' id='word_1_306' title='bbox 2693 1196 2789 1251; x_wconf 90' lang='lat' dir='ltr'><strong>sed</strong></span> <span class='ocrx_word' id='word_1_307' title='bbox 2817 1204 2874 1250; x_wconf 93' lang='lat' dir='ltr'><strong>ut</strong></span> <span class='ocrx_word' id='word_1_308' title='bbox 2913 1207 2996 1252; x_wconf 91' lang='lat' dir='ltr'><strong>est</strong></span> <span class='ocrx_word' id='word_1_309' title='bbox 3022 1197 3164 1252; x_wconf 82' lang='lat' dir='ltr'><strong>ratio</strong></span> <span class='ocrx_word' id='word_1_310' title='bbox 3208 1205 3260 1253; x_wconf 88' lang='lat' dir='ltr'><strong>ct</strong></span> <span class='ocrx_word' id='word_1_311' title='bbox 3316 1200 3461 1253; x_wconf 85' lang='lat' dir='ltr'><strong>veri-</strong></span> 
     </span>
    </p>
   </div>
   <div class='ocr_carea' id='block_1_42' title="bbox 1888 1286 2752 1353">
    <p class='ocr_par' dir='ltr' id='par_1_42' title="bbox 1888 1286 2752 1353">
     <span class='ocr_line' id='line_1_42' title="bbox 1888 1286 2752 1353; baseline 0 -12"><span class='ocrx_word' id='word_1_312' title='bbox 1888 1295 1975 1343; x_wconf 89' lang='lat' dir='ltr'><strong>tas</strong></span> <span class='ocrx_word' id='word_1_313' title='bbox 2008 1287 2166 1343; x_wconf 90' lang='lat' dir='ltr'><strong>vobis</strong></span> <span class='ocrx_word' id='word_1_314' title='bbox 2196 1302 2305 1342; x_wconf 89' lang='lat' dir='ltr'><strong>non</strong></span> <span class='ocrx_word' id='word_1_315' title='bbox 2336 1286 2752 1353; x_wconf 89' lang='lat' dir='ltr'><strong>demonstravit.</strong></span> 
     </span>
    </p>
   </div>
   <div class='ocr_carea' id='block_1_43' title="bbox 1957 1377 3460 1451">
    <p class='ocr_par' dir='ltr' id='par_1_43' title="bbox 1957 1377 3460 1451">
     <span class='ocr_line' id='line_1_43' title="bbox 1957 1377 3460 1451; baseline 0 -18"><span class='ocrx_word' id='word_1_316' title='bbox 1957 1379 2113 1445; x_wconf 77' lang='lat' dir='ltr'><strong>Quod</strong></span> <span class='ocrx_word' id='word_1_317' title='bbox 2144 1378 2211 1433; x_wconf 91' lang='lat' dir='ltr'><strong>de</strong></span> <span class='ocrx_word' id='word_1_318' title='bbox 2258 1377 2481 1433; x_wconf 83' lang='lat' dir='ltr'><strong>Christo</strong></span> <span class='ocrx_word' id='word_1_319' title='bbox 2540 1377 2611 1449; x_wconf 75' lang='lat' dir='ltr'><strong>[f.</strong></span> <span class='ocrx_word' id='word_1_320' title='bbox 2644 1381 2711 1433; x_wconf 89' lang='lat' dir='ltr'><strong>de</strong></span> <span class='ocrx_word' id='word_1_321' title='bbox 2739 1378 2929 1451; x_wconf 77' lang='lat' dir='ltr'><strong>cruce]</strong></span> <span class='ocrx_word' id='word_1_322' title='bbox 2976 1393 3006 1433; x_wconf 92' lang='lat' dir='ltr'><strong>a</strong></span> <span class='ocrx_word' id='word_1_323' title='bbox 3055 1395 3141 1436; x_wconf 91' lang='lat' dir='ltr'><strong>me</strong></span> <span class='ocrx_word' id='word_1_324' title='bbox 3189 1381 3460 1451; x_wconf 57' lang='lat' dir='ltr'><strong>quaesisti,</strong></span> 
     </span>
    </p>
   </div>
   <div class='ocr_carea' id='block_1_44' title="bbox 1887 1470 3463 1541">
    <p class='ocr_par' dir='ltr' id='par_1_44' title="bbox 1887 1470 3463 1541">
     <span class='ocr_line' id='line_1_44' title="bbox 1887 1470 3463 1541; baseline 0.002 -17"><span class='ocrx_word' id='word_1_325' title='bbox 1887 1471 2148 1527; x_wconf 86' lang='lat' dir='ltr'><strong>scientem</strong></span> <span class='ocrx_word' id='word_1_326' title='bbox 2182 1477 2236 1525; x_wconf 88' lang='lat' dir='ltr'><strong>te</strong></span> <span class='ocrx_word' id='word_1_327' title='bbox 2281 1470 2449 1525; x_wconf 86' lang='lat' dir='ltr'><strong>reddo</strong></span> <span class='ocrx_word' id='word_1_328' title='bbox 2488 1471 2691 1524; x_wconf 87' lang='lat' dir='ltr'><strong>modo:</strong></span> <span class='ocrx_word' id='word_1_329' title='bbox 2725 1471 2853 1541; x_wconf 86' lang='lat' dir='ltr'><strong>quia</strong></span> <span class='ocrx_word' id='word_1_330' title='bbox 2886 1472 2973 1527; x_wconf 90' lang='lat' dir='ltr'><strong>die</strong></span> <span class='ocrx_word' id='word_1_331' title='bbox 3010 1486 3116 1541; x_wconf 81' lang='lat' dir='ltr'><strong>qua</strong></span> <span class='ocrx_word' id='word_1_332' title='bbox 3166 1472 3463 1527; x_wconf 83' lang='lat' dir='ltr'><strong>cruciﬁxus</strong></span> 
     </span>
    </p>
   </div>
   <div class='ocr_carea' id='block_1_45' title="bbox 1885 1560 3459 1633">
    <p class='ocr_par' dir='ltr' id='par_1_45' title="bbox 1885 1560 3459 1633">
     <span class='ocr_line' id='line_1_45' title="bbox 1885 1560 3459 1633; baseline -0.001 -16"><span class='ocrx_word' id='word_1_333' title='bbox 1885 1570 1971 1617; x_wconf 91' lang='lat' dir='ltr'><strong>est</strong></span> <span class='ocrx_word' id='word_1_334' title='bbox 1993 1561 2268 1625; x_wconf 86' lang='lat' dir='ltr'><strong>Christus,</strong></span> <span class='ocrx_word' id='word_1_335' title='bbox 2293 1576 2418 1616; x_wconf 90' lang='lat' dir='ltr'><strong>cum</strong></span> <span class='ocrx_word' id='word_1_336' title='bbox 2450 1576 2514 1616; x_wconf 93' lang='lat' dir='ltr'><strong>eo</strong></span> <span class='ocrx_word' id='word_1_337' title='bbox 2543 1560 2652 1615; x_wconf 92' lang='lat' dir='ltr'><strong>duo</strong></span> <span class='ocrx_word' id='word_1_338' title='bbox 2683 1561 2922 1617; x_wconf 84' lang='lat' dir='ltr'><strong>latrones</strong></span> <span class='ocrx_word' id='word_1_339' title='bbox 2954 1561 3125 1633; x_wconf 88' lang='lat' dir='ltr'><strong>(unus</strong></span> <span class='ocrx_word' id='word_1_340' title='bbox 3158 1564 3223 1617; x_wconf 89' lang='lat' dir='ltr'><strong>ad</strong></span> <span class='ocrx_word' id='word_1_341' title='bbox 3247 1565 3459 1628; x_wconf 64' lang='lat' dir='ltr'><strong>laevam,</strong></span> 
     </span>
    </p>
   </div>
   <div class='ocr_carea' id='block_1_46' title="bbox 1888 1649 3465 1724">
    <p class='ocr_par' dir='ltr' id='par_1_46' title="bbox 1888 1649 3465 1724">
     <span class='ocr_line' id='line_1_46' title="bbox 1888 1649 3465 1724; baseline 0.001 -19"><span class='ocrx_word' id='word_1_342' title='bbox 1888 1653 2025 1707; x_wconf 88' lang='lat' dir='ltr'><strong>alter</strong></span> <span class='ocrx_word' id='word_1_343' title='bbox 2056 1651 2126 1705; x_wconf 89' lang='lat' dir='ltr'><strong>ad</strong></span> <span class='ocrx_word' id='word_1_344' title='bbox 2161 1649 2467 1719; x_wconf 79' lang='lat' dir='ltr'><strong>dexteram)</strong></span> <span class='ocrx_word' id='word_1_345' title='bbox 2505 1649 2750 1717; x_wconf 83' lang='lat' dir='ltr'><strong>fuerunt,</strong></span> <span class='ocrx_word' id='word_1_346' title='bbox 2805 1660 2859 1707; x_wconf 88' lang='lat' dir='ltr'><strong>et</strong></span> <span class='ocrx_word' id='word_1_347' title='bbox 2896 1666 3021 1707; x_wconf 86' lang='lat' dir='ltr'><strong>mox</strong></span> <span class='ocrx_word' id='word_1_348' title='bbox 3075 1654 3259 1708; x_wconf 88' lang='lat' dir='ltr'><strong>emisit</strong></span> <span class='ocrx_word' id='word_1_349' title='bbox 3307 1655 3465 1724; x_wconf 91' lang='lat' dir='ltr'><strong>spiri-</strong></span> 
     </span>
    </p>
   </div>
   <div class='ocr_carea' id='block_1_47' title="bbox 1816 1723 3465 1809">
    <p class='ocr_par' dir='ltr' id='par_1_47' title="bbox 1816 1723 3465 1809">
     <span class='ocr_line' id='line_1_47' title="bbox 1816 1723 3465 1809; baseline 0.001 -13"><span class='ocrx_word' id='word_1_350' title='bbox 1816 1723 2024 1796; x_wconf 80' lang='lat' dir='ltr'><strong>Btum.</strong></span> <span class='ocrx_word' id='word_1_351' title='bbox 2087 1741 2283 1796; x_wconf 89' lang='lat' dir='ltr'><strong>Statim</strong></span> <span class='ocrx_word' id='word_1_352' title='bbox 2341 1749 2486 1795; x_wconf 89' lang='lat' dir='ltr'><strong>terra</strong></span> <span class='ocrx_word' id='word_1_353' title='bbox 2508 1743 2861 1809; x_wconf 89' lang='lat' dir='ltr'><strong>contremuit,</strong></span> <span class='ocrx_word' id='word_1_354' title='bbox 2914 1751 2971 1798; x_wconf 89' lang='lat' dir='ltr'><strong>ct</strong></span> <span class='ocrx_word' id='word_1_355' title='bbox 3028 1723 3465 1799; x_wconf 83' lang='lat' dir='ltr'><strong>solobscuratus</strong></span> 
     </span>
    </p>
   </div>
   <div class='ocr_carea' id='block_1_48' title="bbox 1884 1832 3461 1905">
    <p class='ocr_par' dir='ltr' id='par_1_48' title="bbox 1884 1832 3461 1905">
     <span class='ocr_line' id='line_1_48' title="bbox 1884 1832 3461 1905; baseline -0.003 -14"><span class='ocrx_word' id='word_1_356' title='bbox 1884 1845 1990 1902; x_wconf 90' lang='lat' dir='ltr'><strong>est,</strong></span> <span class='ocrx_word' id='word_1_357' title='bbox 2018 1842 2074 1890; x_wconf 90' lang='lat' dir='ltr'><strong>et</strong></span> <span class='ocrx_word' id='word_1_358' title='bbox 2101 1834 2368 1904; x_wconf 84' lang='lat' dir='ltr'><strong>quosdam</strong></span> <span class='ocrx_word' id='word_1_359' title='bbox 2398 1832 2676 1905; x_wconf 88' lang='lat' dir='ltr'><strong>principes</strong></span> <span class='ocrx_word' id='word_1_360' title='bbox 2719 1833 2787 1888; x_wconf 88' lang='lat' dir='ltr'><strong>de</strong></span> <span class='ocrx_word' id='word_1_361' title='bbox 2823 1832 3052 1899; x_wconf 68' lang='lat' dir='ltr'><strong>Iudaeis,</strong></span> <span class='ocrx_word' id='word_1_362' title='bbox 3082 1836 3175 1903; x_wconf 87' lang='lat' dir='ltr'><strong>qui</strong></span> <span class='ocrx_word' id='word_1_363' title='bbox 3207 1836 3461 1896; x_wconf 91' lang='lat' dir='ltr'><strong>aderant,</strong></span> 
     </span>
    </p>
   </div>
   <div class='ocr_carea' id='block_1_49' title="bbox 1885 1925 3465 1997">
    <p class='ocr_par' dir='ltr' id='par_1_49' title="bbox 1885 1925 3465 1997">
     <span class='ocr_line' id='line_1_49' title="bbox 1885 1925 3465 1997; baseline -0.001 -17"><span class='ocrx_word' id='word_1_364' title='bbox 1885 1927 2098 1982; x_wconf 87' lang='lat' dir='ltr'><strong>validus</strong></span> <span class='ocrx_word' id='word_1_365' title='bbox 2138 1927 2302 1981; x_wconf 91' lang='lat' dir='ltr'><strong>timor</strong></span> <span class='ocrx_word' id='word_1_366' title='bbox 2328 1926 2531 1981; x_wconf 88' lang='lat' dir='ltr'><strong>invasit</strong></span> <span class='ocrx_word' id='word_1_367' title='bbox 2555 1934 2777 1995; x_wconf 91' lang='lat' dir='ltr'><strong>propter</strong></span> <span class='ocrx_word' id='word_1_368' title='bbox 2830 1927 2979 1997; x_wconf 90' lang='lat' dir='ltr'><strong>ipsas</strong></span> <span class='ocrx_word' id='word_1_369' title='bbox 3019 1940 3241 1982; x_wconf 84' lang='lat' dir='ltr'><strong>cruces.</strong></span> <span class='ocrx_word' id='word_1_370' title='bbox 3277 1925 3345 1980; x_wconf 89' lang='lat' dir='ltr'><strong>Et</strong></span> <span class='ocrx_word' id='word_1_371' title='bbox 3406 1937 3465 1979; x_wconf 89' lang='lat' dir='ltr'><strong>ut</strong></span> 
     </span>
    </p>
   </div>
   <div class='ocr_carea' id='block_1_50' title="bbox 1887 2017 3467 2084">
    <p class='ocr_par' dir='ltr' id='par_1_50' title="bbox 1887 2017 3467 2084">
     <span class='ocr_line' id='line_1_50' title="bbox 1887 2017 3467 2084; baseline -0.001 -11"><span class='ocrx_word' id='word_1_372' title='bbox 1887 2018 2199 2074; x_wconf 89' lang='lat' dir='ltr'><strong>hominibus</strong></span> <span class='ocrx_word' id='word_1_373' title='bbox 2224 2018 2511 2072; x_wconf 88' lang='lat' dir='ltr'><strong>veritatem</strong></span> <span class='ocrx_word' id='word_1_374' title='bbox 2558 2018 2821 2084; x_wconf 90' lang='lat' dir='ltr'><strong>celarent,</strong></span> <span class='ocrx_word' id='word_1_375' title='bbox 2851 2033 2946 2073; x_wconf 88' lang='lat' dir='ltr'><strong>eas</strong></span> <span class='ocrx_word' id='word_1_376' title='bbox 3001 2018 3106 2074; x_wconf 86' lang='lat' dir='ltr'><strong>sub</strong></span> <span class='ocrx_word' id='word_1_377' title='bbox 3163 2026 3307 2072; x_wconf 90' lang='lat' dir='ltr'><strong>terra</strong></span> <span class='ocrx_word' id='word_1_378' title='bbox 3338 2017 3467 2072; x_wconf 89' lang='lat' dir='ltr'><strong>abs-</strong></span> 
     </span>
    </p>
   </div>
   <div class='ocr_carea' id='block_1_51' title="bbox 1884 2107 3461 2173">
    <p class='ocr_par' dir='ltr' id='par_1_51' title="bbox 1884 2107 3461 2173">
     <span class='ocr_line' id='line_1_51' title="bbox 1884 2107 3461 2173; baseline -0.003 -8"><span class='ocrx_word' id='word_1_379' title='bbox 1884 2108 2212 2173; x_wconf 91' lang='lat' dir='ltr'><strong>conderunt,</strong></span> <span class='ocrx_word' id='word_1_380' title='bbox 2251 2108 2327 2161; x_wconf 89' lang='lat' dir='ltr'><strong>ita</strong></span> <span class='ocrx_word' id='word_1_381' title='bbox 2367 2117 2425 2163; x_wconf 93' lang='lat' dir='ltr'><strong>ut</strong></span> <span class='ocrx_word' id='word_1_382' title='bbox 2459 2107 2553 2161; x_wconf 90' lang='lat' dir='ltr'><strong>alii</strong></span> <span class='ocrx_word' id='word_1_383' title='bbox 2590 2112 2867 2164; x_wconf 90' lang='lat' dir='ltr'><strong>nescirent</strong></span> <span class='ocrx_word' id='word_1_384' title='bbox 2890 2110 2997 2164; x_wconf 90' lang='lat' dir='ltr'><strong>nisi</strong></span> <span class='ocrx_word' id='word_1_385' title='bbox 3037 2124 3220 2173; x_wconf 88' lang='lat' dir='ltr'><strong>unus;</strong></span> <span class='ocrx_word' id='word_1_386' title='bbox 3262 2118 3317 2164; x_wconf 92' lang='lat' dir='ltr'><strong>et</strong></span> <span class='ocrx_word' id='word_1_387' title='bbox 3363 2124 3461 2162; x_wconf 82' lang='lat' dir='ltr'><strong>nc-</strong></span> 
     </span>
    </p>
   </div>
   <div class='ocr_carea' id='block_1_52' title="bbox 1886 2197 3464 2253">
    <p class='ocr_par' dir='ltr' id='par_1_52' title="bbox 1886 2197 3464 2253">
     <span class='ocr_line' id='line_1_52' title="bbox 1886 2197 3464 2253; baseline -0.001 -1"><span class='ocrx_word' id='word_1_388' title='bbox 1886 2198 2020 2253; x_wconf 90' lang='lat' dir='ltr'><strong>mini</strong></span> <span class='ocrx_word' id='word_1_389' title='bbox 2044 2198 2097 2252; x_wconf 91' lang='lat' dir='ltr'><strong>in</strong></span> <span class='ocrx_word' id='word_1_390' title='bbox 2140 2198 2250 2252; x_wconf 89' lang='lat' dir='ltr'><strong>vita</strong></span> <span class='ocrx_word' id='word_1_391' title='bbox 2277 2212 2378 2251; x_wconf 91' lang='lat' dir='ltr'><strong>sua</strong></span> <span class='ocrx_word' id='word_1_392' title='bbox 2404 2197 2619 2252; x_wconf 89' lang='lat' dir='ltr'><strong>dicebat</strong></span> <span class='ocrx_word' id='word_1_393' title='bbox 2646 2214 2659 2249; x_wconf 89' lang='lat'><strong>:</strong></span> <span class='ocrx_word' id='word_1_394' title='bbox 2698 2212 2821 2253; x_wconf 87' lang='lat' dir='ltr'><strong>cum</strong></span> <span class='ocrx_word' id='word_1_395' title='bbox 2848 2208 3027 2253; x_wconf 91' lang='lat' dir='ltr'><strong>autem</strong></span> <span class='ocrx_word' id='word_1_396' title='bbox 3067 2215 3214 2253; x_wconf 91' lang='lat' dir='ltr'><strong>mors</strong></span> <span class='ocrx_word' id='word_1_397' title='bbox 3235 2199 3464 2253; x_wconf 87' lang='lat' dir='ltr'><strong>accede-</strong></span> 
     </span>
    </p>
   </div>
   <div class='ocr_carea' id='block_1_53' title="bbox 1888 2287 3465 2359">
    <p class='ocr_par' dir='ltr' id='par_1_53' title="bbox 1888 2287 3465 2359">
     <span class='ocr_line' id='line_1_53' title="bbox 1888 2287 3465 2359; baseline 0 -16"><span class='ocrx_word' id='word_1_398' title='bbox 1888 2298 1987 2355; x_wconf 90' lang='lat' dir='ltr'><strong>ret,</strong></span> <span class='ocrx_word' id='word_1_399' title='bbox 2023 2289 2184 2343; x_wconf 91' lang='lat' dir='ltr'><strong>alicui</strong></span> <span class='ocrx_word' id='word_1_400' title='bbox 2216 2289 2524 2358; x_wconf 85' lang='lat' dir='ltr'><strong>propinquo</strong></span> <span class='ocrx_word' id='word_1_401' title='bbox 2577 2288 2860 2359; x_wconf 90' lang='lat' dir='ltr'><strong>aperiebat</strong></span> <span class='ocrx_word' id='word_1_402' title='bbox 2928 2290 3117 2344; x_wconf 88' lang='lat' dir='ltr'><strong>dicens</strong></span> <span class='ocrx_word' id='word_1_403' title='bbox 3153 2308 3166 2344; x_wconf 91' lang='lat'><strong>:</strong></span> <span class='ocrx_word' id='word_1_404' title='bbox 3209 2287 3465 2356; x_wconf 82' lang='lat' dir='ltr'><strong>Quando—</strong></span> 
     </span>
    </p>
   </div>
   <div class='ocr_carea' id='block_1_54' title="bbox 1891 2376 3461 2447">
    <p class='ocr_par' dir='ltr' id='par_1_54' title="bbox 1891 2376 3461 2447">
     <span class='ocr_line' id='line_1_54' title="bbox 1891 2376 3461 2447; baseline 0 -16"><span class='ocrx_word' id='word_1_405' title='bbox 1891 2390 1998 2447; x_wconf 88' lang='lat' dir='ltr'><strong>que</strong></span> <span class='ocrx_word' id='word_1_406' title='bbox 2030 2376 2272 2446; x_wconf 80' lang='lat' dir='ltr'><strong>quaestio</strong></span> <span class='ocrx_word' id='word_1_407' title='bbox 2313 2376 2498 2431; x_wconf 88' lang='lat' dir='ltr'><strong>crucis</strong></span> <span class='ocrx_word' id='word_1_408' title='bbox 2555 2376 2686 2441; x_wconf 90' lang='lat' dir='ltr'><strong>erit,</strong></span> <span class='ocrx_word' id='word_1_409' title='bbox 2739 2376 2917 2431; x_wconf 90' lang='lat' dir='ltr'><strong>locum</strong></span> <span class='ocrx_word' id='word_1_410' title='bbox 2987 2377 3112 2431; x_wconf 91' lang='lat' dir='ltr'><strong>vide</strong></span> <span class='ocrx_word' id='word_1_411' title='bbox 3165 2386 3219 2433; x_wconf 92' lang='lat' dir='ltr'><strong>et</strong></span> <span class='ocrx_word' id='word_1_412' title='bbox 3300 2377 3461 2432; x_wconf 89' lang='lat' dir='ltr'><strong>scito.</strong></span> 
     </span>
    </p>
   </div>
   <div class='ocr_carea' id='block_1_55' title="bbox 1892 2464 3465 2531">
    <p class='ocr_par' dir='ltr' id='par_1_55' title="bbox 1892 2464 3465 2531">
     <span class='ocr_line' id='line_1_55' title="bbox 1892 2464 3465 2531; baseline -0.001 -11"><span class='ocrx_word' id='word_1_413' title='bbox 1892 2465 2122 2531; x_wconf 80' lang='lat' dir='ltr'><strong>Quando</strong></span> <span class='ocrx_word' id='word_1_414' title='bbox 2156 2476 2334 2521; x_wconf 90' lang='lat' dir='ltr'><strong>tamen</strong></span> <span class='ocrx_word' id='word_1_415' title='bbox 2358 2464 2534 2520; x_wconf 83' lang='lat' dir='ltr'><strong>voluit</strong></span> <span class='ocrx_word' id='word_1_416' title='bbox 2576 2465 2827 2521; x_wconf 86' lang='lat' dir='ltr'><strong>Christus</strong></span> <span class='ocrx_word' id='word_1_417' title='bbox 2893 2466 3219 2523; x_wconf 86' lang='lat' dir='ltr'><strong>hominibus</strong></span> <span class='ocrx_word' id='word_1_418' title='bbox 3266 2468 3465 2524; x_wconf 82' lang='lat' dir='ltr'><strong>coniu-</strong></span> 
     </span>
    </p>
   </div>
   <div class='ocr_carea' id='block_1_56' title="bbox 1886 2555 3464 2625">
    <p class='ocr_par' dir='ltr' id='par_1_56' title="bbox 1886 2555 3464 2625">
     <span class='ocr_line' id='line_1_56' title="bbox 1886 2555 3464 2625; baseline 0.001 -12"><span class='ocrx_word' id='word_1_419' title='bbox 1886 2558 2097 2614; x_wconf 90' lang='lat' dir='ltr'><strong>sionem</strong></span> <span class='ocrx_word' id='word_1_420' title='bbox 2135 2555 2449 2612; x_wconf 70' lang='lat' dir='ltr'><strong>Judreorum</strong></span> <span class='ocrx_word' id='word_1_421' title='bbox 2496 2557 2808 2625; x_wconf 88' lang='lat' dir='ltr'><strong>ostendere,</strong></span> <span class='ocrx_word' id='word_1_422' title='bbox 2845 2558 3215 2615; x_wconf 88' lang='lat' dir='ltr'><strong>inventionem</strong></span> <span class='ocrx_word' id='word_1_423' title='bbox 3279 2562 3464 2616; x_wconf 89' lang='lat' dir='ltr'><strong>crucis</strong></span> 
     </span>
    </p>
   </div>
   <div class='ocr_carea' id='block_1_57' title="bbox 1886 2648 3465 2719">
    <p class='ocr_par' dir='ltr' id='par_1_57' title="bbox 1886 2648 3465 2719">
     <span class='ocr_line' id='line_1_57' title="bbox 1886 2648 3465 2719; baseline 0 -17"><span class='ocrx_word' id='word_1_424' title='bbox 1886 2648 2250 2703; x_wconf 85' lang='lat' dir='ltr'><strong>Constantino</strong></span> <span class='ocrx_word' id='word_1_425' title='bbox 2293 2648 2409 2718; x_wconf 90' lang='lat' dir='ltr'><strong>regi</strong></span> <span class='ocrx_word' id='word_1_426' title='bbox 2470 2648 2865 2714; x_wconf 83' lang='lat' dir='ltr'><strong>Romanorum,</strong></span> <span class='ocrx_word' id='word_1_427' title='bbox 2916 2650 3010 2719; x_wconf 91' lang='lat' dir='ltr'><strong>qui</strong></span> <span class='ocrx_word' id='word_1_428' title='bbox 3052 2648 3284 2704; x_wconf 86' lang='lat' dir='ltr'><strong>necdum</strong></span> <span class='ocrx_word' id='word_1_429' title='bbox 3347 2661 3465 2705; x_wconf 87' lang='lat' dir='ltr'><strong>erat</strong></span> 
     </span>
    </p>
   </div>
   <div class='ocr_carea' id='block_1_58' title="bbox 1885 2740 3462 2812">
    <p class='ocr_par' dir='ltr' id='par_1_58' title="bbox 1885 2740 3462 2812">
     <span class='ocr_line' id='line_1_58' title="bbox 1885 2740 3462 2812; baseline 0 -18"><span class='ocrx_word' id='word_1_430' title='bbox 1885 2740 2252 2806; x_wconf 89' lang='lat' dir='ltr'><strong>Christianus,</strong></span> <span class='ocrx_word' id='word_1_431' title='bbox 2281 2740 2516 2811; x_wconf 89' lang='lat' dir='ltr'><strong>aperuit.</strong></span> <span class='ocrx_word' id='word_1_432' title='bbox 2539 2740 2673 2796; x_wconf 89' lang='lat' dir='ltr'><strong>Cum</strong></span> <span class='ocrx_word' id='word_1_433' title='bbox 2702 2740 2848 2796; x_wconf 93' lang='lat' dir='ltr'><strong>enim</strong></span> <span class='ocrx_word' id='word_1_434' title='bbox 2874 2748 3123 2812; x_wconf 89' lang='lat' dir='ltr'><strong>pergeret</strong></span> <span class='ocrx_word' id='word_1_435' title='bbox 3152 2746 3220 2795; x_wconf 88' lang='lat' dir='ltr'><strong>ad</strong></span> <span class='ocrx_word' id='word_1_436' title='bbox 3239 2740 3462 2802; x_wconf 86' lang='lat' dir='ltr'><strong>bellum,</strong></span> 
     </span>
    </p>
   </div>
   <div class='ocr_carea' id='block_1_59' title="bbox 1885 2828 3458 2894">
    <p class='ocr_par' dir='ltr' id='par_1_59' title="bbox 1885 2828 3458 2894">
     <span class='ocr_line' id='line_1_59' title="bbox 1885 2828 3458 2894; baseline -0.001 -9"><span class='ocrx_word' id='word_1_437' title='bbox 1885 2830 2105 2886; x_wconf 88' lang='lat' dir='ltr'><strong>elevans</strong></span> <span class='ocrx_word' id='word_1_438' title='bbox 2154 2830 2348 2885; x_wconf 91' lang='lat' dir='ltr'><strong>oculos</strong></span> <span class='ocrx_word' id='word_1_439' title='bbox 2406 2828 2475 2883; x_wconf 92' lang='lat' dir='ltr'><strong>ad</strong></span> <span class='ocrx_word' id='word_1_440' title='bbox 2538 2830 2738 2885; x_wconf 69' lang='lat' dir='ltr'><strong>caelum</strong></span> <span class='ocrx_word' id='word_1_441' title='bbox 2793 2829 2972 2886; x_wconf 90' lang='lat' dir='ltr'><strong>media</strong></span> <span class='ocrx_word' id='word_1_442' title='bbox 3021 2839 3202 2894; x_wconf 90' lang='lat' dir='ltr'><strong>nocte,</strong></span> <span class='ocrx_word' id='word_1_443' title='bbox 3238 2828 3372 2885; x_wconf 86' lang='lat' dir='ltr'><strong>vidit</strong></span> <span class='ocrx_word' id='word_1_444' title='bbox 3403 2831 3458 2883; x_wconf 90' lang='lat' dir='ltr'><strong>iu</strong></span> 
     </span>
    </p>
   </div>
   <div class='ocr_carea' id='block_1_60' title="bbox 1887 2920 3462 2992">
    <p class='ocr_par' dir='ltr' id='par_1_60' title="bbox 1887 2920 3462 2992">
     <span class='ocr_line' id='line_1_60' title="bbox 1887 2920 3462 2992; baseline -0.001 -16"><span class='ocrx_word' id='word_1_445' title='bbox 1887 2921 2029 2976; x_wconf 88' lang='lat' dir='ltr'><strong>coelo</strong></span> <span class='ocrx_word' id='word_1_446' title='bbox 2060 2921 2220 2991; x_wconf 81' lang='lat' dir='ltr'><strong>quasi</strong></span> <span class='ocrx_word' id='word_1_447' title='bbox 2268 2921 2405 2976; x_wconf 90' lang='lat' dir='ltr'><strong>duas</strong></span> <span class='ocrx_word' id='word_1_448' title='bbox 2423 2920 2733 2986; x_wconf 88' lang='lat' dir='ltr'><strong>columnas,</strong></span> <span class='ocrx_word' id='word_1_449' title='bbox 2785 2936 2951 2975; x_wconf 91' lang='lat' dir='ltr'><strong>unam</strong></span> <span class='ocrx_word' id='word_1_450' title='bbox 2980 2936 3149 2992; x_wconf 89' lang='lat' dir='ltr'><strong>super</strong></span> <span class='ocrx_word' id='word_1_451' title='bbox 3185 2921 3346 2975; x_wconf 91' lang='lat' dir='ltr'><strong>aliam</strong></span> <span class='ocrx_word' id='word_1_452' title='bbox 3376 2920 3462 2975; x_wconf 87' lang='lat' dir='ltr'><strong>in-</strong></span> 
     </span>
    </p>
   </div>
   <div class='ocr_carea' id='block_1_61' title="bbox 223 3011 3460 3107">
    <p class='ocr_par' dir='ltr' id='par_1_61' title="bbox 223 3011 3460 3107">
     <span class='ocr_line' id='line_1_61' title="bbox 223 3011 3460 3107; baseline 0 -42"><span class='ocrx_word' id='word_1_453' title='bbox 223 3021 273 3065; x_wconf 84' lang='lat' dir='ltr'><strong>et</strong></span> <span class='ocrx_word' id='word_1_454' title='bbox 302 3014 600 3070; x_wconf 89' lang='lat' dir='ltr'><strong>invenimus</strong></span> <span class='ocrx_word' id='word_1_455' title='bbox 642 3029 707 3070; x_wconf 89' lang='lat' dir='ltr'><strong>ea</strong></span> <span class='ocrx_word' id='word_1_456' title='bbox 740 3015 943 3086; x_wconf 91' lang='lat' dir='ltr'><strong>scripta</strong></span> <span class='ocrx_word' id='word_1_457' title='bbox 977 3015 1030 3070; x_wconf 88' lang='lat' dir='ltr'><strong>in</strong></span> <span class='ocrx_word' id='word_1_458' title='bbox 1067 3011 1253 3070; x_wconf 80' lang='lat' dir='ltr'><strong>Veteri</strong></span> <span class='ocrx_word' id='word_1_459' title='bbox 1290 3015 1645 3070; x_wconf 86' lang='lat' dir='ltr'><strong>Testamento</strong></span> <span class='ocrx_word' id='word_1_460' title='bbox 1688 3029 1787 3085; x_wconf 92' lang='lat' dir='ltr'><strong>per</strong></span> <span class='ocrx_word' id='word_1_461' title='bbox 1812 3050 1854 3107; x_wconf 76' lang='lat' dir='ltr'><strong><em>C</em></strong></span> <span class='ocrx_word' id='word_1_462' title='bbox 1890 3022 2093 3069; x_wconf 80' lang='lat' dir='ltr'><strong>lentam</strong></span> <span class='ocrx_word' id='word_1_463' title='bbox 2122 3014 2176 3067; x_wconf 92' lang='lat' dir='ltr'><strong>in</strong></span> <span class='ocrx_word' id='word_1_464' title='bbox 2208 3013 2627 3068; x_wconf 84' lang='lat' dir='ltr'><strong>similitudinem</strong></span> <span class='ocrx_word' id='word_1_465' title='bbox 2660 3013 2861 3079; x_wconf 87' lang='lat' dir='ltr'><strong>crucis,</strong></span> <span class='ocrx_word' id='word_1_466' title='bbox 2887 3021 2941 3069; x_wconf 90' lang='lat' dir='ltr'><strong>et</strong></span> <span class='ocrx_word' id='word_1_467' title='bbox 2964 3014 3019 3068; x_wconf 94' lang='lat' dir='ltr'><strong>in</strong></span> <span class='ocrx_word' id='word_1_468' title='bbox 3041 3029 3102 3068; x_wconf 89' lang='lat' dir='ltr'><strong>ea</strong></span> <span class='ocrx_word' id='word_1_469' title='bbox 3125 3015 3460 3083; x_wconf 88' lang='lat' dir='ltr'><strong>scripturam</strong></span> 
     </span>
    </p>
   </div>
   <div class='ocr_carea' id='block_1_62' title="bbox 223 3102 1787 3180">
    <p class='ocr_par' dir='ltr' id='par_1_62' title="bbox 223 3102 1787 3180">
     <span class='ocr_line' id='line_1_62' title="bbox 223 3102 1787 3180; baseline 0.002 -21"><span class='ocrx_word' id='word_1_470' title='bbox 223 3102 441 3161; x_wconf 83' lang='lat' dir='ltr'><strong>Esdram</strong></span> <span class='ocrx_word' id='word_1_471' title='bbox 468 3106 556 3163; x_wconf 89' lang='lat' dir='ltr'><strong>cui</strong></span> <span class='ocrx_word' id='word_1_472' title='bbox 584 3107 727 3164; x_wconf 90' lang='lat' dir='ltr'><strong>Deus</strong></span> <span class='ocrx_word' id='word_1_473' title='bbox 756 3109 1034 3175; x_wconf 72' lang='lat' dir='ltr'><strong>revelavit,</strong></span> <span class='ocrx_word' id='word_1_474' title='bbox 1064 3117 1116 3165; x_wconf 86' lang='lat' dir='ltr'><strong>et</strong></span> <span class='ocrx_word' id='word_1_475' title='bbox 1139 3107 1364 3180; x_wconf 83' lang='lat' dir='ltr'><strong>scripsit</strong></span> <span class='ocrx_word' id='word_1_476' title='bbox 1395 3122 1458 3164; x_wconf 86' lang='lat' dir='ltr'><strong>ea</strong></span> <span class='ocrx_word' id='word_1_477' title='bbox 1513 3107 1581 3163; x_wconf 80' lang='lat' dir='ltr'><strong>ad</strong></span> <span class='ocrx_word' id='word_1_478' title='bbox 1615 3107 1787 3179; x_wconf 84' lang='lat' dir='ltr'><strong>pleni.-</strong></span> 
     </span>
    </p>
   </div>
   <div class='ocr_carea' id='block_1_63' title="bbox 223 3198 1785 3274">
    <p class='ocr_par' dir='ltr' id='par_1_63' title="bbox 223 3198 1785 3274">
     <span class='ocr_line' id='line_1_63' title="bbox 223 3198 1785 3274; baseline 0.003 -24"><span class='ocrx_word' id='word_1_479' title='bbox 223 3198 473 3254; x_wconf 82' lang='lat' dir='ltr'><strong>tudinem.</strong></span> <span class='ocrx_word' id='word_1_480' title='bbox 505 3198 572 3252; x_wconf 81' lang='lat' dir='ltr'><strong>Et</strong></span> <span class='ocrx_word' id='word_1_481' title='bbox 600 3200 745 3256; x_wconf 88' lang='lat' dir='ltr'><strong>sicut</strong></span> <span class='ocrx_word' id='word_1_482' title='bbox 776 3199 919 3256; x_wconf 87' lang='lat' dir='ltr'><strong>Deus</strong></span> <span class='ocrx_word' id='word_1_483' title='bbox 951 3200 1121 3274; x_wconf 78' lang='lat' dir='ltr'><strong>Moysi</strong></span> <span class='ocrx_word' id='word_1_484' title='bbox 1164 3202 1445 3272; x_wconf 72' lang='lat' dir='ltr'><strong>propheta:</strong></span> <span class='ocrx_word' id='word_1_485' title='bbox 1488 3215 1588 3257; x_wconf 90' lang='lat' dir='ltr'><strong>suo</strong></span> <span class='ocrx_word' id='word_1_486' title='bbox 1615 3200 1785 3268; x_wconf 86' lang='lat' dir='ltr'><strong>dedit,</strong></span> 
     </span>
    </p>
   </div>
   <div class='ocr_carea' id='block_1_64' title="bbox 224 3283 1785 3361">
    <p class='ocr_par' dir='ltr' id='par_1_64' title="bbox 224 3283 1785 3361">
     <span class='ocr_line' id='line_1_64' title="bbox 224 3283 1785 3361; baseline 0.004 -24"><span class='ocrx_word' id='word_1_487' title='bbox 224 3283 293 3339; x_wconf 90' lang='lat' dir='ltr'><strong>ita</strong></span> <span class='ocrx_word' id='word_1_488' title='bbox 328 3288 521 3343; x_wconf 78' lang='lat' dir='ltr'><strong>Esdras</strong></span> <span class='ocrx_word' id='word_1_489' title='bbox 567 3286 873 3344; x_wconf 86' lang='lat' dir='ltr'><strong>declaravit</strong></span> <span class='ocrx_word' id='word_1_490' title='bbox 912 3298 967 3346; x_wconf 88' lang='lat' dir='ltr'><strong>et</strong></span> <span class='ocrx_word' id='word_1_491' title='bbox 1030 3291 1107 3345; x_wconf 93' lang='lat' dir='ltr'><strong>nil</strong></span> <span class='ocrx_word' id='word_1_492' title='bbox 1142 3291 1512 3361; x_wconf 66' lang='lat' dir='ltr'><strong>praetermisit,</strong></span> <span class='ocrx_word' id='word_1_493' title='bbox 1564 3293 1691 3361; x_wconf 93' lang='lat' dir='ltr'><strong>quia</strong></span> <span class='ocrx_word' id='word_1_494' title='bbox 1732 3292 1785 3345; x_wconf 92' lang='lat' dir='ltr'><strong>in</strong></span> 
     </span>
    </p>
   </div>
   <div class='ocr_carea' id='block_1_65' title="bbox 225 3380 1784 3453">
    <p class='ocr_par' dir='ltr' id='par_1_65' title="bbox 225 3380 1784 3453">
     <span class='ocr_line' id='line_1_65' title="bbox 225 3380 1784 3453; baseline 0.003 -21"><span class='ocrx_word' id='word_1_495' title='bbox 225 3380 493 3449; x_wconf 81' lang='lat' dir='ltr'><strong>prephetis</strong></span> <span class='ocrx_word' id='word_1_496' title='bbox 546 3381 641 3437; x_wconf 91' lang='lat' dir='ltr'><strong>Dei</strong></span> <span class='ocrx_word' id='word_1_497' title='bbox 676 3396 786 3436; x_wconf 90' lang='lat' dir='ltr'><strong>non</strong></span> <span class='ocrx_word' id='word_1_498' title='bbox 839 3389 925 3438; x_wconf 91' lang='lat' dir='ltr'><strong>est</strong></span> <span class='ocrx_word' id='word_1_499' title='bbox 963 3382 1309 3438; x_wconf 87' lang='lat' dir='ltr'><strong>mendacium</strong></span> <span class='ocrx_word' id='word_1_500' title='bbox 1346 3396 1524 3453; x_wconf 91' lang='lat' dir='ltr'><strong>neque</strong></span> <span class='ocrx_word' id='word_1_501' title='bbox 1562 3383 1784 3448; x_wconf 86' lang='lat' dir='ltr'><strong>oblivio,</strong></span> 
     </span>
    </p>
   </div>
   <div class='ocr_carea' id='block_1_66' title="bbox 220 3470 1166 3540">
    <p class='ocr_par' dir='ltr' id='par_1_66' title="bbox 220 3470 1166 3540">
     <span class='ocr_line' id='line_1_66' title="bbox 220 3470 1166 3540; baseline 0.007 -16"><span class='ocrx_word' id='word_1_502' title='bbox 220 3470 342 3540; x_wconf 84' lang='lat' dir='ltr'><strong>quia</strong></span> <span class='ocrx_word' id='word_1_503' title='bbox 369 3472 512 3528; x_wconf 90' lang='lat' dir='ltr'><strong>Deus</strong></span> <span class='ocrx_word' id='word_1_504' title='bbox 547 3474 605 3528; x_wconf 88' lang='lat' dir='ltr'><strong>ﬁt</strong></span> <span class='ocrx_word' id='word_1_505' title='bbox 626 3473 888 3529; x_wconf 90' lang='lat' dir='ltr'><strong>revelatio</strong></span> <span class='ocrx_word' id='word_1_506' title='bbox 918 3473 1166 3531; x_wconf 91' lang='lat' dir='ltr'><strong>illorum.</strong></span> 
     </span>
    </p>
   </div>
   <div class='ocr_carea' id='block_1_67' title="bbox 283 3561 1785 3636">
    <p class='ocr_par' dir='ltr' id='par_1_67' title="bbox 283 3561 1785 3636">
     <span class='ocr_line' id='line_1_67' title="bbox 283 3561 1785 3636; baseline 0.003 -19"><span class='ocrx_word' id='word_1_507' title='bbox 283 3561 562 3633; x_wconf 88' lang='lat' dir='ltr'><strong>Scripsisti</strong></span> <span class='ocrx_word' id='word_1_508' title='bbox 592 3565 724 3619; x_wconf 92' lang='lat' dir='ltr'><strong>mihi</strong></span> <span class='ocrx_word' id='word_1_509' title='bbox 759 3565 827 3621; x_wconf 90' lang='lat' dir='ltr'><strong>de</strong></span> <span class='ocrx_word' id='word_1_510' title='bbox 850 3565 1127 3621; x_wconf 90' lang='lat' dir='ltr'><strong>sacriﬁcio</strong></span> <span class='ocrx_word' id='word_1_511' title='bbox 1170 3565 1299 3635; x_wconf 87' lang='lat' dir='ltr'><strong>quid</strong></span> <span class='ocrx_word' id='word_1_512' title='bbox 1333 3574 1499 3631; x_wconf 90' lang='lat' dir='ltr'><strong>esset,</strong></span> <span class='ocrx_word' id='word_1_513' title='bbox 1550 3574 1604 3620; x_wconf 86' lang='lat' dir='ltr'><strong>et</strong></span> <span class='ocrx_word' id='word_1_514' title='bbox 1641 3566 1785 3636; x_wconf 92' lang='lat' dir='ltr'><strong>quod</strong></span> 
     </span>
    </p>
   </div>
   <div class='ocr_carea' id='block_1_68' title="bbox 215 3653 1787 3726">
    <p class='ocr_par' dir='ltr' id='par_1_68' title="bbox 215 3653 1787 3726">
     <span class='ocr_line' id='line_1_68' title="bbox 215 3653 1787 3726; baseline 0.003 -21"><span class='ocrx_word' id='word_1_515' title='bbox 215 3664 327 3705; x_wconf 89' lang='lat' dir='ltr'><strong>non</strong></span> <span class='ocrx_word' id='word_1_516' title='bbox 353 3654 628 3723; x_wconf 82' lang='lat' dir='ltr'><strong>reperires</strong></span> <span class='ocrx_word' id='word_1_517' title='bbox 655 3670 984 3726; x_wconf 89' lang='lat' dir='ltr'><strong>quemquam</strong></span> <span class='ocrx_word' id='word_1_518' title='bbox 1030 3655 1097 3711; x_wconf 91' lang='lat' dir='ltr'><strong>de</strong></span> <span class='ocrx_word' id='word_1_519' title='bbox 1130 3655 1498 3711; x_wconf 86' lang='lat' dir='ltr'><strong>servientibus</strong></span> <span class='ocrx_word' id='word_1_520' title='bbox 1546 3653 1642 3710; x_wconf 85' lang='lat' dir='ltr'><strong>Dei</strong></span> <span class='ocrx_word' id='word_1_521' title='bbox 1694 3656 1787 3725; x_wconf 89' lang='lat' dir='ltr'><strong>qui</strong></span> 
     </span>
    </p>
   </div>
   <div class='ocr_carea' id='block_1_69' title="bbox 214 3743 1790 3811">
    <p class='ocr_par' dir='ltr' id='par_1_69' title="bbox 214 3743 1790 3811">
     <span class='ocr_line' id='line_1_69' title="bbox 214 3743 1790 3811; baseline 0.002 -15"><span class='ocrx_word' id='word_1_522' title='bbox 214 3743 842 3801; x_wconf 86' lang='lat' dir='ltr'><strong>obtuleritsacriﬁcium.</strong></span> <span class='ocrx_word' id='word_1_523' title='bbox 863 3746 1144 3811; x_wconf 87' lang='lat' dir='ltr'><strong>Primitus,</strong></span> <span class='ocrx_word' id='word_1_524' title='bbox 1175 3747 1284 3801; x_wconf 91' lang='lat' dir='ltr'><strong>duo</strong></span> <span class='ocrx_word' id='word_1_525' title='bbox 1334 3746 1427 3800; x_wconf 81' lang='lat' dir='ltr'><strong>lilii</strong></span> <span class='ocrx_word' id='word_1_526' title='bbox 1477 3745 1608 3801; x_wconf 65' lang='lat' dir='ltr'><strong>Adae</strong></span> <span class='ocrx_word' id='word_1_527' title='bbox 1631 3746 1790 3801; x_wconf 83' lang='lat' dir='ltr'><strong>obtu-</strong></span> 
     </span>
    </p>
   </div>
   <div class='ocr_carea' id='block_1_70' title="bbox 214 3833 1789 3910">
    <p class='ocr_par' dir='ltr' id='par_1_70' title="bbox 214 3833 1789 3910">
     <span class='ocr_line' id='line_1_70' title="bbox 214 3833 1789 3910; baseline 0.003 -22"><span class='ocrx_word' id='word_1_528' title='bbox 214 3833 414 3901; x_wconf 86' lang='lat' dir='ltr'><strong>lerunt,</strong></span> <span class='ocrx_word' id='word_1_529' title='bbox 439 3847 492 3893; x_wconf 89' lang='lat' dir='ltr'><strong>et</strong></span> <span class='ocrx_word' id='word_1_530' title='bbox 518 3847 802 3910; x_wconf 89' lang='lat' dir='ltr'><strong>acceptum</strong></span> <span class='ocrx_word' id='word_1_531' title='bbox 828 3848 914 3895; x_wconf 88' lang='lat' dir='ltr'><strong>est</strong></span> <span class='ocrx_word' id='word_1_532' title='bbox 962 3839 1031 3895; x_wconf 91' lang='lat' dir='ltr'><strong>ab</strong></span> <span class='ocrx_word' id='word_1_533' title='bbox 1054 3855 1184 3895; x_wconf 91' lang='lat' dir='ltr'><strong>uno.</strong></span> <span class='ocrx_word' id='word_1_534' title='bbox 1252 3840 1597 3895; x_wconf 88' lang='lat' dir='ltr'><strong>Sacriﬁcium</strong></span> <span class='ocrx_word' id='word_1_535' title='bbox 1645 3839 1789 3894; x_wconf 87' lang='lat' dir='ltr'><strong>veri-</strong></span> 
     </span>
    </p>
   </div>
   <div class='ocr_carea' id='block_1_71' title="bbox 216 3929 1791 4002">
    <p class='ocr_par' dir='ltr' id='par_1_71' title="bbox 216 3929 1791 4002">
     <span class='ocr_line' id='line_1_71' title="bbox 216 3929 1791 4002; baseline 0.001 -21"><span class='ocrx_word' id='word_1_536' title='bbox 216 3930 344 3985; x_wconf 83' lang='lat' dir='ltr'><strong>tatis</strong></span> <span class='ocrx_word' id='word_1_537' title='bbox 363 3938 445 3987; x_wconf 89' lang='lat' dir='ltr'><strong>est</strong></span> <span class='ocrx_word' id='word_1_538' title='bbox 479 3948 647 4002; x_wconf 90' lang='lat' dir='ltr'><strong>super</strong></span> <span class='ocrx_word' id='word_1_539' title='bbox 690 3931 963 3997; x_wconf 91' lang='lat' dir='ltr'><strong>homines,</strong></span> <span class='ocrx_word' id='word_1_540' title='bbox 996 3940 1050 3986; x_wconf 89' lang='lat' dir='ltr'><strong>et</strong></span> <span class='ocrx_word' id='word_1_541' title='bbox 1090 3939 1373 4001; x_wconf 90' lang='lat' dir='ltr'><strong>acceptum</strong></span> <span class='ocrx_word' id='word_1_542' title='bbox 1416 3930 1547 3998; x_wconf 93' lang='lat' dir='ltr'><strong>Deo,</strong></span> <span class='ocrx_word' id='word_1_543' title='bbox 1578 3938 1632 3985; x_wconf 90' lang='lat' dir='ltr'><strong>et</strong></span> <span class='ocrx_word' id='word_1_544' title='bbox 1658 3929 1791 3986; x_wconf 80' lang='lat' dir='ltr'><strong>acdi-</strong></span> 
     </span>
    </p>
   </div>
   <div class='ocr_carea' id='block_1_72' title="bbox 221 4020 1791 4094">
    <p class='ocr_par' dir='ltr' id='par_1_72' title="bbox 221 4020 1791 4094">
     <span class='ocr_line' id='line_1_72' title="bbox 221 4020 1791 4094; baseline 0.003 -22"><span class='ocrx_word' id='word_1_545' title='bbox 221 4020 398 4076; x_wconf 84' lang='lat' dir='ltr'><strong>ﬁcatio</strong></span> <span class='ocrx_word' id='word_1_546' title='bbox 434 4024 482 4078; x_wconf 91' lang='lat' dir='ltr'><strong>ei</strong></span> <span class='ocrx_word' id='word_1_547' title='bbox 534 4024 849 4094; x_wconf 90' lang='lat' dir='ltr'><strong>quicunque</strong></span> <span class='ocrx_word' id='word_1_548' title='bbox 879 4024 1187 4079; x_wconf 90' lang='lat' dir='ltr'><strong>obtulerit:</strong></span> <span class='ocrx_word' id='word_1_549' title='bbox 1238 4033 1469 4094; x_wconf 89' lang='lat' dir='ltr'><strong>excepto</strong></span> <span class='ocrx_word' id='word_1_550' title='bbox 1518 4020 1791 4077; x_wconf 88' lang='lat' dir='ltr'><strong>sacriﬁcio</strong></span> 
     </span>
    </p>
   </div>
   <div class='ocr_carea' id='block_1_73' title="bbox 226 4113 1787 4185">
    <p class='ocr_par' dir='ltr' id='par_1_73' title="bbox 226 4113 1787 4185">
     <span class='ocr_line' id='line_1_73' title="bbox 226 4113 1787 4185; baseline 0.004 -20"><span class='ocrx_word' id='word_1_551' title='bbox 226 4114 360 4180; x_wconf 87' lang='lat' dir='ltr'><strong>quod</strong></span> <span class='ocrx_word' id='word_1_552' title='bbox 393 4113 553 4169; x_wconf 90' lang='lat' dir='ltr'><strong>idolis</strong></span> <span class='ocrx_word' id='word_1_553' title='bbox 583 4113 842 4180; x_wconf 78' lang='lat' dir='ltr'><strong>oﬁ&#39;ertur;</strong></span> <span class='ocrx_word' id='word_1_554' title='bbox 875 4116 969 4185; x_wconf 90' lang='lat' dir='ltr'><strong>qui</strong></span> <span class='ocrx_word' id='word_1_555' title='bbox 991 4116 1136 4170; x_wconf 91' lang='lat' dir='ltr'><strong>enim</strong></span> <span class='ocrx_word' id='word_1_556' title='bbox 1170 4115 1306 4170; x_wconf 88' lang='lat' dir='ltr'><strong>illud</strong></span> <span class='ocrx_word' id='word_1_557' title='bbox 1334 4115 1594 4180; x_wconf 84' lang='lat' dir='ltr'><strong>oil’erunt,</strong></span> <span class='ocrx_word' id='word_1_558' title='bbox 1621 4115 1787 4172; x_wconf 91' lang='lat' dir='ltr'><strong>alieni</strong></span> 
     </span>
    </p>
   </div>
   <div class='ocr_carea' id='block_1_74' title="bbox 231 4203 1790 4275">
    <p class='ocr_par' dir='ltr' id='par_1_74' title="bbox 231 4203 1790 4275">
     <span class='ocr_line' id='line_1_74' title="bbox 231 4203 1790 4275; baseline 0.004 -22"><span class='ocrx_word' id='word_1_559' title='bbox 231 4214 352 4256; x_wconf 84' lang='lat' dir='ltr'><strong>sunt</strong></span> <span class='ocrx_word' id='word_1_560' title='bbox 408 4214 460 4259; x_wconf 88' lang='lat' dir='ltr'><strong>et</strong></span> <span class='ocrx_word' id='word_1_561' title='bbox 493 4204 712 4275; x_wconf 89' lang='lat' dir='ltr'><strong>perditi.</strong></span> <span class='ocrx_word' id='word_1_562' title='bbox 751 4203 1007 4259; x_wconf 90' lang='lat' dir='ltr'><strong>Christus</strong></span> <span class='ocrx_word' id='word_1_563' title='bbox 1042 4218 1195 4270; x_wconf 86' lang='lat' dir='ltr'><strong>vero,</strong></span> <span class='ocrx_word' id='word_1_564' title='bbox 1232 4213 1393 4259; x_wconf 89' lang='lat' dir='ltr'><strong>nocte</strong></span> <span class='ocrx_word' id='word_1_565' title='bbox 1419 4204 1509 4258; x_wconf 90' lang='lat' dir='ltr'><strong>illa</strong></span> <span class='ocrx_word' id='word_1_566' title='bbox 1539 4220 1643 4274; x_wconf 85' lang='lat' dir='ltr'><strong>qua</strong></span> <span class='ocrx_word' id='word_1_567' title='bbox 1673 4212 1790 4260; x_wconf 84' lang='lat' dir='ltr'><strong>erat</strong></span> 
     </span>
    </p>
   </div>
   <div class='ocr_carea' id='block_1_75' title="bbox 237 4292 1790 4367">
    <p class='ocr_par' dir='ltr' id='par_1_75' title="bbox 237 4292 1790 4367">
     <span class='ocr_line' id='line_1_75' title="bbox 237 4292 1790 4367; baseline 0.006 -24"><span class='ocrx_word' id='word_1_568' title='bbox 237 4292 507 4350; x_wconf 87' lang='lat' dir='ltr'><strong>inchoatio</strong></span> <span class='ocrx_word' id='word_1_569' title='bbox 566 4297 867 4367; x_wconf 88' lang='lat' dir='ltr'><strong>passionis,</strong></span> <span class='ocrx_word' id='word_1_570' title='bbox 924 4295 1215 4367; x_wconf 91' lang='lat' dir='ltr'><strong>discipulis</strong></span> <span class='ocrx_word' id='word_1_571' title='bbox 1268 4298 1403 4352; x_wconf 80' lang='lat' dir='ltr'><strong>dixit</strong></span> <span class='ocrx_word' id='word_1_572' title='bbox 1476 4297 1606 4367; x_wconf 89' lang='lat' dir='ltr'><strong>quid</strong></span> <span class='ocrx_word' id='word_1_573' title='bbox 1632 4297 1699 4353; x_wconf 94' lang='lat' dir='ltr'><strong>de</strong></span> <span class='ocrx_word' id='word_1_574' title='bbox 1724 4311 1790 4353; x_wconf 95' lang='lat' dir='ltr'><strong>eo</strong></span> 
     </span>
    </p>
   </div>
   <div class='ocr_carea' id='block_1_76' title="bbox 1889 3105 3465 3178">
    <p class='ocr_par' dir='ltr' id='par_1_76' title="bbox 1889 3105 3465 3178">
     <span class='ocr_line' id='line_1_76' title="bbox 1889 3105 3465 3178; baseline 0 -19"><span class='ocrx_word' id='word_1_575' title='bbox 1889 3105 2050 3169; x_wconf 67' lang='lat' dir='ltr'><strong>igneo</strong></span> <span class='ocrx_word' id='word_1_576' title='bbox 2080 3105 2291 3176; x_wconf 78' lang='lat' dir='ltr'><strong>fulgore</strong></span> <span class='ocrx_word' id='word_1_577' title='bbox 2318 3106 2662 3167; x_wconf 87' lang='lat' dir='ltr'><strong>rutilantem,</strong></span> <span class='ocrx_word' id='word_1_578' title='bbox 2696 3112 2749 3159; x_wconf 88' lang='lat' dir='ltr'><strong>et</strong></span> <span class='ocrx_word' id='word_1_579' title='bbox 2769 3105 2955 3160; x_wconf 63' lang='lat' dir='ltr'><strong>Graece</strong></span> <span class='ocrx_word' id='word_1_580' title='bbox 2985 3109 3245 3178; x_wconf 81' lang='lat' dir='ltr'><strong>scriptam</strong></span> <span class='ocrx_word' id='word_1_581' title='bbox 3276 3123 3289 3137; x_wconf 88' lang='grc'><strong>·</strong></span> <span class='ocrx_word' id='word_1_582' title='bbox 3324 3106 3465 3174; x_wconf 78' lang='lat' dir='ltr'><strong>Quia</strong></span> 
     </span>
    </p>
   </div>
   <div class='ocr_carea' id='block_1_77' title="bbox 1888 3194 3461 3268">
    <p class='ocr_par' dir='ltr' id='par_1_77' title="bbox 1888 3194 3461 3268">
     <span class='ocr_line' id='line_1_77' title="bbox 1888 3194 3461 3268; baseline -0.001 -16"><span class='ocrx_word' id='word_1_583' title='bbox 1888 3199 2067 3268; x_wconf 84' lang='lat' dir='ltr'><strong>petisti</strong></span> <span class='ocrx_word' id='word_1_584' title='bbox 2117 3196 2290 3254; x_wconf 87' lang='lat' dir='ltr'><strong>aDeo</strong></span> <span class='ocrx_word' id='word_1_585' title='bbox 2334 3206 2423 3252; x_wconf 86' lang='lat' dir='ltr'><strong>tuo</strong></span> <span class='ocrx_word' id='word_1_586' title='bbox 2482 3206 2541 3252; x_wconf 85' lang='lat' dir='ltr'><strong>ut</strong></span> <span class='ocrx_word' id='word_1_587' title='bbox 2620 3194 2914 3252; x_wconf 75' lang='lat' dir='ltr'><strong>ostenderet</strong></span> <span class='ocrx_word' id='word_1_588' title='bbox 2990 3200 3087 3252; x_wconf 87' lang='lat' dir='ltr'><strong>tibi</strong></span> <span class='ocrx_word' id='word_1_589' title='bbox 3161 3200 3319 3268; x_wconf 67' lang='lat' dir='ltr'><strong>fidem</strong></span> <span class='ocrx_word' id='word_1_590' title='bbox 3377 3214 3461 3251; x_wconf 82' lang='lat' dir='ltr'><strong>re-</strong></span> 
     </span>
    </p>
   </div>
   <div class='ocr_carea' id='block_1_78' title="bbox 1888 3289 3463 3360">
    <p class='ocr_par' dir='ltr' id='par_1_78' title="bbox 1888 3289 3463 3360">
     <span class='ocr_line' id='line_1_78' title="bbox 1888 3289 3463 3360; baseline 0 -17"><span class='ocrx_word' id='word_1_591' title='bbox 1888 3300 2052 3356; x_wconf 83' lang='lat' dir='ltr'><strong>ctam,</strong></span> <span class='ocrx_word' id='word_1_592' title='bbox 2117 3289 2287 3359; x_wconf 80' lang='lat' dir='ltr'><strong>facito</strong></span> <span class='ocrx_word' id='word_1_593' title='bbox 2350 3291 2446 3345; x_wconf 83' lang='lat' dir='ltr'><strong>tibi</strong></span> <span class='ocrx_word' id='word_1_594' title='bbox 2506 3293 2713 3360; x_wconf 79' lang='lat' dir='ltr'><strong>signunt</strong></span> <span class='ocrx_word' id='word_1_595' title='bbox 2754 3289 2926 3359; x_wconf 81' lang='lat' dir='ltr'><strong>regale</strong></span> <span class='ocrx_word' id='word_1_596' title='bbox 2962 3291 3015 3343; x_wconf 89' lang='lat' dir='ltr'><strong>in</strong></span> <span class='ocrx_word' id='word_1_597' title='bbox 3058 3289 3463 3344; x_wconf 82' lang='lat' dir='ltr'><strong>similitudinem</strong></span> 
     </span>
    </p>
   </div>
   <div class='ocr_carea' id='block_1_79' title="bbox 1890 3382 3461 3452">
    <p class='ocr_par' dir='ltr' id='par_1_79' title="bbox 1890 3382 3461 3452">
     <span class='ocr_line' id='line_1_79' title="bbox 1890 3382 3461 3452; baseline 0.001 -18"><span class='ocrx_word' id='word_1_598' title='bbox 1890 3383 2063 3437; x_wconf 80' lang='lat' dir='ltr'><strong>crucis</strong></span> <span class='ocrx_word' id='word_1_599' title='bbox 2090 3382 2272 3448; x_wconf 78' lang='lat' dir='ltr'><strong>istius,</strong></span> <span class='ocrx_word' id='word_1_600' title='bbox 2304 3399 2422 3444; x_wconf 78' lang='lat' dir='ltr'><strong>aute</strong></span> <span class='ocrx_word' id='word_1_601' title='bbox 2445 3384 2712 3452; x_wconf 78' lang='lat' dir='ltr'><strong>prtrcedat</strong></span> <span class='ocrx_word' id='word_1_602' title='bbox 2749 3394 2798 3437; x_wconf 88' lang='lat' dir='ltr'><strong>te</strong></span> <span class='ocrx_word' id='word_1_603' title='bbox 2827 3394 3015 3439; x_wconf 85' lang='lat' dir='ltr'><strong>contra</strong></span> <span class='ocrx_word' id='word_1_604' title='bbox 3045 3384 3287 3437; x_wconf 85' lang='lat' dir='ltr'><strong>inimicos</strong></span> <span class='ocrx_word' id='word_1_605' title='bbox 3321 3392 3461 3448; x_wconf 88' lang='lat' dir='ltr'><strong>tuos,</strong></span> 
     </span>
    </p>
   </div>
   <div class='ocr_carea' id='block_1_80' title="bbox 1889 3474 3464 3543">
    <p class='ocr_par' dir='ltr' id='par_1_80' title="bbox 1889 3474 3464 3543">
     <span class='ocr_line' id='line_1_80' title="bbox 1889 3474 3464 3543; baseline 0.001 -14"><span class='ocrx_word' id='word_1_606' title='bbox 1889 3474 2173 3529; x_wconf 87' lang='lat' dir='ltr'><strong>secundum</strong></span> <span class='ocrx_word' id='word_1_607' title='bbox 2231 3475 2370 3543; x_wconf 83' lang='lat' dir='ltr'><strong>quod</strong></span> <span class='ocrx_word' id='word_1_608' title='bbox 2397 3476 2579 3529; x_wconf 75' lang='lat' dir='ltr'><strong>vidisti</strong></span> <span class='ocrx_word' id='word_1_609' title='bbox 2623 3476 2677 3528; x_wconf 85' lang='lat' dir='ltr'><strong>in</strong></span> <span class='ocrx_word' id='word_1_610' title='bbox 2722 3476 2873 3530; x_wconf 68' lang='lat' dir='ltr'><strong>creto.</strong></span> <span class='ocrx_word' id='word_1_611' title='bbox 2911 3474 3031 3542; x_wconf 88' lang='lat' dir='ltr'><strong>Quo</strong></span> <span class='ocrx_word' id='word_1_612' title='bbox 3065 3476 3226 3541; x_wconf 81' lang='lat' dir='ltr'><strong>iacto,</strong></span> <span class='ocrx_word' id='word_1_613' title='bbox 3278 3475 3464 3530; x_wconf 89' lang='lat' dir='ltr'><strong>hostes</strong></span> 
     </span>
    </p>
   </div>
   <div class='ocr_carea' id='block_1_81' title="bbox 1890 3565 3466 3634">
    <p class='ocr_par' dir='ltr' id='par_1_81' title="bbox 1890 3565 3466 3634">
     <span class='ocr_line' id='line_1_81' title="bbox 1890 3565 3466 3634; baseline 0 -14"><span class='ocrx_word' id='word_1_614' title='bbox 1890 3565 2111 3627; x_wconf 90' lang='lat' dir='ltr'><strong>invasit,</strong></span> <span class='ocrx_word' id='word_1_615' title='bbox 2142 3573 2194 3619; x_wconf 89' lang='lat' dir='ltr'><strong>et</strong></span> <span class='ocrx_word' id='word_1_616' title='bbox 2229 3579 2327 3634; x_wconf 90' lang='lat' dir='ltr'><strong>per</strong></span> <span class='ocrx_word' id='word_1_617' title='bbox 2377 3565 2634 3619; x_wconf 90' lang='lat' dir='ltr'><strong>virtutem</strong></span> <span class='ocrx_word' id='word_1_618' title='bbox 2678 3575 2885 3622; x_wconf 78' lang='lat' dir='ltr'><strong>sancta:</strong></span> <span class='ocrx_word' id='word_1_619' title='bbox 2924 3567 3107 3622; x_wconf 89' lang='lat' dir='ltr'><strong>crucis</strong></span> <span class='ocrx_word' id='word_1_620' title='bbox 3150 3567 3274 3621; x_wconf 92' lang='lat' dir='ltr'><strong>illos</strong></span> <span class='ocrx_word' id='word_1_621' title='bbox 3314 3566 3466 3622; x_wconf 87' lang='lat' dir='ltr'><strong>devi-</strong></span> 
     </span>
    </p>
   </div>
   <div class='ocr_carea' id='block_1_82' title="bbox 1892 3656 3458 3727">
    <p class='ocr_par' dir='ltr' id='par_1_82' title="bbox 1892 3656 3458 3727">
     <span class='ocr_line' id='line_1_82' title="bbox 1892 3656 3458 3727; baseline 0.001 -14"><span class='ocrx_word' id='word_1_622' title='bbox 1892 3659 1986 3713; x_wconf 91' lang='lat' dir='ltr'><strong>cit.</strong></span> <span class='ocrx_word' id='word_1_623' title='bbox 2011 3656 2260 3727; x_wconf 91' lang='lat' dir='ltr'><strong>Cumqne</strong></span> <span class='ocrx_word' id='word_1_624' title='bbox 2290 3665 2685 3721; x_wconf 85' lang='lat' dir='ltr'><strong>reverteretur,</strong></span> <span class='ocrx_word' id='word_1_625' title='bbox 2719 3668 2948 3714; x_wconf 91' lang='lat' dir='ltr'><strong>matrem</strong></span> <span class='ocrx_word' id='word_1_626' title='bbox 2981 3674 3138 3714; x_wconf 90' lang='lat' dir='ltr'><strong>suam</strong></span> <span class='ocrx_word' id='word_1_627' title='bbox 3195 3658 3458 3715; x_wconf 83' lang='lat' dir='ltr'><strong>Helenam</strong></span> 
     </span>
    </p>
   </div>
   <div class='ocr_carea' id='block_1_83' title="bbox 1890 3747 3461 3818">
    <p class='ocr_par' dir='ltr' id='par_1_83' title="bbox 1890 3747 3461 3818">
     <span class='ocr_line' id='line_1_83' title="bbox 1890 3747 3461 3818; baseline 0.002 -15"><span class='ocrx_word' id='word_1_628' title='bbox 1890 3763 2016 3803; x_wconf 91' lang='lat' dir='ltr'><strong>cum</strong></span> <span class='ocrx_word' id='word_1_629' title='bbox 2058 3747 2300 3802; x_wconf 85' lang='lat' dir='ltr'><strong>exercitu</strong></span> <span class='ocrx_word' id='word_1_630' title='bbox 2332 3762 2617 3818; x_wconf 89' lang='lat' dir='ltr'><strong>usquequo</strong></span> <span class='ocrx_word' id='word_1_631' title='bbox 2647 3748 2947 3806; x_wconf 80' lang='lat' dir='ltr'><strong>Jerusalem</strong></span> <span class='ocrx_word' id='word_1_632' title='bbox 2976 3753 3187 3807; x_wconf 89' lang='lat' dir='ltr'><strong>veniret</strong></span> <span class='ocrx_word' id='word_1_633' title='bbox 3237 3752 3461 3817; x_wconf 81' lang='lat' dir='ltr'><strong>direxit,</strong></span> 
     </span>
    </p>
   </div>
   <div class='ocr_carea' id='block_1_84' title="bbox 1891 3837 3464 3909">
    <p class='ocr_par' dir='ltr' id='par_1_84' title="bbox 1891 3837 3464 3909">
     <span class='ocr_line' id='line_1_84' title="bbox 1891 3837 3464 3909; baseline 0.004 -16"><span class='ocrx_word' id='word_1_634' title='bbox 1891 3849 1946 3895; x_wconf 88' lang='lat' dir='ltr'><strong>ttt</strong></span> <span class='ocrx_word' id='word_1_635' title='bbox 1978 3838 2107 3909; x_wconf 91' lang='lat' dir='ltr'><strong>qttid</strong></span> <span class='ocrx_word' id='word_1_636' title='bbox 2142 3838 2210 3893; x_wconf 89' lang='lat' dir='ltr'><strong>de</strong></span> <span class='ocrx_word' id='word_1_637' title='bbox 2263 3852 2429 3894; x_wconf 90' lang='lat' dir='ltr'><strong>cruce</strong></span> <span class='ocrx_word' id='word_1_638' title='bbox 2454 3837 2659 3894; x_wconf 77' lang='lat' dir='ltr'><strong>Christi</strong></span> <span class='ocrx_word' id='word_1_639' title='bbox 2712 3840 2914 3895; x_wconf 80' lang='lat' dir='ltr'><strong>factum</strong></span> <span class='ocrx_word' id='word_1_640' title='bbox 2955 3854 3124 3905; x_wconf 85' lang='lat' dir='ltr'><strong>esset,</strong></span> <span class='ocrx_word' id='word_1_641' title='bbox 3166 3858 3194 3896; x_wconf 89' lang='lat' dir='ltr'><strong>a</strong></span> <span class='ocrx_word' id='word_1_642' title='bbox 3259 3841 3464 3899; x_wconf 74' lang='lat' dir='ltr'><strong>Iudaeis</strong></span> 
     </span>
    </p>
   </div>
   <div class='ocr_carea' id='block_1_85' title="bbox 1891 3929 3462 4002">
    <p class='ocr_par' dir='ltr' id='par_1_85' title="bbox 1891 3929 3462 4002">
     <span class='ocr_line' id='line_1_85' title="bbox 1891 3929 3462 4002; baseline 0.001 -16"><span class='ocrx_word' id='word_1_643' title='bbox 1891 3932 2249 4002; x_wconf 88' lang='lat' dir='ltr'><strong>perquireret.</strong></span> <span class='ocrx_word' id='word_1_644' title='bbox 2293 3929 2481 3985; x_wconf 90' lang='lat' dir='ltr'><strong>Multis</strong></span> <span class='ocrx_word' id='word_1_645' title='bbox 2514 3940 2697 3985; x_wconf 90' lang='lat' dir='ltr'><strong>autem</strong></span> <span class='ocrx_word' id='word_1_646' title='bbox 2746 3931 3032 3997; x_wconf 89' lang='lat' dir='ltr'><strong>cruciatis,</strong></span> <span class='ocrx_word' id='word_1_647' title='bbox 3090 3933 3265 3987; x_wconf 85' lang='lat' dir='ltr'><strong>virum</strong></span> <span class='ocrx_word' id='word_1_648' title='bbox 3309 3933 3462 3988; x_wconf 90' lang='lat' dir='ltr'><strong>illntu</strong></span> 
     </span>
    </p>
   </div>
   <div class='ocr_carea' id='block_1_86' title="bbox 1890 4022 3465 4094">
    <p class='ocr_par' dir='ltr' id='par_1_86' title="bbox 1890 4022 3465 4094">
     <span class='ocr_line' id='line_1_86' title="bbox 1890 4022 3465 4094; baseline 0.004 -20"><span class='ocrx_word' id='word_1_649' title='bbox 1890 4024 1983 4093; x_wconf 88' lang='lat' dir='ltr'><strong>qui</strong></span> <span class='ocrx_word' id='word_1_650' title='bbox 2009 4024 2075 4079; x_wconf 89' lang='lat' dir='ltr'><strong>de</strong></span> <span class='ocrx_word' id='word_1_651' title='bbox 2108 4024 2250 4077; x_wconf 89' lang='lat' dir='ltr'><strong>tribu</strong></span> <span class='ocrx_word' id='word_1_652' title='bbox 2281 4023 2402 4092; x_wconf 91' lang='lat' dir='ltr'><strong>ejus</strong></span> <span class='ocrx_word' id='word_1_653' title='bbox 2432 4022 2612 4078; x_wconf 80' lang='lat' dir='ltr'><strong>fuerat</strong></span> <span class='ocrx_word' id='word_1_654' title='bbox 2642 4023 2733 4078; x_wconf 91' lang='lat' dir='ltr'><strong>cui</strong></span> <span class='ocrx_word' id='word_1_655' title='bbox 2793 4039 2882 4079; x_wconf 90' lang='lat' dir='ltr'><strong>res</strong></span> <span class='ocrx_word' id='word_1_656' title='bbox 2917 4025 3152 4094; x_wconf 90' lang='lat' dir='ltr'><strong>primum</strong></span> <span class='ocrx_word' id='word_1_657' title='bbox 3214 4025 3465 4080; x_wconf 87' lang='lat' dir='ltr'><strong>notiﬁca-</strong></span> 
     </span>
    </p>
   </div>
   <div class='ocr_carea' id='block_1_87' title="bbox 1892 4113 3463 4184">
    <p class='ocr_par' dir='ltr' id='par_1_87' title="bbox 1892 4113 3463 4184">
     <span class='ocr_line' id='line_1_87' title="bbox 1892 4113 3463 4184; baseline 0.001 -15"><span class='ocrx_word' id='word_1_658' title='bbox 1892 4114 2067 4179; x_wconf 90' lang='lat' dir='ltr'><strong>batur,</strong></span> <span class='ocrx_word' id='word_1_659' title='bbox 2101 4113 2304 4184; x_wconf 83' lang='lat' dir='ltr'><strong>inquiri</strong></span> <span class='ocrx_word' id='word_1_660' title='bbox 2334 4114 2613 4184; x_wconf 64' lang='lat' dir='ltr'><strong>praeccpit.</strong></span> <span class='ocrx_word' id='word_1_661' title='bbox 2638 4113 2797 4168; x_wconf 91' lang='lat' dir='ltr'><strong>Illum</strong></span> <span class='ocrx_word' id='word_1_662' title='bbox 2835 4125 3039 4180; x_wconf 90' lang='lat' dir='ltr'><strong>autem,</strong></span> <span class='ocrx_word' id='word_1_663' title='bbox 3066 4116 3146 4171; x_wconf 90' lang='lat' dir='ltr'><strong>rei</strong></span> <span class='ocrx_word' id='word_1_664' title='bbox 3175 4118 3463 4174; x_wconf 86' lang='lat' dir='ltr'><strong>veritatem</strong></span> 
     </span>
    </p>
   </div>
   <div class='ocr_carea' id='block_1_88' title="bbox 1891 4205 3467 4276">
    <p class='ocr_par' dir='ltr' id='par_1_88' title="bbox 1891 4205 3467 4276">
     <span class='ocr_line' id='line_1_88' title="bbox 1891 4205 3467 4276; baseline 0.003 -17"><span class='ocrx_word' id='word_1_665' title='bbox 1891 4205 2105 4276; x_wconf 89' lang='lat' dir='ltr'><strong>aperire</strong></span> <span class='ocrx_word' id='word_1_666' title='bbox 2139 4206 2438 4271; x_wconf 79' lang='lat' dir='ltr'><strong>nolentem,</strong></span> <span class='ocrx_word' id='word_1_667' title='bbox 2460 4206 2513 4259; x_wconf 94' lang='lat' dir='ltr'><strong>in</strong></span> <span class='ocrx_word' id='word_1_668' title='bbox 2551 4214 2714 4275; x_wconf 89' lang='lat' dir='ltr'><strong>puteo</strong></span> <span class='ocrx_word' id='word_1_669' title='bbox 2742 4205 2860 4260; x_wconf 89' lang='lat' dir='ltr'><strong>sine</strong></span> <span class='ocrx_word' id='word_1_670' title='bbox 2884 4215 3013 4275; x_wconf 88' lang='lat' dir='ltr'><strong>pottt</strong></span> <span class='ocrx_word' id='word_1_671' title='bbox 3034 4214 3087 4261; x_wconf 92' lang='lat' dir='ltr'><strong>et</strong></span> <span class='ocrx_word' id='word_1_672' title='bbox 3109 4208 3255 4262; x_wconf 91' lang='lat' dir='ltr'><strong>victu</strong></span> <span class='ocrx_word' id='word_1_673' title='bbox 3287 4209 3467 4263; x_wconf 64' lang='lat' dir='ltr'><strong>recluo</strong></span> 
     </span>
    </p>
   </div>
   <div class='ocr_carea' id='block_1_89' title="bbox 1892 4300 3463 4369">
    <p class='ocr_par' dir='ltr' id='par_1_89' title="bbox 1892 4300 3463 4369">
     <span class='ocr_line' id='line_1_89' title="bbox 1892 4300 3463 4369; baseline 0 -14"><span class='ocrx_word' id='word_1_674' title='bbox 1892 4302 1983 4356; x_wconf 90' lang='lat' dir='ltr'><strong>sit.</strong></span> <span class='ocrx_word' id='word_1_675' title='bbox 2005 4300 2251 4369; x_wconf 87' lang='lat' dir='ltr'><strong>Cumque</strong></span> <span class='ocrx_word' id='word_1_676' title='bbox 2301 4315 2360 4355; x_wconf 92' lang='lat' dir='ltr'><strong>se</strong></span> <span class='ocrx_word' id='word_1_677' title='bbox 2395 4300 2723 4352; x_wconf 92' lang='lat' dir='ltr'><strong>moriturum</strong></span> <span class='ocrx_word' id='word_1_678' title='bbox 2760 4300 3134 4368; x_wconf 84' lang='lat' dir='ltr'><strong>cognovisset,</strong></span> <span class='ocrx_word' id='word_1_679' title='bbox 3189 4301 3236 4355; x_wconf 92' lang='lat' dir='ltr'><strong>ei</strong></span> <span class='ocrx_word' id='word_1_680' title='bbox 3284 4302 3463 4356; x_wconf 90' lang='lat' dir='ltr'><strong>locum</strong></span> 
     </span>
    </p>
   </div>
   <div class='ocr_carea' id='block_1_90' title="bbox 231 4380 3463 4459">
    <p class='ocr_par' dir='ltr' id='par_1_90' title="bbox 231 4380 3463 4459">
     <span class='ocr_line' id='line_1_90' title="bbox 231 4380 3463 4459; baseline 0.004 -25"><span class='ocrx_word' id='word_1_681' title='bbox 231 4380 388 4439; x_wconf 65' lang='lat' dir='ltr'><strong>Iudaei</strong></span> <span class='ocrx_word' id='word_1_682' title='bbox 420 4385 612 4442; x_wconf 82' lang='lat' dir='ltr'><strong>facturi</strong></span> <span class='ocrx_word' id='word_1_683' title='bbox 641 4396 846 4453; x_wconf 91' lang='lat' dir='ltr'><strong>essent,</strong></span> <span class='ocrx_word' id='word_1_684' title='bbox 879 4396 933 4442; x_wconf 89' lang='lat' dir='ltr'><strong>et</strong></span> <span class='ocrx_word' id='word_1_685' title='bbox 962 4388 1451 4454; x_wconf 87' lang='lat' dir='ltr'><strong>resurrectionem,</strong></span> <span class='ocrx_word' id='word_1_686' title='bbox 1486 4398 1543 4444; x_wconf 91' lang='lat' dir='ltr'><strong>et</strong></span> <span class='ocrx_word' id='word_1_687' title='bbox 1574 4387 1778 4457; x_wconf 82' lang='lat' dir='ltr'><strong>fugam,</strong></span> <span class='ocrx_word' id='word_1_688' title='bbox 1819 4390 1863 4445; x_wconf 88' lang='lat' dir='ltr'><strong>D</strong></span> <span class='ocrx_word' id='word_1_689' title='bbox 1892 4392 2162 4459; x_wconf 88' lang='lat' dir='ltr'><strong>ostendit;</strong></span> <span class='ocrx_word' id='word_1_690' title='bbox 2188 4399 2241 4445; x_wconf 90' lang='lat' dir='ltr'><strong>et</strong></span> <span class='ocrx_word' id='word_1_691' title='bbox 2271 4390 2397 4445; x_wconf 90' lang='lat' dir='ltr'><strong>dum</strong></span> <span class='ocrx_word' id='word_1_692' title='bbox 2426 4388 2697 4455; x_wconf 83' lang='lat' dir='ltr'><strong>foderent,</strong></span> <span class='ocrx_word' id='word_1_693' title='bbox 2759 4389 2945 4444; x_wconf 80' lang='lat' dir='ltr'><strong>fumus</strong></span> <span class='ocrx_word' id='word_1_694' title='bbox 2974 4392 3182 4447; x_wconf 82' lang='lat' dir='ltr'><strong>incensi</strong></span> <span class='ocrx_word' id='word_1_695' title='bbox 3215 4391 3282 4447; x_wconf 90' lang='lat' dir='ltr'><strong>de</strong></span> <span class='ocrx_word' id='word_1_696' title='bbox 3311 4393 3463 4448; x_wconf 82' lang='lat' dir='ltr'><strong>fovea</strong></span> 
     </span>
    </p>
   </div>
   <div class='ocr_carea' id='block_1_91' title="bbox 237 4480 1788 4547">
    <p class='ocr_par' dir='ltr' id='par_1_91' title="bbox 237 4480 1788 4547">
     <span class='ocr_line' id='line_1_91' title="bbox 237 4480 1788 4547; baseline 0.007 -22"><span class='ocrx_word' id='word_1_697' title='bbox 237 4485 287 4526; x_wconf 89' lang='lat' dir='ltr'><strong>et</strong></span> <span class='ocrx_word' id='word_1_698' title='bbox 309 4480 661 4535; x_wconf 82' lang='lat' dir='ltr'><strong>reversionem</strong></span> <span class='ocrx_word' id='word_1_699' title='bbox 694 4480 759 4533; x_wconf 90' lang='lat' dir='ltr'><strong>ad</strong></span> <span class='ocrx_word' id='word_1_700' title='bbox 780 4496 903 4535; x_wconf 90' lang='lat' dir='ltr'><strong>eum</strong></span> <span class='ocrx_word' id='word_1_701' title='bbox 926 4481 1301 4547; x_wconf 89' lang='lat' dir='ltr'><strong>annuntiavit;</strong></span> <span class='ocrx_word' id='word_1_702' title='bbox 1333 4490 1385 4536; x_wconf 85' lang='lat' dir='ltr'><strong>et</strong></span> <span class='ocrx_word' id='word_1_703' title='bbox 1412 4483 1665 4536; x_wconf 91' lang='lat' dir='ltr'><strong>tamenin</strong></span> <span class='ocrx_word' id='word_1_704' title='bbox 1698 4481 1788 4536; x_wconf 89' lang='lat' dir='ltr'><strong>illa</strong></span> 
     </span>
    </p>
   </div>
   <div class='ocr_carea' id='block_1_92' title="bbox 235 4572 1787 4643">
    <p class='ocr_par' dir='ltr' id='par_1_92' title="bbox 235 4572 1787 4643">
     <span class='ocr_line' id='line_1_92' title="bbox 235 4572 1787 4643; baseline 0.001 -20"><span class='ocrx_word' id='word_1_705' title='bbox 235 4580 380 4625; x_wconf 88' lang='lat' dir='ltr'><strong>nocte</strong></span> <span class='ocrx_word' id='word_1_706' title='bbox 399 4588 520 4627; x_wconf 92' lang='lat' dir='ltr'><strong>cum</strong></span> <span class='ocrx_word' id='word_1_707' title='bbox 554 4573 842 4643; x_wconf 90' lang='lat' dir='ltr'><strong>discipulis</strong></span> <span class='ocrx_word' id='word_1_708' title='bbox 881 4572 1200 4638; x_wconf 89' lang='lat' dir='ltr'><strong>comedens,</strong></span> <span class='ocrx_word' id='word_1_709' title='bbox 1247 4573 1526 4642; x_wconf 90' lang='lat' dir='ltr'><strong>accipiens</strong></span> <span class='ocrx_word' id='word_1_710' title='bbox 1590 4588 1787 4643; x_wconf 90' lang='lat' dir='ltr'><strong>panem</strong></span> 
     </span>
    </p>
   </div>
   <div class='ocr_carea' id='block_1_93' title="bbox 237 4657 1791 4732">
    <p class='ocr_par' dir='ltr' id='par_1_93' title="bbox 237 4657 1791 4732">
     <span class='ocr_line' id='line_1_93' title="bbox 237 4657 1791 4732; baseline 0.005 -23"><span class='ocrx_word' id='word_1_711' title='bbox 237 4657 565 4717; x_wconf 86' lang='lat' dir='ltr'><strong>benedixitet</strong></span> <span class='ocrx_word' id='word_1_712' title='bbox 594 4662 760 4717; x_wconf 90' lang='lat' dir='ltr'><strong>dixit:</strong></span> <span class='ocrx_word' id='word_1_713' title='bbox 799 4665 1030 4732; x_wconf 80' lang='lat' dir='ltr'><strong>Accipite</strong></span> <span class='ocrx_word' id='word_1_714' title='bbox 1053 4672 1103 4717; x_wconf 92' lang='lat' dir='ltr'><strong>et</strong></span> <span class='ocrx_word' id='word_1_715' title='bbox 1134 4664 1386 4717; x_wconf 84' lang='lat' dir='ltr'><strong>comedite</strong></span> <span class='ocrx_word' id='word_1_716' title='bbox 1416 4680 1433 4718; x_wconf 92' lang='lat'><em>:</em></span> <span class='ocrx_word' id='word_1_717' title='bbox 1462 4664 1557 4717; x_wconf 85' lang='lat' dir='ltr'><strong>Itac</strong></span> <span class='ocrx_word' id='word_1_718' title='bbox 1576 4673 1653 4719; x_wconf 83' lang='lat' dir='ltr'><strong>est</strong></span> <span class='ocrx_word' id='word_1_719' title='bbox 1674 4680 1791 4718; x_wconf 88' lang='lat' dir='ltr'><strong>eor-</strong></span> 
     </span>
    </p>
   </div>
   <div class='ocr_carea' id='block_1_94' title="bbox 238 4754 1792 4827">
    <p class='ocr_par' dir='ltr' id='par_1_94' title="bbox 238 4754 1792 4827">
     <span class='ocr_line' id='line_1_94' title="bbox 238 4754 1792 4827; baseline 0.008 -27"><span class='ocrx_word' id='word_1_720' title='bbox 238 4764 321 4813; x_wconf 72' lang='lat' dir='ltr'><strong>pls</strong></span> <span class='ocrx_word' id='word_1_721' title='bbox 346 4770 506 4806; x_wconf 84' lang='lat' dir='ltr'><strong>meum</strong></span> <span class='ocrx_word' id='word_1_722' title='bbox 538 4756 674 4823; x_wconf 84' lang='lat' dir='ltr'><strong>quod</strong></span> <span class='ocrx_word' id='word_1_723' title='bbox 693 4770 789 4824; x_wconf 87' lang='lat' dir='ltr'><strong>pro</strong></span> <span class='ocrx_word' id='word_1_724' title='bbox 813 4759 957 4809; x_wconf 80' lang='lat' dir='ltr'><strong>vobis</strong></span> <span class='ocrx_word' id='word_1_725' title='bbox 986 4754 1246 4809; x_wconf 87' lang='lat' dir='ltr'><strong>tradetur.</strong></span> <span class='ocrx_word' id='word_1_726' title='bbox 1280 4755 1479 4810; x_wconf 84' lang='lat' dir='ltr'><strong>Iterum</strong></span> <span class='ocrx_word' id='word_1_727' title='bbox 1515 4756 1792 4827; x_wconf 87' lang='lat' dir='ltr'><strong>accipiens</strong></span> 
     </span>
    </p>
   </div>
   <div class='ocr_carea' id='block_1_95' title="bbox 238 4841 1790 4917">
    <p class='ocr_par' dir='ltr' id='par_1_95' title="bbox 238 4841 1790 4917">
     <span class='ocr_line' id='line_1_95' title="bbox 238 4841 1790 4917; baseline 0.006 -25"><span class='ocrx_word' id='word_1_728' title='bbox 238 4841 468 4909; x_wconf 83' lang='lat' dir='ltr'><strong>calicem,</strong></span> <span class='ocrx_word' id='word_1_729' title='bbox 506 4844 645 4897; x_wconf 76' lang='lat' dir='ltr'><strong>dixit</strong></span> <span class='ocrx_word' id='word_1_730' title='bbox 680 4863 693 4897; x_wconf 86' lang='lat'><strong>:</strong></span> <span class='ocrx_word' id='word_1_731' title='bbox 726 4843 896 4900; x_wconf 87' lang='lat' dir='ltr'><strong>Bibite</strong></span> <span class='ocrx_word' id='word_1_732' title='bbox 925 4860 989 4899; x_wconf 80' lang='lat' dir='ltr'><strong>ea:</strong></span> <span class='ocrx_word' id='word_1_733' title='bbox 1015 4846 1109 4898; x_wconf 86' lang='lat' dir='ltr'><strong>ltoc</strong></span> <span class='ocrx_word' id='word_1_734' title='bbox 1129 4861 1304 4899; x_wconf 86' lang='lat' dir='ltr'><strong>omnes</strong></span> <span class='ocrx_word' id='word_1_735' title='bbox 1322 4860 1342 4910; x_wconf 90' lang='lat'><strong>;</strong></span> <span class='ocrx_word' id='word_1_736' title='bbox 1367 4844 1449 4899; x_wconf 87' lang='lat' dir='ltr'><strong>ltic</strong></span> <span class='ocrx_word' id='word_1_737' title='bbox 1475 4854 1552 4900; x_wconf 85' lang='lat' dir='ltr'><strong>est</strong></span> <span class='ocrx_word' id='word_1_738' title='bbox 1575 4847 1790 4917; x_wconf 85' lang='lat' dir='ltr'><strong>sanguis</strong></span> 
     </span>
    </p>
   </div>
   <div class='ocr_carea' id='block_1_96' title="bbox 237 4936 1792 5005">
    <p class='ocr_par' dir='ltr' id='par_1_96' title="bbox 237 4936 1792 5005">
     <span class='ocr_line' id='line_1_96' title="bbox 237 4936 1792 5005; baseline 0.004 -20"><span class='ocrx_word' id='word_1_739' title='bbox 237 4948 365 4988; x_wconf 66' lang='lat' dir='ltr'><strong>meus</strong></span> <span class='ocrx_word' id='word_1_740' title='bbox 418 4936 508 5005; x_wconf 84' lang='lat' dir='ltr'><strong>qui</strong></span> <span class='ocrx_word' id='word_1_741' title='bbox 544 4937 772 5004; x_wconf 77' lang='lat' dir='ltr'><strong>oﬁ&#39;ertur</strong></span> <span class='ocrx_word' id='word_1_742' title='bbox 812 4938 867 4992; x_wconf 88' lang='lat' dir='ltr'><strong>in</strong></span> <span class='ocrx_word' id='word_1_743' title='bbox 918 4938 1281 4992; x_wconf 82' lang='lat' dir='ltr'><strong>remissionem</strong></span> <span class='ocrx_word' id='word_1_744' title='bbox 1334 4948 1691 5005; x_wconf 84' lang='lat' dir='ltr'><strong>peccatorum.</strong></span> <span class='ocrx_word' id='word_1_745' title='bbox 1726 4936 1792 4991; x_wconf 85' lang='lat' dir='ltr'><strong>Et</strong></span> 
     </span>
    </p>
   </div>
   <div class='ocr_carea' id='block_1_97' title="bbox 239 5028 1792 5097">
    <p class='ocr_par' dir='ltr' id='par_1_97' title="bbox 239 5028 1792 5097">
     <span class='ocr_line' id='line_1_97' title="bbox 239 5028 1792 5097; baseline 0.005 -21"><span class='ocrx_word' id='word_1_746' title='bbox 239 5028 474 5097; x_wconf 64' lang='lat' dir='ltr'><strong>praecepit</strong></span> <span class='ocrx_word' id='word_1_747' title='bbox 501 5028 660 5085; x_wconf 89' lang='lat' dir='ltr'><strong>nobis</strong></span> <span class='ocrx_word' id='word_1_748' title='bbox 692 5030 947 5086; x_wconf 90' lang='lat' dir='ltr'><strong>similiter</strong></span> <span class='ocrx_word' id='word_1_749' title='bbox 979 5030 1115 5095; x_wconf 90' lang='lat' dir='ltr'><strong>ﬁeri,</strong></span> <span class='ocrx_word' id='word_1_750' title='bbox 1152 5037 1211 5083; x_wconf 87' lang='grc' dir='ltr'><strong>ιιι</strong></span> <span class='ocrx_word' id='word_1_751' title='bbox 1259 5030 1331 5083; x_wconf 89' lang='lat' dir='ltr'><strong>sit</strong></span> <span class='ocrx_word' id='word_1_752' title='bbox 1354 5030 1513 5085; x_wconf 89' lang='lat' dir='ltr'><strong>nobis</strong></span> <span class='ocrx_word' id='word_1_753' title='bbox 1538 5030 1792 5085; x_wconf 85' lang='lat' dir='ltr'><strong>remissio</strong></span> 
     </span>
    </p>
   </div>
   <div class='ocr_carea' id='block_1_98' title="bbox 235 5118 1789 5192">
    <p class='ocr_par' dir='ltr' id='par_1_98' title="bbox 235 5118 1789 5192">
     <span class='ocr_line' id='line_1_98' title="bbox 235 5118 1789 5192; baseline 0.003 -21"><span class='ocrx_word' id='word_1_754' title='bbox 235 5128 596 5185; x_wconf 80' lang='lat' dir='ltr'><strong>peccatorum,</strong></span> <span class='ocrx_word' id='word_1_755' title='bbox 622 5121 941 5192; x_wconf 91' lang='lat' dir='ltr'><strong>quicunque</strong></span> <span class='ocrx_word' id='word_1_756' title='bbox 968 5121 1022 5176; x_wconf 90' lang='lat' dir='ltr'><strong>in</strong></span> <span class='ocrx_word' id='word_1_757' title='bbox 1064 5120 1167 5175; x_wconf 81' lang='lat' dir='ltr'><strong>ﬁde</strong></span> <span class='ocrx_word' id='word_1_758' title='bbox 1199 5128 1252 5175; x_wconf 90' lang='lat' dir='ltr'><strong>ct</strong></span> <span class='ocrx_word' id='word_1_759' title='bbox 1277 5118 1573 5176; x_wconf 91' lang='lat' dir='ltr'><strong>dilectione</strong></span> <span class='ocrx_word' id='word_1_760' title='bbox 1624 5119 1789 5176; x_wconf 90' lang='lat' dir='ltr'><strong>obtu-</strong></span> 
     </span>
    </p>
   </div>
   <div class='ocr_carea' id='block_1_99' title="bbox 232 5208 1791 5279">
    <p class='ocr_par' dir='ltr' id='par_1_99' title="bbox 232 5208 1791 5279">
     <span class='ocr_line' id='line_1_99' title="bbox 232 5208 1791 5279; baseline 0.004 -16"><span class='ocrx_word' id='word_1_761' title='bbox 232 5208 464 5266; x_wconf 89' lang='lat' dir='ltr'><strong>lerituns.</strong></span> <span class='ocrx_word' id='word_1_762' title='bbox 506 5211 640 5267; x_wconf 90' lang='lat' dir='ltr'><strong>Illttd</strong></span> <span class='ocrx_word' id='word_1_763' title='bbox 674 5215 1006 5270; x_wconf 82' lang='lat' dir='ltr'><strong>sacriﬁcium</strong></span> <span class='ocrx_word' id='word_1_764' title='bbox 1044 5215 1172 5269; x_wconf 90' lang='lat' dir='ltr'><strong>licet</strong></span> <span class='ocrx_word' id='word_1_765' title='bbox 1202 5212 1449 5279; x_wconf 88' lang='lat' dir='ltr'><strong>credere,</strong></span> <span class='ocrx_word' id='word_1_766' title='bbox 1483 5228 1595 5269; x_wconf 91' lang='lat' dir='ltr'><strong>non</strong></span> <span class='ocrx_word' id='word_1_767' title='bbox 1655 5214 1791 5269; x_wconf 91' lang='lat' dir='ltr'><strong>illud</strong></span> 
     </span>
    </p>
   </div>
   <div class='ocr_carea' id='block_1_100' title="bbox 228 5301 1789 5373">
    <p class='ocr_par' dir='ltr' id='par_1_100' title="bbox 228 5301 1789 5373">
     <span class='ocr_line' id='line_1_100' title="bbox 228 5301 1789 5373; baseline 0.003 -19"><span class='ocrx_word' id='word_1_768' title='bbox 228 5303 359 5368; x_wconf 88' lang='lat' dir='ltr'><strong>quod</strong></span> <span class='ocrx_word' id='word_1_769' title='bbox 393 5302 449 5357; x_wconf 90' lang='lat' dir='ltr'><strong>in</strong></span> <span class='ocrx_word' id='word_1_770' title='bbox 489 5303 605 5373; x_wconf 86' lang='lat' dir='ltr'><strong>lege</strong></span> <span class='ocrx_word' id='word_1_771' title='bbox 633 5311 814 5357; x_wconf 86' lang='lat' dir='ltr'><strong>vestra</strong></span> <span class='ocrx_word' id='word_1_772' title='bbox 847 5319 944 5359; x_wconf 87' lang='lat' dir='ltr'><strong>vos</strong></span> <span class='ocrx_word' id='word_1_773' title='bbox 972 5304 1172 5360; x_wconf 87' lang='lat' dir='ltr'><strong>habere</strong></span> <span class='ocrx_word' id='word_1_774' title='bbox 1203 5301 1409 5359; x_wconf 91' lang='lat' dir='ltr'><strong>dicitis.</strong></span> <span class='ocrx_word' id='word_1_775' title='bbox 1437 5303 1575 5359; x_wconf 86' lang='lat' dir='ltr'><strong>Cum</strong></span> <span class='ocrx_word' id='word_1_776' title='bbox 1617 5303 1789 5359; x_wconf 79' lang='lat' dir='ltr'><strong>disci-</strong></span> 
     </span>
    </p>
   </div>
   <div class='ocr_carea' id='block_1_101' title="bbox 226 5394 1793 5468">
    <p class='ocr_par' dir='ltr' id='par_1_101' title="bbox 226 5394 1793 5468">
     <span class='ocr_line' id='line_1_101' title="bbox 226 5394 1793 5468; baseline 0.002 -20"><span class='ocrx_word' id='word_1_777' title='bbox 226 5396 325 5461; x_wconf 83' lang='lat' dir='ltr'><strong>puli</strong></span> <span class='ocrx_word' id='word_1_778' title='bbox 359 5394 502 5451; x_wconf 86' lang='lat' dir='ltr'><strong>Filio</strong></span> <span class='ocrx_word' id='word_1_779' title='bbox 535 5396 626 5451; x_wconf 91' lang='lat' dir='ltr'><strong>Dei</strong></span> <span class='ocrx_word' id='word_1_780' title='bbox 678 5396 973 5463; x_wconf 86' lang='lat' dir='ltr'><strong>dixissent,</strong></span> <span class='ocrx_word' id='word_1_781' title='bbox 1031 5398 1231 5453; x_wconf 87' lang='lat' dir='ltr'><strong>Invoca</strong></span> <span class='ocrx_word' id='word_1_782' title='bbox 1266 5398 1433 5452; x_wconf 89' lang='lat' dir='ltr'><strong>Deum</strong></span> <span class='ocrx_word' id='word_1_783' title='bbox 1477 5405 1537 5451; x_wconf 91' lang='lat' dir='ltr'><strong>ut</strong></span> <span class='ocrx_word' id='word_1_784' title='bbox 1590 5396 1793 5468; x_wconf 84' lang='lat' dir='ltr'><strong>dirigat</strong></span> 
     </span>
    </p>
   </div>
   <div class='ocr_carea' id='block_1_102' title="bbox 223 5484 1795 5553">
    <p class='ocr_par' dir='ltr' id='par_1_102' title="bbox 223 5484 1795 5553">
     <span class='ocr_line' id='line_1_102' title="bbox 223 5484 1795 5553; baseline 0.001 -14"><span class='ocrx_word' id='word_1_785' title='bbox 223 5486 371 5541; x_wconf 80' lang='lat' dir='ltr'><strong>nobis</strong></span> <span class='ocrx_word' id='word_1_786' title='bbox 394 5494 597 5540; x_wconf 83' lang='lat' dir='ltr'><strong>mantia</strong></span> <span class='ocrx_word' id='word_1_787' title='bbox 626 5485 694 5541; x_wconf 89' lang='lat' dir='ltr'><strong>de</strong></span> <span class='ocrx_word' id='word_1_788' title='bbox 720 5486 898 5553; x_wconf 74' lang='lat' dir='ltr'><strong>etnlo;</strong></span> <span class='ocrx_word' id='word_1_789' title='bbox 923 5494 978 5541; x_wconf 91' lang='lat' dir='ltr'><strong>et</strong></span> <span class='ocrx_word' id='word_1_790' title='bbox 1003 5486 1236 5543; x_wconf 85' lang='lat' dir='ltr'><strong>dixisset</strong></span> <span class='ocrx_word' id='word_1_791' title='bbox 1265 5487 1545 5549; x_wconf 89' lang='lat' dir='ltr'><strong>Christus,</strong></span> <span class='ocrx_word' id='word_1_792' title='bbox 1581 5484 1795 5541; x_wconf 86' lang='lat' dir='ltr'><strong>Timete</strong></span> 
     </span>
    </p>
   </div>
   <div class='ocr_carea' id='block_1_103' title="bbox 222 5575 1793 5650">
    <p class='ocr_par' dir='ltr' id='par_1_103' title="bbox 222 5575 1793 5650">
     <span class='ocr_line' id='line_1_103' title="bbox 222 5575 1793 5650; baseline 0.001 -18"><span class='ocrx_word' id='word_1_793' title='bbox 222 5575 383 5633; x_wconf 82' lang='lat' dir='ltr'><strong>Deum</strong></span> <span class='ocrx_word' id='word_1_794' title='bbox 419 5579 465 5634; x_wconf 90' lang='lat' dir='ltr'><strong>si</strong></span> <span class='ocrx_word' id='word_1_795' title='bbox 505 5578 643 5634; x_wconf 86' lang='lat' dir='ltr'><strong>estis</strong></span> <span class='ocrx_word' id='word_1_796' title='bbox 678 5578 885 5643; x_wconf 84' lang='lat' dir='ltr'><strong>ﬁdeles,</strong></span> <span class='ocrx_word' id='word_1_797' title='bbox 919 5578 1178 5650; x_wconf 88' lang='lat' dir='ltr'><strong>discipuli</strong></span> <span class='ocrx_word' id='word_1_798' title='bbox 1213 5580 1491 5644; x_wconf 85' lang='lat' dir='ltr'><strong>dixerunt,</strong></span> <span class='ocrx_word' id='word_1_799' title='bbox 1525 5577 1793 5633; x_wconf 80' lang='lat' dir='ltr'><strong>Volumus</strong></span> 
     </span>
    </p>
   </div>
   <div class='ocr_carea' id='block_1_104' title="bbox 220 5668 1797 5739">
    <p class='ocr_par' dir='ltr' id='par_1_104' title="bbox 220 5668 1797 5739">
     <span class='ocr_line' id='line_1_104' title="bbox 220 5668 1797 5739; baseline 0.001 -16"><span class='ocrx_word' id='word_1_800' title='bbox 220 5671 503 5726; x_wconf 81' lang='lat' dir='ltr'><strong>comedere</strong></span> <span class='ocrx_word' id='word_1_801' title='bbox 538 5669 692 5733; x_wconf 90' lang='lat' dir='ltr'><strong>illud,</strong></span> <span class='ocrx_word' id='word_1_802' title='bbox 720 5675 775 5724; x_wconf 90' lang='lat' dir='ltr'><strong>et</strong></span> <span class='ocrx_word' id='word_1_803' title='bbox 820 5668 1105 5725; x_wconf 87' lang='lat' dir='ltr'><strong>credemus</strong></span> <span class='ocrx_word' id='word_1_804' title='bbox 1155 5669 1253 5725; x_wconf 88' lang='lat' dir='ltr'><strong>tibi</strong></span> <span class='ocrx_word' id='word_1_805' title='bbox 1324 5677 1377 5725; x_wconf 88' lang='lat' dir='ltr'><strong>et</strong></span> <span class='ocrx_word' id='word_1_806' title='bbox 1404 5669 1639 5727; x_wconf 86' lang='lat' dir='ltr'><strong>sciemus</strong></span> <span class='ocrx_word' id='word_1_807' title='bbox 1670 5668 1797 5739; x_wconf 85' lang='lat' dir='ltr'><strong>quia</strong></span> 
     </span>
    </p>
   </div>
   <div class='ocr_carea' id='block_1_105' title="bbox 546 5763 1185 5827">
    <p class='ocr_par' dir='ltr' id='par_1_105' title="bbox 546 5763 1185 5827">
     <span class='ocr_line' id='line_1_105' title="bbox 546 5763 1185 5827; baseline 0.002 -3"><span class='ocrx_word' id='word_1_808' title='bbox 546 5766 814 5824; x_wconf 66' lang='lat' dir='ltr'><strong>Parnoc.</strong></span> <span class='ocrx_word' id='word_1_809' title='bbox 850 5763 966 5823; x_wconf 86' lang='lat' dir='ltr'><strong>Gn.</strong></span> <span class='ocrx_word' id='word_1_810' title='bbox 1005 5764 1185 5827; x_wconf 77' lang='lat' dir='ltr'><strong>CVII.</strong></span> 
     </span>
    </p>
   </div>
   <div class='ocr_carea' id='block_1_106' title="bbox 1891 4480 3466 4549">
    <p class='ocr_par' dir='ltr' id='par_1_106' title="bbox 1891 4480 3466 4549">
     <span class='ocr_line' id='line_1_106' title="bbox 1891 4480 3466 4549; baseline 0.002 -12"><span class='ocrx_word' id='word_1_811' title='bbox 1891 4482 2079 4545; x_wconf 84' lang='lat' dir='ltr'><strong>exivit,</strong></span> <span class='ocrx_word' id='word_1_812' title='bbox 2103 4491 2213 4536; x_wconf 83' lang='lat' dir='ltr'><strong>tres</strong></span> <span class='ocrx_word' id='word_1_813' title='bbox 2240 4493 2454 4545; x_wconf 89' lang='lat' dir='ltr'><strong>cruces,</strong></span> <span class='ocrx_word' id='word_1_814' title='bbox 2494 4488 2617 4548; x_wconf 88' lang='lat' dir='ltr'><strong>post</strong></span> <span class='ocrx_word' id='word_1_815' title='bbox 2648 4492 2742 4532; x_wconf 83' lang='lat' dir='ltr'><strong>ccc</strong></span> <span class='ocrx_word' id='word_1_816' title='bbox 2788 4494 2966 4534; x_wconf 84' lang='lat' dir='ltr'><strong>attttus</strong></span> <span class='ocrx_word' id='word_1_817' title='bbox 2996 4496 3062 4535; x_wconf 84' lang='lat' dir='ltr'><strong>ex</strong></span> <span class='ocrx_word' id='word_1_818' title='bbox 3087 4496 3193 4549; x_wconf 92' lang='lat' dir='ltr'><strong>quo</strong></span> <span class='ocrx_word' id='word_1_819' title='bbox 3214 4480 3466 4540; x_wconf 88' lang='lat' dir='ltr'><strong>Christus</strong></span> 
     </span>
    </p>
   </div>
   <div class='ocr_carea' id='block_1_107' title="bbox 1891 4568 3466 4641">
    <p class='ocr_par' dir='ltr' id='par_1_107' title="bbox 1891 4568 3466 4641">
     <span class='ocr_line' id='line_1_107' title="bbox 1891 4568 3466 4641; baseline 0.001 -14"><span class='ocrx_word' id='word_1_820' title='bbox 1891 4579 2133 4635; x_wconf 86' lang='lat' dir='ltr'><strong>venerat,</strong></span> <span class='ocrx_word' id='word_1_821' title='bbox 2169 4568 2483 4625; x_wconf 89' lang='lat' dir='ltr'><strong>ostendens.</strong></span> <span class='ocrx_word' id='word_1_822' title='bbox 2514 4570 2579 4623; x_wconf 87' lang='lat' dir='ltr'><strong>Et</strong></span> <span class='ocrx_word' id='word_1_823' title='bbox 2609 4584 2733 4624; x_wconf 91' lang='lat' dir='ltr'><strong>cum</strong></span> <span class='ocrx_word' id='word_1_824' title='bbox 2758 4582 2886 4625; x_wconf 90' lang='lat' dir='ltr'><strong>ante</strong></span> <span class='ocrx_word' id='word_1_825' title='bbox 2915 4571 3159 4641; x_wconf 86' lang='lat' dir='ltr'><strong>reginam</strong></span> <span class='ocrx_word' id='word_1_826' title='bbox 3212 4574 3466 4628; x_wconf 90' lang='lat' dir='ltr'><strong>nescien-</strong></span> 
     </span>
    </p>
   </div>
   <div class='ocr_carea' id='block_1_108' title="bbox 1892 4660 3468 4734">
    <p class='ocr_par' dir='ltr' id='par_1_108' title="bbox 1892 4660 3468 4734">
     <span class='ocr_line' id='line_1_108' title="bbox 1892 4660 3468 4734; baseline 0.002 -18"><span class='ocrx_word' id='word_1_827' title='bbox 1892 4671 2001 4718; x_wconf 84' lang='lat' dir='ltr'><strong>tem</strong></span> <span class='ocrx_word' id='word_1_828' title='bbox 2060 4677 2181 4732; x_wconf 68' lang='lat' dir='ltr'><strong>quae</strong></span> <span class='ocrx_word' id='word_1_829' title='bbox 2232 4675 2370 4715; x_wconf 84' lang='lat' dir='ltr'><strong>crux</strong></span> <span class='ocrx_word' id='word_1_830' title='bbox 2423 4660 2628 4717; x_wconf 84' lang='lat' dir='ltr'><strong>Christi</strong></span> <span class='ocrx_word' id='word_1_831' title='bbox 2676 4670 2842 4726; x_wconf 84' lang='lat' dir='ltr'><strong>esset,</strong></span> <span class='ocrx_word' id='word_1_832' title='bbox 2890 4672 3265 4732; x_wconf 89' lang='lat' dir='ltr'><strong>portarentur,</strong></span> <span class='ocrx_word' id='word_1_833' title='bbox 3304 4680 3468 4734; x_wconf 80' lang='lat' dir='ltr'><strong>super</strong></span> 
     </span>
    </p>
   </div>
   <div class='ocr_carea' id='block_1_109' title="bbox 1893 4749 3469 4823">
    <p class='ocr_par' dir='ltr' id='par_1_109' title="bbox 1893 4749 3469 4823">
     <span class='ocr_line' id='line_1_109' title="bbox 1893 4749 3469 4823; baseline 0.001 -16"><span class='ocrx_word' id='word_1_834' title='bbox 1893 4760 2173 4807; x_wconf 91' lang='lat' dir='ltr'><strong>mortuum</strong></span> <span class='ocrx_word' id='word_1_835' title='bbox 2231 4749 2413 4807; x_wconf 90' lang='lat' dir='ltr'><strong>subito</strong></span> <span class='ocrx_word' id='word_1_836' title='bbox 2442 4766 2608 4805; x_wconf 90' lang='lat' dir='ltr'><strong>unam</strong></span> <span class='ocrx_word' id='word_1_837' title='bbox 2628 4766 2847 4807; x_wconf 91' lang='lat' dir='ltr'><strong>crucem</strong></span> <span class='ocrx_word' id='word_1_838' title='bbox 2884 4754 3094 4823; x_wconf 87' lang='lat' dir='ltr'><strong>posuit;</strong></span> <span class='ocrx_word' id='word_1_839' title='bbox 3132 4764 3185 4808; x_wconf 91' lang='lat' dir='ltr'><strong>et</strong></span> <span class='ocrx_word' id='word_1_840' title='bbox 3220 4768 3326 4807; x_wconf 90' lang='lat' dir='ltr'><strong>non</strong></span> <span class='ocrx_word' id='word_1_841' title='bbox 3351 4770 3469 4809; x_wconf 91' lang='lat' dir='ltr'><strong>sur-</strong></span> 
     </span>
    </p>
   </div>
   <div class='ocr_carea' id='block_1_110' title="bbox 1893 4844 3467 4916">
    <p class='ocr_par' dir='ltr' id='par_1_110' title="bbox 1893 4844 3467 4916">
     <span class='ocr_line' id='line_1_110' title="bbox 1893 4844 3467 4916; baseline 0.001 -15"><span class='ocrx_word' id='word_1_842' title='bbox 1893 4848 2063 4912; x_wconf 88' lang='lat' dir='ltr'><strong>rexit;</strong></span> <span class='ocrx_word' id='word_1_843' title='bbox 2104 4844 2341 4901; x_wconf 89' lang='lat' dir='ltr'><strong>secunda</strong></span> <span class='ocrx_word' id='word_1_844' title='bbox 2373 4844 2635 4912; x_wconf 89' lang='lat' dir='ltr'><strong>adhibita,</strong></span> <span class='ocrx_word' id='word_1_845' title='bbox 2664 4846 2738 4899; x_wconf 91' lang='lat' dir='ltr'><strong>nil</strong></span> <span class='ocrx_word' id='word_1_846' title='bbox 2766 4847 2999 4916; x_wconf 77' lang='lat' dir='ltr'><strong>profuit;</strong></span> <span class='ocrx_word' id='word_1_847' title='bbox 3024 4862 3149 4901; x_wconf 91' lang='lat' dir='ltr'><strong>cum</strong></span> <span class='ocrx_word' id='word_1_848' title='bbox 3184 4862 3312 4901; x_wconf 85' lang='lat' dir='ltr'><strong>vero</strong></span> <span class='ocrx_word' id='word_1_849' title='bbox 3353 4856 3467 4903; x_wconf 86' lang='lat' dir='ltr'><strong>ter-</strong></span> 
     </span>
    </p>
   </div>
   <div class='ocr_carea' id='block_1_111' title="bbox 1894 4936 3465 5005">
    <p class='ocr_par' dir='ltr' id='par_1_111' title="bbox 1894 4936 3465 5005">
     <span class='ocr_line' id='line_1_111' title="bbox 1894 4936 3465 5005; baseline 0.003 -14"><span class='ocrx_word' id='word_1_850' title='bbox 1894 4939 2026 4992; x_wconf 88' lang='lat' dir='ltr'><strong>tiam</strong></span> <span class='ocrx_word' id='word_1_851' title='bbox 2052 4936 2454 5000; x_wconf 88' lang='lat' dir='ltr'><strong>adhibuissent,</strong></span> <span class='ocrx_word' id='word_1_852' title='bbox 2473 4937 2655 4991; x_wconf 89' lang='lat' dir='ltr'><strong>statim</strong></span> <span class='ocrx_word' id='word_1_853' title='bbox 2681 4938 2770 5005; x_wconf 92' lang='lat' dir='ltr'><strong>qui</strong></span> <span class='ocrx_word' id='word_1_854' title='bbox 2794 4948 2910 4993; x_wconf 89' lang='lat' dir='ltr'><strong>crat</strong></span> <span class='ocrx_word' id='word_1_855' title='bbox 2932 4945 3181 4993; x_wconf 91' lang='lat' dir='ltr'><strong>mortuus</strong></span> <span class='ocrx_word' id='word_1_856' title='bbox 3204 4938 3465 4996; x_wconf 85' lang='lat' dir='ltr'><strong>surrexit.</strong></span> 
     </span>
    </p>
   </div>
   <div class='ocr_carea' id='block_1_112' title="bbox 1894 5028 3470 5100">
    <p class='ocr_par' dir='ltr' id='par_1_112' title="bbox 1894 5028 3470 5100">
     <span class='ocr_line' id='line_1_112' title="bbox 1894 5028 3470 5100; baseline 0 -18"><span class='ocrx_word' id='word_1_857' title='bbox 1894 5030 2123 5099; x_wconf 72' lang='lat' dir='ltr'><strong>Regina,</strong></span> <span class='ocrx_word' id='word_1_858' title='bbox 2144 5028 2286 5083; x_wconf 80' lang='lat' dir='ltr'><strong>facta</strong></span> <span class='ocrx_word' id='word_1_859' title='bbox 2312 5028 2543 5083; x_wconf 88' lang='lat' dir='ltr'><strong>ecclesia</strong></span> <span class='ocrx_word' id='word_1_860' title='bbox 2569 5043 2733 5099; x_wconf 90' lang='lat' dir='ltr'><strong>super</strong></span> <span class='ocrx_word' id='word_1_861' title='bbox 2762 5028 2964 5083; x_wconf 85' lang='lat' dir='ltr'><strong>Christi</strong></span> <span class='ocrx_word' id='word_1_862' title='bbox 2984 5028 3321 5100; x_wconf 89' lang='lat' dir='ltr'><strong>sepulcrum,</strong></span> <span class='ocrx_word' id='word_1_863' title='bbox 3342 5045 3470 5099; x_wconf 87' lang='lat' dir='ltr'><strong>par-</strong></span> 
     </span>
    </p>
   </div>
   <div class='ocr_carea' id='block_1_113' title="bbox 1897 5118 3471 5189">
    <p class='ocr_par' dir='ltr' id='par_1_113' title="bbox 1897 5118 3471 5189">
     <span class='ocr_line' id='line_1_113' title="bbox 1897 5118 3471 5189; baseline -0.001 -16"><span class='ocrx_word' id='word_1_864' title='bbox 1897 5129 2003 5175; x_wconf 91' lang='lat' dir='ltr'><strong>tem</strong></span> <span class='ocrx_word' id='word_1_865' title='bbox 2025 5118 2093 5174; x_wconf 86' lang='lat' dir='ltr'><strong>de</strong></span> <span class='ocrx_word' id='word_1_866' title='bbox 2126 5118 2375 5175; x_wconf 91' lang='lat' dir='ltr'><strong>crnceibi</strong></span> <span class='ocrx_word' id='word_1_867' title='bbox 2407 5118 2649 5189; x_wconf 89' lang='lat' dir='ltr'><strong>reliquit,</strong></span> <span class='ocrx_word' id='word_1_868' title='bbox 2680 5126 2733 5173; x_wconf 93' lang='lat' dir='ltr'><strong>et</strong></span> <span class='ocrx_word' id='word_1_869' title='bbox 2753 5119 3018 5188; x_wconf 90' lang='lat' dir='ltr'><strong>reliquam</strong></span> <span class='ocrx_word' id='word_1_870' title='bbox 3059 5118 3169 5173; x_wconf 90' lang='lat' dir='ltr'><strong>ﬁlio</strong></span> <span class='ocrx_word' id='word_1_871' title='bbox 3196 5133 3298 5175; x_wconf 89' lang='lat' dir='ltr'><strong>suo</strong></span> <span class='ocrx_word' id='word_1_872' title='bbox 3313 5118 3471 5173; x_wconf 90' lang='lat' dir='ltr'><strong>detu-</strong></span> 
     </span>
    </p>
   </div>
   <div class='ocr_carea' id='block_1_114' title="bbox 1898 5208 3468 5278">
    <p class='ocr_par' dir='ltr' id='par_1_114' title="bbox 1898 5208 3468 5278">
     <span class='ocr_line' id='line_1_114' title="bbox 1898 5208 3468 5278; baseline 0 -14"><span class='ocrx_word' id='word_1_873' title='bbox 1898 5211 1979 5265; x_wconf 88' lang='lat' dir='ltr'><strong>lit.</strong></span> <span class='ocrx_word' id='word_1_874' title='bbox 2024 5208 2145 5264; x_wconf 75' lang='lat' dir='ltr'><strong>Ilzec</strong></span> <span class='ocrx_word' id='word_1_875' title='bbox 2170 5218 2254 5264; x_wconf 88' lang='lat' dir='ltr'><strong>est</strong></span> <span class='ocrx_word' id='word_1_876' title='bbox 2284 5223 2448 5263; x_wconf 88' lang='lat' dir='ltr'><strong>causa</strong></span> <span class='ocrx_word' id='word_1_877' title='bbox 2480 5224 2649 5278; x_wconf 83' lang='lat' dir='ltr'><strong>quare</strong></span> <span class='ocrx_word' id='word_1_878' title='bbox 2673 5223 2892 5263; x_wconf 88' lang='lat' dir='ltr'><strong>crucem</strong></span> <span class='ocrx_word' id='word_1_879' title='bbox 2928 5209 3131 5265; x_wconf 90' lang='lat' dir='ltr'><strong>Christi</strong></span> <span class='ocrx_word' id='word_1_880' title='bbox 3154 5210 3468 5265; x_wconf 85' lang='lat' dir='ltr'><strong>adoremus.</strong></span> 
     </span>
    </p>
   </div>
   <div class='ocr_carea' id='block_1_115' title="bbox 1971 5299 3471 5370">
    <p class='ocr_par' dir='ltr' id='par_1_115' title="bbox 1971 5299 3471 5370">
     <span class='ocr_line' id='line_1_115' title="bbox 1971 5299 3471 5370; baseline -0.001 -15"><span class='ocrx_word' id='word_1_881' title='bbox 1971 5300 2183 5355; x_wconf 88' lang='lat' dir='ltr'><strong>Dictum</strong></span> <span class='ocrx_word' id='word_1_882' title='bbox 2210 5310 2295 5355; x_wconf 90' lang='lat' dir='ltr'><strong>est</strong></span> <span class='ocrx_word' id='word_1_883' title='bbox 2321 5300 2451 5354; x_wconf 90' lang='lat' dir='ltr'><strong>mihi</strong></span> <span class='ocrx_word' id='word_1_884' title='bbox 2477 5299 2623 5369; x_wconf 92' lang='lat' dir='ltr'><strong>quod</strong></span> <span class='ocrx_word' id='word_1_885' title='bbox 2654 5315 2763 5355; x_wconf 92' lang='lat' dir='ltr'><strong>non</strong></span> <span class='ocrx_word' id='word_1_886' title='bbox 2810 5301 3063 5356; x_wconf 89' lang='lat' dir='ltr'><strong>salutatis</strong></span> <span class='ocrx_word' id='word_1_887' title='bbox 3101 5317 3197 5357; x_wconf 89' lang='lat' dir='ltr'><strong>eos</strong></span> <span class='ocrx_word' id='word_1_888' title='bbox 3219 5302 3311 5370; x_wconf 91' lang='lat' dir='ltr'><strong>qui</strong></span> <span class='ocrx_word' id='word_1_889' title='bbox 3338 5308 3471 5356; x_wconf 86' lang='lat' dir='ltr'><strong>sunt</strong></span> 
     </span>
    </p>
   </div>
   <div class='ocr_carea' id='block_1_116' title="bbox 1897 5390 3470 5461">
    <p class='ocr_par' dir='ltr' id='par_1_116' title="bbox 1897 5390 3470 5461">
     <span class='ocr_line' id='line_1_116' title="bbox 1897 5390 3470 5461; baseline -0.001 -16"><span class='ocrx_word' id='word_1_890' title='bbox 1897 5391 2121 5447; x_wconf 86' lang='lat' dir='ltr'><strong>alterius</strong></span> <span class='ocrx_word' id='word_1_891' title='bbox 2147 5390 2303 5461; x_wconf 89' lang='lat' dir='ltr'><strong>legis,</strong></span> <span class='ocrx_word' id='word_1_892' title='bbox 2336 5397 2391 5445; x_wconf 92' lang='lat' dir='ltr'><strong>et</strong></span> <span class='ocrx_word' id='word_1_893' title='bbox 2440 5404 2538 5444; x_wconf 90' lang='lat' dir='ltr'><strong>vos</strong></span> <span class='ocrx_word' id='word_1_894' title='bbox 2591 5390 2793 5445; x_wconf 90' lang='lat' dir='ltr'><strong>habere</strong></span> <span class='ocrx_word' id='word_1_895' title='bbox 2838 5392 2891 5443; x_wconf 93' lang='lat' dir='ltr'><strong>in</strong></span> <span class='ocrx_word' id='word_1_896' title='bbox 2926 5390 3042 5461; x_wconf 82' lang='lat' dir='ltr'><strong>lege</strong></span> <span class='ocrx_word' id='word_1_897' title='bbox 3091 5400 3273 5446; x_wconf 91' lang='lat' dir='ltr'><strong>vestra</strong></span> <span class='ocrx_word' id='word_1_898' title='bbox 3324 5390 3470 5460; x_wconf 91' lang='lat' dir='ltr'><strong>quod</strong></span> 
     </span>
    </p>
   </div>
   <div class='ocr_carea' id='block_1_117' title="bbox 1899 5480 3469 5551">
    <p class='ocr_par' dir='ltr' id='par_1_117' title="bbox 1899 5480 3469 5551">
     <span class='ocr_line' id='line_1_117' title="bbox 1899 5480 3469 5551; baseline 0.002 -14"><span class='ocrx_word' id='word_1_899' title='bbox 1899 5482 2161 5537; x_wconf 88' lang='lat' dir='ltr'><strong>mulieres</strong></span> <span class='ocrx_word' id='word_1_900' title='bbox 2207 5480 2444 5551; x_wconf 85' lang='lat' dir='ltr'><strong>alicujus</strong></span> <span class='ocrx_word' id='word_1_901' title='bbox 2478 5482 2601 5537; x_wconf 87' lang='lat' dir='ltr'><strong>ﬁdei</strong></span> <span class='ocrx_word' id='word_1_902' title='bbox 2634 5483 2788 5539; x_wconf 90' lang='lat' dir='ltr'><strong>vobis</strong></span> <span class='ocrx_word' id='word_1_903' title='bbox 2823 5484 2984 5539; x_wconf 87' lang='lat' dir='ltr'><strong>liceat</strong></span> <span class='ocrx_word' id='word_1_904' title='bbox 3034 5486 3089 5539; x_wconf 92' lang='lat' dir='ltr'><strong>in</strong></span> <span class='ocrx_word' id='word_1_905' title='bbox 3131 5486 3469 5541; x_wconf 89' lang='lat' dir='ltr'><strong>connubium</strong></span> 
     </span>
    </p>
   </div>
   <div class='ocr_carea' id='block_1_118' title="bbox 1898 5574 3469 5646">
    <p class='ocr_par' dir='ltr' id='par_1_118' title="bbox 1898 5574 3469 5646">
     <span class='ocr_line' id='line_1_118' title="bbox 1898 5574 3469 5646; baseline 0.003 -18"><span class='ocrx_word' id='word_1_906' title='bbox 1898 5574 2101 5628; x_wconf 85' lang='lat' dir='ltr'><strong>ducere</strong></span> <span class='ocrx_word' id='word_1_907' title='bbox 2131 5589 2145 5626; x_wconf 90' lang='lat'>:</span> <span class='ocrx_word' id='word_1_908' title='bbox 2170 5580 2225 5627; x_wconf 82' lang='lat' dir='ltr'><strong>ct</strong></span> <span class='ocrx_word' id='word_1_909' title='bbox 2279 5585 2556 5644; x_wconf 79' lang='lat' dir='ltr'><strong>quomoao</strong></span> <span class='ocrx_word' id='word_1_910' title='bbox 2586 5574 2702 5629; x_wconf 82' lang='lat' dir='ltr'><strong>ﬁeri</strong></span> <span class='ocrx_word' id='word_1_911' title='bbox 2769 5582 2948 5646; x_wconf 83' lang='lat' dir='ltr'><strong>potest</strong></span> <span class='ocrx_word' id='word_1_912' title='bbox 2991 5584 3052 5631; x_wconf 87' lang='lat' dir='ltr'><strong>ut</strong></span> <span class='ocrx_word' id='word_1_913' title='bbox 3090 5575 3233 5632; x_wconf 87' lang='lat' dir='ltr'><strong>Deus</strong></span> <span class='ocrx_word' id='word_1_914' title='bbox 3262 5576 3469 5632; x_wconf 87' lang='lat' dir='ltr'><strong>homini</strong></span> 
     </span>
    </p>
   </div>
   <div class='ocr_carea' id='block_1_119' title="bbox 1900 5668 3471 5740">
    <p class='ocr_par' dir='ltr' id='par_1_119' title="bbox 1900 5668 3471 5740">
     <span class='ocr_line' id='line_1_119' title="bbox 1900 5668 3471 5740; baseline 0 -17"><span class='ocrx_word' id='word_1_915' title='bbox 1900 5682 2125 5725; x_wconf 82' lang='lat' dir='ltr'><strong>uxorem</strong></span> <span class='ocrx_word' id='word_1_916' title='bbox 2168 5668 2367 5723; x_wconf 78' lang='lat' dir='ltr'><strong>ducere</strong></span> <span class='ocrx_word' id='word_1_917' title='bbox 2400 5668 2773 5739; x_wconf 64' lang='lat' dir='ltr'><strong>praecepisset,</strong></span> <span class='ocrx_word' id='word_1_918' title='bbox 2818 5668 2909 5740; x_wconf 90' lang='lat' dir='ltr'><strong>qui</strong></span> <span class='ocrx_word' id='word_1_919' title='bbox 2955 5683 3055 5723; x_wconf 90' lang='lat' dir='ltr'><strong>nec</strong></span> <span class='ocrx_word' id='word_1_920' title='bbox 3088 5668 3328 5726; x_wconf 74' lang='lat' dir='ltr'><strong>salutare</strong></span> <span class='ocrx_word' id='word_1_921' title='bbox 3377 5686 3471 5724; x_wconf 78' lang='lat' dir='ltr'><strong>nr-</strong></span> 
     </span>
    </p>
   </div>
   <div class='ocr_carea' id='block_1_120' title="bbox 3075 5761 3137 5822">
    <p class='ocr_par' dir='ltr' id='par_1_120' title="bbox 3075 5761 3137 5822">
     <span class='ocr_line' id='line_1_120' title="bbox 3075 5761 3137 5822; baseline 0 0"><span class='ocrx_word' id='word_1_922' title='bbox 3075 5761 3137 5822; x_wconf 88' lang='lat' dir='ltr'><strong>ll</strong></span> 
     </span>
    </p>
   </div>
  </div>
