3970 6212
489 247 594 309 323

1303 241 1581 306 LEONIS
1619 242 2084 305 PHILOSOPHI
2116 244 2481 306 EPISTOLA
2520 245 2620 305 AD
2658 242 3007 306 OMARUM.

3631 242 3742 305 321

494 369 599 423 que
631 351 864 420 sepelire
897 349 1048 405 illam
1071 349 1430 420 dignaretur?
1457 349 1747 416 Similiter,
1777 352 1825 406 si
1870 351 1936 406 de
1967 353 2072 407 alia
2101 358 2146 416 Α
2176 355 2339 421 perit,
2370 352 2583 408 adulter
2609 361 2664 408 et
2685 353 2934 409 moechus
2952 348 3283 406 vindicetur.
3307 349 3507 405 lterum
3538 349 3739 407 dictum

495 443 599 497 ﬁde
637 443 823 506 fuerit,
862 449 1213 511 non'oportet
1243 456 1407 510 super
1438 442 1749 511 sepulcrum
1780 442 1900 512 ejus
1920 451 2068 499 stare

495 541 590 587 aut
650 549 751 602 pro
800 533 890 586 illa
950 533 1253 601 deprecari.
1321 532 1458 586 Cum
1524 541 1705 588 autem
1735 548 1834 588 vos
1864 535 1917 588 in
1953 534 2068 604 lege

495 631 675 678 vestra
711 622 974 692 scriptum
999 619 1298 676 inveniatis
1325 621 1454 690 quia
1493 622 1648 676 multi
1679 638 1745 677 ex
1781 623 1867 678 his
1901 623 2066 692 quiin

491 715 606 782 lege
631 713 874 783 qualibet
917 721 1045 766 sunt
1076 711 1284 778 ﬁdeles,
1312 712 1456 781 apud
1484 712 1652 768 Deum
1688 722 1841 778 sunt,
1898 729 2068 784 quare

491 817 592 870 pro
623 817 686 855 ea
723 818 828 854 non
877 801 1280 870 deprecemini?
1313 804 1516 855 lterum
1543 803 1748 856 dictum
1784 813 1867 858 est
1909 803 2065 868 mihi,

490 894 536 945 si
595 893 721 962 quis
754 902 1003 946 vestrum
1045 908 1273 947 uxorem
1312 908 1468 947 suam
1499 894 1740 963 qualibet
1795 909 1862 948 ex
1899 909 2067 950 causa

491 985 794 1053 reliquerit,
825 998 932 1038 non
969 992 1185 1053 oportet
1221 999 1341 1038 eam
1372 984 1437 1038 ad
1468 1000 1592 1039 eum
1631 984 1866 1054 regredi,
1892 985 2067 1040 donec

491 1078 630 1130 alter
657 1092 780 1129 cum
813 1091 875 1130 ea
902 1076 1214 1129 conveniat.
1249 1074 1339 1128 Sic
1369 1075 1816 1143 praevaricatores
1852 1076 1983 1147 legis
2013 1082 2069 1130 et

495 1170 783 1238 Evangelii
815 1169 947 1222 facti
978 1169 1112 1222 estis
1144 1168 1210 1217 ³³.
1243 1166 1299 1219 In
1326 1167 1442 1234 lege
1459 1166 1604 1220 enim
1656 1167 1924 1235 scriptum
1959 1174 2064 1233 est,

488 1272 548 1315 ut
576 1262 621 1314 si
661 1261 784 1329 quis
818 1275 1046 1314 uxorem
1099 1274 1252 1312 suam
1285 1258 1530 1327 qualibet
1564 1272 1732 1312 causa
1777 1259 2065 1327 dimiserit,

486 1362 543 1406 et
575 1351 812 1405 voluerit
853 1350 920 1403 ad
965 1365 1089 1403 eum
1123 1349 1458 1419 quandoque
1506 1349 1746 1418 regredi,
1780 1349 1954 1417 ipsius
1984 1357 2067 1404 est

487 1443 608 1498 sine
651 1443 839 1504 dubio,
875 1441 916 1494 si
952 1451 1132 1494 tamen
1159 1440 1294 1492 alter
1324 1453 1442 1492 eam
1496 1454 1603 1490 non
1658 1437 2019 1492 sordidaverit
2051 1456 2063 1491 :

489 1535 534 1587 si
572 1544 754 1587 autem
791 1532 927 1585 alter
955 1545 1075 1584 eam
1123 1530 1386 1599 tetigerit,
1418 1527 1604 1581 abillo
1666 1528 1719 1582 in
1748 1534 2067 1597 perpetuum

489 1627 767 1696 prohibita
817 1634 919 1679 est.
951 1625 1009 1679 In
1036 1623 1343 1694 Evangelio
1368 1629 1551 1676 tamen
1588 1628 1808 1675 nonest
1852 1619 2063 1675 licitum

488 1719 700 1774 homini
738 1732 959 1771 uxorem
989 1731 1146 1770 suam
1181 1714 1299 1770 sine
1343 1726 1512 1768 causa
1565 1710 1945 1766 fornicationis
1982 1712 2063 1766 di-

489 1811 726 1875 mittere,
760 1818 812 1862 et
836 1808 928 1878 qui
960 1806 1243 1862 dimissam
1287 1804 1512 1861 alterius
1556 1801 1612 1857 in
1653 1816 1879 1858 uxorem
1907 1816 2064 1859 acce-

553 1983 790 2040 “Deut.
821 2000 915 2051 xx,
945 1986 1001 2040 4.

2169 452 2254 497 est
2280 444 2436 510 mihi,
2461 443 2605 513 quod
2639 444 2693 497 in
2713 443 2830 513 lege
2851 450 3035 497 vestra
3055 440 3128 496 sit
3151 440 3440 509 scriptum,
3473 440 3739 511 quidquid

2169 533 2362 590 fecerit
2419 535 2583 591 homo
2628 535 2745 590 sive
2794 535 3000 589 bonum
3059 535 3177 588 sive
3227 532 3456 599 malum,
3493 534 3742 603 praeseri-

2169 634 2322 696 ptum
2377 637 2429 682 et
2487 627 2932 696 praedestinatum
2990 625 3067 681 sit
3116 626 3258 679 illia
3308 623 3420 679 Deo
3449 633 3741 694 antequam

2170 725 2452 773 nascatur.
2478 716 2534 772 Si
2567 719 2641 772 ita
2664 728 2767 783 est,
2819 733 2930 772 non
2956 724 3042 772 est
3085 717 3161 770 illi
3205 714 3380 785 gratia
3429 715 3477 770 si
3535 715 3743 769 bonum

2169 818 2444 878 operetur,
2479 823 2656 878 neque
2683 815 2975 876 peccatum
2999 808 3044 861 si
3073 806 3216 860 male
3241 815 3498 876 operetur
3545 822 3559 858 :
3609 805 3742 875 quia

2170 914 2276 954 non
2314 899 2404 954 ille
2441 907 2720 969 operatur,
2751 898 2845 954 sed
2877 898 3021 968 quod
3043 898 3419 967 praescriptum
3450 905 3504 951 et
3535 911 3744 966 pmor-

2169 988 2417 1042 dinatum
2444 997 2531 1043 est
2565 989 2646 1042 illi
2678 995 2968 1057 antequam
2999 996 3342 1042 nasceretur.
3397 985 3531 1039 Nam
3571 985 3617 1040 si
3663 987 3746 1041 ita

2172 1086 2281 1142 est,
2319 1085 2376 1132 ut
2411 1078 2636 1132 cuilibet
2669 1078 2876 1131 homini
2914 1077 2985 1132 sit
3021 1077 3402 1146 praescriptum
3446 1086 3746 1144 antequam

2170 1178 2450 1232 nascatur,
2476 1182 2607 1236 ergo
2641 1166 2780 1222 Deus
2817 1168 2981 1237 impie
3001 1167 3220 1221 videtur
3245 1165 3444 1235 egisse.
3486 1164 3594 1220 Sed
3638 1165 3749 1220 hoc

2170 1259 2314 1313 absit
2341 1273 2370 1312 a
2405 1258 2535 1322 Deo,
2569 1267 2628 1313 ut
2662 1259 2764 1313 ista
2794 1259 2849 1313 in
2881 1258 3194 1313 hominibus
3214 1266 3491 1325 operetur.
3521 1256 3662 1312 Nam
3696 1257 3746 1311 si

2171 1347 2246 1401 ita
2263 1355 2406 1403 esset
2462 1349 2604 1403 sicut
2643 1363 2742 1403 vos
2795 1349 2999 1414 dicitis,
3022 1347 3292 1418 quidquid
3348 1346 3514 1401 faciat
3548 1346 3747 1412 homo,

2172 1439 2254 1494 vel
2281 1439 2508 1505 bonum,
2544 1447 2598 1493 et
2625 1447 2819 1493 contra
2856 1456 2870 1494 ε
2921 1439 3066 1494 Deus
3111 1453 3238 1493 non.
3269 1437 3570 1507 prophetas
3613 1436 3730 1491 diri

2171 1540 2322 1602 geret
2372 1539 2430 1586 ut
2479 1533 2799 1589 hominibus
2829 1532 3103 1589 infernum
3159 1531 3630 1596 demonstrarent,
3694 1540 3750 1585 et

2171 1626 2625 1696 pertimescerent
2668 1643 2682 1679 :
2714 1623 2986 1681 sulﬁceret
3009 1623 3156 1679 enim
3185 1622 3293 1677 illis
3317 1621 3660 1691 pnecriptio,
3693 1629 3751 1673 et

2172 1714 2581 1784 praedestinatio
2619 1730 2832 1771 eorum.
2873 1713 2981 1769 Sed
3029 1712 3174 1768 absit
3222 1711 3349 1766 talis
3377 1709 3704 1766 intellectus
3729 1725 3751 1766 :

2173 1805 2320 1876 quod
2341 1806 2505 1863 homo
2532 1807 2694 1877 perit,
2729 1820 2835 1861 non
2867 1803 3008 1875 perit
3042 1802 3150 1858 nisi
3180 1800 3411 1857 arbitrio
3433 1812 3558 1855 suo.
