3970 6212
227 367 1496 403 W

1251 367 3464 417 *ΜΨ
1378 368 1393 376 "
1418 367 3344 415 ’π

3023 400 3344 415 manu".

825 560 1404 742 LEON
1412 561 1608 741 IS
1741 562 2523 748 SAPIEN
2530 572 2873 748 TIS

1084 880 1588 976 OPERUM
1666 879 1951 972 PARS
1991 882 2602 975 ‘SECUNDA.

355 1093 995 1211 OPEBA
1072 1089 1943 1206 JUBIDICA
2020 1091 2258 1202 ET
2331 1091 3324 1211 CANONIGA.

1566 1534 2101 1601 RECENTIORES

738 1719 1742 1840 ORIENTALIUM
1828 1723 2932 1904 EPISCOPATUUM

1306 1985 2366 2183 NOTITI/E,

403 2255 457 2317 Α
517 2253 856 2314 Francisco
910 2253 1103 2314 Iunio
1162 2256 1436 2333 primum
1493 2255 1692 2327 editis,
1739 2262 1871 2315 tum
1939 2275 1977 2315 a
2033 2257 2161 2317 PP.
2218 2257 2455 2318 Jacobo
2516 2258 2815 2320 Gretsero
2867 2268 2926 2320 et
2971 2259 3196 2321 Carolo
3231 2279 3271 2320 α

725 2333 791 2393 S.
844 2333 1046 2395 Paulo
1103 2344 1324 2403 auctis,
1359 2333 1602 2417 demum
1629 2353 1668 2392 α
1695 2334 1772 2417 P.
1804 2334 2040 2395 Iacobo
2071 2335 2245 2417 Goar
2274 2337 2506 2396 iterato
2539 2337 2953 2417 locupletum,

1293 2413 1634 2489 recognitw
1663 2423 1721 2472 et
1751 2413 1818 2472 in
1844 2431 2037 2474 unum
2062 2413 2362 2474 collectis.

770 2766 856 2841 [ε.
894 2751 1251 2843 esss-11’.
1305 2751 1660 2832 JACOBI
1718 2751 2218 2832 GRETSEBI
2259 2753 2338 2829 Pl

1305 2751 1660 2832 JACOBI
1718 2751 2218 2832 GRETSEBI
2259 2751 2863 2834 PROCEMIUM.

287 3103 470 3165 lltrum
506 3127 631 3182 qua:
669 3123 998 3185 sequuntur,
1033 3116 1242 3186 adjecta
1277 3117 1389 3173 sint
1414 3117 1484 3174 ab
1513 3117 1635 3191 ipso
1659 3118 1892 3187 Codino,
1927 3134 1994 3175 an
2024 3119 2094 3175 ah
2120 3121 2250 3188 alio,
2273 3121 2461 3178 dicere
2489 3137 2598 3179 non
2633 3121 2831 3177 habeo.
2859 3120 3077 3176 Addere
3105 3119 3332 3191 placuit,
3351 3127 3468 3176 tum

218 3195 342 3261 quia
378 3195 576 3255 Junius
604 3215 719 3256 sua:
746 3203 975 3258 editioni
1003 3203 1288 3274 adiunxit;
1336 3214 1448 3261 tum
1481 3217 1538 3261 ut
1571 3206 1745 3263 lector
1772 3220 1882 3263 una
1908 3222 2122 3264 mecum
2159 3215 2239 3263 tot
2271 3209 2739 3265 nobilissimarum
2781 3207 3154 3264 Ecclesiarnm
3189 3206 3468 3262 interitum

216 3277 478 3351 deploret;
513 3287 787 3360 pleraque
820 3290 966 3345 enim
997 3291 1079 3347 vel
1112 3291 1364 3350 funditus
1393 3293 1748 3362 interierunt,

1900 3337 1916 3363 ,
1948 3297 1993 3353 si
2043 3312 2163 3368 quae
2195 3306 2528 3367 supersunt,
2557 3297 2662 3354 sub
2704 3297 2943 3352 Turcico
2977 3296 3112 3369 jugo
3160 3293 3326 3350 hodie
3369 3309 3467 3365 ge-

217 3381 378 3424 munt.
403 3371 617 3438 Quibus
650 3391 773 3446 quae
803 3379 940 3433 tanti
971 3380 1102 3435 mali
1129 3396 1322 3448 causa,
1357 3383 1464 3440 nisi
1496 3384 1737 3441 schisma
1767 3391 1821 3440 et
1845 3384 2094 3448 haeresis.
2121 3393 2177 3442 et
2199 3399 2230 3439 a
2255 3385 2386 3442 sede
2414 3386 2712 3457 apostolica
2744 3385 2992 3441 Romana
3017 3383 3256 3440 defectio
3308 3381 3468 3438 Certe

210 3457 369 3524 enim,
403 3475 571 3530 quam
620 3458 856 3534 primum
887 3465 1060 3523 Graeci
1093 3483 1123 3522 a
1146 3468 1423 3526 Cathedra
1457 3470 1604 3528 Petri
1639 3487 1762 3529 sese
1794 3473 2202 3544 abjunxerunt,
2229 3473 2476 3545 quotidie
2510 3488 2600 3530 res
2628 3489 2816 3529 eorum
2847 3473 2902 3528 in
2930 3471 3174 3528 deterius
3202 3471 3315 3527 labi
3347 3485 3466 3527 coe-

209 3556 359 3631 pere;
387 3545 566 3605 donec
600 3550 819 3606 tandem
851 3552 1165 3622 iustissimo
1193 3557 1289 3614 Dei
1312 3559 1548 3629 judicio,
1573 3562 1628 3615 in
1656 3576 1750 3618 eas
1781 3561 2128 3616 calamitates
2159 3561 2424 3626 incidere,
2445 3575 2571 3617 cum
2596 3560 2801 3631 quibus
2829 3561 2931 3616 hac
2959 3561 3123 3616 etiam
3148 3567 3307 3616 aetate
3327 3574 3466 3615 con-

207 3627 499 3720 ﬂictantur.
554 3635 610 3692 Id
647 3637 720 3692 ita
771 3655 897 3696 esse
944 3641 1122 3700 libens
1153 3627 1435 3714 fatebitur,
1468 3649 1722 3718 quisquis
1754 3665 1784 3704 a
1822 3649 2039 3713 Photio,
2088 3649 2368 3720 praecipuo
2413 3627 2728 3706 scitistuatis
2775 3649 3115 3716 architecto,
3173 3649 3461 3706 historiam

204 3714 514 3805 Graecorum
542 3739 720 3794 usque
750 3726 818 3781 ad
849 3743 1097 3785 eversum
1124 3746 1314 3788 eorum
1343 3714 1630 3805 imperium
1666 3737 1946 3794 revolvere
1974 3736 2136 3792 volet.

273 3803 655 3877 Subjiciuntur
698 3815 964 3870 nonnulla
998 3817 1065 3873 de
1098 3819 1276 3876 titulis
1309 3838 1322 3875 :
1353 3803 1609 3878 nimirum
1642 3824 1855 3881 Graecia
1888 3832 2116 3880 ventosa
2148 3824 2323 3882 titulis
2358 3840 2640 3896 nunquam
2685 3826 2875 3882 satiari
2919 3825 3136 3898 potuit,
3189 3826 3318 3881 licet
3348 3825 3464 3896 ple-

205 3904 428 3963 rumque
451 3909 639 3952 essent
667 3899 810 3954 tituli
842 3916 1026 3958 rerum
1055 3903 1387 3964 iuauissimi.

276 3977 433 4073 Yides
459 3984 550 4041 hic
581 3986 770 4044 itidem
799 4004 910 4045 non
942 3993 1331 4062 patriarcham,
1362 3997 1458 4053 sed
1489 3999 1874 4071 imperatorem
1903 4000 2074 4058 fuisse
2095 4001 2411 4058 Graecorum
2436 4016 2666 4073 papam;
2696 4002 2790 4073 qui
2823 4002 3096 4058 arbitratu
3131 4018 3233 4058 suo
3261 4015 3464 4060 metro-

210 4067 491 4162 politanos,
521 4075 996 4149 archiepiscopos,
1036 4081 1328 4153 episcopos
1363 4067 1600 4155 ponebat
1629 4096 1683 4144 et
1712 4088 2015 4160 deponebat
2035 4131 2051 4155 ,
2081 4097 2138 4145 et
2164 4090 2324 4162 quasi
2355 4067 2693 4160 pilas-modo
2716 4067 2791 4144 'in
2820 4091 2986 4156 hunc,
3024 4091 3188 4147 modo
3220 4093 3275 4148 in
3302 4093 3455 4150 illum

213 4153 375 4250 locum
413 4159 678 4230 iactabat.
711 4162 883 4234 Cujus
927 4169 1003 4222 rei
1055 4170 1272 4240 culpam
1306 4153 1466 4229 nemo
1495 4175 1637 4231 alius
1671 4153 1978 4233 sustinebat
2001 4153 2155 4242 ,inisi
2181 4153 2299 4249 ipsi
2328 4153 2501 4234 (irasci
2524 4218 2539 4244 ,
2567 4179 2660 4250 qui
2696 4153 3014 4246 imperatori
3046 4197 3147 4237 suo
3184 4183 3460 4238 serviliter

217 4243 731 4338 adulantes,omnia
764 4255 813 4308 ei
845 4263 1044 4324 praeter
1071 4258 1417 4315 sacrificandi
1449 4271 1775 4333 potestatem
1813 4243 2229 4323 concesserant:
2256 4267 2312 4322 id
2339 4274 2399 4322 nt
2427 4243 2888 4338 clare-intelligas
2913 4307 2928 4333 ,
2955 4285 3024 4324 en
3063 4271 3158 4325 tibi
3199 4271 3460 4328 Demetrii

213 4328 539 4426 Ehoniatiani
575 4339 632 4392 in
667 4344 951 4412 responsis
976 4345 1044 4399 ad
1079 4346 1392 4402 Cabasilam
1421 4328 1711 4421 plusquam
1747 4356 2102 4422 parasiticam
2135 4355 2565 4411 assentationem
2599 4373 2614 4410 :
2646 4328 2953 4426 Imperator
2996 4367 3053 4412 ut
3080 4362 3376 4414 communis
3404 4362 3459 4414 in

219 4415 449 4518 Ecclesiis
491 4427 790 4495 sapientum
820 4433 1060 4501 princeps
1092 4443 1141 4488 et
1185 4453 1238 4490 re
1275 4447 1326 4491 et
1367 4415 1605 4504 nomine,
1636 4415 1958 4511 synodorum
1986 4444 2201 4510 placitis
2235 4442 2487 4513 praesidet
2508 4483 2523 4509 ,
2556 4452 2606 4498 et
2632 4415 3005 4498 auctoritatem
3040 4446 3170 4506 ipsis
3206 4448 3455 4518 largitur.

220 4505 600 4604 Ecclesiasticas
636 4519 996 4576 ordinationes
1038 4522 1308 4594 disponit,
1350 4538 1398 4580 et
1449 4526 1611 4598 legem
1639 4505 1785 4596 p'onit
1827 4531 1951 4585 vitor
1981 4505 2138 4600 atque
2167 4505 2332 4601 ofﬁcio
2357 4505 2575 4596 eorum,
2605 4530 2694 4601 qui
2740 4531 2908 4584 altari
2956 4532 3245 4586 inserviunt
3279 4505 3315 4586 εν
3331 4535 3458 4604 quin

217 4604 258 4644 rt
284 4594 488 4690 iudiciis
524 4605 911 4675 episcoporum,
943 4619 995 4663 et
1023 4610 1358 4677 clericorum,
1391 4623 1441 4667 et
1475 4594 1723 4670 evleetioni
1752 4617 2116 4673 Ecclesiarum
2147 4620 2468 4677 vacantium.
2508 4619 2793 4676 Promovet
2839 4621 3054 4690 insuper
3082 4640 3113 4676 a
3141 4623 3336 4677 minori
3372 4623 3457 4677 di-

220 4682 395 4744 ςηὶιαεε
421 4686 492 4739 ad
518 4691 796 4762 majorem,
832 4703 961 4762 puta
990 4695 1054 4748 ab
1088 4699 1378 4766 episcopali
1404 4699 1473 4753 ad
1508 4704 1992 4774 metrOpolitanam,
2022 4708 2273 4763 honorem
2303 4725 2421 4763 eum
2448 4708 2697 4764 exhibens
2730 4718 2826 4764 aut
2861 4682 2983 4763 urbi
3017 4722 3110 4764 aut
3145 4711 3368 4764 homini.
3391 4709 3458 4765 In

220 4782 402 4871 tantum
422 4788 616 4844 prater
637 4782 983 4849 sacriﬁcandi
1021 4794 1360 4853 potestatem,
1409 4800 1605 4844 cwtera
1643 4791 1822 4846 omnia
1853 4793 1985 4860 jura
2025 4795 2356 4864 pontiﬁcalia
2392 4796 2673 4867 manifeste
2719 4799 2967 4868 exprimit
2989 4801 3297 4868 imperator,
3339 4800 3461 4871 qui-

220 4857 368 4960 lmhin
399 4864 552 4960 rebus
578 4870 945 4924 convenienter
971 4873 1101 4942 agit,
1134 4884 1183 4928 et
1214 4875 1409 4946 legibus
1445 4889 1493 4932 et
1523 4879 1834 4934 eanonibus.
1854 4857 2086 4937 'Poterat
2111 4857 2241 4955 ergo
2269 4857 2621 4942 Graecanicus
2655 4857 2954 4955 imperator
2981 4857 3208 4942 suorum
3240 4857 3459 4960 quoilue

219 4946 383 5005 audire
409 4951 820 5023 confessiones,
856 4961 1303 5032 quandoquidem
1335 4967 1518 5021 omnia
1550 4976 1794 5039 poterat,
1829 4980 2028 5040 praeter
2054 4946 2279 5028 Missam
2317 4990 2413 5029 seu
2449 4946 2749 5046 Liturgiaui
2782 4976 3085 5030 celebrare.
3121 4946 3279 5033 llunc
3308 4946 3456 5034 Cho-

216 5041 416 5097 matiani
441 5043 628 5132 locum
659 5046 865 5116 profert
893 5047 1048 5120 Hugo
1071 5049 1298 5107 Grotius
1329 5054 1627 5111 Calvinista
1654 5057 1706 5110 in
1743 5056 1949 5113 Pietate
1987 5057 2072 5131 [Ε.
2107 5061 2168 5116 Ρ.
2199 5060 2327 5132 534]
2378 5041 2634 5116 ordinum
2680 5061 2985 5118 llollandite
3022 5072 3076 5119 et
3107 5063 3454 5131 Wesllrisiae,

213 5134 261 5176 ut
301 5131 543 5186 eamdem
594 5142 923 5202 potestatem
959 5137 1012 5191 in
1040 5140 1407 5208 praedicantes
1437 5140 1792 5202 Calvinianos
1828 5163 2088 5218 supremo
2119 5131 2464 5220 magistratui
2512 5151 2820 5206 llollandiae
2847 5161 2904 5208 et
2933 5153 3269 5211 Wcstfrisite
3297 5171 3453 5212 asse-

207 5222 279 5268 rat
310 5236 324 5272 :
360 5233 676 5290 quanquam
725 5238 833 5278 non
880 5233 1000 5280 erat
1035 5241 1136 5282 cur
1164 5227 1390 5284 Grotius
1424 5230 1735 5301 exciperet,
1767 5235 1930 5290 sicuti
1967 5252 2067 5290 nec
2095 5237 2310 5308 excepit
2332 5279 2346 5301 ,
2391 5252 2562 5292 cenae
2597 5239 2855 5308 paranda:
2909 5249 3235 5310 potestatem
3273 5262 3287 5300 :
3319 5245 3458 5300 hanc

204 5306 333 5360 enim
368 5307 491 5362 sine
527 5309 637 5363 ulla
666 5309 1012 5370 dubitatione
1044 5317 1242 5373 melius
1262 5326 1317 5372 et
1343 5319 1548 5374 lautius
1583 5335 1844 5393 apparare
1874 5333 2052 5395 potest
2085 5306 2256 5381 totius
2291 5306 2673 5382 Hollaudiae—et
2722 5306 3046 5383 Westlrisizn
3101 5331 3458 5403 magistratus

200 5407 346 5463 quam
381 5397 528 5452 nllus
556 5413 622 5453 ex
650 5400 968 5457 Calviniana
1001 5403 1185 5458 culina
1226 5405 1500 5463 minister.

256 5483 310 5538 In
341 5484 478 5540 lure
512 5485 696 5544 Gra’co
729 5488 969 5546 Romano
993 5499 1172 5549 exstat
1193 5493 1530 5553 Constitutio
1552 5497 1748 5557 Leonis
1775 5502 2096 5575 Philosophi
2131 5504 2483 5574 imperatoris
2505 5505 2570 5564 de
2589 5505 2808 5564 thronis
2833 5506 3461 5581 Constantinopolitanae

253 5692 269 5711 '
299 5691 573 5753 Editionis
597 5694 930 5760 Parisiensis
962 5699 1097 5780 1648
1127 5703 1222 5761 fol.
1265 5706 1476 5777 pagina
1503 5718 1983 5780 repraesentantur.
