4088 6208
529 285 633 350 327
1445 277 1883 341 GR/ECORUM
1924 283 2508 348 PPISCOPATUUM
2546 276 2882 342 NOTITIE
3668 282 3774 346 398

516 396 633 451 sedi
668 394 953 465 subjectis,
984 401 1037 449 et
1066 391 1157 463 qui
1187 391 1427 461 episcopi
1459 392 2051 462 quibusmetropolitis
2085 396 2391 450 subdantur
2418 414 2432 450 :
2469 412 2589 465 quae
2615 396 2772 465 longe
2800 394 2984 463 plures
3014 391 3364 463 metropoies,
3397 391 3774 463 archiepisco-

512 490 697 552 patus,
747 490 801 536 et
855 480 1206 549 episcopatus
1260 487 1535 540 numerat,
1567 493 1729 546 quam
1779 479 2123 536 Andronicus
2157 482 2211 536 in
2264 497 2362 536 sua
2395 482 2632 537 Eethesi.
2686 480 2792 535 Sed
2827 481 3044 534 ubinam
3080 481 3239 536 hodie
3273 488 3355 535 tot
3392 482 3514 536 illas
3536 521 3551 546 ,
3580 488 3635 535 et
3664 489 3775 536 tam

513 586 842 627 numerosas
872 570 1150 624 Ecelesias
1180 567 1426 621 invenire
1458 564 1583 619 est?
1608 564 1717 617 Aut
1743 567 2012 634 nuspiam,
2043 579 2137 621 aut
2174 568 2231 623 in
2266 567 2519 625 faucibus
2549 568 2699 635 Orci,
2742 568 2844 622 hoc
2876 575 2980 627 est,
3016 565 3313 631 haereseos,
3344 576 3398 623 et
3426 568 3772 632 schismatis,

515 660 619 714 sub
651 657 1027 722 Sarraeenica,
1074 657 1364 726 plusquam
1397 653 1741 708 Pharaonica
1779 656 2071 718 servitute,
2123 655 2374 724 pauculis
2413 655 2668 725 demptis,
2699 655 2898 724 quibus
2929 657 3112 710 mitior
3148 656 3387 709 servitus
3416 653 3634 724 obtigit.
3666 652 3775 706 Eas

507 747 735 814 insuper
767 744 924 799 sedes
955 743 1191 811 excipio,
1220 755 1356 808 quas
1393 739 1443 793 in
1479 730 1728 792 Calabria
1760 749 1813 794 et
1835 738 2021 794 Sicilia
2045 740 2215 795 Graeci
2245 750 2570 807 erexerant,
2601 742 2685 795 vel
2710 741 2821 810 jam
2851 741 2980 795 olim
3015 748 3229 795 erectas
3264 748 3585 810 repererant
3616 759 3628 794 :
3658 740 3777 793 istze

506 832 651 887 enim
710 832 883 901 pulsis
934 831 1148 885 ditione
1194 827 1399 882 Graecis
1448 824 1735 879 Cathedrae
1768 826 1915 883 Petri
1963 828 2282 894 adbterent,
2319 829 2423 884 sub
2470 830 2699 899 imperio
2747 828 3158 884 Catholicorum
3213 843 3404 900 regum
3451 842 3515 882 ac
3566 820 3774 897 princi-

506 933 659 987 pttm.

578 1006 781 1057 Inserta
807 1011 889 1065 est
911 991 1084 1055 eidein
1116 1001 1376 1055 volumini
1413 999 1567 1056 luris
1598 1001 2047 1057 erco-Romani
2078 1000 2365 1072 cujusdam
2397 1001 2724 1070 patriarchae
2749 1001 3349 1071 Constantinopolitani
3387 1000 3625 1062 sanctio,
3649 1015 3774 1066 quae

502 1089 695 1141 ordine
725 1088 898 1142 sessio
924 1088 978 1140 in
1005 1089 1285 1151 conciliis,
1304 1088 1537 1158 aliisque
1565 1091 1799 1160 publicis
1824 1089 2185 1144 conventibus
2210 1089 2383 1142 cuivis
2413 1090 2770 1159 metropolita:
2802 1099 2856 1144 et
2890 1089 3309 1159 archiepiscOpo
3338 1096 3635 1157 competat.
3664 1088 3773 1142 Sed

503 1175 590 1227 hic
623 1175 730 1240 jam
768 1174 923 1241 longe
953 1174 1131 1229 minor
1163 1190 1428 1229 numerus
1459 1185 1542 1231 est
1564 1215 1579 1241 ,
1614 1191 1777 1246 quant
1829 1178 1883 1231 in
1917 1175 2353 1245 ,Constitutione
2379 1174 2599 1240 Leonis,
2634 1177 2707 1231 ita
2736 1186 2793 1230 ut
2825 1177 2970 1231 sedis
3003 1174 3626 1244 Constantinopolitante
3655 1188 3773 1227 am-

498 1260 709 1327 plitudo
747 1261 991 1329 quotidie
1022 1263 1385 1336 minueretur,
1412 1270 1467 1317 et
1500 1265 1644 1316 mala
1678 1262 1980 1316 Turcarum
2013 1278 2175 1317 manu
2204 1262 2715 1317 eireumcideretur.
2760 1261 2915 1316 Libet
2953 1263 3041 1316 hic
3074 1261 3373 1331 adjungere
3412 1260 3560 1316 hunc
3588 1268 3773 1329 poste-

501 1350 700 1399 riorem
737 1346 1080 1418 Catalogum,
1114 1348 1242 1417 quia
1277 1349 1458 1405 brevis
1490 1358 1593 1415 est,
1631 1360 1684 1403 et
1720 1350 2037 1403 Andronico
2073 1351 2249 1403 lucem
2293 1348 2577 1403 accendet.

1292 1559 1658 1571 *ῌ

1304 1745 1410 1831 Ρ.
1486 1738 2003 1834 JACOBUS
2082 1739 2391 1833 (ΞΟᾹῆ
2491 1741 3047 1836 LECTORI.

568 2130 685 2197 Qua
718 2130 770 2184 in
803 2145 859 2184 re
892 2128 1126 2183 Palatini
1163 2144 1366 2192 mores,
1398 2136 1449 2181 et
1482 2129 1573 2198 qui
1611 2128 1663 2182 in
1696 2128 1917 2184 Palatiis
1957 2128 2095 2181 ritus
2134 2127 2411 2181 observari
2445 2137 2851 2184 consueverunt
2887 2129 2984 2198 (de
3006 2131 3209 2200 quibus
3235 2133 3370 2189 satis
3397 2136 3565 2191 multa
3598 2138 3765 2208 paulo

497 2218 798 2286 superius),
833 2232 955 2271 eum
985 2217 1346 2286 sequentibus
1382 2215 1781 2285 metropolcon,
1811 2225 1865 2270 et
1894 2216 2309 2285 episcopatuum
2344 2216 2555 2271 notitiis
2587 2216 2939 2279 conveniant,
2979 2217 3233 2286 ignorare
3258 2236 3343 2275 me
3372 2221 3566 2291 lateor,
3593 2225 3768 2280 lector

496 2304 755 2357 benevole
777 2344 791 2368 ,
838 2303 944 2358 nisi
981 2303 1324 2374 suggesseris
1365 2316 1525 2372 quem
1561 2301 1765 2372 possint
1797 2301 2145 2371 interrogare
2180 2319 2192 2355 :
2226 2308 2496 2371 quotquot
2537 2302 2683 2355 enim
2722 2302 2947 2356 notitias
2978 2303 3245 2361 hactenus
3281 2308 3627 2379 exscripserc
3651 2350 3666 2376 ,
3703 2327 3774 2367 ne

496 2392 721 2446 verbum
766 2391 991 2462 quidem
1038 2406 1100 2446 ea
1140 2390 1207 2445 de
1237 2405 1295 2444 re
1328 2390 1594 2444 fecerunt.
1624 2387 1841 2443 Nullius
1874 2387 2134 2442 momenti
2181 2402 2269 2442 res
2300 2400 2383 2442 est
2407 2427 2423 2450 ,
2464 2388 2598 2441 mihi
2650 2389 2816 2441 lateat
2848 2397 2900 2443 et
2937 2390 3071 2456 tibi;
3105 2393 3404 2448 dummodo
3450 2396 3772 2454 notitiarum

496 2480 814 2548 scriptores,
851 2478 934 2531 vel
966 2477 1059 2547 qui
1094 2492 1185 2531 eas
1217 2476 1269 2529 in
1305 2477 1481 2530 lucem
1509 2476 1838 2538 eduxerunt,
1879 2477 2247 2529 innotescant.
2284 2475 2541 2529 lididerat
2575 2475 2926 2531 Andronicus
2957 2478 3240 2548 Augustus
3274 2482 3461 2536 senior
3492 2485 3774 2552 notitiam,

462 2559 659 2635 'quam
705 2565 901 2621 Junius
933 2580 1031 2635 pro
1061 2564 1290 2619 arbitrio
1324 2563 1717 2633 interpretatus
1761 2564 2065 2618 Codiuiano
2098 2564 2381 2631 subjnnxit
2419 2562 2604 2631 operi;
2638 2577 2700 2616 ea
2740 2570 2981 2627 tantum,
3034 2579 3120 2619 me
3172 2568 3393 2636 quidem
3443 2568 3654 2637 judice,
3706 2573 3778 2627 de

495 2667 697 2717 causa,
732 2654 876 2722 quod
911 2653 1053 2706 hanc
1080 2651 1167 2705 isti
1199 2651 1501 2705 subnexam
1539 2650 1680 2704 idem
1714 2666 1817 2706 ms.
1852 2652 2022 2705 codex
2057 2650 2438 2720 suggessisset.
2474 2648 2684 2703 Placuit
2713 2648 2970 2704 Gretsero
3012 2660 3285 2721 repertam
3323 2655 3485 2709 aliam
3539 2657 3592 2710 in
3639 2656 3780 2712 lure

498 2739 975 2805 Caeco-Romano,
1006 2739 1099 2794 sed
1122 2738 1292 2793 .titulo
1321 2747 1373 2793 et
1400 2738 1760 2808 inscriptione
1806 2746 2107 2809 expertem,
2138 2737 2303 2791 veluti
2362 2735 2554 2801 facem,
2588 2737 3030 2804 Androniciante,
3059 2742 3173 2807 qua
3196 2739 3286 2793 lux
3321 2740 3602 2812 allulgeret
3631 2759 3775 2814 pra:-

497 2828 711 2883 mittere
743 2846 757 2885 :
788 2843 979 2882 verum
1021 2825 1155 2879 facis
1191 2826 1441 2879 obscura:
1476 2824 1658 2878 lumen
1693 2824 1989 2879 obscurius
2047 2824 2191 2880 ferre
2226 2841 2335 2878 non
2372 2832 2669 2895 potuerunt
2701 2825 2868 2882 oculi.
2903 2825 3146 2880 Tertiam
3171 2842 3234 2882 ex
3268 2827 3553 2885 Vaticanis
3578 2829 3641 2885 P.
3665 2831 3777 2886 Ca-

496 2916 647 2968 rolus
674 2928 703 2966 a
735 2912 787 2967 S.
828 2914 995 2967 Paulo
1028 2912 1387 2967 Abrineensis
1434 2921 1625 2981 postea
1663 2911 1863 2980 praesul
1913 2912 2084 2965 edidit
2112 2928 2284 2967 sacrm
2315 2926 2426 2965 suae
2456 2912 2803 2982 geographia:
2836 2911 3018 2967 tacitis
3044 2913 3209 2967 etiam
3244 2913 3312 2968 de
3346 2916 3571 2970 nomine
3602 2932 3777 2987 supe-

495 3002 735 3056 rioribus
771 3017 869 3056 ceu
898 3000 1173 3069 Parergon
1202 3000 1508 3063 insertam,
1543 3008 1863 3067 quartteque
1892 2998 2049 3054 alteri
2085 3015 2246 3068 quam
2283 2998 2449 3069 Regia
2479 2999 2902 3069 suppeditarunt
2930 3002 3138 3055 sociam
3170 3000 3324 3056 fecit.
3361 3000 3622 3067 Quintam
3656 3019 3781 3059 me-

494 3103 767 3144 morarem
797 3090 938 3143 inter
969 3090 1133 3142 hasce
1166 3088 1399 3142 mediam
1438 3087 1491 3140 in
1518 3086 1765 3155 ejusdem
1795 3088 2046 3156 praesulis
2069 3088 2392 3143 collectione
2421 3087 2682 3152 locatam,
2719 3088 2776 3141 ni
2812 3088 2960 3158 (eum
2995 3098 3207 3142 vetusta
3234 3090 3307 3144 sit
3340 3099 3395 3145 et
3427 3091 3777 3160 imperfecta,

497 3192 707 3232 necnon
742 3176 1005 3240 ilierocli,
1037 3176 1196 3245 cujus
1229 3186 1595 3245 pervetustam
1632 3174 1885 3228 notitiam
1934 3176 2270 3245 recognitum
2301 3183 2355 3229 et
2386 3175 2656 3246 integram
2705 3175 3066 3232 doctissimus
3103 3174 3422 3231 Holstenius
3456 3178 3779 3246 pollicetur,

495 3280 603 3320 non
635 3263 827 3318 leviter
860 3264 1174 3331 tribuatur)
1209 3264 1277 3317 ab
1306 3278 1368 3317 ea
1402 3277 1545 3316 nunc
1601 3261 1937 3315 recensenda
1972 3270 2084 3317 tum
2119 3262 2299 3332 operis
2330 3262 2661 3331 antiquitas,
2697 3269 2812 3315 tum
2868 3277 2998 3332 erga
3046 3262 3210 3317 talem
3263 3263 3443 3316 virum
3499 3274 3778 3319 vetustum

494 3367 637 3422 Opus
676 3353 822 3406 velut
853 3371 883 3405 e
920 3351 1214 3405 ruderibus
1245 3365 1467 3412 eruere,
1496 3364 1560 3403 ac
1585 3362 1699 3404 sua:
1724 3348 1951 3414 puritati
1986 3351 2275 3405 restituere
2303 3349 2618 3404 molientem
2654 3350 2959 3405 retraheret
2990 3350 3319 3405 reverentia.
3345 3350 3595 3405 Praefatis
3621 3352 3782 3407 hisce

494 3454 719 3493 manum
757 3439 1046 3493 admovere
1077 3439 1342 3507 compulit
1367 3452 1523 3491 amor
1554 3439 1907 3509 integritatis,
1933 3451 2055 3505 quae
2086 3451 2265 3491 rerum
2298 3435 2471 3490 forma
2496 3436 2667 3492 decus
2701 3444 2788 3491 est
2815 3444 2871 3491 et
2900 3435 3182 3507 perfectio,
3213 3444 3267 3492 et
3294 3446 3564 3503 nostram,
3595 3452 3778 3508 quan-

498 3527 835 3595 iulacunque
889 3526 998 3589 sit,
1033 3538 1254 3594 operam
1293 3526 1512 3594 publica
1550 3526 1849 3595 postulavit
1882 3524 2109 3578 utilitas.
2167 3522 2288 3589 Quo
2325 3524 2376 3576 in
2420 3524 2640 3593 negotio
2673 3523 2850 3594 Regia:
2878 3524 3223 3579 Bibliotheca:
3254 3540 3387 3580 mss.
3422 3541 3590 3591 usus,
3627 3525 3780 3595 quod

497 3614 755 3667 mutilum
784 3622 902 3667 erat
928 3612 1171 3680 reposui,
1195 3611 1343 3681 quod
1376 3622 1699 3682 corruptum
1736 3611 2009 3681 reparavi,
2032 3609 2178 3679 quod
2205 3610 2504 3664 obscurum
2535 3610 2830 3676 illustravi,
2858 3611 3007 3681 quod
3041 3626 3235 3682 vagum
3269 3620 3389 3665 erat
3415 3621 3471 3667 et
3499 3613 3780 3668 incertum

496 3701 550 3753 in
584 3700 865 3755 meliorem
906 3700 1151 3754 ordinem
1189 3700 1393 3769 redegi.
1428 3699 1575 3753 Inter
1610 3699 1778 3753 hasce
1803 3712 1932 3752 vero
1966 3698 2119 3751 datas
2149 3697 2233 3751 vel
2272 3697 2586 3765 rccognitas
2615 3712 2643 3750 a
2670 3713 2757 3753 me
2791 3698 3021 3754 notitias
3055 3699 3158 3754 ista
3190 3698 3365 3754 series
3393 3707 3478 3755 est
3503 3708 3558 3754 et
3586 3715 3776 3755 rerum

497 3799 750 3844 servatus
797 3787 969 3854 ordo,
1001 3798 1060 3841 ut
1105 3788 1160 3841 in
1220 3788 1396 3857 prima
1446 3786 1625 3841 fronte
1667 3786 1973 3855 diatyposis
2001 3785 2199 3840 Leonis
2228 3787 2459 3857 Augusti
2511 3794 2638 3842 ante
2690 3788 3040 3859 octingentos
3069 3788 3291 3843 circiter
3327 3803 3503 3843 annos
3539 3788 3777 3858 digesta,

499 3876 751 3945 quamvis
778 3876 1070 3930 recentiori
1105 3873 1428 3927 charactere
1459 3873 1831 3940 conscriptam
1867 3876 2187 3943 repererim,
2220 3876 2567 3943 exhibeatur,
2600 3891 2765 3945 quam
2800 3878 2847 3932 si
2877 3878 3044 3943 velis,
3080 3893 3244 3948 supra
3298 3877 3516 3933 laudato
3546 3876 3778 3933 debebis

498 3964 823 4017 Abrincensi
858 3962 1074 4032 przesuli
1113 3960 1335 4028 (eXStat
1362 3960 1507 4014 enim
1544 3961 1598 4015 in
1629 3966 1749 4032 ejus
1779 3978 1937 4019 sacra
1970 3961 2342 4032 geographia)
2373 3965 2459 4018 sin
2492 3965 2673 4019 minus
2694 4004 2709 4031 ,
2745 3981 2810 4019 ex
2854 3978 3007 4035 parte
3053 3965 3184 4019 mihi
3217 3965 3545 4030 vindicabo,
3577 3981 3678 4021 ceu
3708 3982 3775 4021 ex

496 4051 719 4105 diverso
750 4051 940 4105 codice
960 4090 974 4114 ,
1018 4062 1181 4115 quem
1216 4048 1382 4103 variae
1412 4048 1673 4103 lectiones
1700 4058 1941 4121 arguunt
1975 4053 2344 4119 conscriptam
2367 4090 2382 4115 ,
2410 4060 2464 4105 et
2495 4052 2763 4123 integrius
2790 4068 2954 4123 quam
2992 4056 3224 4110 antehae
3246 4097 3261 4123 ,
3293 4057 3376 4109 vel
3422 4055 3612 4109 Griecc
3658 4063 3777 4107 tra-

496 4138 689 4199 ditam,
716 4137 800 4190 vel
830 4134 1024 4189 Latine
1051 4137 1377 4206 expositam.
1410 4134 1466 4189 lit
1499 4134 1619 4203 ejus
1644 4146 1867 4205 aspectu
1904 4137 2078 4205 primo
2101 4139 2571 4206 patriarchatuum
2608 4142 2859 4211 splendet
2886 4142 3148 4213 dignitas,
3186 4144 3418 4199 subinde
3445 4143 3777 4213 metr0polrs

494 4239 617 4292 qua:
649 4223 1273 4294 Constantinopolitante
1324 4222 1439 4278 sedi
1494 4223 1868 4293 subjiciuntur
1898 4224 2137 4290 elucent,
2169 4226 2387 4280 demum
2440 4231 2811 4299 episcopatus,
2843 4246 2985 4300 quos
3038 4233 3143 4286 illa:
3194 4233 3574 4301 suil‘ragatteos
3598 4245 3775 4299 agno~

497 4320 685 4378 scunt,
725 4322 1090 4367 recensentur
1127 4330 1139 4365 :
1175 4312 1388 4368 similes
1418 4312 1741 4382 dignitates,
1775 4328 1914 4382 quas
1950 4314 2177 4369 thronos
2205 4325 2420 4380 vocant,
2452 4319 2915 4386 patriarchalilms
2950 4321 3071 4376 aliis
3106 4321 3371 4376 Ecclesiis
3416 4320 3544 4374 facit
3576 4327 3774 4373 auctor

495 4403 738 4466 notitiae,
778 4415 965 4455 verum
998 4401 1087 4456 ubi
1121 4400 1188 4455 de
1217 4399 1467 4455 Romana
1501 4400 1834 4456 mentionem
1869 4401 2066 4463 habet,
2098 4410 2248 4456 tanta
2274 4416 2327 4458 ct
2355 4405 2479 4460 talis
2513 4412 2596 4460 est
2625 4407 2680 4460 in
2713 4408 3056 4464 subditorum
3089 4408 3506 4477 episcopatuutn
3537 4422 3773 4461 enume-

496 4491 712 4545 ratione
745 4489 998 4553 varictas,
1033 4496 1185 4542 tanta
1211 4504 1405 4543 vocum
1432 4490 1741 4560 corruptio,
1774 4498 1924 4543 tanta
1956 4489 2192 4559 denique
2214 4492 2638 4561 appellationum
2664 4493 2917 4549 confusio
2944 4495 3233 4565 reperitur,
3259 4506 3315 4549 ut
3341 4509 3475 4564 pace
3498 4494 3597 4546 viri
3625 4493 3773 4546 litte-

495 4578 601 4633 rati
628 4578 861 4631 dixerim
888 4618 902 4644 ,
941 4585 1123 4646 putem
1152 4615 1167 4641 ,
1202 4578 1287 4632 vel
1323 4579 1392 4632 ab
1422 4577 1861 4633 Occidentalium
1892 4579 2137 4633 locorum
2170 4578 2380 4648 ignaro,
2418 4580 2494 4634 vel
2523 4581 2591 4633 ab
2621 4580 2874 4651 imperito
2898 4583 3269 4652 conscriptam
3300 4599 3312 4635 :
3342 4596 3463 4650 quae
3492 4596 3579 4634 res
3610 4578 3679 4632 ab
3709 4594 3772 4633 ea

498 4682 565 4720 ex
602 4668 817 4735 integro
860 4664 1209 4719 restituenda
1247 4681 1332 4721 me
1368 4666 1652 4735 prohibuit
1701 4668 1793 4733 (ut
1830 4667 1897 4719 ab
1925 4667 2168 4735 ejusdem
2200 4669 2651 4738 interpretatione
2698 4686 2763 4724 ex
2816 4672 3029 4743 integro
3070 4671 3420 4740 suscipienda
3443 4710 3457 4735 ,
3488 4684 3770 4738 nunquam

497 4758 632 4810 satis
664 4754 922 4809 laudandi
942 4754 1300 4810 Abrincensis
1328 4756 1609 4810 Autistitis
1642 4756 1797 4824 prius
1826 4755 2167 4809 deterruerat
2198 4772 2260 4810 ac
2290 4758 2509 4826 penitus
2537 4767 2797 4814 avocarat
2826 4762 3101 4828 mentem)
3133 4777 3145 4813 :
3172 4774 3279 4813 non
3302 4758 3448 4812 enim
3483 4772 3604 4811 eam
3637 4756 3769 4809 mihi

497 4844 821 4896 demandavi
854 4842 1192 4911 provinciam
1230 4853 1286 4897 ut
1317 4844 1624 4913 generalem
1656 4858 1882 4912 prorsus
1916 4844 2363 4912 patriarchalium
2391 4846 2637 4901 omnium
2668 4846 3042 4902 Ecclesiarum
3069 4886 3083 4911 ,
3114 4847 3208 4901 sed
3240 4847 3387 4899 illam
3421 4844 3770 4913 potissimum

497 4947 620 4998 quae
667 4930 865 4985 Leonis
921 4932 1153 5002 Augusti
1199 4947 1399 4986 nomen
1457 4930 1679 4994 defert,
1744 4931 1831 4984 cui
1910 4931 2114 5000 aliquid
2173 4934 2481 5002 splendoris
2543 4950 2609 4989 ex
2673 4942 2866 4989 nostro
2939 4935 3174 4989 accessit
3227 4933 3439 4998 labore,
3506 4930 3769 4985 referrem

498 5018 749 5072 notitiam
784 5036 797 5070 :
835 5027 894 5072 ut
930 5028 988 5073 ut
1021 5036 1079 5075 se
1107 5035 1196 5075 res
1224 5020 1388 5073 habet
1418 5018 1664 5089 praefato
1710 5020 2025 5089 imperatori
2072 5022 2366 5089 ascriptum
2414 5023 2653 5087 recudo;
2688 5023 2879 5092 illique
2915 5020 3219 5076 secundum
3249 5036 3312 5074 ex
3348 5019 3614 5073 Vaticano
3646 5015 3770 5071 solo

497 5125 530 5157 ιι
554 5106 788 5159 emorati
820 5105 930 5174 jam
968 5107 1167 5176 smpius
1203 5108 1447 5161 aucturis
1483 5122 1614 5160 cura
1648 5107 2028 5176 depromptum
2052 5147 2065 5171 ,
2100 5110 2350 5162 nonnihil
2396 5111 2693 5165 tutioribus
2724 5110 3060 5178 conjecturis
3090 5107 3436 5163 emendatam
3460 5146 3475 5172 ,
3512 5105 3767 5175 adnecto.

498 5193 696 5247 Tertiae
726 5209 754 5246 a
782 5194 1041 5249 Gretscro
1076 5197 1230 5264 prius
1268 5196 1406 5249 data:
1434 5195 1655 5249 titulutn
1684 5211 1747 5249 ex
1786 5192 2102 5248 fidelissima
2151 5208 2331 5252 textus
2380 5214 2504 5251 cum
2537 5196 2711 5268 Regia:
2746 5197 3085 5251 Bibliotheca:
3113 5211 3249 5250 mss.
3282 5195 3580 5248 collatione
3627 5207 3768 5261 pra:-

500 5286 622 5348 lixi;
656 5291 849 5353 praeter
883 5299 1021 5353 quas
1054 5284 1427 5355 suppeditavit
1458 5295 1513 5341 et
1540 5284 1704 5337 aliam
1736 5282 1907 5351 Regia
1939 5282 2128 5337 eadem
2162 5298 2316 5352 gaza,
2350 5285 2510 5354 cujus
2553 5288 2769 5356 egregie
2790 5285 3037 5356 digestus
3071 5284 3206 5338 ordo
3239 5297 3440 5337 nomen
3479 5280 3773 5348 scriptoris

499 5372 798 5435 desiderat,
832 5386 991 5441 quam
1030 5382 1082 5426 et
1110 5374 1524 5428 accuratissime
1558 5388 1680 5426 cum
1713 5372 2031 5425 memoratis
2071 5368 2155 5440 [Ε.
2183 5369 2242 5422 ι’.
2268 5370 2396 5443 556]
2428 5371 2599 5442 Iiegire
2628 5372 2971 5428 Bibliotheca:
3005 5371 3376 5428 monumentis
3407 5369 3688 5427 collatam,
3718 5374 3773 5419 et

496 5458 647 5513 luris
680 5458 1125 5515 Graec-Romani
1157 5462 1493 5517 eonformem
1526 5461 1825 5530 exemplari
1857 5460 1911 5513 in
1944 5470 2143 5529 quarto
2174 5457 2552 5528 dispositionis
2584 5469 2788 5516 nostrae
2816 5460 3010 5516 ordine
3037 5459 3324 5515 collocavi.
3359 5456 3619 5526 Sequitur
3651 5462 3766 5506 tum

498 5548 713 5601 demum
746 5564 866 5617 qua:
903 5548 971 5601 ab
1016 5550 1333 5604 Andronico
1367 5550 1594 5605 Seniore
1628 5565 1736 5603 non
1770 5548 1927 5617 plene
1958 5549 2154 5603 dissito
2186 5564 2215 5600 a
2246 5550 2453 5603 nostris
2499 5550 2658 5604 anuis
2708 5551 2909 5605 saeculo
2956 5548 3101 5604 edita
3151 5556 3430 5611 censetur,
3466 5554 3523 5598 ut
3552 5543 3769 5598 scilicet

500 5634 639 5695 alite,
672 5649 791 5701 qua:
824 5635 904 5688 vel
940 5636 1099 5689 titulo
1136 5637 1220 5691 vel
1258 5640 1500 5693 auctoris
1530 5638 1613 5693 sui
1642 5636 1863 5691 nomine
1887 5639 2182 5703 carebant,
2210 5637 2351 5691 inter
2390 5638 2720 5707 Augustales
2756 5639 2948 5709 positae
2979 5636 3101 5707 plus
3131 5634 3346 5689 roboris
3374 5640 3427 5687 et
3459 5628 3767 5701 splendoris

501 5722 800 5778 obtineant.
835 5722 1105 5803 C_odinum
1132 5724 1330 5782 Junius
1362 5727 1417 5783 in
1455 5743 1551 5783 sua
1582 5727 2030 5795 interpretatione
2066 5724 2432 5801 reprehendit,
2462 5724 2683 5783 lanium
2713 5727 2969 5783 similiter
2998 5724 3052 5780 in
3086 5737 3185 5781 sua
3209 5721 3580 5779 elucidatiouc
3612 5723 3765 5772 uetat
