4088 6208
405 160 510 225 409
1083 156 1130 213 Α
1165 153 1414 214 LEONE
1447 152 1812 214 SAPIENTE
1873 153 1972 211 AD
2009 151 2515 212 ANDRONICUM
2548 149 2978 212 PALAEOLOG.
3569 143 3674 208 “0

403 263 754 334 πολυχρόνιον
780 270 828 315 ε.
880 261 1346 328 Μητροπολίτην
1376 258 1582 326 ἕτερον
1604 260 1715 310 οὐκ
1747 257 1993 324 οἴδαμεν

2104 269 2203 313 tam
2234 276 2351 314 vero
2381 261 2585 314 nullum
2621 259 2926 328 agnovimus
2957 256 3293 321 scribentem,
3324 253 3673 310 Mediocritas

401 360 726 428 υοάφοντα,
752 355 784 424 ή
816 353 1104 424 μετριότης
1125 351 1304 420 ἡμῶν,
1325 353 1375 403 εἰ
1395 349 1686 418 μὴμόνον
1711 347 1829 402 τῶν
1846 351 1992 401 Θεσ-

2104 364 2306 419 nostra,
2328 356 2429 408 nisi
2457 363 2661 406 tantum
2680 352 3196 406 Thessalonicensem
3219 349 3528 403 scribentem
3549 348 3674 401 sub-

399 445 778 502 σαλονικέων
831 445 902 498 ἐν
943 443 1068 508 τοῖς
1095 442 1196 496 ὑπ’
1226 443 1414 496 αὐτόν
1445 457 1460 473 ·
1498 440 1734 509 ἐγένετο
1780 438 1847 492 δὲ
1893 439 1992 492 καὶ

2104 445 2220 497 ditis
2250 446 2378 498 suis.
2413 446 2526 498 Hoc
2557 454 2731 498 autem
2759 459 2922 510 nuper
2945 443 3146 509 factum
3174 450 3252 494 est
3280 440 3334 493 in
3359 438 3542 492 diebus
3573 441 3676 491 im-

402 539 577 593 τοῦτο
605 536 820 591 νεωστὶ
873 536 942 588 ἐν
986 535 1113 600 ταῖς
1140 534 1386 602 ἡμέραις
1408 532 1513 586 τοῦ
1543 532 1852 597 ,βασιλέως
1887 532 1994 586 τοῦ

2104 539 2352 600 peratoris
2378 536 2753 601 Cantacuzeni,
2780 552 2898 588 cum
2923 535 3082 599 primi
3106 534 3264 587 etiam
3291 530 3674 586 ecclesiastico-

402 627 919 696 Καντακουζόινοῦ,
954 627 1052 680 ὅτε
1076 626 1174 680 καὶ
1198 629 1253 679 οἱ
1319 627 1536 692 πρῶτοι
1579 624 1699 678 τῶν
1760 627 1993 680 Θεσσα-

401 721 697 776 λονικέων
724 717 1250 785 ἐκκλησιαστικῶν
1273 717 1495 772 ἔϐαλον
1521 716 1664 782 τοὺς
1691 716 1996 784 σταυροὺς

401 816 474 868 ἐν
507 812 632 878 τοῖς
657 810 958 876 σκιαδίοις
982 807 1200 864 αὐτῶν.

587 904 788 966 Ὅπως
817 900 968 968 πρὸς
1002 899 1146 966 τοὺς
1179 899 1433 963 λοιποὺς
1469 897 1788 967 ἄρχοντας.

477 993 540 1044 Οἱ
573 992 631 1044 ὲν
664 993 730 1061 τῇ
769 988 1055 1059 θεοσώστῳ
1098 989 1194 1042 καὶ
1225 992 1516 1060 περιφανεῖ
1545 988 1700 1041 πόλει
1737 988 1862 1060 τῇδε
1893 988 1985 1040 eb-

409 1081 722 1154 ρισκόμενοι
759 1080 1133 1148 εὐγενέστατοι
1162 1079 1422 1150 ἄρχοντες
1449 1120 1465 1145 ,
1500 1079 1614 1132 ὅσοι
1643 1079 1737 1131 τοῦ
1777 1077 1993 1149 πρώτου

408 1175 599 1241 γένους
628 1174 728 1243 τῆς
758 1170 971 1236 ἐνδόξου
1008 1171 1102 1224 καὶ
1134 1171 1519 1241 λαμπροτάτου
1571 1173 1737 1241 τιμῆς
1767 1173 1860 1225 καὶ
1899 1188 2000 1239 φυ-

409 1266 528 1334 λῆς,
560 1266 616 1316 ὲν
646 1264 786 1333 ἁγίῳ
818 1261 1092 1332 Πνεύματι
1133 1263 1499 1316 ποθεινότατοι
1545 1261 1641 1314 καὶ
1689 1261 1998 1332 γνησιώτα⁴

409 1373 489 1408 ⁸ιοι
547 1355 652 1407 υἱοί¹
695 1355 794 1424 τῆς
842 1353 999 1422 ἡμῶν
1048 1353 1433 1422 ταπεινότητος
1467 1368 1480 1382 °
1524 1352 1703 1422 χάριν,
1740 1355 1988 1424 εἰρήνην,

411 1446 580 1508 ἔλεος,
613 1444 800 1512 ὑγείαν
851 1445 1025 1514 ψυχῆς
1069 1445 1162 1497 καὶ
1201 1442 1451 1513 σώματος
1482 1483 1498 1508 ,
1543 1445 1639 1497 καὶ
1701 1444 1828 1498 ἄλλο
1865 1444 1998 1499 εἴτι

412 1537 615 1605 ἀγαθὸν
640 1535 774 1605 ὁμοῦ
807 1537 899 1588 καὶ
929 1536 1216 1606 σωτήριον,
1253 1533 1468 1605 εὔχεται
1497 1538 1563 1606 τῇ
1592 1535 1748 1605 ὑμῶν
1777 1536 1995 1607 ἀντιλή-

410 1629 501 1697 ψει
532 1630 565 1698 ή
597 1627 922 1698 ταπεινότης
946 1626 1101 1697 ἡμῶν
1125 1628 1233 1680 ἀπὸ
1258 1627 1390 1679 Θεοῦ
1418 1627 1873 1698 παντοκράτορος.

496 1721 597 1772 Ἐν
628 1717 706 1782 τῷ
734 1717 913 1772 τέλει·
961 1718 1025 1769 Ἦ
1060 1718 1218 1787 χάρις
1248 1717 1341 1770 τοῦ
1379 1718 1513 1770 Θεοῦ
1545 1719 1632 1788 εἴη
1663 1719 1993 1790 διατηροῦσα

414 1812 559 1878 ὑμᾶς
588 1811 893 1880 άνωτὲρους
945 1811 1144 1871 παντὸς
1175 1811 1404 1880 συναντή
1415 1828 1602 1878 ματος.

416 1903 616 1964 Ὅπως
642 1900 851 1969 γράφει
899 1901 1048 1966 πρὸς
1087 1900 1636 1968 ἐκκλησιαστικοὺς
1665 1902 1990 1972 ἄρχοντας.

492 1991 825 2060 Τιμιώτατοι
855 1990 1301 2062 ἐκκλησιαστικοὶ
1324 1991 1582 2060 ἄρχοντες
1596 1993 1694 2062 τῆς
1717 1995 1995 2065 καθ’ήμᾶς

413 2080 724 2149 ἁγιωτάτης
760 2078 1169 2150 μητροπόλεως,
1201 2080 1384 2150 τῆσδε,
1418 2081 1514 2132 καὶ
1551 2082 1600 2133 οἱ
1658 2083 1775 2151 μετ’
1798 2085 1996 2147 αὐτοὺς

413 2171 753 2239 ἐντιμότατοι
823 2172 918 2224 καὶ
982 2171 1364 2224 εὐλαϐέστατοι
1411 2170 1688 2241 κληρικοὶ,
1741 2176 1835 2227 καὶ
1883 2177 1997 2229 ὅσοι

411 2263 506 2313 τοῦ
555 2260 826 2331 ἱερατικοῦ
877 2261 970 2314 καὶ
1005 2261 1299 2331 μοναχικοῦ
1332 2262 1667 2331 καταλόγου·
1727 2266 1894 2318 τέκνα
1937 2268 1994 2319 ὲν

415 2353 605 2422 Κυρίῳ
634 2350 896 2419 ἀγαπητὰ
922 2351 1022 2420 τῆς
1059 2353 1090 2421 ή
1101 2350 1215 2420 μῶν
1240 2352 1646 2420 ταπεινότητοςσ
1683 2356 1842 2423 χάρις
1871 2356 1998 2424 ὑμῖν

413 2460 520 2511 ειη,
555 2443 649 2495 καὶ
671 2442 884 2512 εἰρήνη,
909 2441 1002 2494 καὶ
1017 2441 1207 2510 ἀγάπη
1222 2441 1550 2512 πληθυνθείη
1585 2443 1691 2495 ἀπὸ
1715 2443 1849 2496 Θεοῦ
1887 2446 1998 2498 Πα-

412 2532 563 2601 τρὸς,
594 2532 682 2585 διὰ
703 2533 911 2602 Κυρίου
951 2531 1124 2602 Ἰησοῦ
1157 2532 1416 2602 Χριστοῦ,
1449 2534 1506 2586 ὲν
1533 2533 1672 2604 ἁγίῳ
1701 2533 1998 2604 Πνεύματι.

496 2627 594 2676 Ἐν
619 2623 700 2689 τῷ
730 2622 912 2676 τέλει’
941 2623 1008 2676 Ἦ
1037 2623 1196 2694 χάρις
1222 2621 1317 2676 τοῦ
1347 2622 1480 2676 Θεοῦ
1506 2624 1592 2695 εἰη
1619 2627 1757 2696 μετὰ
1787 2628 2002 2680 πάντων

415 2714 569 2783 ὑμῶν
597 2710 646 2768 δ.

607 2808 807 2872 Ὅπως
833 2806 1041 2875 γράφει
1075 2807 1226 2874 πρὸς
1257 2807 1365 2861 τὸν
1405 2811 1611 2864 κοινὸν
1650 2811 1824 2864 λαόν.

2098 647 2214 683 rum
2241 629 2772 685 Thcssalouicensium
2790 627 3045 697 appositis
3079 624 3322 680 crucibus
3357 623 3516 688 pileos
3550 638 3674 677 suos

2099 732 2438 778 ornaverunt.

2313 899 2589 966 Quomodo
2621 897 2804 952 scribit
2839 896 2908 951 ad
2942 895 3170 964 reliquos
3203 907 3464 960 proceres.

2167 993 2272 1060 Qui
2302 995 2356 1046 in
2384 993 2486 1046 hac
2512 1007 2542 1044 a
2571 991 2678 1045 Deo
2706 997 2920 1045 servata
2944 995 2999 1042 et
3027 985 3226 1041 illustri
3252 983 3473 1038 civitate
3495 979 3561 1035 N.
3588 997 3675 1038 re-

2098 1086 2351 1157 perimini
2394 1081 2722 1138 nobilissimi
2753 1079 2992 1144 domini,
3025 1083 3293 1147 quotquot
3324 1073 3482 1142 primi
3511 1088 3676 1142 gene-

2099 1181 2179 1236 ris
2239 1187 2292 1234 et
2327 1177 2551 1248 gloriosi
2581 1185 2634 1230 et
2666 1171 3024 1228 illustrissimi
3055 1169 3256 1238 gradus
3285 1177 3337 1222 et
3367 1165 3586 1234 stirpis,
3617 1164 3673 1217 in

2101 1278 2290 1327 sancto
2318 1269 2521 1338 Spiritu
2545 1263 3021 1325 desideratissimi,
3043 1269 3095 1315 et
3120 1268 3321 1314 nostrae
3347 1256 3675 1311 lmmilitatis

2101 1361 2344 1432 germani
2378 1360 2472 1413 lilii
2503 1375 2518 1412 :
2547 1357 2800 1428 gratiam,
2848 1368 3056 1424 pacem,
3088 1348 3546 1410 misericordiam,
3581 1361 3673 1401 sa-

2101 1453 2265 1508 lutem
2303 1452 2499 1505 anima:
2534 1458 2586 1504 et
2622 1447 2870 1518 corporis
2893 1484 2908 1509 ,
2945 1455 2997 1498 et
3031 1444 3076 1498 si
3113 1441 3244 1511 quid
3281 1440 3426 1494 aliud
3463 1438 3671 1492 bonum

2102 1546 2264 1602 simul
2291 1559 2355 1598 ac
2378 1544 2618 1598 salutare
2643 1539 2879 1601 exsistit,
2907 1534 3042 1590 illud
3071 1534 3138 1587 ab
3162 1532 3537 1601 omnipotente
3567 1525 3677 1581 Deo

2095 1637 2357 1710 probitati
2390 1643 2588 1690 vestra:
2622 1632 2906 1687 humilitas
2933 1636 3121 1682 nostra
3156 1633 3429 1695 precatur.

2167 1729 2232 1784 In
2260 1730 2398 1798 ﬁne:
2423 1726 2607 1780 Gratia
2633 1724 2728 1779 Dei
2750 1723 2898 1776 omni
2931 1719 3158 1773 adverso
3189 1722 3384 1770 eventu
3413 1713 3668 1784 superio-

2095 1835 2184 1876 res
2219 1835 2318 1873 vos
2352 1821 2665 1886 praeservet.

2238 1909 2512 1977 Quomodo
2543 1907 2724 1960 scribit
2754 1904 2828 1957 ad
2857 1899 3236 1956 ecclesiasticos
3269 1911 3532 1965 proceres.

2168 1999 2639 2058 Honorandissimi
2664 1993 3034 2050 ecclesiastici
3059 2005 3314 2062 proceres
3339 1995 3537 2042 nostra?
3559 1999 3681 2038 san-

2098 2096 2357 2151 ctissimae
2389 2089 2708 2159 metropolis
2735 2085 2800 2140 N.
2830 2096 2883 2140 ct
2922 2093 3042 2154 post
3073 2085 3221 2152 ipsos
3249 2075 3682 2133 honoriﬁcentis-

2098 2189 2219 2243 simi
2260 2195 2314 2240 et.
2352 2179 2748 2252 religiosissimi
2792 2177 2998 2241 clerici,
3035 2182 3088 2229 et
3128 2179 3395 2242 quotquot
3435 2171 3574 2225 sacri
3617 2178 3673 2226 et

2100 2275 2386 2332 mouastici
2431 2273 2640 2328 ordinis
2678 2289 2693 2324 :
2730 2269 2913 2323 dilecti
2960 2268 3014 2320 in
3061 2264 3292 2319 Domino
3338 2262 3432 2314 lilii
3477 2270 3680 2314 nostrae

2102 2368 2430 2427 humilitatis
2460 2384 2472 2420 :
2507 2364 2678 2436 gratia
2706 2362 2861 2416 vobis
2907 2367 2960 2414 et
2996 2374 3099 2429 pax
3132 2365 3185 2412 et
3216 2357 3460 2410 cluat-itas
3491 2353 3679 2407 multi-

2102 2465 2332 2533 plicetur
2358 2476 2388 2514 a
2421 2458 2529 2514 Deo
2558 2457 2737 2520 Patre,
2769 2469 2865 2524 per
2895 2452 3180 2506 Dominum
3213 2456 3464 2502 nostrum
3491 2443 3679 2501 Jcsum

2104 2557 2404 2616 Christum,
2441 2552 2493 2605 in
2526 2557 2716 2605 sancto
2752 2545 2983 2616 Spiritu.

2175 2646 2241 2700 In
2275 2645 2395 2713 ﬁne.
2432 2641 2618 2698 Gratia
2654 2639 2746 2693 Dei
2779 2639 2850 2692 sit
2875 2636 3159 2690 vobiscum
3189 2632 3469 2687 omnibus.

2275 2819 2547 2887 Quomodo
2577 2817 2762 2873 scribit
2791 2815 2859 2869 ad
2893 2829 3212 2868 communem
3243 2809 3514 2880 populum.

493 2901 742 2952 Ἐποικοι
771 2899 1031 2970 ἄρχοντες
1084 2901 1245 2969 τῆσδε
1309 2902 1516 2956 σωστοῦ
1571 2903 1664 2956 καὶ
1711 2919 1999 2974 περιφανε-

500 2994 509 2997 -
706 2992 734 2997 .-
969 2993 994 2997 _.
1044 2992 1062 2997 -
1174 2993 1196 2997 μ
1639 2994 1647 2997 -
1765 2995 1770 2997 Α
1985 2974 1999 2997 \

2179 2915 2370 2969 Incolae
2415 2925 2670 2982 proceres
2715 2925 2744 2963 a
2789 2908 2896 2962 Deo
2937 2914 3166 2962 servatae
3203 2913 3259 2958 et
3299 2900 3684 2956 illustrissima:

416 2994 618 3061 στάτης
650 2992 878 3055 πόλεως,
933 2992 1117 3061 τῆσδε,
1169 2993 1282 3047 ὅσοι
1329 3011 1387 3046 τε
1417 2997 1514 3062 τῆς
1567 2994 1863 3060 πολιτείας,
1914 2974 2008 3049 καὶ

413 3087 528 3136 ὅσοι
580 3083 674 3137 τοῦ
735 3083 1002 3136 ἰδιωτικοῦ
1036 3084 1358 3152 καταλόγου,
1415 3085 1514 3139 καὶ
1556 3087 1584 3138 ό
1637 3086 1825 3150 λοιπὸς
1864 3088 2009 3149 ἆπας

412 3175 509 3229 τοῦ
543 3175 746 3246 Κυρίου
776 3174 789 3224 i
834 3175 962 3238 λαὸς
1011 3178 1040 3228 ό
1070 3176 1449 3245 χριστώνυμος
1473 3193 1490 3209 ο
1521 3178 1684 3232 τέκνα
1731 3180 1790 3231 ὲν
1820 3180 2008 3250 Κυρίῳ

413 3269 675 3336 ἀγαπητὰ
712 3267 812 3337 τῆς
847 3267 1004 3337 ήμῶν
1061 3269 1455 3338 ταπεινότητος
1485 3287 1499 3300 ·
1534 3272 1729 3342 Χάριν,
1762 3273 2006 3342 εἰρήνην»

415 3360 586 3421 ἔλεος,
642 3361 738 3413 καὶ
776 3359 905 3412 ἄλλο
961 3361 1015 3412 el
1053 3377 1107 3413 τι
1131 3361 1335 3428 ἀγαθὸν
1383 3363 1516 3433 ὁμοῦ
1565 3367 1661 3417 καὶ
1715 3365 2006 3434 σωτήριον,

413 3451 709 3520 ἐπεύχεται
741 3451 870 3521 ὑμῖν
899 3451 1104 3506 ἅπασιν
1131 3453 1165 3523 ή
1197 3453 1490 3525 μετριότης
1534 3455 1689 3526 ἡμῶν
1733 3458 1840 3510 ἀπὸ
1873 3456 2008 3508 Θεοῦ

417 3539 885 3610 παντοκράτορος.

499 3631 600 3684 Ἐν
628 3629 708 3696 τῷ
734 3630 914 3684 τέλει’
956 3631 1020 3684 Ἠ
1045 3631 1205 3702 χάρις
1232 3631 1324 3685 τοῦ
1353 3631 1488 3685 Θεοῦ
1519 3634 1602 3704 εῐη
1635 3634 1772 3704 μετὰ
1796 3635 2010 3690 πάντων

419 3722 448 3774 ὑ
456 3720 591 3791 μῶν.

894 3815 997 3879 Εἰς
1043 3812 1268 3882 Κνέζην
1292 3814 1558 3883 Σερϐίας.

487 3905 640 3980 [415]
693 3906 1028 3978 Ὑψηλότατε
1082 3909 1224 3977 μέγα
1251 3907 1438 3977 Κνὲζη
1482 3906 1496 3957 i
1540 3908 1721 3979 πάσης
1748 3909 2007 3980 Σερὸίας,

420 3999 782 4063 συνετώτατε,
836 4001 896 4052 ἐν
929 4000 1119 4069 Κυρίῳ
1176 3999 1527 4070 ὑπερήδιστε,
1558 4000 1654 4054 καὶ
1711 4001 2009 4072 τριπόθητε

418 4091 574 4160 κύριε
605 4091 700 4144 καὶ
731 4090 814 4143 υἱὲ
851 4091 951 4158 τῆς
984 4091 1140 4159 ἡμῶν
1196 4091 1583 4161 ταπεινότητος
1605 4105 1618 4120 ·
1651 4091 1831 4162 χάρις,
1860 4093 2010 4164 εἰρή-

2112 3008 2265 3064 urbis
2292 3004 2355 3059 N.
2385 3012 2653 3074 quotquot
2679 3001 3058 3071 magistratus,
3085 3005 3139 3051 et
3163 3002 3432 3066 quotquot
3462 2993 3682 3063 privati.

2110 3109 2162 3154 et
2199 3099 2442 3166 reliquus
2472 3095 2767 3149 universus
2803 3089 3033 3162 populus
3066 3087 3278 3142 Domini
3310 3085 3680 3146 Christianus,

2112 3191 2165 3244 in
2196 3188 2422 3242 Domino
2449 3185 2630 3240 dilecti
2662 3193 2861 3240 nostra:
2893 3180 3218 3235 humilitatis
3247 3178 3340 3232 lilii
3373 3195 3386 3231 τ
3415 3176 3656 3231 Gratiam

2110 3295 2298 3352 pacem
2324 3321 2338 3345 ,
2367 3275 2800 3332 miscricordiam
2823 3313 2838 3338 ,
2871 3280 2925 3328 et
2954 3274 3000 3328 si
3030 3270 3160 3342 quid
3195 3269 3342 3324 aliud
3370 3269 3571 3323 bonum
3603 3281 3683 3320 st-

2111 3373 2221 3426 mul
2256 3385 2320 3424 ac
2355 3370 2615 3433 salutare,
2652 3367 2784 3421 illud
2817 3365 3074 3420 omnibus
3110 3362 3263 3417 vobis
3298 3377 3327 3416 a
3361 3361 3471 3415 Dco
3506 3361 3685 3414 omni-

2111 3470 2332 3532 potente
2367 3458 2715 3514 mediocritas
2749 3463 2937 3510 nostra
2972 3459 3245 3524 precatur.

2184 3643 2250 3697 In
2280 3642 2384 3711 fine
2414 3656 2432 3694 :
2475 3637 2662 3693 Gratia
2694 3635 2787 3691 Dei
2820 3633 2891 3690 sit
2917 3631 3201 3689 vobiscum
3232 3626 3509 3682 omnibus.

2602 3811 2684 3866 Ad
2718 3809 2940 3866 Cnezem
2975 3805 3194 3862 Serviw.

2179 3908 2520 3973 Celsissime,
2552 3920 2747 3975 magne
2777 3903 2955 3956 Cneze
2987 3899 3156 3954 totius
3185 3893 3412 3959 Servius,
3443 3890 3687 3962 prudem

2111 4002 2346 4063 tissime,
2380 4001 2434 4055 in
2470 3996 2697 4051 Domino
2727 3992 3153 4065 iucundissime.
3184 3996 3240 4044 et
3271 3995 3352 4041 ter
3381 3985 3687 4040 desiderate

2111 4093 2329 4147 domine
2364 4101 2418 4146 et
2455 4090 2528 4144 lili
2566 4096 2767 4144 nostrae
2800 4084 3126 4144 humilitatis
3159 4100 3173 4137 :
3225 4080 3432 4152 gratia,
3487 4093 3589 4146 pax
3637 4083 3692 4130 et

419 4200 508 4253 νη,
537 4184 636 4236 καὶ
665 4182 810 4246 ἔλεος
838 4182 1171 4252 πληθυνθείη
1208 4185 1272 4253 τῇ
1295 4181 1579 4253 αὑθεντείᾳ
1614 4198 1706 4235 σου
1737 4183 1846 4236 ἀπὸ
1875 4183 1999 4238 Θεοῐ

2112 4181 2489 4239 misericordia
2529 4196 2559 4235 a
2603 4179 2714 4235 Deo
2759 4178 3134 4247 omnipotente
3180 4182 3287 4228 tua:
3328 4169 3688 4227 dominationi

417 4275 876 4344 παντοκράτορος.

701 4364 858 4431 Πρὸς
888 4362 1004 4430 τὴν
1031 4362 1138 4417 τοῦ
1183 4361 1364 4430 Κνέζη
1393 4363 1417 4402 ι
1443 4361 1725 4432 σύζυγον.

498 4453 838 4524 ’Υψηλοτάτη
865 4451 1157 4522 αὐθέντρια
1180 4452 1364 4521 πάσης
1392 4452 1642 4520 Σερσίας,
1665 4453 2005 4525 συνετωτάτη

416 4542 510 4595 καὶ
533 4541 884 4612 κοσμιωτάτη
896 4539 1193 4608 γυναικῶν,
1218 4542 1275 4591 ὲν
1291 4541 1431 4610 άγίῳ
1452 4539 1729 4610 Πνεύματι
1743 4539 2000 4610 θύγατερ.

416 4634 610 4705 Χάρις,
628 4634 838 4704 εἰρήνη,
859 4635 954 4685 καὶ
969 4631 1118 4696 ἔλεος
1135 4631 1460 4704 πληθυνθείη
1477 4635 1543 4704 τῇ
1561 4631 1850 4705 αὐθεντείᾳ
1875 4651 1994 4690 σου.

788 4725 892 4790 Εἰς
929 4723 1264 4778 δέσποιναν
1291 4725 1556 4791 Σερϐίας.

487 4815 869 4886 Εὐλαϐεστάτη
901 4855 915 4878 ,
946 4817 1041 4869 καὶ
1115 4816 1426 4887 φιλόχριστε
1460 4855 1475 4880 ,
1527 4815 1860 4888 ὑψηλοτάτη,
1915 4819 2011 4872 καὶ

415 4908 800 4980 λαμπροτάτη,
834 4910 929 4962 καὶ
957 4911 1014 4961 ὲν
1066 4909 1207 4982 άγίῳ
1262 4909 1542 4980 Πνεύματι
1586 4911 1941 4982 ποθεινοτάτη
1988 4910 2007 4950 1

425 5000 690 5052 δέσποινα
716 5001 948 5071 Σερσίας
972 5018 986 5033 ο
1024 5001 1222 5072 Χάρις,
1257 5001 1468 5074 εἰρήνη,
1489 5001 1584 5056 καὶ
1608 5002 1754 5067 ἔλεος
1779 5002 2013 5074 πληθυν-

418 5089 538 5161 θείη
563 5093 630 5162 τῇ
665 5090 914 5164 βασιλείᾳ
961 5109 1076 5147 σου.

867 5185 972 5250 Εἰς
1001 5185 1107 5238 τὸν
1131 5183 1265 5239 υἱὸν
1298 5183 1516 5254 αὐτῆς.

490 5273 863 5329 Εὐλασέστατε
882 5316 900 5344 ,
932 5277 1026 5330 καὶ
1071 5277 1382 5349 φιλόχριστε
1408 5317 1423 5344 ,
1467 5278 1819 5349 λαμπρότατε
1846 5321 1861 5345 ,
1905 5277 2001 5332 καὶ

2035 4283 2091 4344 1)
2117 4275 2531 4345 multiplicetur.

2526 4362 2528 4365 ’
2614 4360 2696 4415 Ad
2729 4357 2917 4413 Cuezis
2953 4370 3191 4410 uxorem.

2181 4453 2492 4511 Celsissima
2511 4451 2729 4506 domina
2749 4450 2915 4503 totius
2936 4446 3159 4511 Servize,
3195 4439 3617 4515 prudentissima
3639 4446 3692 4492 et.

2105 4547 2460 4604 ornatissima
2480 4544 2792 4605 mulierum,
2812 4543 2865 4596 in
2883 4547 3074 4597 sancto
3093 4537 3300 4609 Spiritu
3322 4535 3428 4588 lilia
3455 4550 3467 4587 :
3495 4533 3692 4603 gratia,

2103 4655 2208 4710 pax
2236 4646 2290 4694 et
2321 4635 2694 4693 misericordia
2739 4631 3093 4690 dominationi
3127 4641 3235 4685 tuac
3274 4626 3688 4697 multiplicetur.

2580 4725 2660 4780 Ad
2694 4724 2967 4780 dominam
3002 4723 3218 4778 Servire.

2181 4818 2458 4883 Piissima,
2499 4825 2553 4872 et
2590 4818 2812 4872 Christo
2881 4823 3082 4879 amata,
3121 4810 3424 4868 celsissimo
3469 4815 3522 4862 et
3565 4805 3694 4860 illu-

2111 4910 2413 4973 strissima,
2447 4917 2499 4964 et
2535 4909 2588 4962 in
2623 4915 2813 4962 sancto
2845 4905 3050 4972 Spiritu
3087 4901 3556 4958 desideratissima
3595 4900 3692 4953 da-

2115 5004 2258 5057 mina
2291 5001 2514 5058 Serviae.
2542 4999 2752 5064 Gratia,
2779 5012 2883 5068 pax
2911 5006 2963 5053 et
2993 4994 3371 5051 misericordia
3402 5008 3571 5065 regno
3597 5000 3693 5048 tuo

2119 5093 2532 5163 multiplicetur.

2677 5185 2760 5238 Ad
2792 5183 2962 5254 ﬁlium
2991 5181 3128 5250 ejus.

2180 5276 2432 5332 Piissime
2466 5284 2520 5333 et
2553 5291 2742 5332 amans
2774 5275 3079 5341 Christum,
3119 5271 3515 5337 illustrissime,
3550 5277 3606 5326 et
3641 5270 3693 5326 in

1699 5394 1935 5451 nam
1973 5366 2390 5450 L'Ecrtonss.

416 5555 443 5594 λ
479 5507 546 5594 ηε
571 5509 967 5594 καινάνώτερον
1011 5513 1208 5594 παντὸς
1258 5513 1482 5594 ἀνιαροῦ
1541 5515 1970 5585 συναντήματος.

476 5578 742 5650 Κυέντζη.
852 5578 1092 5640 1desunt
1133 5585 1245 5639 haec
1272 5578 1514 5654 quinque
1553 5585 1714 5642 verba
1750 5578 1802 5641 in
1833 5585 1963 5653 lleg.

2069 5517 2094 5556 ιι
2131 5513 2324 5584 Ἀμήν.
2351 5582 2359 5584 _
2407 5515 2422 5554 ί
2446 5511 2591 5575 ἅπας
2616 5511 3006 5584 Χριστὼνυμος
3037 5511 3154 5580 τοῦ,
3180 5518 3286 5569 etc.

3402 5505 3416 5559 ἱ
3451 5506 3690 5575 Κυένζη.

2118 5582 2317 5641 (ἰοειιιιι
2349 5582 2461 5637 hate
2503 5582 2740 5651 quatuor
2775 5582 2967 5640 verba.
