4088 6208
349 112 466 182 113

1039 119 1088 178 Α
1125 117 1372 180 LEONE
1413 117 1782 180 SAPIENTE
1837 120 1938 179 AD
1993 119 2500 187 ANDRONICUM
2527 127 2958 191 PALIEOLOG.

3519 126 3628 192 ili

337 229 653 294 τοιούτους
695 226 842 282 οὐδὲ
865 227 1359 294 βουλλώνουσιν,
1387 229 1548 284 ἀλλὰ
1585 228 1921 282 διπλώνου-

2044 232 2296 287 nandrita
2325 237 2740 306 patriarchicus,
2771 248 2864 293 aut
2895 238 3186 295 honoratus
3219 238 3464 296 sacerdos
3495 259 3610 296 mo-

340 337 450 376 σιν
475 321 548 374 τὸ
581 319 818 390 γράμμα
850 319 1245 390 τετράγωνον,
1274 321 1373 374 καὶ
1415 321 1756 390 γράφουσιν
1803 320 1930 372 ἐπι-

2034 321 2272 389 nachus,
2316 335 2409 378 aut
2457 327 2743 400 (simplex)
2786 331 3109 397 monachus,
3154 345 3247 386 aut
3298 333 3468 386 laicus
3512 349 3532 386 :
3569 343 3619 388 et

339 412 618 483 γραφήν-ο
650 412 1053 483 Πατριαρχικδν
1085 412 1165 475 εἰς
1213 412 1306 465 τὸν
1350 411 1520 476 δεῖνα,
1571 415 1621 467 ει
1669 411 1755 482 μή
1810 423 1932 464 που

2044 413 2453 485 quandocunque
2505 421 2728 475 voluerit
2782 424 3091 492 patriarcha
3145 425 3448 496 gratiﬁcari
3505 435 3625 479 tan-

339 503 520 557 ἐστιν
560 502 1038 586 άρχιμανδρίτης
1085 501 1515 570 πατριαρχικὸς
1543 542 1559 567 ,
1611 501 1651 569 ἢ
1693 502 1938 568 ἔντιμος

341 593 754 661 ιερομόναχος,
788 590 826 659 ἢ
874 591 1164 662 μοναχὸς,
1192 591 1230 658 ἢ
1263 591 1588 660 κοσμικόςο
1630 592 1729 645 καὶ
1782 591 1938 644 ὅπου

2041 519 2197 572 quant
2229 509 2421 574 amico,
2450 519 2499 564 et
2529 521 2675 579 noto,
2703 522 2752 568 et
2784 515 3048 580 familiari
3080 531 3176 572 suo
3209 532 3227 571 :
3255 516 3324 570 ad
3355 518 3623 586 episcopos

2043 595 2294 652 similiter
2314 616 2416 653 non
2446 603 2669 673 sigillat.

337 686 634 750 βούλεται
659 685 692 736 δ
733 681 1108 750 πατριάρχης
1157 682 1529 750 χαρίσασθαι
1575 683 1755 737 τοῦτό
1795 699 1933 749 τινι»
1974 682 2054 750 ὡς
2079 687 2259 755 φίλῳ,
2313 691 2416 745 καὶ
2450 699 2740 766 γνωρίμῳ,
2787 697 2889 751 καὶ
2925 698 3122 764 οἰκείῳ
3200 699 3409 754 αὑτοῦ.
3476 696 3629 756 Οὐδέ

341 776 469 842 τοῖς
497 772 854 837 ἐπισκόποις
878 770 1373 836 βουλλώνουσιν.

522 864 671 920 Ποῖα
695 861 974 917 πιττάκια
996 861 1208 932 έχουσι
1238 863 1692 932 μολισόόουλλα
1717 872 1766 918 ι’.

419 956 888 1013 Μολιόόόουλλα
909 953 979 1007 δὲ
999 953 1184 1008 κεῖται
1214 957 1304 1021 εις
1327 953 1398 1008 τὰ
1417 955 1715 1019 ,βασιλικὰ
1735 953 1947 1008 πιττά-

2119 863 2378 930 Qua'nam
2414 868 2712 938 diplomata
2752 872 2931 940 ferunt
2964 874 3201 944 sigillum
3228 875 3552 945 plumbeum.

2117 955 2374 1028 Sigillum
2407 962 2710 1031 plumbeum
2756 966 2949 1021 habent
2993 968 3088 1020 illa
3133 968 3466 1036 diplomata,
3510 987 3626 1039 quia

343 1065 448 1103 ιιια
473 1046 573 1100 καὶ
614 1045 991 1107 δεσποινικίι,
1023 1045 1122 1099 καὶ
1156 1047 1227 1099 τὰ
1281 1051 1432 1113 προς
1477 1046 1800 1114 δεσπότας,
1845 1045 1940 1100 και

2044 1047 2334 1102 mittuntur
2374 1052 2444 1103 ad
2477 1053 2874 1120 imperatorem,
2909 1065 2958 1110 et
2989 1057 3286 1125 despotam,
3318 1068 3370 1112 et
3402 1060 3627 1128 impera-

352 1136 929 1205 Σεϐαστοκράτορας
951 1137 1048 1190 καὶ
1075 1138 1300 1205 Καίσαρ
1311 1151 1386 1204 ας
1423 1137 1619 1192 ὁποῖοί
1641 1142 1818 1203 εἰσιν,
1847 1137 1940 1192 και

2047 1139 2251 1205 tricem,
2287 1139 2772 1209 Sebastocratores,
2804 1145 3062 1212 Cazsares,
3085 1148 3468 1218 qualescunque
3484 1153 3621 1204 sint:

344 1230 503 1300 πρὸς
541 1229 737 1298 ῥῆγας
769 1227 1026 1296 πάντας,
1065 1231 1160 1282 καὶ
1230 1229 1382 1298 πρὸς
1417 1232 1812 1300 πατριάρχας,
1836 1231 1939 1286 και

2044 1240 2091 1286 et
2131 1231 2201 1285 ad
2236 1249 2379 1302 reges
2414 1250 2613 1302 omnes,
2645 1247 2692 1290 et
2728 1236 2796 1289 ad
2826 1238 3167 1306 patriarchas
3187 1249 3236 1292 et
3272 1240 3626 1306 archiepisco-

348 1323 501 1390 τοὺς
554 1321 908 1388 καθολικοὺς
951 1323 1494 1391 άρχιεπισκόπουςο
1544 1325 1634 1387 εις
1679 1322 1749 1375 δὲ
1797 1322 1940 1387 τοὺς

2044 1340 2131 1392 pos
2159 1325 2449 1379 catholicos
2479 1344 2498 1382 :
2519 1329 2590 1380 ad
2618 1337 2834 1382 creteros
2857 1346 2975 1383 vero
3001 1341 3217 1383 cunctos
3238 1331 3623 1398 metropolitas,

346 1416 584 1482 ἄλλους
612 1414 847 1481 πάντας
877 1414 1328 1483 μητροπολίτας
1363 1414 1464 1467 καὶ
1501 1414 1801 1483 ἄρχοντας
1837 1431 1940 1482 κη-

2037 1425 2087 1470 et
2117 1434 2377 1485 proceres,
2417 1421 2633 1487 ponitur
2655 1420 2892 1489 sigillum
2927 1437 3128 1474 cereum
3158 1437 3176 1475 :
3210 1421 3278 1474 ad
3305 1424 3478 1476 solum
3503 1440 3623 1478 vero

340 1511 688 1577 ρόόουλλαο
735 1510 821 1573 εἰς
845 1510 1039 1577 μόνον
1077 1507 1146 1559 δὲ
1191 1507 1299 1562 τὸν
1354 1506 1606 1574 Ῥωσιας
1634 1505 1940 1576 πέμπουσι

2044 1511 2436 1579 metropolitam
2457 1510 2688 1576 Russiw,
2720 1511 3044 1580 plumbeum.

345 1604 856 1672 μολιὸόὸουλλον.

347 1695 501 1749 Ποῖα
545 1695 823 1762 πιττάκια
872 1691 1274 1762 ἐπιγράφουσι
1333 1691 1784 1762 μητροπολῖται,
1833 1694 1931 1748 καὶ

723 1761 845 1828 πῶς
884 1763 1072 1816 ταῦτα
1090 1761 1563 1832 ἐπιγράφουσιν.

422 1854 576 1927 1417]
619 1858 683 1909 οι
708 1853 1142 1924 μητροπολῖται
1173 1855 1326 1923 πρὸς
1353 1854 1471 1924 μὲν
1508 1855 1618 1909 τὸν
1649 1855 1932 1924 πατριάρ-

351 1965 473 2016 χην
505 1945 1198 2010 Κωνσταντινουπόλεως
1211 1943 1540 2014 γράφοντες
1562 1948 1635 2000 οὐ
1661 1947 1933 2000 τιθέασιν

349 2040 422 2091 ἐν
449 2035 525 2104 τῇ
557 2033 855 2104 ἐπιγραφῇ
879 2033 945 2087 τὸ
987 2033 1093 2086 τοῦ
1135 2033 1505 2102 πατριάρχου
1544 2036 1758 2104 ὄνομα·
1797 2035 1934 2089 ἀλλ’

347 2128 497 2182 ἔνθα
519 2126 637 2195 μέν
665 2127 843 2178 ἐστιν
879 2125 916 2192 ἠ
940 2123 1208 2189 βοῦλλα,
1241 2125 1485 2178 ποιοῦσι
1509 2125 1829 2192 σταυροὺς,
1866 2126 1936 2178 ἐν

352 2221 424 2273 δὲ
447 2216 530 2283 τῷ
555 2218 737 2286 ἑτέρῳ
760 2214 924 2287 μέρει
955 2215 1216 2269 κάτωθεν
1240 2215 1346 2268 τοῦ
1374 2215 1602 2285 δεσμοῦ
1641 2217 1936 2284 γράφουσι

349 2312 419 2365 τὸ
451 2309 676 2364 οικεῖον
703 2309 912 2378 ὄνομα,
941 2307 1034 2360 τοῦ
1065 2305 1325 2361 ταπεινοῦ
1363 2307 1781 2378 μητροπολίτου,
1823 2307 1937 2361 τοῦ·

351 2401 412 2456 δε
431 2417 449 2434 °
478 2400 633 2455 οὕτω
649 2401 749 2454 καὶ
769 2402 858 2465 εἰς
878 2397 986 2464 τὰς
1010 2398 1161 2466 πρός
1175 2398 1440 2462 βασιλέα
1477 2398 1572 2451 καὶ
1603 2398 1935 2452 δέσποιναν

352 2492 663 2562 ἀναφορὰς
695 2491 1123 2560 προστιθέντες
1149 2507 1163 2524 ο
1203 2490 1299 2544 τοῦ
1350 2490 1537 2544 δούλου
1571 2491 1666 2544 καὶ
1715 2491 1935 2561 εὑχέτου

349 2582 451 2649 τῆς
481 2581 750 2651 κραταιᾶς
779 2581 873 2633 καὶ
901 2580 1063 2649 ἁγίας
1099 2579 1376 2650 βασιλείας
1409 2598 1502 2635 σου
1553 2580 1648 2633 τοῦ
1680 2579 1936 2634 ταπεινοῦ

355 2673 778 2744 μητροπολίτου,
809 2672 963 2726 τοῦδε
984 2688 999 2704 ’
1030 2675 1117 2739 εις
1146 2672 1214 2725 δὲ
1255 2672 1364 2738 τὰς
1399 2672 1548 2743 πρὸς
1593 2672 1934 2739 δεσπότην·

350 2763 446 2817 τοῦ
481 2763 703 2833 εὑχέτου
731 2763 830 2834 τῆς
863 2763 1139 2833 βασιλείας
1171 2780 1268 2817 σου
1291 2779 1304 2794 ο
1371 2765 1516 2833 πρὸς
1542 2764 1611 2818 δὲ
1638 2764 1780 2831 τοὺς
1812 2768 1939 2819 λοι-

349 2855 510 2922 ποὺς
531 2855 904 2925 πατριάρχας
924 2857 1019 2910 καὶ
1041 2859 1508 2926 μητροπολίτας,
1541 2858 1579 2928 ἣ
1602 2857 1698 2914 καὶ
1722 2857 1938 2923 ξένους
1963 2902 2008 2963 c

350 2945 751 3010 ἐπισκόπους,
781 2947 926 3001 ἔνθα
979 2947 1100 3018 μέν
1146 2948 1322 3002 ἐστιν
1347 2951 1610 3016 βοῦλλα,
1653 2949 1721 3004 τὸ
1752 2949 1939 3018 ὄνομα

349 3039 555 3104 τίθησι
579 3037 684 3091 τοῦ
716 3039 866 3105 πρὸς
889 3038 961 3093 ὃν
991 3040 1201 3110 γράφει
1226 3058 1239 3075 ο
1268 3042 1338 3095 ἐν
1364 3042 1434 3095 δέ
1465 3041 1546 3107 τῷ
1568 3042 1744 3110 ἑτέρῳ
1768 3044 1935 3112 μέρει

349 3129 421 3182 τὸ
473 3128 696 3183 οἰκεῖον
740 3130 929 3200 ὄνομα
975 3132 1296 3202 συνήθως’
1340 3132 1439 3186 ὅτε
1489 3133 1559 3186 δὲ
1599 3135 1748 3201 πρὸς
1798 3133 1940 3199 τοὺς

350 3219 457 3275 ὑπ’
486 3220 675 3274 αὐτὸν
703 3220 1080 3288 ἐπισκόπους
1126 3222 1164 3290 ἢ
1215 3223 1564 3292 κληρικοὺς,
1609 3222 1844 3292 πρῶτον
1875 3223 1943 3278 τὸ

349 3311 576 3365 οἰκεῖον
609 3312 819 3382 ὄνομα,
869 3309 999 3368 οἷον
1042 3315 1113 3368 ὲν
1149 3315 1227 3380 τῷ
1255 3315 1421 3385 μέρει
1479 3316 1590 3386 τῆς
1623 3318 1938 3385 βούλλης·

349 3404 452 3457 καὶ
482 3404 550 3456 ἐν
585 3403 663 3469 τῷ
699 3404 879 3474 ἑτέρῳ
919 3405 985 3460 τὸ
1021 3406 1210 3476 ὄνομα
1249 3407 1356 3463 τοῦ
1408 3409 1558 3478 πρὸς
1596 3409 1667 3463 ὃν
1693 3408 1900 3478 γράφει
1926 3425 1940 3438 ·

353 3495 458 3547 καὶ
484 3493 584 3548 ὅτε
613 3496 762 3564 πρὸς
784 3497 1253 3568 εὐγενεστάτους
1291 3498 1591 3568 ἄρχοντας
1618 3499 1843 3568 γράψῃ,
1875 3498 1942 3551 τύ

349 3587 592 3641 ἐκείνου
635 3587 826 3657 ὄνομα
873 3589 1076 3657 τίθησι
1111 3588 1368 3659 πρῶτον,
1415 3590 1487 3644 ἐν
1534 3590 1602 3643 δὲ
1638 3589 1718 3654 τῷ
1764 3589 1944 3657 ἑτέρῳ

349 3679 517 3750 μέρει
549 3680 614 3734 τὸ
639 3680 878 3746 ἑαυτοῦ,
904 3681 974 3734 ἐν
999 3681 1066 3736 δὲ
1094 3681 1174 3747 τῷ
1222 3683 1382 3737 τέλει
1417 3681 1540 3736 τῶν
1585 3683 1737 3751 πρὸς
1763 3682 1945 3746 βασι-

2043 1685 2247 1752 Quibus
2277 1686 2628 1762 pugillaribus
2665 1687 3067 1762 inscriptionem
3100 1689 3306 1744 addunt
3357 1700 3623 1762 metropo-

2326 1757 2437 1811 litw
2454 1771 2472 1807 :
2487 1768 2534 1810 et
2551 1758 2813 1827 quomodo
2829 1772 3145 1827 componunt
3171 1762 3342 1815 illam.

2112 1845 2195 1898 Ad
2236 1848 2600 1914 patriarcham
2639 1848 3296 1920 Constantinopolitanum
3341 1852 3626 1908 scribentes

2043 1952 2144 1989 non
2177 1947 2376 2005 ponunt
2422 1939 2477 1990 in
2534 1942 2990 2008 suprascriptione
3026 1960 3212 1996 nomen
3265 1944 3626 2012 patriarchw;

2043 2029 2135 2083 sed
2191 2030 2278 2082 ubi
2327 2039 2405 2084 est
2460 2031 2696 2101 sigillum
2747 2032 2957 2100 faciunt
3021 2052 3202 2089 cruces
3235 2039 3333 2090 :in
3369 2039 3480 2091 alia
3507 2054 3628 2090 vero

2042 2129 2196 2186 parte
2221 2119 2363 2187 infra
2387 2120 2655 2173 uinculum
2679 2121 2920 2174 scribunt
2969 2125 3244 2192 proprium
3277 2141 3487 2192 nomen,
3510 2127 3585 2178 sic
3606 2141 3626 2178 :

2049 2210 2288 2266 Humilis
2318 2214 2678 2282 metropolitze
2707 2212 2772 2268 N.
2810 2217 2898 2269 Sic
2929 2218 3088 2270 etiam
3138 2219 3209 2270 ad
3257 2219 3626 2286 imperatorem

2042 2313 2093 2356 et
2128 2302 2515 2371 imperatricem
2550 2306 2898 2360 relationibus
2939 2307 3192 2362 addunt:
3227 2307 3381 2364 Servi
3412 2319 3464 2364 et
3496 2325 3625 2363 ora-

2045 2396 2182 2451 toris
2249 2397 2620 2466 potentissimi
2687 2407 2740 2453 ιιι
2786 2401 2962 2454 sancti
3010 2403 3087 2454 tui
3137 2402 3352 2473 imperii
3400 2403 3626 2458 humilis

2045 2489 2409 2557 metropolitae
2441 2487 2508 2543 N.
2548 2489 2615 2542 In
2670 2491 3019 2545 relationibus
3052 2508 3170 2545 vero
3205 2493 3274 2544 ad
3327 2493 3624 2561 despotam,

2044 2584 2124 2637 sic
2153 2597 2170 2634 :
2202 2581 2451 2637 Oratoris
2477 2585 2780 2653 majestalis
2805 2595 2928 2638 tuae.
2964 2585 3048 2638 Ad
3073 2587 3304 2655 reliquos
3331 2604 3490 2652 porro
3525 2603 3626 2656 pa-

2047 2676 2314 2728 triarchas
2338 2684 2386 2729 et
2419 2676 2804 2744 metropolitas,
2835 2675 2912 2729 vel
2941 2677 3103 2729 etiam
3147 2676 3374 2729 advenas
3407 2677 3616 2744 episco-

2045 2782 2157 2836 pos,
2221 2765 2311 2819 ubi
2369 2775 2448 2820 est
2503 2765 2761 2835 sigillum,
2795 2766 2941 2833 ponit
2971 2782 3155 2819 nomen
3197 2766 3342 2819 illius
3383 2765 3451 2817 ad
3475 2781 3626 2835 quem

2045 2857 2228 2912 scribit
2265 2873 2284 2911 :
2314 2858 2368 2911 in
2422 2858 2592 2911 altera
2641 2873 2760 2911 vero
2815 2865 2968 2927 parte
2997 2860 3270 2925 proprium
3318 2873 3528 2922 nomen,
3569 2866 3628 2909 ut

2047 2949 2212 3002 moris
2245 2959 2344 3002 est.
2403 2948 2536 3003 Cum
2571 2965 2688 3002 vero
2738 2949 2807 3001 ad
2837 2949 2940 3003 sibi
2970 2949 3208 3002 subditos
3254 2949 3524 3015 episcopos
3549 2947 3630 3001 vel

2047 3040 2268 3094 clericos
2328 3040 2534 3106 scribit,
2575 3043 2727 3109 prius
2777 3042 2925 3111 ponit
2963 3057 3149 3094 nomen
3176 3056 3329 3093 suum
3383 3039 3434 3090 in
3475 3047 3629 3107 parte

2047 3130 2214 3201 sigilli
2238 3145 2258 3183 :
2287 3131 2340 3183 in
2373 3130 2483 3184 alia
2509 3147 2626 3184 vero
2649 3139 2799 3198 parte
2817 3145 3000 3183 nomen
3031 3127 3178 3180 illius
3211 3124 3280 3178 ad
3311 3141 3459 3195 quem
3487 3127 3628 3178 scri-

2045 3222 2138 3276 bit.
2183 3223 2265 3293 At
2324 3238 2444 3276 cum
2502 3222 2683 3276 scribit
2733 3221 2802 3276 ad
2855 3220 3270 3290 spectatissimos
3321 3217 3625 3284 optimates,

2044 3315 2190 3367 illius
2227 3331 2414 3368 nomen
2445 3315 2593 3378 prius
2645 3315 2816 3384 ponit,
2869 3315 2923 3365 in
2961 3311 3070 3365 alia
3100 3326 3218 3364 vero
3248 3321 3396 3376 parte
3444 3324 3622 3360 suum.

2046 3403 2113 3459 In
2149 3406 2253 3473 [ine
2306 3406 2607 3458 litterarum
2663 3421 2799 3474 quas
2827 3402 2987 3456 mittit
3030 3399 3098 3454 ad
3130 3401 3499 3467 imperatores,
3549 3395 3626 3449 rel

2043 3495 2427 3562 imperatrices,
2461 3495 2536 3547 sic
2564 3509 2582 3545 :
2611 3494 2682 3546 ιςι
2708 3508 2900 3547 servus
2929 3499 2983 3544 et
3018 3497 3205 3544 orator
3232 3487 3626 3561 potentissimae

2043 3596 2098 3641 et
2135 3596 2338 3640 sanctae
2359 3585 2663 3655 majestatis
2688 3593 2796 3639 tute
2821 3600 2990 3640 ausus
3027 3583 3212 3638 retuli.
3244 3582 3326 3635 Ad
3349 3581 3624 3648 despolam

2045 3691 2208 3730 vero:
2243 3677 2310 3732 Ut
2344 3685 2531 3731 orator
2561 3676 2869 3746 majestatis
2924 3685 3033 3730 tua;
3080 3689 3252 3728 ausus
3312 3672 3496 3728 retuli.
3543 3669 3626 3723 Ad

349 3773 487 3838 λεῖς
539 3772 911 3843 γραμμάτων,
961 3774 1001 3844 ἢ
1047 3773 1410 3842 δεσποίναςο
1458 3775 1544 3839 Ὠς
1591 3774 1777 3837 δοῦλος
1835 3771 1929 3826 καὶ

2044 3769 2268 3839 reliquos
2306 3777 2480 3823 autem
2523 3772 2760 3841 aliquam
2796 3769 3150 3839 precationem
3176 3764 3480 3835 subjungit.

352 3861 585 3932 εὐχὲτης
614 3863 716 3932 τῆς
746 3865 1019 3934 κραταιᾶς
1049 3865 1145 3918 καὶ
1186 3865 1346 3934 ἁγίας
1377 3864 1654 3936 βασιλείας
1691 3882 1784 3918 σου
1848 3859 2133 3930 τολμήσας
2189 3860 2472 3931 ἀνέφερον.
2538 3861 2694 3930 Πρὸς
2745 3860 3052 3928 δεσπότην
3107 3858 3198 3913 δέ’
3267 3857 3356 3920 Ὦς
3397 3857 3631 3928 εὐχετης

350 3951 452 4020 τῆς
479 3949 754 4020 βασιλείας
782 3967 873 4005 σου
897 3952 1174 4024 τολμήσας
1212 3955 1498 4027 ἀνέφερον.
1530 3955 1688 4024 Πρὸς
1717 3955 1785 4008 δὲ
1804 3951 1945 4015 τοὺς
1981 3948 2256 4015 λοιποὺς,
2291 3951 2485 4020 εὐχήν
2513 3969 2668 4008 τινα.

355 4041 558 4105 Ὅπως
595 4039 867 4117 γράφει-ό
910 4041 1280 4117 πατριάρχης
1327 4045 1453 4111 τοῖς
1501 4045 1759 4115 ἄρχουσι
1815 4044 1926 4114 τῆς

2044 4039 2314 4106 Quomodo
2387 4047 2573 4102 scribit
2626 4045 2936 4117 patriarcha
2991 4044 3060 4097 ad
3122 4041 3357 4097 ecclesia:
3414 4039 3628 4112 Magnis

804 4110 1087 4180 Μεγάλης
1125 4110 1480 4184 έᾶἱκλησιας.

425 4202 743 4271 Τιμιώτατι
769 4201 917 4272 μέγα
940 4204 1191 4276 οἰκονόμε
1220 4207 1320 4277 τῆς
1356 4209 1481 4260 καθ’
1511 4208 1659 4278 ἡμᾶς
1696 4209 1940 4281 μεγάλης

365 4292 716 4362 Ἐκκλησίαῇ
764 4295 824 4347 ιν
874 4294 1016 4367 ἁγιῳ
1075 4296 1355 4367 Πνεύματι
1406 4298 1655 4369 ἀγαπητὲ
1701 4301 1784 4354 υἱὲ
1840 4301 1944 4371 τῆς

355 4383 514 4454 ἡμῶν
540 4385 917 4456 μετριότητος,
959 4386 1173 4441 διάκονε
1208 4388 1364 4458 κῦρε,
1396 4391 1423 4442 ὁ
1455 4390 1624 4444 δεῖνα.

431 4475 604 4529 οὓτω
651 4476 910 4542 καὶτοῖς
952 4476 1168 4546 ἄλλοις
1219 4479 1372 4533 κατὰ
1425 4480 1618 4549 τάξιν,
1666 4483 1749 4551 ὡς
1798 4502 1941 4556 προ-

353 4565 605 4637 εγράφη.

356 4658 558 4725 ὀπως
601 4656 945 4732 γράφουσιν
987 4661 1043 4714 οι
1059 4662 1492 4732 μητροπολῖται
1533 4663 1660 4732 τοῖς

653 4728 794 4796 τοὺς
824 4728 1083 4799 ἄρχουσι
1110 4728 1216 4799 τῆς
1257 4728 1640 4802 Ἐκκλησίιιςζ

457 4823 502 4874 ο
549 4823 994 4891 μητροπολιτης
1053 4824 1180 4891 τοῖς
1244 4826 1346 4881 ὑπ’
1389 4827 1579 4883 αὐτὸν
1634 4833 1940 4903 κληρικοῖς

1703 4669 1807 4722 ὑπ’
1832 4673 1940 4727 αὑ-

2697 4131 2959 4187 proceres.

2117 4214 2627 4279 Vencrabilissime,
2696 4224 2890 4280 magne
2937 4220 3222 4261 mconome
3256 4212 3460 4258 nostra:
3501 4217 3629 4262 san-

2048 4309 2310 4364 ctissima:
2358 4307 2660 4362 Ecclesiae:
2698 4303 2750 4356 in
2806 4308 2998 4354 sancto
3041 4299 3246 4366 Spiritu
3302 4296 3504 4350 dilecte
3549 4295 3624 4348 liti

2049 4410 2248 4453 nostra:
2271 4396 2682 4459 mediocritatis,
2715 4393 2946 4447 diacoue
2979 4388 3197 4444 domine
3220 4385 3286 4439 N.

2119 4489 2207 4545 Sic
2228 4492 2389 4543 etiam
2420 4491 2488 4541 ad
2513 4485 2740 4556 reliquos
2772 4482 2977 4550 ordine,
3004 4491 3061 4535 ut
3080 4480 3335 4550 scriptum
3359 4487 3460 4532 est.

2044 4665 2324 4735 Quomodo
2368 4666 2606 4721 scribunt
2651 4659 3002 4735 metropolitaf
3055 4655 3312 4711 Ecclesia:
3353 4651 3455 4709 sibi
3500 4650 3626 4706 sub.

2578 4736 2731 4804 iectu:
2761 4732 3090 4802 proceribus.

2113 4827 2460 4898 Metropolim
2517 4827 2747 4882 subditis
2802 4822 2905 4878 sibi
2959 4819 3188 4884 (lericis,
3231 4834 3292 4872 eo
3335 4815 3488 4871 modo
3522 4832 3625 4885 quo

357 4911 513 4965 οὕτω
563 4909 796 4980 γράφει,
844 4913 926 4979 ὡς
972 4913 1072 4968 καὶ
1119 4917 1153 4970 ὀ
1196 4915 1566 4986 πατριάρχης
1611 4921 1760 4988 πρὸς
1799 4923 1940 4988 τοὺς

2044 4922 2345 4988 patriarcha
2375 4919 2611 4975 ecclesia:
2658 4917 2872 4988 Magna
2923 4910 3262 4984 aptimatibus
3311 4909 3513 4975 scribit,
3555 4909 3626 4962 ad

356 5000 472 5070 τῆς
505 5002 789 5072 Μεγάλης
819 5003 1174 5074 ἐκκλησίας,
1234 5010 1380 5076 πρός
1429 5025 1494 5064 τε
1521 5011 1814 5081 πρώτους,
1841 5016 1940 5070 καὶ

2044 5013 2197 5079 primi
2234 5013 2488 5064 nimirum
2520 5021 2570 5064 et
2622 5010 2691 5063 ad
2753 5007 2972 5064 secundi
3027 5001 3258 5070 ordinis,
3288 5011 3338 5058 et
3381 5003 3624 5069 deinceps

358 5094 698 5164 δευτέρους,
734 5098 833 5154 καὶ
855 5098 988 5152 καθ’
1019 5098 1186 5166 ἑξῆς.

927 5191 1067 5257 Περὶ
1088 5191 1295 5261 ρηγῶν
1320 5204 1371 5247 (ι.

433 5277 581 5345 Τοὺς
616 5277 922 5350 μεγάλους
973 5279 1162 5352 ρῆγας
1213 5284 1552 5354 γράφουσιν
1604 5290 1660 5344 oi
1714 5307 1935 5360 μητρο-

2040 5104 2108 5160 ad
2137 5105 2368 5174 reliquos
2404 5119 2668 5174 proceres.

2677 5193 2751 5248 De
2789 5191 3019 5264 regibus.

2116 5289 2199 5344 Ad
2228 5296 2445 5360 magicos
2471 5304 2614 5359 reges
2651 5288 2814 5342 etiam
2850 5282 3204 5354 metropolita'
3237 5280 3461 5352 Magnos
3484 5277 3622 5332 scri-

1656 5402 1889 5458 νΑιιιίΕ
1932 5403 2338 5462 LECTIONES.

459 5521 488 5564 Ρ
513 5513 954 5580 μολιϐδόϐουλλα.
1052 5527 1079 5566 (ι
1116 5517 1294 5574 Deest.
