3970 6212
476 139 585 205 415
638 149 641 151 ’

1393 141 1844 202 ῦΒιΕΕΟΒΗΜ
1884 139 2463 203 EPISCOPATUUM
2495 139 2822 202 NOTITL’E

3632 141 3740 206 416

478 258 626 318 bunt,
673 254 808 307 sicut
863 262 911 308 et
963 253 1313 321 patriarcha:
1345 255 1434 322 qui
1482 269 1600 306 vero
1653 269 1755 306 non
1799 253 2050 304 dicuntur

2182 253 2412 314 πολῖται,
2442 254 2748 320 Μεγάλους,
2774 251 2976 320 ὥσπερ
2999 252 3095 306 καὶ
3123 255 3156 306 ό
3179 252 3573 322 πατριάρχης·
3600 256 3745 312 τοὺς

481 347 676 416 magni,
731 347 892 399 etiam
951 346 1304 413 metropolin
1339 361 1478 413 reges
1522 343 1834 410 simpliciter
1887 344 2055 395 nomi-

477 447 627 492 nant.
664 437 733 489 Et
771 437 1083 505 patriarcha
1112 438 1319 505 quidem
1349 436 1478 488 dicit
1517 437 1587 488 ad
1641 436 1761 488 illos
1793 434 2055 489 Nobilita-

480 543 590 585 tem
649 548 661 583 :
709 526 1063 598 Metropolitae
1101 542 1275 584 autem
1331 531 1788 585 Dominationcm.
1845 529 2052 599 Supra-

479 624 692 689 scriptio
725 640 840 676 vero
867 623 1170 676 tabularum
1205 623 1377 691 primo
1413 640 1602 677 nomen
1627 624 1774 678 illius
1797 625 1963 692 ponit,
2004 637 2052 679 et

480 719 531 770 in
567 716 677 768 alia
706 726 857 784 parte
884 731 1073 770 nomen
1108 716 1482 784 metropolita'.

826 889 904 943 De
941 889 1150 944 Ctesare
1177 897 1226 942 et
1255 887 1711 945 Sebastocratore.

549 984 630 1035 At!
659 981 924 1037 Ctesarem
977 991 1025 1034 et
1058 979 1546 1035 Sebastocratorem
1591 982 1824 1036 scribens
1866 994 2059 1037 metro—

477 1074 665 1146 polita,
715 1075 938 1143 oﬁicium
983 1075 1194 1142 quidem
1233 1075 1379 1143 ponit
1409 1074 1562 1143 quale
1604 1074 2057 1130 Sebastocratoris

480 1170 555 1221 vel
585 1167 818 1222 Ctesaris
853 1183 870 1220 :
912 1183 1096 1218 nomen
1129 1183 1253 1219 vero
1284 1167 1430 1220 illius
1473 1183 1821 1237 nequaquam.
1858 1168 1937 1221 Ad
1962 1171 2057 1224 hos

479 1277 597 1313 vero
635 1276 812 1312 omnes
840 1261 1179 1327 majestalem
1209 1259 1373 1312 etiam
1419 1259 1572 1324 dicit,
1598 1263 1705 1313 sive
1737 1261 1844 1314 sint
1864 1259 2056 1325 εῖτ-ατε,

479 1354 585 1405 sive
611 1353 844 1406 barbari.

483 1445 557 1498 De
592 1445 946 1514 pugillaribus
1001 1444 1438 1499 patriarcharum
1479 1453 1529 1497 et
1578 1445 2057 1512 metropolitarum.

556 1598 874 1651 Patriarcha
908 1613 1232 1668 quwcunque
1260 1597 1844 1666 pugillariumsigillat,
1882 1597 2060 1650 omnia
2089 1593 2136 1651 B

483 1696 637 1759 longa
659 1701 778 1743 sunt
807 1707 823 1742 :
851 1707 1173 1760 qturcunqrm
1200 1707 1316 1744 vero
1351 1706 1455 1742 non
1487 1699 1608 1742 sunt
1643 1690 1906 1758 sigillata,
1940 1705 2059 1743 sunt

481 1783 852 1852 quadrangula
874 1798 892 1834 :
926 1781 1264 1850 Metropolim
1311 1791 1486 1835 autem
1527 1783 1721 1851 absque
1757 1781 2062 1836 discrimine

483 1874 742 1942 componit
769 1891 789 1939 ;
821 1875 931 1943 agit
952 1875 1086 1927 enim
1111 1883 1266 1942 prout
1291 1873 1523 1927 libuerit.

1000 1965 1078 2019 De
1109 1965 1556 2034 imperatricibus.

557 2055 754 2110 Notam
804 2057 1088 2125 pugillaris
1141 2056 1210 2110 ad
1244 2058 1633 2124 imperatricem
1678 2057 1831 2111 missi
1857 2058 2058 2128 ignoro.

495 2148 711 2202 Viaetur
751 2159 924 2202 tamen
957 2149 1084 2202 mihi
1125 2159 1179 2202 ut
1211 2151 1316 2202 sint
1342 2150 1504 2202 simul
1526 2147 1694 2202 amba:
1725 2149 1917 2202 littera:
1941 2151 1982 2200 Β
2013 2160 2061 2204 et

480 2241 538 2291 A.
568 2238 679 2291 Alii
715 2255 833 2292 vero
864 2241 1046 2292 dicunt
1085 2240 1223 2309 quod
1251 2241 1304 2292 in
1334 2239 1690 2308 pugillaribus
1723 2241 1792 2292 ad
1826 2240 2062 2308 impera-

482 2343 644 2382 torem
676 2346 708 2382 a
732 2331 1081 2398 metropolitis
1110 2331 1321 2398 scriptis
1374 2341 1423 2384 et
1458 2331 1678 2399 reliquis
1714 2331 2061 2398 optimatibus

481 2437 638 2474 suum
663 2439 849 2476 nomen
881 2432 1088 2476 tantum
1119 2423 1415 2476 inscribunt
1449 2425 1500 2476 in
1529 2441 1637 2476 una
1668 2436 1840 2492 parte,
1870 2426 1925 2477 in
1951 2425 2064 2478 alia

483 2525 596 2563 tero
617 2510 819 2563 nullam
850 2511 1086 2564 litteram
1119 2512 1354 2579 signant.
1402 2511 1535 2565 Cum
1586 2527 1704 2565 uero
1733 2513 1970 2566 scribunt
1993 2514 2061 2566 ad

483 2601 897 2669 imperatricem,
933 2601 1186 2655 similiter
1233 2603 1287 2655 in
1322 2619 1429 2655 una
1458 2613 1608 2672 parte
1634 2613 1833 2672 ponunt
1877 2622 2064 2660 nomen

484 2707 662 2755 suum,
699 2691 753 2743 in
786 2690 898 2743 alia
924 2701 1099 2744 autem
1120 2693 1328 2761 faciunt
1362 2703 1465 2748 tres
1493 2711 1675 2747 cruces
1715 2712 1859 2749 more
1881 2699 2062 2761 solito,

483 2793 531 2836 et
565 2793 933 2852 supraponunt
993 2786 1224 2839 litteram
1287 2788 1347 2840 Δ.
1413 2785 1593 2841 Restat
1629 2789 1790 2858 igitur
1814 2799 1940 2842 nota
1969 2806 2039 2858 pu

486 2873 698 2944 gillaris
738 2875 807 2926 ad
853 2877 1244 2945 imperatricem
1271 2887 1327 2930 ut
1360 2879 1534 2933 littera
1562 2879 1603 2933 B
1632 2880 1979 2946 inscribatur,
2014 2891 2063 2936 et

486 2969 582 3019 hoc
614 2967 859 3021 existimo
884 2969 1074 3022 tutius.

2154 345 2223 397 δὲ
2243 347 2330 414 μὴ
2358 348 2726 415 λεγομένους
2765 345 3071 415 μεγάλους
3097 347 3195 399 καὶ
3227 349 3282 399 οἱ
3309 350 3746 416 μητροπολῐται

2157 439 2353 508 ῥᾶγας
2380 439 2591 505 ἁπλῶς
2627 438 2948 508 γράφουσι.
2990 438 3100 492 Kal
3129 442 3161 492 o'
3197 441 3314 508 μὲν
3371 441 3747 512 πατριάρχης

2154 531 2316 598 λέγει
2360 529 2512 596 πρὸς
2547 529 2849 594 ἐκείνους,
2883 527 3180 595 Εὺγένειαν
3203 543 3214 556 ·
3247 532 3302 582 ol
3337 529 3406 583 δὲ
3447 548 3746 599 μητροποι

2155 621 2334 685 λῖται,
2370 620 2698 674 Λὺθεντείαν
2719 637 2732 650 ·
2769 622 2806 687 τ)
2836 620 2904 672 δὲ
2927 621 3224 690 ἐπιγραφὴ
3251 620 3369 675 τῶν
3400 625 3746 687 πιττακίων,

2157 710 2394 779 πρῶτον
2421 714 2484 765 τὸ
2513 712 2752 765 ἐκείνου
2787 711 2998 780 ὄνομα,
3034 711 3132 764 καὶ
3154 712 3225 764 ἐν
3247 711 3327 776 τῷ
3359 712 3527 779 ἄλλῳ
3557 714 3746 783 μέρει,

2157 804 2224 857 τὸ
2255 804 2361 858 τοῦ
2387 802 2856 873 μητροπολίτου.

2331 895 2472 964 Περὶ
2515 896 2819 963 Καίσαρος
2859 895 2957 948 καὶ
2989 895 3569 964 Σεϐαστοκράτορος.

2231 987 2390 1054 Πρὸς
2421 987 2692 1054 Καίσαρα
2733 986 2835 1040 καὶ
2873 989 3405 1055 Σεϐαστοκρὰτορα
3445 988 3686 1058 γράφων
3711 992 3745 1044 ὁ

2154 1078 2603 1148 μητροπολίτης
2628 1077 2693 1131 τὸ
2719 1077 2837 1147 μὲν
2893 1079 3178 1147 ὀφφίκιον
3220 1079 3451 1148 γράφει,
3507 1076 3638 1134 οἷον
3675 1081 3743 1134 τὸ

2159 1172 2266 1225 τοῦ
2300 1169 2876 1239 Σεϐαστοκράτορος,
2908 1171 2946 1239 ἢ
2985 1171 3317 1239 Καίσαροςο
3352 1172 3419 1225 τὸ
3453 1173 3523 1225 δὲ
3559 1173 3742 1242 ὄνομα

2160 1261 2435 1331 οὐδαμῶς
2459 1278 2472 1290 ·
2516 1262 2616 1315 ἐπὶ
2664 1262 2908 1316 πάντων
2953 1264 3022 1317 δὲ
3064 1265 3292 1317 τούτων
3321 1264 3418 1316 καὶ
3467 1264 3742 1334 βασιλείαν

2159 1353 2319 1423 λέγει
2340 1368 2353 1382 ·
2381 1352 2498 1409 κᾶν
2534 1353 2826 1421 Ῥωμαῖοι,
2869 1353 2986 1407 κᾶν
3008 1354 3300 1420 βάρϐαροι
3327 1348 3501 1408 ὦσιν.

2166 1443 2316 1515 [418]
2355 1441 2496 1510 Περι
2535 1441 2916 1510 πατριαρχῶν
2949 1443 3060 1564 ἴιαὶ
3100 1440 3561 1510 μητροπολιτῶν
3618 1455 3738 1496 πιτ-

2835 1529 2943 1564 τακ
2971 1529 3074 1564 ων.

2835 1529 3074 1566 τακιων.

2246 1607 2308 1658 ’0
2336 1603 2704 1674 πατριάρχης
2733 1603 2851 1658 ὅσα
2872 1602 3214 1667 βουλλὼνει
3243 1601 3522 1656 πιττάκια
3551 1602 3744 1656 πάντα

2157 1696 2359 1766 μακρά
2400 1699 2580 1760 εἰσιν,
2630 1695 2748 1748 ὅσα
2805 1694 2873 1748 δέ
2916 1697 3075 1747 εἰσιν
3129 1695 3502 1759 ἀόοὐλλωτα,
3548 1693 3748 1759 τετρά-

2163 1806 2324 1860 γωνα
2348 1806 2362 1820 ’
2395 1789 2458 1842 τὸ
2486 1789 2554 1840 δὲ
2578 1788 3024 1857 μητροπολίτου
3056 1785 3386 1855 ἀδιάφορόν
3413 1784 3570 1850 ἐστι,
3598 1781 3752 1838 ποιεῖ

2163 1881 2273 1949 γὰρ
2311 1877 2506 1944 καθὼς
2532 1878 2846 1942 βούλεται.

2636 1969 2778 2036 Περὶ
2819 1968 3215 2022 Βασιλισσῶν
3243 1977 3287 2022 ι’.

2233 2063 2554 2130 Γνὼρισμα
2601 2060 2708 2114 τοῦ
2784 2061 2935 2127 πρὸς
2996 2060 3386 2112 Βασίλισσαν
3437 2058 3751 2111 πιττακιόυ

2162 2152 2419 2221 ἀκριϐῶς
2441 2155 2553 2205 οὐκ
2589 2147 2724 2205 οἶδα
2745 2167 2758 2180 °
2801 2150 2972 2204 δοκεῖ
2986 2149 3054 2202 δέ
3074 2167 3177 2218 μοι
3194 2149 3440 2218 μᾶλλον
3466 2149 3570 2201 ἵνα
3605 2143 3757 2202 ὦσιν

2164 2243 2311 2311 ὁμοῦ
2341 2244 2439 2297 καὶ
2482 2241 2555 2295 τὰ
2595 2242 2705 2296 δύο
2770 2240 3069 2309 στοιχεῖα,
3112 2240 3209 2292 καὶ
3263 2239 3329 2292 τὸ
3362 2239 3402 2293 Β
3451 2239 3554 2291 καὶ
3589 2239 3662 2292 τὸ
3697 2244 3751 2290 Δο

2163 2338 2342 2390 ἄλλοι
2380 2336 2448 2388 δὲ
2481 2336 2793 2405 λέγουσιν,
2813 2336 2894 2400 ὠς
2917 2333 3014 2386 ἐπὶ
3031 2333 3146 2403 μὲν
3177 2332 3283 2386 τοῦ
3306 2332 3459 2400 πρὸς
3487 2331 3757 2385 Βασιλέα

2163 2428 2499 2492 πιτταχίου,
2524 2426 2728 2495 ὥσπερ
2763 2429 2816 2480 οἱ
2842 2424 3278 2494 μητροπολῖται
3311 2423 3644 2493 γράφουσι,
3665 2425 3754 2476 καὶ

2162 2519 2364 2574 λοιποὶ
2395 2518 2688 2586 ἄρχοντες
2711 2517 2778 2570 τὸ
2798 2513 3030 2570 ἑαυτῶν
3058 2516 3247 2583 ὄνομα
3278 2514 3472 2583 μόνον
3516 2512 3754 2582 ἐπιγρά-

2163 2625 2388 2678 φουσιν
2416 2608 2486 2660 ὲν
2535 2606 2615 2671 τῷ
2654 2607 2745 2659 ἐνὶ
2779 2606 2968 2674 μέρει,
3003 2604 3071 2656 ἐν
3113 2602 3182 2655 δὲ
3237 2601 3318 2667 τῷ
3364 2601 3549 2670 ἑτέρῳ
3597 2602 3753 2671 μέρει

2165 2699 2349 2754 οὐδέν
2385 2717 2439 2752 τι
2481 2696 2876 2767 σημειοῦνται
2935 2693 3258 2762 στοιχεῖον.
3307 2691 3670 2760 Γράφοντες
3697 2690 3756 2743 δὲ

2165 2793 2315 2861 πρὸς
2366 2791 2698 2845 δέσποιναν
2755 2788 2971 2858 ὁμοίως
3015 2786 3134 2856 μὲν
3185 2785 3252 2838 τὸ
3294 2784 3451 2838 ῐὸιον
3488 2784 3758 2838 τιθέασιν

2172 2885 2361 2952 ὄνομα
2395 2887 2545 2936 κατὰ
2571 2883 2637 2936 τὸ
2666 2880 2736 2934 ἓν
2759 2879 2942 2950 μέρος
2982 2877 3087 2932 τοῦ
3121 2875 3458 2940 πιττακίου,
3493 2876 3658 2928 κατὰ
3699 2873 3761 2925 δὲ

2173 2977 2240 3029 τὸ
2273 2975 2493 3030 λοιπὸν
2535 2975 2719 3044 μέρος
2747 2972 3062 3036 ποιοῦντες
3095 2967 3396 3036 σταῳοὺς
3441 2966 3634 3035 τρεῖς,
3685 2966 3760 3030 ὡς

486 3062 640 3124 ἔθος,
669 3062 938 3114 τιθέασιν
970 3061 1092 3114 ἅνω
1123 3063 1425 3132 στοιχεῖον
1449 3065 1516 3118 τὸ
1569 3068 1627 3118 Δ.
1669 3067 1948 3122 Λείπεται
1978 3064 2094 3122 οὖν
2131 3068 2436 3138 γνώρισμα
2489 3065 2566 3132 τῷ
2618 3065 2768 3134 πρὸς
2843 3063 2959 3132 τὴν
3015 3061 3402 3128 βασίλισσαν
3470 3060 3767 3126 πιττακίῳ

488 3155 555 3206 τὸ
588 3152 627 3203 Β
666 3150 970 3220 στοιχεῖον
994 3152 1366 3224 ἐπι-γράφειν’
1398 3157 1554 3227 οἶμαι
1574 3157 1642 3211 δὲ
1665 3159 1841 3212 τοῦτο
1868 3160 2349 3228 ἀσφαλέστερον.

490 3245 764 3318 Quomodo
793 3246 1032 3304 scribunt
1064 3252 1241 3304 cwteri
1295 3252 1617 3319 patriarcha:
1655 3253 1724 3306 ad
1753 3253 2064 3308 Constanti-

1083 3323 1472 3390 nopolitanum.

570 3416 935 3472 Sanctissime
966 3414 1188 3470 domine
1229 3414 1640 3486 archiepiscope
1678 3415 2066 3471 Constantino-

491 3509 706 3577 poleos,
752 3521 906 3561 novae
945 3503 1152 3569 Ruina),
1179 3515 1231 3560 et
1261 3506 1602 3560 mcumenice
1640 3506 1977 3576 patriarcha,
2010 3507 2065 3562 in

491 3612 686 3658 Sancto
720 3602 928 3671 Spiritu
960 3600 1340 3654 sacratissime
1379 3599 1920 3658 eldesideralissime
1954 3601 2068 3656 fra-

492 3701 575 3746 ter
605 3703 656 3744 et
697 3691 1094 3747 comminisler.

564 3783 647 3836 Ad
670 3784 901 3853 reliquos
924 3799 1043 3837 vero
1072 3783 1438 3851 metropolitas
1486 3793 1535 3838 et
1586 3784 1820 3839 ecclesia:
1859 3783 2070 3855 Magnae

492 3889 731 3941 proceres
760 3875 836 3928 ita
863 3873 1102 3928 scribunt
1150 3875 1272 3944 ipsi,
1309 3885 1368 3929 ut
1413 3877 1574 3929 etiam
1617 3877 2069 3948 Constantinopo-

496 3968 719 4021 litanus.

567 4141 669 4196 Hic
699 4157 816 4195 vero
865 4141 920 4195 in
959 4139 1311 4210 pugillaribus
1355 4137 1425 4193 ad
1473 4148 1688 4194 ceteros
1733 4141 2071 4208 patriarchas

2170 3257 2370 3320 Ὅπως
2419 3252 2488 3306 δὲ
2542 3250 2881 3322 γράφουσιν
2919 3252 2974 3302 ol
3041 3248 3221 3322 ἄλλοι
3278 3243 3650 3313 πατριάρχαι
3693 3241 3770 3307 τῷ

2593 3320 3306 3381 Κωνσταντινουπόλεως.

2239 3413 2630 3484 Παναγιώτατε
2669 3412 2926 3476 δέσποτα,
2969 3409 3366 3480 ἀρχιεπίσκοπε
3397 3407 3760 3458 Κωνσταντι-

2170 3507 2485 3569 νουπὸλεως
2505 3505 2633 3569 νέας
2661 3503 2904 3574 Ῥώμης,
2925 3503 3020 3556 καὶ
3041 3504 3191 3555 οἰκον
3200 3499 3387 3571 μενικὲ
3420 3498 3771 3568 πατριάρχα.

2169 3602 2228 3654 ὲν
2263 3600 2404 3670 ἁγίῳ
2446 3596 2724 3668 Πνεύματι
2759 3595 3005 3650 Θειὸτατε
3049 3595 3143 3649 καὶ
3180 3594 3530 3648 ποθεινότατε
3568 3592 3776 3660 ἁδελςρὲ

2171 3691 2266 3743 καὶ
2294 3689 2573 3741 συλλειτου
2585 3686 2706 3758 ργὲ.

2245 3779 2402 3847 Πρὸς
2438 3778 2507 3831 δὲ
2562 3778 2707 3842 τοὺς
2761 3776 2990 3842 ἄλλους
3039 3775 3272 3841 πάντας
3311 3775 3776 3843 μητροπολίτας

2171 3871 2272 3925 καὶ
2338 3870 2481 3936 τοὺς
2534 3869 2832 3938 ἄρχοντας
2910 3867 3021 3936 τῆς
3083 3867 3363 3938 Μεγάλης
3430 3867 3778 3934 ἐκκλησίας

2173 3963 2327 4016 οὕτω
2356 3959 2655 4031 γράφουσι
2692 3958 2792 4013 καὶ
2843 3958 3014 4012 αὐτοὶ
3061 3958 3142 4024 ὡς
3182 3957 3279 4011 καὶ
3315 3959 3348 4011 ό
3385 3959 3778 4010 Κωνσταντι-

2173 4057 2545 4120 νουπόλεως.

2261 4146 2322 4198 '0
2341 4143 3045 4209 Κωνσταντινουπόλεως
3073 4141 3140 4194 δὲ
3160 4141 3470 4210 ἐπιγράφει
3500 4140 3575 4195 τὰ
3602 4139 3764 4208 πρὸς

495 4237 666 4306 primo
702 4235 884 4289 scribit
911 4251 1101 4289 nomen
1140 4234 1288 4289 illius
1341 4233 1408 4288 ad
1457 4250 1609 4304 quem
1669 4235 1873 4300 scribit,
1914 4244 1962 4288 et
2021 4237 2066 4288 in

2182 4237 2412 4301 ἄλλους
2455 4234 2824 4304 πατριάρχας
2851 4235 3131 4287 πιττάκια
3151 4251 3165 4264 ·
3200 4232 3440 4300 πρῶτον
3475 4232 3586 4284 τοῦ
3620 4231 3780 4300 πρὸς

500 4329 613 4384 alia
643 4338 794 4398 parte
826 4343 1000 4383 suum.

572 4531 723 4600 Papa
755 4548 876 4586 vero
909 4533 1054 4601 prius
1077 4531 1287 4600 quidem
1313 4530 1722 4586 scribebatsicut
1749 4529 1900 4584 modo
1930 4530 2072 4585 Con-

500 4623 1013 4693 stantinopolitanus
1044 4623 1110 4675 ad
1149 4623 1378 4691 reliquos
1405 4637 1423 4676 :
1453 4623 1528 4676 sic
1548 4623 1708 4675 etiam
1733 4621 1822 4675 ille
1846 4621 1913 4674 ad
1938 4623 2076 4675 hunc

501 4727 548 4769 et
577 4724 826 4778 cteteros;
856 4730 992 4767 nunc
1041 4728 1158 4766 vero
1203 4712 1341 4767 male
1386 4713 1589 4776 scribit,
1632 4729 1736 4766 non
1783 4714 1921 4766 enim
1967 4711 2078 4765 ullo

506 4808 661 4862 modo
688 4808 742 4860 in
768 4807 958 4861 litteris
984 4805 1350 4874 patriarcham
1402 4805 1638 4858 nominat
1667 4820 1686 4858 :
1713 4805 1874 4857 mittit
1911 4813 2086 4857 autem

505 4900 739 4969 sigillum
769 4897 1093 4966 plumbeum,
1137 4895 1275 4968 quod
1327 4895 1503 4950 eceteri
1557 4896 1881 4964 patriarcha:
1938 4896 2086 4951 nullo

452 5027 458 5042 η
511 4989 664 5042 modo
692 4987 920 5056 faciunt,
947 4989 1101 5058 cujus
1150 4987 1411 5041 rationem
1467 4985 1676 5056 ignoro,
1708 4987 1886 5057 sigilla
1914 4995 2088 5040 tamen

511 5097 702 5153 magna
724 5098 870 5136 cerea
905 5081 1131 5151 faciunt.

702 5257 975 5321 Quomodo
1002 5257 1187 5312 scribit
1221 5257 1534 5326 patriarcha
1568 5257 1637 5311 ad
1668 5272 1884 5326 papam.

575 5344 899 5402 Beatissnno
924 5348 1144 5404 domino
1171 5364 1345 5421 papa,
1381 5350 1604 5405 domina
1629 5348 1852 5404 Urbano
1871 5361 2086 5402 summo

2103 4303 2149 4358 θ
2178 4331 2251 4384 ὃν
2305 4328 2513 4399 γράφει
2543 4303 2832 4397 ,ίκαὶῃὲν
2877 4326 2958 4393 τῷ
3007 4327 3175 4391 ἄλλῳ
3215 4325 3381 4396 μέρει
3426 4326 3493 4378 τὸ
3546 4324 3780 4378 οἰκεῖον

2175 4423 2383 4492 ὄνομα.

2255 4515 2316 4568 '0
2338 4512 2406 4568 δὲ
2425 4513 2629 4580 recinat;
2652 4512 2888 4582 πρῶτον
2901 4511 3020 4581 μὲν
3032 4511 3311 4581 ἔγραφεν,
3330 4509 3412 4575 ὡς
3425 4507 3548 4563 νῦν
3563 4510 3780 4562 όΚων-

2175 4607 2739 4672 σταντινουπόλεως
2764 4605 2891 4671 τοῖς
2921 4603 3139 4670 ἄλλοις
3159 4621 3172 4634 ·
3210 4604 3364 4656 οὕτω
3396 4601 3495 4655 καὶ
3534 4600 3784 4665 ἐκεῖνος

2177 4699 2329 4769 πρὸς
2373 4698 2592 4752 τοῦτον
2631 4697 2730 4751 καὶ
2779 4696 2930 4766 πρὸς
2957 4696 3224 4761 ἄλλους·
3257 4693 3374 4748 νῦν
3399 4691 3470 4745 δὲ
3524 4690 3738 4758 κακῶς
3759 4700 3781 4728 ε

2183 4790 2430 4860 γράφει·
2476 4789 2620 4844 οὐδὲ
2650 4790 2761 4858 γὰρ
2796 4788 2951 4854 ὅλως
2994 4787 3202 4856 γράφει
3247 4783 3438 4839 αὑτὸν
3482 4783 3786 4851 πατριάρ-

2185 4895 2337 4950 χην·
2392 4878 2610 4949 πέμπει
2663 4879 2732 4932 δὲ
2800 4879 3319 4948 μολιϐόσουλλον’
3372 4878 3430 4928 οἱ
3479 4873 3551 4928 δὲ
3588 4873 3786 4926 ἄλλοι

2186 4971 2542 5042 πατριάρχαι
2581 4973 3033 5041 μολιόόόουλλα
3086 4968 3212 5024 οὐδ’
3256 4969 3413 5034 ὅλως
3464 4965 3786 5027 ποιοῦσιν,

2187 5068 2299 5120 οὐκ
2349 5062 2484 5118 οῖδα
2526 5063 2672 5131 πῶς,
2711 5065 2995 5132 βούλλας
3036 5062 3103 5117 δὲ
3141 5061 3412 5132 μεγάλας
3465 5060 3615 5129 μετὰ
3666 5075 3790 5126 κη-

2182 5177 2319 5227 pou.

2360 5251 2563 5316 Ὅπως
2589 5248 2798 5319 γράφει
2838 5250 2871 5302 ό
2905 5245 3280 5315 πατριάρχης
3311 5241 3388 5307 τῷ
3410 5240 3596 5307 erasa.

2263 5343 2354 5413 Τῷ
2388 5343 2792 5416 μακαριωτάτῳ
2821 5341 3061 5414 δεσπότῃ
3099 5338 3177 5410 τῷ
3217 5336 3380 5406 πὰπᾳ
3423 5333 3596 5405 κυρίῳ
3628 5329 3794 5403 οὐρ-

1808 5476 2038 5535 νΑΙῖΙΛΕ
2076 5477 2479 5538 LECTIONES.

579 5597 601 5626 τ
643 5591 776 5664 Περὶ
807 5611 1005 5651 πιττακ
1031 5613 1106 5650 ων
1126 5597 1470 5669 Βασιλίτσης.
1543 5605 1565 5635 ³
1592 5599 1895 5655 correctius
1929 5598 2076 5669 leges
2103 5595 2325 5668 ἑτέρως.
