3970 6212
345 245 433 307 417
602 291 605 294 μ
1004 245 1053 303 Α
1089 242 1338 306 LEONE
1377 243 1740 306 SAPIENTE
1778 243 1877 303 AD
1898 243 2401 307 ANDRONICUM
2442 246 2869 307 PALAEOLOG.

3461 249 3570 313 418

340 359 473 430 διινῷ
510 357 665 430 ἄκρῳ
719 358 971 430 ἀρχιερεῖ
1007 357 1315 428 ἀξιωτάτῳ,
1351 359 1544 422 Νεῖλος
1588 334 1733 430 ⁵ὲλέῳ
1763 359 1890 413 Θεοῦ

2020 360 2250 427 >οιιιὶιίοι
2284 360 2635 433 dignissimo,
2689 362 2846 420 Nilus
2892 366 3246 422 miseratione
3270 365 3453 423 divina
3476 384 3569 424 ar-

340 447 750 520 ἀρχιεπίσκοπος
795 447 1415 510 Κωνσταντινουπόλεως
1475 446 1599 511 νέας
1643 445 1882 518 Ῥώμης,

338 539 426 595 καὶ
457 538 835 608 οίκουμενικδς
862 537 1232 609 πατριάρχης.

409 629 502 681 Ἐν
534 626 617 693 τῷ
644 626 829 680 τέλει’
866 626 1124 698 Ἐρρωσο
1183 626 1241 678 ὲν
1270 625 1480 697 Κυρίῳ,
1513 623 1897 699 μακαριώτατα

333 720 581 773 δέσποτα.

570 808 774 873 ὀπως
807 806 1017 876 ’φάρει
1052 803 1133 871 τῷ
1177 804 1646 876 Ἀλεξανδρείας.

402 900 697 967 ’Δγιώτατε
736 896 974 950 δέσποτα
995 898 1173 961 πάπα,
1216 898 1310 950 καὶ
1351 897 1665 968 πατριάρχα
1700 895 1888 967 Ἀλεξ-

328 992 569 1063 ανδρείας
622 990 718 1044 καὶ
786 989 968 1059 πάσης
1003 988 1304 1057 Αἰγύπτου,
1358 990 1766 1054 Πενταπόλεως,
1798 992 1893 1043 Λι-

327 1084 457 1154 ϐύης
491 1082 587 1136 καὶ
617 1079 926 1146 Δίθιοπίας,
955 1081 1013 1134 ἐν
1048 1080 1187 1151 ἁγίῳ
1215 1080 1496 1151 Πνεὺματι
1542 1080 1889 1134 ποθεινότατε

326 1174 514 1242 ἀδελφὲ
550 1171 644 1224 καὶ
672 1171 1076 1242 συλλειτουργὲ,
1112 1170 1345 1242 εὔχομαι
1373 1171 1453 1239 τῷ
1480 1170 1601 1242 Θεῷ
1632 1171 1895 1239 ὑγιαίνειν

327 1266 419 1335 την
454 1262 766 1334 ἁγιωσύνην
821 1279 916 1316 σου
975 1264 1071 1316 καὶ
1123 1262 1471 1335 σωματικῶς,
1503 1265 1585 1327 είς
1637 1262 1894 1316 σύστασιν

327 1357 417 1409 καὶ
453 1355 723 1425 ὠφέλειαν
745 1352 838 1407 τοῦ
885 1354 977 1408 ὑπ’
1024 1354 1194 1426 αὐτὴν
1233 1354 1618 1427 χριστωνύμου
1669 1353 1893 1426 πληρώ-

328 1463 517 1515 ματος.

391 1537 499 1591 Καί
528 1536 600 1589 ἐν
623 1534 705 1601 τῷ
738 1533 921 1589 τέλει·
949 1532 1205 1607 Ἔῤῥωσο
1261 1538 1320 1591 ὲν
1348 1535 1558 1609 Κυρίῳ,
1610 1533 1893 1606 μακαριώ-

325 1645 449 1682 τατε
474 1627 733 1681 δέσποτα.

623 1721 826 1788 Ὅπως
860 1718 1072 1790 γράφει
1100 1719 1180 1785 τῷ
1214 1720 1590 1790 Ἀντιοχείας.

405 1814 701 1882 ’Δγιώτατε
720 1813 958 1867 δέσποτα
978 1813 1321 1884 πατριάρχα,
1351 1812 1700 1876 Θεουπόλεως
1717 1810 1888 1883 μεγά-

325 1906 419 1977 λης
449 1905 777 1977 Ἀντιοχείας
811 1905 906 1959 καὶ
925 1906 1109 1976 πάσης
1136 1905 1451 1975 Ἀνατολῆς,
1480 1906 1537 1958 ὲν
1568 1906 1708 1976 ἁγίῳ
1724 1901 1893 1958 [Isz-

329 2014 455 2069 ματι
488 1996 843 2051 ποθεινότατε
862 1994 1058 2064 ἀδελφὲ
1083 1996 1178 2049 καὶ
1213 1996 1608 2066 συλλειτουργέ.

592 2087 796 2150 Ὅπως
816 2081 1025 2153 γράφει
1057 2083 1135 2149 τῷ
1168 2084 1611 2153 Ἱεροσολύμων.

396 2176 699 2246 ’Δγιώτατε
754 2176 994 2229 δέσποτα
1048 2173 1460 2243 Ἱεροσολύμων,
1508 2174 1669 2241 ἁγίας
1729 2171 1888 2239 Σιὼν,

324 2270 540 2339 Συρίας,
584 2266 843 2339 Ἀραϐίας
892 2266 1069 2337 πέραν
1095 2265 1385 2336 Ἰορδάνου,
1419 2267 1577 2319 Κανᾶ
1605 2265 1701 2335 τῆς
1727 2265 1890 2318 Γαλι-

322 2360 497 2423 λαίας,
536 2358 635 2412 καὶ
668 2358 848 2423 πάσης
879 2358 978 2427 τῆς
1026 2356 1410 2426 Παλαιστίνης,
1445 2359 1502 2409 ὲν
1544 2356 1685 2427 ἁγίῳ
1717 2356 1891 2413 Πνεῦ-

322 2466 451 2518 ματι
476 2447 825 2501 ποθεινότατε
860 2446 1057 2516 ἀδελφὲ
1074 2447 1170 2499 καὶ
1203 2447 1606 2517 συλλειτουργέ.

468 2539 675 2603 Ὅπως
707 2536 917 2607 πράςρει
950 2535 1029 2601 τῷ
1061 2537 1394 2605 πατριάρχῃ
1420 2537 1738 2605 Tom-(5601).

397 2627 698 2699 ’Δγιώτατε
735 2630 1052 2699 πατριάρχα
1083 2628 1351 2699 Τορνόόου
1381 2629 1476 2682 καὶ
1505 2630 1687 2699 πάσης
1724 2628 1889 2683 Βουλ-

319 2720 513 2791 γαρίας
540 2762 559 2786 ,
610 2722 668 2772 ὲν
723 2719 865 2790 ἁγίῳ
919 2718 1201 2789 Πνεύματι
1241 2720 1492 2789 ἀγαπητὲ
1542 2719 1739 2790 ἀδελφὲ
1789 2719 1891 2790 τῆς

318 2811 471 2881 ἡμῶν
511 2810 872 2882 μετριότητος
902 2810 999 2863 καὶ
1033 2810 1442 2882 συλλειτουργέ.

804 2901 961 2969 Πρὸς
989 2900 1096 2953 τὸν
1121 2900 1408 2955 Πεσκίου.

395 2992 702 3060 Ἀγιώτατε
735 2990 1134 3061 ἀρχιεπίσκοπε
1158 2991 1394 3044 Πεσκίου
1423 2990 1520 3044 καὶ
1548 2991 1730 3063 πάσης
1756 2991 1892 3063 Σερ-

318 3080 457 3145 είας,
484 3082 544 3134 ιν
580 3080 724 3148 ἁγίῳ
755 3078 1034 3148 Πνεῦματι
1076 3079 1327 3148 ἀγαπητὲ
1357 3079 1398 3133 ι.

705 3172 863 3238 Πρὸς
894 3169 1003 3223 τὸν
1034 3167 1499 3238 Ἰουστινιανῆς.

381 3262 794 3329 Μακαριὼτατε
844 3262 1244 3332 ἀρχιεπίσκοπε
1286 3262 1384 3332 τῆς
1414 3261 1635 3331 πρώτης
1669 3260 1891 3315 Ἰουστι-

314 3356 501 3424 νιανῆς
542 3352 809 3422 ’Δχριδῶν
866 3352 963 3406 καὶ
1010 3352 1193 3422 πάσης
1225 3351 1585 3421 Βουλγαρίας,
1636 3352 1693 3403 ὲν
1749 3351 1891 3423 ἀγίῳ

314 3443 597 3514 Πνεῦματι
652 3442 905 3513 ἀγαπητὲ
971 3442 1169 3512 άδελφὲ
1224 3442 1323 3511 τῆς
1380 3442 1540 3512 ἡμῶν
1598 3441 1890 3512 μετριότη-

312 3549 422 3597 τος.

791 3625 946 3694 Πρὸς
982 3625 1093 3678 τὸν
1134 3624 1411 3693 Ἰϐηρίας.

382 3714 791 3786 Μακαριιὶηατε
826 3717 1223 3786 ἀρχιεπίσκοπε
1246 3714 1502 3769 καθολικὲ
1541 3712 1724 3785 πάσης
1750 3713 1890 3786 ’16η-

322 3805 459 3874 ρίας,
502 3808 562 3861 ὲν
598 3806 677 3876 τῷ
740 3806 881 3875 ἁγίῳ
925 3804 1204 3876 Πνεύματι
1249 3803 1500 3875 ἀγαπητὲ
1548 3802 1745 3873 ἀδελφὲ
1786 3804 1884 3874 τῆς

328 3895 473 3965 ἡμῶν
506 3897 881 3968 μετριότητος.

405 3988 508 4041 Ἐν
531 3986 611 4052 τῷ
637 3988 817 4042 τέλει’
852 3989 1102 4060 Ἐρῤωσο
1167 3988 1225 4041 ὲν
1254 3986 1464 4057 Κυρίῳ,
1500 3983 1769 4055 ἀγιώτατε
1796 3984 1885 4039 δέ·

336 4089 514 4142 cm,
537 4077 786 4148 ἀγαπητὲ
815 4076 1010 4145 άδελφὲ
1038 4076 1131 4130 καὶ
1164 4073 1567 4145 συλλειτουργὲ.

414 4325 430 4359 ⁸
461 4325 662 4380 Addunt
685 4327 794 4381 alia
816 4325 943 4397 Reg.
966 4326 1183 4396 ἀδελφέ.

666 5689 901 5749 Parnm
917 5729 937 5748 .
979 5685 1095 5747 Gs.
1139 5687 1320 5749 CVII.

1996 450 2377 522 chiepiscopus
2435 452 2972 524 Constantinopolis,
3028 471 3185 512 novae
3239 455 3465 526 Romae,
3515 469 3571 516 et

1998 541 2379 598 mcumenicus
2407 542 2742 612 patriarcha.

2065 629 2129 687 In
2148 632 2295 701 ﬁne:
2322 631 2454 689 Vale
2483 633 2538 687 in
2569 632 2823 699 Domino,
2853 634 3167 693 beatissime
3184 637 3427 694 domine.

2243 809 2519 875 Quomodo
2547 811 2730 864 scribit
2756 811 2824 864 ad
2855 812 3301 870 Alexandrinum.

2065 897 2428 953 Sanctissime
2459 899 2678 954 domine
2709 914 2868 970 papa,
2899 902 2953 955 et
2985 902 3293 971 patriarcha
3328 903 3566 960 Alexan-

1958 986 2126 1041 driae
2175 994 2231 1041 et
2293 987 2463 1042 totius
2532 985 2791 1057 Egypli,
2849 986 3201 1057 Pentapolis,
3280 987 3460 1061 Libya:
3512 1000 3569 1047 et

1994 1075 2311 1146 Ethiopize,
2346 1078 2399 1131 in
2427 1088 2619 1133 sancto
2656 1076 2861 1148 Spiritu
2894 1079 3366 1138 desideratissime
3392 1082 3569 1140 frater

1992 1177 2043 1222 et
2071 1168 2468 1232 comminister,
2516 1184 2712 1239 precor
2784 1168 2955 1224 Deum
3014 1172 3358 1228 sanctitatem
3414 1182 3566 1230 tuam

1992 1258 2130 1313 bene
2156 1259 2357 1326 valere,
2408 1259 2575 1314 etiam
2618 1261 3005 1330 corporaliter,
3040 1261 3111 1316 ad
3144 1263 3465 1332 praesidium
3510 1273 3567 1320 et

1992 1350 2282 1406 utilitatem
2314 1350 2616 1407 Christiani
2647 1362 2824 1407 coetus
2862 1352 2956 1423 qui
2986 1353 3092 1408 sub
3119 1354 3233 1424 ipsa
3272 1364 3380 1411 est.

2062 1526 2133 1581 Et
2162 1529 2217 1582 in
2246 1528 2352 1598 ﬁne
2378 1542 2397 1581 :
2435 1528 2566 1586 Vale
2604 1530 2657 1584 in
2685 1528 2937 1596 Domino,
2973 1530 3288 1588 beatissime
3323 1536 3562 1591 nomine.

2256 1720 2532 1787 Quomodo
2558 1722 2742 1778 scribit
2778 1725 2851 1778 ad
2895 1726 3300 1785 Antiochenam.

2064 1805 2421 1865 Sanctissime
2479 1810 2722 1877 domine,
2776 1816 3087 1884 patriarcha
3141 1820 3378 1876 civitatis
3455 1819 3549 1877 Dei

1990 1912 2202 1968 magna;
2254 1899 2566 1956 Antiochia:
2621 1912 2676 1958 et
2726 1906 2897 1962 tutius
2952 1905 3216 1976 Orientis,
3260 1913 3315 1965 in
3370 1907 3607 1969 sancto'

1992 1987 2204 2059 Spiritu
2231 1988 2701 2048 desideratissime
2732 1992 2903 2051 frater
2946 2005 3003 2052 et
3030 2000 3430 2058 comminister.

2165 2073 2442 2142 Quomodo
2489 2079 2669 2133 scribit
2710 2083 2781 2134 ad
2811 2082 3379 2155 Ilicrosolymitanum.

2067 2164 2429 2223 Sanctissime
2482 2168 2702 2226 domine
2751 2173 3286 2246 Hierosolymorum,
3356 2190 3561 2235 sancta

1993 2255 2149 2323 Sion,
2209 2256 2401 2329 Syrias,
2455 2261 2668 2317 Arabia:
2702 2272 2853 2321 trans
2878 2264 3195 2335 Jordanem,
3233 2269 3381 2324 Cana
3411 2268 3561 2325 Gali-

1991 2346 2124 2411 laaaa,
2175 2355 2229 2401 et
2272 2349 2436 2402 totius
2470 2347 2795 2415 Palaestinae,
2828 2353 2882 2407 in
2922 2363 3112 2410 sancto
3161 2354 3366 2426 Spiritu
3417 2357 3563 2415 desi-

1989 2431 2331 2488 deratissime
2356 2433 2524 2489 frater
2550 2444 2605 2490 et
2632 2440 3023 2497 comminister.

2144 2523 2419 2589 Quomodo
2443 2527 2628 2581 scribit
2662 2530 2731 2583 ad
2766 2534 3127 2600 patriarcham
3156 2534 3407 2592 Tornobi.

2056 2614 2414 2671 Sanctissime
2474 2621 2787 2688 patriarcha
2831 2621 3074 2679 Toruobi
3122 2635 3178 2679 et
3230 2629 3400 2686 totius
3431 2628 3564 2686 Bul-

1991 2706 2176 2773 μήτε,
2201 2706 2255 2759 in
2289 2716 2485 2764 sancto
2516 2708 2728 2778 Spiritu
2763 2712 2965 2770 dilecte
3005 2713 3176 2773 frater
3213 2729 3416 2776 nostra:
3455 2737 3566 2779 me-

1993 2793 2300 2851 diocritatis
2327 2805 2382 2853 et
2409 2801 2813 2857 comminister.

2463 2892 2547 2947 Ad
2577 2896 2861 2961 praesulem
2900 2896 3097 2953 Pescii.

2068 2973 2431 3034 Sanctissime
2476 2983 2891 3055 archiepiscope
2937 2985 3110 3042 Pescii
3151 2997 3206 3043 ct
3237 2990 3408 3049 totius
3432 2993 3562 3050 Ser-

1917 3061 1960 3120 C
1995 3063 2116 3131 vias,
2142 3066 2197 3120 in
2230 3078 2422 3124 sancto
2450 3069 2654 3142 Spiritu
2680 3075 2901 3132 dilecte.

2304 3160 2388 3213 Ad
2411 3165 2860 3234 archiepiscOpum
2895 3166 3238 3228 Juslinianw.

2057 3243 2379 3303 Beatissime
2391 3250 2802 3320 archiepiscope
2822 3254 3009 3321 prima;
3022 3253 3349 3310 Justinianm
3363 3255 3562 3311 Achri-

1990 3332 2119 3387 dum
2153 3344 2208 3390 et
2244 3339 2414 3393 totius
2456 3338 2743 3409 Bulgaria,
2793 3344 2848 3396 in
2881 3351 3073 3399 sancto
3108 3343 3320 3415 Spiritu
3359 3344 3562 3402 dilecte

1990 3421 2159 3477 frater
2197 3433 2398 3480 nostra:
2427 3428 2843 3486 mediocritatis.

2367 3624 2452 3677 Ad
2479 3626 2932 3698 archiepiscopum
2974 3631 3184 3687 Iberia.

2063 3714 2387 3773 Beatissime
2472 3721 2922 3794 archiepiscope,
2988 3726 3316 3783 universalis
3392 3728 3560 3787 totius

1993 3807 2183 3863 Iberia:
2205 3809 2260 3863 in
2286 3820 2476 3866 sancto
2511 3810 2719 3883 Spiritu
2768 3814 2968 3873 dilecte
3015 3816 3185 3892 frater
3224 3828 3561 3878 nostmme-

1992 3899 2323 3957 diocritatis.

2062 3989 2126 4043 In
2157 3993 2261 4059 [ine
2285 4008 2304 4046 :
2336 3991 2472 4050 Vale
2510 3995 2563 4049 in
2613 3995 2869 4063 Domino,
2930 4000 3277 4060 sanctissime
3318 4002 3557 4074 domine,

1992 4077 2190 4135 dilecte
2227 4080 2394 4140 frater
2421 4092 2476 4141 et
2500 4088 2902 4146 comminister.

1583 4226 1821 4283 VARUE
1860 4227 2154 4289 LECTION
2162 4235 2264 4292 ES.

3123 5671 3197 5737 14
