3970 6212
463 354 469 363 ·
489 326 596 388 423

1745 311 1939 372 LEON
1946 312 2018 371 IS
2056 310 2515 371 PHILOSOPHI

3622 307 3728 368 424

496 452 597 488 nec
622 432 878 501 exiguum
914 425 1079 482 rebus
1134 420 1451 478 mortalium
1509 418 1704 474 inferri
1759 419 2061 475 detrimen-

2186 419 2559 474 πεττευόντων.
2595 414 2897 487 Τοιγαροῦν
2924 415 3024 468 οὐκ
3052 413 3199 479 ἀξιον
3229 413 3477 484 παριδεῖν
3512 416 3733 485 κρίνα-ι-

494 532 610 579 tum
637 520 940 589 contingat,
1000 516 1126 571 aliis
1174 528 1301 568 cum
1333 512 1458 567 aliis
1495 513 1872 577 commutatis,
1921 514 2063 568 talo-

496 628 729 682 rumque
754 608 923 680 (8-10)
958 608 1134 663 instar
1160 606 1266 659 huc
1293 604 1422 659 illuc
1447 605 1665 671 itemcre
1693 603 2061 659 volventibus.

499 705 621 759 Illas
656 705 839 771 itaque
869 714 978 762 res,
1015 713 1078 752 ex
1104 710 1339 766 quarum
1369 694 1666 763 tranquillo
1694 695 2063 765 etimpcrtur-

500 796 626 848 hato
646 801 791 847 statu
823 790 975 845 salus
1002 787 1316 855 reipublicae
1349 784 1642 855 dependet,
1673 786 1729 839 iu
1760 792 1911 839 tanta
1931 800 2065 841 con-

497 886 716 943 fusione
780 878 1298 951 perturbationeque
1326 877 1559 936 versari.
1619 875 1904 945 indignum
1968 891 2066 929 ne-

496 979 674 1048 glectu
706 975 832 1039 rati,
882 986 1043 1041 quam
1123 968 1536 1024 accuratissima
1568 968 1701 1037 legis
1730 968 2068 1038 inspectione

498 1083 562 1122 ac
582 1063 1028 1121 consideratione
1054 1060 1262 1131 dignati
1303 1075 1533 1114 sumus:
1558 1068 1615 1115 et
1642 1076 1783 1130 quas
1815 1060 2065 1115 obtinere

496 1154 840 1214 conducibile
906 1153 1022 1207 fore
1093 1151 1605 1215 animadvertimus,
1674 1151 1781 1207 illis
1828 1151 2067 1214 selectis,

498 1250 706 1318 scripto
733 1245 843 1317 (tl)
871 1243 1238 1313 imperatoria
1269 1251 1473 1297 nostrae
1499 1242 1805 1311 maiestatis
1846 1242 2069 1297 decreto

500 1342 555 1395 in
590 1337 869 1406 republica
929 1332 1310 1387 auctoritatem
1376 1334 1862 1388 conﬁrmavimus:
1900 1342 2069 1401 utque

500 1426 905 1483 controversias
956 1422 1344 1492 diiudicarent,
1398 1422 1625 1491 insuper
1685 1424 1847 1476 etiam
1903 1422 2068 1477 scivi-

503 1534 625 1572 mus
652 1535 666 1571 τ
693 1531 830 1584 quas
852 1528 981 1567 vero
1031 1512 1252 1565 inutiles
1278 1510 1667 1580 indicavimus,
1717 1512 1910 1566 harum
1938 1526 2073 1565 non-

506 1609 683 1661 nullas
733 1606 786 1658 in
829 1609 1148 1670 perpetuum
1207 1600 1483 1655 silentium
1525 1600 1825 1670 coniectas,
1855 1600 2073 1655 decreto

498 1705 554 1751 et
581 1696 726 1764 ipsas
745 1708 773 1745 a
800 1693 976 1761 legum
995 1691 1203 1743 honore
1232 1697 1393 1757 atque
1419 1688 1609 1744 ordine
1631 1690 1881 1745 exsulare
1897 1689 2071 1758 jussi-

2161 528 2256 575 τες
2286 512 2345 564 ἐν
2374 508 2609 581 τοσαύτῃ
2646 507 2905 578 συγχύσει
2945 506 3040 559 καὶ
3076 508 3289 577 ταραχῇ
3313 505 3577 575 φέρεσθαι
3598 500 3668 559 ὧν
3699 511 3732 575 ἡ

2164 603 2370 673 γαλήνη
2396 602 2493 656 καὶ
2525 599 2796 670 ἀταραξία
2826 600 2925 669 τῆς
2955 596 3229 656 πολιτείας
3260 596 3573 667 ἐξήρτηται,
3615 598 3735 650 ἐπι-

2167 692 2411 762 σκέψεώς
2436 708 2497 744 τε
2532 691 2608 755 ὡς
2659 690 2737 743 ενι
2775 690 3008 758 μάλιστα
3036 686 3471 759 ἐπιμελεστάτης
3499 690 3626 751 τοὺς
3655 690 3739 740 νόο

2169 801 2301 855 μους
2326 782 2660 853 ἠξιώσαμεν,
2688 782 2785 834 καὶ
2811 772 2886 833 ὧν
2912 777 3186 841 λυσιτελὲς
3218 777 3484 848 ὑπάρχειν
3509 780 3572 832 τὸ
3599 782 3737 849 κρά-

2163 892 2255 938 τος
2322 874 2764 944 κατενοήσαμεν,
2821 869 3026 923 τούτων
3090 868 3318 939 ἐκλογὴν
3381 870 3739 939 ποιησάμενοι

2165 962 2395 1033 δόγματι
2426 962 2690 1032 ἐγγράφῳ
2736 962 2837 1029 τῆς
2883 957 3157 1028 βασιλείας
3206 956 3362 1027 ἡμῶν
3394 956 3494 1027 τὴν
3532 961 3613 1021 είς
3642 961 3740 1029 τὴν

2168 1051 2442 1104 πολιτείαν
2474 1051 2657 1112 αὐτοῖς
2696 1049 3010 1120 παρρησίαν
3055 1048 3467 1119 ἐϐεϐαιώσαμεν
3499 1051 3596 1103 καὶ
3630 1055 3739 1115 τοῖς

2168 1143 2459 1214 πράγμασι
2489 1141 2698 1211 διαιτᾷν
2746 1138 3241 1211 ἐπεψηφισάμεθα’
3285 1138 3380 1201 οὓς
3411 1140 3469 1193 δὲ
3499 1139 3744 1209 ἔγνωμεν

2168 1232 2540 1303 ἀσυμφόρους,
2589 1230 2793 1284 τούτων
2834 1230 2893 1284 δὲ
2941 1230 3049 1302 ἄρα
3092 1230 3268 1291 ἐνίους
3317 1228 3416 1297 μὲν
3461 1230 3557 1282 καὶ
3594 1231 3745 1283 αὐτοὶ

2168 1324 2397 1392 δόγματι
2424 1322 2523 1391 τῆς
2551 1321 2661 1376 τῶν
2684 1322 2865 1391 νόμων
2890 1321 3057 1390 τιμῆς
3104 1320 3198 1373 καὶ
3227 1318 3434 1383 τάξεως
3472 1319 3746 1390 ἐξωστρασ

2170 1417 2426 1485 κίσαμεν,
2459 1416 2538 1477 εἱς
2566 1414 2726 1484 σιγὴν
2752 1412 2977 1483 διηνεκῆ
3010 1410 3419 1476 συνελάσαντες,
3449 1404 3526 1463 ὧν
3555 1411 3613 1464 δὲ
3640 1413 3747 1463 οὐδ’

2171 1510 2251 1569 είς
2293 1507 2513 1578 μνήμην
2557 1505 2693 1569 ὅλως
2750 1504 3113 1574 κατέστημεν,
3167 1502 3256 1556 διά
3298 1505 3398 1572 τῆς
3438 1504 3748 1573 ἀμνηστίας

2171 1598 2267 1653 καὶ
2306 1597 2503 1661 αὐτοὺς
2541 1596 2939 1667 παραπλησίως
2982 1593 3213 1657 ἐκείνοις
3242 1593 3748 1662 συνεξωστρακίσα⁸

2176 1706 2295 1759 μεν.
2342 1688 2495 1741 'Errei.
2540 1686 2599 1741 δὲ
2648 1688 2743 1741 καὶ
2784 1689 2842 1740 ἐν
2888 1688 3012 1750 ταῖς
3054 1684 3382 1756 κρατούσαις
3434 1684 3748 1755 συνηθείαις

500 1799 625 1837 Inus
658 1801 670 1835 :
707 1795 937 1850 quarum
978 1789 1158 1832 autem
1200 1778 1406 1831 nullum
1456 1793 1685 1847 prorsus
1735 1779 2065 1833 mentionem

2186 1753 2447 1849 ίφάνησάν
2472 1794 2618 1841 τινες
2643 1777 2705 1830 οὺ
2737 1776 3059 1848 παράλογοι,
3096 1753 3219 1829 οὐδὲ
3250 1774 3498 1828 τοιαῦται
3530 1753 3652 1837 aia;
3688 1775 3750 1828 ἂν

501 1874 756 1937 fecimus,
799 1871 897 1926 has
925 1872 1111 1936 etiam,
1143 1868 1247 1923 hoc
1272 1869 1390 1938 ipso
1419 1869 1564 1939 quod
1603 1885 1791 1925 earum
1824 1886 1929 1925 non
1957 1884 2071 1926 me-

499 1963 846 2028 minerimus,
870 1962 1025 2030 juxta
1057 1966 1221 2028 atque
1249 1959 1373 2021 illas
1408 1960 1462 2013 iu
1489 1960 1744 2016 exsilium
1784 1960 2068 2029 eiecimus.

501 2056 744 2125 Denique
775 2052 1032 2124 quoniam
1068 2058 1122 2104 et
1166 2049 1311 2104 inter
1352 2062 1601 2120 receptas
1646 2050 2071 2107 consuetudines

500 2143 795 2197 nonnullas
844 2139 1058 2193 ratione
1109 2150 1219 2190 non
1277 2135 1523 2204 destitui,
1588 2138 1836 2209 talesque
1893 2139 2085 2207 quales
2145 2139 2385 2207 prudens
2461 2139 2662 2208 aliquis
2725 2153 2836 2193 uon
2879 2146 3241 2205 contemnat,
3300 2136 3565 2204 vidimus,

2174 1869 2299 1933 νοῦς
2333 1870 2550 1933 συνετὸς
2572 1870 2878 1938 ἀτιμάσειε,
2917 1869 3014 1922 καὶ
3036 1866 3238 1929 ταύτας
3265 1865 3433 1935 νόμου
3464 1866 3752 1936 προνομίῳ

2175 1959 2555 2030 τετιμηκότες,
2606 1958 2727 2013 ἀντὶ
2776 1958 2833 2011 δὲ
2885 1957 3172 2029 συνηθείας
3214 1955 3411 2024 ἀλόγου
3453 1956 3538 2020 είς
3580 1956 3753 2025 νόμου

2178 2049 2473 2119 πρόσταξιν
2502 2049 2598 2106 καὶ
2619 2049 2786 2121 τιμὴν
2809 2049 3179 2121 ἀνηγάγομεν.

3654 2135 3753 2191 has

500 2250 719 2306 quinque
777 2232 912 2302 legis
975 2228 1331 2300 praerogativa
1393 2229 1780 2299 bonestantes,
1848 2245 1915 2286 ex
1977 2230 2255 2301 inscripta:
2312 2232 2732 2287 consuetudinis
2781 2240 2933 2287 statu
2997 2230 3065 2285 ad
3129 2231 3263 2301 legis
3315 2231 3605 2301 imperium
3668 2238 3754 2285 at-

497 2344 604 2400 que
635 2329 894 2380 honorem
926 2322 1231 2378 eveximus.

558 2418 692 2473 Cum
722 2430 850 2485 ergo
876 2414 993 2467 haec
1021 2412 1095 2465 ita
1130 2427 1160 2464 a
1203 2408 1364 2465 nobis
1398 2414 1710 2476 comparata
1762 2405 1905 2470 sint,
1940 2404 2076 2460 sciat

499 2511 735 2582 quisque
770 2502 937 2575 quod,
970 2518 1090 2571 quae
1120 2502 1264 2570 leges
1286 2514 1379 2568 per
1413 2497 1676 2566 scriptum
1714 2496 2077 2566 imperatoriae

502 2607 705 2653 nostra:
742 2594 1055 2663 maiestatis
1117 2590 1396 2645 decretum
1444 2588 1825 2640 auctoritatem
1878 2593 2070 2651 nactae,

502 2702 591 2743 aut
625 2702 747 2756 qum
775 2681 1206 2740 consuetudines
1262 2678 1399 2747 legis
1470 2677 1733 2746 dignitate
1796 2677 2076 2730 honoratae

450 2783 453 2786 '
502 2777 738 2841 tulerint,
797 2775 879 2830 ha:
904 2779 958 2827 et
995 2771 1052 2825 in
1111 2768 1387 2838 republica
1442 2766 1789 2829 obtinebunt,
1827 2773 1882 2819 et
1938 2780 2074 2818 cun-

504 2866 800 2922 troversias
848 2865 903 2918 in
946 2879 1004 2918 se
1032 2873 1328 2930 suspensas
1362 2857 1683 2923 habebunt;
1736 2870 1856 2925 quae
1894 2862 2073 2908 autem

503 2958 573 3011 ab
609 2958 716 3010 illis
742 2956 795 3008 in
831 2952 1168 3007 contrarium
1207 2955 1462 3019 vergunt,
1490 2956 1582 3001 aut
1619 2949 1897 3000 mentione
1932 2960 2076 2999 sem-

511 3047 780 3115 piternam
835 3043 943 3097 illis
1001 3039 1425 3095 taciturnitatem
1487 3036 1838 3106 iuiungente,
1870 3036 2075 3088 citrave

501 3136 647 3188 hanc
669 3134 834 3189 etiam
865 3140 923 3186 ut
943 3146 1062 3199 qua:
1083 3145 1208 3185 cum
1248 3129 1521 3198 despectis
1544 3128 1789 3197 ejusdem
1813 3125 2076 3181 conditio—

382 3271 393 3283 .
504 3224 591 3279 nis
654 3224 782 3286 sint,
817 3222 1008 3276 eodem
1070 3222 1265 3273 decore
1316 3219 1492 3288 dignae
1554 3216 1751 3270 habita:
1800 3221 1949 3277 sunt,
1997 3214 2077 3267 ha:

501 3329 631 3370 vero
673 3312 872 3367 dehinc
926 3318 980 3365 et
1036 3310 1248 3380 reiectae
1308 3316 1363 3364 et
1422 3321 1453 3361 a
1502 3306 1778 3377 republica
1862 3303 2077 3360 exsules

503 3416 667 3478 atque
694 3415 940 3461 extorres
969 3410 1149 3459 erunt.

1024 3491 1490 3549 CONSTITUTIO
1522 3489 1563 3545 Ι.

505 3588 658 3657 Quod
703 3601 1139 3657 unumquemque,
1193 3585 1284 3654 qui
1335 3582 1619 3657 judicandi
1656 3580 2067 3657 praerogativam

578 3659 858 3726 acceperit,
879 3652 1343 3726 quemadmodum
1354 3653 1615 3726 legalium
1664 3652 2018 3726 capitulorum
2041 3666 2073 3701 a

575 3721 722 3783 nobis
757 3721 968 3779 habitus
1000 3724 1232 3777 detectus
1257 3721 1372 3791 (12)
1396 3721 1639 3775 statuerit
1675 3722 1923 3773 dirimere
1949 3735 2074 3791 cou-

581 3798 867 3851 troversias
895 3804 1159 3861 oporteat:
1194 3788 1311 3861 qum
1341 3788 1459 3861 uero
1492 3792 1627 3861 inter
1650 3791 1929 3861 reprobata
1960 3788 2072 3861 (ἐξ)

573 3866 760 3919 habita
786 3857 936 3927 sunt,
954 3864 1032 3915 uti
1062 3878 1127 3915 ex
1154 3857 1266 3914 illis
1289 3860 1439 3914 nulla
1474 3860 1583 3913 litis
1607 3859 1928 3929 ambiguitas
1984 3857 2072 3909 di-

566 3935 858 4002 judicetur.

578 4022 633 4076 ln
691 4023 909 4075 nomine
952 4019 1073 4089 eius
1123 4018 1214 4086 qui
1288 4015 1543 4070 universo
1594 4015 1833 4070 humauo
1889 4013 2074 4085 generi

509 4114 784 4169 salutares
819 4112 967 4181 leges
1007 4110 1153 4174 tulit,
1203 4108 1411 4162 Christi
1461 4109 1574 4162 veri
1613 4107 1703 4161 Dei
1738 4108 1937 4172 nostri,
1973 4109 2077 4161 lm-

511 4210 728 4271 pcrator
760 4198 947 4252 Caesar
988 4195 1214 4250 Flavius
1239 4194 1369 4259 Leo,
1435 4196 1579 4266 pius,
1623 4195 1771 4260 felix,
1812 4196 2070 4267 inclytus,

508 4294 704 4354 victor,
738 4289 1129 4360 triumphator,
1183 4287 1331 4342 omni
1394 4301 1512 4341 avo
1568 4288 1918 4352 venerabilis,
1958 4289 2070 4341 Au-

2248 2405 2463 2462 Τούτων
2488 2412 2619 2481 ήμϊν
2649 2411 2819 2477 οὕτω..
2852 2413 3221 2485 διῳκημένων,
3246 2415 3377 2467 ῐστω
3405 2417 3513 2478 πᾶς
3544 2431 3653 2481 τις,
3680 2415 3755 2473 ὡς

2176 2496 2291 2552 ὅσοι
2349 2499 2446 2568 μὲν
2493 2500 2580 2554 διὰ
2635 2504 2729 2557 τοῦ
2792 2506 3070 2575 ἐγγράφου
3127 2505 3228 2574 τῆς
3275 2504 3550 2574 βασιλείας
3592 2506 3758 2575 ἡμῶν

2172 2588 2442 2657 δόγματος
2473 2590 2665 2645 ἔλαϐον
2693 2592 2858 2663 κῦρος
2888 2596 3041 2665 νόμοι
3076 2595 3108 2665 ἢ
3136 2596 3457 2665 τετίμηνται
3476 2595 3757 2665 ἀξιώματι

2175 2681 2341 2750 νόμου
2394 2683 2694 2752 συνήθειαι,
2747 2680 2894 2741 οὗτοι
2938 2688 3034 2740 καὶ
3081 2689 3486 2741 πολιτεύσονται
3534 2688 3633 2741 καὶ
3678 2691 3758 2749 είς

2176 2771 2401 2835 ἑαυτοὺς
2444 2774 2795 2844 ἀνηρτημένα
2833 2776 2901 2829 τά
2935 2777 3235 2847 πράγματα
3276 2778 3507 2843 ἕξουσιν*
3549 2776 3670 2830 ὅσοι
3702 2777 3756 2829 δέ

2176 2858 2313 2927 πρὸς
2334 2860 2647 2913 ἐναντίωσιν
2680 2863 2859 2925 αὐτοῖς
2902 2865 3299 2934 ἀποφερόμενοι
3337 2865 3369 2933 ἦ
3400 2865 3623 2935 μνήμης
3656 2866 3758 2934 τὴν

2174 2950 2418 3018 ἀφωνίαν
2455 2953 2638 3016 αὐτοῖς
2678 2954 2848 3006 ἀΐδιον
2886 2954 3249 3023 ἐπιϐαλούσης
3281 2954 3563 3019 ἠξίωνται,
3587 2952 3622 3022 ἢ
3662 2954 3760 3006 καὶ

2181 3043 2348 3111 χωρὶς
2377 3042 2581 3114 ταύτης
2611 3045 2685 3108 ὡς
2724 3046 2978 3115 ὁμότιμοι
3008 3044 3118 3097 τῶν
3147 3043 3512 3114 ήτιμωμένων
3539 3042 3759 3112 συνητί-

2179 3150 2407 3203 μωνται,
2432 3130 2579 3189 οῦτοι
2608 3136 2671 3206 δὴ
2708 3138 2802 3190 καὶ
2829 3137 3125 3207 ἀπόϐλητοι
3158 3137 3266 3191 ἀπὸ
3286 3136 3379 3189 τοῦ
3412 3135 3508 3189 νῦν
3539 3134 3637 3189 καὶ
3660 3132 3759 3188 τοῦ

2177 3224 2571 3297 πολιτεύματός
2601 3229 2739 3280 εἰσιν
2770 3227 3071 3300 ὑπερόριοι.

2737 3491 3048 3546 ΔΙΑΤΑΞΙΣ
3075 3488 3132 3545 A'
3159 3492 3204 3544 ‘.

2178 3578 2297 3633 Ὅτι
2327 3580 2444 3650 χρὴ
2478 3580 2673 3635 πάντα
2716 3582 2825 3636 τὸν
2858 3584 3084 3650 κρίνειν
3130 3582 3392 3635 λαϐόντα
3424 3580 3763 3650 προνόμιον

2244 3648 2440 3720 καθὼς
2469 3651 2519 3720 ἠέ
2547 3648 2930 3720 ἐγηιεκριμένὴ
2968 3652 3088 3705 τῶν
3119 3652 3382 3720 νομίμων
3406 3648 3763 3718 κεφαλαίων

2244 3718 2346 3789 ὑφ’
2388 3718 2840 3789 νήμῶνίὲκλογμὴ
2909 3718 3280 3774 διατέτακται
3342 3720 3616 3773 διαλύειν
3685 3720 3762 3774 τὰ

2244 3786 2562 3856 ἀμφίϐολα,
2586 3788 2623 3841 d
2649 3790 2719 3841 δὲ
2741 3786 2851 3858 τῆς
2875 3790 3197 3858 ἀποκρίτου
3226 3788 3449 3855 τάξεως
3482 3789 3758 3856 ἠξίωται,

2246 3858 2615 3979 gratisimum
2650 3858 2949 3929 μηδεμίαν
2976 3859 3323 3913 διοικεῖσθαι
3365 3859 3539 3925 δίκης
3572 3859 3759 3927 ἀμφι-

2420 3945 2477 3979 ν.

2420 3945 2477 3982 ν.

2256 4015 2343 4068 Ἐν
2371 4017 2593 4087 ὀνόματι
2621 4018 2714 4071 τοῦ
2753 4020 2919 4072 πᾶσιν
2952 4019 3262 4091 ἀνθρώποις
3290 4019 3758 4090 νομοθετήσαντος

2174 4109 2241 4161 τά
2271 4112 2513 4181 σωτήρια
2543 4112 2782 4182 Χριστοῦ
2814 4113 2908 4166 τοῦ
2939 4113 3194 4182 ἀληθινοῦ
3236 4114 3371 4168 Θεοῦ
3400 4114 3560 4184 ήμῶν
3591 4113 3758 4166 αὑτο-

2174 4198 2397 4267 κράτωρ
2443 4200 2656 4270 Καῖσαρ
2707 4200 2937 4265 Φλάϐιος
2981 4202 3132 4255 Λέων
3182 4202 3437 4274 εὐσεϐὴς,
3477 4202 3755 4272 εὐτυχὴς,

2174 4288 2403 4354 ἔνδοξος,
2432 4289 2681 4362 νικητής,
2718 4292 3101 4364 τροπαιοῦχος,
3146 4294 3517 4357 άεισέϐαστος,
3550 4292 3754 4362 αῦγουο

506 4393 722 4454 gustus,
753 4381 930 4437 tidelis
960 4396 1078 4445 rex,
1117 4378 1367 4450 Styliano
1390 4378 1765 4435 illustrissiuio
1788 4393 2066 4433 sacrorqu

2186 4396 2319 4446 πτος,
2356 4381 2543 4444 πιστὸς
2574 4381 2845 4450 βασιλεὺς,
2871 4383 3143 4455 Στυλιανῷ
3173 4385 3251 4455 τῷ
3298 4385 3757 4456 περιφανεστάτω

507 4483 823 4531 nostrorum
862 4472 1161 4539 ciliciorqu
1191 4470 1476 4540 magistro.

575 4564 933 4622 Celeberrimi
970 4563 1061 4617 ille
1096 4562 1239 4616 inter
1290 4562 1649 4630 imperatores
1705 4559 1941 4615 nominis
1980 4557 2074 4613 Ju-

513 4659 785 4715 stiniauus
831 4672 954 4711 cum
1001 4653 1185 4707 animo
1217 4662 1362 4707 esset
1417 4666 1547 4720 erga
1600 4652 1986 4720 rempublicam
2024 4660 2077 4705 et

507 4752 734 4821 optimo,
779 4758 834 4804 et
910 4747 1031 4817 eius
1101 4744 1397 4798 utilitatum
1460 4740 1866 4796 studiosissimo
1928 4741 2077 4795 velut

508 4842 697 4897 silvam
781 4840 1115 4902 ouamdam,
1208 4834 1635 4887 constitutiones
1704 4832 1755 4884 in
1830 4830 2077 4885 Romano

2178 4472 2460 4542 μαγίστρῳ
2489 4473 2598 4526 τῶν
2633 4474 2791 4527 θείων
2828 4475 3097 4543 όφφικίων
3124 4475 3301 4546 ήμῶν.

2259 4558 2316 4611 ὐ
2354 4560 2451 4628 μὲν
2488 4559 2553 4631 δὴ
2588 4561 2925 4631 περιώνυμος
2977 4565 3034 4615 ἐν
3072 4562 3378 4632 βασιλεῦσιν
3434 4564 3750 4618 Ἰουστινια-

2177 4647 2303 4713 νὸς,
2337 4650 2566 4720 ἀρίστης
2603 4652 2696 4703 καὶ
2740 4652 3185 4722 λυσιτελεστάτης
3236 4656 3302 4723 τῇ
3338 4653 3587 4724 πολιτείᾳ
3622 4657 3757 4723 γνώ-

2183 4754 2290 4807 μης
2319 4740 2628 4809 γενόμενος,
2650 4742 2841 4813 ὥσπερ
2863 4744 2983 4796 τινὰ
3008 4743 3140 4814 ῦλην
3162 4742 3344 4796 λαϐὼν
3371 4746 3471 4807 τὰς
3492 4745 3552 4810 ἐξ
3576 4745 3753 4815 ἀρχῆς

2181 4833 2274 4883 καὶ
2343 4837 2537 4902 μέχρις
2592 4835 2799 4887 ἐκείνου
2873 4836 3014 4890 κατά
3066 4835 3358 4907 διαφόρους
3409 4838 3639 4906 χρόνους
3686 4838 3754 4906 τῇ

1829 4968 2053 5024 νΑΒΙᾹΞ
2090 4968 2495 5026 LECTIONES.

564 5100 583 5128 ⁸
606 5092 781 5147 Prima
812 5100 897 5146 est
947 5090 1000 5144 in
1025 5087 1205 5159 Eclog.
1241 5101 1366 5141 nov.
1393 5083 1590 5140 Leonis
1612 5095 1665 5139 et
1693 5083 1884 5154 incipit
1923 5081 2056 5136 Ἀπὸ
2080 5082 2196 5151 τοῦ,
2218 5092 2324 5138 etc.

2007 5214 2238 5273 ΝΟΤιΕ.

578 5341 754 5407 (8-10)
788 5339 943 5393 Κατά
970 5338 1169 5400 κύϐους
1211 5336 1424 5407 species
1460 5345 1542 5391 est
1568 5334 1867 5407 proverbii.

578 5404 695 5480 (Η)
729 5404 836 5463 llas
868 5408 1119 5480 Novellas
1152 5404 1259 5461 non
1305 5404 1583 5480 intelligit,
1613 5406 1706 5480 sed
1767 5404 2076 5480 Βασιλικῷν

2184 5336 2376 5403 λικῶν,
2413 5337 2467 5392 in
2498 5339 2724 5409 quibus,
2756 5339 2900 5409 quod
2922 5353 2953 5394 a
2984 5338 3185 5396 saeculo
3217 5337 3520 5396 Iustiniani
3553 5338 3622 5394 ad
3656 5354 3754 5395 sua

2183 5416 2427 5481 tempora
2481 5406 2787 5481 desuetum'
2832 5412 3352 5481 erat,i_abrogatur:
3403 5410 3490 5465 his
3539 5418 3752 5465 tantum

508 5473 702 5545 lihi'os',
749 5478 1061 5550 de__quih_us
1094 5491 1261 5550 supra
1289 5473 1529 5550 diximus
1568 5476 1906 5550 :__al_ioqui_n,_
1941 5473 2072 5550 quid
2178 5473 2418 5550 selectis,
2440 5492 2561 5550 qua:
2592 5478 2645 5531 in
2677 5493 2779 5534 usu
2807 5479 3132 5550 quotidiano
3157 5473 3342 5535 'erant
3376 5481 3575 5550 posita.

507 5562 590 5603 est
615 5551 667 5603 in
690 5544 778 5603 his
804 5544 1063 5606 No’vellis.
1099 5545 1243 5615 quod
1268 5547 1525 5602 omnibus
1578 5544 1766 5601 litibus
1818 5544 2072 5600 tiniendis

508 5619 642 5673 satis
672 5634 795 5674 esse
831 5620 1004 5674 possit
1035 5615 1058 5668 ?

578 5689 689 5759 (ίῖ)
735 5682 985 5755 Ἐκλογὴ.
1038 5682 1293 5754 intelligit
1326 5684 1471 5741 haud
1504 5684 1667 5743 dubie
1700 5686 1871 5740 libros
1904 5686 2067 5738 Βασι-
2111 5738 2115 5743 ,

2248 5546 2361 5617 (15)
2393 5545 2539 5620 L_ite_s
2569 5562 2673 5601 non
2709 5564 2774 5602 ex
2823 5545 3040 5619 legibus
3064 5545 3751 5620 abrogatis'dirimendaﬁ.

2175 5613 2319 5668 Idem
2344 5613 2385 5668 'a
2410 5613 2630 5690 Juliano
2656 5613 3019 5690 constitutum
3055 5618 3081 5690 §
3110 5620 3143 5672 ὅ
3163 5658 3181 5681 ,
3209 5613 3426 5690 ienuit.
3474 5619 3539 5673 de
3594 5617 3755 5672 Justi-

2172 5699 2342 5739 naneo
2376 5685 2493 5739 cod.
2528 5698 2580 5742 ct
2602 5686 2629 5757 §
2652 5687 2705 5754 5,
2737 5687 2801 5742 de
2830 5685 3099 5743 emendat.
3128 5689 3247 5743 cod.
