3970 6212
227 354 323 417 425

1326 354 1687 418 NOVELLIE
1709 352 2362 416 CONSTITUTIONES

3349 362 3452 425 4‘26

235 469 511 537 Ῥωμαϊκῇ
555 466 881 538 ἐπικρατείᾳ
916 465 1191 531 διατάξεις
1233 466 1688 536 τεθεσπισμένας,
1720 467 1795 520 ol-

1898 467 2126 539 imperio
2147 467 2272 523 inde
2302 469 2369 523 ab
2398 467 2555 523 initio
2577 482 2753 538 usque
2776 469 2843 525 ad
2880 483 3035 526 suam
3100 477 3314 525 aetatem
3372 474 3457 525 di-

227 555 397 620 κείαις
427 556 702 628 φροντίσιν
731 558 823 609 καὶ
845 556 1028 619 πόνοις
1053 555 1217 627 ἔργον
1234 556 1668 629 ἀξιοθαύμαστον
1695 557 1794 629 τὴν

225 646 330 700 τῶν
366 647 549 716 νόμων
578 644 708 717 ὅλην
764 646 1170 715 σωματοποιίαν
1215 648 1295 710 είς
1340 649 1660 717 εὐεργεσίαν
1685 648 1796 703 τῶν

227 735 480 805 ὑπηκόων
509 735 928 807 ἐφιλοτιμήσατο
960 736 1501 803 κατασκευάσασθαι,
1540 738 1634 791 καὶ
1664 737 1718 790 εί
1740 754 1794 790 τι

228 825 326 895 μὲν
366 824 689 879 ὑπεναντίον
727 827 821 881 καὶ
861 827 1204 898 ἀνάρμοστον
1244 827 1545 898 διεφαίνετο
1587 830 1795 884 ἀνακα-

225 916 413 986 θάρας,
453 917 522 970 δι’
554 913 630 972 ὧν
667 919 725 973 δὲ
755 919 851 990 τὴν
890 918 1257 991 εὐαρμοστίαν
1298 918 1796 991 ἑμπολιτευομένην

223 1006 360 1074 ἐγνω
390 1005 566 1060 ταῦτα
595 1010 677 1070 είς
717 1008 776 1060 ἓν
824 1008 1268 1079 συνυφηνάμενος
1308 1008 1403 1061 zeal.
1445 1009 1796 1079 στοιχειώσας

226 1097 316 1151 καὶ
343 1097 535 1169 ὥσπερ
559 1100 639 1163 είς
673 1098 919 1170 στάθμην
949 1100 1107 1171 δίκης
1141 1100 1269 1171 μίαν
1292 1102 1794 1172 καταστησάμενος,

223 1189 309 1259 ὑφ’
333 1184 403 1261 ἧς
439 1190 504 1243 τό
531 1207 591 1243 τε
628 1190 838 1244 δίκαιον
875 1191 969 1245 καὶ
998 1191 1058 1245 τὸ
1109 1192 1185 1262 μὴ
1216 1192 1458 1246 τοιοῦτον
1491 1192 1551 1246 ὃν
1590 1193 1796 1265 διεκρί-

222 1296 358 1333 νετο.
393 1279 558 1333 Ἀλλά
605 1280 735 1350 γὰρ,
764 1280 840 1344 ὡς
886 1281 1053 1348 ἔοικε,
1093 1281 1366 1353 πανταχοῦ
1411 1283 1697 1337 κάλλιστον
1736 1283 1797 1336 τὸ

218 1371 410 1440 μηδὲν
436 1369 613 1441 ἄγαν.
648 1373 758 1425 Καὶ
806 1372 917 1444 γὰρ
940 1372 1083 1427 οὕτω
1130 1373 1315 1438 καλῶς
1350 1376 1432 1439 είς
1461 1374 1519 1429 ἓν
1543 1376 1705 1445 σῶμά
1734 1394 1793 1430 τε

224 1463 591 1531 ποιησάμενος
641 1463 661 1494 ⁷
706 1465 807 1533 τὴν
845 1464 1404 1536 καταμεμερισμένην
1451 1465 1562 1519 τῶν
1614 1467 1797 1535 νόμων

223 1551 542 1616 ὑπόστασιν,
576 1551 672 1603 καὶ
706 1551 777 1605 τά
804 1552 865 1619 εξ
902 1545 977 1607 ὧν
1002 1552 1065 1606 τὸ
1096 1553 1415 1626 ἐναρμόνιον
1443 1555 1541 1627 τῆς
1568 1556 1799 1627 νομικῆς

225 1642 533 1712 οἰκονομίας
571 1643 831 1708 πολλάκις
871 1647 1219 1715 παρεκινεϊτο
1252 1645 1672 1717 ἐξισωσάμενος,
1705 1649 1799 1701 καὶ

227 1732 355 1799 πρὸς
393 1732 528 1802 μίαν
569 1734 888 1804 συμφωνίαν
916 1735 981 1788 ὲκ
1016 1734 1111 1789 τοῦ
1142 1737 1281 1807 πρὸς
1313 1739 1499 1793 ἐκεῖνα
1532 1738 1667 1809 μόνα
1700 1738 1800 1807 τὴν

1893 559 2069 615 versis
2119 559 2454 629 temporibus
2501 559 2676 615 editas
2720 562 3017 631 accipiens,
3065 577 3172 633 quo
3214 562 3350 618 bene
3391 563 3460 619 de

1895 648 2130 705 subditis
2154 660 2477 716 mereretur,
2510 648 2783 705 industria
2796 660 2849 705 et
2869 650 3148 706 laboribus
3178 651 3299 707 suis
3319 665 3459 720 opus

1895 730 2253 794 admiratione
2308 739 2553 807 dignum,
2584 739 2971 794 universarum
3005 755 3205 810 nempe
3273 741 3459 809 legum

1896 829 2045 884 illam
2078 829 2578 899 incorporationem
2633 830 2768 900 (14),
2799 847 3014 886 summa
3057 846 3181 886 cum
3228 841 3458 886 conten-

1894 920 2045 975 tione
2071 918 2283 974 edicere
2312 926 2396 975 est
2420 930 2683 975 conatus.
2727 918 2784 973 Si
2834 921 2965 989 quid
2999 921 3336 975 contrarium
3363 930 3457 975 aut

1897 1009 2297 1065 inconveniens
2383 1019 2687 1080 appareret,
2740 1010 3085 1081 repurgavit:
3136 1026 3201 1065 ex
3259 1012 3458 1079 quibus

1898 1114 2026 1157 vero
2067 1100 2434 1171 compositum
2470 1099 2785 1169 reipublicae
2836 1114 2902 1153 ac
2964 1100 3225 1155 decorum
3257 1109 3459 1154 statum

1895 1190 2225 1245 exstiturum
2254 1190 2520 1254 crederet,
2573 1191 2687 1245 haec
2732 1191 2785 1244 in
2823 1207 2991 1245 unum
3030 1192 3331 1253 contexuit,
3375 1198 3459 1244 at-

1896 1295 2004 1349 que
2033 1280 2251 1335 velutin
2279 1287 2451 1336 artem
2480 1280 2716 1351 aliquam
2738 1280 3078 1347 informavit,
3107 1281 3374 1351 quasique
3403 1282 3456 1333 in

1901 1386 2009 1425 una
2049 1371 2276 1440 iustitiae
2319 1371 2480 1436 libra,
2537 1388 2567 1426 a
2596 1384 2700 1440 qua
2724 1370 2934 1440 jusmm
2965 1386 2994 1424 a
3021 1370 3236 1425 diverso
3294 1381 3348 1425 et
3380 1371 3461 1424 in~

1895 1462 2046 1532 justo
2097 1462 2520 1526 discerneretur,
2563 1462 2852 1517 constituit
2894 1469 2950 1516 et
3005 1462 3312 1515 collocavit.
3365 1463 3462 1514 At-

1896 1555 1991 1623 qui
2054 1553 2158 1621 (ut
2218 1552 2477 1620 constat)
2539 1552 2743 1623 ubique
2820 1561 2907 1608 est
2985 1553 3459 1623 pulcherrimum,

1898 1654 1959 1698 ut
1986 1661 2049 1699 ne
2075 1645 2203 1715 quid
2234 1644 2347 1713 (l5)
2377 1644 2557 1701 nimis.
2587 1646 2723 1700 Cum
2758 1660 2993 1715 namque
3026 1646 3080 1700 in
3108 1646 3309 1700 multas
3335 1659 3462 1714 par-

1899 1743 1985 1791 tes
2029 1736 2260 1791 divisam
2331 1735 2509 1803 legum
2546 1736 2912 1791 substantiam
2962 1750 3029 1792 ac
3073 1736 3355 1790 materiam
3408 1736 3462 1789 in

229 1822 441 1875 πάντων
480 1821 882 1876 ἀπευθύνεσθαι
910 1822 1089 1892 ψῆφον
1124 1825 1249 1889 τοὺς
1280 1808 1600 1890 δικάζοντας
1631 1843 1795 1881 κατα-

1900 1841 2070 1881 unum
2105 1841 2309 1896 corpus
2333 1826 2444 1897 (l6)
2473 1835 2624 1881 tanta
2660 1843 2784 1882 cum
2819 1828 2980 1883 laude
3006 1836 3461 1896 coagmentasset,

228 1914 445 1982 στήσας,
471 1914 567 1967 καὶ
596 1914 826 1984 ἀμάχως
853 1915 1061 1985 κρίνειν
1084 1915 1429 1986 συμϐιϐάσας
1446 1920 1515 1989 τῇ
1546 1919 1797 1990 είρηναία

227 2003 314 2057 καὶ
338 2005 542 2074 ἀμάχῳ
570 2005 678 2059 τῶν
703 2004 949 2076 νομίμων
988 2005 1300 2075 κεφαλαίων
1349 2008 1702 2074 καταστάσει,
1732 2009 1793 2062 οὐ

225 2094 449 2164 στέρξας
474 2096 570 2148 ἐπὶ
600 2096 831 2161 τούτοις,
877 2096 1015 2151 ἀλλά
1054 2096 1277 2167 ἄμεινόν
1303 2114 1358 2151 τι
1395 2098 1698 2168 διανοηθεὶς
1725 2102 1792 2171 τῇ

227 2184 463 2255 πολιτείᾳ
498 2186 639 2257 μετά
663 2186 835 2239 ταῦτα
866 2186 1209 2257 χαρίζεσθαι,
1248 2187 1435 2242 ἔλαθεν
1462 2184 1543 2252 οἷς
1571 2188 1795 2259 ὕστερον

227 2276 580 2348 ἐνομοθέτησε
623 2277 719 2332 καὶ
760 2277 839 2349 τῷ
880 2276 1082 2349 πρώτῳ
1120 2277 1500 2350 λυμηνάμενος
1532 2281 1679 2352 ἔργῳ
1701 2281 1795 2334 καὶ

224 2367 279 2420 τὺ
300 2367 554 2439 δεύτερον
581 2368 683 2421 οὐκ
710 2370 1083 2438 ἐργασάμενος
1128 2370 1435 2440 ἄμεμπτον,
1487 2371 1796 2439 ἀντιλογίας

227 2459 311 2512 καὶ
332 2460 508 2531 ἔριδος
539 2463 604 2513 ἐκ
627 2460 728 2531 τῆς
767 2460 991 2533 ὕστερον
1040 2462 1187 2531 αὐτῷ
1229 2464 1626 2534 πεπραγμένης
1658 2464 1791 2518 ὁποι

229 2551 417 2614 θέσεως
457 2552 560 2604 οὐκ
586 2550 770 2622 ὀλίγης
799 2551 934 2624 πρὸς
970 2550 1069 2623 τὴν
1100 2552 1368 2623 προτέραν
1393 2538 1796 2624 ἀνακεκινημέ-

227 2656 333 2709 νης.
368 2640 462 2709 Τῷ
494 2640 596 2711 μὲν
627 2637 719 2695 οὖν
761 2642 946 2712 οίκείῳ
992 2642 1223 2713 καμάτῳ
1263 2643 1436 2705 οὕτως
1460 2643 1530 2697 δι’
1552 2643 1745 2697 ἑαυτοῦ
1767 2647 1797 2698 ό

232 2727 599 2792 Ἰουστινιανὸς
645 2730 977 2800 ὲλωδήσατο.
1023 2730 1099 2783 Οὐ
1167 2731 1275 2801 μὴν
1319 2731 1455 2786 ἀλλά
1504 2733 1598 2786 καὶ
1631 2734 1795 2804 μέχρι

220 2818 307 2873 τοῦ
328 2818 426 2873 νῦν
447 2820 509 2884 ἐξ
528 2820 740 2873 ἐκείνου
764 2821 859 2874 τοῦ
885 2821 1079 2892 καιροῦ
1104 2821 1230 2894 ἀρτι
1259 2823 1360 2893 μὲν
1389 2823 1494 2878 ὑπὸ
1514 2824 1795 2896 νεωτέρων

220 2911 607 2980 θεσπισμάτων
635 2911 761 2983 ἀρτι
786 2912 842 2965 δὲ
875 2912 979 2966 ὑπὸ
1010 2912 1308 2983 ωνηθειῶν
1336 2916 1679 2970 ἀθεσπίστων
1701 2917 1797 2971 καὶ

222 3003 382 3071 μόνην
408 3001 865 3073 προῦαλλομένων
893 3004 1045 3074 ίσχὺν
1066 3003 1164 3075 τὴν
1182 3005 1292 3060 τῶν
1311 3006 1486 3077 ὄχλων
1502 3009 1796 3078 ἀρέσκειαν

219 3090 411 3161 πολλῆς
466 3093 863 3165 ἐπιγενομένης
902 3094 1287 3165 καινοτομίας,
1345 3096 1547 3168 μικροῦ
1585 3098 1655 3152 τά
1684 3098 1794 3152 τῶν

218 3185 389 3253 νόμων
416 3185 775 3254 συγκέχυται,
812 3187 906 3239 καὶ
944 3186 1056 3240 ἄνω
1092 3187 1188 3241 καὶ
1233 3188 1382 3241 κάτω
1428 3191 1795 3261 πεττευόμενα

216 3274 275 3325 τά
303 3274 614 3344 πράγματα
650 3276 892 3347 φέρεται.
921 3277 1021 3349 Διά
1039 3276 1214 3343 τοῦτο,
1252 3277 1413 3349 είπερ
1447 3294 1502 3331 τι
1530 3278 1677 3343 ἀλλο,
1703 3279 1795 3333 καὶ

212 3365 400 3417 τούτου
450 3366 585 3435 ἡμῖν
635 3365 744 3418 τῶν
802 3366 1246 3436 ἀναγκαιοτάτων
1299 3370 1380 3432 είς
1429 3369 1491 3422 τὸ
1538 3370 1794 3441 προνοίας

211 3454 723 3527 ἀντιλαμϐανούσης
762 3460 945 3527 τυχεῖν
994 3457 1146 3523 ἀξίου
1184 3458 1587 3529 πραγματείαν,
1627 3459 1794 3512 ἔτιδὲ

211 3546 303 3599 καὶ
324 3547 430 3610 τὰς
458 3548 541 3610 είς
568 3546 668 3619 τὴν
688 3547 797 3602 τῶν
825 3550 1169 3620 πραγμάτων
1199 3550 1463 3621 διοίκησιν
1491 3550 1795 3622 παρελθού-

212 3652 306 3700 ea;
339 3637 635 3706 συνηθείας
675 3640 1125 3710 ἐπισκεψάμενοι,
1162 3640 1273 3694 τῶν
1327 3641 1429 3712 μὲν
1469 3640 1647 3712 νόμων
1694 3642 1795 3713 τὴν

212 3728 528 3795 ἀντιλογίαν
590 3731 1120 3802 ἀπεσκευασάμεθα,
1179 3734 1288 3787 πᾶν
1349 3732 1647 3786 ἀντίπαλον
1700 3734 1795 3788 καὶ

218 3820 347 3888 πρὸς
376 3820 480 3891 τὴν
523 3823 794 3893 φέρουσαν
832 3823 1057 3895 ἀγωγὴν
1076 3823 1184 3878 τῶν
1223 3824 1562 3896 πραγμάτων
1598 3824 1795 3896 ἀθέμι-

218 3926 306 3964 τον
344 3914 447 3983 τῆς
488 3915 722 3985 νομικῆς
774 3914 930 3981 ἀξίας
979 3917 1584 3989 ἀποχειροτονήσαντες,
1624 3918 1722 3981 τάς
1749 3917 1794 3971 δ’

225 3999 337 4052 ὅσαι
375 4004 660 4074 συνήθειαι
688 4006 749 4058 οὐ
798 4006 1017 4075 φαύλως
1064 4007 1280 4062 ἐδόκουν
1321 4008 1430 4062 οὐδ’
1485 4008 1795 4074 ὲπιὸλαὸὦς

234 4090 506 4160 ῥυθμίζειν
554 4097 624 4149 τά
660 4096 983 4167 πράγματα,
1018 4098 1222 4162 ταύτας
1272 4101 1468 4170 μηκέτι
1509 4100 1792 4171 συνηθείας

238 4181 444 4251 ἀλόγους
467 4183 607 4241 εῖναι
639 4190 1051 4254 καταλιπόντες,
1080 4191 1194 4243 ἀλλ’
1222 4193 1302 4254 είς
1325 4192 1569 4256 ἐξουσίαν
1604 4193 1795 4247 θεσπί-

240 4287 428 4340 σματος
465 4282 930 4350 καταστήσαντες,
985 4282 1099 4337 ἐστι
1150 4283 1195 4336 δ’
1237 4284 1369 4336 ὅπου
1422 4286 1514 4338 καὶ
1561 4286 1694 4357 πρὸς
1736 4286 1797 4339 τὸ

236 4364 429 4435 ἀπηνὲς
474 4372 569 4424 καὶ
618 4372 1039 4444 ἀποτομώτερον
1088 4375 1302 4446 ὁρῶντα
1346 4377 1438 4429 τὸν
1493 4378 1657 4448 νόμον
1702 4380 1796 4433 καὶ

233 4452 411 4530 ὥσπερ
437 4461 787 4533 ἐξιστάμενον
817 4464 916 4534 τῆς
939 4464 1096 4537 δίκης
1127 4467 1205 4530 είς
1235 4467 1295 4519 τὸ
1319 4468 1518 4521 οἰκεῖον
1541 4470 1634 4523 καὶ
1656 4471 1793 4543 πρέ-

229 4560 328 4599 πον
352 4553 727 4617 συστείλαντες
765 4558 969 4626 σχῆμα,
1000 4557 1092 4613 καὶ
1119 4560 1183 4629 τῇ
1220 4559 1542 4634 ὀφειλομένη
1570 4564 1681 4626 τοῖς
1708 4564 1793 4616 νό-

228 4656 348 4706 μοις
371 4644 683 4720 δικαιοσύνη
700 4648 743 4702 ³.

1894 1926 2158 1988 praeterea
2207 1919 2371 1971 etiam
2401 1933 2524 1987 qua:
2573 1918 2764 1988 legalis
2817 1919 3100 1989 regiminis
3122 1919 3366 1973 ordinem
3412 1926 3466 1972 et

1895 2007 2339 2062 convenientiam
2371 2022 2752 2078 saepenumero
2798 2008 3214 2073 labefactarent,
3248 2010 3304 2062 in
3330 2023 3464 2063 con-

1894 2098 2139 2153 cordiam
2201 2096 2545 2169 redegisset,
2583 2099 2790 2167 [itaque
2850 2099 2996 2168 quod
3047 2099 3115 2153 ad
3174 2099 3287 2154 haec
3349 2102 3473 2155 sola

1893 2201 2083 2242 omnes
2108 2187 2393 2242 sententiae
2431 2185 2669 2241 ferenda
2706 2195 2909 2252 essent,
2935 2187 2992 2242 in
3044 2203 3213 2241 unum
3231 2202 3466 2250 consen-

1893 2293 2015 2332 sum
2038 2276 2256 2347 judices
2296 2278 2680 2347 compulisset,
2711 2291 2920 2347 eosque
2955 2277 3026 2333 ad
3070 2277 3297 2347 paeiﬁce
3316 2276 3465 2347 ,ξυιιὶ-

1893 2368 2155 2435 candum,
2188 2367 2455 2438 legalibus
2485 2368 2741 2439 capitulis
2762 2370 2818 2423 in
2843 2368 3137 2439 tranquillo
3155 2375 3210 2423 et
3236 2367 3304 2423 ab
3318 2366 3468 2421 omni

1894 2460 2249 2516 contentione
2284 2461 2457 2515 libero
2502 2468 2650 2517 statu
2679 2461 3024 2527 constitutis,
3068 2460 3213 2515 inter
3245 2474 3306 2515 se
3336 2474 3469 2514 con-

1898 2550 2187 2605 ciliasset:
2239 2550 2325 2606 bis
2387 2550 2479 2605 ille
2512 2565 2623 2605 non
2671 2558 2964 2605 contentus
2991 2590 3008 2617 ,
3051 2549 3149 2605 sed
3204 2557 3468 2620 praestan-

1894 2641 2003 2697 tius
2022 2642 2068 2713 (l
2080 2642 2131 2713 7)
2149 2641 2427 2713 quidpiam
2448 2642 2505 2696 in
2527 2641 2839 2713 reipublicae
2867 2641 3098 2712 gratiam
3122 2641 3466 2712 postmodum

1895 2733 2169 2790 coniicere
2201 2734 2474 2805 cogitans,
2505 2735 2827 2805 imprudens
2861 2735 2933 2790 iis
2962 2749 3086 2805 quae
3107 2744 3293 2805 postea
3350 2743 3467 2789 sta-

1898 2824 2004 2879 tuit
2033 2824 2269 2895 primum
2310 2840 2459 2895 opus
2485 2826 2723 2881 evertit:
2771 2841 2950 2897 neque
2984 2827 3217 2881 alterum
3262 2826 3472 2894 vitupe-

1901 2915 2105 2971 rationi
2156 2930 2265 2969 non
2320 2914 2616 2969 obnoxium
2676 2913 2828 2979 fecit,
2862 2930 2991 2970 cum
3039 2930 3107 2971 ex
3164 2914 3471 2984 posteriore

1898 3006 2350 3079 ipsiusinstituto
2366 3020 2476 3060 non
2505 3020 2692 3076 paucae
2720 3005 2987 3061 adversus
3015 3006 3168 3075 prius
3193 3005 3470 3061 suscitatae

1900 3098 2371 3155 contradictiones
2423 3105 2480 3151 et
2544 3097 2934 3152 controversiae
2984 3098 3117 3153 sint.
3164 3097 3340 3166 Atque
3400 3096 3466 3149 ad

1899 3190 2047 3246 hunc
2071 3204 2203 3244 sane
2223 3188 2447 3243 modum
2478 3188 2595 3259 ipse
2625 3186 2973 3244 Justinianus
3002 3202 3034 3241 a
3065 3187 3247 3257 seipso
3274 3186 3465 3240 vitium

1897 3295 2096 3353 passus
2111 3287 2194 3335 est
2213 3279 2350 3350 (18).
2375 3278 2535 3335 Certe
2560 3278 2779 3349 quidem
2801 3295 2927 3335 cum
2953 3294 3128 3349 usque
3152 3278 3219 3332 ad
3249 3277 3466 3331 hodier-

1897 3386 2027 3425 num
2049 3371 2191 3426 diem
2211 3384 2358 3425 nunc
2386 3386 2452 3425 ex
2478 3369 2876 3426 recentioribus
2894 3370 3297 3434 sanctionibus,
3320 3382 3465 3421 nunc

1896 3477 1964 3518 ex
1985 3463 2290 3531 inscriptis,
2323 3469 2379 3516 et
2408 3476 2515 3515 non
2537 3460 2757 3516 aliunde
2773 3476 2937 3531 quam
2954 3460 3099 3531 quod
3127 3458 3459 3514 multitudini

1898 3555 2152 3626 placeant
2183 3554 2564 3607 auctoritatem
2600 3568 2710 3622 pra:
2731 3567 2793 3607 se
2834 3551 3138 3607 ferentibus
3172 3559 3467 3605 consuetu-

1898 3645 2144 3709 dinibus,
2180 3642 2452 3713 permulta
2484 3643 2554 3697 ab
2585 3644 2680 3697 illo
2712 3650 2957 3712 tempore
3006 3644 3263 3696 innovata
3312 3642 3422 3695 sint
3454 3659 3467 3693 -.

1898 3750 2093 3809 parum
2123 3735 2297 3802 abest,
2321 3736 2454 3805 quin
2494 3749 2583 3789 res
2616 3734 2806 3805 legalis
2836 3749 3060 3805 prorsus
3084 3735 3300 3787 turbata
3330 3747 3464 3787 con-

1898 3831 2133 3901 tusaque
2172 3833 2280 3894 sit,
2332 3838 2387 3884 et
2436 3829 2748 3883 communis
2803 3828 2928 3882 vitae
2974 3827 3189 3897 negotia
3243 3841 3463 3882 sursum

1895 3921 2153 3976 deorsum
2231 3918 2524 3974 subsultim
2614 3916 2879 3972 ferantur.
2943 3915 3284 3987 Quapmpter
3341 3930 3465 3969 cum

1898 4013 1947 4069 si
1978 4013 2108 4083 quid
2148 4010 2318 4076 aliud,
2358 4010 2466 4066 hoc
2512 4020 2661 4064 certe
2708 4010 2852 4080 quod
2890 4010 3237 4079 Opitulatrice
3281 4016 3473 4063 nostra.

1898 4102 2170 4158 industria
2203 4110 2258 4155 et
2286 4115 2420 4156 cura
2465 4099 2779 4155 necessario
2832 4100 3072 4169 potiatur
3093 4136 3119 4163 ,ν
3142 4098 3366 4168 dignum
3398 4097 3464 4151 sit

1900 4202 2194 4250 tractatum
2233 4194 2456 4263 insuper
2494 4199 2549 4245 et
2588 4190 3080 4246 consuetudinibus
3111 4203 3233 4258 qua:
3268 4186 3335 4240 ad
3381 4202 3466 4242 re-

1901 4300 2020 4340 rum
2077 4284 2528 4355 gubernationem
2578 4280 2985 4343 devenissent,
3019 4278 3315 4351 diligenter
3371 4291 3464 4330 ειν

1900 4378 2082 4432 cussis
2107 4376 2283 4444 legum
2316 4377 2460 4427 inter
2484 4387 2543 4425 se
2572 4369 3065 4425 contradictionem
3099 4368 3425 4423 sustulimus
3450 4390 3462 4423 ε

1902 4465 2166 4539 quidquid
2195 4462 2571 4518 adversarium
2597 4469 2653 4515 et
2681 4460 2747 4515 ad
2776 4470 3096 4530 praesentem
3128 4473 3308 4513 rerum
3336 4473 3458 4513 con-

1903 4560 2245 4616 stitutionem
2284 4554 2663 4623 rationemque
2690 4552 2935 4607 illicitum
2962 4559 3132 4617 esset,
3154 4551 3293 4612 .huic
3318 4550 3479 4619 lega-.

1900 4657 2006 4709 lem
2054 4652 2439 4708 auctoritatem
2493 4649 2819 4720 abrogantes
2864 4661 2879 4700 :
2939 4661 3276 4717 quaecunque
3336 4660 3462 4699 vero

226 4741 653 4798 Ponsuetudines
703 4758 813 4798 non
880 4744 1024 4800 male
1080 4760 1256 4816 neque
1300 4748 1462 4802 noxie
1520 4749 1587 4806 de
1640 4753 1806 4811 rebus
1835 4753 2173 4811 constituere
2203 4746 2541 4813 viderentur,
2576 4745 2675 4799 has
2711 4758 2839 4799 non,
2875 4740 3112 4810 amplius
3171 4739 3460 4809 inscriptas

226 4833 282 4878 et
306 4834 582 4901 neglectas
605 4835 1041 4892 consuetudines
1072 4851 1293 4892 manere
1323 4839 1574 4905 sivimus.
1603 4844 1700 4898 sed
1735 4847 1801 4901 ad
1832 4846 1970 4916 legis
1997 4834 2104 4899 vim
2136 4855 2201 4895 ac
2249 4846 2578 4910 potestatem
2608 4836 2906 4892 extulimus
2941 4852 2982 4890 εν
3015 4832 3214 4889 alicubi
3280 4843 3481 4891 alllan

1459 5024 1463 5027 ’
1518 5049 1748 5107 vanum
1781 5050 2188 5110 moriones.

264 5178 286 5208 ⁷
315 5178 382 5236 Η.
406 5182 722 5255 Stephanus
745 5199 800 5241 et
822 5187 1070 5257 Agylatus
1090 5187 1289 5243 habent
1319 5194 1930 5264 σωματοποιησάμενος.
2007 5195 2030 5227 ⁸
2063 5194 2161 5249 Hic
2185 5192 2388 5264 aliquid
2418 5192 2609 5248 deesse
2630 5191 2867 5245 videtur.

1725 5367 1953 5425 NOTAE.

264 5505 314 5573 (Ι
330 5505 393 5573 ι)
425 5504 861 5575 Σωματοποιίαν.

267 5570 395 5644 (15)
434 5570 531 5644 Τὸί
548 5574 717 5644 μηδὲν
746 5573 910 5641 άγαν.
942 5572 1233 5644 Terentius
1254 5571 1308 5644 in
1346 5570 1551 5623 Andria
1580 5583 1687 5644 act.
1732 5573 1783 5637 1,

189 5660 350 5697 soon.
372 5642 427 5698 1.
455 5664 473 5695 ε
503 5642 561 5699 Id
594 5642 835 5698 arbitror
866 5642 1109 5712 apprime
1154 5642 1207 5695 in
1240 5642 1348 5695 vita
1391 5654 1514 5695 esse
1545 5643 1694 5707 utile,
1727 5653 1785 5696 ut

186 5732 261 5768 nr
288 5714 426 5778 ιιιιισΙ
464 5714 653 5769 nimis.
679 5731 698 5763 ι

267 5788 387 5856 illi)
419 5784 614 5849 Σῶμα.
663 5782 755 5838 Sic
793 5796 993 5850 corpus
1035 5780 1246 5836 Homeri
1301 5780 1519 5843 dicitur,
1554 5780 1588 5832 1.
1622 5778 1712 5840 92,
1755 5778 1787 5849 §

1896 5508 1950 5560 2‘.
1992 5507 2047 5560 ΠΣ
2080 5508 2312 5561 delegat.
2341 5508 2395 5561 5.

1895 5646 1906 5656 _
1954 5576 2079 5658 _(l__7_)
2108 5574 2369 5658 {Iudicem
2390 5574 2788 5630 Justinianeum
2826 5576 3069 5647 repetitae
3095 5574 3475 5645 prmlcctionis.

1894 5646 2164 5713 intelligit,

1963 5715 2075 5785 (l8)
2115 5713 2177 5769 L.
2215 5714 2303 5778 52,
2333 5715 2363 5787 §
2399 5715 2445 5780 ι,
2486 5713 2543 5770 ίῘ.
2572 5714 2638 5769 de
2668 5715 2888 5785 legibus.
