3970 6212
525 354 629 417 διῗῖ

1746 352 2021 414 LEONIS
2048 354 2506 416 PHILOSOPHI

3661 357 3779 421 628

525 479 580 525 ct
601 469 669 523 ad
704 467 969 524 strvitiam
997 466 1369 538 quiddamque
1390 464 1737 533 praeiractius
1770 478 2130 538 spectantem,
2168 484 2233 525 ac
2282 486 2380 525 ceu
2426 469 2661 540 justitiae
2703 469 2921 536 penitus
2952 468 3178 524 oblitam
3247 468 3439 541 legem,
3490 469 3561 525 ad
3618 486 3785 527 suum

525 567 919 631 decentemque
954 563 1174 615 modum
1236 561 1450 631 legibus
1480 561 1662 616 debila
1687 578 1813 617 cum
1860 564 2234 631 aequabilitate
2264 569 2641 621 contraximus
2675 564 2816 635 (19).

598 657 693 712 His
764 657 949 726 itaque
1016 656 1121 711 hoc
1192 664 1353 724 pacto
1410 656 1700 726 dispositis
1763 666 1820 713 et
1873 660 2088 716 consti-

2270 662 2487 715 Τούτων
2514 659 2607 713 οὖν
2642 660 2775 727 ἡμῖν
2801 656 2944 709 οὕτω
2973 656 3360 727 διῳκημένων,
3402 658 3513 711 ἀπὸ
3552 656 3649 710 τοῦ
3684 657 3791 711 νῦν

525 749 702 810 tutis,
757 748 1018 803 omnibus
1085 748 1286 817 quibus
1352 747 1581 817 iustitiae
1662 749 1909 803 trutime’
1948 765 2097 805 com-

524 838 707 892 missae
754 845 904 901 sunt,
963 844 1018 891 et
1070 836 1483 906 magistratibus
1533 844 1587 890 et
1617 836 1898 905 judicibus
1940 854 2097 892 man-

516 931 753 989 damus,
804 935 864 979 ut
925 940 1046 995 qua:
1116 926 1260 996 leges
1334 926 1404 981 ab
1480 926 1827 996 imperatoria
1908 938 2096 983 nostra

526 1018 810 1087 majestate
878 1032 908 1071 a
969 1016 1125 1086 legali
1190 1017 1311 1072 solo
1379 1017 1634 1071 exsulare
1687 1017 1855 1086 jussae
1922 1026 2095 1082 sunt,

528 1109 627 1162 has
649 1109 872 1162 inutiles
894 1107 1234 1175 judirautcs,
1260 1107 1457 1161 dehinc
1482 1109 1533 1161 iu
1558 1122 1719 1162 omne
1736 1124 1910 1162 aevum
1947 1110 2095 1175 rejici

526 1200 712 1253 sinant
754 1217 770 1254 :
830 1200 1131 1254 secundum
1194 1199 1434 1268 reliquas
1468 1214 1597 1254 vero
1649 1202 1882 1269 scriptas
1935 1209 2097 1268 atque

522 1300 755 1352 veteres,
796 1300 852 1345 et
886 1308 1005 1359 quae
1033 1291 1175 1343 haud
1207 1292 1280 1343 ita
1306 1291 1514 1359 pridem
1555 1305 1585 1344 a
1611 1293 1961 1361 sempiterna:
1984 1306 2097 1344 me-

525 1380 713 1432 moriae
754 1391 908 1448 patre
945 1377 1057 1447 (20)
1099 1386 1314 1441 nostro,
1342 1389 1508 1447 atque
1555 1394 1704 1433 nunc
1754 1394 1783 1431 a
1817 1380 1975 1434 nobis
2005 1394 2095 1433 se-

524 1467 680 1521 lectae
708 1475 804 1521 aut
876 1470 996 1519 lata:
1034 1474 1163 1520 sunt
1188 1504 1202 1526 ,
1257 1468 1650 1522 controversiis
1680 1467 2097 1537 dijudicatioues

524 1558 893 1628 suppeditent,
916 1558 1233 1624 neminique
1263 1558 1493 1625 posthac
1520 1557 1589 1611 ad
1609 1559 1846 1627 aliquam
1875 1575 1905 1611 a
1938 1557 2097 1628 legali

522 1646 854 1700 auctoritate
875 1646 1297 1698 cxterminatam
1342 1646 1483 1713 juris
1531 1648 1767 1715 speciem
1795 1648 2095 1714 declinare,

523 1752 699 1805 neque
747 1737 813 1790 ad
846 1737 1304 1790 consuetudinem
1337 1741 1676 1807 quampiam,
1712 1755 1832 1806 quae
1870 1749 2096 1809 accepta

521 1840 555 1893 ι)
586 1824 880 1893 mrogativa
916 1838 1015 1892 pro
1040 1838 1108 1878 eo
1138 1825 1284 1892 quod
1315 1826 1660 1878 consuetudo
1682 1834 1827 1879 esset
1861 1842 1923 1879 ac
1955 1827 2096 1881 dice-

522 1926 694 1978 retur,
737 1914 803 1969 ad
838 1915 973 1985 legis
1020 1915 1360 1985 majestatem
1397 1923 1451 1971 et
1480 1916 1743 1971 honorem
1787 1934 1815 1969 a
1850 1918 2093 1986 petentia

522 2013 711 2060 nostra
744 2006 1006 2061 subvecta
1034 2022 1145 2059 non
1170 2008 1262 2069 sit,
1289 2022 1582 2062 recurrere
1615 2008 1988 2078 permittatur.

1011 2118 1479 2175 CONSTITUTIO
1532 2121 1597 2174 ll.

524 2207 591 2263 Ut
620 2210 709 2279 qui
747 2219 940 2263 cwtera
988 2211 1275 2263 secundum
1314 2227 1495 2264 sacros
1530 2210 1837 2279 divinosque
1868 2229 2095 2266 uniones

588 2281 875 2347 episcopali
910 2279 1170 2347 dignitate
1202 2281 1388 2348 dignus
1417 2297 1528 2335 esse
1555 2281 1837 2347 probatur,
1869 2283 1916 2335 si
1940 2284 2093 2336 liberi

585 2365 650 2403 ea:
683 2349 915 2417 legitimo
961 2351 1307 2403 matrimonio
1337 2351 1420 2403 illi
1461 2353 1587 2415 sint,
1622 2351 1684 2402 ob
1719 2352 1841 2404 illos
1873 2353 1925 2404 in
1962 2369 2093 2405 cou-

587 2420 848 2488 sequcndo
877 2422 1073 2472 honore
1091 2419 1297 2473 nullum
1330 2420 1765 2485 impedimentum
1789 2423 2001 2475 sentiat.

1203 2642 1395 2695 Auum

522 2731 590 2786 Ut
624 2733 714 2805 qui
743 2732 1223 2805 alioquihpriucipe
1255 2734 1369 2803 (21)
1411 2732 1710 2788 sacerdotio
1737 2735 1943 2805 dignus
1989 2748 2087 2802 est,

586 2801 644 2856 si
665 2803 889 2883 legitimi
920 2802 1003 2856 illi
1054 2801 1205 2856 liberi
1239 2801 1383 2869 sint,
1426 2818 1531 2857 non
1573 2801 1895 2873 impediatur
1937 2801 2091 2861 illuni

587 2886 855 2941 consequi.
1980 2894 1983 2897 ‘

586 2962 733 3017 Idem
774 2962 1075 3032 imperator
1114 2962 1395 3035 Stephano
1437 2965 1789 3020 sanctissimo
1813 2966 2088 3021 Constan-

515 3054 884 3123 tinopolitano
913 3056 1354 3127 archiepiscopo,
1390 3067 1445 3113 et
1495 3058 1821 3127 patriarcha:
1868 3059 2091 3115 univer-

515 3147 638 3201 sali.

585 3236 725 3290 Cum
762 3238 1106 3293 sacrosancti
1159 3238 1440 3309 divinique
1472 3255 1737 3306 canones,
1770 3250 1824 3295 et
1850 3242 2086 3311 quicun-

515 3344 623 3397 que
654 3328 748 3383 alii
790 3329 859 3383 de
917 3330 1226 3385 sacerdotio
1281 3346 1345 3383 ac
1392 3331 1775 3401 episcoporum
1811 3335 2088 3385 creatione

515 3428 779 3486 statuere,
807 3422 862 3476 in
886 3423 1158 3492 Optimum
1189 3423 1547 3492 numerisque
1576 3423 1834 3478 omnibus
1867 3425 2085 3491 plenum

513 3512 645 3567 editi
701 3511 811 3568 sint
870 3515 1121 3581 modum,
1159 3515 1487 3585 (etquidem
1530 3514 1806 3585 quomodo
1848 3515 1923 3568 illi
1976 3531 2084 3569 non

510 3616 703 3659 exacte
731 3604 1089 3675 perfecteque
1113 3604 1245 3659 editi
1271 3604 1403 3669 sint,
1430 3620 1554 3658 cum
1587 3603 1771 3659 divina
1796 3604 2087 3674 inspiratio

512 3696 568 3750 in
640 3698 959 3753 auctoribus
1029 3695 1326 3751 eﬂicaciter
1382 3704 1603 3764 Operata
1670 3693 1828 3765 sit?)
1894 3694 2082 3747 mirari

511 3788 682 3851 subit,
710 3788 986 3857 quomodo
1040 3804 1155 3842 nou
1205 3786 1365 3841 veriti
1412 3785 1658 3839 nonnulli
1712 3787 1844 3851 sint,
1898 3801 2085 3841 sacras

510 3877 1297 3949 divinasqueleges,tanquam
1329 3877 1436 3930 illa:
1456 3877 1722 3931 absoluta:
1740 3893 1848 3932 non
1878 3886 2081 3943 essent,

510 3971 870 4042 promulgatis
915 3972 1039 4025 aliis
1090 3970 1299 4039 legibus
1359 3970 1650 4040 abrogare.
1684 3968 1895 4024 Etenim
1958 3986 2080 4024 cum

510 4064 653 4116 sacri
694 4078 931 4117 canones
987 4062 1123 4132 (22),
1156 4062 1358 4131 quibus
1394 4062 1529 4116 locis
1580 4062 1648 4116 de
1696 4064 2078 4131 episcoporum

509 4155 788 4209 creatione
807 4155 1190 4223 prmscribunt,
1216 4161 1461 4208 statuant
1490 4168 1615 4207 eum
1641 4152 1752 4222 (25)
1784 4153 1877 4221 qui
1907 4168 1971 4207 ex
2002 4154 2079 4208 le-

508 4247 700 4317 gitimo
738 4246 1091 4300 matrimonio
1122 4244 1327 4299 liberos
1358 4243 1574 4307 habeat,
1608 4243 1653 4297 si
1696 4244 1857 4297 modo
1886 4244 1937 4297 in
1980 4260 2080 4297 re-

510 4339 660 4408 liqua
709 4339 833 4393 vitae
865 4338 1078 4393 ratione
1122 4336 1255 4392 nihil
1309 4334 1681 4405 impedimenti
1722 4335 1817 4400 sit,
1858 4334 1923 4387 ad
1967 4336 2079 4405 pri-

511 4416 745 4483 marium
819 4430 1179 4485 sacerdotium
1246 4427 1553 4499 promoveri
1618 4443 1839 4497 posse:
1906 4429 1959 4481 hi
2021 4427 2076 4481 in

508 4520 847 4574 contrarium
884 4527 1190 4574 statuentes
1223 4518 1335 4589 (24)
1364 4518 1539 4583 aiunt,
1583 4528 1641 4569 ut
1675 4519 1708 4570 ii
1750 4518 1843 4587 qui
1877 4520 2078 4573 liberos

2196 755 2290 809 καὶ
2346 756 2425 816 είς
2475 754 2565 807 τὸν
2615 752 2805 803 ἔπειτα
2854 751 3074 805 ἅπαντα
3123 750 3317 821 χρόνον
3345 750 3551 805 ἅπασιν
3576 754 3657 815 είς
3686 753 3790 815 οὒς

2195 848 2495 916 ἀνήρτηται
2523 842 2591 896 τά
2614 846 2712 913 τῆς
2734 842 2890 912 δίκης
2917 841 3079 911 ζυγὰ,
3106 841 3335 912 ἄρχουσι
3360 842 3456 895 καὶ
3474 842 3787 905 δικασταῖς,
3862 876 3869 881 ι

2194 936 2577 1005 ἐντελλόμεθα,
2600 935 2727 997 τοὺς
2755 932 2852 1004 μὲν
2880 934 2996 987 ὅσοι
3018 933 3173 1003 νόμοι
3198 935 3347 1005 παρᾶ
3371 932 3470 1003 τῆς
3502 932 3788 1003 βασιλείας

2196 1030 2352 1101 ἡμῶν
2380 1028 2478 1082 τοῦ
2518 1028 2754 1097 νομίμου
2788 1025 3155 1096 ὲδάφους³τὴν
3183 1026 3618 1096 ἀπαλλοτρίωσιν
3649 1035 3790 1081 κατ-

2195 1121 2609 1191 εψηφίσθησαν,
2656 1119 2884 1182 τούτους
2931 1119 3248 1188 ἀχρήστους
3300 1120 3637 1188 ἡγουμένους
3690 1122 3791 1190 ὲᾷν

2196 1211 2476 1283 tamen.
2508 1211 2651 1264 κατὰ
2678 1209 2737 1262 δὲ
2764 1210 2892 1272 τοὺς
2923 1209 3143 1271 λοιποὺς
3173 1210 3489 1279 ἐγγράῳους
3527 1211 3658 1273 τοὺς
3687 1212 3790 1280 ἀρ-

2195 1304 2387 1373 χαίους
2417 1301 2510 1354 καὶ
2541 1302 2670 1363 τοὺς
2702 1300 2886 1370 μικρῷ
2919 1300 3020 1369 μὲν
3049 1300 3287 1369 πρόσθεν
3337 1302 3487 1369 παρά
3528 1299 3628 1353 τοῦ
3670 1304 3791 1353 ἀει·-

2200 1394 2437 1463 μνήστου
2466 1392 2670 1462 πατρὸς
2694 1391 2873 1460 ήμῶν,
2902 1390 2997 1444 νῦν
3023 1390 3081 1444 δὲ
3108 1392 3239 1462 παρ’
3261 1392 3421 1460 ἡμῶν
3453 1393 3793 1461 ὲγκεκριμὲ-

2196 1500 2321 1546 νους
2367 1483 2400 1552 ἢ
2447 1480 2906 1550 τεθεσπισμένους
2948 1483 3071 1544 ταῖς
3114 1481 3294 1544 δίκαις
3344 1482 3639 1551 βραϐεύειν
3685 1485 3787 1546 τὰς

2195 1574 2487 1635 διαλύσεις,
2518 1572 2729 1635 οὐδενὸς
2763 1572 3214 1641 συγχωρουμένου
3253 1574 3333 1626 ἐτι
3364 1575 3497 1645 πρός
3524 1592 3648 1628 τινα
3675 1577 3787 1626 τῶν

2198 1665 2505 1735 ὑπερορίων
2536 1664 2636 1733 τῆς
2673 1662 2904 1733 νομικῆς
2934 1664 3089 1728 ἀξίας
3136 1665 3445 1732 κεφαλαίων
3473 1666 3785 1728 ἀπονεύειν,

2197 1755 2311 1807 ἀλλ’
2338 1754 2449 1808 οὐδ’
2478 1756 2558 1816 είς
2591 1754 2883 1823 συνήθειαν
2908 1754 3288 1823 ἀππρέχεινῆ
3315 1754 3435 1823 ἣτις
3467 1755 3590 1824 οὐχὶ
3634 1756 3790 1824 παρὰ

2196 1846 2290 1899 τοῦ
2337 1846 2608 1916 ἡμετέρου
2653 1846 2887 1913 κράτους
2940 1846 3178 1898 λαϐοῦσα
3214 1846 3274 1897 τὸ
3308 1846 3630 1915 ἔκκριτον¹⁶
3665 1847 3789 1898 ἀντὶ

2126 1968 2167 2021 Β
2195 1938 2288 1991 τοῦ
2337 1937 2593 2008 συνήθεια
2645 1930 2783 1988 εἷναι
2831 1936 2925 1988 καὶ
2955 1936 3209 2004 λέγεσθαι
3241 1937 3378 2007 πρὸς
3420 1937 3593 2007 νόμου
3626 1937 3790 2001 δόξαν

2197 2032 2475 2099 καὶητιμὴν
2506 2027 2800 2099 ἀνηνέχθη.

2771 2143 3083 2196 ΔΙΑΤΑΞΙΣ
3127 2142 3201 2199 Β’.

2194 2236 2333 2303 Περὶ
2382 2234 2488 2288 τοῦ
2539 2235 2687 2287 κατὰ
2737 2235 2878 2301 τοὺς
2913 2236 3110 2302 ιεροίνς
3150 2238 3245 2289 καί
3293 2239 3492 2304 θείους
3519 2258 3788 2303 κανινας

2265 2306 2373 2377 τόν
2424 2304 2828 2377 ἐπισκοπικοῦ
2857 2305 3220 2377 ᾲάξιώματος
3256 2376 3265 2377 7
3279 2311 3789 2377 μαρτυρούμενον

2265 2375 2440 2439 ἄξιον
2468 2374 2539 2446 τῇ
2572 2374 2733 2446 ἄλλῃ
2776 2374 2883 2428 τοῦ
2915 2376 3062 2446 ,βίου
3091 2374 3501 2446 operemur
3540 2374 3631 2444 sic
3672 2380 3789 2443 τὴν

2263 2446 2444 2512 τιμὴν
2475 2444 2891 2517 ἐμποδίζεσθαι
2918 2445 3099 2517 ἕνεκα
3128 2447 3244 2499 τῶν
3281 2444 3349 2500 ἐκ
3377 2444 3640 2517 νομίμου
3680 2448 3786 2517 τά·

2260 2513 2665 2588 μου-παίδων
2712 2516 3083 2581 συναφείας,
3133 2519 3185 2571 εί
3227 2513 3464 2584 παῖδεξ
3499 2513 3788 2588 πάρεισιν

2263 2583 2445 2647 αὐτῷ.

2825 2676 3085 2743 Ἄλλως.

2192 2744 2336 2813 Περί
2370 2747 2478 2798 τοὺ
2497 2747 2585 2812 μὴ
2618 2745 3033 2817 ἐμποδίζεσθαι
3071 2745 3178 2799 τὸν
3200 2744 3376 2817 ἀξιον
3402 2746 3785 2817 ,ἀρχιερωσύ-

2366 2832 2503 2883 νης,
2528 2818 2581 2869 εί
2608 2815 2817 2881 παῖδες
2844 2817 3082 2885 νόμιμοι
3131 2816 3292 2882 αὐτῷ
3329 2815 3599 2885 adpetat.

2269 2967 2331 3020 Ὀ
2375 2966 2537 3029 αὐτὸς
2571 2966 2823 3036 βασιλεὺς
2854 2967 3112 3039 Στεφάνῳ
3164 2966 3243 3038 τῷ
3288 2968 3581 3038 ἁγιωτάτῳ
3623 2966 3787 3041 ἀρχι-

2190 3059 2473 3126 επισκόπῳ
2504 3058 3128 3123 Κωνσταντινουπόλεως
3152 3060 3247 3113 καὶ
3275 3059 3646 3132 οίκουμενικῷ
3675 3080 3785 3115 πα-

2188 3153 2448 3223 τριάρχῃο

2264 3242 2385 3294 Τῶν
2417 3240 2579 3313 ἱερῶν
2606 3241 2702 3295 καὶ
2735 3240 2897 3296 θείων
2926 3242 3190 3309 κανόνων,
3227 3242 3341 3297 τῶν
3370 3260 3431 3296 τε
3474 3243 3653 3297 ἀλλων
3682 3245 3783 3297 καὶ

2196 3332 2311 3385 ὅσοι
2353 3330 2480 3402 περί
2525 3348 2584 3383 τε
2625 3330 2925 3402 ἱερωσύνης
2975 3332 3067 3386 καὶ
3096 3333 3432 3403 χειροτονίας
3460 3332 3783 3388 ἐπισκόπων

2196 3422 2511 3489 ὲθέσπισαν,
2540 3424 2619 3486 είς
2673 3423 2735 3474 τὸ
2784 3422 3006 3492 ἄριστόν
3031 3441 3091 3477 τε
3121 3425 3217 3477 καὶ
3248 3424 3643 3497 ἀκριϐέστατον
3683 3427 3782 3477 ὲκ-

2194 3532 2419 3586 πεφωνη
2429 3514 2627 3585 μένων,
2647 3513 2783 3584 (πῶς
2809 3514 2854 3566 δ’
2880 3515 2979 3568 οὐκ
3009 3515 3230 3585 ἔμελλον
3251 3516 3493 3588 ἀκριϐῶς
3523 3519 3781 3586 ὲκπεφω-

2194 3603 2412 3673 νῆσθαι,
2448 3604 2600 3667 Θείας
2631 3604 2918 3667 ἐπιπνοίας
2946 3605 3005 3658 ἐν
3030 3607 3141 3668 τοῖς
3182 3604 3575 3675 φθεγγομένοις
3624 3608 3781 3676 ὲνερ-

2192 3692 2467 3763 γούσης;)
2525 3692 2824 3763 θαυμάζειν
2855 3693 3034 3746 ἔπεισί
3066 3712 3177 3765 μοι,
3205 3695 3322 3758 πῶς
3344 3698 3444 3748 οὐκ
3468 3694 3779 3765 εὐλαϐήθη-

2194 3784 2293 3837 σάν
2348 3801 2492 3847 τινες
2537 3783 2725 3855 ῶσπερ
2774 3784 2971 3849 ὲνδεῶς
3020 3786 3247 3839 ἐκείνων
3291 3786 3526 3857 ἐχόντων
3566 3787 3778 3859 τολμᾷν

2191 3876 2393 3946 ἑτέρων
2418 3876 2633 3929 ἐκθέσει
2663 3877 2845 3946 νόμων
2873 3877 2999 3941 τοὺς
3030 3879 3208 3947 ἱεροὺς
3236 3880 3333 3933 καὶ
3360 3879 3536 3943 θείους
3559 3881 3777 3933 ἀθετεῖν

2191 3968 2405 4037 νόμους.
2449 3970 2558 4021 Καὶ
2580 3970 2687 4039 γὰρ
2728 3971 2785 4021 ἓν
2816 3965 2897 4032 οἷς
2931 3970 2996 4022 τὰ
3028 3971 3156 4040 περὶ
3183 3973 3516 4041 χειροτονίας
3546 3974 3773 4026 ἐπισκό-

2190 4075 2305 4111 πων
2328 4059 2667 4113 διατάττουσι
2692 4059 2799 4112 τῶν
2829 4062 2987 4130 ἱερῶν
3013 4063 3376 4125 Θεσπιζόντων
3418 4064 3659 4117 κανόνων
3680 4065 3770 4117 τὸν

2186 4149 2244 4211 ὃς
2274 4152 2337 4201 ἐκ
2369 4150 2597 4219 νομίμου
2642 4151 2819 4219 γάμου
2856 4152 3049 4208 παῖδας
3098 4152 3209 4221 ἔχει
3229 4192 3243 4217 ,
3277 4154 3329 4206 εί
3354 4170 3417 4220 γε
3444 4155 3477 4223 ἡ
3506 4153 3642 4221 ἀλλη
3672 4154 3767 4206 τοῦ

2188 4240 2305 4310 βίου
2353 4242 2523 4309 ἀρετὴ
2563 4242 2811 4312 ἐμποδὼν
2840 4243 2938 4312 οὐχ
2971 4243 3206 4306 ἵσταται,
3234 4245 3315 4307 είς
3348 4245 3764 4314 ἀρχιερωσύνην

2187 4334 2557 4405 προάγεσθαι,
2592 4330 2734 4388 οὗτοι
2788 4334 3262 4399 ἀντιθεσπίζοντές
3308 4352 3465 4405 φασι,
3503 4336 3580 4406 μὴ
3626 4332 3766 4389 εἶναι

2187 4426 2324 4495 πρὸς
2354 4426 2651 4479 ἐπισκόπου
2678 4426 2891 4497 ἀξ’ωμα
2921 4429 3035 4490 τοῖς
3066 4429 3249 4498 ἔχουσι
3278 4428 3497 4491 παῖδας,
3528 4427 3633 4479 κᾶν
3666 4428 3767 4479 δῶ-

2188 4534 2280 4588 ρον
2306 4509 2408 4569 ῶσι
2444 4518 2622 4587 γάμου
2656 4518 2923 4588 νομίμου,
2956 4518 3263 4572 ἀναϐαίνειν
3291 4516 3569 4569 ἀκώλυτον
3589 4555 3603 4579 ,
3636 4517 3765 4578 ἴσως

508 4613 735 4677 habent,
767 4612 983 4667 tametsi
1025 4612 1253 4682 legitimi
1311 4611 1551 4679 conjugii
1606 4628 1801 4665 munus
1842 4614 1975 4677 sint,
2009 4611 2075 4665 ad

2204 4608 2287 4659 ιὲν
2318 4608 2391 4674 (τί
2424 4608 2533 4677 γάρ
2562 4609 2627 4662 ἄν
2658 4627 2738 4669 τις
2770 4609 2898 4662 ἀλλο
2929 4611 3072 4663 εῐποι
3092 4618 3140 4675 ς)
3174 4611 3349 4663 ὲκείνο
3377 4610 3471 4662 ἐπὶ
3504 4607 3633 4662 νοῦν
3675 4610 3766 4660 λα-

505 4704 877 4775 cpiscopalem
918 4703 1238 4772 dignitatem
1268 4701 1527 4764 evadant,
1552 4714 1656 4753 suo
1686 4700 2075 4770 impedimento

2204 4699 2389 4762 ἰόντες,
2426 4700 2499 4762 ὡς
2530 4703 2596 4769 τῇ
2635 4704 2770 4771 πρὸς
2798 4702 2963 4754 τέκνα
2988 4703 3226 4755 διαθέσει
3266 4707 3387 4765 ταῖς
3440 4702 3616 4772 ἱεραῖς
3665 4702 3765 4753 ὐπ-

510 4814 617 4851 nou
647 4811 866 4851 vacare.
916 4793 1072 4861 Quod
1110 4793 1233 4847 ideo
1281 4791 1516 4847 fortasse
1556 4792 1610 4845 in
1644 4793 1885 4845 animum
1916 4793 2075 4845 indu-

2182 4790 2371 4861 άρξεσι
2398 4790 2713 4860 λυμανεῖται
2748 4794 2775 4844 ὁ
2810 4792 3303 4861 χειροτονούμενος.
3341 4790 3486 4861 Πλὴν
3514 4792 3615 4842 οὐκ
3649 4790 3761 4859 ἔχει

512 4894 731 4953 serunt,
771 4884 919 4956 quod
975 4881 1087 4955 (‘25)
1130 4882 1445 4939 istiusmodi
1502 4880 1791 4937 aﬂectione
1837 4882 2071 4952 quadam

2204 4882 2363 4946 ιαλῶς
2406 4884 2438 4936 τίκ
2473 4883 2642 4937 αίτία.
2680 4883 2836 4937 υῦτω
2865 4884 2974 4956 γάρ
3004 4884 3070 4940 ἂν
3102 4886 3195 4939 καὶ
3222 4882 3469 4954 ἀδελφῶν
3495 4884 3529 4954 ἢ
3565 4899 3763 4951 συγγε-

1793 5062 2025 5119 νΑιιυΕ
2060 5062 2467 5121 LECTIONES.

577 5162 599 5192 ⁹
618 5157 815 5228 Ecloga
841 5158 1221 5229 προστρέχειν.
1312 5157 1354 5189 ¹⁰
1380 5155 1504 5211 cod.
1533 5155 1807 5229 ἔγκριτον.

2006 5274 2239 5332 NOTAE.

576 5364 691 5439 (l9)
732 5366 969 5439 Qbserva
1028 5365 1374 5439 sententiam
1399 5365 1563 5439 hujus
1613 5365 1893 5439 Novellae;
1929 5367 2057 5421 facit

505 5437 533 5508 ᾗ
557 5433 611 5503 δ’,
644 5433 732 5508 de
751 5436 1254 5508 Justinianeocod.
1290 5433 1317 5505 §
1344 5435 1397 5489 5.
1514 5436 1729 5490 etticud.
1758 5437 1822 5491 C.

575 5506 688 5575 (20)
706 5506 905 5560 Basilio
956 5522 1035 5560 sc.
1072 5503 1384 5559 Macedone.
1421 5504 1554 5560 Nan.
1580 5516 1739 5561 antea
1770 5506 1880 5559 dixi
1907 5506 2060 5562 Basi-

504 5578 636 5628 lium
667 5575 1015 5630 Macedonem
1051 5590 1173 5629 cuin
1206 5576 1331 5629 illiis
1352 5576 1711 5630 Constantino
1768 5585 1825 5629 et
1879 5576 2062 5631 Leone

502 5647 742 5700 edidisse
773 5646 1060 5713 πρόχειρον
1095 5644 1412 5697 diSIinctum
1435 5647 1609 5698 titulis
1649 5646 1951 5713 sexaginta.

573 5717 685 5785 ('2!)
741 5714 1193 5784 ’Λρχιερωσύνης,
1262 5716 1513 5785 intelligit
1550 5715 1914 5770 sacerdotium
1953 5720 2064 5784 ept-

502 5787 742 5857 scopale.

2237 5365 2350 5438 (τε)
2383 5364 2420 5438 l_
2448 5367 2514 5420 ad
2545 5364 2689 5420 Tim.
2727 5381 2800 5431 tv,
2830 5366 2895 5419 ad
2932 5364 3041 5419 Tit.
3066 5381 3106 5438 ι,
3137 5380 3280 5419 vers.
3307 5363 3361 5417 (ἶ.

2241 5432 2355 5505 (23)
2378 5436 2549 5491 Nemo
2582 5444 2892 5490 removetur
2924 5438 2992 5489 ab
3018 5436 3341 5504 cpiscOpatu
3390 5432 3754 5503 adipiscendo

2170 5518 2391 5576 propter
2424 5508 2629 5561 liberos
2662 5521 2801 5574 quos
2854 5507 3034 5559 habet.

2238 5572 2348 5643 (‘24)
2380 5576 2505 5630 Vid.
2532 5578 2567 5629 l.
2595 5572 2741 5646 42ζῇ
2773 5576 2825 5629 l.
2867 5576 3003 5630 Cod.
3048 5575 3118 5629 de
3173 5574 3346 5644 episc.
3386 5572 3598 5628 Novell.
3628 5574 3751 5635 {25,

2170 5662 2295 5715 cap.
2326 5647 2375 5701 ί.
2406 5646 2540 5699 Nov.
2576 5647 2699 5707 157,
2733 5662 2850 5715 cap.
2876 5646 2932 5699 ‘2.

2246 5713 2363 5784 (:23)
2398 5716 2548 5769 Adde
2572 5729 2625 5769 et
2647 5718 2784 5770 alias
2803 5713 2865 5768 ex
2886 5718 2941 5770 d.
2978 5716 3005 5786 ᾗ
3034 5716 3081 5775 l,
3107 5714 3218 5768 dill'.
3239 5713 3329 5775 9.8,
3350 5722 3403 5766 et
3433 5713 3752 5781 priusquam

2176 5803 2225 5839 c.
2256 5799 2321 5843 ue
2361 5790 2728 5858 Syracusana.
2774 5786 2909 5842 lliuc
2944 5786 3228 5843 dubitandi
3259 5787 3398 5841 latio
3431 5792 3694 5839 sumitur.
