4088 6208
424 352 529 413 429
1514 349 1880 411 NOVELLIE
1914 349 2012 410 (ΣΟ

2107 348 2564 411 TITUTIONES
3570 350 3675 415 430

419 467 529 522 νῶν
551 465 759 538 ἑτέρων
786 468 1096 537 προσόντων
1118 468 1215 537 οὐχ
1240 465 1353 533 ἔξει
1386 486 1465 531 τις
1500 468 1684 537 χώραν
1714 470 1849 539 πρὸς
1879 473 1996 522 ὲπι-

2107 484 2229 540 erga
2263 469 2464 525 liberos
2496 467 2651 539 (quid
2696 469 2844 524 enim
2883 467 3009 539 quis
3043 466 3192 524 aliud
3217 462 3448 537 dicat?)
3493 477 3679 517 sacras

420 559 629 613 σκόπου
658 559 995 628 χειροτονίαν
1014 573 1029 588 ·
1058 558 1092 627 ὴ
1127 560 1238 627 γὰρ
1272 560 1543 629 συγγενὴς
1563 561 1603 592 ³⁸
1636 559 1877 623 διάθεσις
1904 561 2002 614 καὶ

2107 560 2395 616 facultates
2446 559 2756 616 obltesurus
2786 559 3058 616 videatur.
3115 558 3318 615 Verum
3365 568 3475 609 non
3532 559 3682 609 recte

419 650 559 722 πρὸς
603 648 832 713 τούτους
873 650 1176 721 όρᾷ.Ἀλλά
1206 649 1514 721 προειδότες
1559 648 1717 702 τοῦτο
1765 649 1815 701 οί
1867 649 2001 702 θεῖοι

2107 667 2231 709 sese
2289 652 2383 707 illa
2446 652 2588 707 ratio
2640 652 2825 707 habet.
2883 650 2976 709 Sic
3046 664 3284 720 namque
3333 662 3437 702 nec
3500 642 3683 700 fratri-

418 742 645 807 κανόνες
678 740 870 795 ἔδοσαν
900 744 1013 805 τοῖς
1043 742 1367 805 ἐπισκόποις
1408 741 1692 809 ἐξουσίαν,
1724 742 1774 794 εί
1806 757 2004 809 συγγε-

2107 745 2211 800 bus
2240 745 2430 800 aliisve
2458 745 2709 815 cognatis
2747 744 3140 814 superstitibus
3187 754 3475 798 accessum
3527 735 3683 809 quis-

419 834 535 896 νεῖς
561 829 672 886 εἷεν
700 833 917 904 ἄποροι,
941 835 1006 887 ἑκ
1030 834 1133 905 τῆς
1162 835 1313 905 ίερᾶς
1344 833 1634 905 ὑπάρξεως
1662 832 1870 886 τούτων
1898 848 2004 885 πα-

2107 846 2271 902 qnam
2304 833 2371 886 ad
2398 833 2773 901 episcopatum
2794 834 3061 889 haberet:
3095 829 3367 904 siquidem
3397 835 3452 884 et
3483 827 3551 881 ad
3584 827 3685 881 hos

418 926 785 999 ραμυθεῖσθαι
818 928 917 998 τὴν
940 928 1195 1000 ἀπορίαν.

2119 921 2410 992 sanguinis
2446 922 2985 994 propinquitatisque
3012 922 3229 978 affectio
3260 918 3505 989 respicit.
3538 916 3682 983 Quin

418 1032 476 1084 et
494 1026 602 1082 hoc
632 1027 992 1097 praevidentes
1026 1025 1198 1081 divini
1223 1039 1464 1080 canones
1501 1023 1750 1079 fecerunt
1779 1020 2057 1091 episcopis
2112 1026 2461 1089 potestatem.
2505 1026 2565 1074 ut
2621 1019 2669 1075 si
2702 1019 2840 1089 ipsis
2876 1034 3144 1090 pauperes
3198 1020 3415 1091 cognati
3474 1023 3684 1077 essent.

419 1121 642 1177 illorum
683 1121 926 1192 inopiam
977 1135 1045 1176 ex
1102 1120 1280 1176 sacris
1334 1118 1693 1174 facultatibus
1738 1116 2113 1172 sublevarent.

508 1214 572 1270 Ἦ
596 1211 691 1269 οὖν
716 1216 781 1269 ἐκ
800 1213 936 1268 Θεοῦ
958 1213 1204 1285 βασιλεία
1227 1213 1387 1285 ἡμῶν
1414 1212 1577 1267 τοῦτο
1601 1210 2007 1283 ἁρμοδιώτερον

420 1303 762 1358 κατανοοῦσα
787 1306 901 1367 τοῖς
928 1304 1096 1369 θείοις
1122 1305 1350 1358 ῑπεσθαι
1375 1303 1697 1381 ἑντάλμασι,
1718 1303 2011 1373 σύμφωνον

421 1394 653 1456 ἐκείνοις
675 1395 901 1465 ἐκφέρει
922 1395 1108 1465 νόμον,
1129 1395 1315 1466 ὥσπερ
1332 1396 1375 1426 ¹¹
1406 1394 1589 1457 αὐτοῖς
1610 1394 1760 1448 δοκεῖ
1783 1393 1845 1447 τὸ
1872 1394 2007 1465 πρὸς

310 1552 319 1561 ‘
420 1481 837 1553 ἀρχιερωσύνην
867 1483 1166 1552 ἀνάγεσθαι
1212 1484 1302 1537 τὸν
1348 1482 1500 1550 ἄξιον
1543 1482 1646 1551 τῆς
1687 1482 1855 1554 τιμῆς
1901 1482 2007 1538 κᾶν

420 1566 525 1627 ὦσι
554 1573 713 1641 γοναὶ
741 1575 891 1646 νόμῳ
919 1576 1301 1647 τετιμημέναι,
1320 1574 1493 1637 οὕτως
1513 1572 1770 1645 ὁρίζουσα
1792 1573 1885 1627 τὸν
1912 1575 2007 1629 άν-

420 1664 815 1734 τιφθέγγεσθαι
862 1667 1238 1738 θρασυνθέντα
1284 1666 1508 1736 νόμον¹³
1545 1666 1704 1736 δίκην
1734 1666 1833 1737 τῆς
1865 1665 2005 1738 θρα-

424 1754 657 1826 σύτητος
685 1758 786 1827 τὴν
812 1758 893 1823 είς
920 1759 1012 1814 τὸν
1042 1758 1234 1815 ἔπειτα
1261 1757 1455 1829 χρόνον
1494 1758 1717 1831 διηνεκῆ
1759 1760 2004 1830 ἀφωνίαν

421 1850 870 1921 εἰσπράττεσθαι.

1002 2145 1317 2205 ΔΙΔΤΑΞῙΣ
1348 2146 1425 2205 Γ’.

420 2225 565 2307 Περί
584 2227 706 2307 Δτοῦ
738 2231 889 2285 κατὰ
917 2231 1025 2285 τὸν
1054 2234 1166 2307 τῆς
1200 2236 1566 2303 Ἐκκλησίας
1604 2237 1832 2307 θεσμόν
1864 2239 2006 2304 τοὺς

486 2297 842 2385 μέλλοντας,
866 2297 1307 2385 παραπὟέλίειν
1334 2297 1420 2385 ξιξ
1445 2297 1636 2385 ἱερέας
1664 2297 1832 2385 {ste
1855 2297 2004 2372 ,ϐίού

492 2368 610 2445 τὴν
658 2368 921 2437 ἀγαμίαν
947 2368 1459 2445 ἐπαγγείλασθαι,
1489 2368 1538 2445 ’ἢ
1582 2368 1633 2430 εὶ
1670 2368 2004 2437 Βούλόιντο

491 2435 657 2523 τιέμφ
698 2435 1139 2523 προσομιλλεῖῆξ
1175 2435 1467 2523 apocopen
1510 2435 1863 2523 ᾆρμόᾶσθαι
1901 2447 2001 2505 καὶ

487 2512 645 2561 οὕτω
676 2512 753 2577 τῇ
780 2512 1121 2580 χειροθεσίᾳ
1148 2512 1611 2585 προσέρχεσθαι.

1089 2627 1337 2694 Ἄλλως.

420 2713 561 2783 Περὶ
589 2714 699 2772 τοῦ
747 2716 1019 2788 ὀφείλειν
1055 2719 1267 2789 γαμεῖν
1304 2720 1450 2789 πρὶν
1493 2721 1605 2791 τῆς
1648 2725 1999 2795 ιερωσύνης.

502 2867 563 2922 ’0
608 2869 770 2933 αὐτὸς
822 2872 1074 2942 βασιλεὺς
1124 2874 1383 2945 Στεφάνῳ
1412 2876 1491 2947 τῷ
1521 2877 1812 2951 ἁγιωτάτῳ
1842 2881 2003 2953 ἀρχι-

420 2962 706 3031 επισκόπῳ
735 2961 1363 3031 Κωνσταντινουπόλεως
1391 2968 1488 3021 καὶ¹
1510 2970 1879 3042 οίκουμενικῷ
1900 2989 2007 3026 πα-

417 3050 546 3119 τριά
555 3067 680 3124 ρχῃ.

2194 1207 2403 1265 Nostra
2437 1209 2609 1282 igitur
2656 1210 3015 1282 imperatoria
3055 1226 3181 1281 qua:
3208 1225 3273 1267 ex
3311 1208 3425 1266 Deo
3448 1214 3537 1264 est
3564 1220 3684 1262 ma-

2104 1301 2301 1374 iestas,
2362 1301 2412 1356 si
2460 1301 2740 1357 mandatis
2810 1302 3017 1357 divinis
3070 1302 3387 1366 insistatur,
3431 1298 3485 1354 id
3528 1297 3690 1368 longe

2108 1390 2534 1447 convenientius
2566 1391 2685 1446 fore
2728 1390 3204 1455 anitnadvertens,
3240 1403 3544 1444 consonam
3577 1387 3687 1441 illis

2108 1479 2321 1552 profert
2351 1480 2525 1551 legem
2558 1498 2573 1534 :
2604 1487 2665 1534 ut
2695 1479 3159 1551 quemadmodum
3211 1481 3347 1551 ipsis
3367 1478 3588 1535 videtur
3618 1475 3686 1530 ad

2109 1575 2431 1647 primarium
2471 1574 2843 1630 sacerdotium
2894 1576 3207 1645 promoveri
3244 1590 3406 1646 posse
3436 1573 3551 1645 (26)
3594 1574 3687 1643 qui

2110 1665 2208 1720 illo
2251 1668 2463 1721 honore
2503 1665 2709 1736 alioqui
2747 1666 2949 1737 dignus
2993 1668 3090 1726 sit,
3128 1667 3347 1722 tametsi
3381 1666 3541 1721 liberi
3585 1664 3689 1734 ipsi

2109 1753 2227 1825 lege
2259 1763 2442 1810 tamen
2470 1754 2727 1810 honorati
2758 1759 2893 1821 sint,
2943 1756 2997 1811 id
3031 1756 3105 1811 ita
3130 1756 3294 1811 liceat
3322 1774 3336 1811 :
3371 1762 3427 1812 et
3459 1755 3534 1812 ita
3566 1754 3690 1825 qui-

2035 1824 2078 1880 Β
2108 1824 2233 1900 dem
2293 1860 2552 1910 censens,
2604 1855 2662 1900 ut
2702 1860 2731 1900 a
2772 1846 2912 1914 lege,
2945 1862 3067 1916 quae
3120 1845 3506 1902 contradicere
3557 1824 3690 1899 ausa

2112 1935 2239 2005 fuit,
2287 1938 2344 1992 in
2401 1938 2645 1994 audaciae
2680 1953 2896 2009 poenam
2938 1948 3263 2009 perpetuum
3324 1939 3379 1994 in
3441 1937 3687 1993 futurum

2104 2028 2355 2100 exigatur
2383 2030 2693 2086 silentium.

2594 2140 3066 2199 CONSTITUTIO
3105 2142 3195 2199 Ill.

2112 2228 2180 2284 Ut
2208 2232 2299 2298 qui
2340 2230 2639 2287 sacerdotes
2674 2234 2891 2288 creandi
2946 2244 3071 2288 sunt
3121 2233 3413 2289 secundum
3440 2234 3690 2288 Ecclesia!

2176 2301 2337 2371 ritus,
2363 2317 2427 2354 ea
2457 2302 2567 2371 lege
2612 2316 2877 2368 creentur,
2907 2312 2964 2355 ut
3009 2320 3213 2357 omnem
3244 2304 3486 2371 deinceps
3524 2304 3688 2357 vitam

2175 2370 2412 2442 caelibem
2465 2370 2648 2442 agant,
2708 2382 2801 2426 aut
2853 2374 2903 2428 si
2946 2375 3347 2427 matrimonium
3382 2370 3690 2427 contrahere

2175 2441 2368 2562 υείὶιιιᾶ
2400 2444 2550 2562 ριξίιιι
2590 2442 2644 2497 id
2681 2442 2908 2512 faciant,
2944 2460 3007 2497 ae
3036 2443 3225 2499 deinde
3258 2444 3329 2498 ad
3365 2444 3687 2499 creationem

2175 2526 2331 2562 nroce
2373 2527 2441 2562 an
2473 2550 2487 2562 .

2174 2520 2487 2579 procedant.

2807 2624 3000 2679 Aliter.

2107 2710 2265 2779 Quod
2286 2724 2408 2771 ante
2429 2713 2719 2770 ineundum
2744 2714 3103 2770 sacerdotium
3128 2716 3534 2772 matrimonium
3561 2732 3692 2771 con-

2708 2784 2850 2838 trahi
2877 2786 3085 2844 debeat.

2182 2874 2329 2931 ldetn
2382 2876 2687 2946 imperator
2715 2875 2996 2946 Stephano
3026 2878 3381 2936 sanctissimo
3418 2875 3693 2935 Constan-

2107 2965 2470 3036 tinopolitano
2515 2967 2956 3039 archiepiscopo,
2997 2976 3053 3026 et
3099 2969 3434 3040 patriarcha:
3468 2970 3694 3027 univer-

2111 3056 2243 3111 sali.

489 3142 688 3207 Καλῶς
722 3144 782 3210 ἐξ
816 3144 993 3216 ἀρχῆς
1036 3145 1106 3201 τά
1138 3148 1267 3219 περὶ
1310 3147 1420 3203 τῶν
1456 3149 1707 3222 ἱερᾶσθαι
1749 3151 2010 3218 ἀξιωθέν-

2181 3145 2318 3203 Cum
2350 3146 2616 3203 decenter
2652 3147 2781 3204 inde
2812 3149 2882 3204 ab
2914 3149 3076 3204 initio
3098 3148 3167 3204 de
3189 3147 3260 3204 iis
3294 3148 3389 3219 qui
3427 3148 3694 3204 faciendis

416 3235 587 3287 των¹⁵
630 3234 733 3305 τῆς
779 3236 1242 3309 ὲκκλησιαστικῆς
1285 3240 1493 3308 τάξεως
1525 3242 1879 3317 όρισαμένης,
1908 3245 2011 3300 οὐκ

418 3325 595 3395 ὀρθῶς
627 3329 769 3382 κατά
802 3346 866 3398 γε
895 3330 995 3400 ἐμὲ
1030 3333 1096 3402 τῇ
1138 3330 1234 3385 νῦν
1282 3334 1563 3407 κρατούσῃ
1592 3336 1851 3407 ἑπόμενοι
1882 3355 2011 3392 συν-

415 3416 579 3488 ηθείᾳ
600 3419 771 3473 ἐνίοτε
802 3421 1235 3493 κατολιγωροῦσι
1264 3424 1359 3479 τοῦ
1386 3427 1663 3497 ἱερατικοῦ
1693 3431 2007 3501 παραγγέλ-

420 3524 616 3577 ματος.
646 3509 759 3562 Καὶ
783 3511 890 3583 γάρ
914 3512 1124 3565 ἐκείνου
1153 3514 1590 3583 προστάσσοντος
1610 3519 1724 3581 τοῖς
1753 3517 2009 3589 μέλλουσι

418 3600 826 3669 παραγγέλλειν
858 3603 1004 3666 είς¹⁸
1040 3603 1256 3671 ἱερέας,
1292 3606 1403 3658 εῐτε
1432 3606 1520 3659 διὰ
1554 3607 1673 3677 βίου
1699 3608 1922 3675 παντὸς,
1957 3610 2007 3664 εί

417 3689 797 3762 τεθαρρήκασι
822 3693 923 3763 τὴν
952 3694 1289 3763 ἐπαγγελίαν
1315 3698 1389 3767 μὴ
1412 3696 1737 3765 ψεύσασθαι.
1759 3700 2008 3771 ἀγαμίαν

415 3780 851 3849 ιπαγγείλασθαι
874 3823 889 3847 ,
922 3784 955 3855 ἢ
987 3786 1035 3837 εί
1068 3785 1145 3855 μὴ
1174 3785 1333 3839 τοῦτο
1360 3786 1587 3840 δυνατὸν
1612 3788 1797 3853 αὐτοῖς
1822 3791 2007 3860 φαίνε-

417 3888 531 3938 ται,
558 3874 810 3943 νομίμοις
838 3876 1038 3945 γάμοις
1072 3877 1410 3949 ἁρμόζεσθαι
1438 3878 1533 3932 καὶ
1558 3877 1703 3933 οῦτω
1732 3880 1832 3950 τῆς
1856 3880 2009 3946 θείας

418 3961 765 4034 λειτουργίας
798 3966 1327 4037 ἀντιλαμϐάνεσθαν
1377 3971 1410 4040 η
1462 3970 1555 4023 ἐπὶ
1600 3971 1695 4025 τοῦ
1740 3973 2009 4043 παρόντος

420 4054 701 4124 κρατοῦσα
732 4058 991 4127 συνήθεια
1018 4062 1132 4123 τοῖς
1159 4061 1293 4132 πρὸς
1324 4062 1502 4133 γάμον
1529 4065 1899 4121 συνάπτεσθαι
1921 4067 2012 4121 λο-

419 4145 618 4214 γισμὸν
655 4145 840 4216 ἔχουσι
867 4148 1085 4202 δίδωσιν
1115 4150 1195 4213 είς
1232 4152 1412 4221 ίερέας
1439 4154 1546 4223 πρὸ
1585 4154 1688 4224 τῆς
1714 4157 2009 4228 μνηστείας

418 4235 614 4301 τελεῖν,
646 4232 768 4291 εἶτα
800 4239 994 4311 μέχρις
1042 4240 1183 4297 ἐτῶν
1216 4242 1312 4296 δύο
1351 4243 1429 4314 τῷ
1467 4245 1780 4318 βουλομένῳ
1826 4250 2009 4321 γήμα-

422 4327 547 4382 σθαι
574 4330 856 4402 περαίνειν
888 4332 1062 4405 όρίζει
1091 4333 1152 4389 τὺ
1180 4334 1455 4409 βούλημα.

485 4588 661 4645 Τοῦτο
700 4592 882 4647 τοίνυν
911 4595 1034 4650 ἐπεὶ
1078 4596 1157 4670 μὴ
1183 4598 1397 4671 πρέπον
1439 4602 1681 4673 ὁρῶμεν,
1712 4605 2014 4675 κελεύομεν

417 4677 560 4733 κατὰ
586 4678 647 4733 τὸ
674 4679 883 4738 άνωθεν
902 4684 995 4738 καὶ
1016 4687 1242 4757 ἀρχαῖον
1260 4691 1360 4759 τῆς
1376 4690 1703 4762 Ἐκκλησίας
1717 4693 2003 4767 διάταγμα

414 4769 513 4834 τὰς
559 4775 895 4844 χειροτονίας
934 4780 1267 4850 προσαίνειν.
1299 4783 1434 4837 Οὐδὲ
1457 4784 1565 4856 γάρ
1614 4786 1786 4853 άξιον,
1810 4790 1937 4854 τοὺς
1964 4791 2009 4821 ¹⁶

2116 3234 2230 3292 Deo
2264 3237 2442 3292 sacris
2471 3236 2623 3307 digni
2674 3246 2885 3303 essent,
2913 3238 3336 3294 ecclesiasticus
3380 3236 3518 3292 ordo
3555 3251 3693 3293 con-

2113 3327 2381 3394 stituerit,
2413 3342 2524 3384 non
2560 3336 2711 3385 recte
2746 3327 2894 3398 (meo
2918 3326 3141 3398 quidem
3168 3326 3403 3398 judicio)
3432 3327 3528 3398 qui
3554 3342 3696 3398 pm-

2110 3422 2290 3477 sentis
2336 3422 2603 3492 temporis
2640 3421 3104 3497 consuetudinem
3153 3427 3488 3490 sequuntur,
3522 3421 3695 3477 inter-

2110 3512 2241 3567 dum
2282 3512 2718 3569 ecclesiasticam
2756 3510 3112 3567 traditionem
3143 3518 3525 3567 contemnunt.
3554 3508 3693 3566 Nam

2110 3603 2205 3658 ubi
2228 3603 2320 3658 illa
2338 3602 2451 3673 (36)
2472 3602 2720 3667 mandat,
2745 3612 2806 3658 ut
2827 3603 2920 3673 qui
2943 3602 3168 3659 creandi
3202 3601 3519 3659 sacerdotes
3540 3611 3690 3665 sunt,

2115 3704 2209 3748 aut
2235 3708 2334 3763 per
2361 3708 2582 3749 omnem
2625 3694 2817 3760 vitam,
2866 3695 2915 3752 si
2954 3696 3288 3766 promissum
3332 3710 3443 3751 non
3491 3694 3691 3750 falsum

2110 3784 2229 3842 fore
2272 3785 2465 3851 fidam,
2524 3785 2844 3842 cmiibatum
2874 3796 3151 3842 voveant:
3182 3794 3279 3843 aut
3300 3787 3345 3843 si
3378 3786 3494 3858 (27)
3536 3786 3691 3841 illum

2107 3890 2330 3931 servare
2366 3876 2710 3945 impossibile
2750 3876 2886 3947 ipsis
2922 3876 3203 3943 videatur,
3236 3876 3543 3948 legitimum
3573 3890 3693 3931 ma-

2113 3967 2431 4022 trimonium
2463 3967 2679 4036 ineant,
2704 3982 2769 4025 ac
2810 3967 3014 4024 deinde
3048 3968 3296 4025 divinum
3326 3966 3692 4025 ministerium

2111 4060 2460 4130 suscipiant;
2495 4060 2847 4117 consuetudo
2879 4075 3003 4129 qum
3057 4060 3113 4116 in
3151 4060 3411 4132 praesenti
3462 4059 3693 4123 obtinet,

2112 4152 2178 4207 iis
2204 4152 2406 4221 quibus
2440 4152 2793 4207 matrimonio
2820 4153 3089 4222 conjungi
3122 4153 3177 4207 in
3206 4153 3393 4208 animo
3417 4160 3527 4218 est,
3554 4165 3694 4207 con-

2111 4242 2260 4298 cedit
2291 4252 2349 4297 nt
2400 4244 2517 4314 (28)
2556 4252 2852 4315 antequam
2892 4259 3122 4299 uxorem
3176 4245 3458 4309 duxerint,
3509 4257 3694 4301 sacer-

2111 4334 2273 4389 dotes
2313 4334 2430 4390 fieri
2490 4336 2727 4404 possint,
2758 4343 2812 4390 et
2856 4335 3056 4391 deinde
3107 4335 3386 4391 biennium
3418 4336 3488 4389 ad
3531 4336 3694 4403 perti-

2114 4424 2369 4480 ciendam
2403 4426 2740 4482 voluntatem
2767 4426 2926 4497 jungi
2946 4425 3301 4485 matrimonio
3328 4424 3533 4482 volenti
3558 4438 3695 4495 prte-

2042 4496 2087 4551 ι)
2116 4517 2321 4573 stituit.

2188 4607 2246 4662 ιιι
2277 4610 2444 4679 igitur
2474 4610 2605 4680 quia
2634 4609 2960 4667 indecorum
2982 4623 3110 4665 esse
3134 4607 3411 4676 videmus,
3435 4608 3697 4681 iubemus

2113 4708 2176 4754 ul
2205 4700 2275 4757 ad
2297 4710 2456 4759 vetus
2501 4701 2765 4760 Ecclesiae
2799 4712 2857 4760 et
2898 4702 3215 4774 antiquitus
3252 4703 3515 4759 traditum
3563 4716 3693 4771 prae-

2118 4793 2384 4864 scriptum
2415 4793 2534 4865 (ΞΩ)
2563 4794 2769 4851 dehinc
2808 4795 3121 4852 creationes
3153 4792 3475 4865 procedant.
3513 4791 3697 4862 Neque

1680 4898 1923 4956 VARIE
1953 4900 2375 4965 LECTIONES.

482 4978 782 5071 :82qu
819 4989 1141 5071 ᾖυΐτξῖική·
1230 4989 1274 5071 ’ξ
1332 4988 1479 5071 Bais.
1504 4993 1923 5071 praemittitxaf.
1943 5067 1955 5071 _
1995 4996 2038 5028 ¹³
2063 4994 2368 5055 Justiniani
2394 5000 2594 5057 novcil.
2634 4997 2759 5054 125.
2815 5000 2857 5030 “
2885 4998 3120 5071 Scrimg.
3145 4998 3314 5065 ἀξίων
3344 4997 3473 5069 θεῷ.
3500 4996 3697 5055 Zuich.

414 5046 580 5113 ἀξίων
616 5050 763 5108 θεοῦ.
819 5053 861 5087 ¹⁸
887 5046 1051 5112 codd.
1073 5046 1184 5112 o'm.
1216 5059 1317 5123 εις.
1380 5050 1423 5093 ⁸⁸
1437 5046 1565 5125 τοῦς
1588 5046 1837 5119 deestin
1858 5046 2009 5121 Bais.

1937 5201 2164 5263 NOTAE.

486 5303 706 5391 (26L?
736 5308 1151 5391 ita_al!rogat_u_r_
1166 5311 1221 5368 d.
1252 5310 1357 5391 §.l,
1392 5314 1474 5391 d_e_
1516 5312 1654 5371 Nov.
1680 5332 1739 5391 c._
1774 5318 1824 5385 l,
1871 5318 1901 5391 §
1933 5323 1988 5387 4,

2090 5327 2233 5395 quit,
2286 5324 2769 5384 consuetudinem.
2824 5340 2946 5395 qua:
2986 5325 3285 5390 sacerdmi,
3330 5325 3486 5395 intra
3534 5324 3692 5380 bien-

412 5374 780 5465 80v.12§,c.
811 5374 1511 5447 1,Νοῦ.157,ο.’2.’τιι1ᾱθ
1559 5401 1614 5441 c.
1658 5374 1987 5459 priusqu’ar—n
2092 5374 2250 5451 ῖιῖάῑίι
2288 5374 3693 5465 'sa'e'e;aaa"‘;a;ptrinsignitas.antea;-

414 5463 465 5503 c.
502 5447 571 5501 de
612 5448 984 5505 Svracusana.

484 5516 605 5598 (2η
650 5516 904 5598 Ϊιιιιιὶιὶο
946 5521 1051 5576 fuit
1074 5522 1492 5598 ecclesiastica,
1543 5535 1603 5580 nt
1632 5530 1729 5598 qui
1764 5531 1989 5586 creandi

414 5586 735 5644 sacerdotes
764 5599 973 5653 essent,
1006 5591 1087 5646 vel
1127 5592 1445 5649 caelibatum
1478 5586 1770 5663 'vover'ent,
1827 5602 1905 5657 vel
1944 5601 1992 5657 si

413 5673 541 5741 eum
583 5671 791 5741 vovere
809 5675 916 5741 non
971 5673 1220 5741 possent,
1260 5679 1488 5721 uxorem
1521 5666 1673 5735 prius
1699 5669 1991 5737 ducerent,

413 5735 469 5783 et
497 5733 974 5802 itaministerium
1006 5733 1371 5802 susciperent.

489 5796 605 5868 (28)
637 5797 750 5853 lloc
776 5796 1415 5867 innuit,tollen§lamesse
1432 5807 1517 5862 sui
1538 5810 1820 5871 temporis.
1840 5820 1897 5867 ut
1915 5811 1998 5867 in-

2093 5476 2203 5521 tem
2254 5465 2517 5530 faciebat,
2568 5464 2831 5527 reducta,
2880 5474 2941 5519 ut
2991 5465 3187 5535 inquit,
3247 5464 3415 5521 veteri
3452 5464 3698 5521 consue-

2094 5536 2303 5601 tudine,
2362 5550 2473 5605 qua
2525 5534 2731 5591 futuris
2776 5534 3077 5605 episcopis
3112 5535 3528 5591 matrimonium
3574 5550 3700 5605 per-

2094 5607 2347 5677 missum,
2379 5604 2491 5677 non
2526 5613 2717 5677 tamen
2740 5604 2948 5671 electis,
2982 5610 3016 5659 I.
3051 5605 3140 5660 45.
3182 5605 3316 5662 Cod.
3352 5606 3421 5663 tle
3446 5606 3695 5677 episcop.

2095 5676 2208 5731 vid.
2238 5661 2374 5731 Not}.
2403 5661 2499 5740 79,
2528 5674 2579 5729 ι.
2620 5676 2745 5730 eod.

2173 5746 2285 5818 (29)
2324 5746 2398 5804 De
2436 5762 2547 5817 qua
2575 5761 2740 5816 supra
2769 5744 2903 5801 dixi.
