4088 6208
452 332 552 397 431

1706 329 1979 390 LEONIS
2018 328 2476 391 PHILOSOPHI

3578 323 3687 381 432

447 442 595 499 enim
615 441 837 512 dignum
870 448 978 507 est,
1014 447 1075 496 ut
1105 439 1203 510 qui
1230 435 1510 510 spirituall
1555 450 1789 493 ascensu
1841 451 2007 507 supra

2121 438 2252 507 μετά
2305 438 2368 492 τὸ
2410 434 2759 507 ἀνυψωθῆναι
2809 434 2908 504 τῆς
2938 430 3258 502 σωματικῆς
3307 426 3687 491 ταπεινώσεως

448 532 700 604 corporis
745 531 1109 602 abjeetionem
1140 538 1196 586 et
1253 528 1446 585 sordes
1504 528 1678 584 evecti
1723 536 1894 595 sunt,
1957 526 2011 581 lii

450 636 672 678 rursum
721 619 789 675 ad
830 619 1016 674 carnis
1048 618 1159 689 (30)
1211 616 1404 673 sordes
1437 616 1767 672 delabantur
1797 634 1811 670 :
1863 616 1956 671 sed
1983 630 2015 670 e

450 711 691 774 diverso,
725 719 785 763 ut
815 708 1060 763 divinum
1099 706 1462 761 ministerium
1489 721 1556 761 ex
1593 707 1843 777 corporis
1891 721 2013 762 sor-

452 801 615 856 dibus
643 808 902 868 tanquam
938 799 993 852 in
1024 797 1192 852 altum
1232 796 1468 867 aliquem
1491 796 1720 868 gradum
1746 811 2013 854 conscen-

450 891 566 955 dat,
597 888 1019 943 convenientius
1043 887 1227 942 fuerit.

944 976 1407 1033 CONSTITUTIO
1438 977 1526 1032 IV.

456 1064 525 1120 Ut
561 1081 662 1119 non
690 1064 845 1119 modo
895 1065 1208 1118 universalis
1265 1064 1516 1119 Ecclesite
1562 1063 1884 1128 sacerdotes.
1929 1083 2015 1121 ve-

521 1148 639 1188 rum
697 1137 856 1188 etiam
903 1136 993 1202 qui
1050 1134 1118 1185 ad
1172 1149 1534 1202 quamcunque
1594 1151 1801 1188 sacram
1852 1135 2016 1189 edem

521 1205 804 1272 pertinent,
834 1204 881 1256 si
914 1204 969 1255 in
994 1204 1094 1255 hoc
1131 1214 1395 1266 vocentur,
1433 1203 1576 1256 licita
1602 1221 1759 1257 sacra
1816 1214 2015 1272 myste-

522 1274 608 1343 ria
640 1275 754 1341 (3i)
803 1288 1060 1341 exponere
1117 1272 1453 1343 divinumque
1495 1273 1697 1325 cultum
1758 1272 2017 1328 celebrare

518 1342 666 1403 domi
695 1344 898 1411 private
925 1342 1151 1410 possint.

520 1430 667 1488 Idem
699 1432 998 1503 imperator
1015 1431 1296 1502 Stephano
1315 1432 1570 1488 sanctiss.
1593 1432 2013 1505 Constantinop.

452 1523 867 1595 archiepiscopo
897 1531 953 1578 et
982 1522 1307 1594 patriarcha:
1341 1522 1661 1579 universali.

524 1698 734 1755 Placuit
751 1698 1049 1761 veteribus,
1070 1706 1128 1751 ut
1146 1712 1267 1768 quae
1294 1696 1565 1753 sacriﬁcia
1594 1706 1649 1753 et
1674 1698 2017 1753 communio-

455 1807 554 1847 nes
581 1791 637 1846 in
664 1792 891 1862 privatis
910 1791 1120 1845 aedibus
1152 1790 1307 1853 ﬁunt,
1337 1790 1406 1845 ab
1448 1789 1556 1845 illis
1611 1790 2013 1854 sacerdotibus.

454 1883 548 1952 qui
598 1882 666 1936 ad
731 1882 1012 1953 generales
1068 1881 1328 1936 ecclesias
1386 1882 1697 1951 pertinent,
1747 1882 1878 1937 solis
1928 1897 2020 1936 ce-

458 1973 774 2039 lebrentur;
820 1974 888 2026 ab
910 1972 1033 2026 aliis
1057 1988 1186 2026 vero
1240 1973 1333 2041 qui
1367 1974 1532 2027 alicui
1581 1974 1671 2027 alii
1726 1988 1894 2027 sacrm
1918 1973 2018 2027 aedi

456 2061 663 2115 addicti
693 2061 1033 2124 deserviunt,
1072 2061 1395 2131 privatoque
1426 2063 1550 2116 vitae
1588 2063 1640 2115 in
1688 2070 1831 2116 statu
1865 2072 2019 2126 sunt,

456 2159 517 2206 ut
542 2152 750 2206 nullum
774 2168 950 2221 neque
980 2152 1215 2207 oﬁicium
1267 2169 1442 2223 neque
1497 2154 1827 2209 sacrillcium
1860 2154 2020 2224 perﬁ-

455 2240 657 2295 ciatur.
686 2241 861 2308 Atque
884 2241 987 2295 hoc
1028 2240 1246 2310 quidem
1274 2249 1334 2295 ut
1380 2249 1706 2308 statuerent,
1728 2242 2021 2313 religionis

454 2332 850 2387 conservandae
886 2346 1052 2387 causa
1086 2331 1140 2385 in
1194 2340 1430 2387 mentem
1476 2333 1585 2389 illis
1624 2333 1841 2388 venisse
1873 2333 2021 2387 vide-

456 2432 567 2488 tur,
602 2437 712 2491 quo
743 2422 999 2477 videlicet
1026 2422 1108 2492 (ut
1138 2422 1417 2491 conjicere
1443 2424 1549 2492 est)
1585 2424 1715 2478 dum
1770 2423 2020 2478 nonnulli

456 2516 752 2570 sacerdotii
788 2521 1056 2585 praetextu
1113 2514 1312 2568 letltale
1340 2512 1671 2569 defectionis
1706 2514 1905 2568 malum
1941 2522 2022 2567 te-

453 2610 609 2673 gunt,
658 2619 760 2659 usu
821 2617 931 2657 non
963 2603 1167 2666 veniat,
1201 2603 1278 2655 uti
1320 2601 1413 2671 qui
1446 2600 1718 2670 prol‘anati
1764 2600 2021 2655 sacriﬁcii

458 2694 695 2763 particip
729 2707 757 2747 s
822 2692 1049 2755 fuerint,
1112 2691 1271 2761 longe
1346 2691 1517 2760 magis
1576 2691 2022 2744 eontaminentur

454 2798 619 2853 quam
670 2782 978 2853 expientur.
1036 2780 1140 2847 Qui
1191 2780 1435 2850 profecto
1481 2794 1669 2834 eorum
1705 2779 1797 2848 qui
1836 2779 2023 2833 istius-

459 2874 604 2929 modi
642 2874 891 2944 religioni
921 2874 1232 2927 cautionetn
1255 2871 1654 2941 excogitarunt,
1709 2870 2022 2938 propositus

460 2964 582 3019 ﬁnis
616 2963 721 3018 hoc
741 2963 859 3032 ipso
896 2962 1120 3017 nomine
1150 2961 1296 3030 quod
1352 2968 1721 3014 sacrosancta:
1752 2958 1876 3012 ﬁdei
1907 2966 2021 3012 sta-

2115 528 2221 581 ὑπὸ
2261 529 2362 597 τῆς
2400 526 2778 595 πνευματικῆς
2800 525 3118 587 ἀναϐάσεως
3151 524 3377 585 τούτους
3403 521 3567 572 πάλιν
3595 520 3690 572 ἐπὶ

2113 619 2214 688 τὴν
2259 620 2528 689 σαρκικὴν
2566 617 2929 687 ταπεινότητα
2957 614 3353 675 καταπίπτειν,
3378 608 3689 663 τούναντίον

2113 707 2171 761 δὲ
2204 708 2404 779 μᾶλλον
2436 708 2543 779 χρὴ
2581 707 2657 770 ὡς
2688 708 2769 769 είς
2816 705 3085 760 ἀνάϐασιν
3134 703 3345 773 ὑψηλὴν
3391 702 3491 771 τὴν
3536 699 3687 757 θείαν

2114 796 2456 869 λειτουργίαν
2486 798 2549 850 ὲκ
2572 796 2672 866 τῆς
2698 796 3017 867 σωματικῆς
3044 793 3428 863 ταπεινότητος
3457 788 3685 845 ἀναϐαίη

2116 902 2248 941 νειν.

2685 975 2993 1030 ΔΙΔΤΔΞΙΣ
3030 976 3081 1027 Δ’
3096 974 3115 1006 ³
3128 973 3196 1028 Ὗ.

2114 1069 2255 1138 Περὶ
2285 1068 2391 1122 τοῦ
2418 1067 2546 1122 δεῖν
2568 1068 2654 1137 μὴ
2680 1070 2872 1138 μόνον
2896 1067 3036 1138 τοὺς
3060 1062 3524 1138 τῆςᾼκαᾷοᾼικῆς
3558 1064 3687 1138 Ἐκ-

2184 1134 2444 1203 ἇιλησιάς
2467 1134 2659 1205 ἱερεῖς,
2680 1134 2851 1191 ’ἀλλά
2876 1136 2974 1189 καὶ
3002 1135 3143 1205 τοὺς
3174 1134 3497 1205 eteadem)
3528 1134 3688 1205 οἰκίᾳ

2185 1202 2576 1274 διαφέρον-τὰς
2602 1202 3173 1274 προσκαλουμένης
3187 1202 3375 1274 ἀδεῶς
3404 1202 3509 1274 τὰς
3528 1203 3691 1274 ἱερὰς

2181 1272 2602 1347 μυάτάγωγίας
2625 1279 2723 1329 καὶ
2755 1272 3033 1342 λατρείας
3064 1273 3215 1325 oleret
3242 1272 3615 1325 ἐπιτελεῖν-ι’.

2200 1438 2261 1493 ’0
2291 1436 2451 1499 αὐτὸς
2493 1435 2740 1505 βασιλεὺς
2772 1433 3033 1502 Στεφάνῳ
3074 1432 3154 1501 τῷ
3204 1430 3488 1500 ἁγιωτάτῳ
3532 1430 3690 1500 ἀρχι-

2118 1529 2401 1597 επισκόπῳ
2428 1524 3050 1587 Κωνσταντινουπόλεως
3084 1523 3178 1575 καὶ
3200 1522 3562 1592 οἰκουμενικῷ
3585 1538 3691 1575 πα-

2118 1621 2373 1691 τριάρχηο

2190 1712 2313 1774 Τοῖς
2350 1709 2448 1780 μὲν
2480 1705 2851 1777 ἀρχαιοτέροις
2883 1704 3027 1769 ἔδοξε
3056 1706 3153 1768 τὰς
3181 1705 3302 1758 κατ’
3325 1702 3507 1766 οἴκους
3537 1704 3690 1771 ἱερα-

2119 1802 2270 1865 τείας
2318 1800 2412 1852 καὶ
2458 1796 2706 1862 συνάξεις
2732 1796 2836 1850 ὑπὸ
2865 1796 3039 1866 μόνων
3059 1794 3393 1849 ἐκτελεῖσθαι
3431 1794 3541 1847 τῶν
3570 1794 3689 1856 ταῖς

2120 1883 2793 1953 καθολικαῖςἘκκλησίαις
2827 1882 3189 1953 διαφερόντων
3217 1880 3428 1952 ἱερέων.
3457 1876 3549 1947 ὑφ’
3574 1877 3691 1930 ἑτέ-

2122 2000 2229 2054 ρων
2270 1982 2347 2046 δὲ,
2378 1979 2427 2032 οἳ
2475 1978 2554 2049 τῷ
2596 1976 2729 2046 οίκῳ
2771 1974 3231 2043 προσανάκεινται
3256 1972 3350 2026 καὶ
3381 1968 3691 2037 ίδιαξούσης

2118 2070 2441 2139 τυγχάνουσι
2468 2066 2584 2136 βίου
2606 2067 3009 2131 καταστάσεως,
3032 2067 3168 2134 μήτε
3190 2062 3528 2132 λειτουργίαν
3553 2061 3691 2130 μήτε

2116 2162 2239 2217 τινά
2270 2159 2543 2231 ἱερατείαν
2568 2156 2952 2211 ἐπιτελεῖσθαι.
2981 2155 3151 2209 Τοῦτο
3170 2156 3214 2208 δ’
3240 2154 3412 2206 ἔοικεν
3440 2152 3603 2205 ἕνεκά
3626 2168 3692 2219 γε

2117 2256 2215 2322 τῆς
2245 2252 2372 2323 περὶ
2414 2251 2514 2320 τὴν
2559 2248 2742 2302 πίστιν
2770 2246 3067 2316 ἀσφαλείας
3101 2246 3178 2308 είς
3208 2243 3461 2313 ἐνθύμιον
3507 2241 3693 2303 αὐτοῖς

2119 2343 2365 2397 ἐπελθεῖν
2389 2339 2766 2403 ἀποθεσπίσαι,
2784 2337 2858 2401 ὡς
2884 2337 2948 2391 ἂν
2975 2336 3162 2406 μὴ,ὠς
3191 2334 3357 2398 είκδς,
3383 2331 3543 2385 τινῶν
3573 2332 3693 2383 ὲπι-

2120 2433 2470 2505 κρυπτύντων
2503 2429 2838 2490 ἀποστασίας
2863 2427 3083 2496 ὄλεθρον
3115 2428 3172 2478 ὲν
3206 2424 3285 2495 τῷ
3314 2424 3415 2492 τῆς
3463 2421 3692 2492 ἱερωσύ-

2120 2543 2217 2595 νης
2248 2526 2521 2593 σχήματι,
2554 2521 2839 2590 συμϐαίνοι
2867 2521 2987 2574 ἀντὶ
3015 2517 3109 2570 τοῦ
3141 2515 3460 2584 ἀγιάζεσθαι
3490 2514 3693 2584 μᾶλλον

2122 2614 2305 2668 πλεῖον
2336 2608 2693 2681 βεϐηλοῦσθαι
2730 2608 2856 2670 τοὺς
2882 2608 2979 2677 τῆς
3005 2606 3214 2659 ἐκείνου
3245 2604 3569 2673 μετέχοντας
3598 2602 3694 2655 ἀν·-

2124 2706 2270 2775 ιέρου
2302 2702 2543 2770 τελετῆς.
2564 2700 2622 2753 ’0
2650 2700 2748 2770 μὲν
2768 2698 2860 2751 οὖν
2884 2696 3082 2759 σκοπὸς
3106 2694 3214 2748 τῶν
3248 2695 3340 2747 επὶ
3372 2691 3498 2745 νοῦν
3535 2691 3692 2761 βαλο-

2125 2799 2299 2869 μένων
2325 2794 2424 2865 τὴν
2452 2791 2708 2861 τοιαύτην
2748 2791 3049 2858 ἀσφάλειαν
3091 2784 3477 2854 ἐπαινούμενός
3511 2799 3570 2836 τε
3596 2783 3693 2835 καὶ

2122 2886 2389 2955 ἀποδοχῆς
2417 2882 2563 2949 ἄξιος
2593 2880 2733 2936 κατά
2761 2880 2918 2933 τοῦτο
2944 2880 3027 2933 ὅτι
3057 2879 3118 2931 τὸ
3144 2877 3380 2945 ἀσφαλὲς
3405 2876 3505 2943 τῆς
3534 2875 3692 2926 εὐσε-

2123 2974 2249 3038 ϐοῦς
2300 2974 2639 3045 προύνόησαν
2670 2971 2924 3034 πίστεως,
2950 2969 3087 3039 πλὴν
3119 2970 3180 3021 οὺ
3201 2969 3243 2999 ⁸⁸
3272 2967 3394 3021 καθ’
3425 2968 3549 3019 ὅσον
3578 2965 3694 3016 ἑνό-

459 3049 798 3105 bilimentum
832 3048 1235 3112 adiuvenerint,
1294 3047 1457 3102 simul
1494 3046 1804 3107 laudabilis,
1855 3046 2017 3100 simul

2125 3084 2288 3137 μισαν
2315 3066 2615 3135 παρασχεῖν
2645 3064 2743 3133 τὴν
2795 3062 3101 3131 ἀσφάλειαν
3138 3060 3233 3114 ἐπὶ
3263 3059 3517 3112 τοσοῦτον
3545 3056 3694 3109 ἐστιν

455 3139 931 3195 commendatione
980 3140 1179 3209 dignus
1227 3147 1331 3193 est.
1388 3136 1774 3193 Verumtamen
1830 3146 2021 3207 quate-

2127 3136 2251 3209 ίδεῖν
2281 3156 2345 3206 ἐκ
2375 3153 2469 3206 τοῦ
2505 3153 2669 3222 νόμου
2698 3151 3118 3222 περιγινομένην
3143 3149 3309 3220 αὐτὴν
3340 3149 3433 3201 καὶ
3458 3150 3696 3200 ἐκτεινο-

458 3246 564 3286 nus
585 3245 644 3286 se
672 3230 988 3285 ﬁrmitatem
1036 3231 1299 3284 allaturos
1351 3228 1759 3293 existimarunt,
1792 3235 2020 3283 eatenus

457 3322 609 3377 illam
640 3335 707 3376 ex
740 3320 857 3390 lege
886 3335 1243 3389 promanasse
1282 3327 1449 3389 atque
1482 3333 1543 3374 se
1573 3320 1885 3374 extendisse
1912 3334 2018 3374 non

455 3411 665 3468 videas.
698 3410 741 3465 E
772 3411 990 3468 diverso
1017 3426 1147 3467 vero
1176 3412 1408 3466 subinde
1438 3410 1583 3464 illam
1640 3411 1814 3481 ipsam
1855 3411 2022 3481 legem

457 3503 733 3574 religiosis
760 3510 816 3558 et
844 3501 1047 3559 divinis
1071 3502 1397 3558 ministeriis
1426 3517 1650 3572 operam
1695 3502 2023 3556 navantibus

456 3596 621 3652 etiam
649 3596 930 3652 adversari
963 3595 1327 3665 conspicitur.
1364 3593 1433 3649 Ut
1455 3602 1635 3649 autem
1668 3592 1909 3664 pollutus
1940 3608 2024 3648 sa-

458 3686 675 3754 cerdos,
708 3688 801 3758 qui
832 3696 998 3744 notus
1053 3703 1161 3741 non
1193 3694 1301 3751 est,
1336 3686 1554 3756 polluta:
1610 3700 1723 3742 suae
1766 3685 2023 3756 inquina-

461 3779 627 3835 tionis
658 3780 894 3849 aliquem
946 3778 1270 3848 participem
1318 3777 1511 3839 iaciat,
1572 3776 1869 3832 verisimile
1914 3776 2025 3830 for-

458 3879 605 3926 tasse
631 3880 718 3926 est
744 3870 1039 3941 aliquando
1089 3869 1140 3923 id
1172 3868 1434 3923 evenire:
1471 3883 1660 3922 verum
1708 3883 1817 3922 non
1854 3869 1926 3923 ita
1961 3880 2022 3923 ut

459 3975 677 4031 semper
707 3968 763 4015 et
797 3959 1022 4013 omnino
1074 3958 1185 4014 tale
1234 3956 1494 4027 quiddam
1533 3957 1837 4027 contingat.
1889 3959 2025 4025 Quis

458 4052 605 4108 enim
634 4052 817 4105 animo
844 4058 953 4105 tam
1003 4049 1150 4104 facili
1191 4057 1298 4114 est,
1327 4056 1550 4118 tamque
1608 4051 1791 4104 omnia
1823 4051 2026 4120 promi-

461 4155 593 4196 scua
623 4140 811 4205 habet,
844 4147 903 4193 ut
936 4155 1097 4209 quem
1138 4155 1248 4195 non
1278 4140 1427 4193 norit
1458 4140 1820 4206 sacerdotem,
1854 4157 2027 4209 neque

459 4233 619 4303 cujus
641 4232 945 4303 religionis,
978 4248 1158 4301 neque
1220 4230 1424 4301 quibus
1466 4232 1713 4288 moribus
1744 4234 1837 4292 sit.
1883 4234 2028 4289 hunc

460 4326 529 4379 ad
568 4323 993 4380 sacriﬁcandum
1018 4323 1283 4379 advocet?
1308 4324 1546 4378 Rursum
1576 4339 1710 4378 vero
1750 4325 1842 4394 qui
1876 4325 2021 4381 defe-

2137 3247 2323 3316 μένην.
2351 3244 2669 3298 Τούναντίον
2691 3244 2747 3298 δὲ
2776 3243 2921 3297 ἔστιν
2941 3243 3031 3296 ὅτε
3060 3243 3156 3295 καὶ
3180 3244 3291 3303 τοῖς
3319 3238 3565 3292 εὐσεϐέσι
3598 3238 3696 3290 καὶ

2125 3338 2254 3407 περὶ
2283 3338 2383 3398 τὰς
2414 3336 2565 3397 θείας
2592 3334 2931 3404 λειτουργίας
2959 3333 3197 3403 σπουδὴν
3226 3330 3580 3401 κεκτημένοις
3607 3329 3695 3379 ὲν-

2123 3426 2470 3496 αντιούμενος
2501 3427 2529 3478 ὁ
2556 3424 2718 3493 νόμος
2745 3425 2961 3496 ὁρᾶται.
2985 3422 3059 3475 Τὸ
3096 3423 3195 3493 μὲν
3223 3422 3331 3491 γάρ
3356 3422 3446 3473 τὸν
3478 3418 3696 3488 ἀνίερον

2128 3518 2280 3589 ίερέα
2327 3518 2401 3588 μὴ
2444 3516 2721 3587 γνώριμον
2771 3514 3173 3585 καθιστάμενον
3219 3511 3539 3584 μεταδοῦναί
3587 3509 3697 3563 τινί

2126 3625 2257 3661 ποτε
2282 3608 2381 3676 τῆς
2418 3606 2611 3659 ἑαυτοῦ
2645 3606 2861 3676 ἀνιέρου
2886 3604 3258 3676 βεϐηλώσεως,
3289 3603 3436 3665 είκδς
3466 3599 3697 3671 συμϐαί-

2125 3716 2237 3753 νειν
2267 3700 2332 3752 ἂν
2365 3699 2511 3762 ἴσως,
2542 3698 2680 3767 πλὴν
2704 3698 2801 3767 οὐχ
2827 3697 3000 3759 οὕτως
3032 3696 3172 3750 ὥστε
3202 3695 3389 3765 τρόπῳ
3414 3693 3575 3745 παντὶ
3594 3692 3695 3761 τὴν

2124 3790 2378 3858 τοιαύτην
2409 3788 2653 3857 γίνεσθαι
2698 3788 2985 3857 σύμϐασιν.
3013 3788 3108 3850 Τίς
3140 3787 3247 3858 γὰρ
3273 3784 3445 3847 οὕτως
3472 3781 3697 3845 εὔκολος

2125 3882 2223 3952 τὴν
2255 3885 2481 3950 γνώμην
2528 3881 2620 3935 καὶ
2645 3881 2953 3950 ἀδιάφορος,
2983 3880 3057 3942 ὼς
3092 3878 3338 3949 ἱερᾶσθαι
3366 3874 3696 3946 προσκαλεῖν

2124 3973 2183 4025 ὃν
2216 3974 2313 4025 υύκ
2346 3967 2486 4024 οἶδεν
2513 3970 2693 4039 ἱερέα,
2738 3971 2829 4023 καί
2858 3964 2919 4023 οὗ
2948 3970 3041 4023 τοῦ
3070 3969 3411 4036 σεϐάσματος
3459 3965 3553 4018 καὶ
3592 3963 3696 4029 τῆς

2126 4062 2397 4125 πολιτείας
2430 4060 2766 4131 καθέστηκεν
2794 4061 3044 4131 ἀμαθής;
3083 4060 3249 4112 Πάλιν
3289 4059 3347 4112 δὲ
3389 4057 3479 4110 καὶ
3517 4056 3566 4107 oi
3594 4054 3694 4124 τὴν

2126 4152 2462 4205 ἀποστασίαν
2488 4150 2782 4212 θάλποντες
2813 4150 2906 4203 καὶ
2929 4150 3160 4219 ἀνιέρως
3193 4146 3558 4216 ίερατεύοντες
3592 4144 3694 4195 ούκ

2127 4243 2192 4295 ἂν
2224 4242 2300 4312 μὴ
2329 4243 2463 4311 πρὸς
2492 4241 2616 4302 τοὺς
2650 4240 2886 4301 οἰκείους
2927 4240 3025 4309 τῆς
3061 4237 3374 4298 δυσσεϐείας
3409 4234 3694 4305 βουλήσον-

2129 4350 2218 4387 ται
2252 4332 2522 4385 συνελθεῖν
2542 4348 2554 4360 ο
2589 4331 2727 4385 ὥστε
2755 4330 2784 4383 ὃ
2813 4332 2911 4400 μὲν
2941 4329 3332 4401 ἀσφαλίζεσθαι
3359 4329 3387 4379 ὁ
3412 4326 3573 4395 νόμος
3610 4324 3695 4376 δο-

460 4416 699 4472 ctionem
742 4416 1064 4479 moliuntur,
1123 4431 1347 4486 remque
1398 4431 1613 4471 sacram
1670 4418 2021 4487 profananter

2133 4425 2237 4484 κεῖ.
2266 4424 2325 4475 ού
2358 4421 2537 4485 καθὼς
2567 4422 2742 4486 ἔδοξεν
2771 4419 3359 4489 ἀσφαλίζεται.”Δλλως
3389 4417 3446 4471 δὲ
3467 4418 3580 4478 τοῖς
3604 4414 3695 4467 εύ-

460 4508 692 4576 faciunt,
728 4522 797 4563 ne
830 4509 910 4563 illi
942 4523 1066 4563 cum
1125 4507 1320 4562 alienis
1348 4507 1419 4562 ab
1470 4507 1748 4578 impietate
1785 4525 2028 4566 conven-

458 4608 551 4657 tus
579 4616 740 4672 agere
766 4617 875 4657 non
902 4600 1093 4663 velint,
1117 4608 1175 4654 ut
1219 4599 1366 4655 unde
1393 4600 1624 4655 stabiliri
1656 4600 1741 4655 lex
1790 4603 2028 4667 videtur,

459 4706 570 4746 non
610 4691 740 4746 inde
778 4690 1236 4762 quemadmodum
1283 4689 1651 4745 existimatum
1705 4691 1800 4757 sit,
1854 4693 2027 4748 stabi-

460 4782 647 4838 liatur.
679 4780 818 4837 Tum
848 4790 905 4838 et
937 4780 1206 4851 religiosis
1221 4780 1275 4834 in
1301 4780 1487 4835 multis
1524 4781 1853 4836 utilitatibus
1892 4798 2026 4837 con-

2131 4514 2313 4567 σεϐέσι
2347 4513 2542 4583 πολλῆς
2566 4512 2830 4580 ὠφελείας
2858 4512 3167 4582 εὑρίσκεται
3195 4508 3483 4579 γινομένης
3503 4508 3546 4538 ¹⁹
3594 4507 3693 4573 ὲμ-

2094 4618 2099 4621 ’
2130 4606 2326 4659 ποδῶν.
2356 4604 2488 4674 Θείᾳ
2534 4603 2641 4673 γάρ
2688 4604 2872 4673 χάριτι
2906 4600 3103 4672 μικροῦ
3135 4599 3273 4653 κατά
3306 4600 3480 4651 πάντα
3523 4591 3693 4659 οἶκον,

2126 4697 2187 4749 ού
2217 4696 2375 4765 μόνον
2409 4695 2517 4748 τῶν
2538 4696 3036 4765 περιφανεστέρων,
3060 4691 3196 4746 ἀλλὰ
3224 4692 3317 4744 καὶ
3344 4689 3452 4742 τῶν
3482 4687 3695 4740 εὐτελε-

2128 4787 2356 4857 στέρων,
2381 4786 2684 4857 εὐκτηρίων
2733 4785 2899 4838 οἴκων
2930 4782 3382 4855 ἀνεγηγερμένων
3428 4778 3567 4849 Θεῷ,
3595 4778 3696 4847 τῆς

1717 4917 1953 4971 VARI/ﬁ
1992 4918 2396 4976 LECTIONES.

535 5038 598 5067 ’⁸⁵
628 5034 909 5111 Laudatur
939 5035 1337 5111 Harmenopuli
1363 5036 1508 5111 Man:
1553 5037 1726 5111 legum
1753 5039 1840 5111 egl.
1880 5040 2039 5101 l587,
2074 5041 2165 5096 lili.
2228 5059 2266 5106 ι,
2305 5043 2387 5096 tit.
2417 5042 2472 5107 ‘2,
2510 5040 2672 5111 13,23.

2784 5040 2825 5071 "
2862 5037 2936 5093 cf.
2967 5037 3127 5099 infra.
3157 5051 3281 5092 nov.
3328 5050 3421 5089 xv.
3526 5032 3570 5063 ¹⁸
3601 5029 3697 5085 Sic

462 5108 696 5161 correxit
720 5105 1046 5176 Stephanus,
1074 5106 1232 5161 codd.
1251 5106 1386 5175 πλὴν
1414 5105 1525 5161 τοῦ.
1614 5107 1654 5137 ¹⁰
1682 5106 1871 5165 Melius
1898 5110 2032 5164 forte
2047 5113 2344 5181 γινόμενος.

1952 5221 2183 5280 NOTAE.

533 5316 647 5389 (το)
692 5316 927 5389 Nuptias
974 5315 1252 5389 intelligit.
1291 5312 1435 5389 idem
1462 5328 1606 5389 pene
1657 5315 1858 5389 dicitur
1888 5317 1938 5369 in
1984 5317 2022 5371 l.

465 5383 556 5447 M.
581 5384 677 5457 gi,
701 5383 843 5457 vers.
868 5383 1096 5457 Oportet
1120 5383 1256 5437 cod.
1294 5385 1362 5457 de
1390 5386 1633 5457 episcop.
1667 5386 1812 5457 quod
1834 5401 2022 5453 parum

464 5453 693 5511 honeste
743 5453 948 5510 dictum
992 5455 1209 5523 videtur
1244 5468 1261 5518 ;
1297 5453 1479 5521 τίμιος
1521 5454 1629 5523 γὰρ
1683 5458 1711 5506 ὸ
1742 5455 1915 5523 γάμος
1968 5458 2027 5509 ὲν

467 5527 621 5578 πᾶσι.
643 5523 778 5579 Hel).
797 5540 916 5584 xm.
940 5539 1084 5578 vers.
1104 5523 1152 5577 4.
1188 5522 1375 5591 Simile
1411 5533 1495 5576 est
1527 5523 1785 5591 quiddam
1811 5522 2023 5591 Syriaci

466 5596 597 5649 dist.
630 5594 719 5657 82,
742 5609 787 5647 c.
833 5595 888 5655 4,
940 5600 995 5644 et
1022 5590 1477 5645 lnnoceutiidist.
1524 5590 1687 5656 28,e.
1712 5591 1765 5655 2,
1806 5590 1865 5646 et
1890 5594 2023 5648 Gre-

468 5663 755 5737 gorii‘tlist.
789 5663 878 5737 28,
909 5679 959 5716 c.
984 5662 1328 5737 Priusquam.

541 5732 652 5803 (3|)
696 5731 868 5802 Ἱερὰς
900 5729 1285 5801 μυσταγωγίας
1318 5729 1409 5782 καὶ
1439 5729 1717 5796 λατρείας,
1742 5731 1787 5786 si
1822 5739 1894 5786 ita
1920 5740 2025 5793 est,

2130 5320 2350 5374 Novella
2399 5318 2694 5373 Justiniani
2751 5316 2817 5371 58
2854 5316 3171 5382 abrogatur.
3204 5310 3450 5382 Interim_
3479 5307 3581 5361 hoc
3616 5308 3695 5358 vi-

2130 5391 2291 5444 detur
2334 5390 2564 5442 innuere
2624 5387 2894 5441 sacerdoti
2930 5379 3159 5452 privatis
3195 5383 3247 5436 in
3284 5379 3540 5452 domibus
3576 5393 3681 5452 ρος.

2132 5460 2269 5511 mitti
2304 5456 2552 5527 ἱερᾶσθαι
2606 5457 2709 5527 καί
2760 5445 3164 5527 auctir-vineti),
3212 5450 3431 5527 ut_ha:c
3470 5445 3691 5527 Novella

2132 5517 2401 5596 pertineat
2444 5528 2510 5578 ad
2537 5517 2814 5596 sacriﬁcia
2834 5534 2888 5577 et
2935 5517 3466 5596 administrationem
3534 5517 3686 5596 verbi

2129 5585 2249 5657 ean.
2273 5596 2517 5651 Clericos
2542 5595 2670 5649 dist.
2700 5596 2749 5656 Ι,
2783 5593 3201 5657 decunsecrat.,
3234 5598 3370 5644 utet
3412 5585 3545 5639 Nov.
3607 5585 3693 5645 l5,

2134 5664 2276 5721 infra
2310 5666 2377 5719 ad
2394 5664 2745 5734 baptismum.
