4088 6208
339 356 450 422 433

1444 360 1805 425 NOVELL/E
1849 362 2521 425 CONSTITUTIONES.

3492 358 3603 423 4'34

336 469 393 521 δὲ
446 467 575 534 περὶ
628 468 756 529 τοὺς
814 466 977 537 ἱερεῖς
1028 469 1292 539 χορηγίας
1344 472 1438 523 καὶ
1486 470 1783 541 θεραπείας
1829 474 1919 541 οὐχ

2029 472 2322 542 scqnendis
2377 471 2625 525 eamdem
2672 468 3063 540 impedimento
3101 481 3223 523 esse
3252 466 3603 537 comperitur.

335 560 544 627 ὁμοίως
578 559 728 628 παρά
757 559 978 611 πάντων
1024 560 1143 624 οἵας
1174 579 1232 613 τε
1266 560 1430 631 οὔσης
1459 562 1703 629 γίνεσθαι
1728 603 1740 622 .
1781 580 1921 632 συμ-

338 650 520 704 ϐαίνει
545 651 633 703 διὰ
662 651 754 704 τὸν
784 652 948 721 νόμον
980 653 1107 715 τοὺς
1145 653 1333 724 ὥσπερ
1361 652 1514 707 εἷπον
1538 655 1922 724 ἀπορωτέρους

336 740 479 809 πρὸς
508 740 811 805 ἰδιάζουσαν
838 742 1029 811 ἱερέων
1054 742 1319 812 ἀνάληψιν
1342 744 1643 813 ἀμετόχους
1690 745 1787 813 μὲν
1820 746 1919 797 αὖ·

2027 562 2304 633 Siqnidem
2362 578 2486 617 cum
2555 561 2738 617 divina
2797 561 2970 631 gratia
3022 560 3079 614 in
3136 559 3434 623 omnibus,
3490 572 3608 611 om-

2028 655 2176 708 nium
2218 669 2324 708 non
2358 653 2520 707 modo
2558 653 2943 723 potentiorum,
2978 664 3168 705 verum
3198 649 3360 704 etiam
3391 647 3609 702 tenuio-

2026 761 2145 799 rum
2175 745 2428 800 domibus
2462 744 2701 799 sacraria
2731 743 2841 813 (32)
2872 743 2979 797 Deo
3017 750 3197 796 erecta
3221 739 3356 803 sint,
3396 747 3451 793 et
3474 752 3605 791 vero

334 832 468 893 τοὺς
519 832 840 897 πλειστάκις
889 835 1167 904 διαμένειν
1212 836 1322 888 τῶν
1371 835 1529 889 θείων
1584 836 1918 907 μυστηρίων,

2026 847 2278 907 sumptus
2310 837 2625 907 reliquaque
2662 836 2729 890 ad
2770 851 2881 891 rem
2917 833 3238 889 familiarem
3292 830 3601 891 necessaria

337 922 765 991 ἀποστερεῖσθαι
789 924 846 977 δὲ
874 926 969 978 καὶ
1016 926 1086 978 τά
1129 927 1251 996 ἱερά
1292 927 1663 996 τεμενίσματα
1691 926 1798 978 τῶν
1826 928 1919 978 ὲπ¹

2026 928 2403 983 sacerdotibus
2444 929 2513 983 ab
2540 928 2793 983 omnibus
2824 926 3077 981 similiter
3101 921 3439 993 suppeditari
3486 934 3593 973 non

336 1012 527 1075 αὐτοῖς
562 1014 885 1080 ὀφειλόντων
926 1017 1215 1087 ἀγιασμῶν
1259 1017 1648 1070 ἐπιτελεῖσθαι.
1684 1018 1760 1070 Οὐ
1816 1018 1919 1088 μὴν

2031 1019 2284 1087 possint:
2322 1016 2506 1073 evenit
2536 1024 2759 1088 propter
2785 1017 2980 1086 legem,
3008 1022 3068 1068 ut
3120 1009 3601 1082 (quemadmodum

336 1103 458 1157 ἀλλ’
486 1105 634 1167 εἰκὸς
684 1106 780 1158 καὶ
832 1108 1022 1177 μνείας
1055 1108 1424 1180 ὲφισταμένης
1454 1109 1626 1162 ἐνίοτε
1659 1093 1919 1179 κεκοιμη-

2030 1110 2167 1180 dixi)
2194 1111 2287 1182 qui
2317 1111 2597 1164 tenuiores
2654 1118 2784 1163 sunt
2825 1121 2989 1177 quam
3022 1113 3083 1158 nt
3127 1102 3382 1174 privatim
3416 1114 3601 1154 sacer-

337 1194 523 1263 μένων
566 1195 774 1267 ἀπορίᾳ
828 1198 1018 1269 ἱερέως
1066 1200 1165 1268 τὴν
1216 1201 1516 1269 παρουσίαν
1550 1200 1651 1271 τῆς
1698 1201 1919 1272 μνήμης

2021 1201 2177 1256 dotes
2230 1202 2508 1271 suscipere
2552 1200 2801 1270 possint,
2840 1211 3080 1267 persaepe
3122 1195 3434 1249 divinorum
3482 1204 3604 1259 my-

335 1286 725 1355 παραδραμεῑν
753 1289 1057 1358 ἀνιέρατον,
1087 1290 1163 1352 ὡς
1195 1292 1259 1343 ὲκ
1280 1290 1469 1344 τούτου
1491 1292 1553 1345 οὐ
1582 1292 1785 1363 μικρὰν
1807 1295 1919 1355 τοῖς

2021 1294 2309 1347 steriorum
2376 1300 2630 1362 expertes
2687 1295 2978 1352 maneant,
3026 1296 3080 1341 et
3135 1298 3291 1339 sacra
3353 1278 3601 1343 delubra,

333 1392 400 1427 τε
434 1376 641 1445 βιοῦσιν
672 1378 910 1431 ἐνταῦθα
939 1380 1035 1432 καὶ⁸
1063 1382 1176 1443 τοῖς
1205 1380 1299 1443 οὓς
1327 1382 1357 1433 ὁ
1386 1381 1597 1435 ἐκεῖθεν
1640 1382 1755 1452 ἔχει
1800 1382 1915 1453 βίος

2021 1398 2140 1451 quae
2164 1384 2217 1435 in
2243 1384 2351 1436 illis
2375 1381 2651 1436 sacriﬁcia
2682 1380 2799 1435 ﬁeri
2834 1378 3090 1441 debeant,
3144 1376 3232 1429 his
3262 1368 3593 1427 deft-auden—

336 1465 663 1532 συμϐαίνειν
690 1468 914 1538 ζημίαν.

2021 1483 2126 1528 tur.
2161 1475 2304 1541 Quin
2341 1473 2639 1529 verisimile
2678 1473 2843 1527 etiam
2898 1481 3004 1533 est,
3060 1478 3447 1533 nonnunquam
3506 1460 3602 1515 de-

337 1554 655 1611 functorum
722 1560 985 1614 memoria
1037 1561 1275 1618 instante
1341 1562 1436 1629 ob,‘
1474 1562 1743 1618 deiectum
1805 1565 2111 1619 sacerdotis
2169 1574 2489 1634 praesentem
2569 1564 2847 1618 memoria:
2901 1561 3044 1617 diem
3107 1558 3257 1612 nullo
3282 1555 3425 1609 iacto
3507 1565 3599 1605 sa‘

338 1652 551 1706 criﬁcio
600 1654 764 1719 elabi,
830 1662 889 1709 ut
921 1655 1047 1710 inde
1090 1665 1146 1712 et
1181 1658 1273 1728 qui
1306 1657 1397 1713 hic
1438 1658 1649 1723 vivunt,
1686 1667 1741 1713 et
1772 1672 1909 1727 quos
1944 1661 2115 1715 altera
2161 1662 2267 1716 vita
2327 1668 2498 1725 tenet,
2549 1661 2797 1730 utrisque
2861 1671 2972 1712 non
3023 1655 3281 1725 exiguum
3336 1650 3599 1705 damnum

335 1748 619 1805 obveniat.

406 1860 696 1929 Ὀρῑζομεν
725 1861 839 1927 οὖν,
866 1864 927 1915 οὑ
977 1864 1135 1935 μόνον
1168 1865 1293 1928 τοὺς
1334 1866 1570 1935 ἑκάστης
1617 1866 1909 1937 καθολικῆς

2085 1864 2389 1919 Statnimus
2421 1862 2587 1932 igitur
2634 1870 2829 1914 utnon
2885 1857 3061 1912 solum
3098 1849 3372 1925 generalis
3405 1846 3597 1901 Eccle-

355 1950 665 2020 Εκκλησίας
698 1952 881 2023 ἱερεῖς,
913 1954 1049 2007 ἀλλά
1096 1956 1191 2009 καὶ
1235 1957 1362 2020 τοὺς
1408 1959 1639 2021 οἰκείους
1693 1958 1803 2011 τῶν
1848 1960 1919 2011 ἰε-

2024 1957 2122 2010 sia:
2170 1954 2511 2016 sacerdotes,
2574 1952 2668 2006 sed
2704 1950 2870 2005 etiam
2907 1948 2973 2001 ad
3010 1955 3398 2016 quamcunque
3430 1937 3596 1992 aliam

337 2042 543 2113 ρέων¹⁶
570 2043 804 2113 ἑκάστης
830 2045 1005 2107 οἰκίας
1034 2046 1216 2101 ἄδειαν
1250 2048 1398 2118 ἔχειν
1442 2050 1499 2101 ὲν
1548 2051 1751 2112 πάσαις
1800 2052 1919 2113 ταῖς

2024 2043 2371 2097 sacerdotum
2426 2043 2647 2096 domum
2694 2039 2987 2110 pertinent,
3042 2036 3469 2105 quibuscunque
3497 2041 3597 2081 cu-

336 2135 543 2194 οἰκίαις
578 2134 830 2203 ἱερᾶσθαι
859 2153 917 2187 τε
949 2137 1043 2189 καὶ
1074 2140 1477 2207 μυσταγωγεϊν,
1511 2138 1603 2201 οὒς
1653 2139 1720 2192 ἂν
1750 2156 1922 2209 προσ-

337 2226 526 2279 καλεῖν
550 2225 757 2294 αἱριιίτο
789 2227 817 2278 ὁ
852 2228 1091 2298 ἑκάστης
1138 2228 1413 2293 δεσπόζων
1446 2229 1759 2295 οἱκίας,καὶ
1788 2230 1924 2283 διδό-

336 2336 426 2371 ναι
453 2317 555 2386 τὴν
599 2317 656 2369 ἐν
699 2320 813 2382 τοῖς
845 2319 1011 2391 ἱεροῖς
1046 2320 1359 2392 εὐκτηρίοις
1388 2321 1624 2392 πάροδον
1652 2322 1744 2374 καὶ
1776 2324 1923 2391 ἱερα-

337 2411 515 2465 τειαν.

902 2613 1212 2667 ΔΙΑΤΑΞΙΣ
1252 2611 1304 2667 E'
1323 2614 1385 2669 ".

341 2704 478 2773 Περὶ
516 2704 627 2759 τοῦ
662 2704 805 2771 τοὺς
839 2705 990 2773 μετὰ
1022 2708 1088 2759 τὸ
1124 2704 1407 2760 ὑπελθεῖν
1437 2704 1551 2773 τὴν
1583 2704 1923 2773 μοναδικὴν

410 2775 725 2828 πολιτείαν
753 2774 1113 2841 πραγμάτων
1158 2774 1620 2840 εὐπορήσαντας
1666 2774 1747 2840 μὴ
1783 2778 1921 2827 καθ-

409 2845 560 2898 όλου
584 2844 971 2909 ἀπείργεσθαι
996 2844 1127 2908 περὶ
1148 2842 1348 2896 αὐτῶν
1372 2844 1754 2902 διατίθεσθαι,
1774 2844 1894 2897 ἀλλ
1910 2844 1923 2864 ’

406 2916 459 2967 ει
480 2912 600 2981 μὲν
623 2913 916 2979 ὤφθησάν
945 2930 1000 2965 τι
1034 2912 1651 2981 προκαταϐεϐλημένοι
1695 2912 1775 2977 τῷ
1811 2930 1924 2980 μο-

408 2984 713 3049 ναστηριῳ
750 2982 901 3035 κατὰ
932 2982 1039 3034 τὸν
1068 2982 1277 3049 καιρὸν
1308 2982 1404 3035 ὅτε
1435 2984 1624 3046 τούτῳ
1651 2982 1919 3049 προσήρ-

411 3068 616 3120 χοντο,
646 3052 799 3104 εἶναι
851 3052 1072 3117 αὐτοὺς
1104 3052 1237 3118 περὶ
1278 3050 1397 3104 τῶν
1431 3052 1690 3116 ὕστερον
1735 3068 1925 3119 προσ·-

407 3119 790 3187 άεκτημένων
802 3123 845 3152 ²¹
863 3122 1106 3187 κυρίους
1123 3120 1317 3185 καθὼς
1328 3120 1703 3186 προαιροῖντο
1725 3120 1922 3173 πάντα

408 3189 678 3252 διοικεῖν,
716 3192 769 3243 ει
818 3189 869 3242 δ’
899 3189 1080 3242 οὐδὲν
1121 3189 1670 3256 προκατεόάλοντο.
1698 3189 1919 3256 αὐτοὺς

2018 2133 2220 2204 jusque
2245 2134 2441 2187 domus
2495 2132 2732 2187 dominis
2766 2128 3055 2183 accersitis
3100 2137 3387 2179 accessum
3416 2119 3482 2173 ad
3506 2132 3600 2172 sa-

2021 2236 2117 2277 cra
2196 2221 2458 2283 oratoria,
2529 2228 2584 2275 et
2656 2232 2938 2274 sacrarum
3007 2228 3188 2269 rerum
3255 2209 3593 2264 iunctionem

2021 2312 2153 2366 dare
2197 2310 2487 2374 voluerint,
2525 2308 2579 2363 in
2606 2308 2940 2377 quibuslibet
2989 2304 3202 2358 aedibus
3276 2297 3595 2354 sacriﬁcan—

2021 2400 2077 2453 di
2143 2399 2298 2467 (33),
2364 2398 2567 2468 Deique
2640 2410 2841 2451 arcana
2914 2388 3208 2449 enarrandi
3285 2385 3594 2449 facultatem

2022 2488 2259 2543 habeant
2286 2487 2423 2557 (34).

2512 2597 2806 2653 CONSTIT
2818 2595 2976 2651 UTIO
3032 2594 3094 2651 V.

2024 2687 2125 2749 Ne,
2162 2689 2369 2758 quibus,
2429 2698 2707 2756 postquam
2766 2687 3073 2758 monasticae
3114 2687 3235 2740 uiue
3289 2680 3594 2758 institutum

2095 2750 2372 2820 suliierint,
2399 2750 2683 2826 facultates
2707 2765 3007 2826 suppetunt,
3034 2757 3087 2807 in
3122 2758 3425 2808 universum
3452 2750 3504 2799 Ιιὶ
3527 2750 3593 2801 de

2093 2831 2201 2881 illis
2233 2824 2416 2880 testari
2448 2828 2862 2893 prohibeantur:
2892 2824 2983 2876 sed
3024 2834 3078 2876 ut
3109 2835 3180 2885 et,
3212 2841 3313 2893 quo
3364 2832 3596 2893 tempore

2098 2888 2477 2950 monasterium
2536 2896 2803 2954 adierunt,
2862 2893 2998 2946 inid
3029 2888 3303 2962 quidpiam
3355 2888 3595 2962 contule-

2094 2969 2220 3027 rint,
2256 2969 2307 3017 in
2335 2966 2553 3017 illorum
2576 2975 2827 3032 potestate
2856 2964 2945 3021 sit.
2968 2972 3023 3015 ut
3041 2960 3479 3032 quemadmodum
3513 2973 3598 3032 ue-

2085 3036 2202 3097 lint,
2230 3036 2293 3087 de
2325 3037 2389 3087 iis
2419 3051 2535 3104 qua:
2571 3027 2666 3086 sibi
2689 3033 3026 3100 postmodum
3053 3027 3361 3099 'pararunt,
3385 3032 3450 3104 in
3484 3027 3595 3093 ple-

2089 3121 2214 3157 num
2239 3120 2411 3156 assem
2430 3099 2603 3157 etiam
2658 3111 3027 3156 testamentum
3087 3104 3341 3154 condant.
3375 3099 3435 3153 Si
3472 3111 3594 3148 vero

2093 3173 2227 3226 nihil
2254 3174 2319 3225 ab
2346 3174 2497 3226 initio
2530 3174 2828 3233 intulerint,
2864 3181 2974 3223 tum
3015 3180 3071 3222 ut
3094 3170 3157 3224 de
3181 3171 3324 3223 besse
3346 3175 3589 3222 statuen-

402 3233 683 3328 IEJZébi
714 3233 1919 3328 ἱόῦ”δᾷἷοῖῥὶνυ”ἕξέὗῖἙρῖξέἱίῖιὲεῖᾶἱρζΞῖ)

2091 3244 2149 3295 di
2178 3242 2755 3324 [acultutem/zabegnt,
2825 3244 3204 3322 monasterium
3240 3248 3415 3293 autem
3456 3233 3592 3287 alte-

401 3327 817 3398 μοναστήριον
847 3328 915 3380 δὲ
946 3330 1011 3382 τὸ
1044 3328 1198 3382 ἄλλο
1236 3328 1417 3398 μέρος
1466 3327 1597 3397 ἢτοι
1618 3329 1685 3383 τὸ
1717 3330 1919 3397 τρίτον

405 3398 957 3467 ἀναλαμϐάνεσθαι.

988 3536 1241 3590 Ἄλλως.

339 3606 479 3676 Περὶ
511 3605 617 3661 τοῦ
632 3606 998 3661 διατίθεσθαι
1012 3556 1519 3676 ἲέέᾜδνὰσαντα
1547 3608 1637 3672 εἰς
1684 3607 1757 3660 τὰ
1783 3606 1908 3659 ἐπι-

973 3674 1288 3742 κτηθέντα.

406 3790 465 3843 ’0
489 3789 653 3852 αὐτὸς
688 3788 940 3859 βασιλεὺς
989 3790 1248 3858 Στεφάνῳ
1301 3788 1379 3858 τῷ
1427 3787 1715 3857 ἁγιωτάτῳ
1760 3786 1919 3855 ἀρχι-

339 3882 623 3951 επισκόπῳ
672 3880 1298 3942 Κωνσταντινουπόλεως
1320 3880 1414 3933 καὶ
1432 3877 1796 3949 οἰκουμενικῷ
1820 3894 1919 3929 πα-

340 3975 595 4047 τριάρχῐι·

406 4064 628 4135 Ἐπειδὴ
677 4065 807 4135 περὶ
853 4063 1193 4133 μοναζὸντων
1231 4061 1539 4133 ὑπάρξεως,
1574 4061 1623 4115 οἳ
1657 4060 1798 4130 μετὰ
1827 4062 1918 4112 τὸν

339 4160 543 4230 μονάδα
577 4159 693 4230 βίον
724 4158 1042 4230 περιουσίαν
1087 4158 1409 4230 ἠθροισαντο
1428 4199 1444 4225 ,
1473 4157 1733 4221 πολλάκις
1786 4158 1917 4226 ἡμῖν

340 4253 436 4304 σὺν
459 4253 574 4314 τοῖς
607 4250 713 4303 ὑπὸ
740 4250 799 4303 σὲ
833 4248 1267 4318 θεοφιλεστάτοις
1295 4246 1662 4319 ἀρχιερεῦσιν,
1697 4240 1743 4300 ὦ
1774 4246 1917 4299 θεῖον

336 4342 453 4411 φῶς
482 4342 576 4395 καὶ
603 4334 1042 4412 καταπυρσεύειν
1066 4340 1156 4393 τὸν
1184 4341 1387 4411 κόσμον
1431 4339 1535 4392 ὑπὸ
1570 4338 1664 4392 τοῦ
1698 4337 1917 4409 πρώτου

336 4431 516 4502 φωτὸς
540 4432 599 4484 ἐν
623 4430 703 4503 τῷ
732 4431 954 4503 μεγάλῳ
977 4433 1075 4503 τῆς
1099 4430 1425 4501 Ἐκκλησίας
1460 4428 1802 4500 στερεώματι
1828 4444 1917 4480 τε·

2092 3330 2210 3367 rum
2228 3324 2428 3381 partem
2458 3314 2563 3368 sive
2587 3313 2827 3367 trientem
2854 3310 3101 3379 accipiat.

2707 3510 2899 3565 Aliter.

2096 3604 2164 3658 Ut
2189 3605 2475 3660 monachus
2508 3603 2620 3673 (35)
2650 3605 2712 3658 de
2756 3604 3032 3674 acquisitis
3073 3603 3258 3657 testari
3320 3603 3505 3672 possit.

2085 3788 2230 3842 Idem
2273 3796 2567 3859 imperator
2610 3786 2887 3857 Stephano
2913 3788 3024 3857 (36)
3045 3788 3300 3842 sanctiss.
3325 3787 3595 3843 Constan-

2019 3878 2200 3949 tinop.
2238 3880 2743 3951 archiepiscopo,et
2781 3881 3109 3951 patriarcha:
3138 3880 3455 3935 universali.

2088 4061 2360 4127 Quoniam
2407 4061 2473 4115 de
2524 4058 2918 4117 monachorum
2947 4062 3106 4117 bonis
3154 4078 3275 4133 quae
3300 4072 3423 4133 post
3454 4080 3586 4121 sus-

2012 4163 2221 4221 ceptam
2284 4154 2453 4207 vitam
2513 4154 2876 4207 monasticam
2939 4165 3365 4210 coacervassent
3400 4196 3415 4220 ,
3466 4171 3589 4225 per-

2018 4259 2163 4313 saepe
2192 4244 2353 4299 nobis
2386 4260 2493 4297 una
2521 4260 2643 4298 cum
2680 4243 2772 4299 Dei
2808 4246 3210 4300 amantissimis
3263 4247 3369 4301 sub
3392 4255 3446 4300 te
3480 4248 3593 4316 pri-

2018 4334 2207 4390 tnariis
2233 4336 2614 4391 sacerdotibus
2638 4334 2895 4389 dubitare
2920 4343 2973 4390 te
3010 4339 3065 4396 (o
3111 4336 3381 4399 divinum,
3423 4346 3500 4402 et,
3532 4348 3590 4390 ut

2019 4426 2223 4481 mundo
2249 4425 2572 4496 prailuceas,
2606 4425 2662 4478 in
2688 4432 2904 4494 (magno
2942 4424 3206 4479 Ecclesia:
3244 4426 3593 4480 ﬁrmamento

1671 4613 1907 4670 VARIE
1947 4610 2357 4669 LECTIONES.

386 4734 435 4766 ’°
456 4733 603 4805 Bais.
629 4735 756 4799 τοὺς
782 4735 966 4805 ἱερεῖς.
1029 4732 1317 4805 “Est2in
1346 4731 1548 4805 Ecloga
1578 4745 1705 4787 nov.
1737 4728 1972 4805 Leuncl._
2015 4725 2134 4781 Jur.
2187 4724 2365 4782 Graec.
2423 4722 2583 4780 Rom.
2643 4737 2705 4788 ιι,
2753 4738 2809 4793 p.
2865 4719 2956 4777 79.
2984 4718 3199 4774 Citatur
3252 4716 3584 4787 HarmenOp.

334 4804 434 4873 lib.
465 4804 529 4871 ν,
548 4806 634 4861 tit.
666 4798 745 4873 tv,
760 4821 815 4875 p.
832 4798 974 4861 '367.
1063 4804 1109 4836 ”
1138 4804 1298 4860 codd.
1340 4798 1574 4872 Scrimg.
1625 4798 2104 4871 προσεκτημένων.

1844 4954 2079 5011 ΝΟΤᾸΕ.

412 5077 526 5149 (52)
561 5076 691 5149 Qua;
720 5075 925 5132 Graecis
972 5076 1258 5148 εὐκτήρια.
1295 5070 1584 5145 Theophil.
1619 5071 1745 5143 518.
1775 5069 1911 5128 Inst.
1946 5076 1991 5131 Ι)
2024 5068 2287 5149 nopulum
2318 5068 2373 5149 5.
2401 5066 2487 5120 tit.
2517 5066 2569 5130 1,
2607 5064 2634 5135 §

336 5148 856 5285 ἀεῶἕῗᾶῗέἓῗθω,
888 5215 1141 5284 intelligit
1172 5211 1631 5285 ὲκκλησιαστιξιὴν
1659 5211 1914 5285 ῑλειτουρ-

336 5282 483 5353 γίαν,
506 5282 571 5339 ut
594 5282 736 5340 Nov.
760 5287 883 5350 151,
915 5301 1038 5354 cap.
1070 5282 1124 5354 8,
1156 5282 1736 5354 actutnpsacriﬂcandi.

407 5357 521 5425 (54)
560 5355 623 5409 Et
651 5357 725 5410 ita
760 5350 1056 5423 abrogatur
1084 5353 1289 5425 Novell.
1324 5352 1413 5425 58.
1445 5350 1581 5425 Nov.
1620 5352 1741 5416 151,
1762 5351 1905 5425 _c.8.

339 5420 480 5479 Olim
504 5420 634 5480 sine
667 5420 942 5480 consensu
972 5424 1234 5494 episcopi,
1265 5424 1357 5492 qui
1394 5423 1445 5475 in
1496 5420 1711 5494 privata
1741 5422 1906 5475 domo

340 5496 421 5549 vel
446 5496 795 5563 possessione
822 5492 1209 5555 sacriticasset,
1239 5508 1484 5563 canones
1517 5492 1802 5563 notabant,
1846 5500 1904 5563 nt

338 5560 835 5632 παρασυνάγωγον.
866 5564 1154 5619 Balsamon
1186 5561 1253 5615 ad
1271 5577 1394 5632 cap.
1421 5562 1483 5616 3|
1546 5560 1738 5630 synodi
1759 5562 1813 5623 6,
1845 5561 1899 5617 in

338 5634 562 5688 Trnllo:
594 5634 731 5688 adde
754 5649 875 5688 can.
917 5634 1166 5688 clericos.
1201 5632 1331 5686 dist.
1365 5632 1415 5688 1.
1444 5630 1507 5685 du
1548 5640 1861 5685 consecrat.

410 5649 562 5687 nuo:
594 5649 731 5688 aude
754 5649 875 5713 cap.
917 5649 1166 5697 clericos,
1201 5649 1331 5686 utSt.
1365 5649 1415 5698 ι,
1444 5649 1507 5685 uu
1548 5649 1861 5685 consecrat.

410 5704 525 5773 (35)
559 5704 695 5773 Περὶ
746 5720 841 5773 του
871 5702 1202 5773 διατίθεσθαι
1247 5701 1339 5773 τὸν
1397 5699 1727 5773 μονάσαντᾳ,
1761 5709 1896 5765 etc.,

340 5768 532 5830 Es'stat
563 5768 699 5831 alias
728 5772 890 5841 hujus
925 5770 1159 5828 Novellae
1194 5768 1433 5841 epitome
1481 5770 1624 5840 apud
1658 5768 1891 5824 liarmc-

2668 5065 2723 5126 5.
2752 5062 2917 5118 Goth.
2947 5061 3023 5116 Ne
3068 5058 3288 5129 quidem
3323 5074 3458 5129 papa
3492 5076 3588 5129 p0-

2018 5130 2127 5194 test
2156 5139 2455 5193 concedere
2491 5130 2760 5189 tnon'aclto
2808 5140 2866 5185 nt
2913 5131 3093 5199 aliqua
3132 5130 3269 5183 bona
3308 5130 3535 5183 retineat
3570 5145 3585 5194 ;

2017 5209 2126 5262 vid.
2158 5223 2279 5275 cap.
2338 5206 2393 5271 6,
2435 5212 2545 5259 ext.
2582 5205 2650 5275 de
2693 5212 2824 5275 s_tat.
2856 5201 3065 5255 homin.
3097 5214 3209 5275 quo
3248 5200 3437 5275 posito
3480 5216 3587 5253 non

2014 5268 2242 5347 poterit'
2270 5268 2483 5338 testari,
2540 5274 2652 5328 vid.
2684 5272 2971 5341 _Covaruv.
3027 5271 3176 5324 rubr.
3228 5270 3297 5324 de
3339 5268 3585 5325 Testatn.

2012 5363 2166 5400 nurn.
2187 5347 2276 5406 47,
2311 5346 2445 5400 Axs.

2080 5418 2197 5487 (36)
2232 5419 2405 5487 Quem
2444 5412 2809 5487 Cedrenusin
2862 5408 3044 5487 Leone
3105 5418 3262 5463 vocat
3312 5408 3586 5487 Στέφανον

2010 5480 2332 5552 asinum,
2368 5482 2570 5537 Leonis
2616 5480 2873 5552 ἀδελφόν,
2919 5480 3007 5532 cui
3053 5490 3269 5552 mortuo
3318 5481 3584 5552 successit

2008 5546 2283 5611 Antonius
2331 5562 2701 5622 cognomento
2741 5546 2997 5622 Cau|c_as.
3057 5547 3232 5622 Porro
3293 5546 3585 5615 σύγκελλος

2009 5626 2149 5680 idem
2170 5616 2525 5693 quibusdam,
2558 5620 2703 5693 φιςά
2730 5619 3167 5693 contubernalis.
3197 5616 3421 5693 Zonarac
3454 5632 3586 5693 vero

2006 5696 2063 5749 in
2088 5686 2448 5748 Moriomacho
2484 5693 2534 5745 id
2563 5686 2616 5743 in
2646 5690 2894 5744 Eet'lcsia
2921 5686 3241 5755 σύγκελλος,
3272 5686 3418 5756 quod
3441 5686 3581 5757 Aga-

2004 5765 2153 5820 renis
2190 5762 2411 5833 Scripli,
2448 5762 2548 5815 lmc
2577 5768 2662 5816 est
2691 5759 2934 5828 Caliplne
2965 5772 3279 5815 successor.
