4088 6208
487 270 593 334 435

1712 268 1986 329 LEONIS
2019 271 2479 337 PHILOSOPHI

3629 270 3741 335 436

481 399 513 435 a
555 380 803 451 principe
859 378 1070 434 lumine
1101 376 1433 432 collocatum
1486 376 1694 442 lumen)
1724 377 1933 442 dixisti,
1976 393 2045 433 an

2164 381 2417 454 δειμένον.
2446 387 2670 454 ἀπορεῖν
2717 385 2873 453 ἔφης,
2906 382 2993 437 οἷα
3042 385 3107 454 δή
3156 384 3356 452 νέφους
3393 383 3494 451 τῆς
3523 382 3742 437 ἐκεῖθεν

482 476 877 531 constitutione
902 473 1043 528 facta
1072 472 1369 526 monachos
1421 470 1733 525 istiusmodi
1778 471 2047 525 bonorum

483 567 738 622 dominos
777 565 1056 635 designari
1100 569 1401 633 oporteret,
1460 578 1528 616 an
1586 578 1719 616 vero
1776 562 1926 631 ipsos
1982 560 2051 615 ab

485 658 703 711 illorum
729 655 975 710 dominio
1023 654 1194 707 arceri
1220 653 1571 707 conveniret:
1600 653 1859 707 nimirum
1902 651 2049 722 quod

487 758 750 816 tanquam
808 747 1005 810 nubes,
1062 760 1184 813 qua:
1241 746 1401 799 istinc
1436 746 1766 814 ambiguitas
1811 745 2050 809 exsistit,

484 840 717 894 rationis
748 839 952 898 radios.
982 853 1091 905 quo
1123 853 1307 891 minus
1341 837 1630 906 perspicue
1676 851 1740 890 ea
1777 851 1864 890 res
1903 836 2051 904 diju-

483 928 655 982 dicari
690 928 884 997 possit,
913 926 1110 982 subeat
1129 934 1185 980 et
1204 926 1432 980 oﬂ'uscet
1454 943 1469 980 :
1492 926 1753 995 quoniam
1780 925 2053 995 (inquam)

484 1019 554 1074 de
619 1020 723 1073 hoc
761 1019 1079 1073 dubitantes
1119 1019 1289 1073 variis
1336 1032 1438 1072 nos
1470 1017 1934 1087 postulationibus
1987 1016 2054 1069 ad

489 1104 655 1172 hujus
682 1104 757 1157 rei
787 1103 1295 1159 considerationem
1360 1118 1467 1157 una
1533 1104 1812 1158 vobiscum
1879 1103 2052 1158 susci-

488 1195 741 1263 piendam
778 1195 978 1249 hortati
1013 1196 1183 1250 estis:
1226 1211 1350 1259 nos,
1386 1204 1444 1249 ut
1474 1196 1527 1249 in
1578 1196 1722 1260 aliis,
1781 1195 1853 1248 ita
1882 1204 1934 1247 et
1968 1193 2056 1246 hic

491 1286 889 1341 sacerdotalem
915 1298 1061 1339 tuam
1097 1286 1426 1354 dignitatem
1482 1294 1826 1349 venerantes,
1870 1284 1936 1338 ad
1964 1299 2056 1339 sa-

491 1376 859 1430 tisfactionem
929 1376 1214 1444 petitionis
1275 1386 1379 1431 tuae
1413 1377 1778 1447 accingimur.
1842 1376 1920 1428 Ac
1965 1375 2056 1428 illa

490 1466 708 1533 quidem
740 1466 972 1534 primum
1002 1480 1032 1518 a
1064 1466 1224 1519 nobis
1256 1467 1536 1529 dicantur,
1587 1482 1709 1536 qua
1769 1482 1800 1521 a
1852 1466 2060 1520 veteri-

492 1558 595 1610 bus
614 1555 726 1624 (57)
751 1556 940 1610 deillis
965 1556 1055 1625 qui
1088 1571 1146 1610 se
1166 1556 1276 1625 jam
1297 1558 1349 1610 in
1377 1557 1736 1612 monasticam
1763 1555 2059 1626 rempubli-

492 1660 611 1699 cam
652 1645 762 1714 (58)
827 1647 1028 1700 ascribi
1073 1647 1285 1712 volunt,
1338 1648 1642 1702 constituta
1685 1658 1814 1703 sunt
1866 1666 1880 1701 :
1950 1649 2057 1703 illis

493 1751 687 1805 nempe
718 1735 786 1790 de
818 1737 983 1791 rebus
1038 1739 1153 1792 suis
1218 1740 1373 1806 prius
1439 1739 1748 1793 testandum
1809 1754 1951 1803 esse,
1998 1722 2133 1794 acB

493 1828 694 1883 deinde
727 1827 792 1881 ad
832 1829 1187 1897 concupitum
1227 1832 1349 1883 vita:
1400 1830 1713 1883 institutum
1757 1831 2060 1899 proceden-

494 1916 646 1980 dum,
677 1932 777 1971 nec
796 1918 1212 1987 dispositionem
1259 1934 1441 1971 rerum
1471 1934 1697 1973 suarum
1726 1920 1852 1973 vitae
1882 1931 2062 1974 muta-

496 2009 643 2061 tione
670 2006 1102 2077 anticipandam.
1143 2005 1273 2059 Nam
1311 2007 1355 2061 si
1393 2007 1497 2061 hoe
1542 2008 1614 2060 ita
1654 2008 1906 2062 evenisse
1931 2023 2063 2061 con-

496 2102 626 2157 stet,
656 2111 762 2149 non
796 2097 1034 2165 amplius
1084 2096 1219 2164 ipsis
1264 2095 1378 2165 jam
1434 2098 1636 2160 tonsis,
1677 2108 1735 2152 ut
1779 2097 1848 2151 de
1901 2099 2064 2152 rebus

493 2185 614 2242 suis
644 2187 942 2256 quidquam
974 2195 1221 2241 statuant
1267 2188 1689 2256 permittendum
1748 2203 1908 2244 esse:
1945 2204 2064 2242 om-

494 2293 730 2346 nemque
755 2278 1146 2343 substantiam,
1170 2278 1219 2330 iu
1252 2294 1358 2343 qua
1389 2280 1620 2334 ecclesia
1642 2280 1786 2336 tonsi
1805 2290 1953 2345 sunt,
1986 2280 2064 2334 illi

490 2383 797 2424 eessuram.
835 2368 989 2435 Quod
1013 2385 1144 2424 sane
1177 2369 1335 2424 deiis
1366 2371 1459 2439 qui
1494 2372 1657 2423 vitam
1708 2372 2064 2425 monasticam

489 2460 602 2528 jam
642 2459 954 2521 subierunt,
982 2460 1268 2513 decretum
1296 2460 1472 2529 (extra
1496 2476 1662 2530 quam
1694 2464 1739 2516 si
1774 2462 1930 2517 liberi
1973 2464 2064 2532 qui

496 2551 867 2605 hereditatem
902 2557 1113 2619 petant,
1147 2550 1447 2617 supersint)
1491 2559 1546 2603 et
1588 2552 1879 2620 optimum,
1902 2561 1957 2608 et
1993 2554 2068 2607 ita

496 2648 551 2692 nt
580 2653 742 2693 nemo
769 2639 948 2708 possit
973 2639 1193 2701 melius,
1224 2642 1586 2695 constitutum
1632 2650 1752 2697 est:
1815 2651 1928 2697 tum
1969 2659 2069 2699 nec

494 2728 621 2782 addi
667 2742 770 2782 nec
804 2727 970 2782 adimi
1011 2728 1087 2782 illi
1140 2730 1436 2800 quidquam
1486 2742 1671 2800 queat.
1728 2732 1935 2788 Etenim
1972 2735 2066 2803 qui

494 2828 624 2872 ante
657 2826 918 2873 mutatam
947 2819 1073 2873 vita:
1098 2822 1389 2886 rationem,
1422 2838 1546 2876 cum
1580 2824 1848 2878 bonorum
1885 2825 2072 2896 dispo-

495 2907 751 2961 sitionem
786 2908 840 2960 in
909 2907 1142 2961 arbitrio
1182 2925 1283 2962 suo
1324 2912 1561 2980 positam
1600 2912 1847 2977 haberet,
1891 2914 1958 2968 de
2004 2915 2071 2970 iis

494 3005 736 3052 statuere
759 2998 1019 3064 noluerit,
1060 3001 1256 3054 merito
1282 3003 1630 3069 postmodum
1657 3004 1709 3057 id
1737 3003 1919 3059 facere
1942 3020 2065 3074 pro-
2093 3039 2135 3096 ο

497 3089 734 3152 hibetur,
769 3099 826 3142 ut
847 3088 941 3158 qui
977 3103 1036 3143 se
1073 3090 1189 3159 ipse
1219 3091 1272 3144 in
1301 3092 1399 3146 has
1429 3094 1714 3163 angustias
1743 3095 2062 3163 conjecerit.

493 3178 790 3249 Propterea
824 3181 970 3236 enim
999 3182 1143 3251 quod
1172 3199 1294 3237 cum
1352 3184 1561 3239 licitum
1606 3186 1710 3255 ipsi
1736 3196 1885 3242 esset
1928 3204 2069 3259 pra:-

493 3276 785 3344 disponere
808 3292 895 3331 res
920 3292 1050 3331 suas
1075 3284 1403 3332 testamento
1425 3280 1687 3345 noluerit,
1720 3280 1843 3348 ejus
1871 3292 2063 3351 postea

499 3367 731 3421 l'ariendi
769 3368 1395 3440 l'acultatem,tanquam
1445 3372 1515 3427 ab
1548 3372 1668 3442 ipso
1728 3373 2066 3438 damnatam,

494 3456 597 3510 sibi
625 3457 829 3521 adimi,
887 3458 938 3511 id
984 3475 1115 3513 vero
1162 3461 1287 3528 jure
1338 3462 1496 3530 longe
1547 3464 1758 3532 optimo
1806 3465 2065 3517 sustinet.

492 3547 835 3617 Czeteroqnin
867 3552 1050 3613 etiam,
1090 3553 1360 3620 quomodo
1395 3569 1501 3606 non
1549 3553 1846 3607 absurdum
1883 3554 2067 3618 fuerit,

495 3638 540 3691 si
570 3639 663 3703 qui
690 3655 749 3694 se
797 3640 865 3694 ab
918 3640 1084 3706 hujus
1135 3642 1256 3695 vita:
1287 3642 1436 3698 curis
1473 3643 1799 3709 sejunxerit,
1852 3645 2065 3697 illarum

494 3730 673 3783 adhuc
711 3746 852 3785 onus
888 3731 1135 3795 sull‘erat,
1197 3734 1434 3802 indeque
1478 3749 1836 3803 promanante
1897 3738 2067 3790 mole—

495 3817 598 3870 stia
643 3819 955 3884 prematur?
981 3817 1206 3871 Liberos
1231 3822 1422 3887 igitur,
1454 3822 1548 3888 qui
1586 3822 1638 3874 in
1667 3824 2063 3877 monachorum

497 3923 783 3961 numerum
860 3912 1136 3977 ascriptus
1208 3919 1293 3964 est
1376 3911 1861 3980 (quemadmodum
1929 3915 2067 3983 dixi)

495 3995 715 4063 quando
748 4012 855 4048 non
894 3997 1077 4056 habet,
1108 4013 1213 4050 non
1246 3996 1495 4066 profecto
1530 4000 1633 4053 hoc
1656 4000 1937 4056 decretum
1969 4004 2066 4055 de-

495 4091 650 4137 creto
681 4083 836 4136 alteri
869 4084 1052 4140 cedat.
1092 4084 1160 4137 At
1188 4086 1232 4139 si
1273 4086 1426 4140 liberi
1464 4089 1739 4156 supersint
1767 4091 1897 4158 (non
1918 4091 2063 4143 enim

497 4179 629 4224 tunc
666 4171 790 4226 illos
819 4180 1043 4243 propter
1068 4175 1313 4243 parentis
1345 4176 1625 4229 silentium
1673 4177 1874 4231 damno
1924 4180 2063 4235 allici

2154 474 2484 542 ἀμφιϐολίας
2515 475 2921 544 ὑποτρεχούσης
2951 475 3049 537 τὴν
3083 476 3279 529 ἀκτῖνα
3322 469 3421 524 τοῦ
3465 471 3739 542 λογισμοῦ

2155 564 2293 635 πρὸς
2324 566 2387 619 τὸ
2412 566 2615 637 τρανὴν
2639 566 2875 635 ἐκφῆναι
2913 564 3212 635 διάκρισιν,
3246 564 3357 616 εἴτε
3409 562 3592 631 δεήσοι
3638 565 3743 633 τῆς

2152 658 2407 728 τοιαύτης
2459 658 2773 728 περιουσίας
2831 657 3053 727 κυρίους
3090 652 3232 709 εἶναι
3280 654 3408 717 τοὺς
3466 655 3744 722 μοναστάς

2154 748 2425 801 ποιεῖσθαι
2459 748 2701 814 διάταξιν
2723 786 2738 811 ,
2774 749 2884 801 εἴτε
2918 745 3153 799 κωλύειν
3198 743 3348 807 ἄξιον
3398 742 3597 805 αὐτοὺς
3638 743 3742 812 τῆς

2154 837 2241 890 ἐπ’
2270 837 2406 907 αὐτῇ
2456 837 2807 907 κυριότητος·
2860 835 2984 888 ἐπεὶ
3015 830 3111 887 οὖν
3139 832 3271 901 περ)¹
3303 829 3465 883 τοῦτο
3480 830 3526 862 ’³
3568 833 3745 900 ἀμφι-

2156 928 2442 991 ϐάλλοντες
2476 927 2755 998 διαφόροις
2791 927 2935 996 ἡμᾶς
2973 924 3288 993 ἐξαιτήσεσι
3318 923 3459 991 πρὸς
3486 921 3586 991 τὴν
3618 920 3745 973 ἐπί-

2158 1023 2349 1090 σκεψιν
2371 1020 2894 1089 συναντιλαμϐάνειν
2925 1015 3364 1089 προύτρέψασθε,
3378 1014 3648 1084 τιμῶντες
3663 1013 3745 1074 ὡς

2156 1115 2215 1164 ἐν
2246 1115 2357 1175 τοῖς
2395 1112 2573 1175 ἄλλοις
2619 1111 2762 1164 οὓτω
2807 1108 3085 1164 κάνταῦθα
3134 1108 3232 1178 τὴν
3278 1106 3432 1174 ὑμῶν
3459 1105 3743 1173 ίερότηταν

2158 1201 2295 1271 πρὸς
2336 1200 2436 1267 τὴν
2487 1199 2834 1270 ἐκπλήρωσιν
2879 1193 3261 1264 καθιστάμεθα
3291 1191 3386 1245 τοῦ
3416 1190 3743 1259 αἰτήματος.

2170 1290 2383 1343 Ἐκεῖνα
2411 1288 2467 1339 δὲ
2496 1288 2707 1355 πρῶτον
2735 1286 2975 1358 είρήσθω
2998 1287 3152 1354 ἡμῖν,
3180 1284 3281 1337 ὅσα
3308 1298 3374 1351 γε
3416 1281 3533 1341 τοῖς
3565 1277 3743 1332 πάλαι

2158 1378 2501 1449 διώρισται⁹⁸
2533 1377 2659 1445 περὶ
2705 1376 2816 1429 τῶν
2857 1376 2984 1446 ἄρτι
3036 1372 3406 1444 βουληθέντων
3456 1368 3595 1439 πρὸς
3641 1366 3748 1434 τὴν

2162 1470 2371 1537 μονήρη
2404 1464 2805 1535 μετατάξασθαι
2844 1462 3122 1516 πολιτείαν
3166 1463 3183 1530 (
3209 1461 3354 1529 φημὶ
3384 1457 3451 1528 δὴ
3483 1457 3616 1527 περὶ
3643 1453 3747 1507 τοῦ

2160 1555 2426 1625 πρότερον
2481 1554 2679 1614 αὐτοὺς
2713 1553 2783 1605 τὰ
2813 1553 2990 1605 οίκεῖα
3036 1551 3338 1619 πράγματα
3379 1544 3743 1606 διατίθεσθαι,

2161 1644 2304 1697 οὕτω
2347 1661 2406 1696 τε
2456 1643 2592 1713 πρὸς
2639 1643 2738 1711 τὴν
2784 1640 3229 1710 ἐπιθυμουμένην
3273 1637 3557 1708 προσιέναι
3584 1634 3746 1687 πολι-

2165 1736 2336 1798 τείαν,
2363 1735 2499 1789 ἀλλὰ
2529 1735 2603 1806 μὴ
2633 1734 3038 1804 προλαμϐάνειν
3063 1733 3162 1803 τὴν
3184 1729 3488 1801 μεταϐολὴν
3506 1727 3600 1780 τοῦ
3623 1726 3749 1796 βίου

2163 1828 2260 1895 τὴν
2290 1825 2420 1894 περὶ
2464 1824 2571 1877 τῶν
2618 1823 2962 1894 πραγμάτων
3008 1820 3275 1885 διάταξιν,
3299 1818 3375 1882 ὡς
3408 1818 3463 1869 εῐ
3485 1833 3550 1884 γε
3582 1814 3748 1868 τούτο

2163 1917 2305 1969 οὕτω
2345 1916 2639 1986 συμϐαῖνον
2669 1915 2886 1985 ὀφθείη,
2915 1913 3102 1967 οὐκέτι
3134 1908 3597 1979 ἀποκειραμένοις
3647 1906 3746 1960 αύ-

2164 2010 2276 2071 τοῖς
2308 2008 2742 2078 ἐπιτραπήσεται
2785 2008 2819 2077 ή
2856 2003 3121 2069 διάταξις,
3149 2001 3285 2056 ἀλλά
3314 1999 3557 2072 χωρήσει
3588 1998 3747 2052 πᾶσα

2165 2101 2199 2167 ή
2235 2096 2466 2166 ὕπαρξις
2512 2098 2590 2159 είς
2638 2096 2736 2167 τὴν
2781 2098 2838 2149 ἐν
2885 2089 2920 2169 ᾖ
2969 2094 3335 2162 ἀπεκείραντο
3384 2087 3747 2161 ἐκκλησίαν),

2163 2190 2337 2243 ταῦτα
2363 2191 2426 2259 δή
2459 2189 2527 2241 τὰ
2557 2190 2681 2259 περὶ
2714 2186 2821 2240 τῶν
2850 2187 2975 2256 ἄρτι
3006 2184 3342 2254 προσιόντων
3362 2180 3441 2253 τῷ
3466 2178 3746 2251 μοναδικῷ

2170 2285 2268 2356 βίῳ
2300 2283 2632 2356 διωρισμένα
2662 2282 2739 2353 (εί
2787 2282 2861 2351 μὴ
2894 2280 3079 2342 παῖδες
3108 2277 3330 2348 πάρεισι
3354 2273 3454 2346 τήν
3484 2274 3747 2343 κληρονοο

2172 2376 2300 2445 μίαν
2332 2373 2621 2434 καλοῦντες
2646 2376 2663 2441 )
2711 2370 2908 2442 ἄριστά
2935 2387 2995 2422 τε
3024 2368 3120 2422 καὶ
3146 2368 3221 2431 ὡς
3244 2367 3343 2420 οὐκ
3388 2365 3453 2418 ἄν
3493 2380 3577 2427 τις
3606 2361 3743 2432 φαίη

2168 2465 2389 2535 ἄμεινον
2417 2463 2786 2524 διατέτακται,
2816 2461 2912 2514 καὶ
2940 2458 3064 2513 οὔτε
3092 2475 3147 2510 τι
3182 2455 3499 2528 προσθεῖναι
3530 2453 3747 2514 τούτοις

2168 2553 2278 2607 οὔτ’
2308 2554 2526 2621 ἀφελεῖν
2574 2553 2668 2607 ἀπ’
2707 2551 2887 2604 αὐτῶν
2944 2551 3111 2604 ἐστιν.
3142 2548 3254 2602 Καὶ
3280 2545 3391 2617 γάρ
3440 2546 3470 2598 ὁ
3516 2543 3622 2614 πρὸ
3644 2541 3747 2595 τοῦ

2168 2644 2450 2713 διαμεῖψαι
2480 2644 2579 2715 τήν
2606 2642 2882 2696 πολιτείαν
2913 2642 2971 2695 ἐν
3006 2642 3072 2711 τῇ
3100 2638 3308 2692 ἐκείνου
3332 2636 3527 2707 γνώμῃ
3552 2634 3745 2703 κειμέ-

2171 2751 2270 2805 νην
2300 2733 2437 2803 έχων
2461 2735 2558 2802 τὴν
2606 2733 2715 2785 τῶν
2757 2730 3110 2801 ὑπαρχόντων
3136 2729 3422 2797 διοίκησιν,
3464 2724 3625 2779 τοῦτο
3666 2724 3743 2794 μὴ

2175 2823 2454 2895 βουληθεὶς
2475 2820 2894 2892 διαπράξασθαι,
2924 2819 3150 2881 εἰκότως
3183 2817 3320 2888 μετὰ
3344 2814 3517 2869 ταῦτα
3547 2813 3748 2884 ἀπείρ-

2174 2931 2328 2983 γεται
2362 2913 2459 2980 τῆς
2501 2911 2821 2981 ἐπιτροπῆς,
2857 2909 3018 2970 αὐτὸς
3049 2907 3241 2961 ἐαυτὸν
3264 2907 3344 2969 εἰς
3374 2904 3531 2958 τοῦτο
3578 2920 3748 2957 κατα-

2178 3002 2413 3073 στήσας’
2457 2993 2619 3052 δι’ὦν
2650 3001 2757 3068 γὰρ
2795 2999 2895 3052 οὐκ
2944 2997 3209 3069 ἐϐουλήθη
3260 2995 3379 3061 ἐξδν
3430 2993 3577 3064 αύτῷ
3610 3009 3743 3063 προ-

2167 3091 2495 3162 διῳκηκέναι
2537 3091 2605 3145 τά
2642 3090 2979 3159 πράγματα,
3030 3089 3129 3158 τὴν
3162 3088 3299 3159 μετά
3327 3087 3499 3140 ταῦτα
3530 3086 3629 3156 τῆς
3659 3085 3747 3148 ἐξ·

2166 3181 2353 3244 ουσίας
2379 3181 2670 3251 ἀφαίρεσιν
2706 3179 2772 3232 δι’
2798 3178 2990 3233 ἑαυτοῦ
3027 3175 3545 3247 καταψηφιζομένην
3591 3174 3746 3226 εὐλό-

2167 3291 2280 3342 γως
2313 3272 2711 3343 φέρει.”Λλλως
2752 3288 2813 3325 τε
2862 3270 2918 3323 δέ
2965 3271 3059 3324 καὶ
3104 3269 3221 3333 πῶς
3268 3269 3369 3321 οὐκ
3402 3267 3625 3327 ἄτοπον,
3652 3265 3750 3318 τὸν

2168 3361 2579 3430 ἀποταξάμενον
2627 3362 2746 3422 ταῖς
2785 3360 2879 3412 τοῦ
2929 3360 3044 3429 βίον
3077 3359 3356 3430 φροντίσιν
3402 3356 3482 3410 ἔτι
3533 3356 3593 3409 τὸ
3635 3354 3748 3407 τῶν

2168 3451 2462 3522 φροντίδων
2506 3450 2692 3521 φέρειν
2725 3450 2943 3520 φορτίον
2972 3452 3065 3503 καὶ
3095 3450 3175 3520 τῷ
3204 3448 3412 3502 ἐκεῖθεν
3440 3448 3597 3518 βάρει
3626 3446 3749 3499 πιέ-

2169 3542 2393 3608 ζεσθαις
2429 3542 2689 3605 Ἀπαιδος
2742 3543 2840 3612 μὲν
2885 3538 3000 3604 οὖν,
3024 3540 3214 3612 ὥσπερ
3260 3523 3427 3610 ἐφην,
3463 3538 3616 3601 ὄντος
3650 3537 3749 3591 τοῦ

2170 3634 2306 3706 πρὸς
2338 3634 2607 3704 μοναχοὺς
2641 3632 3107 3703 μεταταξαμένου,
3130 3631 3270 3702 αὕτη
3293 3634 3327 3702 ή
3354 3631 3534 3702 ψῆφος
3555 3630 3659 3684 οὐκ
3680 3630 3751 3683 ἂν

2171 3725 2474 3793 ύπεκσταίη
2499 3723 2667 3794 ψήφῳ
2700 3724 2890 3794 ἐτέρᾳο
2925 3725 2972 3776 εί
3016 3724 3071 3777 δέ
3108 3723 3326 3794 πάρεισι
3359 3722 3545 3784 παῖδες
3585 3722 3749 3793 (τότε

2170 3817 2277 3887 γάρ
2315 3816 2414 3885 οὐχ
2444 3816 2590 3869 ὅσιον
2638 3814 2867 3885 ζημιοῦν
2895 3815 3138 3879 ἐκείνους
3179 3816 3268 3869 διὰ
3295 3815 3393 3886 τὴν
3421 3813 3515 3867 τοῦ
3544 3814 3750 3883 γονέως

2171 3908 2372 3977 σιγήν),
2403 3909 2462 3959 οὐ
2495 3905 2726 3959 κωλύσει
2756 3906 3037 3969 παντελῶς
3063 3907 3163 3977 τὴν
3204 3906 3446 3970 διάταξιν
3485 3906 3545 3958 τὸ
3576 3923 3747 3975 μονα-

2167 3998 2314 4051 δικὺν
2365 4000 2583 4067 σχῆμα,
2621 3999 2755 4051 ἀλλᾶ
2788 3998 2964 4069 δῆλον,
2995 3999 3071 4062 ὡς
3122 3998 3431 4063 διατάξεται
3481 3998 3581 4069 μέν
3617 4000 3748 4069 περὶ

2168 4089 2277 4142 τῶν
2324 4089 2528 4159 μερῶν,
2560 4089 2594 4143 ἃ
2623 4093 2734 4152 τοῖς
2776 4090 2964 4144 παισὶν
3000 4090 3087 4161 ἴση
3136 4092 3231 4143 καὶ
3265 4090 3480 4161 νομίμῳ
3511 4090 3744 4160 διανομῇ

2170 4180 2713 4251 ύποκληρωθήσεται,
2746 4181 2839 4234 τοῦ
2890 4181 2945 4233 δὲ
2983 4181 3180 4252 μέρους
3218 4179 3312 4232 τοῦ
3357 4180 3493 4249 πρὸς
3539 4181 3745 4232 ἐκεῖνον

496 4261 580 4316 fas
614 4268 809 4329 esset),
873 4280 981 4318 non
1024 4267 1250 4319 omnino
1303 4267 1614 4321 testanwnti
1657 4268 2062 4327 ordinationem

2167 4271 2398 4342 ὁρῶντος
2424 4273 2789 4340 ἀποστήσεται
2819 4272 2851 4342 ή
2879 4270 3122 4338 διάταξις
3146 4308 3163 4334 ,
3198 4269 3273 4331 ὡς
3302 4269 3615 4337 ὁλοκλήρως
3647 4270 3745 4320 αύ-

496 4356 852 4411 monachicus
901 4357 1120 4414 habitus
1180 4358 1495 4429 impediat:
1556 4361 1652 4415 sed
1709 4362 2059 4419 manifestum

2168 4361 2262 4416 τοῦ
2295 4362 2372 4432 τῷ
2402 4363 2747 4434 μοναστηρίῳ
2772 4363 3086 4432 ἀνήκοντος.
3104 4361 3266 4414 Ἀλλά
3310 4361 3406 4413 καὶ
3439 4362 3488 4412 εί
3516 4358 3745 4420 θάνατος

493 4448 743 4518 estquod
780 4450 893 4519 (59)
930 4450 999 4505 de
1030 4450 1324 4505 liberorum
1360 4452 1703 4520 portionibus
1739 4454 1929 4508 testari
1965 4472 2064 4527 po-

2169 4447 2279 4525 (οῘα
2310 4453 2477 4506 πολλά
2510 4453 2579 4507 τὰ
2606 4452 2941 4525 ἀνθρώπινα)
2969 4452 3235 4522 σύντομος
3261 4449 3488 4512 ἐπιστὰς
3515 4451 3615 4519 τὴν
3636 4450 3745 4501 τῶν

496 4540 644 4603 terit,
677 4555 799 4607 qua:
830 4541 940 4594 illis
972 4541 1227 4610 aequabili
1276 4543 1626 4613 legitimaque
1675 4542 1953 4601 divisione
1983 4558 2064 4602 at-

2170 4546 2510 4617 πραγμάτων
2559 4545 2918 4617 μεσολαϐήσει
2963 4544 3244 4614 διανομήν,
3272 4542 3383 4596 οὐδ’
3411 4540 3584 4605 οὕτως
3607 4558 3746 4593 πανν

496 4627 831 4684 tribuentur.
876 4630 1008 4696 Quae
1036 4647 1163 4685 vero
1219 4646 1347 4701 pars
1376 4634 1441 4686 ad
1488 4633 1664 4703 ipsum
1716 4637 1963 4705 respicit,
2011 4638 2064 4693 in

2166 4637 2336 4699 τελῶς
2367 4636 2809 4707 ἀπαρρησίαστος
2844 4638 2878 4708 ή
2906 4635 3015 4689 τῶν
3047 4636 3393 4708 πραγμάτων
3428 4638 3540 4698 τοῖς
3585 4638 3748 4690 παισὶ

495 4731 561 4769 ea
592 4718 901 4772 testamenti
935 4717 1100 4774 factio
1152 4719 1406 4776 deﬁciat:
1452 4722 1653 4791 quippe
1686 4737 1807 4790 qua:
1856 4724 2064 4797 integra

2173 4729 2440 4800 βοηθοῦσα
2471 4730 2759 4798 διοίκησις,
2784 4729 2920 4783 ἀλλά
2950 4730 3089 4782 κατά
3116 4728 3207 4782 τὸν
3232 4727 3521 4799 εἰρημένον
3542 4727 3747 4797 τρόπον

496 4802 563 4860 ad
593 4809 985 4864 monasterium
1022 4812 1311 4880 pertineat.
1345 4811 1615 4866 Ca:terum
1646 4814 1691 4867 si
1723 4831 1871 4871 mors
1891 4819 2059 4873 etiam

2171 4822 2242 4877 τά
2264 4821 2472 4884 τούτοις
2514 4822 2860 4891 προσήκοντα
2894 4820 3108 4891 νομίμῳ
3150 4820 3343 4889 δικαίῳ
3377 4818 3742 4889 ἀφορισθήσεο

498 4897 582 4966 (ut
613 4900 768 4951 multi
816 4911 945 4956 sunt
990 4919 1175 4957 rerum
1230 4902 1594 4957 humanarum
1654 4909 1838 4975 casus)
1881 4909 2064 4966 subito

2173 4932 2281 4980 ται,
2331 4912 2391 4965 τὸ
2438 4912 2482 4965 δ’
2527 4913 2802 4964 ἐπίλοιπον
2847 4914 2946 4982 τῆς
2995 4911 3279 4982 ὑπάρξεως
3326 4910 3663 4964 οἰκειώσεται
3710 4913 3744 4981 ή

499 4988 893 5057 superveniens
971 5009 1156 5048 rerum
1210 4994 1659 5071 distributionem
1730 4996 2063 5069 intercipiat,

2177 5006 2336 5077 μονή.
2356 5005 2515 5059 Ἀλλὰ
2541 5005 2649 5074 γὰρ
2671 5005 2842 5057 ταῦτα
2862 5004 3107 5075 περὶτῆς
3130 5004 3234 5072 πρὸ
3256 5003 3348 5056 τοῦ
3375 5002 3597 5073 μονάδος
3625 5002 3743 5073 βίον

500 5094 677 5151 neque
726 5090 856 5137 tunc
906 5084 1126 5155 quidem
1174 5100 1297 5157 qua:
1358 5083 1544 5139 liberis
1605 5097 1894 5141 succurrat
1948 5091 2064 5149 dis-

2172 5097 2251 5168 τῴ
2271 5095 2541 5167 ἀνθρώπῳ
2568 5094 2872 5166 προσούσης
2900 5095 3237 5166 περιουσίας.
3256 5094 3369 5162 Ἐφ’
3387 5085 3431 5160 ᾧ
3455 5092 3510 5147 δὲ
3537 5093 3569 5161 ἡ
3590 5093 3619 5146 ὐ
3627 5093 3745 5161 μῶν

1795 5252 2024 5312 VARle
2059 5256 2457 5314 LECTIONES.

562 5363 608 5394 "
644 5363 875 5435 Scrimg.
932 5366 1142 5422 τούτου.
1223 5368 1586 5426 “Justiniani
1614 5372 1749 5429 Nov.
1798 5374 1920 5439 125,
1972 5390 2025 5431 e.
2056 5376 2147 5431 58.

2016 5484 2247 5542 NOTA‘J.

572 5564 841 5645 (mpure
867 5567 1035 5645 veteri
1077 5570 1327 5645 mo_n_aeh_i
1359 5572 1545 5645 testari
1603 5589 1711 5628 non
1766 5584 2039 5644 poterant.
2244 5577 2334 5645 58)

572 5578 841 5627 (sumre
867 5578 1035 5623 veteri
1077 5578 1327 5623 monachi
1359 5578 1545 5625 testari
1603 5589 1711 5628 non
1766 5584 2039 5644 poterant.
2244 5578 2334 5645 58)
2390 5578 2481 5647 Τῷ
2513 5581 2830 5652 μοναστικῷ
2877 5582 2999 5653 βίῳ.

501 5633 633 5689 Nov.
660 5636 714 5700 5,
748 5651 871 5706 cap.
906 5636 958 5689 5.
990 5634 1127 5691 Nov.
1158 5640 1244 5691 76.
1276 5638 1409 5693 Nov.
1438 5641 1536 5695 125
1560 5684 1575 5709 ,
1616 5659 1734 5715 cap.
1775 5647 1863 5699 58.
2244 5647 2357 5715 (59)
2388 5647 2509 5702 Vid.
2535 5647 2670 5705 Nov.
2702 5650 2792 5715 76,
2829 5652 2880 5706 in
2915 5655 2999 5708 lin.

2244 5647 2357 5741 (59)
2388 5647 2670 5705 νὶιΙζΝον.
2702 5647 3007 5717 76,'in'1in.
3044 5651 3177 5708 Nov.
3210 5652 3331 5719 125,
3361 5668 3481 5722 cap.
3509 5651 3597 5707 58.
