4088 6208
404 303 509 369 ‘39
1656 288 1930 351 LEONIS
1956 279 2412 345 PHILOSOPHI
3544 268 3646 330 ιω

408 434 596 477 curam
627 414 805 472 sortiti
832 420 959 469 sunt
979 410 1234 466 ecclesiis
1252 411 1352 465 ista
1376 406 1620 462 indicare
1644 421 1658 459 :
1685 417 1796 473 quo
1824 399 1973 454 vide-

2101 391 2200 454 ςοὺς
2247 407 2307 443 τε
2358 385 2756 460 παραπλησίως
2787 387 2903 448 τοῖς
2935 384 3028 436 ὑπ’
3057 381 3301 447 ἐκείνους
3335 383 3658 449 ἐπισκόποις

412 514 538 568 licet
565 520 619 565 et
645 510 697 562 in
728 520 965 577 praesens
994 504 1125 560 etin
1166 502 1407 556 futurum
1466 499 1580 553 haec
1612 495 1680 550 ab
1717 492 1975 549 omnibus

2109 480 2399 551 μφανίσαι,
2430 477 2718 540 κάκείνους
2747 477 2869 537 ταῖς
2896 468 2971 528 ὧν
3002 474 3193 544 ἔλαχον
3225 474 3325 544 τὴν
3355 475 3660 547 ἐπιτροπὴν

412 613 531 658 ιιιιιι
560 605 993 671 cognoscantur,
1023 605 1134 650 tum
1161 595 1305 648 hunc
1333 591 1400 646 ad
1430 588 1649 645 modum
1685 587 1840 642 ﬁant.

903 846 1374 907 CONSTITUTIO
1402 847 1492 903 Vl.

421 948 489 1002 Ut
517 957 792 1015 utrumque
848 954 1046 1004 tempus
1082 951 1192 1015 tum
1220 941 1358 1015 quod
1388 950 1573 1015 sunch
1615 948 1765 1015 sexto
1788 938 1985 1015 consti-

490 1018 589 1070 lnil
626 1008 878 1083 synodus.
903 1024 1012 1083 tum
1043 1012 1180 1083 quod
1229 1012 1461 1063 decernit
1502 1009 1659 1083 diuus
1718 1008 1981 1083 Basilius,

486 1088 540 1139 in
571 1087 634 1138 iis
654 1077 748 1152 qui
769 1080 1008 1152 monachi
1037 1077 1153 1149 ﬁeri
1174 1090 1435 1152 statuunt,
1460 1078 1798 1152 observetur:
1823 1087 1870 1130 et
1894 1077 1984 1130 bo-

492 1148 679 1209 norum
737 1153 851 1221 ejus
900 1150 988 1221 qui
1038 1148 1332 1221 πέψιοάο
1383 1148 1679 1221 prastiluto
1759 1157 1986 1221 tempore

490 1216 774 1278 monachus
797 1222 876 1289 ﬁt.
911 1216 1183 1289 dispositio
1224 1218 1508 1272 secundum
1527 1216 1726 1271 editam
1759 1233 1792 1269 a
1822 1216 1972 1269 nobis

487 1293 715 1363 formam
748 1287 1017 1361 procedat.

1113 1442 1302 1495 Aliter.

427 1536 494 1592 Ut
520 1534 761 1590 decennis
789 1530 1001 1602 (ΔΞ-60)
1044 1544 1173 1596 puer
1214 1531 1268 1581 in
1300 1525 1675 1580 monachorum
1707 1538 1982 1577 numerum

1034 1607 1358 1652 assumatur.

492 1696 639 1749 Idem
693 1694 993 1763 imperator
1049 1689 1326 1759 Stephano
1398 1685 1656 1740 sanctiss.
1707 1682 1984 1737 Constan-
2020 1716 2061 1771 Β

422 1787 597 1856 Iinop.
630 1782 1067 1852 archiepiscopo,
1099 1790 1152 1833 et
1180 1778 1505 1848 patriarcha:
1524 1774 1846 1829 universali.

492 1950 613 2015 Quo
647 1960 889 2019 tempore
938 1963 1034 2003 eos
1076 1946 1170 2017 qui
1199 1947 1560 2001 monasticam
1599 1945 1765 1998 vitam
1806 1944 1992 1998 subire

422 2039 759 2101 desiderant,
817 2052 875 2092 re
900 2038 1183 2105 concupita
1234 2036 1397 2107 potiri
1441 2043 1713 2104 Oporteat,
1778 2035 1831 2088 id
1863 2035 1991 2104 quia

426 2144 534 2182 non
585 2144 751 2181 unum
786 2136 952 2197 atque
984 2128 1147 2192 idem,
1180 2127 1271 2181 sed
1290 2127 1436 2180 aliud
1467 2135 1631 2196 atque
1664 2126 1807 2179 aliud
1830 2140 1861 2179 a
1902 2124 1994 2181 dio

428 2219 567 2272 vinis
625 2218 828 2272 nostris
870 2219 1115 2287 patribus
1167 2219 1467 2286 praestitum
1501 2219 1593 2281 sit,
1628 2226 1687 2271 ut
1737 2218 1802 2271 ad
1844 2217 1995 2273 hunc

424 2309 587 2361 etiam
643 2316 930 2362 tractatum
983 2308 1420 2373 dijudicandum,
1483 2318 1539 2363 et
1588 2325 1708 2379 qua:
1761 2310 1993 2363 subesse

425 2394 643 2448 videtur
662 2396 1105 2451 contrarietatem
1141 2397 1545 2453 conciliandam
1582 2412 1666 2453 me
1695 2412 1992 2468 compone-

427 2500 568 2552 rem,
588 2485 841 2541 eﬂ'ectum
873 2495 980 2544 est.

498 2576 687 2646 Itaque
698 2592 818 2647 qua:
834 2592 1061 2647 magnus
1075 2578 1165 2633 ille
1177 2593 1239 2632 ac
1252 2578 1607 2633 admirandus
1622 2578 1865 2633 decernit
1882 2578 1994 2649 (6i)

431 2666 667 2723 Basilius
731 2667 814 2737 (ut
845 2668 1097 2723 videlicet
1148 2669 1241 2738 qui
1304 2669 1683 2724 monachicum
1745 2669 1992 2724 hahitum

430 2753 699 2817 ambiunt,
723 2754 936 2808 decimo
956 2763 1113 2810 sexto
1138 2757 1375 2824 primum
1410 2764 1506 2811 aut
1524 2758 1735 2813 decimo
1761 2759 1997 2829 septimo

429 2845 608 2899 aetatis
647 2860 793 2900 anno
839 2846 984 2914 digni
1014 2847 1106 2900 illo
1139 2848 1486 2919 habeantur),
1539 2865 1772 2920 quaeque
1806 2859 1997 2906 sancta

429 2945 581 2991 sexta
611 2937 723 3006 (62)
759 2937 981 2991 mandat
1037 2937 1149 3006 (63)
1176 2939 1437 3009 synodus,
1478 2956 1623 2996 anno
1638 2941 1872 3009 decimo,
1904 2943 1997 3012 qui

2078 568 2414 638 ἐκκλησίαις,
2446 565 2585 619 ὥστε
2632 565 2727 619 καὶ
2760 562 2856 616 νῦν
2898 563 2991 616 καὶ
3018 565 3098 624 εἱς
3130 562 3222 615 τὸν
3252 564 3443 617 ἔπειτα
3470 567 3662 636 χρόνον

2080 660 2254 715 ταῦτα
2283 662 2377 715 καὶ
2408 654 2865 726 διαγινώσκεσθαι
2901 656 3036 709 πᾶσι
3073 655 3171 708 καὶ
3215 654 3389 720 οὕτως
3428 660 3664 729 πράττε..

2083 753 2229 807 σθαι.

2626 836 2939 892 ΑιΑΤΑΞιΣ
2978 838 3131 902 qm.

2084 932 2221 1001 Περὶ
2254 933 2360 987 τοῦ
2392 930 2799 1001 φυλάττεσθαι
2838 927 3124 1001 ἑκάτερον
3164 926 3274 1001 τὸνξ
3317 927 3551 1001 atumem
3566 928 3665 980 ἐπι

2154 996 2272 1055 τῶν
2320 996 2591 1062 μώάζειν
2617 997 3084 1066 ἐγνωκότων,νὸνι
3129 1014 3191 1049 τε
3225 996 3280 1066 νὴ
3337 996 3474 1066 ᾀγία
3522 998 3662 1062 ἕκτη

2154 1070 2415 1135 σύνοδος
2447 1065 2821 1138 ἐξεφώνησε.
2848 1073 2946 1138 κα]
2976 1065 3050 1138 ὃν
3089 1069 3122 1119 ὀ
3150 1065 3307 1138 θεῖος
3338 1065 3665 1138 ἀποθεσπί-

2155 1141 2232 1201 ζει
2260 1134 2592 1204 Βασῖλειοξ,
2617 1139 2733 1203 τὴν
2762 1136 2831 1189 δὲ
2870 1135 2986 1187 τῶν
3013 1136 3409 1204 ὑπαρχόντων
3432 1134 3659 1201 διοίκη-

2157 1225 2262 1263 σιν
2309 1209 2415 1279 τοῦ
2460 1203 2609 1279 κατὰ
2654 1206 2761 1259 τὸν
2792 1205 3025 1279 χρόνον.
3058 1203 3442 1279 μονᾲοςαζτος
3464 1244 3479 1268 ,
3517 1204 3590 1279 δὴ
3625 1206 3664 1269 ἠ

2162 1278 2422 1342 σύνοδος
2454 1277 2750 1342 ἐπέκρινε,
2793 1270 2941 1325 κατὰ
2966 1270 3072 1325 τὸν
3096 1274 3197 1342 ὑφ’
3225 1270 3394 1340 ἡμῶν
3418 1274 3666 1327 ἐκτεθει-

2151 1348 2338 1416 μένον
2370 1346 2565 1399 τύπον
2594 1342 3012 1411 προέρχεσθαι.

2742 1434 2998 1484 Ἄλλως.

2743 1450 2941 1484 Ἀνικω
2984 1469 2998 1483 .

2330 1523 2470 1592 Περὶ
2492 1522 2596 1576 τοῦ
2625 1518 2904 1590 μονάζειν
2941 1450 3193 1589 δεκαετῆ
3221 1520 3426 1577 παῖδα.

2155 1681 2213 1734 '0
2262 1680 2424 1742 αὐτὸς
2468 1678 2720 1748 βασιλεὺς
2765 1675 3021 1746 Στεφάνῳ
3057 1674 3135 1747 τῷ
3183 1676 3476 1748 ἁγιωτάτῳ
3514 1680 3668 1748 ἀρχι-

2089 1771 2373 1841 επισκόπῳ
2403 1766 3031 1829 Κωνσταντινουπόλεως
3063 1766 3158 1820 καὶ
3188 1768 3549 1840 οἱκουμενικῷ
3573 1787 3669 1822 πα·

2088 1863 2343 1933 τριάρχῃ.

2159 1953 2218 2006 '0
2241 1951 2447 2023 καιρὸς,
2478 1951 2601 2005 καθ’
2617 1950 2677 2003 ὃν
2700 1950 2783 2003 δεῖ
2807 1950 2933 2013 τοὺς
2967 1950 3045 2022 τῷ
3075 1949 3358 2014 μονάζοντι
3386 1951 3485 2021 βίῳ
3508 1969 3669 2024 προσ.

2095 2045 2229 2097 ιέναι
2278 2043 2600 2112 ἐφιεμένους
2647 2040 2936 2111 τυγχάνειν
2967 2042 3067 2111 τῆς
3096 2041 3394 2110 ἐπιθυμίας
3444 2043 3540 2113 οὐχ
3586 2039 3670 2107 εἷς

2092 2143 2187 2197 καὶ
2214 2145 2241 2196 ὀ
2265 2140 2447 2204 αὐτὸς,
2478 2138 2595 2191 ἀλλ’
2628 2136 2818 2206 ἐτερος
2851 2134 2945 2188 καὶ
2976 2134 3163 2205 ἐτερος
3183 2137 3294 2199 τοῖς
3327 2136 3491 2199 θείοις
3511 2136 3673 2206 ἡμῶν

2093 2232 2337 2302 Πατράσι
2372 2228 2748 2300 διωρισμένος,
2783 2226 2864 2288 εἰς
2896 2224 2958 2277 τδ
2978 2227 3073 2279 καὶ
3099 2227 3277 2298 τούτῳ
3298 2228 3573 2307 διαιτῆσαι
3593 2228 3671 2297 τῷ

2097 2321 2251 2390 μέρει
2283 2320 2376 2373 καὶ
2401 2317 2736 2386 συμδιὸάσαι
2767 2314 2867 2383 τὴν
2896 2312 3162 2371 δοκοῦσαν
3191 2316 3546 2387 ἐναντιότητα
3575 2334 3673 2370 κα-

2096 2411 2363 2480 ταστῆναι
2385 2407 2857 2480 παρεσκευάσατο.

2165 2582 2523 2653 Τοιγαροῦν³⁰
2564 2580 2662 2635 σύν
2694 2597 2753 2634 τε
2781 2580 2861 2651 τῷ
2884 2576 3178 2648 ἁγιωτάτῳ
3224 2576 3538 2647 πατριάρχῃ
3573 2574 3673 2628 καί⁵

2096 2677 2207 2738 τοῖς
2230 2673 2665 2741 θεοφιλεστάτοις
2704 2670 3133 2741 μητροπολίταις
3164 2667 3200 2722 ἆ
3225 2684 3285 2721 τε
3321 2668 3493 2736 μέγας
3525 2666 3620 2719 καὶ
3648 2667 3679 2717 ὁ

2098 2764 2406 2834 θαυμαστὸς
2431 2762 2784 2825 ἀποθεσπίζει
2809 2760 3146 2823 Βασίλειος⁸¹,
3171 2759 3335 2829 (φημὶ
3355 2758 3420 2816 δὴ
3448 2758 3593 2811 κατὰ
3615 2758 3680 2810 τὸ

2104 2856 2494 2910 ἑκκαιδέκατον
2522 2855 2622 2924 τῆς
2650 2854 2869 2924 ἡλικίας
2915 2853 3032 2915 ἔτος
3060 2853 3093 2923 ἢ
3122 2852 3184 2904 τὸ
3214 2850 3678 2904 ἑπτακαιδέκατον

2101 2946 2382 3014 ἀξιοῦσθαι
2403 2946 2496 2999 τοῦ
2525 2946 2789 3015 μονήρους
2814 2945 3090 3013 σχήματος
3113 2943 3238 3004 τοὺς
3263 2940 3678 3008 ἀσπαζομένους

429 3027 736 3082 istiusmodi
756 3032 923 3083 vitam
947 3039 1313 3098 capesserent.
1332 3033 1708 3102 suscipiendos
1738 3050 1859 3090 esse
1888 3050 2002 3089 mo-

2105 3039 2279 3104 αὐτὸ),
2310 3038 2405 3091 καὶ
2452 3036 2596 3105 άπερ
2645 3037 2679 3106 ἡ
2730 3035 2859 3103 ἁγία
2891 3034 3024 3104 ἐκτη
3057 3031 3359 3085 ἐντέλλεται
3396 3029 3611 3093 σύνοδος
3632 3031 3678 3063 ⁸⁸

430 3131 568 3170 ncns
595 3133 608 3167 :
642 3114 760 3170 tunc
788 3132 910 3170 cum
941 3119 1200 3173 sanctiss.
1239 3120 1551 3189 patriarcha
1579 3121 1783 3192 Deique
1811 3137 2005 3176 aman-

357 3276 365 3287 ι
428 3205 659 3262 tissimis
683 3208 1112 3277 metropolitanis
1138 3209 1426 3280 diligenter
1448 3213 1838 3280 expendentes,
1869 3228 2005 3266 neu-

430 3307 569 3351 tram
600 3312 880 3352 sacrarum
913 3298 1089 3368 legum
1108 3300 1344 3355 diximus
1364 3317 1485 3355 esse
1524 3286 2003 3368 Contemnendam,

430 3388 527 3444 sed
547 3398 736 3443 contra
753 3390 819 3443 ad
847 3399 1139 3459 utrumque
1166 3400 1385 3461 tempus
1417 3394 1676 3462 religioso
1694 3395 1884 3449 habitu
1913 3395 2004 3464 qui

431 3478 587 3534 illum
620 3495 843 3537 sumere
887 3481 1119 3552 cupiunt
1152 3482 1346 3553 dignos
1380 3483 1580 3539 habere
1623 3485 1903 3554 iubemus.

422 3672 433 3685 ι
504 3655 579 3710 De
593 3657 859 3712 honorum
878 3666 1056 3714 autem
1071 3660 1427 3732 dispositione
1441 3662 1646 3729 peculia
1656 3652 1762 3716 rem
1787 3670 2008 3716 sentcn-

430 3748 561 3804 tiam
578 3752 1070 3820 pronuntiavimus,
1091 3761 1356 3823 ntnempe
1372 3754 1463 3823 qui
1497 3761 1652 3809 sexto
1678 3754 1890 3807 decimo
1917 3764 2011 3808 aut

432 3837 646 3894 decimo
661 3840 1114 3908 septimojtonderi
1130 3843 1381 3905 voluerit.
1397 3844 1463 3896 de
1480 3844 1643 3897 rebus
1660 3842 1775 3897 suis
1793 3858 2009 3913 quomo-

434 3928 507 3983 do
527 3927 672 3990 velit.
688 3938 926 3984 statuere
961 3931 1070 3998 (64)
1099 3933 1290 4001 possit.
1313 3932 1577 3987 Existimo
1604 3934 1746 3987 enim
1766 3944 2010 4003 propter-

434 4025 505 4073 ea’
523 4020 689 4072 etiam
714 4034 968 4088 magnum
993 4021 1143 4073 illum
1172 4022 1428 4076 Basilinm
1454 4025 1555 4076 hoc
1576 4032 1790 4092 tempus
1820 4024 2011 4089 huius-

437 4108 583 4163 modi
610 4109 813 4163 aclioni
858 4110 1142 4177 tribuisse,
1174 4112 1318 4182 quod
1350 4113 1414 4167 ad
1451 4112 1500 4166 id
1547 4114 1799 4181 legitimae
1829 4114 2006 4167 artatis

436 4198 727 4269 requisitio
791 4199 857 4254 ad
916 4202 1269 4256 statuendum
1306 4203 1374 4257 de
1418 4203 1581 4257 rebus
1626 4204 1739 4259 suis
1780 4204 2008 4270 impedi-

438 4301 624 4346 mento
656 4306 763 4345 non
783 4290 875 4347 sit.
910 4290 1012 4358 Qui
1046 4308 1174 4347 vero
1202 4294 1415 4349 decimo
1434 4310 1578 4350 anno
1603 4295 1656 4349 in
1688 4297 2007 4351 monastic-xc

2104 3130 2314 3199 δεκάτῳ
2342 3128 2452 3181 ἔτει
2485 3124 2901 3198 προτρεπομένη
2931 3123 3029 3194 τὴν
3058 3124 3140 3186 εἰς
3164 3122 3255 3175 τὸν
3282 3120 3522 3175 τοιοῦτον
3566 3121 3682 3190 βίον

2105 3219 2213 3271 τῶν
2244 3219 2577 3290 προσιόντων
2611 3215 2945 3285 παραδοχὴν,
2977 3213 3151 3267 ταῦτα
3187 3212 3678 3281 διασκοπήσαντες,

2105 3311 2387 3377 οὐδετέρου
2413 3309 2520 3361 τῶν
2549 3309 2594 3359 ίε
2605 3308 2710 3377 ρῶν
2730 3308 2909 3375 νόμων
2936 3305 3247 3373 συνείδομεν
3266 3302 3681 3370 κατολιγωρεῖν,

2108 3401 2223 3453 ἀλλ’
2273 3398 2555 3464 ἀξιοῦσθαι
2621 3398 2720 3466 μὲν
2768 3397 2865 3449 τοῦ
2920 3395 3214 3465 σεϐασμίου
3265 3394 3684 3463 προστάσσομεν

2110 3489 2388 3557 σχήματος
2413 3485 2534 3539 καθ’
2558 3486 2815 3555 ἑκάτερον
2843 3484 2934 3537 τὸν
2962 3483 3154 3553 χρόνον
3178 3481 3305 3545 τοὺς
3330 3480 3685 3551 βουλομένους

2108 3578 2238 3632 αὐτὸ
2274 3578 2447 3645 ἐπανῃ
2457 3575 2679 3644 ρῆσθαι.

2180 3669 2385 3721 Ἕνεκα
2427 3667 2483 3719 δέ
2513 3667 2612 3736 τῆς
2643 3664 2752 3719 τῶν
2799 3663 3155 3736 ὑπαρχόντων
3190 3662 3506 3731 διοικήσεως
3533 3660 3680 3729 γνὼ-

2113 3776 2219 3829 μην
2275 3758 2409 3811 ίδίαν
2452 3755 2909 3826 ἀποφαινόμεθα,
2957 3753 3037 3824 τῷ
3093 3753 3193 3824 μὲν
3242 3752 3678 3823 ἐκκαιδεκάτῳῆ

2110 3848 2556 3915 ἐπτακαιδέκάτῳ
2609 3844 3010 3915 ἀποκείρασθαι
3089 3861 3210 3895 τινα
3285 3841 3611 3911 βουληθέντα
3636 3841 3682 3874 ³⁸

2111 3938 2238 4006 περὶ
2266 3936 2374 3988 τῶν
2408 3934 2625 3986 οἰκείων
2655 3934 2731 3996 ὼς
2760 3932 2825 3985 ἂν
2858 3931 3118 4001 βούληται
3151 3930 3483 3984 διατίθεσθαι
3506 3926 3683 4000 (οἶμαι

2110 4028 2216 4096 γὰρ
2239 4027 2327 4080 διὰ
2357 4025 2511 4078 τοῦτο
2542 4024 2635 4076 καὶ
2669 4023 2755 4076 τὸν
2788 4023 2961 4091 μέγαν
2989 4022 3266 4076 Βασίλειον
3314 4019 3505 4075 τοῦτον
3546 4021 3681 4074 ἀπο-

2108 4115 2292 4169 δοῦναι
2320 4114 2410 4167 τὸν
2438 4113 2627 4183 χρόνον
2656 4115 2723 4183 τῇ
2754 4114 2979 4183 τοιαύτῃ
3015 4111 3209 4182 πράξει
3236 4150 3251 4173 ,
3287 4111 3363 4173 ὡς
3396 4110 3518 4163 κατ’
3540 4111 3681 4162 ἐκεῖ-

2109 4219 2198 4256 νον
2225 4202 2323 4271 τῆς
2349 4200 2577 4269 νομίμου
2606 4199 2822 4271 ἡλικίας
2847 4200 3010 4269 μηδὲν
3040 4199 3289 4269 ἐμποδὼν
3319 4198 3485 4263 οὔσης
3515 4200 3593 4263 είς
3621 4201 3683 4252 τ’)

2111 4294 2239 4364 περὶ
2262 4292 2371 4345 τῶν
2396 4291 2610 4345 οἰκείων
2642 4290 3075 4361 βουλεύσασθαι),
3096 4290 3174 4359 τῷ
3198 4291 3255 4343 δέ
3281 4307 3343 4358 γε
3364 4289 3442 4360 τῷ
3470 4290 3684 4360 δεκάτῳ

440 4380 566 4437 vita:
601 4383 1021 4437 sanctimoniam
1050 4392 1261 4437 mutatu
1283 4394 1427 4440 statu
1462 4387 1699 4442 transire
1729 4387 1782 4441 in
1818 4387 2002 4442 animo

2110 4385 2218 4440 ἐτει
2251 4385 2386 4455 πρὸς
2416 4384 2477 4436 τὸ
2504 4383 2700 4449 σεμνὸν
2740 4383 2841 4451 τῆς
2889 4383 3181 4453 μοναδικῆς
3212 4382 3482 4445 πολιτείας
3517 4398 3682 4450 μετα-

441 4473 659 4532 ltabeat,
676 4483 733 4525 ut
751 4489 927 4543 neque
947 4474 1070 4527 huic
1100 4477 1360 4531 salutaris
1390 4489 1619 4532 conatus
1638 4477 1999 4547 impedimen-

439 4571 555 4617 tum
588 4564 804 4632 aliquod
836 4565 1020 4619 obviet
1056 4565 1181 4635 (hoc
1205 4567 1372 4632 enim,
1406 4577 1467 4621 ut
1500 4568 1734 4633 videtur,
1765 4578 1818 4623 et
1846 4584 2004 4623 sacra

438 4653 685 4722 synodus
720 4654 1053 4723 intelligens,
1090 4670 1154 4709 ac
1184 4656 1391 4723 volens,
1448 4665 1664 4726 tempus
1692 4675 1801 4728 quo
1836 4660 2000 4713 vitam

440 4746 793 4800 monasticam
822 4746 972 4800 adire
991 4755 1154 4805 esset.
1175 4747 1497 4817 ampliavit),
1517 4764 1583 4803 ne
1602 4756 1781 4805 tamen
1812 4750 1857 4804 is
1876 4766 2007 4818 quo-

442 4836 603 4891 modo
633 4836 939 4893 istiusmodi
965 4839 1127 4894 vitam
1162 4838 1406 4904 ineundi,
1442 4839 1522 4895 sic
1549 4840 1715 4895 etiam
1745 4840 1812 4895 de
1836 4843 2001 4895 rebus

2107 4475 2367 4540 τάξασθαι
2400 4473 2733 4543 διανοηθέντι
2765 4473 2899 4544 μηδέ
2933 4472 3106 4543 τούτῳ
3140 4470 3401 4541 κωλύμην
3432 4473 3681 4542 ἀπαντᾷν

2107 4568 2200 4622 τοῦ
2236 4566 2502 4638 σωτηρίου
2529 4565 2953 4635 ἐπιχειρήματος
2981 4562 3160 4633 (τοῦτο
3192 4564 3301 4633 γὰρ
3325 4562 3467 4615 ἔοικε
3489 4562 3533 4593 ³⁸
3557 4579 3682 4614 συν-

2110 4658 2294 4713 ιδοῦσα
2324 4661 2418 4712 καὶ
2444 4659 2477 4727 ή
2509 4656 2632 4728 ἱερὰ
2672 4654 2886 4718 σύνοδος
2932 4655 3206 4708 συστεῖλαι
3241 4654 3333 4707 τὸν
3361 4654 3551 4723 χρόνον
3583 4656 3683 4722 τῆς

2106 4752 2184 4813 εἰς
2207 4750 2298 4802 τὸν
2321 4748 2620 4818 μονάζοντα
2645 4746 2757 4817 βίον
2778 4746 3189 4816 προσαγωγῆς),
3218 4743 3290 4814 μὴ
3321 4743 3505 4813 μέντοι
3532 4742 3625 4794 καὶ
3637 4742 3681 4773 ³⁸

2103 4839 2398 4910 λαμϐάνειν
2449 4839 2609 4892 αὑτὸν
2657 4837 2846 4909 ὥσπερ
2894 4836 2992 4907 τὴν
3023 4837 3101 4898 είς
3138 4834 3228 4888 τὸν
3276 4834 3520 4888 τοιοῦτον
3570 4832 3680 4895 βίον

1729 4930 1963 4986 VARUE
2003 4930 2414 4987 LECTIONES.

498 5021 544 5053 "
572 5020 669 5078 Est
700 5021 752 5077 in
804 5021 918 5078 Ecl.
952 5021 1086 5078 Nov.
1123 5040 1204 5079 ιιι.

1309 5026 1352 5057 ³⁰
1387 5023 1500 5081 Ecl.
1532 5023 1662 5079 hinc
1691 5025 1906 5079 initium
1941 5027 2107 5095 capit.
2190 5028 2232 5060 ³¹
2262 5024 2449 5080 Basilii
2505 5039 2562 5079 c.
2606 5024 2706 5095 _|8.
2794 5023 2838 5095 τ’
2871 5036 2923 5077 c.
2978 5021 3071 5076 40.

3166 5020 3211 5054 ⁸³
3236 5020 3350 5077 Ecl.
3398 5037 3503 5074 τινι
3558 5004 3674 5090 βου-

439 5091 675 5163 ληθέντι.
747 5091 793 5124 ³⁸
826 5091 918 5148 Sic
943 5093 1057 5149 Ecl.
1097 5106 1153 5149 et
1191 5094 1259 5148 Η.
1290 5093 1631 5165 Stephanus;
1666 5094 1826 5149 codd.
1850 5104 1904 5150 et
1935 5091 2170 5167 Scrimg.
2199 5097 2274 5159 ὡς
2308 5096 2472 5149 ἔοικε.
2532 5096 2577 5127 ³⁵
2604 5093 2715 5149 Ecl.
2744 5092 3016 5163 μέντοιγε.

1940 5187 2173 5244 NOTAE.

513 5276 720 5347 (42-60)
750 5275 874 5332 Vid.
916 5277 968 5333 in
992 5277 1236 5347 Corpore
1276 5277 1541 5333 canonico
1570 5276 1745 5347 ea”.
1780 5277 2008 5332 extrade

444 5346 778 5418 temporibus
791 5346 1193 5402 ordinationum
1210 5357 1264 5402 et
1279 5348 1537 5418 qualitate
1553 5346 2000 5418 ordinandorum,

442 5417 838 5486 tiletnentinam
870 5419 936 5486 die
963 5427 1143 5481 aelate,
1190 5416 1456 5486 qualitate
1512 5416 2002 5486 pra'ticiendorum,

442 5496 566 5556 etc.
601 5485 654 5551 1,
684 5488 738 5556 8,
773 5486 859 5541 Η.
891 5485 963 5540 De
1001 5483 1291 5556 regular'ih.
1320 5502 1443 5556 cap.
1475 5483 1571 5556 ult.
1604 5486 1677 5556 De
1710 5483 2002 5553 lemporib.

444 5554 680 5625 ordinat.
714 5555 767 5625 in
788 5556 841 5608 6.
877 5566 933 5610 et
955 5554 1201 5610 distinct.
1222 5556 1306 5609 77.
1338 5554 1461 5625 cap.
1508 5555 1931 5625 Subdiaconus,
1953 5559 2006 5625 et

446 5624 693 5677 distinct.
730 5624 814 5678 78.
834 5640 885 5679 c.
910 5625 1050 5690 Quid
1076 5634 1160 5679 est
1193 5645 1206 5678 :
1236 5633 1289 5676 ct
1326 5627 1374 5688 Ι,
1403 5621 1544 5691 (1.1.
1563 5640 1613 5677 c.
1636 5626 1840 5678 Estote.
1867 5621 2006 5691 adde

449 5692 685 5763 Vtglium
705 5693 758 5749 5.
803 5694 1041 5750 methodi
1081 5693 1216 5758 iuris
1243 5690 1508 5753 oontilicii
1534 5693 1587 5759 4,
1624 5709 1777 5748 num.
1804 5691 1894 5747 '57.
1922 5690 2003 5745 Ab

2118 5277 2343 5347 infantia
2391 5275 2636 5347 potuisse
2698 5275 2995 5331 monachos
3048 5270 3165 5327 ﬁeri
3207 5280 3426 5328 constat
3467 5286 3533 5325 ex
3568 5270 3679 5341 lege

2104 5347 2191 5402 εδ.
2220 5363 2268 5403 c.
2298 5346 2372 5400 De
2395 5346 2638 5413 episcnp.
3052 5380 3057 5385 ι

2181 5416 2293 5484 (6t)
2325 5416 2381 5469 ln
2403 5411 2630 5484 epistola
2661 5414 2727 5469 ad
2748 5414 3213 5484 Amphilochium,
3249 5426 3460 5467 canone
3490 5411 3574 5469 18.

2182 5483 2282 5553 (62'
2303 5486 2358 5539 In
2399 5483 2611 5537 Trullo.

2180 5552 2294 5621 (63)
2321 5554 2545 5609 Canonc
2583 5552 2671 5615 ιι),
2705 5552 2794 5607 ubi
2818 5552 2928 5608 vid.
2974 5552 3375 5621 Balsamonom.

2180 5624 2234 5694 (6
2247 5625 2292 5695 ί)
2320 5624 2376 5678 Id
2410 5632 2513 5682 cst,
2541 5623 2750 5678 testari.
2778 5622 2926 5679 Adde
2948 5620 3081 5678 Nov.
3113 5620 3146 5675 6
3185 5620 3309 5674 eod.
