4088 6208
291 283 406 344 445

852 383 1180 438 ΔΙΛΤΑΞῙΣ
1217 379 1274 436 Θ⁹
1294 380 1364 437 ⁸⁸.

339 483 487 550 Περὶ
527 479 755 535 δούλου
793 477 1105 550 γεγονότος
1144 469 1439 540 κληρικοῦ
1479 469 1690 540 ἀγνοίᾳ
1727 468 1833 523 τοῦ

896 547 1221 599 δεσπότου.

363 645 425 697 Ὀ
456 639 618 703 αὐτὸς
654 635 908 706 βασιλεὺς
943 634 1200 700 Στεφάνῳ
1226 627 1304 697 τῷ
1335 627 1629 696 ἁγιωτάτῳ
1677 626 1770 680 καὶ
1811 627 1888 680 οἱ.

294 731 614 804 κουμενικῷ
638 725 1056 798 άρχιεπισκόπῳ
1082 716 1730 779 Κωνσταντινουπόλεως.

367 827 452 896 Τῇ
486 824 622 892 αὐτῇ
647 818 780 890 περὶ
798 816 970 870 τῶνδε
1023 811 1493 882 ὲκκλησιαστικῶν
1548 807 1888 880 πραγμάτων

295 915 557 982 εὐταξίας
587 911 816 982 προνοίᾳ
840 907 1116 977 ἑπόμενοι,
1133 904 1169 958 ἃ
1191 905 1302 966 τοῖς
1335 903 1499 972 ίεροῖς
1523 899 1668 964 ἔδοξε
1695 899 1885 952 κανόσι

296 1011 393 1062 καὶ
440 1006 604 1076 ἡμεῖς
637 997 1194 1070 συνεπιψηφιζόμενοι
1224 995 1351 1058 τοὺς
1379 992 1765 1076 ἀντιλέγοντας
1793 1008 1888 1044 πο-

295 1074 543 1160 λιτικοὺς
569 1095 768 1164 νόμους
795 1091 954 1160 δίκην
984 1088 1084 1156 τῆς
1119 1085 1430 1154 ἀντιλογίας
1451 1083 1550 1153 τὴν
1579 1084 1644 1136 ὲκ
1672 1074 1779 1136 τῶν
1799 1099 1885 1134 νο-

301 1189 492 1260 μίμων
545 1184 841 1249 διατάξεων
892 1178 1254 1248 ὐπεξαγωγὴν
1316 1175 1495 1232 αὐτῶν
1559 1174 1884 1244 εἰσπραττό-

377 1280 468 1334 θα.

301 1297 543 1425 μξέν⁶⁶
567 1369 677 1439 γὰρ
718 1363 967 1433 δουλικῆς
1013 1360 1114 1430 μὲν
1142 1359 1269 1412 ὄντα
1311 1355 1503 1426 τύχης,
1542 1355 1604 1408 οὐ
1645 1354 1880 1407 συνειδόο

300 1479 395 1528 τος
418 1462 476 1516 δὲ
503 1458 598 1513 τοῦ
619 1456 879 1511 δεσπότου
900 1455 961 1506 τὸ
985 1452 1086 1522 τῆς
1126 1447 1424 1520 ἱερωσύνης
1487 1444 1684 1516 σεμνὸν
1711 1445 1880 1511 άξίωο

304 1571 386 1624 μα
413 1549 838 1623 περιϐαλόμενον
877 1547 1018 1598 κατὰ
1058 1543 1149 1595 τὸν
1191 1541 1392 1594 σκοπὸν
1447 1539 1547 1608 τῆς
1598 1537 1692 1590 τοῦ
1745 1535 1881 1590 Θεοῦ

309 1641 644 1713 Ἐκκλησίας
673 1639 769 1692 καὶ
789 1639 951 1708 ⁴ἡμεῖς
974 1631 1318 1705 διοριζόμεῡα
1338 1629 1501 1682 πάλιν
1527 1628 1606 1689 είς
1621 1627 1718 1697 τὴν
1749 1644 1883 1696 προ-

304 1736 472 1806 τέραν
520 1731 621 1800 τῆς
675 1728 918 1790 δουλείας
965 1721 1435 1780 ἀποκαθίστασθαι
1472 1718 1648 1785 τάξιν,
1687 1720 1898 1786 ἀπογυ-

308 1823 596 1892 μνωθέντα
617 1819 717 1889 τῆς
732 1818 943 1873 ἐκεῖθεν
973 1816 1321 1887 σεμνότητος,
1345 1811 1549 1865 καὶτὸν
1583 1809 1885 1863 ἀπολύοντα

304 1915 471 1983 νόμον
499 1913 542 1945 ⁸⁷
591 1911 838 1972 δουλείας
893 1909 984 1961 τὸν
1031 1909 1110 1970 εἰς
1175 1906 1357 1974 ἱερέας
1430 1901 1885 1973 παραγγείλαντα

305 2000 494 2054 δοῦλον
519 2001 578 2053 οὔ
615 1997 1015 2068 συνεγνωκότος
1033 1997 1078 2028 ⁸⁸
1110 1993 1206 2048 τοῦ
1267 1992 1620 2056 δεσπόζοντος
1650 1991 1886 2062 άνενέρ-

309 2091 480 2158 γητόν
510 2105 568 2140 τε
608 2087 957 2155 καθιστῶμεν
984 2087 1077 2138 καὶ
1106 2082 1583 2155 ἀπαρρησίαστον.

860 2175 1172 2230 ΔΙΑΤΔΞΙΣ
1203 2174 1236 2228 ι’
1272 2174 1339 2228 δ’.

309 2271 452 2337 Περὶ
501 2268 727 2322 δούλου
783 2266 1172 2389 μονάσέιοτῗοξ·
1230 2267 1446 2336 ἀγνοίᾳ
1503 2264 1609 2318 τοῦ
1653 2263 1886 2317 δεσπό-

394 2427 447 2487 ’0
473 2429 634 2491 αὐτὸς
679 2427 927 2498 βασιλεὺς
955 2426 1212 2496 Στεφάνῳ
1252 2425 1331 2496 τῷ
1393 2426 1684 2500 ἁγιωτάτῳ
1725 2430 1884 2498 ἀρχι-

311 2521 596 2589 επισκόπῳ
620 2515 1244 2579 Κωνσταντινουπόλεως
1269 2517 1364 2569 καὶ
1391 2519 1752 2590 οίκουμενικῷ
1783 2538 1884 2572 πα-

311 2614 566 2684 79‘4er-

381 2702 546 2754 Ὅσον
567 2698 611 2731 ⁸⁷
659 2697 839 2766 τίμιον
877 2694 1051 2750 τὸτοῦ
1111 2696 1333 2766 μονάδος
1386 2697 1503 2768 βίου
1557 2701 1884 2770 ἐπάγγελμα

313 2794 406 2848 καὶ
437 2793 487 2846 οἱ
528 2792 620 2843 τὸν
669 2787 907 2859 χρηστὸν
963 2788 1170 2840 ἐκεῖνον
1227 2788 1324 2840 καὶ
1392 2791 1665 2862 μακάριον
1723 2791 1887 2860 ζυγὸν

311 2881 782 2953 ἀναλαμϐάνοντες
817 2877 1007 2940 ὁποίας
1029 2879 1164 2930 είσὶν
1192 2878 1374 2942 αἰδοῦς
1399 2880 1539 2944 άξιοι
1581 2883 1674 2934 καὶ
1699 2883 1885 2951 τιμῆς,

316 2976 475 3044 ἴσμεν
504 2971 599 3025 καὶ
653 2971 808 3024 αὐτοί
840 2986 854 3000 ’
903 2967 1100 3022 οὔκουν
1151 2968 1262 3021 οὐδ’
1293 2971 1380 3022 ἐπ’
1403 2971 1662 3042 άϐετήσει
1694 2972 1883 3036 αὐτοῦ,

311 3063 452 3117 ἀλλὰ
503 3061 700 3134 μᾶλλον
723 3060 1029 3130 domum;
1061 3059 1433 3129 ἐξαιρούμενοι
1494 3061 1662 3114 ταῦτα
1713 3061 1890 3114 διαοεο
1915 3045 1959 3103 C

318 3155 532 3220 σπίζειν
587 3153 887 3221 διέγνωμεν
937 3153 1032 3203 κα)⁵
1090 3152 1524 3221 ἀποφαινόμεθα.
1577 3154 1740 3206 Ὀσον
1781 3153 1889 3223 γὰρ

315 3243 625 3316 θαυμαστὸν
672 3244 766 3295 καὶ
795 3242 959 3306 θεῖον,
991 3242 1242 3295 τοσοῦτον
1262 3243 1344 3296 δεῖ
1360 3243 1551 3296 τούτου
1587 3245 1725 3314 μετά
1755 3245 1886 3297 Θαυ-

315 3335 528 3404 μαστῆς
550 3334 681 3404 ὅσης
727 3331 1010 3396 εὐλαϐείας
1041 3332 1400 3400 ἐφάπτεσθαι,
1435 3333 1572 3387 ἀλλὰ
1612 3335 1686 3405 μὴ
1714 3352 1884 3388 κακο-

315 3424 671 3495 γνωμοσύνης
722 3423 992 3493 πρόφασιν
1013 3421 1073 3475 τὸ
1107 3422 1207 3492 τῆς
1265 3424 1564 3492 μοναδικῆς
1615 3425 1888 3489 πολιτείας

314 3514 586 3568 ποιεῖσθαι
619 3511 932 3581 σεϐάσμιον.
975 3510 1100 3574 Πῶς
1118 3511 1226 3581 γάρ
1252 3511 1351 3564 οὐκ
1385 3512 1500 3565 ἐστι
1535 3530 1886 3582 κακογνωμο-

316 3605 503 3676 σύνης,
551 3603 780 3676 δρασμῷ
810 3601 902 3656 τοῦ
923 3601 1122 3656 οίκείου
1168 3602 1430 3655 δεσπότου
1478 3603 1613 3675 πρὸς
1671 3606 1886 3675 ἐκείνην

313 3697 412 3769 τὴν
463 3696 738 3750 πολιτείαν
767 3695 1020 3766 ἔρχεσθαι
1049 3693 1139 3747 τδν
1162 3693 1377 3764 οίκέτην
1404 3711 1419 3759 ;
1472 3695 1624 3748 Ἐπεὶ
1653 3695 1746 3748 οὖν
1774 3698 1887 3761 τοῖς

312 3787 580 3858 πρότερον
632 3785 1049 3856 νενομοθέτηται
1073 3787 1118 3819 ⁵⁸
1162 3785 1292 3856 περῖ⁵
1351 3784 1556 3838 δούλων
1581 3785 1878 3857 ἀποδιδρα-

313 3880 555 3932 σχόντων
605 3878 698 3931 καὶ
721 3875 863 3931 οὕτω
893 3876 1030 3946 πρὸς
1053 3874 1145 3928 τὸν
1178 3876 1388 3948 μονήρη
1415 3875 1530 3944 βίον
1551 3877 1882 3946 ἐρχομένων,

315 3969 479 4039 μέχρι
511 3968 610 4039 μὲν
636 3969 818 4040 τρίτου
848 3967 1041 4039 χρόνου
1070 3966 1232 4038 δήλου
1264 3967 1547 4036 γεγονότος
1571 3967 1666 4020 τοῦ
1709 3967 1884 4036 φυγά-

309 4061 400 4123 δος
425 4059 674 4126 ἐξουσίαν
695 4058 840 4128 ἔχειν
867 4058 960 4111 τὸν
984 4059 1252 4128 δεσπότην
1292 4057 1387 4110 τοῦ
1419 4059 1701 4128 σχήματος
1745 4060 1882 4112 ἀπο-

310 4150 677 4220 γυμνώσαντα
709 4147 1111 4218 ἀναλαμϐάνειν
1140 4147 1324 4212 αὑτὸν,
1345 4146 1530 4218 τρίτου
1558 4147 1614 4200 δὲ
1641 4147 1881 4216 παρελάο

313 4254 508 4301 σαντος
573 4237 770 4308 χρόνου
829 4238 887 4290 ὲν
940 4236 1019 4306 τῷ
1066 4236 1263 4303 ἀφανεῖ
1314 4235 1612 4306 διάγοντος,
1658 4238 1707 4290 εί
1741 4238 1881 4307 μετὰ

1401 270 1766 334 NOVELL/E
1803 270 2480 334 CONSTITUTIONES.

2491 375 2965 436 CONSTITUTIO
3016 380 3101 436 Ιλ.
3434 276 3539 339 ub

2094 468 2169 522 De
2201 483 2346 522 servo
2382 467 2474 536 qui
2504 467 2782 540 ignorante
2811 468 2923 540 (78)
2953 471 3166 525 domino
3213 470 3439 525 clericus

2619 538 2794 606 factus
2823 538 2926 603 est,

2053 623 2196 681 Idem
2230 625 2529 696 imperator
2567 624 2847 697 Stephano
2905 627 3168 685 sanctiss.
3225 629 3564 688 universali-

1984 733 2092 788 que
2128 715 2738 788 Constantinopolitano
2764 719 3203 790 archiepiscopo.

2061 805 2248 862 Eidem
2284 820 2446 864 recta:
2479 825 2660 865 rerum
2690 811 3194 867 ecclesiasticarum
3213 815 3564 870 constitutio-

1984 898 2072 952 nis
2094 913 2239 952 curse
2267 897 2606 967 insistentes,
2639 916 2872 972 quaeque
2899 903 3276 958 sacrosanctis
3322 906 3562 973 canoni-

1983 987 2087 1044 bus
2112 991 2457 1058 placuerunt,
2497 991 2649 1047 hisce
2696 1007 2798 1048 nos
2841 993 3006 1046 etiam
3063 993 3247 1046 album
3291 994 3563 1048 calculum

1983 1078 2331 1148 adjicientes,
2360 1081 2428 1135 ab
2480 1081 2814 1136 adversariis
2844 1081 3099 1135 civilibus
3151 1081 3363 1151 legibus
3423 1081 3568 1136 hanc

1986 1169 2446 1225 cmitradictiouis
2474 1186 2713 1240 poenam,
2750 1179 2810 1224 ut
2862 1186 2929 1224 ex
2989 1170 3250 1242 legitimis
3294 1173 3566 1227 constitu-

1985 1258 2229 1312 tionibus
2260 1255 2678 1318 suhtrahantur,
2708 1253 3000 1322 exigimus.

2058 1347 2129 1403 Ut
2159 1347 2304 1402 enim
2336 1346 2452 1415 qui,
2475 1359 2597 1399 cum
2619 1345 2835 1400 servilis
2851 1344 3184 1400 conditionis
3213 1355 3379 1409 esset,
3411 1345 3568 1417 igno-

1986 1448 2142 1492 rante
2203 1437 2426 1491 domino
2481 1433 2850 1488 venerandam
2906 1435 3201 1490 sacerdotii
3241 1436 3565 1506 dignitatem

1986 1527 2363 1596 assumpserit,
2415 1525 2654 1579 nudatus
2705 1525 2867 1580 istinc
2916 1533 3280 1594 promanante
3330 1527 3560 1592 honore,

1984 1620 2037 1673 in
2066 1618 2357 1688 pristinum
2403 1616 2684 1671 servitutis
2721 1615 3103 1670 restitueretur
3163 1625 3364 1672 statum
3402 1657 3418 1682 ,
3477 1635 3565 1672 sc-

1929 1727 1971 1781 B
2001 1711 2238 1764 cundum
2269 1709 2383 1779 (79)
2415 1707 2672 1763 Ecclesiae
2709 1707 2801 1762 Dei
2835 1708 3168 1762 voluntatem
3196 1717 3250 1762 et
3287 1724 3388 1763 nos
3429 1723 3565 1764 con-

1988 1803 2272 1856 stituimus
2299 1800 2434 1872 (80).
2469 1799 2664 1869 Legem
2725 1808 2932 1865 autem,
2993 1815 3114 1870 quae
3154 1815 3373 1855 servum
3409 1801 3564 1868 igno-

1989 1903 2144 1944 rantc
2174 1890 2400 1944 domino
2439 1889 2778 1944 sacerdotem
2809 1889 3013 1944 factum
3041 1890 3306 1945 servitute
3337 1890 3560 1956 liberat,

1991 1985 2093 2037 huc
2141 1994 2196 2038 ut
2247 1999 2421 2050 neque.
2472 1981 2762 2045 effectum,
2818 1998 2993 2053 neque
3053 1982 3202 2038 fandi
3251 1982 3564 2038 facultatem

1991 2076 2207 2136 habeat,
2240 2074 2561 2144 redigimus.

2477 2163 2940 2220 CONSTITUTIO
2997 2165 3066 2219 Χ.

2135 2258 2207 2312 De
2237 2272 2383 2312 servo
2411 2256 2499 2326 qui
2540 2255 2708 2309 inscio
2749 2256 3419 2326 dominoqmouachismum

2539 2327 2762 2390 suscepit
2789 2324 3026 2394 (81-82).

2059 2417 2201 2473 Idem
2245 2417 2492 2486 imperat.
2523 2415 2798 2485 Stephano
2830 2417 3088 2472 sanctiss.
3140 2414 3559 2486 Constantinop.

1988 2508 2427 2578 archiepiscopo,
2464 2515 2518 2561 ct
2547 2507 2878 2576 patriarchae
2909 2507 3234 2563 universali.

2061 2706 2234 2772 Quam
2293 2712 2563 2776 praestans
2594 2704 2914 2757 monastica
2972 2703 3096 2758 vitae
3130 2703 3402 2774 professio
3451 2705 3561 2766 sit,

1989 2795 2193 2864 quique
2249 2808 2414 2848 suave
2446 2790 2580 2846 illud
2613 2798 2669 2846 et
2721 2791 2941 2845 beatum
2970 2791 3162 2861 jugum
3221 2791 3560 2862 suscipiunt,

1989 2893 2194 2958 quanta
2227 2885 2305 2940 illi
2339 2886 2645 2938 reverentia
2677 2891 2731 2937 et
2761 2882 2972 2938 honore
3001 2883 3149 2952 digni
3191 2883 3324 2946 sint,
3355 2885 3564 2939 scimus

1991 2977 2207 3048 quidem
2239 2985 2294 3030 et
2316 2974 2443 3044 ipsi.
2474 2972 2664 3044 itaque
2697 2989 2806 3028 non
2842 2990 2954 3044 quo
2983 2975 3136 3028 illum
3165 2975 3560 3044 vituperemus,

1994 3069 2088 3125 sed
2115 3067 2296 3138 potius
2317 3081 2428 3134 quo
2455 3066 2858 3136 vituperatione
2915 3064 3242 3131 eximamus,
3276 3065 3392 3118 hac
3439 3073 3558 3120 sta-

1991 3172 2143 3216 tuere
2198 3159 2374 3214 visum
2406 3166 2514 3222 est,
2543 3165 2620 3212 fet
2647 3173 2964 3212 censemus.
3018 3157 3238 3222 Quanto
3283 3155 3429 3211 enim
3465 3155 3557 3209 illa

1990 3247 2371 3304 admirabilior
2400 3247 2746 3314 diviniorque
2775 3253 2881 3310 est,
2914 3253 3072 3299 tanto
3111 3244 3321 3314 majore
3342 3252 3396 3300 et
3427 3245 3555 3315 qui-

1989 3323 2111 3396 dem
2139 3346 2342 3409 quanta
2371 3338 2608 3392 maxima
2640 3337 2832 3406 attingi
2874 3352 3000 3390 cum
3055 3335 3431 3403 veneratione,
3463 3351 3560 3392 ne-

1989 3443 2262 3499 quaquam
2297 3441 2427 3482 vero
2463 3423 2879 3497 ingratitudinis
2905 3435 2961 3480 et
3007 3420 3376 3492 improbitatis
3409 3421 3554 3475 vela.

1989 3535 2112 3574 men
2143 3533 2206 3574 ac
2231 3524 2552 3588 praetextum
2589 3515 2908 3570 monasticae
2934 3516 3056 3567 vita:
3083 3514 3401 3584 dignitatem
3439 3511 3554 3566 ﬁeri

1987 3617 2222 3677 oportet.
2249 3606 2313 3660 Et
2342 3614 2490 3659 certe
2512 3603 2789 3674 quomodo
2817 3603 3141 3672 improbitas
3181 3601 3410 3656 dicenda
3443 3615 3554 3657 non

1986 3708 2094 3761 est,
2127 3702 2170 3752 si
2223 3698 2386 3750 homo
2420 3711 2634 3762 servus,
2671 3695 2956 3750 dominum
3005 3710 3164 3749 suum
3213 3694 3452 3764 fugiens.
3483 3694 3549 3748 ad

1986 3789 2118 3844 illud
2157 3789 2278 3841 vita:
2305 3787 2616 3841 institutum
2649 3785 2944 3840 deveniat?
2971 3787 3240 3852 Quoniam
3295 3786 3458 3855 igitur
3486 3785 3556 3841 de

1986 3881 2160 3936 servis
2183 3877 2424 3949 fugitivis
2443 3877 2510 3931 ad
2537 3880 2697 3930 vitam
2719 3879 3083 3934 monasticam
3107 3877 3553 3942 devenientibus,

1985 3979 2246 4026 statutum
2277 3983 2306 4021 a
2341 3967 2718 4036 superioribus
2752 3967 2864 4036 (85)
2897 3975 3000 4030 est,
3072 3975 3130 4020 ut
3161 3971 3203 4022 si
3269 3967 3410 4020 intra
3443 3977 3554 4023 tres

1985 4076 2163 4115 annos
2196 4060 2463 4129 fugitivus
2501 4057 2824 4111 nauifestus
2842 4059 2958 4120 fiat,
2983 4056 3138 4110 illum
3171 4057 3358 4112 habitu
3386 4057 3556 4111 nuda-

1985 4160 2100 4203 tum
2132 4146 2430 4218 recipiendi
2463 4145 2773 4199 facultatem
2803 4145 3062 4200 dominus
3089 4147 3324 4199 haheat:
3353 4145 3398 4199 si
3424 4159 3554 4199 vero

1984 4256 2157 4310 usque
2189 4240 2240 4294 in
2265 4237 2480 4294 tertium
2515 4252 2718 4290 annum
2753 4237 3066 4306 incognitus
3099 4237 3381 4300 manserit,
3411 4245 3554 4290 tam-

309 4328 486 4382 ταῦτα
533 4327 669 4398 πρὸς
721 4325 1022 4397 ἐμφάνειαν
1074 4325 1403 4396 κατασταίη,
1448 4326 1686 4397 κρείττω
1714 4328 1880 4381 αὐτὸν

1988 4330 2091 4386 etsi
2131 4329 2482 4398 postmodum
2515 4339 2868 4394 agnoscatur,
2903 4334 2962 4379 ut
3021 4326 3228 4378 domini
3290 4324 3546 4394 potestati

1917 4375 1964 4432 D

312 4419 581 4489 ὑπάρχειν
629 4417 730 4488 τῆς
776 4419 1104 4489 δεσποτικῖκ
1155 4417 1404 4482 ἐξουσίας
1454 4421 1550 4472 καὶ
1593 4421 1746 4489 παρὰ
1786 4420 1886 4491 τὴν

1993 4437 2103 4475 non
2136 4421 2412 4474 obnoxius
2447 4417 2539 4481 sit,
2586 4426 2886 4486 praeterque
2918 4415 3064 4469 illius
3097 4417 3433 4468 voluntatem
3487 4415 3554 4467 li-

313 4511 526 4562 ὲκείνου
580 4509 806 4581 γνώμην
834 4510 1191 4580 χρηματίζειν
1212 4509 1512 4582 ἐλεύθερον·
1541 4512 1664 4562 ἐπεὶ
1686 4506 1779 4563 οὖν
1809 4513 1874 4566 ἐκ

312 4599 503 4654 τούτου
527 4600 742 4664 πολλοῖς
767 4599 980 4672 ὁρῶμεν
1010 4601 1266 4672 ἀφορμὴν
1317 4600 1677 4670 ἑγγινομένην
1703 4601 1784 4664 είς
1816 4601 1877 4654 τὸ

1991 4511 2089 4566 her
2119 4516 2503 4577 nuncupetur:
2546 4515 2599 4561 et
2628 4521 2759 4560 vero
2792 4505 2916 4560 inde
2945 4506 3147 4559 multos
3184 4503 3420 4574 fugiendi
3450 4504 3549 4556 dos
3648 4519 3652 4522 '

1993 4603 2174 4656 minos
2191 4615 2324 4656 suos
2351 4598 2700 4654 occasionem
2728 4598 2964 4669 cepisse,
2994 4610 3059 4651 ac
3085 4611 3142 4651 re
3168 4595 3400 4650 honesta
3432 4607 3554 4648 mo-

1574 4755 1806 4810 VARIIE
1856 4754 2268 4812 LEC'I‘IONES.

387 4871 436 4904 “
461 4870 558 4926 Est
589 4869 934 4940 ἰιιᾼΕοΙ.Νον.
961 4871 1173 4940 quinta.
1206 4869 1419 4926 Citatur
1461 4886 1490 4924 a
1563 4869 1883 4940 Balsamone
1936 4871 1990 4924 in
2052 4869 2465 4940 Commentario
2522 4869 2589 4923 ad
2656 4867 2832 4940 Photii

318 4959 358 5000 ι.
413 4956 538 5011 cap.
594 4938 663 4994 56
731 4949 786 4994 et
831 4941 912 4993 tit.
967 4938 1047 5003 it,
1102 4954 1164 4994 ca
1214 4980 1226 4992 .
1263 4941 1318 5006 5,
1373 4940 1538 5008 hujus
1586 4938 1807 4992 Patrolo
1845 4941 1911 4992 ia?
1962 4949 2004 4993 t.
2035 4939 2170 4996 CIV.
2260 4940 2305 4971 ⁸⁵
2326 4939 2444 4992 Meli

320 5010 540 5077 Ecioga.
630 5009 676 5042 "'
700 5007 1142 5063 VideJustiniani
1173 4956 1310 5063 Kov.
1347 5009 1469 5071 125,
1525 5008 1698 5063 c.17.
1774 4956 1842 5040 ⁵⁸9
1861 5008 1973 5062 Ecl.
2025 5009 2444 5077 συνεγνωκότος.

320 5007 542 5079 Ecloga.
630 5009 676 5042 ’⁵⁷
700 5007 835 5062 Vide
849 5008 1142 5079 Justiniani

2909 4864 3349 4920 Nomocanonem
3437 4859 3550 4914 Tit.

2906 4936 3032 4986 τῶν.
3094 4935 3138 4964 ⁸⁸
3182 4931 3321 4986 Hinc
3361 4931 3554 5000 incipit

2260 4940 2305 4971 “
2326 4939 2520 4992 Melius
2578 4938 2705 5006 περὶ
2756 4941 2853 5004 τῆς
2906 4938 3032 4986 τῶν.
3094 4938 3138 4964 ⁸⁸
3182 4938 3321 4986 Hinc
3361 4938 3554 5000 incipit

2260 5009 2443 5056 ped-mc-
2523 5007 2566 5040 δ’
2599 5007 2692 5056 Est
2759 5006 2811 5056 in
2867 5004 2979 5056 Ecl.
3029 5001 3166 5054 Nov.
3198 5002 3305 5056 6et
3363 5002 3554 5052 lauda-

2523 5007 2566 5040 "
2599 5007 2692 5060 Est
2759 5006 2811 5058 in

319 5089 410 5134 tur
447 5070 482 5133 ἔ
519 5078 841 5132 Balsamone
887 5079 1020 5132 locis
1061 5077 1192 5132 Nov.
1221 5079 1275 5138 9,
1306 5070 1510 5131 citatis.
1604 5079 1650 5110 '°
1673 5078 1796 5133 cod.
1833 5077 2006 5132 Paris.
2064 5070 2240 5132 i583:
2277 5079 2405 5146 περὶ
2447 5076 2541 5146 τοῦ
2607 5075 2822 5146 οἰκέτην
2855 5073 3162 5146 ἀποδράντα
3186 5070 3307 5146 ’τοῦ
3344 5070 3552 5146 Δοίδεείου

318 5148 578 5218 δεσπότου
606 5147 810 5218 καὶ-τὸν
837 5147 1046 5218 μονήρη
1077 5146 1193 5218 βίον
1224 5146 1614 5218 ῥητοδεδυξιότα.
1675 5148 1720 5179 ⁵¹
1761 5149 1884 5202 cod.
1921 5147 2076 5201 Paris
2092 5149 2213 5218 corp
2237 5163 2251 5210 ;
2279 5145 2484 5218 rectius
2522 5145 2861 5218 ῐοτιεεηδσου.

2977 5136 3023 5172 ⁸-³
3059 5139 3356 5196 Justiniani
3415 5136 3552 5192 Nov.

323 5216 448 5283 125,
480 5231 530 5271 c.
564 5218 654 5272 55.
690 5210 1098 5271 νίάιξ⁷ΒειΙξειίηζ
1129 5215 1198 5270 ad
1221 5213 1398 5270 Photii
1437 5213 1739 5271 Nomocau.
1778 5219 1862 5271 tit.
1895 5233 1935 5279 ι,
1963 5231 2013 5270 c.
2041 5216 2132 5283 56,
2185 5210 2501 5284 Patrologiw
2533 5224 2572 5268 t.
2619 5210 2754 5266 CIV.

1825 5346 2062 5402 NOTAE.

390 5444 502 5514 (78)
533 5442 686 5514 Adde
707 5439 844 5514 Nov.
870 5440 994 5514 £23,
1018 5440 1208 5514 _c.__l7.

390 5510 502 5582 (79)
537 5513 686 5582 Adde
714 5511 883 5582 epist.
897 5512 980 5582 gad
1016 5510 1321 5564 Philemon.

412 5580 502 5650 so)
539 5580 669 5650 Vidi.
692 5581 748 5634 d.
772 5595 803 5650 ο
861 5580 952 5634 l7.

390 5587 748 5719 ίὲῗῖεέίᾱὺιαέ
763 5587 988 5704 domino
1008 5646 1263 5719 possitcx
1281 5644 1618 5702 monasterio
1638 5645 1692 5698 in
1710 5643 1882 5700 servi-

1991 5447 2162 5493 tutem
2194 5436 2420 5500 retrahi,
2472 5443 2898 5505 quantocunque
2953 5440 3199 5502 tempore
3243 5431 3296 5486 in
3356 5445 3551 5482 umna-

1988 5509 2155 5564 sterio
2184 5506 2477 5560 delituerit.

2058 5575 2174 5643 (85)
2202 5573 2339 5628 Nov.
2371 5575 2425 5636 5,
2452 5588 2504 5628 c.
2533 5572 2589 5638 Ω,
2618 5571 2720 5643 5|,
2752 5573 2950 5630 versic.
2984 5571 3228 5628 Triennii
3278 5571 3360 5627 vel
3384 5573 3550 5627 seirel

1992 5645 2208 5714 expleto
2234 5653 2496 5712 tempore.
