4088 6208
560 298 662 360 447

1778 283 2055 346 LEONIS
2084 279 2543 343 PHILOSOPHI

3690 279 3801 344 448

553 400 778 458 οιιειίοαι
818 396 940 454 vitae
968 395 1336 469 professione,
1400 394 1469 451 ad
1505 392 1805 465 tegendam
1850 392 2111 446 malitiam

2219 388 2321 443 τῶν
2346 387 2562 441 οἰκείων
2591 383 2868 441 δεσποτῶν
2913 383 3351 455 ἀποδιδράσκειν,
3372 384 3468 441 καὶ
3516 387 3805 459 πράγματι

548 492 700 549 abuti
731 489 981 545 videmus
1007 488 1252 558 (cuilibet
1278 486 1561 543 enimvero
1590 484 1858 555 perfacile
1911 492 2015 548 est,
2055 490 2115 537 ut

550 582 618 637 ad
673 582 948 636 triennum
1001 593 1062 635 se
1115 578 1374 643 occultet,
1436 576 1743 646 deindeque
1803 573 2114 631 libertatem

553 675 966 741 consequatur).

616 842 901 909 Jubemus,
930 849 989 897 ut
1020 850 1450 911 quantocunque
1501 850 1745 911 tempore
1797 856 1991 900 servus
2019 844 2115 899 tali

552 934 784 989 consilio
841 933 1145 987 monachus
1182 931 1361 988 lactus
1391 932 1696 997 delituerit,
1725 932 1771 988 si
1814 933 1994 1003 ipsum
2022 935 2117 989 ali-

552 1024 767 1093 quando
818 1023 1072 1077 dontinus
1132 1024 1395 1085 inveniat,
1452 1024 1816 1080 nihilominus
1849 1027 1897 1079 is
1950 1042 2113 1095 quem

551 1119 694 1169 malo
735 1116 1012 1185 proposito
1034 1116 1277 1168 habitum
1302 1115 1561 1184 sumpsit,
1593 1116 1696 1170 hoc
1726 1118 2113 1187 exu:ltur(84),

552 1222 883 1276 rursumque
909 1208 962 1260 in
988 1207 1197 1261 domini
1258 1216 1583 1277 potestatem
1622 1208 1932 1278 subigatur.
1976 1207 2113 1263 Nam

549 1299 691 1366 quod
723 1299 810 1367 pio
840 1298 1035 1353 affectu
1086 1298 1331 1352 habitum
1380 1300 1532 1351 illum
1567 1301 1886 1368 sumpserit,
1932 1316 2112 1369 quan-

549 1390 748 1443 tumvis
776 1390 827 1444 id
875 1390 1055 1445 verbis
1105 1391 1219 1459 ipse
1270 1391 1457 1459 lingat,
1491 1405 1559 1443 ne
1590 1390 1698 1443 dici
1741 1391 1962 1459 quidem
2011 1407 2110 1460 po-

548 1490 675 1536 test.
707 1482 832 1535 Sive
858 1482 1003 1535 enim
1033 1495 1158 1534 cum
1224 1480 1487 1534 benevolo
1532 1481 1858 1549 placidoque
1889 1481 2114 1535 domino

548 1578 815 1636 uteretur,
855 1585 952 1639 pro
985 1585 1192 1632 amore,
1255 1571 1381 1624 odio
1435 1582 1723 1640 concepto,
1772 1569 1960 1639 fugere
2020 1571 2116 1626 de-

546 1665 800 1725 creverit,
819 1671 1073 1715 extremae
1104 1660 1510 1731 ingratitndinis
1547 1670 1599 1715 et
1621 1662 1990 1729 improbitatis
2017 1677 2110 1716 ar-

548 1760 865 1820 gumentum
904 1751 1106 1805 habes:
1143 1754 1257 1805 sive
1288 1760 1371 1820 (ut
1399 1761 1530 1805 sunt
1559 1766 1649 1805 res
1684 1749 1956 1821 humanm)
1993 1765 2109 1804 mo-

551 1842 729 1896 lestiis
760 1851 811 1894 et
833 1840 1036 1908 injuria
1077 1839 1308 1893 allectus
1337 1855 1443 1893 non
1500 1840 1768 1902 tolerarit,
1806 1854 1870 1892 ac
1900 1839 2113 1893 idcirco

547 1931 826 1983 dominum
866 1930 1189 1993 deseruerit,
1216 1928 1488 1996 quomodo
1541 1942 1659 1982 eam
1718 1927 2111 1996 rempublicam

547 2019 928 2088 magnifaciet,
984 2034 1105 2089 quae
1160 2018 1306 2072 cives
1358 2033 1488 2072 suos
1538 2018 1592 2071 in
1652 2016 1855 2073 Christi
1894 2032 2112 2073 crucem

548 2122 602 2168 et
639 2121 864 2167 mortem
886 2113 1237 2165 continenter
1270 2109 1544 2176 reSpicere
1576 2108 1736 2162 vult?

1001 2197 1467 2255 CUNSTITUTlO
1522 2198 1620 2253 XI.

550 2291 627 2346 De
651 2307 798 2346 servo
823 2289 912 2359 qui
936 2290 1210 2359 ignorante
1255 2287 1467 2343 domino
1493 2290 1768 2357 episcopus
1809 2288 1987 2358 [actus
2013 2296 2111 2343 est.

623 2447 766 2501 Idem
800 2446 1094 2516 imperator
1122 2446 1397 2514 Stephano
1418 2445 1673 2500 sanctiss.
1697 2444 2116 2515 Constantinop.

550 2537 983 2606 archiepiscopo,
1025 2547 1078 2590 et
1108 2537 1434 2606 patriarcha)
1476 2536 1797 2589 universali.

624 2710 781 2777 Quod
810 2711 875 2766 de
897 2725 1056 2765 servo
1076 2709 1279 2779 (85-86)
1309 2708 1402 2778 qui
1427 2708 1791 2765 venerandam
1828 2709 2116 2764 sacerdotii

2218 478 2398 548 σεμνῷ
2451 477 2551 549 (τῷ
2597 474 2870 549 μοναδικῷ
2922 476 3324 547 ἐπαγγέλματι)
3378 480 3460 541 εἰς
3517 480 3796 549 πρόφασιν

2214 568 2559 639 ἀποχρῶνται
2612 568 2949 636 κακουργίας
3003 568 3210 637 (ῥᾴδιον
3250 571 3358 639 γὰρ
3406 572 3571 623 παντί
3602 570 3799 641 βουλο-

2217 658 2366 729 μένῳ
2428 658 2615 729 οἰκέτῃ
2671 658 2833 728 μέχρι
2864 657 3106 727 τριετίας
3135 659 3401 728 κρύπτειν
3426 662 3642 727 ἐαυτὸν,
3679 658 3805 716 εἶτα

2213 747 2317 817 τῆς
2338 747 2651 818 ἐλευθερίας
2682 746 3129 811 ἀντιποιεῖσθαι).

2287 837 2599 908 Κελεύομεν
2625 836 2693 902 ⁵³,
2725 838 2850 891 ὅσον
2886 836 2951 890 ἀν
2992 838 3085 890 καὶ
3127 836 3369 891 διαλάθοι
3398 839 3638 913 ὁγνώμῃ
3682 859 3801 896 τοι-

2215 928 2356 1001 αύτῃ
2380 928 2620 999 μονάσας
2639 928 2877 997 οἰκέτης,
2902 927 2998 981 ἐάν
3027 930 3055 981 ὁ
3094 928 3361 999 δεσπότης
3397 931 3457 983 ἐν
3496 930 3800 1001 οἱῳδήποτε

2215 1020 2391 1090 καιρῷ
2445 1019 2631 1073 τοῦτον
2683 1018 2924 1088 ἀνεύροι,
2988 1018 3127 1087 ὅπερ
3158 1018 3453 1090 κακούργῳ
3471 1023 3796 1091 προαιρέσει

2217 1109 2604 1181 περιϐέϐληται
2640 1108 2967 1161 ἀποδύεσθαι
2999 1109 3185 1178 σχῆμα
3214 1109 3310 1162 καὶ
3339 1109 3448 1162 ὑπὸ
3477 1110 3576 1181 τὴν
3596 1111 3797 1166 δεσποο

2214 1202 2373 1271 τικὴν
2425 1200 2673 1264 ἐξουσίαν
2724 1199 2886 1252 πάλιν
2947 1199 3111 1253 αὐτὸν
3165 1200 3632 1257 κατατάττεσθαι.
3662 1204 3801 1258 om

2216 1296 2326 1364 γὰρ
2370 1294 2518 1345 ἐστιν
2543 1293 2737 1356 εἰπεῖν,
2764 1289 2837 1353 ὡς
2864 1289 3081 1343 εὐλαϐετ
3111 1288 3516 1343 διαθέσειτοῦτο
3540 1294 3802 1363 περιεϐά-

2215 1385 2357 1447 λετο,
2381 1385 2483 1436 κᾶν
2533 1382 2687 1435 τοῦτο
2716 1381 2895 1449 λέγειν
2920 1378 3082 1442 αὐτὸς
3113 1379 3425 1435 πλάττοιτο.
3470 1382 3572 1434 Ἀν
3593 1400 3652 1435 τε
3686 1383 3798 1454 γάρ

2213 1472 2426 1534 εὐνοίας
2483 1471 2811 1537 δεσποτικῆς
2854 1466 3145 1523 ἀπολαύων
3201 1470 3324 1523 ἀντὶ⁵
3380 1470 3475 1524 τοῦ
3544 1472 3800 1542 στέργειν

2219 1566 2375 1634 μῖσος
2406 1560 2694 1617 ἀναλαϐὼν
2728 1562 2952 1631 φεύγειν
2988 1561 3151 1629 ἔγνω,
3182 1563 3420 1632 ἐσχάτης
3440 1563 3639 1627 κακίας
3664 1566 3801 1620 ἀπό.

2213 1655 2378 1721 δειξις
2402 1672 2416 1685 ο
2456 1654 2522 1707 ἀν
2561 1671 2620 1707 τε
2649 1649 2756 1724 (οἷα
2783 1654 2851 1706 τὰ
2880 1651 3216 1724 ἀνθρώπινα)
3250 1651 3512 1723 λυπηρῶν
3535 1670 3696 1708 τινων
3719 1655 3800 1719 εἰς

2213 1747 2407 1813 πεῖραν
2461 1743 2736 1805 καταστάς
2781 1742 2881 1795 οὐκ
2915 1744 3170 1814 ἤνεγκεν,
3225 1741 3362 1794 ἀλλά
3390 1741 3480 1794 διὰ
3514 1741 3673 1796 τοῦτο
3705 1743 3800 1797 τὸν

2211 1835 2472 1903 δεσπότην
2509 1835 2766 1899 ἀπέλιπε,
2815 1833 2932 1897 πῶς
2986 1834 3201 1904 ἐκείνην
3255 1834 3478 1903 τιμήσει
3506 1834 3606 1905 τὴν
3642 1836 3799 1889 πολι-

2211 1928 2384 1989 τείαν,
2418 1928 2515 1997 ἦν’
2544 1929 2670 1989 τοὺς
2704 1926 2928 1989 πολίτας
2981 1925 3071 1979 διὰ
3125 1925 3323 1988 παντὸς
3379 1927 3596 1996 ἀφορᾷν
3657 1926 3799 1997 πρὸς

2212 2019 2303 2072 τὸν
2342 2017 2436 2071 τοῦ
2486 2016 2719 2089 Χριστοῦ
2777 2017 3011 2087 σταυρὸν
3062 2016 3157 2069 καὶ
3194 2015 3284 2069 τὸν
3324 2015 3553 2069 θάνατον
3606 2016 3800 2087 βούλε-

2215 2127 2307 2164 ται
2338 2126 2353 2176 ;

2756 2196 3067 2252 ΔΙΑΤΑΞΙΣ
3108 2199 3185 2250 ιΑν
3200 2200 3268 2253 ⁸⁸.

2215 2290 2354 2359 Περὶ
2396 2289 2621 2343 δούλου
2679 2289 2995 2409 ferorng
3011 2288 3378 2409 όέπισκόπου
3420 2285 3636 2356 ἀγνοίᾳ
3689 2285 3798 2341 τοῦ

2888 2373 3006 2409 eam
3047 2374 3173 2409 του.

2888 2373 3173 2411 εσποτου.

2298 2450 2357 2502 'U
2386 2450 2547 2512 αὐτὸς
2602 2448 2851 2519 βασιλεὺς
2899 2449 3155 2520 Στεφάνῳ
3193 2448 3274 2518 τῷ
3313 2449 3600 2517 ἁγιωτάτῳ
3626 2449 3790 2518 ἀρχι-

2219 2542 2502 2611 επισκόπῳ
2525 2538 3156 2602 Κωνσταντινουπόλεως
3179 2542 3272 2593 καὶ
3296 2539 3659 2610 οἰκουμενικῷ
3689 2556 3801 2591 πα-

2224 2632 2593 2790 ἐπί
2649 2720 2743 2773 τοῦ
2799 2718 3097 2789 κλέψαντος
3157 2717 3368 2772 οἰκέτου
3398 2718 3458 2772 τὸ
3485 2718 3587 2789 τῆς
3636 2719 3800 2789 ἱερω-

552 2804 873 2873 dignitatem
937 2803 1149 2857 furatus
1195 2804 1287 2867 sit,
1342 2803 1483 2859 idem
1539 2812 1593 2856 et
1643 2802 1711 2857 de
1778 2801 1885 2855 illis
1943 2802 2115 2857 servis

2221 2811 2386 2882 σύνης
2456 2811 2652 2881 σεμνὸν
2709 2812 2946 2880 ἀξίωμα,
2977 2810 3135 2865 τοῦτο
3164 2812 3255 2863 καὶ
3279 2811 3501 2863 ἐπὶτῶν
3535 2814 3614 2873 εἰς
3642 2811 3802 2882 ἀρχιο

553 2898 753 2967 quibus
814 2896 1093 2951 nesciente
1151 2896 1372 2951 doman
1422 2896 1492 2950 ad
1564 2894 1811 2965 primat-ii
1860 2894 2115 2949 sacerdo-

2221 2902 2477 2973 ερατικὴν
2500 2901 2768 2966 δοξάντων
2787 2901 3183 2972 ἀναϐεϐηκέναι
3207 2901 3372 2971 τιμὴν
3396 2901 3625 2955 οἰκετῶν
3648 2901 3803 2971 παρά

554 2988 611 3039 tii
659 2987 895 3040 honores
952 2986 1325 3040 conscendere
1376 2986 1554 3041 visum
1607 2992 1729 3050 est,
1760 2984 2058 3039 statuimus
2101 3001 2115 3037 :

2221 2994 2320 3063 τὴν
2341 2991 2568 3062 γνώμην
2592 2992 2687 3045 τοῦ
2711 2992 2914 3044 οἰκείου
2941 2991 3199 3044 δεσπότου
3253 2992 3529 3061 ὁρίζομεν,
3563 2992 3625 3044 τὸ
3656 2993 3803 3046 κατά

554 3089 613 3133 ιιι
666 3076 916 3132 videlicet
970 3078 1271 3132 secundum
1344 3077 1731 3132 ecclesiastica;
1765 3075 2115 3131 constitutio-

2224 3084 2284 3136 τὸ
2314 3082 2559 3153 βούλημα
2611 3085 2709 3152 τῆς
2744 3081 3203 3151 ἐκκλησιαστικῆς
3246 3080 3542 3146 διατάξεως
3571 3080 3805 3149 ἀποχει-

555 3168 639 3221 nis
717 3168 1048 3220 voluntatem
1122 3167 1507 3231 exauctorati,
1565 3166 1771 3221 honore
1831 3166 1887 3220 in
1956 3180 2115 3236 quem

2229 3173 2563 3245 ροτονείσθαι
2620 3173 2721 3242 μὲν
2772 3172 2994 3235 τούτους
3038 3171 3139 3240 τῆς
3178 3172 3235 3224 ἐν
3276 3166 3675 3242 ᾖκατέστησαν
3704 3167 3804 3220 λά-

555 3260 695 3312 clam
747 3258 1105 3327 irrepserint,
1147 3260 1464 3328 priventur,
1499 3266 1552 3312 et
1611 3256 1679 3311 ad
1725 3272 1884 3313 suum
1949 3256 2115 3312 servi-

2226 3271 2329 3341 θρα
2374 3269 2560 3339 τιμῆς,
2623 3269 2758 3338 πρὸς
2811 3267 2868 3320 δὲ
2896 3267 2957 3319 τὸ
2983 3268 3183 3320 οἰκεῖον
3227 3268 3320 3319 καὶ
3364 3265 3550 3318 δοῦλον
3611 3263 3805 3334 σχῆμα

559 3350 773 3417 lemque
835 3356 1036 3402 statum
1103 3346 1621 3403 reducantur.Non
1668 3349 1813 3403 enim
1878 3348 2115 3418 profecto

2228 3359 2562 3428 ὑπάγεσθαι.
2594 3359 2666 3411 Ού
2706 3358 2815 3427 γάρ
2840 3357 2904 3426 δὴ
2932 3358 3058 3421 τοὺς
3102 3357 3199 3427 μὲν
3234 3356 3405 3419 ἄλλως
3439 3356 3804 3424 ὑφελομένους

556 3439 649 3509 qui
687 3440 810 3493 aliis
833 3439 888 3493 in
918 3439 1082 3495 rebus
1136 3440 1283 3494 furto
1326 3442 1409 3495 vel
1446 3440 1639 3495 fraude
1663 3440 1869 3509 aliquid
1901 3440 2115 3494 subtra-

2228 3466 2287 3503 rt
2316 3449 2491 3518 κλοπῇ
2554 3446 2649 3500 καὶ
2705 3447 2889 3516 ἀπάτῃ
2918 3447 2978 3497 ού
3013 3445 3172 3514 μόνον
3210 3446 3271 3497 ού
3313 3444 3743 3514 συγχωρήσομεν
3768 3441 3805 3496 ἃ

556 3533 712 3596 Ιιιιιιι,
761 3532 847 3587 his
880 3546 982 3585 non
1041 3533 1201 3587 modo
1226 3549 1289 3589 ea
1328 3548 1452 3604 qua:
1483 3532 1862 3588 subtraxerint
1888 3532 2115 3587 retinere

2223 3541 2504 3611 ὑφείλοντο
2559 3538 2701 3609 ἔχειν
2752 3538 3089 3607 ἀναφαίρετα
3111 3575 3127 3600 ,
3189 3537 3303 3590 ἀλλ’
3358 3537 3527 3589 ἐνίοτε
3589 3537 3684 3589 καὶ
3728 3535 3807 3598 ὡς

556 3638 666 3677 non
719 3623 1097 3689 concedimus,
1140 3625 1236 3680 sed
1266 3625 1537 3680 interdum
1571 3624 1737 3679 etiam
1756 3632 1817 3679 ut
1846 3624 2115 3679 maleﬁcos

2222 3631 2564 3701 κακούργους
2598 3627 3047 3699 τιμωρησόμεθα,
3072 3629 3197 3691 τοὺς
3225 3627 3283 3679 δὲ
3313 3626 3631 3697 τολμῶντας
3658 3624 3805 3678 οῦτω

557 3716 868 3784 puniemus,
904 3723 957 3770 et
994 3718 1086 3787 qui
1146 3726 1423 3771 tantarum
1480 3732 1662 3773 rerum
1694 3716 1839 3771 furta
1896 3717 2119 3783 audent,

561 3809 661 3861 hos
685 3808 807 3862 inde
841 3808 1069 3863 honeste
1102 3808 1301 3873 vivere,
1329 3819 1383 3863 et
1412 3824 1476 3863 ex
1495 3824 1602 3863 uno
1638 3808 1850 3863 fraudis
1883 3810 2124 3878 pessimo

560 3899 823 3952 exercitio
878 3899 989 3952 duo
1043 3902 1287 3953 omnium
1324 3900 1483 3970 longe
1522 3901 1938 3970 pretiosissima,
1973 3902 2132 3956 liber-

2226 3719 2475 3792 μεγάλων
2524 3718 2865 3788 πραγμάτων
2896 3716 3124 3779 κλοπάς,
3179 3717 3402 3779 τούτους
3438 3717 3673 3786 ἐάσομεν
3711 3732 3806 3768 σε·-

2229 3808 2377 3880 μνῶς
2400 3809 2465 3859 ἐκ
2488 3805 2581 3859 τοῦ
2607 3805 2802 3875 κλέψαι
2834 3804 3040 3871 διάγειν
3085 3806 3178 3857 καὶ
3203 3805 3320 3867 ἐνὸς
3345 3805 3506 3858 ἄθλου
3533 3804 3801 3858 κακίστου

2237 3901 2335 3971 τῆς
2376 3899 2590 3967 ἀπάτης
2619 3897 2713 3950 δύο
2766 3895 3071 3966 κερδαίνειν
3107 3896 3177 3950 τά
3220 3896 3551 3967 τιμιώτατα.
3584 3894 3807 3949 ἐλευθε-

560 3997 727 4042 tatem
751 4000 804 4044 et
830 3990 1118 4044 sacerdotii
1153 3990 1587 4059 praerogativam,
1621 3992 1820 4046 lucrari
1852 3993 2115 4048 sinemusf

2242 3993 2362 4063 ρίαν
2384 3992 2478 4045 καὶ
2503 3988 2801 4060 ἱερωσύνης
2820 3988 3111 4058 προνόμιον
3136 4006 3152 4055 ;

633 4083 775 4155 Ergo
805 4087 851 4139 si
884 4087 1009 4155 quis
1035 4100 1226 4141 servus
1255 4087 1539 4154 ignorante
1587 4086 1810 4142 domino
1838 4090 2126 4159 episcopus

559 4184 776 4232 creatus
827 4177 919 4241 sit,
974 4177 1097 4231 inde
1127 4177 1193 4231 ad
1226 4176 1504 4233 servitutis
1557 4177 1814 4249 eli‘ugium
1847 4180 1924 4233 nil
1966 4179 2127 4249 juva-

562 4281 672 4323 tur.

1029 4444 1497 4502 CONSTITUTIO
1530 4445 1644 4501 XII.

702 4538 778 4593 De
815 4538 1141 4607 ofﬁcinarum
1188 4538 1300 4609 (87)
1336 4537 1547 4609 Magna:
1578 4538 1810 4594 ecclesia:
1855 4554 1975 4593 usu.

634 4693 777 4746 Idem
848 4693 1143 4760 imperator
1206 4691 1515 4762 Stephano,
1545 4676 1825 4749 sanctiss:
1866 4692 2134 4751 Constan-

564 4782 735 4851 tinop.
769 4781 1217 4852 archiepiscopo,
1247 4791 1303 4839 et
1332 4783 1655 4854 patriarchae
1684 4784 1999 4840 universali.

630 4959 1023 5015 Constantinus
1064 4961 1199 5033 (88),
1235 4962 1324 5017 hic
1354 4962 1449 5033 qui
1502 4961 1712 5032 primus
1746 4962 1976 5030 Christi,
2034 4981 2137 5022 no-

2150 4489 2199 4547 Β

2300 4086 2601 4157 Τοιγαροῦν
2645 4084 2741 4137 καί⁵
2765 4083 2819 4135 εί
2836 4085 2882 4116 ⁸⁸
2912 4100 2995 4147 τις
3026 4082 3213 4146 δοῦλος
3241 4082 3316 4134 ῶν
3350 4081 3541 4151 ἀγνοίᾳ
3584 4078 3681 4132 τοῦ
3719 4080 3803 4133 οί-

2228 4178 2374 4232 κείου
2398 4176 2657 4230 δεσπότου
2675 4174 2971 4236 ἐπίσκοπος
2993 4172 3453 4243 κεχειροτόνηται,
3482 4170 3571 4222 καὶ
3586 4165 3740 4232 οὗτος
3752 4169 3800 4201 ⁸⁷

2229 4266 2395 4337 μηδὲν
2427 4267 2492 4318 ἐκ
2521 4264 2622 4334 τῆς
2677 4261 2933 4332 τοιαύτης
2986 4261 3284 4332 βοηθείσθω
3339 4259 3669 4330 χειροτονίας
3719 4260 3801 4321 είς

2223 4356 2521 4427 ἀποφυγὴν
2550 4355 2650 4426 τῆς
2676 4353 2922 4415 δουλείας

2791 4441 3102 4497 ΔΙΑΤΑΞΙΣ
3131 4440 3230 4496 IB'.

2227 4543 2367 4609 Περι
2404 4537 2516 4607 τῆς
2568 4534 2687 4589 τῶν
3165 4530 3369 4653 ἄρειας
3390 4528 3502 4598 τῆς
3524 4529 3807 4599 Μεγάλης

2323 4700 2383 4752 '0
2412 4697 2574 4760 αὐτὸς
2629 4695 2884 4766 βασιλεὺς
2932 4691 3189 4761 Στεφάνῳ
3212 4691 3292 4762 τῷ
3323 4691 3611 4761 ἁγιωτάτῳ
3645 4692 3806 4761 ἀρχι-

2236 4790 2521 4859 επισκόπῳ
2606 4781 3229 4846 Κωνσταντινουπόλεως
3286 4782 3386 4837 καὶ
3441 4779 3809 4851 οἰκουμενικῷ

2240 4880 2578 4951 πατριάρχῃ.

2311 4968 2716 5030 Κωνσταντϊνος
2743 4967 2772 5019 ὁ
2802 4963 3019 5036 πρῶτος
3039 4967 3108 5035 τῇ
3138 4961 3234 5018 τοῦ
3266 4963 3504 5036 Χριστοῦ
3530 4962 3721 5035 κλήσει
3747 4963 3813 5019 τὸ

1863 5122 2095 5179 VARIIE
2134 5123 2541 5183 LECTIONES.

638 5234 840 5317 'f_Ecl._
866 5233 1259 5317 hi_n_c"i.ncipit..
1366 5230 1785 5317 ’θοι-Μέλης...
1822 5238 1870 5317 ξ’
1896 5236 2005 5317 33st
2030 5239 2090 5317 _in
2142 5239 2258 5317 l_~3cl.
2298 5240 2433 5317 Nov.
2483 5242 2714 5317 septima
2743 5238 3479 5317 etlaudatur_a_Balsamone
3508 5239 3643 5295 locis
3670 5236 3810 5317 Nov.

565 5308 600 5364 9
630 5307 895 5374 allegatis.
918 5306 963 5339 "
988 5306 1131 5377 Hinc
1151 5304 1344 5375 incipit
1364 5305 1476 5360 Ecl.
1549 5306 1597 5339 "
1624 5304 1715 5361 Sic
1747 5304 1861 5363 Ecl.
1896 5307 2085 5365 Zuicb.
2116 5308 2260 5365 οὕτω
2282 5304 2688 5377 ;Meerm.'cod.
2718 5312 2799 5372 εἰς
2824 5309 2907 5363 τό.
2977 5308 3024 5342 ³³
3060 5308 3250 5363 Zuich.
3290 5319 3346 5364 et
3394 5309 3615 5367 Meerm.
3644 5309 3813 5364 codd.

568 5378 840 5432 rubricam
861 5389 968 5429 non
985 5375 1203 5429 habent.

2086 5460 2317 5520 NOTAE.

642 5558 755 5627 (84)
774 5557 850 5612 Ne
873 5571 940 5612 ex
968 5569 1069 5612 sua
1103 5553 1232 5625 fuga
1258 5563 1316 5611 et
1367 5551 1719 5623 improbitate
1770 5552 2119 5611 commodum

571 5635 955 5695 consequatur.

643 5691 851 5768 (85-36)
882 5694 1019 5751 Nov.
1050 5694 1140 5765 9|,
1165 5707 1330 5765 supra
1362 5691 1485 5749 eod.

2307 5552 2420 5620 (.87)
2448 5553 2663 5611 Novell.
2702 5554 2793 5609 ιι.
2823 5552 3038 5610 Novell.
3069 5555 3159 5611 59.

2234 5621 2423 5761 1)ΐὲἓὲ)
2452 5622 2572 5679 Vid.
2633 5623 2689 5679 d.
2720 5622 2860 5681 Nov.
2894 5623 2967 5679 45
3004 5624 3064 5680 in
3093 5625 3299 5696 princ.,
3352 5635 3409 5683 et
3460 5622 3599 5681 Nov.
3629 5623 3700 5679 59
3747 5622 3807 5679 in
