4088 6208
342 284 451 348 449

1443 275 1806 360 NOVELLJE
1835 300 2504 365 CONSTITUTIONES.

3498 324 3600 390 450

344 397 547 465 στέφος
583 397 680 467 τῆς
707 396 984 466 βασιλείας
1028 399 1448 473 βασιλικώτερον
1500 407 1788 479 ἀποφήνας
1820 409 1904 461 τῶε

2031 411 2176 466 mine
2207 412 2419 481 imperii
2473 428 2733 470 coronam
2758 418 3186 488 splendidiorem
3218 438 3282 480 ac
3323 434 3605 497 augustio-

338 488 524 544 ἄλλων
549 487 717 544 αὐτοῦ
751 490 1197 560 κατορθωμάτων
1220 495 1314 547 καὶ
1337 496 1437 565 τῆς
1464 497 1756 569 βασιλικῆς
1786 519 1923 573 προ-

338 581 493 645 νοίας
539 579 762 645 ἐπάξιον
792 582 1073 636 καὶτοῦτο
1114 587 1549 656 προνενοημένος
1587 591 1649 642 τὸ
1672 592 1802 660 περὶ
1828 593 1928 661 τῆς

335 672 448 725 τῶν
506 672 893 743 ἀποιχομένων
937 676 1137 745 ταφῆς,
1177 669 1336 749 οὒςή
1378 680 1583 750 ἀπορία
1637 683 1797 752 μέχρι
1834 686 1929 737 καὶ

333 762 535 817 τούτου
569 763 801 834 συνέχει,
827 765 1171 837 ἐργαστήρια
1198 770 1264 839 τῇ
1300 770 1432 839 ἁγίᾳ.
1450 773 1544 824 τοῦ
1564 772 1703 826 Θεοῦ
1731 773 1928 827 ἑπέτα-

332 855 427 921 ξεν
459 855 749 925 ἐκκλησίᾳ,
784 849 860 909 ὧν
894 859 960 909 ὲκ
985 857 1079 910 τοῦ
1110 857 1298 923 τέλους
1339 861 1575 931 διῴκησε
1606 864 1707 935 τὴν
1734 866 1925 934 χρείαν

331 946 434 1014 τῆς
470 945 655 1016 ταφῆς
674 946 1051 1017 χορηγεῖσθαι.
1080 948 1303 1020 Ταύτην
1323 951 1379 1006 δὲ
1404 954 1513 1023 ἄρα
1537 954 1639 1025 τὴν
1666 957 1925 1025 πρόνοιαν

334 1033 566 1105 ὕστερον
598 1034 969 1112 εὐσεᾷούντων
993 1037 1208 1107 ἀνδρῶν
1231 1041 1516 1111 φιλοτιμία
1536 1044 1920 1117 διαδεξαμένη,

330 1126 473 1195 αὐτή
495 1142 556 1178 τε
585 1129 699 1190 τοῖς
719 1128 947 1199 ἀπόροις
989 1131 1074 1194 είς
1104 1131 1283 1203 ταφὴν
1338 1133 1678 1203 ἐπαρκοῦσα,
1719 1139 1818 1205 τὴν
1844 1140 1923 1201 είς

328 1219 541 1289 ταύτην
601 1218 701 1289 τὴν
737 1220 930 1290 χρείαν
968 1223 1235 1293 χορηγίαν
1276 1223 1572 1289 ἀνέτειλεν,
1616 1229 1711 1283 καὶ
1743 1226 1838 1280 νῦν
1860 1228 1923 1280 τὸ

330 1311 600 1379 παράπαν
656 1311 811 1365 οὐδὲν
863 1313 1072 1366 ἐκεῖθεν
1127 1314 1324 1384 ὁρᾶται
1371 1315 1496 1369 καθ’
1544 1320 1611 1388 ἢν
1641 1317 1699 1382 ἐξ
1732 1318 1916 1389 ἀρχῆς

330 1401 489 1453 ἔθετο
535 1403 796 1472 φροντίδα
826 1404 854 1456 ὁ
899 1406 1371 1475 τρισμακάριστος
1416 1406 1669 1476 βασιλεὺς
1715 1410 1920 1463 οίκονοε

332 1490 440 1560 μού
449 1507 635 1561 μενον.

414 1670 578 1726 Ἀλλά
605 1671 715 1742 γὰρ
748 1671 949 1736 εἰδότες
984 1672 1171 1744 ἡμετς,
1204 1674 1278 1738 ὡς
1303 1673 1450 1741 ἅπαξ
1484 1676 1517 1745 ή
1544 1677 1814 1746 ἐκκλησία
1843 1679 1911 1733 τά

2030 512 2143 552 rem
2177 500 2433 564 reddidit,
2458 502 2549 557 ubi
2577 506 2741 561 etiam
2775 506 3000 580 dignum
3032 514 3156 569 aliis
3177 515 3295 571 suis
3325 519 3606 587 praeclaris

2029 589 2846 667 facinoribusimperatoriaque
2883 617 3012 658 cura
3066 604 3183 662 fore
3210 611 3605 679 prospexisset,

2028 680 2096 735 de
2125 685 2404 751 sepultura
2437 702 2633 757 nempe
2672 706 2861 746 eorum
2905 705 3245 754 mortuorum
3280 718 3419 771 quos
3460 704 3515 758 in
3542 673 3637 759 ea.

2027 770 2192 825 etiam
2238 789 2298 829 re
2343 786 2558 845 egestas
2606 792 2897 848 premeret,
2944 786 3226 854 ofﬁcinas,
3274 805 3340 846 ex
3373 808 3605 861 quarum

2025 864 2273 934 vectigali
2299 871 2638 926 necessarios
2661 873 2726 927 ad
2743 874 3052 935 humandos
3084 892 3329 939 mortuos
3349 884 3604 957 sumptus

2025 956 2453 1023 suppeditandos
2500 964 2853 1031 ordinasset,
2926 981 3131 1026 sancta:
3205 973 3300 1029 Dei
3356 977 3605 1032 ecclesiae

2024 1048 2335 1116 applicavit.
2368 1051 2543 1106 EHanc
2576 1055 2742 1125 igitur
2793 1061 3161 1129 provisionem
3208 1080 3333 1119 cum
3385 1067 3599 1136 piorum

2024 1135 2304 1192 hominum
2333 1142 2610 1198 annulatio
2641 1150 2991 1215 postmodum
3022 1156 3352 1224 excepisset,
3386 1135 3508 1229 quae
3542 1168 3598 1215 et

2023 1226 2139 1295 ipsa
2173 1231 2506 1298 pauperibus
2532 1234 2598 1288 ad
2631 1239 3002 1306 sepeliendum
3035 1243 3326 1311 sufﬁceret,
3363 1226 3601 1316 permul:

2023 1319 2243 1373 tumilla
2278 1322 2332 1376 in
2348 1324 2494 1378 hunc
2528 1340 2689 1380 usum
2721 1340 2975 1398 sumptus
3006 1347 3073 1385 au
3094 1337 3189 1389 xit.
3221 1335 3419 1392 Verum
3454 1354 3600 1394 nunc

2020 1410 2248 1464 omnino
2316 1413 2451 1468 nihil
2483 1429 2547 1470 ea
2583 1414 2974 1484 sollicitudine,
3029 1437 3135 1490 qua
3187 1423 3344 1479 initio
3379 1435 3465 1481 ter
3511 1430 3601 1483 ille

2017 1507 2321 1572 quaterque
2354 1505 2546 1560 beatus
2590 1509 2850 1579 princeps
2876 1511 3071 1579 voluit,
3106 1514 3416 1584 dispensari
3471 1520 3599 1575 inde

2019 1588 2229 1646 videas.

2090 1679 2157 1734 At
2197 1695 2320 1745 nos,
2351 1690 2405 1736 et
2431 1684 2669 1740 scientes
2722 1686 2941 1754 quidem
2971 1691 3118 1759 quod
3151 1702 3445 1764 postquam
3490 1712 3599 1753 ec-

316 1762 439 1845 frti
490 1762 874 1832 ἐργαστηρίων
915 1762 1265 1834 οἰκειουμένη
1290 1765 1442 1835 τέλη,
1468 1768 1518 1821 εἰ
1541 1769 1636 1821 καὶ
1675 1768 1748 1839 μὴ
1774 1772 1904 1840 πρὸς

2017 1769 2184 1825 clesia
2257 1769 2600 1827 ollicinarum
2660 1776 2947 1846 vectigalia
2988 1755 3597 1852 occupavit-(tametsi

328 1855 399 1924 ἦν
425 1854 485 1919 ἐξ
517 1854 692 1925 ἀρχῆς
715 1853 926 1926 ὡρίσθη
948 1854 1250 1925 θεραπείαν
1277 1855 1372 1910 τοῦ
1400 1857 1547 1911 θείου
1568 1861 1709 1914 αὐτὰ
1740 1879 1912 1916 κατα·

325 1946 587 2000 ϐάλλεται
632 1945 721 2000 διά
753 1946 815 1999 τὸ
863 1947 938 2018 μὴ
972 1948 1073 2016 τὴν
1104 1949 1295 2019 χρείαν
1344 1949 1670 2020 ὲπιζητεϊν,’
1692 1952 1826 2006 ἀλλά
1848 1970 1913 2021 γε

325 2039 469 2109 πρὸς
519 2038 713 2109 ἑτέραν
774 2039 899 2094 τινὰ
955 2038 1174 2103 πάντως
1223 2040 1564 2112 λειτουργίαν
1616 2046 1708 2097 καὶ
1744 2045 1913 2116 αὐτὴν

325 2129 743 2200 θεραπεύουσαν
757 2128 819 2183 τὸ
835 2134 1085 2201 κρεῖττον
1111 2130 1286 2185 ταῦτα
1306 2134 1603 2203 οἰκονομεῖ,
1627 2133 1908 2206 ὁρίζομεν,

324 2220 425 2288 τὴν
477 2216 742 2272 ἀνέκαθεν
764 2218 895 2290 mp1
921 2219 1128 2274 τούτων
1154 2219 1399 2288 διάταξιν
1431 2222 1689 2294 ἀκίνητον
1717 2223 1910 2294 διαμέο

325 2324 459 2363 νειν.
503 2309 661 2362 Ἔστι
708 2310 754 2363 δ’
780 2310 896 2380 ἅμα
935 2310 1154 2366 πάντων
1207 2311 1317 2366 τῶν
1359 2314 1441 2376 είς
1467 2314 1672 2384 ταύτην
1715 2317 1911 2368 ἀποτε-

322 2400 619 2470 ταγμένων
641 2400 740 2471 τὴν
780 2401 1125 2473 λειτουργίαν
1160 2403 1542 2475 ἐργαστηρίων
1574 2404 1768 2459 ἑκατὸν
1814 2405 1911 2459 ἐπὶ

324 2490 519 2559 χιλίοις
542 2491 578 2561 ἡ
600 2491 1000 2563 ἀπαρίθμησις.
1466 2508 1475 2516 ‘
1508 2522 1509 2525 η

866 2583 1178 2639 ΔΙΑΤΑΞῙΣ
1222 2585 1301 2639 ΙΓ¹
1315 2585 1381 2638 ⁸⁵.

534 2672 675 2740 Περὶ
722 2671 843 2726 τῶν
856 2671 1152 2741 διηνεκῶν
1177 2673 1605 2743 ἐμφυτεύσεων
1624 2675 1693 2728 θ’.

405 2760 465 2815 '0
490 2762 653 2826 αὐτὸς
709 2762 967 2832 βασιλεὺς
1008 2764 1266 2834 Στεφάνῳ
1318 2764 1394 2833 τῷ
1426 2765 1717 2835 ἁγιωτάτῳ
1750 2766 1910 2836 ἀρχι-

324 2853 611 2923 επισκόπῳ
690 2855 1314 2920 Κωνσταντινουπόλεως
1370 2858 1464 2910 καὶ
1540 2858 1907 2927 οἰκουμενικῷ

323 2944 668 3015 πατριάρχῃ.

388 3034 632 3103 Πρᾶγμα
662 3038 1045 3092 πλεονεκτικόν
1069 3054 1129 3091 τε
1156 3039 1248 3091 καὶ
1272 3039 1511 3108 ἄθεσμον
1548 3041 1645 3093 καὶ
1669 3040 1773 3093 ὑπὸ
1795 3039 1902 3094 τῶν

1928 3080 1975 3140 C

2014 1860 2160 1931 quod
2192 1878 2325 1917 usus
2369 1879 2475 1919 non
2512 1866 2777 1937 postulet)
2808 1868 2861 1921 in
2897 1884 3058 1939 quem
3091 1870 3159 1926 ab
3187 1871 3347 1927 initio
3380 1878 3595 1929 consti-

2013 1961 2192 2007 tutum
2240 1963 2346 2019 est,
2396 1954 2645 2012 Numinis
2678 1958 2881 2012 cultum
2919 1960 3009 2013 illa
3062 1977 3171 2016 non
3210 1964 3504 2032 expendat,
3538 1966 3595 2019 in

2013 2042 2157 2095 aliud
2198 2050 2381 2097 tamen
2438 2047 2732 2115 quodpiam
2788 2048 3175 2113 ministerium,
3206 2060 3261 2105 et
3307 2052 3488 2123 ipsum
3524 2055 3593 2109 ad

2012 2134 2254 2188 numinis
2284 2134 2492 2187 cultum
2536 2136 2846 2203 pertinens,
2886 2151 3116 2206 prorsus
3145 2140 3236 2194 illa
3274 2141 3593 2212 dispenset:

2012 2224 2305 2279 statuimus
2327 2264 2341 2288 ,
2373 2232 2435 2278 ut
2474 2240 2594 2293 quae
2617 2226 2686 2281 de
2720 2226 2805 2283 his
2830 2227 2943 2295 jam
2984 2229 3112 2283 olim
3157 2231 3299 2286 edita
3319 2233 3595 2289 constitu-

2013 2313 2321 2385 tio(89-90)
2350 2323 2454 2380 est,
2485 2315 2709 2369 immota
2740 2318 3066 2374 ctinviolata
3100 2332 3438 2391 permaneat.
3466 2322 3595 2382 Otil-

2010 2403 2149 2457 eina:
2179 2412 2359 2457 autem
2384 2419 2575 2459 omnes
2605 2419 2727 2474 qua:
2757 2405 2813 2460 in
2844 2407 2948 2462 hoc
3003 2410 3369 2466 ministerium
3432 2414 3593 2468 attri-

2012 2493 2155 2549 butae
2188 2502 2339 2559 sunt,
2362 2510 2527 2564 supra
2552 2495 2699 2551 mille
2716 2510 2945 2553 numero
2978 2509 3109 2554 sunt
3138 2503 3204 2556 ad
3234 2512 3481 2558 centum.

2463 2584 2951 2659 CONS’I‘ITUTIOJ
2979 2588 3120 2644 Xlll.

2291 2674 2367 2729 De
2398 2677 2658 2745 perpetuis
2716 2679 3141 2747 eniphyteusibus
3174 2680 3307 2750 (9|).

2084 2765 2225 2820 Idem
2280 2766 2577 2833 imperator
2602 2766 2899 2837 Stephano,
2937 2770 3289 2825 sanctissimo
3317 2771 3592 2828 Constan-

2011 2854 2186 2926 tinop.
2217 2858 2657 2928 archiepiscopo,
2679 2867 2735 2914 et
2764 2860 3091 2928 patriarchae
3118 2863 3448 2919 universali.

2080 3031 2214 3087 Rem
2260 3031 2664 3089 fraudulentam
2719 3037 2885 3091 simul
2926 3045 2981 3092 et
3009 3039 3257 3094 illicitam
3289 3055 3588 3097 consecra-

321 3123 689 3193 προίστασθαι
740 3125 1014 3196 λαχόντων
1075 3127 1185 3181 τῶν
1242 3128 1682 3197 ἀνατεθειμένων
1734 3130 1900 3183 οἴκων

2006 3129 2184 3177 tarum
2217 3124 2331 3181 Deo
2369 3127 2566 3181 aedium
2598 3128 2976 3196 (ecclesiarum
3001 3131 3274 3197 videlicet,
3309 3132 3587 3202 hospitio~

322 3214 443 3286 Θεῷ
473 3217 640 3285 (φημὶ
657 3216 722 3287 δὴ
749 3218 1055 3286 ἐκκλησιῶν
1096 3218 1189 3271 καὶ
1241 3218 1599 3287 ξενοκομείων
1627 3220 1721 3271 καὶ
1742 3236 1901 3289 χηρο-

315 3305 586 3377 τροφείων
608 3306 652 3338 ⁶¹
706 3309 801 3360 καὶ
849 3308 1357 3379 δρφανοτροφείων)
1420 3312 1540 3372 ταῖς
1587 3311 1889 3380 ἡμετέραις

318 3396 512 3458 ἀκοαῖς
568 3395 836 3467 ἀνηνέχθη
876 3398 1196 3466 τολμᾶσθαι.
1237 3398 1360 3452 Τῶν
1399 3399 1509 3467 γὰρ
1543 3399 1900 3469 ὲκδιδομένων

316 3484 527 3555 ἔφασαν
573 3488 914 3558 οἰκημάτων,
963 3490 1064 3560 ἢδη
1103 3488 1197 3541 τοῦ
1226 3491 1735 3559 συμπεφωνημένου
1776 3490 1901 3559 χρό-

317 3592 412 3629 νου
467 3576 902 3648 ὲκμετρηθέντος
968 3580 1060 3631 καὶ⁸
1105 3578 1359 3647 περιόδου
1410 3579 1688 3645 ἐνστάσης
1722 3580 1900 3649 ἀρχῆς

317 3669 413 3721 καὶ
475 3668 843 3731 ἀνανεώσεως
891 3669 994 3739 τῆς
1049 3669 1256 3723 τούτων
1279 3669 1626 3740 διακατοχῆς,
1656 3670 1718 3723 οὐ
1752 3670 1898 3736 γίνε-

317 3757 442 3812 σθαι
492 3760 592 3832 τὴν
634 3760 942 3834 καταϐολὴν
983 3763 1297 3834 ὡρισμένην
1345 3762 1489 3828 τινὰ,
1523 3764 1588 3831 ἣν
1616 3761 1710 3814 καὶ
1751 3761 1899 3823 ἰδίως

313 3851 650 3906 είσδεκτικὸν
669 3852 925 3906 καλοῦσιν
946 3895 959 3919 ,
991 3854 1106 3907 ἀλλ’
1132 3855 1206 3917 ὼς
1234 3855 1299 3906 ἂν
1330 3854 1585 3922 παραστῇ
1615 3854 1680 3923 τῇ
1703 3851 1898 3905 πλεον-

313 3941 434 4013 εξίᾳ
479 3943 589 3996 τῶν
645 3944 916 4013 λαχόντων
972 3946 1071 4015 τὴν
1123 3944 1477 4015 προστασίαν,
1522 3942 1665 3995 οὕτω
1728 3942 1899 4013 βαρύ-

314 4036 504 4088 νεσθαι
567 4038 686 4099 ταῖς
732 4038 1008 4100 τοιαύταις
1032 4036 1350 4107 εἰσπράξεσι
1385 4035 1510 4098 τοὺς
1529 4034 1638 4087 τῶν
1658 4035 1894 4104 οἰκημά-

311 4145 422 4181 των
446 4128 821 4199 διακατόχους.

382 4219 555 4271 Τοῦτο
617 4222 750 4287 γοῦν
801 4222 896 4274 καὶ
926 4220 1099 4282 ἄλλως
1151 4219 1251 4289 μὲν
1284 4219 1521 4291 χαλεπὸν
1558 4218 1762 4272 ἀπασιν
1794 4219 1898 4271 ὑπ-

310 4307 481 4378 άρχον
533 4310 888 4381 συνορῶντες,
922 4312 1159 4381 μάλιστα
1184 4311 1242 4364 δὲ
1268 4311 1565 4380 γινόμενον,
1584 4309 1897 4379 χαλεπώτε-

2002 3230 2145 3283 rum,
2172 3226 2227 3271 et
2271 3219 2449 3274 viduis
2503 3222 2833 3291 pupillisque
2908 3223 3124 3279 alendis
3184 3224 3588 3280 destinatarum

2002 3308 2290 3375 domuum)
2324 3310 2611 3378 praefectos
2638 3313 2802 3366 etiam
2834 3314 3036 3370 audere
3079 3317 3145 3370 ad
3181 3327 3399 3374 nostras
3430 3319 3585 3374 dela-

2004 3408 2115 3452 tum
2165 3406 2251 3455 εει
2304 3415 2489 3456 aures.
2533 3399 2826 3457 Narratum
2866 3415 2949 3459 CSI.
3005 3407 3149 3459 enim
3204 3422 3328 3461 cum
3381 3409 3580 3463 domus

2000 3486 2227 3542 elocatae
2280 3488 2683 3558 sint,jamque
2741 3500 2956 3561 tempus
3012 3501 3172 3559 pacto
3227 3496 3587 3551 constitutum

2002 3573 2278 3639 decurrat,
2304 3577 2827 3645 quandolocationis
2858 3581 3129 3634 terminus
3184 3597 3247 3636 ac
3273 3585 3586 3653 passessioo

2002 3665 2089 3719 nis
2122 3666 2405 3720 renovatio
2439 3665 2551 3735 {92)
2578 3669 2766 3732 instat,
2802 3683 2909 3723 non
2942 3668 3059 3725 ﬁeri
3085 3680 3291 3726 certam
3333 3674 3575 3744 aliquai-

2001 3765 2056 3811 et
2077 3764 2338 3811 statutam
2356 3757 2707 3821 solutionem,
2743 3774 2907 3828 quam
2934 3762 3199 3830 peculiari
3228 3766 3452 3820 nomine
3473 3767 3587 3819 eta-

1998 3847 2248 3901 δεκτικὸν
2279 3847 2391 3919 (95)
2425 3860 2644 3914 vocant,
2701 3850 2795 3904 sed
2846 3853 3125 3920 quomodo
3181 3853 3453 3923 praefectis
3476 3870 3580 3921 pro

2001 3939 2247 4010 ipsorum
2283 3940 2511 3993 avaritia
2556 3942 2731 3994 visum
2787 3942 2879 4005 sit,
2940 3943 3015 3997 ita
3072 3947 3453 4002 exactionibus
3483 3946 3579 4002 do-

2003 4046 2190 4085 muum
2224 4046 2571 4102 possessores
2595 4034 2946 4102 praegravari.

2073 4211 2129 4265 ld
2164 4211 2331 4282 igitur
2354 4225 2478 4265 cum
2506 4212 2763 4266 omnibus
2793 4228 2980 4283 grave,
3010 4224 3124 4270 tum
3160 4219 3581 4289 pauperioribus

2002 4301 2173 4374 (quod
2197 4302 2272 4356 ita
2309 4302 2442 4370 ipsis
2480 4301 2672 4356 durior
2701 4305 2961 4371 egestatis
2994 4309 3298 4362 necessitas
3329 4309 3580 4366 impona-

1603 4488 1838 4542 \'AllllE
1870 4488 1890 4542 Ι
1900 4481 2279 4543 .ΕΟΤ1οΝΕ8.

381 4606 428 4639 ⁸⁸
458 4603 515 4659 ln
543 4604 661 4659 Ecl.
691 4602 828 4661 Nov.
853 4605 907 4659 8.
952 4607 998 4638 ⁸⁸
1029 4604 1143 4660 Ecl.
1177 4607 1304 4675 περὶ
1356 4603 1747 4671 ἀνακάμψεως.

306 4675 576 4747 τροφέων.

1852 4601 1893 4632 ⁶¹
1924 4599 2115 4653 Znich.
2155 4605 2211 4651 et
2264 4595 2555 4649 Mecrman.
2609 4595 2732 4650 cod.
2791 4598 3219 4669 χειροτροφέωνς
3254 4600 3393 4655 Beck
3418 4618 3583 4676 γηρο-

1826 4798 2062 4856 NOT/E.

380 4928 879 5003 (@9'99lNov-2‘5-
1109 4993 1122 5003 .
1173 4994 1185 5003 .
1318 4992 1331 5003 .
1399 4992 1411 5003 .
1605 4991 1655 5003 ..
1702 4989 1738 5003 η
1785 4989 1797 5001 .

380 4988 496 5069 (91)
524 4988 756 5065 Quidam
789 4998 976 5066 legunt
1004 4993 1133 5065 περὶ
1162 4992 1551 5063 ἀνακάμψεως,
1567 4991 1679 5045 vid.
1698 4989 1821 5059 Cuj.
1853 4988 1887 5041 2

311 5070 494 5207 Εείθέδ
509 5070 918 5199 5διὶναιηινεώσεως
942 5206 945 5207 ν
967 5136 1089 5190 Scr.
1131 5133 1395 5207 Cujaeius
1521 5132 1642 5207 loco
1666 5128 1884 5207 videtur

311 5198 531 5280 legisse,
600 5209 732 5280 περι
778 5198 1170 5280 ἀνακάμψεως,
1210 5198 1389 5280 qui-et
1424 5198 1885 5280 liiinc.l_ocut_nlde

312 5262 561 5350 ρέἷεέάτίέ
577 5347 592 5350 _
620 5262 1030 5350 accipiendum.
1055 5262 1177 5350 esse
1228 5262 1550 5350 existimata
1584 5268 1723 5321 Hine
1748 5262 1883 5350 illud

312 5337 491 5421 Caroli
542 5337 792 5421 Magni}
821 5339 1343 5421 Ieg._Franeia:,__~Si
1375 5342 1502 5421 quis
1539 5341 1591 5393 in
1623 5337 1886 5421 censibus

313 5418 606 5491 reddendis
639 5408 691 5473 Et
722 5408 988 5485 preca'riis
1040 5412 1306 5491 novandis
1361 5408 1882 5491 negligensfnefjt.

308 5486 563 5543 Precaria
597 5477 763 5556 porro
792 5502 903 5540 non
950 5494 1035 5540 est
1067 5485 1254 5539 eadem
1289 5496 1413 5535 cum
1438 5477 1739 5556 “bellaria,
1770 5477 1885 5530 dixi

309 5559 375 5612 ad
408 5558 444 5611 l.
470 5558 560 5621 24,
685 5556 818 5629 Mi.
845 5556 912 5610 de
961 5562 1301 5629 sacrosanCt.
1353 5564 1477 5629 cum
1511 5549 1695 5629 fetido,
1755 5562 1881 5627 cum

308 5618 631 5699 usufructu:
664 5627 832 5699 Aquin
887 5640 1007 5699 cum
1069 5619 1600 5699 ipsa_emphyteu§i..
1621 5618 1881 5699 Quamvis

309 5698 399 5751 illa
428 5688 745 5752 omniasin't
791 5688 1165 5750 ususfructus.
1203 5688 1697 5760 ldeo'perspi'citur,
1730 5688 1879 5756 quod

564 5792 839 5851 PATROL.
879 5791 993 5851 Gn.
1030 5787 1211 5849 CVII.

1923 4919 1969 4974 Β
2002 4918 2048 5001 is
2081 4919 2320 5001 quidat,
2346 4921 2734 5001 proprietatem
2772 4920 3083 5001 retine-atad
3117 4920 3291 4975 instar
3311 4923 3580 5001 pignoris,

2002 4990 2341 5058 hypothecae,
2382 4990 2615 5053 ﬁduciae,
2673 4991 3074 5059 ἀντιχρήσεως.
3106 5006 3227 5058 qua:
3264 4990 3444 5047 omnia
3473 4990 3581 5049 non

1996 5061 2185 5112 eadem
2218 5062 2554 5121 sunt,etiam
2579 5063 2623 5113 si
2646 5061 2697 5133 in
2723 5061 2837 5133 hoc
2854 5076 3018 5112 unum
3051 5062 3404 5133 conveniant,
3436 5066 3582 5133 quod

1998 5129 2110 5182 sint
2142 5129 2390 5198 pignora.
2426 5131 2615 5197 itaque
2651 5128 2911 5196 Cujacius
2928 5138 3087 5197 putat
3124 5131 3424 5195 precariam
3453 5128 3584 5186 esse

1993 5199 2301 5253 cessionem
2337 5199 2690 5254 ususfruetus
2740 5198 2815 5250 rei
2860 5198 3183 5261 immobilis,
3213 5214 3333 5267 quae
3365 5202 3439 5255 sit
3466 5203 3580 5256 cle-

1993 5267 2109 5322 rico
2142 5268 2211 5321 ad
2242 5278 2460 5338 tempus
2482 5268 2565 5321 vel
2596 5269 2725 5321 dum
2755 5266 2981 5338 vixerit,
3008 5282 3069 5321 ea
3104 5266 3306 5338 legent
3332 5272 3583 5327 ecclesiae

1988 5335 2662 5415 ministerium'eahibcat,
2707 5335 2874 5415 ,ηυοά
2902 5336 2988 5415 vix
3036 5346 3121 5392 est
3161 5335 3220 5415 ut
3260 5339 3385 5394 huic
3456 5339 3580 5396 loco

1985 5407 2321 5470 conveniat;
2360 5407 2579 5462 videtur
2629 5405 2776 5474 enim
2824 5405 3101 5474 pertinere
3136 5410 3205 5461 ad
3229 5423 3426 5467 omnes
3454 5425 3577 5465 om-

1987 5476 2125 5554 nino
2174 5476 2450 5554 homines,
2513 5474 2719 5554 quibus
2750 5473 2843 5554 jus
2866 5483 2952 5529 est
2976 5476 3045 5529 ab
3076 5478 3309 5554 ecclesia
3342 5480 3575 5554 emphy-

1987 5546 2185 5600 teusim
2210 5549 2483 5615 accipere,
2512 5542 2619 5599 tio‘n
2651 5542 2719 5596 ad
2755 5542 2905 5599 solos
2941 5547 3276 5602 sacerdotes.

2055 5616 2169 5685 (93)
2196 5614 2567 5685 Εισδεκτικόν,
2599 5614 2973 5685 renovationis
3031 5618 3287 5685 pretium.
3325 5617 3400 5676 De
3430 5635 3576 5676 nier-

1946 5718 1949 5723 λ
1987 5680 2216 5742 cedihus
2251 5686 2363 5739 dixi
2388 5684 2458 5740 ad
2483 5680 2666 5741 edicta
2700 5685 2783 5741 15.
2808 5680 3099 5740 Ιιιειίηᾞε.
3140 5684 3192 5738 7.

3142 5774 3212 5837 15
