3970 6212
507 254 602 320 ιω

1734 244 2009 306 LEONIS
2052 247 2147 305 PH
2165 245 2519 307 [LOSOPIII

3666 251 3778 316 ‘59.

498 370 609 440 tur)
637 368 795 440 longe
825 380 948 423 esse
984 362 1404 418 acrrbissimum
1460 358 1729 422 videntes,
1770 374 1837 413 ne
1869 360 1923 413 id
1953 374 2071 412 am-

2185 376 2331 427 rspw
2362 364 2419 413 ἐν
2466 363 2577 423 τοῖς
2628 360 3000 432 ἁπορωτέροις
3028 360 3094 415 δι’
3126 354 3201 415 ὧν
3262 362 3445 427 αὐτοῖς
3497 362 3777 435 βαρυτέρα

499 464 640 534 ptius
684 463 776 518 fiat
828 461 945 530 iege
1003 472 1263 511 Cavemus
1296 474 1308 509 :
1344 453 1441 509 sed
1470 460 1529 508 ut
1559 459 1710 507 certa
1769 452 2078 523 quantitate

497 554 564 607 ad
624 551 847 620 duplum
914 542 1638 616 emphyteutici,vectigalis
1698 542 2077 597 constituenda

495 642 695 703 solutio
740 638 1035 693 deﬁniatur
1067 652 1083 689 :
1110 644 1166 691 et
1202 635 1429 703 insuper
1492 634 1674 687 omnis
1721 632 1893 687 illatio
1918 633 2076 687 loea-

496 733 663 788 tionis
729 727 1109 783 instrumentis
1170 724 1530 786 inscribatur,
1570 722 1876 792 domuique
1922 723 2074 777 nulla

496 823 716 879 novatio
771 819 1027 873 aﬁ'eratur
1058 835 1072 873 :
1103 832 1211 870 non
1248 830 1377 870 vero
1412 813 1469 869 in
1510 814 1888 884 praefectorum
1922 830 2075 884 quaa-

494 926 636 972 stum
667 915 1082 973 intervertatur,
1114 907 1243 961 dum
1276 906 1357 960 illi
1396 921 1504 960 non
1544 916 1600 960 ut
1638 906 1901 959 domuum
1931 905 2080 959 utili-

494 1007 588 1061 tati
609 1004 923 1068 consulant,
953 1001 1047 1057 sed
1088 999 1320 1055 sceleste
1343 998 1446 1054 sibi
1471 999 1684 1052 lucrum
1724 1005 1939 1067 parent,
1976 998 2079 1052 hoc

492 1105 680 1169 agunt.

2184 450 2343 519 ήτῆς
2398 451 2631 521 ἀπορίας
2682 454 2895 523 ἀνάγκη
2947 453 3290 517 καθίσταται.
3344 454 3445 507 οὐκ
3498 454 3582 506 ἐτι
3634 453 3779 507 οὕτω

2183 540 2428 605 γίνεσθαι
2482 546 2649 610 νόμον
2681 544 2727 574 ⁶¹
2776 544 3062 613 τιθέμεθα,
3122 544 3237 596 ἀλλ’
3290 544 3573 614 ὡρισμένῃ
3610 549 3776 597 ποσό-

2180 648 2307 701 τητι
2340 632 2747 703 περιορίζεσθαι
2776 633 2875 704 τὴν
2908 633 3214 704 καταῦολὴν
3245 636 3382 704 πρὸς
3404 634 3466 686 τὸ
3489 634 3777 688 διπλάσιον

2180 724 2592 794 ἀριθμουμένην
2643 725 2737 778 τοῦ
2788 726 2976 788 τέλους
3018 727 3118 795 τῆς
3146 727 3561 797 ἐμφυτεύσεως.
3604 743 3776 796 προσ-

2181 816 2541 885 γραφομένης
2588 815 2833 884 δηλονότι
2904 817 3003 885 τῆς
3072 817 3333 885 εἰσφορᾶς
3409 817 3635 886 ἀπάσης
3717 816 3775 869 ἐν

2178 909 2293 970 τοῖς
2345 908 2443 975 τῆς
2508 907 2773 970 ἐκδόσεως
2818 908 3046 978 χάρταις
3092 909 3189 960 καὶ
3244 909 3320 976 τῷ
3367 907 3503 975 οἴκῳ
3556 909 3775 959 ἀκαινο-

2177 1000 2419 1069 τομήτου
2480 1000 2933 1071 προσαγομένης,
2991 999 3126 1052 ἀλλὰ
3176 999 3252 1067 μὴ
3296 1000 3429 1069 πρὸς
3500 1000 3634 1052 ἴδιον
3677 1014 3775 1049 πο-

2186 1090 2377 1159 ρισμὸν
2418 1090 2527 1143 τῶν
2556 1091 2636 1153 είς
2690 1090 2788 1160 τὴν
2820 1092 3153 1160 προστασίαν
3178 1089 3594 1161 καθισταμένων
3641 1104 3771 1157 σφε-

492 1187 845 1259 capitonem;
873 1225 890 1251 ,
953 1181 1210 1237 ὑπόθεσιν
1272 1181 1491 1235 ἀνοσίου
1549 1177 1775 1247 κέρδους
1849 1178 1945 1232 καὶ
1982 1179 2105 1249 οὐχὶ
2157 1182 2255 1252 τῆς
2311 1181 2421 1235 τῶν
2480 1182 2646 1237 οἴκων
2698 1184 2967 1253 ὠφελείας
3002 1185 3064 1235 τὸ
3129 1184 3367 1253 πρᾶγμα
3430 1182 3774 1253 ποιουμένων

490 1282 690 1336 αὐτῶν.

842 1370 1306 1428 CONSTITUTIO
1338 1368 1454 1423 xw
1489 1370 1725 1442 (νδ-95).

372 1498 377 1501 ·
491 1469 571 1526 De
604 1467 719 1540 (96)
774 1469 841 1521 iis
894 1465 985 1531 qui
1051 1462 1435 1517 monasterium
1496 1462 1862 1531 imperfectum
1911 1461 2075 1516 relin-

1194 1540 1384 1601 quum.

564 1629 750 1683 Eidem
812 1626 953 1681 idem
998 1625 1320 1694 imperator.

560 1717 666 1785 Qui
719 1715 1126 1786 praecipitanter
1168 1711 1569 1782 ambitioseque
1624 1712 1694 1768 ad
1754 1712 2071 1769 faciendum

2726 1371 3044 1425 ΔΙΔΤΑΞΙΣ
3086 1372 3163 1423 1Δ¹
3192 1369 3259 1423 ⁸⁸.

2217 1461 2356 1530 Περὶ
2400 1461 2517 1515 τῶν
2561 1464 3013 1516 καταλιπόντων
3059 1462 3273 1528 ἀτελὲς
3302 1464 3741 1531 μοναστήριογ.

2256 1612 2350 1683 ['0
2380 1613 2544 1676 αὐτὸς
2576 1612 2837 1682 βασιλεὺς
2862 1613 2905 1643 ⁸⁸
2928 1611 2946 1684 ]
2970 1613 3049 1682 τῷ
3076 1612 3243 1683 αὐτῷ.
3754 1690 3759 1693 η

2254 1704 2329 1756 Τὸ
2374 1706 2474 1774 τῆς
2519 1702 2747 1773 γνώμης
2804 1703 3076 1774 προπετὲς
3122 1705 3218 1757 καὶ
3269 1704 3578 1772 φιλόνεικον
3633 1704 3769 1772 πρὸς

491 1784 700 1877 aliquid
720 1784 927 1871 fertur,
961 1820 1025 1860 ac
1051 1806 1171 1874 ipso
1192 1804 1248 1857 in
1274 1802 1433 1858 initio
1457 1804 1671 1859 viribus
1722 1820 1787 1859 ac
1815 1805 2075 1861 facultate

2185 1797 2435 1850 ἔνστασιν
2468 1796 2567 1867 τὴν
2604 1796 2759 1865 ίσχὺν
2786 1796 3273 1849 καταπαλαίουσαν
3301 1796 3507 1865 ὁμοίως
3538 1812 3773 1864 νεμεση-

490 1900 831 1965 destituitur,
859 1898 975 1954 sive
1006 1894 1356 1950 manifestum
1388 1895 1606 1958 vitium,
1638 1897 1757 1981 sive
1818 1898 2075 1969 benigni-

491 1991 623 2046 tatis
650 1990 887 2059 speciem
942 1995 1174 2044 conatus
1220 2002 1331 2056 prae
1361 2002 1422 2041 se
1461 1986 1624 2051 ferat,
1656 1988 1850 2053 ,simul
1884 1988 1975 2044 ille
1997 2004 2080 2044 re-

490 2081 856 2152 prehensione
911 2080 1133 2151 dignus,
1186 2078 1352 2133 simul
1406 2081 1792 2149 aspernandus
1819 2089 1924 2137 est.
1960 2081 2078 2137 Hoc

490 2187 625 2229 sane
678 2182 733 2227 et
784 2172 879 2242 qui
924 2171 1317 2227 similitudines
1359 2170 1427 2224 ab
1472 2172 1630 2227 initio
1679 2173 2080 2243 proverbiaque

490 2259 756 2329 loquitur,
787 2258 1053 2314 Dominus
1100 2264 1288 2313 noster
1310 2266 1364 2312 et
1387 2256 1647 2313 Servator
1680 2261 1732 2313 in
1767 2259 2076 2332 Evangeliis

487 2351 627 2416 vult,
674 2351 767 2407 ubi
797 2350 867 2406 de
907 2350 1269 2406 aedificatione
1323 2350 1480 2404 urbis
1514 2359 1569 2404 et
1612 2350 1983 2419 absolutione,
2014 2367 2080 2408 ac

489 2444 559 2498 de
590 2442 864 2498 similibus
914 2441 1341 2496 sermocinatur.
1394 2439 1589 2494 Merito
1627 2442 1795 2509 igitur
1824 2452 1877 2497 et
1906 2458 2079 2498 sacrae

490 2534 640 2604 leges
668 2533 780 2605 (97)
813 2540 867 2587 et
891 2531 1074 2586 civilia
1096 2531 1316 2585 decreta
1348 2530 1559 2585 similes
1586 2531 1778 2597 edunt,
1797 2532 2077 2602 ejusdem-

491 2639 600 2692 que
627 2638 824 2678 sensus
872 2621 1300 2683 admonitiones.
1328 2630 1387 2673 ut
1417 2621 1735 2691 quicunque
1794 2632 2075 2679 monaste-

492 2715 637 2769 rium
684 2722 1008 2767 construere
1052 2712 1425 2774 instituerent,
1450 2711 1497 2765 si
1553 2712 1619 2765 ad
1680 2695 2075 2782 perliciendum

490 2818 633 2875 Opus
693 2818 856 2875 pares
914 2816 1023 2857 non
1058 2812 1267 2869 essent,
1296 2801 1350 2856 id
1383 2802 1603 2873 aggredi
1630 2805 2074 2874 prohiberentur.

489 2894 877 2965 Oportetenim
909 2908 1273 2963 quascunque
1323 2908 1430 2958 res,
1452 2894 1543 2947 ubi
1577 2896 1642 2949 ad
1672 2895 2073 2966 perfectionem

488 2984 859 3056 pervenerint,
896 2994 1009 3039 tum
1043 2985 1263 3039 demum
1292 2987 1712 3041 convenientem
1743 2988 2070 3057 appellatio-

487 3091 613 3131 nem
663 3072 921 3144 indipisci
986 3090 1002 3128 :

484 3167 849 3239 imperfectis,
880 3175 941 3220 ut
992 3175 1391 3222 consummata:
1452 3168 1871 3222 constitutionis
1934 3167 2067 3233 sint,

486 3267 748 3329 praestare
796 3264 996 3329 potest.
1050 3257 1236 3327 Itaque
1288 3256 1454 3327 (quod
1516 3258 1726 3311 dictum
1771 3256 1876 3329 est)
1926 3268 2076 3313 recte

486 3366 646 3407 sacra
706 3350 996 3420 civilisque
1056 3348 1141 3404 lex
1178 3363 1276 3404 eos
1308 3349 1403 3419 qui
1432 3348 1499 3402 ad
1526 3364 1640 3403 rem
1675 3349 2071 3403 absolvendam

485 3459 645 3515 pares
714 3459 821 3497 non
888 3442 1038 3506 sint,
1098 3438 1405 3495 fabricandi
1472 3439 1794 3495 monasterii
1872 3449 2073 3495 conatu

484 3534 758 3605 prohibet.
798 3530 1003 3586 Verum
1061 3530 1323 3601 quoniam
1384 3530 1723 3601 incognitum
1772 3530 1908 3585 illud
1966 3540 2073 3595 est,

483 3624 706 3695 quando
736 3624 1131 3679 monasterium
1186 3623 1521 3679 sufﬁcienter
1574 3624 1884 3679 absolutum
1922 3625 2076 3695 judi-

484 3718 599 3774 cari
627 3716 823 3771 debeat
858 3716 992 3785 (non
1020 3716 1166 3768 enim
1206 3729 1469 3784 expresse
1499 3716 1568 3770 ab
1600 3716 1711 3772 illis
1754 3717 2074 3786 hujusmodi

486 3807 761 3862 absolutio
790 3805 1014 3860 definita
1054 3804 1183 3873 est),
1216 3805 1319 3859 hac
1346 3804 1413 3859 de
1448 3820 1508 3859 re
1532 3815 1743 3860 certum
1790 3818 1954 3877 atque
1974 3809 2079 3861 evi-

488 3900 626 3953 dens
653 3897 862 3951 editum
880 3896 1238 3966 promulgare
1272 3895 1501 3964 placuit.

559 3987 803 4043 Dicimus
831 3988 998 4056 igitur
1027 3986 1307 4056 (quoniam
1333 3985 1574 4039 divinum
1602 4004 1664 4043 os
1693 3990 1936 4044 locutum
1961 3991 2073 4061 (98)

485 4090 605 4137 est:
646 4080 745 4134 Ubi
767 4080 872 4133 duo
897 4090 989 4132 aut
1021 4089 1124 4133 tres
1163 4080 1217 4131 in
1240 4079 1448 4132 nomine
1474 4095 1587 4133 meo
1614 4084 2077 4151 congregatisunt,

484 4174 561 4229 ibi
581 4175 639 4229 in
671 4173 840 4227 medio
869 4172 1081 4225 illorum
1113 4171 1273 4239 sunt),
1305 4171 1451 4240 quod
1482 4187 1620 4241 opus
1649 4171 1870 4241 aliquod
1897 4188 2081 4227 mona-

484 4264 641 4321 sterii
711 4262 1130 4333 appellationem
1202 4261 1547 4325 subiturum,
1612 4262 1897 4315 minimum
1963 4261 2075 4332 (99)

456 4362 459 4363 ⁷
485 4358 665 4412 tribus
693 4355 944 4412 sulIicere
961 4362 1245 4424 oporteat:
1271 4354 1417 4424 quod
1449 4354 1709 4408 nimirum
1740 4354 1883 4409 idem
1912 4369 2074 4424 opus,

1077 3088 1425 3143 nequaquam
1482 3089 1615 3129 vero
1671 3090 1873 3129 nomen
1906 3076 2070 3130 rebus
2100 3111 2145 3171 ϐ

2179 1889 2271 1942 τόν
2297 1906 2357 1942 τε
2386 1888 2480 1941 καὶ
2506 1887 2896 1953 ἀναπόδεκτον,
2930 1888 2994 1940 ἄν
3023 1904 3081 1940 τε
3108 1886 3275 1957 δήλην
3302 1887 3403 1959 ἔχῃ
3434 1889 3535 1957 τὴν
3570 1888 3772 1941 κακίαν

2183 1983 2217 2053 ἡ
2264 1981 2631 2050 ἐπιχείρησις,
2670 1979 2736 2033 ἀν
2764 1996 2823 2032 τε
2855 1979 3039 2049 σχῆμα
3073 1979 3313 2039 ἐπιεικὲς
3346 1979 3770 2050 προϐαλλομένη

2179 2073 2575 2141 προσέρχηται.
2618 2069 2789 2122 Τοῦτο
2840 2070 2940 2121 καὶ
2988 2071 3017 2121 ὁ
3056 2070 3156 2133 τὰς
3194 2069 3516 2139 παραϐολὰς
3556 2072 3653 2123 καὶ
3706 2073 3774 2122 τὰ

2180 2162 2275 2216 ἀπ’
2304 2162 2482 2232 ἀρχῆς
2508 2160 2873 2231 προϐλήματα
2908 2161 3279 2230 φθεγγόμενος
3322 2162 3350 2213 ὁ
3378 2159 3582 2229 Κύριος
3614 2160 3774 2229 ἡμῶν

2178 2254 2273 2307 καὶ
2324 2253 2521 2322 Σωτὴρ
2551 2253 2607 2304 ἐν
2644 2252 2999 2319 Εὐαγγελίοις
3030 2251 3280 2320 βούλεται
3310 2293 3325 2317 ,
3354 2254 3414 2304 ἐν
3446 2246 3529 2315 οἷς
3564 2252 3774 2314 πόλεως

2178 2346 2466 2415 οἰκοδομὴν
2515 2345 2611 2398 καὶ
2659 2345 2957 2415 ἀπάρτισιν
2993 2346 3087 2397 καὶ
3120 2344 3193 2397 τὰ
3242 2346 3405 2414 ὃμοια
3436 2344 3773 2412 διαλέγεται.

2179 2437 2419 2501 Εἰκότως
2446 2436 2554 2505 ἀρα
2579 2436 2711 2488 οἵτε
2745 2435 2883 2507 ἱεροὶ
2912 2434 3105 2503 Οεσμοὶ
3131 2436 3224 2487 καὶ
3250 2438 3281 2505 ὴ
3312 2434 3566 2505 πολιτικὴ
3590 2436 3773 2504 ψῆφος

2180 2526 2449 2597 σύμφωνα
2500 2526 2701 2594 ἀφιᾶσι
2750 2524 3286 2595 παρακελεύσματα,
3344 2529 3468 2589 τοὺς
3515 2526 3634 2579 ὅσοι
3698 2526 3774 2597 μὴ

2177 2621 2315 2691 πρὸς
2340 2619 2691 2689 ἀπαρτισμὸν
2717 2619 2810 2673 τοῦ
2840 2618 3001 2690 ἔργου
3031 2620 3205 2672 ἱκανοὶ
3227 2620 3380 2682 ὄντες
3403 2620 3773 2690 μοναστηρίου

2181 2714 2530 2781 κατασκευῆς
2558 2712 2913 2780 ἐφάπτονται,
2946 2711 3235 2781 ἀπείργειν
3263 2712 3308 2742 ⁸⁸
3337 2714 3437 2781 τῆς
3476 2714 3769 2781 ἐπιχειρή-

2178 2821 2335 2867 σεως.
2370 2805 2460 2856 Δεῖ
2487 2803 2595 2873 γὰρ
2620 2804 2689 2856 τὰ
2730 2803 3058 2873 πράγματα,
3085 2804 3251 2858 ὁποῖά
3278 2802 3397 2855 ποτ’
3427 2803 3496 2857 ἂν
3538 2799 3597 2874 ᾗ,
3633 2803 3770 2872 πρὸς

2175 2894 2453 2948 τελείωσιν
2490 2894 2695 2963 ἥκοντα
2744 2892 2888 2946 οὕτω
2936 2894 3035 2963 τὴν
3080 2896 3464 2964 προσήκουσαν
3519 2896 3771 2964 ἐφαρμο-

2178 2989 2370 3054 ζεσθαι
2400 2988 2620 3056 κλῆσιν,
2650 2988 2764 3043 ἀλλ’
2798 2989 2922 3057 οὐχὶ
2964 2988 3125 3057 μόνον
3158 2988 3380 3055 ἐξαρκεῖ
3408 2988 3469 3040 τὸ
3498 2988 3677 3057 ὄνομα
3703 2991 3770 3054 τῇ

2177 3081 2289 3134 τῶν
2346 3079 2697 3150 πραγμάτων
2748 3078 2968 3150 ἀτελείᾳ
3025 3078 3287 3149 παρέχειν
3338 3080 3436 3147 τὴν
3484 3079 3771 3131 σύστασιν.

2179 3172 2358 3241 Ὅπερ
2388 3170 2482 3224 οὖν
2520 3172 2758 3239 εἴρηται,
2812 3169 2995 3232 καλῶς
3028 3169 3369 3239 ἀπαγορεύει
3400 3170 3461 3222 τό
3500 3186 3560 3221 τε
3600 3170 3774 3240 ἱερὸν,

2176 3263 2237 3317 τό
2263 3280 2320 3316 τε
2346 3264 2390 3295 ⁸⁸
2420 3262 2697 3314 πολιτικὸν
2730 3261 2979 3331 Θέσμιον⁹
3008 3262 3311 3331 ἐπιχειρεῖν
3339 3260 3645 3330 οἰκοδομεῖν
3680 3278 3775 3330 tto-

2150 3357 2472 3425 -ναστήριον
2504 3354 2630 3416 τοὺς
2675 3354 2777 3406 οὐκ
2826 3354 2987 3415 δντσς
3023 3353 3317 3423 αὐτάρκεις
3366 3352 3502 3422 πρὸς
3546 3351 3649 3421 τὴν
3679 3351 3774 3404 τοῦ

2177 3446 2504 3516 πράγματος
2530 3443 2834 3496 τελείωσιν.
2873 3443 3030 3496 Ἐπεὶ
3062 3444 3314 3513 μέντοιγε
3345 3443 3541 3511 ἄδηλον
3568 3443 3771 3505 ἐκεῖνο,

2176 3540 2237 3591 τὸ
2266 3540 2429 3609 μέχρι
2457 3537 2602 3599 τίνος
2635 3539 2663 3589 ὁ
2695 3538 2881 3600 ἱκανὸς
2911 3536 3256 3606 ἀπαρτισμὸς
3286 3536 3366 3596 εἰς
3400 3534 3774 3603 μοναστηρίου

2177 3631 2527 3701 κατασκευὴν
2562 3631 2659 3699 (οὐ
2691 3632 2799 3700 γὰρ
2825 3630 3112 3700 διώρισται
3144 3628 3322 3699 ῥητῶς
3357 3626 3488 3696 παρ’
3526 3628 3713 3688 αὐτοῖς
3744 3627 3774 3678 ὁ

2177 3722 2417 3785 τοιοῦτος
2446 3722 2845 3793 ἀπαρτισμὺς),
2870 3721 3014 3785 εδοξε
3039 3722 3197 3791 δῆλον
3225 3720 3354 3790 περὶ
3383 3718 3575 3772 τούτου
3600 3717 3773 3787 ἐκφῆ-

2178 3833 2265 3871 ναι
2288 3815 2487 3886 δόγμα.

2246 3990 2432 4058 Φαμέν
2460 3985 2575 4054 οὖν,
2599 3990 2674 4053 ὡς
2698 3990 2821 4043 ἐπεὶ
2846 3990 2907 4043 τδ
2924 3989 3065 4043 οεῖον
3090 3990 3281 4042 ἐπεῖπε
3308 3989 3353 4021 θ’
3372 3987 3769 4055 στόμα,’οπου

2176 4084 2296 4137 εἰσὶ
2332 4083 2443 4137 δύο
2466 4083 2503 4150 ἢ
2546 4083 2705 4151 τρεῖς
2735 4082 3106 4152 συνηγμένοι
3139 4082 3209 4135 ἐν
3236 4081 3316 4146 τῷ
3345 4079 3467 4148 ἐιιῷ
3500 4080 3768 4149 ὀνόματι,

2177 4174 2305 4228 ἐκεῖ
2324 4177 2441 4243 εἶμι
2467 4176 2538 4229 ἐν
2565 4175 2732 4244 μέσῳ
2759 4174 2976 4239 αὐτῶν,
2997 4176 3193 4247 χρῆναι
3219 4175 3278 4228 τδ
3291 4175 3572 4243 ἐλάχιστον
3590 4177 3768 4244 τρισὶν

2178 4267 2443 4335 ἐπαρκεῖν
2473 4266 2533 4317 τὸ
2564 4266 2930 4336 μοναστηρίου
2959 4266 3151 4331 κλῆσιν
3188 4264 3558 4333 ὑποδυόμενον
3583 4264 3765 4335 ἔργον,

2178 4357 2207 4409 ὃ
2252 4356 2495 4425 δηλονότι
2539 4357 2632 4408 καὶ
2666 4356 2979 4424 δοξολογίαν
3013 4357 3115 4426 δρᾷ
3166 4354 3626 4425 συνυπαρχοὺσης
3675 4357 3769 4423 τῆς

485 4449 532 4503 si
562 4448 919 4502 facultatibus
966 4462 1189 4517 quoque
1220 4446 1441 4501 abunde
1480 4446 1811 4510 instruatur,
1837 4446 1904 4501 ad
1929 4446 2072 4501 cele-

2185 4446 2457 4518 εὐπορίας.
2491 4447 2581 4516 Τῷ
2621 4448 2719 4517 μὲν
2753 4443 2846 4499 οὗν
2878 4447 3015 4517 πρὸς
3062 4447 3353 4517 ἀνιέρωσιν
3398 4446 3768 4514 μοναστηρίου

484 4538 741 4593 brilatem
791 4537 1034 4592 nominis
1058 4538 1223 4589 etiam
1265 4536 1464 4588 valeat.
1502 4534 1572 4589 Ut
1606 4550 1738 4605 ergo
1770 4536 1894 4605 quis
1933 4535 2068 4589 libe-

2185 4539 2459 4592 ἀκώλυτον
2482 4538 2660 4602 ἕξοντι
2686 4538 2786 4609 τὴν
2818 4538 3159 4609 ἐπιχείρησιν
3185 4539 3265 4600 εἰς
3295 4535 3555 4588 τοσοῦτον
3588 4537 3769 4605 δεήσει

486 4644 606 4685 ram
674 4630 1172 4699 impedimentoque
1230 4635 1509 4681 carentem
1572 4636 1639 4681 ad
1698 4627 2067 4683 dedicandum

2185 4631 2235 4684 ιδ
2259 4630 2539 4700 ἐλάχιστον
2564 4632 2625 4682 τὸ
2650 4631 2945 4700 ἁφιέρωμα
2977 4629 3270 4682 συντελεῖν.
3297 4629 3421 4681 Ὅτι
3443 4628 3500 4681 δὲ
3530 4630 3771 4681 πλεῖστοι

486 4720 884 4776 monasterium
910 4719 1316 4789 aggressionem
1346 4717 1565 4781 habeat,
1587 4718 1640 4770 in
1673 4725 1751 4771 tot
1782 4717 2067 4771 minimum

2185 4722 2312 4792 πρὸς
2348 4721 2445 4790 τὴν
2491 4721 2749 4791 τοιαύτην
2786 4721 3133 4791 ἐπιχείρησιν
3169 4722 3396 4783 ἑαυτοὺς
3431 4720 3763 4781 ἐπιδιδόντες

488 4814 792 4870 monachos
848 4810 1252 4868 dedicationem
1298 4810 1576 4879 concipiat
1617 4825 1845 4865 necesse
1882 4809 2069 4865 fuerit.

2185 4813 2343 4865 ἐνίοτε
2358 4813 2532 4865 ὀπίσω
2549 4813 2740 4883 βουλῆς
2755 4814 3166 4876 ἀπολείπονται,
3186 4812 3669 4881 προλαμϐάνοντος
3680 4810 3770 4862 τοῦ

486 4903 659 4960 Porro
698 4906 830 4976 quia
887 4901 1164 4975 permulti,
1231 4900 1418 4970 quise
1480 4900 1790 4956 istiusmodi
1851 4901 2071 4975 incepto

2185 4902 2404 4957 θανάτου
2453 4904 2547 4956 καὶ
2589 4904 2690 4975 τῆς
2720 4906 2776 4955 ἐν
2820 4903 3128 4973 ἀνθρώποις
3162 4901 3363 4964 αὐτοὺς
3395 4918 3770 4973 συναναστρο-

1792 5043 2029 5098 VARUE
2056 5044 2458 5101 LECTIONES.

570 5137 613 5168 δ’
646 5135 759 5190 Ecl.
797 5135 988 5207 incipit
1009 5133 1099 5187 διά
1119 5132 1793 5207 τοῦτοήνρμοντιθέμεοα.
1867 5136 1914 5168 ⁸⁸
1952 5136 2046 5207 Est
2078 5138 2131 5190 in
2162 5136 2359 5207 Eclnga
2385 5136 2517 5191 Nov.
2546 5152 2690 5190 nona
2723 5136 3003 5207 scitatur,
3040 5136 3106 5190 ab
3149 5133 3561 5207 llarmenopulo
3599 5135 3690 5189 lib.
3719 5153 3769 5197 v,

488 5206 575 5260 tit.
608 5207 640 5261 8
670 5207 758 5262 ed.
790 5206 949 5271 1587,
987 5223 1041 5275 ιι.
1074 5204 1233 5275 398._
1282 5204 1335 5275 ’δέ
1358 5204 1530 5259 Uncis
1567 5204 1778 5258 inelusa
1823 5221 1932 5275 non
1961 5206 2126 5260 habet
2163 5204 2428 5275 Scrifng.,
2464 5206 2611 5260 addit
2644 5205 2807 5260 Beck.
2887 5208 2931 5237 ⁸⁵
2970 5206 3165 5260 Zuich.
3200 5213 3255 5259 et
3313 5204 3606 5258 Meerman.
3652 5207 3768 5258 cod.

487 5276 769 5346 ἀπεῖργον.
833 5276 879 5307 ⁸⁸
907 5273 1027 5329 τότε
1075 5273 1287 5330 addidit
1317 5274 1649 5345 Stephanus.
1749 5277 1794 5311 ⁸⁷
1818 5274 2017 5331 Zuich.
2050 5284 2105 5331 et
2139 5273 2372 5331 Μυριίιιῖ
2394 5275 2601 5331 rectius
2634 5278 2851 5330 ὑπεῖπε.

2059 5395 2292 5450 none.

2265 5488 2378 5557 (98)
2417 5487 2605 5542 Matth.
2642 5504 2793 5549 xviii,
2824 5488 2913 5541 ‘20.

2267 5550 2378 5627 (99)
2409 5558 2521 5609 Ιιῐιο
2552 5558 2661 5608 dun
2686 5561 2941 5610 videntur
2970 5554 3242 5627 sufﬁcere.
3274 5553 3311 5606 Ι.
3350 5555 3453 5627 ΙΙ.-
3479 5554 3535 5627 ff.
3577 5550 3655 5627 De
3697 5562 3767 5627 te-

2199 5622 2395 5681 stibus.
2435 5628 2538 5680 Sed
2578 5628 2627 5679 id
2658 5629 2797 5681 forte
2842 5634 3118 5693 receptum
3156 5623 3280 5687 fuit,
3312 5623 3455 5692 quod
3490 5624 3601 5675 duo
3620 5622 3767 5676 fatui-

2198 5699 2323 5751 liam
2359 5714 2464 5751 non
2488 5699 2713 5753 facium.
2744 5699 2778 5751 Ι.
2808 5698 2896 5751 ιίυ.
2925 5697 2979 5749 in
3018 5710 3127 5751 scr.
3164 5693 3213 5747 Π.
3254 5694 3320 5749 dc
3349 5708 3463 5749 ver.
3502 5696 3591 5760 lig.

561 5481 775 5554 (93-95)
801 5450 952 5539 Adde
987 5483 1120 5539 Nov.
1148 5484 1235 5541 τι.
1266 5502 1317 5540 c.
1347 5485 1400 5541 ι.
1430 5485 1557 5541 Nov.
1604 5486 1727 5540 tat.
1758 5503 1808 5542 c.
1849 5488 1901 5542 7.

488 5621 516 5695 ς
698 5551 941 5609 meminit
978 5556 1101 5623 ejus
1142 5556 1380 5611 Novella:
1403 5557 1799 5627 llarmenopul.
1825 5558 1879 5612 ὕ.
1912 5559 1994 5613 ιίι.
2025 5558 2080 5613 8.

558 5692 672 5755 (97)
711 5694 771 5744 υ.
807 5710 858 5745 ι’.
897 5695 944 5746 1.
980 5693 1034 5747 d.
1069 5709 1118 5748 ι’.
1143 5694 1203 5746 7.
