3970 6212
332 267 427 332 453

1408 268 1773 331 NOVELLE
1813 264 2478 327 CONSTITUTIONES.

3457 271 3560 335 454

328 379 418 448 φῆς
433 373 870 446 ἑξαφανῖζοντος,
893 377 1066 429 έκεῖνο
1083 375 1129 407 ⁶⁸
1152 376 1282 446 ἡμῖν
1306 375 1651 440 θεσπίζεται,
1671 375 1748 439 ὡς
1769 375 1884 430 δια-

1994 374 2199 429 dedunt
2261 370 2623 442 praeveniente
2679 379 2889 436 morte,
2954 373 3212 447 ipsosque
3274 377 3560 437 hominum

323 464 609 528 τυπώσεως
628 464 1000 534 προελθούσης
1022 464 1091 518 τὰ
1110 465 1167 518 έν
1186 464 1356 536 ταύτῃ
1382 464 1720 536 διορισθέντα
1736 464 1886 518 ἔσται

320 563 408 631 τῆς
431 560 752 631 ἐκκλησίας,
789 561 838 612 εἰ
869 560 915 613 δ’
950 560 1132 628 (ὁποία
1175 557 1350 612 πολλά
1384 556 1540 625 φέρει
1581 554 1641 608 τὺ
1669 554 1886 625 ἄδηλον)

321 651 418 721 προ
466 650 568 719 τῆς
612 648 726 703 τῶν
775 648 996 702 οἰκείων
1043 646 1420 718 ἀναρπασθείη
1459 644 1885 709 διατυπώσεως,

317 741 516 795 παίδων
542 742 643 810 μὲν
672 741 919 796 ὑπόντων
947 740 1075 810 ἄχρι
1100 738 1292 810 τριῶν,
1313 739 1573 808 τέταρτον
1600 738 1764 808 μέρος
1789 737 1888 807 τῆς

319 830 601 900 ὑπάρξεως
635 827 979 882 οἰκειώσεται
1008 830 1044 898 ἡ
1080 827 1238 899 μονὴ,
1274 827 1533 880 ὲπέκεινα
1562 825 1620 878 δὲ
1651 825 1744 878 τοῦ
1775 824 1890 894 τρί-

313 939 398 975 του
425 919 667 992 ἀριθμοῦ
695 920 980 992 προῖόντος
1007 919 1101 973 τοῦ
1131 919 1232 988 τῆς
1258 918 1421 989 γονῆς
1457 916 1725 986 πλήθους,
1758 930 1888 982 συγ-

264 1071 266 1074 ,
311 1010 665 1075 καταλέξεται
693 1009 755 1063 τὸ
790 1011 1160 1082 μοναστήριον
1197 1012 1312 1070 τοῖς
1346 1010 1509 1062 παισὶ
1535 1045 1551 1071 ,
1578 1008 1672 1060 καὶ
1700 1007 1768 1059 τὰ
1798 1007 1888 1058 ἴσα

273 1084 278 1092 ⁸
311 1103 387 1155 ἑνὶ
410 1104 624 1155 τούτων
665 1103 881 1172 ἑκάστῳ
916 1101 1144 1172 λήψεται
1172 1102 1237 1153 ὲκ
1265 1100 1445 1168 πάσης
1475 1098 1794 1166 περιουσίας
1820 1091 1887 1166 ἧς

310 1193 402 1262 οὐχ
427 1193 661 1246 ἅπτεται
684 1193 823 1263 χρέα
845 1193 938 1246 τοῦ
964 1192 1309 1263 τεθνηκότος.
1346 1190 1607 1251 ’Λπαιδος
1631 1189 1689 1241 δὲ
1711 1189 1887 1256 ὑπάρ-

309 1301 495 1354 χοντος
523 1284 620 1337 τοῦ
648 1285 738 1337 τὸν
785 1284 898 1354 βίον
925 1285 1172 1346 λιπόντος
1195 1322 1211 1346 ,
1242 1283 1337 1334 ἐπὶ
1368 1280 1585 1351 γονεῦσι
1617 1279 1674 1332 δὲ
1704 1279 1886 1332 λιπόν-

308 1391 415 1438 τος,
460 1375 586 1445 διχῆ
632 1375 740 1428 τῶν
783 1375 1097 1447 προσόντων
1128 1373 1524 1444 διαιρουμένων
1575 1373 1607 1441 ἡ
1644 1371 1743 1442 μὲν
1772 1374 1887 1434 τοῖς

307 1467 587 1534 γονεῦσιν,
619 1467 653 1536 ἡ
682 1466 728 1519 δ’
751 1466 912 1536 ἑτέρα
939 1467 1104 1536 μοῖρα
1126 1465 1206 1536 τῷ
1233 1463 1580 1536 μοναστηρίῳ
1605 1480 1885 1532 παρασχεο

306 1556 557 1625 θήσεται.
590 1558 652 1609 Εἰ
681 1556 726 1610 δ’
757 1555 964 1628 ἕρημος
1003 1556 1090 1628 εἴη
1118 1556 1476 1626 κληρονόμων
1501 1555 1759 1608 ἀνιόντων
1791 1555 1886 1606 καὶ

305 1645 630 1710 κατιόντων,
663 1647 788 1709 τοὺς
823 1648 888 1700 ὲκ
919 1647 1149 1715 πλαγίου
1201 1647 1260 1700 δὲ
1293 1647 1562 1710 εἰσιόντας
1608 1648 1636 1699 6
1683 1647 1884 1716 κλῆρος

1991 465 2272 520 consortio
2312 463 2597 532 eripiente,
2627 462 2900 518 interdum
2935 467 3220 535 proposito
3249 469 3563 526 destituun-

1993 565 2078 610 tur
2112 554 2278 608 :illud
2301 569 2328 606 a
2357 552 2513 608 nobis
2537 554 2813 618 statuitur,
2845 564 2905 608 ut
2929 556 2975 610 si
3000 563 3395 614 testamentum
3427 575 3562 616 con-

1991 647 2167 700 ditum
2203 648 2440 713 sit,quae
2464 645 2524 697 in
2559 643 2652 698 illo
2699 645 2943 700 ecclesiae
2969 649 3246 718 assignata
3291 661 3441 717 sunt,
3469 666 3563 706 ea-

1989 737 2111 791 dem
2145 737 2220 789 illi
2250 734 2465 789 cedaut.
2523 733 2576 786 Si
2633 749 2761 789 vero
2789 735 2869 804 (ut
2891 735 3188 792 identidem
3237 754 3305 793 ex
3361 742 3556 797 mortis

1989 824 2369 881 incertitudine
2392 824 2681 894 contingit)
2715 833 3004 896 antequam
3023 828 3091 883 de
3111 829 3274 885 rebus
3297 830 3414 887 suis
3442 841 3559 888 sta-

1990 927 2182 984 tueret,
2211 925 2431 972 evectus
2466 917 2649 981 fuerit,
2680 927 2792 970 tum
2817 917 2865 971 si
2889 917 2958 972 ad
3000 928 3112 975 tres
3141 936 3368 976 numero
3401 921 3560 976 liberi

1987 1003 2283 1073 supersint,
2341 1002 2700 1072 quadrantem
2749 1003 3016 1060 bonorum
3050 1007 3316 1062 involabit
3362 1023 3558 1063 mona-

1987 1093 2255 1150 sterium:
2309 1092 2394 1147 sin
2457 1093 2601 1146 ultra
2656 1097 2956 1148 ternarium
3009 1111 3299 1152 numerum
3349 1099 3558 1154 sobolis

1987 1183 2276 1238 multitudo
2309 1184 2586 1252 procedet,
2618 1183 2801 1238 liberis
2843 1188 3330 1242 connumerabitur
3359 1203 3556 1243 mona-

1985 1274 2236 1336 sterium,
2271 1283 2323 1328 et
2354 1272 2589 1328 deducto
2629 1289 2737 1328 aere
2789 1275 2988 1340 alieno,
3018 1292 3081 1330 ex
3119 1279 3376 1333 universa
3427 1280 3558 1335 sub-

1987 1365 2206 1429 stantia,
2260 1375 2522 1433 quantum
2549 1366 2791 1432 ipsorum
2829 1367 3063 1436 quisque
3095 1369 3289 1438 capiet.
3325 1369 3480 1435 Quod
3507 1372 3554 1426 si

1985 1455 2277 1510 defunctus
2329 1456 2450 1510 sine
2506 1455 2691 1510 liberis
2720 1457 3040 1523 decesserit,
3090 1469 3344 1529 parentes
3375 1473 3554 1518 autem

1986 1545 2317 1614 superstites
2347 1545 2594 1610 ghabeat,
2644 1546 2808 1601 rebus
2868 1547 3126 1603 bifariam
3181 1550 3397 1617 divisis,
3449 1570 3556 1608 una

1987 1651 2114 1706 pars
2135 1637 2476 1706 parentibus,
2510 1638 2682 1692 altera
2718 1641 3051 1696 monasterio
3082 1641 3464 1710 applie‘abitur.
3489 1645 3558 1698 At

306 1737 620 1808 προσίεται,
654 1738 808 1792 αὐτοὶ
839 1738 935 1804 μὲν
965 1739 1080 1790 ὅσοι
1121 1738 1188 1791 διν
1230 1737 1324 1790 καὶ
1352 1730 1454 1790 ὦσι
1486 1737 1547 1790 τὺ
1574 1737 1755 1806 τρίτον
1789 1736 1876 1806 μέ-

1994 1727 2239 1798 sineque
2285 1739 2562 1797 parentes,
2608 1743 2787 1799 neque
2811 1730 3013 1787 liberos
3064 1732 3306 1788 ha:redes
3338 1735 3553 1800 habeat,

307 1848 402 1902 ρος
447 1831 956 1901 διανεμὴσονται⁶⁹,
996 1831 1056 1883 τὸ
1094 1830 1337 1901 δίμοιρον
1374 1815 1809 1900 δὲ’προχωρήσει
1831 1829 1878 1860 ⁷ο

303 1926 370 1994 τῇ
407 1923 699 1994 ἐκκλησία.
731 1922 792 1976 Εἰ
832 1923 1080 1992 μέντοιγε
1115 1922 1147 1992 ἢ
1182 1922 1250 1974 δι’
1284 1921 1561 1990 ἄγνοιανῆ
1592 1921 1662 1973 δι’
1690 1921 1882 1990 ἑτέραν

302 2012 429 2066 τινὰ
475 2011 658 2066 αἰτίαν
697 2012 776 2073 εἰς
803 2009 1054 2064 ἐναντίαν
1083 2007 1312 2078 γνώμην
1342 2009 1411 2060 τά
1437 2006 1885 2076 διατετυπωμένα

305 2102 678 2172 ἀποκρίνηται
710 2101 812 2170 τῆς
838 2099 1072 2170 νομίμου
1104 2099 1498 2168 προαιρέσεως,
1533 2096 1882 2167 θεσπίζομεν,

305 2192 398 2244 τὸν
427 2191 576 2246 κατὰ
600 2193 693 2245 τὸν
722 2192 888 2244 τόπον
916 2189 1330 2258 θεοφιλέστατον
1364 2187 1627 2259 ἀρχιερέα
1649 2188 1752 2240 ὅσα
1787 2187 1886 2258 μὲν

305 2283 640 2354 ἀποχρῶντα
665 2284 708 2315 ⁷⁸
752 2283 834 2346 εἰς
880 2281 1144 2351 διοίκησιν
1194 2278 1492 2347 ἐκκλησίας
1531 2279 1626 2331 καὶ
1669 2277 1780 2331 τῶν
1825 2279 1884 2328 ἐν

307 2375 448 2444 αὐτῇ
487 2372 789 2442 μελλόντων
816 2369 1175 2441 παρεδρεύειν
1206 2365 1704 2438 ἀντιλαμϐάνεσθαι
1727 2406 1741 2426 ,
1773 2369 1885 2429 τοῖς

305 2465 365 2518 δὲ
405 2463 620 2526 λοιποῖς
669 2462 770 2532 τὴν
815 2462 924 2515 τῶν
967 2460 1147 2532 νόμων
1190 2457 1384 2529 βουλὴν
1431 2459 1528 2512 καὶ
1570 2457 1811 2521 διάταξιν
1839 2457 1884 2488 ⁷⁸

302 2553 548 2624 διαιτᾷν.

839 2729 1151 2782 ΔῙᾹΤΑΞΙΣ
1181 2726 1261 2780 IE'
1290 2726 1354 2780 ⁷³.

300 2817 451 2887 Περὶ
479 2818 591 2873 τοὺ
611 2817 832 2883 ἐξεῖναι
851 2820 915 2871 τὸ
938 2817 1238 2886 σωτήριον
1265 2815 1586 2887 βάπτισμα
1611 2815 1682 2868 ἐν
1706 2815 1884 2868 παντὶ

669 2887 910 2943 εὐσεϐεῖ
931 2885 1226 2954 εὐκτηρίῳ
1251 2885 1449 2940 τελεῖν
1467 2887 1533 2939 ⁷⁵.

387 2981 453 3035 '0
491 2980 653 3043 αὐτὸς
697 2978 948 3048 βασιλεὺς
982 2978 1236 3048 Στεφάνῳ
1279 2976 1358 3046 τῷ
1399 2976 1685 3045 ἁγιωτάτῳ
1727 2975 1887 3045 ἁρχιο

1990 1827 2046 1872 et
2073 1820 2289 1888 cognati
2321 1821 2387 1873 ad
2423 1821 2797 1877 hazreditatem
2872 1823 3162 1891 prodeant,
3199 1825 3301 1894 ipsi
3336 1826 3556 1895 quidem

1989 1917 2339 1978 quotcunque
2393 1910 2615 1977 fuerint,
2647 1913 2900 1967 trientem
2939 1913 3082 1968 inter
3103 1929 3165 1968 se
3202 1915 3553 1982 distribuent,

1985 1997 2081 2054 bes
2104 2014 2234 2054 vero
2264 2002 2505 2056 ecclesiae
2536 2002 2778 2058 accedet.
2815 2002 3011 2058 Verum
3047 2005 3192 2060 enim
3225 2022 3357 2062 vero
3386 2008 3431 2062 si
3456 2017 3554 2063 aut

1987 2102 2082 2156 per
2113 2088 2443 2144 oblivionem
2481 2099 2600 2143 ~aut
2633 2091 2793 2144 aliam
2855 2093 3171 2162 quampiam
3221 2110 3467 2160 causam,
3492 2097 3546 2151 in

1986 2176 2315 2232 contrariam
2349 2177 2605 2232 laudabili
2639 2178 2992 2248 legitimumque
3049 2181 3330 2250 proposito
3386 2191 3554 2238 testa-

1988 2275 2229 2322 mentum
2278 2268 2604 2324 sententiam
2680 2278 3003 2338 conceptum
3051 2270 3142 2335 sit,
3175 2279 3236 2324 ut
3279 2272 3400 2337 ejus
3449 2271 3553 2326 loci

1987 2359 2218 2415 antistes
2276 2358 2369 2413 Dei
2409 2359 2844 2423 amantissimus,
2893 2371 3157 2428 quantum
3186 2361 3254 2416 ad
3305 2361 3555 2416 ecclesiae

1987 2463 2283 2520 eorumque
2327 2450 2418 2520 qui
2454 2450 2509 2503 in
2542 2450 2631 2505 illa
2673 2452 2943 2506 asscssuri
2998 2460 3145 2518 sunt,
3200 2453 3555 2508 sustentatio-

1989 2554 2110 2594 nem
2170 2539 2471 2607 suﬂ‘ecerit,
2520 2541 2763 2596 vindicet
2793 2558 2808 2595 :
2841 2542 2909 2598 de
2943 2543 3170 2612 reliquis
3209 2559 3340 2599 vero
3368 2545 3546 2616 legum

1989 2631 2327 2700 praescriptio
2357 2639 2412 2684 et
2443 2639 2830 2685 testamentum
2862 2632 3187 2700 diiudicent.

2442 2721 2907 2779 CONSTITUTIO
2970 2723 3086 2778 XV.

2029 2814 2096 2868 Ut
2127 2815 2418 2868 salutarem
2447 2814 2769 2876 baptismum
2801 2814 2876 2884 (1)
2921 2816 2976 2868 in
3018 2832 3323 2886 quocunque
3361 2831 3518 2870 sacro

2378 2887 2617 2937 oratorio
2662 2886 2847 2954 peragi
2878 2886 3036 2938 liceat
3064 2885 3161 2956 (Ξ).

2059 2972 2204 3028 Idem
2239 2972 2536 3042 imperator
2573 2972 2849 3043 Stephano
2872 2973 3223 3030 sanctissimo
3242 2975 3555 3031 Constanti-

294 3071 600 3141 επισκόπῳ
619 3068 1238 3132 Κωνσταντινουπόλεως
1267 3069 1363 3121 καὶ
1391 3066 1753 3137 οἰκουμενικῷ
1780 3083 1884 3120 πα·-

1994 3079 2112 3134 nop.
2149 3064 2563 3135 archiepiscopo
2588 3073 2642 3118 et
2673 3065 2995 3135 patriarcha).
3025 3066 3346 3122 universali.

296 3163 573 3235 τριάριο-

374 3253 490 3306 Καὶ
509 3248 663 3314 οὗτος
698 3254 727 3305 ὁ
760 3252 858 3320 τῆς
897 3251 1202 3322 σεϐασμίας
1243 3240 1410 3320 ἕκτης
1447 3248 1668 3303 συνόδου
1701 3247 1882 3302 κανὼν

299 3342 482 3413 ἱερὸς,
510 3341 570 3403 ὃς
591 3342 652 3394 τὸ
675 3341 816 3395 θεῖον
843 3341 945 3410 τῆς
977 3340 1392 3410 ἀναγεννήσεως
1423 3338 1649 3408 λουτρὸν
1680 3340 1738 3391 ὲν
1770 3340 1882 3401 τοῖς

300 3433 429 3486 κατ’
474 3428 622 3484 οἷκον
668 3429 978 3500 εύκτηρίοις
1027 3428 1300 3506 τελεῖσθαι
1352 3429 1458 3498 ἰδίᾳ
1506 3429 1568 3482 ού
1611 3427 1878 3498 βούλεται,

302 3521 448 3575 ἀλλὰ
499 3524 558 3574 ἐν
615 3521 792 3590 μόνοις
831 3522 942 3584 τοῖς
984 3520 1119 3591 πρὸς
1169 3521 1230 3572 τὸ
1277 3519 1454 3572 κοινὸν
1497 3517 1882 3588 ἀνιερωμένοις

306 3615 483 3672 ναοῖς.
507 3611 710 3679 ἁδελφὰ
741 3609 1248 3682 παρακελευόμενος
1270 3611 1383 3671 τοῖς
1410 3607 1460 3660 οἳ
1483 3607 1583 3670 τὰς
1608 3607 1758 3677 ἱερὰς
1791 3607 1882 3659 θυ-

312 3703 432 3766 σίας
467 3705 562 3757 καὶ
592 3703 808 3766 τελετὰς
837 3704 960 3756 κατ’
987 3703 1169 3764 οῐκους
1198 3699 1606 3769 ἀποτρέποντες
1633 3698 1880 3768 γίνεσθαι

311 3792 501 3863 ἔτυχον
526 3793 654 3864 παρ’
678 3793 836 3864 ἡμῶν
866 3793 1209 3860 ἐπισκέψεως
1241 3790 1551 3862 ἔμπροσθεν
1577 3792 1646 3856 τ’,
1680 3789 1880 3858 ὁμοίως

315 3885 407 3936 καὶ
429 3884 664 3955 ἀδελφῆς
686 3885 731 3916 ’⁸
761 3885 986 3939 ἐκείνων
1013 3882 1439 3954 ἐπανορθώσεως
1468 3881 1737 3945 τεύξεται.

394 4060 679 4132 ὐρίζομεν
709 4055 801 4114 οὖν
827 4059 1008 4124 καθὼς
1039 4062 1170 4131 περὶ
1202 4056 1425 4122 θυσιῶν,
1458 4057 1600 4111 οὕτω
1626 4059 1721 4110 καὶ
1754 4059 1884 4127 περὶ

2058 3236 2232 3292 Etiam
2267 3238 2354 3292 hic
2389 3239 2712 3294 venerandae
2747 3247 2914 3295 sexta:
2936 3240 3126 3308 synodi
3154 3238 3230 3312 ('5)
3273 3255 3432 3296 sacer
3455 3256 3552 3296 ca-

1985 3343 2094 3382 non
2149 3327 2246 3398 (4),
2295 3329 2390 3398 qui
2433 3344 2539 3382 non
2581 3330 2635 3382 in
2692 3331 3026 3400 privatarum
3050 3331 3248 3385 aedium
3291 3332 3554 3386 oratoriis

1985 3434 2258 3485 seorsum,
2284 3421 2379 3474 sed
2405 3420 2582 3475 solum
2616 3419 2672 3474 in
2703 3435 3049 3476 communem
3076 3436 3233 3476 usum
3259 3436 3555 3477 consecra-

1986 3512 2057 3563 tis
2089 3511 2327 3580 templis,
2351 3511 2593 3564 divinam
2643 3512 3075 3579 regenerationis
3115 3511 3374 3567 lotionem
3428 3529 3554 3583 per-

1987 3600 2074 3654 Ilci
2097 3601 2232 3664 vult,
2292 3615 2414 3654 cum
2469 3599 2674 3653 similia
2703 3615 2828 3654 cum
2865 3601 2974 3656 illis
3007 3602 3214 3670 jubeat,
3243 3603 3338 3673 qui
3367 3618 3554 3658 sacro-

1985 3700 2177 3745 sancta
2243 3690 2515 3744 sacrilicia
2547 3699 2602 3745 et
2627 3691 2886 3762 mysteria
2930 3692 2986 3746 in
3034 3694 3264 3762 privatis
3295 3695 3550 3753 domibus

1987 3780 2251 3835 celebrari
2283 3787 2470 3835 vetant
2517 3779 2617 3850 (5),
2667 3781 2900 3851 ideoque
2926 3799 2956 3836 a
2999 3784 3159 3840 nobis
3200 3784 3553 3856 jampridem

1985 3873 2385 3928 consideratius
2405 3874 2628 3942 expensi
2659 3883 2786 3929 sunt
2816 3893 2830 3929 :
2862 3885 3120 3948 tanquam
3172 3877 3391 3932 illorqu
3431 3896 3557 3950 ger-

1986 3979 2182 4018 manus
2207 3965 2457 4019 similiter
2488 3967 2884 4022 correctionem
2918 3979 3305 4038 consequetur.

2053 4053 2356 4112 Statuimus
2414 4057 2612 4125 igitur,
2674 4059 3135 4129 quemadmodum
3171 4061 3240 4116 de
3268 4061 3557 4118 sacrificiis

314 4150 406 4203 τοῦ
439 4152 482 4183 ⁷⁷
526 4151 793 4222 σωτηρίου
835 4151 1236 4222 βαπτίσματος,
1287 4149 1349 4202 τὸ
1401 4149 1600 4216 ἐξεῖναι
1650 4149 1782 4203 αὐτὸ
1827 4152 1882 4201 ὲν

1994 4147 2070 4203 sic
2093 4162 2311 4219 quoque
2341 4150 2405 4204 de
2433 4151 2724 4206 salutifero
2746 4153 3098 4222 baptismate,
3136 4163 3194 4209 ut
3219 4163 3273 4210 et
3297 4157 3475 4226 ipsum
3498 4159 3553 4211 in

316 4245 476 4297 παντὶ
503 4244 744 4297 εὐσεϐῶν
771 4245 819 4275 ⁷⁸
849 4243 1125 4314 εὐκτηρίῳ
1165 4244 1278 4305 τοῖς
1317 4241 1657 4312 βουλομένοις
1687 4241 1879 4293 τελεῖν.

1994 4255 2317 4310 quocunque
2390 4256 2550 4295 sacro
2604 4244 2850 4297 oratorio
2896 4235 3237 4312 quibuslibet
3292 4261 3558 4317 peragere

314 4332 424 4404 Τὴν
451 4336 558 4406 γὰρ
579 4333 838 4404 τοιαύτην
863 4334 1146 4403 ἀκρίϐειαν
1175 4334 1321 4387 δοκεῖ
1347 4351 1436 4404 μοι
1473 4333 1800 4401 πεποιῆσθαι
1823 4331 1884 4384 τὸ

1994 4332 2199 4387 licitum
2233 4331 2323 4387 sit.
2351 4329 2486 4385 Nam
2519 4335 2637 4387 haec
2701 4343 2810 4386 tam
2858 4334 3050 4388 stricte
3108 4349 3328 4390 sacrum
3361 4337 3556 4406 synodi

316 4421 457 4494 ἱερὸν
485 4427 582 4496 τῆς
616 4424 835 4478 συνόδου
862 4424 1135 4495 διάταγμα
1169 4423 1262 4476 διὰ
1303 4423 1427 4486 τοὺς
1453 4425 1510 4475 ὲν
1551 4423 1741 4492 ἱερέων
1767 4423 1883 4475 ὀνό-

1994 4421 2272 4476 decretum
2308 4421 2664 4475 constituisse
2721 4421 2855 4474 mihi
2894 4419 3114 4490 quidem
3144 4421 3408 4488 ,videtur,
3441 4440 3561 4493 pro-

315 4529 444 4579 ματι
475 4516 724 4586 ἀνιέρους
760 4515 853 4568 καὶ
885 4513 1154 4584 βεϐήλους
1201 4513 1330 4575 τοὺς
1372 4512 1465 4564 ὑπ’
1494 4511 1672 4565 αὐτῶν
1713 4529 1883 4580 προσ-

1994 4519 2106 4577 pter
2134 4521 2230 4560 eos
2267 4506 2362 4576 qui
2389 4521 2702 4576 quanquam
2734 4505 3080 4562 sacerdotum
3110 4522 3312 4562 nomen
3341 4521 3554 4579 gerant,

311 4606 604 4676 αγομένους
633 4605 710 4677 τῷ
737 4605 947 4677 λουτρῷ
973 4602 1456 4669 ποιοῦντας,ο’ἰ,ὼς
1485 4603 1651 4666 εἰκὸς,
1686 4605 1742 4654 ἐν
1771 4605 1884 4666 τοῖς

1994 4593 2201 4664 profani
2253 4603 2434 4648 tamen
2465 4605 2616 4657 sunt,
2658 4605 2708 4646 et
2761 4609 2900 4663 quos
2962 4594 3027 4648 ad
3069 4594 3350 4650 lavacrum
3382 4595 3558 4650 addu-

309 4697 415 4749 τῶν
443 4698 711 4766 ὁμοδόξων
750 4697 918 4760 οἴκοις
953 4696 1308 4766 ὑποδυόμενοι
1345 4695 1404 4747 ού
1436 4693 1684 4746 τελοῦσιν
1705 4732 1719 4754 ,
1751 4693 1884 4746 ἀλλά

1994 4692 2139 4749 cunt,
2199 4683 2438 4754 pollutos
2496 4685 2762 4738 reddunt:
2804 4683 2898 4755 qui
2923 4684 3029 4755 ,(ut
3059 4683 3312 4755 apparet)
3363 4684 3557 4739 domos

307 4788 619 4842 συντελοῦσι
649 4789 760 4850 τοῖς
791 4787 974 4849 αὐτοῖς
1007 4785 1435 4857 προερχομένοις
1460 4785 1525 4833 ⁷⁸.
1551 4781 1700 4850 Αὕτη
1743 4780 1800 4832 δὲ
1838 4780 1884 4831 εἰ

1994 4775 2232 4844 ejusdem
2261 4773 2540 4842 opinionis
2590 4773 2874 4828 hominum
2927 4775 3249 4839 subeuntes,
3290 4788 3402 4828 non
3439 4789 3554 4829 rem

1579 4893 1812 4995 ViARLE
1849 4932 2255 4991 LECTIONES.

410 5042 459 5072 “
492 5041 630 5096 llinc
675 5039 884 5110 incipit
940 5037 1160 5110 Ecloga.
1247 5035 1291 5066 ⁶⁹
1326 5035 1464 5110 cod;
1501 5028 2014 5110 διανεμηθησονται.
2059 5022 2393 5110 J'ﬂﬁc‘loga
2430 5023 2901 5110 ,προσχξορῂσειλ-
2945 5018 3556 5110 ’ᾇ-ῐὲοἰοξωωῐιοῃηιρὲο

293 5088 639 5182 exempl-aria
665 5088 901 5165 retinent
930 5088 1302 5182 dissipatum.
1352 5105 1398 5135 "
1431 5088 1954 5182 Scrimg.‘__6'tdt§ectv.
2036 5094 2106 5182 1""
2136 5088 2351 5182 Citatutr
2371 5108 2401 5145 a
2430 5088 2807 5182 ken;iiel.".liifg
2827 5088 3556 5182 (Er.,Roentlgiigi)‘;9

291 5157 1184 5248 ῖῖὶῑὲἔὲῖιὶΪεὸᾶῗὲῖἱῖιιᾷέξίᾜξὶιι
1203 5157 1378 5248 ταύτῃ
1401 5157 1642 5248 κρατεῖς
1664 5169 1708 5202 ⁷⁸
1731 5167 2007 5248 ﬁliasupra
2035 5163 2285 5248 Constit.
2390 5161 2483 5248 *ξς
2496 5157 3554 5248 Λᾎιιλὶςίι.’ἀδελφοῖςῇξει-ᾼίειιβ.Δάδελφῶς.

287 5252 338 5283 τ’
365 5228 850 5306 ἓᾶιὶξιῖίιὸὶιᾝὰάῖι
871 5228 1115 5304 ἴέόῦζΪἿά
1152 5228 1388 5310 Βοτὶιηέ.
1417 5228 1649 5294 εύσεϐεῖ.
1731 5239 1773 5270 ⁷³
1815 5228 2204 5306 Spaugenberg
2231 5230 2582 5286 scribendum
2619 5238 2804 5284 censet
2834 5228 3309 5299 προσερχομένας.

1826 5346 2058 5403 NOT/E.

1755 5481 1886 5516 υστσ·
1990 5459 2200 5514 Trullo.
2233 5454 2382 5510 Adde
2411 5453 2547 5507 Nov.
2595 5451 2685 5506 58.

2062 5527 2219 5597 (3)1“
2250 5522 2486 5597 Trullo§
2514 5522 2598 5574 l7.

2062 5595 2357 5663 (4)0anon
2385 5595 2472 5663 59.
2554 5661 2567 5663 _
2631 5659 2672 5663 μ
2803 5661 2854 5663 ,Α
2969 5647 2972 5650 .

2059 5659 2138 5739 (ς)
2167 5667 2297 5721 δον.
2328 5665 2382 5728 4,
2410 5662 2437 5733 §
2469 5661 2594 5718 cod.
2630 5659 2762 5719 Nov.

357 5483 449 5548 (Ι)
482 5477 751 5548 Superius
781 5475 919 5548 dixit
953 5473 1078 5548 περὶ
1106 5471 1200 5548 τοῦ
1238 5469 1325 5548 μὴ
1358 5469 1457 5548 τὰς
1475 5467 1662 5548 ,ἔεράς
1713 5482 1752 5534 μ

291 5535 547 5619 aviaria;
567 5535 662 5602 καὶ
681 5547 934 5617 λατρείας
980 5535 1116 5596 οίκοι
1154 5535 1439 5595 ἐπιτελεῖν.
1473 5535 1609 5590 Nov.
1635 5537 1671 5590 4
1693 5573 1710 5602 ,
1736 5548 1883 5588 nunc

287 5622 685 5690 deliaptismo.
818 5685 831 5690 _
1366 5677 1431 5690 ,,,,
1485 5676 1517 5690 η
1654 5675 1688 5690 ..
1737 5674 1767 5690 η
1823 5673 1835 5690 ρ

370 5674 486 5763 (2f
519 5691 590 5744 Ea
653 5691 727 5741 ita
783 5685 1080 5756 abrogatur
1127 5696 1303 5737 canon
1363 5677 1433 5732 59
1485 5675 1689 5748 Synodi
1735 5674 1790 5738 6,
1823 5674 1879 5725 in
