3970 6212
513 297 619 362 εδδ

1738 282 2009 347 LEONIS
2050 281 2499 345 PHILOSOPHI

3653 276 3758 341 456

516 410 758 467 divinam
782 404 1011 468 faciunt,
1035 403 1129 460 sed
1156 415 1279 456 cum
1314 401 1383 456 iis
1416 400 1508 469 qui
1564 396 1899 451 conveniunt
1932 394 2078 447 inan.

2192 392 2287 444 καὶ
2322 389 2441 442 θεία
2473 388 2566 441 καὶ
2604 386 2736 440 πολὺ
2765 386 2824 439 τὸ
2860 385 3124 455 σωτήριον
3159 384 3354 454 ἔχουσα
3396 381 3757 440 διαδείκνυται

516 499 714 573 spicati
744 497 949 566 aliquid
974 494 1295 549 moliuntur.
1340 490 1495 548 Hanc
1543 502 1674 542 vero
1713 486 2083 557 provisionem

506 588 825 647 tametsiet
840 585 1081 640 divinam
1102 597 1246 646 esse,
1268 589 1323 636 et
1342 582 1507 634 multa
1528 576 1787 632 salutaria
1808 575 2087 629 continere

517 684 768 739 constet,
828 688 935 728 non
999 681 1180 725 tamen
1242 671 1332 723 illa
1382 669 1449 721 ad
1502 665 1802 735 impietatis
1829 665 2019 734 plenos
2056 678 2085 714 ιι

518 774 636 829 suis
662 769 807 824 vitiis
828 766 1163 822 coercendos
1216 763 1468 819 sulliciat.
1523 759 1658 813 Nam
1704 767 1758 813 et
1779 772 1869 811 res
1905 756 2082 810 audax

513 870 599 917 est
632 860 854 921 malitia,
877 858 1136 925 omnique
1160 854 1343 916 modo,
1370 851 1573 906 clausis
1600 849 1761 904 etiam
1790 844 2083 906 oratoriis,

516 954 583 1007 ad
636 951 961 1020 explendum
1020 946 1360 1016 propositum
1418 956 1601 1005 suum,
1647 953 1802 994 suam
1844 937 2087 991 inveniat

511 1044 677 1098 viam.
712 1040 1101 1093 Verumtamen
1136 1050 1257 1089 cum
1289 1047 1433 1087 nunc
1457 1031 1642 1085 divina
1689 1027 1862 1098 gratia
1893 1040 2085 1079 omnes

512 1146 784 1204 perversae
815 1129 1107 1196 opiniones
1168 1125 1281 1179 sint
1339 1122 1663 1193 proﬂigatae,
1717 1120 1879 1171 etiam
1910 1131 2086 1185 quatt-

514 1233 630 1277 tum
662 1222 727 1274 ad
760 1221 862 1273 hoc
890 1219 1106 1279 attinet,
1135 1213 1487 1283 quamobrem
1529 1208 1837 1278 reipublicae
1869 1208 1969 1259 hoc
1992 1206 2085 1259 de-

512 1321 722 1367 cretum
749 1311 815 1364 ad
848 1306 1244 1379 prohibendam
1292 1305 1345 1357 in
1375 1303 1709 1372 privatarum
1733 1298 1930 1352 aedium
1958 1311 2081 1349 ora-

512 1403 673 1458 toriis
695 1398 1129 1473 regenerationis
1187 1396 1446 1448 lotionem
1478 1393 1832 1453 obtrudatur,
1876 1388 2080 1443 nullam

508 1493 765 1565 equidem
796 1506 921 1546 esse
943 1489 1311 1543 necessariam
1344 1498 1567 1538 causam
1593 1483 1774 1537 video.

969 1576 1441 1635 CONSTITUTIO
1477 1574 1619 1629 XVI.

516 1672 583 1727 Ut
622 1674 711 1742 qui
744 1671 929 1741 viginti
952 1670 1027 1741 (6)
1059 1686 1227 1723 annos
1273 1668 1425 1789 finget
1461 1665 1857 1737 hypodiaconus
1905 1667 2077 1721 creari

1206 1752 1350 1789 nam
1380 1773 1399 1789 .

1204 1752 1399 1807 possit.

579 1832 726 1887 Idem
749 1831 1041 1901 imperator
1072 1828 1270 1884 eidem.

580 1922 753 1978 Vetus
801 1924 1045 1985 verbum,
1086 1920 1229 1989 quod
1256 1920 1332 1989 (7)
1382 1919 1450 1973 de
1498 1918 1663 1973 rebus
1712 1918 1829 1973 suis
1877 1918 2079 1973 dicenti

512 2028 675 2067 aures
704 2027 828 2067 esse
847 1994 1168 2081 operiendas
1189 2018 1395 2073 monet,
1435 2022 1559 2062 cum
1592 2008 1645 2061 in
1674 2008 1797 2062 aliis
1827 2008 2083 2064 omnibus

510 2104 751 2176 perbelle
771 2117 893 2157 sese
918 2102 1135 2165 habeat,
1183 2107 1297 2152 tum
1342 2099 1430 2152 hic
1461 2099 1617 2167 longe
1645 2114 1770 2154 esse
1796 2100 2083 2169 pulchrius

509 2200 757 2264 apparet.
790 2193 859 2245 At
895 2204 1156 2261 quorsum
1198 2190 1340 2243 hoc?
1390 2188 1577 2245 Civilis
1617 2190 1693 2260 (8)
1737 2191 1820 2245 lex
1863 2195 2077 2257 statuit,

508 2300 579 2339 ne
606 2284 783 2338 minor
813 2282 1003 2351 viginti
1055 2282 1298 2350 quinque
1332 2281 1492 2335 annis
1523 2280 1577 2333 in
1629 2280 1829 2338 divinis
1889 2283 2082 2339 ciliciis

508 2382 724 2430 creetur
773 2372 1208 2443 bypodiaeonus;
1271 2371 1554 2425 decretum
1611 2386 1829 2426 sacrum
1882 2382 2079 2428 contra

504 2464 725 2530 statuit,
760 2463 935 2532 utqui
969 2463 1036 2516 ad
1079 2460 1396 2517 istiusmodi
1449 2460 1822 2517 ministerium
1842 2463 2078 2529 accedit,

508 2555 657 2610 hunc
682 2554 983 2624 vigesimus
1010 2567 1186 2606 annus
1210 2550 1279 2605 ad
1317 2551 1723 2606 ordinationem
1755 2554 2039 2622 perducat.

577 2731 815 2802 Dignum
850 2730 1036 2798 itaque
1060 2742 1272 2782 sacram
1299 2726 1472 2795 legem
1506 2726 1574 2780 de
1602 2727 1767 2782 rebus
1794 2728 1910 2783 suis
1942 2744 2082 2798 pra:-

506 2817 801 2887 cipientem
832 2814 1025 2869 audire
1050 2814 1399 2883 imperatoria
1422 2828 1613 2869 nostra
1648 2815 1912 2884 majestas
1938 2827 2078 2882 rata,

508 2908 651 2964 etin
680 2906 932 2963 eamdem
968 2922 1089 2961 cum
1141 2905 1230 2960 illa
1286 2906 1622 2960 sententiam
1662 2906 1971 2975 descendit,
2027 2918 2083 2963 et

504 3000 721 3063 statuit,
767 3006 826 3052 ut
884 2998 975 3067 qui
1032 2998 1099 3051 ad
1148 2996 1467 3066 vigesimum
1527 3012 1730 3051 annum
1788 3001 2074 3068 pervenit,

2186 480 2412 549 πρόνοια
2432 516 2445 539 ,
2478 477 2627 546 ὅμως
2655 475 2755 528 οὑκ
2788 473 3011 543 ἐξαρκεῖ
3036 475 3162 535 τοὺς
3202 473 3303 541 τῆς
3340 472 3598 532 ἀσεϐείας
3635 473 3762 524 ἀνα-

2186 569 2604 639 πεπλησμένους
2634 568 2732 635 τῆς
2759 566 2968 619 ἑαυτῶν
2996 566 3194 628 κακίας
3226 564 3617 635 ἁναχαιτίζειν.
3652 564 3760 616 Καὶ

2185 667 2293 736 γὰρ
2314 665 2585 735 τολμηρὸν
2612 666 2645 732 ἡ
2690 663 2880 726 κακία,
2926 662 3023 716 καὶ
3056 661 3219 715 παντί
3246 678 3310 728 γε
3343 660 3535 731 τρόπῳ
3577 658 3760 730 χώραν

2183 758 2389 810 οἰκείαν
2405 757 2537 827 εὐρή
2545 772 2646 818 σει,
2671 755 2765 807 καὶ
2781 755 2889 806 τῶν
2907 752 3210 823 εὐκτηρίων
3224 752 3752 820 ἀποκεκλεισμένων,

2185 852 2264 911 είς
2294 849 2643 917 ἐκπλήρωσιν
2666 848 2765 915 τῆς
2792 846 3002 908 οἰκείας
3022 844 3418 913 προαιρέσεως.
3449 842 3599 911 Πλὴν
3625 843 3758 895 ἀλλά

2184 957 2249 1007 γε
2294 939 2389 991 νῦν
2421 937 2540 1007 Οείᾳ
2571 937 2753 1006 χάριτι
2800 936 2982 1005 πάσης
3026 934 3346 997 κακοδοξίας
3388 933 3759 997 ἁπεσκορακι-

2186 1031 2411 1099 σμένης,
2447 1029 2600 1082 οὐδὲν
2642 1028 2740 1081 καὶ
2779 1028 2921 1079 κατὰ
2946 1025 3103 1078 τοῦτο
3137 1025 3198 1077 τὸ
3227 1025 3390 1094 μέρος
3433 1020 3547 1092 ὁρῶ
3584 1037 3676 1090 μοι
3703 1020 3759 1072 τὸ

2183 1121 2357 1191 δόγμα
2393 1119 2832 1189 προϐαλλόμενον
2866 1118 3160 1184 ἀναγκαῖον
3203 1117 3282 1177 είς
3327 1114 3390 1166 τὸ
3428 1110 3663 1165 κωλύειν
3704 1111 3758 1163 ὲν

2182 1216 2295 1274 τοῖς
2326 1215 2446 1265 κατ’
2486 1207 2633 1264 οἷκον
2664 1210 2974 1281 εύκτηρίοις
2996 1210 3058 1262 τὸ
3085 1208 3308 1278 λουτρὸν
3338 1207 3437 1267 ﬁt;
3458 1205 3757 1273 ἀναγεννή-

2184 1322 2343 1368 σεως.

2722 1568 3049 1622 ‘AIA'I‘AEIE
3078 1569 3193 1633 ις’.

2188 1662 2325 1730 Περὶ
2358 1660 2465 1715 τοῦ
2481 1660 2567 1730 μὴ
2600 1661 3059 1783 χειροτάοέῗῖίέιές
3080 1657 3559 1760 ιξέποόϊιίιισνιον·κ’
3585 1655 3752 1723 ἐτῶν,

2188 1841 2213 1875 t
2258 1824 2275 1893 [
2305 1824 2362 1875 Ὀ
2396 1823 2559 1886 αὐτὸς
2584 1821 2857 1893 βασιλεὺς]
2894 1821 2970 1889 τῷ
3007 1818 3173 1888 αύτῷ.

2271 1915 2327 1967 '0
2370 1914 2599 1975 παλαιὸς
2640 1914 2817 1980 λόγος,
2854 1912 2911 1974 ὃς
2944 1911 3327 1980 παρεγγυᾶται
3367 1909 3445 1978 τῷ
3479 1909 3610 1980 περὶ
3654 1910 3759 1961 τῶν

2183 2007 2401 2059 οἰκείων
2443 2006 2653 2072 λέγοντι
2702 2002 3131 2057 ἀναπεταννύειν
3175 2002 3276 2071 τὴν
3319 2002 3489 2071 ἀκοὴν
3518 2041 3535 2064 ,
3582 2002 3761 2065 καλῶς

2184 2097 2279 2151 καὶ
2311 2098 2367 2150 ὲν
2408 2098 2520 2159 τοῖς
2554 2096 2733 2158 ἄλλοις
2771 2094 2973 2148 ἅπασιν
3008 2093 3167 2162 ἔχων,
3204 2092 3436 2146 ἐνταῦθα
3466 2094 3603 2146 πολὺ
3643 2093 3757 2145 δια-

2180 2184 2456 2237 δείκνυται
2490 2183 2744 2236 καλλίων.
2773 2183 2839 2234 Τί
2868 2178 2961 2235 οὖν
3000 2184 3169 2244 ἐστιν,
3206 2181 3235 2233 ὃ
3264 2197 3440 2250 φημι;
3480 2181 3761 2243 Πολιτικὸς

2183 2274 2427 2337 θεσπίζει
2460 2274 2623 2343 νόμος
2643 2274 2711 2337 ⁸⁸,
2743 2272 2834 2325 τὸν
2863 2273 3072 2326 ἐλάττω
3098 2271 3260 2324 πέντε
3286 2271 3380 2324 καὶ
3410 2272 3587 2323 εἴκοσι
3623 2272 3759 2323 ὲτῶν

2185 2367 2262 2436 μὴ
2287 2364 2711 2437 χειροτονεῖσθαι
2735 2365 2814 2427 είς
2838 2363 3179 2433 λειτουργίαν
3202 2362 3579 2415 ὑποδιάκονον·
3617 2363 3760 2433 ίερὺν

2181 2456 2547 2520 ἁντιθεσπίζει
2588 2455 2803 2524 δόγμα,
2846 2456 2939 2508 τὸν
2968 2454 3105 2522 πρὸς
3144 2454 3244 2524 τὴν
3271 2453 3530 2523 τοιαύτην
3573 2453 3761 2509 διακο-

2180 2548 2296 2601 νίαν
2320 2548 2613 2618 προσιόντα
2638 2546 2731 2601 τὸν
2760 2546 3002 2599 εἰκοστὸν
3032 2545 3223 2616 χρόνον
3262 2546 3504 2614 εἰσάγειν
3547 2548 3632 2610 είς
3660 2546 3761 2616 τὴν

2180 2638 2547 2707 χειροθεσίαν.

2255 2729 2440 2792 Ἀξιον
2466 2725 2559 2782 οὖν
2592 2728 2749 2799 ἡμῶν
2780 2729 2812 2799 ἡ
2848 2728 3096 2798 βασιλεία
3128 2731 3449 2801 ἡγησαμένη
3482 2728 3580 2781 τοῦ
3612 2727 3760 2798 ίεροῦ

2180 2821 2402 2876 ἀκούειν
2448 2822 2613 2891 νόμου
2666 2823 2724 2874 ἐν
2761 2823 2826 2891 τῇ
2891 2822 3020 2891 περὶ
3069 2822 3177 2873 τῶν
3219 2822 3435 2873 οἰκείων
3492 2819 3759 2885 διατάξει,

2179 2913 2473 2981 τούτῳκαὶ
2518 2911 2929 2983 συμψηφίζεται
2985 2911 3080 2963 καὶ
3132 2911 3324 2980 ὁρίζει,
3364 2910 3455 2961 τὸν
3493 2910 3632 2979 πρὸς
3678 2910 3759 2961 εἰ-

2185 3003 2374 3056 κοστὸν
2414 3002 2531 3065 ἔτος
2564 3003 2855 3063 ἐλάσαντα,
2895 3002 2967 3072 μὴ
3003 3003 3100 3071 τῆς
3142 3002 3309 3068 ἄλλης
3348 3000 3634 3068 διαγωγῆς
3665 3001 3760 3053 τοῦ

506 3089 670 3147 modo
706 3062 969 3143 anteactae
997 3088 1126 3143 vitae
1154 3062 1298 3141 ratio
1317 3086 1605 3145 obstaculo
1636 3102 1746 3143 non
1782 3062 1874 3155 sit,
1903 3062 2078 3160 quan;

2190 3092 2298 3160 βίου
2324 3062 2573 3163 ὲμποδων
2597 3062 2909 3163 ἱσταμένης,
2930 3062 3027 3144 ὅσα
3134 3092 3197 3143 ἐκ
3220 3062 3320 3159 της
3345 3062 3566 3159 ἡλικίας
3590 3062 3763 3159 μηδὲν

506 3191 625 3238 tum
675 3180 741 3235 ad
795 3188 1034 3247 atatem,
1098 3178 1466 3250 hypodiaconi
1501 3178 1740 3234 olIicium
1791 3182 2078 3253 suscipere

504 3288 617 3329 non
650 3273 998 3343 impediatur.

961 3355 1423 3414 CONSTITUTIO
1452 3356 1621 3414 XVII.

505 3452 583 3507 De
600 3453 869 3521 puerperis
901 3450 1111 3520 quando
1159 3450 1457 3521 divinarum
1503 3450 1873 3519 mysteriorum
1900 3452 2078 3517 parti-

574 3520 709 3592 cipes
739 3524 873 3590 [iam
895 3537 914 3574 :
951 3531 1000 3574 et
1043 3520 1523 3592 qugandugiufuntcs
1572 3521 1927 3592 baptisentur,
1960 3530 2075 3586 past

573 3588 931 3662 quadraginta
966 3590 1200 3644 videlicet
1234 3588 1369 3654 dies,
1401 3600 1553 3642 extra
1580 3605 1739 3660 quam
1772 3591 1818 3644 si
1849 3592 2076 3644 necessi-

574 3674 657 3717 tas
686 3672 891 3731 urgeat.

580 3753 730 3806 Idem
762 3752 1062 3820 imperator
1085 3749 1294 3804 eidem.

572 3840 630 3894 Id
659 3839 802 3909 quod
848 3837 1129 3893 beatitudo
1196 3846 1287 3889 tua
1318 3836 1583 3906 postulat,
1624 3851 1654 3890 a
1690 3837 1845 3891 vobis
1878 3853 2069 3907 proce-

504 3932 656 3994 dere,
683 3944 847 3999 quam
880 3944 910 3981 a
933 3930 1093 3982 nobis
1124 3929 1392 3995 originem
1436 3939 1652 3982 sumere
1687 3942 1751 3981 ac
1800 3928 2074 3997 proﬁcisci

503 4024 718 4093 aequius
755 4022 952 4075 fuerat.
990 4021 1065 4074 De
1106 4036 1162 4073 re
1201 4020 1276 4088 (9)
1308 4020 1454 4072 enitn
1510 4034 1666 4072 sacra
1726 4022 2071 4076 sanctitatem

2178 3186 2257 3248 είς
2284 3184 2383 3255 τὴν
2401 3188 2495 3238 τοῦ
2523 3184 2877 3239 ύποδιακόνου
2912 3182 3251 3254 προχείρισιν
3273 3179 3687 3252 ἐμποδίζεσθαι.

2727 3363 3049 3417 ’ΔΙΔΤΑΞΙΣ
3089 3363 3181 3415 IZ'.

2178 3454 2311 3521 Περὶ
2353 3454 2467 3507 τῶν
2494 3452 2805 3508 τεκουσῶν
2826 3452 3128 3523 γυναικῶν
3158 3452 3619 3523 πόῖεᾼλαμξάνει
3639 3450 3763 3523 τῶν

2246 3519 2418 3577 θείων
2432 3524 2801 3593 μυστηρίων,
2827 3519 2937 3593 καί
2953 3524 3098 3576 πότε
3114 3523 3188 3593 τὰ
3210 3521 3410 3593 ,βρέφη
3428 3519 3760 3593 βαπτίζον-

2246 3612 2339 3648 ται
2369 3590 2501 3662 ἄχρι
2533 3592 2651 3647 τῶν
2673 3591 2732 3662 μ’
2754 3591 2991 3661 ἡμερῶν
3008 3592 3189 3661 χωρίς
3211 3590 3475 3661 ἀνάγκη(
3503 3592 3573 3643 ³⁸.

2249 3753 2268 3826 [
2306 3754 2363 3807 Ὀ
2398 3754 2559 3816 αὑτὸς
2594 3750 2886 3824 βασιλεὺς]
2919 3751 2998 3822 τῷ
3018 3750 3184 3821 αὐτῷ.

2256 3846 2321 3897 Ἢ
2355 3844 2452 3915 μὲν
2497 3844 2721 3910 ἀξίωσις
2756 3842 2858 3911 τῆς
2896 3843 3169 3913 ὑμετέρας
3212 3856 3622 3911 μακαριοτητος
3663 3840 3756 3907 αἴθ’

2177 3934 2329 4004 ὑμῶν
2369 3933 2568 4003 μᾶλλον
2602 3932 2783 3985 δικαία
2830 3933 3196 4002 προέρχεσθαι
3234 3927 3322 4001 ἦν,
3360 3932 3393 4001 ἢ
3433 3931 3562 3999 παρ’
3597 3929 3756 3999 ἡμῶν

2175 4028 2274 4095 τὴν
2317 4024 2531 4092 γένεσιν
2579 4024 2786 4077 λαϐεῖν·
2819 4024 2924 4076 ἔδει
2966 4022 3076 4092 γὰρ
3122 4022 3221 4091 τῆς
3271 4021 3428 4089 ὑμῶν
3475 4021 3755 4089 ίερότητος

505 4125 652 4171 tuam
678 4113 892 4168 sancire
930 4111 1241 4178 oportebat.
1274 4108 1473 4165 Verum
1499 4110 1759 4179 quoniam
1788 4128 1949 4182 super
1968 4128 2075 4167 uno

2190 4115 2453 4185 ὶέσπισμα
2487 4110 2625 4166 εῖναι
2656 4112 2913 4165 ὑπόθεσιν
2943 4112 3115 4183 ίεράν.
3154 4112 3306 4165 Ἐπεὶ
3331 4111 3386 4163 δέ
3420 4128 3557 4179 φατε
3586 4111 3662 4173 ὡς
3690 4111 3749 4162 οὐ

504 4207 772 4262 duntaxat
797 4204 976 4274 capite
1006 4202 1302 4257 concilium
1324 4201 1638 4255 consultare
1666 4204 1811 4271 (cum
1842 4203 1908 4259 de
1935 4207 2074 4258 utul-

2190 4207 2289 4260 Ξέον
2318 4207 2400 4273 ἐφ’
2429 4206 2509 4258 ἐνὶ
2536 4204 2816 4274 κεφαλαίῳ
2851 4203 3134 4273 συναδικὴν
3157 4202 3411 4271 γενέσθαι
3441 4201 3747 4270 διάσκεψιν,

508 4297 581 4354 tis
615 4296 913 4351 decernere
964 4292 1185 4349 concilii
1218 4292 1312 4362 sit)
1355 4292 1744 4348 inconveniens
1778 4309 1922 4361 esse,
1974 4310 2075 4350 nos

2190 4300 2394 4352 τυνόδου
2425 4299 2469 4351 δ’
2498 4300 2562 4352 ἂν
2593 4300 2679 4365 εἴη
2709 4297 2870 4369 ἔργον
2897 4298 3159 4367 προάγειν
3194 4297 3409 4366 ψήφους
3434 4336 3448 4359 ,
3483 4295 3749 4364 ἡμέτερον

504 4403 636 4445 vero
660 4397 716 4444 et
747 4388 885 4442 citra
920 4385 1217 4442 concilium
1248 4384 1529 4439 decretum
1562 4384 1744 4442 facere
1791 4402 1953 4458 posse
1986 4388 2071 4443 di-

2190 4390 2233 4443 5ὲ
2264 4390 2358 4443 καὶ
2384 4390 2508 4459 δίχα
2536 4389 2754 4441 συνόδου
2783 4387 3091 4441 ἐκτίθεσθαι
3120 4387 3320 4457 δόγμα,
3346 4386 3629 4454 δεχόμενοι
3656 4389 3752 4450 τὴν

503 4482 669 4538 citis:
708 4478 1143 4535 admonitionem
1181 4477 1573 4547 suscipientes,
1628 4478 1829 4547 quibus
1884 4480 1952 4535 de
1984 4496 2071 4537 re-

2190 4481 2493 4551 προτροπὴν
2512 4474 2585 4533 ὧν
2622 4478 2837 4545 ἀξιοῦτε
2859 4477 3100 4542 διάταξιν
3131 4477 3459 4547 ἐκφέρομεν.
3495 4477 3537 4527 Τ
3540 4475 3603 4526 οὗ
3642 4476 3751 4527 Κυ-

502 4574 607 4629 bus
660 4566 1454 4643 postulationeminstituistis,
1497 4566 1565 4622 de
1599 4566 1668 4622 iis
1713 4570 2070 4625 constitutio-

2190 4572 2297 4637 οίου
2320 4572 2499 4624 τοίνυν
2524 4572 2615 4623 καὶ
2639 4572 2887 4640 Σωτῆρος
2903 4570 3079 4640 ἡμῶν,
3100 4569 3238 4621 ὥστε
3261 4567 3337 4638 τῷ
3354 4567 3628 4637 φωτισμῷ
3657 4567 3750 4635 τῆς

501 4680 627 4720 nem
660 4663 984 4718 emittimus.
1030 4659 1171 4713 Cum
1219 4658 1405 4727 itaque
1435 4656 1700 4713 Dominus
1724 4666 1779 4713 et
1814 4659 2071 4717 Servator

2190 4660 2344 4713 κὺτοῦ
2376 4661 2532 4729 δόξης
2558 4660 2969 4729 ὲπιλαμφθῆναι
2985 4660 3111 4721 τοὺς
3133 4661 3191 4711 ὲν
3222 4657 3406 4709 σκότει
3427 4656 3749 4725 διαπορευο-

502 4765 711 4818 noster,
740 4766 851 4822 quo
880 4748 1174 4819 splendore
1196 4746 1385 4816 gloriae
1416 4744 1592 4814 ipsius
1632 4746 2075 4805 illuminarentut‘

2190 4753 2400 4822 μένους,
2423 4754 2622 4822 σαρκὸς
2655 4753 2811 4822 ἡμῶν
2841 4753 2935 4805 καὶ
2974 4752 3202 4821 αἵματος
3234 4750 3634 4821 παραπλησίως
3662 4766 3746 4801 κε-

500 4844 595 4913 qui
616 4843 671 4897 in
702 4840 949 4897 tenebris
979 4837 1285 4900 ambulant,
1331 4836 1487 4904 juxta
1526 4843 1689 4905 atque
1742 4853 1840 4891 nos
1890 4841 2073 4896 carnis

2190 4844 2590 4910 κοινωνηκὸτος,
2620 4844 2739 4894 λίαν
2762 4841 2949 4912 ἔμοιγε
2969 4840 3184 4894 δοκοῦσι
3210 4842 3427 4910 φρονεῖν
3455 4841 3748 4893 ὑπεναντία

502 4943 666 5001 atque
722 4932 1012 5002 sanguinis
1057 4928 1233 4983 nostri
1296 4927 1571 4995 particeps
1634 4927 1812 4983 lactus
1873 4928 2070 4985 fuerit:

2190 4936 2244 5002 τῇ
2270 4934 2477 4986 ἐκείνου
2498 4932 2829 5003 σωτηριώδει
2851 4934 3093 5003 προνοίᾳ,
3120 4933 3233 4985 ὅσοι
3259 4931 3334 5001 μὴ
3353 4930 3444 4983 τοῦ
3466 4928 3747 5000 φωτισμοῦ

1782 5061 2015 5119 VARIIE
2056 5067 2453 5126 LECTIONES.

605 5184 652 5263 ν
709 5180 990 5250 Osenhri'tg
1030 5194 1096 5231 cn
1136 5177 1515 5247 corrigendum
1576 5183 1727 5255 putat
1759 5185 1834 5229 κε’
1864 5181 2000 5233 ἐτῶν
2025 5183 2162 5237 ἀλλὰ
2204 5191 2271 5238 κ’.
2336 5184 2378 5215 ⁸³
2405 5185 2701 5241 Justittiani
2739 5185 2872 5239 Nov.
2912 5184 3033 5249 ηδ,
3064 5184 3233 5238 0.15.
3322 5182 3370 5213 ⁸²
3394 5181 3488 5236 Sic
3512 5180 3741 5249 Serimg.
3792 5194 3795 5197 ‘

521 5254 607 5303 Sed
630 5253 890 5303 mZuich.
920 5262 975 5303 et
997 5194 1290 5303 glcermnu.
1328 5247 1449 5301 cod.
1473 5264 1576 5299 non
1614 5254 1760 5299 item.

501 5254 607 5309 Sed
630 5257 681 5307 in
700 5253 890 5305 Zuich.
920 5247 982 5305 et
999 5247 1290 5304 Mcermau.
1328 5247 1449 5301 cod.
1473 5264 1576 5299 non
1614 5248 1760 5299 item.

2006 5350 2230 5419 sum.

2170 5472 2218 5510 c.
2324 5498 2335 5509 .

2170 5598 2172 5607 ι
2232 5459 2543 5607 (ίῖἶριιίεμιε
2566 5539 2727 5607 turpe
2746 5536 2853 5607 est,
2871 5527 2962 5607 jus
2988 5525 3041 5607 in
3062 5540 3170 5607 quo
3196 5518 3439 5607 versatur
3468 5526 3736 5607 ignorare;

2162 5597 2196 5651 Ι.
2232 5595 2297 5664 :2,
2322 5598 2349 5668 §
2371 5595 2465 5665 45,
2497 5600 2551 5653 ΙῘ.
2587 5595 2890 5667 ἀοοτὶεἱιιε
2917 5597 3052 5651 iuris
3094 5597 3176 5650 12.
3207 5595 3434 5661 Quintil.
3467 5596 3522 5649 3.

593 5465 646 5532 6)
667 5463 802 5518 Nov.
830 5462 919 5515 75.
952 5460 1000 5514 .l.
1030 5458 1150 5532 eod.
1174 5473 1294 5526 cap.
1336 5458 1421 5521 15,
1443 5471 1562 5526 syn.
1583 5455 1637 5516 6,
1660 5453 1952 5532 ilLTI‘llIIO.

598 5524 649 5591 τ)
684 5532 760 5603 Ne
784 5532 996 5603 dicatur
1012 5524 1255 5595 alioquin
1287 5544 1411 5581 cunt
1449 5524 1644 5592 poeta:
1704 5524 2053 5603 Deilecusille

500 5600 693 5657 donius
720 5600 821 5654 siet
850 5600 1094 5652 ultimus.

570 5672 647 5736 l8)
706 5670 771 5723 Et
832 5669 903 5721 ita
960 5667 1250 5733 abrogatur
1299 5664 1522 5719 Novella
1572 5660 1866 5718 Iustiniani
1922 5664 2041 5727 liii,
