4088 6208
390 303 500 369 457

1483 309 1844 372 NOVELL/E
1877 309 2548 372 CONSTITUTIONES.

3523 327 3640 392 ‘58“

390 416 550 479 ἀξίαν
572 411 1012 483 ὑπολαμϐάνουσι
1035 413 1133 484 τὴν
1157 415 1281 485 ἄρτι
1303 416 1402 485 μὲν
1425 423 1706 474 τετοκυῖαν
1727 423 1821 475 καὶ
1839 424 1944 476 επί-

2065 423 2238 487 valde,
2271 437 2392 478 mea
2430 426 2655 494 quidem
2689 428 2989 496 sententia,
3039 445 3068 484 a
3119 431 3398 487 salutifera
3442 437 3618 506 ipsius

388 505 569 573 λοχον,
602 503 1162 574 καταλαμϐανομένην
1201 505 1257 558 δὲ
1289 507 1394 560 ὑπὸ
1421 508 1515 560 τοῦ
1546 509 1774 565 Θανάτου
1808 513 1961 582 παρὰ

388 595 556 656 πόδας
589 594 824 656 ἑστῶτος
854 595 950 648 καὶ
979 595 1079 663 τὴν
1110 595 1450 666 προθεσμίαν
1474 599 1542 669 ἢν
1570 601 1726 653 αὐτοὶ
1751 603 1959 671 ἀναμέ-

384 701 500 737 νειν
525 685 728 737 οἴονται
750 683 916 754 (φημὶ
942 683 1006 753 δὴ
1036 683 1136 754 τὴν
1166 686 1303 754 μετά
1324 686 1424 757 τὴν
1447 686 1602 742 λύσιν
1618 689 1728 741 τῶν
1753 690 1959 744 ὠδίνων

381 775 830 845 τεσσαρακοστὴν
858 775 1074 845 ἡμέραν
1097 775 1114 845 )
1144 777 1244 829 οὐκ
1272 777 1634 847 άναμένοντος
1659 779 1797 834 ἀλλὰ
1824 781 1956 834 θᾶτ-

381 884 477 920 τον
526 866 1016 937 προαρπάζοντος,
1066 869 1163 920 καὶ
1193 867 1282 921 διὰ
1323 869 1426 937 τὴν
1466 872 1786 941 σωματικὴν
1821 873 1958 925 ἀκα-

379 959 448 1010 θα
459 957 620 1028 ρσίαν
645 956 956 1028 ἀκάθαρτον
979 957 1056 1021 ὡς
1084 957 1299 1029 άληθῶς
1328 961 1387 1025 ἐξ
1411 961 1715 1032 ἀνθρώπων
1735 964 1955 1018 ἀπιέναι

380 1047 891 1118 καταπραττόμενοι
915 1047 1144 1118 ταύτην,
1173 1051 1646 1122 ἁμυσταγώγητον
1666 1049 1832 1108 οὖσαν
1860 1057 1955 1109 καὶ

378 1145 480 1209 τῆς
513 1139 602 1192 διὰ
632 1139 726 1192 τοῦ
761 1138 906 1192 θείου
929 1139 1157 1210 λουτροῦ
1185 1140 1504 1211 καθάρσεως
1528 1144 1622 1196 καὶ
1653 1144 1954 1216 ἀναγεννή-

379 1249 522 1295 σεως
544 1231 831 1302 ἀμέτοχον·
855 1231 968 1284 οὐδ’
994 1231 1236 1286 ἐννοοῦσι
1257 1233 1319 1285 τὺ
1341 1232 1570 1303 μέγεθος
1589 1235 1684 1289 τοῦ
1705 1237 1952 1290 κινδύνου

377 1325 475 1376 καὶ
499 1326 600 1394 τῆς
632 1322 857 1393 ζημίας,
890 1323 956 1393 ἣν
977 1323 1081 1392 τῆς
1107 1323 1288 1378 αὐτῶν
1313 1325 1599 1398 εὐλαϐείας
1626 1328 1689 1380 τὸ
1722 1329 1953 1382 ἀνευλα-

376 1415 472 1476 ϐὲς
497 1417 589 1466 καὶ
620 1413 887 1482 σφαλερὸν
926 1414 1198 1484 προξενεῖ.
1246 1417 1503 1485 Καίτοιγε
1531 1419 1621 1471 διὰ
1647 1419 1750 1489 τὴν
1777 1421 1952 1492 ὑπερ-

376 1504 542 1572 ϐολὴν
567 1504 690 1557 οὐδὲ
719 1504 877 1572 λόγου
906 1504 1079 1558 δεῖται
1109 1507 1142 1574 ή
1174 1505 1399 1577 τοιαύτη
1427 1509 1651 1563 ἀτοπία.
1689 1509 1812 1574 Πῶς
1841 1512 1952 1582 γὰρ

376 1594 653 1663 θεμιτὸνῆ
682 1593 800 1656 πῶς
820 1593 881 1646 ού
910 1593 1153 1664 λυπηρὸν
1182 1596 1322 1666 Θεῷ,
1347 1597 1408 1660 ὃς
1427 1598 1518 1650 διὰ
1544 1599 1649 1667 τῆς
1675 1601 1755 1662 είς
1784 1602 1950 1655 αὐτὸν

377 1687 615 1746 πίστεως
657 1683 879 1752 καὶτῆς
913 1684 972 1735 ὲν
995 1683 1072 1754 τῷ
1109 1685 1262 1738 ὕδατι
1293 1687 1388 1738 καὶ
1419 1687 1692 1757 πνεύματι
1727 1690 1953 1758 ἀναγεν-

2061 512 2402 582 providentia
2427 515 2642 570 diverse
2675 520 2941 585 sentiunt,
2971 528 3240 591 quotquot
3266 538 3384 577 eam
3413 539 3532 593 qua:
3555 543 3622 583 ex

2063 608 2262 660 recenti
2290 611 2580 678 puerperio
2605 613 2904 674 decumbit,
2939 624 2995 668 et
3029 626 3205 670 morte
3239 617 3350 688 (10)
3378 635 3486 688 pne
3513 621 3627 689 (Η)

2061 697 2270 754 furibus
2335 702 2698 762 consistente.
2749 719 2850 758 nec
2921 706 3063 760 diem
3119 723 3279 777 quem
3322 710 3425 779 ipsi
3464 725 3630 780 espe-

2061 789 2318 843 ctundum
2367 801 2655 846 autumant
2697 795 3202 867 (quadragesimum
3253 815 3449 868 nempe
3502 811 3628 868 post

2063 879 2296 949 partum)
2324 894 2672 951 expectante,
2710 888 2986 956 citiusque
3028 890 3248 944 obtorto
3301 891 3450 946 velut
3478 893 3632 949 collo

2059 974 2429 1040 protrahente,
2476 977 2804 1045 corripitur,
2868 981 3265 1037 illnmiuatione
3322 982 3434 1054 (i2)
3479 985 3624 1040 indi-
3717 973 3720 976 ’

2058 1079 2216 1132 gnam
2249 1080 2371 1120 esse
2391 1068 2707 1136 Opittatttttt‘,
2737 1079 2789 1124 et
2820 1079 2877 1123 ut
2910 1073 2979 1126 ob
3001 1073 3259 1142 corporis
3318 1073 3626 1130 immundi-

2058 1155 2184 1208 tiem
2236 1171 2422 1210 revera
2453 1159 2571 1226 {illa
2620 1175 2651 1213 e
2703 1161 2810 1213 vita
2862 1161 3138 1216 immunda
3182 1162 3412 1218 excedat
3452 1164 3628 1234 (quip-

2059 1263 2124 1316 pe
2149 1264 2271 1319 quae
2297 1252 2350 1304 in
2377 1251 2552 1306 sacris
2577 1267 2685 1305 non
2722 1252 3041 1306 inStituatur
3077 1255 3308 1327 (I544),
3341 1270 3443 1310 nec
3473 1257 3620 1312 sacri

2058 1339 2256 1395 lavacri
2333 1341 2673 1397 lustrationis
2744 1345 3286 1415 regenerationisque
3349 1348 3626 1418 particeps

2057 1430 2168 1499 liat)
2201 1431 2460 1488 eﬂiciunt.
2514 1432 2699 1500 Neque
2748 1448 2878 1487 vero
2930 1433 3005 1487 illi
3049 1436 3276 1503 periculi
3316 1437 3616 1508 damnique

2057 1519 2532 1588 magnitudinem,
2587 1536 2748 1590 quam
2807 1523 3212 1578 inconsiderata
3270 1526 3513 1596 ipsorum
3569 1538 3626 1584 et

2057 1614 2362 1680 perniciosa
2395 1613 2587 1683 religio
2617 1613 2795 1680 aﬂ‘ert,
2819 1629 2931 1684 pra;
2963 1618 3141 1672 oculis
3174 1617 3397 1674 habent.
3425 1619 3626 1676 Verum

2053 1717 2116 1753 ea
2150 1701 2239 1754 illa
2289 1707 2375 1756 est
2411 1703 2753 1768 absurditas,
2793 1712 2850 1758 ut
2907 1705 3160 1758 oratione
3207 1721 3313 1759 uon
3361 1707 3623 1777 indigeat.

373 1775 585 1842 νήσεως
633 1772 888 1844 δωρεῖται
929 1774 1032 1842 τὴν
1084 1776 1380 1845 σωτηρίαν,
1432 1778 1663 1831 ἄπιστον
1709 1782 1806 1834 καὶ
1849 1784 1944 1852 τῆς

2053 1789 2241 1845 Talem
2292 1791 2437 1846 enim
2466 1792 2754 1848 mulierem
2817 1792 3160 1846 incredulam
3203 1772 3627 1850 reformatione-

372 1862 732 1925 ἀναπλάσεως
764 1864 980 1934 ἐρήμην
1022 1864 1120 1935 τὴν
1149 1863 1196 1896 ⁸⁸
1227 1867 1513 1936 ἄνθρωπον
1541 1868 1816 1935 ἀπελθεῖν,
1849 1873 1948 1925 καὶ

373 1956 499 2008 ἀντὶ
526 1953 621 2008 τοῦ
646 1954 785 2024 μετά
807 1954 916 2008 τῶν
946 1956 1304 2026 σεσωσμένων
1330 1958 1588 2028 τετάχθαι
1609 1962 1690 2024 είς
1714 1962 1814 2032 τὴν
1835 1963 1946 2015 τῶν

371 2045 732 2101 ἀπολωλότων
759 2047 1015 2118 ἐρρῖφθαι
1047 2049 1231 2119 χώραν
1263 2049 1430 2104 ἕνεκά
1463 2067 1528 2118 γε
1559 2051 1662 2122 τῆς
1692 2051 1946 2121 τοιαύτης

372 2141 704 2208 προφάσεως
724 2157 740 2203 ;

441 2414 554 2485 Τὴν
575 2413 670 2468 οὖν
692 2413 951 2484 τοιαύτην
977 2412 1449 2483 ματαιοφροσύνην
1478 2412 1590 2466 ἀπὸ
1617 2410 1712 2468 τού
1735 2414 1830 2469 νῦν
1849 2416 1945 2469 καὶ

366 2505 448 2568 εἰς
476 2507 570 2557 τὸν
599 2504 792 2558 ἔπειτα
821 2504 1012 2574 χρόνον
1041 2502 1287 2558 ἐκποδὼν
1321 2505 1658 2575 ποιούμενοι,
1689 2506 1944 2578 ὁρίζομεν

368 2599 500 2666 περὶ
543 2595 822 2650 τεκουσῶν
855 2595 1130 2664 γυναικῶν
1181 2596 1276 2649 καὶ
1327 2599 1458 2666 περὶ
1498 2596 1610 2649 τῶν
1638 2597 1684 2629 ⁸⁸
1715 2599 1840 2650 ὅσαι
1877 2601 1942 2669 τῇ

367 2693 573 2762 φυσικῇ
601 2690 866 2760 καθάρσει
895 2688 1426 2759 καταλαμϐάνονται,
1457 2691 1814 2761 ἀνενοχλήτου
1846 2691 1945 2761 μὲν

361 2782 427 2846 ἐξ
464 2782 658 2850 ἑτέρας
685 2781 830 2843 τινὸς
867 2780 1158 2844 διαθέσεως
1187 2783 1416 2850 νοσερᾶς
1443 2781 1544 2851 τῆς
1580 2782 1727 2851 ζωῆς
1764 2783 1945 2836 αὐτῶν
1991 2853 1995 2856 ι

359 2873 715 2944 διατελούσης
735 2873 803 2939 ⁸⁸,
836 2873 1137 2944 ἀμετόχους
1163 2868 1306 2926 εἶναι
1335 2873 1437 2938 τὰς
1465 2874 1564 2942 μὲν
1591 2875 1878 2940 ἀτελέστους
1899 2877 1946 2910 ⁸⁸

360 2965 458 3019 τοῦ
479 2963 786 3034 φωτισμοᾷ
812 2964 910 3027 τάς
931 2963 988 3018 δὲ
1016 2980 1083 3034 με
1091 2980 1423 3036 μυσταγωγη
1433 2965 1599 3035 μένας
1615 2967 1724 3018 τῶν
1740 2967 1944 3037 ἀχράν-

360 3074 473 3110 των
513 3057 834 3126 μυστηρίων
864 3057 966 3127 τῆς
995 3055 1350 3127 μεταλήψεως
1381 3059 1543 3129 μέχρι
1569 3057 1671 3126 τῆς
1692 3058 1801 3112 τῶν
1825 3075 1946 3110 τεσ-

2047 1895 2155 1949 que
2191 1879 2520 1935 destitutam
2553 1881 2846 1937 discedere
2889 1891 2943 1936 et
2975 1881 3283 1937 istiusmodi
3305 1885 3374 1938 ob
3401 1897 3624 1938 causam

2048 1984 2146 2038 pro
2169 1984 2237 2024 eo
2279 1971 2425 2040 quod
2470 1971 2618 2027 inter
2656 1972 2956 2028 servandos
2999 1973 3316 2029 collocanda
3365 1985 3534 2041 esset,
3566 1976 3622 2030 in

2048 2062 2382 2128 perditorum
2425 2063 2924 2134 damnatorumqne
2991 2065 3171 2119 locum
3235 2063 3422 2135 rejici:
3483 2082 3621 2136 quo-

2051 2153 2214 2204 modo
2249 2148 2353 2212 fas,
2417 2148 2617 2216 Deove,
2658 2150 2751 2219 qui
2780 2166 2876 2219 per
2921 2149 3080 2204 ﬁdem
3127 2150 3180 2204 in
3227 2151 3405 2220 ipsum
3463 2159 3518 2206 et
3567 2154 3624 2208 in

2045 2255 2185 2308 aqua
2241 2239 2556 2311 Spirituque
2596 2244 3089 2311 regenerationem,
3148 2245 3380 2300 salutem
3427 2245 3621 2313 donat,

2047 2349 2153 2386 non
2187 2347 2348 2402 grave
2376 2341 2539 2404 atque
2558 2334 2828 2400 acerbum
2862 2335 2985 2390 est?

2118 2420 2326 2476 Vanam
2387 2423 2556 2493 igitur
2587 2424 2899 2480 istiusmodi
2936 2426 3278 2496 prudentiam
3322 2429 3524 2486 dehinc
3561 2431 3621 2486 in

2053 2513 2294 2568 futurum
2325 2529 2356 2569 e
2394 2515 2575 2571 medio
2613 2517 2863 2572 tollentes
2899 2519 2965 2573 de
2997 2519 3345 2578 mulieribus.
3378 2537 3500 2591 qua
3529 2537 3621 2576 re-

2045 2618 2178 2660 cens
2221 2612 2574 2674 pepererunt,
2634 2621 2870 2676 quaeque
2922 2609 3163 2663 naturali
3221 2611 3620 2682 expurgatione

2045 2703 2326 2766 occupata:
2355 2707 2504 2762 sunt,
2553 2698 2866 2761 statuimus,
2895 2707 2954 2753 ut
3000 2701 3045 2755 si
3093 2700 3314 2768 quidem
3341 2701 3444 2757 alia
3475 2716 3617 2773 qua-

2049 2800 2270 2855 cunque
2304 2785 2592 2842 affectione
2647 2787 2896 2843 morbida
2938 2790 3179 2860 ipsarum
3209 2792 3318 2844 vita
3355 2806 3464 2846 non
3527 2801 3610 2845 te-
3715 2819 3728 2830 α

2046 2884 2247 2940 netur,
2280 2890 2450 2945 usque
2509 2876 2577 2930 ad
2621 2877 2945 2946 praefinitum
2993 2877 3351 2949 quadraginta
3402 2880 3624 2936 dierum.

2046 2973 2262 3035 tempus
2293 2974 2550 3034 expertes
2610 2977 2889 3034 maneant,
2921 2967 3164 3021 nendum
3227 2969 3453 3026 initiatae
3484 2970 3616 3026 illu-

2048 3059 2348 3115 minatione
2381 3057 2521 3131 (45).
2559 3060 2624 3114 ad
2658 3061 2817 3117 sacra
2873 3071 3104 3131 receptae
3148 3073 3201 3116 et
3235 3063 3482 3130 initiatae,
3525 3080 3614 3120 sa-

362 3149 673 3220 σαράκοντα
707 3148 930 3219 ἡμερῶν
955 3147 1295 3220 προθεσμίας
1320 3164 1336 3179 ο
1372 3151 1681 3220 νοσήματος
1707 3149 1766 3203 δέ
1793 3167 1938 3215 τινος

2049 3160 2448 3205 t-rusanctorum
2485 3153 2868 3223 mysteriorum
2909 3153 3278 3222 perceptione;
3312 3163 3366 3206 at
3396 3153 3441 3208 si
3473 3155 3599 3224 quis

360 3241 763 3304 καταλαϐόντος
791 3242 884 3294 καὶ
909 3241 954 3272 ⁸⁷
987 3241 1354 3311 κατασχόντος
1401 3242 1493 3296 καὶ
1527 3241 1624 3312 τὴν
1671 3243 1940 3312 διακοπὴν

357 3331 460 3401 τῆς
489 3331 631 3400 ζωῆς
662 3328 1032 3392 ἀπειλοῦντος,
1054 3330 1223 3382 παντὶ
1238 3331 1423 3401 τρόπῳ
1442 3331 1871 3402 μεταλαγχάνειν
1891 3333 1939 3364 ⁸⁸

357 3421 529 3484 αύτάς
550 3420 644 3474 τοῦ
669 3421 1029 3491 ἁγιάσματος.
1056 3422 1118 3474 Εἰ
1139 3422 1248 3491 γὰρ
1269 3424 1520 3488 ἐκείνοις,
1541 3424 1654 3476 ὅσοι
1678 3424 1746 3476 δι’
1771 3425 1938 3493 ύπερ-

359 3512 526 3574 ϐολὰς
556 3512 1077 3584 ἀνοσιουργημάτων
1116 3513 1473 3583 ἀπείργονται
1517 3517 1752 3585 μακροῖς
1792 3514 1934 3566 ἔτεσι

355 3604 460 3672 τῆς
490 3601 758 3666 ζωοποιοῦ
788 3603 1096 3665 κοινωνίας,
1142 3603 1170 3654 ὁ
1206 3602 1433 3665 θάνατος
1469 3604 1696 3668 ἐπιστάς
1733 3605 1794 3656 τὸ
1832 3607 1930 3673 ὲμ-

356 3694 671 3764 ·πρόθεσμον
721 3693 1022 3759 διακόπτει,
1073 3695 1166 3746 καὶ
1215 3694 1392 3757 οὐδεὶς
1433 3694 1682 3765 ἀνέχεται
1703 3695 1930 3757 τούτους

353 3785 588 3839 κωλύειν
634 3785 733 3856 τῆς
776 3784 885 3839 τῶν
929 3785 1099 3854 ἁγίων
1152 3787 1409 3856 μετοχῆς,
1460 3786 1602 3855 ἦπου
1660 3803 1723 3854 γε
1772 3781 1930 3840 αὗται

352 3878 764 3947 κωλυθήσονται
805 3877 894 3931 διὰ
934 3877 1264 3948 ρυπάσματα
1310 3878 1512 3948 σαρκὸς
1546 3878 1751 3947 φυσικά
1775 3894 1790 3942 ;
1818 3879 1927 3930 Καὶ

351 3968 502 4040 ἅπερ
529 3965 685 4040 οἶμαι
715 3969 809 4022 καὶ
833 3968 910 4038 τῷ
937 3968 1152 4039 παλαιῷ
1182 3968 1519 4023 κεκωλύσθαι
1543 3969 1691 4040 νόμῳ
1713 3971 1804 4022 καὶ
1829 3971 1927 4038 τὴν

351 4062 517 4130 χάριν
553 4060 902 4125 διαδέξασθαι
933 4060 1032 4129 τὴν
1062 4061 1358 4130 παράδοσιν
1401 4061 1523 4130 οὐχὶ
1555 4059 1807 4112 τοσοῦτον
1841 4060 1930 4113 διὰ

347 4151 450 4220 τὴν
484 4153 802 4219 γυναικείαν
845 4151 1048 4220 ταύτην
1081 4151 1444 4221 ἀκαθαρσίαν,
1474 4153 1598 4205 ὅσον
1638 4151 1703 4204 δι’
1734 4152 1928 4222 ἐτέρας

350 4247 535 4306 αἰτίας
559 4245 615 4295 ὲν
643 4244 721 4313 τῷ
755 4242 907 4314 βάθει
930 4243 1316 4314 κρυπτομένας
1342 4243 1436 4296 τοῦ
1465 4243 1726 4314 νομοθετή
1737 4259 1924 4313 ματος.

347 4334 655 4402 Λογίζομαι
700 4335 808 4404 γὰρ
858 4333 919 4385 τὸ
973 4333 1071 4401 τῆς
1126 4333 1419 4401 ἐπιθυμίας
1471 4333 1768 4388 ἀκόλαστον
1817 4334 1926 4386 τῶν

349 4425 611 4496 ἀκρατῶς
645 4426 874 4494 ἐχόντων
898 4423 1123 4486 κολάζον
1150 4425 1211 4476 τὸ
1245 4425 1520 4494 θέσπισμα
1549 4425 1706 4478 τοῦτο
1733 4425 1920 4479 διατά-

2049 3243 2184 3311 ipsis
2237 3242 2484 3308 morbus,
2539 3243 2630 3312 qui
2665 3243 2786 3297 vitae
2820 3243 3247 3297 internecionem
3310 3243 3612 3312 minitetur,

2047 3331 2397 3400 superveniat
2420 3331 2820 3398 etincumbat,
2865 3347 3148 3387 sacrarum
3195 3348 3374 3387 rerum
3427 3335 3612 3388 omni—

2047 3424 2150 3478 bus
2185 3423 2360 3479 modis
2389 3423 2689 3494 participes
2718 3423 2866 3478 fiant.
2903 3421 3115 3476 Etenim
3152 3424 3196 3477 si
3231 3423 3337 3476 illis
3365 3423 3477 3494 (16)
3515 3425 3611 3494 qui

2046 3523 2269 3584 propter
2291 3515 2536 3570 enormia
2568 3513 2773 3582 ﬂagitia
2809 3513 2999 3566 multis
3023 3512 3184 3566 anuis
3225 3513 3436 3566 vivitica
3461 3528 3614 3568 com-

2044 3604 2301 3658 munione
2330 3610 2602 3666 arcentur,
2641 3616 2789 3654 mors
2841 3601 2905 3654 ad
2955 3600 3194 3656 obrueus
3215 3601 3598 3671 praescriptum

2043 3704 2257 3761 tempus
2315 3691 2528 3757 incidit,
2595 3706 2771 3760 neque
2805 3691 3095 3759 quisquam
3161 3692 3259 3746 bos
3323 3706 3606 3746 sacrorum

2042 3783 2458 3856 participatione
2491 3783 2780 3851 prohibere
2817 3783 3073 3843 sustinet,
3114 3798 3222 3852 qua
3281 3784 3494 3838 ratione
3524 3783 3607 3837 ha:

2042 3884 2258 3947 prapter
2275 3875 2548 3928 naturales
2565 3875 2748 3928 carnis
2765 3873 2955 3926 sordes
2974 3873 3605 3942 probibebunturwuod

2040 3967 2282 4038 profecto
2315 3981 2421 4019 non
2454 3975 2564 4018 tam
2599 3972 2823 4035 propter
2847 3965 3170 4019 muliebrem
3192 3965 3332 4019 banc
3361 3967 3608 4020 immun-

2037 4063 2245 4125 ditiem,
2278 4076 2437 4130 qnam
2467 4060 2538 4115 ob
2573 4061 2708 4116 alias
2755 4074 2954 4114 causas
2996 4059 3051 4114 in
3100 4059 3290 4113 intima
3339 4059 3476 4130 legis
3516 4073 3607 4113 ra-

2037 4157 2184 4208 tione
2231 4153 2565 4219 reconditas,
2615 4161 2669 4208 et
2713 4153 2881 4209 veteri
2925 4153 3038 4224 (17)
3089 4152 3424 4224 prohibitum
3481 4166 3606 4208 esse

2037 4246 2174 4315 lege,
2209 4254 2256 4296 et
2294 4245 2484 4313 gratia:
2518 4249 2732 4313 telnpus
2766 4244 3082 4298 traditionis
3137 4244 3262 4298 loco.
3289 4245 3604 4313 suscepisse

2036 4346 2189 4406 puto.
2227 4328 2488 4389 Eiistimo
2513 4334 2784 4396 siquidem
2821 4350 3033 4389 sacram
3059 4335 3230 4404 legem
3262 4335 3312 4386 id
3345 4334 3594 4402 przescri-

2040 4424 2235 4494 psisse.
2264 4437 2374 4490 quo
2426 4429 2735 4490 protervam
2785 4435 2973 4474 eorum
3014 4419 3108 4488 qui
3169 4419 3600 4489 intemperanter

347 4515 460 4582 ξαι,
496 4515 686 4586 ὥσπερ
713 4517 807 4569 καὶ
846 4514 980 4569 ἄλλα
1017 4515 1188 4567 πολλὰ
1223 4514 1290 4568 δι’
1324 4515 1526 4587 ἐτέρων
1557 4518 1920 4586 οίκονομεῖται

2049 4515 2306 4574 viverent,
2348 4512 2847 4580 concupiscentiam
2880 4509 3211 4581 castigaret:
3247 4508 3598 4578 quemadmo-

1593 4667 1847 4729 VARUE
1905 4671 2308 4728 LECTIONES.

445 4819 493 4850 ⁸³
523 4817 646 4872 cod.
678 4816 838 4886 «:6va
862 4815 907 4846 ”
943 4815 1062 4869 Hmc
1086 4832 1196 4870 utn.
1229 4811 1486 4886 Scrintg.,
1528 4816 1622 4870 sud
1665 4816 1869 4886 habent
1893 4814 2108 4886 Zuiclt.,
2167 4811 2386 4886 Meet-nt.
2417 4822 2471 4886 et
2513 4810 2655 4886 Bals.
2721 4811 2766 4843 ⁸⁵
2802 4810 3159 4886 ᾁνενόχλητον
3185 4809 3283 4886 μὲν
3333 4806 3403 4886 ἐξῆ
3430 4806 3597 4886 alio;

341 4887 721 4956 συντελούσης.

342 4957 552 5026 μεταλα
561 4957 730 5026 μϐάνε
739 4974 807 5010 ιν.

821 4883 869 4917 ³⁸
907 4887 1201 4941 Mcerntan.
1262 4890 1384 4940 cod.
1414 4883 1500 4940 ὀι
1551 4885 1697 4940 Bals.
1761 4885 2102 4946 ἀτελέστους.

2212 4883 2256 4914 ⁸⁷
2294 4882 2688 4944 καταλαϐόντος
2739 4881 2834 4933 καὶ
2883 4877 3067 4934 omisit
3123 4879 3268 4933 Bals.
3359 4877 3405 4908 ⁸⁸
3445 4878 3593 4930 Bals.

1866 5040 2095 5096 ΝΟΤᾸΞ.

405 5168 520 5234 (10)
547 5169 819 5236 Puerpera
845 5181 956 5235 prae
1002 5164 1215 5221 foribus
1246 5165 1440 5219 mortis
1477 5165 1678 5236 posita,
1716 5165 1756 5218 Ι.
1792 5167 1890 5218 ult.

339 5235 369 5307 §
404 5239 454 5291 1.
477 5237 541 5290 (.1.
571 5239 662 5306 qui
695 5235 957 5306 potiores.

404 5309 520 5378 (H)
558 5303 714 5378 Παρᾶ
746 5307 938 5378 πόδας.
971 5303 1208 5378 Scrimg.

431 5374 828 5445 12)Φωτισμῷ,
860 5375 915 5428 id
954 5385 1059 5445 est,
1109 5374 1404 5443 baptismo.

432 5447 554 5500 15-1
566 5447 622 5515 4)
685 5444 1200 5516 Ἀμυσταγώγητον.

399 5512 722 5585 (15)Ιι1⁷οει,
747 5512 1023 5585 baptismo
1053 5512 1083 5567 ι’
1133 5514 1239 5585 hoc
1270 5512 1451 5585 innuit
1479 5529 1494 5567 :
1528 5515 1785 5585 mulieres
1809 5514 1907 5568 ba-

330 5582 534 5655 ptismo
559 5601 670 5639 non
699 5585 939 5640 initiatas
969 5584 1116 5655 intra
1169 5583 1335 5655 diem
1360 5582 1436 5655 Mi
1490 5584 1760 5653 puerperii
1802 5586 1900 5638 ba-

372 5657 531 5710 tizari
559 5671 664 5708 non
696 5669 880 5723 posse,
929 5653 1033 5706 nisi
1071 5668 1235 5724 casus
1271 5652 1472 5724 aliquis
1495 5652 1664 5724 aliud
1687 5656 1892 5724 exigat:

372 5672 531 5710 uzart
559 5672 664 5708 11011
696 5672 880 5723 posse,
929 5672 1033 5706 IIISI
1071 5672 1235 5708 casus
1271 5672 1472 5720 allqlllS
1517 5672 1664 5706 anno
1687 5672 1892 5724 exlgat:

331 5672 609 5796 captismo
633 5724 879 5780 initiatas
918 5738 1027 5779 non
1087 5721 1302 5778 admitti
1335 5722 1478 5776 intra
1513 5723 1730 5779 eosdem
1777 5726 1894 5780 dies

1999 5167 2065 5219 ad
2101 5179 2312 5220 sacram
2369 5163 2832 5219 communionem.
2865 5158 3017 5214 Adde
3059 5159 3309 5215 Pbotium
3352 5175 3504 5215 num.
3535 5161 3592 5225 5,

2002 5252 2054 5290 c.
2093 5236 2180 5288 l8.

2077 5307 2188 5374 (lli)
2227 5303 2367 5358 Nota
2390 5301 2899 5374 excommunicatis,
2926 5302 3118 5358 mortis
3143 5307 3353 5354 tantum
3385 5299 3596 5369 impen.

2005 5371 2186 5429 dentis
2216 5389 2404 5436 causa,
2440 5371 2880 5428 communionem
2905 5374 3045 5428 dari.

2079 5446 2191 5512 (17)
2223 5443 2390 5497 Musis
2422 5443 2559 5511 lege,
2587 5442 2780 5512 mulier
2811 5445 2855 5496 si
2894 5441 3206 5498 masculum
3257 5439 3588 5507 peperisset,

2011 5511 2217 5583 septem
2253 5513 2447 5568 diebus
2473 5511 2789 5583 immunda:
2835 5513 2906 5566 50
2940 5513 3141 5567 diebus
3177 5522 3438 5583 praeterea
3469 5524 3590 5562 ma-

2015 5579 2176 5637 nebat
2222 5583 2274 5636 in
2300 5583 2565 5650 sanguine
2599 5581 2995 5650 pttriticationis
3026 5579 3187 5646 sum:
3228 5579 3273 5634 si
3310 5579 3590 5650 feminam,

2009 5655 2226 5707 duabus
2256 5648 2573 5723 septimanis
2600 5648 2876 5706 immunda
2905 5671 2917 5707 :
2957 5651 3023 5706 66
3042 5651 3232 5704 diebus
3260 5650 3310 5723 in
3334 5648 3585 5723 puriﬁca-

2005 5725 2148 5778 tione
2173 5715 2375 5777 nullatn
2393 5736 2502 5777 rem
2522 5736 2730 5778 sacram
2761 5725 3025 5794 attingere
3040 5729 3266 5792 poterat.
3291 5715 3463 5774 Levit.
3495 5715 3590 5775 12.
