4062 6202
535 287 642 350 459

1727 274 1919 336 LEON
1929 273 1998 333 lS
2032 271 2487 333 PHILOSOPHI

3680 266 3784 319 Abi}

541 398 671 451 dum
701 400 755 447 et
783 390 888 444 alia
921 390 1092 445 multa
1125 404 1220 458 per
1251 388 1355 443 alia
1383 392 1655 455 praecepta
1701 384 2028 439 ordinantur
2052 393 2108 438 et

2226 384 2671 458 προσταγμάτων,
2703 379 2779 442 ὡς
2810 378 2877 431 ἂν
2913 375 3002 431 διά
3027 373 3234 428 τούτων
3270 372 3333 426 τὸ
3377 372 3512 447 πρὸς
3547 371 3611 424 τὸ
3652 370 3788 440 θῆλυ

539 484 991 558 μιωεοιὶθιιιιιιιιι,
1063 499 1173 553 quo
1252 479 1556 534 indomitus
1632 477 1994 547 quorumdam
2055 475 2109 529 in

540 577 800 632 mulieres
838 572 1097 629 stimulus
1124 572 1475 627 retundatur.
1512 568 1657 635 Quin
1691 578 1747 624 et
1779 568 1895 623 haec
1925 566 2111 638 provi-

540 667 740 723 dentiae
782 679 906 736 quae
944 665 1116 734 legem
1146 663 1431 718 constituit
1453 662 1703 717 voluntas
1728 668 1855 725 est,.
1887 668 1947 713 ut
1984 674 2111 729 par-

542 770 631 814 tus
661 773 693 811 a
730 756 1119 825 depravatione
1155 754 1312 809 liberi
1338 753 1469 807 sint.
1511 753 1652 818 Quia
1675 750 1821 805 enim
1843 749 2110 820 quidquid

542 858 737 905 natura
766 862 1233 918 supervacaneum
1292 855 1397 907 est,
1442 844 1586 900 idem
1638 843 2015 913 corruptivum
2057 850 2113 896 et

544 937 734 992 inutile
785 944 891 1000 est,
928 934 1075 1004 quod
1106 935 1195 989 hic
1245 933 1471 1006 sanguis
1533 931 1844 1003 superﬂuus
1877 933 1972 995 sit,
1995 945 2114 1000 quae

542 1029 620 1082 illi
666 1027 915 1082 obnoxiae
952 1034 1163 1089 essent,
1192 1027 1245 1079 in
1286 1024 1634 1080 immunditie
1663 1025 1729 1077 ad
1760 1024 1813 1078 id
1849 1024 2113 1094 temporis

542 1120 724 1172 vivere
755 1117 877 1172 illas
906 1115 992 1170 lex
1018 1114 1213 1182 jubet;
1246 1129 1358 1183 quo
1380 1113 1500 1183 ipso
1530 1112 1695 1169 etiam
1744 1112 1989 1167 nominis
2022 1126 2114 1166 so-

543 1224 615 1265 no
646 1208 852 1267 lasciva
903 1206 1352 1276 concupiscentia
1384 1209 1451 1259 ad
1488 1206 1914 1275 temperantiam
1966 1205 2114 1260 redi-

494 1312 501 1376 ς
543 1309 727 1372 gatur,
783 1314 854 1357 ne
892 1313 958 1353 ex
1010 1298 1187 1351 iuutili
1237 1306 1291 1352 et
1347 1305 1609 1366 corrupta
1663 1297 1890 1353 materia
1936 1296 2113 1365 ipsum

490 1448 504 1461 Α
546 1390 804 1446 animans
840 1394 1277 1455 coagmentetur.

532 1480 550 1541 ll
616 1477 679 1531 Et
702 1491 834 1532 sane
861 1476 928 1529 de
963 1474 1273 1530 infantibus
1326 1476 1577 1529 eumdem
1612 1474 1678 1527 ad
1734 1473 1955 1531 modum
1981 1488 2116 1528 con-

522 1556 852 1631 stituimus,
898 1573 956 1618 ut
983 1565 1027 1619 si
1061 1581 1165 1618 non
1200 1566 1590 1633 inquietentur,
1620 1566 1980 1635 inimicosque
2010 1581 2107 1618 na-

548 1668 682 1711 tura:
707 1669 870 1711 casus
907 1664 1186 1723 superent,
1224 1666 1515 1724 antequam
1570 1656 1758 1725 gratiae
1820 1656 2109 1725 splendore

2219 477 2376 530 ένίων
2413 476 2513 544 τῆς
2545 473 2722 543 ὁρμῆς
2766 466 3139 537 ἀκατάσχετον
3170 462 3559 535 χαλινοῦμενον
3591 461 3792 517 ἀνακό-

2220 582 2425 621 πτοιτο.
2449 564 2524 617 Οὐ
2552 561 2712 631 μόνον
2730 558 2787 611 δὲ
2815 556 2952 611 ἀλλά
2976 555 3072 609 καὶ
3090 554 3350 625 προνοίας
3371 552 3493 606 ἐστὶ
3512 552 3583 606 τά
3612 552 3794 605 τικτόσ

2222 674 2361 729 μενα
2400 654 2579 723 λὼὁης
2617 648 2947 719 καθαρεύειν
2976 644 3369 715 οἱκονομούσης
3401 644 3464 695 τὸ
3489 642 3793 711 θέσπισμα.

2232 750 2385 802 Ἐπεὶ
2413 746 2523 818 γάρ
2549 746 2694 801 ἂπαν
2724 742 2787 795 τὸ
2808 742 2874 810 τῇ
2900 737 3059 807 φύσει
3089 737 3344 808 περιττὸν
3374 734 3702 804 φθοροποιὸν
3732 751 3795 786 τε

2220 840 2317 893 καὶ
2345 839 2639 909 ἄχρηστον,
2668 831 2898 903 περιττὰ
2921 830 2978 883 δὲ
3016 829 3112 883 καὶ
3136 826 3312 880 ταῦτα
3336 826 3575 895 ὑπάρχει
3605 825 3678 877 τὰ
3706 825 3795 876 αῐ-

2223 946 2387 1001 ματα,
2419 926 2516 990 τὰς
2538 924 2811 995 φερούσας
2836 920 2975 975 αὐτὰ
3008 922 3067 973 έν
3096 916 3412 989 ἀκαθαρσίᾳ
3440 917 3562 970 κατ’
3586 918 3797 969 ἐκεῖνον

2220 1024 2311 1075 τὸν
2339 1020 2529 1091 καιρὸν
2569 1019 2777 1087 διάγειν
2818 1016 2848 1067 ὁ
2881 1013 3045 1082 νόμος
3075 1009 3381 1065 ἐντέλλεται
3401 1049 3416 1073 ,
3439 1010 3589 1070 ὅπως
3625 1007 3671 1039 ⁸⁸
3701 1006 3796 1060 καὶ

2220 1116 2316 1169 ἀπ’
2346 1113 2512 1169 αὐτοῦ
2553 1112 2714 1184 μόνου
2751 1108 2846 1163 τοῦ
2871 1109 3114 1179 ῥήματος
3141 1106 3220 1168 είς
3255 1105 3317 1158 τὸ
3354 1103 3593 1174 ἀκρατὲς
3611 1103 3659 1134 ’⁸
3698 1119 3793 1156 συ-

2224 1206 2584 1276 στελλομένης
2605 1203 2650 1233 “
2701 1200 2800 1269 τῆς
2850 1198 3151 1253 ἀκολάστου
3185 1194 3481 1265 ὲπιθυμίας
3502 1195 3570 1260 ⁹’,
3606 1194 3683 1264 μὴ
3737 1194 3799 1258 ἐξ

2221 1296 2494 1366 ἀχρήστου
2528 1292 2621 1346 καλ⁸
2664 1287 3069 1358 διεφθαρμένης
3106 1284 3237 1355 ῦλης
3277 1282 3527 1355 λαμϐάνῃ
3564 1282 3627 1335 τὸ
3656 1281 3798 1347 ζῶον

2222 1387 2320 1455 τὴν
2360 1383 2638 1436 σύστασιν.

2296 1476 2401 1529 Καὶ
2429 1473 2559 1543 περὶ
2584 1472 2693 1525 τῶν
2718 1468 2935 1541 βρεφῶν
2962 1467 3020 1521 δὲ
3076 1466 3359 1536 ὁμότροπα
3384 1463 3716 1534 διορίζομεν,
3746 1464 3798 1516 εξ

2226 1570 2324 1638 μὲν
2366 1567 2697 1637 ἀνενόχλητα
2751 1564 2857 1633 εῐηη
2890 1562 2985 1615 καὶ
3032 1560 3141 1613 τῶν
3200 1560 3266 1627 τῇ
3318 1556 3479 1624 φύσει
3511 1553 3796 1623 πολεμίων

2224 1659 2646 1730 συμπτωμάτων
2695 1656 2998 1724 περίεστιν,
3026 1653 3167 1721 πρὸς
3216 1647 3501 1719 φωτισμὸν
3530 1648 3631 1716 τὴν
3671 1663 3799 1699 τεσ-

549 1747 909 1809 illuslrentur,
935 1744 1389 1814 qu:sdragcsimus
1422 1745 1533 1815 (-18)
1579 1746 1696 1801 dies
1739 1753 2105 1815 exspectetur.

2226 1727 2559 1822 ταρακοστὴν
2605 1748 2823 1818 ἡμέραν
2879 1743 3195 1814 ἐκδέχεσθαι
3225 1758 3238 1770 ·
3309 1739 3605 1793 ἀκόλουθον
3660 1740 3796 1810 γὰρ,

547 1835 991 1894 Consentaneum
1051 1847 1287 1902 namque
1359 1841 1479 1899 est,
1535 1844 1595 1888 ut
1650 1836 2109 1905 quemadmodum

2226 1845 2399 1912 bensp
2447 1841 2505 1893 ἰν
2567 1838 2717 1900 ὅλαις
2762 1836 3002 1906 ἡμέραις
3046 1832 3457 1902 τεσσαράκοντα
3482 1830 3544 1883 τὸ
3576 1830 3795 1900 πλῆρες

551 1925 693 1979 fetus
750 1923 1112 1994 quadraginta
1167 1924 1277 1992 (19)
1309 1924 1504 1978 diebus
1566 1926 1619 1976 in
1670 1933 1879 1977 naturae
1913 1932 2112 1979 mater-

2213 1932 2586 2004 ἀπολαμϐάνει
2618 1931 2718 2000 τῆς
2749 1925 3085 1998 μορφώσεως
3125 1925 3183 1976 έν
3212 1922 3291 1993 τῷ
3318 1920 3420 1991 τῆς
3449 1921 3667 1989 φύσεως
3703 1922 3801 1972 καὶ

552 2028 731 2082 noque
794 2012 1144 2081 receptaculo
1181 2013 1336 2081 plene
1390 2011 1773 2076 informantur,
1814 2013 1896 2067 sic
1945 2013 2109 2066 etiam

2226 2025 2467 2097 μητρικῷ
2492 2024 2649 2095 οἴκῳ,
2682 2020 2855 2083 οὕτως
2886 2021 2943 2073 ὲν
2968 2020 3067 2087 ἷσφ
3102 2014 3322 2086 ἀριθμῷ
3350 2012 3571 2084 ἡμερῶν
3601 2013 3683 2075 είς
3707 2013 3801 2065 τὸν

553 2105 607 2160 in
641 2105 838 2174 aequali
865 2104 1077 2158 dierum
1105 2118 1335 2161 numero
1374 2104 1430 2163 in
1460 2103 1657 2158 divinae
1685 2104 1870 2175 gloria:
1901 2105 2116 2160 aeterni.

551 2210 654 2268 que
675 2196 917 2253 omnium
964 2196 1143 2251 Patris
1192 2196 1414 2250 domum
1469 2199 1789 2267 procedant.
1830 2198 1886 2252 Si
1936 2208 2115 2253 tamen

551 2296 607 2341 ct
660 2296 855 2341 octavo
920 2301 951 2343 a
1005 2297 1163 2356 partu
1197 2286 1303 2350 die,
1365 2286 1640 2354 baptizare
1691 2288 1890 2357 aliquis
1950 2288 2118 2355 volet,

556 2394 730 2448 neque
759 2379 810 2431 id
843 2377 1142 2432 absurdum
1198 2377 1383 2432 fuerit.
1425 2377 1689 2435 Dominus
1752 2380 1898 2433 enim
1935 2388 2121 2435 noster

554 2469 812 2522 Christus
840 2474 1035 2520 octavo
1058 2467 1146 2519 die
1185 2465 1546 2525 circumcisus
1564 2506 1579 2531 ,
1610 2466 1863 2535 imposito
1889 2468 2123 2522 circum-

554 2558 748 2615 risioni
815 2557 941 2619 line,
975 2571 1074 2619 pro
1127 2556 1227 2608 hac
1274 2553 1489 2608 vivifico
1550 2556 1876 2622 baptismate
1918 2556 2123 2610 initiari

554 2646 850 2703 concessit.
888 2642 1089 2698 Verum
1138 2644 1253 2697 haec
1298 2643 1603 2710 obtineant,
1634 2644 1679 2698 si
1705 2645 1852 2698 nulla
1883 2649 2125 2702 necessi-

560 2750 803 2804 tas,qua:
827 2742 1056 2789 mortem
1090 2735 1346 2799 minetur,
1372 2736 1623 2790 exsistat.
1653 2735 1721 2789 At
1741 2737 1787 2791 si
1822 2737 2124 2807 periculum

558 2824 779 2895 aliquod
810 2840 1096 2895 emergens
1122 2824 1226 2877 vim
1258 2825 1381 2878 vitae
1410 2824 1627 2892 inferat,
1658 2828 1805 2881 omni
1844 2826 2126 2896 diligentia

558 2914 918 2982 uumibnsque
948 2913 1156 2969 viribus
1188 2915 1351 2967 etiam
1393 2914 1534 2967 intra
1567 2925 1822 2969 octavum
1855 2914 1996 2970 diem
2034 2930 2125 2970 sa~

2215 2114 2360 2171 οἷκον
2370 2118 2467 2187 τῆς
2481 2116 2628 2177 θείας
2642 2112 2800 2181 δόξης
2815 2111 2905 2164 καὶ
2920 2108 3087 2163 ἀϊδίου
3101 2109 3319 2161 πάντων
3331 2104 3804 2175 Πατρὸςτάτικτόο

2221 2225 2357 2279 μενα
2388 2204 2693 2275 προσιέναι.
2727 2199 2866 2254 Είδὲ
2884 2200 2977 2253 καὶ
3008 2202 3071 2268 τῇ
3107 2197 3216 2251 ἀπὸ
3245 2195 3354 2249 τῶν
3385 2194 3595 2247 ὠδίνων
3631 2192 3800 2262 ὀγδόῃ

2222 2298 2465 2370 βούλοιτό
2504 2314 2590 2359 τις
2625 2292 2930 2367 βαπτίζειν,
2978 2291 3098 2343 οὐδὲ
3127 2289 3287 2343 τοῦτο
3335 2289 3557 2345 ἄτοπον.
3605 2286 3666 2339 Ὀ
3691 2286 3805 2355 γάρ

2221 2376 2492 2459 Δεσπότης
2510 2387 2665 2457 ἡμῶν
2684 2383 2917 2453 Χριστὸς
2936 2384 2993 2435 έν
3008 2380 3179 2452 ταύτῃ
3206 2396 3363 2450 περιτ
3372 2378 3566 2449 μηθεὶς
3586 2379 3684 2431 καὶ
3700 2377 3804 2445 τὴν

2222 2482 2463 2551 λῆξιντῇ
2496 2479 2764 2547 περιτομῇ
2795 2474 3026 2538 ἐπιθεὶς,
3058 2472 3330 2542 παρέσχεν
3356 2469 3477 2523 ἀντὶ
3491 2468 3701 2539 ταύτης
3722 2467 3809 2539 τῷ

2226 2572 2474 2643 ζωοποιῷ
2506 2569 2777 2623 τελεῖσθαι
2826 2566 3181 2636 βαπτίσματι.
3225 2562 3390 2617 Ἀλλά
3438 2561 3615 2616 ταῦτα
3677 2561 3804 2631 μὲν,

2228 2665 2277 2716 εί
2334 2660 2575 2731 μηδεμία
2623 2658 2970 2728 παρέστηκεν
2997 2655 3211 2724 ἀνάγκη
3256 2654 3348 2705 τὸν
3381 2652 3611 2705 θάνατον
3638 2653 3806 2705 ἀπει⁶

2226 2753 2414 2807 λοῦσια⁸
2448 2756 2495 2805 sl
2521 2751 2577 2804 δέ
2626 2769 2679 2804 τι
2730 2749 2902 2802 δεινὸν
2950 2746 3179 2801 ἐπιστὰν
3222 2745 3468 2815 βιάζεται
3499 2744 3598 2813 τὴν
3630 2742 3804 2813 ζωὴν,

2230 2845 2377 2917 πάσῃ
2412 2843 2612 2913 σπουδῇ
2664 2840 2760 2918 κα).
2782 2840 3007 2909 δυνάμει
3035 2839 3129 2892 καὶ
3158 2838 3257 2907 τῆς
3281 2837 3474 2906 ὀγδόης
3502 2836 3659 2898 ἐντὸς
3679 2835 3809 2905 δεή-

2233 2954 2319 2990 σει
2348 2933 2820 3006 καταπράξασθαι,
2874 2931 2948 3001 μὴ
2996 2930 3302 3000 ἀφώτιστον
3350 2927 3605 2983 ἀπελθεῖν
3666 2928 3809 2999 μηδὲ

556 3019 703 3059 eram
733 3003 988 3059 lotionem
1008 3006 1187 3074 peragi
1215 3005 1511 3073 oportebit,
1542 3020 1720 3061 nenon
1769 3007 2121 3089 illuminatus‘

2236 3028 2331 3082 τοῦ
2385 3003 2548 3081 θείου
2583 3024 2807 3101 λουτροῦ
2863 3026 2957 3078 κα)⁵
3006 3022 3100 3077 τοῦ
3158 3021 3366 3092 ἀγαθοῦ
3414 3022 3688 3092 ἀμέτοχον
3740 3021 3811 3074 τὸ

558 3110 733 3167 neque
782 3096 925 3149 sacri
985 3095 1216 3160 lavacri,
1246 3103 1410 3171 atque
1445 3098 1580 3155 adeo
1633 3097 1833 3152 summi
1875 3096 2002 3152 boni
2028 3113 2127 3153 cx-

559 3202 681 3253 pers
710 3194 899 3261 partus
930 3183 1176 3243 decedat.

1006 3274 1465 3333 CONSTITUTIO
1499 3274 1687 3335 XVlll.

560 3365 630 3423 Ut
679 3366 889 3438 (20-21)
938 3367 993 3421 in
1031 3367 1693 3506 sponsa‘lﬁuégonstimta
1744 3382 1893 3440 paena
1946 3368 2131 3439 exigu-

628 3526 773 3583 ldem
825 3527 1123 3595 imperator
1163 3525 1410 3595 Styliano
1450 3524 1914 3581 excellentissimo
1945 3539 2129 3583 sacro-

559 3636 678 3674 rum
714 3619 1011 3674 olliciorum
1039 3618 1323 3685 magisuo.

636 3709 694 3764 in
721 3711 976 3764 omnibus
1022 3710 1186 3762 rebus
1221 3717 1275 3761 et
1306 3706 1470 3761 dictis
1500 3708 1644 3777 quod
1687 3710 2033 3776 praestantius
2062 3709 2132 3763 sit

559 3803 738 3874 seligi,
794 3802 1300 3871 reprehendendum
1360 3816 1467 3853 nou
1499 3811 1600 3855 est.
1634 3801 1811 3869 Atque
1854 3809 1984 3855 tunc
2011 3802 2133 3871 qui-

560 3877 704 3957 dem,
739 3902 798 3946 ut
824 3894 1026 3962 aliquid
1073 3907 1305 3961 sequare
1342 3899 1435 3946 aut
1465 3892 1851 3946 declinandum
1885 3906 2131 3959 censeas,

563 4000 669 4037 non
738 3998 927 4045 eorum
993 3983 1088 4051 qui
1141 3983 1344 4049 aliquid
1406 3991 1499 4036 aut
1559 3982 1768 4036 faciunt
1795 3992 1888 4037 aut
1918 3984 2129 4048 dicunt,

564 4075 809 4129 habenda
838 4074 979 4131 ratio
1009 4090 1022 4127 :
1047 4075 1141 4129 sed
1181 4089 1371 4128 eorum
1410 4089 1529 4143 quae
1569 4074 1707 4127 fiunt
1733 4083 1825 4126 aut
1854 4074 2131 4139 dicuntur,

566 4165 977 4235 cognoscendus
1006 4174 1182 4220 status
1211 4178 1311 4221 est.
1341 4168 1548 4220 Idcirco
1575 4166 1722 4236 quod
1750 4168 2131 4220 consuetudini

567 4257 767 4328 placuit
783 4257 909 4311 utin
930 4256 1327 4327 sponsaliorum
1350 4258 1821 4327 reprobatiouibus
1840 4272 2012 4326 paenae
2029 4259 2128 4313 im-

2230 3119 2421 3190 τεχθέν
2454 3119 2522 3173 οι.

2761 3271 3073 3351 ΔιΑτΑΞιΣ
3109 3296 3219 3349 ne.

2232 3385 2371 3454 Περὶ
2401 3386 2508 3441 τοῦ
2551 3387 2929 3441 ἀπαιτεῖσθαι
2967 3386 3033 3440 τὸ
3077 3384 3334 3455 γαμικὸν
3371 3384 3710 3453 πρόστιμον
3733 3384 3806 3438 9‘.

2325 3542 2383 3593 Ὀ
2420 3541 2580 3603 αὐτὸς
2630 3539 2887 3609 βασιλεὺς
2936 3538 3211 3609 Στυλιανῷ
3246 3537 3325 3607 τῷ
3375 3538 3817 3608 ὑπερφυεστάτιμ

2237 3629 2520 3698 μαγίστρῳ
2553 3627 2663 3680 τῶν
2688 3626 2847 3680 θείων
2875 3626 3167 3696 όφφικίων.

2305 3719 2415 3787 Τὴν
2440 3717 2533 3769 τοῦ
2561 3718 2868 3787 κρείττονος
2895 3716 3125 3787 ἐκλογὴν
3152 3718 3209 3767 ἐν
3237 3716 3372 3768 πᾶσι
3396 3716 3491 3768 καὶ
3516 3717 3810 3787 πράγμασι

2234 3811 2328 3862 καὶ
2392 3809 2571 3876 λόγοις
2628 3808 2901 3862 ποιεῖσθαι
2949 3808 3010 3869 οὑ
3067 3807 3387 3878 νεμεσητὸν,
3449 3809 3543 3862 καὶ
3571 3808 3695 3861 τότε
3730 3812 3817 3885 μη

2235 3900 2371 3969 πρὸς
2403 3899 2528 3961 τοὺς
2557 3899 3120 3969 πραγματευομένους
3164 3898 3197 3969 ἢ
3240 3898 3519 3968 λέγοντας,
3551 3900 3689 3968 πρὸς
3745 3900 3808 3952 δὲ

2232 3990 2329 4060 τὴν
2364 3989 2473 4043 τῶν
2507 3991 2896 4059 πραττομένων
2960 3991 3055 4043 καὶ
3100 3990 3409 4059 λεγομένων
3468 3991 3808 4043 κατάστασιν

2234 4082 2267 4151 ἢ
2296 4081 2522 4137 ἕπεσθαι
2548 4081 2581 4149 ἢ
2618 4081 2717 4150 τὴν
2741 4080 2981 4148 ἔγκλισιν
3009 4083 3336 4152 προστιμᾷν.
3395 4081 3494 4147 Διά
3524 4081 3685 4136 τοῦτο
3710 4082 3807 4135 καὶ

2233 4172 2268 4224 ἂ
2300 4174 2363 4241 τῇ
2401 4170 2659 4242 συνηθείᾳ
2686 4173 2882 4241 ῆρεσεν
2914 4174 2973 4225 έν
3002 4175 3122 4235 ταῖς
3173 4158 3283 4226 τῶν
3319 4174 3624 4243 μνηστειῶν
3676 4174 3803 4243 ἀθεο

2235 4265 2454 4332 τὴσεσιν
2487 4262 2797 4315 ἐπικεῖσθαι
2822 4266 3252 4334 προστιμήματα
3284 4269 3395 4328 τοῖς
3419 4267 3632 4337 ὁρμῶσι
3670 4268 3806 4336 πρὸς

566 4352 834 4405 minerent
859 4350 948 4415 iis,
976 4350 1067 4420 qui
1094 4351 1386 4419 reprohare
1412 4352 1780 4414 instituerent,
1808 4360 1862 4402 et
1896 4349 1949 4403 id
1984 4350 2037 4403 in
2064 4350 2121 4404 let

2237 4354 2334 4422 τὴν
2366 4353 2642 4424 ἀθέτησιν,
2701 4355 2794 4407 καὶ
2825 4354 2993 4407 ταῦτα
3022 4357 3101 4419 εἰς
3134 4357 3297 4425 νόμου
3339 4356 3683 4425 καθιστῶμεν
3724 4374 3809 4417 τι-,

563 4445 646 4509 κίε
667 4443 1047 4501 auctoritatem
1082 4443 1433 4497 collocamus.
1466 4442 1717 4495 Arbitror
1740 4441 1884 4496 enim
1920 4443 1970 4495 id
1989 4441 2133 4512 quod

2240 4445 2366 4513 μήν.
2424 4439 2594 4513 Οἶμαι
2651 4444 2758 4515 γὰρ
2813 4444 2906 4499 τοῦ
2955 4446 3047 4498 ἐπὶ
3070 4447 3191 4509 ταῖς
3240 4448 3518 4517 τοιαύταις
3576 4448 3808 4518 πράξεσι

562 4532 949 4588 consuetudini
978 4534 1156 4586 visum
1205 4541 1310 4595 est,
1343 4546 1407 4585 ea
1439 4532 1555 4600 lege
1580 4546 1700 4599 qua:
1733 4532 1801 4585 de
1828 4532 2116 4600 hujusmod

2237 4534 2493 4603 κειμένου
2541 4536 2707 4603 νόμου
2754 4535 2829 4604 μὴ
2875 4537 3055 4605 χεῖρον
3088 4536 3232 4606 ἔχειν
3272 4537 3333 4590 τὸ
3373 4537 3694 4606 δεδογμένον
3740 4540 3804 4607 τῇ

567 4625 727 4678 rebus
759 4623 868 4677 lata
904 4629 1043 4684 erat,
1092 4620 1229 4673 nihil
1280 4620 1696 4689 improbabilius
1750 4637 1895 4682 esse.
1957 4638 2021 4676 ac
2052 4639 2121 4683 re:

2240 4627 2517 4697 συνηθείᾳ,
2568 4626 2705 4679 ἀλλά
2760 4628 2856 4679 καὶ
2907 4629 2988 4690 είς
3035 4628 3095 4684 τὸ
3152 4629 3374 4698 ἄμεινον
3414 4630 3807 4700 ἀναφέρειντά

563 4716 713 4784 ipsas
768 4714 974 4768 referre
998 4713 1052 4765 in
1088 4711 1305 4765 melius.
1362 4711 1497 4763 Nam
1526 4727 1649 4763 cum
1684 4711 1765 4765 lex
1798 4713 1974 4766 arma:
2022 4728 2142 4782 pcr-

563 4808 789 4871 ditione,
846 4805 1020 4860 autin
1052 4802 1274 4872 duplum
1304 4801 1416 4872 (ιδ)
1452 4803 1804 4863 restitutione
1845 4806 2023 4871 solum
2057 4814 2140 4859 te-

2245 4719 2561 4787 πράγματα,
2587 4717 2692 4769 Τοῦ
2727 4719 2833 4786 γὰρ
2855 4718 3022 4791 νόμου
3056 4721 3113 4772 ἐν
3165 4721 3299 4791 μόνῃ
3339 4717 3403 4790 τῇ
3436 4721 3530 4772 τοῦ
3552 4720 3808 4791 ἀρῤαῶ

2241 4826 2329 4872 νος
2360 4809 2664 4882 ἀπωλείᾳῆ
2701 4809 2860 4879 διπλῇ
2893 4811 3144 4863 ἀποδόσει
3183 4812 3503 4877 κολάζοντος
3540 4813 3644 4884 τὴν
3679 4828 3808 4882 προ·

1911 4894 2137 4952 νΑιιιλΕ
2181 4899 2583 4955 LECTIONES.

668 4986 713 5065 _”
736 4985 1087 5065 L_ocus_certe
1108 4984 1956 5065 mutilus'et.corruptns._Codd.
1989 4990 2237 5065 scribunt
2267 4993 2438 5065 ὅπερ
2491 4994 2802 5063 Stephanus
2819 5003 2872 5049 et
2899 4997 3147 5065 Agylmns
3176 5000 3340 5057 ὅπως.

563 5064 617 5127 et
646 5057 896 5127 Agylatus
919 5058 1206 5127 ἐγκρατὲς.
1255 5056 1299 5087 ³⁸
1342 5054 1530 5127 Zuich.
1560 5054 2001 5127 συστελλομένου.

3425 4998 3472 5029 ’⁸
3496 4996 3807 5067 Stephanus

2078 5063 2616 5135 "Exciditverbum
2657 5065 2882 5133 aliquid,
2916 5063 3064 5134 lui-te.
3085 5067 3363 5135 ἀπείργει.
3451 5068 3496 5098 ⁸³
3519 5063 3715 5123 Ζυῖςιι.
3760 5078 3809 5123 et

566 5122 863 5186 Meeﬁhan.
885 5122 1005 5181 cod.
1024 5122 1211 5187 ’τεθένε
1282 5127 1329 5164 ’δ
1352 5128 1450 5181 Est
1476 5126 1530 5180 in
1567 5125 1681 5179 Ecl.
1740 5122 1875 5184 Nov.
1922 5128 1985 5183 10
2011 5137 2065 5182 et
2098 5133 2299 5185 citatur
2328 5134 2397 5191 ab
2419 5122 2764 5203 ιιιιιτιιιιξιιου.⁸
2784 5122 2940 5200 ιν,’1.

2122 5222 2355 5278 NOTAE.

639 5309 749 5379 (18)
781 5308 889 5363 Leo
921 5322 1125 5395 mouet,
1158 5328 1266 5395 non
1298 5322 1479 5395 tamen
1513 5312 1693 5395 jubet“,
1719 5314 1784 5395 ad
1814 5314 2123 5395 quadrage-

569 5382 768 5455 simum
802 5395 975 5455 usque
994 5380 1135 5455 diem
1190 5380 1527 5455 baptismum
1580 5382 1784 5438 differri
1814 5380 1866 5437 iit
1896 5380 2120 5449 infante,

570 5449 671 5502 nisi
700 5463 850 5503 mors
876 5449 1066 5504 infanti
1101 5449 1403 5506 immineat.

2302 5317 2512 5442 lia-21g
2542 5317 2732 5442 ἓὶειειι
2788 5320 3038 5391 ερίιοιῐιο
3069 5324 3213 5393 apud
3256 5323 3728 5395 Harmenopulum
3758 5327 3806 5379 ιι

2299 5456 2412 5532 (22)
2452 5456 2508 5511 Si
2546 5460 2619 5512 ita
2665 5466 2771 5525 est,
2834 5458 3149 5529 abrogatur,
3213 5465 3247 5517 l.
3274 5464 3395 5532 154,
3452 5464 3507 5518 ff.
3546 5466 3616 5521 de
3652 5464 3810 5529 verb.

2232 5387 2317 5440 ιὶι.
2356 5388 2444 5451 11,

645 5518 755 5593 (_l9_)
791 5518 1217 5593 Quadragesimo
1248 5523 1335 5593 die
1364 5530 1553 5593 partus
1601 5522 1892 5587 formatur,
1921 5535 1978 5575 ut
2009 5524 2119 5577 dixi
2228 5518 2392 5593 oblig.

568 5586 632 5642 eli
664 5588 698 5638 l.
727 5590 778 5649 5,
803 5604 854 5640 ιιι
885 5588 971 5641 [ὶιι
1000 5586 1053 5642 [Τ.
1075 5590 1141 5644 de
1186 5591 1327 5663 suis:
1354 5586 1502 5663 Adde
1538 5595 1589 5663 LA
1615 5593 1704 5659 39,
1739 5593 1792 5646 ﬂ.
1829 5586 1895 5648 de
1922 5596 2117 5663 prytiis.

571 5674 631 5722 ea
660 5664 963 5739 qunlrngves
991 5676 1077 5711 ιιιυ
1102 5676 1268 5729 nono,
1302 5662 1359 5729 5,
1383 5660 1518 5713 Gell.
1575 5661 1640 5719 10

2293 5598 2417 5668 μδ)
2445 5594 2641 5653 VnLl.
2673 5600 2727 5665 5,
2758 5600 2819 5656 C.
2850 5601 2917 5658 de
2942 5601 3257 5685 sponsalib,

3546 5756 3781 5767 ,Μνμ--”
