4062 6202
324 261 395 327 ίϐί
1387 270 1749 333 ΝΟνΕΙᾸιᾹΞ
1787 270 2482 337 CONSTITUTIONESJ

3438 280 3553 341 46?

322 377 527 439 πέτειαν,
563 373 704 445 αὕτη
788 376 960 447 ῥητήν
1008 392 1130 430 τινα
1183 378 1277 431 καὶ
1338 382 1855 453 συμπεφωνημένην

1970 382 2265 437 meritatem
2319 384 2533 453 puniat,
2565 383 2679 439 haec
2713 384 2999 440 deﬁnitum
3036 392 3304 457 pactoque
3330 392 3540 446 consti-

318 466 535 536 βούλεται
586 466 834 533 γίνεσθαι
866 467 966 537 τὴν
991 468 1084 520 ἐπὶ
1126 470 1194 539 τῇ
1227 469 1574 543 ἀναρμοστία
1603 472 1704 543 τῆς
1734 491 1871 543 μνη-

315 558 471 619 στείας
510 557 739 628 ζημίαν,
789 557 883 610 καὶ
934 559 1086 611 δοκεί
1123 577 1235 629 μοι,
1264 561 1456 633 ὥσπερ
1484 559 1664 627 εἷπον,
1711 564 1870 619 τοῦτο
1910 640 1911 643 η

314 648 475 701 πλεῖον
503 648 654 718 ἔχειν
688 650 845 719 ἰσχὺν
878 651 960 713 είς
990 650 1050 704 τδ
1084 652 1158 723 μὴ
1189 653 1266 717 ὡς
1298 653 1455 726 ἔτυχε
1508 657 1868 711 πεττεύεσθαι

309 738 362 790 τὰ
385 739 797 810 μνηστεύματα.
838 740 901 792 Ἦ
947 742 1046 811 μὲν
1088 743 1199 814 γὰρ
1253 744 1349 798 τοῦ
1400 747 1721 818 ἀρῤαὸῶνος
1763 750 1869 802 άπ-

309 828 477 893 ὠλεια,
508 829 719 900 ὥσπερ]
744 830 837 884 ἐπὶ
870 831 949 902 τῷ
983 832 1129 887 δόντι
1155 831 1279 888 εἷτα
1312 836 1386 907 μὴ
1436 839 1717 908 στέργοντι
1768 838 1868 908 τὴν

310 922 589 990 μνηστείαν
622 922 876 993 ὥρισται,
941 925 1038 978 καὶ
1071 927 1103 997 ή
1138 927 1304 997 διπλῆ
1355 928 1411 982 δὲ
1445 929 1719 994 ἀπότισις,
1746 930 1814 1002 ῆν
1839 931 1867 984 ὁ

304 1012 377 1065 τὸν
402 1013 703 1082 ἀρραϐῶνα
728 1013 906 1069 λαϐὼν
930 1011 1049 1070 εἶτα
1078 1017 1153 1087 μὴ
1186 1019 1462 1088 ἐπιμένων
1476 1014 1556 1085 οἷς
1581 1020 1866 1093 ὡμολόγη-

304 1116 377 1153 σεν
406 1101 604 1170 ὑπέχει
640 1101 863 1172 ζημίαν.
888 1103 1028 1174 τάχα
1078 1106 1167 1159 διὰ
1194 1107 1256 1159 τὸ
1301 1109 1630 1180 κουφότερον
1659 1126 1867 1179 προπεο

299 1188 541 1259 τὲστερον
571 1188 759 1243 δίδωσι
795 1192 907 1253 τοῖς
936 1191 1285 1262 βουλομένοις
1340 1197 1419 1257 είς
1447 1196 1547 1265 τὴν
1603 1197 1864 1265 ἀθέτησιν

297 1282 463 1350 ὀρμᾷν
490 1281 602 1333 τῶν
624 1280 950 1350 ὁμολογιῶν,
977 1284 1081 1337 ὑπὸ
1108 1285 1165 1338 δὲ
1193 1286 1294 1357 τῆς
1327 1288 1646 1356 συμφωνίας
1692 1289 1865 1359 ῥητῆς

292 1369 625 1439 εἰσπράξεως
653 1369 962 1442 βαρυτέραν
988 1373 1316 1428 ἀπαντῶσαν
1345 1376 1494 1447 αὐτῷ
1536 1378 1637 1447 τὴν
1660 1379 1864 1448 ζημίαν

289 1460 419 1529 ὀρῶν
444 1462 475 1514 ό
500 1460 782 1526 ἀϐέϐαιος,
817 1463 1036 1528 πάντως
1083 1467 1442 1539 ὀκνηρότερος
1491 1470 1631 1540 πρὸς
1654 1472 1716 1524 τὸ
1741 1471 1867 1524 δια-

288 1551 491 1603 σπάσαι
512 1551 614 1621 τὴν
646 1554 947 1623 μνηστείαν
972 1557 1288 1627 γενήσεται.
1366 1598 1369 1601 -

351 1641 533 1710 Ὅπερ
564 1642 611 1673 ³⁸
641 1643 735 1696 καὶ
762 1645 922 1714 ἡμεῖς
949 1646 1186 1715 ὁρῶντες
1206 1651 1319 1712 τοῖς
1340 1652 1635 1722 γαμηλίοις
1669 1656 1862 1708 συναλο

1978 480 2153 527 tutum
2189 475 2241 529 in
2268 475 2670 544 sponsaliorum
2705 478 3037 532 rescissione
3074 478 3245 532 subiri
3283 479 3545 535 damnum

1979 562 2116 615 vult.
2178 561 2257 617 Ac
2312 577 2484 628 sane,
2556 579 2623 619 ne
2674 564 2756 633 (ut
2813 565 2930 619 ﬁeri
2988 566 3213 636 assolet)
3262 567 3559 637 sponsalia

1977 667 2197 707 sursum
2233 653 2489 709 deorsum
2541 653 2812 717 ferantur,
2841 654 2944 710 hoc
3002 657 3133 709 mihi
3168 656 3547 725 (quemadmo-

1975 743 2104 797 dum
2156 743 2291 815 dixi)
2350 744 2612 815 majorem
2644 745 2891 800 obtinere
2940 745 3050 798 vim
3091 746 3333 803 videtur:
3362 746 3546 803 Solius

1973 837 2118 891 enim
2172 835 2349 890 arrhae
2402 836 2658 905 perditio,
2722 851 2843 906 quae
2868 835 2921 890 in
2951 851 3073 890 eum
3135 836 3224 904 qui
3275 838 3444 903 dedit,
3481 853 3547 894 ac

1974 926 2170 982 deinde
2199 927 2546 997 sponsalibus
2568 943 2677 981 non
2717 927 3041 997 acquiescit,
3108 928 3404 983 constituta
3437 939 3546 992 est,

1972 1016 2199 1086 ejusque
2226 1016 2278 1071 in
2311 1015 2532 1086 duplum
2567 1017 2859 1082 restitutio,
2890 1030 3052 1085 quam
3076 1016 3334 1071 mulctam
3366 1018 3414 1074 is
3455 1018 3549 1089 qui

1972 1110 2190 1162 arrham
2238 1110 2403 1178 cepit,
2457 1108 2762 1178 deindeque
2799 1107 2854 1161 in
2904 1116 3063 1176 pacto
3111 1115 3382 1161 convento
3436 1122 3548 1163 non

1977 1198 2244 1268 persistit,
2294 1200 2579 1263 sustinet,
2656 1206 2715 1252 ut
2766 1204 2989 1266 propter
3042 1210 3216 1266 paena:
3275 1196 3546 1251 levitatem

1971 1288 2038 1341 ad
2070 1298 2350 1357 pactorum
2410 1288 2817 1351 rescissionem,
2852 1286 2947 1356 qui
2978 1287 3031 1341 id
3053 1285 3232 1341 facere
3279 1286 3543 1358 cogitant.

1973 1380 2187 1436 facilius
2211 1380 2478 1446 ferantur,
2539 1379 2688 1433 facit.
2717 1378 2784 1431 At
2810 1393 2877 1434 ex
2914 1386 3074 1448 pacto
3103 1377 3341 1433 deﬁnitae
3369 1392 3544 1445 paena:

1968 1473 2190 1543 gravius
2224 1472 2484 1525 damnum
2537 1471 2641 1525 sibi
2665 1471 2926 1525 obvenire
2986 1471 3180 1526 videns
3223 1470 3553 1526 inconstans

1970 1564 2060 1617 ille
2090 1562 2299 1617 tardior
2331 1562 2557 1617 omnino
2581 1563 2648 1616 ad
2678 1561 2981 1617 divellenda
3017 1562 3295 1631 sponsalia
3327 1562 3438 1617 ﬁet.

2051 1653 2203 1718 Quod
2244 1668 2377 1708 sane
2404 1652 2717 1720 nosfetiam
2774 1651 3115 1721 nuptialibus
3168 1652 3544 1707 contractibus

282 1730 527 1801 λάγμασι
564 1733 769 1801 μᾶλλον
796 1737 1119 1806 συμφέρειν,
1148 1741 1229 1801 εἰς
1270 1741 1508 1812 νομίμην
1536 1742 1778 1810 διάταξιν
1804 1745 1866 1798 τὸ

1970 1743 2141 1814 magis
2197 1742 2543 1815 conducibile
2600 1740 2717 1797 fore
2765 1742 3268 1797 animadvertentes
3303 1742 3545 1807 quodex

280 1824 390 1876 ἀπὸ
419 1825 717 1894 συνηθείας
757 1830 1133 1898 πραττόμενον
1194 1832 1561 1904 καθιστῶμεν.
1613 1837 1706 1889 Ἐκ
1761 1837 1864 1905 μὲν

276 1914 387 1986 γὰρ
420 1915 525 1984 τῆς
554 1914 650 1968 τοῦ
686 1917 1008 1988 appaream
1030 1920 1308 1986 ἀπωλείας
1335 1925 1525 1995 ῥᾳδίας
1554 1924 1601 1957 ⁸⁸
1629 1927 1742 1997 ὁρῶ
1754 1926 1863 1979 τῶν

279 2004 599 2075 μνηπειῶν
624 2006 724 2070 τὰς
752 2008 1091 2075 ἀνατροπὰς,
1123 2010 1187 2063 ἐκ
1219 2012 1276 2064 δὲ
1299 2012 1399 2081 τῆς
1434 2012 1528 2066 τοῦ
1561 2016 1862 2085 προστίμου

271 2097 595 2166 καταδολῆς
642 2098 849 2153 οὐκέτι.
900 2100 976 2154 Τὸ
994 2101 1103 2172 γὰρ
1163 2102 1463 2172 βαρύτερον
1511 2105 1864 2178 τῆς’ζημίας

270 2189 613 2260 (βαρύτερον
632 2189 689 2243 δὲ
717 2193 933 2255 πάντως
966 2192 1060 2246 τοῦ
1093 2194 1412 2266 ἀρῤαδῶνος
1436 2196 1498 2249 τὸ
1529 2197 1860 2266 πρόστιμον)

265 2281 363 2333 καὶ
415 2281 562 2335 ἀκον
582 2282 627 2312 ’⁷
654 2283 852 2353 ἐπέχον
900 2284 961 2337 τὸ
1012 2284 1127 2356 τῆς
1179 2286 1408 2357 γνώμης
1455 2288 1792 2358 παλίμϐολον
1816 2290 1863 2323 ⁸⁸

266 2372 535 2440 στέργειν
562 2374 868 2441 ἀναγκάσει
901 2376 970 2429 τά
1009 2375 1142 2447 περὶ
1171 2376 1283 2429 τῶν
1341 2380 1793 2449 μνηστευσάντων
1816 2383 1862 2416 ’⁵

263 2462 713 2533 προδεδογμένα.
763 2465 950 2530 Οὕτως
1003 2463 1217 2521 οὖνκαὶ
1263 2468 1372 2521 ἀπὸ
1418 2469 1510 2522 τοῦ
1536 2470 1630 2524 νῦν
1670 2472 1863 2526 κελεύ-

262 2571 445 2624 σματι
478 2557 650 2626 νόμου
676 2557 738 2610 τὸ
767 2559 873 2611 ἀπὸ
902 2559 918 2590 ⁸
974 2560 1076 2629 τῆς
1100 2559 1388 2629 συνηθείας
1437 2560 1735 2631 βεϐαιωθέν
1769 2565 1865 2618 καὶ

260 2646 558 2715 κρατείτω
588 2648 684 2700 καὶ
714 2647 1001 2713 διαιτάτω,
1031 2650 1285 2720 καθάπερ
1313 2651 1442 2721 ἄχρι
1470 2654 1490 2684 ³
1538 2651 1634 2705 τοῦ
1660 2655 1864 2723 παρόν-

256 2754 381 2800 τος,
417 2739 523 2792 καὶ
553 2740 864 2809 προστίμου
890 2741 1177 2813 εἰσπράξει
1228 2744 1257 2795 ὁ
1284 2742 1385 2813 τὴν
1409 2744 1704 2815 μνηστείαν
1733 2748 1865 2799 ἀνα-

257 2829 501 2899 τρέπων
531 2829 876 2901 ζημιούσθω.

881 2924 1192 2980 ΔΙΑΤΛΞΙΣ
1233 2926 1335 2981 IB'.

259 3009 417 3079 Περὶ
446 3009 787 3080 συμφώνου
822 3014 1096 3084 πατρῴου
1123 3016 1228 3069 τοῦ
1276 3015 1371 3069 ἐπ’
1399 3016 1541 3083 ίσης
1575 3019 1865 3084 κληρονο-

780 3083 919 3151 μεῖν
946 3085 1054 3137 τὸν
1079 3084 1263 3139 παῖδα
1290 3085 1332 3140 ³.

354 3166 421 3221 Ὅ
449 3168 622 3233 αὺτδς
664 3168 919 3240 βασιλεὺς
951 3172 1232 3245 Στυλιανῷ
1293 3174 1371 3244 τῷ
1433 3175 1867 3247 ὑπερφυεστάτῳ

270 3262 581 3335 μαγίστρῳ
602 3263 714 3317 τῶν
747 3264 907 3318 θείων
949 3268 1242 3335 όφφικίων.

342 3350 538 3421 Ὅπερ
561 3350 661 3403 καὶ
681 3351 918 3422 πρόσθεν
947 3355 1082 3423 ἡμῖν
1103 3354 1339 3425 εἴρηται,
1371 3356 1433 3409 οὐ
1454 3357 1735 3425 φαυλίζειν
1751 3358 1867 3411 ἐτέ-

277 3456 414 3508 ρους
453 3442 883 3513 προαιρούμενοι
948 3446 1032 3509 είς
1090 3446 1468 3516 ἐπανόρθωσιν
1519 3448 1629 3502 τῶν
1684 3450 1866 3519 νόμων

274 3532 654 3601 κατέστημεν.
726 3534 835 3589 οὐδ’
871 3535 958 3589 ἵνα
1015 3536 1175 3603 δόξαν
1226 3539 1442 3603 ἑαυτοῖς
1490 3540 1867 3612 περιποιησώς

283 3619 455 3687 μεθα,
487 3622 604 3676 ἀλλ’
649 3623 737 3677 ἵνα
782 3625 843 3678 τὸ
872 3626 1190 3698 ἀσύμφορον
1236 3629 1303 3682 ὲκ
1333 3628 1430 3682 τοῦ
1495 3629 1607 3682 τῶν
1651 3631 1866 3701 ὑποχω-

288 3712 423 3776 ρῗων
462 3714 485 3745 ⁸
536 3714 623 3785 ἐφ’
676 3716 798 3769 ὅσον
848 3718 1075 3771 δυνατὸν
1152 3719 1668 3790 ἀποσκευασώμεθα
1725 3720 1864 3791 βίου,

288 3801 469 3856 έκεῖνο
486 3804 712 3869 ειδότες,
742 3806 817 3869 ὠς
842 3808 1064 3861 πάντων
1109 3809 1507 3881 προτιμότερον
1556 3810 1638 3872 είς
1692 3811 1866 3863 κατά-

294 3906 485 3947 στασιν
544 3898 645 3965 τῆς
696 3897 973 3961 πολιτείας
1034 3899 1068 3968 ἡ
1104 3898 1212 3952 τῶν
1264 3899 1447 3969 νόμων
1509 3900 1867 3963 κατάστασις.

307 3980 645 4054 Ὀφθαλμοὺς
677 3986 785 4056 γάρ
846 4004 930 4050 τις
959 3988 1131 4041 εἰπὼν
1181 3988 1456 4053 πολιτείας
1498 3991 1625 4054 τοὺς
1644 3991 1862 4061 νόμους,

294 4071 397 4123 οὐκ
434 4073 520 4137 ἄν,
550 4072 722 4146 οἶμαι,
754 4076 941 4148 καλοίη
969 4078 1074 4144 ἔξω
1103 4077 1200 4131 τοῦ
1234 4080 1535 4149 πρέποντος
1577 4081 1818 4152 φάμενος
1849 4096 1864 4115 ⁵

297 4157 485 4234 ὥσπερ
515 4165 621 4237 γὰρ
660 4165 784 4238 ζώῳ
818 4168 1245 4236 ἀναγκαιότατόν
1266 4170 1383 4223 ἐστι
1410 4170 1646 4240 μάλιστα
1665 4172 1867 4241 ὀφθαλ-

304 4250 401 4317 Pb;
422 4254 482 4306 οὐ
509 4258 892 4329 σφαλλόμενος,
928 4258 1072 4313 οὕτω
1096 4263 1189 4313 καὶ
1215 4259 1462 4332 πολιτείᾳ
1494 4263 1679 4332 νόμων
1700 4263 1865 4317 εὐθύ-

301 4356 418 4412 της.
443 4348 531 4400 Διὸ
555 4352 652 4419 τῆς
685 4349 892 4404 τούτων
915 4348 1205 4422 εὐθύτητος
1250 4353 1561 4422 ποιούμενοι
1584 4353 1863 4424 πρόνοιαν,

300 4431 525 4507 ἐπείπερ
551 4438 796 4508 ἔγνωμεν
820 4441 877 4492 ὲν
903 4443 968 4510 τῇ
1006 4441 1099 4493 τοῦ
1124 4441 1351 4505 κώδικος
1383 4442 1579 4513 ἐκλογῇ
1611 4444 1869 4513 κείμενον.

300 4521 481 4591 νόμον,
526 4525 583 4586 ὃς
636 4526 724 4581 διὰ
772 4528 835 4580 τὸ
890 4529 1164 4598 προφανὲς
1194 4528 1293 4599 τῆς
1347 4529 1579 4593 ἀτοπίας
1611 4531 1863 4601 οὐδαμῶς

299 4603 426 4684 εὗρε
456 4617 476 4647 ⁸
503 4617 773 4689 ἀποδοχῆς
794 4617 979 4689 χώραν
1024 4622 1081 4672 ὲν
1108 4622 1174 4689 τῇ
1202 4619 1312 4673 τῶν
1341 4619 1646 4689 ἀνθρώπων
1678 4639 1866 4691 προαιο

1964 1834 2359 1889 consuetudine
2410 1818 2524 1888 fieri
2579 1833 2819 1898 solet,‘in
2857 1833 3153 1903 legitimam
3190 1832 3546 1887 constitutio-

1966 1941 2085 1980 nem
2120 1925 2480 1979 traducimus.
2504 1922 2583 2001 Ex
2624 1924 2800 1979 arrhaa
2828 1924 3095 1994 siquidem
3122 1922 3331 1991 (24-25)
3366 1923 3548 1993 perdi-

1965 2021 2110 2074 tione
2170 2018 2358 2072 faciles
2420 2016 2825 2086 sponsaliorum
2864 2017 3176 2072 eversiones
3232 2018 3389 2072 video
3427 2036 3439 2071 :
3477 2031 3546 2072 ex

1964 2124 2137 2180 paena:
2167 2108 2539 2179 persolutione
2573 2122 2681 2162 non
2719 2106 2874 2162 item.
2908 2105 3045 2160 Nam
3073 2108 3293 2175 gravius
3323 2108 3545 2177 dispeuo

1962 2200 2110 2253 dium
2180 2198 2363 2273 (pacto
2397 2197 2542 2253 enim
2578 2196 2880 2250 constituta
2920 2210 3076 2264 poena
3123 2195 3287 2249 arrha
3350 2194 3532 2264 major

1963 2304 2188 2361 prorsus
2215 2297 2377 2359 atque
2425 2287 2640 2358 gravior
2681 2286 2785 2352 est)
2821 2285 2905 2340 vel
2927 2285 3157 2339 invitum
3190 2284 3443 2341 inhibens
3473 2285 3545 2341 ab

1962 2380 2131 2436 animi
2171 2378 2596 2434 inconstantiam
2640 2375 2993 2446 acquiescere
3054 2374 3183 2440 illis,
3214 2390 3336 2445 qua:
3367 2381 3543 2430 antea

1963 2474 2031 2528 de
2056 2469 2406 2542 sponsalibus
2458 2466 2803 2537 placuerunt,
2865 2464 3178 2534 compellet.
3241 2464 3333 2519 Sic
3377 2463 3546 2535 igitur

1963 2562 2107 2633 quod
2139 2576 2169 2615 a
2194 2557 2597 2615 consuetudine
2628 2555 3013 2611 conﬁrmatum
3046 2563 3153 2614 est.
3191 2554 3546 2624 quemadmo-

1963 2655 2094 2710 dum
2146 2653 2432 2716 hactenus,
2485 2650 2561 2706 ita
2598 2649 2859 2719 deinceps
2882 2653 2936 2702 et
2964 2646 3232 2713 obtineto,
3267 2654 3323 2702 et
3350 2659 3545 2702 causas

1963 2745 2266 2816 dijudicato
2295 2762 2308 2797 :
2341 2751 2460 2797 tum
2494 2742 2658 2797 etiam
2689 2740 2782 2809 qui
2810 2737 3089 2810 sponsalia
3121 2738 3337 2805 evertit,
3369 2751 3561 2809 paena:

1963 2834 2249 2890 exactione
2274 2832 2485 2889 feritnr.

2432 2917 2725 2975 CONSTIT
2735 2916 2895 2973 UTIO
2930 2914 3077 2971 XIX.

2025 3013 2101 3069 De
2128 3022 2283 3083 pacto
2302 3012 2413 3084 (26)
2441 3020 2960 3149 paternoﬁlezquuo
2990 3005 3248 3062 Itwredem
3301 3005 3554 3073 futurum:

2722 3095 2775 3132 ιιι
2839 3115 2854 3131 .

2722 3095 2854 3132 tum.

2036 3173 2182 3229 [dem
2229 3174 2525 3241 imperator
2565 3170 2811 3239 Styliano
2838 3166 3328 3224 excellentisssimo
3354 3179 3543 3222 sacro-

1968 3282 2086 3321 rum
2117 3265 2420 3321 ollieiorum
2447 3264 2730 3335 magistro.

2036 3356 2154 3413 Non
2207 3356 2590 3412 contemnendi
2615 3355 2751 3409 alios
2778 3352 2961 3411 studio
2984 3352 3070 3422 (ut
3096 3360 3153 3405 ει
3181 3357 3343 3404 antea
3378 3362 3409 3402 a
3444 3362 3547 3403 uo-

1966 3450 2279 3522 bisldietum
2303 3448 2408 3517 est)
2463 3462 2642 3517 neque
2664 3453 2726 3502 ut
2762 3445 2991 3516 gloriam
3047 3440 3207 3497 nobis
3260 3454 3542 3510 paremus,

1967 3541 2034 3596 ad
2066 3542 2244 3610 legum
2292 3538 2688 3593 correctionem
2719 3534 3094 3606 processimus
3136 3551 3149 3586 :
3186 3530 3282 3587 sed
3316 3540 3375 3585 ut
3397 3529 3544 3600 quod

1966 3630 2312 3686 conducibile
2342 3643 2451 3683 non
2482 3636 2588 3692 est,
2613 3627 2793 3698 quoad
2826 3627 2947 3693 ejus
2975 3625 3086 3681 ﬁeri
3120 3631 3323 3695 potest,
3353 3639 3381 3677 a
3407 3624 3544 3679 sub-

1964 3722 2203 3776 ditorum
2262 3720 2547 3775 consortio
2608 3732 3034 3773 removeamus:
3079 3717 3131 3770 id
3164 3717 3422 3779 scientes,
3474 3713 3545 3769 ad

1968 3811 2355 3869 moderandam
2382 3810 2781 3881 rempublicam
2823 3809 3003 3879 legum
3030 3816 3232 3864 rectam
3268 3806 3543 3861 constitu-

1973 3905 2176 3959 tionem
2223 3902 2469 3956 omnium
2504 3915 2627 3956 esse
2673 3899 3205 3969 prmstantissimam.
3260 3896 3399 3951 Nam
3451 3894 3545 3965 qui

1969 3993 2114 4064 leges
2144 3991 2256 4063 (27)
2310 3990 2629 4061 reipublicae
2674 3990 2864 4045 oculos
2906 4003 3029 4044 esse
3060 3986 3277 4051 dixerit,
3317 3987 3364 4042 is
3419 4000 3548 4057 pro-

1969 4080 2115 4137 fecto
2151 4094 2272 4135 mea
2304 4080 2575 4136 sententia
2609 4079 2733 4134 illas
2750 4080 2823 4135 ita
2852 4094 3079 4143 vocans,
3120 4077 3254 4132 nihil
3282 4076 3545 4131 indecens

1968 4171 2421 4243 pronuntiaverit.
2479 4170 2952 4238 Quemadmodum
2976 4182 2986 4235 ξ
3009 4170 3156 4225 enim
3189 4184 3277 4222 res
3309 4166 3549 4222 maxime

1970 4264 2278 4321 necessaria
2306 4274 2390 4319 est
2421 4262 2644 4316 animali
2687 4275 2795 4315 non
2847 4260 3088 4315 titubans
3135 4258 3350 4320 oculus,
3390 4257 3465 4309 ita
3488 4265 3546 4311 et

1971 4354 2281 4424 reipublicae
2336 4353 2513 4422 legum
2545 4365 2737 4420 aequus
2772 4356 2827 4403 et
2857 4358 3041 4402 rectus
3102 4355 3299 4401 status.
3360 4343 3539 4411 Hujus

1967 4457 2098 4513 ergo
2116 4457 2215 4497 nos
2227 4455 2414 4497 curam
2435 4446 2708 4509 gerentes,
2746 4444 3094 4508 posteaquam
3119 4437 3171 4491 in
3196 4435 3403 4491 selecto
3422 4433 3539 4503 (28)

1971 4532 2161 4588 codice
2190 4533 2360 4602 legem
2390 4529 2747 4600 cognovimus
2792 4528 2938 4599 (quae
2959 4529 3197 4597 ,-'propter
3231 4524 3540 4580 evidentem

1971 4623 2365 4680 absurditatem
2398 4621 2452 4676 in
2488 4620 2769 4676 hominum
2818 4619 3020 4676 animis
3074 4616 3394 4687 neutiquam
3458 4612 3539 4666 lo-

1607 4759 1837 4850 νΑΙὶΙῷῖ
1874 4761 2276 4819 LECTIONES.

402 4897 452 4930 "
470 4897 611 4953 Hinc
643 4898 837 4969 incipit
866 4898 982 4954 Ecl.
1037 4902 1083 4934 ³⁸
1116 4901 1315 4969 Ecloga
1349 4900 1583 4970 ῥᾳδίους.
1645 4904 1689 4935 ⁸⁷
1715 4904 1873 4958 codd.
1907 4906 2122 4960 ἄκοντα.
2182 4905 2229 4937 ’⁸
2258 4903 2448 4958 Zuich.
2478 4913 2533 4959 et
2558 4901 2781 4956 Mearm.
2816 4893 3200 5021 παλίὲδουλον.
3268 4890 3313 4923 ⁹⁹
3341 4888 3538 4960 Ecloga

402 4970 815 5021 ίστευσαιιένων.
881 4971 897 5001 ¹
930 4970 1125 5021 Eclmza
1158 4971 1282 5021 ὑπό.
1357 4972 1376 5000 ¹
1403 4971 1562 5021 Basil.
1593 4971 1720 5021 ἄγοι
1747 4973 1842 5021 τοῦ
1872 4975 1987 5021 νῦν-
2075 4975 2097 5007 ³
2125 4975 2219 5021 Est.
2246 4976 2298 5021 in
2328 4973 2511 5021 Εειοιτ.
2557 4970 2694 5021 Nov.
2726 4970 2812 5021 Η.
2893 4968 2916 4999 δ
2982 4968 3051 5021 ic.
3096 4958 3257 5020 codd.
3305 4959 3538 5021 Stepha-

296 4968 819 5044 μνηστιιυιιαμένωνἶ
881 4971 897 5001 ¹
930 4970 1125 5044 Ecloga
1158 4968 1282 5024 ὑπό.
1347 4968 1562 5044 ζ’ςΒιιεείΙ.
1593 4971 1720 5042 ἄχρι
1747 4973 1842 5027 τοῦ
1872 4975 1987 5029 νῦν.
2075 4975 2097 5007 ³
2124 4975 2219 5030 Est
2245 4976 2298 5030 in
2325 4973 2511 5044 Eclog.
2557 4970 2694 5027 Nov.
2726 4970 2812 5024 Η.
2893 4968 2916 4999 ⁵

293 5035 403 5095 nus
433 5049 486 5095 et
507 5035 763 5111 Agilznus
798 5035 1145 5112 ὑποχειρίων.
1211 5049 1232 5079 ⁵
1262 5040 1418 5095 codd.
1438 5035 1586 5107 εὖγε.

2982 4968 3051 5021 ic.
3096 4958 3257 5020 codd.
3305 4958 3540 5033 Stepha-

1635 5163 1645 5174 -
1747 5131 1978 5188 NOTAE.

358 5247 584 5316 (24-25)
618 5245 735 5321 Hoc
764 5248 965 5315 innuit,
995 5248 1143 5319 dupli
1183 5264 1398 5321 pcenam
1420 5249 1628 5318 legibus
1657 5249 1864 5304 consti-

1964 5246 2238 5316 ὀφθαλμοὶ
2268 5243 2551 5315 βασιλέως,
2574 5241 2718 5316 oculi
2745 5241 2909 5310 regis,
2944 5240 3264 5316 dicebautur
3282 5246 3538 5316 satrapae,

288 5308 467 5371 tutam
495 5334 622 5390 non
642 5319 715 5372 ita
750 5308 1086 5390 astringere;
1108 5308 1370 5390 quantum
1404 5308 1668 5375 conventa
1704 5328 1869 5388 atque
1968 5308 2026 5371 ut
2067 5308 2166 5390 per
2192 5308 2332 5384 quos
2376 5330 2469 5367 rex
2500 5312 2685 5368 omnia
2720 5308 2993 5390 spectaret
3016 5327 3042 5390 :_
3063 5311 3206 5390 sicut
3270 5308 3416 5390 regis
3436 5323 3537 5360 au-

287 5388 701 5461 pacta._Adde
751 5388 826 5442 20
869 5389 1008 5444 Gell.
1035 5391 1087 5461 ι,
1128 5388 1216 5445 ubi
1239 5390 1307 5445 de
1353 5405 1514 5461 parua
1551 5390 1765 5461 injuria:
1792 5391 1869 5444 le-

242 5510 250 5522 ,
286 5457 403 5524 gib.
438 5457 866 5512 Xlltabularum
900 5460 1222 5514 constituta.

365 5527 485 5599 (gs)
519 5526 643 5581 Vid.
675 5530 712 5599 ι,
747 5528 835 5599 ιε.
870 5525 1033 5599 (λᾶε
1057 5530 1251 5599 pactis.

360 5595 480 5669 ςετ)
547 5598 704 5669 (lculi
746 5595 1071 5669 reipublicae
1122 5600 1267 5667 leges
1309 5617 1323 5655 :
1360 5598 1869 5669 ὀφθαλμοὺς-πολι-

1967 5379 2379 5444 τεείἱειειοιέε,
2417 5398 2512 5451 ρει·
2554 5397 2694 5450 quos
2731 5395 2824 5433 rex
2842 5379 3358 5451 gaudiebatiomnia
3384 5391 3537 5451 Aquae

1968 5459 2037 5510 ab
2071 5467 2400 5525 unoquoque
2418 5446 2776 5523 gerebantur.
2834 5448 3031 5504 Suidas
3063 5447 3342 5519 ὀφθαλμὸς
3379 5446 3534 5517 βασι-

1968 5525 2153 5663 λέῗυὲῗέ)
2185 5593 2270 5646 Ἐν
2290 5593 2353 5660 τῇ
2376 5591 2483 5663 τῶν
2498 5590 2731 5663 κωδίκου
2768 5588 2988 5660 ἐκλογῇ,
3029 5587 3130 5643 hoc
3165 5596 3248 5643 cst
3274 5586 3327 5641 in
3346 5583 3537 5643 codice

286 5650 476 5730 τεῖρ’
506 5650 636 5729 τοὺς
676 5650 1054 5739 venalia—qui
1108 5650 1264 5735 dicit,
1310 5650 1865 5726 non-erratjl’crsis
1977 5650 2220 5733 rcpetitcc
2252 5650 2635 5731 praelectioniss
