4062 6202
581 242 687 305 463

1805 242 2033 303 LEONI
2064 242 2191 303 PH]
2203 242 2522 306 LOSOPHI

3707 248 3825 312 464

580 377 703 415 cum
731 358 954 423 invenit,
988 366 1047 414 ut
1073 357 1447 429 susciperetur
1488 376 1501 411 :
1536 357 1731 413 nedum
1775 359 1881 412 vim
1910 360 2141 429 aliquam

2249 358 2419 427 ρέσει,
2463 361 2660 416 οὔκουν
2688 359 2901 416 οὐδὲτὸ
2947 364 3170 433 ἐνεργὸν
3218 363 3313 417 καὶ
3339 362 3658 434 ἔμπρακτον
3705 364 3831 434 ἔχει

580 464 633 506 et
658 448 989 505 eilicaciam.‘
1020 449 1312 505 Contraria
1343 450 1488 504 enim
1522 452 1713 506 statuit
1748 452 2005 513 naturali,
2029 466 2149 519 quae

581 558 610 599 ιι
630 542 948 612 parentibus
975 542 1163 597 liberis
1180 541 1432 607 debetur,
1456 542 1837 612 :equahilitati,
1856 542 1922 596 ad
1934 558 2150 598 versus-

581 649 685 702 que
742 634 905 687 tilium
934 635 1075 702 patri
1100 634 1167 688 ad
1193 634 1537 703 iniquitatem
1574 634 1869 691 fenestram
1916 636 2093 703 aperit
2129 653 2143 689 :

582 716 713 793 quin
748 734 800 778 ct
832 735 1107 794 parentem
1148 732 1207 779 ut
1231 725 1306 779 illi
1363 740 1571 779 morem
1609 733 1759 795 gerat
1799 726 2146 791 obstrictum,

585 816 870 868 mendacio
921 816 1155 884 doloque
1210 817 1505 870 obnoxium
1556 818 1735 885 facit),
1767 826 2147 887 posteaquam,

587 907 834 974 inquam,
895 905 1520 977 istiusmodijquamdam
1554 924 1677 964 esse
1701 909 1873 979 legem
1898 909 2147 963 animad~

585 996 867 1061 vertimus,
916 995 1132 1051 tametsi
1159 995 1322 1049 etiam
1376 1006 1501 1052 ante
1531 1006 1775 1051 nostram
1805 997 2148 1053 sanctionem

583 1087 752 1157 ipsam
792 1102 856 1141 ne
886 1085 1281 1155 susciperetur,
1340 1088 1635 1142 excluserit
1690 1088 1996 1143 communis
2047 1087 2150 1142 ho-

582 1180 783 1232 minum
847 1179 1095 1232 voluntas
1124 1196 1139 1232 :
1178 1186 1360 1233 tamen
1413 1194 1515 1233 nos
1546 1178 1903 1235 nihilominus
1933 1194 2147 1234 omnem

540 1256 545 1318 ξ
581 1268 655 1320 illi
681 1283 906 1337 prorsus
938 1268 1273 1323 iunctionem
1300 1278 1355 1323 et
1380 1285 1536 1324 usum
1566 1271 1788 1327 decreto
1831 1270 2147 1326 adimimus.

578 1361 645 1409 At
664 1359 792 1424 quid
818 1359 991 1413 dicit?
1017 1357 1267 1423 Etiamsi,
1302 1359 1495 1428 inquit,
1522 1369 1697 1430 pater,
1727 1376 1850 1417 cum
1878 1363 1930 1415 in
1958 1362 2149 1416 matri-

538 1449 822 1503 .monium
884 1447 1179 1501 collocaret
1222 1448 1429 1510 filium,
1472 1449 1622 1502 illum
1683 1459 1803 1519 post
1859 1452 2148 1505 decessum

580 1554 741 1591 suum
771 1553 836 1591 ex
873 1553 1029 1611 aequa
1075 1547 1231 1608 parte
1275 1554 1399 1593 cum
1441 1540 1566 1594 aliis
1602 1540 1862 1594 fratribus
1896 1549 2151 1609 paterno-

2254 454 2525 526 (βούλεται
2579 456 2678 525 μὲν
2721 457 2943 510 ἐναντία
2985 456 3085 524 τῆς
3124 454 3362 524 φυσικῆς
3422 455 3579 525 παρά
3616 456 3831 523 γονέων

2250 546 2460 608 τέκνοις
2503 544 2857 616 ὀφειλομένης
2914 546 3231 614 ἰσονομίας,
3290 544 3585 608 ἀδικίαςδὲ
3650 546 3830 618 θύραν

2250 636 2456 704 ἀνοίγει
2481 638 2501 668 ⁸
2553 637 2693 689 κατά
2744 635 2840 688 τοῦ
2899 635 3090 697 παιδὸς
3116 634 3195 704 τῷ
3236 637 3425 705 πατρὶ.
3456 636 3519 688 οὐ
3572 635 3734 705 μόνον
3765 636 3829 689 δὲ

2250 729 2385 783 ἀλλά
2432 728 2527 782 καὶ
2574 728 2667 781 τὸν
2723 727 2917 797 ἐκείνῳ
2956 727 3269 796 ὑπαχθέντα
3324 727 3611 795 πεισθῆναι
3658 727 3831 795 γονέα

2250 820 2477 890 ψεύδους
2503 820 2597 873 καὶ
2626 818 2844 888 ἀπάτης
2876 821 3034 890 ὲνοχῇ
3093 818 3432 890 περιϐάλλει)
3462 835 3476 849 ⁸
3514 819 3655 872 ἀλλὰ
3714 819 3828 891 γάρ

2250 914 2375 966 ἐπεὶ
2404 911 2645 966 τοιοῦτόν
2698 928 2820 965 τινα
2877 912 3311 981 κατενοήσαμεν,
3368 912 3418 964 εί
3444 912 3538 963 καὶ
3562 911 3669 980 πρὸ
3724 909 3824 963 τοῦ

2250 1005 2520 1077 ἡμετέρου
2546 1004 2915 1072 θεσπίσματος
2949 1004 3274 1058 ἀπέκλεισεν
3314 1005 3334 1035 ⁷
3385 1004 3535 1073 αὐτῷ
3587 1006 3688 1074 τὴν
3720 1021 3825 1057 πα-

2253 1097 2484 1168 ραδοχὴν
2546 1097 2640 1149 καὶ
2676 1096 2816 1165 αὑτὴ
2864 1095 2974 1149 τῶν
3032 1096 3337 1164 ἀνθρώπιον
3383 1097 3416 1166 ή
3468 1096 3821 1166 προαίρεσις,

2250 1190 2397 1259 ὅμως
2428 1188 2523 1241 καὶ
2543 1190 2705 1258 ήμεῖς
2721 1188 2950 1256 δόγματι
2972 1189 3053 1246 είς
3080 1186 3319 1254 παντελῆ
3354 1186 3519 1239 αὐτὸν
3541 1185 3823 1255 ἀπραξίαν

2252 1281 2642 1351 περιιστῶμεν.
2677 1279 2742 1332 Τί
2774 1280 2883 1349 γάρ
2914 1294 3084 1347 φησι;
3122 1277 3242 1333 Κᾶν
3270 1278 3609 1348 συμφωνήσῃ
3640 1277 3825 1345 πατὴρ

2252 1370 2489 1433 ἐκδιδοὺς
2509 1370 2645 1441 πρὸς
2673 1370 2848 1439 γάμον
2875 1370 3064 1433 παῖδα,
3093 1368 3235 1421 ὥστε
3288 1369 3434 1439 μετὰ
3462 1369 3561 1439 τὴν
3620 1367 3823 1422 ἑαυτοῦ

2252 1464 2312 1527 ἐξ
2365 1462 2668 1533 ἀνθρώπων
2721 1459 3070 1531 ἀναχώρησιν
3117 1459 3392 1530 ἰσομοιρίᾳ
3419 1459 3559 1528 μετά
3590 1460 3701 1511 τῶν
3732 1458 3825 1512 ἀλ·

2251 1554 2358 1606 λων
2380 1550 2625 1619 ἀδελφῶν
2671 1550 2770 1620 τὴν
2810 1549 3080 1622 πατρικὴν
3130 1547 3554 1619 διακληροῦσθαι
3594 1565 3823 1619 περιου-

580 1645 701 1683 rum
740 1630 1006 1682 honorum
1068 1630 1335 1686 heredem
1374 1629 1491 1686 fore
1546 1642 1703 1699 pacto
1731 1633 2063 1699 promiserit,
2091 1632 2146 1685 in

2252 1646 2394 1711 σίαν,
2430 1644 2618 1711 κύριός
2650 1644 2767 1697 ἐστι
2808 1642 3094 1713 βουληθείς
3120 1642 3208 1710 [to
3244 1641 3488 1695 τοιοῦτον
3526 1640 3823 1709 σύμφωνον

582 1728 850 1788 potestate
912 1730 1092 1773 tamen
1150 1720 1322 1785 illius,
1388 1720 1432 1775 si
1487 1694 1639 1785 velit,
1692 1724 1815 1785 erit,
1847 1730 2142 1791 utpactum

2739 1694 2859 1796 τοίς
2890 1694 2997 1801 μὲν
3032 1694 3214 1794 ἀλλοις
3246 1694 3356 1783 τών
3395 1694 3613 1782 παίδων
3633 1694 3823 1796 νεῖμαι

578 1811 846 1881 ejusmodi
904 1812 1160 1882 negligat,
1215 1812 1445 1882 aliisque
1486 1812 1673 1868 liberis
1709 1814 1941 1881 amplius
1985 1813 2146 1866 attri-

579 1903 730 1967 buat,
779 1903 937 1957 etilli
991 1903 1080 1958 cui
1132 1917 1344 1973 aequam
1392 1904 1696 1972 portionem
1725 1906 1779 1958 in
1835 1905 2147 1959 haereditate

580 2004 796 2063 pactum
820 1994 1176 2060 concedebat,
1209 1994 1474 2049 minorem
1506 1995 1772 2065 assignet.
1824 1994 1937 2050 Huc
1961 1996 2147 2063 itaque

579 2100 891 2155 quanquam
922 2085 1124 2156 alioqui
1163 2084 1458 2156 (quomodo
1489 2085 1750 2153 diximus)
1785 2086 1838 2140 in
1867 2086 2140 2155 republica

579 2174 782 2228 nullum
822 2175 1000 2230 locum
1056 2174 1274 2238 habeat,
1318 2184 1507 2227 nostro
1546 2173 1709 2227 etiam
1743 2173 1960 2227 decreto
1997 2172 2146 2224 velut

578 2265 633 2321 in
663 2265 886 2320 exilium
914 2266 1204 2335 deiectum,
1265 2264 1521 2319 omnibus
1555 2263 1735 2319 modis
1759 2264 1812 2318 in
1840 2262 2145 2333 rempubli-

576 2371 696 2411 cam
730 2357 983 2428 ingressu
1017 2357 1395 2426 prohibemus.

648 2447 951 2503 Statuimus
1002 2462 1154 2513 vero,
1188 2458 1248 2502 ut
1278 2438 1564 2517 parentum
1602 2448 1713 2518 (29)
1741 2463 1900 2503 nemo
1925 2448 2050 2517 jura
2084 2448 2145 2502 ﬁ-

578 2541 798 2604 liorum,
824 2540 1024 2616 quibus
1045 2554 1169 2594 cum
1221 2541 1447 2611 reliquis
1472 2542 1662 2596 liberis
1681 2542 1944 2611 aequalem
1973 2542 2145 2596 haere-

577 2630 765 2686 ditatis
803 2631 1106 2701 portionem
1151 2639 1426 2687 servatum
1460 2633 1527 2685 iri
1560 2632 1613 2687 in
1642 2633 1979 2701 nuptialibus
2013 2648 2146 2688 con-

578 2722 845 2777 tractibus
875 2722 1290 2792 spoponderint,
1321 2724 1586 2780 innovare
1615 2732 1809 2779 tentet.
1841 2723 1913 2778 At
1934 2723 1983 2779 si
2020 2724 2145 2794 quis

578 2809 860 2878 pactiones
890 2824 1017 2865 suas
1049 2811 1352 2879 aspernari,
1384 2820 1437 2866 et
1464 2812 1633 2877 illius,
1660 2812 1750 2868 cui
1780 2811 2143 2877 tantumdem,

578 2906 842 2984 quantum
880 2900 970 2953 alii
1004 2900 1199 2955 fratres
1215 2901 1450 2957 habituri
1477 2911 1626 2967 sunt,
1658 2905 1992 2974 promiserit,
2022 2920 2146 2973 por-

2244 1827 2305 1880 τδ
2334 1827 2517 1889 πλέον,
2546 1825 2739 1896 έκείνῳ
2774 1825 2833 1878 δὲ
2857 1818 2901 1890 ᾧ
2918 1824 2979 1877 τὸ
3002 1824 3117 1876 ίσον
3137 1820 3473 1892 κληροῦσθαι
3499 1820 3676 1874 έδίδου
3705 1820 3728 1852 ⁸
3764 1822 3826 1873 τὺ

2247 1918 2538 1988 σύμφωνον
2557 1917 2765 1989 ὲλάττω
2801 1917 3028 1985 ποιῆσαι
3072 1916 3171 1983 τὴν
3203 1915 3419 1982 μοῖραν.
3459 1911 3681 1965 Τούτων
3724 1911 3825 1981 μὲν

2245 2011 2338 2065 οὖν
2370 2010 2559 2081 ὥσπερ
2585 2009 2795 2078 ἔφημεν
2817 2006 2913 2061 καὶ
2944 2006 3120 2067 ἄλλως
3139 2005 3200 2057 οὐ
3241 2003 3699 2071 πολιτευομένων,
3724 2001 3825 2055 καὶ

2246 2101 2499 2172 ἡμετέρῳ
2564 2097 3044 2168 ἑξοστρακίζοντες
3096 2098 3117 2129 ⁹
3171 2095 3401 2164 δόγματι
3462 2093 3825 2148 παντάπασιν

2246 2192 2393 2264 αὐτῷ
2412 2192 2512 2263 τὴν
2537 2192 2617 2253 εἰς
2646 2190 2746 2261 τὴν
2764 2187 3037 2242 πολιτείαν
3062 2186 3343 2256 κωλύομεν
3383 2184 3639 2256 πάροδον.

2317 2462 2659 2534 Θεσπίζομεν
2680 2463 2726 2495 ¹⁶
2750 2461 2809 2516 δὲ
2834 2458 3039 2533 μηδένα
3099 2459 3208 2512 τῶν
3252 2457 3458 2526 γονέων
3517 2455 3826 2525 ἐπιχειρεῖν

2244 2558 2313 2610 τά
2338 2556 2521 2610 δίκαια
2552 2554 2663 2608 τῶν
2698 2553 2907 2608 παίδων
2942 2551 3310 2618 καινοτομεῖν,
3351 2549 3494 2609 ὅσοις
3530 2546 3599 2599 ἂν
3623 2548 3683 2597 ὲν
3703 2544 3826 2608 τοῖς

2246 2647 2538 2716 γαμηλίοις
2595 2645 3057 2715 καθωμολόγησαν
3086 2643 3129 2674 ¹¹
3196 2638 3543 2705 συμϐολαίοις
3589 2638 3650 2690 τὸ
3706 2637 3825 2690 iam

2244 2735 2638 2807 διατηρηθῆναι
2703 2735 2798 2788 τοῦ
2832 2734 3038 2804 κλήρου
3098 2732 3236 2801 πρὸς
3263 2729 3391 2794 τοὺς
3439 2728 3663 2791 λοιποὺς
3710 2727 3825 2781 τῶν

2246 2826 2489 2879 παίδων·
2552 2824 2628 2887 ὡς
2690 2824 2745 2876 et
2800 2838 2884 2885 τις
2921 2821 3109 2889 ὀφθείη
3168 2819 3276 2871 τῶν
3338 2816 3481 2869 ίδίων
3533 2814 3826 2884 συνθηκῶν

2248 2916 2545 2985 ἀλογήσας,
2576 2914 2670 2968 καὶ
2694 2912 3005 2983 παρασπῶν
3034 2910 3174 2982 πρὸς
3228 2909 3289 2961 τὸ
3334 2908 3555 2960 ἔλαττον
3603 2905 3823 2959 ἐκείνου

577 2992 715 3051 tioni
767 2992 1053 3050 detrahere
1105 3001 1420 3065 compertus
1453 2994 1636 3059 fuerit,
1694 2995 1836 3053 sciat
1865 2997 1934 3062 is,
1970 2996 2145 3067 poeni-

2249 3007 2346 3078 τὴν
2374 3007 2586 3085 μερίδα,
2604 3002 3123 3075 ᾦκαθωμολόγησεν
3151 3003 3232 3065 είς
3254 3001 3314 3054 τδ
3355 3001 3469 3054 [sev
3498 3000 3615 3062 τοῖς
3635 2998 3825 3060 ἄλλοις

562 3082 749 3137 'tentia
772 3090 1035 3137 mutatam
1062 3084 1396 3141 voluntatem
1430 3087 1729 3141 invalidam
1760 3096 1924 3157 atque
1949 3103 2144 3141 vanam

563 3162 902 3249 fhsbendam.
928 3174 1006 3230 Ex
1058 3191 1215 3246 aequo
1267 3177 1412 3233 enim
1443 3193 1565 3232 eum
1596 3179 1719 3234 aliis
1764 3178 2029 3234 fratribus
2060 3194 2148 3234 se-

563 3260 816 3329 fcundum
865 3265 1059 3320 initum
1112 3276 1329 3336 pactum
1370 3268 1515 3324 filius
1558 3269 1613 3324 in
1674 3269 1816 3325 bona
1868 3270 2145 3326 succedet.

576 3355 764 3429 Neque
827 3372 959 3414 vero
1022 3361 1361 3416 mendacium
1439 3362 1653 3417 veritati
1726 3362 1971 3432 praferri
2038 3365 2146 3418 ulla

578 3449 717 3505 ratio
755 3450 983 3519 patitur,
1042 3465 1145 3508 nec
1192 3465 1409 3521 tequum
1457 3462 1561 3517 est,
1620 3468 1797 3524 neque
1836 3455 2148 3510 rationabili

576 3542 799 3597 animali
819 3542 1073 3597 convenit
1106 3552 1263 3613 pacta
1294 3545 1499 3615 (50-51)
1531 3558 1798 3602 conventa
1830 3562 1926 3617 per
1944 3546 2147 3617 impro-

561 3630 851 3687 ibationem
883 3631 1199 3687 adulterari.
1236 3634 1398 3703 Atqui
1420 3636 1462 3689 si
1482 3636 1616 3705 quid
1646 3636 1816 3701 aliud,
1859 3638 1963 3693 hoc
2000 3645 2150 3693 certe

575 3723 851 3779 hominem
889 3724 1040 3779 decet
1066 3726 1203 3794 (δὲ),
1237 3734 1296 3781 ιιι
1324 3728 1506 3783 verbis
1543 3730 1659 3785 suis
1685 3730 1843 3784 fidem
1882 3738 2100 3799 praestet
2127 3770 2142 3792 ,

576 3811 680 3865 nisi
712 3811 1015 3868 mendaciis
1075 3816 1357 3870 veritatem
1406 3820 1814 3887 corrumpendo
1848 3820 2148 3875 destitutus

574 3900 807 3963 ratione.
858 3916 1048 3957 eorum
1106 3905 1250 3969 albo,
1302 3921 1423 3975 quae
1490 3909 1705 3963 ratione
1741 3912 1966 3980 praedita
2018 3920 2149 3966 sunt

580 3990 835 4047 excidere
887 3993 1034 4048 velit.
1098 3993 1355 4060 Quinimo
1415 4012 1515 4052 nec
1563 3999 1693 4054 illud
1719 4011 2147 4058 consentaneum

584 4091 689 4147 est,
726 4090 783 4135 ut
815 4092 1067 4151 parentes
1117 4086 1186 4141 iis
1208 4087 1301 4157 qui
1326 4090 1532 4156 pariter
1581 4105 1648 4145 ex
1681 4092 1817 4159 ipsis
1857 4095 1967 4148 nati
1999 4104 2147 4162 sunt,

577 4187 688 4228 non
752 4188 938 4244 parem
998 4192 1187 4233 curam
1244 4181 1578 4251 exhibeant,
1631 4198 1811 4253 neque
1866 4188 2147 4255 aequabili-

579 4273 660 4321 ter
698 4266 945 4336 ipsorum
1004 4269 1128 4325 vitae
1184 4271 1522 4341 prospiciam
1560 4292 1576 4329 :
1612 4274 1709 4329 sed
1758 4276 1895 4332 alios
1928 4278 2145 4347 quidem

2247 3099 2339 3152 τὸν
2361 3097 2587 3166 ἀδελφὺν
2615 3099 2660 3130 ⁸³
2690 3098 2855 3162 ἕξειν,
2899 3097 3053 3159 ἴστω,
3094 3093 3170 3156 ὡς
3208 3092 3411 3161 ἄκυρος
3470 3089 3619 3160 αὐτῷ
3654 3091 3699 3122 ¹⁸
3727 3090 3826 3143 καὶ

2252 3190 2453 3260 ματαία
2482 3191 2516 3257 ἡ
2542 3188 2988 3258 ὲκίμεταμελείας
3008 3184 3260 3255 βούλησις
3283 3199 3300 3213 °
3324 3184 3381 3235 έν
3401 3180 3619 3251 ίσῳγὰρ
3642 3182 3673 3233 δ
3690 3183 3824 3241 παῖς

2247 3285 2361 3346 τοῖς
2393 3282 2572 3344 ἄλλοις
2588 3281 2837 3349 ἀδελφοῖς
2858 3279 2999 3331 κατὰ
3025 3278 3085 3329 τὸ
3108 3274 3378 3345 προλαδδν
3398 3271 3694 3346 σύμφωνον
3718 3270 3825 3339 τὴν

2250 3373 2568 3444 περιουσίαν
2586 3370 2777 3441 διακλη
2787 3368 3038 3439 ρὼσεται.
3053 3368 3128 3421 Οὐ
3145 3366 3252 3436 γὰρ
3274 3365 3336 3435 δὴ
3360 3364 3405 3397 ⁸⁵
3424 3363 3825 3433 προτιμότερον

2248 3463 2349 3531 τῆς
2393 3461 2654 3532 ἀληθείας
2698 3459 2973 3512 ποιεῖσθαι
3030 3456 3251 3525 εὔλογον
3318 3452 3379 3506 τὸ
3436 3451 3634 3521 ψεῦδος
3660 3490 3677 3516 ,
3709 3448 3823 3502 οὐδ’

2249 3556 2471 3625 ἔννομον
2520 3553 2633 3606 οὐδ’
2678 3551 2920 3621 ἁρμόζον
2957 3546 3166 3617 λογικῷ
3224 3546 3347 3612 ζώῳ
3400 3543 3498 3607 τὰς
3530 3543 3669 3606 ἰδίας
3711 3541 3824 3593 τῶν

2249 3647 2423 3715 λόγων
2446 3644 2735 3715 ὁμολογίας
2775 3642 2843 3695 δι’
2881 3641 3195 3711 ἀθετήσεως
3253 3634 3594 3705 κιδδηλεύειν
3628 3650 3641 3662 ·
3702 3632 3826 3686 ἀλλ’

2251 3738 2409 3807 εἴπερ
2430 3753 2483 3788 τι
2514 3734 2642 3789 ἀλλο
2666 3733 2825 3786 τοῦτο
2861 3732 3072 3803 πρέπον
3100 3726 3377 3799 ἀνθρώπῳ
3404 3726 3695 3795 φυλάττειν
3725 3724 3821 3776 λό-

2250 3844 2348 3895 γου
2388 3827 2667 3896 ἀλήθειαν,
2701 3826 2754 3877 εί
2772 3840 2834 3893 γε
2854 3824 2929 3893 μὴ
2970 3822 3153 3893 μέλλοι
3196 3822 3254 3873 ὲν
3296 3819 3373 3890 τῷ
3399 3818 3742 3887 διαφθείρειν
3776 3817 3824 3849 ’⁸

2248 3918 2433 3988 ψεύδει
2462 3917 2522 3969 τὸ
2582 3915 2781 3985 ἀληθὲς
2845 3913 3053 3984 ἔρημος
3115 3911 3273 3979 λόγου
3314 3910 3599 3978 γινόμενος
3639 3907 3747 3960 ἀπὸ
3777 3905 3823 3936 ¹⁶

2248 4010 2472 4077 λογικῆς
2509 4009 2762 4061 ἐκπεσεῖν
2777 4004 3005 4069 τάξεως.
3048 4002 3121 4055 Οὐ
3182 4002 3289 4073 μὴν
3322 3998 3435 4054 οὐδ’
3468 3999 3646 4051 έκεῖνο
3672 3996 3821 4059 εἰκὸς

2248 4102 2311 4156 τὸ
2348 4102 2477 4171 περὶ
2519 4100 2644 4163 τοὺς
2700 4100 2830 4161 ἴσως
2881 4095 3152 4166 ἑκφύντας
3207 4094 3281 4165 μὴ
3309 4093 3434 4162 ίσην
3471 4092 3601 4153 τοὺς
3622 4088 3819 4157 γονέας

2248 4192 2557 4248 δείκνυσθαι
2596 4193 2639 4226 ¹⁷
2675 4192 2931 4261 πρόνοιαν
2972 4188 3107 4259 μηδὲ
3134 4188 3262 4256 περὶ
3299 4187 3397 4254 τῆς
3420 4183 3646 4237 ἐκείνων
3674 4182 3819 4250 ζωῆς

2249 4285 2448 4354 ὁμοίως
2473 4281 2797 4353 φροντίζειν,
2850 4281 2985 4334 ἀλλά
3018 4280 3145 4342 τοὺς
3187 4278 3285 4346 μὲν
3339 4275 3545 4328 ἐθέλειν
3576 4272 3820 4343 εὐπορώο

577 4358 861 4414 uberiores
883 4358 1172 4418 facultates
1203 4364 1425 4431 habere,
1448 4365 1572 4421 aliis
1594 4382 1726 4421 vero
1742 4367 1875 4421 nihil
1892 4384 2138 4439 parcere,

2248 4395 2402 4449 τερον
2428 4377 2569 4445 ἔχειν
2612 4374 2747 4445 βίον,
2773 4374 2880 4426 τῶν
2901 4373 2956 4425 δὲ
2984 4372 3058 4442 μὴ
3094 4368 3380 4440 φείδεσθαι
3404 4365 3446 4399 ¹⁸
3479 4365 3819 4437 μηδόίκτεί-

575 4465 752 4521 neque
785 4451 1001 4508 illorum
1056 4456 1323 4521 misereri,
1365 4459 1580 4514 tametsi
1615 4461 1808 4529 inopes
1836 4462 1891 4515 in
1924 4463 2146 4518 miseria

575 4545 773 4598 victuri
805 4548 937 4612 sint,
968 4548 1160 4602 velint.
1204 4548 1473 4604 Caeterum
1498 4565 1713 4621 aaqumn
1753 4564 1838 4608 est
1862 4562 1921 4608 ut
1949 4570 2147 4624 quem-

574 4635 868 4692 admodum
915 4639 1177 4694 omnibus
1233 4641 1423 4695 liberis
1451 4656 1514 4695 ex
1549 4659 1709 4712 aequo
1742 4646 1911 4699 vitam
1946 4648 2148 4717 imper-

575 4724 661 4781 titi
683 4736 833 4794 sunt,
875 4729 950 4782 ita
980 4729 1143 4783 etiam
1170 4730 1237 4781 ad
1280 4730 1418 4786 hanc
1476 4731 1763 4790 facultates
1821 4735 2145 4806 impertian-

2246 4485 2379 4539 ρειν,
2413 4470 2461 4520 εί
2499 4466 2849 4537 ἀπορώτερον
2910 4463 3251 4531 διακείμενοι
3316 4458 3565 4530 μέλλοιεν
3621 4458 3683 4509 ὲν
3734 4474 3820 4509 τα·

2242 4558 2518 4629 λαιπωρίᾳ
2546 4558 2588 4589 ⁸⁵
2638 4555 2875 4626 βιώσειν.
2945 4553 3111 4607 Ἀλλά
3154 4550 3388 4616 δίκαιον,
3447 4547 3641 4618 ὥσπερ
3686 4547 3819 4599 πᾶσι

2242 4652 2356 4713 τοῖς
2386 4648 2574 4703 παισὶν
2604 4647 2804 4716 ἐπίσης
2826 4647 2872 4678 ὀ
2895 4644 3190 4714 μετέδοσαν
3234 4641 3373 4711 βίου,
3410 4638 3558 4691 οὓτω
3597 4639 3697 4690 καὶ
3724 4636 3820 4705 τῆς

2248 4741 2385 4812 πρὸς
2421 4740 2515 4793 τὸν
2576 4738 2689 4808 βίον
2716 4738 2760 4770 ¹¹
2819 4734 3082 4804 εὐπορίας
3152 4731 3534 4802 μεταδιδόναι,
3595 4728 3694 4781 καὶ
3752 4725 3821 4797 μὴ

1880 4869 2113 4927 VARUE
2149 4872 2555 4931 LECTIONES.

681 4988 703 5057 ξ
735 4987 896 5042 codd.
931 4989 1135 5056 ἐνάγει.
1202 4989 1223 5020 ’
1255 4989 1411 5047 codd.
1447 4990 1754 5057 ἀπέλεισεν,
1802 4994 1997 5050 melius
2052 4994 2193 5053 forte
2235 4997 2555 5051 ἀπένευσαν.
2639 4995 2661 5027 ⁸
2694 4993 2887 5048 Zuich.
2914 5000 2970 5047 et
3000 4989 3220 5044 Meerm.
3248 4986 3480 5041 ὲκδίδου.
3568 4982 3818 5057 fAZuich.

570 5064 630 5113 et
655 5056 876 5113 Meertn.
934 5058 1316 5128 ὲξοστρακίξον
1372 5060 1450 5128 τῷ
1481 5061 1575 5128 δόγ

1582 5053 1750 5136 part!
1810 5064 1853 5136 ’ξ
1886 5063 2023 5119 Hinc
2061 5067 2251 5136 incipit
2307 5070 2522 5136 Ecloga.
2577 5066 2659 5136 h‘_‘
2690 5064 3002 5136 Zuich.__et
3051 5058 3274 5136 Meerm.
3319 5053 3818 5136 -xa0wpo}6‘mcsv.

575 5128 620 5202 '3
644 5128 950 5197 Stephanus
975 5114 1123 5202 'cprr'.
1153 5114 1258 5202 τῶν
1290 5114 1594 5202 segregem?
1643 5132 1687 5162 ιε
1714 5114 2521 5191 Bas;IIEEoslmi'VEéifsé‘iT'
2549 5134 2593 5166 η
2621 5114 2819 5201 ecloga
2832 5114 3029 5202 μέλλει
3064 5145 3148 5190 τις
3177 5125 3473 5202 ξιαεοέρεξν,
3498 5114 3819 5202 ’διιείηῖεεεηο

574 5198 719 5273 ιΙιιιιιΔ
745 5208 970 5252 censent
998 5197 1329 5273 διαφεύγειν.
1399 5201 1442 5231 ³⁸
1472 5200 1673 5273 Ecloga
1693 5216 1802 5256 om.
1825 5202 1929 5255 ἀπὸ
1966 5212 2019 5258 et
2047 5205 2195 5260 addit
2222 5206 2341 5273 τῆς.

1835 5274 2201 5345 φειδομένους.
2278 5263 2330 5307 τ’
2377 5274 2571 5345 Ecloga
2620 5270 2996 5341 ταλαιπώρως.
3083 5267 3130 5300 ’⁸
3179 5267 3379 5336 Ecloga
3436 5280 3549 5319 om.
3606 5263 3817 5331 ἐπίσης.

574 5266 907 5337 φειδόμενος,
962 5269 1167 5337 rectius
1230 5267 1370 5323 forte
1428 5266 1773 5325 scribendum

577 5338 619 5370 "
653 5335 811 5393 Deest
858 5337 914 5392 in
949 5336 1133 5403 editis,
1153 5338 1247 5392 sed
1287 5340 1340 5393 in
1358 5340 1555 5410 Ecloga
1583 5335 1873 5412 reperitur.

2421 5207 2461 5237 "’
2505 5203 2618 5257 Ecl.
2671 5192 3095 5256 ὲπῶείίινυσθαι.
3174 5198 3217 5229 ¹⁸
3267 5192 3456 5250 Ζυὶοίι.
3505 5206 3559 5249 et
3598 5192 3816 5247 Mecrtn.

2076 5463 2307 5523 NOTAE.

649 5568 907 5644 (ξω-ωε]
940 5570 1005 5644 ad
1045 5571 1083 5644 1.
1112 5573 1199 5644 f5.
1226 5572 1285 5644 ι).
1305 5574 1374 5630 de
1397 5576 1599 5644 pactis.

645 5640 854 5714 (30-31)
879 5641 942 5697 υ.
974 5642 1029 5708 ·ι,
1062 5641 1107 5713 §.
1142 5643 1279 5711 7,11;
1310 5644 1376 5700 de
1398 5640 1603 5718 'pacus.

2285 5577 2437 5708 vf"?
2468 5577 2564 5638 Est
2602 5579 2745 5639 enim
2779 5591 2943 5652 grave
2997 5574 3155 5632 ﬁdem
3185 5572 3394 5630 fallere.
3427 5570 3467 5631 l.
3502 5570 3555 5638 ί,
3584 5569 3651 5630 dc
3688 5581 3819 5629 cen-

2308 5666 2320 5704 ι
2354 5665 2382 5703 u
2414 5664 2465 5708 ει.

2254 5664 2465 5709 ειιιιιιει.
