  <div class='ocr_page' id='page_1' title='image "/cluster/home/n/w/nwhite01/storage/ocr_20150623/107/hvd.32044073502338/275.png"; bbox 0 0 4062 6202; ppageno 0'>
   <div class='ocr_carea' id='block_1_1' title="bbox 508 292 610 357">
    <p class='ocr_par' dir='ltr' id='par_1_1' title="bbox 508 292 610 357">
     <span class='ocr_line' id='line_1_1' title="bbox 508 292 610 357; baseline -0.02 0"><span class='ocrx_word' id='word_1_1' title='bbox 508 292 610 357; x_wconf 73' lang='grc' dir='ltr'><strong>46Ἶ</strong></span> 
     </span>
    </p>
   </div>
   <div class='ocr_carea' id='block_1_2' title="bbox 1602 291 2471 355">
    <p class='ocr_par' dir='ltr' id='par_1_2' title="bbox 1602 291 2471 355">
     <span class='ocr_line' id='line_1_2' title="bbox 1602 291 2471 355; baseline 0.003 -5"><span class='ocrx_word' id='word_1_2' title='bbox 1602 308 1603 311; x_wconf 78' lang='lat'>‘</span> <span class='ocrx_word' id='word_1_3' title='bbox 1702 291 1977 351; x_wconf 85' lang='lat' dir='ltr'><strong>LEONIS</strong></span> <span class='ocrx_word' id='word_1_4' title='bbox 2013 293 2471 355; x_wconf 81' lang='lat' dir='ltr'><strong>PHILOSOPHI</strong></span> 
     </span>
    </p>
   </div>
   <div class='ocr_carea' id='block_1_3' title="bbox 2911 246 3086 266">
    <p class='ocr_par' dir='ltr' id='par_1_3' title="bbox 2911 246 3086 266">
     <span class='ocr_line' id='line_1_3' title="bbox 2911 246 3086 266; baseline -0.006 -6"><span class='ocrx_word' id='word_1_5' title='bbox 2911 246 3086 266; x_wconf 60' lang='lat' dir='ltr'><strong>W-‘</strong></span> 
     </span>
    </p>
   </div>
   <div class='ocr_carea' id='block_1_4' title="bbox 3658 294 3758 361">
    <p class='ocr_par' dir='ltr' id='par_1_4' title="bbox 3658 294 3758 361">
     <span class='ocr_line' id='line_1_4' title="bbox 3658 294 3758 361; baseline -0.01 0"><span class='ocrx_word' id='word_1_6' title='bbox 3658 294 3758 361; x_wconf 72' lang='grc'><strong>468</strong></span> 
     </span>
    </p>
   </div>
   <div class='ocr_carea' id='block_1_5' title="bbox 515 392 2072 482">
    <p class='ocr_par' dir='ltr' id='par_1_5' title="bbox 515 392 2072 467">
     <span class='ocr_line' id='line_1_5' title="bbox 515 392 2072 467; baseline -0.002 -8"><span class='ocrx_word' id='word_1_7' title='bbox 515 392 925 459; x_wconf 85' lang='lat' dir='ltr'><strong>matrimonium</strong></span> <span class='ocrx_word' id='word_1_8' title='bbox 960 400 1158 455; x_wconf 66' lang='lat' dir='ltr'><strong>“morte</strong></span> <span class='ocrx_word' id='word_1_9' title='bbox 1207 399 1531 455; x_wconf 89' lang='lat' dir='ltr'><strong>distractum</strong></span> <span class='ocrx_word' id='word_1_10' title='bbox 1595 399 1779 467; x_wconf 89' lang='lat' dir='ltr'><strong>fuerit,</strong></span> <span class='ocrx_word' id='word_1_11' title='bbox 1845 402 2072 456; x_wconf 73' lang='lat' dir='ltr'><strong>mulieri:</strong></span> 
     </span>
    </p>
   </div>
   <div class='ocr_carea' id='block_1_6' title="bbox 2176 392 3761 482">
    <p class='ocr_par' dir='ltr' id='par_1_6' title="bbox 2191 402 3761 482">
     <span class='ocr_line' id='line_1_6' title="bbox 2191 402 3761 482; baseline 0.003 -25"><span class='ocrx_word' id='word_1_12' title='bbox 2191 404 2269 458; x_wconf 85' lang='grc' dir='ltr'><strong>δει</strong></span> <span class='ocrx_word' id='word_1_13' title='bbox 2302 404 2748 477; x_wconf 77' lang='grc' dir='ltr'><strong>παραμυθοῦνται</strong></span> <span class='ocrx_word' id='word_1_14' title='bbox 2806 406 2867 458; x_wconf 82' lang='grc' dir='ltr'><strong>τδ</strong></span> <span class='ocrx_word' id='word_1_15' title='bbox 2899 406 3081 474; x_wconf 84' lang='grc' dir='ltr'><strong>ἄλγος,</strong></span> <span class='ocrx_word' id='word_1_16' title='bbox 3113 405 3190 476; x_wconf 82' lang='grc' dir='ltr'><strong>τῷ</strong></span> <span class='ocrx_word' id='word_1_17' title='bbox 3212 402 3267 459; x_wconf 83' lang='grc' dir='ltr'><strong>δὲ</strong></span> <span class='ocrx_word' id='word_1_18' title='bbox 3296 406 3388 460; x_wconf 72' lang='grc' dir='ltr'><strong>ἐπὶ</strong></span> <span class='ocrx_word' id='word_1_19' title='bbox 3413 408 3480 477; x_wconf 75' lang='grc' dir='ltr'><strong>τῇ</strong></span> <span class='ocrx_word' id='word_1_20' title='bbox 3518 408 3761 482; x_wconf 81' lang='grc' dir='ltr'><strong>ἀποϐολῇ</strong></span> 
     </span>
    </p>
   </div>
   <div class='ocr_carea' id='block_1_7' title="bbox 514 492 2081 561">
    <p class='ocr_par' dir='ltr' id='par_1_7' title="bbox 514 492 2081 561">
     <span class='ocr_line' id='line_1_7' title="bbox 514 492 2081 561; baseline -0.001 -13"><span class='ocrx_word' id='word_1_21' title='bbox 514 496 832 551; x_wconf 78' lang='lat' dir='ltr'><strong>maestitiam</strong></span> <span class='ocrx_word' id='word_1_22' title='bbox 887 495 1041 547; x_wconf 89' lang='lat' dir='ltr'><strong>lucro</strong></span> <span class='ocrx_word' id='word_1_23' title='bbox 1114 492 1473 548; x_wconf 89' lang='lat' dir='ltr'><strong>consolantur</strong></span> <span class='ocrx_word' id='word_1_24' title='bbox 1518 510 1532 546; x_wconf 92' lang='lat'><strong>:</strong></span> <span class='ocrx_word' id='word_1_25' title='bbox 1579 492 1679 545; x_wconf 83' lang='lat' dir='ltr'><strong>viri</strong></span> <span class='ocrx_word' id='word_1_26' title='bbox 1745 507 1872 546; x_wconf 89' lang='lat' dir='ltr'><strong>vero</strong></span> <span class='ocrx_word' id='word_1_27' title='bbox 1916 508 2081 561; x_wconf 87' lang='lat' dir='ltr'><strong>supra</strong></span> 
     </span>
    </p>
   </div>
   <div class='ocr_carea' id='block_1_8' title="bbox 510 582 2084 652">
    <p class='ocr_par' dir='ltr' id='par_1_8' title="bbox 510 582 2084 652">
     <span class='ocr_line' id='line_1_8' title="bbox 510 582 2084 652; baseline -0.002 -14"><span class='ocrx_word' id='word_1_28' title='bbox 510 587 862 640; x_wconf 82' lang='lat' dir='ltr'><strong>amissionem</strong></span> <span class='ocrx_word' id='word_1_29' title='bbox 892 583 1101 647; x_wconf 80' lang='lat' dir='ltr'><strong>uxoris,</strong></span> <span class='ocrx_word' id='word_1_30' title='bbox 1132 582 1418 652; x_wconf 89' lang='lat' dir='ltr'><strong>dispendio</strong></span> <span class='ocrx_word' id='word_1_31' title='bbox 1440 597 1621 637; x_wconf 88' lang='lat' dir='ltr'><strong>rerum</strong></span> <span class='ocrx_word' id='word_1_32' title='bbox 1670 583 1846 651; x_wconf 84' lang='lat' dir='ltr'><strong>ipsius</strong></span> <span class='ocrx_word' id='word_1_33' title='bbox 1880 596 2084 636; x_wconf 86' lang='lat' dir='ltr'><strong>moero-</strong></span> 
     </span>
    </p>
   </div>
   <div class='ocr_carea' id='block_1_9' title="bbox 510 673 2078 743">
    <p class='ocr_par' dir='ltr' id='par_1_9' title="bbox 510 673 2078 743">
     <span class='ocr_line' id='line_1_9' title="bbox 510 673 2078 743; baseline -0.001 -13"><span class='ocrx_word' id='word_1_34' title='bbox 510 692 624 732; x_wconf 90' lang='lat' dir='ltr'><strong>rem</strong></span> <span class='ocrx_word' id='word_1_35' title='bbox 659 677 946 743; x_wconf 76' lang='lat' dir='ltr'><strong>adaugent.</strong></span> <span class='ocrx_word' id='word_1_36' title='bbox 996 673 1196 728; x_wconf 80' lang='lat' dir='ltr'><strong>Jubent</strong></span> <span class='ocrx_word' id='word_1_37' title='bbox 1242 673 1411 739; x_wconf 90' lang='lat' dir='ltr'><strong>enim,</strong></span> <span class='ocrx_word' id='word_1_38' title='bbox 1448 674 1523 727; x_wconf 92' lang='lat' dir='ltr'><strong>uti</strong></span> <span class='ocrx_word' id='word_1_39' title='bbox 1560 674 1759 727; x_wconf 87' lang='lat' dir='ltr'><strong>mulier</strong></span> <span class='ocrx_word' id='word_1_40' title='bbox 1795 682 2078 743; x_wconf 90' lang='lat' dir='ltr'><strong>superstes</strong></span> 
     </span>
    </p>
   </div>
   <div class='ocr_carea' id='block_1_10' title="bbox 509 766 2078 835">
    <p class='ocr_par' dir='ltr' id='par_1_10' title="bbox 509 766 2078 835">
     <span class='ocr_line' id='line_1_10' title="bbox 509 766 2078 835; baseline -0.003 -12"><span class='ocrx_word' id='word_1_41' title='bbox 509 784 634 823; x_wconf 89' lang='lat' dir='ltr'><strong>cum</strong></span> <span class='ocrx_word' id='word_1_42' title='bbox 662 783 759 823; x_wconf 86' lang='lat' dir='ltr'><strong>sua</strong></span> <span class='ocrx_word' id='word_1_43' title='bbox 789 768 915 821; x_wconf 90' lang='lat' dir='ltr'><strong>dote</strong></span> <span class='ocrx_word' id='word_1_44' title='bbox 944 767 1255 821; x_wconf 81' lang='lat' dir='ltr'><strong>universam</strong></span> <span class='ocrx_word' id='word_1_45' title='bbox 1309 776 1532 835; x_wconf 83' lang='lat' dir='ltr'><strong>propter</strong></span> <span class='ocrx_word' id='word_1_46' title='bbox 1571 767 1794 834; x_wconf 81' lang='lat' dir='ltr'><strong>nuptias</strong></span> <span class='ocrx_word' id='word_1_47' title='bbox 1822 766 2078 819; x_wconf 87' lang='lat' dir='ltr'><strong>donatio-</strong></span> 
     </span>
    </p>
   </div>
   <div class='ocr_carea' id='block_1_11' title="bbox 509 856 2078 927">
    <p class='ocr_par' dir='ltr' id='par_1_11' title="bbox 509 856 2078 927">
     <span class='ocr_line' id='line_1_11' title="bbox 509 856 2078 927; baseline -0.003 -14"><span class='ocrx_word' id='word_1_48' title='bbox 509 876 632 914; x_wconf 89' lang='lat' dir='ltr'><strong>nem</strong></span> <span class='ocrx_word' id='word_1_49' title='bbox 665 860 893 922; x_wconf 90' lang='lat' dir='ltr'><strong>anferat,</strong></span> <span class='ocrx_word' id='word_1_50' title='bbox 922 868 975 912; x_wconf 93' lang='lat' dir='ltr'><strong>et</strong></span> <span class='ocrx_word' id='word_1_51' title='bbox 1006 858 1071 911; x_wconf 88' lang='lat' dir='ltr'><strong>ad</strong></span> <span class='ocrx_word' id='word_1_52' title='bbox 1100 859 1215 913; x_wconf 68' lang='lat' dir='ltr'><strong>haac</strong></span> <span class='ocrx_word' id='word_1_53' title='bbox 1249 873 1313 913; x_wconf 76' lang='lat' dir='ltr'><strong>ex</strong></span> <span class='ocrx_word' id='word_1_54' title='bbox 1364 857 1573 927; x_wconf 87' lang='lat' dir='ltr'><strong>reliqua</strong></span> <span class='ocrx_word' id='word_1_55' title='bbox 1599 856 1781 909; x_wconf 90' lang='lat' dir='ltr'><strong>mariti</strong></span> <span class='ocrx_word' id='word_1_56' title='bbox 1817 856 2078 909; x_wconf 86' lang='lat' dir='ltr'><strong>substan-</strong></span> 
     </span>
    </p>
   </div>
   <div class='ocr_carea' id='block_1_12' title="bbox 509 947 2074 1022">
    <p class='ocr_par' dir='ltr' id='par_1_12' title="bbox 509 947 2074 1022">
     <span class='ocr_line' id='line_1_12' title="bbox 509 947 2074 1022; baseline -0.004 -16"><span class='ocrx_word' id='word_1_57' title='bbox 509 954 581 1006; x_wconf 91' lang='lat' dir='ltr'><strong>tia</strong></span> <span class='ocrx_word' id='word_1_58' title='bbox 612 961 817 1005; x_wconf 84' lang='lat' dir='ltr'><strong>tantum</strong></span> <span class='ocrx_word' id='word_1_59' title='bbox 851 961 1116 1022; x_wconf 88' lang='lat' dir='ltr'><strong>quantum</strong></span> <span class='ocrx_word' id='word_1_60' title='bbox 1175 950 1321 1005; x_wconf 87' lang='lat' dir='ltr'><strong>dotis</strong></span> <span class='ocrx_word' id='word_1_61' title='bbox 1364 947 1786 1016; x_wconf 88' lang='lat' dir='ltr'><strong>donationisque</strong></span> <span class='ocrx_word' id='word_1_62' title='bbox 1850 955 2074 1015; x_wconf 85' lang='lat' dir='ltr'><strong>propter</strong></span> 
     </span>
    </p>
   </div>
   <div class='ocr_carea' id='block_1_13' title="bbox 511 1039 2077 1112">
    <p class='ocr_par' dir='ltr' id='par_1_13' title="bbox 511 1039 2077 1112">
     <span class='ocr_line' id='line_1_13' title="bbox 511 1039 2077 1112; baseline -0.002 -15"><span class='ocrx_word' id='word_1_63' title='bbox 511 1044 731 1112; x_wconf 86' lang='lat' dir='ltr'><strong>nuptias</strong></span> <span class='ocrx_word' id='word_1_64' title='bbox 762 1044 813 1097; x_wconf 91' lang='lat' dir='ltr'><strong>in</strong></span> <span class='ocrx_word' id='word_1_65' title='bbox 846 1059 1008 1098; x_wconf 90' lang='lat' dir='ltr'><strong>unam</strong></span> <span class='ocrx_word' id='word_1_66' title='bbox 1044 1056 1315 1098; x_wconf 88' lang='lat' dir='ltr'><strong>summam</strong></span> <span class='ocrx_word' id='word_1_67' title='bbox 1357 1047 1767 1095; x_wconf 86' lang='lat' dir='ltr'><strong>contractarum</strong></span> <span class='ocrx_word' id='word_1_68' title='bbox 1800 1039 2077 1108; x_wconf 88' lang='lat' dir='ltr'><strong>quadrans</strong></span> 
     </span>
    </p>
   </div>
   <div class='ocr_carea' id='block_1_14' title="bbox 508 1130 2079 1205">
    <p class='ocr_par' dir='ltr' id='par_1_14' title="bbox 508 1130 2079 1205">
     <span class='ocr_line' id='line_1_14' title="bbox 508 1130 2079 1205; baseline -0.003 -17"><span class='ocrx_word' id='word_1_69' title='bbox 508 1134 750 1199; x_wconf 81' lang='lat' dir='ltr'><strong>conﬁcit,</strong></span> <span class='ocrx_word' id='word_1_70' title='bbox 781 1150 875 1190; x_wconf 90' lang='lat' dir='ltr'><strong>seu</strong></span> <span class='ocrx_word' id='word_1_71' title='bbox 912 1135 1086 1189; x_wconf 81' lang='lat' dir='ltr'><strong>haeres</strong></span> <span class='ocrx_word' id='word_1_72' title='bbox 1114 1131 1482 1205; x_wconf 88' lang='lat' dir='ltr'><strong>eapiat.Quod</strong></span> <span class='ocrx_word' id='word_1_73' title='bbox 1510 1131 1553 1185; x_wconf 92' lang='lat' dir='ltr'><strong>si</strong></span> <span class='ocrx_word' id='word_1_74' title='bbox 1583 1130 1780 1183; x_wconf 80' lang='lat' dir='ltr'><strong>mulier</strong></span> <span class='ocrx_word' id='word_1_75' title='bbox 1810 1141 1936 1185; x_wconf 84' lang='lat' dir='ltr'><strong>ante</strong></span> <span class='ocrx_word' id='word_1_76' title='bbox 1959 1144 2079 1183; x_wconf 89' lang='lat' dir='ltr'><strong>ma-</strong></span> 
     </span>
    </p>
   </div>
   <div class='ocr_carea' id='block_1_15' title="bbox 508 1220 2077 1289">
    <p class='ocr_par' dir='ltr' id='par_1_15' title="bbox 508 1220 2077 1289">
     <span class='ocr_line' id='line_1_15' title="bbox 508 1220 2077 1289; baseline -0.004 -9"><span class='ocrx_word' id='word_1_77' title='bbox 508 1228 674 1281; x_wconf 91' lang='lat' dir='ltr'><strong>ritum</strong></span> <span class='ocrx_word' id='word_1_78' title='bbox 700 1236 928 1282; x_wconf 90' lang='lat' dir='ltr'><strong>mortem</strong></span> <span class='ocrx_word' id='word_1_79' title='bbox 962 1227 1146 1289; x_wconf 88' lang='lat' dir='ltr'><strong>obeat,</strong></span> <span class='ocrx_word' id='word_1_80' title='bbox 1206 1234 1321 1277; x_wconf 91' lang='lat' dir='ltr'><strong>tum</strong></span> <span class='ocrx_word' id='word_1_81' title='bbox 1354 1230 1428 1277; x_wconf 84' lang='lat' dir='ltr'><strong>&#39;ut</strong></span> <span class='ocrx_word' id='word_1_82' title='bbox 1475 1222 1625 1276; x_wconf 91' lang='lat' dir='ltr'><strong>illius</strong></span> <span class='ocrx_word' id='word_1_83' title='bbox 1670 1220 1915 1275; x_wconf 68' lang='lat' dir='ltr'><strong>hscredes</strong></span> <span class='ocrx_word' id='word_1_84' title='bbox 1965 1233 2077 1274; x_wconf 87' lang='lat' dir='ltr'><strong>una</strong></span> 
     </span>
    </p>
   </div>
   <div class='ocr_carea' id='block_1_16' title="bbox 506 1310 2076 1383">
    <p class='ocr_par' dir='ltr' id='par_1_16' title="bbox 506 1310 2076 1383">
     <span class='ocr_line' id='line_1_16' title="bbox 506 1310 2076 1383; baseline -0.006 -14"><span class='ocrx_word' id='word_1_85' title='bbox 506 1332 630 1370; x_wconf 89' lang='lat' dir='ltr'><strong>eum</strong></span> <span class='ocrx_word' id='word_1_86' title='bbox 654 1316 780 1371; x_wconf 90' lang='lat' dir='ltr'><strong>dote</strong></span> <span class='ocrx_word' id='word_1_87' title='bbox 804 1311 1149 1369; x_wconf 77' lang='lat' dir='ltr'><strong>donationem</strong></span> <span class='ocrx_word' id='word_1_88' title='bbox 1179 1315 1423 1383; x_wconf 88' lang='lat' dir='ltr'><strong>’propter</strong></span> <span class='ocrx_word' id='word_1_89' title='bbox 1468 1311 1686 1379; x_wconf 89' lang='lat' dir='ltr'><strong>nuptias</strong></span> <span class='ocrx_word' id='word_1_90' title='bbox 1738 1310 2033 1363; x_wconf 90' lang='lat' dir='ltr'><strong>lucrentur</strong></span> <span class='ocrx_word' id='word_1_91' title='bbox 2056 1323 2076 1360; x_wconf 92' lang='lat'><strong><em>:</em></strong></span> 
     </span>
    </p>
   </div>
   <div class='ocr_carea' id='block_1_17' title="bbox 510 1399 2073 1471">
    <p class='ocr_par' dir='ltr' id='par_1_17' title="bbox 510 1399 2073 1471">
     <span class='ocr_line' id='line_1_17' title="bbox 510 1399 2073 1471; baseline -0.004 -12"><span class='ocrx_word' id='word_1_92' title='bbox 510 1406 738 1461; x_wconf 87' lang='lat' dir='ltr'><strong>maritus</strong></span> <span class='ocrx_word' id='word_1_93' title='bbox 772 1414 951 1459; x_wconf 91' lang='lat' dir='ltr'><strong>autem</strong></span> <span class='ocrx_word' id='word_1_94' title='bbox 977 1404 1109 1457; x_wconf 88' lang='lat' dir='ltr'><strong>nihil</strong></span> <span class='ocrx_word' id='word_1_95' title='bbox 1133 1402 1279 1456; x_wconf 88' lang='lat' dir='ltr'><strong>aliud</strong></span> <span class='ocrx_word' id='word_1_96' title='bbox 1312 1416 1474 1471; x_wconf 87' lang='lat' dir='ltr'><strong>quam</strong></span> <span class='ocrx_word' id='word_1_97' title='bbox 1498 1408 1765 1471; x_wconf 88' lang='lat' dir='ltr'><strong>quantum</strong></span> <span class='ocrx_word' id='word_1_98' title='bbox 1796 1399 1943 1455; x_wconf 87' lang='lat' dir='ltr'><strong>dotis</strong></span> <span class='ocrx_word' id='word_1_99' title='bbox 1972 1399 2073 1453; x_wconf 86' lang='lat' dir='ltr'><strong>do-</strong></span> 
     </span>
    </p>
   </div>
   <div class='ocr_carea' id='block_1_18' title="bbox 508 1488 2073 1572">
    <p class='ocr_par' dir='ltr' id='par_1_18' title="bbox 508 1488 2073 1572">
     <span class='ocr_line' id='line_1_18' title="bbox 508 1488 2073 1572; baseline -0.003 -23"><span class='ocrx_word' id='word_1_100' title='bbox 508 1496 860 1572; x_wconf 74' lang='lat' dir='ltr'><strong>nationisqne</strong></span> <span class='ocrx_word' id='word_1_101' title='bbox 889 1502 1113 1563; x_wconf 88' lang='lat' dir='ltr'><strong>propter</strong></span> <span class='ocrx_word' id='word_1_102' title='bbox 1145 1491 1363 1560; x_wconf 88' lang='lat' dir='ltr'><strong>nuptias</strong></span> <span class='ocrx_word' id='word_1_103' title='bbox 1381 1490 1659 1558; x_wconf 87' lang='lat' dir='ltr'><strong>quadrans</strong></span> <span class='ocrx_word' id='word_1_104' title='bbox 1676 1489 1831 1551; x_wconf 87' lang='lat' dir='ltr'><strong>facit,</strong></span> <span class='ocrx_word' id='word_1_105' title='bbox 1856 1488 2073 1544; x_wconf 86' lang='lat' dir='ltr'><strong>habeat:</strong></span> 
     </span>
    </p>
   </div>
   <div class='ocr_carea' id='block_1_19' title="bbox 508 1579 2072 1655">
    <p class='ocr_par' dir='ltr' id='par_1_19' title="bbox 508 1579 2072 1655">
     <span class='ocr_line' id='line_1_19' title="bbox 508 1579 2072 1655; baseline -0.003 -18"><span class='ocrx_word' id='word_1_106' title='bbox 508 1586 696 1655; x_wconf 77' lang='lat' dir='ltr'><strong>utique</strong></span> <span class='ocrx_word' id='word_1_107' title='bbox 730 1600 817 1638; x_wconf 86' lang='lat' dir='ltr'><strong>res</strong></span> <span class='ocrx_word' id='word_1_108' title='bbox 861 1598 985 1638; x_wconf 88' lang='lat' dir='ltr'><strong>eum</strong></span> <span class='ocrx_word' id='word_1_109' title='bbox 1018 1580 1084 1634; x_wconf 89' lang='lat' dir='ltr'><strong>ad</strong></span> <span class='ocrx_word' id='word_1_110' title='bbox 1119 1582 1337 1634; x_wconf 91' lang='lat' dir='ltr'><strong>modum</strong></span> <span class='ocrx_word' id='word_1_111' title='bbox 1373 1580 1653 1649; x_wconf 87' lang='lat' dir='ltr'><strong>procedat,</strong></span> <span class='ocrx_word' id='word_1_112' title='bbox 1716 1580 1831 1633; x_wconf 85' lang='lat' dir='ltr'><strong>sive</strong></span> <span class='ocrx_word' id='word_1_113' title='bbox 1892 1579 2072 1633; x_wconf 85' lang='lat' dir='ltr'><strong>subsit</strong></span> 
     </span>
    </p>
   </div>
   <div class='ocr_carea' id='block_1_20' title="bbox 506 1670 2067 1744">
    <p class='ocr_par' dir='ltr' id='par_1_20' title="bbox 506 1670 2067 1744">
     <span class='ocr_line' id='line_1_20' title="bbox 506 1670 2067 1744; baseline -0.003 -16"><span class='ocrx_word' id='word_1_114' title='bbox 506 1685 747 1744; x_wconf 82' lang='lat' dir='ltr'><strong>pactum,</strong></span> <span class='ocrx_word' id='word_1_115' title='bbox 773 1674 888 1728; x_wconf 87' lang='lat' dir='ltr'><strong>sive</strong></span> <span class='ocrx_word' id='word_1_116' title='bbox 914 1674 1052 1727; x_wconf 88' lang='lat' dir='ltr'><strong>nihil</strong></span> <span class='ocrx_word' id='word_1_117' title='bbox 1082 1672 1392 1739; x_wconf 89' lang='lat' dir='ltr'><strong>hujusmodi</strong></span> <span class='ocrx_word' id='word_1_118' title='bbox 1428 1672 1569 1724; x_wconf 90' lang='lat' dir='ltr'><strong>inter</strong></span> <span class='ocrx_word' id='word_1_119' title='bbox 1606 1670 1758 1736; x_wconf 86' lang='lat' dir='ltr'><strong>ipsos</strong></span> <span class='ocrx_word' id='word_1_120' title='bbox 1792 1684 2067 1723; x_wconf 88' lang='lat' dir='ltr'><strong>convene-</strong></span> 
     </span>
    </p>
   </div>
   <div class='ocr_carea' id='block_1_21' title="bbox 2183 495 3765 567">
    <p class='ocr_par' dir='ltr' id='par_1_21' title="bbox 2183 495 3765 567">
     <span class='ocr_line' id='line_1_21' title="bbox 2183 495 3765 567; baseline 0.002 -19"><span class='ocrx_word' id='word_1_121' title='bbox 2183 497 2288 566; x_wconf 79' lang='grc' dir='ltr'><strong>τῆς</strong></span> <span class='ocrx_word' id='word_1_122' title='bbox 2316 496 2574 565; x_wconf 82' lang='grc' dir='ltr'><strong>γυναικὸς</strong></span> <span class='ocrx_word' id='word_1_123' title='bbox 2594 498 2658 566; x_wconf 77' lang='grc' dir='ltr'><strong>τῇ</strong></span> <span class='ocrx_word' id='word_1_124' title='bbox 2693 495 2868 567; x_wconf 77' lang='grc' dir='ltr'>ζημίᾳ</span> <span class='ocrx_word' id='word_1_125' title='bbox 2896 497 3005 549; x_wconf 86' lang='grc' dir='ltr'><strong>τῶν</strong></span> <span class='ocrx_word' id='word_1_126' title='bbox 3052 496 3201 550; x_wconf 88' lang='grc' dir='ltr'><strong>ίδίων</strong></span> <span class='ocrx_word' id='word_1_127' title='bbox 3234 497 3279 528; x_wconf 84' lang='grc'><strong>⁸⁷</strong></span> <span class='ocrx_word' id='word_1_128' title='bbox 3314 497 3664 567; x_wconf 81' lang='grc' dir='ltr'><strong>πραγμάτων</strong></span> <span class='ocrx_word' id='word_1_129' title='bbox 3704 500 3765 551; x_wconf 69' lang='grc' dir='ltr'><strong>τὸ</strong></span> 
     </span>
    </p>
   </div>
   <div class='ocr_carea' id='block_1_22' title="bbox 2182 586 3764 658">
    <p class='ocr_par' dir='ltr' id='par_1_22' title="bbox 2182 586 3764 658">
     <span class='ocr_line' id='line_1_22' title="bbox 2182 586 3764 658; baseline 0.001 -19"><span class='ocrx_word' id='word_1_130' title='bbox 2182 587 2348 654; x_wconf 84' lang='grc' dir='ltr'><strong>ἄλγος</strong></span> <span class='ocrx_word' id='word_1_131' title='bbox 2393 586 2712 653; x_wconf 81' lang='grc' dir='ltr'><strong>ὲπαύξουσι.</strong></span> <span class='ocrx_word' id='word_1_132' title='bbox 2756 586 3053 640; x_wconf 80' lang='grc' dir='ltr'><strong>Κελεύουσι</strong></span> <span class='ocrx_word' id='word_1_133' title='bbox 3085 587 3195 658; x_wconf 86' lang='grc' dir='ltr'><strong>γὰρ</strong></span> <span class='ocrx_word' id='word_1_134' title='bbox 3229 586 3329 658; x_wconf 79' lang='grc' dir='ltr'><strong>τὴν</strong></span> <span class='ocrx_word' id='word_1_135' title='bbox 3374 590 3613 655; x_wconf 83' lang='grc' dir='ltr'><strong>γυναῖκα</strong></span> <span class='ocrx_word' id='word_1_136' title='bbox 3642 589 3764 641; x_wconf 80' lang='grc' dir='ltr'><strong>ὲπι-</strong></span> 
     </span>
    </p>
   </div>
   <div class='ocr_carea' id='block_1_23' title="bbox 2183 676 3761 749">
    <p class='ocr_par' dir='ltr' id='par_1_23' title="bbox 2183 676 3761 749">
     <span class='ocr_line' id='line_1_23' title="bbox 2183 676 3761 749; baseline 0.003 -20"><span class='ocrx_word' id='word_1_137' title='bbox 2183 676 2405 731; x_wconf 84' lang='grc' dir='ltr'><strong>ϐιοῠσαν</strong></span> <span class='ocrx_word' id='word_1_138' title='bbox 2443 678 2580 747; x_wconf 86' lang='grc' dir='ltr'><strong>μετὰ</strong></span> <span class='ocrx_word' id='word_1_139' title='bbox 2606 678 2704 747; x_wconf 85' lang='grc' dir='ltr'><strong>τῆς</strong></span> <span class='ocrx_word' id='word_1_140' title='bbox 2728 678 2865 742; x_wconf 87' lang='grc' dir='ltr'><strong>ίδίας</strong></span> <span class='ocrx_word' id='word_1_141' title='bbox 2909 678 3134 749; x_wconf 74' lang='grc' dir='ltr'><strong>προικὸς</strong></span> <span class='ocrx_word' id='word_1_142' title='bbox 3159 678 3338 732; x_wconf 78' lang='grc' dir='ltr'><strong>καὶτὸ</strong></span> <span class='ocrx_word' id='word_1_143' title='bbox 3367 679 3590 749; x_wconf 82' lang='grc' dir='ltr'><strong>σύμπαν</strong></span> <span class='ocrx_word' id='word_1_144' title='bbox 3626 680 3761 733; x_wconf 84' lang='grc' dir='ltr'><strong>ὑπό-</strong></span> 
     </span>
    </p>
   </div>
   <div class='ocr_carea' id='block_1_24' title="bbox 2183 769 3763 841">
    <p class='ocr_par' dir='ltr' id='par_1_24' title="bbox 2183 769 3763 841">
     <span class='ocr_line' id='line_1_24' title="bbox 2183 769 3763 841; baseline 0.001 -19"><span class='ocrx_word' id='word_1_145' title='bbox 2183 769 2338 824; x_wconf 88' lang='grc' dir='ltr'><strong>ϐολον</strong></span> <span class='ocrx_word' id='word_1_146' title='bbox 2367 769 2714 840; x_wconf 72' lang='grc' dir='ltr'><strong>κομίζεσθαι,</strong></span> <span class='ocrx_word' id='word_1_147' title='bbox 2760 770 2855 823; x_wconf 72' lang='grc' dir='ltr'><strong>καὶ</strong></span> <span class='ocrx_word' id='word_1_148' title='bbox 2915 770 3058 841; x_wconf 78' lang='grc' dir='ltr'><strong>πρὸς</strong></span> <span class='ocrx_word' id='word_1_149' title='bbox 3104 770 3319 834; x_wconf 83' lang='grc' dir='ltr'><strong>τούτοις</strong></span> <span class='ocrx_word' id='word_1_150' title='bbox 3349 772 3414 824; x_wconf 77' lang='grc' dir='ltr'><strong>ἐκ</strong></span> <span class='ocrx_word' id='word_1_151' title='bbox 3441 772 3540 841; x_wconf 81' lang='grc' dir='ltr'><strong>τῆς</strong></span> <span class='ocrx_word' id='word_1_152' title='bbox 3564 771 3763 839; x_wconf 78' lang='grc' dir='ltr'><strong>λοιπῆς</strong></span> 
     </span>
    </p>
   </div>
   <div class='ocr_carea' id='block_1_25' title="bbox 2180 860 3763 931">
    <p class='ocr_par' dir='ltr' id='par_1_25' title="bbox 2180 860 3763 931">
     <span class='ocr_line' id='line_1_25' title="bbox 2180 860 3763 931; baseline 0.001 -18"><span class='ocrx_word' id='word_1_153' title='bbox 2180 860 2274 913; x_wconf 81' lang='grc' dir='ltr'><strong>τοῦ</strong></span> <span class='ocrx_word' id='word_1_154' title='bbox 2298 860 2491 931; x_wconf 76' lang='grc' dir='ltr'><strong>ἀνδρὸς</strong></span> <span class='ocrx_word' id='word_1_155' title='bbox 2537 860 2888 925; x_wconf 80' lang='grc' dir='ltr'><strong>ὑποστάσεως</strong></span> <span class='ocrx_word' id='word_1_156' title='bbox 2932 860 3291 931; x_wconf 76' lang='grc' dir='ltr'><strong>κληρονομεῖν</strong></span> <span class='ocrx_word' id='word_1_157' title='bbox 3329 861 3607 925; x_wconf 81' lang='grc' dir='ltr'><strong>τοσοῦτον,</strong></span> <span class='ocrx_word' id='word_1_158' title='bbox 3638 863 3763 915; x_wconf 83' lang='grc' dir='ltr'><strong>ὅσον</strong></span> 
     </span>
    </p>
   </div>
   <div class='ocr_carea' id='block_1_26' title="bbox 2180 952 3765 1025">
    <p class='ocr_par' dir='ltr' id='par_1_26' title="bbox 2180 952 3765 1025">
     <span class='ocr_line' id='line_1_26' title="bbox 2180 952 3765 1025; baseline 0.001 -20"><span class='ocrx_word' id='word_1_159' title='bbox 2180 954 2282 1023; x_wconf 80' lang='grc' dir='ltr'><strong>τῆς</strong></span> <span class='ocrx_word' id='word_1_160' title='bbox 2306 971 2366 1007; x_wconf 89' lang='grc' dir='ltr'><strong>τε</strong></span> <span class='ocrx_word' id='word_1_161' title='bbox 2396 953 2622 1025; x_wconf 79' lang='grc' dir='ltr'><strong>προικὸς</strong></span> <span class='ocrx_word' id='word_1_162' title='bbox 2644 954 2739 1006; x_wconf 67' lang='grc' dir='ltr'><strong>καὶ¹</strong></span> <span class='ocrx_word' id='word_1_163' title='bbox 2760 952 2857 1005; x_wconf 80' lang='grc' dir='ltr'><strong>τοῦ</strong></span> <span class='ocrx_word' id='word_1_164' title='bbox 2891 953 3157 1006; x_wconf 79' lang='grc' dir='ltr'><strong>ὑποϐόλου</strong></span> <span class='ocrx_word' id='word_1_165' title='bbox 3196 954 3278 1016; x_wconf 86' lang='grc' dir='ltr'><strong>είς</strong></span> <span class='ocrx_word' id='word_1_166' title='bbox 3312 953 3368 1006; x_wconf 80' lang='grc' dir='ltr'><strong>ἓν</strong></span> <span class='ocrx_word' id='word_1_167' title='bbox 3395 954 3441 986; x_wconf 83' lang='grc'><strong>³⁸</strong></span> <span class='ocrx_word' id='word_1_168' title='bbox 3481 970 3765 1022; x_wconf 83' lang='grc' dir='ltr'><strong>συγκεφα-</strong></span> 
     </span>
    </p>
   </div>
   <div class='ocr_carea' id='block_1_27' title="bbox 2179 1042 3766 1115">
    <p class='ocr_par' dir='ltr' id='par_1_27' title="bbox 2179 1042 3766 1115">
     <span class='ocr_line' id='line_1_27' title="bbox 2179 1042 3766 1115; baseline 0.002 -21"><span class='ocrx_word' id='word_1_169' title='bbox 2179 1042 2517 1111; x_wconf 80' lang='grc' dir='ltr'><strong>λαιουμένων</strong></span> <span class='ocrx_word' id='word_1_170' title='bbox 2548 1042 2862 1113; x_wconf 82' lang='grc' dir='ltr'><strong>ἀριθμεῖται</strong></span> <span class='ocrx_word' id='word_1_171' title='bbox 2895 1043 2956 1095; x_wconf 79' lang='grc' dir='ltr'><strong>τὸ</strong></span> <span class='ocrx_word' id='word_1_172' title='bbox 2996 1044 3258 1113; x_wconf 82' lang='grc' dir='ltr'><strong>τέταρτον</strong></span> <span class='ocrx_word' id='word_1_173' title='bbox 3285 1061 3299 1074; x_wconf 74' lang='grc' dir='ltr'>ο</span> <span class='ocrx_word' id='word_1_174' title='bbox 3337 1044 3766 1115; x_wconf 80' lang='grc' dir='ltr'><strong>προφθανούσης</strong></span> 
     </span>
    </p>
   </div>
   <div class='ocr_carea' id='block_1_28' title="bbox 2178 1132 3768 1205">
    <p class='ocr_par' dir='ltr' id='par_1_28' title="bbox 2178 1132 3768 1205">
     <span class='ocr_line' id='line_1_28' title="bbox 2178 1132 3768 1205; baseline 0.001 -18"><span class='ocrx_word' id='word_1_175' title='bbox 2178 1135 2235 1187; x_wconf 82' lang='grc' dir='ltr'><strong>δὲ</strong></span> <span class='ocrx_word' id='word_1_176' title='bbox 2264 1134 2491 1204; x_wconf 80' lang='grc' dir='ltr'><strong>τελευτῇ</strong></span> <span class='ocrx_word' id='word_1_177' title='bbox 2511 1134 2555 1165; x_wconf 78' lang='grc'><strong><em>³⁵</em></strong></span> <span class='ocrx_word' id='word_1_178' title='bbox 2582 1132 2672 1186; x_wconf 72' lang='grc' dir='ltr'><strong>τὸν</strong></span> <span class='ocrx_word' id='word_1_179' title='bbox 2689 1134 2939 1204; x_wconf 84' lang='grc' dir='ltr'><strong>γαμέτην</strong></span> <span class='ocrx_word' id='word_1_180' title='bbox 2959 1134 3057 1204; x_wconf 84' lang='grc' dir='ltr'><strong>τῆς</strong></span> <span class='ocrx_word' id='word_1_181' title='bbox 3088 1135 3362 1202; x_wconf 73' lang='grc' dir='ltr'><strong>γυναικὸς,</strong></span> <span class='ocrx_word' id='word_1_182' title='bbox 3389 1136 3515 1198; x_wconf 74' lang='grc' dir='ltr'><strong>τοὺς</strong></span> <span class='ocrx_word' id='word_1_183' title='bbox 3546 1136 3768 1205; x_wconf 78' lang='grc' dir='ltr'><strong>ἐκείνης</strong></span> 
     </span>
    </p>
   </div>
   <div class='ocr_carea' id='block_1_29' title="bbox 2180 1224 3763 1296">
    <p class='ocr_par' dir='ltr' id='par_1_29' title="bbox 2180 1224 3763 1296">
     <span class='ocr_line' id='line_1_29' title="bbox 2180 1224 3763 1296; baseline 0 -16"><span class='ocrx_word' id='word_1_184' title='bbox 2180 1226 2549 1296; x_wconf 82' lang='grc' dir='ltr'><strong>κληρονόμους</strong></span> <span class='ocrx_word' id='word_1_185' title='bbox 2572 1224 2881 1295; x_wconf 84' lang='grc' dir='ltr'><strong>κερδαίνειν</strong></span> <span class='ocrx_word' id='word_1_186' title='bbox 2921 1226 3018 1278; x_wconf 79' lang='grc' dir='ltr'><strong>σὺν</strong></span> <span class='ocrx_word' id='word_1_187' title='bbox 3060 1228 3126 1295; x_wconf 85' lang='grc' dir='ltr'><strong>τῇ</strong></span> <span class='ocrx_word' id='word_1_188' title='bbox 3159 1227 3345 1295; x_wconf 69' lang='grc' dir='ltr'><strong>προικὶ</strong></span> <span class='ocrx_word' id='word_1_189' title='bbox 3374 1226 3434 1278; x_wconf 77' lang='grc' dir='ltr'><strong>τὸ</strong></span> <span class='ocrx_word' id='word_1_190' title='bbox 3474 1226 3763 1291; x_wconf 82' lang='grc' dir='ltr'><strong>ὑπόϐολον,</strong></span> 
     </span>
    </p>
   </div>
   <div class='ocr_carea' id='block_1_30' title="bbox 2177 1318 3765 1393">
    <p class='ocr_par' dir='ltr' id='par_1_30' title="bbox 2177 1318 3765 1393">
     <span class='ocr_line' id='line_1_30' title="bbox 2177 1318 3765 1393; baseline 0.003 -21"><span class='ocrx_word' id='word_1_191' title='bbox 2177 1320 2269 1372; x_wconf 83' lang='grc' dir='ltr'><strong>τὸν</strong></span> <span class='ocrx_word' id='word_1_192' title='bbox 2302 1318 2358 1372; x_wconf 86' lang='grc' dir='ltr'><strong>δὲ</strong></span> <span class='ocrx_word' id='word_1_193' title='bbox 2389 1318 2555 1389; x_wconf 81' lang='grc' dir='ltr'><strong>ἄνδρα</strong></span> <span class='ocrx_word' id='word_1_194' title='bbox 2580 1319 2744 1388; x_wconf 83' lang='grc' dir='ltr'><strong>μηδὲν</strong></span> <span class='ocrx_word' id='word_1_195' title='bbox 2773 1319 2919 1388; x_wconf 78' lang='grc' dir='ltr'><strong>ἐχειν</strong></span> <span class='ocrx_word' id='word_1_196' title='bbox 2974 1318 3165 1390; x_wconf 56' lang='grc' dir='ltr'><strong>⁶ιὲίιτερον</strong></span> <span class='ocrx_word' id='word_1_197' title='bbox 3196 1321 3309 1373; x_wconf 81' lang='grc' dir='ltr'><strong>ἀλλ’</strong></span> <span class='ocrx_word' id='word_1_198' title='bbox 3352 1322 3386 1392; x_wconf 80' lang='grc' dir='ltr'><strong>ἢ</strong></span> <span class='ocrx_word' id='word_1_199' title='bbox 3421 1323 3545 1375; x_wconf 83' lang='grc' dir='ltr'><strong>ὅσον</strong></span> <span class='ocrx_word' id='word_1_200' title='bbox 3572 1324 3671 1393; x_wconf 81' lang='grc' dir='ltr'><strong>τῆς</strong></span> <span class='ocrx_word' id='word_1_201' title='bbox 3703 1340 3765 1376; x_wconf 83' lang='grc' dir='ltr'><strong>τε</strong></span> 
     </span>
    </p>
   </div>
   <div class='ocr_carea' id='block_1_31' title="bbox 2180 1409 3767 1483">
    <p class='ocr_par' dir='ltr' id='par_1_31' title="bbox 2180 1409 3767 1483">
     <span class='ocr_line' id='line_1_31' title="bbox 2180 1409 3767 1483; baseline 0.001 -20"><span class='ocrx_word' id='word_1_202' title='bbox 2180 1411 2403 1480; x_wconf 83' lang='grc' dir='ltr'><strong>προικὸς</strong></span> <span class='ocrx_word' id='word_1_203' title='bbox 2436 1409 2634 1462; x_wconf 74' lang='grc' dir='ltr'><strong>καὶτοῦ</strong></span> <span class='ocrx_word' id='word_1_204' title='bbox 2664 1409 2929 1462; x_wconf 78' lang='grc' dir='ltr'><strong>ὑποϐόλου</strong></span> <span class='ocrx_word' id='word_1_205' title='bbox 2949 1410 3010 1462; x_wconf 82' lang='grc' dir='ltr'><strong>τὸ</strong></span> <span class='ocrx_word' id='word_1_206' title='bbox 3029 1411 3477 1482; x_wconf 81' lang='grc' dir='ltr'><strong>τεταρτημόριον,</strong></span> <span class='ocrx_word' id='word_1_207' title='bbox 3504 1414 3600 1467; x_wconf 78' lang='grc' dir='ltr'><strong>καὶ</strong></span> <span class='ocrx_word' id='word_1_208' title='bbox 3628 1431 3767 1483; x_wconf 85' lang='grc' dir='ltr'><strong>προ-</strong></span> 
     </span>
    </p>
   </div>
   <div class='ocr_carea' id='block_1_32' title="bbox 2179 1495 3762 1571">
    <p class='ocr_par' dir='ltr' id='par_1_32' title="bbox 2179 1495 3762 1571">
     <span class='ocr_line' id='line_1_32' title="bbox 2179 1495 3762 1571; baseline 0.004 -23"><span class='ocrx_word' id='word_1_209' title='bbox 2179 1496 2384 1549; x_wconf 77' lang='grc' dir='ltr'><strong>ϐαίνειν</strong></span> <span class='ocrx_word' id='word_1_210' title='bbox 2409 1495 2551 1549; x_wconf 80' lang='grc' dir='ltr'><strong>οὕτω</strong></span> <span class='ocrx_word' id='word_1_211' title='bbox 2576 1498 2637 1549; x_wconf 84' lang='grc' dir='ltr'><strong>τὸ</strong></span> <span class='ocrx_word' id='word_1_212' title='bbox 2671 1498 2925 1565; x_wconf 81' lang='grc' dir='ltr'><strong>πρᾶγμα,</strong></span> <span class='ocrx_word' id='word_1_213' title='bbox 2970 1499 3036 1552; x_wconf 87' lang='grc' dir='ltr'><strong>ἀν</strong></span> <span class='ocrx_word' id='word_1_214' title='bbox 3082 1516 3140 1551; x_wconf 89' lang='grc' dir='ltr'><strong>τε</strong></span> <span class='ocrx_word' id='word_1_215' title='bbox 3172 1503 3320 1570; x_wconf 82' lang='grc' dir='ltr'><strong>παρῇ</strong></span> <span class='ocrx_word' id='word_1_216' title='bbox 3363 1501 3655 1571; x_wconf 75' lang='grc' dir='ltr'><strong>σύμφωνον</strong></span> <span class='ocrx_word' id='word_1_217' title='bbox 3693 1504 3762 1557; x_wconf 75' lang='grc' dir='ltr'><strong>ἄν</strong></span> 
     </span>
    </p>
   </div>
   <div class='ocr_carea' id='block_1_33' title="bbox 2177 1581 3763 1664">
    <p class='ocr_par' dir='ltr' id='par_1_33' title="bbox 2177 1581 3763 1664">
     <span class='ocr_line' id='line_1_33' title="bbox 2177 1581 3763 1664; baseline 0.006 -27"><span class='ocrx_word' id='word_1_218' title='bbox 2177 1604 2233 1637; x_wconf 85' lang='grc' dir='ltr'><strong>τε</strong></span> <span class='ocrx_word' id='word_1_219' title='bbox 2269 1588 2432 1657; x_wconf 81' lang='grc' dir='ltr'><strong>μηδὲν</strong></span> <span class='ocrx_word' id='word_1_220' title='bbox 2464 1581 2565 1640; x_wconf 83' lang='grc' dir='ltr'><strong>ὦσι</strong></span> <span class='ocrx_word' id='word_1_221' title='bbox 2606 1587 2847 1642; x_wconf 80' lang='grc' dir='ltr'><strong>τοιοῦτον</strong></span> <span class='ocrx_word' id='word_1_222' title='bbox 2895 1590 3297 1653; x_wconf 87' lang='grc' dir='ltr'><strong>συντεθεικότες</strong></span> <span class='ocrx_word' id='word_1_223' title='bbox 3325 1593 3415 1664; x_wconf 33' lang='grc' dir='ltr'><strong>⁸ο.-</strong></span> <span class='ocrx_word' id='word_1_224' title='bbox 3442 1592 3631 1646; x_wconf 85' lang='grc' dir='ltr'><strong>Ταῦτα</strong></span> <span class='ocrx_word' id='word_1_225' title='bbox 3658 1594 3763 1662; x_wconf 82' lang='grc' dir='ltr'><strong>μὲν</strong></span> 
     </span>
    </p>
   </div>
   <div class='ocr_carea' id='block_1_34' title="bbox 2178 1679 3763 1752">
    <p class='ocr_par' dir='ltr' id='par_1_34' title="bbox 2178 1679 3763 1752">
     <span class='ocr_line' id='line_1_34' title="bbox 2178 1679 3763 1752; baseline 0.004 -21"><span class='ocrx_word' id='word_1_226' title='bbox 2178 1680 2294 1742; x_wconf 84' lang='grc' dir='ltr'><strong>πῶς</strong></span> <span class='ocrx_word' id='word_1_227' title='bbox 2340 1680 2439 1733; x_wconf 88' lang='grc' dir='ltr'><strong>ούκ</strong></span> <span class='ocrx_word' id='word_1_228' title='bbox 2497 1680 2690 1744; x_wconf 63' lang='lat' dir='ltr'><strong>doma;</strong></span> <span class='ocrx_word' id='word_1_229' title='bbox 2752 1682 2870 1743; x_wconf 84' lang='grc' dir='ltr'><strong>πῶς</strong></span> <span class='ocrx_word' id='word_1_230' title='bbox 2901 1680 2945 1733; x_wconf 88' lang='grc' dir='ltr'><strong>δ’</strong></span> <span class='ocrx_word' id='word_1_231' title='bbox 3000 1682 3121 1736; x_wconf 80' lang='grc' dir='ltr'><strong>ἀντὶ</strong></span> <span class='ocrx_word' id='word_1_232' title='bbox 3146 1682 3239 1735; x_wconf 81' lang='grc' dir='ltr'><strong>τοῦ</strong></span> <span class='ocrx_word' id='word_1_233' title='bbox 3289 1683 3454 1752; x_wconf 88' lang='grc' dir='ltr'><strong>νόμος</strong></span> <span class='ocrx_word' id='word_1_234' title='bbox 3491 1679 3763 1739; x_wconf 74' lang='grc' dir='ltr'><strong>εἶναιούκ</strong></span> 
     </span>
    </p>
   </div>
   <div class='ocr_carea' id='block_1_35' title="bbox 506 1758 2072 1845">
    <p class='ocr_par' dir='ltr' id='par_1_35' title="bbox 506 1758 2072 1833">
     <span class='ocr_line' id='line_1_35' title="bbox 506 1758 2072 1833; baseline -0.004 -15"><span class='ocrx_word' id='word_1_235' title='bbox 506 1769 597 1819; x_wconf 85' lang='lat' dir='ltr'><strong>rit.</strong></span> <span class='ocrx_word' id='word_1_236' title='bbox 638 1766 742 1818; x_wconf 86' lang='lat' dir='ltr'><strong>Sed</strong></span> <span class='ocrx_word' id='word_1_237' title='bbox 774 1765 887 1818; x_wconf 74' lang='lat' dir='ltr'><strong>haec</strong></span> <span class='ocrx_word' id='word_1_238' title='bbox 936 1762 1211 1833; x_wconf 90' lang='lat' dir='ltr'><strong>quomodo</strong></span> <span class='ocrx_word' id='word_1_239' title='bbox 1246 1777 1355 1814; x_wconf 90' lang='lat' dir='ltr'><strong>non</strong></span> <span class='ocrx_word' id='word_1_240' title='bbox 1417 1760 1604 1828; x_wconf 89' lang='lat' dir='ltr'><strong>iniqua</strong></span> <span class='ocrx_word' id='word_1_241' title='bbox 1634 1760 1656 1811; x_wconf 91' lang='lat'><strong>?</strong></span> <span class='ocrx_word' id='word_1_242' title='bbox 1686 1758 1957 1827; x_wconf 83' lang='lat' dir='ltr'><strong>quomodo</strong></span> <span class='ocrx_word' id='word_1_243' title='bbox 1976 1773 2072 1828; x_wconf 91' lang='lat' dir='ltr'><strong>pro</strong></span> 
     </span>
    </p>
   </div>
   <div class='ocr_carea' id='block_1_36' title="bbox 2176 1758 3753 1845">
    <p class='ocr_par' dir='ltr' id='par_1_36' title="bbox 2176 1770 3753 1845">
     <span class='ocr_line' id='line_1_36' title="bbox 2176 1770 3753 1845; baseline 0.004 -24"><span class='ocrx_word' id='word_1_244' title='bbox 2176 1770 2376 1839; x_wconf 81' lang='grc' dir='ltr'><strong>ἐσχάτη</strong></span> <span class='ocrx_word' id='word_1_245' title='bbox 2416 1770 2727 1841; x_wconf 78' lang='grc' dir='ltr'><strong>παρανομία</strong></span> <span class='ocrx_word' id='word_1_246' title='bbox 2783 1772 2965 1838; x_wconf 84' lang='grc' dir='ltr'><strong>ὲστίν;</strong></span> <span class='ocrx_word' id='word_1_247' title='bbox 3009 1773 3077 1825; x_wconf 77' lang='grc' dir='ltr'><strong>’Δ</strong></span> <span class='ocrx_word' id='word_1_248' title='bbox 3110 1772 3209 1842; x_wconf 81' lang='grc' dir='ltr'><strong>μὲν</strong></span> <span class='ocrx_word' id='word_1_249' title='bbox 3240 1774 3349 1842; x_wconf 80' lang='grc' dir='ltr'><strong>γάρ</strong></span> <span class='ocrx_word' id='word_1_250' title='bbox 3388 1776 3753 1845; x_wconf 81' lang='grc' dir='ltr'><strong>προαποφθα-</strong></span> 
     </span>
    </p>
   </div>
   <div class='ocr_carea' id='block_1_37' title="bbox 500 1848 2071 1925">
    <p class='ocr_par' dir='ltr' id='par_1_37' title="bbox 500 1848 2071 1925">
     <span class='ocr_line' id='line_1_37' title="bbox 500 1848 2071 1925; baseline -0.006 -15"><span class='ocrx_word' id='word_1_251' title='bbox 500 1859 629 1925; x_wconf 89' lang='lat' dir='ltr'><strong>jure</strong></span> <span class='ocrx_word' id='word_1_252' title='bbox 679 1856 793 1909; x_wconf 75' lang='lat' dir='ltr'><strong>hzec</strong></span> <span class='ocrx_word' id='word_1_253' title='bbox 852 1870 958 1908; x_wconf 90' lang='lat' dir='ltr'><strong>non</strong></span> <span class='ocrx_word' id='word_1_254' title='bbox 1016 1862 1259 1909; x_wconf 76' lang='lat' dir='ltr'><strong>extrema</strong></span> <span class='ocrx_word' id='word_1_255' title='bbox 1289 1851 1486 1920; x_wconf 87' lang='lat' dir='ltr'><strong>injuria</strong></span> <span class='ocrx_word' id='word_1_256' title='bbox 1518 1848 1642 1904; x_wconf 88' lang='lat' dir='ltr'><strong>est?</strong></span> <span class='ocrx_word' id='word_1_257' title='bbox 1673 1852 1804 1914; x_wconf 72' lang='lat' dir='ltr'><strong>Qua:</strong></span> <span class='ocrx_word' id='word_1_258' title='bbox 1834 1848 2071 1917; x_wconf 46' lang='lat' dir='ltr'><strong>quidem</strong></span> 
     </span>
    </p>
   </div>
   <div class='ocr_carea' id='block_1_38' title="bbox 504 1941 2074 2018">
    <p class='ocr_par' dir='ltr' id='par_1_38' title="bbox 504 1941 2074 2018">
     <span class='ocr_line' id='line_1_38' title="bbox 504 1941 2074 2018; baseline -0.002 -20"><span class='ocrx_word' id='word_1_259' title='bbox 504 1956 834 2018; x_wconf 75' lang='lat' dir='ltr'><strong>pratmortuo</strong></span> <span class='ocrx_word' id='word_1_260' title='bbox 863 1946 1059 1998; x_wconf 88' lang='lat' dir='ltr'><strong>marito</strong></span> <span class='ocrx_word' id='word_1_261' title='bbox 1088 1944 1283 1997; x_wconf 81' lang='lat' dir='ltr'><strong>inulier</strong></span> <span class='ocrx_word' id='word_1_262' title='bbox 1322 1942 1544 2011; x_wconf 85' lang='lat' dir='ltr'><strong>accipit,</strong></span> <span class='ocrx_word' id='word_1_263' title='bbox 1605 1942 1658 1993; x_wconf 88' lang='lat' dir='ltr'><strong>in</strong></span> <span class='ocrx_word' id='word_1_264' title='bbox 1710 1941 1795 1993; x_wconf 89' lang='lat' dir='ltr'><strong>his</strong></span> <span class='ocrx_word' id='word_1_265' title='bbox 1843 1941 2074 1995; x_wconf 83' lang='lat' dir='ltr'><strong>fortasse</strong></span> 
     </span>
    </p>
   </div>
   <div class='ocr_carea' id='block_1_39' title="bbox 505 2032 2072 2108">
    <p class='ocr_par' dir='ltr' id='par_1_39' title="bbox 505 2032 2072 2108">
     <span class='ocr_line' id='line_1_39' title="bbox 505 2032 2072 2108; baseline -0.003 -16"><span class='ocrx_word' id='word_1_266' title='bbox 505 2042 687 2108; x_wconf 82' lang='lat' dir='ltr'><strong>aliqua</strong></span> <span class='ocrx_word' id='word_1_267' title='bbox 723 2040 903 2093; x_wconf 89' lang='lat' dir='ltr'><strong>ratio:</strong></span> <span class='ocrx_word' id='word_1_268' title='bbox 956 2053 1077 2107; x_wconf 66' lang='lat' dir='ltr'><strong>quae</strong></span> <span class='ocrx_word' id='word_1_269' title='bbox 1137 2052 1267 2090; x_wconf 90' lang='lat' dir='ltr'><strong>vero</strong></span> <span class='ocrx_word' id='word_1_270' title='bbox 1334 2036 1424 2088; x_wconf 85' lang='lat' dir='ltr'><strong>illa</strong></span> <span class='ocrx_word' id='word_1_271' title='bbox 1474 2040 1798 2104; x_wconf 71' lang='lat' dir='ltr'><strong>przemortna</strong></span> <span class='ocrx_word' id='word_1_272' title='bbox 1835 2033 1903 2087; x_wconf 88' lang='lat' dir='ltr'><strong>ad</strong></span> <span class='ocrx_word' id='word_1_273' title='bbox 1952 2032 2072 2102; x_wconf 89' lang='lat' dir='ltr'><strong>ejus</strong></span> 
     </span>
    </p>
   </div>
   <div class='ocr_carea' id='block_1_40' title="bbox 503 2130 2073 2200">
    <p class='ocr_par' dir='ltr' id='par_1_40' title="bbox 503 2130 2073 2200">
     <span class='ocr_line' id='line_1_40' title="bbox 503 2130 2073 2200; baseline -0.003 -10"><span class='ocrx_word' id='word_1_274' title='bbox 503 2136 749 2190; x_wconf 67' lang='lat' dir='ltr'><strong>haeredes</strong></span> <span class='ocrx_word' id='word_1_275' title='bbox 778 2134 1170 2194; x_wconf 89' lang='lat' dir='ltr'><strong>devolvuntur,</strong></span> <span class='ocrx_word' id='word_1_276' title='bbox 1208 2133 1260 2185; x_wconf 92' lang='lat' dir='ltr'><strong>iu</strong></span> <span class='ocrx_word' id='word_1_277' title='bbox 1304 2132 1387 2184; x_wconf 90' lang='lat' dir='ltr'><strong>his</strong></span> <span class='ocrx_word' id='word_1_278' title='bbox 1422 2130 1698 2200; x_wconf 85' lang='lat' dir='ltr'><strong>quomodo</strong></span> <span class='ocrx_word' id='word_1_279' title='bbox 1755 2146 1863 2185; x_wconf 89' lang='lat' dir='ltr'><strong>non</strong></span> <span class='ocrx_word' id='word_1_280' title='bbox 1893 2130 2073 2185; x_wconf 91' lang='lat' dir='ltr'><strong>omnis</strong></span> 
     </span>
    </p>
   </div>
   <div class='ocr_carea' id='block_1_41' title="bbox 504 2221 2075 2295">
    <p class='ocr_par' dir='ltr' id='par_1_41' title="bbox 504 2221 2075 2295">
     <span class='ocr_line' id='line_1_41' title="bbox 504 2221 2075 2295; baseline -0.003 -15"><span class='ocrx_word' id='word_1_281' title='bbox 504 2226 777 2295; x_wconf 86' lang='lat' dir='ltr'><strong>injustitia</strong></span> <span class='ocrx_word' id='word_1_282' title='bbox 830 2234 883 2280; x_wconf 90' lang='lat' dir='ltr'><strong>et</strong></span> <span class='ocrx_word' id='word_1_283' title='bbox 908 2224 1209 2280; x_wconf 89' lang='lat' dir='ltr'><strong>enormitas</strong></span> <span class='ocrx_word' id='word_1_284' title='bbox 1236 2222 1412 2276; x_wconf 81' lang='lat' dir='ltr'><strong>inest?</strong></span> <span class='ocrx_word' id='word_1_285' title='bbox 1463 2221 1770 2291; x_wconf 86' lang='lat' dir='ltr'><strong>Eapropter</strong></span> <span class='ocrx_word' id='word_1_286' title='bbox 1816 2222 2075 2276; x_wconf 80' lang='lat' dir='ltr'><strong>decenter</strong></span> 
     </span>
    </p>
   </div>
   <div class='ocr_carea' id='block_1_42' title="bbox 502 2310 2072 2387">
    <p class='ocr_par' dir='ltr' id='par_1_42' title="bbox 502 2310 2072 2387">
     <span class='ocr_line' id='line_1_42' title="bbox 502 2310 2072 2387; baseline -0.004 -16"><span class='ocrx_word' id='word_1_287' title='bbox 502 2319 661 2374; x_wconf 82' lang='lat' dir='ltr'><strong>valde</strong></span> <span class='ocrx_word' id='word_1_288' title='bbox 704 2317 1093 2387; x_wconf 85' lang='lat' dir='ltr'><strong>sapienterque</strong></span> <span class='ocrx_word' id='word_1_289' title='bbox 1119 2323 1384 2384; x_wconf 90' lang='lat' dir='ltr'><strong>perpetuo</strong></span> <span class='ocrx_word' id='word_1_290' title='bbox 1425 2312 1515 2366; x_wconf 92' lang='lat' dir='ltr'><strong>ille</strong></span> <span class='ocrx_word' id='word_1_291' title='bbox 1545 2310 1936 2366; x_wconf 87' lang='lat' dir='ltr'><strong>memorandus</strong></span> <span class='ocrx_word' id='word_1_292' title='bbox 1968 2312 2072 2364; x_wconf 87' lang='lat' dir='ltr'><strong>im—</strong></span> 
     </span>
    </p>
   </div>
   <div class='ocr_carea' id='block_1_43' title="bbox 502 2402 2066 2480">
    <p class='ocr_par' dir='ltr' id='par_1_43' title="bbox 502 2402 2066 2480">
     <span class='ocr_line' id='line_1_43' title="bbox 502 2402 2066 2480; baseline -0.004 -17"><span class='ocrx_word' id='word_1_293' title='bbox 502 2402 751 2480; x_wconf 53' lang='lat' dir='ltr'><strong>perat‘or,</strong></span> <span class='ocrx_word' id='word_1_294' title='bbox 783 2418 838 2463; x_wconf 91' lang='lat' dir='ltr'><strong>et</strong></span> <span class='ocrx_word' id='word_1_295' title='bbox 866 2407 959 2477; x_wconf 91' lang='lat' dir='ltr'><strong>qui</strong></span> <span class='ocrx_word' id='word_1_296' title='bbox 988 2422 1054 2461; x_wconf 82' lang='lat' dir='ltr'><strong>ex</strong></span> <span class='ocrx_word' id='word_1_297' title='bbox 1097 2406 1272 2475; x_wconf 84' lang='lat' dir='ltr'><strong>ipsius</strong></span> <span class='ocrx_word' id='word_1_298' title='bbox 1308 2403 1510 2458; x_wconf 92' lang='lat' dir='ltr'><strong>lumbis</strong></span> <span class='ocrx_word' id='word_1_299' title='bbox 1542 2411 1708 2457; x_wconf 89' lang='lat' dir='ltr'><strong>natus</strong></span> <span class='ocrx_word' id='word_1_300' title='bbox 1736 2409 1860 2471; x_wconf 91' lang='lat' dir='ltr'><strong>post</strong></span> <span class='ocrx_word' id='word_1_301' title='bbox 1886 2402 2066 2471; x_wconf 90' lang='lat' dir='ltr'><strong>ipsum</strong></span> 
     </span>
    </p>
   </div>
   <div class='ocr_carea' id='block_1_44' title="bbox 501 2493 2075 2568">
    <p class='ocr_par' dir='ltr' id='par_1_44' title="bbox 501 2493 2075 2568">
     <span class='ocr_line' id='line_1_44' title="bbox 501 2493 2075 2568; baseline -0.005 -13"><span class='ocrx_word' id='word_1_302' title='bbox 501 2500 668 2555; x_wconf 85' lang='lat' dir='ltr'><strong>rebus</strong></span> <span class='ocrx_word' id='word_1_303' title='bbox 694 2505 911 2568; x_wconf 68' lang='lat' dir='ltr'><strong>praeest,</strong></span> <span class='ocrx_word' id='word_1_304' title='bbox 948 2496 1096 2556; x_wconf 87' lang='lat' dir='ltr'><strong>fecit,</strong></span> <span class='ocrx_word' id='word_1_305' title='bbox 1138 2496 1231 2563; x_wconf 92' lang='lat' dir='ltr'><strong>qui</strong></span> <span class='ocrx_word' id='word_1_306' title='bbox 1269 2494 1543 2548; x_wconf 83' lang='lat' dir='ltr'><strong>veteribus</strong></span> <span class='ocrx_word' id='word_1_307' title='bbox 1591 2493 1802 2563; x_wconf 78' lang='lat' dir='ltr'><strong>legibus</strong></span> <span class='ocrx_word' id='word_1_308' title='bbox 1833 2494 2075 2547; x_wconf 85' lang='lat' dir='ltr'><strong>auctori-</strong></span> 
     </span>
    </p>
   </div>
   <div class='ocr_carea' id='block_1_45' title="bbox 501 2588 2072 2656">
    <p class='ocr_par' dir='ltr' id='par_1_45' title="bbox 501 2588 2072 2656">
     <span class='ocr_line' id='line_1_45' title="bbox 501 2588 2072 2656; baseline -0.003 -13"><span class='ocrx_word' id='word_1_309' title='bbox 501 2600 666 2647; x_wconf 90' lang='lat' dir='ltr'><strong>tatem</strong></span> <span class='ocrx_word' id='word_1_310' title='bbox 702 2588 1156 2650; x_wconf 83' lang='lat' dir='ltr'><strong>conservandam,</strong></span> <span class='ocrx_word' id='word_1_311' title='bbox 1184 2601 1413 2656; x_wconf 64' lang='lat' dir='ltr'><strong>qumque</strong></span> <span class='ocrx_word' id='word_1_312' title='bbox 1444 2600 1698 2653; x_wconf 90' lang='lat' dir='ltr'><strong>perverse</strong></span> <span class='ocrx_word' id='word_1_313' title='bbox 1741 2592 1937 2639; x_wconf 90' lang='lat' dir='ltr'><strong>contra</strong></span> <span class='ocrx_word' id='word_1_314' title='bbox 1960 2591 2072 2638; x_wconf 88' lang='lat' dir='ltr'><strong>sta-</strong></span> 
     </span>
    </p>
   </div>
   <div class='ocr_carea' id='block_1_46' title="bbox 503 2672 2073 2743">
    <p class='ocr_par' dir='ltr' id='par_1_46' title="bbox 503 2672 2073 2743">
     <span class='ocr_line' id='line_1_46' title="bbox 503 2672 2073 2743; baseline -0.004 -12"><span class='ocrx_word' id='word_1_315' title='bbox 503 2687 742 2741; x_wconf 81' lang='lat' dir='ltr'><strong>tuerent,</strong></span> <span class='ocrx_word' id='word_1_316' title='bbox 770 2692 864 2732; x_wconf 90' lang='lat' dir='ltr'><strong>eas</strong></span> <span class='ocrx_word' id='word_1_317' title='bbox 884 2692 915 2729; x_wconf 91' lang='lat' dir='ltr'><strong>e</strong></span> <span class='ocrx_word' id='word_1_318' title='bbox 936 2675 1210 2743; x_wconf 88' lang='lat' dir='ltr'><strong>republica</strong></span> <span class='ocrx_word' id='word_1_319' title='bbox 1232 2674 1285 2726; x_wconf 92' lang='lat' dir='ltr'><strong>in</strong></span> <span class='ocrx_word' id='word_1_320' title='bbox 1314 2673 1567 2727; x_wconf 82' lang='lat' dir='ltr'><strong>exsilium</strong></span> <span class='ocrx_word' id='word_1_321' title='bbox 1588 2672 1883 2738; x_wconf 77' lang='lat' dir='ltr'><strong>ejiciendus</strong></span> <span class='ocrx_word' id='word_1_322' title='bbox 1912 2681 2073 2741; x_wconf 90' lang='lat' dir='ltr'><strong>puta-</strong></span> 
     </span>
    </p>
   </div>
   <div class='ocr_carea' id='block_1_47' title="bbox 500 2765 2071 2833">
    <p class='ocr_par' dir='ltr' id='par_1_47' title="bbox 500 2765 2071 2833">
     <span class='ocr_line' id='line_1_47' title="bbox 500 2765 2071 2833; baseline -0.004 -8"><span class='ocrx_word' id='word_1_323' title='bbox 500 2774 596 2825; x_wconf 91' lang='lat' dir='ltr'><strong>vit.</strong></span> <span class='ocrx_word' id='word_1_324' title='bbox 629 2772 697 2823; x_wconf 82' lang='lat' dir='ltr'><strong>At</strong></span> <span class='ocrx_word' id='word_1_325' title='bbox 728 2771 871 2823; x_wconf 84' lang='lat' dir='ltr'><strong>enim</strong></span> <span class='ocrx_word' id='word_1_326' title='bbox 908 2768 1223 2820; x_wconf 84' lang='lat' dir='ltr'><strong>refraetaria</strong></span> <span class='ocrx_word' id='word_1_327' title='bbox 1260 2766 1711 2833; x_wconf 79' lang='lat' dir='ltr'><strong>eontentiosaqne</strong></span> <span class='ocrx_word' id='word_1_328' title='bbox 1732 2765 2071 2819; x_wconf 89' lang='lat' dir='ltr'><strong>consuetudo</strong></span> 
     </span>
    </p>
   </div>
   <div class='ocr_carea' id='block_1_48' title="bbox 501 2852 2069 2927">
    <p class='ocr_par' dir='ltr' id='par_1_48' title="bbox 501 2852 2069 2927">
     <span class='ocr_line' id='line_1_48' title="bbox 501 2852 2069 2927; baseline -0.005 -13"><span class='ocrx_word' id='word_1_329' title='bbox 501 2867 609 2924; x_wconf 90' lang='lat' dir='ltr'><strong>est,</strong></span> <span class='ocrx_word' id='word_1_330' title='bbox 642 2873 705 2912; x_wconf 86' lang='lat' dir='ltr'><strong>ac</strong></span> <span class='ocrx_word' id='word_1_331' title='bbox 739 2857 1053 2927; x_wconf 86' lang='lat' dir='ltr'><strong>frequenter</strong></span> <span class='ocrx_word' id='word_1_332' title='bbox 1108 2854 1347 2908; x_wconf 65' lang='lat' dir='ltr'><strong>absurda</strong></span> <span class='ocrx_word' id='word_1_333' title='bbox 1396 2855 1576 2921; x_wconf 87' lang='lat' dir='ltr'><strong>aliqua</strong></span> <span class='ocrx_word' id='word_1_334' title='bbox 1613 2854 1818 2922; x_wconf 91' lang='lat' dir='ltr'><strong>opinio,</strong></span> <span class='ocrx_word' id='word_1_335' title='bbox 1884 2854 1975 2908; x_wconf 91' lang='lat' dir='ltr'><strong>ubi</strong></span> <span class='ocrx_word' id='word_1_336' title='bbox 2013 2852 2069 2906; x_wconf 91' lang='lat' dir='ltr'><strong>in</strong></span> 
     </span>
    </p>
   </div>
   <div class='ocr_carea' id='block_1_49' title="bbox 2178 1860 3757 1934">
    <p class='ocr_par' dir='ltr' id='par_1_49' title="bbox 2178 1860 3757 1934">
     <span class='ocr_line' id='line_1_49' title="bbox 2178 1860 3757 1934; baseline 0.004 -22"><span class='ocrx_word' id='word_1_337' title='bbox 2178 1862 2362 1929; x_wconf 81' lang='grc' dir='ltr'><strong>ρέντος</strong></span> <span class='ocrx_word' id='word_1_338' title='bbox 2392 1861 2484 1913; x_wconf 82' lang='grc' dir='ltr'><strong>τοῦ</strong></span> <span class='ocrx_word' id='word_1_339' title='bbox 2532 1860 2722 1930; x_wconf 80' lang='grc' dir='ltr'><strong>ἀνδρὸς</strong></span> <span class='ocrx_word' id='word_1_340' title='bbox 2762 1864 2795 1930; x_wconf 78' lang='grc' dir='ltr'><strong>ἡ</strong></span> <span class='ocrx_word' id='word_1_341' title='bbox 2834 1863 2968 1930; x_wconf 82' lang='grc' dir='ltr'><strong>γυνὴ</strong></span> <span class='ocrx_word' id='word_1_342' title='bbox 2990 1862 3279 1929; x_wconf 89' lang='grc' dir='ltr'><strong>λαμϐάνει,</strong></span> <span class='ocrx_word' id='word_1_343' title='bbox 3318 1864 3448 1926; x_wconf 86' lang='grc' dir='ltr'><strong>ίσως</strong></span> <span class='ocrx_word' id='word_1_344' title='bbox 3480 1864 3595 1934; x_wconf 76' lang='grc' dir='ltr'><strong>ἔχει</strong></span> <span class='ocrx_word' id='word_1_345' title='bbox 3624 1866 3757 1919; x_wconf 84' lang='grc' dir='ltr'><strong>τινά</strong></span> 
     </span>
    </p>
   </div>
   <div class='ocr_carea' id='block_1_50' title="bbox 2173 1948 3760 2021">
    <p class='ocr_par' dir='ltr' id='par_1_50' title="bbox 2173 1948 3760 2021">
     <span class='ocr_line' id='line_1_50' title="bbox 2173 1948 3760 2021; baseline 0.006 -22"><span class='ocrx_word' id='word_1_346' title='bbox 2173 1948 2331 2013; x_wconf 77' lang='grc' dir='ltr'><strong>λόγον</strong></span> <span class='ocrx_word' id='word_1_347' title='bbox 2349 1966 2360 1977; x_wconf 92' lang='grc'><strong>·</strong></span> <span class='ocrx_word' id='word_1_348' title='bbox 2388 1948 2423 2001; x_wconf 70' lang='grc' dir='ltr'><strong>ἃ.</strong></span> <span class='ocrx_word' id='word_1_349' title='bbox 2452 1949 2508 2000; x_wconf 80' lang='grc' dir='ltr'><strong>δὲ</strong></span> <span class='ocrx_word' id='word_1_350' title='bbox 2536 1949 2739 2017; x_wconf 84' lang='grc' dir='ltr'><strong>ταύτης</strong></span> <span class='ocrx_word' id='word_1_351' title='bbox 2755 1950 3240 2021; x_wconf 84' lang='grc' dir='ltr'><strong>προκαταλυούσης</strong></span> <span class='ocrx_word' id='word_1_352' title='bbox 3262 1952 3354 2004; x_wconf 83' lang='grc' dir='ltr'><strong>τὸν</strong></span> <span class='ocrx_word' id='word_1_353' title='bbox 3376 1952 3488 2021; x_wconf 84' lang='grc' dir='ltr'><strong>βίον</strong></span> <span class='ocrx_word' id='word_1_354' title='bbox 3515 1956 3601 2016; x_wconf 87' lang='grc' dir='ltr'><strong>εἰς</strong></span> <span class='ocrx_word' id='word_1_355' title='bbox 3624 1955 3760 2018; x_wconf 76' lang='grc' dir='ltr'><strong>τοὺς</strong></span> 
     </span>
    </p>
   </div>
   <div class='ocr_carea' id='block_1_51' title="bbox 2175 2037 3757 2107">
    <p class='ocr_par' dir='ltr' id='par_1_51' title="bbox 2175 2037 3757 2107">
     <span class='ocr_line' id='line_1_51' title="bbox 2175 2037 3757 2107; baseline 0.003 -17"><span class='ocrx_word' id='word_1_356' title='bbox 2175 2038 2544 2107; x_wconf 79' lang='grc' dir='ltr'><strong>κληρονόμους</strong></span> <span class='ocrx_word' id='word_1_357' title='bbox 2578 2037 2817 2107; x_wconf 79' lang='grc' dir='ltr'><strong>ἔρχεται,</strong></span> <span class='ocrx_word' id='word_1_358' title='bbox 2856 2037 2973 2101; x_wconf 88' lang='grc' dir='ltr'><strong>πῶς</strong></span> <span class='ocrx_word' id='word_1_359' title='bbox 3024 2039 3085 2091; x_wconf 80' lang='grc' dir='ltr'><strong>ού</strong></span> <span class='ocrx_word' id='word_1_360' title='bbox 3120 2040 3399 2104; x_wconf 77' lang='grc' dir='ltr'><strong>παντελῶς</strong></span> <span class='ocrx_word' id='word_1_361' title='bbox 3424 2041 3589 2095; x_wconf 80' lang='grc' dir='ltr'><strong>ἄδικά</strong></span> <span class='ocrx_word' id='word_1_362' title='bbox 3618 2042 3663 2074; x_wconf 73' lang='grc'><strong>⁸⁸</strong></span> <span class='ocrx_word' id='word_1_363' title='bbox 3693 2060 3757 2095; x_wconf 85' lang='grc' dir='ltr'><strong>τε</strong></span> 
     </span>
    </p>
   </div>
   <div class='ocr_carea' id='block_1_52' title="bbox 2174 2126 3762 2201">
    <p class='ocr_par' dir='ltr' id='par_1_52' title="bbox 2174 2126 3762 2201">
     <span class='ocr_line' id='line_1_52' title="bbox 2174 2126 3762 2201; baseline 0.004 -22"><span class='ocrx_word' id='word_1_364' title='bbox 2174 2127 2268 2179; x_wconf 70' lang='grc' dir='ltr'><strong>καὶ</strong></span> <span class='ocrx_word' id='word_1_365' title='bbox 2323 2126 2575 2195; x_wconf 86' lang='grc' dir='ltr'><strong>ἀθεσμα;</strong></span> <span class='ocrx_word' id='word_1_366' title='bbox 2604 2127 2725 2193; x_wconf 77' lang='grc' dir='ltr'><strong>ξΔιά</strong></span> <span class='ocrx_word' id='word_1_367' title='bbox 2776 2127 2934 2181; x_wconf 79' lang='grc' dir='ltr'><strong>τοῦτο</strong></span> <span class='ocrx_word' id='word_1_368' title='bbox 2965 2129 3008 2159; x_wconf 66' lang='grc' dir='ltr'><strong>δ’</strong></span> <span class='ocrx_word' id='word_1_369' title='bbox 3034 2129 3153 2182; x_wconf 85' lang='grc' dir='ltr'><strong>λίαν</strong></span> <span class='ocrx_word' id='word_1_370' title='bbox 3197 2131 3517 2201; x_wconf 85' lang='grc' dir='ltr'><strong>πρεπόντως</strong></span> <span class='ocrx_word' id='word_1_371' title='bbox 3538 2132 3633 2184; x_wconf 71' lang='grc' dir='ltr'><strong>καὶ</strong></span> <span class='ocrx_word' id='word_1_372' title='bbox 3669 2150 3762 2186; x_wconf 86' lang='grc' dir='ltr'><strong>σο-</strong></span> 
     </span>
    </p>
   </div>
   <div class='ocr_carea' id='block_1_53' title="bbox 2174 2216 3767 2292">
    <p class='ocr_par' dir='ltr' id='par_1_53' title="bbox 2174 2216 3767 2292">
     <span class='ocr_line' id='line_1_53' title="bbox 2174 2216 3767 2292; baseline 0.006 -25"><span class='ocrx_word' id='word_1_373' title='bbox 2174 2219 2286 2284; x_wconf 81' lang='grc' dir='ltr'><strong>φῶς</strong></span> <span class='ocrx_word' id='word_1_374' title='bbox 2311 2216 2533 2269; x_wconf 75' lang='grc' dir='ltr'><strong>συνιδὼν</strong></span> <span class='ocrx_word' id='word_1_375' title='bbox 2582 2219 2610 2269; x_wconf 98' lang='lat'><strong>6</strong></span> <span class='ocrx_word' id='word_1_376' title='bbox 2664 2218 2721 2269; x_wconf 84' lang='grc' dir='ltr'><strong>ὲν</strong></span> <span class='ocrx_word' id='word_1_377' title='bbox 2754 2218 3068 2287; x_wconf 83' lang='grc' dir='ltr'><strong>βασιλεῦσιν</strong></span> <span class='ocrx_word' id='word_1_378' title='bbox 3100 2220 3427 2291; x_wconf 83' lang='grc' dir='ltr'><strong>ἀείμνηστος</strong></span> <span class='ocrx_word' id='word_1_379' title='bbox 3454 2223 3546 2274; x_wconf 74' lang='grc' dir='ltr'><strong>καὶ</strong></span> <span class='ocrx_word' id='word_1_380' title='bbox 3577 2225 3605 2275; x_wconf 94' lang='lat'><strong>6</strong></span> <span class='ocrx_word' id='word_1_381' title='bbox 3636 2237 3767 2292; x_wconf 69' lang='grc' dir='ltr'><strong>μετί</strong></span> 
     </span>
    </p>
   </div>
   <div class='ocr_carea' id='block_1_54' title="bbox 2173 2308 3760 2379">
    <p class='ocr_par' dir='ltr' id='par_1_54' title="bbox 2173 2308 3760 2379">
     <span class='ocr_line' id='line_1_54' title="bbox 2173 2308 3760 2379; baseline 0.003 -20"><span class='ocrx_word' id='word_1_382' title='bbox 2173 2308 2378 2360; x_wconf 79' lang='grc' dir='ltr'><strong>ἐκεῖνον</strong></span> <span class='ocrx_word' id='word_1_383' title='bbox 2431 2309 2475 2338; x_wconf 75' lang='grc'>⁸³</span> <span class='ocrx_word' id='word_1_384' title='bbox 2527 2308 2625 2377; x_wconf 84' lang='grc' dir='ltr'><strong>τῆς</strong></span> <span class='ocrx_word' id='word_1_385' title='bbox 2671 2308 2876 2370; x_wconf 78' lang='grc' dir='ltr'><strong>οἰκείας</strong></span> <span class='ocrx_word' id='word_1_386' title='bbox 2918 2310 3329 2379; x_wconf 71' lang='grc' dir='ltr'><strong>ἀναϐλαστῆσας</strong></span> <span class='ocrx_word' id='word_1_387' title='bbox 3385 2312 3587 2378; x_wconf 81' lang='grc' dir='ltr'><strong>ὀσφύος</strong></span> <span class='ocrx_word' id='word_1_388' title='bbox 3647 2312 3760 2365; x_wconf 74' lang='grc' dir='ltr'><strong>ἐδι-</strong></span> 
     </span>
    </p>
   </div>
   <div class='ocr_carea' id='block_1_55' title="bbox 2171 2396 3765 2471">
    <p class='ocr_par' dir='ltr' id='par_1_55' title="bbox 2171 2396 3765 2471">
     <span class='ocr_line' id='line_1_55' title="bbox 2171 2396 3765 2471; baseline 0.004 -22"><span class='ocrx_word' id='word_1_389' title='bbox 2171 2396 2373 2449; x_wconf 79' lang='grc' dir='ltr'><strong>καίωσε</strong></span> <span class='ocrx_word' id='word_1_390' title='bbox 2394 2399 2503 2458; x_wconf 88' lang='grc' dir='ltr'><strong>τοῖς</strong></span> <span class='ocrx_word' id='word_1_391' title='bbox 2524 2396 2622 2465; x_wconf 78' lang='grc' dir='ltr'><strong>μὲν</strong></span> <span class='ocrx_word' id='word_1_392' title='bbox 2637 2396 2884 2465; x_wconf 87' lang='grc' dir='ltr'><strong>ἀρχαίοις</strong></span> <span class='ocrx_word' id='word_1_393' title='bbox 2904 2397 2952 2429; x_wconf 67' lang='grc'><strong>⁸⁸</strong></span> <span class='ocrx_word' id='word_1_394' title='bbox 2976 2399 3158 2469; x_wconf 87' lang='grc' dir='ltr'><strong>νόμοις</strong></span> <span class='ocrx_word' id='word_1_395' title='bbox 3180 2401 3278 2471; x_wconf 82' lang='grc' dir='ltr'><strong>τὴν</strong></span> <span class='ocrx_word' id='word_1_396' title='bbox 3293 2417 3345 2453; x_wconf 89' lang='grc' dir='ltr'><strong>τι</strong></span> <span class='ocrx_word' id='word_1_397' title='bbox 3353 2400 3460 2470; x_wconf 76' lang='grc' dir='ltr'><strong>μὴν</strong></span> <span class='ocrx_word' id='word_1_398' title='bbox 3474 2402 3765 2456; x_wconf 78' lang='grc' dir='ltr'><strong>ἀνασώσα-</strong></span> 
     </span>
    </p>
   </div>
   <div class='ocr_carea' id='block_1_56' title="bbox 2175 2487 3767 2562">
    <p class='ocr_par' dir='ltr' id='par_1_56' title="bbox 2175 2487 3767 2562">
     <span class='ocr_line' id='line_1_56' title="bbox 2175 2487 3767 2562; baseline 0.004 -23"><span class='ocrx_word' id='word_1_399' title='bbox 2175 2487 2320 2552; x_wconf 87' lang='grc' dir='ltr'><strong>σθαι,</strong></span> <span class='ocrx_word' id='word_1_400' title='bbox 2341 2488 2468 2549; x_wconf 73' lang='grc' dir='ltr'><strong>τοὺς</strong></span> <span class='ocrx_word' id='word_1_401' title='bbox 2494 2487 2550 2539; x_wconf 85' lang='grc' dir='ltr'><strong>δὲ</strong></span> <span class='ocrx_word' id='word_1_402' title='bbox 2579 2488 2799 2555; x_wconf 84' lang='grc' dir='ltr'><strong>φαύλως</strong></span> <span class='ocrx_word' id='word_1_403' title='bbox 2818 2488 3302 2554; x_wconf 77' lang='grc' dir='ltr'><strong>ἀντιθεσπίζοντας</strong></span> <span class='ocrx_word' id='word_1_404' title='bbox 3331 2491 3767 2562; x_wconf 78' lang='grc' dir='ltr'><strong>ἐξοστρακισθῆ-</strong></span> 
     </span>
    </p>
   </div>
   <div class='ocr_carea' id='block_1_57' title="bbox 2174 2579 3763 2659">
    <p class='ocr_par' dir='ltr' id='par_1_57' title="bbox 2174 2579 3763 2659">
     <span class='ocr_line' id='line_1_57' title="bbox 2174 2579 3763 2659; baseline 0.004 -27"><span class='ocrx_word' id='word_1_405' title='bbox 2174 2597 2261 2632; x_wconf 90' lang='grc' dir='ltr'><strong>ναι</strong></span> <span class='ocrx_word' id='word_1_406' title='bbox 2319 2579 2413 2633; x_wconf 82' lang='grc' dir='ltr'><strong>τοῦ</strong></span> <span class='ocrx_word' id='word_1_407' title='bbox 2471 2581 2888 2652; x_wconf 88' lang='grc' dir='ltr'><strong>πολιτεύματος.</strong></span> <span class='ocrx_word' id='word_1_408' title='bbox 2933 2584 3091 2637; x_wconf 79' lang='grc' dir='ltr'><strong>Ἀλλά</strong></span> <span class='ocrx_word' id='word_1_409' title='bbox 3148 2584 3259 2654; x_wconf 72' lang='grc' dir='ltr'><strong>γὰρ</strong></span> <span class='ocrx_word' id='word_1_410' title='bbox 3315 2585 3594 2654; x_wconf 86' lang='grc' dir='ltr'><strong>φιλόνικον</strong></span> <span class='ocrx_word' id='word_1_411' title='bbox 3639 2587 3693 2620; x_wconf 76' lang='grc'><strong>⁸⁵</strong></span> <span class='ocrx_word' id='word_1_412' title='bbox 3724 2590 3763 2659; x_wconf 73' lang='grc' dir='ltr'><strong>ἡ</strong></span> 
     </span>
    </p>
   </div>
   <div class='ocr_carea' id='block_1_58' title="bbox 2174 2672 3763 2749">
    <p class='ocr_par' dir='ltr' id='par_1_58' title="bbox 2174 2672 3763 2749">
     <span class='ocr_line' id='line_1_58' title="bbox 2174 2672 3763 2749; baseline 0.005 -26"><span class='ocrx_word' id='word_1_413' title='bbox 2174 2672 2434 2740; x_wconf 83' lang='grc' dir='ltr'><strong>συνήθεια</strong></span> <span class='ocrx_word' id='word_1_414' title='bbox 2510 2674 2604 2725; x_wconf 66' lang='grc' dir='ltr'><strong>καὶ</strong></span> <span class='ocrx_word' id='word_1_415' title='bbox 2649 2674 2912 2737; x_wconf 84' lang='grc' dir='ltr'><strong>πολλάκις</strong></span> <span class='ocrx_word' id='word_1_416' title='bbox 2940 2678 3004 2744; x_wconf 80' lang='grc' dir='ltr'><strong>τῇ</strong></span> <span class='ocrx_word' id='word_1_417' title='bbox 3041 2678 3226 2747; x_wconf 76' lang='grc' dir='ltr'><strong>μακρᾷ</strong></span> <span class='ocrx_word' id='word_1_418' title='bbox 3258 2677 3444 2747; x_wconf 75' lang='grc' dir='ltr'><strong>ὁμιλίᾳ</strong></span> <span class='ocrx_word' id='word_1_419' title='bbox 3477 2678 3552 2741; x_wconf 86' lang='grc' dir='ltr'><strong>ὼς</strong></span> <span class='ocrx_word' id='word_1_420' title='bbox 3587 2678 3763 2749; x_wconf 81' lang='grc' dir='ltr'><strong>πῆξιν</strong></span> 
     </span>
    </p>
   </div>
   <div class='ocr_carea' id='block_1_59' title="bbox 2172 2763 3763 2839">
    <p class='ocr_par' dir='ltr' id='par_1_59' title="bbox 2172 2763 3763 2839">
     <span class='ocr_line' id='line_1_59' title="bbox 2172 2763 3763 2839; baseline 0.005 -24"><span class='ocrx_word' id='word_1_421' title='bbox 2172 2763 2334 2815; x_wconf 80' lang='grc' dir='ltr'><strong>λαϐὸν</strong></span> <span class='ocrx_word' id='word_1_422' title='bbox 2366 2765 2422 2817; x_wconf 84' lang='grc' dir='ltr'><strong>ὲν</strong></span> <span class='ocrx_word' id='word_1_423' title='bbox 2451 2767 2571 2827; x_wconf 86' lang='grc' dir='ltr'><strong>ταῖς</strong></span> <span class='ocrx_word' id='word_1_424' title='bbox 2596 2765 2898 2835; x_wconf 84' lang='grc' dir='ltr'><strong>ἀνθρώπων</strong></span> <span class='ocrx_word' id='word_1_425' title='bbox 2925 2767 3171 2837; x_wconf 82' lang='grc' dir='ltr'><strong>γνώμαις</strong></span> <span class='ocrx_word' id='word_1_426' title='bbox 3196 2767 3396 2822; x_wconf 75' lang='grc' dir='ltr'><strong>ἄτοπον</strong></span> <span class='ocrx_word' id='word_1_427' title='bbox 3418 2770 3617 2839; x_wconf 81' lang='grc' dir='ltr'><strong>δόγμα,</strong></span> <span class='ocrx_word' id='word_1_428' title='bbox 3663 2772 3763 2823; x_wconf 77' lang='grc' dir='ltr'><strong>καὶ</strong></span> 
     </span>
    </p>
   </div>
   <div class='ocr_carea' id='block_1_60' title="bbox 2176 2854 3765 2929">
    <p class='ocr_par' dir='ltr' id='par_1_60' title="bbox 2176 2854 3765 2929">
     <span class='ocr_line' id='line_1_60' title="bbox 2176 2854 3765 2929; baseline 0.006 -23"><span class='ocrx_word' id='word_1_429' title='bbox 2176 2854 2411 2922; x_wconf 81' lang='grc' dir='ltr'><strong>μάλιστα</strong></span> <span class='ocrx_word' id='word_1_430' title='bbox 2438 2856 2583 2918; x_wconf 83' lang='grc' dir='ltr'><strong>ὅσοις</strong></span> <span class='ocrx_word' id='word_1_431' title='bbox 2620 2856 2693 2927; x_wconf 83' lang='grc' dir='ltr'><strong>μὴ</strong></span> <span class='ocrx_word' id='word_1_432' title='bbox 2749 2856 2895 2927; x_wconf 79' lang='grc' dir='ltr'><strong>ὀρθῷ</strong></span> <span class='ocrx_word' id='word_1_433' title='bbox 2941 2859 3208 2928; x_wconf 86' lang='grc' dir='ltr'><strong>κριτηρίῳ</strong></span> <span class='ocrx_word' id='word_1_434' title='bbox 3246 2860 3531 2929; x_wconf 76' lang='grc' dir='ltr'><strong>ἐπιμέλεια</strong></span> <span class='ocrx_word' id='word_1_435' title='bbox 3560 2863 3681 2915; x_wconf 88' lang='grc' dir='ltr'><strong>τόδε</strong></span> <span class='ocrx_word' id='word_1_436' title='bbox 3712 2864 3765 2895; x_wconf 68' lang='grc'><strong>⁴⁶</strong></span> 
     </span>
    </p>
   </div>
   <div class='ocr_carea' id='block_1_61' title="bbox 502 2943 2072 3023">
    <p class='ocr_par' dir='ltr' id='par_1_61' title="bbox 502 2943 2072 3014">
     <span class='ocr_line' id='line_1_61' title="bbox 502 2943 2072 3014; baseline -0.002 -13"><span class='ocrx_word' id='word_1_437' title='bbox 502 2948 786 3001; x_wconf 90' lang='lat' dir='ltr'><strong>hominum</strong></span> <span class='ocrx_word' id='word_1_438' title='bbox 829 2946 1029 3001; x_wconf 89' lang='lat' dir='ltr'><strong>animis</strong></span> <span class='ocrx_word' id='word_1_439' title='bbox 1052 2946 1264 3012; x_wconf 88' lang='lat' dir='ltr'><strong>(eorum</strong></span> <span class='ocrx_word' id='word_1_440' title='bbox 1318 2944 1643 3014; x_wconf 63' lang='lat' dir='ltr'><strong>przesertim,</strong></span> <span class='ocrx_word' id='word_1_441' title='bbox 1689 2943 1893 3013; x_wconf 89' lang='lat' dir='ltr'><strong>quibus</strong></span> <span class='ocrx_word' id='word_1_442' title='bbox 1922 2953 2072 2998; x_wconf 90' lang='lat' dir='ltr'><strong>recto</strong></span> 
     </span>
    </p>
   </div>
   <div class='ocr_carea' id='block_1_62' title="bbox 2176 2943 3769 3023">
    <p class='ocr_par' dir='ltr' id='par_1_62' title="bbox 2176 2946 3769 3023">
     <span class='ocr_line' id='line_1_62' title="bbox 2176 2946 3769 3023; baseline 0.004 -25"><span class='ocrx_word' id='word_1_443' title='bbox 2176 2948 2441 3016; x_wconf 81' lang='grc' dir='ltr'><strong>συνορᾷν,</strong></span> <span class='ocrx_word' id='word_1_444' title='bbox 2498 2948 2599 3000; x_wconf 86' lang='grc' dir='ltr'><strong>οὐκ</strong></span> <span class='ocrx_word' id='word_1_445' title='bbox 2651 2946 2823 2999; x_wconf 79' lang='grc' dir='ltr'><strong>ἐθέλει</strong></span> <span class='ocrx_word' id='word_1_446' title='bbox 2882 2948 3081 3018; x_wconf 80' lang='grc' dir='ltr'><strong>ῥᾳδίως</strong></span> <span class='ocrx_word' id='word_1_447' title='bbox 3135 2951 3602 3020; x_wconf 84' lang='grc' dir='ltr'><strong>ὲκμοχλεύεσθαι,</strong></span> <span class='ocrx_word' id='word_1_448' title='bbox 3656 2952 3769 3023; x_wconf 71' lang='grc' dir='ltr'><strong>τὴν</strong></span> 
     </span>
    </p>
   </div>
   <div class='ocr_carea' id='block_1_63' title="bbox 496 3033 2072 3114">
    <p class='ocr_par' dir='ltr' id='par_1_63' title="bbox 496 3033 2072 3111">
     <span class='ocr_line' id='line_1_63' title="bbox 496 3033 2072 3111; baseline -0.003 -19"><span class='ocrx_word' id='word_1_449' title='bbox 496 3037 712 3111; x_wconf 83' lang='lat' dir='ltr'><strong>judicio</strong></span> <span class='ocrx_word' id='word_1_450' title='bbox 747 3037 892 3091; x_wconf 90' lang='lat' dir='ltr'><strong>illam</strong></span> <span class='ocrx_word' id='word_1_451' title='bbox 944 3034 1255 3106; x_wconf 81' lang='lat' dir='ltr'><strong>expendere</strong></span> <span class='ocrx_word' id='word_1_452' title='bbox 1294 3048 1441 3087; x_wconf 68' lang='lat' dir='ltr'><strong>curm</strong></span> <span class='ocrx_word' id='word_1_453' title='bbox 1474 3049 1583 3087; x_wconf 90' lang='lat' dir='ltr'><strong>non</strong></span> <span class='ocrx_word' id='word_1_454' title='bbox 1612 3033 1717 3105; x_wconf 72' lang='lat' dir='ltr'><strong>est)</strong></span> <span class='ocrx_word' id='word_1_455' title='bbox 1750 3033 1888 3086; x_wconf 89' lang='lat' dir='ltr'><strong>altas</strong></span> <span class='ocrx_word' id='word_1_456' title='bbox 1925 3033 2072 3087; x_wconf 90' lang='lat' dir='ltr'><strong>velut</strong></span> 
     </span>
    </p>
   </div>
   <div class='ocr_carea' id='block_1_64' title="bbox 2176 3033 3763 3114">
    <p class='ocr_par' dir='ltr' id='par_1_64' title="bbox 2178 3036 3763 3114">
     <span class='ocr_line' id='line_1_64' title="bbox 2178 3036 3763 3114; baseline 0.004 -25"><span class='ocrx_word' id='word_1_457' title='bbox 2178 3036 2461 3103; x_wconf 71' lang='grc' dir='ltr'><strong>φθάσασαν</strong></span> <span class='ocrx_word' id='word_1_458' title='bbox 2488 3037 2774 3108; x_wconf 80' lang='grc' dir='ltr'><strong>πρόληψιν,</strong></span> <span class='ocrx_word' id='word_1_459' title='bbox 2796 3038 2900 3092; x_wconf 85' lang='grc' dir='ltr'><strong>κᾶν</strong></span> <span class='ocrx_word' id='word_1_460' title='bbox 2923 3040 3118 3103; x_wconf 79' lang='grc' dir='ltr'><strong>ἄτοπος</strong></span> <span class='ocrx_word' id='word_1_461' title='bbox 3141 3038 3547 3113; x_wconf 83' lang='grc' dir='ltr'><strong>ᾕ,ἀγαπώντων</strong></span> <span class='ocrx_word' id='word_1_462' title='bbox 3561 3042 3658 3095; x_wconf 74' lang='grc' dir='ltr'><strong>καὶ</strong></span> <span class='ocrx_word' id='word_1_463' title='bbox 3681 3044 3763 3114; x_wconf 78' lang='grc' dir='ltr'><strong>μὴ</strong></span> 
     </span>
    </p>
   </div>
   <div class='ocr_carea' id='block_1_65' title="bbox 501 3099 2072 3201">
    <p class='ocr_par' dir='ltr' id='par_1_65' title="bbox 501 3099 2071 3200">
     <span class='ocr_line' id='line_1_65' title="bbox 501 3099 2071 3200; baseline -0.006 -15"><span class='ocrx_word' id='word_1_464' title='bbox 501 3099 869 3200; x_wconf 71' lang='lat' dir='ltr'><strong>radices&#39;egit,</strong></span> <span class='ocrx_word' id='word_1_465' title='bbox 894 3099 1039 3183; x_wconf 79' lang='lat' dir='ltr'><strong>haud</strong></span> <span class='ocrx_word' id='word_1_466' title='bbox 1070 3125 1227 3181; x_wconf 80' lang='lat' dir='ltr'><strong>facile</strong></span> <span class='ocrx_word' id='word_1_467' title='bbox 1252 3124 1540 3194; x_wconf 78' lang='lat' dir='ltr'><strong>exstirpari</strong></span> <span class='ocrx_word' id='word_1_468' title='bbox 1569 3099 1707 3192; x_wconf 64' lang='lat' dir='ltr'><strong>quit,</strong></span> <span class='ocrx_word' id='word_1_469' title='bbox 1732 3124 1859 3193; x_wconf 91' lang='lat' dir='ltr'><strong>quia</strong></span> <span class='ocrx_word' id='word_1_470' title='bbox 1894 3122 2071 3177; x_wconf 89' lang='lat' dir='ltr'><strong>homi-</strong></span> 
     </span>
    </p>
   </div>
   <div class='ocr_carea' id='block_1_66' title="bbox 2176 3099 3765 3201">
    <p class='ocr_par' dir='ltr' id='par_1_66' title="bbox 2177 3099 3765 3201">
     <span class='ocr_line' id='line_1_66' title="bbox 2177 3099 3765 3201; baseline 0.005 -22"><span class='ocrx_word' id='word_1_471' title='bbox 2177 3099 2514 3197; x_wconf 58' lang='grc' dir='ltr'><strong>βουλομένων</strong></span> <span class='ocrx_word' id='word_1_472' title='bbox 2532 3099 2543 3108; x_wconf 48' lang='grc'><em>’</em></span> <span class='ocrx_word' id='word_1_473' title='bbox 2568 3099 2883 3183; x_wconf 81' lang='grc' dir='ltr'><strong>ἀκολουθεῖν</strong></span> <span class='ocrx_word' id='word_1_474' title='bbox 2943 3134 3058 3194; x_wconf 89' lang='grc' dir='ltr'><strong>τοῖς</strong></span> <span class='ocrx_word' id='word_1_475' title='bbox 3098 3099 3407 3201; x_wconf 67' lang='grc' dir='ltr'><strong>ἀμείνοσιν·</strong></span> <span class='ocrx_word' id='word_1_476' title='bbox 3436 3134 3513 3196; x_wconf 86' lang='grc' dir='ltr'><strong>ὼς</strong></span> <span class='ocrx_word' id='word_1_477' title='bbox 3542 3120 3639 3187; x_wconf 74' lang='grc' dir='ltr'><strong>καὶ</strong></span> <span class='ocrx_word' id='word_1_478' title='bbox 3662 3099 3765 3188; x_wconf 53' lang='grc' dir='ltr'><strong>νὶῡᾷ</strong></span> 
     </span>
    </p>
   </div>
   <div class='ocr_carea' id='block_1_67' title="bbox 501 3214 2072 3291">
    <p class='ocr_par' dir='ltr' id='par_1_67' title="bbox 501 3214 2069 3291">
     <span class='ocr_line' id='line_1_67' title="bbox 501 3214 2069 3291; baseline -0.007 -13"><span class='ocrx_word' id='word_1_479' title='bbox 501 3240 600 3278; x_wconf 92' lang='lat' dir='ltr'><strong>nes</strong></span> <span class='ocrx_word' id='word_1_480' title='bbox 624 3222 979 3291; x_wconf 89' lang='lat' dir='ltr'><strong>anticipatam</strong></span> <span class='ocrx_word' id='word_1_481' title='bbox 1007 3219 1340 3290; x_wconf 88' lang='lat' dir='ltr'><strong>opinionem,</strong></span> <span class='ocrx_word' id='word_1_482' title='bbox 1359 3215 1609 3285; x_wconf 87' lang='lat' dir='ltr'><strong>quamvis</strong></span> <span class='ocrx_word' id='word_1_483' title='bbox 1640 3214 1830 3269; x_wconf 90' lang='lat' dir='ltr'><strong>frivola</strong></span> <span class='ocrx_word' id='word_1_484' title='bbox 1853 3217 1924 3269; x_wconf 90' lang='lat' dir='ltr'><strong>sit</strong></span> <span class='ocrx_word' id='word_1_485' title='bbox 1951 3229 2069 3267; x_wconf 90' lang='lat' dir='ltr'><strong>am-</strong></span> 
     </span>
    </p>
   </div>
   <div class='ocr_carea' id='block_1_68' title="bbox 2176 3214 3765 3291">
    <p class='ocr_par' dir='ltr' id='par_1_68' title="bbox 2176 3217 3765 3291">
     <span class='ocr_line' id='line_1_68' title="bbox 2176 3217 3765 3291; baseline 0.005 -22"><span class='ocrx_word' id='word_1_486' title='bbox 2176 3222 2205 3287; x_wconf 80' lang='grc' dir='ltr'><strong>ή</strong></span> <span class='ocrx_word' id='word_1_487' title='bbox 2238 3217 2332 3270; x_wconf 80' lang='grc' dir='ltr'><strong>τοῦ</strong></span> <span class='ocrx_word' id='word_1_488' title='bbox 2358 3219 2690 3288; x_wconf 85' lang='grc' dir='ltr'><strong>ἀειμνήστου</strong></span> <span class='ocrx_word' id='word_1_489' title='bbox 2718 3221 2923 3291; x_wconf 73' lang='grc' dir='ltr'><strong>πατρὸς</strong></span> <span class='ocrx_word' id='word_1_490' title='bbox 2950 3221 3108 3291; x_wconf 76' lang='grc' dir='ltr'><strong>ἡμῶν</strong></span> <span class='ocrx_word' id='word_1_491' title='bbox 3156 3222 3401 3287; x_wconf 81' lang='grc' dir='ltr'><strong>διάταξις</strong></span> <span class='ocrx_word' id='word_1_492' title='bbox 3440 3226 3522 3288; x_wconf 82' lang='grc' dir='ltr'><strong>είς</strong></span> <span class='ocrx_word' id='word_1_493' title='bbox 3548 3222 3595 3257; x_wconf 68' lang='grc'><strong>⁸⁷</strong></span> <span class='ocrx_word' id='word_1_494' title='bbox 3625 3226 3765 3288; x_wconf 76' lang='grc' dir='ltr'><strong>τοὺς</strong></span> 
     </span>
    </p>
   </div>
   <div class='ocr_carea' id='block_1_69' title="bbox 500 3307 2072 3385">
    <p class='ocr_par' dir='ltr' id='par_1_69' title="bbox 500 3307 2070 3385">
     <span class='ocr_line' id='line_1_69' title="bbox 500 3307 2070 3385; baseline -0.003 -19"><span class='ocrx_word' id='word_1_495' title='bbox 500 3316 814 3385; x_wconf 80' lang='lat' dir='ltr'><strong>plexantur,</strong></span> <span class='ocrx_word' id='word_1_496' title='bbox 867 3311 1169 3381; x_wconf 88' lang='lat' dir='ltr'><strong>noluntque</strong></span> <span class='ocrx_word' id='word_1_497' title='bbox 1212 3308 1370 3379; x_wconf 86' lang='lat' dir='ltr'><strong>sequi</strong></span> <span class='ocrx_word' id='word_1_498' title='bbox 1420 3308 1669 3361; x_wconf 89' lang='lat' dir='ltr'><strong>meliora.</strong></span> <span class='ocrx_word' id='word_1_499' title='bbox 1703 3307 1853 3361; x_wconf 85' lang='lat' dir='ltr'><strong>Adeo</strong></span> <span class='ocrx_word' id='word_1_500' title='bbox 1905 3316 1961 3360; x_wconf 89' lang='lat' dir='ltr'><strong>ut</strong></span> <span class='ocrx_word' id='word_1_501' title='bbox 2003 3321 2070 3361; x_wconf 92' lang='lat' dir='ltr'><strong>ne</strong></span> 
     </span>
    </p>
   </div>
   <div class='ocr_carea' id='block_1_70' title="bbox 2176 3307 3765 3385">
    <p class='ocr_par' dir='ltr' id='par_1_70' title="bbox 2176 3308 3765 3384">
     <span class='ocr_line' id='line_1_70' title="bbox 2176 3308 3765 3384; baseline 0.007 -25"><span class='ocrx_word' id='word_1_502' title='bbox 2176 3308 2341 3361; x_wconf 73' lang='grc' dir='ltr'><strong>πάλαι</strong></span> <span class='ocrx_word' id='word_1_503' title='bbox 2407 3308 2607 3378; x_wconf 89' lang='grc' dir='ltr'><strong>νόμους</strong></span> <span class='ocrx_word' id='word_1_504' title='bbox 2660 3311 2770 3364; x_wconf 86' lang='grc' dir='ltr'><strong>τῶν</strong></span> <span class='ocrx_word' id='word_1_505' title='bbox 2815 3312 3069 3381; x_wconf 80' lang='grc' dir='ltr'><strong>γαμικῶν</strong></span> <span class='ocrx_word' id='word_1_506' title='bbox 3119 3313 3422 3383; x_wconf 84' lang='grc' dir='ltr'><strong>συμφώνων</strong></span> <span class='ocrx_word' id='word_1_507' title='bbox 3458 3315 3557 3384; x_wconf 79' lang='grc' dir='ltr'><strong>τὴν</strong></span> <span class='ocrx_word' id='word_1_508' title='bbox 3588 3316 3765 3370; x_wconf 82' lang='grc' dir='ltr'><strong>κατά-</strong></span> 
     </span>
    </p>
   </div>
   <div class='ocr_carea' id='block_1_71' title="bbox 499 3398 2072 3475">
    <p class='ocr_par' dir='ltr' id='par_1_71' title="bbox 499 3398 2069 3475">
     <span class='ocr_line' id='line_1_71' title="bbox 499 3398 2069 3475; baseline -0.005 -13"><span class='ocrx_word' id='word_1_509' title='bbox 499 3422 648 3462; x_wconf 87' lang='lat' dir='ltr'><strong>nnnc</strong></span> <span class='ocrx_word' id='word_1_510' title='bbox 674 3404 894 3475; x_wconf 91' lang='lat' dir='ltr'><strong>quidem</strong></span> <span class='ocrx_word' id='word_1_511' title='bbox 952 3404 1008 3458; x_wconf 93' lang='lat' dir='ltr'><strong>in</strong></span> <span class='ocrx_word' id='word_1_512' title='bbox 1054 3411 1318 3457; x_wconf 65' lang='lat' dir='ltr'><strong>aeternum</strong></span> <span class='ocrx_word' id='word_1_513' title='bbox 1370 3398 1838 3453; x_wconf 89' lang='lat' dir='ltr'><strong>commemorandi</strong></span> <span class='ocrx_word' id='word_1_514' title='bbox 1897 3398 2069 3465; x_wconf 89' lang='lat' dir='ltr'><strong>patris</strong></span> 
     </span>
    </p>
   </div>
   <div class='ocr_carea' id='block_1_72' title="bbox 2176 3398 3763 3475">
    <p class='ocr_par' dir='ltr' id='par_1_72' title="bbox 2176 3400 3763 3474">
     <span class='ocr_line' id='line_1_72' title="bbox 2176 3400 3763 3474; baseline 0.005 -23"><span class='ocrx_word' id='word_1_515' title='bbox 2176 3416 2362 3453; x_wconf 85' lang='grc' dir='ltr'><strong>στασιν</strong></span> <span class='ocrx_word' id='word_1_516' title='bbox 2392 3400 2737 3471; x_wconf 81' lang='grc' dir='ltr'><strong>ἀναφέρουσα</strong></span> <span class='ocrx_word' id='word_1_517' title='bbox 2760 3403 2858 3455; x_wconf 68' lang='grc' dir='ltr'><strong>οὐκ</strong></span> <span class='ocrx_word' id='word_1_518' title='bbox 2912 3404 3097 3457; x_wconf 79' lang='grc' dir='ltr'><strong>ἔπεισε</strong></span> <span class='ocrx_word' id='word_1_519' title='bbox 3145 3405 3242 3474; x_wconf 85' lang='grc' dir='ltr'><strong>τῆς</strong></span> <span class='ocrx_word' id='word_1_520' title='bbox 3271 3406 3472 3458; x_wconf 83' lang='grc' dir='ltr'><strong>ἀτόπου</strong></span> <span class='ocrx_word' id='word_1_521' title='bbox 3505 3404 3763 3473; x_wconf 81' lang='grc' dir='ltr'><strong>μεθεῖναι</strong></span> 
     </span>
    </p>
   </div>
   <div class='ocr_carea' id='block_1_73' title="bbox 500 3480 2072 3567">
    <p class='ocr_par' dir='ltr' id='par_1_73' title="bbox 500 3480 2063 3560">
     <span class='ocr_line' id='line_1_73' title="bbox 500 3480 2063 3560; baseline -0.004 -12"><span class='ocrx_word' id='word_1_522' title='bbox 500 3493 671 3548; x_wconf 86' lang='lat' dir='ltr'><strong>nostri</strong></span> <span class='ocrx_word' id='word_1_523' title='bbox 704 3491 1048 3555; x_wconf 90' lang='lat' dir='ltr'><strong>constitutio,</strong></span> <span class='ocrx_word' id='word_1_524' title='bbox 1078 3505 1197 3560; x_wconf 74' lang='lat' dir='ltr'><strong>qua:</strong></span> <span class='ocrx_word' id='word_1_525' title='bbox 1212 3489 1278 3543; x_wconf 88' lang='lat' dir='ltr'><strong>ad</strong></span> <span class='ocrx_word' id='word_1_526' title='bbox 1312 3497 1526 3542; x_wconf 88' lang='lat' dir='ltr'><strong>veteres</strong></span> <span class='ocrx_word' id='word_1_527' title='bbox 1553 3488 1697 3558; x_wconf 81' lang='lat' dir='ltr'><strong>leges</strong></span> <span class='ocrx_word' id='word_1_528' title='bbox 1735 3480 2063 3554; x_wconf 88' lang='lat' dir='ltr'><strong>uuptialium</strong></span> 
     </span>
    </p>
   </div>
   <div class='ocr_carea' id='block_1_74' title="bbox 2176 3480 3759 3567">
    <p class='ocr_par' dir='ltr' id='par_1_74' title="bbox 2176 3484 3759 3567">
     <span class='ocr_line' id='line_1_74' title="bbox 2176 3484 3759 3567; baseline 0.006 -26"><span class='ocrx_word' id='word_1_529' title='bbox 2176 3489 2466 3556; x_wconf 79' lang='grc' dir='ltr'><strong>διατάξεως</strong></span> <span class='ocrx_word' id='word_1_530' title='bbox 2492 3533 2507 3557; x_wconf 87' lang='grc'><strong>,</strong></span> <span class='ocrx_word' id='word_1_531' title='bbox 2556 3491 2670 3544; x_wconf 87' lang='grc' dir='ltr'><strong>ἀλλ’</strong></span> <span class='ocrx_word' id='word_1_532' title='bbox 2714 3484 2788 3545; x_wconf 80' lang='grc' dir='ltr'><strong>ὧν</strong></span> <span class='ocrx_word' id='word_1_533' title='bbox 2842 3493 3251 3564; x_wconf 75' lang='grc' dir='ltr'><strong>κατεψηφίσατο</strong></span> <span class='ocrx_word' id='word_1_534' title='bbox 3299 3496 3759 3567; x_wconf 75' lang='grc' dir='ltr'><strong>ἐξοστρακισμὸν,</strong></span> 
     </span>
    </p>
   </div>
   <div class='ocr_carea' id='block_1_75' title="bbox 500 3578 2072 3656">
    <p class='ocr_par' dir='ltr' id='par_1_75' title="bbox 500 3578 2068 3656">
     <span class='ocr_line' id='line_1_75' title="bbox 500 3578 2068 3656; baseline -0.004 -19"><span class='ocrx_word' id='word_1_535' title='bbox 500 3583 808 3656; x_wconf 88' lang='lat' dir='ltr'><strong>pactionum</strong></span> <span class='ocrx_word' id='word_1_536' title='bbox 844 3584 1107 3636; x_wconf 88' lang='lat' dir='ltr'><strong>rationem</strong></span> <span class='ocrx_word' id='word_1_537' title='bbox 1160 3580 1395 3644; x_wconf 89' lang='lat' dir='ltr'><strong>reducit,</strong></span> <span class='ocrx_word' id='word_1_538' title='bbox 1452 3578 1746 3633; x_wconf 83' lang='lat' dir='ltr'><strong>absurdam</strong></span> <span class='ocrx_word' id='word_1_539' title='bbox 1794 3579 2068 3633; x_wconf 84' lang='lat' dir='ltr'><strong>constitu-</strong></span> 
     </span>
    </p>
   </div>
   <div class='ocr_carea' id='block_1_76' title="bbox 2176 3578 3163 3656">
    <p class='ocr_par' dir='ltr' id='par_1_76' title="bbox 2176 3580 3163 3644">
     <span class='ocr_line' id='line_1_76' title="bbox 2176 3580 3163 3644; baseline 0.007 -13"><span class='ocrx_word' id='word_1_540' title='bbox 2176 3580 2384 3644; x_wconf 77' lang='grc' dir='ltr'><strong>τούτοις</strong></span> <span class='ocrx_word' id='word_1_541' title='bbox 2412 3584 2492 3635; x_wconf 80' lang='grc' dir='ltr'><strong>ἔτι</strong></span> <span class='ocrx_word' id='word_1_542' title='bbox 2522 3584 2616 3637; x_wconf 76' lang='grc' dir='ltr'><strong>καὶ</strong></span> <span class='ocrx_word' id='word_1_543' title='bbox 2644 3582 2739 3636; x_wconf 81' lang='grc' dir='ltr'><strong>νῦν</strong></span> <span class='ocrx_word' id='word_1_544' title='bbox 2767 3582 3163 3638; x_wconf 85' lang='grc' dir='ltr'><strong>πολιτεύονται.</strong></span> 
     </span>
    </p>
   </div>
   <div class='ocr_carea' id='block_1_77' title="bbox 501 3670 3760 3747">
    <p class='ocr_par' dir='ltr' id='par_1_77' title="bbox 501 3670 3760 3747">
     <span class='ocr_line' id='line_1_77' title="bbox 501 3670 3760 3747; baseline 0.002 -19"><span class='ocrx_word' id='word_1_545' title='bbox 501 3675 704 3730; x_wconf 89' lang='lat' dir='ltr'><strong>tionem</strong></span> <span class='ocrx_word' id='word_1_546' title='bbox 736 3674 966 3728; x_wconf 89' lang='lat' dir='ltr'><strong>missam</strong></span> <span class='ocrx_word' id='word_1_547' title='bbox 993 3686 1115 3726; x_wconf 88' lang='lat' dir='ltr'><strong>esse</strong></span> <span class='ocrx_word' id='word_1_548' title='bbox 1161 3670 1466 3725; x_wconf 76' lang='lat' dir='ltr'><strong>faciendam</strong></span> <span class='ocrx_word' id='word_1_549' title='bbox 1499 3670 1879 3739; x_wconf 57' lang='lat' dir='ltr'><strong>(persuaserit,</strong></span> <span class='ocrx_word' id='word_1_550' title='bbox 1914 3678 2076 3739; x_wconf 87' lang='lat' dir='ltr'><strong>atque</strong></span> <span class='ocrx_word' id='word_1_551' title='bbox 2114 3670 2168 3724; x_wconf 91' lang='lat' dir='ltr'><strong>in</strong></span> <span class='ocrx_word' id='word_1_552' title='bbox 2223 3689 2345 3742; x_wconf 69' lang='lat' dir='ltr'><strong>qua:</strong></span> <span class='ocrx_word' id='word_1_553' title='bbox 2392 3674 2480 3728; x_wconf 89' lang='lat' dir='ltr'><strong>ille</strong></span> <span class='ocrx_word' id='word_1_554' title='bbox 2539 3673 2793 3728; x_wconf 83' lang='lat' dir='ltr'><strong>exsilium</strong></span> <span class='ocrx_word' id='word_1_555' title='bbox 2829 3673 3170 3741; x_wconf 86' lang='lat' dir='ltr'><strong>decreverat,</strong></span> <span class='ocrx_word' id='word_1_556' title='bbox 3236 3674 3292 3729; x_wconf 91' lang='lat' dir='ltr'><strong>in</strong></span> <span class='ocrx_word' id='word_1_557' title='bbox 3352 3675 3574 3747; x_wconf 86' lang='lat' dir='ltr'><strong>publico</strong></span> <span class='ocrx_word' id='word_1_558' title='bbox 3638 3676 3760 3733; x_wconf 69' lang='lat' dir='ltr'><strong>haec</strong></span> 
     </span>
    </p>
   </div>
   <div class='ocr_carea' id='block_1_78' title="bbox 497 3763 1106 3822">
    <p class='ocr_par' dir='ltr' id='par_1_78' title="bbox 497 3763 1106 3822">
     <span class='ocr_line' id='line_1_78' title="bbox 497 3763 1106 3822; baseline -0.01 -1"><span class='ocrx_word' id='word_1_559' title='bbox 497 3768 799 3822; x_wconf 89' lang='lat' dir='ltr'><strong>etiamnum</strong></span> <span class='ocrx_word' id='word_1_560' title='bbox 838 3780 937 3817; x_wconf 92' lang='lat' dir='ltr'><strong>usu</strong></span> <span class='ocrx_word' id='word_1_561' title='bbox 975 3763 1106 3817; x_wconf 89' lang='lat' dir='ltr'><strong>sint.</strong></span> 
     </span>
    </p>
   </div>
   <div class='ocr_carea' id='block_1_79' title="bbox 566 3847 2065 3921">
    <p class='ocr_par' dir='ltr' id='par_1_79' title="bbox 566 3847 2065 3921">
     <span class='ocr_line' id='line_1_79' title="bbox 566 3847 2065 3921; baseline -0.003 -15"><span class='ocrx_word' id='word_1_562' title='bbox 566 3854 709 3919; x_wconf 87' lang='lat' dir='ltr'><strong>Quid</strong></span> <span class='ocrx_word' id='word_1_563' title='bbox 746 3868 846 3907; x_wconf 87' lang='lat' dir='ltr'><strong>nos</strong></span> <span class='ocrx_word' id='word_1_564' title='bbox 876 3852 1086 3921; x_wconf 75' lang='lat' dir='ltr'><strong>igitur?</strong></span> <span class='ocrx_word' id='word_1_565' title='bbox 1112 3848 1407 3918; x_wconf 86' lang='lat' dir='ltr'><strong>Postquam</strong></span> <span class='ocrx_word' id='word_1_566' title='bbox 1458 3848 1625 3903; x_wconf 87' lang='lat' dir='ltr'><strong>semel</strong></span> <span class='ocrx_word' id='word_1_567' title='bbox 1670 3848 1963 3917; x_wconf 65' lang='lat' dir='ltr'><strong>praevalere</strong></span> <span class='ocrx_word' id='word_1_568' title='bbox 1986 3847 2065 3902; x_wconf 89' lang='lat' dir='ltr'><strong>vi-</strong></span> 
     </span>
    </p>
   </div>
   <div class='ocr_carea' id='block_1_80' title="bbox 2236 3847 3754 3926">
    <p class='ocr_par' dir='ltr' id='par_1_80' title="bbox 2236 3847 3754 3926">
     <span class='ocr_line' id='line_1_80' title="bbox 2236 3847 3754 3926; baseline 0.008 -26"><span class='ocrx_word' id='word_1_569' title='bbox 2236 3849 2300 3901; x_wconf 89' lang='grc' dir='ltr'><strong>Τί</strong></span> <span class='ocrx_word' id='word_1_570' title='bbox 2325 3847 2367 3879; x_wconf 79' lang='lat'>“</span> <span class='ocrx_word' id='word_1_571' title='bbox 2419 3848 2510 3901; x_wconf 78' lang='grc' dir='ltr'><strong>οὖν</strong></span> <span class='ocrx_word' id='word_1_572' title='bbox 2540 3850 2697 3919; x_wconf 84' lang='grc' dir='ltr'><strong>ἡμεῖς</strong></span> <span class='ocrx_word' id='word_1_573' title='bbox 2734 3868 2947 3921; x_wconf 78' lang='grc' dir='ltr'><strong>φαμενς</strong></span> <span class='ocrx_word' id='word_1_574' title='bbox 2988 3852 3316 3925; x_wconf 76' lang='grc' dir='ltr'><strong>Ἐπειδήπερ</strong></span> <span class='ocrx_word' id='word_1_575' title='bbox 3346 3853 3493 3918; x_wconf 83' lang='grc' dir='ltr'><strong>ἀπαξ</strong></span> <span class='ocrx_word' id='word_1_576' title='bbox 3523 3858 3754 3926; x_wconf 83' lang='grc' dir='ltr'><strong>κρατεῖν</strong></span> 
     </span>
    </p>
   </div>
   <div class='ocr_carea' id='block_1_81' title="bbox 498 3939 2072 4017">
    <p class='ocr_par' dir='ltr' id='par_1_81' title="bbox 498 3940 2067 4014">
     <span class='ocr_line' id='line_1_81' title="bbox 498 3940 2067 4014; baseline -0.008 -10"><span class='ocrx_word' id='word_1_577' title='bbox 498 3962 619 4004; x_wconf 82' lang='lat' dir='ltr'><strong>sum</strong></span> <span class='ocrx_word' id='word_1_578' title='bbox 647 3955 749 4009; x_wconf 91' lang='lat' dir='ltr'><strong>est,</strong></span> <span class='ocrx_word' id='word_1_579' title='bbox 780 3961 844 3999; x_wconf 90' lang='lat' dir='ltr'><strong>ne</strong></span> <span class='ocrx_word' id='word_1_580' title='bbox 871 3943 981 4014; x_wconf 74' lang='grc'><strong>(40)</strong></span> <span class='ocrx_word' id='word_1_581' title='bbox 1012 3943 1067 3997; x_wconf 92' lang='lat' dir='ltr'><strong>in</strong></span> <span class='ocrx_word' id='word_1_582' title='bbox 1124 3941 1458 3996; x_wconf 90' lang='lat' dir='ltr'><strong>matrimonii</strong></span> <span class='ocrx_word' id='word_1_583' title='bbox 1501 3940 1740 3995; x_wconf 90' lang='lat' dir='ltr'><strong>coitione</strong></span> <span class='ocrx_word' id='word_1_584' title='bbox 1795 3956 1859 3994; x_wconf 83' lang='lat' dir='ltr'><strong>ex</strong></span> <span class='ocrx_word' id='word_1_585' title='bbox 1911 3955 2067 4010; x_wconf 71' lang='lat' dir='ltr'><strong>aequo</strong></span> 
     </span>
    </p>
   </div>
   <div class='ocr_carea' id='block_1_82' title="bbox 2176 3939 3755 4017">
    <p class='ocr_par' dir='ltr' id='par_1_82' title="bbox 2176 3939 3755 4017">
     <span class='ocr_line' id='line_1_82' title="bbox 2176 3939 3755 4017; baseline 0.006 -27"><span class='ocrx_word' id='word_1_586' title='bbox 2176 3939 2332 4006; x_wconf 76' lang='grc' dir='ltr'><strong>ἔδοξε,</strong></span> <span class='ocrx_word' id='word_1_587' title='bbox 2385 3941 2457 4011; x_wconf 84' lang='grc' dir='ltr'><strong>μὴ</strong></span> <span class='ocrx_word' id='word_1_588' title='bbox 2521 3941 2579 4004; x_wconf 82' lang='grc' dir='ltr'>ἐξ</span> <span class='ocrx_word' id='word_1_589' title='bbox 2641 3942 2755 3995; x_wconf 82' lang='grc' dir='ltr'><strong>ἴσου</strong></span> <span class='ocrx_word' id='word_1_590' title='bbox 2784 3944 2885 4005; x_wconf 89' lang='grc' dir='ltr'><strong>τάς</strong></span> <span class='ocrx_word' id='word_1_591' title='bbox 2930 3945 2987 3997; x_wconf 81' lang='grc' dir='ltr'><strong>ὲν</strong></span> <span class='ocrx_word' id='word_1_592' title='bbox 3028 3947 3093 4015; x_wconf 83' lang='grc' dir='ltr'><strong>τῇ</strong></span> <span class='ocrx_word' id='word_1_593' title='bbox 3126 3946 3384 3999; x_wconf 86' lang='grc' dir='ltr'><strong>συστάσει</strong></span> <span class='ocrx_word' id='word_1_594' title='bbox 3408 3946 3517 3998; x_wconf 85' lang='grc' dir='ltr'><strong>τῶν</strong></span> <span class='ocrx_word' id='word_1_595' title='bbox 3552 3948 3755 4017; x_wconf 87' lang='grc' dir='ltr'><strong>γάμων</strong></span> 
     </span>
    </p>
   </div>
   <div class='ocr_carea' id='block_1_83' title="bbox 498 4030 2065 4101">
    <p class='ocr_par' dir='ltr' id='par_1_83' title="bbox 498 4030 2065 4101">
     <span class='ocr_line' id='line_1_83' title="bbox 498 4030 2065 4101; baseline -0.004 -10"><span class='ocrx_word' id='word_1_596' title='bbox 498 4036 826 4093; x_wconf 90' lang='lat' dir='ltr'><strong>collationes</strong></span> <span class='ocrx_word' id='word_1_597' title='bbox 862 4035 1010 4098; x_wconf 81' lang='lat' dir='ltr'><strong>fiant,</strong></span> <span class='ocrx_word' id='word_1_598' title='bbox 1050 4034 1144 4089; x_wconf 90' lang='lat' dir='ltr'><strong>sed</strong></span> <span class='ocrx_word' id='word_1_599' title='bbox 1168 4032 1341 4101; x_wconf 90' lang='lat' dir='ltr'><strong>major</strong></span> <span class='ocrx_word' id='word_1_600' title='bbox 1381 4030 1677 4086; x_wconf 88' lang='lat' dir='ltr'><strong>donatione</strong></span> <span class='ocrx_word' id='word_1_601' title='bbox 1707 4039 1929 4101; x_wconf 86' lang='lat' dir='ltr'><strong>propter</strong></span> <span class='ocrx_word' id='word_1_602' title='bbox 1961 4048 2065 4084; x_wconf 56' lang='lat' dir='ltr'><strong>nu.</strong></span> 
     </span>
    </p>
   </div>
   <div class='ocr_carea' id='block_1_84' title="bbox 503 4125 2068 4197">
    <p class='ocr_par' dir='ltr' id='par_1_84' title="bbox 503 4125 2068 4197">
     <span class='ocr_line' id='line_1_84' title="bbox 503 4125 2068 4197; baseline 0 -18"><span class='ocrx_word' id='word_1_603' title='bbox 503 4128 644 4197; x_wconf 88' lang='lat' dir='ltr'><strong>ptias</strong></span> <span class='ocrx_word' id='word_1_604' title='bbox 667 4126 766 4180; x_wconf 89' lang='lat' dir='ltr'><strong>dos</strong></span> <span class='ocrx_word' id='word_1_605' title='bbox 809 4125 900 4190; x_wconf 91' lang='lat' dir='ltr'><strong>sit,</strong></span> <span class='ocrx_word' id='word_1_606' title='bbox 932 4126 1033 4179; x_wconf 92' lang='lat' dir='ltr'><strong>hoc</strong></span> <span class='ocrx_word' id='word_1_607' title='bbox 1063 4128 1115 4178; x_wconf 91' lang='lat' dir='ltr'><strong>in</strong></span> <span class='ocrx_word' id='word_1_608' title='bbox 1161 4125 1437 4194; x_wconf 88' lang='lat' dir='ltr'><strong>republica</strong></span> <span class='ocrx_word' id='word_1_609' title='bbox 1472 4126 1733 4190; x_wconf 89' lang='lat' dir='ltr'><strong>obtineto,</strong></span> <span class='ocrx_word' id='word_1_610' title='bbox 1763 4134 1816 4178; x_wconf 89' lang='lat' dir='ltr'><strong>et</strong></span> <span class='ocrx_word' id='word_1_611' title='bbox 1842 4127 1886 4179; x_wconf 87' lang='lat' dir='ltr'><strong>si</strong></span> <span class='ocrx_word' id='word_1_612' title='bbox 1920 4141 2068 4180; x_wconf 88' lang='lat' dir='ltr'><strong>mors</strong></span> 
     </span>
    </p>
   </div>
   <div class='ocr_carea' id='block_1_85' title="bbox 502 4213 2066 4284">
    <p class='ocr_par' dir='ltr' id='par_1_85' title="bbox 502 4213 2066 4284">
     <span class='ocr_line' id='line_1_85' title="bbox 502 4213 2066 4284; baseline -0.003 -14"><span class='ocrx_word' id='word_1_613' title='bbox 502 4215 911 4271; x_wconf 89' lang='lat' dir='ltr'><strong>matrimonium</strong></span> <span class='ocrx_word' id='word_1_614' title='bbox 941 4214 1182 4276; x_wconf 86' lang='lat' dir='ltr'><strong>dirimat,</strong></span> <span class='ocrx_word' id='word_1_615' title='bbox 1213 4222 1324 4267; x_wconf 92' lang='lat' dir='ltr'><strong>tum</strong></span> <span class='ocrx_word' id='word_1_616' title='bbox 1353 4215 1398 4269; x_wconf 88' lang='lat' dir='ltr'><strong>si</strong></span> <span class='ocrx_word' id='word_1_617' title='bbox 1428 4214 1538 4284; x_wconf 78' lang='grc'><strong>(41)</strong></span> <span class='ocrx_word' id='word_1_618' title='bbox 1583 4215 1814 4267; x_wconf 88' lang='lat' dir='ltr'><strong>maritus</strong></span> <span class='ocrx_word' id='word_1_619' title='bbox 1852 4213 1971 4267; x_wconf 88' lang='lat' dir='ltr'><strong>sine</strong></span> <span class='ocrx_word' id='word_1_620' title='bbox 2004 4214 2066 4266; x_wconf 80' lang='lat' dir='ltr'><strong>li-</strong></span> 
     </span>
    </p>
   </div>
   <div class='ocr_carea' id='block_1_86' title="bbox 495 4304 2062 4376">
    <p class='ocr_par' dir='ltr' id='par_1_86' title="bbox 495 4304 2062 4376">
     <span class='ocr_line' id='line_1_86' title="bbox 495 4304 2062 4376; baseline -0.004 -14"><span class='ocrx_word' id='word_1_621' title='bbox 495 4308 641 4362; x_wconf 81' lang='lat' dir='ltr'><strong>heris</strong></span> <span class='ocrx_word' id='word_1_622' title='bbox 676 4308 919 4372; x_wconf 85' lang='lat' dir='ltr'><strong>decedat,</strong></span> <span class='ocrx_word' id='word_1_623' title='bbox 950 4314 1277 4376; x_wconf 82' lang='lat' dir='ltr'><strong>pactumque</strong></span> <span class='ocrx_word' id='word_1_624' title='bbox 1326 4322 1433 4358; x_wconf 92' lang='lat' dir='ltr'><strong>non</strong></span> <span class='ocrx_word' id='word_1_625' title='bbox 1464 4304 1661 4367; x_wconf 89' lang='lat' dir='ltr'><strong>subsit,</strong></span> <span class='ocrx_word' id='word_1_626' title='bbox 1692 4319 1827 4358; x_wconf 81' lang='lat' dir='ltr'><strong>uxor</strong></span> <span class='ocrx_word' id='word_1_627' title='bbox 1880 4305 2062 4358; x_wconf 86' lang='lat' dir='ltr'><strong>dotem</strong></span> 
     </span>
    </p>
   </div>
   <div class='ocr_carea' id='block_1_87' title="bbox 495 4395 2071 4469">
    <p class='ocr_par' dir='ltr' id='par_1_87' title="bbox 495 4395 2071 4469">
     <span class='ocr_line' id='line_1_87' title="bbox 495 4395 2071 4469; baseline -0.004 -13"><span class='ocrx_word' id='word_1_628' title='bbox 495 4399 959 4469; x_wconf 89' lang='lat' dir='ltr'><strong>donationemque</strong></span> <span class='ocrx_word' id='word_1_629' title='bbox 982 4408 1202 4468; x_wconf 61' lang='lat' dir='ltr'><strong>proliter</strong></span> <span class='ocrx_word' id='word_1_630' title='bbox 1224 4398 1463 4466; x_wconf 89' lang='lat' dir='ltr'><strong>nuptias,</strong></span> <span class='ocrx_word' id='word_1_631' title='bbox 1484 4398 1616 4450; x_wconf 91' lang='lat' dir='ltr'><strong>nihil</strong></span> <span class='ocrx_word' id='word_1_632' title='bbox 1636 4403 1815 4451; x_wconf 85' lang='lat' dir='ltr'><strong>autem</strong></span> <span class='ocrx_word' id='word_1_633' title='bbox 1836 4395 2071 4464; x_wconf 89' lang='lat' dir='ltr'><strong>amplius</strong></span> 
     </span>
    </p>
   </div>
   <div class='ocr_carea' id='block_1_88' title="bbox 496 4488 2065 4558">
    <p class='ocr_par' dir='ltr' id='par_1_88' title="bbox 496 4488 2065 4558">
     <span class='ocr_line' id='line_1_88' title="bbox 496 4488 2065 4558; baseline -0.003 -14"><span class='ocrx_word' id='word_1_634' title='bbox 496 4493 709 4547; x_wconf 87' lang='lat' dir='ltr'><strong>auferto</strong></span> <span class='ocrx_word' id='word_1_635' title='bbox 750 4511 762 4546; x_wconf 93' lang='lat'>:</span> <span class='ocrx_word' id='word_1_636' title='bbox 797 4496 842 4547; x_wconf 91' lang='lat' dir='ltr'><strong>si</strong></span> <span class='ocrx_word' id='word_1_637' title='bbox 890 4507 1019 4546; x_wconf 88' lang='lat' dir='ltr'><strong>vero</strong></span> <span class='ocrx_word' id='word_1_638' title='bbox 1077 4491 1358 4545; x_wconf 76' lang='lat' dir='ltr'><strong>ululierem</strong></span> <span class='ocrx_word' id='word_1_639' title='bbox 1403 4504 1549 4543; x_wconf 88' lang='lat' dir='ltr'><strong>mors</strong></span> <span class='ocrx_word' id='word_1_640' title='bbox 1580 4488 1836 4558; x_wconf 88' lang='lat' dir='ltr'><strong>abripiat.</strong></span> <span class='ocrx_word' id='word_1_641' title='bbox 1882 4488 2065 4541; x_wconf 89' lang='lat' dir='ltr'><strong>dotem</strong></span> 
     </span>
    </p>
   </div>
   <div class='ocr_carea' id='block_1_89' title="bbox 493 4579 2063 4652">
    <p class='ocr_par' dir='ltr' id='par_1_89' title="bbox 493 4579 2063 4652">
     <span class='ocr_line' id='line_1_89' title="bbox 493 4579 2063 4652; baseline -0.004 -14"><span class='ocrx_word' id='word_1_642' title='bbox 493 4583 739 4639; x_wconf 75' lang='lat' dir='ltr'><strong>hzeredes</strong></span> <span class='ocrx_word' id='word_1_643' title='bbox 760 4582 880 4652; x_wconf 85' lang='lat' dir='ltr'><strong>ejus</strong></span> <span class='ocrx_word' id='word_1_644' title='bbox 902 4582 1161 4651; x_wconf 89' lang='lat' dir='ltr'><strong>capiunto</strong></span> <span class='ocrx_word' id='word_1_645' title='bbox 1182 4600 1194 4634; x_wconf 92' lang='lat'><strong>:</strong></span> <span class='ocrx_word' id='word_1_646' title='bbox 1212 4580 1442 4633; x_wconf 90' lang='lat' dir='ltr'><strong>maritus</strong></span> <span class='ocrx_word' id='word_1_647' title='bbox 1466 4587 1645 4633; x_wconf 91' lang='lat' dir='ltr'><strong>autem</strong></span> <span class='ocrx_word' id='word_1_648' title='bbox 1674 4580 1789 4635; x_wconf 90' lang='lat' dir='ltr'><strong>suis</strong></span> <span class='ocrx_word' id='word_1_649' title='bbox 1811 4579 1973 4632; x_wconf 89' lang='lat' dir='ltr'><strong>rebus</strong></span> <span class='ocrx_word' id='word_1_650' title='bbox 1994 4593 2063 4632; x_wconf 92' lang='lat' dir='ltr'><strong>ne</strong></span> 
     </span>
    </p>
   </div>
   <div class='ocr_carea' id='block_1_90' title="bbox 493 4666 2065 4743">
    <p class='ocr_par' dir='ltr' id='par_1_90' title="bbox 493 4666 2065 4743">
     <span class='ocr_line' id='line_1_90' title="bbox 493 4666 2065 4743; baseline -0.006 -16"><span class='ocrx_word' id='word_1_651' title='bbox 493 4674 759 4743; x_wconf 87' lang='lat' dir='ltr'><strong>privator,</strong></span> <span class='ocrx_word' id='word_1_652' title='bbox 795 4685 972 4740; x_wconf 91' lang='lat' dir='ltr'><strong>neque</strong></span> <span class='ocrx_word' id='word_1_653' title='bbox 999 4685 1118 4741; x_wconf 75' lang='lat' dir='ltr'><strong>qua:</strong></span> <span class='ocrx_word' id='word_1_654' title='bbox 1174 4669 1352 4739; x_wconf 90' lang='lat' dir='ltr'><strong>ipsius</strong></span> <span class='ocrx_word' id='word_1_655' title='bbox 1399 4674 1529 4723; x_wconf 92' lang='lat' dir='ltr'><strong>sunt</strong></span> <span class='ocrx_word' id='word_1_656' title='bbox 1551 4668 1663 4734; x_wconf 88' lang='lat' dir='ltr'><strong>alii,</strong></span> <span class='ocrx_word' id='word_1_657' title='bbox 1694 4668 1788 4722; x_wconf 92' lang='lat' dir='ltr'><strong>sed</strong></span> <span class='ocrx_word' id='word_1_658' title='bbox 1825 4667 1940 4736; x_wconf 90' lang='lat' dir='ltr'><strong>ipse</strong></span> <span class='ocrx_word' id='word_1_659' title='bbox 1962 4666 2065 4719; x_wconf 87' lang='lat' dir='ltr'><strong>ha-</strong></span> 
     </span>
    </p>
   </div>
   <div class='ocr_carea' id='block_1_91' title="bbox 2164 4030 3755 4106">
    <p class='ocr_par' dir='ltr' id='par_1_91' title="bbox 2164 4030 3755 4106">
     <span class='ocr_line' id='line_1_91' title="bbox 2164 4030 3755 4106; baseline 0.004 -24"><span class='ocrx_word' id='word_1_660' title='bbox 2164 4030 2409 4098; x_wconf 78' lang='grc' dir='ltr'><strong>γίνεσθαι</strong></span> <span class='ocrx_word' id='word_1_661' title='bbox 2455 4030 2785 4094; x_wconf 83' lang='grc' dir='ltr'><strong>συντελείας,</strong></span> <span class='ocrx_word' id='word_1_662' title='bbox 2833 4033 2954 4085; x_wconf 78' lang='grc' dir='ltr'><strong>ἀλλ’</strong></span> <span class='ocrx_word' id='word_1_663' title='bbox 3007 4030 3146 4087; x_wconf 80' lang='grc' dir='ltr'><strong>εἶναι</strong></span> <span class='ocrx_word' id='word_1_664' title='bbox 3205 4035 3299 4088; x_wconf 80' lang='grc' dir='ltr'><strong>τοῦ</strong></span> <span class='ocrx_word' id='word_1_665' title='bbox 3335 4035 3604 4089; x_wconf 75' lang='grc' dir='ltr'><strong>ὑποϐόλον</strong></span> <span class='ocrx_word' id='word_1_666' title='bbox 3650 4038 3755 4106; x_wconf 83' lang='grc' dir='ltr'><strong>τὴν</strong></span> 
     </span>
    </p>
   </div>
   <div class='ocr_carea' id='block_1_92' title="bbox 2167 4121 3752 4194">
    <p class='ocr_par' dir='ltr' id='par_1_92' title="bbox 2167 4121 3752 4194">
     <span class='ocr_line' id='line_1_92' title="bbox 2167 4121 3752 4194; baseline 0.004 -20"><span class='ocrx_word' id='word_1_667' title='bbox 2167 4124 2389 4192; x_wconf 85' lang='grc' dir='ltr'><strong>προῖκα,</strong></span> <span class='ocrx_word' id='word_1_668' title='bbox 2450 4121 2604 4174; x_wconf 72' lang='grc' dir='ltr'><strong>τοῦτο</strong></span> <span class='ocrx_word' id='word_1_669' title='bbox 2638 4122 2778 4175; x_wconf 81' lang='grc' dir='ltr'><strong>ἔστω</strong></span> <span class='ocrx_word' id='word_1_670' title='bbox 2832 4125 3268 4194; x_wconf 76' lang='grc' dir='ltr'><strong>πολιτευόμενον.</strong></span> <span class='ocrx_word' id='word_1_671' title='bbox 3317 4126 3564 4179; x_wconf 83' lang='grc' dir='ltr'><strong>Θανάτου</strong></span> <span class='ocrx_word' id='word_1_672' title='bbox 3601 4128 3646 4162; x_wconf 71' lang='grc' dir='ltr'><strong>δ’</strong></span> <span class='ocrx_word' id='word_1_673' title='bbox 3693 4128 3752 4181; x_wconf 82' lang='grc' dir='ltr'><strong>δὲ</strong></span> 
     </span>
    </p>
   </div>
   <div class='ocr_carea' id='block_1_93' title="bbox 2174 4211 3749 4290">
    <p class='ocr_par' dir='ltr' id='par_1_93' title="bbox 2174 4211 3749 4290">
     <span class='ocr_line' id='line_1_93' title="bbox 2174 4211 3749 4290; baseline 0.005 -27"><span class='ocrx_word' id='word_1_674' title='bbox 2174 4212 2433 4280; x_wconf 83' lang='grc' dir='ltr'><strong>φέροντος</strong></span> <span class='ocrx_word' id='word_1_675' title='bbox 2462 4211 2615 4263; x_wconf 90' lang='grc' dir='ltr'><strong>λύσιν</strong></span> <span class='ocrx_word' id='word_1_676' title='bbox 2677 4212 2755 4281; x_wconf 83' lang='grc' dir='ltr'><strong>τῷ</strong></span> <span class='ocrx_word' id='word_1_677' title='bbox 2813 4214 2997 4285; x_wconf 83' lang='grc' dir='ltr'><strong>γάμῳ,</strong></span> <span class='ocrx_word' id='word_1_678' title='bbox 3041 4217 3090 4267; x_wconf 83' lang='grc' dir='ltr'><strong>εί</strong></span> <span class='ocrx_word' id='word_1_679' title='bbox 3132 4217 3230 4287; x_wconf 85' lang='grc' dir='ltr'><strong>μὲν</strong></span> <span class='ocrx_word' id='word_1_680' title='bbox 3270 4219 3299 4271; x_wconf 95' lang='lat'><strong>6</strong></span> <span class='ocrx_word' id='word_1_681' title='bbox 3350 4217 3489 4290; x_wconf 83' lang='grc' dir='ltr'><strong>ἀνὴρ</strong></span> <span class='ocrx_word' id='word_1_682' title='bbox 3519 4218 3749 4281; x_wconf 76' lang='grc' dir='ltr'><strong>ἄτεκνος</strong></span> 
     </span>
    </p>
   </div>
   <div class='ocr_carea' id='block_1_94' title="bbox 2176 4301 3747 4381">
    <p class='ocr_par' dir='ltr' id='par_1_94' title="bbox 2176 4301 3747 4381">
     <span class='ocr_line' id='line_1_94' title="bbox 2176 4301 3747 4381; baseline 0.005 -26"><span class='ocrx_word' id='word_1_683' title='bbox 2176 4302 2324 4355; x_wconf 85' lang='grc' dir='ltr'><strong>ἀπίοι</strong></span> <span class='ocrx_word' id='word_1_684' title='bbox 2353 4302 2443 4355; x_wconf 74' lang='grc' dir='ltr'><strong>καὶ</strong></span> <span class='ocrx_word' id='word_1_685' title='bbox 2464 4301 2752 4371; x_wconf 78' lang='grc' dir='ltr'><strong>σύμφωνον</strong></span> <span class='ocrx_word' id='word_1_686' title='bbox 2785 4306 2861 4373; x_wconf 81' lang='grc' dir='ltr'><strong>μὴ</strong></span> <span class='ocrx_word' id='word_1_687' title='bbox 2886 4309 3032 4377; x_wconf 84' lang='grc' dir='ltr'><strong>παρῇ</strong></span> <span class='ocrx_word' id='word_1_688' title='bbox 3047 4307 3117 4373; x_wconf 81' lang='grc'><strong>⁸⁸,</strong></span> <span class='ocrx_word' id='word_1_689' title='bbox 3146 4308 3529 4377; x_wconf 81' lang='grc' dir='ltr'><strong>ἀνακομιζέτω</strong></span> <span class='ocrx_word' id='word_1_690' title='bbox 3549 4312 3583 4381; x_wconf 81' lang='grc' dir='ltr'><strong>ὴ</strong></span> <span class='ocrx_word' id='word_1_691' title='bbox 3607 4311 3747 4379; x_wconf 77' lang='grc' dir='ltr'><strong>γυνὴ</strong></span> 
     </span>
    </p>
   </div>
   <div class='ocr_carea' id='block_1_95' title="bbox 2176 4393 3744 4470">
    <p class='ocr_par' dir='ltr' id='par_1_95' title="bbox 2176 4393 3744 4470">
     <span class='ocr_line' id='line_1_95' title="bbox 2176 4393 3744 4470; baseline 0.006 -26"><span class='ocrx_word' id='word_1_692' title='bbox 2176 4393 2274 4461; x_wconf 88' lang='grc' dir='ltr'><strong>τήν</strong></span> <span class='ocrx_word' id='word_1_693' title='bbox 2300 4410 2359 4444; x_wconf 90' lang='grc' dir='ltr'><strong>τε</strong></span> <span class='ocrx_word' id='word_1_694' title='bbox 2388 4395 2589 4462; x_wconf 83' lang='grc' dir='ltr'><strong>προῖκα</strong></span> <span class='ocrx_word' id='word_1_695' title='bbox 2620 4395 2713 4447; x_wconf 67' lang='grc' dir='ltr'><strong>καλ⁸</strong></span> <span class='ocrx_word' id='word_1_696' title='bbox 2739 4395 2798 4447; x_wconf 83' lang='grc' dir='ltr'><strong>τὺ</strong></span> <span class='ocrx_word' id='word_1_697' title='bbox 2819 4396 3099 4459; x_wconf 86' lang='grc' dir='ltr'><strong>ὑπόϐολον,</strong></span> <span class='ocrx_word' id='word_1_698' title='bbox 3130 4401 3224 4451; x_wconf 72' lang='grc' dir='ltr'><strong>καὶ</strong></span> <span class='ocrx_word' id='word_1_699' title='bbox 3250 4400 3415 4470; x_wconf 83' lang='grc' dir='ltr'><strong>μηδὲν</strong></span> <span class='ocrx_word' id='word_1_700' title='bbox 3443 4399 3526 4455; x_wconf 72' lang='grc' dir='ltr'><strong>ἔτι</strong></span> <span class='ocrx_word' id='word_1_701' title='bbox 3558 4401 3744 4454; x_wconf 82' lang='grc' dir='ltr'><strong>πλέον·</strong></span> 
     </span>
    </p>
   </div>
   <div class='ocr_carea' id='block_1_96' title="bbox 2175 4481 3747 4558">
    <p class='ocr_par' dir='ltr' id='par_1_96' title="bbox 2175 4481 3747 4558">
     <span class='ocr_line' id='line_1_96' title="bbox 2175 4481 3747 4558; baseline 0.006 -25"><span class='ocrx_word' id='word_1_702' title='bbox 2175 4482 2222 4533; x_wconf 87' lang='grc' dir='ltr'><strong>εί</strong></span> <span class='ocrx_word' id='word_1_703' title='bbox 2242 4481 2299 4533; x_wconf 84' lang='grc' dir='ltr'><strong>δὲ</strong></span> <span class='ocrx_word' id='word_1_704' title='bbox 2325 4482 2422 4551; x_wconf 80' lang='grc' dir='ltr'><strong>τὴν</strong></span> <span class='ocrx_word' id='word_1_705' title='bbox 2440 4486 2676 4549; x_wconf 88' lang='grc' dir='ltr'><strong>γυναῖκα</strong></span> <span class='ocrx_word' id='word_1_706' title='bbox 2708 4485 2736 4535; x_wconf 92' lang='lat'><strong>6</strong></span> <span class='ocrx_word' id='word_1_707' title='bbox 2763 4484 2991 4549; x_wconf 83' lang='grc' dir='ltr'><strong>θάνατος</strong></span> <span class='ocrx_word' id='word_1_708' title='bbox 3022 4486 3309 4541; x_wconf 84' lang='grc' dir='ltr'><strong>διασπάσοι</strong></span> <span class='ocrx_word' id='word_1_709' title='bbox 3337 4489 3404 4553; x_wconf 80' lang='grc'><strong>⁵⁸,</strong></span> <span class='ocrx_word' id='word_1_710' title='bbox 3434 4490 3535 4558; x_wconf 82' lang='grc' dir='ltr'><strong>τῆς</strong></span> <span class='ocrx_word' id='word_1_711' title='bbox 3564 4490 3664 4558; x_wconf 84' lang='grc' dir='ltr'><strong>μὲν</strong></span> <span class='ocrx_word' id='word_1_712' title='bbox 3697 4491 3747 4541; x_wconf 74' lang='grc' dir='ltr'>οἱ</span> 
     </span>
    </p>
   </div>
   <div class='ocr_carea' id='block_1_97' title="bbox 2175 4572 3745 4652">
    <p class='ocr_par' dir='ltr' id='par_1_97' title="bbox 2175 4572 3745 4652">
     <span class='ocr_line' id='line_1_97' title="bbox 2175 4572 3745 4652; baseline 0.005 -28"><span class='ocrx_word' id='word_1_713' title='bbox 2175 4572 2498 4643; x_wconf 89' lang='grc' dir='ltr'><strong>κληρονόμοι</strong></span> <span class='ocrx_word' id='word_1_714' title='bbox 2523 4574 2620 4644; x_wconf 81' lang='grc' dir='ltr'><strong>τὴν</strong></span> <span class='ocrx_word' id='word_1_715' title='bbox 2646 4578 2845 4645; x_wconf 84' lang='grc' dir='ltr'><strong>προῖκα</strong></span> <span class='ocrx_word' id='word_1_716' title='bbox 2901 4576 3346 4648; x_wconf 88' lang='grc' dir='ltr'><strong>λαμϐανέτωσαν,</strong></span> <span class='ocrx_word' id='word_1_717' title='bbox 3392 4581 3471 4651; x_wconf 84' lang='grc' dir='ltr'><strong>τῷ</strong></span> <span class='ocrx_word' id='word_1_718' title='bbox 3504 4582 3662 4652; x_wconf 72' lang='grc' dir='ltr'><strong>ἀνδρὶ</strong></span> <span class='ocrx_word' id='word_1_719' title='bbox 3687 4580 3745 4633; x_wconf 80' lang='grc' dir='ltr'><strong>δὲ</strong></span> 
     </span>
    </p>
   </div>
   <div class='ocr_carea' id='block_1_98' title="bbox 2178 4662 3742 4742">
    <p class='ocr_par' dir='ltr' id='par_1_98' title="bbox 2178 4662 3742 4742">
     <span class='ocr_line' id='line_1_98' title="bbox 2178 4662 3742 4742; baseline 0.004 -26"><span class='ocrx_word' id='word_1_720' title='bbox 2178 4662 2252 4733; x_wconf 83' lang='grc' dir='ltr'><strong>μὴ</strong></span> <span class='ocrx_word' id='word_1_721' title='bbox 2291 4662 2524 4731; x_wconf 81' lang='grc' dir='ltr'><strong>γινέσθω</strong></span> <span class='ocrx_word' id='word_1_722' title='bbox 2548 4665 2656 4718; x_wconf 84' lang='grc' dir='ltr'><strong>τῶν</strong></span> <span class='ocrx_word' id='word_1_723' title='bbox 2686 4664 2830 4719; x_wconf 75' lang='grc' dir='ltr'><strong>ἰδίων</strong></span> <span class='ocrx_word' id='word_1_724' title='bbox 2860 4667 2894 4736; x_wconf 81' lang='grc' dir='ltr'>ὴ</span> <span class='ocrx_word' id='word_1_725' title='bbox 2936 4668 3211 4740; x_wconf 88' lang='grc' dir='ltr'><strong>στέρησις,</strong></span> <span class='ocrx_word' id='word_1_726' title='bbox 3254 4671 3388 4742; x_wconf 85' lang='grc' dir='ltr'><strong>μηδὲ</strong></span> <span class='ocrx_word' id='word_1_727' title='bbox 3420 4672 3491 4725; x_wconf 77' lang='grc' dir='ltr'><strong>τὰ</strong></span> <span class='ocrx_word' id='word_1_728' title='bbox 3530 4671 3742 4724; x_wconf 80' lang='grc' dir='ltr'><strong>ἐκείνου</strong></span> 
     </span>
    </p>
   </div>
   <div class='ocr_carea' id='block_1_99' title="bbox 1701 4802 2381 4860">
    <p class='ocr_par' dir='ltr' id='par_1_99' title="bbox 1701 4802 2381 4860">
     <span class='ocr_line' id='line_1_99' title="bbox 1701 4802 2381 4860; baseline -0.003 -1"><span class='ocrx_word' id='word_1_729' title='bbox 1701 4803 1937 4860; x_wconf 63' lang='lat' dir='ltr'><strong>VARIIE</strong></span> <span class='ocrx_word' id='word_1_730' title='bbox 1978 4802 2381 4859; x_wconf 79' lang='lat' dir='ltr'><strong>LECTIONES.</strong></span> 
     </span>
    </p>
   </div>
   <div class='ocr_carea' id='block_1_100' title="bbox 563 4922 3736 5007">
    <p class='ocr_par' dir='ltr' id='par_1_100' title="bbox 563 4922 3736 5007">
     <span class='ocr_line' id='line_1_100' title="bbox 563 4922 3736 5007; baseline 0 -30"><span class='ocrx_word' id='word_1_731' title='bbox 563 4926 607 5007; x_wconf 54' lang='grc' dir='ltr'><strong><em>ς</em></strong></span> <span class='ocrx_word' id='word_1_732' title='bbox 632 4923 775 5007; x_wconf 65' lang='lat' dir='ltr'><strong>Epit.</strong></span> <span class='ocrx_word' id='word_1_733' title='bbox 831 4924 1069 5007; x_wconf 55' lang='grc' dir='ltr'><strong>οἰκείων.</strong></span> <span class='ocrx_word' id='word_1_734' title='bbox 1154 4923 1198 4955; x_wconf 86' lang='grc'><strong>³⁸</strong></span> <span class='ocrx_word' id='word_1_735' title='bbox 1230 4922 1443 5007; x_wconf 44' lang='lat' dir='ltr'><strong>Reliqui</strong></span> <span class='ocrx_word' id='word_1_736' title='bbox 1480 4929 1698 5007; x_wconf 59' lang='lat' dir='ltr'><strong>praeter</strong></span> <span class='ocrx_word' id='word_1_737' title='bbox 1753 4925 1894 5007; x_wconf 58' lang='lat' dir='ltr'><strong>epit.</strong></span> <span class='ocrx_word' id='word_1_738' title='bbox 1940 4940 2050 5007; x_wconf 39' lang='lat' dir='ltr'><strong>om:</strong></span> <span class='ocrx_word' id='word_1_739' title='bbox 2103 4925 2192 5007; x_wconf 60' lang='grc' dir='ltr'><strong>ἓνι</strong></span> <span class='ocrx_word' id='word_1_740' title='bbox 2237 4994 2262 5007; x_wconf 39' lang='grc'><strong>⁸.</strong></span> <span class='ocrx_word' id='word_1_741' title='bbox 2292 4922 2594 5007; x_wconf 44' lang='lat' dir='ltr'><strong>&quot;&#39;Reliqu&#39;i‘</strong></span> <span class='ocrx_word' id='word_1_742' title='bbox 2633 4934 2826 5007; x_wconf 66' lang='lat' dir='ltr'><strong>praeter</strong></span> <span class='ocrx_word' id='word_1_743' title='bbox 2876 4923 3171 5007; x_wconf 45' lang='lat' dir='ltr'><strong>-non</strong></span> <span class='ocrx_word' id='word_1_744' title='bbox 3236 4925 3436 5007; x_wconf 85' lang='lat' dir='ltr'><strong>habent</strong></span> <span class='ocrx_word' id='word_1_745' title='bbox 3490 4925 3736 5007; x_wconf 59' lang='grc' dir='ltr'><strong>τελευτῇ,</strong></span> 
     </span>
    </p>
   </div>
   <div class='ocr_carea' id='block_1_101' title="bbox 496 4991 3737 5065">
    <p class='ocr_par' dir='ltr' id='par_1_101' title="bbox 496 4991 3737 5065">
     <span class='ocr_line' id='line_1_101' title="bbox 496 4991 3737 5065; baseline 0 -18"><span class='ocrx_word' id='word_1_746' title='bbox 496 4994 540 5028; x_wconf 70' lang='grc' dir='ltr'><strong>δ’</strong></span> <span class='ocrx_word' id='word_1_747' title='bbox 568 4991 706 5065; x_wconf 75' lang='lat' dir='ltr'><strong>Epit.</strong></span> <span class='ocrx_word' id='word_1_748' title='bbox 741 4993 1155 5065; x_wconf 73' lang='grc' dir='ltr'><strong>συντεθειμένοι.</strong></span> <span class='ocrx_word' id='word_1_749' title='bbox 1257 4992 1303 5065; x_wconf 59' lang='grc' dir='ltr'><strong>’τί</strong></span> <span class='ocrx_word' id='word_1_750' title='bbox 1326 4991 1529 5065; x_wconf 80' lang='lat' dir='ltr'><strong>Omnes</strong></span> <span class='ocrx_word' id='word_1_751' title='bbox 1561 5001 1753 5065; x_wconf 61' lang='lat' dir='ltr'><strong>printer</strong></span> <span class='ocrx_word' id='word_1_752' title='bbox 1782 4991 1921 5065; x_wconf 87' lang='lat' dir='ltr'><strong>Epit.</strong></span> <span class='ocrx_word' id='word_1_753' title='bbox 1949 4996 2147 5065; x_wconf 87' lang='lat' dir='ltr'><strong>habent</strong></span> <span class='ocrx_word' id='word_1_754' title='bbox 2170 4993 2376 5047; x_wconf 78' lang='grc' dir='ltr'><strong>έκδικά.</strong></span> <span class='ocrx_word' id='word_1_755' title='bbox 2469 4994 2514 5065; x_wconf 69' lang='lat'><strong>‘_’</strong></span> <span class='ocrx_word' id='word_1_756' title='bbox 2554 4991 2697 5062; x_wconf 87' lang='lat' dir='ltr'><strong>Epit.</strong></span> <span class='ocrx_word' id='word_1_757' title='bbox 2727 4991 3004 5065; x_wconf 13' lang='lat' dir='ltr'><strong>hicr_addi_t</strong></span> <span class='ocrx_word' id='word_1_758' title='bbox 3031 4994 3117 5065; x_wconf 80' lang='grc' dir='ltr'><strong>δὴ,</strong></span> <span class='ocrx_word' id='word_1_759' title='bbox 3152 5009 3274 5049; x_wconf 78' lang='lat' dir='ltr'><strong>mox</strong></span> <span class='ocrx_word' id='word_1_760' title='bbox 3328 5006 3508 5065; x_wconf 85' lang='lat' dir='ltr'><strong>autem</strong></span> <span class='ocrx_word' id='word_1_761' title='bbox 3528 4991 3737 5065; x_wconf 78' lang='lat' dir='ltr'><strong>omittit</strong></span> 
     </span>
    </p>
   </div>
   <div class='ocr_carea' id='block_1_102' title="bbox 494 5061 3732 5134">
    <p class='ocr_par' dir='ltr' id='par_1_102' title="bbox 494 5061 3732 5134">
     <span class='ocr_line' id='line_1_102' title="bbox 494 5061 3732 5134; baseline 0.001 -18"><span class='ocrx_word' id='word_1_762' title='bbox 494 5066 588 5134; x_wconf 67' lang='grc' dir='ltr'><strong>καὶ</strong></span> <span class='ocrx_word' id='word_1_763' title='bbox 614 5061 1145 5134; x_wconf 27' lang='grc' dir='ltr'><strong>’σοφῶς.η⁶³“Ερίι.</strong></span> <span class='ocrx_word' id='word_1_764' title='bbox 1196 5062 1298 5134; x_wconf 7' lang='grc' dir='ltr'><strong>καὶ,</strong></span> <span class='ocrx_word' id='word_1_765' title='bbox 1341 5063 1503 5134; x_wconf 58' lang='grc' dir='ltr'><strong>ήμᾷί</strong></span> <span class='ocrx_word' id='word_1_766' title='bbox 1553 5061 1919 5134; x_wconf 21' lang='grc' dir='ltr'><strong>*τῆς-οἰκείας.</strong></span> <span class='ocrx_word' id='word_1_767' title='bbox 2004 5064 2049 5095; x_wconf 65' lang='grc' dir='ltr'><strong>⁴δ</strong></span> <span class='ocrx_word' id='word_1_768' title='bbox 2074 5065 2219 5133; x_wconf 89' lang='lat' dir='ltr'><strong>Epit.</strong></span> <span class='ocrx_word' id='word_1_769' title='bbox 2253 5061 2646 5134; x_wconf 64' lang='grc' dir='ltr'><strong>ἀρχαιοτέροις.</strong></span> <span class='ocrx_word' id='word_1_770' title='bbox 2727 5062 2771 5095; x_wconf 74' lang='grc'><strong>⁸⁵</strong></span> <span class='ocrx_word' id='word_1_771' title='bbox 2815 5063 2906 5134; x_wconf 84' lang='lat' dir='ltr'><strong>Sic</strong></span> <span class='ocrx_word' id='word_1_772' title='bbox 2958 5061 3130 5134; x_wconf 40' lang='lat' dir='ltr'><strong>Epit;</strong></span> <span class='ocrx_word' id='word_1_773' title='bbox 3174 5066 3368 5134; x_wconf 88' lang='lat' dir='ltr'><strong>reliqui</strong></span> <span class='ocrx_word' id='word_1_774' title='bbox 3413 5064 3732 5132; x_wconf 81' lang='grc' dir='ltr'><strong>φιλόνεικον.</strong></span> 
     </span>
    </p>
   </div>
   <div class='ocr_carea' id='block_1_103' title="bbox 495 5129 3733 5213">
    <p class='ocr_par' dir='ltr' id='par_1_103' title="bbox 495 5129 3733 5213">
     <span class='ocr_line' id='line_1_103' title="bbox 495 5129 3733 5213; baseline 0.001 -28"><span class='ocrx_word' id='word_1_775' title='bbox 495 5133 677 5213; x_wconf 48' lang='grc' dir='ltr'><strong>δθτβε</strong></span> <span class='ocrx_word' id='word_1_776' title='bbox 700 5129 754 5186; x_wconf 81' lang='lat' dir='ltr'><strong>et</strong></span> <span class='ocrx_word' id='word_1_777' title='bbox 782 5129 1371 5213; x_wconf 26' lang='lat' dir='ltr'><strong>eanbfwfoniittitlipit‘z’</strong></span> <span class='ocrx_word' id='word_1_778' title='bbox 1396 5129 1682 5213; x_wconf 45' lang='lat' dir='ltr'><strong>&quot;.Reliqui</strong></span> <span class='ocrx_word' id='word_1_779' title='bbox 1721 5141 1914 5213; x_wconf 38' lang='lat' dir='ltr'><strong>praeter</strong></span> <span class='ocrx_word' id='word_1_780' title='bbox 1967 5129 2237 5213; x_wconf 57' lang='grc' dir='ltr'><strong>ιξρῖιζὼς.</strong></span> <span class='ocrx_word' id='word_1_781' title='bbox 2284 5129 2303 5213; x_wconf 46' lang='grc'><strong>,⁷</strong></span> <span class='ocrx_word' id='word_1_782' title='bbox 2328 5129 2375 5165; x_wconf 61' lang='lat'><strong>&quot;9</strong></span> <span class='ocrx_word' id='word_1_783' title='bbox 2411 5129 2691 5213; x_wconf 53' lang='lat' dir='ltr'><strong>Ecllnhinc</strong></span> <span class='ocrx_word' id='word_1_784' title='bbox 2733 5132 2946 5213; x_wconf 66' lang='lat' dir='ltr'><strong>incipit.</strong></span> <span class='ocrx_word' id='word_1_785' title='bbox 2984 5129 3070 5213; x_wconf 43' lang='grc'><strong>,⁷⁸⁸</strong></span> <span class='ocrx_word' id='word_1_786' title='bbox 3099 5129 3316 5205; x_wconf 78' lang='lat' dir='ltr'><strong>Reliqui</strong></span> <span class='ocrx_word' id='word_1_787' title='bbox 3353 5129 3548 5203; x_wconf 54' lang='lat' dir='ltr'><strong>praeter</strong></span> <span class='ocrx_word' id='word_1_788' title='bbox 3592 5134 3733 5204; x_wconf 83' lang='lat' dir='ltr'><strong>Epit.</strong></span> 
     </span>
    </p>
   </div>
   <div class='ocr_carea' id='block_1_104' title="bbox 494 5200 3100 5274">
    <p class='ocr_par' dir='ltr' id='par_1_104' title="bbox 494 5200 3100 5274">
     <span class='ocr_line' id='line_1_104' title="bbox 494 5200 3100 5274; baseline 0 -18"><span class='ocrx_word' id='word_1_789' title='bbox 494 5214 548 5257; x_wconf 72' lang='grc' dir='ltr'><strong>ιι</strong></span> <span class='ocrx_word' id='word_1_790' title='bbox 576 5204 688 5259; x_wconf 85' lang='lat' dir='ltr'><strong>Ecl.</strong></span> <span class='ocrx_word' id='word_1_791' title='bbox 716 5200 1096 5257; x_wconf 79' lang='grc' dir='ltr'><strong>τοῦθανάτου.</strong></span> <span class='ocrx_word' id='word_1_792' title='bbox 1179 5203 1225 5235; x_wconf 74' lang='grc' dir='ltr'><strong>⁵ο</strong></span> <span class='ocrx_word' id='word_1_793' title='bbox 1250 5202 1460 5272; x_wconf 83' lang='lat' dir='ltr'><strong>Reliqui</strong></span> <span class='ocrx_word' id='word_1_794' title='bbox 1487 5209 1682 5272; x_wconf 66' lang='lat' dir='ltr'><strong>praeter</strong></span> <span class='ocrx_word' id='word_1_795' title='bbox 1719 5202 1850 5271; x_wconf 89' lang='lat' dir='ltr'><strong>epit.</strong></span> <span class='ocrx_word' id='word_1_796' title='bbox 1891 5213 1945 5257; x_wconf 92' lang='lat' dir='ltr'><strong>et</strong></span> <span class='ocrx_word' id='word_1_797' title='bbox 1985 5200 2098 5257; x_wconf 81' lang='lat' dir='ltr'><strong>Ecl.</strong></span> <span class='ocrx_word' id='word_1_798' title='bbox 2133 5202 2357 5273; x_wconf 85' lang='grc' dir='ltr'><strong>παρείη.</strong></span> <span class='ocrx_word' id='word_1_799' title='bbox 2467 5202 2509 5234; x_wconf 76' lang='grc'><strong><em>⁵³</em></strong></span> <span class='ocrx_word' id='word_1_800' title='bbox 2538 5200 2768 5271; x_wconf 78' lang='lat' dir='ltr'><strong>Scrimg.</strong></span> <span class='ocrx_word' id='word_1_801' title='bbox 2801 5200 3100 5274; x_wconf 82' lang='grc' dir='ltr'><strong>διασπάσῃ.</strong></span> 
     </span>
    </p>
   </div>
   <div class='ocr_carea' id='block_1_105' title="bbox 2007 5320 2244 5378">
    <p class='ocr_par' dir='ltr' id='par_1_105' title="bbox 2007 5320 2244 5378">
     <span class='ocr_line' id='line_1_105' title="bbox 2007 5320 2244 5378; baseline 0 -2"><span class='ocrx_word' id='word_1_802' title='bbox 2007 5320 2244 5378; x_wconf 72' lang='grc' dir='ltr'><strong>ΝΟΤιΕ.</strong></span> 
     </span>
    </p>
   </div>
   <div class='ocr_carea' id='block_1_106' title="bbox 569 5408 3723 5484">
    <p class='ocr_par' dir='ltr' id='par_1_106' title="bbox 569 5408 3723 5484">
     <span class='ocr_line' id='line_1_106' title="bbox 569 5408 3723 5484; baseline -0.001 -19"><span class='ocrx_word' id='word_1_803' title='bbox 569 5412 682 5484; x_wconf 68' lang='grc'><strong>(40)</strong></span> <span class='ocrx_word' id='word_1_804' title='bbox 718 5410 1005 5481; x_wconf 70' lang='grc' dir='ltr'><strong>Ιηαξειυοιίε</strong></span> <span class='ocrx_word' id='word_1_805' title='bbox 1035 5418 1213 5484; x_wconf 81' lang='lat' dir='ltr'><strong>potest</strong></span> <span class='ocrx_word' id='word_1_806' title='bbox 1235 5408 1359 5484; x_wconf 70' lang='lat' dir='ltr'><strong>esse</strong></span> <span class='ocrx_word' id='word_1_807' title='bbox 1391 5412 1675 5484; x_wconf 75' lang='lat' dir='ltr'><strong>quantitas</strong></span> <span class='ocrx_word' id='word_1_808' title='bbox 1699 5409 1847 5484; x_wconf 77' lang='lat' dir='ltr'><strong>_do_tis</strong></span> <span class='ocrx_word' id='word_1_809' title='bbox 1873 5423 1927 5465; x_wconf 81' lang='lat' dir='ltr'><strong>et</strong></span> <span class='ocrx_word' id='word_1_810' title='bbox 1956 5408 2059 5484; x_wconf 57' lang='grc' dir='ltr'><strong>ὀρ·</strong></span> <span class='ocrx_word' id='word_1_811' title='bbox 2160 5411 2508 5484; x_wconf 83' lang='lat' dir='ltr'><strong>donationem</strong></span> <span class='ocrx_word' id='word_1_812' title='bbox 2541 5420 2759 5483; x_wconf 91' lang='lat' dir='ltr'><strong>propter</strong></span> <span class='ocrx_word' id='word_1_813' title='bbox 2820 5412 3041 5484; x_wconf 88' lang='lat' dir='ltr'><strong>nuptias</strong></span> <span class='ocrx_word' id='word_1_814' title='bbox 3066 5413 3269 5484; x_wconf 11' lang='lat' dir='ltr'><strong>Apleno‘</strong></span> <span class='ocrx_word' id='word_1_815' title='bbox 3294 5410 3723 5484; x_wconf 23' lang='lat' dir='ltr'><strong>jureulucratur,</strong></span> 
     </span>
    </p>
   </div>
   <div class='ocr_carea' id='block_1_107' title="bbox 504 5480 3721 5551">
    <p class='ocr_par' dir='ltr' id='par_1_107' title="bbox 504 5480 3721 5551">
     <span class='ocr_line' id='line_1_107' title="bbox 504 5480 3721 5551; baseline -0 -16"><span class='ocrx_word' id='word_1_816' title='bbox 504 5480 750 5536; x_wconf 84' lang='lat' dir='ltr'><strong>nationis</strong></span> <span class='ocrx_word' id='word_1_817' title='bbox 778 5480 1001 5551; x_wconf 87' lang='lat' dir='ltr'><strong>propter</strong></span> <span class='ocrx_word' id='word_1_818' title='bbox 1033 5480 1531 5549; x_wconf 65' lang='lat' dir='ltr'><strong>uuptias,Nov.‘22,</strong></span> <span class='ocrx_word' id='word_1_819' title='bbox 1560 5497 1613 5535; x_wconf 92' lang='lat' dir='ltr'><strong>c.</strong></span> <span class='ocrx_word' id='word_1_820' title='bbox 1644 5482 1737 5535; x_wconf 77' lang='lat'><strong>‘20.</strong></span> <span class='ocrx_word' id='word_1_821' title='bbox 1770 5480 2059 5551; x_wconf 67' lang='lat' dir='ltr'><strong>Inaequalis</strong></span> <span class='ocrx_word' id='word_1_822' title='bbox 2160 5482 2264 5535; x_wconf 88' lang='lat' dir='ltr'><strong>nisi</strong></span> <span class='ocrx_word' id='word_1_823' title='bbox 2293 5493 2511 5550; x_wconf 86' lang='lat' dir='ltr'><strong>pactum</strong></span> <span class='ocrx_word' id='word_1_824' title='bbox 2545 5480 2616 5537; x_wconf 79' lang='lat' dir='ltr'><strong>sit</strong></span> <span class='ocrx_word' id='word_1_825' title='bbox 2638 5480 2998 5537; x_wconf 80' lang='lat' dir='ltr'><strong>contrarium.</strong></span> <span class='ocrx_word' id='word_1_826' title='bbox 3054 5480 3191 5548; x_wconf 80' lang='lat' dir='ltr'><strong>Quid</strong></span> <span class='ocrx_word' id='word_1_827' title='bbox 3227 5482 3273 5537; x_wconf 93' lang='lat' dir='ltr'><strong>si</strong></span> <span class='ocrx_word' id='word_1_828' title='bbox 3332 5481 3527 5536; x_wconf 91' lang='lat' dir='ltr'><strong>mulier</strong></span> <span class='ocrx_word' id='word_1_829' title='bbox 3584 5498 3721 5551; x_wconf 79' lang='lat' dir='ltr'><strong>pra:-</strong></span> 
     </span>
    </p>
   </div>
   <div class='ocr_carea' id='block_1_108' title="bbox 496 5549 3732 5621">
    <p class='ocr_par' dir='ltr' id='par_1_108' title="bbox 496 5549 3732 5621">
     <span class='ocr_line' id='line_1_108' title="bbox 496 5549 3732 5621; baseline -0.001 -17"><span class='ocrx_word' id='word_1_830' title='bbox 496 5549 916 5621; x_wconf 48' lang='lat' dir='ltr'><strong>inquamr&#39;nam</strong></span> <span class='ocrx_word' id='word_1_831' title='bbox 972 5550 1195 5604; x_wconf 88' lang='lat' dir='ltr'><strong>donatio</strong></span> <span class='ocrx_word' id='word_1_832' title='bbox 1253 5559 1473 5621; x_wconf 82' lang='lat' dir='ltr'><strong>prOpter</strong></span> <span class='ocrx_word' id='word_1_833' title='bbox 1523 5552 1744 5621; x_wconf 87' lang='lat' dir='ltr'><strong>nuptias</strong></span> <span class='ocrx_word' id='word_1_834' title='bbox 1781 5549 1928 5606; x_wconf 86' lang='lat' dir='ltr'><strong>dotis</strong></span> <span class='ocrx_word' id='word_1_835' title='bbox 1956 5549 2058 5606; x_wconf 84' lang='lat' dir='ltr'><strong>da-</strong></span> <span class='ocrx_word' id='word_1_836' title='bbox 2160 5549 2419 5604; x_wconf 80' lang='lat' dir='ltr'><strong>mortua?</strong></span> <span class='ocrx_word' id='word_1_837' title='bbox 2449 5551 2567 5620; x_wconf 84' lang='lat' dir='ltr'><strong>ejus</strong></span> <span class='ocrx_word' id='word_1_838' title='bbox 2594 5551 2835 5608; x_wconf 68' lang='lat' dir='ltr'><strong>hazredes</strong></span> <span class='ocrx_word' id='word_1_839' title='bbox 2861 5552 3042 5607; x_wconf 90' lang='lat' dir='ltr'><strong>dotem</strong></span> <span class='ocrx_word' id='word_1_840' title='bbox 3076 5559 3292 5606; x_wconf 87' lang='lat' dir='ltr'><strong>tantum</strong></span> <span class='ocrx_word' id='word_1_841' title='bbox 3337 5549 3597 5621; x_wconf 83' lang='lat' dir='ltr'><strong>auferunt</strong></span> <span class='ocrx_word' id='word_1_842' title='bbox 3646 5567 3732 5603; x_wconf 86' lang='lat' dir='ltr'><strong>rc-</strong></span> 
     </span>
    </p>
   </div>
   <div class='ocr_carea' id='block_1_109' title="bbox 497 5619 3730 5693">
    <p class='ocr_par' dir='ltr' id='par_1_109' title="bbox 497 5619 3730 5693">
     <span class='ocr_line' id='line_1_109' title="bbox 497 5619 3730 5693; baseline 0 -17"><span class='ocrx_word' id='word_1_843' title='bbox 497 5624 649 5693; x_wconf 74' lang='lat' dir='ltr'><strong>tione</strong></span> <span class='ocrx_word' id='word_1_844' title='bbox 678 5619 855 5693; x_wconf 71' lang='lat' dir='ltr'><strong>major</strong></span> <span class='ocrx_word' id='word_1_845' title='bbox 879 5634 1002 5674; x_wconf 88' lang='lat' dir='ltr'><strong>esse</strong></span> <span class='ocrx_word' id='word_1_846' title='bbox 1035 5619 1266 5687; x_wconf 45' lang='lat' dir='ltr'><strong>potest</strong></span> <span class='ocrx_word' id='word_1_847' title='bbox 1313 5619 1370 5693; x_wconf 41' lang='grc' dir='ltr'><strong>,ς</strong></span> <span class='ocrx_word' id='word_1_848' title='bbox 1460 5689 1469 5693; x_wconf 93' lang='lat'><em>_</em></span> <span class='ocrx_word' id='word_1_849' title='bbox 1738 5689 1749 5693; x_wconf 92' lang='lat'><strong>_</strong></span> <span class='ocrx_word' id='word_1_850' title='bbox 2018 5688 2030 5693; x_wconf 90' lang='lat'><em>_</em></span> <span class='ocrx_word' id='word_1_851' title='bbox 2158 5620 2260 5675; x_wconf 88' lang='lat' dir='ltr'><strong>bus</strong></span> <span class='ocrx_word' id='word_1_852' title='bbox 2294 5619 2515 5693; x_wconf 86' lang='lat' dir='ltr'><strong>propter</strong></span> <span class='ocrx_word' id='word_1_853' title='bbox 2566 5623 2785 5693; x_wconf 90' lang='lat' dir='ltr'><strong>nuptias</strong></span> <span class='ocrx_word' id='word_1_854' title='bbox 2839 5622 3060 5679; x_wconf 82' lang='lat' dir='ltr'><strong>donatis</strong></span> <span class='ocrx_word' id='word_1_855' title='bbox 3090 5636 3257 5693; x_wconf 83' lang='lat' dir='ltr'><strong>penes</strong></span> <span class='ocrx_word' id='word_1_856' title='bbox 3313 5620 3573 5679; x_wconf 77' lang='lat' dir='ltr'><strong>maritum</strong></span> <span class='ocrx_word' id='word_1_857' title='bbox 3623 5634 3730 5675; x_wconf 58' lang='lat' dir='ltr'><strong>tuas</strong></span> 
     </span>
    </p>
   </div>
   <div class='ocr_carea' id='block_1_110' title="bbox 570 5686 2439 5763">
    <p class='ocr_par' dir='ltr' id='par_1_110' title="bbox 570 5686 2439 5763">
     <span class='ocr_line' id='line_1_110' title="bbox 570 5686 2439 5763; baseline -0.001 -16"><span class='ocrx_word' id='word_1_858' title='bbox 570 5691 681 5763; x_wconf 75' lang='grc'><strong>(41)</strong></span> <span class='ocrx_word' id='word_1_859' title='bbox 729 5687 925 5743; x_wconf 80' lang='lat' dir='ltr'><strong>Mulier</strong></span> <span class='ocrx_word' id='word_1_860' title='bbox 967 5686 1139 5743; x_wconf 76' lang='lat' dir='ltr'><strong>mertc</strong></span> <span class='ocrx_word' id='word_1_861' title='bbox 1194 5686 1373 5743; x_wconf 85' lang='lat' dir='ltr'><strong>mariti</strong></span> <span class='ocrx_word' id='word_1_862' title='bbox 1428 5689 1546 5745; x_wconf 86' lang='lat' dir='ltr'><strong>sine</strong></span> <span class='ocrx_word' id='word_1_863' title='bbox 1595 5689 1784 5746; x_wconf 86' lang='lat' dir='ltr'><strong>liberis</strong></span> <span class='ocrx_word' id='word_1_864' title='bbox 1832 5688 2057 5759; x_wconf 85' lang='lat' dir='ltr'><strong>mortui,</strong></span> <span class='ocrx_word' id='word_1_865' title='bbox 2159 5686 2439 5747; x_wconf 68' lang='lat' dir='ltr'><strong>utentibus.</strong></span> 
     </span>
    </p>
   </div>
  </div>
