4090 6206
506 285 608 350 ΠΙ

1742 286 2016 348 LEONIS
2045 286 2503 349 PHILOSOPHI

3650 288 3759 352 472

510 402 639 459 dum
667 403 1101 474 parentis'vcrha
1136 405 1537 475 promissorum
1556 401 1758 458 solutio
1789 402 2078 473 procedat,

2188 418 2315 468 γους
2339 402 2485 457 οὑτω
2522 401 2836 472 προϐαίνειν
2869 402 2963 456 καὶ
3001 401 3100 472 τὴν
3128 401 3234 455 τῶν
3264 399 3439 469 λόγων
3468 400 3757 473 ἐκπλήρω.

510 496 580 550 ah
619 496 849 567 ipsoque
866 497 985 552 solo
1010 497 1228 567 quando
1252 512 1310 553 se
1338 498 1517 551 solum
1561 495 1816 550 daturum
1852 496 2073 566 pollici.

510 598 599 644 tus
627 596 735 653 est,
777 590 1111 658 promissum
1176 588 1463 657 exigatur:
1520 590 1741 659 quando
1790 605 1921 644 vero
1949 604 2074 644 cum
2124 640 2127 643 ,

512 679 623 733 lilio
652 694 713 734 se
766 679 1026 733 daturum
1069 678 1343 747 promisit,
1398 678 1542 734 [ilius
1596 680 1759 735 etiam
1812 680 2076 735 solutioni

508 768 782 823 obnoxius
816 768 910 833 sit,
945 783 1119 837 eaque
1135 783 1199 822 ex
1219 767 1582 836 inmqualibus
1608 769 1878 838 Partibus,
1904 785 2079 839 quan-

507 862 579 915 do
602 860 708 915 illat
731 860 969 915 deﬁnitae
995 874 1104 914 non
1144 865 1293 924 sunt,
1324 860 1447 914 liat:
1480 876 1545 915 ac
1575 868 1689 914 tum
1749 876 1817 915 ex
1840 864 2078 932 inmqua-

508 948 656 1003 libus
694 948 879 1011 etiam,
899 962 1022 1002 cum
1073 947 1295 1017 utrique
1319 960 1482 1003 certa:
1523 959 1708 1019 partes
1739 950 1954 1005 diverse
1984 965 2077 1005 as-

509 1038 738 1106 signatae
785 1045 934 1090 sunt.
992 1035 1050 1089 In
1101 1036 1203 1091 hoc
1232 1037 1379 1091 nulla
1415 1038 1694 1107 aequitatis
1721 1039 1934 1092 eversio
1962 1046 2071 1103 est,

509 1129 843 1196 insuperque
886 1128 938 1180 id
989 1128 1056 1181 ad
1122 1127 1420 1182 liberorum
1480 1128 1771 1182 utilitatem
1845 1136 2076 1197 spectat,

509 1235 670 1288 quam
719 1219 771 1272 in
811 1218 1107 1274 Codieibus
1150 1219 1295 1273 edita
1346 1220 1669 1274 constitutio
1700 1235 1806 1273 non
1850 1235 2080 1291 magno-

509 1326 638 1379 pere
668 1310 1005 1375 curat.Quid
1035 1311 1148 1365 ita?
1179 1310 1451 1376 Quoniam
1479 1327 1856 1381 saepenumero
1880 1327 2079 1380 parens

507 1416 634 1454 cum
663 1401 729 1455 ad
757 1400 1104 1469 dispendium
1145 1401 1391 1471 reSpicit,
1428 1401 1661 1470 ideoque
1688 1402 1821 1455 illud
1863 1410 2080 1471 tempus

508 1492 654 1562 quod
695 1491 806 1546 lilio
838 1491 1130 1547 efficaciter
1157 1493 1507 1562 promittendi
1544 1500 1869 1563 potestatem
1924 1493 2077 1562 facit,

509 1583 750 1639 lneundo
776 1584 1008 1653 nuptiali
1043 1586 1347 1640 contractui
1400 1591 1703 1659 exspectat,
1765 1585 1911 1655 quod
1945 1600 2079 1639 cono

508 1675 747 1731 ducibile
782 1676 891 1731 tilio
930 1676 1022 1739 sit,
1061 1677 1256 1744 perdit.
1287 1674 1360 1729 Ut
1388 1675 1555 1745 igitur
1585 1690 1647 1730 ea
1672 1690 1761 1729 res
1812 1675 2080 1730 ambobus

2190 508 2295 559 σιν,
2329 494 2423 546 καὶ
2491 494 2651 563 μόνον
2710 495 2809 565 μὲν
2869 494 3216 548 ἀπαιτεῖσθαι
3274 494 3376 564 τὴν
3434 481 3772 562 ὑπόσχεσιν,ἱ

2186 583 2407 637 ἐπειδάν
2438 585 2596 653 μόνος
2630 586 2937 653 ὑπόσχηται
2982 586 3315 655 παρασχεῖν,
3352 587 3451 637 σὺν
3489 583 3568 653 τῷ
3600 585 3759 638 παιδὶ

2183 676 2261 738 δὲ,
2300 676 2521 730 ἐπειδὰν
2582 678 2678 731 σὺν
2735 677 2953 745 ἐκείνῳ,
2986 678 3097 729 εἴτε
3158 677 3227 729 δι’
3260 676 3379 730 ἷσου
3428 676 3539 730 τῶν
3571 677 3758 748 μερῶν

2184 766 2615 837 λαμϐανομένων
2645 769 2733 822 ὅτε
2764 768 2837 836 μὴ
2874 769 2968 820 καὶ
2997 768 3174 820 ταῦτα
3209 768 3619 839 προσδιορισθῇ,
3644 769 3759 823 εἴτε

2184 857 2382 921 ἀνίσως
2412 860 2499 911 ὅτε
2549 858 2622 928 μὴ
2687 856 3173 931 ὰπροσδιόρισταῇ
3205 858 3241 913 ἃ
3297 860 3396 929 τὴν
3458 860 3756 929 ὑπόσχεσιν

2188 950 2328 1019 μέρη
2348 949 2677 1019 ἀποπληροῖ.
2702 949 2873 1002 Τοῦτο
2891 949 2999 1018 γὰρ
3015 949 3137 1002 οὔτε
3154 950 3366 1003 δικαίου
3394 951 3753 1021 παρατροπὴ,

2184 1042 2279 1092 καὶ
2308 1040 2440 1110 πρός
2471 1056 2535 1108 γε
2564 1041 2678 1102 τοῖς
2708 1041 2869 1093 παισὶ
2896 1041 2958 1092 τὸ
2979 1042 3023 1073 ⁸⁸
3056 1041 3337 1111 συμφέρον
3365 1043 3468 1111 ὁρᾷ
3493 1085 3507 1105 ,
3545 1042 3682 1112 ὅπερ
3714 1044 3749 1112 ἡ

2185 1131 2243 1183 ὲν
2278 1133 2389 1193 τοῖς
2442 1131 2659 1197 κώδιξιν
2689 1131 3044 1202 ἑκτεθειμένη
3077 1132 3322 1197 διάταξις
3352 1134 3414 1185 οὑ
3452 1136 3684 1186 ποιεῖται
3709 1135 3758 1165 ⁶⁰

2187 1224 2315 1291 περὶ
2349 1223 2565 1275 πολλοῦ.
2601 1224 2725 1283 Πῶς
2755 1239 2769 1287 ;
2808 1222 3065 1286 πολλάκις
3097 1225 3141 1254 ⁶¹
3166 1225 3265 1293 τὴν
3303 1225 3507 1293 ζημίαν
3538 1226 3759 1295 ὑφορώ⁴

2190 1329 2348 1379 μενος
2373 1314 2402 1365 ὁ
2438 1313 2631 1382 γονεὺς
2664 1314 2756 1367 καὶ
2795 1314 2971 1381 μένων
3000 1316 3208 1367 ἐκεῖνον
3237 1316 3328 1367 τὸν
3354 1316 3548 1385 χρόνον
3589 1316 3670 1379 είς
3696 1314 3760 1389 τὸ

2186 1405 2230 1436 δ’
2260 1404 2328 1457 τὰ
2375 1404 2622 1474 γαμήλια
2674 1406 3100 1474 συναλλάγματα
3156 1407 3481 1477 προελθεῖν,
3539 1407 3600 1470 ὃς
3664 1407 3761 1461 τὸν

2187 1498 2351 1551 παῖδα
2404 1497 2595 1566 κύριον
2635 1499 2731 1550 τοῦ
2783 1499 3115 1569 ὑποσχέσθαι
3172 1503 3337 1561 ποιεῖ,
3370 1499 3632 1553 ἀπόλλυσι
3677 1500 3760 1570 τῷ

2187 1589 2338 1642 παιδὶ
2369 1590 2428 1643 τὸ
2457 1588 2753 1653 λυσιτελές.
2788 1592 2884 1643 Ἵν⁹
2918 1587 3010 1645 οὖν
3034 1592 3170 1662 πρὸς
3198 1593 3481 1663 ἀμφότερα
3501 1594 3548 1626 ⁸³
3567 1592 3761 1658 δεξιῶς

2186 1679 2244 1730 τὸ
2272 1680 2556 1749 γινόμενον
2596 1680 2717 1751 ἔχῃ,
2749 1682 2844 1734 καὶ
2867 1682 3002 1751 μήτε
3032 1682 3095 1734 τὸ
3125 1682 3337 1735 δίκαιον
3360 1683 3760 1753 παρακρίνοιτο

510 1766 799 1820 commoda
828 1767 1065 1837 felixque
1092 1769 1184 1829 sit,
1216 1783 1393 1836 neque
1442 1767 1672 1835 aequitas
1714 1766 1908 1835 iniquo
1930 1766 2078 1835 judi-

2191 1771 2326 1841 μήτε
2367 1771 2432 1823 τὸ
2466 1749 2746 1841 συμφέρον
2783 1774 2896 1834 τοῖς
2926 1749 3086 1825 παισὶ
3119 1773 3165 1805 ⁸⁸
3196 1749 3666 1843 παραϐλάπτοιτο,
3692 1775 3758 1829 τὸ

509 1857 596 1910 cio
625 1856 964 1921 involvalur,
1015 1872 1112 1911 nec
1153 1872 1282 1911 vero
1314 1858 1554 1926 denique
1606 1858 1905 1911 liberorum
1936 1858 2079 1912 utili-

511 1947 606 2001 tati
639 1954 928 2010 noceatur,
962 1946 1180 2001 Codicis
1225 1948 1505 2001 decretum
1546 1956 1741 2001 vacato
1783 1966 1795 2001 :
1830 1948 1930 2003 hoc
1953 1963 2081 2003 vero

503 2036 620 2103 jam
656 2036 818 2091 etiam
848 2037 1534 2106 consuetudinicognitum
1570 2039 1623 2091 in
1680 2039 1957 2108 republica
1980 2040 2081 2095 ob-

510 2129 703 2182 tincto.
753 2127 886 2182 Cum
911 2129 1108 2183 etenim
1139 2144 1237 2198 pro
1266 2129 1490 2183 decreto
1541 2130 1677 2199 legis
1717 2130 1769 2184 in
1804 2133 2081 2200 republica

509 2218 796 2284 habeatur,
823 2219 934 2288 jam
965 2220 1247 2290 praelatum
1277 2230 1380 2286 est,
1410 2236 1529 2289 qua:
1559 2222 1613 2276 in
1669 2221 1954 2279 codicibus
1978 2234 2082 2291 est,

509 2310 918 2366 constitutioni.

967 2400 1435 2458 CONSTITUTIO
1458 2402 1625 2457 XXII.

514 2489 581 2545 Ut
611 2494 801 2547 mulier
832 2510 949 2563 qua:
979 2496 1374 2547 matrimonium
1408 2512 1510 2548 non
1545 2496 1656 2563 (48)
1706 2497 1888 2563 iterat,
1922 2502 2083 2556 unius

582 2563 868 2634 liberorum
919 2564 1212 2629 portionem
1268 2566 1613 2631 proprietatis
1667 2568 1796 2634 jure
1856 2573 2081 2633 capiat:

579 2632 831 2686 similiter
860 2641 910 2686 et
940 2642 1108 2701 pater.

585 2724 731 2778 Idem
771 2724 1070 2792 imperator
1102 2724 1354 2792 Styliano
1379 2726 1842 2784 excellentissimo
1891 2746 2084 2788 sacro-

508 2828 631 2866 rum
665 2812 969 2867 omciorum
999 2815 1275 2883 magistro.

581 2901 735 2956 Sicut
766 2902 821 2956 in
876 2903 1155 2973 plerisque
1209 2904 1355 2967 aliis.
1388 2905 1610 2975 quando
1667 2907 1890 2962 absurdi
1943 2911 2080 2967 nihil

506 2992 793 3061 incideret,
824 3011 1000 3065 neque
1032 2996 1197 3053 rebus
1255 2999 1477 3052 noxium
1519 2999 1817 3068 quidquam
1850 3001 2079 3058 inferre-

2185 1864 2283 1933 μὲν
2310 1863 2405 1916 τοῦ
2433 1862 2665 1926 κώδικος
2692 1864 2936 1933 ἀργείτω
2959 1866 3158 1935 δόγμα,
3196 1865 3353 1918 τοῦτο
3376 1866 3435 1918 δὲ
3471 1865 3758 1920 πολιτευέ-

2184 1953 2315 2018 σθω,
2355 1952 2429 2016 ὡς
2451 1953 2497 1985 ⁸⁸
2549 1953 2644 2005 καὶ
2696 1953 2801 2005 ὑπὸ
2840 1955 2943 2023 τῆς
2997 1954 3289 2023 συνηθείας
3354 1955 3761 2024 γνωριζόμενον

2187 2044 2312 2114 (ἤδη
2344 2044 2452 2114 γὰρ
2479 2044 2874 2114 προτετίμηται
2917 2043 3019 2113 τῆς
3048 2046 3107 2098 ὲν
3138 2048 3254 2109 τοῖς
3294 2043 3511 2111 κὼδιξιν
3535 2046 3627 2097 ὑπ’
3656 2046 3760 2099 αὑ-

2181 2135 2282 2204 τῆς
2309 2137 2353 2169 “
2376 2136 2694 2204 διατάξεως)
2722 2137 2818 2188 καὶ
2846 2135 2954 2207 πρδ
2977 2136 3246 2208 δόγματος
3270 2136 3438 2207 νόμου
3472 2136 3759 2191 πολιτευό-

2187 2243 2370 2297 μενον.

2742 2407 3053 2461 ΔῐΑΤΑΞὶΣ
3081 2408 3210 2463 KB’.

2182 2498 2317 2568 Περὶ
2344 2500 2451 2553 τοῦ
2473 2499 2558 2567 μὴ
2592 2497 3203 2567 δευτεροταμήσασαν
3228 2501 3483 2567 γυναῖκα
3524 2502 3759 2569 λαμϐά-

2252 2586 2382 2641 νειν
2412 2570 2645 2641 παιδὸς
2656 2569 2871 2636 μοῖραν
2904 2569 3053 2623 κατὰ
3098 2569 3498 2636 δεσποτείαν,
3536 2574 3761 2641 ὁμοίως

2252 2639 2349 2692 καί
2378 2640 2601 2707 πατέρα
2630 2639 2691 2689 ⁸⁷.

2265 2729 2322 2781 ’0
2375 2730 2536 2791 αὑτὸς
2591 2728 2842 2797 βασιλεὺς
2898 2727 3175 2800 Στυλιανῷ
3213 2729 3292 2801 τῷ
3324 2732 3759 2806 ὑπερφυεστάτῳ

2185 2821 2471 2893 μαγίστρῳ
2500 2821 2611 2875 τῶν
2648 2820 2805 2873 θείων
2826 2820 3118 2888 ὀφφικίων.

2253 2914 2465 2982 ’Ὠσπερ
2512 2913 2606 2966 καλ⁵
2650 2913 2736 2966 ἐπ’
2764 2911 2940 2966 ἄλλων
2994 2911 3263 2966 πλείστων
3301 2914 3513 2979 οὐδενὸς
3547 2918 3756 2972 ἀτόπου

2184 2999 2572 3069 συμϐαίνοντος
2592 3000 2715 3053 οὐδὲ
2726 3001 2839 3063 τοῖς
2861 2998 3150 3070 πράγμασι
3176 3000 3379 3072 βλάϐης
3398 3004 3691 3074 γινομένης
3708 3007 3757 3039 ⁸⁸

506 3094 615 3148 tur,
645 3087 1027 3142 consuetudini
1077 3089 1371 3153 cessimus,
1427 3090 1561 3160 quin
1622 3100 1676 3145 et
1740 3092 1875 3162 legis
1943 3112 2078 3164 pra:-

2184 3089 2407 3160 εἴξαμεν
2461 3092 2528 3161 τῇ
2586 3089 2867 3159 συνηθείᾳ,
2912 3090 3113 3159 μᾶλλον
3159 3090 3217 3143 δὲ
3273 3094 3569 3164 προνόμιον
3614 3096 3755 3166 αὑτῇ

509 3177 811 3241 rogativam
881 3178 954 3232 illi
1014 3179 1299 3244 dedimus,
1363 3196 1487 3234 cum
1529 3180 1642 3249 jam
1684 3181 1838 3250 plebs
1886 3199 2079 3240 assue-

506 3267 649 3320 facta
692 3268 768 3321 illi
798 3277 982 3332 esset,
1050 3285 1151 3328 nec
1179 3271 1246 3324 ab
1285 3271 1375 3325 illa
1427 3286 1486 3326 se
1533 3272 1689 3327 avelli
1723 3272 1924 3327 sineret
1955 3291 1969 3327 :
2006 3275 2081 3330 ita

505 3356 672 3411 ctiam
744 3358 800 3412 in
868 3367 1023 3428 parte
1111 3360 1424 3415 donationis
1514 3371 1738 3432 pr0pter
1818 3361 2077 3433 nuptias,

505 3462 670 3515 quam
721 3451 920 3505 mulier
977 3451 1182 3506 liberos
1238 3452 1482 3517 habens,
1538 3469 1645 3510 nec
1708 3454 1894 3509 animo
1944 3455 2081 3510 alte-

506 3539 585 3595 ris
634 3542 842 3611 nuptiis
908 3543 1166 3611 applicito
1234 3546 1547 3613 sponsalem
1610 3553 1789 3599 torum
1849 3548 2080 3601 commi-

504 3644 666 3684 scens
715 3631 937 3700 accipit,
976 3631 1285 3687 faciendum
1356 3634 1691 3703 putavimus.
1743 3635 1880 3690 Cum
1930 3635 2079 3690 enim

508 3723 789 3791 antiquior
821 3722 1038 3794 (49-50)
1086 3725 1171 3781 lex
1226 3724 1277 3780 id
1307 3725 1510 3780 donum
1542 3726 1615 3780 ita
1641 3727 2079 3793 circumscribat,

507 3821 568 3862 ut
614 3812 919 3868 donatione
981 3826 1205 3883 propter
1254 3817 1478 3885 nuptias
1536 3817 1749 3871 mulieri
1802 3818 1855 3872 in
1886 3835 2081 3873 usum-

507 3899 745 3956 l‘ructum
797 3903 947 3968 data,
1010 3904 1100 3957 illa
1184 3918 1378 3975 praeter
1424 3905 1827 3961 usumfructnm
1877 3924 1943 3961 ex
1982 3923 2077 3962 ca-

503 3994 629 4047 dem
674 4005 897 4065 propter
931 3997 1154 4066 nuptias
1204 3998 1531 4062 donatione,
1562 3999 1728 4053 unius
1774 3998 2075 4053 liberorum

504 4084 815 4154 portionem
848 4087 1198 4156 pr0prietatis
1241 4087 1365 4156 jure
1395 4087 1575 4155 capiat
1610 4105 1621 4139 :
1650 4102 1711 4142 sc
1734 4087 1930 4142 deinde
1956 4103 2078 4157 pos-

432 4220 435 4223 ,
503 4174 677 4229 terior
699 4175 810 4245 (5i)
840 4177 929 4231 lex
977 4192 1194 4231 rursum
1251 4177 1395 4230 hanc
1419 4177 1585 4231 unius
1620 4176 1918 4231 liberorum
1947 4193 2077 4246 por-

503 4266 708 4321 tionem
726 4283 843 4322 non
872 4284 941 4324 ex
969 4268 1263 4324 donatione
1301 4281 1522 4338 propter
1561 4269 1784 4338 nuptias
1803 4270 2078 4324 duntaxat

498 4356 711 4412 lucrum
729 4360 938 4413 mulieri
955 4359 1147 4415 aﬂ‘errc
1172 4378 1186 4413 :
1218 4363 1310 4415 sed
1333 4361 1385 4413 in
1411 4360 1520 4413 alia
1550 4360 1714 4413 etiam
1732 4361 1908 4414 mariti
1934 4361 2074 4415 bona

2180 3181 2345 3251 νόμου
2389 3181 2737 3252 παρέσχομεν
2784 3179 2884 3251 ήδη
2915 3179 3009 3233 τοῦ
3050 3180 3294 3250 πλήθους
3336 3185 3556 3248 οἰκείως
3608 3186 3750 3256 πρὸς

2182 3270 2354 3340 αὐτὴν
2406 3268 2621 3338 ἔχοντος
2650 3269 2748 3323 καὶ
2797 3268 3003 3339 ταύτης
3043 3270 3396 3325 ἀποσπᾶσθαι
3437 3274 3536 3326 οὐκ
3564 3275 3755 3344 ἀνεχο-

2184 3362 2366 3431 μένου,
2390 3359 2534 3414 οὕτω
2586 3364 2680 3414 καὶ
2721 3361 2814 3414 ἐπὶ
2870 3361 2964 3414 τοῦ
3027 3360 3228 3432 μέρους
3274 3364 3376 3434 τῆς
3420 3365 3655 3436 δωρεᾶς,
3687 3368 3756 3439 ἦν

2181 3453 2384 3506 παίδων
2408 3452 2542 3506 οὖσα
2568 3454 2748 3523 μήτηρ
2774 3452 2912 3524 γυνὴ
2935 3453 3224 3523 λαμϐάνει,
3255 3455 3349 3507 καὶ
3372 3455 3447 3527 μὴ
3476 3456 3757 3527 δευτέροις

2181 3546 2383 3613 γάμοις
2424 3543 2736 3614 ἀναγομένη
2778 3543 2877 3610 τὴν
2907 3544 3184 3614 νυμφικὴν
3227 3546 3506 3615 συμφύρει
3537 3546 3752 3616 κοίτην,

2184 3637 2352 3688 ποιεῖν
2396 3635 2737 3705 ἐγνώκαμεν,
2807 3636 3188 3706 Ἀρχαιοτέρου
3262 3636 3371 3708 γὰρ
3425 3637 3591 3707 νόμου
3653 3638 3755 3708 τὴν

2179 3722 2437 3792 τοιαύτην
2465 3723 2673 3793 δωρεὰν
2714 3723 3049 3794 ὁριζομένου,
3086 3724 3161 3786 ὡς
3187 3725 3433 3789 δοθέντος
3480 3724 3575 3780 τοῦ
3626 3727 3757 3781 ὑπο-

2182 3814 2335 3866 ϐόλου
2378 3814 2457 3873 είς
2488 3814 2680 3883 χρῆσιν
2720 3815 2786 3884 τῇ
2816 3814 3057 3881 γυναικὶ,
3092 3817 3285 3884 μοῖραν
3316 3817 3502 3882 παιδὸς
3547 3819 3667 3883 ἐνὸς
3695 3817 3759 3886 ἐξ

2179 3904 2340 3957 αὑτοῦ
2368 3903 2462 3956 τοῦ
2486 3905 2749 3957 ὑποϐόλου
2778 3906 2919 3957 κατά
2958 3906 3277 3960 δεσποτείαν
3311 3908 3447 3963 ἰδίαν
3476 3910 3615 3979 μετὰ
3652 3911 3754 3980 τῆς
3850 3976 3857 3983 ι

2179 3995 2343 4065 ἄλλης
2366 3997 2614 4065 χρήσεως
2641 3996 2741 4066 τὴν
2770 3998 3002 4063 γυναῖκα
3032 3996 3332 4066 λαμϐάνειν
3358 4015 3373 4030 ο
3399 3994 3523 4052 εἶτα
3552 4000 3618 4070 δὴ
3649 4018 3749 4070 μευ

2179 4087 2568 4159 ταγενεστέρου
2598 4088 2764 4159 νόμου
2796 4088 2959 4142 πάλιν
2997 4089 3201 4159 ταύτην
3228 4090 3291 4160 δὴ
3318 4090 3419 4161 τὴν
3459 4091 3576 4155 ὲνὸς
3631 4110 3753 4144 παι-

2178 4179 2263 4241 δὸς
2316 4181 2507 4249 μοῖραν
2561 4180 2663 4232 οὑκ
2706 4180 2770 4232 ὲκ
2817 4179 2913 4232 τοῦ
2960 4179 3229 4232 ὑποϐόλου
3269 4180 3370 4249 τῆς
3405 4181 3665 4249 γυναικὸς
3688 4182 3751 4233 τὸ

2178 4269 2389 4339 κέρδος,
2418 4269 2553 4322 ἀλλὰ
2594 4271 2689 4323 καὶ
2711 4271 2791 4333 είς
2827 4270 2929 4340 τὴν
2956 4272 3122 4341 ἀλλην
3146 4272 3396 4344 ἀνδρῴαν
3431 4276 3752 4345 περιουσίαν

2178 4360 2379 4430 ταύτην
2409 4362 2606 4432 χωρεῖν
2634 4379 2646 4390 ·
2683 4360 2889 4415 τούτων
2921 4363 3028 4432 γὰρ
3061 4363 3165 4416 ὑπὸ
3196 4364 3314 4419 τῶν.
3336 4364 3517 4433 νόμων
3571 4365 3751 4416 διατε-

498 4450 795 4520 procedere
822 4453 967 4505 illam
1002 4453 1149 4507 velut.
1186 4453 1279 4507 llis
1313 4455 1382 4506 ita
1411 4469 1506 4522 per
1545 4454 1703 4523 leges
1732 4454 2069 4517 constitutis,

2183 4424 2548 4523 taypsvm‘v;~h
2611 4452 2866 4522 συνήθεια
2922 4424 3110 4521 μηδενὶ
3168 4454 3276 4506 τῶν
3334 4424 3515 4523 νόμων
3572 4455 3753 4524 ὀρθῶς

498 4542 837 4596 consuetudo
866 4551 1117 4596 neutram
1136 4544 1304 4614 legem
1327 4543 1554 4609 directe,
1573 4543 1667 4598 sed
1684 4546 1881 4613 partim
1908 4544 2068 4607 hanc,

502 4631 699 4708 partim
761 4633 909 4687 illam
946 4648 1207 4703 sequens,
1260 4649 1437 4704 neque
1480 4649 1544 4689 ex
1597 4634 1715 4689 sola
1773 4634 2073 4692 donatione

2177 4544 2434 4614 ἑπομένη,
2457 4543 2569 4595 ἀλλ’
2604 4546 2662 4596 ὲν
2693 4544 2848 4615 μέρει
2884 4545 2980 4613 μὲν
3012 4544 3205 4614 τούτῳ,
3251 4546 3309 4597 ὲν
3336 4546 3493 4616 μέρει
3529 4545 3585 4598 δὲ
3609 4546 3752 4598 ὲκεί-

2179 4653 2275 4707 νῳ,
2303 4635 2427 4689 οὗτε
2462 4638 2526 4689 ὲκ
2557 4636 2718 4706 μόνου
2748 4636 2842 4690 τοῦ
2871 4636 3132 4691 ὑποϐόλου
3168 4637 3267 4708 τὴν
3322 4638 3575 4709 παιδικὴν
3596 4640 3750 4709 ξμοῖ-

1789 4767 2021 4822 νΑιιιΑς
2066 4768 2469 4829 ΕΕΟΤΙΟΝΕΘρ

570 4854 618 4931 '_’_
646 4853 761 4931 Ecl.
820 4857 1025 4931 rectius
1062 4856 1216 4931 forte
1271 4859 1350 4931 εἰς
1386 4857 1464 4910 τό.
1533 4857 1577 4890 ⁸ο
1608 4856 1862 4931 δίσκοι.
1919 4861 2078 4931 reliqu

2183 4866 2320 4914 ποιεῖ
2353 4879 2427 4914 τι.
2510 4862 2552 4931 ἐι
2588 4859 2700 4915 Ecl.
2734 4862 3009 4931 prmmittit
3037 4865 3142 4917 ὄτι.

500 4923 547 4957 ⁸⁸
589 4926 820 4996 Scrimg.
863 4928 1225 4998 ἀμφοτέρους,
1266 4930 1444 4981 minus
1478 4938 1641 4983 recte.
1701 4929 1747 4960 “
1782 4930 1894 4982 Ecl.
1929 4929 2006 4998 τῷ
2032 4923 2199 4985 παιδί.

499 5002 554 5050 et
581 5002 760 5077 exstat
784 5002 925 5077 apud
950 4996 1274 5077 _ilariu._lib.
1302 5012 1376 5077 tv,
1403 4998 1628 5077 tiu-‘10,

3236 4864 3281 4895 ³³
3329 4864 3442 4916 Ecl.
3497 4879 3609 4919 om.
3660 4865 3747 4917 τό.

2295 4935 2339 4964 ⁸³
2372 4931 2443 4983 Ex
2498 4930 2691 4999 Erloga
2742 4930 3016 4999 adjectum
3046 4942 3157 4987 est.
3231 4934 3277 4964 °°
3310 4934 3403 4986 Est
3434 4934 3486 4986 in
3517 4933 3653 4986 Nov.
3683 4934 3749 4987 14

1675 5012 1742 5071 ι),
1777 4998 1912 5071 542,
1934 5000 2018 5071 ed.
2054 5001 2078 5052 l

2183 5002 2210 5054 '.
2289 5001 2331 5032 ⁸⁷
2358 5000 2414 5053 In
2450 4998 2645 5071 Ζέιίοιιζ
2665 5009 2718 5054 et
2762 4998 2979 5071 Meerm.
3014 5002 3287 5070 adjectum
3321 5010 3446 5055 est:
3482 5003 3752 5071 ἀνῄρηται

498 5080 638 5138 ξιξφτ-
660 5066 845 5138 γ’-τῆς
873 5066 987 5134 ρκζ⁹
1019 5067 1367 5135 νεαρᾶς,τῶν
1398 5066 1454 5118 δὲ
1502 5066 1689 5138 Βασιλξ
1721 5067 1794 5134 βι.
1828 5068 2070 5138 κη’,νστίτ⁸

2208 5086 2333 5137 κεφ.
2377 5071 2441 5138 β’.
2474 5069 2665 5122 Exstat
2714 5070 2898 5123 eadem
2939 5066 3260 5125 constitutio
3299 5072 3353 5123 iu
3385 5073 3508 5125 cod.

3564 5045 3739 5125 ίῖάὲἷξζ

430 5196 435 5199 η
500 5132 666 5210 ςδὸὄ,
706 5134 772 5197 Δ,
803 5132 941 5210 cum
980 5137 1078 5210 hac
1117 5132 1371 5210 rubrica:
1414 5136 1648 5210 περὶτοῦ
1808 5132 2079 5210 δευτέροις
2124 5132 2322 5208 γάμοις
2356 5132 2696 5210 δμιλήσασαν
2727 5141 2958 5210 γυναῖκα
2988 5142 3034 5192 εί
3085 5142 3278 5210 ,μήτηρ
3322 5140 3512 5208 γέγονε
3542 5140 3750 5210 παίδων

503 5204 565 5281 tot
580 5203 905 5281 _rrdt~3r15n'rﬁ_g
925 5206 1020 5281 τοῦ
1045 5206 1234 5281 ἀνδρὸς
1261 5209 1574 5274 περιουσίας
1619 5203 1804 5270 παιδὸς
1863 5203 1981 5268 ἑνὸς
2035 5203 2227 5279 μοῖραν
2268 5203 2406 5262 κατᾶ
2441 5203 2755 5261 δεσποτείαν
2788 5209 2924 5262 ἰδίαν
2962 5203 3304 5281 κομίζεσθαι,
3334 5203 3545 5280 ’ὁμοίως
3581 5209 3676 5263 καὶ
3717 5211 3749 5262 ὁ

502 5273 658 5343 ἀνήρ.
717 5274 762 5307 ⁸⁸
787 5273 976 5330 Zuich.
1009 5285 1065 5330 et
1098 5273 1391 5331 diuertunt).

2040 5368 2275 5425 NOTAE.

575 5454 688 5524 (L8;
718 5458 869 5513 Adde
898 5456 1033 5513 Nov.
1070 5459 1159 5523 85,
1181 5457 1231 5513 J.
1261 5460 1382 5515 eod.
1413 5458 1551 5514 Nov.
1572 5458 1915 5521 Justin.127,
1945 5474 1995 5513 c.
2021 5460 2074 5514 5.

576 5525 787 5595 (49-50)
817 5529 1005 5582 Mulier
1027 5530 1216 5599 primis
1235 5532 1435 5597 nuptiis
1454 5539 1732 5595 contenta,
1763 5530 2076 5584 donationis

505 5605 727 5667 propter
758 5599 976 5667 nuptias
1028 5599 1431 5653 usumfructum
1479 5601 1641 5654 habet
1675 5609 1769 5653 :ct
1806 5611 2066 5667 prmterea

506 5664 714 5727 virilem
751 5664 1121 5739 proprietatis,
1157 5669 1211 5721 in
1239 5670 1423 5723 eadem
1458 5664 1821 5739 Neve-11,127,
1848 5685 1967 5739 cap.
1998 5669 2050 5723 5.

2256 5458 2366 5530 (51)
2409 5458 2602 5515 Mulier
2632 5475 2757 5533 Anon
2808 5459 3083 5515 transiens
3107 5462 3172 5515 ad
3210 5463 3487 5533 secundas,
3528 5462 3751 5533 nuptias

2187 5529 2863 5600 tantumrusuml‘ructum
2923 5538 2977 5584 et
3025 5532 3379 5600 proprietatis
3444 5529 3653 5587 virilem
3690 5533 3751 5589 in

2185 5600 2347 5670 rebus
2405 5599 2624 5654 donatis
2672 5607 2891 5670 propter
2924 5599 3155 5670 nuptias
3198 5603 3599 5670 consequitur:
3652 5605 3757 5659 sed

2167 5668 2223 5723 in
2253 5668 2375 5724 aliis
2404 5670 2568 5726 rebus
2599 5668 2789 5726 mariti
2814 5669 3026 5723 virilem
3056 5670 3223 5724 etiam
3259 5668 3437 5727 habet.
