4062 6202
489 305 593 369 475

494 512 889 577 praeceptorum
930 500 1126 556 semita
1161 498 1506 558 exorbitans,
1539 496 1593 549 in
1636 508 1950 564 perversam
1984 500 2072 562 ty-

1682 290 1958 351 LEONIS
1982 280 2445 346 PHILOSOPIII

491 422 561 473 At
593 415 715 485 quia
757 418 885 466 sunt
910 424 1046 478 quos
1081 407 1228 463 ferox
1253 406 1585 473 iniquusque
1606 402 1825 455 animus
1857 416 1887 453 e
1917 403 2065 453 recta
2098 438 2104 453 ι

2208 392 2367 447 ύτοὺς
2426 384 2568 459 χειρὶ
2627 380 2846 452 βαρείᾳ.
2884 365 3042 430 Ἒπεὶ
3077 375 3121 427 δ’
3155 372 3325 430 ἔστιν,
3369 367 3463 430 οὓς

2252 484 2259 485 “
2338 482 2384 485 “’
2644 476 2656 485 ⁸
2848 471 2877 485 ⁸*
3000 466 3143 485 *Λγιη
3166 483 3177 485 -
3218 462 3451 485 2-Α--.ῑ-....

2178 484 2273 536 καὶ
2328 454 2526 542 ἄδικος-
2558 476 2752 545 γνώμη
2813 471 2913 541 τῆς
2961 466 3179 528 εὐθείας
3216 462 3529 532 ἐκφέρουσα
3569 454 3763 524 τρίϐου

3621 294 3627 299 ο
3650 260 3753 319 476

3503 367 3536 436 ἡ
3585 363 3758 434 βίαιος

494 551 889 661 :annicramque
927 590 1281 659 cupiditatem
1314 588 1491 650 ducit,
1521 596 1576 641 et
1604 551 1704 656 pro
1761 551 2078 654 reipublicae

2211 575 2287 627 ὧν
2311 572 2541 627 ἐντολῶν
2572 569 2693 636 ἄγει
2723 568 2804 626 είς
2835 564 2933 633 τὴν
2961 555 3410 627 διεστραμμένην
3442 551 3541 606 κα)¹
3562 565 3768 661 τυραν-

497 701 628 742 cura
667 682 876 738 efferati
916 678 1086 733 animi
1122 677 1463 747 propositum
1492 675 1751 730 exhibere
1778 674 1926 735 facit,
1958 681 2078 726 tan-

2179 665 2335 735 νικὴν
2364 661 2699 725 πλεονεξίαν,
2723 656 2819 709 καὶ
2861 653 2983 706 ἀντὶ
3040 647 3301 720 προνοίας
3362 642 3601 715 ἀρχικῆς
3643 640 3769 693 ἐπι-

497 791 659 845 qnam
721 774 844 827 illos
898 734 1241 824 refrenaiura
1279 768 1364 822 lex
1399 767 1510 838 (59)
1558 774 1716 821 vetns
1764 765 1975 825 statuit,
2013 778 2081 817 ne

2214 756 2493 809 είκνυσθαι
2534 746 2946 819 παρασκευάζει
3000 741 3100 811 τὴν
3158 737 3339 808 βιαίαν
3388 734 3717 803 προαίρεσιν
3748 774 3763 795 ,

2643 843 2683 845 ⁴“⁷
2872 838 2885 845 ⁸
2965 835 2979 845 ⁸
3059 832 3144 845 ⁸⁸⁸
3258 829 3284 845 ν
3382 828 3395 845 ⁸
3456 844 3461 845 γ
3491 844 3501 845 κ
3539 825 3665 845 με..-
3709 824 3763 845 ιε.

511 863 771 934 praesides
802 862 855 915 in
882 861 997 915 suis
1039 857 1340 928 provinciis
1377 863 1694 912 contractus
1722 863 1777 908 et
1805 853 2081 923 sponsalia

438 950 443 954 ’
501 953 724 1008 ineundi
768 952 1083 1005 facultatem
1144 949 1435 1003 haberent.
1470 949 1651 1015 Atque
1683 946 1821 999 hanc
1860 943 2079 1013 quidem

498 1044 641 1115 juris
700 1043 971 1098 rationem
1024 1055 1150 1096 cum
1180 1041 1234 1094 in
1269 1039 1419 1103 ﬁliis,
1492 1037 1806 1108 nepotibus,
1861 1045 1917 1090 et
1960 1034 2083 1090 aliis

503 1135 905 1199 constituisset,
946 1132 1181 1188 ﬁliarum
1216 1130 1579 1186 elocationem
1623 1145 1733 1184 non
1783 1126 2082 1199 prohibuit.

582 1418 695 1472 lloc
727 1416 894 1483 igitur
930 1426 1030 1468 nos
1067 1419 1326 1478 tanquam
1367 1407 1516 1477 quod
1549 1407 1690 1461 desit
1724 1406 1835 1478 (60)
1869 1407 2091 1473 optimae

511 1510 616 1579 legi
685 1507 1027 1576 adjicientes,
1088 1501 1405 1563 statuimus,
1445 1507 1503 1552 ut
1535 1498 1736 1568 quibus
1765 1498 2092 1566 praesidatus

510 1600 758 1661 obvenit,
780 1592 1241 1667 quemadmodum
1275 1591 1415 1644 ﬁlios
1446 1590 1692 1658 aliosque
1724 1588 1896 1641 virilis
1927 1601 2093 1639 sexus

513 1699 779 1760 cognatos
805 1697 858 1743 et
882 1686 1238 1747 domesticos,
1294 1682 1367 1736 ita
1408 1696 1628 1750 quoque
1659 1679 1800 1733 ﬁlias
1849 1677 2092 1745 aliasque

515 1780 764 1836 feminini
834 1793 999 1832 sexus
1030 1788 1319 1844 personas,
1366 1773 1419 1826 in
1448 1773 1564 1827 suis
1623 1770 1828 1840 quique
1871 1768 2094 1836 provin-

399 1938 403 1942 _
515 1872 616 1925 ciis
641 1871 692 1923 in
729 1868 1136 1923 matrimonium
1171 1865 1445 1919 collocare
1492 1861 1906 1933 prohibeantur.
1950 1857 2093 1923 Quid

516 1964 660 2018 enim
691 1976 870 2016 causa:
902 1968 987 2015 est
1044 1974 1216 2028 quare
1238 1956 1403 2019 ﬁlius,
1436 1964 1488 2009 et
1517 1954 1561 2009 si
1594 1952 1720 2022 quis
1746 1952 1890 2005 alius
1919 1950 2096 2002 virilis

520 2069 687 2108 sexus
720 2061 825 2115 est,
890 2052 1111 2106 decreto
1171 2048 1445 2103 obnoxius
1483 2046 1576 2110 sit,
1604 2044 1712 2097 ﬁlia
1745 2057 1926 2098 veroa
1964 2043 2098 2110 legis

519 2145 900 2199 observatione
951 2141 1127 2195 libera
1182 2136 1539 2209 permaneat?
1606 2150 1731 2189 cum
1796 2133 2098 2203 praesertim

518 2234 696 2287 virilis
720 2248 884 2288 sexus
911 2244 1289 2300 saepenumero
1320 2228 1509 2282 multis
1536 2233 1590 2280 et
1611 2224 1786 2279 modis
1812 2232 1865 2279 et
1888 2222 2101 2277 exerci-

523 2326 620 2379 tiis
661 2325 787 2388 sibi,
813 2322 1031 2393 conjugi
1069 2323 1321 2391 aliisque,
1353 2334 1493 2388 quos
1525 2316 1757 2371 afﬁnitas
1791 2314 2101 2383 conjunxit,

529 2415 680 2470 utilis
704 2430 831 2469 esse
890 2414 1084 2483 possit.
1126 2409 1259 2463 Nam
1286 2409 1582 2477 dignitates
1616 2406 1852 2459 fortasse
1904 2418 2103 2457 conse-

529 2511 712 2567 cutus,
746 2510 840 2556 aut
882 2510 1190 2556 mercatura
1238 2500 1420 2568 aliqua
1470 2498 1740 2559 instituta,
1788 2496 1963 2550 aliave
2004 2512 2101 2551 suo

527 2593 830 2648 stentandte
869 2593 991 2646 vitae
1034 2606 1167 2645 cura
1220 2600 1492 2658 suscepta,
1554 2602 1730 2654 neque
1781 2588 1883 2641 sibi
1945 2588 2106 2654 (quo-

531 2682 696 2737 modo
731 2683 866 2750 dixi)
898 2696 1076 2750 neque
1108 2680 1232 2735 aliis
1271 2678 1595 2751 propinquis
1646 2677 1857 2731 inutilis
1918 2676 2104 2731 fuerit.

531 2769 664 2836 Quae
691 2778 751 2824 ut
772 2768 1059 2825 muliebris
1118 2783 1281 2824 sexus
1316 2768 1532 2831 subeat,
1592 2780 1702 2819 non
1735 2764 1850 2820 fere
1878 2764 2107 2820 idoneus

532 2867 639 2914 est.

967 2943 1435 3003 CONSTITUTIO
1478 2942 1670 2998 XXIV.

2183 849 2370 921 ὥσπερ
2399 843 2761 913 ἀναχαιτίζων
2794 835 3022 896 παλαιὸς
3056 829 3314 892 ἐθέσπιζε
3338 828 3503 896 νόμος
3533 825 3665 887 τοὺς
3706 824 3766 875 ἐν

2185 916 2390 1007 ἑκάστη
2445 933 2685 1003 ἐπαρχίᾳ
2742 925 3181 999 ήγεμονεύοντας
3230 920 3304 989 μὴ
3363 918 3510 1007 ἔχειν
3576 916 3770 1007 ἄδειαν

2189 1002 2612 1093 συναλλάγματα
2637 1020 2732 1073 κα).
2758 1014 3057 1087 μνηστείας
3092 1012 3288 1071 ποιεῖν,
3325 1006 3423 1060 κα).
3462 1004 3561 1074 τὴν
3606 1002 3770 1093 ἀκρί-

2188 1122 2340 1173 ϐειαν
2369 1092 2578 1185 ταύτην
2615 1110 2709 1164 ἐπὶ
2735 1109 2867 1161 υίῶν
2898 1106 2994 1160 καὶ
3020 1102 3261 1171 ἐγγόνων
3314 1098 3409 1150 καὶ
3443 1094 3553 1147 τῶν
3574 1092 3771 1185 ᾲᾶλλων

2188 1182 2543 1284 ὁρισάμενος
2569 1203 2818 1276 ἀρρένων
2854 1194 3161 1265 συγγενῶν,
3195 1188 3516 1257 θυγατέρων
3558 1182 3777 1236 ἔκδοσιν

2192 1307 2294 1361 οὐκ
2326 1303 2596 1357 ἐκώλυσε.

2282 1396 2455 1450 Τοῦτο
2504 1391 2599 1446 οὖν
2660 1390 2735 1449 ὡς
2786 1386 3034 1439 ἐλλεῖπον
3092 1382 3158 1450 τῇ
3222 1376 3420 1448 ἀρίστῃ
3479 1369 3775 1441 νομοθεσίᾳ

2197 1488 2592 1561 προστιθέντες
2628 1485 2790 1553 ἡμεῖς
2842 1475 3194 1544 θεσπίζομεν,
3220 1471 3411 1538 ὥσπερ
3440 1467 3569 1527 τοὺς
3615 1462 3769 1523 υἱοὺς

2198 1553 2449 1642 καὶτοὺς
2480 1576 2675 1635 ἄλλους
2711 1573 2950 1643 ἄρρενας
3011 1565 3296 1633 συγγενεῖς
3349 1559 3446 1611 καὶ
3501 1553 3773 1643 οἰκείους,

2197 1672 2341 1727 οὕτω
2359 1669 2454 1723 καὶ
2480 1642 2789 1735 θυγατέρας
2812 1661 2907 1713 καὶ
2940 1659 3007 1710 τὰ
3041 1654 3174 1709 ἄλλα
3196 1650 3291 1703 τοῦ
3328 1647 3521 1717 θήλεος
3566 1642 3635 1713 μέ
3648 1658 3778 1735 ρους
3806 1686 3811 1687 ,

2198 1765 2467 1832 πρόσωπα
2494 1732 2602 1809 τῶν
2641 1732 2701 1806 ἐν
2731 1750 2939 1817 ἑκάστῃ
2987 1743 3228 1813 ἐπαρχίᾳ
3278 1735 3647 1832 διαλαχόντων
3679 1732 3781 1832 ἄρα

2198 1822 2313 1923 χειν
2370 1851 2447 1911 είς
2502 1841 2800 1915 μνηστείαν
2828 1838 3027 1891 διδόναι
3068 1829 3395 1887 κωλύεσθαι.
3434 1825 3535 1878 Διὰ
3570 1824 3624 1876 τί
3670 1822 3780 1889 γὰρ

2197 1913 2310 2004 υίὸς
2345 1940 2443 2010 μὲν
2479 1913 2573 1991 καὶ
2609 1936 2662 1987 sl
2704 1949 2788 1995 τις
2819 1930 3007 1999 ἐτερος
3037 1925 3146 1978 τῶν
3175 1921 3421 1993 ἀρρένων
3468 1913 3785 2010 προσώπων

2199 2004 2550 2085 ὑποκείσεται
2604 2023 2683 2094 τῷ
2723 2019 3066 2092 ψηφίσματι,
3092 2013 3346 2080 θυγάτηρ
3395 2008 3453 2061 δὲ
3486 2004 3581 2058 τοῦ
3611 2004 3784 2069 νόμου

2200 2122 2469 2192 κρείττων
2521 2115 2799 2185 διαμενεῖ;
2865 2108 3043 2163 καίτοι
3080 2103 3342 2158 πολλάκις
3400 2096 3497 2151 τοῦ
3546 2096 3783 2165 ἄρρενος

2205 2185 2401 2283 μέρους
2428 2210 2638 2270 πολλοῖς
2654 2208 2749 2259 καὶ
2771 2203 2991 2274 τρόποις
3018 2200 3112 2251 καὶ
3141 2191 3573 2264 ἐπιτηδεύμασιν
3597 2185 3786 2249 ἐαυτῷ

2203 2278 2262 2357 τε
2278 2278 2452 2371 καὶτῇ
2499 2316 2563 2369 με
2573 2294 2955 2367 μνηστευμένῃ
2971 2290 3065 2343 καὶ
3088 2289 3200 2349 τοῖς
3220 2284 3397 2344 ἄλλοις
3415 2282 3459 2312 ⁷⁸
3490 2278 3585 2371 οὓς
3615 2278 3651 2346 ἡ
3684 2293 3791 2343 κη-

2205 2396 2323 2449 δεία
2346 2368 2551 2459 συνῆψε
2574 2385 2876 2457 δυναμένου
2899 2380 3172 2452 χρησίμου
3200 2373 3476 2444 γενέσθαι.
3497 2370 3657 2438 Τάχα
3679 2368 3790 2459 γᾴρ

2207 2487 2239 2556 ἢ
2274 2458 2581 2552 ἀξιώματος
2620 2474 2990 2535 ἐπιϐατεύσας
3029 2472 3061 2541 ἢ
3103 2467 3376 2538 ἐμπορίαν
3404 2463 3526 2517 τινὰ
3584 2458 3789 2531 μετιὼν

2206 2552 2239 2647 ἦ
2270 2575 2444 2637 ἄλλως
2472 2570 2566 2625 τοῦ
2591 2569 2795 2624 οἰκείου
2835 2565 2951 2633 βίου
2982 2561 3305 2631 ἐπιμέλειαν
3338 2553 3649 2616 ἀναλαϐὼν,
3674 2552 3789 2605 ὥσο

2208 2641 2314 2735 περ
2364 2665 2524 2733 ἔφην,
2574 2660 2693 2714 οὗθ’
2734 2655 2915 2723 ἐαυτῷ
2983 2650 3108 2705 οὗτε
3158 2651 3273 2711 τοῖς
3321 2646 3504 2707 ἄλλοις
3552 2641 3788 2701 οἰκείοις

2210 2734 2516 2827 ἀχρήσιμός
2540 2756 2719 2816 ἐστιν,
2743 2747 2818 2804 ὧν
2841 2748 2992 2801 οὐδὲν
3014 2744 3075 2797 τὸ
3098 2742 3231 2811 θῆλυ
3251 2735 3612 2810 μετέρχεσθαι
3636 2734 3798 2801 γένος

2210 2849 2286 2910 ὡς
2306 2846 2377 2899 τὰ
2409 2845 2579 2898 πολλὰ
2604 2840 2929 2911 ἐπιτηδείως
2949 2838 3085 2904 ἔχει.

2758 2927 3071 2983 ΔΙΛΤᾹΞΙΣ
3108 2926 3231 2977 ΚΔθ.

539 3037 622 3094 Ne
649 3038 750 3110 ﬁlii
774 3041 1047 3095 naturales
1078 3056 1197 3094 cum
1250 3038 1506 3108 adoptivis
1542 3037 1942 3094 matrimonium
1983 3054 2104 3093 con-

2212 3032 2350 3103 Περὶ
2375 3032 2482 3087 τοῦ
2506 3029 2591 3101 μὴ
2628 3027 2838 3099 γαμεῖν
2862 3026 2934 3079 τὰ
2956 3023 3139 3077 τέκνα
3166 3019 3241 3072 τὰ
3279 3014 3507 3087 φυσικὰ
3526 3012 3612 3082 ζτὰ
3634 3010 3797 3067 θετά.

1198 3110 1433 3163 trahant.

605 3201 753 3259 Idem
778 3202 1073 3270 imperator
1106 3201 1280 3256 eidem
1314 3201 1582 3272 Styliano.
1876 3239 1883 3243 -

610 3292 787 3357 Multi,
811 3291 939 3346 dum
969 3291 1151 3361 prisca
1172 3290 1379 3360 (61-62)
1412 3300 1653 3361 tempora
1680 3289 1934 3344 laudibus
1971 3289 2112 3343 cele-

539 3386 724 3452 brant,
783 3384 958 3454 prima
1016 3383 1125 3437 illis
1151 3383 1203 3436 in
1226 3381 1550 3437 ordinandis
1603 3380 2114 3448 constituendisque

543 3477 710 3532 rebus
766 3476 1007 3529 tribuere
1063 3474 1269 3529 volunt.
1298 3474 1477 3543 Atque
1503 3474 1592 3528 illa
1625 3474 1677 3528 in
1709 3473 1986 3542 plerisque
2027 3488 2115 3525 re-

544 3568 789 3624 centiora
838 3569 1082 3633 vincere,
1148 3568 1266 3621 scio
1291 3566 1508 3635 quidem
1548 3575 1603 3620 et
1634 3580 1737 3636 ego
1778 3583 1793 3619 :
1834 3574 2115 3620 verumta-

547 3674 672 3715 men
719 3659 774 3712 in
812 3658 1091 3713 nonnullis
1156 3657 1300 3710 vinci
1366 3659 1529 3710 etiam
1560 3656 1734 3710 video.
1766 3654 1979 3709 Etcum
2008 3670 2117 3707 non

548 3764 723 3819 pauca
780 3748 912 3813 sint,
969 3748 1025 3801 in
1090 3747 1289 3817 quibus
1334 3762 1364 3799 a
1406 3746 1807 3801 recentioribus
1856 3746 2121 3814 tempori-

550 3840 653 3894 bus
683 3839 773 3891 illa
805 3846 1153 3907 superentur,
1189 3845 1301 3890 tum
1327 3852 1457 3892 vero
1496 3837 1727 3891 maxime
1769 3837 1823 3890 in
1875 3837 2122 3906 adoptio-

553 3929 717 3985 nibus
755 3928 809 3982 id
845 3929 959 3984 ﬁeri
994 3929 1336 3998 conspicitur
1373 3946 1387 3982 :
1426 3944 1565 3998 quas
1611 3929 1733 3983 illas
1794 3930 2118 3999 adoptiones

554 4021 869 4089 neutiquam
915 4019 1130 4074 decenti
1182 4035 1306 4073 curn
1338 4021 1445 4073 ritu
1473 4032 1525 4075 et
1566 4030 1763 4073 ornatu
1824 4019 2121 4083 faciebant,

555 4106 683 4160 dum
725 4106 859 4160 citra
897 4105 1103 4176 (63-64)
1149 4106 1390 4161 divinum
1424 4108 1752 4161 sacrificium
1806 4108 2125 4177 divinosque

554 4204 746 4252 cantus
780 4193 1047 4250 faciebant
1085 4213 1099 4249 :
1131 4202 1185 4250 et
1218 4195 1310 4265 qui
1354 4197 1597 4266 adoptari
1667 4196 1885 4262 vellent,
1917 4197 1970 4250 id
2018 4198 2149 4251 illis

555 4288 874 4357 simpliciter
904 4287 1017 4342 ﬁeri
1047 4287 1132 4342 lex
1156 4288 1525 4358 permittebat.
1563 4286 1721 4342 Unde
1765 4288 2127 4343 usuveniebat

555 4393 813 4448 persaepe,
841 4385 901 4433 ut
929 4378 1041 4449 (65)
1082 4379 1290 4434 sororis
1320 4378 1614 4449 appellatio
1645 4379 1699 4433 in
1726 4378 1914 4433 uxoris
1942 4386 2128 4433 trans-

2294 3203 2352 3256 '0
2381 3202 2539 3263 αὐτὸς
2570 3201 2821 3271 βασιλεὺς
2854 3199 2931 3267 τῷ
2960 3196 3107 3267 αὐτῷ
3137 3191 3431 3261 Στυλιανῷ.

2283 3294 2477 3348 Πολλοὶ
2522 3293 2612 3347 τὸν
2664 3290 3033 3361 πρεσϐύτερον
3086 3288 3276 3358 χρόνον
3330 3278 3807 3352 ἀποσεμνύνοντες

2217 3387 2497 3457 βούλονται
2536 3385 2803 3455 πρεσϐεῖα
2832 3384 3019 3451 νέμειν
3066 3380 3214 3450 αὐτῷ
3248 3378 3348 3446 τῆς
3388 3375 3497 3428 τῶν
3536 3374 3802 3444 πραγμά-

2214 3496 2322 3533 των
2363 3476 2571 3541 τάξεώς
2612 3494 2673 3530 τε
2708 3476 2801 3529 κα).
2835 3473 3219 3534 καταστάσεως
3244 3486 3258 3500 ⁶
3300 3466 3411 3536 ἐγὼ
3448 3466 3505 3518 δέ
3550 3462 3671 3517 οἶδα
3705 3462 3803 3532 μὲν

2217 3568 2379 3621 αὑτὸν
2405 3566 2498 3619 τοῦ
2538 3566 2804 3636 νεωτέρου
2831 3564 3024 3633 χρόνου
3056 3562 3279 3628 κρατεῖν
3306 3559 3363 3609 ἐν
3398 3554 3680 3615 πλείστοις
3698 3591 3715 3615 ,
3742 3550 3802 3603 ού

2224 3659 2329 3729 μὴν
2369 3659 2507 3712 ἀλλὰ
2541 3658 2932 3726 ἐλαττούμενον
2976 3654 3032 3707 ἐν
3076 3670 3188 3705 τισι
3225 3646 3467 3718 καθορῶ.
3502 3646 3718 3696 Ὄντων
3749 3641 3805 3692 δὲ

2220 3748 2319 3800 ούκ
2342 3747 2537 3815 ὀλίγων
2566 3748 2624 3798 ἐν
2648 3744 2729 3809 οἷς
2759 3745 2862 3798 ὑπὸ
2885 3743 2978 3795 τοῦ
3015 3740 3279 3809 νεωτέρου
3310 3733 3804 3804 παρευδοκιμεῖται

2224 3837 2438 3908 χρόνου,
2494 3836 2727 3906 μάλιστα
2775 3836 2832 3885 ἐν
2871 3832 2957 3902 τῷ
2984 3832 3138 3901 μέρει
3191 3828 3299 3880 τῶν
3329 3822 3613 3878 υίοθεσιῶν
3649 3819 3807 3873 τοῦτο

2225 3928 2448 3997 πάσχων
2490 3929 2708 3997 ὁρᾶται,
2750 3925 2816 3987 ἃς
2860 3924 3176 3975 παντάπασι
3232 3918 3307 3987 μὴ
3352 3914 3495 3969 κατὰ
3529 3912 3806 3983 πρέποντα

2226 4019 2430 4087 κόσμον
2457 4019 2622 4080 ποιεῖ,
2659 4018 2787 4069 ἄνευ
2830 4014 3055 4081 τελετῆς
3082 4011 3234 4072 θείας
3271 4008 3368 4062 κα).
3400 4005 3562 4076 ίερῶν
3594 4002 3746 4073 ᾠδῶν
3765 4002 3805 4031 ⁷⁷

2227 4109 2432 4172 ταύτας
2490 4109 2850 4178 ποιούμενος,
2905 4106 3017 4159 ἀλλ’
3056 4104 3242 4164 ἁπλῶς
3297 4102 3409 4162 τοῖς
3464 4094 3803 4167 βουλομένοις

2228 4199 2589 4254 υἱοθετείσθαι
2635 4200 2796 4268 μόνον
2830 4198 3064 4257 διδόντος
3096 4193 3187 4246 τοῦ
3221 4194 3409 4261 νόμου.
3452 4187 3541 4254 Ἐξ
3574 4182 3636 4241 οὗ
3671 4204 3801 4256 σύμ·

2231 4294 2403 4346 ϐαίνει
2446 4293 2705 4353 πολλάκις
2758 4292 2856 4361 τὴν
2905 4288 3138 4358 ἀδελφὴν
3189 4285 3383 4353 κλῆσιν
3435 4283 3517 4343 είς
3573 4278 3802 4348 γαμικὸκ

2233 4382 2590 4450 μεταπίπτειν
2626 4380 2831 4451 σχῆμα,
2865 4380 2959 4430 καὶ
2996 4378 3028 4445 ἡ
3064 4375 3199 4436 τέως
3227 4374 3281 4424 ἐν
3309 4370 3355 4400 ⁷⁸
3384 4366 3655 4436 θυγατρὸς
3682 4361 3804 4417 οὖσα

556 4471 678 4537 iret,
697 4481 751 4527 et
779 4487 900 4543 qua:
933 4471 1110 4541 puella
1149 4470 1312 4540 paulo
1340 4478 1468 4525 ante
1501 4469 1613 4525 ﬁlia
1645 4470 1790 4525 dicta
1820 4477 1989 4536 esset,
2020 4485 2104 4523 nui

2230 4474 2367 4544 κόρη
2397 4474 2475 4535 εἰς
2512 4473 2609 4543 τὴν
2646 4469 2924 4541 νυμφικὴν
2960 4465 3303 4538 μετετίθετο,
3338 4460 3372 4529 ἢ
3410 4459 3525 4521 υἱὸς
3565 4457 3691 4510 ἀντὶ
3721 4454 3805 4509 τοῦ

1846 4629 2084 4684 νΑιιιΑι
2121 4629 2521 4686 LECTIONES.

631 4778 678 4809 ’⁸
706 4776 885 4838 ἄλλοις
934 4774 989 4828 in
1036 4770 1152 4827 Ecl.
1193 4769 1367 4824 abest.
1424 4765 1581 4820 "Sic
1632 4765 1773 4820 bene
1823 4765 2061 4819 correxit
2111 4762 2466 4836 Stephanus;
2506 4762 2665 4817 codd.
2705 4760 2928 4814 ὠδίνων.
3040 4757 3086 4819 '3‘
3120 4755 3353 4825 Scrimg.
3384 4754 3470 4806 ἐκ.
3521 4751 3812 4807 Subintel-

563 4848 749 4918 ligitur
781 4845 994 4915 κλήσει.

2060 4926 2291 4985 NOTAE.

634 5072 745 5144 (59)
810 5070 875 5125 L.
911 5087 1006 5126 un.
1033 5068 1096 5125 C.
1142 5070 1188 5126 si
1224 5078 1403 5124 rector
1450 5064 1741 5136 provincia:
1783 5064 1862 5117 vel
1915 5064 1979 5117 ad
2008 5078 2131 5117 cum

454 5181 459 5186 -
567 5146 859 5215 pertinent.

640 5210 753 5285 (60)
775 5208 1022 5285 Qu_od_de
1053 5210 1164 5266 ﬁlio
1192 5209 1555 5285 constitutum
1582 5205 1748 5261 fuerit
1769 5204 1823 5258 in
1849 5202 1995 5258 dicta
2019 5203 2137 5273 lege

570 5280 757 5342 unica.
800 5280 864 5334 ad
901 5281 1039 5333 ﬁlias
1062 5282 1393 5336 extenditur.

646 5349 1032 5423 (Gl-62)Etiat_u
1088 5358 1209 5423 post
1245 5350 1563 5423 dissolutam
1612 5344 1969 5423 adoptionem
2030 5361 2043 5396 :
2086 5354 2139 5395 ct

572 5415 756 5477 ita'lex
781 5415 868 5485 l1,
897 5418 951 5472 ll.
982 5419 1055 5476 De
1090 5415 1198 5474 ritu
1232 5420 1545 5485 nuptiarum
1576 5415 1887 5485 abrogatur.

644 5482 1264 5558 (ϐὃ-ϐι)’⁹Ανευτελετῆς
1305 5482 1478 5551 θείας,
1525 5486 1619 5558 κα).
1655 5484 1814 5558 ίερῶν
1848 5482 2028 5558 ιξέδῶν,
2063 5487 2147 5558 est

573 5550 718 5612 enim
742 5550 1126 5625 ita'legendum
1148 5550 1481 5627 ρτοὼδίνων,
1501 5550 1788 5627 ad‘de‘Nov.
1843 5550 1930 5607 89.
1986 5550 2146 5627 Vete-

576 5644 665 5683 res
693 5628 828 5681 citra
848 5621 1091 5680 divinum
1122 5621 1451 5681 sacriﬁcium
1476 5624 1759 5678 etdivinos
1781 5631 1973 5686 cantus
2005 5621 2137 5673 ado-

577 5700 817 5762 ptionem
849 5696 1139 5751 faciebant.
1175 5695 1330 5756 Quod
1353 5694 1605 5751 emendat
1636 5692 1742 5748 Leo
1767 5692 1865 5745 hac
1895 5689 2137 5746 Novella.

2314 5065 2426 5136 (65)
2497 5062 2555 5117 Si
2588 5062 2751 5136 inter
2810 5057 3098 5128 adoptivos
3146 5053 3541 5136 permittuntur
3570 5047 3813 5136 rnnp‘tia',

2247 5120 2496 5190 necesse'
2521 5132 2627 5187 erit
2657 5139 2716 5185 ut
2747 5144 2866 5198 quae
2907 5120 3069 5198 antea
3085 5120 3413 5198 mihisoror
3460 5120 3647 5198 fuerit,
3685 5132 3814 5170 uxor

2244 5220 2368 5259 esse
2399 5203 2628 5273 possit”;
2647 5209 2707 5254 ut
2730 5190 2850 5265 qua:
2881 5195 3151 5273 mihi_ﬁl_i_a
3184 5192 3439 5273 ad0ptiv_a
3461 5190 3645 5273 fuerit,
3669 5196 3810 5255 post-

2246 5261 2467 5329 modum
2500 5271 2634 5324 mihi
2666 5261 2836 5323 nitrus
2863 5269 2967 5321 sit:
2995 5267 3038 5320 si
3072 5265 3182 5317 lilio
3201 5278 3321 5316 meo
3354 5261 3613 5327 adoptivo
3643 5269 3810 5309 meam

2255 5345 2417 5397 filiam
2478 5355 2704 5395 uxorem
2755 5341 2953 5392 ducere
2995 5336 3179 5397 liceat,
3239 5332 3453 5402 eveniet
3479 5341 3718 5402 quoque,
3758 5333 3813 5402 ut

2253 5414 2346 5481 qui
2370 5412 2513 5466 ﬁlius
2542 5418 2702 5464 antea
2734 5409 2881 5481 mihi
2903 5404 3251 5481 fuerit,_idem
3294 5399 3427 5453 mihi
3454 5398 3815 5481 sits-encas}

2258 5461 3010 5545 iiiihiiiﬁééiifadoptiva...
3075 5461 3303 5545 ducere
3326 5461 3695 5545 permittatur:

2255 5531 2439 5606 autem
2473 5531 2710 5604 absurda
2764 5531 3049 5599 nominum
3092 5531 3345 5597 confusio
3377 5554 3392 5602 ;
3439 5549 3569 5604 ergo
3601 5540 3653 5587 et
3677 5531 3817 5583 inter

2255 5623 2447 5677 fratres
2466 5618 2750 5689 adoptivos
2778 5615 2997 5683 nuptiaz.
