4062 6202
346 268 441 331 ίἸἿ
1392 268 1758 330 NOVELL/E
1797 267 2473 330 CONSTITUTIONES.
3483 280 3589 342 478

348 374 473 433 εἶναι
494 375 651 431 τοῦτο
668 376 713 409 τ’
733 376 982 447 γαμϐρὸς
1006 376 1357 447 έγνωρίζετο,
1381 393 1451 445 γα
1461 380 1648 447 μικαῖς
1669 377 1902 449 ὁμιλίαις

2017 391 2115 431 rus
2145 378 2367 432 nomine
2416 376 2864 447 compellaretur,
2896 380 3150 437 autfilius
3182 383 3463 453 quiesset,
3493 403 3592 455 pro

344 466 720 539 ἁρμοζομένων
750 467 847 520 τοῦ
878 485 937 520 τε
968 467 1129 535 φύσει
1162 469 1350 531 παιδδς
1388 469 1483 520 καί⁸
1508 468 1567 520 ὃν
1609 470 1642 538 ἡ
1675 467 1902 521 υἱοθεσία

2024 480 2089 521 eo
2113 482 2280 537 gener
2307 477 2699 539 agnosceretur
2723 486 2739 523 :
2768 470 2989 539 quando
3012 471 3265 527 videlicet
3298 477 3590 541 naturalis,

344 562 417 623 εἰς
440 558 537 630 τὴν
566 558 676 611 τῶν
710 557 918 612 παίδων
947 557 1068 627 ἵστη
1109 558 1264 623 τάξιν
1286 595 1303 621 ,
1332 558 1485 611 οὐδὲν
1520 558 1902 626 ὑπολογιζομέ-

2022 576 2295 632 quemque
2351 564 2574 632 ad0ptio
2601 566 2653 618 in
2686 565 2920 618 filiorum
2970 565 3219 620 ordinem
3268 570 3589 631 collocarat,

343 666 430 721 νης
465 649 569 718 τῆς
603 647 855 718 πράξεως
884 648 972 701 διά
999 648 1060 700 τὸ
1104 646 1182 718 μὴ
1221 647 1448 719 τελετῆς
1484 648 1637 721 ἱερᾶς
1682 648 1902 717 μεσολα-

2022 652 2413 706 matrimoniali
2440 653 2772 706 commercio
2804 655 2947 708 inter
2990 670 3049 708 se
3085 656 3472 724 jungereutur,
3525 671 3591 710 ac

343 741 532 810 δούσης
565 740 773 794 ἐκεῖθέν
815 756 940 792 τινα
989 738 1231 793 κώλυσιν
1267 740 1517 810 ἀπαντᾷν
1548 740 1685 810 πρὸς
1712 738 1774 791 τὸ
1817 754 1902 805 γα-

2021 755 2226 809 susque
2271 742 2446 811 deque
2509 743 2660 797 istaec
2698 742 2844 797 actio
2886 744 3186 799 haberetur
3220 761 3233 797 :
3264 744 3410 814 quod
3464 761 3588 799 eum

344 834 492 902 μικδν
513 828 869 885 συνοικέσιον.

2023 844 2241 886 sacrum
2305 833 2672 889 ministerium
2734 848 2843 888 non
2898 834 3311 900 intervenisset,
3378 835 3587 889 nullum

342 920 456 976 inde
482 920 553 974 ad
604 920 1055 975 matrimonialem
1106 921 1559 976 consuetudinem
1626 922 1915 977 exsisteret
1945 920 2311 978 obstaculum.

412 1010 574 1065 Ἀλλά
601 1011 769 1063 πάλαι
810 1010 909 1081 μὲν
938 1010 1079 1064 κατά
1118 1010 1277 1077 λόγον
1308 1011 1383 1081 μὴ
1401 1012 1448 1044 ⁸ο
1475 1011 1902 1081 υίοθετουμένων

2080 1013 2345 1070 Caeterum
2377 1017 2505 1071 olim
2540 1033 2663 1072 cum
2695 1018 2907 1074 decenti
2948 1020 3161 1073 ratione
3211 1035 3317 1074 non
3354 1021 3585 1091 adopta-

338 1104 674 1174 προσήκοντα
706 1104 756 1155 εί
798 1102 894 1156 καὶ
922 1104 951 1155 ὁ
999 1103 1177 1172 γάμος
1207 1104 1321 1173 ἔχει
1370 1122 1487 1167 πως
1508 1105 1552 1137 ⁸¹
1591 1105 1653 1157 τὸ
1700 1104 1902 1170 ἄδοξον.

2010 1114 2181 1172 retur,
2213 1123 2527 1179 quanquam
2580 1112 2990 1165 matrimonium
3053 1111 3165 1182 (66)
3190 1112 3392 1168 infame
3429 1115 3588 1183 quid-

335 1195 475 1262 ὅμως
517 1193 643 1261 οὐχὶ
691 1192 785 1245 καὶ
819 1193 1169 1261 παρανομίας
1221 1194 1508 1263 ἀνέχεται,
1545 1192 1640 1246 νῦν
1681 1193 1738 1245 δὲ
1769 1192 1902 1245 κατὰ

2010 1195 2133 1248 dam
2162 1201 2637 1268 complecteretur,
2690 1217 2801 1256 non
2851 1212 3033 1257 tamen
3072 1203 3339 1258 nefarium
3381 1207 3584 1276 aliquid

334 1286 505 1357 θεσμά
533 1285 828 1355 γινομένης
868 1285 963 1337 καὶ
995 1284 1277 1355 πρέποντα
1308 1284 1403 1337 καὶ
1441 1285 1628 1338 δίκαια
1651 1284 1751 1353 τῆς
1783 1285 1902 1336 υἱο-

2011 1288 2348 1345 continebat.
2371 1289 2571 1347 Verum
2594 1309 2738 1349 nunc
2762 1309 2885 1348 cum
2908 1295 3125 1365 adoptio
3142 1297 3441 1352 secundum
3474 1300 3586 1369 (67)

332 1379 623 1449 θετήσεως,
649 1377 744 1431 καὶ
777 1377 865 1429 διὰ
893 1376 1116 1445 τελετῆς
1142 1375 1293 1446 ἱερᾶς
1328 1376 1435 1428 τῶν
1474 1376 1574 1446 μὲν
1599 1378 1679 1439 είς
1706 1375 1902 1444 γονέων

2015 1380 2154 1435 ritus
2185 1391 2295 1434 tum
2327 1381 2556 1439 decoros
2589 1392 2702 1439 tum
2717 1386 2900 1454 justos
2931 1386 3047 1449 fiat,
3070 1392 3124 1440 et
3146 1402 3243 1455 per
3260 1403 3587 1443 sacrosanc-

327 1470 473 1534 τάξιν
515 1468 934 1538 καθισταμένων
974 1466 1083 1520 τῶν
1115 1467 1173 1521 δὲ
1204 1468 1284 1530 είς
1310 1466 1408 1537 τὴν
1429 1467 1476 1499 ⁸⁸
1508 1468 1619 1520 τῶν
1660 1467 1866 1520 παίδων
1887 1505 1902 1529 ,

2014 1478 2127 1524 tum
2182 1472 2292 1543 (68')
2352 1475 2683 1530 sacrificimn
2720 1477 2771 1529 bi
2804 1477 2858 1531 in
2901 1486 3188 1547 parentum
3240 1477 3440 1542 locum,
3507 1481 3582 1533 illi

324 1558 506 1611 οὐκέτι
552 1556 935 1626 περιλείπεται
977 1555 1135 1622 λόγος
1182 1555 1261 1618 είς
1314 1556 1491 1624 γάμον
1540 1553 1902 1608 συνάπτεσθαι

2013 1576 2143 1615 vero
2172 1562 2225 1615 in
2255 1564 2484 1619 liliorum
2508 1566 2599 1632 jus
2637 1568 2890 1631 subeant,
2928 1569 3079 1623 nulla
3110 1570 3347 1640 amplius
3374 1574 3584 1643 reliqua

322 1650 430 1711 τοίς
468 1648 616 1700 κατά
656 1646 819 1716 φύσιν
861 1647 956 1699 τοῦ
1006 1645 1469 1714 υἱοποιησαμένου
1504 1644 1552 1677 ⁸³
1588 1645 1747 1697 παισὶ
1779 1646 1902 1708 τοὺς

2012 1652 2155 1704 ratio
2219 1661 2321 1717 est,
2358 1663 2416 1707 ut
2448 1656 2539 1709 lilii
2583 1657 2823 1726 adeptivi
2879 1674 3002 1712 cum
3033 1661 3362 1715 naturaliter
3387 1664 3586 1732 genitis

322 1739 672 1808 εἰσποιητοὺς
698 1737 913 1801 παῖδας.
947 1735 1251 1806 Τοιγαροῦν
1282 1736 1376 1789 καὶ
1409 1736 1758 1805 θεσπίζομεν,
1799 1755 1902 1807 μη-

2010 1740 2064 1794 in
2126 1745 2534 1800 matrimonium
2595 1756 3014 1804 connectantur.
3093 1750 3362 1816 Quocirca
3420 1754 3583 1808 etiam

321 1826 511 1895 δαμῶς
557 1826 760 1892 ἐξεῖναι
822 1828 951 1889 τοὺς
1001 1826 1173 1889 οὕτως
1228 1824 1641 1896 ὑποϐεϐηκότας
1684 1827 1745 1879 τὸ
1799 1828 1902 1879 τῶν

2009 1835 2325 1907 statuimus,
2353 1846 2410 1889 ut
2445 1839 2538 1907 qui
2586 1855 2650 1895 eo
2685 1841 2845 1895 modo
2873 1841 3103 1896 fratrum
3156 1859 3357 1900 nomen
3404 1846 3585 1901 subie-

321 1915 575 1984 ἀδελφῶν
607 1915 777 1985 ὄνομα
822 1915 961 1985 πρὸς
1013 1914 1076 1968 τὸ
1120 1914 1221 1984 τῆς
1277 1914 1540 1983 συζυγίας
1587 1918 1707 1969 ἀντὶ
1743 1916 1907 1986 τῆςδδ

320 2006 691 2078 ἀδελφότητος
723 2006 1033 2078 μεθαρμόζε
1042 2005 1186 2061 σθαι.

841 2097 1153 2151 ΔΙΑΤΑΞΙΣ
1190 2099 1297 2152 ΚΕ⁹
1317 2099 1386 2154 ⁸⁸.

319 2189 462 2258 Περὶ
523 2191 767 2255 λύσεως
836 2191 1351 2315 ὐπεξουσιόέητος
1406 2190 1505 2244 καὶ
1564 2190 1907 2257 ἀναδόσεως

991 2276 1165 2315 arcam
1204 2281 1257 2315 ρ.

991 2276 1257 2329 προικός.

400 2350 462 2407 Ὀ
492 2351 655 2413 αὐτὸς
683 2349 934 2419 βασιλεὺς
968 2352 1046 2422 τῷ
1068 2351 1219 2422 αὐτῷ
1251 2351 1546 2422 Στυλιανῷ.

393 2445 466 2495 Ἀ
496 2444 613 2503 τοῖς
657 2444 1033 2513 ἀρχαιοτέροις
1065 2444 1175 2496 τῶν
1205 2444 1623 2515 αὐτοκρατόρων
1652 2445 1780 2513 περὶ
1809 2443 1902 2495 λύο

315 2550 459 2597 σεως
491 2532 948 2604 ὁπεξουσιότητος
967 2534 1013 2567 ⁸⁸
1037 2533 1479 2606 νενομοθέτηται,
1513 2534 1746 2605 καλάιγε
1777 2535 1906 2589 ὄντα

312 2628 411 2678 καὶ
438 2626 578 2692 ἀξια
604 2626 953 2697 καινοτομίας
976 2627 1226 2699 ἀνώτερα
1252 2632 1656 2699 συντηρεῖσθαι,
1679 2631 1777 2684 οὑκ
1807 2627 1903 2684 οἷδ’

2008 1925 2137 1990 rint,
2174 1926 2240 1981 iis
2299 1943 2643 1998 nequaquam
2710 1940 2922 1987 mutato
2973 1933 3338 1993 fraternitatis
3377 1936 3501 2008 jure
3529 1937 3583 1990 in

2008 2012 2418 2070 matrimonium
2442 2017 2598 2088 jungi
2625 2020 2805 2073 liceat.

2454 2106 2923 2165 CONSTITUTIO
2946 2111 3115 2166 XXV.

2180 2195 2253 2250 De
2296 2199 2747 2266 emancipatione,
2787 2210 2837 2254 et
2876 2201 3022 2256 dotis
3054 2206 3409 2261 restitutione.

2076 2354 2222 2409 Idem
2255 2356 2553 2426 imperator
2582 2354 3053 2429 eidemStyliauo.

2076 2446 2207 2512 Quae
2234 2463 2263 2501 a
2295 2448 2569 2503 veteribus
2592 2448 3020 2517 imperatoribus
3054 2450 3122 2505 de
3144 2453 3583 2523 emancipatione.

2005 2538 2300 2592 conStituta
2331 2546 2481 2603 sunt,
2517 2539 2738 2594 eximiai
2770 2540 2859 2593 illa
2887 2541 3127 2609 quidem,
3165 2541 3437 2614 dignaque
3462 2562 3586 2615 quae

2005 2634 2072 2685 ab
2129 2633 2481 2687 innovatione
2537 2632 2706 2685 libera
2762 2642 3199 2699 conserventur,
3252 2636 3395 2690 haud
3470 2639 3586 2693 scio

308 2717 467 2779 ὅπως
495 2716 603 2768 οὐκ
624 2714 783 2786 ἔτυχε
805 2717 903 2786 τῆς
921 2717 1305 2789 προσηκούσης
1332 2719 1535 2783 αἰδοῦς,
1568 2720 1684 2773 ἀλλ’
1710 2723 1902 2791 ὁρᾶται

2006 2724 2280 2792 quomodo
2328 2739 2436 2777 non
2480 2722 2761 2777 decentem
2798 2725 3161 2778 reverentiam
3196 2726 3535 2783 obtinuerint
3567 2746 3582 2782 :

307 2807 363 2858 εί
418 2807 524 2859 καὶ
574 2806 649 2875 μὴ
682 2807 848 2859 παντὶ
894 2807 1049 2877 μέρει
1096 2807 1211 2860 ἀλλ’
1257 2805 1350 2861 οὖν
1388 2810 1764 2880 ἀτιμαζόμενα
1803 2813 1902 2865 οὐκ

2006 2816 2121 2877 sed,
2151 2815 2366 2869 tametsi
2397 2829 2504 2867 non
2555 2814 2802 2875 omnino,
2836 2822 2893 2866 at
2952 2823 3105 2869 certe
3162 2814 3369 2885 despici
3404 2825 3584 2871 tamen

303 2896 519 2968 ὀρθῶς.
566 2896 787 2959 Δούλοις
827 2897 926 2967 μὲν
955 2899 1064 2968 γὰρ
1106 2898 1419 2968 ἐλευθερίας
1472 2899 1795 2970 ἠξιωμένοις
1828 2903 1902 2973 μὴ

2006 2905 2321 2956 cernantur.
2351 2894 2469 2951 Non
2504 2908 2653 2952 recte
2685 2911 2843 2950 sane.
2877 2894 3033 2961 Quod
3069 2897 3215 2951 enim
3249 2906 3584 2960 statuerunt,

304 2987 587 3052 καθάπαξ
616 2988 907 3058 δριζόντων
928 2989 972 3019 ⁸⁷
999 2989 1365 3059 ἀναφαίρετον
1390 2986 1530 3043 εἶναι
1562 2991 1622 3043 τὸ
1650 2991 1899 3061 δώρημα,

2005 2990 2178 3043 servis
2210 2988 2459 3043 libertate
2489 2987 2705 3042 donatis
2737 3002 2846 3041 non
2890 3001 3121 3055 prorsus
3147 2986 3334 3041 offerri
3363 2990 3583 3044 munifi-

301 3078 429 3132 ἀλλ’
462 3080 516 3131 εί
538 3079 588 3110 ⁸³
612 3079 806 3148 γνώμῃ
838 3079 1101 3150 πονηρίας
1128 3079 1282 3149 ἁλοίη
1311 3097 1392 3142 τις
1422 3081 1520 3150 μιᾷ
1553 3082 1662 3133 τῶν
1693 3083 1901 3151 ἀπηγο-

2006 3083 2240 3135 centiam
2268 3095 2450 3150 posse,
2484 3079 2578 3133 sed
2604 3078 2650 3132 si
2682 3078 2807 3147 quis
2846 3077 2900 3133 in
2930 3091 3093 3130 unam
3161 3076 3400 3146 aliquam
3445 3082 3582 3134 vcti-

304 3169 614 3240 ρευμένων
648 3170 839 3222 αἰτιῶν
870 3169 904 3239 ἢ
940 3170 1003 3221 τὸ
1024 3170 1122 3238 τῆς
1159 3169 1470 3241 ἐλευθερίας
1502 3170 1719 3242 ἀξίωμα
1751 3173 1904 3242 ἰσχὺν

301 3262 425 3331 ἔχει
459 3261 610 3331 πρὸς
642 3260 830 3330 σχῆμα
857 3260 1102 3323 δουλείας
1133 3263 1467 3330 μεταποιεῖν,
1496 3262 1658 3316 πάλιν
1688 3265 1768 3326 είς
1796 3266 1904 3316 τῶν

300 3352 526 3406 δούλων
558 3352 661 3423 τὴν
691 3352 876 3422 χώραν
917 3352 1170 3422 ἄγεσθαι,
1210 3352 1500 3406 ἀκούουσιν
1527 3354 1770 3417 εὐλαϐῶς
1813 3358 1905 3408 καὶ

301 3444 527 3512 τιμῶσι
557 3442 621 3495 τδ
640 3443 1012 3513 νομοθέτημα,
1042 3445 1238 3507 παῖδας
1262 3444 1320 3496 δὲ
1342 3445 1488 3510 ams
1513 3444 1610 3513 τῆς
1635 3444 1834 3512 γονέως
1856 3446 1902 3478 ⁸⁸

306 3535 764 3603 ἀπολελυμένους
787 3535 1033 3598 ἐξουσίας
1054 3537 1460 3605 ἐπιτρεπόντων
1480 3537 1556 3606 τῷ
1574 3538 1904 3606 αὑτεξουσίῳ

308 3624 415 3694 τῆς
469 3626 701 3696 γνώμης
756 3626 842 3679 διὰ
894 3628 1095 3689 παντὸς
1143 3629 1520 3698 ἀποχρῆσθαι,
1559 3628 1657 3698 οὐχ
1702 3630 1903 3698 ὁμοίως

313 3716 503 3782 εδοξεν
547 3718 774 3771 ἀκούειν
820 3718 927 3771 οὐδ’
973 3718 1049 3781 ὡς
1081 3718 1391 3789 ἀθετήσεως
1438 3719 1671 3788 κρείττω
1709 3720 1898 3772 θεσπι-

314 3804 522 3869 Conari
569 3806 819 3877 στέργειν
876 3808 937 3861 τὸ
985 3808 1193 3878 δόγμα,
1248 3807 1364 3862 ἀλλ’
1415 3808 1609 3877 ὁρᾶται
1654 3809 1896 3879 σήμερον

2005 3182 2181 3228 tarum
2212 3188 2527 3238 causarum,
2578 3186 2699 3240 qua!
2731 3171 2994 3225 libertatis
3023 3170 3336 3239 dignitatem
3378 3170 3432 3223 in
3464 3184 3585 3225 ser-

2004 3265 2194 3320 vitutis
2219 3265 2463 3319 habitum
2490 3262 2886 3319 transformare
2918 3271 3168 3332 possunt,
3214 3262 3357 3315 malo
3397 3263 3582 3315 animo

2004 3356 2350 3410 commisisse
2382 3353 2905 3423 deprehenderetur,
2944 3352 3023 3405 uti
3070 3363 3181 3405 tum
3214 3366 3431 3406 rursum
3466 3351 3579 3420 (69)

2006 3446 2061 3500 in
2088 3460 2372 3500 servorum
2421 3443 3012 3498 locumdedm-erctur
3062 3459 3075 3494 :
3148 3442 3268 3495 illos
3321 3441 3578 3510 religiose

2012 3551 2205 3590 omnes
2264 3535 2515 3597 audiunt,
2580 3533 2823 3602 legisque
2890 3533 3150 3586 lationem
3222 3541 3574 3586 venerantur.

2009 3627 2166 3694 Quod
2207 3642 2337 3680 vero
2371 3624 2580 3689 liberis,
2615 3631 2904 3695 parentum
2942 3630 3207 3693 potestate
3224 3623 3392 3678 semel
3440 3624 3578 3678 libe-

2014 3721 2167 3785 ratis,
2209 3718 2381 3772 libera
2422 3717 2588 3771 animi
2631 3716 2913 3771 voluntate
2961 3730 3058 3785 per
3095 3716 3278 3769 omnia
3311 3716 3469 3785 plene
3502 3715 3582 3769 uti

2004 3808 2329 3878 permittunt
2362 3805 2474 3876 (70)
2502 3820 2611 3858 non
2640 3804 2815 3858 visum
2848 3812 2935 3856 est
2988 3801 3348 3867 audiendum,
3381 3818 3579 3873 neque,

1591 3923 1819 3979 VABlaE
1858 3920 2268 3981 LECTIONES.

385 4014 435 4047 ’⁸
468 4011 706 4084 Scrimg.
727 4014 844 4069 τοῦ,
894 4015 941 4048 ⁸⁸
982 4014 1127 4069 Bals.
1153 4014 1227 4084 μὴ
1259 4012 1397 4067 κατά
1416 4012 1616 4082 λόγονκ
1672 4016 1717 4047 ⁸¹
1752 4017 1914 4071 codd.
1946 4016 1971 4067 ἐ

313 4086 406 4140 τά.
483 4083 531 4114 ⁸³
561 4080 1002 4154 Reliquiprarter
1026 4080 1167 4137 Bals.
1201 4080 1313 4155 τοῖς
1343 4080 1863 4155 Δυἱοποιησαμνένοις.

314 4155 600 4233 εξουσιῶν.
626 4222 659 4233 _
684 4154 729 4186 ⁸⁷
762 4151 1135 4233 _Supplentlum
1158 4153 1268 4233 τῶν
1295 4151 1739 4233 αὐτοκρατέριᾶξν.
1798 4157 1843 4187 ⁸⁸
1879 4155 1970 4233 §ic
2004 4156 2245 4233 correxit
2262 4153 2605 4233 Stephanus;
2638 4153 2860 4233 cmblzij
2892 4152 3106 4231 γνώμη,

2010 4015 2113 4085 ειῆ
2150 4014 2211 4066 τὸ
2236 4012 2420 4077 ἄδοξον
2438 4027 2461 4085 ;_
2482 4010 2871 4085 Λεγιωυβθξχει
2892 4028 2942 4063 τι
2965 4009 3166 4085 {ebriam
3260 4011 3313 4085 ἐξ
3344 4010 3579 4084 Scrimg.

1972 4035 2057 4115 ἕει
2080 4035 2113 4085 η
2150 4035 2211 4066 το
2236 4035 2420 4077 αοοςον
2438 4035 2736 4094 ineamus
2760 4035 2871 4080 εχει
2892 4035 3166 4094 rerum.
3266 4035 3311 4043 ν*
3344 4035 3579 4084 acrrmg.

2002 4087 2022 4118 ⁵
2052 4085 2197 4139 Bais.
2235 4086 2354 4136 ἀντὶ
2381 4101 2475 4135 του
2513 4100 2632 4152 της.
2693 4084 2736 4115 ⁸⁵
2768 4083 2860 4135 Est
2917 4084 3030 4135 lacl.
3072 4083 3205 4136 Nov.
3249 4082 3335 4137 16.
3402 4085 3448 4115 ⁸⁸
3478 4086 3583 4141 ὑπ.

3190 4153 3235 4184 ⁸³
3261 4155 3352 4207 Sic
3391 4169 3579 4210 emen-

312 4226 589 4281 darerunt
625 4221 939 4295 Stephanus
999 4232 1053 4278 et
1095 4221 1484 4292 Osenbrﬁggen
1519 4239 1535 4288 ;
1570 4221 1805 4296 serimg.
1834 4228 1946 4288 τοῖς
1978 4226 2177 4292 γονεῖς.
2212 4221 2403 4277 Zuieh.
2435 4235 2488 4276 et
2519 4221 2738 4275 Meerm.
2764 4222 2859 4291 τῆς
2882 4222 3063 4289 γονῆς.

1823 4315 2057 4371 ΝυΤιΕ.

386 4412 508 4480 (66)
538 4409 952 4466 Matrimonium
1010 4410 1152 4465 inter
1200 4410 1423 4466 fratrem
1486 4409 1797 4477 adoptivum
1845 4422 1897 4465 et
1929 4418 1973 4475 ι)
2002 4411 2131 4479 quin
2157 4410 2361 4480 usitata
2401 4407 2544 4480 apud
2577 4405 2857 4480 Romanos
2883 4406 3305 4480 adoptione,jus
3327 4408 3419 4480 sui
3459 4408 3574 4462 lur-

312 4496 571 4535 sororem
631 4481 942 4549 adoptivam
986 4480 1192 4535 infame
1266 4481 1540 4535 veteribus
1603 4480 1725 4544 fuit,
1788 4497 1893 4533 non

312 4560 506 4603 tanien
540 4549 838 4604 nefarium.

381 4620 501 4689 (67)
533 4621 772 4688 Adoptio
839 4619 953 4673 fleri
1015 4618 1177 4673 debet
1224 4619 1333 4673 ritu
1384 4618 1607 4684 decoro,
1627 4628 1680 4672 et
1710 4632 1900 4673 sacro-

306 4700 515 4757 sancto
539 4690 815 4742 sacrificio
841 4690 1186 4757 interposito.

378 4750 502 4827 (68)
539 4759 642 4810 Διά
680 4758 902 4827 τελετῆς
930 4750 1102 4826 ἱερᾶς.
1135 4756 1310 4827 Hujus
1345 4756 1761 4812 constitutionis
1785 4772 1899 4827 me-

304 4825 714 4880 minit’alicubi
770 4825 1088 4881 Theodorus
1138 4826 1449 4889 Balsamon,
1501 4828 1697 4895 quibus
1755 4826 1893 4881 adde

300 4906 361 4948 et
404 4899 543 4949 illud
602 4911 776 4965 genus
830 4897 1138 4962 adoptionis
1168 4896 1308 4964 quod
1356 4896 1517 4950 fiebat
1580 4912 1673 4964 per
1715 4895 1890 4964 baptiv

302 4965 673 5031 emum._liuc
694 4966 875 5034 etiam,
897 4966 1084 5019 referri
1120 4975 1295 5034 potest
1330 4968 1548 5033 adoptio
1574 4980 1668 5033 per
1706 4980 1881 5027 arma,

343 5051 416 5086 ua
436 5034 818 5088 Theodoricus
841 5033 1366 5104 llerulorumiregem
1391 5036 1557 5088 filium
1611 5034 1714 5088 sibi
1755 5034 1883 5088 fecit

347 5105 633 5159 assiodor.
664 5104 720 5164 4,
776 5104 985 5163 Χῖοι-ἱππ.
1051 5112 1107 5159 et
1156 5103 1497 5159 Justinianus
1550 5105 1886 5156 Atalaricum

300 5170 683 5227 Cassiodorus
706 5173 761 5235 8,
803 5170 1019 5226 Variar.
1057 5174 1337 5227 Desiderio
1372 5175 1675 5227 concordiae
1713 5172 1892 5227 factus

301 5251 391 5296 est
421 5257 524 5311 per
573 5257 724 5295 arma
761 5240 924 5296 filius.
950 5243 1096 5297 ldem
1132 5253 1327 5297 auctor
1351 5244 1444 5298 lib.
1477 5245 1530 5297 8.
1561 5241 1892 5296 Gensimnn-

298 5310 616 5367 dns’armis
636 5312 782 5381 illius
801 5312 985 5381 factus
1010 5321 1115 5367 est.
1136 5313 1436 5381 Procopius
1464 5313 1515 5377 1,
1545 5312 1671 5365 Belli
1691 5310 1895 5364 Persici

295 5380 501 5446 refert,
540 5396 667 5434 cum
700 5380 950 5435 Cabades
976 5380 1265 5436 Persarum
1300 5380 1392 5436 rex
1422 5381 1898 5447 Justinoimpera-

293 5451 417 5504 tori
468 5465 659 5520 pacem
688 5452 1003 5520 obtulisset,
1034 5453 1077 5505 si
1113 5452 1372 5504 Cosroein
1401 5467 1466 5505 ex
1499 5466 1690 5507 sorore
1727 5450 1896 5503 filium

289 5519 597 5587 adoptaret
631 5522 909 5573 :consilio
945 5519 1124 5574 Procli
1175 5520 1455 5574 Justinum
1520 5521 1894 5588 respondisse,

292 5598 559 5658 paratum
580 5605 642 5645 se
662 5591 716 5642 id
744 5589 943 5653 facere,
971 5592 1063 5643 sed
1086 5593 1157 5644 ita
1184 5600 1241 5643 ut
1264 5592 1551 5644 barbarum
1582 5592 1817 5650 deceret,
1847 5590 1899 5641 id

290 5672 417 5725 est,
445 5676 543 5729 per
561 5676 740 5723 arma,
768 5674 875 5713 non
900 5674 995 5727 per
1021 5661 1327 5715 litterarum
1352 5663 1745 5714 instrumenta:
1767 5660 1902 5711 abo-

2008 4474 2153 4534 redis
2172 4478 2364 4532 Cosroi
2382 4474 2678 4530 tribuisset.
2704 4474 2830 4546 Erat
2847 4484 2897 4527 et
2914 4476 3060 4546 aliud
3079 4492 3248 4546 genus
3267 4479 3421 4546 adolit
3435 4480 3574 4533 inuis

2001 4563 2098 4617 per
2119 4563 2352 4617 comam,
2384 4548 2625 4617 siveper
2649 4545 2899 4611 capillos.
2924 4543 3400 4617 l’auICMonachus
3427 4548 3479 4607 6,
3509 4552 3577 4600 de

1999 4615 2169 4684 gestis
2195 4615 2894 4686 Langobardorum.Circa
2926 4615 3040 4669 haec
3069 4625 3311 4686 tempora
3338 4617 3572 4671 Carolus

1998 4684 2335 4741 Francorum
2375 4689 2628 4755 princeps
2670 4684 2841 4738 filium
2881 4700 3041 4738 sumn
3068 4686 3133 4737 ad
3166 4685 3573 4754 Luitprandum

1998 4759 2169 4819 misit,
2201 4766 2258 4809 ut
2321 4757 2442 4825 ejus
2480 4758 2636 4825 juxta
2686 4768 2892 4825 morem
2944 4756 3203 4825 capillum
3240 4758 3568 4825 susciperet.

1998 4827 2090 4895 qui
2115 4829 2234 4895 ejus
2278 4824 2559 4880 caesariem
2612 4824 2882 4895 incidens,
2916 4824 2964 4877 ei
2994 4834 3147 4892 pater
3196 4825 3422 4880 enectus
3464 4835 3571 4891 est,

1998 4894 2060 4950 P.
2099 4894 2370 4951 Pitbmum
2404 4899 2452 4957 l,
2490 4896 2610 4947 adv.
2646 4894 2697 4945 1.

2072 4967 2183 5032 (69)
2216 4966 2278 5019 L.
2303 4965 2358 5025 2,
2392 4964 2453 5019 Ο.
2492 4965 2564 5017 lie
2601 4962 2831 5016 libertis.

2074 5030 2187 5105 (70)
2218 5035 2453 5103 Legibus
2479 5032 2764 5088 solvuntur
2798 5030 2952 5084 liberi
2986 5031 3157 5105 patria
3190 5040 3453 5105 potestate
3481 5050 3574 5101 per

2000 5103 2494 5173 emancipationem
2516 5120 2531 5154 :
2549 5109 2875 5173 revocantur
2890 5112 3068 5173 tamen
3084 5103 3135 5173 in
3158 5104 3323 5173 patris
3338 5111 3542 5171 poti-sia
3566 5138 3571 5139 ν

2003 5184 2111 5227 tem
2143 5170 2551 5242 ingratitudinis
2573 5185 2736 5225 causa
2764 5171 2800 5242 Ι.
2823 5170 2971 5242 unic.
2993 5170 3051 5242 C_.
3086 5172 3158 5223 lle
3186 5170 3413 5238 ingratis
3437 5174 3570 5225 Iibe-

1999 5245 2097 5298 ris.
2125 5238 2281 5309 Quod
2309 5258 2428 5295 eum
2462 5243 2533 5295 ita
2563 5243 2658 5303 sit,
2706 5240 2799 5308 qui
2852 5239 2909 5291 fit
2942 5248 2998 5289 ut
3021 5238 3128 5293 Leo
3159 5242 3303 5293 dicat
3334 5243 3432 5293 hoc
3464 5258 3571 5293 non

2000 5312 2369 5367 audiendum?
2388 5311 2499 5364 ιιιηο
2520 5326 2631 5378 quo
2653 5311 2778 5378 jure
2798 5309 3118 5377 simpliciter
3137 5310 3337 5363 dicitur
3365 5312 3573 5378 legibus

2001 5382 2241 5450 pi'rtttitti
2275 5383 2488 5450 plenam
2546 5379 2778 5450 omnin
2818 5387 3143 5450 potestatem
3189 5380 3569 5448 emancipatis.

2002 5447 2319 5519 nullamque
2354 5452 2684 5519 mentionem
2713 5447 2843 5500 facit
2901 5448 3312 5516 ingralitudinis
3359 5447 3570 5518 legibus

1999 5518 2313 5575 damnatae?
2342 5519 2459 5573 Non
2487 5518 2650 5572 modo
2691 5519 2781 5572 hic
2826 5519 2979 5571 locus
3012 5526 3094 5573 est
3123 5529 3443 5587 corruptus,
3476 5523 3569 5574 sed

2006 5593 2214 5659 integra
2252 5588 2499 5644 Novella.
