  <div class='ocr_page' id='page_1' title='image "/cluster/home/n/w/nwhite01/storage/ocr_20150623/107/hvd.32044073502338/281.png"; bbox 0 0 4090 6206; ppageno 0'>
   <div class='ocr_carea' id='block_1_1' title="bbox 462 292 571 361">
    <p class='ocr_par' dir='ltr' id='par_1_1' title="bbox 462 292 571 361">
     <span class='ocr_line' id='line_1_1' title="bbox 462 292 571 361; baseline 0.028 -3"><span class='ocrx_word' id='word_1_1' title='bbox 462 292 571 361; x_wconf 70' lang='grc'><strong>479</strong></span> 
     </span>
    </p>
   </div>
   <div class='ocr_carea' id='block_1_2' title="bbox 1698 277 2457 343">
    <p class='ocr_par' dir='ltr' id='par_1_2' title="bbox 1698 277 2457 343">
     <span class='ocr_line' id='line_1_2' title="bbox 1698 277 2457 343; baseline -0.011 1"><span class='ocrx_word' id='word_1_2' title='bbox 1698 282 1967 343; x_wconf 88' lang='lat' dir='ltr'><strong>LEONlS</strong></span> <span class='ocrx_word' id='word_1_3' title='bbox 1996 277 2457 340; x_wconf 84' lang='lat' dir='ltr'><strong>PHILOSOPHI</strong></span> 
     </span>
    </p>
   </div>
   <div class='ocr_carea' id='block_1_3' title="bbox 3613 275 3725 343">
    <p class='ocr_par' dir='ltr' id='par_1_3' title="bbox 3613 275 3725 343">
     <span class='ocr_line' id='line_1_3' title="bbox 3613 275 3725 343; baseline 0.036 -5"><span class='ocrx_word' id='word_1_4' title='bbox 3613 275 3725 343; x_wconf 73' lang='lat'><strong>480</strong></span> 
     </span>
    </p>
   </div>
   <div class='ocr_carea' id='block_1_4' title="bbox 471 381 2047 473">
    <p class='ocr_par' dir='ltr' id='par_1_4' title="bbox 471 383 2026 473">
     <span class='ocr_line' id='line_1_4' title="bbox 471 383 2026 473; baseline -0.011 -15"><span class='ocrx_word' id='word_1_5' title='bbox 471 403 628 473; x_wconf 90' lang='lat' dir='ltr'><strong>quasi</strong></span> <span class='ocrx_word' id='word_1_6' title='bbox 660 400 738 457; x_wconf 86' lang='lat' dir='ltr'><strong>illi</strong></span> <span class='ocrx_word' id='word_1_7' title='bbox 767 383 1123 470; x_wconf 77' lang='lat' dir='ltr'><strong>improbanda</strong></span> <span class='ocrx_word' id='word_1_8' title='bbox 1153 394 1501 458; x_wconf 89' lang='lat' dir='ltr'><strong>statuissent,</strong></span> <span class='ocrx_word' id='word_1_9' title='bbox 1534 392 1753 447; x_wconf 87' lang='lat' dir='ltr'><strong>decreto</strong></span> <span class='ocrx_word' id='word_1_10' title='bbox 1775 390 2026 458; x_wconf 82' lang='lat' dir='ltr'><strong>acquies-</strong></span> 
     </span>
    </p>
   </div>
   <div class='ocr_carea' id='block_1_5' title="bbox 2152 381 3728 473">
    <p class='ocr_par' dir='ltr' id='par_1_5' title="bbox 2152 381 3728 453">
     <span class='ocr_line' id='line_1_5' title="bbox 2152 381 3728 453; baseline 0.001 -16"><span class='ocrx_word' id='word_1_11' title='bbox 2152 385 2305 437; x_wconf 70' lang='grc' dir='ltr'>ιύδενὶ</span> <span class='ocrx_word' id='word_1_12' title='bbox 2334 383 2477 452; x_wconf 85' lang='grc' dir='ltr'>λόγῳ</span> <span class='ocrx_word' id='word_1_13' title='bbox 2520 381 2673 451; x_wconf 78' lang='grc' dir='ltr'>(οὐδὲ</span> <span class='ocrx_word' id='word_1_14' title='bbox 2710 381 2821 452; x_wconf 74' lang='grc' dir='ltr'>γὰρ</span> <span class='ocrx_word' id='word_1_15' title='bbox 2856 382 3006 451; x_wconf 82' lang='grc' dir='ltr'>νόμῳ</span> <span class='ocrx_word' id='word_1_16' title='bbox 3036 382 3550 453; x_wconf 77' lang='grc' dir='ltr'>κεκαινοποιημένῳ</span> <span class='ocrx_word' id='word_1_17' title='bbox 3588 384 3728 453; x_wconf 72' lang='grc' dir='ltr'>ἠθέ-</span> 
     </span>
    </p>
   </div>
   <div class='ocr_carea' id='block_1_6' title="bbox 462 481 2029 551">
    <p class='ocr_par' dir='ltr' id='par_1_6' title="bbox 462 481 2029 551">
     <span class='ocr_line' id='line_1_6' title="bbox 462 481 2029 551; baseline -0.011 0"><span class='ocrx_word' id='word_1_18' title='bbox 462 494 724 551; x_wconf 88' lang='lat' dir='ltr'><strong>cendum.</strong></span> <span class='ocrx_word' id='word_1_19' title='bbox 785 491 891 547; x_wconf 87' lang='lat' dir='ltr'><strong>Sed</strong></span> <span class='ocrx_word' id='word_1_20' title='bbox 927 488 1274 544; x_wconf 88' lang='lat' dir='ltr'><strong>manifestum</strong></span> <span class='ocrx_word' id='word_1_21' title='bbox 1318 499 1463 538; x_wconf 92' lang='lat' dir='ltr'><strong>nunc</strong></span> <span class='ocrx_word' id='word_1_22' title='bbox 1512 490 1621 548; x_wconf 87' lang='lat' dir='ltr'><strong>est,</strong></span> <span class='ocrx_word' id='word_1_23' title='bbox 1680 482 1826 535; x_wconf 85' lang='lat' dir='ltr'><strong>nulla</strong></span> <span class='ocrx_word' id='word_1_24' title='bbox 1859 481 1909 534; x_wconf 93' lang='lat' dir='ltr'><strong>id</strong></span> <span class='ocrx_word' id='word_1_25' title='bbox 1943 495 2029 535; x_wconf 86' lang='lat' dir='ltr'><strong>ra-</strong></span> 
     </span>
    </p>
   </div>
   <div class='ocr_carea' id='block_1_7' title="bbox 468 569 2029 652">
    <p class='ocr_par' dir='ltr' id='par_1_7' title="bbox 468 569 2029 652">
     <span class='ocr_line' id='line_1_7' title="bbox 468 569 2029 652; baseline -0.013 -11"><span class='ocrx_word' id='word_1_26' title='bbox 468 586 618 641; x_wconf 81' lang='lat' dir='ltr'><strong>tione</strong></span> <span class='ocrx_word' id='word_1_27' title='bbox 677 584 872 652; x_wconf 82' lang='lat' dir='ltr'><strong>(ncque</strong></span> <span class='ocrx_word' id='word_1_28' title='bbox 903 580 1047 633; x_wconf 90' lang='lat' dir='ltr'><strong>enim</strong></span> <span class='ocrx_word' id='word_1_29' title='bbox 1104 575 1219 645; x_wconf 74' lang='lat' dir='ltr'><strong>lege</strong></span> <span class='ocrx_word' id='word_1_30' title='bbox 1281 572 1491 627; x_wconf 89' lang='lat' dir='ltr'><strong>noviter</strong></span> <span class='ocrx_word' id='word_1_31' title='bbox 1521 571 1631 625; x_wconf 90' lang='lat' dir='ltr'><strong>lata</strong></span> <span class='ocrx_word' id='word_1_32' title='bbox 1677 569 2029 639; x_wconf 84' lang='lat' dir='ltr'><strong>reprobatum</strong></span> 
     </span>
    </p>
   </div>
   <div class='ocr_carea' id='block_1_8' title="bbox 462 657 2035 742">
    <p class='ocr_par' dir='ltr' id='par_1_8' title="bbox 462 657 2035 742">
     <span class='ocr_line' id='line_1_8' title="bbox 462 657 2035 742; baseline -0.013 -13"><span class='ocrx_word' id='word_1_33' title='bbox 462 675 568 742; x_wconf 90' lang='lat' dir='ltr'><strong>est)</strong></span> <span class='ocrx_word' id='word_1_34' title='bbox 594 672 918 726; x_wconf 85' lang='lat' dir='ltr'><strong>auctoritate</strong></span> <span class='ocrx_word' id='word_1_35' title='bbox 942 668 1209 736; x_wconf 84' lang='lat' dir='ltr'><strong>privatum</strong></span> <span class='ocrx_word' id='word_1_36' title='bbox 1242 677 1385 718; x_wconf 89' lang='lat' dir='ltr'><strong>esse.</strong></span> <span class='ocrx_word' id='word_1_37' title='bbox 1423 660 1656 725; x_wconf 82' lang='lat' dir='ltr'><strong>Quidam</strong></span> <span class='ocrx_word' id='word_1_38' title='bbox 1711 658 1902 713; x_wconf 84' lang='lat' dir='ltr'><strong>saltem</strong></span> <span class='ocrx_word' id='word_1_39' title='bbox 1946 657 2035 726; x_wconf 88' lang='lat' dir='ltr'><strong>ju-</strong></span> 
     </span>
    </p>
   </div>
   <div class='ocr_carea' id='block_1_9' title="bbox 461 748 2035 826">
    <p class='ocr_par' dir='ltr' id='par_1_9' title="bbox 461 748 2035 826">
     <span class='ocr_line' id='line_1_9' title="bbox 461 748 2035 826; baseline -0.011 -7"><span class='ocrx_word' id='word_1_40' title='bbox 461 765 568 819; x_wconf 80' lang='lat' dir='ltr'><strong>dex</strong></span> <span class='ocrx_word' id='word_1_41' title='bbox 599 760 813 816; x_wconf 89' lang='lat' dir='ltr'><strong>censuit</strong></span> <span class='ocrx_word' id='word_1_42' title='bbox 867 757 942 826; x_wconf 88' lang='lat' dir='ltr'><strong>(et</strong></span> <span class='ocrx_word' id='word_1_43' title='bbox 970 756 1141 809; x_wconf 86' lang='lat' dir='ltr'><strong>miror</strong></span> <span class='ocrx_word' id='word_1_44' title='bbox 1169 768 1277 822; x_wconf 91' lang='lat' dir='ltr'><strong>quo</strong></span> <span class='ocrx_word' id='word_1_45' title='bbox 1301 763 1461 822; x_wconf 87' lang='lat' dir='ltr'><strong>pacto</strong></span> <span class='ocrx_word' id='word_1_46' title='bbox 1480 750 1782 818; x_wconf 85' lang='lat' dir='ltr'><strong>censuerit)</strong></span> <span class='ocrx_word' id='word_1_47' title='bbox 1813 766 1901 814; x_wconf 91' lang='lat' dir='ltr'><strong>ne,</strong></span> <span class='ocrx_word' id='word_1_48' title='bbox 1939 748 2035 817; x_wconf 85' lang='lat' dir='ltr'><strong>qui</strong></span> 
     </span>
    </p>
   </div>
   <div class='ocr_carea' id='block_1_10' title="bbox 463 840 2037 915">
    <p class='ocr_par' dir='ltr' id='par_1_10' title="bbox 463 840 2037 915">
     <span class='ocr_line' id='line_1_10' title="bbox 463 840 2037 915; baseline -0.011 -9"><span class='ocrx_word' id='word_1_49' title='bbox 463 850 621 906; x_wconf 84' lang='lat' dir='ltr'><strong>liberi</strong></span> <span class='ocrx_word' id='word_1_50' title='bbox 664 848 749 903; x_wconf 88' lang='lat' dir='ltr'><strong>sui</strong></span> <span class='ocrx_word' id='word_1_51' title='bbox 785 846 928 915; x_wconf 86' lang='lat' dir='ltr'><strong>juris</strong></span> <span class='ocrx_word' id='word_1_52' title='bbox 969 843 1094 897; x_wconf 84' lang='lat' dir='ltr'><strong>facti</strong></span> <span class='ocrx_word' id='word_1_53' title='bbox 1155 851 1360 905; x_wconf 80' lang='lat' dir='ltr'><strong>essent,</strong></span> <span class='ocrx_word' id='word_1_54' title='bbox 1417 840 1740 908; x_wconf 85' lang='lat' dir='ltr'><strong>simpliciter</strong></span> <span class='ocrx_word' id='word_1_55' title='bbox 1797 847 2037 907; x_wconf 85' lang='lat' dir='ltr'><strong>potesta-</strong></span> 
     </span>
    </p>
   </div>
   <div class='ocr_carea' id='block_1_11' title="bbox 464 929 2037 1007">
    <p class='ocr_par' dir='ltr' id='par_1_11' title="bbox 464 929 2037 1007">
     <span class='ocr_line' id='line_1_11' title="bbox 464 929 2037 1007; baseline -0.009 -12"><span class='ocrx_word' id='word_1_56' title='bbox 464 950 573 995; x_wconf 88' lang='lat' dir='ltr'><strong>tem</strong></span> <span class='ocrx_word' id='word_1_57' title='bbox 630 953 794 1007; x_wconf 91' lang='lat' dir='ltr'><strong>quam</strong></span> <span class='ocrx_word' id='word_1_58' title='bbox 836 936 1135 1003; x_wconf 80' lang='lat' dir='ltr'><strong>cepissent,</strong></span> <span class='ocrx_word' id='word_1_59' title='bbox 1167 933 1450 995; x_wconf 86' lang='lat' dir='ltr'><strong>baberent,</strong></span> <span class='ocrx_word' id='word_1_60' title='bbox 1485 933 1619 1002; x_wconf 85' lang='lat' dir='ltr'><strong>(7i),</strong></span> <span class='ocrx_word' id='word_1_61' title='bbox 1652 933 1745 987; x_wconf 89' lang='lat' dir='ltr'><strong>sed</strong></span> <span class='ocrx_word' id='word_1_62' title='bbox 1782 932 1885 985; x_wconf 87' lang='lat' dir='ltr'><strong>nisi</strong></span> <span class='ocrx_word' id='word_1_63' title='bbox 1923 929 2037 998; x_wconf 73' lang='lat'><strong>(72)</strong></span> 
     </span>
    </p>
   </div>
   <div class='ocr_carea' id='block_1_12' title="bbox 465 1022 2040 1099">
    <p class='ocr_par' dir='ltr' id='par_1_12' title="bbox 465 1022 2040 1099">
     <span class='ocr_line' id='line_1_12' title="bbox 465 1022 2040 1099; baseline -0.008 -15"><span class='ocrx_word' id='word_1_64' title='bbox 465 1029 602 1099; x_wconf 86' lang='lat' dir='ltr'><strong>ipsis</strong></span> <span class='ocrx_word' id='word_1_65' title='bbox 668 1027 826 1082; x_wconf 87' lang='lat' dir='ltr'><strong>liberi</strong></span> <span class='ocrx_word' id='word_1_66' title='bbox 883 1032 1107 1087; x_wconf 86' lang='lat' dir='ltr'><strong>essent,</strong></span> <span class='ocrx_word' id='word_1_67' title='bbox 1173 1023 1406 1077; x_wconf 89' lang='lat' dir='ltr'><strong>liberum</strong></span> <span class='ocrx_word' id='word_1_68' title='bbox 1456 1023 1747 1077; x_wconf 87' lang='lat' dir='ltr'><strong>arbitrium</strong></span> <span class='ocrx_word' id='word_1_69' title='bbox 1808 1022 2040 1089; x_wconf 83' lang='lat' dir='ltr'><strong>abroga-</strong></span> 
     </span>
    </p>
   </div>
   <div class='ocr_carea' id='block_1_13' title="bbox 464 1111 2036 1183">
    <p class='ocr_par' dir='ltr' id='par_1_13' title="bbox 464 1111 2036 1183">
     <span class='ocr_line' id='line_1_13' title="bbox 464 1111 2036 1183; baseline -0.006 -10"><span class='ocrx_word' id='word_1_70' title='bbox 464 1127 656 1180; x_wconf 88' lang='lat' dir='ltr'><strong>retur,</strong></span> <span class='ocrx_word' id='word_1_71' title='bbox 722 1129 1046 1183; x_wconf 87' lang='lat' dir='ltr'><strong>rursumque</strong></span> <span class='ocrx_word' id='word_1_72' title='bbox 1118 1113 1309 1183; x_wconf 85' lang='lat' dir='ltr'><strong>patriae</strong></span> <span class='ocrx_word' id='word_1_73' title='bbox 1375 1113 1631 1181; x_wconf 79' lang='lat' dir='ltr'><strong>potestati</strong></span> <span class='ocrx_word' id='word_1_74' title='bbox 1693 1111 2036 1180; x_wconf 87' lang='lat' dir='ltr'><strong>subjiceren-</strong></span> 
     </span>
    </p>
   </div>
   <div class='ocr_carea' id='block_1_14' title="bbox 466 1201 2041 1277">
    <p class='ocr_par' dir='ltr' id='par_1_14' title="bbox 466 1201 2041 1277">
     <span class='ocr_line' id='line_1_14' title="bbox 466 1201 2041 1277; baseline -0.008 -14"><span class='ocrx_word' id='word_1_75' title='bbox 466 1216 576 1264; x_wconf 88' lang='lat' dir='ltr'><strong>tur.</strong></span> <span class='ocrx_word' id='word_1_76' title='bbox 606 1207 792 1277; x_wconf 83' lang='lat' dir='ltr'><strong>Neque</strong></span> <span class='ocrx_word' id='word_1_77' title='bbox 815 1220 945 1261; x_wconf 91' lang='lat' dir='ltr'><strong>vero</strong></span> <span class='ocrx_word' id='word_1_78' title='bbox 994 1205 1087 1260; x_wconf 89' lang='lat' dir='ltr'><strong>ille</strong></span> <span class='ocrx_word' id='word_1_79' title='bbox 1110 1205 1213 1258; x_wconf 83' lang='lat' dir='ltr'><strong>hoc</strong></span> <span class='ocrx_word' id='word_1_80' title='bbox 1238 1218 1405 1256; x_wconf 89' lang='lat' dir='ltr'><strong>unum</strong></span> <span class='ocrx_word' id='word_1_81' title='bbox 1458 1202 1692 1263; x_wconf 82' lang='lat' dir='ltr'><strong>censuit,</strong></span> <span class='ocrx_word' id='word_1_82' title='bbox 1735 1201 1833 1256; x_wconf 89' lang='lat' dir='ltr'><strong>sed</strong></span> <span class='ocrx_word' id='word_1_83' title='bbox 1877 1201 2041 1253; x_wconf 89' lang='lat' dir='ltr'><strong>etiam</strong></span> 
     </span>
    </p>
   </div>
   <div class='ocr_carea' id='block_1_15' title="bbox 467 1290 2043 1370">
    <p class='ocr_par' dir='ltr' id='par_1_15' title="bbox 467 1290 2043 1370">
     <span class='ocr_line' id='line_1_15' title="bbox 467 1290 2043 1370; baseline -0.006 -14"><span class='ocrx_word' id='word_1_84' title='bbox 467 1303 515 1356; x_wconf 89' lang='lat' dir='ltr'><strong>si</strong></span> <span class='ocrx_word' id='word_1_85' title='bbox 540 1300 667 1370; x_wconf 90' lang='lat' dir='ltr'><strong>quis</strong></span> <span class='ocrx_word' id='word_1_86' title='bbox 692 1313 761 1354; x_wconf 82' lang='lat' dir='ltr'><strong>ex</strong></span> <span class='ocrx_word' id='word_1_87' title='bbox 792 1299 1003 1354; x_wconf 89' lang='lat' dir='ltr'><strong>semine</strong></span> <span class='ocrx_word' id='word_1_88' title='bbox 1050 1312 1151 1352; x_wconf 90' lang='lat' dir='ltr'><strong>suo</strong></span> <span class='ocrx_word' id='word_1_89' title='bbox 1191 1295 1620 1351; x_wconf 85' lang='lat' dir='ltr'><strong>elllorescentem</strong></span> <span class='ocrx_word' id='word_1_90' title='bbox 1669 1294 1837 1348; x_wconf 81' lang='lat' dir='ltr'><strong>fetum</strong></span> <span class='ocrx_word' id='word_1_91' title='bbox 1889 1290 2043 1346; x_wconf 87' lang='lat' dir='ltr'><strong>vide-</strong></span> 
     </span>
    </p>
   </div>
   <div class='ocr_carea' id='block_1_16' title="bbox 468 1383 2041 1455">
    <p class='ocr_par' dir='ltr' id='par_1_16' title="bbox 468 1383 2041 1455">
     <span class='ocr_line' id='line_1_16' title="bbox 468 1383 2041 1455; baseline -0.006 -10"><span class='ocrx_word' id='word_1_92' title='bbox 468 1392 564 1453; x_wconf 84' lang='lat' dir='ltr'><strong>rit,</strong></span> <span class='ocrx_word' id='word_1_93' title='bbox 595 1405 660 1445; x_wconf 91' lang='lat' dir='ltr'><strong>ac</strong></span> <span class='ocrx_word' id='word_1_94' title='bbox 714 1405 843 1444; x_wconf 85' lang='lat' dir='ltr'><strong>vero</strong></span> <span class='ocrx_word' id='word_1_95' title='bbox 885 1390 1031 1442; x_wconf 87' lang='lat' dir='ltr'><strong>hunc</strong></span> <span class='ocrx_word' id='word_1_96' title='bbox 1066 1402 1217 1442; x_wconf 86' lang='lat' dir='ltr'><strong>mors</strong></span> <span class='ocrx_word' id='word_1_97' title='bbox 1285 1386 1460 1440; x_wconf 83' lang='lat' dir='ltr'><strong>torvis</strong></span> <span class='ocrx_word' id='word_1_98' title='bbox 1500 1384 1679 1439; x_wconf 91' lang='lat' dir='ltr'><strong>oculis</strong></span> <span class='ocrx_word' id='word_1_99' title='bbox 1714 1383 2041 1455; x_wconf 82' lang='lat' dir='ltr'><strong>inspexerit,</strong></span> 
     </span>
    </p>
   </div>
   <div class='ocr_carea' id='block_1_17' title="bbox 468 1473 2044 1551">
    <p class='ocr_par' dir='ltr' id='par_1_17' title="bbox 468 1473 2044 1551">
     <span class='ocr_line' id='line_1_17' title="bbox 468 1473 2044 1551; baseline -0.006 -15"><span class='ocrx_word' id='word_1_100' title='bbox 468 1483 652 1551; x_wconf 85' lang='lat' dir='ltr'><strong>itaque</strong></span> <span class='ocrx_word' id='word_1_101' title='bbox 704 1478 773 1533; x_wconf 89' lang='lat' dir='ltr'><strong>ad</strong></span> <span class='ocrx_word' id='word_1_102' title='bbox 802 1479 1119 1546; x_wconf 59' lang='lat' dir='ltr'><strong>,liberorum</strong></span> <span class='ocrx_word' id='word_1_103' title='bbox 1159 1478 1449 1532; x_wconf 84' lang='lat' dir='ltr'><strong>orbitatem</strong></span> <span class='ocrx_word' id='word_1_104' title='bbox 1491 1475 1749 1530; x_wconf 89' lang='lat' dir='ltr'><strong>redactus</strong></span> <span class='ocrx_word' id='word_1_105' title='bbox 1800 1475 1906 1529; x_wconf 89' lang='lat' dir='ltr'><strong>sit:</strong></span> <span class='ocrx_word' id='word_1_106' title='bbox 1962 1473 2044 1527; x_wconf 91' lang='lat' dir='ltr'><strong>uti</strong></span> 
     </span>
    </p>
   </div>
   <div class='ocr_carea' id='block_1_18' title="bbox 467 1564 2035 1643">
    <p class='ocr_par' dir='ltr' id='par_1_18' title="bbox 467 1564 2035 1643">
     <span class='ocr_line' id='line_1_18' title="bbox 467 1564 2035 1643; baseline -0.007 -16"><span class='ocrx_word' id='word_1_107' title='bbox 467 1574 559 1628; x_wconf 90' lang='lat' dir='ltr'><strong>ille</strong></span> <span class='ocrx_word' id='word_1_108' title='bbox 585 1571 790 1643; x_wconf 81' lang='lat' dir='ltr'><strong>pariter</strong></span> <span class='ocrx_word' id='word_1_109' title='bbox 823 1585 949 1624; x_wconf 86' lang='lat' dir='ltr'><strong>cum</strong></span> <span class='ocrx_word' id='word_1_110' title='bbox 1008 1569 1196 1623; x_wconf 89' lang='lat' dir='ltr'><strong>liberis</strong></span> <span class='ocrx_word' id='word_1_111' title='bbox 1229 1568 1456 1622; x_wconf 89' lang='lat' dir='ltr'><strong>liberam</strong></span> <span class='ocrx_word' id='word_1_112' title='bbox 1503 1566 1839 1621; x_wconf 77' lang='lat' dir='ltr'><strong>voluntatem</strong></span> <span class='ocrx_word' id='word_1_113' title='bbox 1869 1564 2035 1617; x_wconf 91' lang='lat' dir='ltr'><strong>amit-</strong></span> 
     </span>
    </p>
   </div>
   <div class='ocr_carea' id='block_1_19' title="bbox 469 1655 2033 1728">
    <p class='ocr_par' dir='ltr' id='par_1_19' title="bbox 469 1655 2033 1728">
     <span class='ocr_line' id='line_1_19' title="bbox 469 1655 2033 1728; baseline -0.008 -11"><span class='ocrx_word' id='word_1_114' title='bbox 469 1671 629 1725; x_wconf 85' lang='lat' dir='ltr'><strong>teret,</strong></span> <span class='ocrx_word' id='word_1_115' title='bbox 679 1674 854 1728; x_wconf 91' lang='lat' dir='ltr'><strong>neque</strong></span> <span class='ocrx_word' id='word_1_116' title='bbox 880 1657 1195 1713; x_wconf 87' lang='lat' dir='ltr'><strong>testamenti</strong></span> <span class='ocrx_word' id='word_1_117' title='bbox 1240 1656 1533 1710; x_wconf 81' lang='lat' dir='ltr'><strong>factionem</strong></span> <span class='ocrx_word' id='word_1_118' title='bbox 1564 1655 1823 1719; x_wconf 78' lang='lat' dir='ltr'><strong>,ltaberet,</strong></span> <span class='ocrx_word' id='word_1_119' title='bbox 1854 1667 2033 1722; x_wconf 88' lang='lat' dir='ltr'><strong>neque</strong></span> 
     </span>
    </p>
   </div>
   <div class='ocr_carea' id='block_1_20' title="bbox 2132 472 3729 545">
    <p class='ocr_par' dir='ltr' id='par_1_20' title="bbox 2132 472 3729 545">
     <span class='ocr_line' id='line_1_20' title="bbox 2132 472 3729 545; baseline -0.001 -16"><span class='ocrx_word' id='word_1_120' title='bbox 2132 476 2327 545; x_wconf 84' lang='grc' dir='ltr'>τηται)</span> <span class='ocrx_word' id='word_1_121' title='bbox 2360 476 2420 527; x_wconf 80' lang='grc' dir='ltr'><strong>τὸ</strong></span> <span class='ocrx_word' id='word_1_122' title='bbox 2455 472 2622 544; x_wconf 81' lang='grc' dir='ltr'>κῦρος</span> <span class='ocrx_word' id='word_1_123' title='bbox 2646 473 3020 544; x_wconf 81' lang='grc' dir='ltr'>ἀφῃρημένον.</span> <span class='ocrx_word' id='word_1_124' title='bbox 3056 472 3244 538; x_wconf 79' lang='grc' dir='ltr'>Ἔδοξε</span> <span class='ocrx_word' id='word_1_125' title='bbox 3277 473 3386 542; x_wconf 89' lang='grc' dir='ltr'><strong>γάρ</strong></span> <span class='ocrx_word' id='word_1_126' title='bbox 3415 490 3502 536; x_wconf 92' lang='grc' dir='ltr'><strong>τις</strong></span> <span class='ocrx_word' id='word_1_127' title='bbox 3536 475 3583 507; x_wconf 84' lang='grc'>⁹⁶</span> <span class='ocrx_word' id='word_1_128' title='bbox 3615 476 3729 528; x_wconf 66' lang='grc' dir='ltr'>τῶν</span> 
     </span>
    </p>
   </div>
   <div class='ocr_carea' id='block_1_21' title="bbox 2133 560 3729 632">
    <p class='ocr_par' dir='ltr' id='par_1_21' title="bbox 2133 560 3729 632">
     <span class='ocr_line' id='line_1_21' title="bbox 2133 560 3729 632; baseline 0.002 -19"><span class='ocrx_word' id='word_1_129' title='bbox 2133 564 2341 630; x_wconf 87' lang='grc' dir='ltr'>κρίνειν</span> <span class='ocrx_word' id='word_1_130' title='bbox 2366 561 2635 629; x_wconf 83' lang='grc' dir='ltr'><strong>λαχόντων</strong></span> <span class='ocrx_word' id='word_1_131' title='bbox 2669 561 2784 629; x_wconf 81' lang='grc' dir='ltr'>(καὶ</span> <span class='ocrx_word' id='word_1_132' title='bbox 2816 560 3082 627; x_wconf 74' lang='grc' dir='ltr'>θαυμάζω</span> <span class='ocrx_word' id='word_1_133' title='bbox 3111 560 3231 624; x_wconf 84' lang='grc' dir='ltr'><strong>πῶς</strong></span> <span class='ocrx_word' id='word_1_134' title='bbox 3255 561 3446 629; x_wconf 76' lang='grc' dir='ltr'>ἔδοξε).</span> <span class='ocrx_word' id='word_1_135' title='bbox 3483 562 3561 632; x_wconf 86' lang='grc' dir='ltr'>μὴ</span> <span class='ocrx_word' id='word_1_136' title='bbox 3593 564 3729 626; x_wconf 81' lang='grc' dir='ltr'>τοὺς</span> 
     </span>
    </p>
   </div>
   <div class='ocr_carea' id='block_1_22' title="bbox 2134 649 3728 722">
    <p class='ocr_par' dir='ltr' id='par_1_22' title="bbox 2134 649 3728 722">
     <span class='ocr_line' id='line_1_22' title="bbox 2134 649 3728 722; baseline 0.003 -20"><span class='ocrx_word' id='word_1_137' title='bbox 2134 651 2509 711; x_wconf 68' lang='grc' dir='ltr'><strong>καταστάντας</strong></span> <span class='ocrx_word' id='word_1_138' title='bbox 2550 649 2927 714; x_wconf 71' lang='grc' dir='ltr'><strong>αὐτεξουσίως</strong></span> <span class='ocrx_word' id='word_1_139' title='bbox 2953 650 3060 703; x_wconf 84' lang='grc' dir='ltr'><strong>τῶν</strong></span> <span class='ocrx_word' id='word_1_140' title='bbox 3103 650 3311 703; x_wconf 80' lang='grc' dir='ltr'><strong>παίδων</strong></span> <span class='ocrx_word' id='word_1_141' title='bbox 3342 651 3532 715; x_wconf 82' lang='grc' dir='ltr'>ἁπλῶς</span> <span class='ocrx_word' id='word_1_142' title='bbox 3572 652 3728 722; x_wconf 72' lang='grc' dir='ltr'>ἔχειν</span> 
     </span>
    </p>
   </div>
   <div class='ocr_carea' id='block_1_23' title="bbox 2134 740 3732 810">
    <p class='ocr_par' dir='ltr' id='par_1_23' title="bbox 2134 740 3732 810">
     <span class='ocr_line' id='line_1_23' title="bbox 2134 740 3732 810; baseline 0.003 -17"><span class='ocrx_word' id='word_1_143' title='bbox 2134 743 2202 810; x_wconf 80' lang='grc' dir='ltr'>ἢν</span> <span class='ocrx_word' id='word_1_144' title='bbox 2235 741 2425 793; x_wconf 74' lang='grc' dir='ltr'>ἔλαϐον</span> <span class='ocrx_word' id='word_1_145' title='bbox 2457 740 2740 805; x_wconf 77' lang='grc' dir='ltr'><strong>ἐξουσίαν,</strong></span> <span class='ocrx_word' id='word_1_146' title='bbox 2770 740 2885 793; x_wconf 72' lang='grc' dir='ltr'>ἀλλ’</span> <span class='ocrx_word' id='word_1_147' title='bbox 2915 742 2964 792; x_wconf 82' lang='grc' dir='ltr'><strong>εί</strong></span> <span class='ocrx_word' id='word_1_148' title='bbox 2997 743 3074 810; x_wconf 83' lang='grc' dir='ltr'><strong>μὴ</strong></span> <span class='ocrx_word' id='word_1_149' title='bbox 3106 742 3314 793; x_wconf 80' lang='grc' dir='ltr'>παίδων</span> <span class='ocrx_word' id='word_1_150' title='bbox 3354 743 3575 810; x_wconf 82' lang='grc' dir='ltr'>ὀφθεῖεν</span> <span class='ocrx_word' id='word_1_151' title='bbox 3611 760 3732 796; x_wconf 84' lang='grc' dir='ltr'>πα-</span> 
     </span>
    </p>
   </div>
   <div class='ocr_carea' id='block_1_24' title="bbox 2136 831 3727 901">
    <p class='ocr_par' dir='ltr' id='par_1_24' title="bbox 2136 831 3727 901">
     <span class='ocr_line' id='line_1_24' title="bbox 2136 831 3727 901; baseline 0.004 -18"><span class='ocrx_word' id='word_1_152' title='bbox 2136 832 2314 901; x_wconf 87' lang='grc' dir='ltr'>τέρες,</span> <span class='ocrx_word' id='word_1_153' title='bbox 2360 832 2887 901; x_wconf 80' lang='grc' dir='ltr'>ἀποχειροτονεῖσθαι</span> <span class='ocrx_word' id='word_1_154' title='bbox 2934 831 2995 883; x_wconf 79' lang='grc' dir='ltr'>τὸ</span> <span class='ocrx_word' id='word_1_155' title='bbox 3025 831 3375 897; x_wconf 73' lang='grc' dir='ltr'><strong>αὐτεξούσιον</strong></span> <span class='ocrx_word' id='word_1_156' title='bbox 3423 834 3520 888; x_wconf 80' lang='grc' dir='ltr'>καὶ</span> <span class='ocrx_word' id='word_1_157' title='bbox 3557 836 3727 891; x_wconf 85' lang='grc' dir='ltr'>πάλιν</span> 
     </span>
    </p>
   </div>
   <div class='ocr_carea' id='block_1_25' title="bbox 2139 912 3755 993">
    <p class='ocr_par' dir='ltr' id='par_1_25' title="bbox 2139 912 3755 993">
     <span class='ocr_line' id='line_1_25' title="bbox 2139 912 3755 993; baseline 0.005 -19"><span class='ocrx_word' id='word_1_158' title='bbox 2139 923 2245 974; x_wconf 81' lang='grc' dir='ltr'><strong>ὐπὸ</strong></span> <span class='ocrx_word' id='word_1_159' title='bbox 2276 923 2375 991; x_wconf 79' lang='grc' dir='ltr'>τὴν</span> <span class='ocrx_word' id='word_1_160' title='bbox 2402 923 2495 974; x_wconf 84' lang='grc' dir='ltr'>τοῦ</span> <span class='ocrx_word' id='word_1_161' title='bbox 2527 925 2729 988; x_wconf 84' lang='grc' dir='ltr'><strong>γονέως</strong></span> <span class='ocrx_word' id='word_1_162' title='bbox 2760 923 3061 993; x_wconf 82' lang='grc' dir='ltr'>ἐπιτροπὴν</span> <span class='ocrx_word' id='word_1_163' title='bbox 3093 923 3455 980; x_wconf 72' lang='grc' dir='ltr'>καθίστασθαι</span> <span class='ocrx_word' id='word_1_164' title='bbox 3476 944 3489 957; x_wconf 76' lang='grc' dir='ltr'><strong>ο</strong></span> <span class='ocrx_word' id='word_1_165' title='bbox 3530 928 3593 980; x_wconf 87' lang='grc' dir='ltr'><strong>οὐ</strong></span> <span class='ocrx_word' id='word_1_166' title='bbox 3638 912 3755 982; x_wconf 29' lang='lat' dir='ltr'><strong>to?</strong></span> 
     </span>
    </p>
   </div>
   <div class='ocr_carea' id='block_1_26' title="bbox 2143 1013 3729 1090">
    <p class='ocr_par' dir='ltr' id='par_1_26' title="bbox 2143 1013 3729 1090">
     <span class='ocr_line' id='line_1_26' title="bbox 2143 1013 3729 1090; baseline 0.006 -26"><span class='ocrx_word' id='word_1_167' title='bbox 2143 1013 2331 1066; x_wconf 82' lang='grc' dir='ltr'>σοῦτον</span> <span class='ocrx_word' id='word_1_168' title='bbox 2367 1013 2423 1066; x_wconf 83' lang='grc' dir='ltr'><strong>δὲ</strong></span> <span class='ocrx_word' id='word_1_169' title='bbox 2454 1014 2636 1079; x_wconf 79' lang='grc' dir='ltr'>μόνον,</span> <span class='ocrx_word' id='word_1_170' title='bbox 2667 1013 2806 1066; x_wconf 87' lang='grc' dir='ltr'><strong>ἀλλά</strong></span> <span class='ocrx_word' id='word_1_171' title='bbox 2834 1014 2925 1066; x_wconf 76' lang='grc' dir='ltr'>καὶ</span> <span class='ocrx_word' id='word_1_172' title='bbox 2953 1015 3055 1067; x_wconf 73' lang='grc' dir='ltr'><strong>κᾶν</strong></span> <span class='ocrx_word' id='word_1_173' title='bbox 3086 1017 3295 1086; x_wconf 79' lang='grc' dir='ltr'><strong>σπορᾶς</strong></span> <span class='ocrx_word' id='word_1_174' title='bbox 3323 1017 3519 1070; x_wconf 80' lang='grc' dir='ltr'>ἐαυτοῦ</span> <span class='ocrx_word' id='word_1_175' title='bbox 3551 1020 3729 1090; x_wconf 82' lang='grc' dir='ltr'>ἀνθή-</span> 
     </span>
    </p>
   </div>
   <div class='ocr_carea' id='block_1_27' title="bbox 2144 1104 3730 1177">
    <p class='ocr_par' dir='ltr' id='par_1_27' title="bbox 2144 1104 3730 1177">
     <span class='ocr_line' id='line_1_27' title="bbox 2144 1104 3730 1177; baseline 0.003 -19"><span class='ocrx_word' id='word_1_176' title='bbox 2144 1104 2313 1158; x_wconf 86' lang='grc' dir='ltr'>σασάν</span> <span class='ocrx_word' id='word_1_177' title='bbox 2346 1121 2430 1166; x_wconf 90' lang='grc' dir='ltr'><strong>τις</strong></span> <span class='ocrx_word' id='word_1_178' title='bbox 2481 1104 2576 1157; x_wconf 87' lang='grc' dir='ltr'>ίδοι</span> <span class='ocrx_word' id='word_1_179' title='bbox 2627 1104 2830 1172; x_wconf 80' lang='grc' dir='ltr'>γονὴν,</span> <span class='ocrx_word' id='word_1_180' title='bbox 2885 1104 3114 1177; x_wconf 74' lang='grc' dir='ltr'>θάνατος</span> <span class='ocrx_word' id='word_1_181' title='bbox 3148 1107 3195 1159; x_wconf 79' lang='grc' dir='ltr'>δ’</span> <span class='ocrx_word' id='word_1_182' title='bbox 3240 1107 3411 1177; x_wconf 80' lang='grc' dir='ltr'>αὐτὴν</span> <span class='ocrx_word' id='word_1_183' title='bbox 3456 1110 3641 1163; x_wconf 86' lang='grc' dir='ltr'>ἐπεῖδε</span> <span class='ocrx_word' id='word_1_184' title='bbox 3679 1113 3730 1145; x_wconf 70' lang='grc'><strong>⁸⁸</strong></span> 
     </span>
    </p>
   </div>
   <div class='ocr_carea' id='block_1_28' title="bbox 2143 1194 3730 1268">
    <p class='ocr_par' dir='ltr' id='par_1_28' title="bbox 2143 1194 3730 1268">
     <span class='ocr_line' id='line_1_28' title="bbox 2143 1194 3730 1268; baseline 0.004 -20"><span class='ocrx_word' id='word_1_185' title='bbox 2143 1197 2327 1266; x_wconf 82' lang='grc' dir='ltr'>δριμεῖ</span> <span class='ocrx_word' id='word_1_186' title='bbox 2358 1194 2619 1265; x_wconf 81' lang='grc' dir='ltr'>ὀφθαλμῷ</span> <span class='ocrx_word' id='word_1_187' title='bbox 2656 1196 2750 1247; x_wconf 76' lang='grc' dir='ltr'><strong>καὶ</strong></span> <span class='ocrx_word' id='word_1_188' title='bbox 2783 1198 2863 1256; x_wconf 85' lang='grc' dir='ltr'><strong>είς</strong></span> <span class='ocrx_word' id='word_1_189' title='bbox 2888 1196 3147 1248; x_wconf 82' lang='grc' dir='ltr'>ἀπαιδίαν</span> <span class='ocrx_word' id='word_1_190' title='bbox 3176 1200 3563 1268; x_wconf 82' lang='grc' dir='ltr'>περιέστησεν,</span> <span class='ocrx_word' id='word_1_191' title='bbox 3592 1204 3730 1256; x_wconf 84' lang='grc' dir='ltr'>ἁπο-</span> 
     </span>
    </p>
   </div>
   <div class='ocr_carea' id='block_1_29' title="bbox 2144 1287 3737 1360">
    <p class='ocr_par' dir='ltr' id='par_1_29' title="bbox 2144 1287 3737 1360">
     <span class='ocr_line' id='line_1_29' title="bbox 2144 1287 3737 1360; baseline 0.004 -20"><span class='ocrx_word' id='word_1_192' title='bbox 2144 1288 2361 1342; x_wconf 81' lang='grc' dir='ltr'>6άλλειν</span> <span class='ocrx_word' id='word_1_193' title='bbox 2401 1289 2538 1356; x_wconf 71' lang='grc' dir='ltr'>μετὰ</span> <span class='ocrx_word' id='word_1_194' title='bbox 2568 1287 2676 1339; x_wconf 84' lang='grc' dir='ltr'>τῶν</span> <span class='ocrx_word' id='word_1_195' title='bbox 2721 1288 2926 1341; x_wconf 83' lang='grc' dir='ltr'>παίδων</span> <span class='ocrx_word' id='word_1_196' title='bbox 2973 1288 3069 1339; x_wconf 82' lang='grc' dir='ltr'><strong>καὶ</strong></span> <span class='ocrx_word' id='word_1_197' title='bbox 3100 1289 3198 1356; x_wconf 68' lang='grc' dir='ltr'>τῆς</span> <span class='ocrx_word' id='word_1_198' title='bbox 3231 1290 3459 1360; x_wconf 84' lang='grc' dir='ltr'><strong>γνώμης</strong></span> <span class='ocrx_word' id='word_1_199' title='bbox 3505 1295 3569 1345; x_wconf 78' lang='grc' dir='ltr'>τὸ</span> <span class='ocrx_word' id='word_1_200' title='bbox 3599 1296 3737 1349; x_wconf 85' lang='grc' dir='ltr'>αὐτ-</span> 
     </span>
    </p>
   </div>
   <div class='ocr_carea' id='block_1_30' title="bbox 2146 1377 3731 1450">
    <p class='ocr_par' dir='ltr' id='par_1_30' title="bbox 2146 1377 3731 1450">
     <span class='ocr_line' id='line_1_30' title="bbox 2146 1377 3731 1450; baseline 0.003 -19"><span class='ocrx_word' id='word_1_201' title='bbox 2146 1378 2407 1442; x_wconf 79' lang='grc' dir='ltr'>εξούσιον,</span> <span class='ocrx_word' id='word_1_202' title='bbox 2444 1379 2537 1429; x_wconf 72' lang='grc' dir='ltr'>καὶ</span> <span class='ocrx_word' id='word_1_203' title='bbox 2570 1379 2705 1447; x_wconf 82' lang='grc' dir='ltr'>μήτε</span> <span class='ocrx_word' id='word_1_204' title='bbox 2744 1378 2977 1446; x_wconf 77' lang='grc' dir='ltr'>γράφειν</span> <span class='ocrx_word' id='word_1_205' title='bbox 3017 1377 3279 1447; x_wconf 80' lang='grc' dir='ltr'>διαθήκας</span> <span class='ocrx_word' id='word_1_206' title='bbox 3314 1382 3454 1450; x_wconf 84' lang='grc' dir='ltr'>μήτε</span> <span class='ocrx_word' id='word_1_207' title='bbox 3480 1381 3731 1448; x_wconf 81' lang='grc' dir='ltr'>διοικεῖν,</span> 
     </span>
    </p>
   </div>
   <div class='ocr_carea' id='block_1_31' title="bbox 2146 1466 3738 1544">
    <p class='ocr_par' dir='ltr' id='par_1_31' title="bbox 2146 1466 3738 1544">
     <span class='ocr_line' id='line_1_31' title="bbox 2146 1466 3738 1544; baseline 0.004 -23"><span class='ocrx_word' id='word_1_208' title='bbox 2146 1470 2223 1532; x_wconf 88' lang='grc' dir='ltr'><strong>ὡς</strong></span> <span class='ocrx_word' id='word_1_209' title='bbox 2249 1469 2313 1522; x_wconf 87' lang='grc' dir='ltr'>ἂν</span> <span class='ocrx_word' id='word_1_210' title='bbox 2343 1468 2472 1537; x_wconf 83' lang='grc' dir='ltr'>δοκῇ</span> <span class='ocrx_word' id='word_1_211' title='bbox 2500 1468 2567 1519; x_wconf 85' lang='grc' dir='ltr'>τὰ</span> <span class='ocrx_word' id='word_1_212' title='bbox 2601 1466 2750 1536; x_wconf 88' lang='grc' dir='ltr'><strong>παρά</strong></span> <span class='ocrx_word' id='word_1_213' title='bbox 2779 1468 2886 1520; x_wconf 85' lang='grc' dir='ltr'>τῶν</span> <span class='ocrx_word' id='word_1_214' title='bbox 2915 1469 3114 1533; x_wconf 84' lang='grc' dir='ltr'>γονέων</span> <span class='ocrx_word' id='word_1_215' title='bbox 3134 1469 3489 1540; x_wconf 85' lang='grc' dir='ltr'>δεδωρημένα</span> <span class='ocrx_word' id='word_1_216' title='bbox 3524 1490 3738 1544; x_wconf 83' lang='grc' dir='ltr'>συγκε-</span> 
     </span>
    </p>
   </div>
   <div class='ocr_carea' id='block_1_32' title="bbox 2147 1560 3739 1637">
    <p class='ocr_par' dir='ltr' id='par_1_32' title="bbox 2147 1560 3739 1637">
     <span class='ocr_line' id='line_1_32' title="bbox 2147 1560 3739 1637; baseline 0.006 -25"><span class='ocrx_word' id='word_1_217' title='bbox 2147 1560 2448 1631; x_wconf 76' lang='grc' dir='ltr'>χωρῆσθαι.</span> <span class='ocrx_word' id='word_1_218' title='bbox 2488 1560 2657 1614; x_wconf 78' lang='grc' dir='ltr'>Τοῦτό</span> <span class='ocrx_word' id='word_1_219' title='bbox 2679 1576 2842 1613; x_wconf 50' lang='grc' dir='ltr'>κτισιν</span> <span class='ocrx_word' id='word_1_220' title='bbox 2885 1561 2966 1623; x_wconf 82' lang='grc' dir='ltr'><strong>είς</strong></span> <span class='ocrx_word' id='word_1_221' title='bbox 3002 1560 3159 1625; x_wconf 76' lang='grc' dir='ltr'>δόξαν</span> <span class='ocrx_word' id='word_1_222' title='bbox 3195 1563 3349 1615; x_wconf 79' lang='grc' dir='ltr'>ἐλθὸν</span> <span class='ocrx_word' id='word_1_223' title='bbox 3387 1566 3487 1618; x_wconf 78' lang='grc' dir='ltr'>καὶ</span> <span class='ocrx_word' id='word_1_224' title='bbox 3527 1568 3739 1637; x_wconf 77' lang='grc' dir='ltr'>ῥᾳδίως</span> 
     </span>
    </p>
   </div>
   <div class='ocr_carea' id='block_1_33' title="bbox 2150 1651 3736 1725">
    <p class='ocr_par' dir='ltr' id='par_1_33' title="bbox 2150 1651 3736 1725">
     <span class='ocr_line' id='line_1_33' title="bbox 2150 1651 3736 1725; baseline 0.004 -20"><span class='ocrx_word' id='word_1_225' title='bbox 2150 1651 2490 1723; x_wconf 83' lang='grc' dir='ltr'>παραδεχθέν</span> <span class='ocrx_word' id='word_1_226' title='bbox 2520 1654 2632 1715; x_wconf 85' lang='grc' dir='ltr'>τοῖς</span> <span class='ocrx_word' id='word_1_227' title='bbox 2662 1651 2889 1722; x_wconf 79' lang='grc' dir='ltr'>ὕστερον</span> <span class='ocrx_word' id='word_1_228' title='bbox 2916 1654 3078 1723; x_wconf 87' lang='grc' dir='ltr'>μέχρι</span> <span class='ocrx_word' id='word_1_229' title='bbox 3105 1652 3200 1708; x_wconf 82' lang='grc' dir='ltr'>τοῦ</span> <span class='ocrx_word' id='word_1_230' title='bbox 3226 1653 3551 1725; x_wconf 73' lang='grc' dir='ltr'>νῦνρρᾶται</span> <span class='ocrx_word' id='word_1_231' title='bbox 3576 1661 3736 1712; x_wconf 73' lang='grc' dir='ltr'>πολι-</span> 
     </span>
    </p>
   </div>
   <div class='ocr_carea' id='block_1_34' title="bbox 468 1729 2047 1822">
    <p class='ocr_par' dir='ltr' id='par_1_34' title="bbox 468 1742 2043 1822">
     <span class='ocr_line' id='line_1_34' title="bbox 468 1742 2043 1822; baseline -0.008 -15"><span class='ocrx_word' id='word_1_232' title='bbox 468 1767 591 1822; x_wconf 68' lang='lat' dir='ltr'><strong>qua:</strong></span> <span class='ocrx_word' id='word_1_233' title='bbox 621 1752 817 1805; x_wconf 88' lang='lat' dir='ltr'><strong>donata</strong></span> <span class='ocrx_word' id='word_1_234' title='bbox 845 1763 876 1803; x_wconf 91' lang='lat' dir='ltr'><strong>a</strong></span> <span class='ocrx_word' id='word_1_235' title='bbox 910 1748 1224 1818; x_wconf 89' lang='lat' dir='ltr'><strong>parentibus</strong></span> <span class='ocrx_word' id='word_1_236' title='bbox 1248 1754 1454 1809; x_wconf 89' lang='lat' dir='ltr'><strong>essent,</strong></span> <span class='ocrx_word' id='word_1_237' title='bbox 1489 1761 1585 1813; x_wconf 92' lang='lat' dir='ltr'><strong>pro</strong></span> <span class='ocrx_word' id='word_1_238' title='bbox 1617 1745 1846 1798; x_wconf 90' lang='lat' dir='ltr'><strong>arbitrio</strong></span> <span class='ocrx_word' id='word_1_239' title='bbox 1871 1742 2043 1796; x_wconf 85' lang='lat' dir='ltr'><strong>admi-</strong></span> 
     </span>
    </p>
   </div>
   <div class='ocr_carea' id='block_1_35' title="bbox 2152 1729 3734 1822">
    <p class='ocr_par' dir='ltr' id='par_1_35' title="bbox 2152 1741 3734 1820">
     <span class='ocr_line' id='line_1_35' title="bbox 2152 1741 3734 1820; baseline 0.003 -27"><span class='ocrx_word' id='word_1_240' title='bbox 2152 1743 2461 1810; x_wconf 82' lang='grc' dir='ltr'>τευόμενον,</span> <span class='ocrx_word' id='word_1_241' title='bbox 2507 1741 2607 1809; x_wconf 82' lang='grc' dir='ltr'>τῆς</span> <span class='ocrx_word' id='word_1_242' title='bbox 2640 1742 2878 1805; x_wconf 78' lang='grc' dir='ltr'>παλαιᾶς</span> <span class='ocrx_word' id='word_1_243' title='bbox 2928 1744 3337 1815; x_wconf 82' lang='grc' dir='ltr'>ἁτιμαζομένης</span> <span class='ocrx_word' id='word_1_244' title='bbox 3382 1747 3734 1820; x_wconf 54' lang='grc' dir='ltr'>νομοθεσίας,</span> 
     </span>
    </p>
   </div>
   <div class='ocr_carea' id='block_1_36' title="bbox 473 1832 2042 1909">
    <p class='ocr_par' dir='ltr' id='par_1_36' title="bbox 473 1832 2042 1909">
     <span class='ocr_line' id='line_1_36' title="bbox 473 1832 2042 1909; baseline -0.006 -14"><span class='ocrx_word' id='word_1_245' title='bbox 473 1842 711 1896; x_wconf 85' lang='lat' dir='ltr'><strong>nistrare</strong></span> <span class='ocrx_word' id='word_1_246' title='bbox 756 1841 1191 1909; x_wconf 86' lang='lat' dir='ltr'><strong>permitteretur.</strong></span> <span class='ocrx_word' id='word_1_247' title='bbox 1254 1837 1436 1904; x_wconf 79' lang='lat' dir='ltr'><strong>Atque</strong></span> <span class='ocrx_word' id='word_1_248' title='bbox 1503 1838 1606 1889; x_wconf 88' lang='lat' dir='ltr'><strong>boc</strong></span> <span class='ocrx_word' id='word_1_249' title='bbox 1668 1833 1890 1903; x_wconf 87' lang='lat' dir='ltr'><strong>quidem</strong></span> <span class='ocrx_word' id='word_1_250' title='bbox 1948 1832 2042 1886; x_wconf 90' lang='lat' dir='ltr'><strong>ubi</strong></span> 
     </span>
    </p>
   </div>
   <div class='ocr_carea' id='block_1_37' title="bbox 473 1922 2043 1997">
    <p class='ocr_par' dir='ltr' id='par_1_37' title="bbox 473 1922 2043 1997">
     <span class='ocr_line' id='line_1_37' title="bbox 473 1922 2043 1997; baseline -0.008 -12"><span class='ocrx_word' id='word_1_251' title='bbox 473 1929 753 1985; x_wconf 84' lang='lat' dir='ltr'><strong>nonnullis</strong></span> <span class='ocrx_word' id='word_1_252' title='bbox 776 1928 1095 1997; x_wconf 86' lang='lat' dir='ltr'><strong>placuisset,</strong></span> <span class='ocrx_word' id='word_1_253' title='bbox 1126 1924 1393 1993; x_wconf 81' lang='lat' dir='ltr'><strong>facileque</strong></span> <span class='ocrx_word' id='word_1_254' title='bbox 1423 1938 1453 1976; x_wconf 89' lang='lat' dir='ltr'><strong>a</strong></span> <span class='ocrx_word' id='word_1_255' title='bbox 1484 1922 1885 1992; x_wconf 85' lang='lat' dir='ltr'><strong>posterioribus</strong></span> <span class='ocrx_word' id='word_1_256' title='bbox 1916 1935 2043 1974; x_wconf 78' lang='lat' dir='ltr'><strong>sus—</strong></span> 
     </span>
    </p>
   </div>
   <div class='ocr_carea' id='block_1_38' title="bbox 474 2008 2047 2089">
    <p class='ocr_par' dir='ltr' id='par_1_38' title="bbox 474 2008 2047 2089">
     <span class='ocr_line' id='line_1_38' title="bbox 474 2008 2047 2089; baseline -0.008 -15"><span class='ocrx_word' id='word_1_257' title='bbox 474 2027 696 2089; x_wconf 88' lang='lat' dir='ltr'><strong>ceptum</strong></span> <span class='ocrx_word' id='word_1_258' title='bbox 760 2025 927 2081; x_wconf 89' lang='lat' dir='ltr'><strong>esset,</strong></span> <span class='ocrx_word' id='word_1_259' title='bbox 960 2017 1215 2085; x_wconf 89' lang='lat' dir='ltr'><strong>despecta</strong></span> <span class='ocrx_word' id='word_1_260' title='bbox 1264 2012 1431 2067; x_wconf 85' lang='lat' dir='ltr'><strong>veteri</strong></span> <span class='ocrx_word' id='word_1_261' title='bbox 1475 2012 1817 2082; x_wconf 75' lang='lat' dir='ltr'><strong>legislatione</strong></span> <span class='ocrx_word' id='word_1_262' title='bbox 1861 2010 1915 2063; x_wconf 90' lang='lat' dir='ltr'><strong>in</strong></span> <span class='ocrx_word' id='word_1_263' title='bbox 1946 2008 2047 2062; x_wconf 83' lang='lat' dir='ltr'><strong>ho-</strong></span> 
     </span>
    </p>
   </div>
   <div class='ocr_carea' id='block_1_39' title="bbox 472 2100 2048 2175">
    <p class='ocr_par' dir='ltr' id='par_1_39' title="bbox 472 2100 2048 2175">
     <span class='ocr_line' id='line_1_39' title="bbox 472 2100 2048 2175; baseline -0.006 -12"><span class='ocrx_word' id='word_1_264' title='bbox 472 2109 724 2164; x_wconf 87' lang='lat' dir='ltr'><strong>diernum</strong></span> <span class='ocrx_word' id='word_1_265' title='bbox 765 2122 940 2175; x_wconf 82' lang='lat' dir='ltr'><strong>usque</strong></span> <span class='ocrx_word' id='word_1_266' title='bbox 989 2105 1133 2159; x_wconf 90' lang='lat' dir='ltr'><strong>diem</strong></span> <span class='ocrx_word' id='word_1_267' title='bbox 1180 2106 1237 2157; x_wconf 90' lang='lat' dir='ltr'><strong>in</strong></span> <span class='ocrx_word' id='word_1_268' title='bbox 1271 2101 1554 2172; x_wconf 89' lang='lat' dir='ltr'><strong>republica</strong></span> <span class='ocrx_word' id='word_1_269' title='bbox 1583 2103 1761 2155; x_wconf 75' lang='lat' dir='ltr'><strong>valere</strong></span> <span class='ocrx_word' id='word_1_270' title='bbox 1783 2100 2048 2169; x_wconf 85' lang='lat' dir='ltr'><strong>conspici-</strong></span> 
     </span>
    </p>
   </div>
   <div class='ocr_carea' id='block_1_40' title="bbox 474 2192 2047 2267">
    <p class='ocr_par' dir='ltr' id='par_1_40' title="bbox 474 2192 2047 2267">
     <span class='ocr_line' id='line_1_40' title="bbox 474 2192 2047 2267; baseline -0.006 -14"><span class='ocrx_word' id='word_1_271' title='bbox 474 2206 585 2254; x_wconf 89' lang='lat' dir='ltr'><strong>tur.</strong></span> <span class='ocrx_word' id='word_1_272' title='bbox 606 2197 716 2253; x_wconf 87' lang='lat' dir='ltr'><strong>Nus</strong></span> <span class='ocrx_word' id='word_1_273' title='bbox 743 2198 925 2267; x_wconf 82' lang='lat' dir='ltr'><strong>itaque</strong></span> <span class='ocrx_word' id='word_1_274' title='bbox 952 2195 1252 2266; x_wconf 72' lang='lat' dir='ltr'><strong>pristinam</strong></span> <span class='ocrx_word' id='word_1_275' title='bbox 1266 2194 1443 2265; x_wconf 76' lang='lat' dir='ltr'><strong>legum</strong></span> <span class='ocrx_word' id='word_1_276' title='bbox 1474 2194 1577 2247; x_wconf 84' lang='lat' dir='ltr'><strong>hac</strong></span> <span class='ocrx_word' id='word_1_277' title='bbox 1590 2192 1657 2247; x_wconf 88' lang='lat' dir='ltr'><strong>de</strong></span> <span class='ocrx_word' id='word_1_278' title='bbox 1678 2207 1736 2247; x_wconf 91' lang='lat' dir='ltr'><strong>re</strong></span> <span class='ocrx_word' id='word_1_279' title='bbox 1750 2192 2047 2245; x_wconf 71' lang='lat' dir='ltr'><strong>auctorita-</strong></span> 
     </span>
    </p>
   </div>
   <div class='ocr_carea' id='block_1_41' title="bbox 474 2284 2049 2355">
    <p class='ocr_par' dir='ltr' id='par_1_41' title="bbox 474 2284 2049 2355">
     <span class='ocr_line' id='line_1_41' title="bbox 474 2284 2049 2355; baseline -0.003 -12"><span class='ocrx_word' id='word_1_280' title='bbox 474 2297 582 2345; x_wconf 88' lang='lat' dir='ltr'><strong>tem</strong></span> <span class='ocrx_word' id='word_1_281' title='bbox 614 2298 959 2354; x_wconf 88' lang='lat' dir='ltr'><strong>renovantes,</strong></span> <span class='ocrx_word' id='word_1_282' title='bbox 997 2287 1314 2351; x_wconf 84' lang='lat' dir='ltr'><strong>statuimus,</strong></span> <span class='ocrx_word' id='word_1_283' title='bbox 1343 2302 1414 2341; x_wconf 89' lang='lat' dir='ltr'><strong>ne</strong></span> <span class='ocrx_word' id='word_1_284' title='bbox 1454 2288 1577 2355; x_wconf 88' lang='lat' dir='ltr'><strong>quis</strong></span> <span class='ocrx_word' id='word_1_285' title='bbox 1615 2285 1829 2338; x_wconf 91' lang='lat' dir='ltr'><strong>illorum</strong></span> <span class='ocrx_word' id='word_1_286' title='bbox 1863 2285 1952 2353; x_wconf 89' lang='lat' dir='ltr'><strong>qui</strong></span> <span class='ocrx_word' id='word_1_287' title='bbox 1981 2284 2049 2337; x_wconf 85' lang='lat' dir='ltr'><strong>de</strong></span> 
     </span>
    </p>
   </div>
   <div class='ocr_carea' id='block_1_42' title="bbox 412 2374 2046 2448">
    <p class='ocr_par' dir='ltr' id='par_1_42' title="bbox 412 2374 2046 2448">
     <span class='ocr_line' id='line_1_42' title="bbox 412 2374 2046 2448; baseline -0.004 -14"><span class='ocrx_word' id='word_1_288' title='bbox 412 2374 437 2393; x_wconf 67' lang='grc'><em>”</em></span> <span class='ocrx_word' id='word_1_289' title='bbox 478 2380 624 2435; x_wconf 88' lang='lat' dir='ltr'><strong>dotis</strong></span> <span class='ocrx_word' id='word_1_290' title='bbox 668 2379 780 2448; x_wconf 79' lang='grc'>(75)</span> <span class='ocrx_word' id='word_1_291' title='bbox 833 2378 1179 2435; x_wconf 82' lang='lat' dir='ltr'><strong>restitutione</strong></span> <span class='ocrx_word' id='word_1_292' title='bbox 1238 2376 1547 2446; x_wconf 83' lang='lat' dir='ltr'><strong>disceptant</strong></span> <span class='ocrx_word' id='word_1_293' title='bbox 1598 2375 1911 2442; x_wconf 90' lang='lat' dir='ltr'><strong>rejieiatur,</strong></span> <span class='ocrx_word' id='word_1_294' title='bbox 1958 2375 2046 2429; x_wconf 89' lang='lat' dir='ltr'><strong>in-</strong></span> 
     </span>
    </p>
   </div>
   <div class='ocr_carea' id='block_1_43' title="bbox 476 2464 2050 2539">
    <p class='ocr_par' dir='ltr' id='par_1_43' title="bbox 476 2464 2050 2539">
     <span class='ocr_line' id='line_1_43' title="bbox 476 2464 2050 2539; baseline -0.005 -13"><span class='ocrx_word' id='word_1_295' title='bbox 476 2470 729 2539; x_wconf 80' lang='lat' dir='ltr'><strong>fectaque</strong></span> <span class='ocrx_word' id='word_1_296' title='bbox 754 2485 814 2525; x_wconf 89' lang='lat' dir='ltr'><strong>re</strong></span> <span class='ocrx_word' id='word_1_297' title='bbox 858 2468 1041 2523; x_wconf 86' lang='lat' dir='ltr'><strong>inanis</strong></span> <span class='ocrx_word' id='word_1_298' title='bbox 1070 2468 1400 2523; x_wconf 89' lang='lat' dir='ltr'><strong>dimittatur.</strong></span> <span class='ocrx_word' id='word_1_299' title='bbox 1434 2468 1503 2520; x_wconf 81' lang='lat' dir='ltr'><strong>At</strong></span> <span class='ocrx_word' id='word_1_300' title='bbox 1546 2466 1678 2536; x_wconf 88' lang='lat' dir='ltr'><strong>quid</strong></span> <span class='ocrx_word' id='word_1_301' title='bbox 1708 2466 1863 2519; x_wconf 90' lang='lat' dir='ltr'><strong>aiunt</strong></span> <span class='ocrx_word' id='word_1_302' title='bbox 1898 2464 2050 2518; x_wconf 77' lang='lat' dir='ltr'><strong>illze?</strong></span> 
     </span>
    </p>
   </div>
   <div class='ocr_carea' id='block_1_44' title="bbox 476 2555 2050 2623">
    <p class='ocr_par' dir='ltr' id='par_1_44' title="bbox 476 2555 2050 2623">
     <span class='ocr_line' id='line_1_44' title="bbox 476 2555 2050 2623; baseline -0.003 -9"><span class='ocrx_word' id='word_1_303' title='bbox 476 2557 538 2614; x_wconf 85' lang='lat' dir='ltr'><strong>Si</strong></span> <span class='ocrx_word' id='word_1_304' title='bbox 570 2558 714 2613; x_wconf 81' lang='lat' dir='ltr'><strong>illius</strong></span> <span class='ocrx_word' id='word_1_305' title='bbox 754 2557 941 2612; x_wconf 89' lang='lat' dir='ltr'><strong>liberis</strong></span> <span class='ocrx_word' id='word_1_306' title='bbox 1002 2556 1251 2619; x_wconf 87' lang='lat' dir='ltr'><strong>orbetur,</strong></span> <span class='ocrx_word' id='word_1_307' title='bbox 1296 2555 1498 2609; x_wconf 89' lang='lat' dir='ltr'><strong>donum</strong></span> <span class='ocrx_word' id='word_1_308' title='bbox 1546 2557 1690 2623; x_wconf 89' lang='lat' dir='ltr'><strong>quod</strong></span> <span class='ocrx_word' id='word_1_309' title='bbox 1719 2555 1796 2608; x_wconf 91' lang='lat' dir='ltr'><strong>illi</strong></span> <span class='ocrx_word' id='word_1_310' title='bbox 1830 2569 1860 2607; x_wconf 93' lang='lat' dir='ltr'><strong>a</strong></span> <span class='ocrx_word' id='word_1_311' title='bbox 1898 2564 2050 2623; x_wconf 89' lang='lat' dir='ltr'><strong>patre</strong></span> 
     </span>
    </p>
   </div>
   <div class='ocr_carea' id='block_1_45' title="bbox 478 2644 2046 2719">
    <p class='ocr_par' dir='ltr' id='par_1_45' title="bbox 478 2644 2046 2719">
     <span class='ocr_line' id='line_1_45' title="bbox 478 2644 2046 2719; baseline -0.002 -16"><span class='ocrx_word' id='word_1_312' title='bbox 478 2648 834 2719; x_wconf 88' lang='lat' dir='ltr'><strong>processerit,</strong></span> <span class='ocrx_word' id='word_1_313' title='bbox 865 2646 932 2700; x_wconf 90' lang='lat' dir='ltr'><strong>ad</strong></span> <span class='ocrx_word' id='word_1_314' title='bbox 965 2644 1288 2700; x_wconf 89' lang='lat' dir='ltr'><strong>donatorem</strong></span> <span class='ocrx_word' id='word_1_315' title='bbox 1330 2653 1585 2713; x_wconf 86' lang='lat' dir='ltr'><strong>oportere</strong></span> <span class='ocrx_word' id='word_1_316' title='bbox 1618 2647 1848 2699; x_wconf 76' lang='lat' dir='ltr'><strong>reverti:</strong></span> <span class='ocrx_word' id='word_1_317' title='bbox 1904 2648 2046 2715; x_wconf 82' lang='lat' dir='ltr'><strong>quod</strong></span> 
     </span>
    </p>
   </div>
   <div class='ocr_carea' id='block_1_46' title="bbox 478 2735 2049 2804">
    <p class='ocr_par' dir='ltr' id='par_1_46' title="bbox 478 2735 2049 2804">
     <span class='ocr_line' id='line_1_46' title="bbox 478 2735 2049 2804; baseline -0.002 -12"><span class='ocrx_word' id='word_1_318' title='bbox 478 2752 610 2792; x_wconf 87' lang='lat' dir='ltr'><strong>vero</strong></span> <span class='ocrx_word' id='word_1_319' title='bbox 636 2744 732 2789; x_wconf 84' lang='lat' dir='ltr'><strong>aut</strong></span> <span class='ocrx_word' id='word_1_320' title='bbox 756 2750 786 2789; x_wconf 89' lang='lat' dir='ltr'><strong>a</strong></span> <span class='ocrx_word' id='word_1_321' title='bbox 811 2743 986 2789; x_wconf 84' lang='lat' dir='ltr'><strong>matre</strong></span> <span class='ocrx_word' id='word_1_322' title='bbox 1012 2745 1107 2789; x_wconf 90' lang='lat' dir='ltr'><strong>aut</strong></span> <span class='ocrx_word' id='word_1_323' title='bbox 1128 2735 1197 2789; x_wconf 86' lang='lat' dir='ltr'><strong>ab</strong></span> <span class='ocrx_word' id='word_1_324' title='bbox 1222 2744 1487 2788; x_wconf 78' lang='lat' dir='ltr'><strong>extraneo</strong></span> <span class='ocrx_word' id='word_1_325' title='bbox 1513 2736 1768 2804; x_wconf 90' lang='lat' dir='ltr'><strong>quopiam</strong></span> <span class='ocrx_word' id='word_1_326' title='bbox 1790 2736 2049 2789; x_wconf 87' lang='lat' dir='ltr'><strong>donatum</strong></span> 
     </span>
    </p>
   </div>
   <div class='ocr_carea' id='block_1_47' title="bbox 479 2827 2051 2894">
    <p class='ocr_par' dir='ltr' id='par_1_47' title="bbox 479 2827 2051 2894">
     <span class='ocr_line' id='line_1_47' title="bbox 479 2827 2051 2894; baseline -0.003 -9"><span class='ocrx_word' id='word_1_327' title='bbox 479 2829 630 2885; x_wconf 81' lang='lat' dir='ltr'><strong>ﬁlius</strong></span> <span class='ocrx_word' id='word_1_328' title='bbox 669 2828 851 2892; x_wconf 88' lang='lat' dir='ltr'><strong>habet,</strong></span> <span class='ocrx_word' id='word_1_329' title='bbox 884 2843 992 2882; x_wconf 91' lang='lat' dir='ltr'><strong>non</strong></span> <span class='ocrx_word' id='word_1_330' title='bbox 1025 2829 1178 2894; x_wconf 90' lang='lat' dir='ltr'><strong>item,</strong></span> <span class='ocrx_word' id='word_1_331' title='bbox 1224 2827 1333 2881; x_wconf 86' lang='lat' dir='ltr'><strong>nisi</strong></span> <span class='ocrx_word' id='word_1_332' title='bbox 1376 2828 1576 2882; x_wconf 81' lang='lat' dir='ltr'><strong>reverti</strong></span> <span class='ocrx_word' id='word_1_333' title='bbox 1620 2827 1825 2882; x_wconf 82' lang='lat' dir='ltr'><strong>debere</strong></span> <span class='ocrx_word' id='word_1_334' title='bbox 1871 2828 1924 2881; x_wconf 91' lang='lat' dir='ltr'><strong>id</strong></span> <span class='ocrx_word' id='word_1_335' title='bbox 1952 2828 2051 2881; x_wconf 87' lang='lat' dir='ltr'><strong>do-</strong></span> 
     </span>
    </p>
   </div>
   <div class='ocr_carea' id='block_1_48' title="bbox 482 2919 2053 2990">
    <p class='ocr_par' dir='ltr' id='par_1_48' title="bbox 482 2919 2053 2990">
     <span class='ocr_line' id='line_1_48' title="bbox 482 2919 2053 2990; baseline -0.003 -14"><span class='ocrx_word' id='word_1_336' title='bbox 482 2930 705 2976; x_wconf 86' lang='lat' dir='ltr'><strong>natores</strong></span> <span class='ocrx_word' id='word_1_337' title='bbox 726 2928 888 2990; x_wconf 78' lang='lat' dir='ltr'><strong>pacto</strong></span> <span class='ocrx_word' id='word_1_338' title='bbox 910 2919 1176 2990; x_wconf 79' lang='lat' dir='ltr'><strong>complexi</strong></span> <span class='ocrx_word' id='word_1_339' title='bbox 1203 2919 1344 2975; x_wconf 92' lang='lat' dir='ltr'><strong>sint.</strong></span> <span class='ocrx_word' id='word_1_340' title='bbox 1377 2919 1484 2975; x_wconf 90' lang='lat' dir='ltr'><strong>Sed</strong></span> <span class='ocrx_word' id='word_1_341' title='bbox 1514 2919 1627 2989; x_wconf 69' lang='lat'><strong>(74)</strong></span> <span class='ocrx_word' id='word_1_342' title='bbox 1652 2935 1771 2988; x_wconf 80' lang='lat' dir='ltr'><strong>quae</strong></span> <span class='ocrx_word' id='word_1_343' title='bbox 1798 2919 1924 2973; x_wconf 84' lang='lat' dir='ltr'><strong>[iliis</strong></span> <span class='ocrx_word' id='word_1_344' title='bbox 1957 2934 2053 2990; x_wconf 84' lang='lat' dir='ltr'><strong>pa-</strong></span> 
     </span>
    </p>
   </div>
   <div class='ocr_carea' id='block_1_49' title="bbox 481 3010 2049 3081">
    <p class='ocr_par' dir='ltr' id='par_1_49' title="bbox 481 3010 2049 3081">
     <span class='ocr_line' id='line_1_49' title="bbox 481 3010 2049 3081; baseline -0.002 -14"><span class='ocrx_word' id='word_1_345' title='bbox 481 3025 598 3068; x_wconf 89' lang='lat' dir='ltr'><strong>tres</strong></span> <span class='ocrx_word' id='word_1_346' title='bbox 630 3013 775 3066; x_wconf 90' lang='lat' dir='ltr'><strong>inter</strong></span> <span class='ocrx_word' id='word_1_347' title='bbox 796 3010 1261 3081; x_wconf 88' lang='lat' dir='ltr'><strong>emancipandum</strong></span> <span class='ocrx_word' id='word_1_348' title='bbox 1310 3010 1604 3076; x_wconf 89' lang='lat' dir='ltr'><strong>dederunt,</strong></span> <span class='ocrx_word' id='word_1_349' title='bbox 1645 3012 1787 3081; x_wconf 88' lang='lat' dir='ltr'><strong>apud</strong></span> <span class='ocrx_word' id='word_1_350' title='bbox 1839 3025 1935 3067; x_wconf 87' lang='lat' dir='ltr'><strong>eos</strong></span> <span class='ocrx_word' id='word_1_351' title='bbox 1956 3011 2049 3080; x_wconf 92' lang='lat' dir='ltr'><strong>qui</strong></span> 
     </span>
    </p>
   </div>
   <div class='ocr_carea' id='block_1_50' title="bbox 484 3102 2052 3174">
    <p class='ocr_par' dir='ltr' id='par_1_50' title="bbox 484 3102 2052 3174">
     <span class='ocr_line' id='line_1_50' title="bbox 484 3102 2052 3174; baseline -0.001 -17"><span class='ocrx_word' id='word_1_352' title='bbox 484 3110 815 3174; x_wconf 85' lang='lat' dir='ltr'><strong>acceperunt</strong></span> <span class='ocrx_word' id='word_1_353' title='bbox 846 3102 1290 3158; x_wconf 84' lang='lat' dir='ltr'><strong>it‘revocabiliter</strong></span> <span class='ocrx_word' id='word_1_354' title='bbox 1342 3116 1687 3172; x_wconf 87' lang='lat' dir='ltr'><strong>permanere,</strong></span> <span class='ocrx_word' id='word_1_355' title='bbox 1716 3103 1947 3171; x_wconf 86' lang='lat' dir='ltr'><strong>illosque</strong></span> <span class='ocrx_word' id='word_1_356' title='bbox 1986 3104 2052 3156; x_wconf 91' lang='lat' dir='ltr'><strong>de</strong></span> 
     </span>
    </p>
   </div>
   <div class='ocr_carea' id='block_1_51' title="bbox 487 3193 2053 3264">
    <p class='ocr_par' dir='ltr' id='par_1_51' title="bbox 487 3193 2053 3264">
     <span class='ocr_line' id='line_1_51' title="bbox 487 3193 2053 3264; baseline -0.002 -15"><span class='ocrx_word' id='word_1_357' title='bbox 487 3197 596 3251; x_wconf 90' lang='lat' dir='ltr'><strong>illis</strong></span> <span class='ocrx_word' id='word_1_358' title='bbox 621 3195 813 3250; x_wconf 80' lang='lat' dir='ltr'><strong>testari</strong></span> <span class='ocrx_word' id='word_1_359' title='bbox 836 3193 1068 3264; x_wconf 89' lang='lat' dir='ltr'><strong>jubent:</strong></span> <span class='ocrx_word' id='word_1_360' title='bbox 1105 3194 1213 3250; x_wconf 89' lang='lat' dir='ltr'><strong>nisi</strong></span> <span class='ocrx_word' id='word_1_361' title='bbox 1244 3194 1391 3263; x_wconf 83' lang='lat' dir='ltr'><strong>pacti</strong></span> <span class='ocrx_word' id='word_1_362' title='bbox 1430 3194 1770 3263; x_wconf 87' lang='lat' dir='ltr'><strong>cujuspiam,</strong></span> <span class='ocrx_word' id='word_1_363' title='bbox 1799 3208 1923 3247; x_wconf 90' lang='lat' dir='ltr'><strong>eum</strong></span> <span class='ocrx_word' id='word_1_364' title='bbox 1958 3207 2053 3263; x_wconf 83' lang='lat' dir='ltr'><strong>pa-</strong></span> 
     </span>
    </p>
   </div>
   <div class='ocr_carea' id='block_1_52' title="bbox 484 3281 1627 3348">
    <p class='ocr_par' dir='ltr' id='par_1_52' title="bbox 484 3281 1627 3348">
     <span class='ocr_line' id='line_1_52' title="bbox 484 3281 1627 3348; baseline -0.004 -8"><span class='ocrx_word' id='word_1_365' title='bbox 484 3295 568 3341; x_wconf 85' lang='lat' dir='ltr'><strong>ter</strong></span> <span class='ocrx_word' id='word_1_366' title='bbox 593 3284 842 3347; x_wconf 85' lang='lat' dir='ltr'><strong>donaret,</strong></span> <span class='ocrx_word' id='word_1_367' title='bbox 875 3283 1016 3348; x_wconf 92' lang='lat' dir='ltr'><strong>initi,</strong></span> <span class='ocrx_word' id='word_1_368' title='bbox 1044 3283 1392 3338; x_wconf 88' lang='lat' dir='ltr'><strong>obstaculum</strong></span> <span class='ocrx_word' id='word_1_369' title='bbox 1424 3281 1627 3337; x_wconf 88' lang='lat' dir='ltr'><strong>subsit.</strong></span> 
     </span>
    </p>
   </div>
   <div class='ocr_carea' id='block_1_53' title="bbox 557 3368 2056 3442">
    <p class='ocr_par' dir='ltr' id='par_1_53' title="bbox 557 3368 2056 3442">
     <span class='ocr_line' id='line_1_53' title="bbox 557 3368 2056 3442; baseline -0.006 -14"><span class='ocrx_word' id='word_1_370' title='bbox 557 3372 670 3430; x_wconf 86' lang='lat' dir='ltr'><strong>Nos</strong></span> <span class='ocrx_word' id='word_1_371' title='bbox 707 3374 893 3442; x_wconf 86' lang='lat' dir='ltr'><strong>itaque</strong></span> <span class='ocrx_word' id='word_1_372' title='bbox 942 3372 999 3426; x_wconf 92' lang='lat' dir='ltr'><strong>in</strong></span> <span class='ocrx_word' id='word_1_373' title='bbox 1036 3373 1227 3426; x_wconf 88' lang='lat' dir='ltr'><strong>harum</strong></span> <span class='ocrx_word' id='word_1_374' title='bbox 1284 3370 1607 3427; x_wconf 87' lang='lat' dir='ltr'><strong>sententiam</strong></span> <span class='ocrx_word' id='word_1_375' title='bbox 1660 3368 1893 3439; x_wconf 86' lang='lat' dir='ltr'><strong>pedibus</strong></span> <span class='ocrx_word' id='word_1_376' title='bbox 1917 3382 2056 3422; x_wconf 85' lang='lat' dir='ltr'><strong>eun-</strong></span> 
     </span>
    </p>
   </div>
   <div class='ocr_carea' id='block_1_54' title="bbox 485 3458 2054 3534">
    <p class='ocr_par' dir='ltr' id='par_1_54' title="bbox 485 3458 2054 3534">
     <span class='ocr_line' id='line_1_54' title="bbox 485 3458 2054 3534; baseline -0.006 -12"><span class='ocrx_word' id='word_1_377' title='bbox 485 3467 754 3531; x_wconf 78' lang='lat' dir='ltr'><strong>tes,scire</strong></span> <span class='ocrx_word' id='word_1_378' title='bbox 778 3479 968 3521; x_wconf 90' lang='lat' dir='ltr'><strong>omnes</strong></span> <span class='ocrx_word' id='word_1_379' title='bbox 991 3463 1269 3534; x_wconf 70' lang='lat' dir='ltr'><strong>iubemus,</strong></span> <span class='ocrx_word' id='word_1_380' title='bbox 1304 3464 1352 3517; x_wconf 90' lang='lat' dir='ltr'><strong>si</strong></span> <span class='ocrx_word' id='word_1_381' title='bbox 1397 3463 1542 3517; x_wconf 81' lang='lat' dir='ltr'><strong>ﬁlius</strong></span> <span class='ocrx_word' id='word_1_382' title='bbox 1572 3461 1656 3517; x_wconf 89' lang='lat' dir='ltr'><strong>sui</strong></span> <span class='ocrx_word' id='word_1_383' title='bbox 1685 3461 1825 3530; x_wconf 86' lang='lat' dir='ltr'><strong>juris</strong></span> <span class='ocrx_word' id='word_1_384' title='bbox 1854 3458 2054 3525; x_wconf 77' lang='lat' dir='ltr'><strong>lactus,</strong></span> 
     </span>
    </p>
   </div>
   <div class='ocr_carea' id='block_1_55' title="bbox 487 3552 2055 3627">
    <p class='ocr_par' dir='ltr' id='par_1_55' title="bbox 487 3552 2055 3627">
     <span class='ocr_line' id='line_1_55' title="bbox 487 3552 2055 3627; baseline -0.006 -16"><span class='ocrx_word' id='word_1_385' title='bbox 487 3557 778 3627; x_wconf 86' lang='lat' dir='ltr'><strong>nullosque</strong></span> <span class='ocrx_word' id='word_1_386' title='bbox 836 3555 1043 3610; x_wconf 87' lang='lat' dir='ltr'><strong>liberos</strong></span> <span class='ocrx_word' id='word_1_387' title='bbox 1094 3554 1303 3608; x_wconf 90' lang='lat' dir='ltr'><strong>babens</strong></span> <span class='ocrx_word' id='word_1_388' title='bbox 1362 3560 1629 3617; x_wconf 88' lang='lat' dir='ltr'><strong>testetur,</strong></span> <span class='ocrx_word' id='word_1_389' title='bbox 1664 3558 1918 3620; x_wconf 89' lang='lat' dir='ltr'><strong>parentes</strong></span> <span class='ocrx_word' id='word_1_390' title='bbox 1965 3552 2055 3603; x_wconf 91' lang='lat' dir='ltr'><strong>illa</strong></span> 
     </span>
    </p>
   </div>
   <div class='ocr_carea' id='block_1_56' title="bbox 490 3641 2054 3715">
    <p class='ocr_par' dir='ltr' id='par_1_56' title="bbox 490 3641 2054 3715">
     <span class='ocr_line' id='line_1_56' title="bbox 490 3641 2054 3715; baseline -0.005 -14"><span class='ocrx_word' id='word_1_391' title='bbox 490 3647 759 3701; x_wconf 79' lang='lat' dir='ltr'><strong>duntaxat</strong></span> <span class='ocrx_word' id='word_1_392' title='bbox 782 3660 905 3715; x_wconf 64' lang='lat' dir='ltr'><strong>qua:</strong></span> <span class='ocrx_word' id='word_1_393' title='bbox 950 3659 1018 3699; x_wconf 81' lang='lat' dir='ltr'><strong>ex</strong></span> <span class='ocrx_word' id='word_1_394' title='bbox 1058 3645 1174 3714; x_wconf 81' lang='lat' dir='ltr'><strong>lege</strong></span> <span class='ocrx_word' id='word_1_395' title='bbox 1224 3642 1470 3698; x_wconf 86' lang='lat' dir='ltr'><strong>Faleidia</strong></span> <span class='ocrx_word' id='word_1_396' title='bbox 1501 3641 1570 3695; x_wconf 90' lang='lat' dir='ltr'><strong>ad</strong></span> <span class='ocrx_word' id='word_1_397' title='bbox 1615 3642 1766 3710; x_wconf 84' lang='lat' dir='ltr'><strong>ipsos</strong></span> <span class='ocrx_word' id='word_1_398' title='bbox 1814 3649 2054 3706; x_wconf 87' lang='lat' dir='ltr'><strong>manant,</strong></span> 
     </span>
    </p>
   </div>
   <div class='ocr_carea' id='block_1_57' title="bbox 486 3732 2054 3810">
    <p class='ocr_par' dir='ltr' id='par_1_57' title="bbox 486 3732 2054 3810">
     <span class='ocr_line' id='line_1_57' title="bbox 486 3732 2054 3810; baseline -0.006 -17"><span class='ocrx_word' id='word_1_399' title='bbox 486 3739 597 3794; x_wconf 83' lang='lat' dir='ltr'><strong>nisi</strong></span> <span class='ocrx_word' id='word_1_400' title='bbox 629 3746 849 3810; x_wconf 90' lang='lat' dir='ltr'><strong>pactum</strong></span> <span class='ocrx_word' id='word_1_401' title='bbox 890 3736 1022 3806; x_wconf 90' lang='lat' dir='ltr'><strong>(quo</strong></span> <span class='ocrx_word' id='word_1_402' title='bbox 1067 3734 1234 3789; x_wconf 88' lang='lat' dir='ltr'><strong>modo</strong></span> <span class='ocrx_word' id='word_1_403' title='bbox 1266 3749 1434 3803; x_wconf 90' lang='lat' dir='ltr'><strong>supra</strong></span> <span class='ocrx_word' id='word_1_404' title='bbox 1478 3735 1686 3787; x_wconf 84' lang='lat' dir='ltr'><strong>dictum</strong></span> <span class='ocrx_word' id='word_1_405' title='bbox 1725 3733 1829 3801; x_wconf 91' lang='lat' dir='ltr'><strong>est)</strong></span> <span class='ocrx_word' id='word_1_406' title='bbox 1865 3732 2054 3785; x_wconf 90' lang='lat' dir='ltr'><strong>initum</strong></span> 
     </span>
    </p>
   </div>
   <div class='ocr_carea' id='block_1_58' title="bbox 490 3826 2057 3898">
    <p class='ocr_par' dir='ltr' id='par_1_58' title="bbox 490 3826 2057 3898">
     <span class='ocr_line' id='line_1_58' title="bbox 490 3826 2057 3898; baseline -0.006 -14"><span class='ocrx_word' id='word_1_407' title='bbox 490 3829 585 3891; x_wconf 90' lang='lat' dir='ltr'><strong>sit,</strong></span> <span class='ocrx_word' id='word_1_408' title='bbox 652 3836 1046 3898; x_wconf 83' lang='lat' dir='ltr'><strong>pereepturos:</strong></span> <span class='ocrx_word' id='word_1_409' title='bbox 1102 3826 1342 3895; x_wconf 89' lang='lat' dir='ltr'><strong>reliquos</strong></span> <span class='ocrx_word' id='word_1_410' title='bbox 1403 3839 1535 3879; x_wconf 88' lang='lat' dir='ltr'><strong>vero</strong></span> <span class='ocrx_word' id='word_1_411' title='bbox 1565 3833 1847 3895; x_wconf 80' lang='lat' dir='ltr'><strong>cognatos,</strong></span> <span class='ocrx_word' id='word_1_412' title='bbox 1881 3839 2057 3893; x_wconf 83' lang='lat' dir='ltr'><strong>quan-</strong></span> 
     </span>
    </p>
   </div>
   <div class='ocr_carea' id='block_1_59' title="bbox 488 3916 2059 3988">
    <p class='ocr_par' dir='ltr' id='par_1_59' title="bbox 488 3916 2059 3988">
     <span class='ocr_line' id='line_1_59' title="bbox 488 3916 2059 3988; baseline 0 -18"><span class='ocrx_word' id='word_1_413' title='bbox 488 3931 654 3988; x_wconf 88' lang='lat' dir='ltr'><strong>quam</strong></span> <span class='ocrx_word' id='word_1_414' title='bbox 690 3916 758 3970; x_wconf 84' lang='lat' dir='ltr'><strong>ab</strong></span> <span class='ocrx_word' id='word_1_415' title='bbox 788 3916 1051 3970; x_wconf 91' lang='lat' dir='ltr'><strong>intestato</strong></span> <span class='ocrx_word' id='word_1_416' title='bbox 1080 3922 1431 3977; x_wconf 82' lang='lat' dir='ltr'><strong>vocarentur,</strong></span> <span class='ocrx_word' id='word_1_417' title='bbox 1469 3922 1528 3968; x_wconf 91' lang='lat' dir='ltr'><strong>ut</strong></span> <span class='ocrx_word' id='word_1_418' title='bbox 1556 3916 1651 3977; x_wconf 86' lang='lat' dir='ltr'><strong>qui</strong></span> <span class='ocrx_word' id='word_1_419' title='bbox 1711 3916 2059 3970; x_wconf 86' lang='lat' dir='ltr'><strong>restitutione</strong></span> 
     </span>
    </p>
   </div>
   <div class='ocr_carea' id='block_1_60' title="bbox 488 4004 2061 4079">
    <p class='ocr_par' dir='ltr' id='par_1_60' title="bbox 488 4004 2061 4079">
     <span class='ocr_line' id='line_1_60' title="bbox 488 4004 2061 4079; baseline -0.003 -18"><span class='ocrx_word' id='word_1_420' title='bbox 488 4018 710 4079; x_wconf 85' lang='lat' dir='ltr'><strong>pactum</strong></span> <span class='ocrx_word' id='word_1_421' title='bbox 752 4009 1101 4074; x_wconf 88' lang='lat' dir='ltr'><strong>interponere</strong></span> <span class='ocrx_word' id='word_1_422' title='bbox 1136 4006 1515 4075; x_wconf 74' lang='lat' dir='ltr'><strong>neglexerunt,</strong></span> <span class='ocrx_word' id='word_1_423' title='bbox 1542 4006 1766 4058; x_wconf 87' lang='lat' dir='ltr'><strong>omnino</strong></span> <span class='ocrx_word' id='word_1_424' title='bbox 1797 4004 1952 4057; x_wconf 82' lang='lat' dir='ltr'><strong>nihil.</strong></span> <span class='ocrx_word' id='word_1_425' title='bbox 1989 4004 2061 4057; x_wconf 88' lang='lat' dir='ltr'><strong>ll-</strong></span> 
     </span>
    </p>
   </div>
   <div class='ocr_carea' id='block_1_61' title="bbox 491 4095 2059 4167">
    <p class='ocr_par' dir='ltr' id='par_1_61' title="bbox 491 4095 2059 4167">
     <span class='ocr_line' id='line_1_61' title="bbox 491 4095 2059 4167; baseline -0.002 -16"><span class='ocrx_word' id='word_1_426' title='bbox 491 4098 586 4151; x_wconf 86' lang='lat' dir='ltr'><strong>lud</strong></span> <span class='ocrx_word' id='word_1_427' title='bbox 614 4111 780 4167; x_wconf 91' lang='lat' dir='ltr'><strong>porro</strong></span> <span class='ocrx_word' id='word_1_428' title='bbox 803 4104 1070 4151; x_wconf 88' lang='lat' dir='ltr'><strong>atmotatu</strong></span> <span class='ocrx_word' id='word_1_429' title='bbox 1100 4096 1343 4164; x_wconf 81' lang='lat' dir='ltr'><strong>dignum,</strong></span> <span class='ocrx_word' id='word_1_430' title='bbox 1381 4096 1554 4150; x_wconf 89' lang='lat' dir='ltr'><strong>solius</strong></span> <span class='ocrx_word' id='word_1_431' title='bbox 1583 4095 1695 4164; x_wconf 78' lang='lat'><strong>(75)</strong></span> <span class='ocrx_word' id='word_1_432' title='bbox 1726 4095 1899 4150; x_wconf 88' lang='lat' dir='ltr'><strong>virilis</strong></span> <span class='ocrx_word' id='word_1_433' title='bbox 1933 4110 2059 4164; x_wconf 87' lang='lat' dir='ltr'><strong>per-</strong></span> 
     </span>
    </p>
   </div>
   <div class='ocr_carea' id='block_1_62' title="bbox 491 4184 2059 4258">
    <p class='ocr_par' dir='ltr' id='par_1_62' title="bbox 491 4184 2059 4258">
     <span class='ocr_line' id='line_1_62' title="bbox 491 4184 2059 4258; baseline -0.004 -14"><span class='ocrx_word' id='word_1_434' title='bbox 491 4202 643 4244; x_wconf 70' lang='lat' dir='ltr'><strong>sonae</strong></span> <span class='ocrx_word' id='word_1_435' title='bbox 670 4188 724 4241; x_wconf 91' lang='lat' dir='ltr'><strong>in</strong></span> <span class='ocrx_word' id='word_1_436' title='bbox 753 4194 1021 4258; x_wconf 88' lang='lat' dir='ltr'><strong>potestate</strong></span> <span class='ocrx_word' id='word_1_437' title='bbox 1074 4200 1197 4241; x_wconf 89' lang='lat' dir='ltr'><strong>esse</strong></span> <span class='ocrx_word' id='word_1_438' title='bbox 1237 4185 1409 4238; x_wconf 89' lang='lat' dir='ltr'><strong>lilium</strong></span> <span class='ocrx_word' id='word_1_439' title='bbox 1463 4185 1593 4240; x_wconf 88' lang='lat' dir='ltr'><strong>dici.</strong></span> <span class='ocrx_word' id='word_1_440' title='bbox 1623 4184 1889 4239; x_wconf 65' lang='lat' dir='ltr'><strong>Caeterum</strong></span> <span class='ocrx_word' id='word_1_441' title='bbox 1922 4201 2059 4255; x_wconf 88' lang='lat' dir='ltr'><strong>quo-</strong></span> 
     </span>
    </p>
   </div>
   <div class='ocr_carea' id='block_1_63' title="bbox 492 4274 2061 4350">
    <p class='ocr_par' dir='ltr' id='par_1_63' title="bbox 492 4274 2061 4350">
     <span class='ocr_line' id='line_1_63' title="bbox 492 4274 2061 4350; baseline -0.003 -17"><span class='ocrx_word' id='word_1_442' title='bbox 492 4281 639 4334; x_wconf 83' lang='lat' dir='ltr'><strong>niam</strong></span> <span class='ocrx_word' id='word_1_443' title='bbox 672 4285 870 4350; x_wconf 68' lang='lat' dir='ltr'><strong>prazter</strong></span> <span class='ocrx_word' id='word_1_444' title='bbox 893 4277 1030 4331; x_wconf 81' lang='lat' dir='ltr'><strong>alios</strong></span> <span class='ocrx_word' id='word_1_445' title='bbox 1067 4275 1257 4331; x_wconf 92' lang='lat' dir='ltr'><strong>modos</strong></span> <span class='ocrx_word' id='word_1_446' title='bbox 1314 4277 1401 4330; x_wconf 78' lang='lat' dir='ltr'><strong>liie</strong></span> <span class='ocrx_word' id='word_1_447' title='bbox 1434 4291 1655 4347; x_wconf 88' lang='lat' dir='ltr'><strong>quoque</strong></span> <span class='ocrx_word' id='word_1_448' title='bbox 1703 4276 1789 4330; x_wconf 91' lang='lat' dir='ltr'><strong>sui</strong></span> <span class='ocrx_word' id='word_1_449' title='bbox 1820 4274 1964 4344; x_wconf 88' lang='lat' dir='ltr'><strong>juris</strong></span> <span class='ocrx_word' id='word_1_450' title='bbox 1996 4278 2061 4329; x_wconf 85' lang='lat' dir='ltr'><strong>li-</strong></span> 
     </span>
    </p>
   </div>
   <div class='ocr_carea' id='block_1_64' title="bbox 2165 1825 3733 1911">
    <p class='ocr_par' dir='ltr' id='par_1_64' title="bbox 2165 1825 3733 1911">
     <span class='ocr_line' id='line_1_64' title="bbox 2165 1825 3733 1911; baseline 0.008 -30"><span class='ocrx_word' id='word_1_451' title='bbox 2165 1830 2576 1899; x_wconf 78' lang='grc' dir='ltr'>’Δνανεούμενοι</span> <span class='ocrx_word' id='word_1_452' title='bbox 2596 1825 2689 1883; x_wconf 81' lang='grc' dir='ltr'><strong>οὖν</strong></span> <span class='ocrx_word' id='word_1_453' title='bbox 2711 1832 2809 1899; x_wconf 76' lang='grc' dir='ltr'>τὴν</span> <span class='ocrx_word' id='word_1_454' title='bbox 2841 1832 3010 1886; x_wconf 81' lang='grc' dir='ltr'>πάλαι</span> <span class='ocrx_word' id='word_1_455' title='bbox 3038 1835 3168 1904; x_wconf 75' lang='grc' dir='ltr'>περὶ</span> <span class='ocrx_word' id='word_1_456' title='bbox 3196 1835 3388 1889; x_wconf 85' lang='grc' dir='ltr'>τούτου</span> <span class='ocrx_word' id='word_1_457' title='bbox 3422 1841 3733 1911; x_wconf 75' lang='grc' dir='ltr'>κυριότητα</span> 
     </span>
    </p>
   </div>
   <div class='ocr_carea' id='block_1_65' title="bbox 2151 1918 3738 2001">
    <p class='ocr_par' dir='ltr' id='par_1_65' title="bbox 2151 1918 3738 2001">
     <span class='ocr_line' id='line_1_65' title="bbox 2151 1918 3738 2001; baseline 0.009 -31"><span class='ocrx_word' id='word_1_458' title='bbox 2151 1918 2259 1971; x_wconf 85' lang='grc' dir='ltr'><strong>τών</strong></span> <span class='ocrx_word' id='word_1_459' title='bbox 2300 1920 2515 1989; x_wconf 86' lang='grc' dir='ltr'>νόμων,</span> <span class='ocrx_word' id='word_1_460' title='bbox 2565 1920 2755 1975; x_wconf 82' lang='grc' dir='ltr'>οὐδένα</span> <span class='ocrx_word' id='word_1_461' title='bbox 2806 1920 3137 1993; x_wconf 80' lang='grc' dir='ltr'>θεσπίζομεν</span> <span class='ocrx_word' id='word_1_462' title='bbox 3184 1925 3293 1978; x_wconf 88' lang='grc' dir='ltr'><strong>τῶν</strong></span> <span class='ocrx_word' id='word_1_463' title='bbox 3328 1929 3459 1998; x_wconf 83' lang='grc' dir='ltr'>περὶ</span> <span class='ocrx_word' id='word_1_464' title='bbox 3498 1934 3738 2001; x_wconf 81' lang='grc' dir='ltr'>προικὸς</span> 
     </span>
    </p>
   </div>
   <div class='ocr_carea' id='block_1_66' title="bbox 2151 2011 3734 2092">
    <p class='ocr_par' dir='ltr' id='par_1_66' title="bbox 2151 2011 3734 2092">
     <span class='ocr_line' id='line_1_66' title="bbox 2151 2011 3734 2092; baseline 0.011 -30"><span class='ocrx_word' id='word_1_465' title='bbox 2151 2011 2455 2073; x_wconf 81' lang='grc' dir='ltr'>ἀναδόσεως</span> <span class='ocrx_word' id='word_1_466' title='bbox 2504 2012 2977 2082; x_wconf 72' lang='grc' dir='ltr'>διαλαμϐανόντων</span> <span class='ocrx_word' id='word_1_467' title='bbox 3033 2014 3396 2087; x_wconf 87' lang='grc' dir='ltr'>ἀθετούμενον</span> <span class='ocrx_word' id='word_1_468' title='bbox 3448 2021 3734 2092; x_wconf 73' lang='grc' dir='ltr'>ἄπρακτον</span> 
     </span>
    </p>
   </div>
   <div class='ocr_carea' id='block_1_67' title="bbox 2152 2100 3731 2185">
    <p class='ocr_par' dir='ltr' id='par_1_67' title="bbox 2152 2100 3731 2185">
     <span class='ocr_line' id='line_1_67' title="bbox 2152 2100 3731 2185; baseline 0.006 -28"><span class='ocrx_word' id='word_1_469' title='bbox 2152 2100 2312 2158; x_wconf 77' lang='grc' dir='ltr'>εἶναι.</span> <span class='ocrx_word' id='word_1_470' title='bbox 2352 2105 2417 2156; x_wconf 87' lang='grc' dir='ltr'>Τί</span> <span class='ocrx_word' id='word_1_471' title='bbox 2472 2102 2565 2159; x_wconf 77' lang='grc' dir='ltr'><strong>οὖν</strong></span> <span class='ocrx_word' id='word_1_472' title='bbox 2594 2106 2791 2160; x_wconf 84' lang='grc' dir='ltr'>ἐκεῖνοί</span> <span class='ocrx_word' id='word_1_473' title='bbox 2827 2123 3021 2175; x_wconf 86' lang='grc' dir='ltr'>φασιν;</span> <span class='ocrx_word' id='word_1_474' title='bbox 3063 2108 3343 2173; x_wconf 82' lang='grc' dir='ltr'>Ἀπαιδίας</span> <span class='ocrx_word' id='word_1_475' title='bbox 3386 2128 3731 2185; x_wconf 76' lang='grc' dir='ltr'>περιστοιχι-</span> 
     </span>
    </p>
   </div>
   <div class='ocr_carea' id='block_1_68' title="bbox 2154 2196 3736 2271">
    <p class='ocr_par' dir='ltr' id='par_1_68' title="bbox 2154 2196 3736 2271">
     <span class='ocr_line' id='line_1_68' title="bbox 2154 2196 3736 2271; baseline 0.004 -22"><span class='ocrx_word' id='word_1_476' title='bbox 2154 2196 2353 2268; x_wconf 81' lang='grc' dir='ltr'>ζούσης</span> <span class='ocrx_word' id='word_1_477' title='bbox 2381 2197 2472 2250; x_wconf 87' lang='grc' dir='ltr'><strong>τὸν</strong></span> <span class='ocrx_word' id='word_1_478' title='bbox 2518 2199 2682 2251; x_wconf 89' lang='grc' dir='ltr'>παῖδα</span> <span class='ocrx_word' id='word_1_479' title='bbox 2718 2198 2819 2266; x_wconf 82' lang='grc' dir='ltr'>τὴν</span> <span class='ocrx_word' id='word_1_480' title='bbox 2852 2198 2951 2267; x_wconf 81' lang='grc' dir='ltr'>μὲν</span> <span class='ocrx_word' id='word_1_481' title='bbox 2988 2199 3053 2251; x_wconf 80' lang='grc' dir='ltr'><strong>ἐκ</strong></span> <span class='ocrx_word' id='word_1_482' title='bbox 3082 2197 3177 2251; x_wconf 82' lang='grc' dir='ltr'>τοῦ</span> <span class='ocrx_word' id='word_1_483' title='bbox 3229 2203 3438 2270; x_wconf 74' lang='grc' dir='ltr'>πατρὸς</span> <span class='ocrx_word' id='word_1_484' title='bbox 3484 2203 3736 2271; x_wconf 78' lang='grc' dir='ltr'>ἥκουσαν</span> 
     </span>
    </p>
   </div>
   <div class='ocr_carea' id='block_1_69' title="bbox 2153 2287 3732 2362">
    <p class='ocr_par' dir='ltr' id='par_1_69' title="bbox 2153 2287 3732 2362">
     <span class='ocr_line' id='line_1_69' title="bbox 2153 2287 3732 2362; baseline 0.004 -22"><span class='ocrx_word' id='word_1_485' title='bbox 2153 2287 2302 2357; x_wconf 86' lang='grc' dir='ltr'>αὐτῴ</span> <span class='ocrx_word' id='word_1_486' title='bbox 2357 2288 2565 2358; x_wconf 81' lang='grc' dir='ltr'>δωρεὰν</span> <span class='ocrx_word' id='word_1_487' title='bbox 2620 2289 3054 2358; x_wconf 83' lang='grc' dir='ltr'>ἀναστρέφεσθαι</span> <span class='ocrx_word' id='word_1_488' title='bbox 3111 2292 3247 2362; x_wconf 78' lang='grc' dir='ltr'>πρὸς</span> <span class='ocrx_word' id='word_1_489' title='bbox 3300 2292 3392 2345; x_wconf 85' lang='grc' dir='ltr'><strong>τὸν</strong></span> <span class='ocrx_word' id='word_1_490' title='bbox 3424 2292 3732 2357; x_wconf 81' lang='grc' dir='ltr'>δεδωκότα,</span> 
     </span>
    </p>
   </div>
   <div class='ocr_carea' id='block_1_70' title="bbox 2156 2379 3735 2456">
    <p class='ocr_par' dir='ltr' id='par_1_70' title="bbox 2156 2379 3735 2456">
     <span class='ocr_line' id='line_1_70' title="bbox 2156 2379 3735 2456; baseline 0.02 -9"><span class='ocrx_word' id='word_1_491' title='bbox 2156 2379 2355 2450; x_wconf 81' lang='grc' dir='ltr'>μηκέτι</span> <span class='ocrx_word' id='word_1_492' title='bbox 2388 2380 2445 2431; x_wconf 84' lang='grc' dir='ltr'><strong>δέ</strong></span> <span class='ocrx_word' id='word_1_493' title='bbox 2488 2379 2771 2450; x_wconf 83' lang='grc' dir='ltr'>κάκείνην,</span> <span class='ocrx_word' id='word_1_494' title='bbox 2806 2381 2839 2450; x_wconf 85' lang='grc' dir='ltr'>ἣ</span> <span class='ocrx_word' id='word_1_495' title='bbox 2874 2381 2951 2450; x_wconf 75' lang='grc' dir='ltr'><strong>τῷ</strong></span> <span class='ocrx_word' id='word_1_496' title='bbox 2983 2382 3134 2435; x_wconf 62' lang='grc' dir='ltr'>παιδὶ</span> <span class='ocrx_word' id='word_1_497' title='bbox 3176 2384 3469 2453; x_wconf 71' lang='grc' dir='ltr'><strong>πρόσεστιν</strong></span> <span class='ocrx_word' id='word_1_498' title='bbox 3508 2385 3543 2456; x_wconf 68' lang='grc' dir='ltr'><strong>ἢ</strong></span> <span class='ocrx_word' id='word_1_499' title='bbox 3576 2390 3735 2454; x_wconf 54' lang='grc' dir='ltr'><strong>παρὰ</strong></span> 
     </span>
    </p>
   </div>
   <div class='ocr_carea' id='block_1_71' title="bbox 2153 2470 3734 2546">
    <p class='ocr_par' dir='ltr' id='par_1_71' title="bbox 2153 2470 3734 2546">
     <span class='ocr_line' id='line_1_71' title="bbox 2153 2470 3734 2546; baseline 0.006 -24"><span class='ocrx_word' id='word_1_500' title='bbox 2153 2471 2254 2540; x_wconf 82' lang='grc' dir='ltr'>τῆς</span> <span class='ocrx_word' id='word_1_501' title='bbox 2320 2470 2527 2542; x_wconf 83' lang='grc' dir='ltr'>μητρὸς</span> <span class='ocrx_word' id='word_1_502' title='bbox 2594 2470 2856 2543; x_wconf 79' lang='grc' dir='ltr'>δεδομένη</span> <span class='ocrx_word' id='word_1_503' title='bbox 2909 2474 2942 2543; x_wconf 85' lang='grc' dir='ltr'>ἢ</span> <span class='ocrx_word' id='word_1_504' title='bbox 3012 2475 3164 2546; x_wconf 88' lang='grc' dir='ltr'>παρά</span> <span class='ocrx_word' id='word_1_505' title='bbox 3211 2492 3357 2539; x_wconf 86' lang='grc' dir='ltr'>τινος</span> <span class='ocrx_word' id='word_1_506' title='bbox 3410 2476 3519 2530; x_wconf 84' lang='grc' dir='ltr'>τῶν</span> <span class='ocrx_word' id='word_1_507' title='bbox 3586 2477 3734 2544; x_wconf 76' lang='grc' dir='ltr'><strong>ἔξω.</strong></span> 
     </span>
    </p>
   </div>
   <div class='ocr_carea' id='block_1_72' title="bbox 2155 2562 3738 2640">
    <p class='ocr_par' dir='ltr' id='par_1_72' title="bbox 2155 2562 3738 2640">
     <span class='ocr_line' id='line_1_72' title="bbox 2155 2562 3738 2640; baseline 0.007 -28"><span class='ocrx_word' id='word_1_508' title='bbox 2155 2562 2203 2613; x_wconf 83' lang='grc' dir='ltr'><strong>εί</strong></span> <span class='ocrx_word' id='word_1_509' title='bbox 2237 2563 2313 2631; x_wconf 86' lang='grc' dir='ltr'><strong>μὴ</strong></span> <span class='ocrx_word' id='word_1_510' title='bbox 2344 2563 2453 2632; x_wconf 78' lang='grc' dir='ltr'>ἄρα</span> <span class='ocrx_word' id='word_1_511' title='bbox 2497 2562 2638 2616; x_wconf 79' lang='grc' dir='ltr'>οὕτω</span> <span class='ocrx_word' id='word_1_512' title='bbox 2667 2564 2818 2634; x_wconf 85' lang='grc' dir='ltr'><strong>παρά</strong></span> <span class='ocrx_word' id='word_1_513' title='bbox 2864 2564 2973 2617; x_wconf 86' lang='grc' dir='ltr'><strong>τῶν</strong></span> <span class='ocrx_word' id='word_1_514' title='bbox 3002 2565 3253 2620; x_wconf 80' lang='grc' dir='ltr'>διδόντων</span> <span class='ocrx_word' id='word_1_515' title='bbox 3296 2569 3738 2640; x_wconf 81' lang='grc' dir='ltr'>συμπεφώνηται</span> 
     </span>
    </p>
   </div>
   <div class='ocr_carea' id='block_1_73' title="bbox 2156 2652 3741 2725">
    <p class='ocr_par' dir='ltr' id='par_1_73' title="bbox 2156 2652 3741 2725">
     <span class='ocr_line' id='line_1_73' title="bbox 2156 2652 3741 2725; baseline 0.005 -21"><span class='ocrx_word' id='word_1_516' title='bbox 2156 2652 2294 2705; x_wconf 80' lang='grc' dir='ltr'>ὥστε</span> <span class='ocrx_word' id='word_1_517' title='bbox 2326 2654 2495 2722; x_wconf 84' lang='grc' dir='ltr'>αὐτὴν</span> <span class='ocrx_word' id='word_1_518' title='bbox 2522 2654 2976 2725; x_wconf 81' lang='grc' dir='ltr'>ἀναστρέφεσθαι.</span> <span class='ocrx_word' id='word_1_519' title='bbox 3019 2656 3180 2709; x_wconf 81' lang='grc' dir='ltr'>Ἀλλὰ</span> <span class='ocrx_word' id='word_1_520' title='bbox 3210 2658 3304 2710; x_wconf 71' lang='grc' dir='ltr'>καὶ</span> <span class='ocrx_word' id='word_1_521' title='bbox 3332 2657 3369 2712; x_wconf 76' lang='grc' dir='ltr'>ἃ</span> <span class='ocrx_word' id='word_1_522' title='bbox 3401 2662 3515 2722; x_wconf 88' lang='grc' dir='ltr'>τοῖς</span> <span class='ocrx_word' id='word_1_523' title='bbox 3544 2662 3741 2714; x_wconf 88' lang='grc' dir='ltr'>παισ“ν</span> 
     </span>
    </p>
   </div>
   <div class='ocr_carea' id='block_1_74' title="bbox 2156 2743 3737 2818">
    <p class='ocr_par' dir='ltr' id='par_1_74' title="bbox 2156 2743 3737 2818">
     <span class='ocr_line' id='line_1_74' title="bbox 2156 2743 3737 2818; baseline 0.006 -25"><span class='ocrx_word' id='word_1_524' title='bbox 2156 2743 2204 2794; x_wconf 86' lang='lat' dir='ltr'><strong>ol</strong></span> <span class='ocrx_word' id='word_1_525' title='bbox 2239 2744 2472 2812; x_wconf 84' lang='grc' dir='ltr'>πατέρες</span> <span class='ocrx_word' id='word_1_526' title='bbox 2500 2744 2731 2797; x_wconf 82' lang='grc' dir='ltr'>διδόασιν</span> <span class='ocrx_word' id='word_1_527' title='bbox 2763 2745 2878 2813; x_wconf 73' lang='grc' dir='ltr'><strong>ἅμα</strong></span> <span class='ocrx_word' id='word_1_528' title='bbox 2911 2745 2986 2815; x_wconf 81' lang='grc' dir='ltr'>τῷ</span> <span class='ocrx_word' id='word_1_529' title='bbox 3019 2746 3273 2815; x_wconf 80' lang='grc' dir='ltr'>ἀφεῖσθαι</span> <span class='ocrx_word' id='word_1_530' title='bbox 3316 2749 3417 2818; x_wconf 82' lang='grc' dir='ltr'><strong>τῆς</strong></span> <span class='ocrx_word' id='word_1_531' title='bbox 3447 2747 3737 2813; x_wconf 77' lang='grc' dir='ltr'>ἐξουσίας,</span> 
     </span>
    </p>
   </div>
   <div class='ocr_carea' id='block_1_75' title="bbox 2160 2833 3740 2909">
    <p class='ocr_par' dir='ltr' id='par_1_75' title="bbox 2160 2833 3740 2909">
     <span class='ocr_line' id='line_1_75' title="bbox 2160 2833 3740 2909; baseline 0.006 -26"><span class='ocrx_word' id='word_1_532' title='bbox 2160 2833 2256 2885; x_wconf 72' lang='grc' dir='ltr'>καὶ</span> <span class='ocrx_word' id='word_1_533' title='bbox 2281 2834 2454 2885; x_wconf 82' lang='grc' dir='ltr'>ταῦτα</span> <span class='ocrx_word' id='word_1_534' title='bbox 2487 2837 2599 2897; x_wconf 82' lang='grc' dir='ltr'>τοῖς</span> <span class='ocrx_word' id='word_1_535' title='bbox 2619 2833 3241 2905; x_wconf 80' lang='grc' dir='ltr'>λαόοὖσινάναφαίρετα</span> <span class='ocrx_word' id='word_1_536' title='bbox 3271 2836 3454 2907; x_wconf 84' lang='grc' dir='ltr'>μένειν</span> <span class='ocrx_word' id='word_1_537' title='bbox 3482 2855 3740 2909; x_wconf 74' lang='grc' dir='ltr'>παρακε-</span> 
     </span>
    </p>
   </div>
   <div class='ocr_carea' id='block_1_76' title="bbox 2158 2924 3738 3001">
    <p class='ocr_par' dir='ltr' id='par_1_76' title="bbox 2158 2924 3738 3001">
     <span class='ocr_line' id='line_1_76' title="bbox 2158 2924 3738 3001; baseline 0.006 -27"><span class='ocrx_word' id='word_1_538' title='bbox 2158 2924 2427 2987; x_wconf 86' lang='grc' dir='ltr'>λεύονται,</span> <span class='ocrx_word' id='word_1_539' title='bbox 2461 2926 2555 2978; x_wconf 73' lang='grc' dir='ltr'>καὶ</span> <span class='ocrx_word' id='word_1_540' title='bbox 2578 2926 2927 2980; x_wconf 77' lang='grc' dir='ltr'>συνίστασθαι</span> <span class='ocrx_word' id='word_1_541' title='bbox 2949 2928 3033 2979; x_wconf 84' lang='grc' dir='ltr'>ἐπ’</span> <span class='ocrx_word' id='word_1_542' title='bbox 3062 2928 3246 2990; x_wconf 80' lang='grc' dir='ltr'>αὐτοῖς</span> <span class='ocrx_word' id='word_1_543' title='bbox 3266 2928 3551 2999; x_wconf 82' lang='grc' dir='ltr'>διαθήκας,</span> <span class='ocrx_word' id='word_1_544' title='bbox 3574 2931 3625 2983; x_wconf 81' lang='grc' dir='ltr'><strong>εί</strong></span> <span class='ocrx_word' id='word_1_545' title='bbox 3659 2932 3738 3001; x_wconf 77' lang='grc' dir='ltr'>μὴ</span> 
     </span>
    </p>
   </div>
   <div class='ocr_carea' id='block_1_77' title="bbox 2166 3012 3734 3087">
    <p class='ocr_par' dir='ltr' id='par_1_77' title="bbox 2166 3012 3734 3087">
     <span class='ocr_line' id='line_1_77' title="bbox 2166 3012 3734 3087; baseline 0.005 -22"><span class='ocrx_word' id='word_1_546' title='bbox 2166 3012 2455 3084; x_wconf 77' lang='grc' dir='ltr'>συμφώνου</span> <span class='ocrx_word' id='word_1_547' title='bbox 2485 3013 2717 3087; x_wconf 86' lang='grc' dir='ltr'>κώλυμα</span> <span class='ocrx_word' id='word_1_548' title='bbox 2760 3019 2908 3087; x_wconf 81' lang='grc' dir='ltr'>παρῇ</span> <span class='ocrx_word' id='word_1_549' title='bbox 2942 3017 3000 3069; x_wconf 87' lang='grc' dir='ltr'><strong>ἐν</strong></span> <span class='ocrx_word' id='word_1_550' title='bbox 3033 3015 3111 3086; x_wconf 86' lang='grc' dir='ltr'>τῷ</span> <span class='ocrx_word' id='word_1_551' title='bbox 3154 3017 3446 3087; x_wconf 82' lang='grc' dir='ltr'>δωρεῖσθαι</span> <span class='ocrx_word' id='word_1_552' title='bbox 3486 3017 3580 3073; x_wconf 77' lang='grc' dir='ltr'><strong>τὸν</strong></span> <span class='ocrx_word' id='word_1_553' title='bbox 3620 3036 3734 3073; x_wconf 85' lang='grc' dir='ltr'>πα-</span> 
     </span>
    </p>
   </div>
   <div class='ocr_carea' id='block_1_78' title="bbox 2157 3104 2710 3177">
    <p class='ocr_par' dir='ltr' id='par_1_78' title="bbox 2157 3104 2710 3177">
     <span class='ocr_line' id='line_1_78' title="bbox 2157 3104 2710 3177; baseline 0.005 -20"><span class='ocrx_word' id='word_1_554' title='bbox 2157 3104 2294 3177; x_wconf 89' lang='grc' dir='ltr'>τέρα</span> <span class='ocrx_word' id='word_1_555' title='bbox 2326 3107 2710 3177; x_wconf 84' lang='grc' dir='ltr'>γεγενημένον.</span> 
     </span>
    </p>
   </div>
   <div class='ocr_carea' id='block_1_79' title="bbox 2226 3370 3734 3445">
    <p class='ocr_par' dir='ltr' id='par_1_79' title="bbox 2226 3370 3734 3445">
     <span class='ocr_line' id='line_1_79' title="bbox 2226 3370 3734 3445; baseline 0 -19"><span class='ocrx_word' id='word_1_556' title='bbox 2226 3372 2446 3436; x_wconf 83' lang='grc' dir='ltr'>Τούτοις</span> <span class='ocrx_word' id='word_1_557' title='bbox 2462 3370 2554 3426; x_wconf 86' lang='grc' dir='ltr'><strong>οὐν</strong></span> <span class='ocrx_word' id='word_1_558' title='bbox 2580 3372 2674 3425; x_wconf 78' lang='grc' dir='ltr'>καὶ</span> <span class='ocrx_word' id='word_1_559' title='bbox 2703 3373 2862 3444; x_wconf 81' lang='grc' dir='ltr'>ἡμεῖς</span> <span class='ocrx_word' id='word_1_560' title='bbox 2892 3374 3404 3445; x_wconf 84' lang='grc' dir='ltr'>ὁμογνωμονοῦντες</span> <span class='ocrx_word' id='word_1_561' title='bbox 3434 3375 3638 3433; x_wconf 78' lang='grc' dir='ltr'>εἰδέναι</span> <span class='ocrx_word' id='word_1_562' title='bbox 3660 3380 3734 3414; x_wconf 74' lang='grc' dir='ltr'><strong>οι·</strong></span> 
     </span>
    </p>
   </div>
   <div class='ocr_carea' id='block_1_80' title="bbox 2156 3465 3737 3538">
    <p class='ocr_par' dir='ltr' id='par_1_80' title="bbox 2156 3465 3737 3538">
     <span class='ocr_line' id='line_1_80' title="bbox 2156 3465 3737 3538; baseline 0.004 -20"><span class='ocrx_word' id='word_1_563' title='bbox 2156 3466 2365 3528; x_wconf 84' lang='grc' dir='ltr'>πάντας</span> <span class='ocrx_word' id='word_1_564' title='bbox 2417 3465 2884 3535; x_wconf 87' lang='grc' dir='ltr'>παρεγγυώμεθα,</span> <span class='ocrx_word' id='word_1_565' title='bbox 2936 3466 3015 3529; x_wconf 85' lang='grc' dir='ltr'>ὼς</span> <span class='ocrx_word' id='word_1_566' title='bbox 3054 3468 3102 3519; x_wconf 84' lang='grc' dir='ltr'><strong>εί</strong></span> <span class='ocrx_word' id='word_1_567' title='bbox 3149 3470 3279 3530; x_wconf 83' lang='grc' dir='ltr'>παῖς</span> <span class='ocrx_word' id='word_1_568' title='bbox 3309 3469 3445 3538; x_wconf 69' lang='grc' dir='ltr'>πρὸς</span> <span class='ocrx_word' id='word_1_569' title='bbox 3473 3470 3737 3535; x_wconf 79' lang='grc' dir='ltr'>αὐτεξου-</span> 
     </span>
    </p>
   </div>
   <div class='ocr_carea' id='block_1_81' title="bbox 2158 3556 3738 3630">
    <p class='ocr_par' dir='ltr' id='par_1_81' title="bbox 2158 3556 3738 3630">
     <span class='ocr_line' id='line_1_81' title="bbox 2158 3556 3738 3630; baseline 0.004 -23"><span class='ocrx_word' id='word_1_570' title='bbox 2158 3557 2381 3625; x_wconf 84' lang='grc' dir='ltr'>σιότητα</span> <span class='ocrx_word' id='word_1_571' title='bbox 2410 3557 2703 3626; x_wconf 83' lang='grc' dir='ltr'>ἀφειμένος</span> <span class='ocrx_word' id='word_1_572' title='bbox 2725 3557 2947 3619; x_wconf 78' lang='grc' dir='ltr'>ἄτεκνος</span> <span class='ocrx_word' id='word_1_573' title='bbox 2976 3556 3051 3610; x_wconf 88' lang='grc' dir='ltr'>ὣν</span> <span class='ocrx_word' id='word_1_574' title='bbox 3081 3557 3350 3628; x_wconf 87' lang='grc' dir='ltr'>διάθηται.</span> <span class='ocrx_word' id='word_1_575' title='bbox 3384 3561 3565 3612; x_wconf 82' lang='grc' dir='ltr'>ἐκεῖνα</span> <span class='ocrx_word' id='word_1_576' title='bbox 3596 3561 3738 3630; x_wconf 73' lang='grc' dir='ltr'>μόνα</span> 
     </span>
    </p>
   </div>
   <div class='ocr_carea' id='block_1_82' title="bbox 2156 3647 3737 3722">
    <p class='ocr_par' dir='ltr' id='par_1_82' title="bbox 2156 3647 3737 3722">
     <span class='ocr_line' id='line_1_82' title="bbox 2156 3647 3737 3722; baseline 0.004 -24"><span class='ocrx_word' id='word_1_577' title='bbox 2156 3647 2415 3717; x_wconf 73' lang='grc' dir='ltr'>λήψονται</span> <span class='ocrx_word' id='word_1_578' title='bbox 2468 3648 2518 3698; x_wconf 83' lang='grc' dir='ltr'>οἱ</span> <span class='ocrx_word' id='word_1_579' title='bbox 2564 3650 2765 3714; x_wconf 80' lang='grc' dir='ltr'>γονεῖς,</span> <span class='ocrx_word' id='word_1_580' title='bbox 2802 3647 2840 3701; x_wconf 74' lang='grc' dir='ltr'>ἃ</span> <span class='ocrx_word' id='word_1_581' title='bbox 2869 3648 3020 3718; x_wconf 80' lang='grc' dir='ltr'>παρὰ</span> <span class='ocrx_word' id='word_1_582' title='bbox 3067 3648 3159 3702; x_wconf 82' lang='grc' dir='ltr'><strong>τὸν</strong></span> <span class='ocrx_word' id='word_1_583' title='bbox 3200 3651 3362 3719; x_wconf 79' lang='grc' dir='ltr'>νόμον</span> <span class='ocrx_word' id='word_1_584' title='bbox 3405 3650 3607 3722; x_wconf 82' lang='grc' dir='ltr'>δηλαδὴ</span> <span class='ocrx_word' id='word_1_585' title='bbox 3641 3654 3737 3706; x_wconf 82' lang='grc' dir='ltr'><strong>τὸν</strong></span> 
     </span>
    </p>
   </div>
   <div class='ocr_carea' id='block_1_83' title="bbox 2157 3739 3738 3813">
    <p class='ocr_par' dir='ltr' id='par_1_83' title="bbox 2157 3739 3738 3813">
     <span class='ocr_line' id='line_1_83' title="bbox 2157 3739 3738 3813; baseline 0.003 -21"><span class='ocrx_word' id='word_1_586' title='bbox 2157 3740 2440 3793; x_wconf 71' lang='grc' dir='ltr'>Φαλκίδιον</span> <span class='ocrx_word' id='word_1_587' title='bbox 2462 3739 2508 3770; x_wconf 69' lang='grc' dir='ltr'>θ’</span> <span class='ocrx_word' id='word_1_588' title='bbox 2533 3741 2614 3802; x_wconf 80' lang='grc' dir='ltr'><strong>είς</strong></span> <span class='ocrx_word' id='word_1_589' title='bbox 2641 3739 2837 3802; x_wconf 79' lang='grc' dir='ltr'>αὐτοὺς</span> <span class='ocrx_word' id='word_1_590' title='bbox 2860 3739 3097 3809; x_wconf 75' lang='grc' dir='ltr'>ἔρχεται,</span> <span class='ocrx_word' id='word_1_591' title='bbox 3128 3740 3305 3811; x_wconf 78' lang='grc' dir='ltr'>ἄνπερ</span> <span class='ocrx_word' id='word_1_592' title='bbox 3337 3741 3412 3812; x_wconf 83' lang='grc' dir='ltr'>μὴ</span> <span class='ocrx_word' id='word_1_593' title='bbox 3441 3741 3738 3813; x_wconf 82' lang='grc' dir='ltr'>σύμφωνον</span> 
     </span>
    </p>
   </div>
   <div class='ocr_carea' id='block_1_84' title="bbox 2159 3831 3739 3904">
    <p class='ocr_par' dir='ltr' id='par_1_84' title="bbox 2159 3831 3739 3904">
     <span class='ocr_line' id='line_1_84' title="bbox 2159 3831 3739 3904; baseline 0.004 -20"><span class='ocrx_word' id='word_1_594' title='bbox 2159 3833 2338 3902; x_wconf 81' lang='grc' dir='ltr'>φθάσῃ</span> <span class='ocrx_word' id='word_1_595' title='bbox 2369 3832 2719 3902; x_wconf 82' lang='grc' dir='ltr'>προγεγονὸς,</span> <span class='ocrx_word' id='word_1_596' title='bbox 2755 3831 2945 3903; x_wconf 85' lang='grc' dir='ltr'>ὥσπερ</span> <span class='ocrx_word' id='word_1_597' title='bbox 2979 3832 3291 3902; x_wconf 75' lang='grc' dir='ltr'>ἔμπροσθεν</span> <span class='ocrx_word' id='word_1_598' title='bbox 3320 3834 3555 3904; x_wconf 69' lang='grc' dir='ltr'>εἴρηται,</span> <span class='ocrx_word' id='word_1_599' title='bbox 3590 3835 3642 3888; x_wconf 78' lang='lat' dir='ltr'><strong>oi</strong></span> <span class='ocrx_word' id='word_1_600' title='bbox 3678 3836 3739 3891; x_wconf 76' lang='grc' dir='ltr'>δὲ</span> 
     </span>
    </p>
   </div>
   <div class='ocr_carea' id='block_1_85' title="bbox 2159 3922 3738 3991">
    <p class='ocr_par' dir='ltr' id='par_1_85' title="bbox 2159 3922 3738 3991">
     <span class='ocr_line' id='line_1_85' title="bbox 2159 3922 3738 3991; baseline 0.007 -20"><span class='ocrx_word' id='word_1_601' title='bbox 2159 3924 2333 3975; x_wconf 74' lang='grc' dir='ltr'>ὶοιποὶ</span> <span class='ocrx_word' id='word_1_602' title='bbox 2366 3924 2647 3990; x_wconf 82' lang='grc' dir='ltr'>συγγενεῖς</span> <span class='ocrx_word' id='word_1_603' title='bbox 2671 3922 2824 3976; x_wconf 81' lang='grc' dir='ltr'>οὐδὲν</span> <span class='ocrx_word' id='word_1_604' title='bbox 2852 3924 3155 3989; x_wconf 75' lang='grc' dir='ltr'>παντελῶς,</span> <span class='ocrx_word' id='word_1_605' title='bbox 3184 3926 3231 3978; x_wconf 83' lang='grc' dir='ltr'><strong>εί</strong></span> <span class='ocrx_word' id='word_1_606' title='bbox 3253 3927 3347 3978; x_wconf 77' lang='grc' dir='ltr'><strong>καὶ</strong></span> <span class='ocrx_word' id='word_1_607' title='bbox 3376 3926 3673 3991; x_wconf 86' lang='grc' dir='ltr'>ἀδιαθέτως</span> <span class='ocrx_word' id='word_1_608' title='bbox 3691 3931 3738 3962; x_wconf 73' lang='grc'><strong>⁸³</strong></span> 
     </span>
    </p>
   </div>
   <div class='ocr_carea' id='block_1_86' title="bbox 2161 4012 3736 4088">
    <p class='ocr_par' dir='ltr' id='par_1_86' title="bbox 2161 4012 3736 4088">
     <span class='ocr_line' id='line_1_86' title="bbox 2161 4012 3736 4088; baseline 0.004 -23"><span class='ocrx_word' id='word_1_609' title='bbox 2161 4012 2428 4074; x_wconf 83' lang='grc' dir='ltr'>καλοῖντο,</span> <span class='ocrx_word' id='word_1_610' title='bbox 2466 4012 2541 4075; x_wconf 85' lang='grc' dir='ltr'>ὡς</span> <span class='ocrx_word' id='word_1_611' title='bbox 2586 4014 2654 4065; x_wconf 69' lang='grc' dir='ltr'>τὰ</span> <span class='ocrx_word' id='word_1_612' title='bbox 2686 4012 2813 4081; x_wconf 75' lang='grc' dir='ltr'>περὶ</span> <span class='ocrx_word' id='word_1_613' title='bbox 2845 4014 2941 4083; x_wconf 82' lang='grc' dir='ltr'>τῆς</span> <span class='ocrx_word' id='word_1_614' title='bbox 2978 4014 3283 4078; x_wconf 82' lang='grc' dir='ltr'>ἀναδόσεως</span> <span class='ocrx_word' id='word_1_615' title='bbox 3318 4034 3736 4088; x_wconf 79' lang='grc' dir='ltr'>καταπεφρονη-</span> 
     </span>
    </p>
   </div>
   <div class='ocr_carea' id='block_1_87' title="bbox 2160 4100 3736 4176">
    <p class='ocr_par' dir='ltr' id='par_1_87' title="bbox 2160 4100 3736 4176">
     <span class='ocr_line' id='line_1_87' title="bbox 2160 4100 3736 4176; baseline 0.001 -22"><span class='ocrx_word' id='word_1_616' title='bbox 2160 4103 2338 4164; x_wconf 84' lang='grc' dir='ltr'>κότες.</span> <span class='ocrx_word' id='word_1_617' title='bbox 2368 4102 2481 4155; x_wconf 80' lang='lat' dir='ltr'><strong>Kal.</strong></span> <span class='ocrx_word' id='word_1_618' title='bbox 2506 4100 2664 4154; x_wconf 79' lang='grc' dir='ltr'>τοῦτο</span> <span class='ocrx_word' id='word_1_619' title='bbox 2708 4102 2766 4153; x_wconf 84' lang='grc' dir='ltr'><strong>δέ</strong></span> <span class='ocrx_word' id='word_1_620' title='bbox 2798 4102 2946 4166; x_wconf 80' lang='grc' dir='ltr'>ἀξιον</span> <span class='ocrx_word' id='word_1_621' title='bbox 2980 4104 3444 4174; x_wconf 78' lang='grc' dir='ltr'>ἐπισημήνασθαι,</span> <span class='ocrx_word' id='word_1_622' title='bbox 3477 4105 3552 4169; x_wconf 82' lang='grc' dir='ltr'>ὡς</span> <span class='ocrx_word' id='word_1_623' title='bbox 3588 4107 3736 4176; x_wconf 80' lang='grc' dir='ltr'>μόνῳ</span> 
     </span>
    </p>
   </div>
   <div class='ocr_carea' id='block_1_88' title="bbox 2160 4190 3731 4264">
    <p class='ocr_par' dir='ltr' id='par_1_88' title="bbox 2160 4190 3731 4264">
     <span class='ocr_line' id='line_1_88' title="bbox 2160 4190 3731 4264; baseline 0.003 -18"><span class='ocrx_word' id='word_1_624' title='bbox 2160 4193 2352 4264; x_wconf 73' lang='grc' dir='ltr'>ἄρρενι</span> <span class='ocrx_word' id='word_1_625' title='bbox 2402 4191 2679 4263; x_wconf 82' lang='grc' dir='ltr'>προσώπῳ</span> <span class='ocrx_word' id='word_1_626' title='bbox 2743 4190 3062 4256; x_wconf 80' lang='grc' dir='ltr'>ὐπεξούσιος</span> <span class='ocrx_word' id='word_1_627' title='bbox 3120 4195 3450 4264; x_wconf 78' lang='grc' dir='ltr'>χρηματίζει</span> <span class='ocrx_word' id='word_1_628' title='bbox 3496 4198 3524 4248; x_wconf 86' lang='grc' dir='ltr'>ὁ</span> <span class='ocrx_word' id='word_1_629' title='bbox 3581 4199 3731 4261; x_wconf 85' lang='grc' dir='ltr'>παῖς.</span> 
     </span>
    </p>
   </div>
   <div class='ocr_carea' id='block_1_89' title="bbox 2174 4282 3736 4356">
    <p class='ocr_par' dir='ltr' id='par_1_89' title="bbox 2174 4282 3736 4356">
     <span class='ocr_line' id='line_1_89' title="bbox 2174 4282 3736 4356; baseline 0.004 -21"><span class='ocrx_word' id='word_1_630' title='bbox 2174 4283 2397 4352; x_wconf 83' lang='grc' dir='ltr'>Ἐπειδὴ</span> <span class='ocrx_word' id='word_1_631' title='bbox 2459 4283 2515 4335; x_wconf 82' lang='grc' dir='ltr'><strong>δὲ</strong></span> <span class='ocrx_word' id='word_1_632' title='bbox 2566 4283 2701 4353; x_wconf 84' lang='grc' dir='ltr'>πρὸς</span> <span class='ocrx_word' id='word_1_633' title='bbox 2754 4286 2867 4347; x_wconf 86' lang='grc' dir='ltr'>τοῖς</span> <span class='ocrx_word' id='word_1_634' title='bbox 2925 4284 3105 4348; x_wconf 78' lang='grc' dir='ltr'>ἄλλοις</span> <span class='ocrx_word' id='word_1_635' title='bbox 3155 4288 3376 4356; x_wconf 87' lang='grc' dir='ltr'>τρόποις</span> <span class='ocrx_word' id='word_1_636' title='bbox 3436 4289 3532 4340; x_wconf 76' lang='grc' dir='ltr'>καὶ</span> <span class='ocrx_word' id='word_1_637' title='bbox 3577 4282 3736 4353; x_wconf 74' lang='grc' dir='ltr'>οὗτος</span> 
     </span>
    </p>
   </div>
   <div class='ocr_carea' id='block_1_90' title="bbox 493 4364 2047 4453">
    <p class='ocr_par' dir='ltr' id='par_1_90' title="bbox 493 4364 2047 4435">
     <span class='ocr_line' id='line_1_90' title="bbox 493 4364 2047 4435; baseline -0.004 -10"><span class='ocrx_word' id='word_1_638' title='bbox 493 4371 625 4425; x_wconf 90' lang='lat' dir='ltr'><strong>lium</strong></span> <span class='ocrx_word' id='word_1_639' title='bbox 655 4384 779 4424; x_wconf 89' lang='lat' dir='ltr'><strong>esse</strong></span> <span class='ocrx_word' id='word_1_640' title='bbox 810 4367 1154 4430; x_wconf 87' lang='lat' dir='ltr'><strong>ostendebat,</strong></span> <span class='ocrx_word' id='word_1_641' title='bbox 1216 4366 1262 4421; x_wconf 92' lang='lat' dir='ltr'><strong>si</strong></span> <span class='ocrx_word' id='word_1_642' title='bbox 1316 4365 1410 4433; x_wconf 91' lang='lat' dir='ltr'><strong>qui</strong></span> <span class='ocrx_word' id='word_1_643' title='bbox 1444 4366 1621 4435; x_wconf 86' lang='lat' dir='ltr'><strong>ipsum</strong></span> <span class='ocrx_word' id='word_1_644' title='bbox 1674 4364 1729 4418; x_wconf 90' lang='lat' dir='ltr'><strong>in</strong></span> <span class='ocrx_word' id='word_1_645' title='bbox 1786 4370 2047 4433; x_wconf 73' lang='lat' dir='ltr'><strong>poteState</strong></span> 
     </span>
    </p>
   </div>
   <div class='ocr_carea' id='block_1_91' title="bbox 2152 4364 3737 4453">
    <p class='ocr_par' dir='ltr' id='par_1_91' title="bbox 2165 4372 3737 4449">
     <span class='ocr_line' id='line_1_91' title="bbox 2165 4372 3737 4449; baseline 0.005 -24"><span class='ocrx_word' id='word_1_646' title='bbox 2165 4372 2371 4426; x_wconf 75' lang='grc' dir='ltr'>ἐδείκνυ</span> <span class='ocrx_word' id='word_1_647' title='bbox 2422 4372 2515 4425; x_wconf 80' lang='grc' dir='ltr'><strong>τὸν</strong></span> <span class='ocrx_word' id='word_1_648' title='bbox 2562 4373 2727 4427; x_wconf 88' lang='grc' dir='ltr'>παῖδα</span> <span class='ocrx_word' id='word_1_649' title='bbox 2781 4374 3123 4440; x_wconf 80' lang='grc' dir='ltr'>αὐτεξούσιον</span> <span class='ocrx_word' id='word_1_650' title='bbox 3144 4415 3159 4441; x_wconf 95' lang='grc'><strong>,</strong></span> <span class='ocrx_word' id='word_1_651' title='bbox 3191 4378 3244 4429; x_wconf 87' lang='grc' dir='ltr'><strong>εῖ</strong></span> <span class='ocrx_word' id='word_1_652' title='bbox 3273 4394 3336 4446; x_wconf 91' lang='grc' dir='ltr'><strong>γε</strong></span> <span class='ocrx_word' id='word_1_653' title='bbox 3375 4379 3470 4431; x_wconf 72' lang='grc' dir='ltr'>καὶ</span> <span class='ocrx_word' id='word_1_654' title='bbox 3492 4378 3540 4409; x_wconf 63' lang='grc'><strong>⁸⁸</strong></span> <span class='ocrx_word' id='word_1_655' title='bbox 3578 4381 3607 4432; x_wconf 87' lang='grc' dir='ltr'><strong>ό</strong></span> <span class='ocrx_word' id='word_1_656' title='bbox 3637 4384 3737 4449; x_wconf 73' lang='grc' dir='ltr'><strong>τὴν</strong></span> 
     </span>
    </p>
   </div>
   <div class='ocr_carea' id='block_1_92' title="bbox 494 4456 2047 4539">
    <p class='ocr_par' dir='ltr' id='par_1_92' title="bbox 494 4456 2047 4531">
     <span class='ocr_line' id='line_1_92' title="bbox 494 4456 2047 4531; baseline -0.004 -14"><span class='ocrx_word' id='word_1_657' title='bbox 494 4461 729 4517; x_wconf 87' lang='lat' dir='ltr'><strong>habebat</strong></span> <span class='ocrx_word' id='word_1_658' title='bbox 793 4461 933 4531; x_wconf 70' lang='lat' dir='ltr'><strong>(sitte</strong></span> <span class='ocrx_word' id='word_1_659' title='bbox 974 4461 1020 4514; x_wconf 89' lang='lat' dir='ltr'><strong>is</strong></span> <span class='ocrx_word' id='word_1_660' title='bbox 1053 4468 1229 4530; x_wconf 79' lang='lat' dir='ltr'><strong>pater,</strong></span> <span class='ocrx_word' id='word_1_661' title='bbox 1284 4460 1405 4514; x_wconf 87' lang='lat' dir='ltr'><strong>sive</strong></span> <span class='ocrx_word' id='word_1_662' title='bbox 1442 4472 1579 4514; x_wconf 92' lang='lat' dir='ltr'><strong>avus</strong></span> <span class='ocrx_word' id='word_1_663' title='bbox 1608 4457 1776 4528; x_wconf 88' lang='lat' dir='ltr'><strong>esset)</strong></span> <span class='ocrx_word' id='word_1_664' title='bbox 1808 4456 2047 4511; x_wconf 70' lang='lat' dir='ltr'><strong>libertate</strong></span> 
     </span>
    </p>
   </div>
   <div class='ocr_carea' id='block_1_93' title="bbox 2152 4456 3740 4539">
    <p class='ocr_par' dir='ltr' id='par_1_93' title="bbox 2169 4463 3740 4539">
     <span class='ocr_line' id='line_1_93' title="bbox 2169 4463 3740 4539; baseline 0.004 -20"><span class='ocrx_word' id='word_1_665' title='bbox 2169 4463 2471 4535; x_wconf 78' lang='grc' dir='ltr'>ἐπιτροπὴν</span> <span class='ocrx_word' id='word_1_666' title='bbox 2503 4465 2978 4535; x_wconf 79' lang='grc' dir='ltr'>ἐγκεχειρισμένος</span> <span class='ocrx_word' id='word_1_667' title='bbox 3008 4465 3142 4536; x_wconf 85' lang='grc' dir='ltr'>(εἴτε</span> <span class='ocrx_word' id='word_1_668' title='bbox 3187 4468 3368 4539; x_wconf 78' lang='grc' dir='ltr'>πατὴρ</span> <span class='ocrx_word' id='word_1_669' title='bbox 3414 4468 3501 4538; x_wconf 81' lang='grc' dir='ltr'><strong>εἴη</strong></span> <span class='ocrx_word' id='word_1_670' title='bbox 3530 4472 3575 4503; x_wconf 75' lang='grc'><em>’⁸</em></span> <span class='ocrx_word' id='word_1_671' title='bbox 3625 4470 3740 4526; x_wconf 78' lang='grc' dir='ltr'>εἴτε</span> 
     </span>
    </p>
   </div>
   <div class='ocr_carea' id='block_1_94' title="bbox 493 4552 2056 4626">
    <p class='ocr_par' dir='ltr' id='par_1_94' title="bbox 493 4552 2056 4626">
     <span class='ocr_line' id='line_1_94' title="bbox 493 4552 2056 4626; baseline -0.003 -15"><span class='ocrx_word' id='word_1_672' title='bbox 493 4556 671 4626; x_wconf 88' lang='lat' dir='ltr'><strong>ipsum</strong></span> <span class='ocrx_word' id='word_1_673' title='bbox 703 4571 805 4611; x_wconf 90' lang='lat' dir='ltr'><strong>suo</strong></span> <span class='ocrx_word' id='word_1_674' title='bbox 829 4555 939 4626; x_wconf 82' lang='grc'>(76)</span> <span class='ocrx_word' id='word_1_675' title='bbox 966 4570 1063 4610; x_wconf 92' lang='lat' dir='ltr'><strong>ore</strong></span> <span class='ocrx_word' id='word_1_676' title='bbox 1088 4554 1347 4609; x_wconf 82' lang='lat' dir='ltr'><strong>donasset</strong></span> <span class='ocrx_word' id='word_1_677' title='bbox 1373 4569 1387 4605; x_wconf 89' lang='lat'><strong>:</strong></span> <span class='ocrx_word' id='word_1_678' title='bbox 1417 4566 1520 4606; x_wconf 91' lang='lat' dir='ltr'><strong>nos</strong></span> <span class='ocrx_word' id='word_1_679' title='bbox 1553 4552 1657 4606; x_wconf 88' lang='lat' dir='ltr'><strong>hoc</strong></span> <span class='ocrx_word' id='word_1_680' title='bbox 1692 4553 1917 4621; x_wconf 88' lang='lat' dir='ltr'><strong>insuper</strong></span> <span class='ocrx_word' id='word_1_681' title='bbox 1954 4567 2056 4607; x_wconf 88' lang='lat' dir='ltr'><strong>an-</strong></span> 
     </span>
    </p>
   </div>
   <div class='ocr_carea' id='block_1_95' title="bbox 492 4643 2060 4717">
    <p class='ocr_par' dir='ltr' id='par_1_95' title="bbox 492 4643 2060 4717">
     <span class='ocr_line' id='line_1_95' title="bbox 492 4643 2060 4717; baseline -0.003 -14"><span class='ocrx_word' id='word_1_682' title='bbox 492 4650 784 4713; x_wconf 83' lang='lat' dir='ltr'><strong>nectimus,</strong></span> <span class='ocrx_word' id='word_1_683' title='bbox 811 4655 870 4700; x_wconf 89' lang='lat' dir='ltr'><strong>ut</strong></span> <span class='ocrx_word' id='word_1_684' title='bbox 895 4646 1008 4717; x_wconf 86' lang='lat'><strong>(77)</strong></span> <span class='ocrx_word' id='word_1_685' title='bbox 1063 4646 1108 4701; x_wconf 89' lang='lat' dir='ltr'><strong>si</strong></span> <span class='ocrx_word' id='word_1_686' title='bbox 1144 4659 1245 4716; x_wconf 94' lang='lat' dir='ltr'><strong>pro</strong></span> <span class='ocrx_word' id='word_1_687' title='bbox 1293 4659 1395 4699; x_wconf 91' lang='lat' dir='ltr'><strong>suo</strong></span> <span class='ocrx_word' id='word_1_688' title='bbox 1428 4644 1620 4699; x_wconf 87' lang='lat' dir='ltr'><strong>saltem</strong></span> <span class='ocrx_word' id='word_1_689' title='bbox 1674 4643 1940 4699; x_wconf 89' lang='lat' dir='ltr'><strong>arbitratu</strong></span> <span class='ocrx_word' id='word_1_690' title='bbox 1972 4645 2060 4699; x_wconf 89' lang='lat' dir='ltr'><strong>vi-</strong></span> 
     </span>
    </p>
   </div>
   <div class='ocr_carea' id='block_1_96' title="bbox 2169 4555 3739 4630">
    <p class='ocr_par' dir='ltr' id='par_1_96' title="bbox 2169 4555 3739 4630">
     <span class='ocr_line' id='line_1_96' title="bbox 2169 4555 3739 4630; baseline 0.004 -21"><span class='ocrx_word' id='word_1_691' title='bbox 2169 4555 2507 4628; x_wconf 88' lang='grc' dir='ltr'>προπάτωρ)</span> <span class='ocrx_word' id='word_1_692' title='bbox 2539 4555 2602 4607; x_wconf 83' lang='grc' dir='ltr'><strong>τὸ</strong></span> <span class='ocrx_word' id='word_1_693' title='bbox 2628 4555 2895 4608; x_wconf 82' lang='grc' dir='ltr'>άπόλυτον</span> <span class='ocrx_word' id='word_1_694' title='bbox 2937 4556 3086 4625; x_wconf 86' lang='grc' dir='ltr'>αὐτῷ</span> <span class='ocrx_word' id='word_1_695' title='bbox 3112 4558 3298 4627; x_wconf 73' lang='grc' dir='ltr'>οἰκείῳ</span> <span class='ocrx_word' id='word_1_696' title='bbox 3329 4559 3560 4630; x_wconf 88' lang='grc' dir='ltr'>στόματι</span> <span class='ocrx_word' id='word_1_697' title='bbox 3605 4561 3739 4615; x_wconf 87' lang='grc' dir='ltr'>ἐδω-</span> 
     </span>
    </p>
   </div>
   <div class='ocr_carea' id='block_1_97' title="bbox 2168 4645 3737 4719">
    <p class='ocr_par' dir='ltr' id='par_1_97' title="bbox 2168 4645 3737 4719">
     <span class='ocr_line' id='line_1_97' title="bbox 2168 4645 3737 4719; baseline 0.004 -22"><span class='ocrx_word' id='word_1_698' title='bbox 2168 4648 2347 4717; x_wconf 84' lang='grc' dir='ltr'>ρεῖτο,</span> <span class='ocrx_word' id='word_1_699' title='bbox 2382 4645 2543 4714; x_wconf 76' lang='grc' dir='ltr'>ἡμεῖς</span> <span class='ocrx_word' id='word_1_700' title='bbox 2586 4645 2678 4698; x_wconf 61' lang='grc' dir='ltr'><strong>καὶ⁹</strong></span> <span class='ocrx_word' id='word_1_701' title='bbox 2722 4646 2883 4699; x_wconf 83' lang='grc' dir='ltr'>τούτο</span> <span class='ocrx_word' id='word_1_702' title='bbox 2915 4649 3526 4719; x_wconf 84' lang='grc' dir='ltr'>προσεπισυνάπτομεν,</span> <span class='ocrx_word' id='word_1_703' title='bbox 3568 4650 3645 4714; x_wconf 83' lang='grc' dir='ltr'>ὡς</span> <span class='ocrx_word' id='word_1_704' title='bbox 3687 4654 3737 4705; x_wconf 84' lang='grc' dir='ltr'><strong>εί</strong></span> 
     </span>
    </p>
   </div>
   <div class='ocr_carea' id='block_1_98' title="bbox 1649 4742 2445 4815">
    <p class='ocr_par' dir='ltr' id='par_1_98' title="bbox 1649 4742 2445 4815">
     <span class='ocr_line' id='line_1_98' title="bbox 1649 4742 2445 4815; baseline 0.004 -8"><span class='ocrx_word' id='word_1_705' title='bbox 1649 4742 1655 4749; x_wconf 67' lang='grc'><em>’</em></span> <span class='ocrx_word' id='word_1_706' title='bbox 1766 4755 1999 4813; x_wconf 73' lang='lat' dir='ltr'><strong>VARle</strong></span> <span class='ocrx_word' id='word_1_707' title='bbox 2039 4755 2445 4815; x_wconf 80' lang='lat' dir='ltr'><strong>LECTIONES.</strong></span> 
     </span>
    </p>
   </div>
   <div class='ocr_carea' id='block_1_99' title="bbox 601 4854 1020 4910">
    <p class='ocr_par' dir='ltr' id='par_1_99' title="bbox 601 4854 1020 4910">
     <span class='ocr_line' id='line_1_99' title="bbox 601 4854 1020 4910; baseline -0.012 2"><span class='ocrx_word' id='word_1_708' title='bbox 601 4858 649 4889; x_wconf 78' lang='lat'><strong>&quot;</strong></span> <span class='ocrx_word' id='word_1_709' title='bbox 680 4856 871 4910; x_wconf 76' lang='lat' dir='ltr'><strong>Melius</strong></span> <span class='ocrx_word' id='word_1_710' title='bbox 892 4854 1020 4907; x_wconf 87' lang='grc' dir='ltr'>τινί.</span> 
     </span>
    </p>
   </div>
   <div class='ocr_carea' id='block_1_100' title="bbox 1111 4852 3736 4927">
    <p class='ocr_par' dir='ltr' id='par_1_100' title="bbox 1111 4852 3736 4927">
     <span class='ocr_line' id='line_1_100' title="bbox 1111 4852 3736 4927; baseline 0.001 -21"><span class='ocrx_word' id='word_1_711' title='bbox 1111 4852 1156 4886; x_wconf 84' lang='grc'><strong>⁹¹</strong></span> <span class='ocrx_word' id='word_1_712' title='bbox 1199 4853 1737 4927; x_wconf 77' lang='lat' dir='ltr'><strong>Zuic_lt._et_llleerm,</strong></span> <span class='ocrx_word' id='word_1_713' title='bbox 1777 4854 1984 4927; x_wconf 57' lang='lat' dir='ltr'><strong>erratos.</strong></span> <span class='ocrx_word' id='word_1_714' title='bbox 2051 4856 2119 4888; x_wconf 73' lang='grc' dir='ltr'><strong>ἰ’</strong></span> <span class='ocrx_word' id='word_1_715' title='bbox 2148 4855 2285 4927; x_wconf 82' lang='lat' dir='ltr'><strong>llinc</strong></span> <span class='ocrx_word' id='word_1_716' title='bbox 2318 4853 2539 4927; x_wconf 76' lang='lat' dir='ltr'><strong>incipit_</strong></span> <span class='ocrx_word' id='word_1_717' title='bbox 2562 4853 2678 4909; x_wconf 82' lang='lat' dir='ltr'><strong>Ecl.</strong></span> <span class='ocrx_word' id='word_1_718' title='bbox 2754 4854 2799 4885; x_wconf 82' lang='lat'><strong>&quot;</strong></span> <span class='ocrx_word' id='word_1_719' title='bbox 2822 4852 2938 4927; x_wconf 78' lang='lat' dir='ltr'><strong>Ecl.</strong></span> <span class='ocrx_word' id='word_1_720' title='bbox 2970 4853 3174 4910; x_wconf 88' lang='lat' dir='ltr'><strong>omittit</strong></span> <span class='ocrx_word' id='word_1_721' title='bbox 3213 4853 3414 4927; x_wconf 80' lang='grc' dir='ltr'>δηλαδὴ</span> <span class='ocrx_word' id='word_1_722' title='bbox 3454 4856 3547 4910; x_wconf 82' lang='grc' dir='ltr'><strong>τὸν</strong></span> <span class='ocrx_word' id='word_1_723' title='bbox 3592 4858 3736 4910; x_wconf 81' lang='grc' dir='ltr'><strong>Φαλ-</strong></span> 
     </span>
    </p>
   </div>
   <div class='ocr_carea' id='block_1_101' title="bbox 495 4923 2899 4994">
    <p class='ocr_par' dir='ltr' id='par_1_101' title="bbox 495 4923 2899 4994">
     <span class='ocr_line' id='line_1_101' title="bbox 495 4923 2899 4994; baseline -0.001 -13"><span class='ocrx_word' id='word_1_724' title='bbox 495 4926 685 4981; x_wconf 86' lang='grc' dir='ltr'>κίδιον.</span> <span class='ocrx_word' id='word_1_725' title='bbox 768 4927 815 4959; x_wconf 67' lang='grc'>⁸⁸</span> <span class='ocrx_word' id='word_1_726' title='bbox 847 4924 1060 4994; x_wconf 72' lang='lat' dir='ltr'><strong>Reliqui</strong></span> <span class='ocrx_word' id='word_1_727' title='bbox 1095 4935 1289 4994; x_wconf 70' lang='lat' dir='ltr'><strong>praeter</strong></span> <span class='ocrx_word' id='word_1_728' title='bbox 1318 4923 1431 4979; x_wconf 80' lang='lat' dir='ltr'><strong>Ecl.</strong></span> <span class='ocrx_word' id='word_1_729' title='bbox 1455 4925 1788 4987; x_wconf 80' lang='grc' dir='ltr'>ἀδιαοέτους.</span> <span class='ocrx_word' id='word_1_730' title='bbox 1874 4926 1923 4961; x_wconf 66' lang='grc'><strong>⁸⁵</strong></span> <span class='ocrx_word' id='word_1_731' title='bbox 1956 4924 2118 4981; x_wconf 79' lang='lat' dir='ltr'><strong>DeeSt</strong></span> <span class='ocrx_word' id='word_1_732' title='bbox 2145 4928 2199 4979; x_wconf 92' lang='lat' dir='ltr'><strong>in</strong></span> <span class='ocrx_word' id='word_1_733' title='bbox 2238 4924 2353 4979; x_wconf 81' lang='lat' dir='ltr'><strong>Ecl.</strong></span> <span class='ocrx_word' id='word_1_734' title='bbox 2430 4925 2477 4956; x_wconf 75' lang='lat'>&quot;</span> <span class='ocrx_word' id='word_1_735' title='bbox 2503 4923 2618 4978; x_wconf 83' lang='lat' dir='ltr'><strong>Ecl.</strong></span> <span class='ocrx_word' id='word_1_736' title='bbox 2644 4940 2755 4978; x_wconf 91' lang='lat' dir='ltr'><strong>om.</strong></span> <span class='ocrx_word' id='word_1_737' title='bbox 2790 4925 2899 4993; x_wconf 79' lang='grc' dir='ltr'>εἴη.</span> 
     </span>
    </p>
   </div>
   <div class='ocr_carea' id='block_1_102' title="bbox 1994 5016 2231 5082">
    <p class='ocr_par' dir='ltr' id='par_1_102' title="bbox 1994 5016 2231 5082">
     <span class='ocr_line' id='line_1_102' title="bbox 1994 5016 2231 5082; baseline -0.004 -11"><span class='ocrx_word' id='word_1_738' title='bbox 1994 5016 2231 5082; x_wconf 69' lang='lat' dir='ltr'><strong>NOTAE,</strong></span> 
     </span>
    </p>
   </div>
   <div class='ocr_carea' id='block_1_103' title="bbox 568 5108 2063 5182">
    <p class='ocr_par' dir='ltr' id='par_1_103' title="bbox 568 5108 2063 5182">
     <span class='ocr_line' id='line_1_103' title="bbox 568 5108 2063 5182; baseline -0.002 -18"><span class='ocrx_word' id='word_1_739' title='bbox 568 5112 686 5182; x_wconf 78' lang='grc'>(71)</span> <span class='ocrx_word' id='word_1_740' title='bbox 726 5112 963 5177; x_wconf 82' lang='lat' dir='ltr'><strong>lloeait,</strong></span> <span class='ocrx_word' id='word_1_741' title='bbox 1011 5112 1383 5181; x_wconf 81' lang='lat' dir='ltr'><strong>emancipatos</strong></span> <span class='ocrx_word' id='word_1_742' title='bbox 1428 5112 1678 5182; x_wconf 76' lang='lat' dir='ltr'><strong>ingratos</strong></span> <span class='ocrx_word' id='word_1_743' title='bbox 1734 5111 1787 5164; x_wconf 80' lang='lat' dir='ltr'><strong>in</strong></span> <span class='ocrx_word' id='word_1_744' title='bbox 1830 5108 2063 5179; x_wconf 82' lang='lat' dir='ltr'><strong>patriam</strong></span> 
     </span>
    </p>
   </div>
   <div class='ocr_carea' id='block_1_104' title="bbox 502 5181 1708 5253">
    <p class='ocr_par' dir='ltr' id='par_1_104' title="bbox 502 5181 1708 5253">
     <span class='ocr_line' id='line_1_104' title="bbox 502 5181 1708 5253; baseline -0.002 -18"><span class='ocrx_word' id='word_1_745' title='bbox 502 5181 824 5253; x_wconf 80' lang='lat' dir='ltr'><strong>potestatem</strong></span> <span class='ocrx_word' id='word_1_746' title='bbox 864 5186 934 5239; x_wconf 90' lang='lat' dir='ltr'><strong>ob</strong></span> <span class='ocrx_word' id='word_1_747' title='bbox 966 5185 1163 5253; x_wconf 73' lang='lat' dir='ltr'><strong>ingrati</strong></span> <span class='ocrx_word' id='word_1_748' title='bbox 1196 5184 1389 5235; x_wconf 89' lang='lat' dir='ltr'><strong>vitium</strong></span> <span class='ocrx_word' id='word_1_749' title='bbox 1436 5181 1708 5253; x_wconf 78' lang='lat' dir='ltr'><strong>revocari.</strong></span> 
     </span>
    </p>
   </div>
   <div class='ocr_carea' id='block_1_105' title="bbox 570 5248 2062 5324">
    <p class='ocr_par' dir='ltr' id='par_1_105' title="bbox 570 5248 2062 5324">
     <span class='ocr_line' id='line_1_105' title="bbox 570 5248 2062 5324; baseline -0.003 -18"><span class='ocrx_word' id='word_1_750' title='bbox 570 5254 685 5324; x_wconf 72' lang='lat'><strong>(72)</strong></span> <span class='ocrx_word' id='word_1_751' title='bbox 722 5252 833 5309; x_wconf 85' lang='lat' dir='ltr'><strong>Hoc</strong></span> <span class='ocrx_word' id='word_1_752' title='bbox 884 5248 1061 5324; x_wconf 57' lang='lat' dir='ltr'><strong>caput</strong></span> <span class='ocrx_word' id='word_1_753' title='bbox 1083 5253 1339 5324; x_wconf 76' lang='lat' dir='ltr'><strong>existimo</strong></span> <span class='ocrx_word' id='word_1_754' title='bbox 1372 5250 1715 5324; x_wconf 76' lang='lat' dir='ltr'><strong>relerendum</strong></span> <span class='ocrx_word' id='word_1_755' title='bbox 1766 5248 1834 5302; x_wconf 90' lang='lat' dir='ltr'><strong>ad</strong></span> <span class='ocrx_word' id='word_1_756' title='bbox 1882 5263 2062 5324; x_wconf 75' lang='lat' dir='ltr'><strong>eman-</strong></span> 
     </span>
    </p>
   </div>
   <div class='ocr_carea' id='block_1_106' title="bbox 2166 5107 3731 5177">
    <p class='ocr_par' dir='ltr' id='par_1_106' title="bbox 2166 5107 3731 5177">
     <span class='ocr_line' id='line_1_106' title="bbox 2166 5107 3731 5177; baseline 0.001 -13"><span class='ocrx_word' id='word_1_757' title='bbox 2166 5110 2220 5176; x_wconf 90' lang='lat'><strong>8,</strong></span> <span class='ocrx_word' id='word_1_758' title='bbox 2250 5110 2311 5163; x_wconf 81' lang='lat' dir='ltr'><strong>C.</strong></span> <span class='ocrx_word' id='word_1_759' title='bbox 2340 5108 2413 5161; x_wconf 88' lang='lat' dir='ltr'><strong>De</strong></span> <span class='ocrx_word' id='word_1_760' title='bbox 2445 5108 2606 5162; x_wconf 87' lang='lat' dir='ltr'><strong>bonis</strong></span> <span class='ocrx_word' id='word_1_761' title='bbox 2642 5108 3108 5177; x_wconf 88' lang='lat' dir='ltr'><strong>proscriptorum:</strong></span> <span class='ocrx_word' id='word_1_762' title='bbox 3148 5108 3183 5162; x_wconf 90' lang='lat' dir='ltr'><strong>l.</strong></span> <span class='ocrx_word' id='word_1_763' title='bbox 3220 5109 3306 5174; x_wconf 81' lang='lat' dir='ltr'><strong>l7,</strong></span> <span class='ocrx_word' id='word_1_764' title='bbox 3339 5109 3401 5163; x_wconf 78' lang='grc' dir='ltr'><strong>Ο.</strong></span> <span class='ocrx_word' id='word_1_765' title='bbox 3443 5107 3516 5163; x_wconf 88' lang='lat' dir='ltr'><strong>De</strong></span> <span class='ocrx_word' id='word_1_766' title='bbox 3544 5110 3731 5165; x_wconf 90' lang='lat' dir='ltr'><strong>collat.</strong></span> 
     </span>
    </p>
   </div>
   <div class='ocr_carea' id='block_1_107' title="bbox 2236 5178 3735 5249">
    <p class='ocr_par' dir='ltr' id='par_1_107' title="bbox 2236 5178 3735 5249">
     <span class='ocr_line' id='line_1_107' title="bbox 2236 5178 3735 5249; baseline 0.003 -18"><span class='ocrx_word' id='word_1_767' title='bbox 2236 5178 2351 5249; x_wconf 79' lang='lat'><strong>(75)</strong></span> <span class='ocrx_word' id='word_1_768' title='bbox 2401 5180 2519 5232; x_wconf 83' lang='lat' dir='ltr'><strong>Hoc</strong></span> <span class='ocrx_word' id='word_1_769' title='bbox 2572 5179 2815 5249; x_wconf 86' lang='lat' dir='ltr'><strong>ostendit</strong></span> <span class='ocrx_word' id='word_1_770' title='bbox 2866 5180 3165 5249; x_wconf 78' lang='lat' dir='ltr'><strong>lilios__n9u</strong></span> <span class='ocrx_word' id='word_1_771' title='bbox 3215 5193 3341 5233; x_wconf 83' lang='lat' dir='ltr'><strong>esse</strong></span> <span class='ocrx_word' id='word_1_772' title='bbox 3374 5180 3428 5249; x_wconf 86' lang='lat' dir='ltr'><strong>in</strong></span> <span class='ocrx_word' id='word_1_773' title='bbox 3461 5186 3735 5249; x_wconf 77' lang='lat' dir='ltr'><strong>potestate</strong></span> 
     </span>
    </p>
   </div>
   <div class='ocr_carea' id='block_1_108' title="bbox 2163 5245 3734 5318">
    <p class='ocr_par' dir='ltr' id='par_1_108' title="bbox 2163 5245 3734 5318">
     <span class='ocr_line' id='line_1_108' title="bbox 2163 5245 3734 5318; baseline 0.001 -17"><span class='ocrx_word' id='word_1_774' title='bbox 2163 5245 2402 5318; x_wconf 73' lang='lat' dir='ltr'><strong>matrum</strong></span> <span class='ocrx_word' id='word_1_775' title='bbox 2442 5255 2537 5302; x_wconf 89' lang='lat' dir='ltr'><strong>aut</strong></span> <span class='ocrx_word' id='word_1_776' title='bbox 2566 5249 2722 5309; x_wconf 66' lang='lat' dir='ltr'><strong>aviae,</strong></span> <span class='ocrx_word' id='word_1_777' title='bbox 2760 5248 2866 5316; x_wconf 76' lang='lat' dir='ltr'><strong>leg.</strong></span> <span class='ocrx_word' id='word_1_778' title='bbox 2896 5248 2982 5311; x_wconf 79' lang='grc'><strong>15,</strong></span> <span class='ocrx_word' id='word_1_779' title='bbox 3006 5246 3061 5301; x_wconf 76' lang='grc' dir='ltr'><strong>θ’.</strong></span> <span class='ocrx_word' id='word_1_780' title='bbox 3094 5245 3171 5303; x_wconf 89' lang='lat' dir='ltr'><strong>De</strong></span> <span class='ocrx_word' id='word_1_781' title='bbox 3202 5249 3354 5318; x_wconf 82' lang='lat' dir='ltr'><strong>suis:</strong></span> <span class='ocrx_word' id='word_1_782' title='bbox 3388 5245 3734 5318; x_wconf 7' lang='lat' dir='ltr'><strong>leg.j8,Cod.</strong></span> 
     </span>
    </p>
   </div>
   <div class='ocr_carea' id='block_1_109' title="bbox 500 5315 3737 5403">
    <p class='ocr_par' dir='ltr' id='par_1_109' title="bbox 500 5315 3737 5403">
     <span class='ocr_line' id='line_1_109' title="bbox 500 5315 3737 5403; baseline -0.001 -28"><span class='ocrx_word' id='word_1_783' title='bbox 500 5315 711 5403; x_wconf 67' lang='lat' dir='ltr'><strong>eipatus</strong></span> <span class='ocrx_word' id='word_1_784' title='bbox 737 5315 987 5403; x_wconf 33' lang='lat' dir='ltr'><strong>ing-ratos.</strong></span> <span class='ocrx_word' id='word_1_785' title='bbox 1010 5321 1100 5403; x_wconf 74' lang='lat' dir='ltr'><strong>(de</strong></span> <span class='ocrx_word' id='word_1_786' title='bbox 1134 5322 1335 5390; x_wconf 91' lang='lat' dir='ltr'><strong>quibus</strong></span> <span class='ocrx_word' id='word_1_787' title='bbox 1365 5321 1451 5389; x_wconf 84' lang='lat' dir='ltr'><strong>agi</strong></span> <span class='ocrx_word' id='word_1_788' title='bbox 1487 5321 1623 5399; x_wconf 80' lang='lat' dir='ltr'><strong>satis</strong></span> <span class='ocrx_word' id='word_1_789' title='bbox 1654 5318 2059 5403; x_wconf 67' lang='lat' dir='ltr'><strong>constatbujus</strong></span> <span class='ocrx_word' id='word_1_790' title='bbox 2161 5315 2236 5403; x_wconf 75' lang='lat' dir='ltr'><strong>De</strong></span> <span class='ocrx_word' id='word_1_791' title='bbox 2259 5318 2657 5403; x_wconf 61' lang='lat' dir='ltr'><strong>praescription.</strong></span> <span class='ocrx_word' id='word_1_792' title='bbox 2689 5315 2834 5388; x_wconf 83' lang='lat' dir='ltr'><strong>longi</strong></span> <span class='ocrx_word' id='word_1_793' title='bbox 2877 5318 3143 5387; x_wconf 89' lang='lat' dir='ltr'><strong>temporis</strong></span> <span class='ocrx_word' id='word_1_794' title='bbox 3169 5334 3183 5371; x_wconf 91' lang='lat'><strong>:</strong></span> <span class='ocrx_word' id='word_1_795' title='bbox 3210 5321 3249 5371; x_wconf 90' lang='grc' dir='ltr'><strong>Ι.</strong></span> <span class='ocrx_word' id='word_1_796' title='bbox 3296 5317 3350 5382; x_wconf 84' lang='lat'><strong>5,</strong></span> <span class='ocrx_word' id='word_1_797' title='bbox 3385 5315 3463 5372; x_wconf 60' lang='lat' dir='ltr'><strong>CI</strong></span> <span class='ocrx_word' id='word_1_798' title='bbox 3494 5316 3569 5372; x_wconf 88' lang='lat' dir='ltr'><strong>De</strong></span> <span class='ocrx_word' id='word_1_799' title='bbox 3597 5317 3737 5373; x_wconf 85' lang='lat' dir='ltr'><strong>ado-</strong></span> 
     </span>
    </p>
   </div>
   <div class='ocr_carea' id='block_1_110' title="bbox 501 5388 2461 5463">
    <p class='ocr_par' dir='ltr' id='par_1_110' title="bbox 501 5388 2461 5463">
     <span class='ocr_line' id='line_1_110' title="bbox 501 5388 2461 5463; baseline -0.003 -17"><span class='ocrx_word' id='word_1_800' title='bbox 501 5388 736 5463; x_wconf 59' lang='lat' dir='ltr'><strong>Novellat</strong></span> <span class='ocrx_word' id='word_1_801' title='bbox 758 5388 1051 5463; x_wconf 71' lang='lat' dir='ltr'><strong>principiO)</strong></span> <span class='ocrx_word' id='word_1_802' title='bbox 1080 5388 1334 5463; x_wconf 46' lang='lat' dir='ltr'><strong>(to—sensu</strong></span> <span class='ocrx_word' id='word_1_803' title='bbox 1376 5388 1750 5463; x_wconf 79' lang='lat' dir='ltr'><strong>einaneipatos</strong></span> <span class='ocrx_word' id='word_1_804' title='bbox 1781 5391 1823 5441; x_wconf 90' lang='lat' dir='ltr'><strong>si</strong></span> <span class='ocrx_word' id='word_1_805' title='bbox 1856 5388 2058 5463; x_wconf 74' lang='lat' dir='ltr'><strong>liberos</strong></span> <span class='ocrx_word' id='word_1_806' title='bbox 2158 5388 2461 5463; x_wconf 27' lang='lat' dir='ltr'><strong>ptiqn‘ibus.</strong></span> 
     </span>
    </p>
   </div>
   <div class='ocr_carea' id='block_1_111' title="bbox 504 5456 2055 5528">
    <p class='ocr_par' dir='ltr' id='par_1_111' title="bbox 504 5456 2055 5528">
     <span class='ocr_line' id='line_1_111' title="bbox 504 5456 2055 5528; baseline -0.003 -14"><span class='ocrx_word' id='word_1_807' title='bbox 504 5456 870 5516; x_wconf 77' lang='lat' dir='ltr'><strong>liabeautnon</strong></span> <span class='ocrx_word' id='word_1_808' title='bbox 902 5456 1146 5517; x_wconf 80' lang='lat' dir='ltr'><strong>revocari</strong></span> <span class='ocrx_word' id='word_1_809' title='bbox 1179 5463 1232 5514; x_wconf 91' lang='lat' dir='ltr'><strong>in</strong></span> <span class='ocrx_word' id='word_1_810' title='bbox 1272 5461 1502 5528; x_wconf 82' lang='lat' dir='ltr'><strong>patriam</strong></span> <span class='ocrx_word' id='word_1_811' title='bbox 1555 5456 1918 5527; x_wconf 84' lang='lat' dir='ltr'><strong>potestatem:</strong></span> <span class='ocrx_word' id='word_1_812' title='bbox 1959 5456 2055 5511; x_wconf 87' lang='lat' dir='ltr'><strong>sed</strong></span> 
     </span>
    </p>
   </div>
   <div class='ocr_carea' id='block_1_112' title="bbox 504 5531 1719 5600">
    <p class='ocr_par' dir='ltr' id='par_1_112' title="bbox 504 5531 1719 5600">
     <span class='ocr_line' id='line_1_112' title="bbox 504 5531 1719 5600; baseline 0.001 -19"><span class='ocrx_word' id='word_1_813' title='bbox 504 5538 684 5585; x_wconf 85' lang='lat' dir='ltr'><strong>tamen</strong></span> <span class='ocrx_word' id='word_1_814' title='bbox 715 5532 904 5600; x_wconf 82' lang='lat' dir='ltr'><strong>testari</strong></span> <span class='ocrx_word' id='word_1_815' title='bbox 934 5533 1001 5586; x_wconf 89' lang='lat' dir='ltr'><strong>de</strong></span> <span class='ocrx_word' id='word_1_816' title='bbox 1029 5531 1353 5600; x_wconf 78' lang='lat' dir='ltr'><strong>profcctitiis</strong></span> <span class='ocrx_word' id='word_1_817' title='bbox 1393 5544 1501 5583; x_wconf 87' lang='lat' dir='ltr'><strong>non</strong></span> <span class='ocrx_word' id='word_1_818' title='bbox 1536 5544 1719 5597; x_wconf 88' lang='lat' dir='ltr'><strong>posse.</strong></span> 
     </span>
    </p>
   </div>
   <div class='ocr_carea' id='block_1_113' title="bbox 575 5599 1335 5669">
    <p class='ocr_par' dir='ltr' id='par_1_113' title="bbox 575 5599 1335 5669">
     <span class='ocr_line' id='line_1_113' title="bbox 575 5599 1335 5669; baseline -0.001 -19"><span class='ocrx_word' id='word_1_819' title='bbox 575 5599 687 5669; x_wconf 79' lang='grc'>(75)</span> <span class='ocrx_word' id='word_1_820' title='bbox 712 5599 888 5655; x_wconf 82' lang='lat' dir='ltr'><strong>Locus</strong></span> <span class='ocrx_word' id='word_1_821' title='bbox 915 5610 997 5656; x_wconf 92' lang='lat' dir='ltr'><strong>est</strong></span> <span class='ocrx_word' id='word_1_822' title='bbox 1025 5599 1335 5668; x_wconf 76' lang='lat' dir='ltr'><strong>corruptus.</strong></span> 
     </span>
    </p>
   </div>
   <div class='ocr_carea' id='block_1_114' title="bbox 578 5666 2044 5739">
    <p class='ocr_par' dir='ltr' id='par_1_114' title="bbox 578 5666 2044 5739">
     <span class='ocr_line' id='line_1_114' title="bbox 578 5666 2044 5739; baseline -0.001 -20"><span class='ocrx_word' id='word_1_823' title='bbox 578 5666 692 5739; x_wconf 73' lang='grc'>(74)</span> <span class='ocrx_word' id='word_1_824' title='bbox 721 5669 781 5721; x_wconf 85' lang='lat' dir='ltr'><strong>L.</strong></span> <span class='ocrx_word' id='word_1_825' title='bbox 816 5672 871 5737; x_wconf 69' lang='lat'><strong>2,</strong></span> <span class='ocrx_word' id='word_1_826' title='bbox 918 5672 981 5725; x_wconf 75' lang='grc' dir='ltr'><strong>Ο.</strong></span> <span class='ocrx_word' id='word_1_827' title='bbox 1016 5671 1090 5724; x_wconf 89' lang='lat' dir='ltr'><strong>De</strong></span> <span class='ocrx_word' id='word_1_828' title='bbox 1121 5666 1667 5737; x_wconf 81' lang='lat' dir='ltr'><strong>euiancipationibus&#39;</strong></span> <span class='ocrx_word' id='word_1_829' title='bbox 1693 5666 1987 5720; x_wconf 88' lang='lat' dir='ltr'><strong>liberorum</strong></span> <span class='ocrx_word' id='word_1_830' title='bbox 2011 5666 2044 5719; x_wconf 90' lang='grc' dir='ltr'><strong>Ι.</strong></span> 
     </span>
    </p>
   </div>
   <div class='ocr_carea' id='block_1_115' title="bbox 2228 5456 3735 5527">
    <p class='ocr_par' dir='ltr' id='par_1_115' title="bbox 2228 5456 3735 5527">
     <span class='ocr_line' id='line_1_115' title="bbox 2228 5456 3735 5527; baseline 0.003 -20"><span class='ocrx_word' id='word_1_831' title='bbox 2228 5456 2339 5525; x_wconf 77' lang='grc'>(76)</span> <span class='ocrx_word' id='word_1_832' title='bbox 2381 5456 2753 5525; x_wconf 85' lang='lat' dir='ltr'><strong>Emancipatio</strong></span> <span class='ocrx_word' id='word_1_833' title='bbox 2782 5472 2886 5509; x_wconf 91' lang='lat' dir='ltr'><strong>non</strong></span> <span class='ocrx_word' id='word_1_834' title='bbox 2919 5457 3152 5526; x_wconf 81' lang='lat' dir='ltr'><strong>requirit</strong></span> <span class='ocrx_word' id='word_1_835' title='bbox 3201 5456 3559 5527; x_wconf 84' lang='lat' dir='ltr'><strong>scripturam.</strong></span> <span class='ocrx_word' id='word_1_836' title='bbox 3619 5456 3735 5511; x_wconf 91' lang='lat' dir='ltr'><strong>lmo</strong></span> 
     </span>
    </p>
   </div>
   <div class='ocr_carea' id='block_1_116' title="bbox 2162 5527 3703 5597">
    <p class='ocr_par' dir='ltr' id='par_1_116' title="bbox 2162 5527 3703 5597">
     <span class='ocr_line' id='line_1_116' title="bbox 2162 5527 3703 5597; baseline 0.004 -20"><span class='ocrx_word' id='word_1_837' title='bbox 2162 5527 2414 5597; x_wconf 68' lang='lat' dir='ltr'><strong>requirit,</strong></span> <span class='ocrx_word' id='word_1_838' title='bbox 2454 5527 2490 5597; x_wconf 89' lang='lat' dir='ltr'><strong>l.</strong></span> <span class='ocrx_word' id='word_1_839' title='bbox 2522 5527 2577 5589; x_wconf 68' lang='grc'>2,</span> <span class='ocrx_word' id='word_1_840' title='bbox 2608 5528 2674 5581; x_wconf 87' lang='lat' dir='ltr'><strong>C.</strong></span> <span class='ocrx_word' id='word_1_841' title='bbox 2709 5528 2779 5580; x_wconf 85' lang='lat' dir='ltr'><strong>De</strong></span> <span class='ocrx_word' id='word_1_842' title='bbox 2810 5528 3349 5597; x_wconf 85' lang='lat' dir='ltr'><strong>emancipationibus</strong></span> <span class='ocrx_word' id='word_1_843' title='bbox 3374 5528 3703 5583; x_wconf 90' lang='lat' dir='ltr'><strong>liberorum.</strong></span> 
     </span>
    </p>
   </div>
   <div class='ocr_carea' id='block_1_117' title="bbox 2233 5594 3733 5665">
    <p class='ocr_par' dir='ltr' id='par_1_117' title="bbox 2233 5594 3733 5665">
     <span class='ocr_line' id='line_1_117' title="bbox 2233 5594 3733 5665; baseline 0.003 -20"><span class='ocrx_word' id='word_1_844' title='bbox 2233 5595 2347 5664; x_wconf 79' lang='grc'>(77)</span> <span class='ocrx_word' id='word_1_845' title='bbox 2373 5594 2545 5665; x_wconf 77' lang='lat' dir='ltr'><strong>Hujus</strong></span> <span class='ocrx_word' id='word_1_846' title='bbox 2575 5598 2993 5652; x_wconf 86' lang='lat' dir='ltr'><strong>constitutionis</strong></span> <span class='ocrx_word' id='word_1_847' title='bbox 3029 5594 3281 5652; x_wconf 79' lang='lat' dir='ltr'><strong>meminit</strong></span> <span class='ocrx_word' id='word_1_848' title='bbox 3316 5598 3505 5652; x_wconf 80' lang='lat' dir='ltr'><strong>llarm.</strong></span> <span class='ocrx_word' id='word_1_849' title='bbox 3563 5597 3617 5661; x_wconf 80' lang='grc'>1,</span> <span class='ocrx_word' id='word_1_850' title='bbox 3646 5602 3733 5649; x_wconf 85' lang='lat' dir='ltr'><strong>tit.</strong></span> 
     </span>
    </p>
   </div>
   <div class='ocr_carea' id='block_1_118' title="bbox 2166 5662 2252 5717">
    <p class='ocr_par' dir='ltr' id='par_1_118' title="bbox 2166 5662 2252 5717">
     <span class='ocr_line' id='line_1_118' title="bbox 2166 5662 2252 5717; baseline 0.012 -2"><span class='ocrx_word' id='word_1_851' title='bbox 2166 5662 2252 5717; x_wconf 78' lang='lat' dir='ltr'><strong>l7.</strong></span> 
     </span>
    </p>
   </div>
  </div>
