4062 6202
291 315 383 381 431
1342 318 1703 378 NOVELLIE
1740 317 1895 379 CON!

1924 317 2406 379 fl‘lTUTlONES.
3425 325 3528 387 482

294 432 422 500 πρὸς
467 431 748 502 διαγωγὴν
800 428 1353 500 ἰδιογνωμονοῦσανη
1395 429 1589 498 ὀφθείη
1641 430 1797 499 μόνον
1834 431 1898 490 ὁ⁴

1927 471 1934 490 ,
1966 444 2090 485 vere
2121 430 2265 485 lilius
2298 430 2544 484 videatur
2579 429 2716 499 (sive
2762 429 2816 485 id
2855 433 2978 501 ejus
3014 434 3196 499 verbis
3232 436 3395 506 cujus
3429 442 3531 499 sub

294 525 415 585 παῖς
448 524 726 586 καταστάς
758 523 847 592 (ἀν
871 539 929 575 τε
962 522 1182 593 γλώσσῃ
1214 521 1374 574 τοῦτο
1413 521 1760 589 ὡμολόγηται
1796 513 1857 572 οὗ

1965 528 2236 588 potestate
2266 519 2434 589 degit,
2456 533 2784 575 concessum
2819 522 3006 587 fuerit,
3039 524 3157 579 sive
3190 526 3375 582 verbis
3406 528 3529 598 qui-

290 614 378 665 ὑπ’
409 612 659 675 ἐξουσίαν
677 612 872 677 ἐτέλει,
900 613 965 666 ἀν
990 629 1047 665 τε
1072 614 1116 644 ⁵⁷
1150 612 1369 679 γλῶσσα
1399 613 1497 681 μὲν
1523 612 1583 663 οὐ
1621 611 1860 680 παρέσχε

1962 611 2085 667 dem
2136 624 2461 665 concessum
2514 625 2624 665 non
2686 614 2781 676 sit,
2813 615 2907 668 sed
2964 629 3277 672 consensus
3330 621 3532 675 tacitus

289 701 462 765 τοῦτο,
493 701 671 764 ἄλλως
697 702 753 754 δὲ
778 703 824 735 ⁸⁸
853 702 1044 771 γνώμη
1080 700 1340 753 σιωπῶσα
1370 700 1463 753 καὶ
1491 700 1635 764 ίδίως
1663 701 1859 771 ῥυθμι-

1964 705 2075 771 (78)
2112 704 2224 757 lilio
2255 706 2379 758 vita;
2427 708 2670 759 rationes
2702 709 2999 775 separatim
3060 710 3370 765 instituenti
3417 728 3529 767 non

287 792 497 862 ζαμένφ
524 792 603 861 τῷ
626 794 783 846 παιδὶ
812 794 911 847 οὐκ
928 792 1337 860 ὲναντιουμένη,
1364 792 1499 845 ἀλλά
1530 793 1860 862 παραχωρή-

1963 798 2289 851 adversatus
2346 796 2441 859 sit,
2492 812 2680 852 verum
2713 798 2892 868 ipsum
2925 814 3026 854 suo
3072 803 3234 855 modo
3283 817 3529 858 seorsum

288 902 420 937 σασα
451 884 573 937 καθ’
616 886 811 938 ἑαυτὸν
841 884 1122 953 διάγειν),
1152 884 1257 939 κᾶν
1352 884 1596 954 γαμικῆς
1641 885 1858 954 ὁμιλίας

1948 886 2146 940 ‘vivere
2173 885 2505 956 permiserit)
2524 888 2743 943 tametsi
2777 889 2888 959 (79)
2920 906 2950 943 a
2979 891 3216 962 coniugii
3260 908 3531 949 commer-

285 978 404 1041 ἔξω,
458 972 599 1028 εἶναι
634 976 786 1047 αὐτῷ
832 976 1221 1046 κεκυρωμένον
1272 974 1333 1026 τὸ
1379 974 1747 1040 αὐτεξούσιον.
1798 976 1859 1026 Εἰ

1960 978 2051 1033 cio
2092 978 2229 1031 liber
2270 979 2360 1042 sit,
2392 979 2490 1047 jus
2538 988 2719 1034 tamen
2759 981 2917 1035 liberi
2962 983 3190 1037 arbitrii
3225 992 3405 1037 ratum
3449 984 3529 1038 illi

287 1071 388 1135 γάρ
411 1067 593 1119 δοῦλοι
620 1067 769 1131 ἅπαξ
796 1066 1078 1134 ἀφειμένοι
1102 1063 1270 1131 ζυγοῦ
1304 1063 1378 1135 μὴ
1414 1064 1643 1133 πονηροὶ
1668 1064 1861 1132 ὀφθέν-

1956 1079 2015 1124 et
2046 1070 2431 1124 confirmatum
2480 1071 2569 1125 sit.
2599 1070 2811 1127 Etenim
2865 1075 2907 1128 si
2967 1074 3111 1128 servi
3173 1077 3340 1131 semel
3396 1078 3530 1145 jugo

284 1175 369 1219 τες
403 1158 531 1227 οὐχὶ
561 1158 723 1212 πάλιν
759 1157 938 1210 ἕλκειν
961 1155 1125 1209 αὐτὸν
1162 1155 1583 1222 ἀναγκάζονται,
1618 1154 1734 1214 πῶς
1759 1156 1859 1208 οὐκ

1958 1160 2172 1224 emissi,
2199 1160 2330 1238 dum
2377 1161 2502 1213 mali
2536 1176 2644 1215 non
2678 1171 2967 1231 apparent,
3002 1164 3198 1218 iterum
3250 1164 3383 1218 illud
3417 1173 3530 1217 tra-

282 1251 506 1311 ἄτοπον,
528 1248 969 1318 ἀπολελυμένους
988 1249 1119 1309 τοὺς
1148 1246 1344 1309 παῖδας
1378 1247 1540 1300 πάλιν
1568 1246 1720 1315 ἄγειν
1756 1248 1860 1300 ὑπὸ

1958 1254 2089 1306 here
2137 1267 2243 1307 non
2288 1261 2579 1321 coguntur,
2636 1255 2911 1322 quomodo
2960 1256 3239 1324 indignum
3288 1271 3395 1310 non
3423 1266 3527 1318 est,

281 1342 469 1408 ζυγὸν,
502 1340 600 1394 καὶ
630 1340 704 1411 μὴ
737 1340 977 1407 μετεῖναι
1005 1338 1190 1398 αὐτοῖς
1216 1336 1386 1390 ἀϊδίου
1419 1332 1857 1409 ὶλευθερίας,ἦς,

1960 1343 2101 1399 iilios
2130 1342 2304 1412 patria
2332 1351 2603 1411 potestate
2660 1344 2918 1397 liberatos
2974 1345 3153 1398 denuo
3187 1346 3293 1400 sub
3334 1347 3527 1415 jugnm

280 1432 473 1502 ὥσπερ
498 1430 662 1501 ἔφην,
707 1428 804 1481 καὶ
833 1427 1005 1481 δοῦλοι
1036 1426 1432 1491 ἀπολαύουσινς

1962 1435 2201 1495 mittere,
2230 1434 2489 1502 ipsosque
2515 1443 2776 1503 perpetua
2817 1435 3091 1498 libertate.
3139 1452 3269 1506 qua,
3298 1453 3529 1507 quomo-

1959 1523 2033 1577 do
2080 1523 2216 1588 dixi,
2248 1524 2391 1578 servi
2411 1524 2575 1578 etiam
2611 1524 2890 1587 fruuntur,
2931 1534 3185 1595 expertes
3215 1528 3381 1581 esse?

792 1628 1104 1683 ΔιΑΤΑΞιΣ
1138 1629 1353 1697 κεῖν’.
2390 1643 2396 1677 ε

2390 1632 2856 1690 CONSTITUTIO
2898 1633 3089 1688 XXVI.

277 1749 415 1818 Περὶ
466 1749 576 1804 τοῦ
618 1745 1011 1801 υίοποιεῒσθαι
1046 1744 1379 1814 εὐνούχους
1410 1742 1511 1797 καὶ
1546 1743 1853 1813 γυναῖκας.

1927 1790 1931 1831 ί
1965 1742 2034 1797 Ut
2082 1743 2194 1814 (80)
2231 1746 2455 1799 eunuchi
2481 1755 2530 1799 et
2590 1747 2835 1800 "mlieres
2876 1748 3126 1814 adoptare
3164 1748 3367 1817 possint
3398 1748 3531 1818 (8i).

354 1844 417 1894 ’0
472 1841 636 1903 αὐτὸς
692 1837 943 1908 βασιλεὺς
977 1835 1249 1907 Στυλιανῷ
1298 1834 1376 1906 τῷ
1428 1835 1856 1907 ὑπερφυεστάτῳ
1892 1834 1921 1836 “

2033 1834 2179 1890 idem
2211 1836 2507 1905 imperator
2539 1835 2786 1908 Styliano
2829 1840 3292 1895 excellentissimo
3344 1855 3532 1896 sacru-

276 1932 573 2004 μαγίστρῳ
601 1929 710 1985 τῶν
741 1928 900 1985 θείων
932 1928 1224 1996 ὀφφικίων.

1133 1945 1224 1980 ων.
1966 1946 2085 1984 rum
2117 1930 2423 1985 olIiciorum
2461 1936 2737 2003 magistro.

340 2023 510 2089 Μέγα
545 2022 641 2075 καὶ
687 2020 871 2089 τίμιον
905 2017 1213 2088 ἀνθρώποις
1244 2017 1395 2089 παρά
1428 2016 1521 2070 τοῦ
1554 2016 1855 2081 πλάσαντος

2037 2020 2287 2091 Magnum
2323 2036 2456 2076 sane
2513 2023 2898 2093 excellensque
2949 2022 3153 2079 donum
3198 2023 3310 2095 (82)
3356 2040 3385 2078 a
3428 2024 3535 2078 Deo

263 2114 408 2167 θεοῦ
435 2113 613 2183 δῶρον
641 2113 669 2166 ὁ
697 2111 874 2183 γάμος
898 2126 911 2139 ·
944 2110 1006 2162 οὐ
1036 2108 1145 2179 γὰρ
1177 2107 1339 2179 μόνον
1358 2106 1726 2180 δαπανωμένῃ
1755 2105 1854 2160 θα-

1965 2120 2214 2168 creatorc
2262 2112 2326 2166 ad
2400 2112 2661 2167 mortales
2709 2115 3057 2181 promanavit
3094 2114 3525 2170 matrimonium.

266 2209 423 2276 νάτῳ
475 2203 666 2274 βοηθεῖ
701 2205 767 2273 τῇ
800 2200 979 2272 φύσει,
1030 2201 1125 2253 καὶ
1158 2200 1255 2269 τὴν
1288 2198 1547 2269 διαμονὴν
1568 2200 1582 2229 ⁸
1607 2198 1685 2269 τῷ
1711 2200 1857 2267 γένει

1962 2201 2080 2257 Non
2143 2202 2306 2257 modo
2370 2203 2515 2259 enim
2588 2212 2799 2259 natura:
2845 2205 3039 2260 mortis
3115 2206 3367 2277 ingluvici
3433 2208 3536 2263 ob-

264 2300 594 2371 χαρίζεται,
626 2297 727 2350 ούκ
756 2296 860 2348 ἐῶν
899 2295 990 2348 ὑπ’
1010 2293 1218 2348 ἐκείνου
1252 2294 1688 2364 κατανεμόμενον
1720 2310 1858 2346 παν-

1966 2294 2143 2349 noxiae
2174 2309 2332 2366 opem
2390 2294 2515 2353 fert.
2550 2294 2900 2364 humanoque
2935 2297 3121 2366 generi
3194 2297 3536 2369 perpetuita-

260 2392 452 2454 τελῶς
502 2389 853 2460 διαρρυῆναι,
893 2386 1029 2439 ἀλλά
1066 2386 1160 2439 καὶ
1206 2384 1379 2448 ἄλλως
1425 2385 1515 2437 διὰ
1538 2387 1636 2455 τῆς
1682 2383 1861 2438 παιδο-

1966 2402 2073 2449 tem
2113 2394 2402 2463 elargitur,
2444 2392 2497 2447 id
2523 2392 2652 2447 dum
2684 2392 2756 2447 ab
2782 2392 2874 2445 illa
2907 2391 3241 2464 depascitur,
3283 2407 3389 2448 non
3419 2407 3538 2446 om-

258 2483 468 2544 ποιίας
517 2480 733 2551 μεγάλα
772 2480 851 2548 τῷ
876 2478 1202 2547 ἀνθρωπίνῳ
1231 2476 1592 2547 χαριζόμενος
1626 2477 1745 2547 βίῳ.
1795 2475 1860 2529 Τί

1967 2481 2096 2534 nino
2124 2479 2372 2549 deperire
2404 2480 2637 2534 'sinens:
2668 2494 2851 2533 verum
2887 2479 3053 2533 etiam
3102 2494 3197 2548 per
3240 2479 3534 2534 liberorum

250 2577 378 2643 γὰρ
407 2572 676 2643 ήδύτερον
727 2571 807 2632 εἰς
854 2567 1123 2640 θυμηδίαν
1150 2567 1456 2638 ἀνθρώπων
1494 2569 1592 2637 τῆς
1620 2569 1685 2621 ὲκ
1730 2567 1854 2619 παι.

1969 2567 2403 2635 procreationem
2460 2581 2757 2637 permagna
2813 2566 3017 2636 alioqui
3073 2567 3362 2621 hominum
3409 2568 3538 2621 vitze

249 2668 370 2719 δων
408 2662 797 2735 εύτρροσύνηςς
843 2660 897 2713 τί
940 2660 985 2712 δ’
1020 2658 1445 2732 ὠφελιμώτερον
1480 2660 1539 2711 ὲν
1570 2662 1684 2723 τοῖς
1719 2660 1853 2712 κατὰ

1968 2664 2215 2727 ρταξειοι.
2269 2656 2404 2710 Nam
2452 2657 2585 2728 quid
2616 2672 2679 2711 ea
2731 2672 2850 2726 qua:
2896 2673 2963 2711 ex
2998 2657 3186 2712 liberis
3234 2658 3538 2727 percipitur

246 2762 354 2812 τὸν
387 2759 513 2829 βίον
568 2757 857 2827 πράγμασι
886 2755 1000 2817 τοῖς
1029 2771 1088 2806 τε
1118 2752 1298 2815 ἄλλοις
1328 2754 1423 2806 καὶ
1450 2750 1485 2805 ἃ.
1518 2752 1652 2822 πρὸς
1682 2751 1850 2822 γῆρας

1968 2750 2246 2818 voluptate
2260 2748 2324 2802 ad
2347 2748 2702 2802 oblectandos
2720 2748 3004 2802 hominum
3040 2748 3252 2802 animos
3283 2748 3536 2801 suavius?

248 2853 405 2921 ἡμῖν
436 2849 714 2919 συναντᾷς
745 2849 810 2918 τῇ
842 2846 951 2918 γάρ
979 2845 1089 2899 τῶν
1118 2844 1324 2897 παίδων
1349 2842 1636 2914 ἐπικουρία
1662 2842 1852 2910 κουφό‹

1969 2853 2061 2894 aut
2102 2854 2232 2895 vero
2265 2839 2396 2910 quid
2418 2840 2473 2894 in
2506 2842 2759 2894 humana:
2785 2841 2909 2894 vita:
2956 2840 3214 2909 negotiis,
3244 2852 3369 2894 cum
3395 2837 3535 2904 aliis,

253 2958 441 3011 τερον
467 2940 532 2992 τὸ
563 2936 794 3008 βαρῦνον
815 2934 907 2988 τοῦ
937 2935 1124 3004 γήρως
1153 2933 1369 3003 ὁρᾶται.
1414 2931 1573 2985 Ἀλλά
1596 2931 1704 3002 γὰρ
1734 2930 1857 2983 ταύ-

1973 2943 2084 2986 tum
2126 2947 2248 3003 qua:
2282 2934 2335 2985 in
2391 2939 2673 2987 senectute
2720 2932 2879 2986 nobis
2910 2945 2969 2987 se
3013 2930 3269 2996 oli‘erunt,
3309 2929 3539 2983 utilius?

246 3048 367 3101 της
392 3030 503 3098 τῆς
535 3026 803 3096 ὠφελείας
827 3026 951 3078 ἐπεὶ
978 3024 1053 3095 μὴ
1078 3025 1245 3078 πᾶσιν
1271 3023 1386 3076 ἐστι
1418 3022 1742 3093 μεταλαχεῐν
1771 3024 1850 3075 διὶ

1971 3021 2167 3078 Levari
2195 3032 2347 3077 certe
2374 3024 2678 3079 senectutis
2726 3022 3007 3089 molestias
3042 3021 3339 3075 liberorum
3375 3021 3538 3074 ruini-

243 3122 367 3192 τῆς
408 3119 510 3173 τοῦ
553 3119 732 3189 γάμου
775 3115 1015 3186 ὁμιλίας,
1046 3113 1315 3184 ἐϐουλήθη
1350 3113 1534 3184 νόμος,
1561 3110 1655 3165 καὶ
1684 3112 1847 3173 καλῶς

1931 3115 2138 3176 Lsterio
2183 3111 2458 3167 videmus.
2508 3112 2707 3166 Verum
2750 3110 3013 3180 quoniam
3077 3125 3197 3163 eam
3248 3109 3535 3162 utilitatem

247 3211 581 3281 ἐϐουλήθη,
636 3208 814 3280 οἰκείᾳ
861 3206 1245 3278 φιλανθρωπίᾳ
1290 3207 1417 3271 τοὺς
1462 3205 1539 3276 μὴ
1574 3204 1724 3276 παρὰ
1768 3204 1851 3273 τῆς

1970 3220 2065 3275 per
2093 3203 2432 3257 matrimonii
2469 3202 2864 3258 commercium
2911 3200 3174 3270 consequi
3203 3214 3312 3255 non
3345 3214 3538 3256 omnes

255 3305 507 3372 φύσεως
554 3301 818 3361 λαϐόντας
866 3297 927 3351 τὸ
959 3298 1130 3369 δῶρον
1174 3296 1557 3367 εὐεργετῆσαι.
1594 3294 1739 3365 Πλὴν
1767 3296 1859 3347 οὐκ

1971 3294 2203 3357 \aieant,
2232 3292 2405 3346 voluit
2430 3292 2538 3355 lex,
2571 3300 2626 3346 et
2655 3300 2802 3345 recte
2830 3290 3071 3360 quidem,
3127 3290 3181 3343 in
3222 3305 3314 3344 eus
3340 3289 3434 3358 qui
3485 3291 3537 3343 iil

256 3398 354 3459 εἰς
411 3395 627 3457 πάντας
665 3389 897 3459 ἐφύλαξε
950 3390 1049 3460 τὴν
1088 3387 1407 3460 προαίρεσιν
1455 3384 1721 3455 ἀνελλιπῆ
1770 3385 1860 3453 τὴν

1969 3384 2174 3439 donum
2213 3400 2243 3439 a
2274 3395 2468 3438 natura
2503 3399 2611 3437 non
2653 3384 3012 3453 accepissent,
3065 3396 3164 3436 sua
3201 3381 3537 3451 benignitate

261 3483 615 3555 εὐεργεσίαν
664 3478 1050 3548 πεποιημένος.
1106 3477 1233 3539 Τοῖς
1293 3477 1391 3547 μὲν
1451 3474 1558 3546 γὰρ
1596 3475 1865 3544 παρέσχεν

1972 3476 2294 3532 beneﬁcium
2327 3476 2601 3530 conferre.
2635 3474 2703 3528 At
2738 3476 2787 3529 id
2820 3475 3159 3544 propositum
3191 3488 3298 3528 non
3349 3474 3421 3526 ita
3445 3488 3536 3526 er-

260 3574 540 3642 ὲξουσίαν
574 3573 668 3625 καὶ
696 3570 819 3641 δίχα
859 3568 1041 3639 γάμου
1082 3565 1354 3622 ποιεῖσθαι
1386 3566 1605 3630 παῖδας,
1638 3568 1765 3627 τοὺς
1812 3563 1864 3616 δὲ

1972 3581 2040 3637 ga
2071 3582 2263 3621 omnes
2287 3566 2544 3629 servavit,
2574 3572 2634 3618 ut
2679 3565 2825 3617 omni
2860 3562 3076 3618 defectu
3114 3577 3345 3616 vacuum
3375 3561 3538 3616 bene-

262 3662 631 3735 ἀμετὸχους²
666 3660 764 3728 τῆς
796 3658 1019 3729 χάριτος
1066 3656 1238 3723 εἴασε,
1295 3655 1539 3723 καίτοιγε
1588 3655 1679 3707 τὸν
1722 3653 1866 3717 ἅπαξ

1970 3658 2153 3711 licium
2186 3657 2361 3711 daret.
2396 3656 2536 3710 Aliis
2575 3657 2720 3710 enim
2770 3666 2921 3709 extra
2975 3654 3384 3712 matrimonium
3423 3654 3537 3723 (85)

270 3752 359 3813 εἰς
390 3750 559 3801 τοῦτο
590 3748 937 3799 καταστάντα
979 3745 1142 3814 νόμον
1181 3742 1266 3811 ἐφ’
1301 3736 1346 3810 ᾧ
1382 3741 1541 3797 λῦσαι
1570 3742 1668 3814 τὴν
1704 3745 1870 3795 άπαι-

1969 3747 2290 3818 acquirendi
2347 3746 2551 3803 liberos
2607 3754 2931 3819 potestatem
2967 3746 3117 3811 fecit,
3182 3746 3324 3802 alios
3376 3744 3540 3813 hujus

271 3840 402 3891 δίαν
422 3842 539 3901 τοῖς
568 3836 977 3908 στερουμένοις,
1006 3833 1072 3887 δι’
1099 3834 1292 3886 ἑαυτοῦ
1320 3834 1605 3886 δεικνύντα
1627 3833 1870 3900 πατέρας

1968 3838 2344 3895 beneficentiae
2359 3846 2615 3894 exsortes
2634 3838 2877 3908 reliquit.
2901 3837 3225 3908 Quanquam
3241 3837 3361 3906 eius
3380 3836 3537 3906 legis,

276 3925 364 3991 οἷς
399 3932 466 3983 ἐκ
494 3929 591 3982 τοῦ
640 3929 818 3997 γάμου
864 3925 1025 3978 τοῦτο
1058 3919 1200 3978 εἶναι
1233 3925 1292 3977 οὗ
1323 3925 1566 3992 γέγονεν,
1614 3922 1693 3985 είς
1726 3923 1868 3975 πάν-

1969 3946 2091 4004 (ιιιαι
2124 3931 2180 3985 in
2215 3930 2319 3985 hoc
2344 3931 2513 3986 semel
2532 3931 2674 3986 edita
2706 3939 2850 3988 esset
2887 3940 2945 3986 ut
2974 3930 3272 3985 liberorum
3307 3927 3542 3983 orbitate

280 4037 386 4082 τας
442 4019 617 4091 ἐχρῆν
665 4016 978 4072 διαϐιϐάσαι
1028 4015 1126 4086 τὴν
1178 4014 1509 4085 φιλοτιμίαν.
1576 4012 1717 4065 Ἀλλ’
1772 4013 1870 4083 οὐχ

1968 4024 2062 4095 qui
2088 4023 2273 4078 nullos
2303 4023 2587 4089 haberent,
2620 4024 2886 4079 liberaret
2935 4038 3001 4079 ac
3050 4010 3148 4079 sua
3179 4036 3283 4091 ope
3330 4030 3540 4090 patres,

281 4110 432 4164 οὕτω
473 4111 747 4180 βούλεται,
782 4108 1176 4177 ἀποπέμπεται
1201 4108 1258 4160 δὲ
1285 4107 1528 4170 τούτους,
1568 4106 1617 4158 οἳ
1652 4106 1718 4158 τὰ
1747 4121 1869 4157 και-

1970 4116 2174 4185 quibus
2195 4131 2261 4169 ex
2295 4114 2647 4168 matrimonio
2679 4116 2730 4168 id
2760 4130 2883 4170 esse
2919 4129 3026 4169 non
3077 4112 3426 4182 contigisset,
3460 4110 3542 4166 ef-

288 4204 533 4273 ριώτατα
571 4202 909 4271 ὲζημὶωνται
943 4201 1038 4253 καὶ
1082 4198 1176 4262 οὓς
1207 4194 1275 4269 ἦν
1323 4198 1468 4261 είκὺς
1512 4196 1871 4267 ἠδικημένους

1970 4208 2176 4269 liceret,
2198 4206 2473 4275 pertinere
2498 4205 2564 4258 ad
2589 4220 2779 4261 omnes
2800 4205 3214 4261 beneﬁcentiam
3251 4206 3544 4258 convenie-

287 4297 385 4348 καὶ
438 4295 537 4364 τῆς
584 4291 908 4346 παιδοποιοῢ
935 4291 1327 4365 ἀφῃρημένους
1362 4290 1644 4360 δυνάμεως
1676 4287 1871 4341 οἰκτεί-

1978 4295 2096 4350 bat.
2144 4293 2342 4349 Verum
2379 4294 2470 4347 illa
2502 4293 2555 4347 id
2589 4296 2665 4346 ita
2699 4308 2808 4347 non
2846 4294 2995 4358 vult,
3049 4292 3144 4346 sed
3191 4291 3369 4359 rejicit
3418 4290 3542 4342 illos

292 4401 425 4451 μιν.
468 4384 580 4438 Καὶ
625 4386 662 4453 ἡ
695 4382 843 4436 αἰτία
876 4382 974 4451 τῆς
996 4379 1390 4449 ἀποπέμψεως,
1428 4379 1531 4440 ὅτι,
1558 4377 1741 4447 φησὶν,
1774 4375 1869 4439 οὓς

1972 4386 2068 4455 qui
2102 4385 2325 4440 lethalia
2364 4384 2514 4454 passi
2566 4393 2730 4438 sunt:
2767 4396 3000 4452 quorum
3031 4389 3211 4434 tamen
3262 4379 3408 4450 quod
3459 4378 3542 4432 in-

290 4476 322 4542 ἡ
358 4474 517 4541 φύσις
549 4474 653 4528 οὐκ
691 4467 802 4527 οἵδε
834 4472 999 4542 γονῆς
1045 4469 1436 4542 κληρονόμους,
1466 4468 1678 4530 τούτοις
1703 4465 1814 4520 οὐδ’
1841 4470 1870 4519 ὁ

1937 4467 2119 4544 'juria
2151 4473 2333 4527 affecti
2364 4511 2380 4537 ,
2411 4472 2825 4543 generandique
2876 4468 3135 4524 lacullate
3170 4466 3372 4536 privati
3407 4466 3541 4528 sint,

292 4564 452 4635 νέμος
501 4566 761 4636 τοιαύτης
826 4562 1128 4634 μεταδώσει
1179 4559 1565 4630 κληρονομίας.
1622 4557 1763 4620 Τοὺς
1811 4557 1871 4610 δὲ

1979 4564 2233 4619 misereri
2263 4578 2362 4633 par
2396 4572 2534 4618 erat.
2593 4562 2844 4633 Repulsa:
2887 4568 3070 4615 autem
3118 4574 3345 4613 causam
3403 4557 3542 4611 hanc

1562 4695 1796 4752 VARUE
1837 4694 2133 4756 LEC'I'ION
2141 4701 2241 4756 ES.

398 4850 445 4879 "
485 4846 602 4901 Ecl.
637 4840 1165 4915 opovayovoﬁaav.
1209 4840 1254 4871 ’⁷
1292 4838 1364 4891 Ita
1395 4836 1590 4915 Zttich.
1654 4847 1708 4892 et
1748 4837 1861 4915 Ecl.
1897 4837 2002 4915 _Scr

1938 4840 2139 4915 lcrimg.
2193 4839 2437 4915 eivs._"
2460 4839 2537 4915 ita
2563 4838 2702 4903 Ecl.,
2723 4837 2928 4915 reliqui
2956 4837 3084 4915 γάρ.
3136 4834 3183 4869 ⁹⁹
3226 4834 3319 4888 Est
3342 4834 3394 4886 in
3426 4832 3542 4890 Ecl.

297 4915 427 4971 Nov.
456 4916 539 4969 17.
602 4917 618 4946 ¹
646 4906 1009 4968 εἶξούοήοοιίι
1035 4912 1321 4981 Agylteus;
1360 4909 1517 4961 codd.
1542 4906 1824 4978 διανομήν.
1896 4910 1901 4937 ⁵

1596 4908 1824 4978 ανομήν.
1896 4910 1916 4938 ³
1949 4908 2041 4963 Sic
2064 4906 2304 4965 correxit
2338 4907 2683 4981 Stephanus;
2715 4908 2887 4963 Codd.
2915 4906 3196 4976 μετόχους.

1841 5045 2067 5102 NOT/E.

366 5191 479 5263 (τε)
518 5190 719 5263 Tacito
748 5202 1029 5242 consensu
1065 5188 1209 5241 illius
1238 5185 1618 5263 emancipatus
1640 5184 1864 5263 dicitur,
1983 5190 2243 5257 arbitror,
2270 5193 2624 5263 quantumvis
2648 5193 2702 5248 id
2754 5190 2942 5246 multis
2974 5187 3112 5243 lacis
3158 5188 3318 5242 hodie
3356 5189 3427 5242 sit
3474 5204 3558 5243 rc-

298 5265 341 5317 εἰ
374 5255 535 5333 patre
566 5278 678 5333 non
709 5261 996 5327 ignorante
1015 5258 1310 5333 separatim
1331 5256 1573 5312 rationes
1604 5255 1867 5333 instituit,
1978 5270 2225 5333 ceptum,

300 5325 392 5389 aut
422 5332 663 5388 seursim
690 5325 1097 5402 vi'vit._tan_iet_si
1142 5327 1430 5396 coniugem
1466 5339 1576 5377 non
1608 5326 1791 5387 habet,
1814 5337 1870 5378 et
1985 5400 1997 5402 _
2048 5325 2163 5401 (80)
2190 5332 2497 5401 Abi-agatur
2524 5329 2551 5402 ς
2578 5330 2611 5386 9
2660 5328 2836 5387 ιηειίι,
2866 5328 2941 5384 De
2978 5326 3165 5397 adopt.
3200 5327 3235 5381 l.
3258 5326 3315 5389 2,
3349 5325 3380 5397 ᾖ
3410 5326 3461 5392 ί,
3497 5326 3552 5380 tr.

299 5406 367 5456 ita
422 5405 730 5470 abrogatur
772 5399 806 5450 I.
844 5400 898 5458 5,
950 5395 1013 5451 C.
1044 5395 1120 5452 De
1178 5395 1510 5470 emancepat.
1549 5410 1677 5470 quae
1708 5404 1869 5470 negat
1981 5395 2243 5470 Dejau’op.

298 5474 463 5527 modo
490 5463 767 5526 consensu
796 5470 958 5538 (citra
1000 5468 1402 5522 solemnitatem
1451 5463 1769 5533 verborum)
1791 5463 1868 5520 'li-
2051 5467 2164 5538 (81)
2191 5463 2336 5531 ἰνιι,
2361 5469 2565 5538 dicitur
2592 5470 2684 5533 2|,
2717 5466 2906 5524 Hartn.
2937 5468 2990 5534 8,
3023 5468 3078 5522 4.

298 5544 401 5597 lios
420 5537 817 5610 emanciparig
1016 5606 1047 5610 __
1471 5605 1504 5610 __
1824 5603 1833 5610 .

1471 5605 1504 5610 __
1824 5603 1833 5610 _
2052 5537 2168 5610 (εξ)
2198 5538 2339 5610 i‘lov.
2374 5537 2463 5601 22,
2490 5538 2627 5593 Nov.
2658 5538 2748 5594 59.

364 5611 478 5680 (79)
506 5613 591 5665 An
627 5605 679 5662 id
704 5606 922 5660 videtur
946 5606 1118 5680 velle,
1166 5605 1304 5659 lllios
1334 5605 1868 5680 nuptiiscont‘ractis

1223 5605 1304 5659 ios
1334 5605 1868 5680 nuptiiscont‘ractis
2055 5605 2169 5677 (85)
2197 5607 2301 5665 Per
2335 5611 2680 5677 adoptionem
2703 5609 2825 5666 scil.

297 5670 581 5737 voluntate
611 5684 828 5748 patrum
864 5676 1030 5729 tacite
1060 5670 1434 5744 emancipatus
1480 5672 1703 5728 videri?
1751 5670 1869 5725 Non

572 5770 842 5830 PATROL.
877 5767 994 5827 Gn.
1025 5765 1207 5828 CVII.
3036 5758 3104 5819 16
