4062 6202
556 287 664 350 483

1806 276 2077 338 LEONIS
2114 268 2577 334 PHILOSOPHI

3700 269 3810 331 £34

556 398 731 470 ponit,
759 397 904 466 quod
930 394 1108 450 dicat:
1134 392 1283 459 Quos
1317 389 1531 460 (ει-85)
1554 397 1745 444 natura
1778 387 1845 441 ad
1870 400 2134 457 generan-

2239 383 2341 451 ἄρα
2380 382 2502 451 οὑχὶ
2550 384 2581 451 ἡ
2613 380 2795 447 φύσις,
2823 379 2963 434 ἀλλά
2992 378 3296 451 ἀνθρώπων
3326 379 3508 433 ἀδικία
3538 379 3640 447 τὴν
3680 380 3811 450 κλη-

557 487 689 541 dum
719 500 828 539 nou
864 484 1093 539 idoneos
1151 482 1388 543 noverit,
1444 480 1544 533 hos
1597 493 1775 549 neque
1815 480 1983 545 legem
2034 479 2135 532 hoc

556 576 821 633 beneﬁcio
845 576 1188 630 affecturam.
1217 574 1286 627 At
1318 586 1449 627 vero
1483 586 1590 625 nou
1626 569 1743 641 (86)
1783 577 2003 635 natura,
2038 568 2133 623 sed

558 670 840 724 hominum
864 668 1065 737 injuria
1090 668 1176 722 his
1207 662 1509 736 generandi
1545 662 1652 716 vim
1687 662 1911 716 ademit.

628 757 733 823 Qui
762 758 1036 822 homines,
1103 758 1147 811 si
1183 764 1382 825 praeter
1426 754 1685 824 iujuriam
1720 768 1881 823 quam
1916 752 1983 806 ab
2034 752 2133 805 ho-

558 850 798 903 minibus
826 848 1474 909 sustinuerutit,a|terain
1509 861 1606 915 per
1659 845 1808 915 leges
1842 859 1951 898 non
2001 842 2130 897 sub-

559 939 962 1008 irent,dignum
989 940 1103 992 fore
1140 938 1485 1007 imperatoria
1511 946 1697 991 nostra
1727 936 1985 1005 majestas
2016 941 2131 986 rata

558 1030 770 1093 statuit,
804 1037 861 1081 ιιι
892 1030 935 1083 si
972 1030 1235 1097 adoptare
1267 1028 1487 1092 vellent,
1534 1029 1760 1082 liberam
1807 1028 1857 1080 id
1892 1026 2129 1080 faciendi

560 1126 885 1187 potestatem
953 1119 1216 1172 haberent
1290 1118 1424 1187 (87).
1498 1115 1766 1171 Existimo
1803 1116 1948 1193 enim
2004 1114 2117 1168 illic

563 1209 891 1263 beneﬁcium
928 1210 1106 1277 magis
1135 1223 1255 1262 esse
1288 1208 1684 1273 necessarium,
1726 1206 1815 1261 ubi
1866 1205 1987 1274 ejus
2028 1207 2131 1259 im-

562 1296 1110 1363 pensiusrequiritur
1161 1294 1389 1348 utilitas.
1448 1292 1728 1347 Eunuchis
1769 1300 1954 1346 autem
1990 1308 2128 1361 prte-

563 1388 718 1455 cipue
773 1387 1068 1439 liberorum
1100 1384 1414 1452 acquisitio,
1452 1399 1571 1452 quae
1595 1400 1689 1453 per
1721 1385 1891 1452 legem
1938 1386 2014 1447 ﬁt,
2050 1393 2133 1439 est

563 1480 895 1540 necessaria,
935 1491 1110 1544 eoque
1140 1475 1331 1545 magis,
1364 1474 1510 1543 quod
1544 1489 1649 1527 uua
1684 1476 1783 1527 hae
1809 1474 2045 1536 ratione,
2074 1483 2131 1526 ιιι

564 1579 745 1637 patres
770 1569 902 1629 sint,
938 1577 1348 1635 consequantur
1395 1568 1577 1633 itaque
1614 1565 1908 1618 liberorum
1971 1564 2130 1617 mini.

565 1659 732 1713 sterio
770 1658 905 1725 ipsis
949 1657 1055 1709 frui
1085 1656 1403 1723 contingat:
1435 1670 1543 1724 quo
1576 1655 1930 1709 inhumanum
1958 1664 2131 1720 esset,

2243 473 2495 542 ρονομίαν
2528 472 2798 540 ἀφείλετο.

2309 738 2417 800 Οὓς
2449 739 2481 807 ἡ
2508 736 2754 806 βασιλεία
2781 736 2939 806 ήμῶν
2972 737 3034 790 εὑ
3070 738 3215 807 ἔχειν
3245 740 3703 810 ὑπολαμϐάνουσα
3737 744 3814 813 μὴ

2237 830 2370 899 πρὸς
2405 830 2468 897 τῇ
2493 826 2669 897 ζημίᾳ
2688 827 2755 895 ἣν
2783 826 2842 893 ὲξ
2872 824 3173 896 ἀνθρώπων
3207 830 3518 899 ὑπέστησαν
3547 831 3815 902 δευτέραν

2236 919 2459 988 ὑπέχειν
2489 918 2509 949 ³
2542 918 2631 971 διὰ
2673 916 2768 971 τοῦ
2807 919 2972 987 νόμου
3012 918 3233 988 ζημίαν,
3276 920 3517 986 θεσπίζει
3549 924 3571 954 ⁸
3631 922 3816 991 βουλο-

2239 1012 2429 1080 μένους
2474 1010 2833 1063 υἱοποιεῖσθαι
2864 1010 3142 1063 ἀκώλυτον
3197 1012 3340 1081 ἔχειν
3381 1014 3479 1083 τὴν
3531 1015 3811 1085 βούλησιν.

2235 1098 2402 1171 Οἶμαι
2434 1102 2543 1172 γὰρ
2569 1103 2685 1154 ἐκεῖ
2719 1102 2918 1171 μᾶλλον
2958 1104 3263 1171 ἀναγκαίαν
3283 1106 3512 1175 δρᾶσθαι
3543 1108 3643 1176 τὴν
3670 1110 3691 1139 ⁵
3715 1110 3811 1161 efr-

2235 1194 2510 1263 εργεσίαν,
2560 1188 2622 1246 οὑ
2666 1194 2727 1244 τὸ
2765 1192 2824 1256 ὲξ
2873 1194 3042 1263 αὑτῆς
3083 1194 3358 1265 ὠφέλιμον
3388 1180 3815 1268 χρειωδέᾶτερον

2236 1286 2498 1351 πέφυκεν.
2528 1282 2815 1351 Εὐνούχοις
2843 1283 2901 1335 δὲ
2954 1284 3191 1353 μάλιστα
3220 1286 3252 1353 ή
3284 1288 3345 1337 ὲκ
3375 1287 3468 1338 τοῦ
3496 1289 3664 1356 νόμου
3687 1307 3817 1342 παι-

2233 1374 2441 1427 δοποιία
2464 1372 2715 1425 τοσοῦτον
2734 1375 3154 1444 χρειωδεστάτη,
3179 1376 3299 1426 ὅσον
3327 1378 3420 1428 καὶ
3451 1379 3613 1444 μόνον
3636 1380 3815 1450 τούτῳ

2234 1465 2568 1534 λαμϐάνουσι
2610 1464 2687 1533 τῷ
2735 1464 2921 1534 τρόπῳ
2968 1464 3027 1516 τὸ
3078 1460 3217 1518 εἶναι
3253 1468 3519 1536 πατέρες·
3568 1471 3666 1521 καὶ
3712 1470 3814 1538 τῆς

2236 1558 2386 1626 παρὰ
2408 1557 2538 1608 υἱῶν
2569 1555 2867 1626 Θεραπείας
2886 1555 3057 1618 οὕτως
3079 1558 3261 1620 αὑτοῖς
3275 1559 3607 1613 ἀπολαύσειν
3637 1562 3813 1631 ὑπάρο

2236 1648 2316 1712 εει
2347 1650 2387 1710 ⁸,
2436 1643 2505 1718 ἦς
2534 1647 2633 1699 οὐκ
2685 1647 2799 1699 ἐστι
2844 1646 3227 1716 φιλάνθρωπον
3272 1649 3354 1701 ὃτι
3406 1651 3515 1702 τῶν
3565 1652 3811 1721 γονίμων

566 1749 631 1812 si,
660 1720 808 1818 quod
868 1747 1201 1817 genitalibus
1253 1720 1467 1815 privati
1510 1748 1640 1810 sint,
1700 1747 1924 1816 insuper
1967 1746 2131 1799 etiam

2239 1737 2634 1807 ἀπεστέρηνται
2660 1737 2865 1808 μορίων
2890 1740 3424 1808 συναποστερεὶσθαι.
3460 1741 3602 1793 Ἀλλ’
3622 1720 3814 1813 ὥσπερ

566 1842 936 1910 privarentur.
976 1838 1081 1894 Sed
1140 1838 1596 1907 quemadmodum
1633 1837 1747 1906 (88)
1774 1838 1859 1890 cui
1901 1837 2013 1907 (89)
2041 1852 2135 1890 vo-

567 1932 642 1984 cis
676 1944 810 1984 usus
843 1931 1130 1999 ademptus
1160 1938 1265 1989 est,
1302 1944 1421 1998 qua:
1449 1930 1642 1997 linguae.
1678 1928 1861 1981 munia
1888 1936 2017 1982 sunt
2040 1944 2133 1998 per

566 2034 784 2073 manum
812 2019 1131 2087 adimplere,
1165 2027 1217 2072 et
1245 2019 1335 2087 qui
1368 2033 1674 2071 sermonem
1707 2018 1874 2071 labris
1910 2018 2135 2074 fundere

567 2111 772 2179 nequit,
799 2125 894 2179 per
928 2110 1257 2178 scripturam
1284 2108 1348 2161 ad
1382 2107 1719 2162 ordinandas
1741 2123 1827 2162 res
1854 2123 1982 2163 suas
2007 2125 2133 2179 pro-

567 2201 754 2255 cedere
795 2216 899 2253 non
928 2198 1249 2269 prohibetur
1283 2198 1424 2268 (90),
1490 2200 1562 2250 ita
1620 2213 1797 2267 neque
1843 2198 1960 2267 qui,
1992 2198 2134 2269 quod

567 2288 889 2357 genitalibus
922 2287 1120 2357 privati
1152 2296 1301 2348 sunt,
1335 2287 1535 2341 liberos
1587 2303 1695 2341 non
1756 2288 1976 2353 habent,
2039 2289 2136 2342 ho-

568 2394 685 2433 rum
744 2380 1105 2449 indigentiam
1166 2380 1271 2433 alio
1323 2380 1484 2433 modo
1545 2394 1904 2449 compensare
1950 2391 2137 2437 retan-

562 2468 692 2524 dutn
724 2480 826 2526 est.

990 2562 1459 2617 CONSTITUTIO
1492 2562 1704 2618 XXVII.

674 2652 741 2704 Ut
768 2654 971 2719 pariter
997 2654 1107 2724 (91)
1138 2656 1380 2709 omnibus
1416 2655 1527 2725 (92)
1564 2656 1818 2721 adoptare
1866 2653 2038 2707 liceat.

648 2738 791 2794 Idem
815 2741 1110 2809 imperator
1160 2744 1334 2797 eidem
1369 2744 1641 2815 Styliano.

637 2830 775 2882 Cum
816 2846 911 2885 eos
938 2834 1030 2900 qui
1064 2848 1161 2888 sua
1206 2835 1487 2889 industria
1538 2850 1649 2889 rem
1686 2835 1920 2904 aliquam
1950 2836 2141 2889 huma-

570 2933 651 2972 nae
666 2920 787 2975 vita?
806 2923 989 2975 utilem
1014 2923 1334 2979 adinvenire
1354 2924 1597 2989 student,
1618 2926 1671 2979 in
1691 2927 2138 2981 contmuneillam

2233 1829 2262 1879 δ
2300 1826 2485 1895 φωνῆς
2509 1827 2959 1897 ἀποτετμημένος
2987 1829 3047 1879 οὐ
3077 1829 3378 1883 κεκώλυται
3406 1832 3475 1884 τὰ
3504 1832 3605 1901 τῆς
3639 1834 3814 1900 γλώτ-

2236 1934 2333 1987 της
2371 1916 2718 1987 ἀναπληροῦν
2744 1917 2831 1969 διά
2863 1919 2959 1987 τῆς
2989 1920 3191 1990 χειρὸς,
3222 1921 3331 1974 οὐδ’
3359 1922 3417 1985 ὃς
3446 1923 3466 1953 ⁷
3497 1926 3700 1995 ἀπορεῖ
3726 1926 3814 1978 λό-

2236 2025 2330 2075 γον
2361 2007 2449 2061 διὰ
2479 2008 2701 2077 χειλέων
2737 2008 3086 2078 ἐρεύξασθαι,
3122 2011 3312 2065 τοῦτον
3345 2013 3432 2066 διὰ
3463 2016 3563 2085 τῆς
3593 2019 3813 2086 γραφῆς

2237 2102 2314 2163 είς
2348 2100 2443 2170 τὴν
2472 2102 2599 2170 περὶ
2632 2100 2737 2153 τῶν
2771 2101 2987 2153 οἰκείων
3019 2102 3261 2166 διάταξιν
3295 2106 3557 2175 προάγειν
3580 2108 3815 2179 ἀποτρέ-

2239 2208 2418 2253 πεται,
2446 2190 2589 2243 οὑτω
2622 2190 2865 2260 προσῆκε
2887 2192 2909 2222 ⁸
2939 2192 3033 2243 καὶ
3069 2194 3194 2256 τοὺς
3227 2195 3512 2265 ἀφαιρέσει
3543 2196 3655 2249 τῶν
3690 2217 3816 2251 παι-

2238 2282 2468 2335 δοποιῶν
2523 2281 2700 2352 μελῶν
2729 2299 2787 2333 τε
2837 2282 2930 2334 καὶ
2973 2284 3178 2353 μορίων
3211 2288 3231 2318 ⁹
3264 2287 3427 2355 γονῆς
3471 2289 3813 2362 ἀποροῦντας

2243 2373 2317 2443 μὴ
2347 2372 2572 2425 κωλύειν
2606 2373 2775 2443 ἑτέρῳ
2822 2371 3007 2441 τρόπῳ
3056 2378 3497 2446 παραμυθεῖσθαι
3538 2380 3644 2448 τὴν
3679 2381 3815 2434 ἀπο-

2242 2466 2379 2533 ρίαν.

2706 2560 3019 2614 ΔΙΑΤΔΞΙΣ
3066 2558 3170 2613 ΚΖ¹
3213 2561 3349 2613 "'“.

2416 2654 2551 2722 Περὶ
2584 2654 2688 2707 τοῦ
2717 2656 2938 2722 ἐπίσης
2966 2654 3195 2717 πάντας
3224 2653 3640 2709 υίοθετεῑσθαι.

2324 2745 2381 2796 Ὀ
2412 2745 2573 2807 αὐτὸς
2605 2744 2859 2813 βασιλεὺς
2894 2744 3165 2813 Στυλιανῷ
3198 2743 3277 2813 τῷ
3310 2744 3478 2811 αὐτῷ.

2313 2835 2421 2888 Καὶ
2464 2836 2644 2897 καλῶς
2669 2838 2712 2867 "
2743 2836 2948 2904 πρέπον
3002 2836 3235 2905 ὑπάρχει
3288 2835 3385 2904 τὴν
3431 2835 3705 2902 ὠφέλειαν
3764 2839 3819 2888 ἔν

2246 2925 2411 2995 κοινῷ
2437 2924 2823 2978 κατατίθεσθαι
2853 2925 2978 2986 τοὺς
3018 2924 3206 2991 ὄφελός
3237 2942 3290 2977 τι
3330 2924 3573 2994 ἐξευρεῖν
3606 2924 3688 2993 τῷ
3718 2925 3818 2995 βίῳ

572 3025 902 3079 proponere,
957 3028 1122 3083 quam
1175 3015 1286 3086 (93)
1325 3016 1491 3070 certis
1530 3017 1843 3072 hominibus
1878 3019 2134 3071 devovere

2245 3017 2501 3080 σπουδαῖς
2548 3016 2775 3079 οἰκείαις
2830 3016 3299 3087 προθυμηθέντας,
3348 3015 3470 3085 ἢτὸ
3525 3015 3817 3085 βούλεσθαι

570 3100 818 3168 aliosque
875 3104 995 3171 ejus
1040 3116 1291 3174 expertes
1332 3106 1650 3176 relinquere
1704 3107 1991 3162 decentius
2031 3109 2136 3163 sit:

569 3204 683 3247 tutn
718 3209 845 3249 vero
876 3196 1032 3266 longe
1068 3199 1235 3268 magis
1290 3199 1466 3269 legum
1493 3200 1818 3255 beneﬁcium
1850 3215 2143 3255 commune

570 3301 701 3339 esse
736 3290 1009 3341 convenit.
1062 3288 1193 3342 Nam
1241 3290 1385 3344 sicut
1423 3292 1526 3345 sub
1576 3292 1843 3361 principe.
1902 3293 2139 3357 virtute,

575 3378 654 3431 sic
685 3378 789 3431 sub
822 3378 1055 3449 legibus.
1086 3387 1355 3449 quotquot
1388 3381 1496 3437 illis
1526 3397 1782 3451 paremus
1822 3390 1983 3453 atque
2008 3383 2143 3437 sub-

570 3466 671 3521 diti
703 3484 919 3533 sumus,
956 3472 1174 3526 illarum
1202 3472 1469 3528 beneﬁcio
1507 3475 1558 3527 in
1591 3489 1881 3529 commune
1910 3474 2016 3529 frui
2049 3476 2142 3529 de-

576 3561 790 3616 heluus.
822 3563 891 3614 At
929 3563 1057 3631 quid
1088 3564 1191 3619 sibi
1242 3564 1355 3617 vult
1412 3565 1513 3619 hoc
1571 3566 1941 3634 procemiuni?
1984 3566 2141 3632 Quod

572 3667 694 3703 eum
721 3652 1016 3707 liberorum
1048 3655 1284 3709 orbitate
1319 3655 1565 3710 infelices
1625 3657 1859 3711 liberare
1904 3657 2139 3712 infortu-

574 3742 665 3796 nio
692 3742 775 3795 lex
814 3745 996 3807 vellet,
1037 3745 1318 3815 adoptare,
1366 3754 1420 3799 et
1460 3745 1604 3814 quod
1656 3760 1684 3797 a
1712 3754 1908 3799 natura
1968 3749 2141 3818 accipi

576 3846 687 3885 non
712 3843 921 3902 posset,
949 3836 1205 3904 opinione
1231 3850 1573 3905 comparare,
1612 3836 1859 3904 juheudo
1882 3855 1986 3893 non
2011 3854 2141 3910 erga

577 3938 770 3977 omnes
804 3924 1056 3979 similiter
1092 3926 1327 3980 servarit
1356 3925 1696 3994 propositum
1726 3944 1738 3980 :
1793 3937 1955 3997 atque
1987 3932 2137 3985 viros

576 4010 794 4082 quidem
829 4021 881 4068 et
912 4014 1190 4077 mulieres,
1215 4028 1350 4083 quas
1381 4021 1573 4069 natura
1619 4025 1907 4085 postquam
1934 4028 2135 4075 matres

2242 3110 2431 3180 μέχρις
2462 3107 2617 3160 ἐνίων
2651 3105 2955 3175 προσώπων
2991 3106 3348 3175 περιορίζειν,
3383 3107 3507 3168 τοὺς
3530 3107 3576 3158 δ’
3620 3108 3819 3170 ἄλλους

2240 3198 2539 3269 ἁμετόχους
2573 3197 2777 3266 ταύτης
2816 3198 2937 3265 ὲᾷν,
2972 3196 3106 3249 πολὺ
3145 3196 3202 3249 δὲ
3244 3196 3405 3249 πλέον
3446 3197 3694 3267 προσῆκε
3718 3200 3819 3269 τὴν

2240 3290 2305 3342 ὲκ
2330 3288 2439 3341 τῶν
2477 3290 2655 3358 νόμων
2690 3288 3007 3359 εὐεργεσίαν
3050 3283 3188 3340 εῖναι
3225 3289 3430 3357 κοινήν.
3462 3288 3681 3358 Ὥσπερ
3708 3290 3820 3359 γὰρ

2242 3379 2334 3432 ἐπὶ
2364 3379 2623 3450 ἄρχοντος
2646 3378 2866 3448 ἀρετῆς,
2902 3376 3044 3430 οὕτω
3072 3378 3166 3430 καὶ
3197 3378 3288 3429 ἐπὶ
3317 3378 3495 3447 νόμων
3522 3379 3817 3447 ὀφείλομεν

2242 3473 2397 3540 κοινῇ
2436 3469 2529 3523 τοῦ
2553 3468 2761 3521 ἐκεῖθεν
2791 3467 3086 3522 ἀπολαύειν
3122 3466 3287 3521 καλοῦ
3316 3468 3459 3521 ἅπαν
3489 3468 3548 3521 τὺ
3576 3470 3818 3539 ἀρχόμε-

2244 3563 2333 3615 νόν
2358 3579 2416 3615 τε
2442 3563 2534 3614 κα)⁸
2556 3562 2931 3630 ὑποκείμενον.
2956 3560 3021 3612 Τί
3044 3558 3200 3612 τοῦτο
3226 3560 3373 3628 λέγει
3403 3560 3463 3612 τὸ
3492 3562 3815 3631 προοίμιονς

2246 3652 2495 3714 Ὀτιτοίς
2512 3652 2799 3721 ἀτυχοῦσιν
2825 3650 3081 3705 ἀπαιδίαν
3104 3650 3249 3703 λύειν
3275 3650 3593 3720 βουλόμενος
3614 3650 3675 3702 τὸ
3688 3651 3816 3705 δυσ-

2242 3744 2464 3815 τύχημα
2512 3743 2673 3811 νόμος
2714 3744 2769 3795 ὲν
2811 3742 2894 3812 τῷ
2926 3743 3283 3795 υίοθετεῖσθαι
3328 3744 3693 3817 προστάσσειν
3720 3745 3815 3796 καὶ

2244 3838 2436 3909 γνώμῃ
2470 3839 2643 3890 ἐκεῖνο
2676 3835 2907 3911 κτᾶσθαι
2934 3834 2963 3887 ὃ
2995 3834 3070 3904 μὴ
3096 3832 3324 3903 εὔπορον
3363 3835 3406 3865 ¹⁸
3446 3834 3632 3887 λαῦεϊν
3664 3835 3815 3903 παρὰ

2245 3929 2344 3995 τῆς
2389 3927 2622 3995 φύσεως,
2675 3926 2736 3977 οὑ
2784 3925 2919 3995 πρὸς
2966 3926 3173 3987 πάντας
3224 3924 3423 3993 ὁμοίως
3455 3922 3680 3975 διέσωσε
3714 3924 3814 3989 τὴν

2245 4018 2583 4090 προαίρεσιν,
2617 4016 2730 4070 ἀλλ’
2759 4015 2979 4085 ἀνδράσι
3007 4014 3106 4084 μὲν
3136 4016 3229 4067 καὶ
3252 4013 3513 4082 γυναιξὶν,
3548 4013 3614 4077 ἃς
3645 4013 3813 4080 ἐγνώ-

1844 4193 2077 4251 ὀἈΙὶΙᾸΞ
2110 4197 2513 4254 LECTIONES.

646 4312 754 4388 {in
788 4312 982 4388 ΖιιίᾃιξιιΣ
1010 4321 1064 4388 et
1097 4314 1736 4388 Meerm._cpd._é_7:éxsw.
1812 4318 1829 4348 δ
1855 4316 1991 4373 Hinc
2025 4318 2345 4388 incipitEcl.
2417 4320 2438 4350 ⁵
2471 4317 2583 4372 Ecl.
2609 4315 2760 4371 addit
2784 4316 2982 4388 πᾷ-σαν.
3060 4313 3080 4343 ⁸
3104 4311 3218 4388 Ecl.
3250 4310 3533 4388 ὑπάρξειν.
3594 4319 3613 4348 ⁷
3637 4312 3809 4388 codd.

574 4384 622 4457 δ,
812 4382 1023 4457 οὑδ’-ἂν
1044 4385 1263 4457 ἀπορῇη
1284 4454 1301 4457 _
1331 4384 1351 4415 ⁸
1380 4383 1454 4439 Ita
1489 4382 1801 4457 Ecl."Cudd.
1835 4388 1893 4439 τὸ
1926 4382 2222 4457 προσήκειν
2258 4389 2338 4441 vel
2378 4388 2673 4457 προσήκει.

1430 4457 1471 4485 ¹²
1512 4455 1822 4525 Stephanus
1858 4455 2140 4527 lege—udum
2174 4467 2325 4526 putat
2362 4455 2564 4521 ἀλλωςξ

578 4454 691 4485 ¹⁰οι¹
712 4454 806 4507 Est
844 4454 897 4507 in
930 4454 1044 4508 Ecl.
1072 4453 1218 4509 Nov.
1244 4454 1329 4509 18.

576 4523 717 4580 forte
737 4522 1047 4594 εὐποροῦσι.

2787 4387 2807 4415 ⁸
2835 4382 2950 4438 Ecl.
2985 4398 3094 4435 non
3131 4382 3289 4435 habet
3328 4397 3384 4433 τε
3432 4382 3528 4433 καὶ

2636 4404 2673 4439 ι.
2787 4387 2807 4415 ⁹
2835 4384 2950 4438 Ecl.
2985 4398 3094 4435 non
3131 4384 3289 4435 habet
3328 4397 3384 4433 τε
3432 4384 3528 4433 καὶ
3625 4384 3809 4451 ορίων.

2636 4456 2888 4527 Agylteus
2934 4454 3035 4523 legi
3070 4451 3183 4505 vult
3232 4450 3451 4519 μᾶλλον.
3512 4451 3557 4481 ¹⁸
3585 4400 3809 4509 {lectius

3640 4455 3814 4509 celius

2073 4639 2307 4696 NOTAE.

647 4753 1042 4831 (84-8‘5)7_Ra_ti_o
1070 4754 1354 4831 dubitandi
1382 4758 1615 4831 sumitur
1644 4776 1711 4815 ex
1736 4760 1763 4831 ς
1788 4762 1840 4817 9.
1861 4762 2040 4816 lnstit.
2062 4760 2137 4818 De
2168 4770 2211 4827 ι]
2316 4760 2427 4830 (88)
2453 4760 2614 4815 Ratio
2672 4757 2955 4831 decidendi
2998 4757 3147 4831 satis
3179 4754 3430 4831 elegans.
3474 4753 3665 4831 Possis
3703 4766 3753 4810 et
3780 4772 3807 4807 ιι

576 4823 766 4903 adapt.
795 4826 832 4877 l.
865 4828 922 4903 ἦ.
953 4823 1049 4903 ςι,
1085 4825 1140 4881 if.
1170 4824 1244 4881 De
1266 4827 1448 4903 adopt.
1477 4826 1666 4903 Potest
1694 4823 1776 4903 sic
1796 4846 1860 4887 ea
1891 4831 2079 4903 augeri
2108 4848 2121 4883 :

577 4896 858 4970 {heredem
890 4895 1175 4970 instituere
1202 4898 1475 4970 eunuchis
1510 4914 1615 4953 non
1654 4901 1828 4966 licuit,
1853 4903 1888 4956 ι.
1923 4895 2042 4970 ϐἶς
2079 4903 2125 4970 l,

577 4962 633 5037 ll‘.
660 4962 734 5037 De
766 4964 946 5037 liber"
970 4966 1073 5037 Avel
1111 4967 1518 5037 matrimonium
1558 4962 1906 5037 contrahere,
1963 4962 2125 5034 1.39,

578 5032 631 5107 in
657 5032 841 5107 tituli.
867 5032 939 5107 De
961 5034 1084 5107 jure
1112 5036 1227 5091 dot.
1252 5051 1267 5100 ;
1294 5051 1417 5089 nam
1445 5039 1590 5107 quod
1621 5040 1841 5106 dicitur,
1864 5032 1962 5107 pro
1984 5032 2130 5093 mor?

491 5169 496 5173 .
580 5104 727 5157 hosis
756 5102 975 5165 haberi.
991 5105 1045 5161 id
1076 5106 1248 5162 levius
1276 5115 1379 5171 est,
1435 5102 1478 5162 ιζ
1512 5107 1564 5174 7,
1600 5108 1655 5162 Π.
1688 5109 1762 5165 De
1790 5102 1979 5165 edint.
2016 5108 2127 5161 llo-

576 5174 663 5225 die
674 5181 1063 5245 testamentum
1076 5176 1255 5232 facere
1276 5185 1531 5244 possunt,
1556 5178 1591 5231 l.
1611 5179 1665 5243 5,
1689 5180 1752 5233 (Σ.
1774 5178 1876 5245 Qui
1908 5187 2126 5233 testam.

644 5242 756 5322 (96)
793 5244 1182 5322 iiunuchinon
1240 5242 1373 5299 ﬁunt
1397 5242 1716 5322 natura,_ut_
1738 5242 2031 5322 hiezjicet
2077 5249 2132 5322 in

576 5312 903 5391 quibusdam
935 5315 1273 5391 spadonibus
1300 5326 1490 5391 contra
1537 5318 1581 5391 _I.
1605 5312 1824 5391 7128,76.
1853 5316 1954 5391 _De
1976 5318 2130 5391 ξιτψ.

2241 4825 2489 4885 εἰιιίἰιῖἰιι
2520 4834 2683 4884 etiam
2718 4829 3044 4884 conﬁrmare
3086 4844 3098 4878 :
3133 4825 3285 4878 Licet
3329 4826 3603 4879 eunuchis
3638 4835 3808 4880 testa.

2237 4912 2481 4955 mentum
2534 4900 2735 4965 facere,
2785 4899 2824 4952 l.
2863 4897 2951 4961 10,
3000 4896 3063 4950 C.
3107 4894 3210 4960 Qui
3270 4901 3620 4960 testamenta,
3679 4910 3805 4965 ergo

2236 4971 2522 5093 adﬁgi“:
2545 5038 2633 5093 10.
2667 5037 2724 5093 if.
2752 5036 2857 5093 Qui
2886 5041 3238 5090 testamenta.

2369 5041 2423 5109 9)
2455 5040 2516 5109 ιε.
2545 5038 2633 5103 10,
2667 5037 2724 5093 if.
2752 5036 2857 5103 Qui
2886 5041 3238 5109 testamenta.

2310 5102 2422 5181 (90)
2452 5108 2516 5187 Et
2544 5102 2792 5187 econtra
2814 5106 2907 5187 qui
2938 5119 3133 5187 manus
3167 5105 3380 5187 amisit,
3402 5102 3585 5161 verbis
3611 5103 3801 5159 testari

2238 5176 2513 5252 potestkl.
2535 5179 2630 5252 ⁸ευ,
2663 5176 2719 5231 ll”.
2751 5176 2855 5252 Qui
2883 5183 3239 5252 testamenta.

2307 5250 2419 5320 (91)
2447 5247 2506 5305 2.
2534 5247 2719 5320 llarm‘.
2747 5245 2925 5320 8,5},

2310 5311 2421 5388 (92)
2461 5320 2636 5371 Etiam
2682 5311 2904 5388 fetutinis
2962 5327 3411 5388 que‘nunquam
3457 5311 3663 5388 liberos
3708 5311 3800 5388 ιλιι-ξ

576 5382 682 5456 sig.
709 5382 910 5456 quibus
966 5380 1187 5455 adaptio
1216 5388 1482 5454 permissa
1535 5388 1571 5441 Ι.
1628 5380 1810 5451 40,⁷1η
1845 5388 1939 5441 lin.
1969 5385 2026 5443 ιτ.
2062 5385 2136 5440 De
2240 5380 2497 5452 buerunt,
2529 5398 2583 5442 et
2627 5388 2700 5441 ita
2752 5380 3046 5456 abrogatur
3081 5383 3109 5453 ᾗ
3144 5382 3232 5436 10.
3270 5380 3416 5449 'lnst,
3456 5380 3529 5436 De
3553 5382 3713 5450 adop.
3752 5387 3801 5430 et

576 5449 1175 5527 Qd‘{P§Qi§e!UII_t_enitu
1196 5449 1492 5513 aeastratis
1516 5460 1582 5513 de
1603 5449 1805 5527 quibus
1824 5459 1912 5514 hic
1927 5460 2135 5527 agitur;

576 5518 688 5572 dixi
718 5519 782 5572 ad
810 5519 871 5573 Ι).
896 5522 930 5576 Ι.
974 5522 1096 5579 tas.

652 5589 763 5656 (87)
789 5587 927 5667 Olim
953 5594 1473 5667 eastrati‘adOptare
1512 5612 1621 5652 non
1676 5605 1951 5667 poterant,
1985 5605 2039 5653 et
2065 5597 2138 5651 ita

576 5654 871 5727 abrogatur
900 5660 1003 5729 §9,
1036 5660 1091 5715 d.
1128 5680 1145 5712 ι
1191 5665 1241 5717 1.

2241 5461 2277 5514 Ι.
2313 5460 2364 5519 5.
2398 5458 2462 5512 C.
2495 5458 2568 5511 De
2603 5458 2787 5524 adopt.

2320 5517 2430 5598 (95)
2461 5517 2746 5597 Superllue
2774 5525 2872 5598 uni
2895 5531 2989 5598 aut
3024 5520 3214 5598 paucis
3243 5520 3529 5598 scribitur,
3548 5588 3563 5598 _
3583 5517 3799 5598 ubiuest

2248 5586 2425 5653 causa
2465 5586 2813 5651 cunctorum.
2840 5586 3085 5649 Salviah.
3144 5591 3449 5663 ad_eccles.
3482 5588 3637 5644 Adde
3668 5586 3797 5641 Nov.

2248 5669 2387 5724 Just.
2427 5668 2517 5734 60,
2550 5682 2671 5737 cap.
2705 5666 2758 5734 1,
2800 5666 2855 5722 in
2890 5664 3017 5719 ﬁn.‘
