2045 3103
158 150 216 183 ιεδ

711 151 891 185 ΝονΕιιΛι
913 153 1249 187 CONSTITUTIONES.

1738 163 1792 197 ιδδ

162 217 223 244 pm
238 209 318 245 μινή
337 207 419 244 φύσις
435 209 567 245 μητέρας.
588 210 629 242 είς
645 206 772 237 ἀπαιδίαν
787 210 816 237 δὲ
836 211 943 246 ἀφαιρέ⁴

1004 213 1126 241 novisset
1155 213 1213 250 (94)
1244 213 1422 249 ademptione
1446 215 1550 244 sobolis
1576 215 1611 245 ad
1641 217 1791 248 Iiberon

161 253 204 282 σει
226 255 278 291 τῆς
298 254 382 289 γονῆς
402 255 565 291 περιέστησε
582 255 614 286 ⁸⁵.
631 255 663 282 τὸ
683 255 833 291 υίοῦἐτημα
848 255 951 291 ἐδωρή-

159 310 237 334 σατο,
252 301 396 336 εὐνούχους
410 301 439 328 δὲ
451 301 499 328 καὶ
514 301 623 335 γύναια,
636 299 674 328 ὧν
686 301 764 328 οὔπω
773 301 829 328 τῶν
841 302 950 329 κόλπων

156 348 172 374 ὁ
186 347 234 374 τοῦ
249 347 343 381 γένους
359 347 462 381 ἤνθησε
487 347 597 382 στάχυς,
613 347 664 373 οὐκ
679 347 772 379 ἀξίους
790 346 881 382 ἔκρινε
902 346 948 373 τοῦ

155 393 391 428 εὐεργετήματος,
407 393 456 427 οὐχ
470 392 526 427 ὁρῶ
540 392 600 418 τίνα
620 392 721 427 τρόπον
734 392 806 419 οὕτω
822 392 948 427 μικρολο-

155 438 301 473 γούμενος.
325 439 362 464 Οὐ
377 439 431 472 γὰρ
459 439 499 464 ὅτι
527 438 694 473 ἐζημίωνται
722 438 752 464 τὸ
776 436 845 464 εἶναι
868 439 948 472 σύσει

155 484 275 517 πατέρες
299 483 432 518 εὐνοῦχοι,
453 483 497 509 διὰ
512 483 590 509 τοῦτο
613 484 687 518 νόμῳ
702 483 750 518 τὴν
770 484 872 518 ζημίαν
887 485 947 510 ὲπι-

155 530 257 556 τείνειν
272 529 335 564 χρὴ,
354 529 422 555 ἀλλὰ
439 529 594 555 τούναντίον
614 529 715 563 μᾶλλον
736 529 766 554 τὴ
786 529 891 555 ἐκεῖθεν
904 531 947 555 ἐν-

156 576 215 607 aet;
231 577 316 610 ἑτέρῳ
331 576 425 610 τρόπῳ
442 575 478 610 μὴ
491 575 605 601 κωλύειν
628 575 796 611 πορίζεσθαι,
814 575 906 606 καθὼς
918 577 947 601 ὲν

154 623 215 652 ταῖς
229 612 322 652 ἃλλαις
336 621 499 647 κολοῆώσεσι
514 621 569 646 τῶν
581 622 703 654 φυσικῶν
719 622 875 656 ἐνεργειῶν,
891 620 946 648 οἷον

155 668 201 692 ἐπὶ
220 667 320 701 χειρῶν
334 667 380 693 καὶ
399 666 486 692 ποδῶν
502 667 549 692 καὶ
570 667 634 692 εἴτι
657 667 721 693 ἄλλο
744 668 945 702 ἀπεστέρηνται

154 712 304 746 ἂνθρωποι,
322 712 352 737 οὑ
375 711 525 738 κωλύονται
542 713 588 738 τδν
605 712 718 738 δυνατὸν
738 713 837 748 τρόπον
855 722 945 748 παρα-

155 758 298 792 μυθεῖσθαι
313 758 362 791 τὴν
387 757 547 784 κολὸϐωσιν.
573 759 627 784 Καὶ
651 758 704 793 μὴν
720 759 781 784 οὐδὲ
801 761 944 792 γυναῖκας,

152 803 219 829 διότι
233 803 269 837 μὴ
281 803 411 836 ὤφθησαν
426 803 553 838 μητέρες,
571 804 680 837 εὓὶηγόν
695 805 769 829 ἐστιν
780 804 945 838 ἀποτρέπειν

153 849 343 876 ιιίοθετεῑσοαι.
362 850 409 880 Τίς
425 851 479 884 γὰρ
501 851 514 876 ὁ
530 850 608 884 λόγος
627 850 673 876 τοῦ
697 850 746 881 τὰς
762 850 822 884 μὲν,
835 851 876 876 ὅτι
891 852 944 885 ἁφ-

1004 259 1152 286 orbitatem
1188 259 1356 294 redegisset,
1386 260 1534 296 adoptandi
1559 263 1623 297 jure
1652 264 1790 293 donarit:

1003 304 1145 332 eunuchos
1170 304 1227 340 (95)
1255 312 1321 332 vero
1347 309 1374 333 et
1398 307 1706 343 mulieres.eqnarum
1731 311 1794 338 sinu

1003 349 1125 376 nondum
1158 349 1229 376 ullus
1253 350 1325 378 fetus
1355 350 1529 384 t-llloruisset.
1557 352 1691 381 beneﬁcio
1720 354 1792 383 indi-

1003 402 1071 428 gnos
1085 395 1234 427 censuerit,
1260 399 1314 422 tam
1341 396 1444 424 utiliter
1471 398 1565 424 nescio
1588 399 1727 433 quomodo
1749 407 1794 427 ra-

1003 439 1142 467 tioeinata.
1156 440 1218 468 Non
1234 441 1307 468 enirn
1333 442 1397 476 quia
1428 442 1478 469 hoc
1498 443 1682 476 incommodo.
1699 448 1729 471 ut
1745 453 1794 472 na-

1003 490 1064 512 tura
1090 489 1180 520 patres
1208 493 1270 513 esse
1293 491 1441 521 nequeant,
1470 489 1587 515 eunuchi
1610 489 1699 516 all'ecti
1725 490 1792 523 sint,

1002 531 1134 559 continuo
1160 531 1230 559 idem
1246 532 1449 560 incommodum
1463 534 1520 569 lege
1539 535 1631 569 augeri
1647 535 1703 570 (96)
1714 543 1793 571 opot~

1001 580 1063 604 tet:
1083 577 1131 604 sed
1148 584 1163 604 e
1176 577 1285 605 diverso
1319 578 1380 612 ejus
1408 579 1446 606 rei
1473 579 1610 607 defectum
1627 581 1681 608 alio
1710 581 1791 609 modo

1001 622 1174 655 compensari
1201 629 1255 649 non
1283 624 1440 657 prohibere,
1458 624 1539 657 longe
1556 626 1644 661 magis
1660 634 1709 661 par
1723 631 1788 654 est:

1000 666 1230 701 quemadmodum
1263 667 1325 694 aliis
1347 669 1488 701 membris,
1517 677 1578 704 quae
1598 671 1632 697 ad
1666 675 1790 700 actiones

1000 712 1140 738 naturales
1163 712 1340 746 requiruntur
1361 713 1403 747 (ut
1422 714 1548 742 manibus
1570 715 1640 750 (97),
1662 717 1789 751 pedibus)

999 757 1145 788 mutilatis,
1173 761 1221 783 aut
1235 756 1326 792 siqua
1340 758 1393 784 alia
1420 763 1497 792 parte
1522 760 1788 793 privatisinthomi-

999 801 1111 833 nes,illi
1134 809 1300 836 quocttnque
1326 806 1443 836 possunt
1466 803 1547 830 modo
1588 796 1788 834 mutilationem

999 846 1103 873 sarcire
1120 853 1174 872 non
1189 846 1376 880 prohibentur.
1396 845 1456 873 .lam
1472 855 1537 874 vero
1555 855 1643 883 neque
1660 850 1788 878 mulieres

151 894 290 928 ῃρέϐησαν
298 894 351 920 τῶν
363 895 477 926 παίδων,
490 895 692 929 φιλοτιμεῖσθαι
702 895 782 921 πάλιν
792 895 943 929 κτήσειτῶι.

1000 892 1063 926 quia
1092 896 1195 919 matres
1207 899 1263 919 non
1289 891 1410 925 fuerint,
1428 900 1462 920 ne
1492 893 1622 928 adoptent
1653 897 1788 927 coerceri.

151 939 266 971 παίδων,
283 941 331 970 τὰς
343 940 382 973 δὲ,
399 940 440 966 ὅτι
460 941 599 971 παντελῶς
615 941 711 975 ἄποροι
726 941 849 967 τοιούτου
866 941 946 974 γεγό-

150 992 214 1009 νασι
229 985 379 1018 κτήματος,
391 984 436 1011 διὰ
457 984 513 1019 βίου
530 985 617 1020 ταύτῃ
631 987 662 1021 τῇ
685 986 787 1020 ἀπορία
804 986 946 1020 βούλεσθαι

149 1028 254 1060 ταύτας
282 1029 382 1064 συζῇν;
402 1031 432 1056 Εἰ
449 1031 503 1065 γὰρ
527 1030 606 1057 τοῦτο
632 1031 748 1066 μάλιστα
763 1031 792 1057 τὸ
817 1032 872 1058 ἀπὸ
892 1032 946 1058 τῶν

150 1074 257 1100 παίδων
283 1076 429 1110 χρήσιμον,
455 1076 527 1109 λέγω
548 1076 580 1110 δὴ
601 1077 782 1111 γηροτροφία,
808 1077 866 1108 πῶς
887 1078 946 1112 οὐχὶ

149 1119 200 1145 καὶ
213 1119 328 1151 ταύταις
342 1121 484 1152 κάκείναις
501 1121 530 1153 ἐξ
545 1121 604 1147 ἴσου
626 1123 752 1156 μετέχειν
768 1122 818 1157 τῆς
833 1123 945 1159 εὐεργε-

148 1165 212 1196 σίας
228 1165 332 1201 ἔπρεπε
358 1168 528 1202 παρασχεῐν;
544 1167 625 1195 Οὕτω
639 1169 694 1202 γὰρ
714 1168 746 1194 ἂν
765 1169 811 1194 καὶ
835 1169 911 1200 ὅσαις
930 1170 944 1194 ὁ

146 1211 209 1245 βίος
225 1212 309 1245 πένης
326 1213 372 1239 καὶ
386 1214 498 1248 ἄπορος,
516 1214 670 1248 κουφοτέρα
690 1214 810 1248 ὑπῆρξεν
830 1215 846 1248 ὴ
865 1215 944 1240 πενία

144 1258 205 1287 τοῖς
226 1258 304 1283 παισὶ
321 1257 530 1292 βοηθουμέναις,
544 1259 592 1285 καὶ
609 1259 671 1285 ὅσαι
684 1259 730 1285 τὸν
747 1259 802 1294 βίον
819 1260 847 1285 ὲν
859 1260 943 1294 ἀφθο-

145 1300 192 1336 νίᾳ
211 1303 257 1328 καὶ
266 1302 374 1337 πλούτῳ
389 1303 539 1338 φερόμενον
553 1303 657 1338 ἔχουσι,
672 1304 718 1329 καὶ
733 1303 843 1334 ταύταις
858 1305 944 1330 υἱοθε-

147 1347 196 1372 σία
218 1348 413 1382 συμφέρουσα·
431 1349 445 1374 ὁ
460 1349 514 1383 γὰρ
537 1350 576 1379 εἰς
591 1348 669 1381 τάξιν
689 1348 746 1374 υίοῦ
772 1349 944 1384 προφερόμε-

146 1399 194 1422 νος
209 1392 249 1422 si;
262 1392 356 1418 ἐκεῖνα
368 1394 415 1419 καὶ
427 1393 649 1428 ὑπηρετούμενος
666 1395 698 1429 τῇ
717 1395 801 1428 μητρὶ
815 1395 861 1420 καὶ
875 1395 943 1430 ὑπὲρ

145 1436 235 1472 αὐτῆς
260 1438 418 1470 σπουδάζων
445 1438 517 1473 ἂπερ
533 1439 607 1465 ἐστὶν
627 1439 700 1471 είκὸς
719 1440 801 1466 παῖδα
824 1442 942 1475 φρονεῖν,

144 1484 199 1518 τήν
214 1492 243 1509 τε
261 1484 421 1519 περιουσίαν
439 1486 479 1517 εἰς
495 1485 525 1511 τὺ
536 1485 751 1520 ἁκαινοτόμητον
770 1486 943 1521 οἰκονομήσει

144 1530 196 1555 καὶ
208 1531 239 1556 τὸ
257 1531 339 1565 βάρος
354 1531 408 1556 τῶν
423 1532 572 1566 φροντίδων
587 1532 826 1567 συμμεριζόμενος
840 1534 873 1567 τῇ
893 1541 944 1567 μη-

143 1577 192 1611 τρὶ
203 1575 385 1611 εὐθυμότερον
405 1577 489 1613 αὐτὴν
504 1575 599 1612 βιῶναι
620 1577 837 1613 παρασκευάσει.

998 937 1098 964 rationi
1109 942 1326 965 consentaneum
1345 942 1398 965 est.
1418 938 1484 971 Quae
1504 939 1578 966 enini
1608 940 1679 967 ratio
1692 944 1746 973 est,
1759 949 1788 968 ut

997 983 1062 1015 illis,
1076 982 1147 1017 quod
1166 983 1260 1010 liberis
1285 983 1388 1010 orbatae
1403 984 1469 1016 sint,
1486 984 1579 1012 denuo
1605 986 1789 1020 acquirendo-

998 1035 1057 1055 rum
1072 1029 1222 1055 liberorum
1235 1028 1282 1063 jus
1295 1028 1412 1063 largiare
1429 1037 1435 1055 :
1451 1030 1500 1057 has
1513 1038 1590 1063 vero,
1602 1031 1676 1066 quod
1693 1032 1788 1060 istius.-

998 1074 1069 1100 tnodi
1088 1074 1271 1108 possessionis
1287 1081 1401 1109 prorsus
1416 1074 1512 1109 inopes
1529 1075 1642 1109 fuerint,
1661 1085 1709 1112 per
1729 1085 1788 1106 om.

996 1127 1058 1146 nem
1076 1121 1158 1147 vitam
1174 1120 1203 1147 in
1219 1120 1264 1147 illa
1283 1120 1376 1155 inopia
1398 1121 1490 1148 vivere
1516 1122 1603 1150 velis?
1618 1123 1650 1149 Et
1671 1129 1747 1152 certe
1762 1125 1786 1152 si

997 1166 1055 1193 haec
1071 1165 1207 1201 praecipua
1242 1166 1392 1194 liberorum
1418 1167 1522 1195 utilitas
1536 1173 1589 1200 est.
1605 1172 1635 1195 ut
1660 1173 1787 1203 parentes

996 1211 1022 1238 in
1037 1213 1114 1239 senio
1138 1216 1292 1240 sustentent
1306 1221 1313 1239 :
1330 1220 1385 1246 quo
1399 1217 1479 1247 pacto
1494 1221 1549 1241 non
1566 1218 1622 1241 tam
1649 1215 1692 1243 his
1703 1221 1786 1250 quam

997 1257 1052 1285 illis
1060 1265 1091 1284 ex
1106 1265 1186 1292 aequo
1209 1261 1239 1284 ιιι
1253 1257 1378 1285 beneﬁcii
1407 1258 1557 1294 participes
1579 1264 1672 1287 essent
1686 1267 1787 1288 conce-

995 1302 1060 1329 dere
1074 1310 1182 1337 aequum
1198 1303 1269 1330 fuit?
1287 1303 1334 1330 Sic
1346 1304 1419 1330 enim
1432 1304 1532 1338 quibus
1542 1309 1638 1333 tenues
1649 1310 1787 1342 arctaeqtte

994 1347 1141 1376 facultates
1156 1353 1233 1381 sunt,
1250 1349 1369 1376 filiorum
1383 1357 1433 1384 ope
1447 1355 1475 1377 et
1487 1350 1591 1378 auxilio
1616 1351 1704 1378 levior
1719 1359 1787 1386 pau-

995 1398 1087 1429 pertas
1115 1399 1212 1423 esset:
1229 1403 1290 1430 qum
1314 1402 1380 1422 vero
1405 1395 1466 1423 illas
1499 1396 1573 1423 omni
1599 1404 1690 1424 rerum
1707 1397 1786 1432 copia

994 1441 1137 1469 afﬂuentes
1152 1441 1264 1474 habent,
1280 1445 1307 1469 et
1322 1441 1364 1468 his
1386 1441 1498 1476 adoptio
1520 1441 1700 1470 conduceret.
1714 1442 1783 1470 Natu

994 1487 1042 1521 qui
1056 1487 1085 1514 in
1101 1486 1149 1514 lilii
1165 1486 1256 1514 locum
1281 1490 1440 1520 assumptus
1454 1490 1538 1519 esset,
1553 1487 1577 1514 is
1590 1490 1618 1514 et
1634 1484 1787 1514 inserviens

995 1533 1088 1566 matri,
1101 1536 1129 1560 et
1140 1539 1190 1571 pro
1203 1532 1250 1559 illa
1267 1540 1328 1567 qua:
1344 1540 1390 1567 par
1406 1536 1448 1559 est
1471 1531 1557 1558 (ilium
1580 1532 1671 1560 facere
1689 1532 1786 1560 sedulo

957 1572 979 1603 C
996 1586 1161 1614 exsequens,
1175 1587 1238 1607 cum
1253 1580 1323 1607 bona
1336 1580 1421 1612 illius,
1436 1578 1474 1606 ita
1491 1580 1556 1606 utin
1570 1587 1621 1607 suo
1638 1583 1712 1607 statu
1728 1588 1786 1610 ma-

144 1626 256 1655 nerent,
288 1622 496 1650 administraret
513 1628 589 1651 :tum
605 1631 668 1651 cum
704 1630 792 1651 matre
804 1630 934 1650 curarum
955 1631 1026 1652 onus
1040 1626 1159 1660 partitus
1173 1629 1202 1653 ut
1217 1625 1264 1653 illa
1282 1625 1460 1661 tranquillius
1494 1625 1638 1662 laetiusque
1667 1627 1784 1658 viveret.

143 1669 278 1697 (alliceret.

181 1714 338 1751 Τοιγαροῦν
358 1714 378 1731 ¹⁸
390 1716 406 1750 ἡ
418 1715 542 1751 ἡμετέρα
558 1714 681 1750 βασιλεία
700 1716 763 1747 τοὺς
776 1717 813 1751 μὴ
832 1715 941 1750 ἐπιτρέ-

144 1771 248 1794 ποντας
265 1762 364 1797 νόμους
381 1762 563 1788 υίοθετεῖσθαι
586 1762 658 1796 ἅπερ
681 1762 786 1797 ἔφημεν
806 1762 941 1797 πρόσωπα

143 1809 197 1843 τῆς
220 1806 373 1843 ἐπιτροπῆς
399 1808 661 1843 ἅποχειροτονοῦσα,
694 1809 776 1833 πᾶσιν
805 1807 940 1833 ἐκτίθεται

144 1855 229 1888 νόμον
253 1855 310 1885 τοῖς
335 1853 509 1888 βουλομένοις
534 1853 724 1884 υἱοποιεῖσθαι,
750 1853 782 1878 ἄν
797 1853 826 1878 τέ
843 1861 883 1883 τις
906 1852 940 1878 τὰ

143 1900 272 1936 ἁρῤἑνων
293 1900 444 1935 ἀφῄρηται,
463 1900 495 1926 ἄν
511 1900 540 1926 τέ
559 1908 620 1925 τινα
641 1898 718 1926 οὔπω
728 1899 802 1933 ἣλιος
818 1896 871 1924 εἶδε
888 1907 940 1933 μη-

142 1947 224 1981 τέρα,
242 1946 336 1972 ἄδειαν
352 1946 552 1980 παρεχόμενον,
574 1946 603 1972 οὐ
623 1946 702 1981 μόνον
719 1945 751 1971 δι’
772 1946 843 1980 ἅπερ
867 1943 943 1971 εἶπον

143 1992 217 2019 καλὰ
230 1992 263 2018 ἐκ
280 1992 332 2026 τῆς
350 1992 488 2023 υἱοθεσίας
503 1992 645 2026 γινόμενα,
663 1991 721 2017 ἀλλ’
738 1992 780 2017 ὅτι
795 1991 842 2017 καὶ
853 1991 883 2017 τὸ
894 1990 943 2025 τῆς

143 2038 300 2074 παρθενίας
316 2038 415 2073 σεμνὸν
430 2039 478 2064 καὶ
491 2039 524 2064 ὲκ
538 2039 635 2064 τούτου
650 2036 808 2072 τιμώμενον
820 2037 941 2071 καθορῶ.

144 2086 180 2111 Δί
200 2085 256 2119 γὰρ
267 2085 331 2110 ὅσαι
350 2084 451 2119 μᾶλλον
468 2084 591 2118 γαμικῆς
608 2083 716 2119 ὁμιλίας
736 2082 839 2118 τιμῶσι
856 2083 877 2098 ⁸⁸
891 2082 942 2117 μὲν

142 2130 195 2165 τὴν
212 2130 373 2165 παρθενίαν,
399 2129 575 2166 προτιμῶσαι
590 2129 619 2156 δὲ
634 2129 709 2164 ὅμως
736 2128 839 2156 παίδων
856 2128 938 2164 ἔρωτι

147 2176 300 2207 δύττονται,
316 2175 395 2202 τοῦτο
406 2175 454 2202 καὶ
466 2176 589 2211 γαμικῆς
600 2175 710 2211 ὁμιλίας
724 2175 802 2206 ὲκτδς
821 2182 939 2210 προσγι-

142 2223 261 2257 νόμενον
275 2221 372 2253 αὑταῖς
390 2221 538 2257 ὁρῶσαιτὸ
559 2221 659 2257 σεμνὸν
676 2221 727 2256 τῆς
746 2220 893 2256 παρθενίας
907 2219 938 2245 οὐ

143 2268 334 2304 περιόψονται.

179 2317 220 2343 οὐ
236 2316 291 2351 γὰρ
304 2316 337 2351 δὴ
354 2316 440 2349 ἄξιον,
466 2315 535 2342 διότι
557 2314 623 2351 θῆλυ
648 2314 794 2350 πρόσωπον
819 2313 936 2347 ὗπεξου-

143 2362 221 2394 σίους
250 2362 324 2397 εχειν
353 2362 452 2394 παῖδας
481 2362 532 2388 οὐκ
561 2362 685 2396 ιφιτται,
716 2361 761 2387 διὰ
787 2360 867 2387 τοῦτο
898 2359 937 2396 μὴ

142 2409 249 2442 ἐξεῖναι
277 2408 470 2435 υιοθετεῖσθαι.
496 2407 609 2443 Πρῶτον
626 2407 676 2442 μὲν
695 2406 737 2433 ὁτι
753 2406 781 2433 εί
796 2414 839 2437 τις
859 2406 939 2433 τοῦτο

143 2455 334 2490 συγχωρήσω,
345 2455 377 2481 οὺ
389 2454 469 2490 μόνον
483 2453 532 2486 τὰς
543 2453 658 2484 ἀτόκους
669 2451 725 2479 τῶν
738 2451 876 2486 γυναικῶν
889 2450 940 2485 τῆς

1030 1715 1129 1743 Nostra
1156 1715 1250 1751 itaque
1283 1712 1461 1750 imperatoria
1479 1716 1620 1751 maiestas,
1635 1716 1669 1744 iis
1678 1716 1785 1752 legibus

994 1768 1056 1795 qua:
1070 1761 1202 1795 adoptare
1223 1761 1267 1788 his
1279 1768 1349 1795 quos
1378 1761 1500 1788 diximus
1525 1769 1579 1788 non
1605 1763 1781 1796 permittunt.

994 1806 1262 1834 administrationem
1287 1806 1434 1842 abrogatis,
1465 1807 1574 1841 evulgat
1600 1808 1698 1843 legem,
1724 1816 1785 1844 quax

994 1853 1123 1880 omnibus
1139 1853 1186 1888 qui
1212 1851 1343 1887 adoptare
1377 1852 1470 1884 velint,
1498 1854 1557 1881 sive
1579 1854 1717 1889 quispiam
1734 1855 1784 1883 viri

995 1898 1125 1925 l'acultate
1156 1898 1271 1925 orbatus
1298 1898 1345 1930 sit,
1372 1897 1430 1926 sive
1460 1898 1581 1933 aliquam
1596 1899 1652 1934 (98)
1666 1900 1783 1928 necdum

995 1948 1110 1971 matrem
1124 1943 1166 1971 sol
1182 1943 1292 1976 viderit,
1307 1943 1368 1977 ejus
1383 1943 1501 1971 faciendi
1518 1949 1678 1978 potestatem
1698 1945 1783 1974 facit:

994 1997 1048 2016 non
1059 1990 1148 2017 solum
1159 1994 1250 2017 autem
1261 1990 1295 2017 ob
1302 1990 1510 2018 commoditates
1517 1998 1586 2026 quas
1595 1998 1627 2018 ex
1637 1991 1784 2027 adoptione

995 2042 1108 2063 manare
1121 2035 1189 2067 dixi,
1203 2035 1250 2063 sed
1264 2036 1347 2063 etiam
1357 2036 1429 2071 quod
1440 2030 1504 2064 inde
1517 2037 1684 2072 virginitatis
1699 2039 1784 2066 decus

992 2081 1167 2109 cohonestari
1180 2082 1407 2109 animadvertam.
1418 2081 1447 2108 Si
1457 2082 1568 2116 quidem
1578 2090 1638 2117 quae
1647 2083 1783 2119 conjugali

992 2128 1187 2155 consuetudini
1217 2127 1400 2163 virginitatem
1418 2132 1600 2163 anteponunt,
1617 2128 1784 2165 interimque

993 2174 1141 2201 liberorum
1163 2173 1301 2201 desiderio
1313 2179 1484 2208 punguntur.
1499 2181 1561 2201 eum
1578 2174 1604 2202 id
1619 2179 1698 2202 extra
1725 2183 1783 2202 ma-

993 2220 1115 2247 trimonii
1126 2219 1355 2247 consuetudinem
1365 2219 1498 2254 consequi
1508 2227 1537 2247 se
1546 2227 1628 2254 posse
1638 2220 1779 2253 videbunt,

994 2265 1160 2301 virginitatis
1177 2266 1347 2293 honestatem
1363 2265 1502 2300 negligere
1514 2272 1568 2292 non
1592 2265 1780 2295 sustinebunt.

1029 2310 1124 2345 Mque
1153 2317 1236 2345 porro
1260 2317 1354 2337 verum
1374 2313 1474 2342 estut,
1497 2309 1561 2345 quia
1585 2311 1696 2338 mulieri
1712 2311 1781 2339 libe-

992 2363 1038 2384 ros
1051 2356 1078 2383 in
1088 2360 1223 2392 potestate
1237 2356 1337 2384 habere
1355 2352 1520 2390 permissum
1536 2363 1590 2383 non
1608 2357 1781 2390 est,idcirco

993 2403 1127 2439 adoptare
1150 2402 1190 2430 illi
1218 2410 1273 2430 non
1296 2402 1387 2430 liceat.
1416 2401 1536 2429 Primum
1560 2402 1634 2430 enim
1653 2403 1736 2438 quia,
1756 2404 1780 2431 si

993 2449 1057 2485 quis
1074 2449 1127 2477 hoe
1139 2449 1278 2481 admittat.
1295 2456 1350 2476 non
1369 2448 1457 2476 solum
1480 2448 1620 2481 mulieres,
1633 2456 1694 2485 qua:
1710 2456 1781 2477 nun-

786 2518 901 2547 V‘ARM‘I
929 2516 1131 2547 ιεοτιοΝΕς.

177 2572 202 2588 ¹⁸
216 2571 337 2607 Scrimg.
355 2570 522 2608 παρέστησε.
553 2570 575 2586 ³³
589 2569 690 2605 Incipit
705 2568 763 2597 Ecl.
800 2568 822 2583 "
834 2566 891 2595 Ecl.
907 2566 1073 2602 προτιμῶσι.

910 2622 1025 2652 ΝοΤιΕ.

180 2686 241 2721 (94)
257 2685 363 2713 Sensus
377 2688 436 2723 est_:_
447 2682 540 2723 Veteri
552 2684 615 2723 jure
625 2682 735 2723 feminis
746 2682 937 2723 (quppnatrgs

146 2714 282 2754 fuissent)
299 2724 405 2747 tantum
419 2720 535 2754 licuisse
552 2714 689 2754 'adoptare
718 2714 891 2746 in's'olatium
906 2714 939 2743 ll-

146 2727 282 2754 tmssent)
299 2727 405 2747 tantum
419 2727 535 2747 nouisse
556 2727 610 2746 auo
630 2727 689 2746 tare
718 2727 742 2745 Ill

144 2755 475 2796 bet'PEtlllLami8§er1ltt,
488 2751 507 2782 ι.
523 2754 599 2796 δερ.
611 2727 742 2796 ιιιιοιιἸ

181 2791 244 2827 (95)
270 2790 400 2828 Eunuchi
429 2786 471 2817 et'
494 2790 631 2828 mulieres
647 2786 787 2828 improles
806 2786 940 2828 adoptare

141 2820 211 2889 Rrec
233 2820 318 2888 ἔξιθι-ἱ
331 2832 394 2888 ἆορ
424 2828 585 2861 potuerunt.
614 2823 651 2851 De
671 2820 805 2851 eunuchis
825 2821 883 2849 dixi
905 2820 939 2848 ad

169 2869 217 2889 ον.
270 2881 278 2889 .
291 2868 315 2889 s.
385 2879 393 2889 .

169 2869 217 2889 ον.
233 2868 278 2895 ιο,
291 2868 315 2889 s.
331 2868 393 2890 eoa.

1026 2680 1085 2752 (96)
1100 2680 1218 2709 Αωίοιίο
1233 2680 1335 2708 nullitts
1348 2679 1487 2720 augenda.
1503 2678 1610 2721 Novell:
1621 2678 1668 2710 ιο,
1677 2678 1700 2714 j.
1716 2678 1780 2706 cod.

1038 2716 1086 2752 97)
1101 2716 1153 2750 Qui
1171 2722 1270 2752 manus
1285 2715 1378 2752 a_misi_t
1392 2715 1485 2743 verbis
1514 2719 1612 2743 testart
1633 2717 1736 2750 potest.
1752 2713 1780 2741 d.

1038 2713 1270 2759 Μὶρυίιξιειιιιρ
1285 2715 1378 2759 amisit
1388 2713 1487 2759 verbis
1495 2756 1499 2759 Ι
1514 2714 1612 2743 testari
1633 2713 1736 2750 potest.
1752 2713 1782 2741 d.

990 2750 1061 2779 Nov.
1076 2751 1121 2784 26,
1137 2755 1165 2779 et
1179 2751 1198 2778 Ι.
1225 2750 1272 2783 to,
1287 2750 1315 2777 II.
1327 2750 1375 2784 qui
1390 2753 1502 2779 testam;
1743 2787 1746 2789 γ

1027 2786 1086 2821 (98)
1111 2786 1217 2814 Sensus
1241 2789 1286 2813 cst
1304 2794 1311 2812 :
1331 2785 1460 2813 Feminas
1486 2785 1561 2820 (licet
1576 2788 1717 2821 nunquam
1732 2782 1783 2814 Ila-

992 2823 1104 2851 budrint
1118 2822 1230 2850 liberos‘
1242 2821 1374 2858 adoptare
1387 2828 1480 2858 posse.
