4062 6202
545 277 645 348 487
1783 263 2056 327 LEONIS
2095 263 2201 324 PH
2208 256 2563 324 ILOSOPHI'
3686 249 3806 314 4‘48

546 407 712 462 quam
735 393 1089 462 pepererunt,
1117 397 1306 442 verum
1333 382 1497 438 etiam
1525 395 1646 449 qua
1667 389 1870 434 matres
1884 380 2112 434 exstite-

2238 377 2488 437 ιίοθεσίας
2520 372 2777 443 ἀπείργει
2811 371 2880 435 ⁸⁷,
2921 369 3060 424 ἀλλὰ
3101 369 3198 422 καὶ
3240 367 3340 430 τὰς
3378 364 3637 436 διρθείσας
3693 382 3808 433 μη.

548 453 698 546 ἐιιηι,
716 453 781 533 .1.
795 453 1089 548 adoptione
1108 487 1275 530 arcet.
1298 473 1524 527 Femina
1539 473 1682 527 enim
1704 473 1786 541 (ιιι
1803 472 1888 525 lex
1909 471 2020 541 (99)
2043 471 2119 523 in.

2238 467 2402 536 τέρας·
2437 462 2604 530 Θῆλυ
2621 462 2750 531 γὰρ,
2772 460 2846 522 ὥς
2864 477 3017 528 φησι,
3050 462 3377 526 πρόσωπον
3394 453 3812 520 ὑπεξουσίους

549 543 691 642 ιιιιὶιῇ
707 572 892 624 habere
905 543 956 624 in
972 566 1425 638 potestateliberoa
1443 581 1542 618 non
1557 573 1745 632 potest.
1769 562 1969 618 Deinde
1986 562 2117 631 (1·4)

2238 556 2292 608 ιὺ
2307 553 2552 606 δύναται
2565 550 2730 617 ἔχειν
2745 547 2984 613 παῖδας.
2999 548 3229 602 Ἔπειτα
3243 546 3300 604 δέ
3313 546 3343 597 6
3357 543 3515 600 τοῦτο
3531 543 3814 608 θεσπίζων

549 635 796 733 (ξιιεέιιοο
832 635 1012 716 sanxit
1047 661 1152 719 lex,
1193 659 1434 727 loquitur
1457 656 1524 710 de
1554 657 1662 710 illis
1683 656 1774 724 qui
1799 670 1827 711 a
1852 653 2121 707 matribus

2238 647 2385 714 ιόμος
2411 642 2540 711 περὶ
2564 641 2789 694 ἐκείνων
2816 639 3137 707 λέγει,ηὸσοι
3169 638 3523 707 προκρίνουσι
3557 635 3672 694 τῶν
3700 654 3816 705 μη·-

553 752 868 807 recedentes
891 766 1140 805 seorsum
1174 765 1272 804 suo
1305 748 1572 801 arbitratu
1630 747 1811 800 vivere
1861 745 2070 797 malunt
2105 760 2119 802 :

2238 735 2395 804 ιέρων
2436 731 2756 792 διαστάντες
2813 729 2960 790 ίδίως
3013 728 3412 798 ῥυθμιζόμενον
3462 727 3610 796 ἔχειν
3658 727 3814 798 βίον,

556 860 662 898 non
699 845 827 897 item
858 858 983 895 vero
1013 840 1081 894 de
1112 841 1178 893 iis
1208 839 1300 908 qui
1337 846 1583 891 materna
1628 837 1858 906 imperia
1891 835 2124 888 libenter

2238 827 2341 880 nr
2371 825 2432 877 οὐ
2480 821 2868 894 περὶτούτων,
2915 821 3032 875 ὅσοι
3077 820 3179 891 τὴν
3229 819 3504 890 μητρικὴν
3555 820 3815 885 ἐξουσίαν

553 936 788 988 tolerant
819 934 1170 1001 ipsarumque
1203 927 1535 1000 praescriptis
1570 943 1666 997 per
1693 942 1908 981 omnem
1961 926 2125 980 vitam

2238 917 2398 987 ἡδέως
2435 915 2660 986 φέρουσι
2712 914 2809 967 καὶ
2856 911 2946 965 διὰ
2998 911 3114 981 βίου
3149 912 3247 981 τὴν
3287 910 3571 978 ὑποταγὴν
3615 911 3812 973 αὑταῖς

552 1039 744 1094 parere
793 1028 1220 1092 preposueruut.
1273 1019 1392 1073 Non
1454 1019 1619 1089 igitur
1667 1016 2039 1072 obedientiam
2069 1021 2125 1066 et

553 1115 872 1170 famulatum
931 1110 1320 1173 voluntarium,
1370 1123 1683 1178 quanquam
1725 1107 1772 1160 is
1821 1121 1982 1159 rarus
2033 1104 2126 1169 sit,

555 1209 640 1261 lex
673 1206 921 1275 prohibet
957 1221 972 1258 :
1006 1203 1104 1256 sed
1167 1203 1279 1254 illic
1319 1201 1519 1256 femina
1550 1208 1821 1269 potestate
1864 1197 2129 1267 privatur,

556 1299 649 1353 ubi
690 1296 988 1350 voluntatis
1015 1309 1282 1349 assensus
1333 1293 1399 1345 ad
1433 1291 1796 1346 obedientiam
1849 1306 1956 1343 non
1996 1289 2128 1343 coit.

555 1387 690 1442 Nam
713 1390 757 1443 si
786 1387 887 1446 hoc
915 1385 984 1438 ita
997 1384 1089 1449 sit,
1110 1381 1385 1452 quomodo
1401 1381 1583 1435 multa:
1606 1391 1806 1434 matres
1824 1380 1937 1448 jam
1961 1379 2134 1432 vidum

558 1478 760 1532 liberos
789 1490 975 1530 secum
1006 1490 1110 1527 una
1144 1473 1388 1528 viventes
1407 1480 1460 1527 et
1485 1469 1736 1528 subditos
1750 1471 1815 1523 ad
1831 1477 2134 1524 extremum

559 1583 729 1637 usque
761 1567 900 1620 diem
936 1565 1138 1618 habent
1169 1573 1222 1618 et
1250 1564 1488 1618 animam
1532 1563 1586 1616 in
1619 1562 1839 1616 illorum
1883 1558 2135 1612 manibus

553 1659 899 1726 exspirantes
922 1664 1181 1709 maternae
1215 1653 1610 1707 benedictionis
1632 1660 1686 1708 et
1716 1666 1936 1708 suarum
1959 1650 2135 1705 facul-

558 1757 730 1802 tatum
756 1748 877 1802 illos
903 1747 1219 1814 relinquunt
1243 1744 1531 1800 bteredes?

633 1926 802 1979 Porro
833 1936 884 1980 et
914 1924 1045 1978 lIItltI
1079 1924 1247 1978 etiam
1281 1923 1630 1992 imperatoria
1663 1908 1850 1974 nostra
1876 1919 2135 1988 majestas

561 2018 795 2087 benigne
830 2017 1064 2070 subditis
1104 2017 1355 2086 largitur,
1394 2023 1450 2067 ut
1487 2031 1587 2066 non
1623 2012 1775 2066 modo
1805 2011 1869 2065 ab
1907 2012 2136 2079 impera.

561 2115 673 2161 tore
727 2107 1211 2175 (quemadmodum
1265 2105 1597 2159 vetustiores
1625 2103 1702 2171 (5)
1742 2103 1886 2170 leges
1936 2115 2131 2169 praece-

561 2198 734 2267 pere),
762 2197 856 2252 sed
875 2198 1037 2251 etiam
1057 2213 1086 2251 a
1112 2212 1460 2267 quocunque,
1497 2195 1586 2249 cui
1619 2193 1996 2263 cujuscunque
2031 2191 2135 2246 loci

559 2289 732 2343 rectio
767 2289 1010 2358 iniuncta
1033 2289 1160 2348 erit.
1191 2287 1285 2356 qui
1314 2287 1574 2355 adoptare
1600 2285 1764 2350 volet,
1800 2283 1853 2340 id
1885 2281 2136 2338 faciendo

562 2380 876 2435 facultatem
909 2379 1161 2447 accipere
1187 2379 1383 2447 possit.

981 2467 1446 2524 CONS'I‘ITUTIO
1470 2465 1712 2522 XXVIII.

563 2561 681 2625 Quo
711 2569 935 2623 tempore
959 2558 1035 2626 (6)
1068 2567 1118 2611 et
1150 2574 1180 2610 a
1211 2556 1398 2624 quibus
1426 2571 1602 2609 rerum
1633 2569 1870 2626 auarum
1901 2554 2136 2608 admini-

878 2624 1068 2684 stratio
1100 2626 1300 2679 adultis
1333 2626 1547 2678 concedi
1607 2624 1817 2678 debeat.

633 2781 782 2837 Idem
811 2781 942 2849 imp.
997 2777 1243 2848 Styliauo
1301 2777 1669 2832 excellentiss.
1706 2790 1992 2832 sacrorum
2026 2777 2139 2831 olit-

565 2877 778 2930 ciorum
810 2872 1099 2942 magistro.

636 2963 1085 3034 Quandoquidem
1151 2963 1253 3016 hoc
1286 2960 1451 3014 etiam
1514 2959 1918 3030 legislatoribus
1981 2966 2137 3013 recte

2230 1006 2423 1071 σώζειν
2448 1005 2775 1073 ἐγνώκασιν.
2806 1003 3014 1058 Οὔκουν
3039 1005 3068 1056 ὁ
3099 1003 3262 1072 νόμος
3293 1003 3395 1073 τὴν
3432 1002 3541 1059 ἀπὸ
3580 1000 3813 1069 γνώμης

2232 1098 2512 1169 ὑποταγὴν
2539 1100 2632 1152 καὶ
2658 1097 2958 1160 οίκείωσιν,
2992 1097 3134 1166 ὅπερ
3167 1095 3260 1151 καὶ
3298 1094 3537 1152 ἐνταῦθα
3570 1093 3814 1162 συμεαί-

2232 1211 2334 1256 νει,
2366 1192 2467 1246 οὐκ
2508 1189 2864 1259 ἀπαγορεύει,
2906 1189 3023 1242 ἀλλ’
3060 1190 3175 1243 ἐκεῖ
3221 1188 3284 1240 τὸ
3329 1187 3466 1255 θῆλυ
3514 1185 3814 1255 πρόᾱωπον

2234 1284 2550 1352 ἀφαιρεῖται
2587 1280 2687 1350 τὴν
2737 1279 3010 1344 ἐξουσίαν,
3055 1274 3117 1334 οὗ
3146 1277 3372 1346 γνώμης
3412 1277 3730 1344 ἐκουσιότης
3765 1274 3813 1310 ι’

2234 1375 2314 1436 είς
2357 1371 2640 1444 ὑποταγὴν
2684 1370 2746 1424 οὐ
2793 1370 3134 1439 συνέρχεται.
3177 1367 3330 1424 Ἐπεὶ
3365 1369 3414 1419 εί
3463 1366 3642 1431 τοῦτο,
3691 1365 3814 1428 πῶς

2235 1462 2430 1514 πολλα)⁸
2452 1461 2560 1514 τῶν
2610 1460 2868 1529 μητέρων
2905 1459 3296 1528 κεχηρωμέναι
3341 1458 3538 1520 παῖδας
3563 1474 3624 1509 τε
3671 1473 3814 1524 συμ-

2237 1552 2490 1615 6ιοῦντας
2543 1553 2638 1604 καὶ
2681 1551 3156 1620 ὑποταττομένους
3214 1549 3378 1617 μέχρι
3425 1549 3524 1616 τῆς
3573 1547 3815 1617 ἐσχάτης

2239 1641 2453 1710 ἔχουσιν
2481 1642 2717 1712 ἡμέρας,
2743 1642 2838 1694 καὶ
2877 1642 2935 1692 ἐν
2964 1641 3150 1711 χερσὶν
3191 1640 3372 1693 αὐτῶν
3395 1641 3492 1709 τὴν
3530 1639 3680 1707 ζωὴν
3711 1657 3817 1694 κα-

2165 1720 2210 1780 Β
2238 1735 2530 1788 ταλύουσαι
2556 1733 2656 1802 τῆς
2700 1750 2759 1790 τε
2793 1732 3066 1802 μητρικῆς
3097 1733 3348 1801 εὐλογίας
3381 1734 3475 1788 καὶ
3503 1731 3612 1786 τῶν
3638 1747 3816 1803 προσο

2238 1828 2403 1882 όντων
2433 1825 2905 1892 καταλιμπάνουσι
2932 1825 3304 1894 κληρονόμους
3329 1843 3343 1891 ς

2306 1918 2416 1974 Καὶ
2463 1917 2623 1969 τοῦτο
2652 1917 2708 1970 δέ
2735 1917 2767 1986 ἡ
2804 1916 3052 1988 βασιλεία
3076 1916 3234 1986 ἡμῶν
3278 1917 3341 1971 τὸ
3368 1915 3682 1988 ὑποχείριον
3723 1934 3814 1984 φιτ

2233 2011 2556 2079 λοτιμεῖται,
2569 2007 2724 2063 ὥστε
2735 2007 2820 2075 μὴ
2832 2009 3028 2074 μόνον
3045 2009 3204 2075 παρὰ
3213 2001 3519 2072 βασιλέωξ
3533 2006 3738 2076 (καθὼς
3759 2009 3813 2062 οι

2237 2101 2473 2172 πρόσθεν
2499 2100 2802 2168 ἐπέτρεπον
2822 2098 3002 2168 νόμοι)
3034 2099 3126 2152 τὸν
3159 2099 3520 2154 υίοθετεῖσθαι
3553 2099 3816 2170 βουλόμε-

2236 2208 2346 2255 νον,
2382 2191 2518 2245 ἀλλὰ
2543 2192 2637 2246 xei.
2662 2191 2815 2260 παρὰ
2845 2189 3049 2252 παντὸς
3077 2188 3174 2244 τοῦ
3210 2190 3332 2242 καθ’
3355 2190 3596 2260 ἑκάστην
3626 2190 3815 2262 χώραν

2235 2283 2295 2335 τὸ
2324 2282 2516 2352 ἄρχειν
2565 2283 2660 2336 καὶ
2680 2282 2892 2338 διέπειν
2937 2281 3195 2350 λαχόντος
3225 2281 3324 2351 τὴν
3371 2280 3628 2346 ἐξουσίαν
3675 2282 3816 2352 λαμ-

2237 2372 2441 2428 δάνειν.

2778 2459 3090 2516 ΔΙΑΤΑΞΙΣ
3124 2463 3258 2518 κη’.

2238 2555 2375 2622 Περι
2406 2554 2510 2607 τοῦ
2559 2555 2785 2622 καιροῦ,
2821 2556 2963 2609 καθ’
3010 2557 3084 2609 ὃν
3125 2555 3221 2608 δεῖ
3264 2556 3403 2622 τοὺς
3449 2557 3674 2622 παῖδας
3710 2559 3824 2623 τὴν

2309 2624 2426 2709 τῷν
2441 2627 2674 2678 οἰκείων
2691 2623 2996 2695 διοίκησιν
3027 2627 3476 2702 ἐγχειρίζεσθαί,
3515 2627 3617 2681 καί
3656 2629 3821 2696 παρὰ

2313 2711 2498 2758 τινος.

2321 2784 2379 2835 Ὀ
2417 2783 2578 2846 αὐτὸς
2618 2784 2870 2854 βασιλεὺς
2924 2785 3200 2860 Στυλιανῷ
3249 2788 3326 2862 τῷ
3382 2790 3822 2860 ὑπερφυεστάτῳ

2244 2873 2537 2944 μαγίστρῳ
2556 2875 2666 2927 τῶν
2697 2875 2855 2932 θείων
2887 2877 3178 2950 όφφικίων.

2326 2963 2542 3034 Ἐπειδὴ
2570 2966 2661 3017 καὶ
2693 2965 2851 3018 τοῦτο
2883 2966 3061 3028 καλῶς
3090 2970 3202 3030 τοῖς
3235 2968 3554 3038 νομοθέταις
3591 2969 3742 3040 ἔδοξε
3767 2973 3823 3024 τὸ

567 3057 794 3128 placuit,
833 3064 890 3109 ut
920 3054 995 3124 (7)
1030 3053 1338 3107 minoribus
1391 3060 1669 3107 curatores
1707 3053 2137 3121 prmliccrentur,

2248 3057 2430 3109 παισὶν
2480 3057 2919 3128 ὠρφανισμὲνοις
2970 3061 3300 3132 ἐγκαθιστᾷν
3346 3063 3704 3133 ἐπιτρόπους,
3758 3065 3824 3117 δι’

566 3152 659 3221 qui
688 3156 974 3219 parentum
1006 3147 1071 3200 de
1109 3146 1216 3200 illis
1259 3159 1448 3200 curam
1501 3144 1842 3215 suppientes,
1879 3152 1932 3199 et
1966 3145 2139 3199 uitatis

2247 3142 2321 3200 ὧν
2353 3149 2384 3212 ή
2435 3148 2542 3199 τῶν
2577 3149 2829 3218 πατέρων
2871 3152 3331 3223 ἀναπληρουμὲνη
3383 3155 3567 3217 αὐτοῖς
3599 3156 3824 3226 πρόνοια

567 3243 994 3298 imbecillitatem
1027 3255 1172 3295 curae
1206 3239 1494 3302 baberent,
1521 3249 1574 3292 et
1611 3239 1754 3291 bona
1783 3235 2139 3291 convcnienti

2246 3235 2314 3290 δι’
2337 3237 2653 3305 ἐπιμελείας
2701 3240 2799 3308 μὲν
2829 3241 2888 3292 τὸ
2926 3243 3025 3311 τῆς
3065 3244 3283 3312 ἡλικίας
3323 3247 3558 3297 ποιεῖται
3592 3246 3824 3307 ἁπαλὸν,

569 3333 943 3390 sollicitudine
975 3333 1144 3386 illaesa
1173 3339 1600 3396 conservarent,
1647 3331 1793 3395 quod
1819 3328 2148 3398 lcgislationi

569 3438 716 3482 recte
739 3441 797 3480 se
829 3424 1048 3480 habenti
1096 3423 1270 3485 deest,
1306 3437 1372 3476 ex
1398 3421 1558 3476 nobis
1583 3419 1894 3475 addendum
1928 3422 2148 3490 putavi-

570 3533 712 3572 mus.
745 3516 815 3569 At
852 3517 974 3583 quis
1028 3514 1116 3569 ille
1169 3513 1416 3566 defectus
1447 3510 1737 3577 estYQuod
1760 3527 1790 3565 a
1830 3511 1947 3566 solo
1981 3510 2151 3582 impe-

571 3619 777 3672 ratore,
832 3607 1007 3676 jussis
1058 3604 1313 3659 recedere
1353 3603 1730 3669 curatoribus,
1763 3617 1942 3657 rerum
1974 3601 2151 3656 admi-

572 3699 956 3754 nistrationem
1017 3695 1156 3748 tradi
1224 3693 1584 3747 minoribus:
1637 3692 1800 3762 idque
1857 3709 1979 3748 cum
2037 3693 2148 3762 jam

571 3790 851 3860 praefinita:
881 3788 1059 3842 aetatis
1093 3785 1313 3840 modum
1355 3783 1638 3854 attigerint
1695 3783 1878 3853 (quem
1905 3783 2152 3838 maribus

580 3881 908 3940 vicesimus,
963 3876 1178 3930 feminis
1229 3889 1357 3928 vero
1404 3873 1652 3929 decimus
1705 3882 1932 3928 Octavus
1976 3888 2152 3927 annus

571 3969 809 4037 tribuit),
843 3976 896 4022 et
922 3975 1180 4036 tanquam
1232 3963 1298 4017 ad
1324 3963 1462 4016 hanc
1521 3972 1756 4026 atatem,
1793 3980 1897 4033 qua
1951 3979 2145 4032 sapere

571 4065 828 4125 recteque
880 4064 1043 4124 atque
1078 4055 1286 4107 utiliter
1319 4068 1406 4107 res
1443 4069 1572 4108 suas
1613 4053 1999 4108 administrare
2031 4070 2150 4123 pos-

571 4155 722 4213 sunt,
753 4147 863 4216 jam
893 4146 1278 4216 pervenerint,
1313 4145 1366 4198 in
1402 4145 1614 4212 plenam
1684 4159 1863 4197 rerum
1923 4161 2148 4199 suarum

2247 3330 2315 3382 τὰ
2371 3331 2683 3400 ὑπάρχοντα
2731 3332 2788 3384 δὲ
2833 3335 2952 3395 ταῖς
2993 3334 3239 3397 δεούσαις
3285 3337 3565 3405 φροντίσιν
3612 3338 3823 3405 ἀϐλαϐῆ

2251 3423 2524 3489 συντηρεῖ,
2557 3421 2633 3489 τῷ
2671 3421 2849 3484 καλῶς
2875 3423 3205 3493 διακειμένῳ
3228 3426 3328 3494 τῆς
3349 3427 3674 3494 νομοθεσίας
3706 3445 3826 3480 συνο

2250 3510 2462 3580 είδομεν
2489 3511 2516 3564 ὃ
2551 3511 2726 3564 λείπει
2760 3515 2890 3582 παρ’
2929 3515 3137 3566 ἐαυτῶν
3172 3517 3502 3586 προσθεῖναι.
3543 3518 3607 3569 Τί
3643 3515 3736 3572 οὖν
3768 3519 3827 3570 τὸ

2252 3601 2494 3654 ἐλλεῖπον
2519 3598 2620 3672 ἦν;
2653 3604 2724 3655 Τὸ
2760 3604 3041 3673 βούλεσθαι
3073 3607 3219 3675 παρὰ
3250 3607 3411 3676 μόνου
3444 3607 3709 3676 βασιλέως
3736 3627 3828 3662 κεο

2252 3690 2500 3756 λεύοντος
2526 3693 2838 3758 ἐξίστασθαι
2866 3696 2993 3758 τοὺς
3016 3697 3368 3768 κουράτωρας
3405 3699 3504 3768 τῆς
3541 3700 3650 3752 τῶν
3681 3719 3824 3770 πρα-

2253 3783 2478 3851 γμάτων
2532 3783 2870 3852 διοικήσεως,
2922 3786 3321 3857 ἐγχειρίζεσθαι
3355 3789 3409 3842 δὲ
3460 3790 3589 3853 τοὺς
3629 3793 3828 3854 παῖδας

2252 3874 2418 3945 αὐτὴν
2466 3875 2839 3940 ἀπολαϐόντας
2886 3879 2982 3946 τῆς
3019 3880 3232 3948 ἡλικίας
3281 3880 3340 3932 τὸ
3387 3883 3606 3953 μέτρον,
3636 3885 3664 3936 ὃ
3713 3888 3826 3945 τοῖς

2257 3965 2354 4035 μὲν
2383 3967 2605 4038 ἄρρεσιν
2632 3969 2658 4020 ό
2679 3969 2919 4030 εἰκοστὸς
2941 3971 3205 4040 ἀπονέμει
3227 3972 3417 4042 χρόνος
3436 4012 3452 4036 ,
3485 3978 3604 4036 ταῖς
3644 3975 3700 4026 δέ
3731 3975 3826 4044 θη-

2251 4055 2423 4119 λείαις
2444 4058 2471 4109 ό
2499 4057 2681 4124 ὄγδοος
2710 4059 2805 4111 καὶ
2833 4059 3053 4123 δέκατος
3084 4061 3149 4124 ¹⁹,
3180 4060 3254 4123 ὠς
3285 4062 3365 4125 είς
3393 4062 3543 4132 ὥραν
3575 4064 3822 4128 ἐλθόντας

2253 4147 2566 4216 φρονήσεως
2611 4148 2702 4199 καὶ
2729 4147 2820 4200 τοῦ
2863 4149 2930 4200 τὰ
2973 4151 3149 4202 οίκεῖα
3203 4151 3462 4204 δύνασθαι
3513 4153 3695 4217 καλῶς
3729 4157 3818 4206 καὶ

569 4248 895 4311 potestatem
934 4236 1193 4292 collocari
1241 4236 1391 4290 velit.
1432 4233 1628 4290 Verum
1669 4235 1926 4309 quoniam
1965 4242 2022 4288 ut
2058 4251 2139 4290 sa-

2253 4238 2638 4309 συμφερόντως
2687 4241 2990 4309 οίκονομεῖν
3051 4241 3142 4293 ἐπὶ
3186 4241 3284 4310 τῆς
3328 4243 3646 4307 δεσποτείας
3692 4245 3824 4299 καθα

573 4335 744 4402 p‘iant,
786 4330 1041 4386 omnibus
1099 4345 1206 4384 uou
1253 4329 1440 4385 eadem
1484 4337 1643 4382 aetate
1696 4327 2000 4398 contingit,
2038 4343 2139 4382 non

2254 4331 2522 4384 ίστασθαι.
2549 4331 2688 4384 Ἀλλ’
2715 4333 2836 4384 ἐπεὶ
2861 4333 2958 4403 οὐχ
2989 4335 3190 4403 ὁμοίως
3225 4336 3357 4386 πᾶσι
3385 4335 3445 4387 τὸ
3470 4338 3689 4404 φρονεῖν
3719 4353 3824 4388 πα-

576 4430 647 4477 ita
686 4424 1008 4492 simpliciter
1034 4421 1224 4486 statui,
1292 4435 1467 4489 neque
1497 4433 1564 4473 ex
1601 4419 1718 4473 sola
1756 4425 1915 4472 aetate
1956 4418 2023 4471 ad
2061 4434 2139 4473 rc-

2249 4423 2546 4492 ραγίνεται,
2602 4424 2710 4476 ἔδει
2735 4425 2780 4455 ⁸⁸
2818 4424 2893 4494 μὴ
2924 4424 3112 4488 ἁπλῶς
3157 4425 3304 4479 οὕτω
3335 4425 3634 4491 θεσπίζειν,
3689 4428 3823 4497 μηδέ

575 4531 694 4569 rum
724 4530 946 4569 suarum
979 4513 1424 4582 gubernationem
1448 4510 1655 4579 pariter
1688 4525 1880 4565 omnes
1912 4509 2139 4578 produci

2249 4513 2457 4574 πάντας
2491 4513 2626 4582 όμοῦ
2657 4513 2761 4566 ὑπὸ
2793 4515 2953 4582 μόνου
2985 4515 3079 4567 τοῦ
3124 4515 3316 4583 καιροῦ
3345 4517 3423 4577 είς
3456 4515 3554 4582 τὴν
3596 4515 3710 4566 τῶν
3744 4517 3826 4567 ol—

573 4607 862 4676 oportebat
891 4621 907 4671 ;
939 4603 1033 4658 sed
1062 4612 1180 4657 erat
1210 4616 1371 4668 quam
1404 4607 1617 4654 aetatem
1646 4599 1912 4669 cujusque
1950 4615 2139 4654 eorum

2248 4602 2408 4653 κείων
2435 4601 2685 4665 ἐξουσίαν
2714 4603 3075 4672 προάγεσθαι,
3103 4605 3237 4658 ἀλλὰ
3268 4603 3391 4656 καθ’
3419 4604 3480 4656 ὃν
3508 4605 3822 4658 ἀπαιτείται

569 4698 662 4765 qui
718 4710 900 4750 rerum
963 4707 1184 4748 suarum
1249 4691 1777 4745 administrationem
1829 4690 2139 4759 suscepturi

2245 4691 2437 4758 καιρὸν
2481 4691 2590 4744 τῶν
2615 4693 2713 4761 τὴν
2749 4694 2790 4730 ⁸¹
2821 4694 3144 4746 δεσποτείαν
3177 4694 3676 4765 προχειριζομένων
3720 4711 3822 4746 κα-

567 4796 793 4852 esscnt,
849 4794 1027 4840 status
1096 4783 1446 4851 requireret,
1509 4781 1932 4850 inspiciendum.
1997 4780 2139 4846 Quid

2244 4785 2521 4844 τάστασις.
2557 4784 2622 4835 Τί
2655 4784 2762 4854 γάρ
2783 4802 2797 4851 ;
2822 4785 2848 4837 ό
2879 4785 2978 4854 μὲν
3004 4787 3052 4837 εί
3081 4787 3126 4818 “
3153 4786 3494 4854 ὑπερελάσας
3515 4784 3607 4837 τὸν
3630 4774 3825 4854 χρόνον

567 4876 754 4929 enim?
780 4891 849 4930 an
869 4891 996 4930 cum
1026 4875 1136 4937 hic,
1175 4881 1463 4943 postquam
1495 4886 1614 4926 eam
1636 4878 1851 4925 aetatem
1882 4887 2139 4940 egressus

2241 4872 2394 4927 οὔπω
2432 4875 2511 4937 είς
2542 4876 2604 4928 τὸ
2634 4878 2854 4945 φρονεῖν
2885 4875 3132 4944 ἀφίκετο,
3178 4875 3271 4928 τοῦ
3298 4875 3579 4938 δεσπόζειν
3606 4873 3820 4943 κριθείη

1855 5008 2088 5064 νΑιιιΑῖ
2143 5011 2546 5069 LECTIONES.

638 5105 680 5178 ‘7
705 5103 821 5161 Ecl.
848 5105 1116 5178 ἀπείρξει.
1186 5106 1227 5136 ¹⁸
1251 5105 1341 5178 Sic
1369 5102 1483 5178 Ecl.
1511 5099 1756 5178 Qodd._et
1769 5100 1900 5178 editi
1929 5100 2128 5178 habent
2159 5119 2174 5178 :_
2202 5104 2337 5174 ὅπερ
2357 5109 2450 5159 καὶ
2469 5106 2611 5178 καθα
2639 5107 2924 5178 συμϐαίνει
2946 5107 3300 5178 ἀπαγορεύει,
3328 5104 3582 5178 ἀλλ’ἐκιῑ
3600 5103 3664 5178 τὸ
3683 5101 3812 5170 θῆλυ

571 5176 860 5245 πρόσωπον
907 5163 1214 5244 ἀφαίρείται
1240 5175 1338 5254 τὴν
1367 5170 1631 5236 ἐξουσίαν,
1664 5163 1724 5224 οὗ
1758 5170 1950 5241 γνώμῃ
1986 5163 2320 5242 πλησιότης.’
2371 5178 2412 5208 ⁸⁸
2446 5163 2817 5245 SupplentIum
2851 5178 2963 5230 καί.
3033 5163 3192 5230 ’θεῖε
3213 5163 3447 5229 correxit
3484 5163 3811 5242 Stephanus.

570 5245 740 5300 Codd.
765 5246 912 5299 εἴδει.
1006 5247 1046 5275 ²¹
1074 5244 1512 5300 Praunutendum
1545 5254 1743 5296 censeo
1769 5241 1879 5294 ἐπί.
1939 5242 1982 5271 ⁸⁸
2010 5241 2184 5296 Codd.
2210 5245 2256 5295 εί
2279 5246 2306 5295 6
2337 5246 2453 5300 μὲν.
2487 5247 2794 5300 Stephanus
2811 5249 2857 5300 εί
2883 5247 2940 5300 ὃς
2973 5247 3072 5300 μὲν
3094 5246 3188 5300 καὶ
3211 5243 3432 5300 ὑπερελ.
3460 5275 3520 5286 -
3541 5242 3600 5300 ὃς
3633 5243 3707 5295 δέ.

1006 5241 1056 5275 ²¹’
1074 5241 1512 5300 Ρι-αξιιιὶιῐειιιίιιιη
1545 5254 1743 5296 censeo
1769 5241 1879 5294 ἐπί.
1939 5242 1982 5271 ⁸⁸
2010 5241 2184 5296 Codd.
2210 5241 2256 5295 εί
2279 5246 2306 5295 6
2337 5246 2453 5314 μὲν,
2487 5241 2857 5315 Stephanusel
2883 5247 2940 5310 ὃς
2973 5247 3072 5317 μὲν
3094 5246 3188 5300 καὶ
3211 5243 3432 5314 ὑπερελ.
3460 5275 3520 5286 -
3541 5241 3600 5306 ὃς
3633 5243 3707 5295 δέ.

2093 5335 2322 5394 NOTAE.

643 5431 754 5498 (99)
777 5431 899 5486 Vid.
933 5432 969 5484 l.
1000 5431 1052 5495 ε,
1080 5433 1140 5486 ιε.
1184 5429 1258 5486 Dc
1291 5429 1474 5501 adopt.
1516 5427 1548 5501 ti
1585 5431 1666 5485 to.

822 5501 1054 5584 bist-mlle
1085 5503 1268 5570 adopt.
1303 5497 1424 5570 υιρι
1445 5500 1500 5565 8,
1578 5501 1630 5554 9.

752 5570 1077 5691 ἓὶίίὲίιιὶἓιιιε
1102 5655 1168 5691 ιιι
1201 5647 1253 5691 et
1284 5654 1440 5692 xvut.
1473 5636 1575 5702 Qui
1610 5653 1715 5691 non
1745 5652 1958 5706 semper
1980 5654 2128 5692 anno

2249 5441 2436 5512 naut
2480 5433 2844 5513 .xvut.rquod
2898 5433 3020 5488 addi
3079 5439 3295 5502 oportet
3324 5429 3426 5487 leui
3457 5427 3592 5491 2,0.
3630 5424 3702 5480 De
3730 5424 3811 5482 his

2247 5517 2336 5571 qui
2370 5517 2583 5558 velitaut
2617 5512 2815 5556 :t-tatis.

2317 5573 2392 5638 (7i
2418 5571 2547 5625 lust.
2583 5572 2653 5626 Dc
2678 5583 2853 5626 curat.
