4090 6206
314 340 423 406 489

1418 349 1781 411 NOVELL/E
1846 344 2524 413 CONSTITUTIONES.

3480 359 3587 426 490

310 457 489 522 ἄξιος,
516 456 547 509 ό
574 454 631 510 δὲ
656 456 705 510 εί
737 455 833 511 τοῦ
863 456 1060 529 καιροῦ
1102 456 1325 511 ἔλαττον
1348 456 1490 527 ἔχων
1517 459 1616 510 οὐκ
1650 457 1890 511 ἐλαττοῦ-

2011 463 2103 525 sit,
2140 461 2384 518 nondum
2447 466 2633 517 autem
2687 460 2826 517 satis
2877 461 3073 533 sapere
3118 463 3377 535 cmperit,
3412 467 3589 523 admi-

305 565 401 601 ται
442 548 763 620 φρονήσεως
794 548 889 604 καὶ⁵
940 549 1035 604 τοῦ
1068 549 1246 621 ὀρθῶς
1281 550 1349 602 τὰ
1396 550 1699 620 πράγματα
1733 560 1905 620 μεταο

304 637 685 710 χειρίζεσθαι,
738 641 1171 712 άπειρχθήσεται
1204 644 1304 712 τῆς
1355 640 1709 712 διοικήσεωςς
1748 638 1905 696 Ἐπεὶ

312 727 407 785 οὖν
436 733 538 801 οὐχ
566 727 729 803 ἦττον
760 734 903 785 κατὰ
935 733 1063 786 νοῦν
1089 734 1122 803 ἢ
1149 732 1209 787 τὸ
1240 734 1401 805 σῶμα
1434 734 1786 805 διαφέρουσιν
1804 735 1903 789 ἇν-

306 824 546 895 θρωποι.
592 826 690 878 καί⁵
729 826 780 879 οί
812 826 911 895 μὲν
938 826 1356 897 εὐσταθέστεροι
1390 827 1481 880 τὸν
1522 827 1779 898 λογισμὸν
1808 828 1905 880 καὶ

305 917 421 987 πρὸ
449 916 546 970 τοῦ
583 919 976 989 νενομισμένου
1005 919 1224 989 καιροῦ,
1251 920 1299 973 οξ
1323 920 1380 973 δὲ
1414 921 1509 973 καὶ
1533 920 1902 990 ὑπερϐάλλονο

303 1026 398 1073 τες
430 1008 598 1064 αὐτὸν
624 1012 685 1063 έν
713 1010 970 1065 εὐσταθεῖ
1000 1011 1100 1082 τὴν
1128 1012 1368 1066 διάνοιαν
1400 1013 1460 1066 οὐ
1489 1015 1793 1084 πεπήγασι,
1823 1012 1905 1084 τῷ

302 1098 368 1169 δὴ
404 1101 580 1155 ταῦτα
627 1099 912 1171 βούλεσθαι
962 1101 1197 1165 ἐλλιπῶς
1245 1102 1390 1172 ἔχειν
1433 1102 1536 1173 τὴν
1577 1102 1900 1172 νομοθεσίαν

302 1192 505 1259 ὶποίει,
539 1193 635 1246 καὶ
664 1192 839 1256 ἄλλως
862 1194 919 1248 δέ
957 1204 1073 1257 πως
1101 1194 1318 1265 πρῶτον
1348 1196 1470 1264 μὲν,
1501 1196 1583 1249 ὅτι
1615 1195 1691 1267 μὴ
1718 1197 1902 1269 ῥᾴδιον

306 1284 513 1355 μᾶλλον
550 1284 607 1338 δὲ
635 1286 918 1350 παντελῶς
956 1284 1221 1339 ἀδύνατον
1260 1289 1397 1356 πρὸς
1440 1287 1653 1351 πάντας
1691 1287 1903 1343 διαϐαί-

302 1392 420 1427 νειν
448 1374 546 1428 τοῦ
579 1376 873 1445 νομοθέτου
910 1376 973 1430 τὸ
999 1375 1270 1448 βούλημα.
1301 1378 1427 1442 Πῶς
1456 1377 1566 1449 γὰρ
1590 1379 1639 1432 ei
1670 1377 1775 1448 γῆς
1805 1380 1901 1432 καὶ

303 1465 586 1536 θαλάσσης
624 1470 856 1539 μακροῖς
889 1467 1256 1538 διειργόμενοι
1296 1468 1684 1540 διαστήμασιν,
1717 1470 1804 1522 ἴνα
1831 1470 1901 1523 τὰ

303 1556 447 1610 ἄλλα
475 1556 710 1629 δυσχερῆ
745 1557 843 1611 τοῦ
881 1557 998 1628 βίου
1027 1558 1198 1624 ἐάσω,
1226 1560 1418 1623 νόσους
1470 1562 1567 1615 καὶ
1604 1560 1806 1630 φόϐους
1841 1560 1902 1625 ἐξ

310 1648 612 1719 ἐπιϐουλῆς
657 1650 870 1720 ἐχθρῶν
903 1651 997 1704 καὶ
1028 1652 1206 1722 μελῶν
1250 1652 1531 1725 πηρώσεις
1554 1654 1604 1725 (ό
1637 1655 1901 1719 πολλάκις

312 1740 427 1793 οὐδ’
459 1742 555 1792 ἐπὶ
604 1740 792 1811 χώρας
837 1741 1019 1797 δίδωσι
1070 1744 1339 1815 προϊέναι,
1389 1745 1465 1816 μὴ
1502 1747 1585 1800 ὃτι
1624 1758 1688 1815 γε
1732 1746 1899 1816 ὑπερ-

2008 553 2342 609 nistratione
2370 551 2574 623 dignus
2598 550 2883 621 judicatus
2903 549 3071 607 fuerit
3097 551 3241 619 :ille,
3270 567 3592 625 quanquam

2006 646 2308 701 etiamnum
2358 643 2505 698 infra
2525 652 2644 698 eam
2674 648 2889 697 atatem
2936 642 3030 708 sit,
3064 643 3353 713 prudentia
3405 653 3590 701 tamen

2006 752 2117 791 non
2173 737 2529 802 destituatur,
2563 745 2623 789 ut
2651 741 2799 789 recte
2828 749 2919 789 res
2960 748 3089 790 suas
3120 734 3591 793 administrandas

2007 828 2290 897 suscipere
2326 843 2435 882 non
2482 826 2674 898 possit,
2701 826 2770 881 ab
2804 805 3590 885 administrationearcendus

2004 920 2155 976 erit?
2211 918 2445 986 Quando
2494 919 2663 987 igitur
2736 932 2848 972 non
2907 917 3091 973 minus
3166 917 3352 972 animo
3421 934 3588 988 quam
3642 974 3645 977 .

2005 1026 2237 1083 corpore
2270 1011 2415 1066 inter
2444 1024 2566 1066 sese
2592 1010 2843 1063 homines
2886 1006 3167 1073 diﬂ’erunt,
3200 1017 3254 1062 et
3282 1008 3374 1061 alii
3414 1010 3582 1064 etiam

2006 1112 2135 1158 ante
2164 1102 2472 1174 legitimum
2505 1108 2725 1170 tempus
2767 1099 3038 1154 rationem
3067 1099 3207 1154 bene
3227 1100 3587 1155 constitutam

2007 1195 2232 1259 habent,
2312 1194 2437 1249 aliis
2492 1207 2622 1248 vero
2668 1192 2833 1248 etiam
2896 1191 2950 1245 id
2992 1191 3372 1261 supergressis
3429 1207 3587 1247 mens

2006 1288 2250 1341 nondum
2292 1284 2535 1341 stabilita
2576 1290 2685 1347 est,
2732 1280 2880 1352 quod
2944 1281 3031 1335 lex
3066 1280 3182 1336 haec
3213 1281 3287 1334 ita
3326 1281 3586 1347 vellet,ut

2004 1377 2325 1433 defectuosa
2383 1374 2580 1430 eadem
2643 1380 2814 1434 esset,
2848 1370 3058 1426 factum
3077 1380 3184 1426 est.
3224 1370 3368 1438 Quin
3392 1381 3446 1428 et
3474 1373 3583 1428 alia

2005 1468 2170 1537 hujus
2231 1464 2592 1538 legislationis
2644 1463 2990 1519 incommoda
3048 1471 3201 1519 sunt.
3233 1464 3311 1519 Ac
3347 1466 3587 1535 primum

2002 1558 2223 1628 quidem
2255 1556 2402 1625 quod
2429 1553 2665 1617 dillicile,
2702 1553 2812 1608 imo
2837 1566 2966 1607 vero
2999 1568 3225 1623 prorsus
3247 1554 3583 1624 impossibile

2004 1651 2098 1715 sit,
2129 1656 2189 1703 ut
2214 1647 2283 1702 ad
2330 1661 2521 1702 omnes
2566 1645 2899 1717 legislatoris
2967 1646 3224 1701 voluntas
3281 1648 3575 1719 pertingat.

2002 1739 2291 1807 Quomodo
2320 1753 2558 1809 namque
2586 1737 2681 1808 qui
2711 1737 2892 1808 longis
2918 1745 3079 1792 teme
3115 1738 3397 1808 marisque
3421 1740 3585 1795 disti-

310 1832 497 1904 ορίους
528 1834 846 1888 στέλλεσθαι
880 1836 1153 1907 πορείας),
1190 1838 1306 1902 πῶς
1327 1839 1386 1891 οὐ
1420 1838 1751 1909 κωλυόμενοι
1774 1840 1890 1891 τού-

2004 1840 2204 1887 ιιειιιιιτ
2233 1829 2542 1885 intervallis
2564 1830 2648 1898 (ut
2664 1829 2884 1885 interim
2902 1828 3042 1885 alias
3060 1828 3189 1883 vita:
3212 1828 3581 1893 dillicultates,

298 1942 417 1989 τοις
457 1925 553 1979 καὶ
588 1926 803 1997 μυρίοις
831 1927 1063 1999 ἑτέροις,
1091 1928 1127 1983 ἃ
1164 1929 1262 2000 τὴν
1302 1928 1652 2001 ἀνθρωπίνην
1677 1931 1890 2000 συνέχει

2008 1931 2067 1977 ιιι
2098 1923 2342 1983 morbos,
2370 1920 2699 1977 insidiarum
2730 1920 3016 1976 hostilium
3053 1927 3255 1985 metus,
3302 1920 3581 1975 membro-

300 2014 471 2087 ζωὴν,
502 2019 655 2088 παρὰ
698 2020 868 2089 μόνης
890 2022 993 2090 τῆς
1039 2020 1327 2092 βασιλικῆς
1375 2022 1754 2085 κατανεύσεως
1788 2022 1890 2077 τῶν

2004 2027 2238 2084 rumque
2268 2011 2642 2068 mutilationes
2680 2013 2929 2066 omittam
2971 2028 2985 2064 :
3020 2026 3142 2082 quae
3168 2026 3412 2081 persaepe
3437 2011 3583 2065 dini—

298 2104 517 2159 οἰκείων
545 2108 887 2178 πραγμάτων
917 2109 1315 2181 άξιωθήσονται
1346 2110 1448 2181 τῆς
1472 2111 1813 2184 ἐπιτροπῆς

1993 2107 2250 2169 cultates,
2280 2118 2348 2160 ne
2369 2107 2423 2159 in
2456 2105 2578 2175 ipso
2622 2102 2843 2173 quidem
2886 2102 3154 2158 domicilii
3184 2104 3307 2158 loco
3335 2104 3583 2174 prodire,

300 2197 501 2252 nedum
529 2200 879 2271 longinquam
915 2202 1312 2271 profectionem
1337 2204 1625 2273 suscipere
1657 2203 2028 2273 permittunt),
2077 2199 2378 2270 quomodo,
2429 2198 2652 2267 inquam
2682 2237 2697 2263 ,
2765 2195 2919 2251 hisce
2987 2197 3407 2265 sexcentisque,
3458 2209 3582 2264 quae

299 2294 611 2349 mortalium
650 2295 817 2349 vitam
853 2295 1089 2351 allidunt
1148 2298 1313 2354 rebus
1361 2297 1484 2352 aliis
1501 2296 1884 2353 adolescentes
1924 2296 2193 2367 impediti,
2224 2308 2404 2349 rerum
2422 2306 2645 2348 suarum
2692 2289 3229 2347 administrationem
3281 2290 3351 2344 ab
3418 2291 3584 2345 unius

295 2386 647 2453 imperatoris
678 2397 810 2441 nutu
838 2390 1065 2457 petent?

316 2496 319 2497 ν
367 2473 551 2545 Ὅπερ
594 2471 709 2542 οὖν,
739 2476 920 2541 καθὼς
963 2478 1275 2551 ἔμπροσθεν
1315 2479 1553 2550 ἔφημεν,
1598 2480 1768 2533 ἐνέδει
1812 2482 1878 2550 τῇ

295 2565 632 2636 νομοθεσίᾳ,
680 2568 1267 2641 προσαναπληροῦντες
1324 2570 1487 2624 τοῦτο
1541 2570 1879 2641 κελεύομεν,

296 2658 413 2719 τοῖς
454 2656 559 2728 ήδη
619 2656 974 2729 διασεσηκόσι
1026 2662 1133 2714 τῶν
1192 2662 1401 2717 παίδων
1439 2662 1528 2715 τὸν
1576 2662 1741 2731 ἀτελῆ
1783 2662 1883 2733 τῆς

296 2747 521 2815 ἡλικίας
552 2750 745 2820 καιρὸν
788 2753 1059 2821 (τουτέστι
1099 2756 1213 2818 τοῖς
1251 2755 1351 2825 μὲν
1403 2754 1631 2826 ἀνδράσι
1668 2754 1760 2808 τδν
1805 2755 1885 2807 εί-

300 2840 524 2906 κοστὸν,
560 2843 683 2905 ταῖς
710 2842 955 2914 θηλείαις
984 2846 1042 2898 δὲ
1090 2846 1181 2900 τὸν
1226 2846 1740 2918 ὀκτωκαιδέκατον),
1786 2848 1884 2903 καί¹

301 2930 533 3002 γνώμης
594 2936 929 2989 καταστάσει
979 2938 1425 3009 ρυθμιζομένοις,
1472 2945 1568 2994 καὶ
1616 2938 1882 3012 φρόνησιν

301 3021 724 3093 συλλεξαμένοις
743 3064 758 3091 ,
794 3028 886 3097 ὑφ’
913 3024 982 3101 ἦς
1015 3029 1078 3083 τὸ
1107 3024 1370 3096 δεσπόζον
1411 3033 1796 3104 ἡνιοχούμενον
1827 3034 1887 3086 οὐ

298 3113 623 3185 λυμανεῖται
664 3120 779 3182 τοῖς
828 3121 1158 3191 πράγμασιν
1203 3122 1313 3177 οὐδ’
1351 3122 1667 3190 emensa»;
1700 3123 1886 3190 αὐτοῖς

299 3206 361 3257 τὸ
410 3206 697 3271 δεσπόζειν
724 3209 921 3282 ὀφθείη
980 3215 1353 3285 παρασχεθὲν,
1399 3216 1498 3289 τὴν
1532 3218 1641 3270 τῶν
1669 3218 1887 3272 οἰκείων

2058 2475 2215 2543 Quod
2239 2490 2369 2545 ergo
2389 2475 2556 2544 (sicut
2577 2471 2830 2540 superius
2849 2470 3111 2539 diximus)
3134 2471 3459 2541 legislationi
3476 2472 3572 2527 de-

1995 2566 2199 2631 erat,id
2217 2565 2602 2635 adimplentes,
2626 2564 2908 2634 iubemus,
2937 2572 2995 2618 ut
3023 2563 3192 2634 (8·10)
3216 2566 3310 2635 qui
3341 2568 3575 2635 puberes

1988 2659 2322 2730 imperfecta
2375 2658 2555 2711 aetatis
2613 2664 2830 2726 tempus
2850 2657 2963 2726 jam
2997 2666 3330 2725 superarunt
3366 2657 3572 2729 (mares

1990 2766 2185 2822 nempe
2213 2762 2421 2806 annum
2445 2749 2537 2813 ει),
2568 2749 2784 2804 feminae
2809 2758 2942 2804 vero
2968 2749 3052 2819 l8)
3079 2750 3442 2821 animumque
3503 2752 3574 2807 ad

1990 2859 2079 2899 res
2110 2844 2380 2914 gerendas
2411 2841 2669 2897 idoneum
2710 2841 2938 2909 habent,
2966 2856 3029 2897 ac
3053 2842 3423 2912 prudentiam,
3452 2859 3578 2914 quae

1994 2934 2406 2990 administratio
2454 2931 2732 2988 refrenata
2788 2947 2877 2987 res
2909 2946 3019 2987 non
3053 2932 3365 3000 labefactet,
3397 2943 3455 2989 ut
3479 2935 3573 2990 illa

1991 3033 2256 3079 nocenter
2300 3039 2568 3079 concessa
2636 3038 2743 3077 non
2787 3021 3059 3089 videatur,
3097 3025 3443 3095 collegerunt
3486 3027 3575 3082 his

1989 3115 2151 3185 plena
2212 3129 2398 3170 rerum
2433 3129 2660 3169 suarum
2702 3115 3006 3168 auctoritas
3043 3114 3223 3169 detur.
3245 3115 3571 3185 Accipiunto

1990 3205 2177 3278 itaque
2208 3204 2287 3271 hi,
2319 3204 2582 3275 iustaque
2626 3213 2893 3274 potestate
2936 3220 3023 3260 res
3071 3220 3204 3261 suns
3241 3213 3468 3275 agunto.
3502 3208 3569 3260 At

300 3297 604 3367 δπιτροπην
648 3299 924 3356 δίδοσθαι·
974 3304 1156 3357 τοίνυν
1210 3297 1356 3359 οὗτοι
1400 3309 1495 3359 καὶ
1551 3306 1886 3376 λαϐέτωσαν,

1993 3297 2196 3367 quibus
2233 3296 2441 3365 rerum;
2470 3306 2618 3351 recte
2664 3296 3032 3366 gerendarum
3077 3295 3348 3365 judicium
3390 3295 3569 3351 dhuc

302 3385 399 3439 καὶ
423 3386 858 3453 δεσποζέτωσαν.
914 3393 978 3447 Ol
1000 3394 1047 3447 δ’
1081 3393 1162 3447 ἔτι
1189 3394 1455 3466 λογισμοῦ
1485 3397 1579 3450 τοῦ
1612 3398 1875 3470 κυϐερνή·

302 3492 494 3544 σοντος
524 3481 727 3546 ἐνδεεῖς
755 3485 849 3537 καὶ
893 3485 983 3539 διὰ
1008 3485 1170 3540 τοῦτο
1198 3487 1489 3557 μέλλοντες
1535 3487 1658 3541 ἀντὶ
1685 3488 1779 3542 τοῦ
1804 3490 1887 3542 δε-

303 3569 531 3637 σπόζειν
567 3574 742 3642 (αὐτοὶ
785 3575 889 3628 ὑπὸ
931 3578 1121 3641 ἀνοίας
1154 3577 1565 3649 δεσποζόμενοι)
1599 3580 1885 3649 ἐπιζήμιοι

302 3660 520 3725 ἑαυτοῖς
574 3663 864 3733 ὑπάρξειν,
918 3664 1021 3719 κᾶν
1071 3666 1221 3738 πέρα
1272 3667 1367 3720 τοῦ
1414 3667 1610 3738 καιροῦ
1657 3669 1886 3738 ἥκοντες

299 3752 565 3823 ὁρῶνται,
595 3755 659 3808 οὑ
687 3750 950 3825 λήψονται
973 3774 986 3788 ο
1014 3760 1064 3812 εἱ
1093 3760 1205 3831 γὰρ
1226 3759 1364 3830 ὅπερ
1388 3754 1455 3830 ἦν
1478 3760 1697 3823 σκοπὸς,
1726 3759 1788 3813 τὸ
1818 3761 1886 3813 τὰ

301 3847 653 3917 προσήκοντα
706 3848 891 3913 καλῶς
938 3852 1342 3922 οἰκονομεῖσθαι
1370 3890 1385 3917 ,
1439 3850 1601 3903 τοῦτο
1655 3851 1734 3904 ἔτι
1785 3852 1885 3905 οὐκ

301 3934 452 3989 εστιν
492 3936 786 4009 ιπίδημον,
836 3940 954 4003 πῶς
984 3941 1091 3995 κᾶν
1124 3943 1392 4013 ὲπίδημος
1437 3943 1471 4013 ἡ
1506 3941 1689 4012 ἡλικία
1710 3984 1727 4009 ,
1762 3944 1885 3996 ἐπι-

301 4028 525 4097 σφαλῶς
547 4033 733 4095 αὐτοῖς
763 4033 1159 4103 ὲμπιστευθείη
1185 4032 1222 4088 ἃ
1246 4037 1312 4106 τῇ
1344 4034 1561 4105 ἐκείνης
1590 4036 1885 4107 ἐπιστασίᾳ

298 4117 361 4169 οὐ
396 4114 580 4182 καλῶς
622 4119 1065 4190 διοικηθήσεταις
1106 4115 1269 4174 Οὕτω
1314 4122 1369 4175 δὲ
1400 4121 1508 4192 ἂρα
1546 4121 1638 4173 καὶ
1670 4120 1884 4174 δυνατοὶ

295 4209 452 4272 ὅντες
475 4208 796 4281 πράγμασιν
820 4213 1151 4274 ἐπιστατεῖν,
1183 4212 1287 4265 κᾶν
1318 4212 1393 4282 μὴ
1436 4212 1579 4283 πρὸς
1622 4213 1715 4266 τὸν
1754 4229 1879 4266 και-

303 4300 398 4367 ρὸν
426 4297 673 4367 ἔφθασαν
704 4303 807 4371 τῆς
854 4301 1211 4368 επιστασίας,
1259 4303 1321 4354 οὐ
1356 4302 1789 4374 κωλυθήσονται·
1822 4301 1882 4356 ιν

296 4391 409 4459 γὰρ
463 4388 527 4442 τὸ
582 4389 948 4461 ζητούμενον,
994 4392 1057 4446 τὸ
1101 4391 1178 4465 μὴ
1226 4393 1573 4464 λυμήνασθαι
1620 4396 1733 4468 τοῖς
1781 4395 1882 4449 ὺπ-

294 4481 563 4551 άρχουσιν
584 4518 599 4547 ,
646 4477 709 4536 οὗ
744 4485 1128 4556 παραστάντος
1157 4486 1410 4556 περιττόν
1435 4486 1553 4541 ἐστι
1583 4486 1673 4540 τον
1687 4486 1735 4519 ’³
1760 4502 1879 4540 και-ν

299 4572 396 4643 ρον
424 4571 744 4644 ἀναμένειν.

1990 3387 2168 3451 deest,
2202 3401 2271 3443 eo
2296 3385 2444 3458 quod
2476 3387 2581 3442 sibi
2614 3387 2751 3457 ipsis
2797 3388 3012 3457 (utpote
3075 3386 3169 3455 qui
3210 3400 3335 3441 cum
3370 3388 3569 3456 guber-

1991 3494 2124 3535 nare
2151 3480 2406 3545 debeant,
2436 3479 2821 3549 imprudentize
2857 3478 3087 3545 imperio
3109 3478 3392 3548 regantur)
3416 3476 3566 3532 dam-

1987 3572 2109 3625 nosi
2170 3572 2334 3625 futuri
2382 3572 2534 3633 sint,
2579 3570 2793 3624 etiamsi
2838 3569 2892 3625 id
2935 3577 3152 3640 tempus
3193 3570 3562 3640 praetergressi

1987 3661 2211 3725 fuerint,
2250 3676 2358 3713 non
2382 3660 2706 3730 percipient.
2742 3659 2801 3713 Si
2853 3658 3097 3729 quidem,
3154 3660 3248 3729 qui
3306 3659 3565 3728 proposi-

1988 3760 2078 3809 tus
2109 3753 2234 3808 linis
2281 3760 2425 3816 erat,
2454 3760 2514 3807 ut
2548 3753 2688 3807 bona
2749 3764 2898 3807 recte
2944 3752 3480 3819 administrarentur,
3518 3752 3564 3806 is

1986 3843 2219 3896 necdum
2270 3857 2513 3912 praesens
2556 3843 2645 3907 sit,
2682 3858 2789 3912 qua
2814 3843 3050 3909 ratione,
3086 3857 3400 3914 quanquam
3430 3853 3565 3899 mtas

1986 3933 2293 3997 advenerit,
2348 3948 2473 3989 cum
2518 3934 2765 4005 periculo
2791 3934 2930 4005 ipsis
2976 3936 3414 3999 committentur,
3442 3950 3565 4005 qua:

1986 4024 2162 4094 ipsius
2188 4026 2583 4095 procuratione
2632 4039 2743 4080 non
2800 4034 2951 4080 recte
2986 4025 3569 4081 administrabuntur?

1983 4115 2065 4170 Ad
2100 4115 2249 4171 hunc
2288 4132 2421 4187 ergo
2451 4118 2674 4171 modum
2697 4117 2790 4187 qui
2814 4119 2981 4172 rebus
3009 4117 3306 4188 prudenter
3327 4128 3567 4189 praeesse

1984 4219 2263 4279 poterunt,
2309 4212 2526 4266 tametsi
2556 4210 2669 4282 (ll)
2700 4211 2766 4264 ad
2791 4209 3295 4265 administrationis
3346 4218 3564 4281 tempus

1984 4301 2129 4356 haud
2160 4303 2291 4357 dum
2328 4302 2703 4371 pervenerint,
2739 4318 2848 4356 non
2882 4300 3343 4371 prohibebantur.
3382 4300 3569 4356 Unum

1981 4402 2067 4448 est
2086 4394 2231 4447 enim
2259 4395 2402 4464 quod
2438 4394 2760 4463 requiritur,
2802 4405 2873 4446 ne
2924 4392 3066 4447 bona
3128 4390 3555 4453 labefactentur.

1982 4485 2134 4551 Quod
2176 4500 2302 4539 cum
2353 4484 2515 4549 adsit,
2579 4493 3054 4553 supervacaneum
3093 4490 3180 4538 est
3209 4491 3424 4539 aetatem
3456 4498 3553 4538 ex-

1982 4584 2251 4644 spectare.

371 4667 485 4720 Καὶ
519 4666 594 4739 μὴ
653 4669 820 4738 μόνον
864 4668 927 4724 δὲ
976 4668 1256 4741 βασιλείαν
1269 4668 1316 4702 ’⁸
1360 4668 1464 4743 τὴν
1506 4671 1616 4725 τῶν
1664 4672 1879 4725 οἰκείων

2054 4668 2119 4722 Et
2144 4682 2251 4723 non
2279 4676 2488 4723 tantum
2541 4669 2842 4739 imperator
2893 4680 3076 4724 rerum
3108 4679 3329 4726 suarum
3363 4684 3555 4740 procu~

292 4761 651 4830 πραγμάτων
694 4762 998 4833 ἐπιτροπὴν
1045 4763 1140 4817 καὶ
1196 4763 1471 4834 διοίκησιν
1528 4758 1879 4835 ἐγχειρίζειν,

1979 4762 2260 4816 rationem
2322 4759 2968 4831 administrationemque
3023 4760 3322 4824 concedet,
3362 4774 3553 4813 verum

293 4851 437 4906 ἀλλὰ
461 4852 557 4905 καλ.
585 4854 714 4917 τοὺς
736 4855 795 4907 ὲν
828 4856 1047 4926 ἑκάστῳ
1079 4854 1271 4927 ἆρχειν
1315 4855 1583 4926 λαχόντας
1610 4856 1761 4927 τόπῳ
1785 4857 1882 4911 καὶ

1993 4854 2141 4908 Etiam
2184 4850 2297 4923 (η)
2322 4852 2527 4923 quibus
2567 4852 2838 4922 cujusque
2877 4851 2980 4907 loci
3016 4851 3370 4921 magistratus
3414 4850 3555 4905 obti-

296 4944 508 5012 κρίνειν
539 4945 601 4998 τδ
636 4945 917 5000 ἀκώλυτον
962 4946 1206 5017 ἔχοντας.
1258 4946 1417 5000 Οὕτω
1455 4946 1565 5020 γὰρ
1593 4946 1744 5018 καὶὴ
1784 4946 1878 5001 τοῦ

1993 4946 2135 5013 gerit,
2167 4944 2495 5015 plenamque
2539 4944 2986 5014 jurrisdictionetn
3040 4942 3262 4998 habent.
3294 4943 3375 4995 Ita
3404 4942 3553 4996 enim

278 5033 593 5102 νομοθέτου
627 5036 858 5106 πρόνοια
892 5036 1101 5100 πάντας
1143 5036 1328 5105 ὀνήσει
1362 5036 1487 5099 τοὺς
1540 5034 1897 5109 χρῄζοντας,

294 5127 393 5177 καὶ
414 5126 445 5180 ὁ
468 5125 634 5195 νόμος
662 5126 866 5198 μᾶλλον
901 5127 961 5181 τὸ
990 5128 1189 5181 οἰκεῖον
1225 5127 1535 5198 ἐνεργήσει.

1978 5034 2307 5099 legislatoris
2355 5034 2697 5105 providentia
2744 5032 3003 5088 omnibus
3060 5031 3157 5102 qui
3206 5031 3559 5103 indigebunt,

1975 5126 2125 5182 utilis
2153 5126 2279 5193 erit,
2312 5134 2477 5198 atque
2506 5126 2595 5181 lex
2619 5125 2730 5180 vim
2759 5138 2915 5180 suam
2934 5121 3109 5193 magis
3138 5132 3379 5178 exseret.

1618 5262 1852 5322 VARUS
1888 5264 2291 5321 LECTIONES.

399 5381 449 5415 ’³
495 5379 673 5436 Codd.
729 5393 783 5437 et
839 5382 967 5436 editi
1004 5382 1082 5438 τό.
1173 5382 1217 5414 ’⁸
1241 5381 1517 5437 Zuich.et
1552 5378 1775 5437 Meerm.
1800 5380 2042 5451 βασιλέα.
2080 5379 2315 5450 Scrimg.
2364 5381 2694 5438 ϐασιλεύειν.

1808 5498 2036 5557 ΝΟΤΑΞ.

376 5608 559 5682 (8-10)
590 5609 716 5666 Vid.
751 5608 816 5682 C.
852 5608 926 5665 De
956 5610 1043 5682 bis
1082 5611 1175 5681 qui
1200 5610 1431 5682 yepiam
1459 5617 1607 5665 aetat.
1641 5610 1830 5680 impct.

294 5674 486 5809 angilii)
514 5674 682 5752 quue
718 5680 937 5737 additur
958 5680 1060 5755 legi
1098 5674 1153 5739 Ξ.
1185 5679 1248 5738 C.
1282 5674 1356 5737 De
1387 5681 1474 5738 his
1524 5682 1616 5753 qui
1654 5674 1868 5737 veniam

450 5769 498 5807 S.

2050 5613 2163 5695 (12)
2216 5614 2404 5698 idque
2434 5614 2654 5698 additur
2680 5616 2809 5689 ‘legi
2845 5619 2897 5687 i,
2926 5618 2979 5686 ἢ,
3011 5618 3069 5687 5,
3096 5619 3150 5679 4.
3182 5619 3322 5679 Cod.
3349 5621 3425 5681 De
3459 5622 3554 5683 bis

1980 5693 2072 5753 qui
2106 5693 2319 5741 veniant
2342 5693 2541 5743 inlatis.
