4090 6206
492 328 598 403 ‘3‘
930 442 933 445 “
961 427 1428 489 ϐοΝετιτυτιο
1460 424 1647 481 XXIX.

1740 307 2018 373 LEONIS
2047 302 2502 367 PHILOSOPHI

3641 298 3755 362 492

2713 407 3028 462 ΔΙΑΤΔΞΙΣ
3064 404 3189 461 ΚΘ’.

497 535 565 593 Ut
596 531 918 589 ancillarum
947 532 1140 594 partus
1173 520 1314 590 apud
1353 518 1522 572 alium
1565 514 1760 578 editus,
1810 511 1877 567 ad
1902 511 2067 579 ipsius

2191 503 2312 594 "se!
2336 502 2440 594 τεῦ
2466 501 2616 594 δεῖν)
2648 501 2967 594 τεκούίζτις.
2978 498 3463 594 289341315?!
3491 496 3657 594 πε.ρά

997 592 1271 649 dominum
1298 595 1574 659 sequatur.

570 816 718 873 idem
743 815 1044 885 imperator
1068 808 1247 864 eidem
1270 804 1537 877 Styliano.

568 902 1038 974 Quemadmodum
1071 900 1220 955 hunc
1244 908 1575 958 sermonem,
1609 892 1701 962 qui
1724 888 1928 944 nullam
1966 902 2076 957 pra

2247 567 2447 636 οἰκείῳ
2491 567 2763 639 δεσπότῃ
2790 609 2806 634 ,
2848 567 3204 639 ἀλλὰίπαιῖ
3255 567 3465 639 ἑτέρῳ,
3520 570 3630 639 τόν
3666 569 3763 639 τότ

2243 660 2357 697 κον
2381 642 2501 709 ἅμα
2526 640 2603 710 τῇ
2636 637 2899 709 τεκούσῃ
2927 638 3079 709 πρὸς
3103 637 3209 693 τὸν
3262 637 3488 692 οικεῐον
3543 637 3764 691 δεσπό-

2244 729 2358 779 την
2373 711 2763 780 ἀπέρχεσθαι.

2256 805 2317 857 '0
2340 804 2504 867 αὐτὸς
2534 802 2786 874 βασιλεὺς
2809 800 3091 871 Στυλιανῷ
3111 799 3192 872 τῷ
3222 798 3396 870 αὐτῷ.

2247 897 2464 966 Ὠσπερ
2490 895 2665 967 ἀληθῆ
2690 896 2784 949 καὶ
2812 893 2974 965 ὀρθὸν
3012 894 3173 963 λόγον
3200 893 3363 963 ἴσμεν
3390 891 3482 945 τὸν
3523 890 3759 960 ψεύδους

501 1018 559 1058 se
585 1000 689 1054 fert
731 994 999 1052 mendacii
1040 988 1474 1063 perversitatem,
1519 998 1707 1039 verum
1747 996 1873 1037 esse
1914 988 2077 1049 atque

2191 987 2505 1057 Βιαστροφὴν
2538 987 2640 1039 οὐκ
2672 985 3031 1055 ἐμφαίνοντα,
3063 982 3210 1036 οὓτω
3231 982 3328 1036 καὶ
3353 982 3532 1052 ἀληθῆ
3566 981 3757 1050 νόμον,

506 1098 715 1149 rectum
744 1087 972 1149 scimus,
1013 1084 1089 1137 ita
1142 1082 1308 1136 etiam
1370 1091 1554 1132 veram
1586 1076 1781 1145 legem,
1814 1088 1935 1143 quae
1968 1072 2075 1125 ini-

501 1180 711 1251 quitate
744 1175 983 1247 perverti
1004 1188 1113 1228 non
1146 1169 1597 1241 deprehenditur.
1625 1167 1803 1235 Atque
1836 1163 1975 1217 adeo
2029 1161 2075 1216 si

502 1286 610 1342 qua
637 1271 689 1325 id
720 1284 828 1324 non
851 1267 1129 1329 observat,
1149 1280 1211 1319 ea
1237 1264 1319 1316 lex
1353 1275 1462 1314 non
1494 1267 1600 1319 est,
1620 1254 1871 1326 quamvis
1897 1268 1960 1305 ea
1980 1266 2078 1319 ap-

504 1339 799 1432 pellatione
817 1356 979 1426 digna
996 1354 1179 1408 habita
1204 1351 1295 1407 sit.
1312 1352 1368 1403 Si
1386 1349 1530 1403 enim
1560 1347 1664 1400 hoc
1679 1345 1813 1414 legis
1826 1352 1908 1398 est
1942 1339 2080 1411 (l3),

503 1464 560 1511 at
610 1452 795 1521 ruique
843 1449 935 1516 jus
990 1461 1143 1501 suum
1202 1442 1423 1521 tribuet,
1476 1437 1751 1510 quomodo
1806 1450 1928 1506 qua
1979 1434 2083 1487 hoc

505 1558 614 1600 non
650 1516 891 1611 prastat,
943 1536 1029 1590 lex
1060 1534 1197 1589 erit?
1231 1534 1301 1587 At
1338 1516 1463 1587 eum
1499 1530 1617 1584 alia
1661 1527 1825 1582 etiam
1862 1524 2084 1579 nomine

504 1642 665 1686 tenus
712 1628 858 1696 leges
898 1626 952 1680 id
979 1624 1321 1679 committere
1374 1619 1729 1691 deprehensa
1784 1626 1933 1680 sunt,
1964 1623 2076 1669 tum

506 1735 637 1777 vero
663 1719 754 1773 illa
786 1716 899 1787 (ill)
952 1713 1208 1777 maxime,
1246 1726 1367 1781 qua
1417 1715 1633 1778 partum
1670 1704 1906 1767 ancilla,
1961 1718 2083 1771 qua

510 1774 1125 1879 uouapud‘domiuum,
1152 1774 1246 1856 sed
1265 1774 1432 1852 lurto—
1450 1796 1631 1851 aliove
1672 1796 1835 1849 modo
1870 1791 2077 1847 subdu-
2115 1774 2160 1831 Β

508 1912 618 1965 cta,
654 1898 798 1969 apud
825 1897 989 1951 alium
1019 1892 1329 1963 quempiam
1356 1889 1589 1958 peperit,
1632 1896 1921 1956 postquam
1952 1883 2083 1937 faci-

510 2006 615 2045 nus
658 1985 917 2048 innotuit,
948 1998 1056 2038 non
1097 1996 1220 2035 eum
1265 1988 1441 2031 matre
1494 1977 1560 2030 ad
1592 1990 1751 2031 suum
1797 1974 2080 2028 dominum

511 2080 683 2145 abire,
719 2077 814 2132 sed
845 2077 913 2131 ah
942 2076 1047 2130 hoc
1080 2090 1241 2145 quem
1289 2075 1453 2131 alieni
1500 2074 1758 2145 mancipii
1801 2072 2080 2127 dominum

514 2175 685 2228 luisse
715 2176 955 2235 constat,
980 2168 1209 2223 detineri
1231 2166 1408 2238 jubet.

584 2265 703 2318 Hoc
739 2262 928 2331 itaque
953 2258 1085 2329 quia
1120 2273 1232 2313 non
1268 2269 1418 2313 recte
1443 2274 1502 2314 se
1544 2259 1745 2313 habere
1770 2256 1943 2313 visum
1974 2263 2084 2317 est,

512 2350 862 2409 convenienti
888 2348 1099 2404 medela
1142 2363 1245 2404 nos
1285 2348 1515 2419 dignati,
1570 2350 1648 2403 uti
1687 2364 1824 2403 suus
1852 2357 2083 2401 matrem

515 2453 706 2516 partus
743 2449 1027 2512 sequatur,
1048 2439 1328 2508 jubemus.
1364 2438 1478 2494 Non
1510 2442 1653 2493 enim
1678 2439 1805 2509 quia
1841 2438 2087 2508 fur,qua

516 2538 601 2593 lex
625 2534 850 2589 domiuo
883 2531 1117 2600 persolvi
1166 2530 1364 2584 debere
1397 2530 1687 2594 decernit,
1722 2530 1955 2591 obtinet,
2005 2530 2087 2583 id-

512 2629 665 2682 circo
698 2627 859 2679 etiam
891 2624 980 2675 ille
1012 2622 1223 2676 ancilla
1252 2636 1367 2676 sua
1404 2633 1561 2692 partu
1587 2622 1810 2691 privari,
1850 2636 2089 2690 eumque

514 2713 882 2773 oliusluerari
918 2712 1101 2766 debet.
1153 2712 1234 2766 Ad
1288 2712 1498 2767 lucrum
1557 2720 1738 2767 autem
1785 2712 1916 2766 huic
1948 2711 2085 2767 satis

518 2809 612 2871 ait,
645 2804 790 2876 quod
815 2803 927 2873 (l5)
958 2803 1049 2858 illa
1072 2803 1139 2857 ad
1168 2804 1535 2858 ministerium
1564 2819 1663 2874 pro
1685 2804 1921 2859 arbitrio
1953 2819 2088 2859 usus

514 2907 635 2956 est.‘
664 2899 734 2956 At
762 2896 1184 2967 dixeritaliquis
1228 2915 1241 2951 :
1274 2895 1381 2952 Sed
1421 2898 1468 2952 si
1494 2897 1625 2967 quid
1663 2898 1716 2951 in
1751 2897 1924 2962 illam,
1957 2896 2086 2951 dum

517 2988 781 3060 possedit,
844 2988 1193 3057 impenderit,
1245 2996 1461 3058 oportet
1496 2998 1550 3042 et
1597 2988 1775 3058 ipsum
1818 3005 1883 3044 ex
1912 2989 2090 3060 pretio

2178 1078 2236 1141 ὃς
2267 1076 2343 1148 μὴ
2373 1076 2657 1147 ἐλέγχεται
2686 1075 2766 1145 τῷ
2815 1074 2988 1145 ἀδίκῳ
3033 1072 3525 1145 παρατρεπόμενος
3544 1089 3558 1102 ·
3601 1072 3679 1136 ὡς
3706 1071 3762 1125 εἴ

2180 1171 2247 1239 γέ
2276 1186 2362 1233 τις
2395 1169 2556 1222 τοῦτο
2583 1168 2644 1222 οὐ
2674 1165 2951 1232 διασώζει,
2982 1165 3084 1219 οὐκ
3116 1164 3182 1219 ἂν
3213 1164 3298 1232 εἴη
3325 1164 3509 1234 νόμος,
3529 1164 3632 1217 κᾶν
3660 1164 3763 1233 τῆς

2179 1262 2437 1332 τοιαύτης
2472 1260 2847 1332 προσηγορίας
2879 1257 3130 1327 ἠξίωται.
3162 1257 3227 1310 El
3256 1255 3368 1326 γὰρ
3397 1254 3560 1308 τοῦτο
3588 1254 3759 1323 νόμου

2181 1356 2250 1409 τὸ
2267 1354 2470 1424 νέμειν
2505 1354 2651 1421 ὅπερ
2679 1352 2915 1418 ἑκάστῳ
2930 1350 3238 1419 ἁρμόδιον,
3280 1349 3396 1411 πῶς
3428 1348 3458 1400 0
3491 1348 3567 1418 μὴ
3601 1345 3762 1399 τοῦτο

2185 1447 2355 1500 ποιῶν
2396 1446 2559 1515 νόμος
2602 1445 2786 1509 ἐσται;
2824 1441 3187 1514 Πεφώρανται
3226 1439 3327 1509 μὲν
3367 1438 3433 1508 δὴ
3462 1438 3556 1491 καὶ
3581 1438 3763 1506 ἕτεροι

2186 1535 2517 1604 καλούμενοι
2569 1535 2723 1605 νόμοι
2765 1533 2925 1587 τοῦτο
2972 1531 3299 1595 παθόντες,
3336 1530 3437 1599 οὐχ
3486 1523 3650 1600 ἦττον
3704 1528 3761 1580 δὲ

2187 1628 2440 1690 κάκεῖνος
2459 1627 2505 1659 ⁸⁸
2535 1627 2564 1679 0
2585 1627 2685 1696 τὴν
2713 1625 2877 1695 γονήν
2906 1624 3007 1694 τῆς
3038 1623 3112 1693 μὴ
3154 1622 3309 1693 παρὰ
3338 1620 3415 1691 τῷ
3455 1620 3643 1690 οἰκείῳ
3676 1619 3764 1671 δε-

2189 1718 2384 1791 σπότῃ,
2416 1716 2553 1771 ἀλλὰ
2577 1719 2705 1788 παρ’
2732 1716 2922 1787 ἑτέρῳ,
2952 1716 2986 1785 ἢ
3013 1714 3291 1785 συλήσεως
3313 1712 3500 1782 τρόπῳ
3527 1711 3559 1781 ἢ
3591 1712 3766 1781 ἑτέρῳ

2182 1813 2290 1865 τινὶ
2321 1811 2421 1873 τὰς
2449 1810 2647 1874 ὠδῖνας
2686 1808 3109 1876 ἀπολυσαμένης
3148 1806 3509 1879 θεραπαίνης,
3546 1803 3766 1856 ἐπειδὰν

2183 1902 2245 1954 τὸ
2277 1899 2648 1970 κακούργημα
2694 1900 2773 1961 είς
2816 1899 3020 1966 γνῶσιν
3050 1896 3180 1970 ἔλθῃ
3206 1935 3220 1960 ,
3258 1894 3767 1967 παρακελευόμενος

2189 1993 2266 2063 μὴ
2292 1991 2390 2045 σὺν
2411 1994 2477 2061 τῇ
2510 1990 2681 2061 μητρὶ
2711 1989 2849 2061 πρὸς
2880 1989 2973 2042 τὸν
3002 1990 3201 2042 οἰκεῖον
3226 1988 3497 2057 δεσπότην
3525 1986 3766 2056 ἀπέρχε-

2187 2082 2490 2149 σθαι,ὰλλὰ
2519 2080 3000 2154 παρακατέχεσθαι
3031 2078 3138 2133 ὑπὸ
3160 2078 3375 2145 τούτου,
3394 2077 3454 2141 0;
3480 2077 3767 2147 ἀλλοτρίου

2188 2177 2470 2247 κτήματος
2505 2174 2664 2244 ὤφθη
2694 2174 2985 2243 δεσπότης.

2255 2259 2427 2313 Τοῦτο
2454 2260 2546 2314 οὖν
2578 2262 2699 2314 ἐπεὶ
2731 2262 2805 2331 μὴ
2837 2260 3020 2323 καλῶς
3063 2258 3212 2330 ἔχειν
3260 2259 3429 2324 δοκεῖ,
3461 2260 3560 2328 τῆς
3591 2274 3765 2327 προσ-

2186 2351 2430 2423 ηκούσης
2460 2351 2759 2421 θεραπείας
2789 2350 3069 2415 ἀξιοῦντες
3089 2352 3250 2421 ήμεῖς
3276 2348 3769 2420 παρακελευόμεθα

2185 2444 2252 2511 τῇ
2278 2441 2513 2513 τεκούσῃ
2542 2442 2635 2494 τὸν
2664 2441 2795 2495 ἴδιον
2822 2440 2982 2494 τόκον
3006 2438 3345 2494 ἀκολουθεῖν.
3373 2438 3446 2491 Οὐ
3482 2437 3590 2508 γὰρ
3623 2438 3709 2491 ὅτι
3737 2438 3767 2489 0

2187 2533 2429 2605 κλέπτης
2482 2534 2675 2604 ὑπέχει
2724 2532 2761 2587 ἃ
2812 2532 3040 2602 διορίζει
3087 2531 3116 2583 0
3168 2531 3334 2599 νόμος
3384 2529 3547 2582 αὑτὸν
3591 2544 3771 2583 καταο

2188 2629 2407 2683 ϐάλλειν
2437 2628 2516 2699 τῷ
2547 2627 2786 2698 δεσπότῃ
2810 2667 2825 2692 ,
2860 2626 2948 2680 διὰ
2992 2625 3153 2678 τοῦτο
3202 2624 3637 2695 ἀποστερήσεται
3672 2623 3773 2693 μὲν

2188 2722 2355 2785 αὐτὸς
2383 2720 2475 2773 τὸν
2499 2720 2659 2773 τόκον
2694 2719 2794 2789 τῆς
2838 2717 3049 2779 οἰκείας
3093 2715 3432 2785 θεραπαίνης
3454 2753 3469 2775 ,
3509 2713 3774 2784 κερδήσει

2187 2808 2245 2863 δὲ
2272 2807 2463 2862 τοῦτον
2497 2807 2686 2870 ἄλλος’
2722 2807 2885 2877 ἀρκεῖ
2906 2807 3012 2875 γὰρ
3036 2806 3212 2874 τούτῳ
3257 2803 3393 2874 πρὸς
3429 2803 3643 2873 κέρδος,
3672 2804 3776 2859 ὅσα

2190 2901 2271 2962 εἰς
2325 2897 2631 2969 ὑπηρεσίαν
2683 2897 2822 2967 αὐτῇ
2878 2896 3255 2965 ἀπεχρήσατο.
3315 2895 3507 2959 Ναὶ¹⁶,
3581 2898 3774 2963 φησὶν,

2191 2989 2307 3045 ἀλλ’
2365 2990 2415 3044 εἰ
2467 2989 2634 3058 τιμὴν
2693 2988 2833 3058 ὑπὲρ
2889 2986 3059 3056 αὐτῆς
3113 2985 3537 3055 κατατιθέμενος
3598 2985 3779 3050 οὕτως

520 3080 754 3135 lucrari:
784 3078 1016 3147 ideoque
1052 3078 1294 3132 alienum
1328 3093 1437 3134 nou
1469 3088 1553 3133 est
1585 3089 1799 3148 partum
1828 3079 1970 3148 apud
2012 3080 2090 3149 ip-

2194 3084 2484 3154 ἐκτήσατο,
2511 3081 2592 3134 δεῖ
2618 3097 2672 3134 τι
2700 3080 2795 3133 καὶ
2816 3078 3006 3131 τοῦτον
3040 3078 3345 3149 κερδαίνειν
3375 3078 3438 3130 ὲκ
3469 3075 3565 3130 τοῦ
3607 3080 3779 3148 τιμή-

518 3187 640 3228 sum
675 3185 1016 3241 permanere.
1045 3171 1210 3239 Atqui
1247 3170 1294 3226 si
1320 3172 1591 3241 quispiam
1643 3172 1709 3225 ad
1731 3171 2089 3227 detinendum

2196 3191 2403 3245 ματος,
2454 3174 2551 3229 καὶ
2590 3172 2680 3225 διὰ
2721 3172 2882 3225 τοῦτο
2910 3172 2972 3224 τδ
3009 3170 3202 3241 τεχθὲν
3251 3171 3351 3224 οὐκ
3392 3169 3593 3223 ἄτοπον
3642 3170 3777 3240 παρ’

521 3262 694 3318 fetum
728 3262 835 3316 hoc
899 3260 1166 3315 rationem
1214 3261 1458 3331 prabere
1509 3270 1685 3333 putat,
1724 3262 1997 3331 quomodo
2034 3270 2093 3316 ut

519 3353 609 3408 ille
643 3359 879 3406 matrem
936 3354 1091 3422 sequi
1123 3353 1338 3417 debeat,
1392 3368 1422 3407 a
1468 3352 1694 3407 domino
1750 3353 2090 3422 persolutum

522 3441 756 3512 pretium
813 3456 922 3497 non
987 3442 1250 3512 majorem
1292 3443 1600 3513 praebebit?
1635 3444 1779 3510 Quin
1815 3443 2092 3509 quomodo

520 3531 937 3587 convenientius
960 3546 1067 3587 non
1101 3540 1205 3595 est,
1241 3533 1287 3587 si
1319 3534 1413 3603 qui
1450 3534 1706 3603 perdidit,
1736 3534 1972 3604 indeque
1996 3536 2096 3591 do-

2193 3265 2341 3336 αῠτῷ
2364 3264 2659 3335 διαμένειν.
2700 3262 2840 3316 Ἀλλ’
2865 3264 2913 3315 εξ
2940 3261 3103 3317 τοῦτό
3144 3279 3231 3324 τις
3258 3260 3482 3328 εὔλογον
3506 3254 3650 3315 εἶναι
3681 3278 3776 3314 νο-

2198 3358 2345 3429 μίζει
2382 3358 2462 3418 εἰς
2504 3354 2836 3424 κατάσχεσιν
2863 3353 2959 3406 τοῦ
3000 3353 3286 3422 κυήματος
3306 3391 3321 3417 ,
3354 3352 3472 3414 πῶς
3494 3351 3595 3404 οὐκ
3624 3352 3782 3404 εὐλο-

2193 3449 2433 3520 γώτερον
2465 3448 2543 3510 είς
2572 3448 2632 3499 τδ
2661 3445 2893 3501 ἕπεσθαι
2924 3447 2957 3515 ἡ
2990 3443 3088 3497 τοῦ
3136 3442 3330 3515 πρώην
3374 3444 3640 3496 δεσπότου
3680 3442 3779 3497 τοῦ

2191 3537 2502 3605 τιμήματος
2529 3532 2881 3602 προλαϐοῦσα
2922 3531 3200 3602 καταδολή
3224 3548 3241 3597 ;
3272 3531 3390 3593 πῶς
3417 3531 3463 3584 δ’
3494 3532 3597 3586 οὐκ
3622 3531 3778 3587 ἔστιν

525 3625 670 3677 tores
703 3623 759 3678 in
795 3624 960 3677 corde
1012 3624 1263 3693 pertulit,
1314 3639 1380 3677 ex
1428 3626 1746 3679 accessione
1776 3625 2091 3680 deliuimeu-

2197 3624 2604 3697 ἁρμοδιώτερον
2627 3625 2719 3677 τὸν
2751 3624 3064 3679 ὑποστάντα
3094 3624 3197 3692 τὴν
3221 3622 3502 3679 ἀπώλειαν
3531 3625 3630 3677 καὶ
3655 3627 3779 3687 ταῖς

428 3702 443 3715 ⁸
524 3720 641 3769 tum
680 3711 923 3776 sentiat,
950 3727 1113 3780 quam
1140 3713 1184 3765 ai
1210 3712 1304 3766 ille
1339 3728 1459 3766 eam
1495 3713 1711 3777 habeat,
1742 3716 1836 3784 qui
1872 3724 2096 3785 prater-

522 3818 686 3871 quam
716 3803 861 3871 quod
906 3803 1044 3856 nihil
1090 3804 1276 3856 auliisit
1316 3802 1411 3872 (ab
1465 3804 1559 3859 illo
1622 3807 1769 3861 enim
1828 3808 1919 3877 qui
1950 3808 2096 3863 furto

524 3895 851 3950 subductam
885 3896 1144 3950 ancillam
1204 3896 1308 3965 ipsi
1360 3898 1627 3966 vendidit,
1661 3902 1895 3969 pretium
1935 3916 2095 3955 recu'

527 4000 723 4054 perare
750 3985 922 4053 licet),
968 3985 1181 4039 ancilla
1234 3985 1400 4039 etiam
1434 3987 1806 4044 ministerium
1851 3990 2097 4045 lucratus

523 4077 652 4133 est?
678 4075 1003 4146 Neutiquam
1037 4093 1159 4145 ergo
1194 4077 1493 4146 (quomodo
1539 4078 1803 4151 diximus)
1859 4081 2098 4134 detinea-

526 4178 614 4225 tttr
644 4181 852 4238 partus,
891 4166 986 4221 sed
1010 4167 1471 4236 quemadmodum
1507 4179 1758 4233 matrem,
1802 4170 1885 4225 sic
1933 4154 2121 4224 etiam

529 4260 699 4315 tiliqu
733 4259 883 4329 prior
911 4258 1407 4314 dominushabeat.
1441 4260 1567 4315 Sive
1584 4261 1729 4316 enim
1753 4262 1846 4331 qui
1891 4260 2097 4317 furtum

527 4350 824 4416 commisit,
856 4349 1009 4404 dives
1045 4348 1138 4411 sit,
1173 4358 1400 4420 tumque
1455 4350 1559 4417 ipsi
1592 4351 1737 4420 quod
1771 4353 1912 4407 male
1943 4368 2100 4408 acce-

2195 3714 2408 3769 ἐκεῖθεν
2434 3714 2693 3784 ἀλγηδόσι
2723 3713 3057 3785 βεϐλημένον
3086 3713 3186 3782 τὴν
3212 3712 3442 3783 καρδίαν
3474 3711 3554 3782 τῷ
3584 3712 3778 3781 κέρδει

2199 3806 2623 3877 θεραπεύεσθαι,
2649 3806 2787 3858 ἀλλὰ
2816 3804 2889 3875 μὴ
2933 3805 3143 3857 ἐκεῖνον
3168 3802 3327 3857 τοῦτο
3353 3803 3520 3873 ἔχειν,
3554 3804 3614 3866 ὃς
3640 3804 3780 3874 πρὸς

2198 3896 2276 3966 τῷ
2325 3896 2491 3967 μηδὲν
2546 3896 2952 3951 ἀπολωλεκέναι
2988 3895 3190 3965 (ἔξεστι
3216 3895 3328 3965 γὰρ
3356 3895 3505 3965 αὐτῷ
3528 3896 3782 3965 ἀναλαμ-

2198 3988 2382 4043 ϐάνειν
2410 3986 2470 4041 τὸ
2504 3988 2720 4057 τίμημα
2743 3986 2869 4056 παρ’
2890 3981 2950 4041 οὖ
2971 3987 3239 4039 κλαπεῖσα
3259 3989 3291 4055 ή
3327 3986 3633 4057 θεράπαινα
3680 3990 3783 4043 ἁπ-

2196 4077 2533 4147 ημπόληται)
2550 4078 2644 4133 καὶ
2665 4078 2733 4129 τὰ
2752 4077 2850 4129 ὅσα
2870 4077 3253 4147 ὑπηρετήσατο
3275 4076 3539 4146 κερδήσας
3554 4078 3780 4146 ὀρᾶταις

2204 4166 2486 4237 Οὐδαμῶς
2534 4163 2649 4223 οὖν
2694 4167 2765 4220 ἐν
2814 4166 3045 4236 κατοχῇ
3075 4167 3268 4231 ἔσται,
3316 4164 3497 4229 καθὼς
3539 4166 3777 4236 ἔφημεν,

2199 4260 2265 4315 τὸ
2301 4258 2533 4327 τεχθὲν,
2563 4258 2678 4311 ἀλλ’
2705 4257 2893 4328 ὥσπερ
2918 4258 3017 4329 τὴν
3042 4258 3271 4328 μητέρα,
3307 4256 3450 4312 οὕτω
3475 4259 3566 4310 καὶ
3592 4258 3654 4311 10
3686 4259 3776 4313 τέο

2202 4370 2330 4407 κνον
2370 4355 2398 4406 0
2445 4352 2709 4423 πρότερος
2740 4351 2852 4417 ἔξει
2880 4352 3169 4421 δεσπότης.
3197 4353 3297 4406 "Av
3346 4368 3406 4405 τε
3445 4352 3555 4420 γὰρ
3596 4354 3625 4405 0
3678 4353 3783 4422 τὴν

531 4445 626 4517 pit,
663 4443 784 4513 ejus
836 4442 1076 4513 pretium
1138 4442 1349 4504 reddat,
1406 4444 1544 4497 nihil
1590 4444 1829 4514 amplius
1889 4447 2091 4515 negotii

2210 4445 2419 4515 κλοπὴν
2464 4444 2843 4516 ἐργασάμενος
2887 4444 2996 4498 τῶν
3037 4444 3288 4513 εὐπόρων
3370 4482 3384 4505 ,
3434 4443 3786 4507 ἀποδιδόντος

531 4543 732 4592 restet:
765 4534 882 4589 sive
911 4541 1162 4587 mortuus
1193 4545 1288 4587 aut
1324 4535 1479 4589 vivus
1508 4534 1688 4590 adhuc
1725 4537 1906 4607 inopia
1940 4538 2096 4594 labo-

532 4632 635 4687 ret,
662 4631 721 4677 ut
744 4622 968 4694 qualex
997 4637 1028 4676 a
1059 4621 1277 4677 furibus
1292 4624 1487 4701 exigit,
1507 4627 1795 4685 exsolvere
1830 4640 2090 4697 nequeat,

531 4726 646 4771 tum
675 4730 805 4770 vero
824 4731 1044 4786 quoque
1092 4718 1185 4785 qui
1226 4716 1486 4769 ancillam
1534 4718 1739 4782 amisit,
1790 4718 1912 4787 ejus
1946 4721 2096 4775 cala-

532 4809 770 4865 mitatem
804 4809 897 4863 lilii
937 4824 1061 4864 cum
1091 4814 1265 4863 matre
1290 4807 1598 4877 receptione
1640 4807 1858 4867 deliniri
1888 4813 2101 4881 aquius

532 4897 624 4951 sit.

2204 4535 2368 4590 αὐτοῦ
2384 4536 2428 4565 ³⁷
2477 4536 2656 4605 ήνπερ
2720 4534 2905 4597 κακῶς
2954 4533 3114 4588 ἔλαϐε
3162 4533 3363 4604 τιμὴν,
3409 4534 3565 4587 οὐδὲν
3616 4535 3785 4591 πλέον

2204 4626 2682 4695 πολυπραγμονεῖν
2718 4625 2959 4695 ὀφείλει,
2992 4626 3058 4679 ἄν
3078 4642 3139 4678 τε
3180 4624 3377 4688 θανὼν,
3420 4624 3453 4695 ἢ
3493 4621 3604 4686 ζῶν
3659 4624 3786 4693 μὲν,

2203 4716 2428 4787 ἀπορῶν
2474 4718 2533 4771 δὲ
2579 4719 2658 4781 είς
2712 4718 2921 4775 ἔκτισιν
2951 4718 2989 4774 ἃ
3017 4718 3149 4781 τοὺς
3190 4717 3524 4780 κλέπτοντας
3556 4720 3583 4769 0
3614 4717 3786 4786 νόμος

2205 4809 2619 4877 εἰσπράττεται,
2677 4811 2774 4865 καὶ
2808 4810 2983 4873 οὕτως
3008 4809 3346 4879 δικαιότερον
3371 4809 3467 4861 τὸν
3498 4807 3783 4863 ἀπολωλε-

2209 4900 2343 4953 κότα
2391 4900 2492 4969 τὴν
2544 4899 2881 4971 θεράπαιναν
2909 4904 2975 4970 τῇ
3003 4899 3099 4953 τοῦ
3144 4899 3333 4963 παιδὸς
3381 4899 3480 4952 σὺν
3506 4899 3573 4968 τῇ
3612 4897 3792 4972 μητρὶ

2212 4990 2482 5067 ἀναλήψει
2512 4991 3019 5063 παραμυθήσασθαι
3043 4991 3143 5059 τὴν
3166 4988 3467 5049 ἀπώλειαν.

1808 5138 2040 5201 νΑιιι.Ε
2081 5148 2483 5206 LECTIONES.

576 5263 622 5296 ”
653 5259 888 5333 Scrimg.
923 5259 968 5315 δ’
991 5259 1217 5322 ἐκεῖνος.
1288 5258 1335 5290 ³⁸
1350 5256 1522 5312 Codd.
1558 5258 1673 5312 καί.
1734 5260 1777 5289 ’⁷
1806 5257 2041 5333 Scrimg.
2098 5264 2267 5336 αὐτῷ.

2019 5400 2247 5461 ΝΟΤᾸΞ.

604 5541 717 5611 (l3)
753 5544 815 5612 ι..
849 5540 1013 5608 10,ίΐ.
1051 5540 1125 5612 De
1148 5542 1364 5611 justitia
1388 5545 1623 5612 etjure.

603 5612 715 5679 (ιι)
746 5611 806 5667 1..
841 5613 929 5676 l0,
960 5615 1017 5666 in
1078 5610 1171 5676 lin,
1211 5613 1246 5666 Ι.
1279 5612 1369 5677 03,
1429 5610 1487 5667 ll.
1539 5614 1612 5669 De
1650 5627 1880 5684 usucap.
1933 5615 1970 5668 Ι.
2006 5614 2099 5678 68,

528 5678 819 5758 δεῖ-.-φίλε
849 5682 959 5758 fur.
1015 5751 1027 5758 _
1426 5753 1437 5758 Α
1482 5752 1500 5758 _
1589 5752 1618 5758 __
1668 5706 1669 5709 η

604 5751 716 5826 (l5)
745 5750 819 5806 Ex
870 5752 973 5805 hoc
1015 5751 1137 5805 loco
1188 5761 1363 5822 potest
1408 5752 1648 5821 delendi,
1703 5761 1939 5808 tutorem
2003 5770 2100 5827 pu-

2199 5547 2343 5619 pilla
2359 5547 2577 5625 plenam
2602 5545 2991 5625 alimentorum
3006 5540 3342 5625 pensionem
3375 5542 3789 5625 imputarenon

2200 5612 2381 5743 posse}.
2416 5619 2463 5672 si
2488 5616 2715 5743 Supina
2737 5612 3060 5671 ministerio
3082 5627 3245 5669 suum
3273 5612 3343 5673 ad
3387 5612 3784 5685 compendium

2200 5701 2333 5745 usus
2383 5704 2481 5744 uer
2535 5724 2548 5738 .
