4062 6202
255 301 364 370 493

821 425 1134 484 ΔΙΔΤΔΞΙΣ
1171 432 1252 489 Δ’.

367 535 512 607 Περί
542 536 738 609 τόμον
762 538 980 608 ζῶντος
1005 545 1110 600 τοῦ
1139 548 1429 618 προτέρου
1459 552 1700 621 ἀνδρὸς.

323 694 390 750 '0
420 696 584 761 αὐτὸς
608 695 869 767 βασιλεὺς
897 700 1180 773 Στυλιανῷ
1209 703 1288 774 τῷ
1316 705 1488 779 αὑτῷ.

315 787 535 858 Ὥσπερ
579 787 690 844 τῶν
734 791 1156 863 πεφωραμένων
1199 796 1382 866 νόμων
1416 799 1492 869 μὴ
1537 799 1832 867 λυσιτελῶς

244 881 392 949 ἔχειν
414 882 483 950 τῇ
513 879 762 952 πολιτείᾳ
782 883 1092 950 ἀναγκαίαν
1117 887 1300 941 ἐποίει·
1321 889 1424 961 τὴν
1455 891 1550 945 ἐπὶ
1585 894 1650 946 τὸ
1673 893 1834 965 ἅμει·

244 988 334 1025 νον
386 972 740 1045 μετασκευὴν
777 976 811 1045 ἡ
867 975 1056 1032 δικαία
1098 980 1202 1050 τῆς
1244 982 1526 1048 πολιτείας
1579 985 1830 1056 πρόνοια,

243 1061 389 1118 οῦτω
421 1065 516 1118 καὶ
552 1065 681 1128 τοὺς
708 1065 886 1136 ὀρθῶς
916 1067 1143 1138 ἔχοντας
1187 1071 1296 1124 τῶν
1330 1073 1511 1144 νόμων
1544 1075 1638 1130 καὶ
1670 1077 1836 1146 μηδὲν

243 1156 368 1218 τοῦς
433 1154 798 1226 πειθομένους
842 1159 1309 1229 παραλυποῦντας
1361 1163 1470 1218 τῶν
1531 1166 1608 1236 μὴ
1662 1166 1836 1232 οὕτως

245 1246 489 1315 ἑχόντων
541 1246 666 1318 μηδ’
703 1249 783 1312 εἰς
829 1249 889 1302 τὸ
935 1251 1145 1305 άλυπον
1189 1253 1314 1316 τοῦς
1358 1256 1631 1326 ὑπηκόους
1681 1275 1836 1329 περι-

248 1338 521 1391 ιστάντων
546 1339 647 1407 τῆς
689 1339 859 1410 αὑτῆς
891 1340 958 1394 ἂν
987 1343 1071 1412 εἴη
1116 1345 1373 1415 προνοίας
1413 1345 1575 1417 ἔργον
1617 1350 1838 1418 ἐκλέγε-

250 1429 379 1481 σθαι
417 1431 516 1482 καὶ
548 1431 889 1502 προκρίνειν,
929 1433 1150 1486 ἐπειδὰν
1197 1437 1324 1506 περὶ
1366 1438 1460 1491 τοῦ
1500 1441 1664 1494 αὑτοῦ
1695 1442 1837 1512 πρά-

245 1537 462 1588 γματος
486 1519 583 1572 δύο
611 1520 868 1590 ἀλλήλοις
901 1523 1204 1593 μαχόμενοι
1231 1526 1474 1597 ὁρίζουσι
1505 1528 1682 1600 νόμοι.
1713 1529 1836 1594 Πῶς

246 1612 359 1681 γὰρ
397 1612 466 1665 ἂν
501 1613 587 1681 εῐη
619 1611 778 1681 λόγον
804 1613 947 1684 ἔχον,
987 1619 1327 1687 στρατηγοὺς
1373 1620 1473 1690 μὲν
1507 1625 1600 1674 καὶ
1643 1623 1839 1694 ἄρχον-

1325 323 1690 386 NOVELLIE
1721 323 2395 391 CONSTITUTIONES.

1862 444 1912 502 Δ

2382 437 2852 496 CONSTITUTIO
2897 439 3066 496 XXX.
3087 460 3089 464 ·

1977 553 2053 608 De
2077 552 2296 607 muliere
2335 567 2456 622 quia
2483 553 2596 607 vivo
2636 555 2834 609 marito
2880 555 3019 611 alios
3041 553 3106 611 de
3136 556 3478 612 matrimonio

2496 625 2777 691 compellat
2813 625 2951 696 (16).

2012 712 2160 769 Idem
2203 721 2502 784 Imperator
2531 714 2712 770 eidem
2749 713 3021 786 Styliano.

2009 802 2078 859 Ut
2095 819 2217 859 cum
2244 804 2392 876 leges
2419 805 2732 874 reipublicae
2759 805 2982 861 inutiles
3005 805 3515 877 deprehenduntur,

1937 898 2254 953 necessario
2297 897 2419 953 illas
2468 897 2615 966 jnsta
2673 899 2991 968 reipublicae
3047 898 3391 969 providentia
3455 899 3512 952 in

1940 991 2140 1046 melius
2172 991 2575 1046 transformat:
2610 994 2684 1045 ita
2703 1007 2924 1062 quoque
2946 991 3190 1062 ejusdem
3223 991 3521 1062 providen-

1939 1084 2028 1139 tia:
2052 1099 2254 1140 munus
2281 1086 2375 1152 sit,
2415 1092 2473 1140 ut
2501 1086 2654 1154 leges
2699 1093 2847 1140 recte
2886 1086 3223 1141 constitutas
3265 1085 3514 1156 nihilque

1939 1176 2190 1231 subditos
2216 1178 2608 1232 contristantes
2641 1192 2670 1231 a
2704 1179 2846 1233 male
2866 1179 3185 1234 constitutis
3227 1177 3511 1232 subditos-

1938 1283 2045 1338 que
2076 1270 2546 1324 contristantibus
2608 1269 2826 1338 seligat,
2883 1268 3081 1338 hisque
3134 1269 3256 1324 illas
3288 1279 3518 1337 antepo-

1939 1369 2066 1414 nat:
2096 1364 2399 1431 praasertim
2451 1376 2582 1418 vero
2621 1359 2843 1431 quando
2873 1361 3062 1416 eadem
3095 1361 3161 1414 de
3190 1376 3247 1414 re
3282 1359 3400 1413 dtu:
3433 1359 3518 1413 iu-

1939 1459 2022 1505 ter
2069 1452 2182 1524 (l7)
2251 1469 2312 1508 se
2365 1461 2674 1522 pugnantes
2712 1451 2860 1522 leges
2915 1458 3194 1506 statuunt.
3232 1449 3518 1516 Quomodo

1939 1543 2088 1598 enim
2113 1544 2328 1598 ratione
2352 1543 2550 1596 fultum
2585 1543 2680 1607 sit,
2723 1541 2770 1596 si
2813 1555 2938 1596 cum
2980 1539 3150 1595 duces
3185 1549 3350 1610 atque
3376 1556 3517 1611 prae.

1943 1634 2072 1690 lecti
2103 1650 2168 1688 ex
2197 1633 2480 1703 peioribus
2512 1633 2924 1704 prtestantiores
2973 1633 3272 1704 eligantur,
3322 1643 3377 1688 et
3422 1633 3518 1702 qui

244 1722 342 1768 τας
391 1704 509 1758 τῶν
553 1705 814 1776 χειρόνων
865 1707 1191 1794 ἐκλέγεσθαι
1241 1713 1370 1774 τοὺς
1414 1712 1692 1782 ἀμείνους,
1742 1716 1837 1768 καὶ

1945 1726 1996 1778 in
2029 1725 2429 1794 gubernatione
2475 1724 2540 1778 ad
2593 1723 2946 1780 subditorum
2979 1721 3277 1776 utilitatem
3331 1723 3514 1776 omnia

245 1799 573 1868 προκρίνειν
622 1796 848 1861 τούτους
871 1839 885 1865 ,
944 1792 1019 1852 ὧν
1053 1801 1086 1871 ἡ
1116 1801 1260 1873 ἁρχὴ
1301 1803 1437 1873 πρὸς
1464 1805 1525 1857 τὸ
1556 1806 1837 1876 συμφέρον

1943 1817 2140 1873 facturi
2174 1826 2461 1887 putantur,
2500 1821 2925 1886 prteponantur:
2978 1830 3086 1868 non
3121 1813 3250 1868 item
3288 1829 3354 1868 ex
3393 1814 3494 1882 legi

244 1890 501 1958 διαθήσει
532 1889 624 1942 τὸν
662 1889 776 1960 βίον
813 1889 920 1943 τῶν
964 1892 1286 1965 ἀρχομένων
1317 1895 1584 1965 (καίτοιγε
1613 1897 1716 1952 οὐκ
1745 1898 1837 1951 ἀεὶ

249 1982 548 2051 μέλλουσιν
575 1983 809 2053 ἄρχειν),
843 1985 1024 2054 νόμων
1055 1985 1134 2052 δὲ,
1183 1980 1263 2050 οἷς
1299 1987 1494 2059 μέχρις
1525 1988 1592 2042 ἂν
1625 1990 1657 2060 ἠ
1687 1991 1838 2044 πολι-

244 2074 368 2126 τεία
411 2074 734 2128 συνίσταται
782 2074 843 2126 τὸ
880 2075 1073 2145 ἄρχειν
1101 2075 1325 2141 δίδοται,
1377 2076 1452 2150 μὴ
1494 2080 1621 2143 τοῦς
1668 2079 1836 2150 βελτί-

247 2182 415 2228 στους
444 2165 634 2228 ἀξιοῦν
668 2166 913 2233 εἰσάγειν
940 2169 1021 2230 είς
1051 2169 1151 2235 τὴν
1184 2168 1380 2238 ἀρχὴν,
1414 2169 1551 2223 ἀλλὰ
1592 2172 1716 2235 τοῦς
1740 2173 1838 2242 τῆς

244 2256 504 2327 χείρονος
535 2256 732 2327 μοίρας
781 2257 876 2310 καὶ
914 2257 1006 2320 οῦς
1055 2259 1221 2312 καλὸν
1253 2257 1321 2332 ἦν
1355 2261 1490 2332 μηδὲ
1533 2260 1594 2314 τδ
1624 2262 1838 2332 πρῶτον

244 2352 325 2414 είς
360 2351 572 2418 γνῶσιν
600 2349 776 2403 ἐλθεῖν
797 2368 812 2415 ;

311 2441 387 2495 Τί
412 2441 617 2510 δήποτε
641 2441 795 2495 ταῦθ’
829 2444 961 2513 ἡμῖν
989 2443 1204 2516 εἴρηται
1229 2461 1242 2509 ;
1287 2446 1664 2510 Ἰουστινιανδς
1695 2449 1839 2500 ἐκεί-

243 2551 356 2598 νος,
385 2526 451 2586 οὗ
489 2533 631 2604 μετὰ
673 2535 773 2604 τῆς
813 2536 1096 2602 εὐσεϐείας
1135 2538 1228 2591 καλ⁹
1272 2540 1304 2609 ἡ
1344 2539 1472 2605 περὶ
1502 2540 1562 2592 τὸ
1595 2540 1838 2610 ὑπήκοον

242 2627 474 2699 φροντὶς
507 2627 770 2696 ἐσέμνυνε
818 2627 880 2681 τὸ
931 2629 1190 2699 διάδημα,
1234 2631 1501 2702 πρότερον
1534 2631 1667 2702 περὶ
1713 2632 1834 2686 δια-

242 2717 464 2779 λύσεως
498 2716 697 2786 γάμων
748 2717 1030 2788 θέσπισμα
1065 2719 1325 2790 θέμενος,
1377 2721 1452 2784 ὡς
1499 2723 1658 2792 εἴπερ
1700 2722 1838 2795 γυνὴ

242 2807 324 2860 ἔτι
379 2806 481 2861 τοῦ
524 2806 716 2878 ἀνδρὸς
758 2810 814 2861 ὲν
845 2808 1010 2872 ζῶσιν
1051 2810 1203 2874 ὄντος
1245 2813 1373 2883 περὶ
1416 2815 1610 2884 γάμων
1662 2815 1836 2883 αὑτῆς

241 2898 425 2969 ἑτέρῳ
449 2897 816 2969 διαλεγομένη
849 2899 1063 2969 ὀφθείη,
1107 2902 1306 2972 μηκέτι
1335 2903 1536 2968 ἐξεῖναι
1567 2905 1736 2976 αὑτὴν
1759 2905 1837 2976 τῷ

241 2991 408 3061 ἀνδρί
444 2990 820 3061 συνηρμόσθαι
853 2991 928 3056 ὡς
972 2993 1176 3047 οἰκεῖον
1209 2995 1394 3064 μέλος,
1445 2995 1562 3048 ἀλλ’
1592 2994 1668 3060 ὡς
1717 2996 1833 3048 ἐπί-

243 3079 447 3133 ϐουλον
498 3078 966 3152 διαρῤήγνυσθαι,
1014 3080 1240 3150 ὕστερον
1269 3083 1433 3147 αὑτὸς
1473 3083 1652 3154 ἑαυτῷ
1685 3086 1837 3139 ἀντι-

240 3171 427 3242 λέγων
465 3173 568 3224 οὐκ
590 3173 875 3242 ἐπιτρέπει
907 3171 997 3226 διὰ
1022 3172 1228 3245 ταύτην
1258 3174 1355 3246 τὴν
1384 3175 1566 3230 αἰτίαν
1599 3176 1836 3249 διασπᾷν

241 3265 332 3318 τὸν
368 3265 580 3335 γάμον.
627 3262 819 3332 Ἡμεῖς
866 3263 959 3317 οὖν
1010 3265 1211 3340 μᾶλλον
1264 3266 1362 3337 τὴν
1409 3267 1687 3339 προτέραν
1739 3268 1836 3322 τοῦ

241 3356 446 3424 ἀνδρὸς
487 3353 715 3425 γνώμην
765 3355 1150 3410 λυσιτελοῦσαν
1181 3358 1415 3429 ὁρῶντες
1462 3360 1544 3432 τῷ
1586 3361 1708 3431 βίῳ,
1761 3361 1835 3424 ὡς

241 3445 308 3498 δι’
345 3439 430 3500 ὧν
479 3446 922 3516 παρακελεύεται
967 3446 1414 3518 ἀσφαλιζομένην
1451 3449 1545 3502 καὶ
1590 3466 1836 3520 προανα·

243 3538 567 3590 κόπτουσαν
596 3537 694 3600 τὰς
724 3537 869 3590 κατὰ
908 3538 1018 3591 τῶν
1044 3538 1241 3608 γάμων
1269 3539 1564 3617 ἐπιϐουλὰς
1585 3580 1600 3604 ,
1630 3539 1838 3604 ταύτην

239 3627 293 3681 δὲ
323 3627 445 3697 ἄρα
482 3626 865 3682 πολιτεύεσθαι
895 3628 1060 3698 νόμον
1099 3629 1450 3700 ἐκφέροντες,
1490 3631 1556 3700 ἢν
1575 3631 1619 3661 ’⁸
1650 3631 1840 3700 ἐπιτη-

246 3717 474 3787 ρείσθαι
493 3718 541 3750 ¹⁹
573 3718 846 3788 φέρουσαν
875 3719 1209 3794 παλινῳδίαν
1255 3721 1283 3774 ό
1325 3720 1465 3792 ἀνὴρ
1502 3716 1634 3793 ᾖσεν
1660 3721 1738 3784 είς
1779 3721 1839 3773 τὸ

244 3809 349 3880 τῆς
397 3808 683 3874 πολιτείας
724 3809 884 3880 ἡμῶν
919 3809 1146 3881 θέατρον
1188 3810 1376 3882 χώραν
1431 3811 1708 3881 εὑρίσκειν
1739 3811 1839 3864 οὑκ

242 3903 647 3973 ἐπιτρέπομεν.
696 3902 763 3955 El’
784 3919 869 3964 τις
911 3902 1004 3956 οὖν
1038 3902 1119 3956 ἔτι
1148 3903 1240 3957 τοῦ
1272 3902 1467 3974 ἀνδρὸς
1492 3902 1775 3974 περιόντος
1794 3903 1837 3936 ³ο

243 3995 392 4067 πρὸς
420 3994 636 4064 γάμους
683 3994 855 4065 ἑτέρῳ
904 3995 1362 4066 κοινολογουμένη
1410 3994 1626 4065 ὀφθείη,
1655 3989 1743 4050 οία
1771 3995 1836 4067 δὴ

241 4083 394 4156 αὑτὴ
430 4085 635 4154 ἑαυτὴν
669 4085 851 4156 μιαρῷ
885 4087 1196 4158 φρονήματι
1218 4086 1618 4160 ἀπορρηγνῦσα
1646 4087 1738 4140 καὶ
1771 4089 1837 4158 τῇ

241 4176 343 4230 τοῦ
373 4175 564 4248 γάμου
594 4177 837 4230 διαλύσει
881 4177 1076 4231 τούτου
1123 4178 1572 4249 ἀπορῤαγήσεται
1595 4219 1610 4243 ,
1644 4178 1731 4231 ναὶ
1773 4177 1840 4249 δὴ

243 4269 346 4324 καὶ
370 4286 482 4339 χρη
491 4271 754 4338 ματικαῖς
785 4268 1232 4340 ὑποϐληθήσεται
1266 4272 1500 4334 ποιναῖς,
1520 4263 1609 4332 αἷς
1632 4269 1842 4340 ἐνέχον-

243 4380 342 4416 ται
373 4361 433 4416 αἱ
461 4359 550 4413 διὰ
576 4361 702 4424 τοὺς
731 4361 924 4424 ἄλλους
949 4361 1186 4431 τρόπους
1214 4361 1324 4414 τῶν
1353 4361 1566 4432 ἀνδρῶν
1591 4360 1838 4416 διασπώ-

1943 1907 2068 1972 bus,
2110 1907 2314 1976 quibus
2366 1905 2541 1960 donec
2589 1906 2897 1975 respublica
2950 1904 3242 1970 consistet,
3290 1918 3521 1972 prtecssc

1940 1998 2124 2062 datur,
2158 2013 2281 2052 cum
2311 2007 2503 2051 contra
2547 2007 2900 2066 tetnporauca
2941 1996 3142 2050 ducum
3196 1997 3520 2067 praefectura

1943 2093 2035 2156 sit,
2071 2105 2178 2146 non
2211 2092 2702 2160 praestantissimae,
2755 2087 2852 2143 sed
2883 2088 3088 2158 pejoris
3143 2098 3306 2153 notae,
3350 2103 3520 2157 quas-

1940 2198 2047 2251 que
2075 2197 2254 2251 neque
2282 2196 2311 2233 a
2338 2179 2613 2250 principio
2645 2178 2959 2233 innotuisse
2984 2177 3283 2242 decuisset,
3319 2177 3385 2230 ad
3419 2193 3519 2248 gu-

1942 2265 2244 2326 bernacula
2275 2270 2658 2326 deducantur?

2001 2452 2350 2517 Atquorsutn
2379 2448 2493 2502 hzec
2520 2465 2548 2501 a
2584 2447 2742 2501 nobis
2767 2446 2916 2499 dieta
2954 2444 3121 2500 sunt?
3171 2443 3517 2498 Justiniauus

1940 2538 2031 2594 ille
2056 2539 2214 2608 cuius
2238 2538 2487 2593 diadema
2513 2545 2712 2608 praeter
2761 2537 3106 2606 religionem,
3161 2536 3507 2592 subditorum

1940 2646 2069 2686 cura
2105 2629 2269 2684 etiam
2300 2626 2603 2693 decoravit,
2638 2640 2762 2680 cum
2797 2627 2953 2696 prius
2984 2624 3096 2696 (18)
3133 2625 3200 2680 de
3243 2625 3520 2681 solutione

1948 2719 2424 2774 matrimoniorum
2484 2717 2823 2772 sanctionem
2873 2716 3172 2782 edidisset,
3207 2725 3267 2771 ut
3317 2716 3362 2770 si
3396 2731 3519 2770 ntu-

1940 2812 2042 2867 lier
2101 2811 2300 2865 marito
2349 2810 2652 2864 etiamnum
2712 2808 3013 2877 superstite
3063 2808 3132 2863 de
3164 2807 3520 2862 matrintonio

1940 2919 2066 2960 cum
2099 2904 2272 2956 altero
2296 2910 2441 2969 agal,
2475 2915 2586 2955 non
2605 2898 2840 2968 amplius
2868 2899 3041 2962 illam,
3074 2907 3134 2952 ut
3158 2897 3334 2968 ipsius
3355 2913 3522 2953 metu:

1939 2998 2098 3053 brum
2138 2995 2242 3066 ipsi
2278 2993 2434 3063 jungi
2471 2993 2654 3058 liceat,
2695 2992 2790 3047 sed
2824 3007 2924 3046 ceu
2955 2990 3265 3046 insidiatrix
3306 2989 3374 3042 ab
3400 2989 3521 3058 ipso

1939 3089 2238 3143 avellatur:
2275 3085 2625 3156 postmodum
2664 3083 2776 3154 (19)
2816 3082 2920 3137 sibi
2956 3082 3072 3148 ipse
3100 3081 3515 3146 contradicens,

1940 3179 2010 3234 ob
2053 3179 2193 3232 hanc
2223 3192 2448 3231 causam
2483 3175 2669 3231 dirimi
2723 3190 2830 3230 non
2871 3173 3144 3243 permittit
3174 3171 3289 3243 (20)
3323 3173 3521 3226 matri-

1941 3271 2211 3326 monium.
2239 3267 2351 3324 Nos
2384 3271 2568 3338 itaque
2601 3267 2839 3338 priorem
2867 3263 3112 3320 hominis
3159 3263 3520 3327 voluntatem,

1942 3374 2001 3418 ut
2039 3363 2270 3433 quaehis
2299 3362 2436 3431 ipsis
2465 3375 2587 3430 qua:
2638 3359 2833 3414 statuit
2872 3359 3190 3421 roboretur,
3224 3366 3279 3409 et
3329 3356 3524 3409 adver—

1941 3469 2038 3510 sus
2095 3453 2446 3508 matrimonia
2479 3452 2710 3507 insidias
2766 3449 3050 3520 praecidat,
3089 3449 3343 3502 humana:
3401 3448 3524 3500 vitae

1940 3535 2434 3592 conducibiliorem
2475 3551 2597 3590 esse
2634 3534 3038 3604 intelligentes,
3078 3546 3204 3587 eam
3249 3532 3367 3600 lege
3413 3531 3521 3584 lata

1941 3629 1997 3683 in
2020 3627 2299 3698 republica
2330 3623 2891 3692 observarijubemus
2934 3640 2947 3674 :
2987 3635 3153 3692 quam
3210 3635 3340 3675 vero
3392 3635 3525 3674 can-

1943 3726 2055 3772 tata
2083 3714 2358 3787 palinodia
2387 3713 2682 3783 evolgavit,
2706 3728 2827 3768 eam
2865 3712 2918 3766 in
2977 3711 3292 3778 reipublicae
3321 3718 3526 3765 nostra:

1943 3810 2157 3864 theatro
2187 3808 2368 3862 locum
2407 3804 2654 3860 invenire
2686 3821 2795 3858 non
2858 3803 3247 3873 permittimus.
3302 3799 3360 3855 Si
3418 3803 3524 3871 qua

1941 3901 2111 3971 igitur
2147 3899 2347 3954 marito
2369 3898 2548 3952 adhuc
2594 3897 2739 3961 vivo,
2782 3895 2850 3950 de
2899 3893 3280 3949 contrahendo
3332 3891 3523 3947 matri-

1942 3993 2128 4047 monio
2180 4006 2307 4046 cum
2353 3989 2527 4044 altero
2559 4001 2871 4044 sermonem
2909 3987 3178 4042 habuisse
3223 3986 3526 4056 deprehen-

1941 4085 2138 4149 datur,
2167 4090 2226 4138 ut
2269 4096 2391 4153 quae
2429 4096 2488 4136 se
2519 4081 2635 4152 ipsa
2669 4079 2879 4135 nefario
2905 4083 3183 4150 pr0posito
3222 4078 3526 4148 abruperit,

1941 4185 1996 4232 et
2023 4175 2359 4230 matrimonii
2426 4173 2705 4230 solutione
2759 4173 2827 4227 ab
2892 4171 2986 4226 illo
3040 4170 3420 4232 abszrahetur,
3475 4177 3529 4222 et

1941 4269 2188 4340 profecto
2215 4267 2378 4322 etiam
2399 4267 2732 4337 pecuniariis
2763 4265 2963 4336 pcenis,
2990 4265 3194 4334 quibus
3227 4277 3354 4332 quae
3402 4261 3526 4316 aliis

1943 4360 2124 4416 modis
2152 4375 2182 4414 a
2211 4359 2428 4414 maritis
2478 4359 2812 4416 avellnntur,
2875 4353 3131 4408 obnoxiae
3164 4361 3315 4415 sunt,
3351 4350 3525 4417 subji-

245 4472 445 4525 μεναι.
483 4454 554 4508 Ἦ
587 4454 696 4526 γὰρ
743 4455 834 4508 διὰ
876 4455 976 4524 τῆς
1022 4455 1266 4526 γαμικῆς
1298 4454 1562 4536 ἁρμονίας
1595 4455 1676 4518 είς
1710 4454 1837 4524 μίαν

1947 4454 2148 4509 cietur.
2178 4451 2312 4518 Quae
2365 4451 2514 4506 enim
2570 4446 2910 4503 matrimonii
2954 4459 3219 4514 compage
3249 4445 3304 4497 in
3356 4459 3523 4497 unam

245 4549 355 4617 μὲν
378 4548 568 4616 σάρκα
590 4545 670 4615 τῷ
702 4546 858 4616 ἀνδρὶ
890 4546 1302 4617 χρηματίσασα,
1339 4546 1400 4599 ού
1429 4547 1736 4617 στέργουσα
1760 4544 1841 4611 δὲ,

241 4639 368 4694 ἀλλ’
397 4638 539 4708 ὁμοῦ
580 4639 680 4708 μὲν
719 4639 777 4690 ὲν
818 4636 897 4707 τῷ
944 4637 1084 4707 πρὸς
1113 4638 1301 4707 ἕτερον
1331 4637 1550 4707 βλέπειν
1577 4637 1670 4690 τὸν
1708 4654 1838 4690 συν-

247 4733 582 4804 ορμόσαντα
609 4729 864 4799 Πλάστην
897 4727 1196 4798 ὑϐρίζουσα
1221 4770 1234 4794 ,
1265 4727 1399 4798 ὁμοῦ
1425 4728 1482 4781 δὲ
1510 4729 1606 4782 καὶ
1640 4728 1717 4797 τῷ
1747 4744 1842 4780 συ-

244 4824 403 4896 ζύγῳ
450 4822 650 4894 ἐχθρὸν
702 4821 964 4892 φρόνημα
1018 4815 1281 4893 φέρουσα,
1328 4821 1448 4883 πῶς
1505 4821 1567 4874 ού
1616 4820 1841 4883 δικαίως

246 4915 390 4984 αὑτὴ
428 4913 636 4982 ἑαυτὴν
668 4910 1136 4983 προαποτεμοῦσα
1168 4910 1449 4976 παντελῶς
1467 4912 1566 4982 τῆς
1593 4909 1861 4974 ἑνώσεως,

247 5007 704 5077 ἅποκοπήσεται;
745 5005 798 5058 τί
825 5004 935 5076 γὰρ
981 5003 1048 5057 ἂν
1086 5003 1170 5056 ἔτι
1214 5002 1406 5074 ὀφθείη
1449 5003 1714 5074 ἐχέγγυον
1745 5003 1841 5056 τοῦ

1949 4543 2063 4616 (21)
2095 4557 2317 4598 carnem
2339 4556 2466 4595 cum
2511 4541 2712 4595 marito
2735 4538 2890 4604 coiit,
2946 4552 3054 4591 non
3094 4534 3398 4604 acquiescit
3429 4550 3527 4588 an-

1945 4646 2076 4700 tem,
2104 4633 2202 4690 sed
2232 4631 2414 4700 fsimul
2467 4631 2536 4685 ad
2585 4632 2751 4686 alium
2809 4625 3155 4698 respiciendo
3209 4625 3524 4680 Creatorem

1947 4727 2041 4797 qui
2074 4726 2223 4779 illam
2258 4723 2568 4793 conjunxit,
2631 4721 2964 4777 contumelia
3015 4719 3199 4782 allicit,
3258 4715 3422 4772 simul
3470 4715 3526 4768 in

1946 4820 2204 4873 maritum
2257 4816 2443 4871 hostili
2481 4816 2663 4870 animo
2701 4821 2787 4870 est
2836 4854 2852 4879 ,
2915 4809 3189 4881 quomodo
3219 4824 3328 4862 non
3374 4805 3527 4876 juste

1948 4910 2064 4964 haec
2091 4923 2219 4964 cum
2235 4909 2390 4978 prius
2422 4922 2482 4963 se
2508 4907 2628 4977 ipsa
2671 4922 2703 4962 a
2734 4904 3130 4975 conjunctione
3165 4914 3396 4971 prorsus
3425 4899 3524 4953 ab-

1948 5002 2192 5071 ruperit,
2258 5000 2655 5057 abscindetur?
2723 4995 2791 5052 Et
2855 5011 2986 5052 sane
3035 4992 3258 5066 quando
3329 4989 3529 5047 mulier

1533 5139 1771 5196 VARUE
1806 5137 2208 5196 LECTIONES.

338 5279 386 5312 ³⁸
417 5277 596 5334 Codd.
637 5276 718 5330 ὃν.
777 5277 822 5309 ⁸⁸
847 5275 1024 5332 Codd.
1047 5277 1415 5348 ὲπιτηρειται.
1474 5275 1518 5308 ³⁸
1541 5275 1776 5345 Scritng.
1807 5275 2098 5344 παρόντος.

1793 5413 2024 5469 ΝΟΤᾸΞ.

331 5530 443 5598 (16)
468 5527 804 5584 Dimittenda
831 5545 897 5586 ex
933 5529 1068 5586 Nov.
1099 5531 1190 5593 Ὤ,
1227 5546 1276 5584 e.
1309 5530 1363 5593 6,
1415 5530 1443 5600 ξ
1490 5530 1539 5588 1.
1588 5528 1827 5598 neglecta

252 5599 390 5648 Nor.
427 5599 559 5648 117-
593 5613 648 5648 c.
670 5600 725 5648 8-
745 5611 799 5648 et
826 5602 900 5648 ita
922 5600 1203 5648 reducitur
1240 5600 1306 5648 ad
1340 5598 1476 5648 Nov-
1507 5598 1598 5648 22.

252 5599 390 5654 Nov.
427 5599 559 5662 117,
593 5613 648 5653 c.
670 5600 725 5663 8,
745 5611 799 5654 et
826 5602 900 5654 ita
922 5600 1203 5655 reducitur
1240 5600 1306 5654 ad
1339 5598 1476 5654 Nov.
1507 5598 1598 5651 ἓξ.

326 5669 435 5740 (ιη
469 5667 802 5740 ᾍντινομίαι
826 5669 1099 5740 interdum
1135 5669 1331 5740 injure
1368 5675 1689 5724 occurrunt.

335 5738 446 5810 (18)
478 5736 620 5795 Nov.
643 5736 736 5806 22,
775 5754 824 5798 c.
864 5739 950 5806 16,
983 5739 1084 5810 ξι.

2010 5524 2124 5595 (19)
2158 5523 2291 5595 Nov.
2338 5525 2460 5590 ll‘l,
2488 5539 2538 5582 c.
2577 5526 2706 5589 8,1.

1938 5666 1989 5720 ὁ,
2012 5594 2126 5664 (το)
2161 5594 2365 5650 Saltem
2401 5610 2507 5650 non
2540 5602 2869 5653 numeratur
2921 5595 3064 5651 inter
3100 5601 3301 5649 causas
3351 5600 3520 5657 repu-

1979 5680 2176 5721 torum.

2020 5734 2135 5807 (τι)
2161 5732 2296 5792 Gen.
2321 5750 2542 5803 n,vers.
2559 5737 2660 5806 24;
2684 5736 2872 5796 Matth.
2894 5754 3006 5807 xu,
3024 5751 3170 5795 vers.
3194 5736 3523 5807 5;Luc.xu.
