4062 6202
539 307 646 372 495

1748 310 2022 373 LEOle
2044 312 2513 374 PHILOSOPHI

3688 305 3800 372 L36

536 425 796 490 protervo
831 415 1118 486 proposito
1147 416 1369 472 oculum
1397 414 1616 487 (22-25)
1652 430 1679 472 a
1729 421 1977 475 membro
2010 436 2114 477 suo

2226 420 2396 492 ἐχθρὰ
2422 423 2637 493 φρονεῖν
2662 420 2739 490 τῷ
2768 419 2926 489 ἀνδρὶ
2957 418 3062 488 τὴν
3086 419 3324 485 γυναῖκα
3347 459 3360 481 ,
3388 416 3553 471 ὁπότε
3580 417 3808 485 ἀσελγεῖ

537 514 816 575 avertens,
870 508 923 561 in
982 509 1222 563 alienum
1258 510 1539 580 respicere
1597 511 1801 582 gestit:
1840 527 1963 581 quae
2001 512 2112 567 alia

537 600 695 666 signa
720 607 773 653 et
805 600 1124 655 testimonia
1146 602 1322 671 ipsam
1352 602 1407 656 in
1477 604 1736 659 maritum
1771 604 1991 659 hostilia
2021 619 2118 659 co-

537 692 713 759 gitare
736 692 1065 749 desideres?

964 783 1438 842 CONSTITUTlO
1496 785 1690 841 XXXI.

543 871 610 927 Ut
649 870 763 942 (ἱῶ)
797 889 915 942 qua:
955 874 1147 929 mulier
1183 876 1373 929 mariti
1402 876 1524 929 odio
1560 875 1799 940 abortat,
1848 877 2120 945 repudiari

1033 951 1098 996 ab
1129 944 1222 998 illo
1248 947 1436 1013 possit
1492 946 1629 1015 (Ξὸ).

619 1094 763 1152 Idem
790 1099 1091 1167 imperatur
1143 1097 1322 1154 cidem
1358 1099 1628 1171 Styliano.

610 1189 715 1257 Qui
748 1191 1024 1246 hominem
1059 1208 1089 1246 e
1131 1191 1245 1261 (26)
1274 1202 1419 1247 terra
1467 1195 1697 1259 creavit,
1753 1205 1907 1252 costa
1946 1198 2123 1267 ipsius

543 1284 599 1339 in
624 1284 911 1339 mulierem
954 1282 1379 1351 transformata,
1430 1288 1754 1359 adjutricem
1803 1290 1917 1360 (27)
1950 1292 2025 1346 illi
2057 1309 2121 1347 ex

543 1375 718 1444 ipsius
756 1376 1022 1430 membris
1046 1376 1353 1445 conjunxit,
1383 1395 1495 1447 quo
1531 1381 1785 1437 videlicet
1817 1399 1931 1438 sua:
1953 1398 2110 1440 crea-

543 1466 711 1520 tionis
741 1481 962 1521 causam
983 1466 1075 1519 illa
1101 1482 1467 1536 cognoscens,
1505 1471 1591 1526 vel
1628 1471 1757 1527 hinc
1782 1468 1983 1539 discat,
2016 1490 2125 1546 qua

545 1559 659 1627 lege
684 1574 814 1629 erga
841 1558 1159 1629 coniugem.
1195 1562 1637 1618 benevolentiam
1668 1574 1835 1635 atque
1875 1582 2122 1622 amorem

2225 514 2536 583 φρονήματι
2587 511 2682 565 τοῦ
2723 512 2931 564 οἰκείου
2984 509 3180 580 μέλους
3231 508 3323 561 τὸν
3356 508 3641 578 ὀφθαλμὸν
3670 511 3811 563 ἀπο-

2226 604 2538 673 στρέφουσα
2564 602 2831 673 ἀλλοτρίῳ
2855 599 3186 663 ὲνατενίζειν
3222 600 3401 671 ἔρωτα
3434 598 3627 671 φέρεις

2720 782 3039 837 ΔΙΔΤΑΞΙΣ
3077 780 3184 835 AA'
3213 781 3279 836 “.

2224 876 2365 944 Hirpi
2421 875 2532 930 τοῦ
2557 875 2664 928 τὸν
2698 874 2891 940 ἄνδρα
2932 871 3275 941 zamia-170a:
3297 871 3413 944 τῆς
3456 873 3687 944 ἑαυτοῦ
3706 892 3815 943 τυ-

2294 941 2521 1023 καικρς,
2571 945 2718 997 ὅταν
2761 944 2835 996 δι’
2869 944 3200 1023 ἀπέχθειαν
3250 941 3365 1010 τὴν
3415 943 3565 1011 πρὸς
3619 941 3813 999 αὐτὸν

2295 1016 2743 1084 ἀμϐλώσκουσα
2776 1016 3043 1083 φωραθῇ.

2307 1107 2365 1161 '0
2390 1105 2551 1169 αὐτὸς
2588 1105 2846 1176 βασιλεὺς
2878 1101 3157 1173 Στυλιανῷ
3186 1101 3264 1174 τῷ
3301 1102 3473 1174 αὐτῷ.

2309 1197 2367 1250 '0
2392 1198 2602 1259 πλάσας
2639 1196 2927 1267 ἄνθρωπον
2964 1195 3073 1247 ἀπὸ
3104 1196 3208 1265 γῆς
3241 1195 3299 1262 ἐξ
3346 1194 3568 1250 οἰκείων
3622 1196 3802 1267 μελῶ.

2228 1288 2423 1358 βοηθὸν
2457 1287 2606 1359 αὐτῷ
2635 1288 2899 1340 συνάπτει
2925 1286 3025 1356 τὴν
3043 1286 3285 1355 πλευρὰν
3318 1289 3398 1351 εἰς
3428 1292 3669 1355 γυναῖκα
3691 1289 3807 1343 δια-

2228 1380 2466 1445 πλάσας,
2501 1378 2589 1433 ἵνα
2634 1380 2734 1450 τὴν
2772 1379 2973 1449 ἑαυτῆς
3026 1379 3373 1450 ἐπισταμένη
3420 1380 3519 1451 τῆς
3562 1382 3815 1445 πλάσεως

2228 1472 2409 1526 αἰτίαν
2450 1472 2545 1526 καὶ
2586 1470 2839 1525 ἐντεῦθεν
2886 1471 3211 1541 παιδεύηται
3261 1466 3373 1524 οἷόν
3416 1487 3525 1525 τινι
3579 1470 3734 1543 νόμῳ
3761 1475 3818 1527 τὸ

2230 1562 2367 1634 πρὸς
2406 1562 2496 1616 τὸν
2524 1561 2795 1633 ὁμόζυγον
2840 1560 3052 1627 εὔνουν,
3095 1562 3187 1615 καὶ
3228 1561 3379 1636 σώζῃ
3410 1560 3560 1633 αὐτῷ
3594 1564 3655 1617 τδ
3695 1564 3816 1633 φίλ-

543 1650 1035 1704 incontaminatum
1070 1663 1380 1706 conservet.
1417 1652 1550 1719 Qua:
1584 1654 1753 1724 igitur
1779 1656 1853 1710 ita
1882 1658 2120 1713 animata

2227 1671 2356 1725 τρον
2380 1654 2688 1709 ἀνόθευτον.
2724 1652 2788 1706 Ἦ
2822 1653 2921 1723 μὲν
2942 1646 3035 1707 οὖν
3067 1650 3211 1706 οὕτω
3248 1651 3522 1724 φρονοῦσα
3555 1653 3652 1708 καὶ
3682 1655 3819 1722 γνῶ·

542 1747 645 1801 est,
689 1738 1235 1809 benevolentiamque
1294 1756 1452 1795 suam
1510 1742 1708 1798 marito
1751 1743 2013 1807 custodit,
2042 1760 2120 1799 re-

2231 1764 2340 1819 μην
2375 1746 2582 1800 οἰκείαν
2604 1744 2683 1815 τῷ
2704 1745 2861 1816 ἀνδρί
2891 1744 3157 1814 τηροῦσα,
3192 1743 3386 1815 βοηθός
3412 1745 3471 1799 τέ
3502 1748 3653 1799 ἐστιν
3692 1746 3818 1818 ἅλη-

542 1846 668 1883 vera
698 1831 789 1883 illa
820 1830 1137 1886 auxiliatrix
1179 1841 1284 1898 est,
1328 1848 1507 1903 neque
1533 1833 1853 1889 Conditoris
1884 1835 2120 1904 promis-

540 1937 661 1975 sum
706 1922 874 1977 fallit:
900 1939 1023 1993 qua:
1050 1939 1178 1980 vero
1206 1926 1428 1982 diverso
1469 1927 1656 1981 animo
1693 1936 1801 1991 est,
1837 1943 1950 1982 non
1999 1943 2121 1981 am-

541 2016 683 2085 plins
708 2031 884 2086 neque
906 2017 1144 2072 liocesse
1167 2020 1538 2088 cognoscitur,
1575 2034 1771 2088 neque,
1806 2033 2120 2089 quanquam

540 2108 859 2177 coniugium
899 2109 953 2163 in
990 2125 1158 2163 unum
1188 2110 1335 2164 illam
1384 2125 1510 2165 cum
1551 2113 1748 2165 marito
1795 2127 1993 2182 cogere
2019 2125 2123 2166 an-

540 2200 721 2255 nisum
781 2200 964 2265 fuerit,
998 2216 1130 2255 caro
1187 2217 1253 2255 ex
1287 2217 1477 2264 carne,
1526 2203 1911 2259 membrumve
1944 2203 2121 2274 ipsius

539 2300 648 2345 est.

608 2380 822 2438 Idcirco
850 2397 974 2438 cum
1025 2384 1091 2437 de
1147 2384 1391 2448 muliere,
1430 2400 1551 2455 qua:
1572 2386 2122 2457 propterinimicitias

538 2490 677 2545 quas
701 2489 825 2530 cum
851 2476 1051 2530 marito
1082 2476 1263 2542 habet,
1284 2476 1350 2532 de
1377 2478 1646 2534 industria
1662 2479 1964 2534 abortando
1982 2480 2117 2549 (‘28),

539 2584 721 2638 neque
766 2570 822 2623 in
858 2569 985 2623 vita:
1035 2570 1214 2624 lucem
1266 2568 1430 2623 telum
1481 2568 1858 2639 producendo,
1894 2570 2122 2625 seminis

538 2660 716 2729 ipsius
744 2658 985 2714 fructum
1011 2661 1300 2729 opprimit,
1336 2660 1459 2715 duae
1486 2661 1635 2731 leges
1672 2661 1797 2715 latae
1824 2662 1955 2725 sint,
1984 2677 2120 2730 qua-

538 2764 663 2802 rum
695 2763 801 2803 una
837 2749 950 2818 (29)
983 2750 1277 2818 repudiare
1314 2750 1515 2820 injuria
1556 2750 1813 2805 allectum
1860 2753 2117 2805 maritum

541 2840 747 2907 iubeat,
779 2841 951 2895 altera
986 2841 1101 2910 (30)
1145 2856 1274 2896 vero
1322 2859 1430 2897 non
1473 2844 1753 2913 permittat
1801 2860 1813 2895 :
1853 2857 1975 2907 nos,
2016 2841 2117 2911 legi

538 2931 836 2985 divortium
870 2931 1128 2987 suadenti
1156 2932 1549 2997 assentientes,
1586 2932 1663 2985 illi
1717 2941 1774 2985 ut
1799 2933 1974 2986 multo
2007 2932 2120 2985 uti-

2228 1837 2337 1901 θῶς
2370 1838 2465 1893 καί
2493 1837 2591 1904 τὴν
2618 1837 2713 1890 τοῦ
2744 1835 3053 1899 Πλάσαντος
3079 1837 3138 1889 οὐ
3163 1836 3468 1906 ψευδομένη
3503 1837 3819 1907 ὑπόσχεσιν,

2226 1930 2260 1996 ἡ
2297 1928 2342 1981 δ’
2372 1928 2614 1981 ἐναντίον
2645 1928 2903 1999 φρόνημα
2938 1927 3259 1998 κτησαμένη
3290 1927 3475 1980 οὐκέτι
3498 1926 3622 1980 οὔτε
3656 1927 3817 1981 τοῦτο

2226 2021 2576 2091 γνωρίζεται,
2625 2019 2749 2073 οὔτε
2784 2018 2922 2089 σὰρξ
2955 2020 3018 2072 ὲκ
3049 2018 3149 2088 τῆς
3185 2018 3440 2091 σαρκδςῆ
3481 2019 3642 2089 μέλος
3673 2019 3817 2074 ὲκεί-

2224 2128 2316 2164 νου
2366 2110 2717 2176 καθίσταται,
2766 2109 2933 2180 κᾶνή
2972 2110 3241 2178 συνάφεια
3293 2110 3429 2180 πρὸς
3481 2109 3540 2165 ἓν
3586 2113 3816 2180 ἀγαγεῖν

2225 2207 2480 2261 ἔσπευσε.

2293 2387 2392 2441 Διὰ
2426 2385 2586 2439 τοῦτο
2624 2387 2754 2456 περὶ
2787 2383 3046 2454 γυναικὸς
3083 2385 3177 2437 δύο
3233 2383 3503 2454 κειμένων
3542 2383 3754 2455 νόμων,
3787 2387 3817 2456 ἦ

2222 2470 2289 2524 δι’
2321 2472 2614 2541 ἀπέχθειαν
2647 2472 2748 2543 τὴν
2785 2473 2922 2542 πρὸς
2959 2472 3052 2525 τὸν
3096 2472 3265 2541 ἄνδρα
3317 2471 3395 2543 τῷ
3440 2471 3656 2527 ἐκείνου
3713 2475 3820 2544 τῆς

2224 2564 2435 2633 σπορᾶς
2478 2562 2678 2633 καρπῷ
2712 2562 3044 2633 λυμαίνεται
3085 2561 3492 2632 ἀμόλώσκουσα
3531 2563 3627 2617 καὶ
3680 2565 3819 2635 πρὸς

2226 2654 2342 2724 βίου
2371 2655 2487 2723 φῶς
2516 2655 2615 2707 οὐκ
2646 2656 2855 2722 ἄγουσα
2885 2654 2983 2725 τὴν
3018 2654 3181 2722 γονὴν
3210 2653 3431 2716 ἑκοῦσα,
3469 2657 3563 2707 καὶ
3589 2654 3688 2708 τοῦ
3717 2656 3820 2725 μὲν

2223 2745 2553 2815 χωρίζεσθαι
2588 2746 2680 2799 τὸν
2718 2745 3075 2817 ἀδικούμενον
3114 2744 3450 2808 κελεύοντος,
3489 2748 3580 2798 τοῦ
3614 2744 3675 2799 δὲ
3715 2747 3820 2798 οὐκ

2223 2838 2634 2909 ἐπιτρέποντος,
2682 2839 2846 2907 ἡμεῖς
2882 2838 2961 2901 ὡς
3012 2836 3446 2905 λυσιτελεστέρῳ
3487 2836 3633 2891 κατὰ
3676 2837 3819 2892 πολὺ

2224 2929 2641 3001 προστιθέμενοι
2664 2929 2741 2999 τῷ
2772 2930 3061 3000 χωρίζοντι
3094 2927 3287 2997 ἐκείνῳ
3308 2926 3369 2980 τὸ
3393 2927 3562 2999 κῦρος
3584 2930 3813 2998 προσνέ-

542 3023 663 3077 liori
688 3022 1068 3077 auctoritatem
1085 3022 1471 3077 attribuimus.
1517 3022 1770 3077 Alienum
1808 3022 1953 3077 enim
1986 3022 2118 3077 lllllll

2229 3038 2421 3092 μομεν.
2477 3023 2716 3075 Ἀτοπον
2764 3022 2874 3092 γάρ
2944 3038 3035 3092 μοι
3085 3021 3336 3090 φαίνεται
3385 3021 3477 3073 καὶ
3533 3020 3821 3084 παντελῶς

538 3130 569 3168 a
605 3114 845 3178 ratione,
877 3129 1223 3185 prorsusque
1247 3116 1500 3185 iniquum
1531 3116 1848 3179 videtur,ut
1869 3130 1991 3185 quae
2009 3124 2118 3169 tam

2226 3090 2432 3177 ἄδικον,
2468 3114 2567 3183 τὴν
2633 3113 2777 3166 οὕτω
2830 3090 3126 3184 προιρανῶς
3173 3111 3271 3183 τὴν
3322 3112 3458 3181 πρὸς
3507 3110 3597 3164 τὸν
3648 3112 3821 3183 ἄνδρα

541 3210 789 3274 apertum
820 3204 874 3259 in
901 3203 1159 3259 maritum
1190 3206 1377 3260 odium
1419 3206 1688 3274 suscepit,
1724 3214 1783 3259 ut
1832 3205 2006 3274 ipsius
2033 3219 2122 3259 se-

543 3308 667 3348 men
702 3293 985 3364 disperdat
1016 3294 1333 3365 (utinterim
1368 3295 1637 3359 omittam,
1669 3296 1815 3366 quod
1843 3294 2122 3349 communi

543 3392 753 3438 natura:
794 3383 1051 3439 insidiata
1086 3384 1216 3453 sit),
1267 3385 1365 3453 ipsi
1408 3384 1706 3439 cohabitet.
1748 3383 1882 3437 Nam
1923 3386 1971 3439 si
2025 3385 2121 3453 qui

542 3474 703 3527 alicui
766 3474 860 3528 alii
915 3475 1067 3544 operi
1120 3475 1381 3529 damnum
1415 3474 1681 3540 inferunt,
1714 3491 1811 3530 eos
1858 3484 2121 3546 tanquam

543 3565 798 3621 inimicos
828 3579 1170 3630 aversantur,
1219 3566 1495 3635 quomodo
1518 3581 1637 3621 eam
1669 3582 1790 3636 qua!
1824 3582 2121 3636 procrean-
2148 3578 2151 3581 ‘

542 3660 739 3709 dorum
777 3655 1073 3710 liberorum
1121 3658 1294 3727 operi,
1331 3668 1443 3711 tum
1502 3660 1741 3713 maxime
1789 3659 2120 3725 necessario,

544 3756 657 3799 tum
689 3748 1141 3816 praestantissimo
1181 3762 1382 3802 noxam
1426 3748 1576 3814 fecit,
1628 3750 1744 3818 ipse
1802 3750 1893 3818 qui
1920 3752 2124 3806 damno

543 3838 769 3893 affectus
800 3847 903 3904 est,
940 3847 998 3893 ut
1025 3854 1181 3894 suam
1228 3840 1370 3909 apud
1419 3856 1479 3894 se
1509 3839 1712 3895 habere
1763 3842 1983 3910 pulerit,
2018 3858 2123 3898 nec

544 3934 602 3981 nt
633 3927 1027 3983 insidiatricem
1068 3937 1123 3983 et
1181 3930 1395 3984 hostem
1447 3928 1735 3985 dimittet?
1774 3932 1931 3998 Quod
1965 3934 2122 3989 insu-

545 4034 640 4088 per
666 4017 981 4075 evidentius
1016 4016 1235 4089 signum
1300 4021 1552 4089 requiras
1581 4032 1640 4076 ut
1682 4023 1967 4079 mulierem
2001 4042 2120 4081 ma-

542 4117 650 4162 nto
701 4108 982 4163 inimicam
1014 4124 1139 4164 esse
1182 4110 1529 4179 cognoscas?
1562 4110 1852 4176 Quomodo
1904 4113 1959 4167 id
1994 4116 2121 4171 inde

544 4197 902 4252 manifestum
935 4213 1044 4253 non
1076 4207 1179 4260 est,
1210 4199 1356 4269 quod
1389 4199 1518 4253 dum
1553 4198 1818 4255 adversus
1841 4201 1993 4254 illum
2017 4202 2119 4258 lio-

539 4291 684 4345 stilia
706 4290 929 4360 cogitat,
960 4292 1013 4346 in
1039 4293 1205 4346 vitam
1233 4307 1525 4363 progressu
1556 4293 1722 4347 fetum
1745 4293 2119 4363 privat?Quo-

540 4378 701 4434 modo
727 4378 895 4449 igitur
930 4380 1141 4433 dictum
1186 4379 1439 4435 estzLex
1493 4396 1615 4451 qua:
1674 4382 1822 4451 ipsos
1876 4390 2114 4450 separat,

536 4468 806 4533 ubtineto,
856 4470 1200 4539 maritusque
1240 4470 1533 4525 secedendi
1562 4485 1591 4525 a
1621 4470 1855 4526 muliere
1905 4471 1960 4525 in
2012 4470 2117 4525 hoc

538 4559 787 4614 facinore
849 4561 1191 4630 deprehensa
1253 4561 1580 4617 facultatem
1638 4562 1853 4616 habeto.
1898 4562 2033 4616 Nam
2066 4562 2112 4617 si

533 4668 655 4722 quae
681 4652 861 4709 solmn
895 4662 1051 4707 extra
1086 4654 1198 4723 (51)
1226 4653 1371 4709 aedes
1396 4654 1619 4719 mansit,
1648 4663 1741 4708 aut
1776 4667 1901 4708 cum
1936 4655 2113 4709 homi-

2224 3201 2550 3271 δυσμένειαν
2581 3203 3006 3276 ἐπανῃρημένην
3038 3204 3107 3256 δι’
3138 3197 3215 3256 ὧν
3252 3201 3332 3272 τῷ
3378 3202 3592 3256 ἐκείνου
3638 3202 3819 3258 λωδᾶ-

2224 3307 2314 3344 ται
2348 3292 2624 3362 σπέρματι
2656 3291 2889 3362 (ἀφίημι
2929 3293 3063 3361 γὰρ,
3090 3291 3171 3345 ὅτι
3218 3292 3313 3345 καί
3345 3290 3445 3359 τῆς
3478 3291 3668 3361 κοινῆς
3698 3292 3818 3345 ἐπί-

2225 3381 2416 3445 ϐουλος
2445 3382 2698 3453 φύσεως)
2737 3383 3182 3451 συγκατοικίζειν
3218 3380 3388 3450 αὐτῷ.
3422 3382 3485 3434 Et
3541 3382 3652 3453 γὰρ
3690 3385 3819 3448 τοὺς

2225 3474 2307 3536 εἰς
2334 3491 2387 3527 τι
2436 3472 2625 3544 ἕτερον
2668 3473 2828 3544 ἔργον
2860 3474 3067 3547 βλάϐην
3098 3474 3453 3544 ποιουμένους
3484 3472 3560 3535 ὠς
3586 3472 3818 3544 ὲχθροῦς

2225 3565 2673 3635 ἀποτρεπόμεθα,
2697 3565 2813 3629 πῶς
2840 3566 2906 3619 ἂν
2939 3566 3042 3637 τὴν
3074 3568 3154 3628 εἰς
3187 3566 3248 3617 τὸ
3270 3564 3490 3617 πάντων
3522 3564 3816 3632 ἀναγκαιό-

2224 3673 2388 3710 τατον
2428 3658 2523 3709 καὶ
2559 3656 2887 3727 τιμιώτατον
2932 3657 3031 3727 τῆς
3072 3655 3423 3717 παιδοποιίας
3480 3654 3643 3727 ἔργον
3682 3655 3816 3707 ἀνυ-

2228 3746 2358 3816 στὴν
2380 3746 2424 3778 ⁸⁸
2451 3744 2657 3817 ζημίαν
2698 3747 2975 3821 φέρουσαν
3041 3745 3117 3809 ὡς
3150 3746 3358 3798 οἰκείαν
3383 3744 3494 3811 ἔξει
3530 3746 3559 3797 ὁ
3590 3744 3816 3814 ζημιοῠο

2228 3855 2390 3909 μενος
2429 3840 2562 3909 παρ’
2600 3837 2801 3909 ἐαυτῷ,
2835 3837 2951 3891 ἀλλ’
2989 3839 3090 3891 οὐκ
3137 3836 3528 3906 ἀποπέμψεται
3580 3837 3658 3899 ὡς
3699 3838 3814 3889 ἐπίο

2224 3929 2414 3983 ϐουλον
2444 3930 2539 3983 καί
2584 3930 2886 3999 πολεμίαν;
2918 3929 2984 3982 Τί
3020 3930 3131 4000 γὰρ
3164 3930 3230 3983 ἂν
3271 3929 3670 4000 ἐναργέστερον
3704 3946 3809 3999 ση-

2225 4022 2378 4087 μεῖον
2413 4019 2733 4089 ἐπιζητήσει
2766 4018 2868 4085 ἔτι,
2897 4019 3038 4073 ὥστε
3086 4020 3217 4073 ἰδεῖν
3239 4021 3323 4074 ὄτι
3350 4021 3576 4083 δύσνους
3607 4023 3640 4091 ἡ
3676 4021 3814 4089 γυνὴ

2221 4110 2299 4181 τῷ
2330 4111 2513 4181 ἀνδρίς
2543 4111 2659 4175 πῶς
2691 4110 2736 4163 δ’
2764 4111 2884 4181 οὒχί
2910 4111 3164 4183 φανερὸν,
3206 4113 3293 4166 ὅτι
3321 4113 3380 4165 ὲν
3411 4112 3489 4183 τῷ
3513 4115 3639 4166 κατ’
3667 4110 3804 4166 ὲκεί-

2222 4220 2313 4255 νου
2351 4206 2569 4273 φρονεῖν
2598 4204 2695 4273 τῆς
2721 4205 2857 4275 πρὸς
2885 4204 2947 4256 τὸ
2971 4204 3072 4274 ζῇν
3112 4204 3350 4275 παρόδου
3388 4205 3688 4275 ἀποστερεῖ
3710 4202 3807 4273 τὴν

2221 4298 2413 4365 γονήν;
2446 4296 2659 4363 Ὥσπερ
2680 4291 2772 4349 οὖν
2806 4297 3046 4366 εῖρηται,
3094 4296 3151 4351 '0
3178 4297 3396 4349 διιστῶν
3438 4297 3639 4359 αὐτοὺς
3680 4313 3804 4364 κρα-

2221 4389 2383 4441 τείτω
2412 4388 2597 4457 νόμοξ,
2622 4389 2715 4441 καὶ
2731 4387 2915 4442 ἄδειαν
2951 4389 2979 4441 ὁ
3005 4389 3254 4459 γαμέτης
3272 4388 3443 4458 ἐχέτω
3472 4385 3808 4458 χωρίζεσθαι

2223 4477 2325 4546 τῆς
2360 4478 2454 4530 ὲπί
2488 4476 2714 4547 τοιούτῳ
2738 4476 3049 4548 τολμήματι
3079 4480 3486 4551 πεφωραμένης
3521 4480 3801 4546 γυναικός.

2224 4569 2286 4619 ΕΞ
2311 4569 2419 4638 γὰρ
2450 4567 2546 4621 καὶ
2579 4568 2738 4637 μόνον
2771 4564 2878 4632 ἔξω
2928 4566 3192 4635 μείνασαν
3234 4566 3337 4638 τῆς
3364 4569 3564 4631 οἰκίας,
3594 4567 3629 4637 ἢ
3666 4584 3802 4637 συμ-

2221 4659 2410 4712 ποσίου
2464 4656 2843 4730 μετασχοῦσαν
2876 4656 3189 4728 προσώποις
3218 4655 3301 4724 οἷς
3352 4660 3415 4712 οὐ
3466 4657 3797 4728 νενόμισται,

1836 4814 2069 4871 VAle
2102 4817 2508 4875 LECTIONES.

598 4931 640 5009 'f
664 4932 941 5009 Lau‘latur
969 4932 1399 5009 abllarmenop.
1436 4932 1534 4987 lib.
1564 4948 1637 4995 iv,
1684 4934 1766 4987 tit.
1792 4934 1874 4999 12,
1898 4950 1949 5006 p.
1983 4935 2108 4990 547.
2201 4938 2246 4969 ³³
2267 4937 2437 4993 Codd.
2473 4936 2540 4989 ἂν
2574 4937 2634 4990 οὐ
2665 4936 2785 5004 τήν.
2814 4937 3004 5009 Steph.
3036 4937 3368 5008 ἀκροτάτην,
3401 4934 3786 5005 Spengenberg

533 5002 686 5074 ἀνδρί
719 5003 819 5072 τήν
865 5004 1150 5075 legendum
1181 5013 1537 5059 censuerunt.

1999 5121 2232 5179 ΝΟΤᾹῘ.

602 5260 811 5329 (22-23)
852 5257 1061 5315 Tertul.
1110 5261 1205 5315 lib.
1257 5259 1329 5313 De
1370 5260 1616 5315 velandis
1669 5261 1975 5330 virginibus
2033 5263 2111 5318 ait

532 5332 754 5399 nuptias
780 5331 848 5385 de
877 5332 1063 5401 animo
1089 5341 1141 5385 et
1173 5330 1367 5384 allecti:
1400 5332 1535 5389 ﬁeri,
1559 5333 2020 5401 quemadmodum
2051 5344 2105 5389 et

531 5412 805 5469 stuprum.
832 5399 985 5455 Adde
1004 5400 1194 5455 Matth.
1229 5419 1281 5461 v,
1314 5417 1455 5455 vers.
1493 5399 1590 5454 9.8.

601 5470 712 5527 (ἐῶ)
754 5471 945 5525 Exstat
979 5472 1121 5527 apud
1147 5473 1199 5525 4.
1234 5471 1419 5524 ΙΙυΓιιι.
1466 5472 1552 5527 12.
1577 5470 1602 5527 ξ
1624 5472 1657 5527 6

601 5470 712 5532 (ἐῶ)
754 5471 945 5525 Exstat
979 5472 1121 5539 apud
1147 5473 1199 5525 4.
1234 5471 1419 5524 llurni.
1466 5472 1552 5536 l3,
1624 5472 1676 5527 6.

602 5539 715 5606 (Ξὸ)
747 5540 819 5594 Ut
850 5539 985 5593 Nov.
1018 5539 1222 5595 Justin.
1257 5540 1348 5599 22,
1382 5556 1432 5594 c.
1468 5542 1556 5603 16,
1595 5541 1623 5611 §
1660 5544 1711 5604 1,
1752 5543 1927 5599 fuerat
1963 5560 2100 5601 con-

607 5617 787 5661 tutum
835 5626 846 5659 :
909 5610 1176 5661 omissum
1229 5626 1360 5661 vero
1411 5611 1465 5661 in
1511 5609 1649 5661 Nov.
1687 5614 1807 5661 H7-
1860 5630 1911 5661 (ε,
1946 5615 1999 5661 8-
2048 5617 2100 5661 in

530 5623 787 5662 Sltllﬂum
835 5626 846 5659 ζ

528 5680 707 5819 ﬁn(:26)
730 5747 931 5803 Genes.
969 5766 1028 5802 ιι.

909 5610 1176 5666 omissum
1229 5626 1360 5664 vero
1411 5611 1465 5665 in
1511 5609 1649 5668 Nov.
1687 5614 1809 5680 117,
1860 5630 1913 5670 c.
1946 5615 2000 5681 8,
2048 5617 2101 5670 in

2290 5264 2405 5335 (97)
2434 5264 2629 5321 Mulier
2657 5283 2723 5324 ex
2749 5269 2871 5322 viro
2894 5276 2949 5323 ct
2979 5278 3204 5335 propter
3235 5270 3434 5321 virum.
3495 5262 3707 5335 Tertul.
3740 5261 3788 5326 5,

2217 5333 2483 5391 adversus
2517 5336 2852 5393 Marcionem
2875 5350 2925 5393 et
2951 5333 3046 5393 lih.
3072 5333 3145 5392 De
3177 5337 3394 5392 veland.
3422 5333 3679 5397 virginib.

2294 5405 2409 5474 (28)
2441 5405 2516 5460 De
2548 5408 2743 5463 abortu
2781 5409 2902 5463 vide
2930 5410 2966 5462 Ι.
3000 5409 3052 5474 8,
3098 5408 3173 5465 De
3228 5409 3393 5464 sicar.
3438 5406 3477 5459 I.
3511 5403 3580 5457 39
3620 5402 3678 5456 Π.
3714 5399 3787 5455 De

2214 5478 2411 5547 poenis-

2287 5545 2399 5619 (29)
2425 5542 2559 5619 Nov.
2592 5544 2688 5619 22,
2713 5562 2765 5601 c.
2793 5548 2878 5619 16,
2915 5548 2941 5619 §
2974 5548 3022 5601 Ι.

2285 5616 2399 5681 (50)
2428 5616 2560 5669 Nov.
2585 5616 2708 5679 H7,
2742 5631 2793 5670 c.
2827 5617 2880 5681 8,
2909 5616 2961 5671 in
2991 5618 3084 5672 lld.

2249 5755 2259 5765 ο
2288 5684 2398 5765 (Si)
2435 5684 2662 5741 υρΝυν.
2690 5687 2811 5765 117,
2847 5704 2897 5741 c.
2931 5688 2985 5754 8,
3020 5704 3167 5757 vers.
3205 5688 3262 5746 Si
3296 5690 3525 5749 nolente
3560 5692 3678 5749 viro
3709 5687 3783 5745 [ο-

2218 5755 2297 5812 ris
2318 5755 2541 5812 duilium
2566 5760 2855 5812 manserit.
3062 5787 3067 5792 -
