4090 6206
318 312 424 378 437

1400 302 1764 373 NOVELLJE
1797 300 2478 369 CONS’I‘ITUTIONES.

3491 300 3601 365 198

321 428 426 498 τῆς
453 422 707 496 γαμικῆς
739 420 1037 492 συναφείας
1065 418 1096 475 ὁ
1133 420 1299 491 νόμος
1327 419 1502 489 αυτὴν
1545 419 1726 488 διιστᾷ
1751 416 1901 483 (καί-

2032 412 2175 467 nibus
2201 427 2327 467 cuni
2351 410 2558 482 quibus
2576 424 2684 466 non
2704 409 2929 467 deceret
2943 404 3233 466 convivale
3262 404 3478 478 (δῦ-35)
3498 417 3604 470 est,

318 530 473 587 τοιγε
500 512 743 569 ἐνταῦθα
766 515 867 584 οὐχ
890 513 1039 566 οὕτω
1058 511 1363 583 περιφανὲς
1384 509 1580 578 δρᾶται
1615 507 1923 579 μαρτύριον

314 609 420 680 τῆς
453 609 591 681 πρὸς
625 604 717 661 τὸν
738 605 908 678 ἀνδρα
928 603 1277 675 δυσμενείας.
1300 602 1687 671 συνενεχθῆναι
1702 602 1744 633 ³³
1762 600 1923 653 τοῦτο

318 704 463 769 α»)τῇ
494 697 739 753 τοιοῦτον
782 695 933 758 είκδς
961 694 1057 749 καὶ
1102 692 1328 763 μηδενὸς
1358 691 1697 760 ἀδικήματος
1716 686 1794 758 τῷ
1819 686 1923 755 γάι-

323 813 411 863 μῳ
434 791 880 860 συμϐαίνοντος),
909 784 1032 840 τίνα
1054 785 1214 853 λόγον
1246 784 1383 849 ἱξει,
1427 782 1525 853 τὴν
1564 783 1643 843 είς
1670 779 1923 832 τοσοῦτον

324 882 428 953 μὲν
472 883 746 936 ἐλάσασαν
800 881 1011 950 μίσους,
1039 874 1181 930 οὕτω
1225 875 1283 928 δὲ
1313 875 1494 930 ἄδικον
1539 872 1637 925 καὶ
1675 867 1804 939 περὶ
1830 867 1922 921 τδν

320 976 493 1046 ἄνδρα
519 974 767 1042 καὶπερὶ
793 971 891 1043 τὴν
922 968 1087 1039 φύσιν
1121 967 1197 1038 μὴ
1226 964 1618 1032 διαζευγνύειν,
1661 963 1711 1014 εί
1764 958 1921 1013 τοῦτο

316 1070 468 1122 δοκεῖ
494 1066 573 1137 τῷ
596 1066 767 1137 ἀνδρὶ,
791 1062 904 1117 ἀλλ’
928 1058 1247 1133 ἐπιτρέπειν
1282 1059 1527 1113 σύνοικον
1562 1054 1727 1126 ἔχειν,
1753 1050 1787 1125 ἢ
1824 1054 1921 1121 ἐφ-

319 1159 532 1232 εδρεύει
564 1161 631 1229 τῇ
664 1157 873 1211 ἐκείνου
901 1154 1047 1225 (toﬁ;

890 1267 1205 1323 ΔΙΑΤΔΞΙΣ
1243 1266 1372 1321 AB'.

320 1390 465 1460 Περὶ
501 1389 610 1445 τοῦ
662 1389 759 1443 ἐπ’
790 1385 1143 1509 αὑτοφὼρῑιρδ
1161 1385 1419 1448 ἁλόντος
1478 1380 1698 1452 μοιχοῦ
1735 1380 1772 1449 ἣ
1791 1395 1920 1447 μοιο

963 1475 1037 1509 γα
1085 1474 1101 1507 ι
1145 1473 1235 1509 oe.

959 1473 1235 1526 χαλιοος.

404 1575 467 1628 '0
497 1575 663 1638 αὐτὸς
694 1572 950 1644 βασιλεὺς
972 1567 1252 1639 Στυλιανῷ
1278 1567 1359 1637 τῷ
1390 1564 1561 1635 αὐτῷ.

393 1670 470 1722 Τδ
518 1670 618 1739 τῆς
691 1664 936 1738 μοιχείας
999 1662 1133 1732 ἄγος
1187 1662 1347 1731 εῐπερ
1382 1677 1435 1712 τι
1480 1657 1609 1712 ἄλλο
1662 1656 1771 1708 τῶν
1818 1655 1917 1708 ἀν·-

2035 506 2176 559 liane
2202 504 2341 560 laxa
2381 514 2526 559 nexu
2547 503 2943 559 matrimOniali
2989 508 3212 573 separat
3234 501 3382 567 (cum
3422 502 3609 554 tamen

2032 595 2122 650 hic
2148 598 2201 649 in
2229 594 2489 648 maritum
2524 594 2635 649 odii
2665 593 2876 647 nullum
2915 603 3023 647 tam
3084 592 3311 647 evidens
3363 590 3607 645 testimo-

2031 688 2181 741 nium
2205 685 2300 747 sit,
2329 693 2385 740 et
2410 687 2685 741 accidisse
2718 685 2771 739 id
2800 685 2875 738 illi
2903 684 3044 737 citra
3092 683 3427 765 matrimonii
3464 683 3611 753 inju-

2030 781 2170 833 riam
2199 778 2369 832 videri
2401 778 2565 832 etiam
2595 777 2822 847 possit),
2848 776 3013 845 cujus
3060 773 3294 831 rationis
3335 777 3460 842 erit,
3485 791 3606 831 eam

2028 885 2150 939 quae
2181 876 2395 923 tantum
2441 874 2662 938 tamque
2688 868 2742 921 in
2780 870 3037 922 maritum
3078 878 3134 922 et
3163 875 3415 921 naturam
3454 868 3607 936 inju-

2030 960 2171 1013 rium
2195 959 2378 1013 odium
2410 957 2751 1029 conceperit,
2780 972 2889 1013 non
2922 958 3266 1029 disjungere,
3296 960 3341 1014 si
3379 959 3456 1013 ita
3485 975 3606 1013 nia-

2029 1052 2134 1106 rito
2160 1050 2431 1113 videatur,
2462 1060 2516 1105 et
2539 1049 2737 1120 jubere
2762 1051 2941 1121 ipsum
2977 1065 3201 1105 uxorem
3233 1050 3455 1117 habere,
3485 1065 3609 1121 «piae

2029 1141 2201 1212 ipsius
2223 1142 2347 1196 vitae
2372 1140 2662 1196 insidietur
2693 1141 2717 1194 ?

2379 1254 2844 1313 coxsrlrv'rlo
2880 1254 3071 1310 xxxn
3106 1256 3241 1325 (δι).

2132 1375 2209 1430 De
2229 1374 2487 1428 adulteris
2522 1373 2807 1441 manifesto
2842 1372 2958 1441 (55)
2993 1371 3327 1441 deprehensis
3358 1371 3496 1441 (36).

2095 1574 2243 1628 Idem
2278 1573 2583 1644 imperator
2608 1573 2789 1628 eidem
2829 1573 3104 1644 Styliano.

2094 1664 2361 1720 Adulterii
2415 1666 2599 1720 scelus
2652 1664 2698 1719 si
2737 1665 2887 1735 quod
2944 1664 3093 1719 aliud
3124 1674 3344 1735 gravem
3376 1658 3611 1719 horren-

332 1780 483 1816 οσιου
492 1758 793 1831 ργημάτων
823 1756 1049 1828 βαρεῖαν
1071 1757 1165 1808 xui
1179 1752 1418 1822 φοϐερὰν
1433 1751 1656 1804 ἀπαιτεῖ
1677 1748 1774 1819 τὴν
1793 1763 1915 1798 ποιο

2029 1756 2260 1826 ιιοιιιιιιιο
2307 1770 2527 1826 pinnam
2590 1755 2799 1826 exigit,
2854 1763 2909 1810 et
2955 1758 3053 1826 (ut
3094 1760 3266 1826 puto)
3320 1754 3602 1809 homicidii

326 1853 425 1923 νην
450 1849 566 1915 καὶ,
592 1844 769 1917 οἶμαι,
795 1845 869 1915 μὴ
907 1842 1263 1913 ἀνδροφονίας
1292 1838 1719 1910 ἐλαττουμένην⁹
1751 1839 1782 1890 ὁ
1812 1835 1910 1906 μὲν

327 1944 440 2013 γὰρ
466 1942 564 2011 τῆς
599 1935 913 2010 μιαιφονίας
942 1933 1180 2005 ιργάτης
1226 1931 1345 1994 ἑνός
1381 1947 1525 1991 τινος
1555 1929 1813 1988 πολλάκις
1842 1929 1910 1997 τῇ

333 2031 610 2104 μιαιφόνῳ
657 2029 803 2100 χειρὶ
834 2026 1132 2095 ἀνατρέπει
1161 2023 1252 2077 τὸν
1283 2022 1419 2091 βίον,
1448 2023 1478 2074 δ
1506 2021 1562 2073 δὲ
1589 2018 1784 2091 μιαρὸς
1815 2018 1913 2086 τῆς

336 2122 583 2195 μοιχείας
638 2119 881 2189 ἐργάτης
931 2114 1203 2168 πλείστων
1250 2113 1393 2165 ὅσων
1424 2110 1688 2178 ἀνέτρεζιε
1740 2108 1913 2177 βίους,

333 2216 546 2285 ἀνδρὸς,
578 2212 807 2275 παίδων,
836 2205 1117 2276 συγγενῶν
1137 2206 1337 2269 ἄλλων,
1365 2205 1467 2274 μιᾷ
1497 2202 1677 2271 πληγῇ
1707 2200 1917 2263 πάντας

334 2310 401 2378 τῇ
434 2306 546 2358 τῶν
580 2305 776 2373 γάμων
803 2299 1132 2371 ἀνατρέπων
1164 2296 1522 2367 διασπαράξει
1541 2296 1605 2348 ³³⁵.
1634 2294 1780 2364 Πλὴν
1803 2292 1916 2346 ἀλλ’

336 2400 460 2453 sust
489 2397 659 2451 πάλαι
679 2395 828 2466 φόνῳ
846 2392 1161 2462 τιμωμένης
1181 2392 1225 2423 ³⁸
1248 2391 1344 2460 τῆς
1367 2387 1749 2459 ἀνοσιουργίας
1774 2385 1919 2451 εδοξε

338 2493 450 2554 τοῖς
483 2489 623 2560 μετὰ
657 2486 833 2541 ταῦτα
865 2483 1385 2556 φιλανθρωποτέραν
1418 2481 1673 2551 ἔκφέρειν
1716 2480 1919 2550 ψῆφον,

342 2586 431 2639 ἀεὶ
461 2583 518 2636 δέ
550 2597 668 2644 πως
695 2582 843 2651 ἡμᾶς
875 2581 909 2649 ἡ
945 2575 1437 2647 φιλανθρωποτέρα
1465 2573 1757 2641 ἐφέλκεται
1783 2570 1925 2641 γνώ-

344 2694 447 2748 μη.
483 2676 553 2747 ἢν
582 2676 784 2727 ικεῖνοι
828 2672 1037 2742 ὥρισαν
1060 2671 1106 2704 ⁸⁸
1146 2668 1422 2739 τιμωρίαν
1462 2667 1632 2739 (φημι,
1663 2666 1727 2736 δὴ
1760 2666 1858 2734 τῆς
1881 2665 1923 2698 ιι

341 2769 491 2840 ῥινὸς
534 2768 743 2836 ἐκτομῇ
797 2762 1140 2835 ἀμφοτέρους
1187 2761 1315 2823 τοὺς
1358 2761 1577 2826 ἐναγεῖς
1624 2756 1928 2811 ὑποϐάλλε-

342 2859 514 2929 σθαι),
551 2856 711 2910 τοῦτο
733 2856 827 2909 καὶ
854 2856 1018 2925 ἡμεῖς
1065 2851 1342 2922 ὁρίζομεν.
1389 2850 1551 2903 Ἀλλά
1575 2848 1670 2903 τοῦ
1711 2849 1811 2919 μὲν
1831 2850 1929 2902 ἀν·

336 2951 775 3020 οσιουργήματος
802 2946 943 3001 ἔστω
970 2946 1127 2999 τοῦτο
1154 2944 1338 3013 ποινή.

430 3042 641 3095 Ἐπεὶ³⁸
663 3040 721 3094 δὲ
756 3040 853 3093 καὶ
899 3023 992 3091 τὸν
1024 3036 1195 3106 ἄνδρα
1230 3035 1337 3105 χρὴ
1374 3033 1497 3087 ἀντὶ
1525 3033 1626 3103 τῆς
1665 3031 1933 3102 τοσαύτης

2015 1863 2175 1919 pmna
2239 1862 2348 1901 non
2424 1848 2715 1902 minorem.
2780 1846 3063 1901 Homicida
3140 1848 3285 1902 enim
3360 1859 3606 1916 persazpe

2014 1941 2179 1996 unius
2233 1947 2444 1992 tantum
2504 1939 2862 2009 sanguinaria
2918 1955 3082 1994 manu
3139 1940 3307 1994 vitam
3352 1938 3600 1993 evertit:

2014 2032 2282 2088 scelestus
2307 2045 2439 2084 vero
2490 2031 2747 2085 adulterii
2804 2041 3151 2102 perpetrator
3208 2045 3372 2102 quam
3429 2030 3606 2101 pluri-

2016 2138 2137 2178 mos
2168 2123 2281 2177 fere
2316 2122 2384 2175 do
2421 2122 2599 2176 medio
2654 2122 2831 2187 tollit,
2891 2125 3181 2188 maritum,
3242 2124 3478 2188 liberos,
3510 2132 3608 2176 co-

2017 2222 2251 2284 gnatos,
2318 2213 2598 2283 aliosque,
2661 2214 2793 2269 dum
2854 2230 2963 2270 uno
3016 2216 3246 2271 vulnere
3299 2215 3604 2270 dilacerata

2021 2305 2371 2360 matrimonio
2397 2321 2589 2362 onmes
2637 2309 2966 2377 prosternit.
3030 2306 3420 2361 Verumtamen
3450 2307 3600 2370 (mia,

2021 2414 2147 2453 cum
2166 2398 2294 2451 olim
2323 2398 2376 2452 id
2400 2398 2616 2452 facinus
2641 2407 2817 2454 morte
2844 2398 3055 2467 (57-39)
3085 2400 3393 2468 puniretur,
3423 2398 3604 2451 visum

2023 2502 2107 2547 est
2139 2492 2535 2562 posterioribus
2576 2492 2847 2546 mitiorem
2880 2492 3129 2563 proferre
3165 2491 3513 2557 sententiam,
3540 2502 3606 2544 ac

2024 2598 2154 2638 vero
2175 2597 2391 2652 semper
2419 2597 2521 2637 nos
2552 2582 2666 2637 fere
2686 2584 2752 2637 ad
2779 2584 3091 2654 benigniora
3129 2583 3418 2645 trahimur,
3441 2595 3607 2652 quam

2025 2674 2105 2727 illi
2162 2672 2571 2727 constituerunt
2635 2686 2875 2741 prenam,
2924 2681 2983 2725 ut
3026 2686 3222 2741 nempe
3251 2686 3421 2726 nasus
3490 2670 3608 2740 (60)

2030 2762 2369 2817 detestandis
2398 2763 2511 2818 illis
2539 2762 2815 2817 ambobus
2840 2763 3224 2828 abscindatur,
3253 2763 3397 2817 banc
3418 2766 3473 2818 et
3508 2776 3610 2817 nos

2032 2854 2350 2910 statuimus.
2370 2855 2547 2925 Atque
2580 2854 2698 2909 lucc
2721 2854 2942 2925 quidem
2972 2853 3169 2910 nefarii
3196 2854 3359 2910 istius
3389 2854 3615 2910 sceleris

2033 2959 2153 3003 esto
2184 2961 2367 3017 poena.

2106 3040 2186 3094 Ac
2205 3039 2465 3109 quoniam
2497 3039 2753 3093 maritum
2781 3052 2881 3108 pro
2906 3045 3059 3091 tanta
3079 3036 3281 3106 injuria
3312 3038 3450 3091 citra
3480 3050 3617 3090 con-

338 3133 562 3198 ἀδικίας
614 3133 690 3204 μὴ
747 3128 1182 3202 ἀπαραμύθητον
1200 3127 1244 3159 ³⁸
1277 3126 1446 3197 ἔχειν.
1470 3126 1641 3195 ἐχέτω
1662 3123 1924 3195 παραμύ-

2030 3107 2354 3185 solationem
2383 3130 2617 3200 relinqui
2656 3145 2764 3184 non
2784 3107 3042 3199 oportet,
3070 3129 3123 3183 in
3156 3128 3491 3181 matrimonii
3521 3126 3618 3195 jus

343 3226 461 3279 οιον
498 3228 563 3279 ἐκ
591 3223 686 3277 τοῦ
710 3223 809 3293 τὴν
836 3223 1041 3291 προῖκα
1071 3217 1369 3288 λαμϐάνειν
1400 3216 1500 3286 τῆς
1520 3215 1782 3286 ὁφθείσης
1808 3215 1928 3269 ἀδί-

346 3335 449 3371 κου
508 3316 639 3385 περὶ
688 3314 757 3367 τὰ
810 3311 1026 3381 γαμικὰ
1076 3308 1262 3361 δίκαια
1310 3306 1588 3376 γυναικός.
1652 3307 1830 3375 Αὐτὴν
1872 3305 1930 3359 δὲ

349 3408 623 3481 μηδαμῶς
646 3403 905 3475 ἀφίεσθαι
954 3400 1064 3455 τῶν
1108 3400 1303 3471 γάμων
1361 3398 1772 3469 κατορχεῖσθαι,
1806 3397 1928 3467 μηδ’

348 3500 543 3570 ὥσπερ
574 3493 736 3550 ἆθλον
767 3493 1065 3564 λαμϐάνειν
1083 3491 1127 3522 ⁸ο
1154 3492 1211 3542 ὲν
1244 3492 1310 3560 τῇ
1357 3488 1466 3541 τῶν
1514 3488 1678 3559 ῥινῶν
1720 3490 1928 3557 ἐκτομῇ

348 3589 525 3652 ἀδεῶς
553 3588 614 3640 τὸ
646 3586 833 3639 λοιπὸν
857 3587 971 3647 τοῖς
999 3582 1323 3643 ἀκολάστοις
1358 3577 1788 3649 συμπλέκεσθαι,
1816 3577 1931 3630 ἀλλ’

351 3683 414 3735 ὲν
459 3676 809 3750 μοναστηρίῳ
860 3670 1272 3744 περιορίζεσθαι
1320 3670 1462 3740 ὑπὲρ
1490 3666 1558 3740 ἦς
1588 3669 1934 3739 παρανομίας

352 3772 714 3840 τετόλμηκεν,
772 3769 830 3819 έν
887 3764 1151 3834 συντριϐῇ
1194 3762 1293 3831 τῆς
1320 3760 1498 3830 ψυχῆς
1535 3759 1936 3829 εὐμενεστέραν

355 3864 526 3934 ἑαυτῇ
548 3862 645 3932 τὴν
675 3858 888 3914 ἐκεῖθεν
915 3855 1233 3909 καθιστῶσα
1252 3852 1433 3923 δίκην,
1462 3852 1554 3905 καὶ
1588 3852 1726 3921 πρὸς
1758 3852 1937 3920 ἔρωτα

360 3957 461 4027 μὲν
503 3953 599 4007 τοῦ
636 3954 905 4023 μονήρους
940 3948 1057 4019 βίου
1104 3945 1455 4013 καταστάσης
1490 3944 1657 4014 αὐτῆς
1687 3946 1785 3999 καὶ
1812 3942 1939 3997 τοῦ·

354 4066 450 4102 τον
497 4041 927 4113 ὲπανελομένης,
970 4041 1071 4109 τὴν
1121 4035 1443 4107 περιουσίαν
1465 4037 1567 4106 ὅση
1606 4033 1940 4106 κεχώρισται

355 4140 459 4208 τῆς
487 4135 711 4207 προικὸς
730 4132 857 4194 τούς
880 4147 937 4183 τε
968 4129 1168 4191 παῖδας
1202 4128 1295 4180 καὶ
1322 4128 1385 4180 τὸ
1414 4127 1778 4197 μοναστήριον
1806 4142 1934 4180 συν-

359 4226 763 4298 διανείμασθαι,
791 4225 839 4277 εί
862 4223 919 4277 δὲ
946 4220 1021 4292 μὴ
1061 4220 1249 4283 παῖδες
1286 4221 1534 4290 παρεῖεν,
1562 4220 1673 4272 ἀντ’
1706 4220 1934 4273 ἐκείνων

2031 3219 2248 3290 injuria:
2285 3219 2535 3274 mulieris
2569 3218 2682 3289 (41)
2711 3219 2894 3273 dotem
2954 3215 3313 3288 percipiendo
3334 3229 3617 3270 se'conso-

2033 3316 2196 3370 lator.
2229 3314 2459 3385 Insuper
2484 3312 2700 3367 mulieri
2725 3313 2790 3365 ad
2812 3311 3016 3366 alteras
3038 3309 3258 3378 nuptias
3280 3308 3611 3377 prosultare,

2033 3421 2232 3476 neque,
2251 3405 2412 3474 quasi
2436 3404 2488 3457 in
2507 3404 2626 3458 nasi
2643 3402 2988 3458 abscissioue
3011 3401 3293 3470 praemium
3314 3399 3617 3469 acceperit,

2036 3498 2205 3552 libere
2232 3496 2285 3550 in
2318 3504 2594 3565 posterum
2623 3508 2683 3548 se
2712 3507 2839 3547 cum
2891 3491 3204 3546 libidinosis
3233 3489 3613 3552 commiscere,

2035 3601 2384 3655 nequaquam
2408 3583 2736 3653 permittitor
2762 3599 2777 3635 :
2809 3581 2906 3637 sed
2932 3582 3004 3636 ob
3025 3582 3207 3636 scelus
3229 3579 3615 3642 commissum,

2038 3679 2093 3732 in
2129 3676 2520 3732 monasterium
2546 3676 2660 3744 (ubi
2684 3675 2737 3729 in
2770 3675 3105 3729 contritione
3135 3675 3330 3728 animzc
3358 3672 3615 3727 leviorem

2037 3769 2141 3825 sibi
2161 3783 2377 3840 pmnam
2402 3767 2591 3838 iaciat)
2626 3767 2773 3822 velut
2803 3766 2857 3821 in
2888 3766 3142 3821 exsilium
3168 3763 3496 3819 detruditur.
3528 3761 3620 3826 Et,

2040 3860 2084 3914 si
2115 3857 2434 3913 monastica:
2459 3857 2584 3913 vitae
2611 3856 2888 3912 desiderio
2935 3864 3215 3924 correpta,
3246 3855 3392 3908 illam
3421 3864 3617 3908 susce-

2041 3950 2203 4021 pecit,
2229 3964 2570 4016 quaecunque
2603 3950 2775 4020 ipsius
2807 3950 2945 4003 bona
2971 3965 3000 4003 a
3031 3947 3160 4002 dote
3186 3953 3435 4017 separata
3459 3953 3615 4009 sunt,

2036 4057 2100 4096 ea
2133 4041 2288 4095 liberi
2316 4048 2371 4096 et
2401 4042 2797 4097 monasterium
2851 4043 2991 4096 inter
3016 4054 3075 4094 se
3103 4039 3520 4094 distribuunto:
3568 4038 3619 4091 si

2039 4132 2199 4188 liberi
2248 4132 2384 4187 nulli
2439 4134 2739 4203 supersint,
2776 4149 2879 4205 pro
2918 4133 3030 4187 illis
3060 4140 3335 4203 parentes,
3364 4138 3420 4185 et
3450 4128 3495 4183 si
3526 4143 3621 4182 ne-

2039 4238 2147 4293 que
2171 4225 2224 4278 lii
2255 4232 2407 4289 sunt,
2428 4225 2520 4279 alii
2552 4238 2768 4295 cognati
2788 4225 2854 4279 ad
2880 4225 3203 4280 divisionem
3237 4224 3580 4278 adducuntur
3604 4259 3623 4274 .

360 4319 441 4381 είς
470 4316 571 4389 τὴν
599 4313 862 4384 διανομὴν
887 4306 1237 4379 ἐσάγεσθαιίδί
1272 4308 1401 4371 τοὺς
1433 4306 1651 4375 γονέας,
1683 4307 1735 4359 εί
1760 4306 1817 4359 δὲ
1839 4308 1924 4361 καὶ

2044 4315 2201 4380 Quod
2243 4316 2287 4370 si
2343 4316 2399 4370 in
2446 4316 2680 4387 profano
2714 4317 2900 4370 habitu
2932 4332 2963 4371 e
3006 4316 3115 4369 vita
3160 4314 3435 4377 excedat,
3496 4326 3625 4365 cum

1664 4487 1901 4544 ΫΔΙὶΙιΕ
1940 4492 2355 4552 LECTIONES.

430 4639 477 4673 ⁸⁸
496 4632 688 4709 Steph.
713 4633 836 4687 ἐπεὶ
882 4646 1059 4709 cultv.
1087 4628 1175 4709 _vel
1208 4642 1386 4709 συνξν.
1419 4629 1583 4709 -γὰρ,
1610 4629 1761 4709 ῥεχι.
1788 4634 1880 4709 καί
1905 4652 2084 4709 συνεν.
2117 4705 2153 4709 μ
2179 4635 2229 4709 ’ξ
2250 4635 2362 4709 Ecl.
2386 4634 2697 4709 διαπράξει.
2788 4635 2984 4709 "Cod.
3016 4630 3624 4709 unusrgpwgoupévqg.

374 4711 421 4742 ³⁸
449 4709 562 4762 l-Ic'.

587 4697 891 4780 ἀφίσζαντὲο,
938 4701 983 4732 ³⁷
1010 4698 1362 4780 Ειξι-φημὶᾹὲ
1383 4700 1471 4780 τῇ;
1519 4697 1584 4730 Ῠ³⁸
1609 4697 2063 4780 δῦιῖἱιξὶετὲπειδής
2113 4705 2157 4738 ³⁸
2187 4697 2787 4780 ΕεΙ.ἁπαραμυθήτως.
2916 4707 3068 4780 Agyl.
3087 4702 3200 4780 vult
3221 4697 3625 4780 λαμϐάνουσαν.

373 4778 483 4833 sed
511 4768 673 4831 ἆθλόν
716 4770 1009 4841 λαμϐάνειν
1029 4770 1091 4822 τὸ
1125 4768 1533 4841 συμπλέκεσθαι
1564 4782 1710 4828 recte
1750 4768 1913 4831 habet
1941 4792 1959 4831 :
2013 4768 2075 4829 τὸ
2114 4776 2258 4832 enim
2288 4794 2396 4832 non
2442 4768 2858 4833 ἀιίλοιπὸνεσιί
2899 4768 3235 4833 ιιιΓνοιιιιιιιι
3261 4768 3466 4841 συμπλ.
3501 4785 3625 4841 per-

373 4850 531 4904 tinet,
585 4842 630 4876 δι
656 4843 771 4900 Ecl.
788 4836 883 4903 ἐίς
901 4840 1000 4908 τὴν
1023 4836 1206 4909 νομὴν
1233 4836 1570 4907 εἰσάγεσθαι.

1897 4983 2129 5042 NOTAE.

446 5126 661 5200 (Βῆ-55)
696 5124 835 5200 Nov.
863 5124 957 5183 22.
976 5137 1027 5177 c.
1052 5121 1188 5200 15,.§
1211 5122 1271 5186 2,
1291 5121 1428 5200 Nov.
1455 5123 1579 5188 117,
1604 5138 1655 5200 c_.
1676 5124 1729 5189 8,
1761 5124 1863 5194 ξι,
1888 5141 1938 5200 (ς.

379 5194 465 5254 lbi
484 5199 531 5254 si
561 5194 688 5252 cum
735 5195 869 5251 viris
906 5194 1183 5250 extraneis
1230 5194 1452 5249 nolente
1517 5196 1716 5248 marito
1762 5196 1948 5248 convi-

376 5277 562 5405 “Eii;
596 5333 814 5405 Decima
838 5346 979 5405 nona
1008 5332 1208 5405 dicitur
1240 5331 1308 5405 ab
1340 5330 1623 5405 Πειιξιτιείῖ.⁸
1643 5332 1725 5386 tit.
1753 5333 1808 5389 2.

447 5401 560 5475 (35)
592 5402 1026 5475 Ἐπἀὑτοφῴρῳ
1055 5401 1165 5475 dixi
1201 5402 1270 5475 ad
1298 5403 1367 5475 l._
1393 5402 1481 5475 23,
1511 5403 1564 5455 ff.
1592 5401 1658 5456 de
1691 5405 1862 5457 adult.
1895 5404 1948 5457 in

378 5471 625 5546 ﬂagranti
658 5475 859 5530 delicto
904 5471 1282 5541 deprehensis.
1329 5471 1451 5527 Gal.
1499 5482 1709 5527 trouvez
1755 5492 1850 5529 sur
1905 5475 1954 5527 le

380 5546 663 5686 Ῑωίὲθμίι
690 5628 892 5686 eorum
950 5626 1092 5686 nova
1124 5624 1287 5679 poena
1326 5611 1576 5686 :_qui_ppe
1609 5627 1775 5668 nasus
1809 5626 1949 5682 prac-

380 5681 488 5741 cidi
520 5681 782 5740 adulteris
814 5681 1036 5753 jubetur
1057 5681 1161 5738 Iw:
1185 5682 1598 5746 constitutione,
1630 5686 1774 5753 quod
1799 5681 1947 5739 vete-

387 5757 538 5812 ribus
566 5757 778 5828 legibus
804 5768 915 5810 non
943 5762 1085 5809 erat.
1493 5795 1497 5799 .

2127 5127 2345 5197 (37-39)
2378 5127 2718 5197 Adulterium
2752 5128 2886 5183 olim
2917 5136 3094 5182 morte
3124 5124 3466 5196 puniebatur,
3506 5125 3621 5183 vid.

2058 5201 2094 5256 Ι.
2125 5196 2218 5259 30.
2249 5198 2302 5251 in
2328 5200 2419 5254 lin.
2445 5198 2499 5252 ff.
2531 5199 2594 5253 ad
2626 5196 2663 5252 l.
2684 5197 2792 5253 Jul.
2830 5198 2899 5252 de
2932 5197 3101 5251 adult.

2128 5266 2239 5335 (41))
2291 5267 2735 5337 llarmenopulus
2772 5268 2828 5323 d.
2862 5269 3004 5337 loco.
3044 5265 3133 5321 Sic
3154 5280 3353 5337 manus
3408 5264 3624 5337 [nribus

2095 5336 2425 5393 raeciduntur
2445 5338 2499 5391 in
2528 5335 2867 5405 lmngobard.
2898 5338 2936 5391 Ι.
2963 5336 3035 5392 De
3065 5336 3320 5390 latronib.
3345 5336 3383 5390 I.
3413 5335 3469 5389 Si
3497 5337 3628 5404 quis

2095 5355 2425 5393 I'EBCIGUIIIIII'
2446 5355 2499 5391 In
2528 5355 2867 5405 mngouaru.
2899 5355 2936 5391 I.
2963 5355 3035 5392 ue
3065 5355 3320 5390 latroniu.
3345 5355 3383 5390 ι.
3413 5355 3469 5389 δι
3497 5355 3624 5404 quis

2056 5355 2199 5462 ratro
2218 5409 2282 5461 de
2297 5406 2458 5460 furtis
2476 5408 2529 5460 in
2547 5407 2891 5476 Longobard.
2906 5418 2961 5461 et
2980 5408 3031 5460 in
3051 5408 3281 5476 patriam
3297 5407 3624 5475 conspiran-

2059 5478 2206 5531 tibus
2231 5477 2267 5547 l.
2304 5476 2378 5547 De
2409 5476 2902 5547 conspirntoribus,
2934 5477 3006 5530 De
3034 5476 3425 5547 aggressionib.
3451 5478 3504 5529 in
3536 5476 3624 5547 vi_a

2060 5546 2292 5602 lactisin
2320 5546 2423 5615 leg.
2454 5543 2697 5615 Longoli.
2734 5545 2875 5603 Nov.
2928 5547 3050 5609 154,
3073 5543 3195 5616 cap.
3240 5544 3327 5610 15,
3375 5558 3522 5616 vers.
3566 5543 3624 5598 Si

2055 5629 2184 5671 vero
2206 5614 2456 5686 criminis
2482 5617 2735 5684 qualitas,
2765 5616 2859 5669 ubi
2875 5616 2943 5671 de
2967 5614 3157 5686 pedis,
3174 5628 3388 5681 manus,
3409 5614 3629 5670 aurium

2055 5692 2110 5743 et
2133 5685 2349 5739 narium
2378 5686 2750 5754 amputatione
2777 5686 2912 5750 dixi,
2935 5685 2990 5742 et
3010 5688 3393 5742 exrmcatione.

2127 5755 2239 5827 (tl)
2281 5755 2401 5811 νεά.
2434 5755 2569 5812 Nov.
2605 5756 2727 5823 151,
2758 5770 2809 5812 c.
2852 5756 2951 5827 10;
2981 5766 3035 5813 et
3064 5754 3199 5815 Nov.
3237 5755 3430 5826 ll7,c.
3460 5754 3517 5813 8.
