4090 6206
476 306 589 374 499

1681 305 1876 366 LEON
1886 304 1958 364 IS
1987 300 2452 365 PHILOSOPHI

3630 304 3737 369 500

481 420 798 476 testamenti
848 418 1145 477 factionem
1166 421 1386 484 habeat,
1417 426 1580 490 prout
1620 419 1713 473 illa
1747 418 2054 473 constitue-

2160 414 2366 467 τούτων
2396 414 2598 484 ἔρημος
2641 414 2751 484 εἴη,
2779 415 2905 477 τοὺς
2944 413 3135 476 ἀλλους
3177 411 3289 470 τῶν
3322 413 3637 480 συγγενώνο
3678 416 3739 471 ὲν

485 511 677 577 tuerit,
700 528 821 583 qua:
853 514 995 569 bona
1025 524 1183 569 extra
1204 515 1384 569 dotcm
1419 512 1632 577 habuit,
1656 510 2058 581 dispensabat:-

481 607 592 656 tur.

904 777 1371 835 CONSTITUTIO
1408 776 1649 831 XXXIII.

522 930 525 941 λ
627 866 711 923 Ne
741 869 855 941 (49)
895 872 1227 941 captivorum
1277 870 1531 920 uxoribus
1571 866 1694 919 aliis
1732 867 1919 919 nubere

1111 939 1268 992 liceat
1296 940 1432 1007 (45).

554 1028 699 1085 Idem
743 1029 1043 1100 imperator
1076 1031 1251 1084 eidem
1279 1029 1548 1100 Styliano.

553 1120 609 1175 Si
641 1121 733 1190 qui
759 1120 888 1175 olim
916 1122 1061 1192 leges
1094 1128 1427 1184 tractarunt,
1463 1134 1530 1174 eo
1564 1119 1737 1174 fuisse
1760 1117 1965 1183 animo,
2002 1126 2061 1170 ut

480 1226 712 1281 prorsus
774 1227 898 1276 sua,
959 1226 1274 1281 quanquam
1317 1213 1373 1264 in
1407 1212 1517 1265 illis
1549 1209 1889 1264 correctione
1919 1223 2060 1261 non-

484 1304 629 1358 nulla
665 1304 996 1374 indigerent,
1044 1305 1246 1376 corrigi
1280 1312 1462 1357 tamen
1488 1304 1717 1367 nollent,
1746 1302 2058 1370 suspicatus

480 1413 658 1453 essent
685 1436 701 1461 ,
735 1397 970 1453 fortasse
1003 1414 1284 1467 nunquam
1311 1398 1416 1451 hoc
1447 1395 1739 1451 consilium
1768 1395 2056 1463 suscepis-

480 1503 618 1551 sem,
652 1489 727 1542 uti
756 1489 920 1558 leges,
953 1505 1076 1560 qm:
1104 1505 1227 1545 sese
1255 1496 1403 1543 recte
1434 1503 1543 1541 non
1572 1488 1858 1550 haberent,
1886 1485 2060 1539 corri-

480 1595 606 1649 gere
652 1589 942 1643 tentarem,
969 1589 1023 1635 et
1076 1581 1295 1635 tametsi
1336 1589 1487 1634 arcta
1528 1579 1846 1647 reipublicae
1898 1592 2054 1641 cura,

479 1686 592 1741 quo
615 1672 866 1727 videlicet
894 1681 1045 1728 recte
1074 1674 1165 1727 illa
1202 1673 1703 1737 administraretur,
1739 1670 2057 1726 necessario

2163 506 2338 576 λαῖκῷ
2368 505 2425 558 δὲ
2444 505 2487 535 δ’
2502 503 2581 574 τῷ
2608 507 2848 575 σχήματι
2869 505 3267 574 ἀφανισθείσης
3298 504 3395 559 τοῦ
3432 503 3575 574 βίου,
3597 506 3740 557 πάν-

2159 615 2268 661 τως
2310 598 2507 668 κυρίας
2556 597 2722 667 οὔσης
2757 597 3093 651 διατίθεσθαι
3114 596 3182 661 ⁸³,
3227 598 3371 650 κατά
3395 596 3439 628 ⁸⁸
3464 596 3564 667 τὴν
3594 598 3742 650 ὲκεί-

2160 706 2257 759 νης
2281 689 2524 756 διάταξιν
2547 688 2618 742 τὰ
2643 689 2914 758 προσόντα
2943 688 3452 757 οίκονομηθήσεται.

2674 780 2986 833 ΔΙΑΤΔΞΙΣ
3019 778 3121 832 ΛΓ
3140 779 3207 832 ⁸⁸.

2158 870 2298 939 Περὶ
2317 870 2422 925 τοῦ
2441 870 2528 940 μὴ
2542 870 2763 941 ἐξεῖναι
2785 870 2890 935 τὰς
2917 869 3035 941 τῶν
3067 870 3460 937 αἰχμαλώτων
3485 887 3602 941 pay
3612 872 3744 937 ςτὰς

2603 940 2827 1008 ἑτέροις
2854 940 3295 993 συνάπτεσθαι.

2243 1031 2303 1086 Ὀ
2334 1031 2497 1095 αὐτὸς
2528 1032 2782 1102 βασιλεὺς
2814 1030 3092 1100 Στυλιανῷ
3122 1030 3200 1101 τῷ
3233 1029 3404 1101 αὐτῷ.

2232 1126 2294 1178 Εί
2332 1126 2430 1194 μὲν
2460 1126 2585 1188 τοὺς
2620 1124 2788 1177 πάλαι
2821 1123 2951 1195 περὶ
2978 1123 3159 1192 νόμων
3190 1123 3547 1187 διαλαϐόντας
3582 1128 3743 1177 τοῦτο

2161 1218 2377 1285 φρονεῖν
2410 1214 2812 1285 ὑπελάμϐανον,
2856 1213 3122 1284 μηδαμῶς
3152 1213 3438 1282 βούλεσθαι
3463 1213 3533 1266 τά
3563 1216 3741 1267 οἰκεῖα

2161 1306 2616 1374 ἐπανορθοῦσθαι,
2652 1306 2753 1359 κάν
2780 1323 2834 1357 τι
2865 1306 2922 1357 ὲν
2948 1304 3131 1367 αὐτοῖς
3151 1305 3394 1358 τοιοῦτον
3424 1299 3537 1357 οἷον
3571 1323 3742 1375 προσ-

2159 1397 2365 1450 δεῖσθαι
2390 1396 2749 1467 διορθώσεως,
2789 1396 2919 1459 ἴσως
2964 1396 3063 1449 οὑκ
3109 1396 3176 1448 ἂν
3219 1397 3312 1449 ἐπὶ
3345 1396 3549 1465 ταύτην
3578 1392 3745 1465 ἦλθον

2157 1491 2259 1557 τὴν
2291 1488 2537 1558 γνώμην,
2588 1489 2733 1558 φημὶ
2780 1489 2843 1557 δὴ
2890 1486 2983 1541 τοῦ
3030 1488 3325 1556 πειρᾶσθαι
3352 1490 3477 1550 τοὺς
3516 1488 3590 1559 μὴ
3630 1489 3741 1541 τῶν

2159 1579 2340 1649 νόμων
2364 1578 2531 1645 ὑγιῶς
2581 1578 2805 1648 ἔχοντας
2842 1577 3177 1648 ἐπανορθοῦν
3198 1593 3212 1607 ·
3245 1580 3294 1630 εί
3321 1577 3429 1648 γὰρ
3450 1580 3544 1631 καὶ
3566 1578 3740 1641 οὕτως

2159 1671 2193 1739 ἠ
2236 1672 2365 1740 περὶ
2410 1669 2469 1721 τὸ
2498 1670 2737 1739 ὑπήκοον
2789 1669 3064 1735 ἀναγκαία
3093 1668 3332 1739 φροντὶς,
3364 1668 3523 1721 τοῦτο
3559 1670 3675 1729 πῶς
3695 1671 3741 1701 ⁸⁸

479 1764 881 1817 correctionem
917 1764 1252 1834 injunxisset
1274 1806 1288 1829 ,
1316 1773 1375 1818 ut
1400 1780 1465 1818 ne
1496 1774 1675 1817 tamen
1736 1762 1943 1831 primos
1978 1761 2053 1815 le-

2160 1763 2219 1816 1v
2245 1762 2303 1815 εὖ
2336 1762 2698 1821 πολιτεύοιτο.
2749 1762 3069 1826 ἀναγκαίως
3126 1761 3397 1831 ἐπέτρεπε
3450 1761 3549 1831 τὴν
3591 1762 3741 1831 διὸρο

477 1854 768 1920 gislatores
819 1856 1155 1910 contristare
1189 1856 1529 1920 videremur,
1586 1855 1681 1918 qui
1731 1869 1833 1908 nos
1863 1854 1915 1906 in
1952 1854 2053 1907 hoc

479 1941 717 2011 impetus
775 1942 961 2009 ferret,
1022 1945 1475 1999 inbibuissemus.
1524 1946 1594 1998 At
1638 1943 1897 2012 quoniam
1944 1941 2054 1995 illis

476 2048 694 2103 quoque
746 2034 901 2104 ipsis,
957 2036 1002 2090 si
1026 2037 1327 2090 etiamnum
1367 2037 1419 2088 in
1479 2035 1617 2089 vivis
1674 2043 1882 2097 essent,
1946 2049 2053 2087 non

480 2124 642 2177 modo
702 2124 921 2179 illorum
954 2126 1293 2187 institutum,
1327 2127 1419 2195 qui
1444 2120 1728 2195 c'orrigere
1758 2134 2050 2188 conantur,

478 2230 588 2269 non
614 2215 1046 2287 displiciturum,
1101 2218 1196 2273 sed
1238 2219 1462 2273 eosdem
1507 2218 1808 2290 etiamoqui
1868 2216 1941 2269 ita
1974 2215 2056 2268 fa-

476 2307 732 2362 ciendum
788 2320 1104 2377 censerent,
1162 2312 1246 2368 his
1289 2314 1492 2383 gratias
1524 2320 1751 2365 acturos
1794 2310 2052 2373 arbitror,

479 2403 608 2469 (non
640 2402 783 2455 enim
814 2404 1002 2472 gloria:
1024 2418 1217 2469 causa,
1259 2405 1355 2460 sed
1378 2406 1520 2475 quod
1556 2403 1867 2473 reipublicae
1901 2417 2055 2456 cont-

475 2491 637 2545 moda
697 2507 843 2547 cura:
895 2493 1163 2550 baberent
1187 2495 1334 2564 leges
1360 2495 1626 2560 edidere),
1668 2507 1767 2562 age
1800 2508 1921 2562 quae
1948 2491 2057 2545 rei-

477 2583 713 2653 publica:
785 2585 1132 2647 conducant,
1185 2601 1364 2654 neque
1422 2586 1531 2640 illis
1588 2586 1723 2655 ipsis
1776 2583 2065 2639 veteribus

476 2674 881 2744 legislatoribus
898 2675 1250 2745 displiceant,
1280 2676 1571 2738 facientes,
1596 2677 1876 2731 exactiore
1920 2691 2054 2730 con-

475 2765 831 2829 sideratione,
860 2781 959 2821 ceu
985 2768 1386 2822 medicamento
1418 2770 1656 2837 quodam
1676 2766 1896 2822 Pazonio
1915 2767 2052 2837 (44),

478 2857 657 2928 legum
678 2858 899 2913 morbos
932 2860 1174 2930 prapitio
1201 2858 1311 2914 Deo
1340 2875 1620 2915 curemus.
1654 2858 1829 2928 Supra
1859 2868 2055 2914 caetera

474 2952 640 3006 etiam
673 2940 767 3004 ubi
791 2951 859 3007 de
892 2953 1123 3023 captivis
1148 2961 1469 3017 sanxerunt,
1506 2953 1609 3007 hoc
1639 2960 1822 3021 caput,
1857 2952 1910 3005 in
1945 2966 2056 3021 quo

477 3045 545 3099 de
575 3045 910 3099 matrimonii
964 3046 1331 3101 dissolutione
1375 3055 1714 3111 statuerunt,
1772 3045 1930 3101 valde
1964 3061 2055 3099 ra-

2156 1854 2341 1917 θωσιν,
2372 1853 2487 1907 ἀλλ’
2515 1851 2609 1907 οὖν
2636 1852 2721 1905 ἵνα
2756 1854 2832 1922 μὴ
2859 1852 3104 1920 δόξωμεν
3133 1854 3256 1916 τοὺς
3283 1853 3340 1916 ἐξ
3370 1852 3546 1923 ἀρχῆς
3575 1870 3741 1921 voya-

2157 1944 2317 2006 θὲτας
2355 1944 2566 2006 λυπεῖν,
2594 1944 2689 1995 καὶ
2708 1944 2751 1973 ⁸⁷
2781 1944 3069 2011 ὲπέχωμεν
3094 1943 3193 2011 τὴν
3218 1943 3311 1994 ἐπὶ
3332 1943 3507 2012 τούτῳ
3529 1944 3733 2012 ὁρμήν.

2167 2036 2319 2087 Ἐπεὶ
2348 2035 2402 2087 δὲ
2426 2036 2516 2087 καὶ
2540 2034 2723 2096 αὐτοῖς
2753 2032 3006 2097 ἐκείνοις,
3041 2034 3199 2102 εἴπερ
3225 2032 3307 2084 ἔτι
3338 2034 3396 2085 ἐν
3425 2032 3735 2099 ἀνθρώποις

2156 2125 2497 2193 ἐστρέφοντο,
2525 2123 2625 2176 ούκ
2660 2123 2726 2176 ἂν
2747 2118 2899 2192 οἶμαι
2926 2123 3025 2191 τὴν
3056 2122 3378 2193 προαίρεσιν
3401 2123 3739 2191 ἀπαρέσκειν

2156 2217 2263 2270 τών
2311 2216 2558 2286 διορθοῦν
2610 2215 3052 2285 ἐπιχειρούντων,
3089 2214 3226 2267 ἀλλά
3268 2216 3363 2267 καὶ
3406 2216 3565 2286 χάριν
3604 2219 3738 2285 ὀμο-

2154 2308 2382 2377 λογῆσαι
2416 2310 2528 2370 τοῖς
2563 2306 2705 2359 οὕτω
2746 2306 3098 2374 διεγνωκόσιν
3139 2306 3221 2375 (ού
3269 2308 3379 2378 γάρ
3421 2309 3741 2377 φιλοτιμίας

2156 2400 2363 2461 ἕνεκεν,
2396 2399 2456 2451 τὸ
2504 2399 2560 2451 δὲ
2616 2398 2897 2469 συμφέρον
2942 2402 3008 2469 τῇ
3059 2398 3304 2471 πολιτείᾳ
3347 2400 3742 2469 προνοούμενοι

2156 2497 2253 2564 τὴν
2289 2494 2397 2547 τών
2424 2494 2606 2563 νόμων
2647 2492 2865 2545 ἔκθεσιν
2893 2494 3267 2562 ἐποιήσαντο),
3297 2494 3429 2563 φέρε
3455 2495 3519 2565 δὴ
3552 2495 3647 2547 καὶ
3670 2497 3738 2563 τῇ

2157 2587 2407 2657 πολιτείᾳ
2430 2586 2780 2656 συμφέροντα
2809 2585 2903 2638 καὶ
2927 2586 3112 2648 αὐτοῖς
3148 2586 3380 2648 ἐκείνοις
3418 2588 3530 2647 τοῖς
3568 2587 3740 2638 πάλαι

2157 2678 2476 2745 νομοθέταις
2505 2679 2606 2731 οὐκ
2641 2676 2748 2730 ἀπὸ
2775 2676 3001 2746 γνώμης
3029 2677 3328 2742 ποιοῦντες,
3356 2678 3609 2747 καθάπερ
3632 2681 3742 2731 τινί

2158 2772 2409 2841 Παιωνίῳ
2458 2769 2734 2840 φαρμάκῳ
2783 2771 2848 2838 τῇ
2906 2769 3274 2839 ἀκριϐεστέρα
3321 2768 3609 2838 διασκέψει
3638 2771 3743 2840 τὴν

2157 2863 2326 2915 τῶνδ⁸
2354 2862 2532 2933 νόμων
2574 2861 2887 2933 ἀρρωστίαν
2935 2863 2994 2914 ὲν
3013 2862 3056 2892 ⁸³
3095 2860 3215 2930 Θεῷ
3277 2858 3569 2931 ἔξιώμεθα.
3615 2863 3743 2915 Ἐπὶ

2156 2958 2269 3017 τοῖς
2303 2953 2505 3019 ἄλλοις,
2550 2950 2630 3016 οἷς
2674 2953 2802 3021 περὶ
2828 2952 2937 3005 τῶν
2982 2953 3346 3022 αἰχμαλώτων
3378 2953 3743 3025 νενομοθετή-

2159 3064 2308 3112 κασι,
2330 3049 2553 3101 κάκεῖνο
2578 3045 2638 3098 τὸ
2664 3046 2853 3117 μέρος,
2880 3047 2939 3098 ὲν
2956 3040 3000 3113 ᾧ
3032 3046 3161 3116 περὶ
3193 3048 3289 3115 τῆς
3315 3045 3512 3115 γάμων
3556 3046 3742 3099 διαλύ-

479 3136 613 3190 ιίοηί
647 3152 772 3192 esse
808 3136 1222 3193 dissentaneum
1288 3139 1525 3193 videtur.
1583 3138 1676 3192 Sic
1707 3146 1889 3193 autem
1916 3148 1972 3193 et
1998 3139 2053 3193 in

2162 3157 2299 3202 σεως
2326 3139 2617 3209 ὡρίσαντο,
2643 3114 2785 3192 πάνυ
2809 3139 2956 3191 δοκεῖ
2978 3114 3193 3201 ἀτόπως
3215 3114 3379 3209 ἔχειν.
3398 3114 3541 3191 ΫΦασὶ
3565 3139 3622 3191 δὲ
3650 3139 3743 3192 οὖ-

479 3229 594 3283 Ιιαιο
623 3232 788 3284 verba
821 3232 977 3283 aiunt
1016 3230 1150 3299 (ιδ),
1204 3232 1321 3285 sive
1361 3232 1560 3285 marito
1613 3231 1948 3299 captivitatis
1982 3232 2057 3285 in-

478 3322 779 3377 fortunium
816 3322 1049 3382 accidat,
1082 3331 1339 3377 manente
1356 3338 1529 3377 uxore
1558 3322 1881 3386 incivitate,
1940 3322 2058 3377 sive

477 3429 603 3469 cum
673 3430 813 3467 uxor
841 3414 895 3468 in
924 3414 1015 3484 jus
1048 3415 1386 3484 captivitatis
1421 3416 1690 3485 pervenit,
1728 3418 1964 3471 maritus
2001 3418 2055 3471 in

478 3505 704 3559 civitate
757 3515 1078 3575 permaneat
1110 3545 1126 3572 ,
1166 3501 1441 3577 exquisita
1473 3508 1693 3577 quidem
1748 3516 1804 3564 et
1835 3510 2058 3565 subtilis

480 3599 623 3651 ratio
656 3597 914 3653 distrahit
951 3600 1384 3654 matrimonium.
1416 3598 1593 3654 Semel
1617 3601 1760 3655 enim
1792 3602 2060 3656 servitute

478 3690 636 3743 alteri
672 3690 1116 3758 superveniente,
1142 3690 1480 3745 conditionis
1508 3691 1853 3759 inaaqualilas
1875 3708 2060 3770 sequa-

479 3783 711 3843 litatem,
780 3798 901 3851 qua:
931 3783 983 3836 in
1018 3783 1225 3852 nuptiis
1248 3791 1551 3852 spectatur,
1595 3798 1915 3852 permanere
1948 3799 2057 3838 non

478 3874 707 3943 patitur.
732 3872 842 3928 Nos
869 3883 1048 3930 tamen
1095 3875 1393 3928 humanius
1427 3874 1555 3927 talia
1594 3876 2055 3944 contemplantes,

478 3966 654 4039 donec
692 3977 905 4020 certum
937 3976 1022 4021 est
1071 3981 1367 4035 superesse
1405 3966 1661 4019 maritum
1686 3968 1770 4022 vel
1807 3983 2057 4030 uxorem,

480 4074 581 4128 pro
608 4072 716 4111 non
746 4058 943 4113 solutis
974 4058 1326 4113 matrimonia
1350 4058 1539 4112 haberi
1561 4059 1795 4115 sinimus
1832 4077 1846 4113 :
1883 4075 2060 4129 neque

480 4150 548 4204 ad
580 4149 715 4204 alias
766 4151 1079 4217 migrabunt
1111 4151 1333 4219 nuptias
1380 4151 1464 4205 vel
1524 4151 1704 4204 mariti
1742 4152 1827 4204 vel
1860 4167 2061 4207 uxores

482 4240 586 4296 nisi
622 4241 931 4310 petulanter
963 4241 1013 4295 id
1039 4240 1217 4311 egisse
1248 4242 1421 4295 videri
1460 4242 1652 4302 velint.
1686 4252 1741 4297 et
1776 4244 1828 4295 in
1867 4258 2059 4311 poenas

480 4333 743 4395 incidere,
802 4333 893 4387 ille
950 4334 1170 4403 quidem
1227 4332 1535 4389 exactionis
1574 4332 1890 4387 donationis
1934 4341 2061 4388 ante

2158 3249 2267 3294 τως
2292 3233 2571 3294 ὲπάύτοῖς
2600 3231 2808 3302 ῥήμασι
2835 3231 2880 3262 ⁸⁸
2899 3248 2913 3261 ο
2940 3232 3093 3283 «Εἴτε
3120 3231 3275 3300 ἀνδρὶ
3308 3230 3548 3300 συμϐαίη
3564 3232 3624 3282 τὸ
3640 3231 3740 3299 τῆς

2159 3321 2534 3391 αἰχμαλωσίας
2558 3321 2834 3391 ἀτύχημα,
2861 3320 2962 3389 τῆς
2995 3321 3253 3388 γυναικὸς
3305 3324 3363 3373 ὲν
3394 3325 3460 3391 τῇ
3482 3321 3741 3397 ,πολιτεία

2163 3412 2452 3483 μενούσης,
2468 3412 2577 3464 εἴτε
2592 3408 2746 3475 αὖθις
2770 3412 2906 3481 γυνὴ
2936 3413 3032 3479 μὲν
3063 3414 3142 3474 είς
3166 3412 3547 3482 αἰχμαλωσίαν
3563 3412 3740 3478 ἀπίοι,

2163 3507 2312 3577 μένοι
2342 3505 2399 3558 δὲ
2427 3506 2455 3557 6
2478 3504 2616 3576 ἀνὴρ
2645 3506 2703 3556 ὲν
2748 3506 2813 3573 τῇ
2849 3504 3113 3575 πολιτείᾳ,
3149 3506 3178 3556 6
3215 3504 3313 3573 μὲν
3365 3504 3601 3574 ἀκριϐὴς
3646 3507 3744 3557 καὶ

2159 3598 2355 3660 λεπτὸς
2385 3596 2541 3664 λόγος
2560 3596 2763 3649 διαλύει
2792 3596 2883 3647 τὸν
2922 3596 3098 3666 γάμον
3116 3611 3131 3624 ·
3164 3596 3406 3658 δουλείας
3462 3597 3568 3666 γὰρ
3597 3596 3746 3660 ᾰπαξ

2160 3690 2549 3760 ὶπιγενομένης
2577 3688 2806 3759 θατέρῳ,
2850 3689 3009 3758 ήτῆς
3061 3688 3230 3758 τύχης
3265 3689 3516 3759 ἀνισότης
3544 3688 3640 3759 τὴν
3681 3690 3745 3740 ἐκ

2162 3782 2268 3834 τών
2286 3781 2479 3851 γάμων
2506 3780 2783 3850 ἱσὸτητα⁸¹
2805 3781 2988 3849 μένειν
3032 3782 3093 3833 ού
3121 3783 3411 3851 συγχωρεῖ.
3434 3781 3580 3850 Πλὴν
3606 3781 3744 3834 ἀλλά

2164 3871 2671 3942 φιλανθρωπότερον
2699 3873 2768 3926 τὰ
2807 3872 3029 3924 τοιαῦτα
3065 3872 3399 3939 θεωροῦντες
3422 3912 3437 3935 ,
3480 3872 3585 3935 ἕως
3640 3873 3745 3938 μέν

2162 3965 2279 4015 ἐστι
2311 3964 2545 4033 φανερὸν
2570 3963 2602 4033 ἢ
2632 3962 2723 4015 τὸν
2768 3962 2940 4032 ἄνδρα
2968 3965 3237 4032 περιεῖναι
3264 3963 3297 4033 ἢ
3346 3963 3445 4033 τὴν
3469 3964 3741 4035 γαμετὴν,

2165 4054 2350 4122 μένειν
2375 4054 2545 4108 ἄλυτα
2591 4053 2659 4106 τά
2694 4055 3005 4108 συνοικέσια
3057 4054 3467 4125 συγχωροῦμεν,
3496 4059 3589 4108 καὶ
3638 4058 3743 4109 οὐκ

2162 4145 2474 4200 ἐλεύσονται
2528 4146 2665 4217 πρὸς
2715 4146 2999 4217 δευτέρους
3051 4149 3263 4217 γάμους
3309 4147 3432 4201 οὔτε
3480 4152 3742 4216 γυναῖκες

2163 4236 2284 4289 οὕτε
2322 4238 2535 4307 ἄνδρες,
2573 4240 2620 4290 εί
2676 4240 2750 4307 μὴ
2789 4238 3062 4308 βούλοιντο
3113 4239 3292 4292 δοκεῖν
3347 4240 3487 4293 κατά
3532 4240 3741 4309 προπέ-

2163 4344 2317 4381 τειαν
2349 4328 2505 4382 τοῦτο
2540 4330 2776 4399 πρᾶξαι,
2812 4329 2907 4382 καὶ
2957 4331 3253 4383 ὑποπεσεῖν
3283 4333 3402 4394 ταῖς
3446 4335 3681 4395 ποιναῖς,
3713 4334 3743 4384 6

481 4422 723 4491 nuptias,
780 4422 894 4477 Iuec
945 4437 1075 4476 vero
1105 4421 1271 4476 dotis.
1300 4440 1319 4473 ι
1356 4420 1421 4475 Hi
1464 4437 1596 4492 ergo
1652 4421 1961 4477 istiusmodi
1993 4422 2057 4478 de

2169 4420 2267 4490 μὲν
2295 4422 2396 4490 τῆς
2455 4423 2562 4491 πρὸ
2598 4421 2777 4490 γάμου
2834 4421 3041 4491 δωρεᾶς
3089 4424 3154 4492 τῇ
3189 4423 3481 4493 ὲκτίσει,ή
3540 4423 3596 4475 δὲ
3643 4426 3743 4494 τῆς

479 4514 820 4582 captivorum
856 4514 1209 4568 matrimonio
1246 4516 1678 4583 pronuntiarunt
1706 4516 2058 4569 sententiam.

481 4604 653 4658 Nobis
698 4610 879 4657 autem
911 4618 1090 4672 neque
1130 4618 1321 4666 causa,
1355 4617 1519 4672 quam
1545 4602 1818 4672 exquisita
1853 4603 1933 4670 (ut
1959 4602 2063 4672 ipsi

482 4692 802 4764 loquuntur)
825 4692 1157 4761 subtilisque
1179 4692 1318 4745 ratio
1342 4690 1680 4760 suppeditat.
1710 4690 1909 4743 rationi
1937 4705 2061 4745 esse

479 4794 851 4842 consentanea
887 4826 904 4852 ,
941 4800 1122 4854 neque
1179 4784 1532 4848 humanitas,
1592 4798 1714 4853 quae
1767 4782 2061 4838 dirimendi

482 4880 818 4934 matrimonii
880 4879 1197 4933 facultatem
1252 4877 1481 4947 praebet,
1517 4875 1646 4930 dum
1682 4876 1831 4946 ipsos
1856 4876 2059 4931 damno

479 4967 725 5036 subjicit,
775 4968 991 5023 sincera
1050 4967 1284 5023 videtur.
1317 4965 1375 5021 Si
1405 4965 1549 5021 enim
1582 4965 2063 5037 (quemadmodum

2166 4513 2415 4582 προικός.
2449 4532 2467 4563 ι
2498 4514 2562 4564 Οἱ
2600 4514 2696 4582 μὲν
2726 4512 2818 4566 οὖν
2864 4515 3278 4584 προφθάσαντες
3313 4516 3567 4585 τοιαύτην
3612 4517 3745 4585 περὶ

2163 4604 2258 4656 τοῦ
2286 4605 2465 4673 γάμου
2488 4604 2597 4657 τῶν
2620 4603 2983 4674 αἰχμαλώτων
3004 4605 3273 4676 ἐξέφηναν
3300 4605 3546 4675 γνώμην.
3579 4604 3745 4675 Ἡμῖν

2163 4696 2219 4749 δὲ
2248 4694 2362 4749 οὔθ’
2387 4699 2420 4767 ἡ
2455 4698 2605 4750 αἰτία
2621 4696 2863 4764 εῠλογος,
2880 4697 2989 4768 ἥνὸ
3014 4698 3270 4768 ἀκριϐὴς,
3303 4698 3379 4760 ώς
3405 4698 3559 4751 αύτοί
3582 4714 3741 4765 φασι,

2164 4790 2259 4841 καὶ
2285 4789 2482 4852 λεπτὸς
2514 4788 2670 4857 λόγος
2704 4789 2935 4854 δίδωσιν,
2974 4788 3098 4842 οὔτε
3136 4791 3170 4859 ή
3202 4790 3586 4862 φιλανθρωπία
3625 4790 3746 4842 ἐστὶ

2164 4879 2459 4951 καθαρὰ,ή
2492 4880 2673 4935 ἄδειαν
2722 4879 2975 4933 λελύσθαι
3026 4884 3377 4953 παρεχομένη
3412 4883 3504 4934 τὸν
3560 4880 3742 4950 γάμον

2172 4972 2231 5023 ὲν
2259 4970 2339 5040 τῷ
2380 4970 2672 5024 ὑποϐαλεῖν
2718 4972 2916 5035 αὐτοὺς
2962 4973 3030 5043 τῇ
3063 4970 3256 5041 ζημίᾳ.
3298 4971 3362 5025 Ei
3390 4971 3523 5042 γὰρ,
3554 4970 3747 5041 ὥσπερ

1786 5059 2023 5115 νΑιιιΕ
2064 5061 2471 5120 LECTIONES.

539 5161 586 5199 δ’
618 5159 732 5214 Ecl.
756 5160 899 5215 addit
921 5160 1103 5229 τυχόν.
1166 5156 1283 5214 Non
1319 5158 1480 5215 male.

482 5299 720 5371 hritggcn
748 5300 918 5371 10610
951 5301 1121 5371 ὅπως.

1578 5156 1619 5191 υ
1650 5156 1764 5212 Ecl.
1822 5158 2022 5229 παντὸς
2063 5176 2186 5229 κυρ.
2237 5160 2354 5213 οὖσ.
2401 5161 2703 5216 διαθέσθαι.

481 5229 665 5291 “Ecl.
692 5229 825 5285 Nov.
856 5230 927 5285 20
973 5227 1026 5284 et
1060 5230 1315 5299 laudatur
1346 5231 1487 5299 apud
1528 5227 1859 5299 Hartnenop.
1894 5227 1991 5299 lib.
2044 5227 2149 5299 tv,‘
2177 5230 2263 5284 tit.
2310 5231 2397 5297 Β,

1208 5299 1252 5381 ‘_'
1283 5296 1473 5381 Zuieh.
1506 5311 1566 5381 et
1594 5296 1979 5381 Μςειχηκκάν..
2051 5298 2096 5381 ξ’
2121 5296 2619 5381 Stepb._7tspi._r6w_
2637 5301 2737 5372 legi
2768 5296 2933 5356 νιιιι.”
2971 5300 3017 5332 ⁸⁸
3040 5300 3259 5357 [lectius
3311 5300 3453 5357 forte
3485 5300 3582 5354 σὺν
3603 5300 3745 5371 Θεῷ.

2803 5160 2850 5192 ⁸⁸
2884 5159 2976 5215 Sic
3026 5160 3140 5214 Ecl.
3196 5159 3368 5217 Codd.
3428 5162 3519 5216 καὶ
3578 5162 3743 5215 κατὰ..

2491 5272 2504 5285 .
2534 5232 2658 5286 516.
2746 5230 2793 5264 ⁸⁸
2821 5229 3130 5301 Stephanus
3178 5230 3271 5285 τοῦ
3322 5233 3530 5301 ὅπως,
3568 5231 3745 5301 Oseu-

482 5369 528 5409 ⁸⁸
552 5366 849 5426 Justiniani
874 5369 1011 5425 Nov.
1044 5368 1118 5423 22
1145 5384 1195 5425 c.
1217 5368 1267 5422 7.
1334 5369 1378 5401 ⁵¹
1404 5366 1479 5423 lta
1512 5367 1702 5438 Steph.
1721 5366 1896 5422 Codd.
1927 5368 2028 5438 τὴν
2055 5369 2119 5422 ὲκ
2144 5366 2238 5423 τοῦ
2260 5366 2439 5442 γάμοὺ
2470 5366 2780 5443 ἀνισότητα.

2000 5456 2237 5516 NOTAE.

556 5553 671 5623 (ιῖ)
703 5553 916 5609 Exstat.
942 5555 999 5609 4.
1025 5554 1354 5625 llarmenOp.
1384 5555 1470 5617 l2,
1509 5555 1559 5625 ᾗ.
1582 5555 1633 5610 ι.

555 5625 667 5694 (45)
701 5626 875 5680 Etiam
913 5633 1035 5693 post
1055 5624 1518 5694 quinquennium,
1556 5633 1612 5679 et
1638 5626 1710 5680 ita
1763 5624 2061 5694 abrogatur

480 5692 695 5825 ἓοῖξιι.
731 5694 825 5764 τε,
849 5711 900 5751 c.
920 5692 980 5762 '7,
1007 5692 1151 5753 vers.
1185 5692 1244 5753 Si
1275 5711 1404 5752 vero
1432 5696 1729 5753 incertum.
1759 5692 2059 5758 Nov.'ll7,

2242 5555 2352 5624 (Η)
2385 5555 2507 5609 Fuit
2582 5553 2741 5610 Paeon
2823 5556 3067 5611 medicus
3124 5557 3374 5613 deorum.
3432 5554 3631 5611 Suidas
3688 5555 3745 5609 in

2171 5625 2437 5687 Παιῶνος.

2238 5694 2351 5764 (i5)
2386 5692 2520 5752 Nov.
2550 5694 2640 5761 22,
2675 5710 2725 5751 c.
2761 5696 2813 5761 7,
2839 5696 2893 5751 in
2917 5695 3093 5766 princ.
