4090 6206
356 326 471 399 501
574 294 583 298 “

1479 326 1842 392 ΝονΕιιΑζ
1871 320 2551 387 CONSTITUTIONES.

3526 319 3631 384 50?.

363 446 604 515 λέγουσι,
635 444 736 516 τῆς
762 442 937 513 τύχης
966 440 1003 513 ἡ
1047 440 1302 513 ἀνισότης
1329 442 1391 495 οὺ
1432 443 1707 513 συγχωρεῖ
1761 438 1943 509 μένειν

2057 433 2223 499 aiunt)
2254 430 2459 485 durare
2504 426 2914 483 matrimonium
2950 427 3186 484 fortuna:
3233 442 3342 482 non
3369 427 3483 499 (ιο)
3507 447 3633 500 per-

360 538 458 595 τδν
479 536 684 608 γάμον,
722 534 843 599 πῶς
875 536 925 589 εἰ
960 534 1101 606 πρὸς
1130 532 1449 604 ἐλευθερίαν
1481 529 1891 599 ὲπανακληθείη
1921 530 1951 581 ό

360 626 737 698 αἰχμάλωτος,
757 624 897 696 μετά
941 624 1042 695 τὴν
1075 622 1171 677 τοῦ
1197 623 1379 693 γάμου
1412 621 1661 676 διάλυσιν
1699 619 1838 691 πρὸς
1889 619 1951 673 τὸ

366 718 484 772 ἴσον
500 716 906 787 ἐπανελθούσης
935 716 1038 787 τῆς
1083 715 1257 786 τύχης
1304 714 1399 768 καὶ
1427 712 1756 785 ἀμφοτέρων
1794 713 1949 766 ἔλευ-

364 808 572 879 θερίως
594 807 878 878 βιούντων,
907 808 1010 862 οὐκ
1032 808 1113 870 εἰς
1141 806 1202 859 τὸ
1234 805 1349 860 ἴσον
1387 808 1416 861 ό
1437 808 1614 877 γάμος
1650 807 1815 860 πάλιν
1849 807 1950 859 έπ-

364 898 752 962 ανελεύσεται;
784 897 893 951 Ποῦ
936 896 994 950 δὲ
1028 896 1091 949 τδ
1127 895 1510 967 φιλάνθρωπον
1551 896 1814 966 καθαρὸν,
1850 896 1950 965 ξη-

369 984 535 1059 μιοῦν
591 985 693 1057 μὲν
741 987 808 1057 τῇ
843 985 953 1038 τῶν
1008 985 1362 1039 οἰκειοτάτων
1404 985 1583 1057 μελῶν
1640 985 1947 1056 ἀφαιρέσει,

367 1079 666 1152 πειρᾶσθαι
716 1078 773 1132 δὲ
814 1077 915 1149 τὴν
956 1076 1159 1148 ζημίαν
1218 1075 1661 1148 παραμυθεῖσθαι
1734 1076 1951 1128 ἀντεισ-

369 1175 567 1242 αγωγῇ
592 1171 701 1224 τῶν
742 1170 918 1225 ἄλλων
949 1168 1281 1239 κτημάτων;
1312 1169 1436 1232 Πῶς
1463 1168 1521 1222 δὲ
1544 1168 1706 1239 μέχρι
1723 1167 1816 1221 καὶ
1843 1165 1952 1219 τῶν

368 1259 725 1329 φαυλοτάτων
757 1258 926 1330 αὐτῆς
955 1257 1276 1329 περιουσίας
1317 1258 1427 1311 τῶν
1459 1255 1819 1327 αἰχμαλώτων
1860 1254 1951 1308 λο⁴

371 1354 660 1424 γίζεταιη
696 1351 1119 1421 φυλαττομένων
1162 1350 1346 1412 αὐτοῖς
1386 1348 1492 1403 τῶν
1539 1348 1784 1412 δικαίων,
1833 1346 1952 1416 οὐχὶ

372 1445 669 1501 πάνδεινον
692 1445 740 1477 ⁸⁸
765 1442 844 1514 τῷ
890 1441 1099 1514 μείζονι
1132 1442 1292 1513 μέρει
1318 1440 1484 1509 (φημί
1528 1438 1593 1509 δὴ
1636 1441 1703 1510 τῇ
1738 1438 1832 1492 τοῦ
1873 1440 1952 1490 oi-

371 1536 526 1589 κείου
557 1535 754 1607 μέλους
795 1533 1150 1605 συντηρήσει)
1198 1532 1531 1586 κινδυνεύειν
1568 1531 1765 1593 αὐτοὺς
1809 1530 1883 1600 μὴ
1906 1530 1953 1560 ⁵³

371 1629 576 1696 ὁμοίως
597 1626 886 1695 ἀξιοῦσθαι
909 1627 1019 1679 τῶν
1045 1626 1293 1692 δικαίων,
1312 1625 1427 1678 ἀλλ’
1445 1623 1582 1678 εἶναι
1598 1613 1951 1694 ἀνεπίσχετον

371 1719 475 1792 τὴν
508 1720 736 1792 ζημίαν,
765 1722 815 1773 εἰ
836 1719 998 1773 τοῦτο
1025 1720 1116 1772 ἐπὶ
1140 1718 1367 1789 γνώμην
1394 1717 1519 1787 ἥκοι
1551 1716 1763 1788 θατέρῳ
1795 1716 1950 1786 μέρει

2052 525 2222 580 mittit
2252 520 2620 593 inaequalitas,
2650 519 2928 590 quomodo
2955 519 3001 573 si
3036 519 3103 572 ad
3138 519 3444 574 libertatem
3476 534 3635 577 revo-

2049 624 2204 671 cetur
2223 616 2492 683 captivus,
2511 626 2637 667 cum
2680 617 2807 680 post
2851 610 3193 666 matrimonii
3216 611 3631 666 dissolutionem

2049 706 2116 760 ad
2140 704 2562 775 aequabilitatem
2596 702 2816 757 fortuna
2867 702 3361 772 redeat,amboque
3390 705 3443 757 in
3470 704 3635 758 liber-

2049 804 2162 851 tate
2225 795 2433 856 vivant,
2501 794 2571 847 ad
2622 793 2987 863 aequalitatem
3060 794 3465 848 matrimonium
3523 810 3632 848 non

2050 886 2292 942 redibit?
2350 883 2482 951 Quae
2538 898 2667 938 vero
2719 883 2812 937 illa
2868 884 3087 940 sincera
3145 886 3635 956 humanitas,qu:c

2050 980 2512 1036 amicissimorum
2546 977 2916 1033 membrorum
2955 980 3333 1034 subtractione
3371 980 3631 1036 damnum

2052 1070 2279 1131 inferre.
2315 1069 2658 1138 aliorumque
2685 1070 3082 1125 substitutione
3111 1070 3164 1124 id
3192 1071 3350 1139 quasi
3420 1074 3631 1126 sarcire

2049 1160 2318 1218 conatur?
2356 1159 2643 1227 Quomodo
2699 1158 2934 1221 item,et
2962 1160 3006 1213 si
3054 1176 3228 1230 usque
3258 1162 3323 1214 ad
3365 1160 3633 1215 vilissima

2050 1270 2278 1326 quaeque
2307 1253 2646 1323 captivorum
2698 1252 3007 1306 substantia
3048 1252 3174 1319 jure
3202 1259 3459 1319 statuque
3487 1254 3635 1321 ipso-

2051 1364 2171 1402 rum
2201 1347 2413 1416 integro
2438 1353 2677 1409 taxetnr,
2702 1345 2828 1397 illos
2852 1358 2958 1396 non
2981 1342 3054 1396 ita
3076 1346 3455 1412 przrstantiore
3482 1353 3635 1412 parte

2053 1438 2156 1504 (sui
2217 1452 2416 1506 nempe
2445 1435 2671 1490 membri
2720 1434 3164 1505 conservatione)
3231 1443 3396 1503 atque
3446 1449 3632 1487 rermn

2052 1527 2422 1597 suarumjure
2446 1525 2743 1594 periclitari
2778 1525 2938 1586 velle,
2994 1525 3437 1593 immensumque
3486 1526 3637 1578 dam-

2055 1636 2182 1675 num
2220 1618 2355 1682 l'ore,
2394 1618 2438 1672 si
2472 1617 2642 1671 altera
2672 1631 2798 1686 pars
2838 1617 3143 1670 membrum
3170 1630 3327 1669 suum
3363 1616 3635 1685 negligere

2054 1712 2107 1767 in
2141 1712 2385 1765 animum
2411 1709 2657 1770 inducat.
2687 1724 2793 1761 non
2826 1724 3091 1778 perquam
3118 1716 3204 1762 est
3237 1705 3634 1759 manifestum?

372 1784 640 1883 ἁλογῆσαι
674 1810 773 1866 τοῦ
803 1810 1004 1865 οἰκείου
1033 1784 1344 1880 μέλουςςντί
1362 1784 1453 1863 οὖν
1483 1826 1625 1879 φημι
1667 1784 1778 1877 syth
1796 1784 1955 1874 ξἝάν

2057 1803 2195 1869 Quid
2231 1803 2395 1870 igitur
2430 1800 2570 1870 ego?
2597 1799 2654 1854 Si
2678 1814 2801 1852 cum
2829 1800 3004 1854 altera
3057 1815 3185 1869 pars
3217 1800 3271 1852 in
3320 1798 3638 1865 captivitate

371 1920 483 1975 περ
511 1902 608 1956 τοῦ
641 1901 760 1966 ἑνὸς
791 1901 994 1972 μέρους
1022 1901 1081 1953 ὲν
1118 1899 1465 1970 αἰχμαλωσίᾳ
1494 1900 1669 1962 ὄντος.
1694 1899 1755 1952 τὸ
1789 1897 1949 1952 ἀπεί-

360 2010 542 2064 ρατον
584 1992 993 2065 διαμεμενηκὺς
1029 1992 1130 2061 τῆς
1159 1992 1537 2061 αἰχμαλωσίας
1581 1991 1769 2062 ἐτέρου
1815 1991 1953 2061 πρὸς

372 2085 672 2155 συνάφειαν
702 2084 824 2149 ίδοι,
855 2083 1145 2137 ἐπανέλθοι
1176 2083 1234 2136 δὲ
1261 2084 1359 2152 τῆς
1384 2081 1762 2151 αἰχμαλωσίας
1794 2080 1857 2134 τὸ
1894 2084 1953 2135 ὲν

368 2174 546 2249 ταύτῃ
574 2175 1011 2246 κατεσχημένον,
1032 2173 1221 2228 ἄδειαν
1237 2168 1377 2226 εἶναι
1406 2171 1556 2241 αὐτῷ
1576 2172 1623 2203 ⁸⁸
1651 2170 1713 2223 τὸ
1731 2171 1951 2237 οἰκεῖον,

370 2272 422 2325 εἰ
458 2269 725 2342 βούλοιτο,
773 2268 1255 2339 ἐπαναλαμϐάνειν
1298 2266 1495 2337 μέλος,
1544 2266 1639 2319 καὶ
1688 2266 1955 2337 μηδαμῶς

370 2364 508 2419 διότι
549 2364 723 2436 ἑτέρῳ
757 2362 1004 2433 συνήφθη
1033 2362 1161 2424 τοὺς
1201 2360 1263 2425 ἐξ
1307 2361 1482 2430 ἀρχῆς
1510 2358 1955 2427 καινπομεῖσθαι

371 2455 609 2528 γάμους.
662 2455 726 2509 Ei
765 2453 876 2524 γὰρ
926 2454 960 2524 ἡ
1010 2450 1281 2521 γενομένη
1317 2450 1457 2521 πρὸς
1488 2449 1675 2520 ἕτερον
1727 2447 1956 2518 ὕστερον

373 2543 641 2614 συνάφεια
671 2544 813 2610 δόξει
842 2543 986 2597 τισὶν
1015 2542 1298 2604 ἀδιάλυτος
1324 2539 1390 2593 ἂν
1416 2542 1713 2610 διαμεῖναι,
1746 2539 1864 2603 πῶς
1893 2540 1953 2592 ού

370 2634 711 2705 δικαιότερον
761 2634 795 2704 ἠ
829 2631 1070 2703 ἀρχῆθεν
1117 2631 1229 2684 τῶν
1274 2631 1468 2700 γάμων
1511 2630 1774 2700 συνάφεια
1819 2629 1957 2701 πρδς

371 2727 474 2798 τὴν
502 2725 716 2781 οἰκείαν
740 2725 1078 2779 κατάστασιν
1108 2721 1565 2787 ὲπανελεύσεταις
1601 2721 1697 2775 καὶ
1727 2723 1798 2787 εί,
1821 2721 1956 2775 διότι

371 2815 642 2888 ἀλλοτρίῳ
691 2815 848 2885 μέρει
896 2812 1191 2882 συνῆπται,
1245 2812 1346 2864 οὐκ
1371 2811 1661 2879 ἐπιτρέπει
1713 2827 1801 2873 τις
1835 2809 1956 2862 δια-

376 2908 546 2980 σπᾷν,
578 2906 702 2971 πῶς
731 2906 834 2961 οὐκ
862 2904 1107 2975 εὔλογον,
1131 2904 1267 2957 διότι
1296 2903 1392 2957 τοῦ
1431 2904 1637 2957 οἰκείου
1667 2901 1956 2973 empsim

378 3000 582 3074 μέρους
606 3000 676 3064 ³⁸,
703 2997 863 3051 τοῦτο
892 2996 1029 3068 πρὸς
1061 2995 1163 3064 τὴν
1210 2994 1351 3048 ἰδίαν
1397 2992 1708 3063 οἰκειότητα
1755 3008 1959 3061 συναρ-

2055 1894 2147 1955 sit,
2194 1891 2365 1946 altera
2390 1905 2510 1960 qua:
2543 1904 2572 1942 a
2611 1889 2932 1957 captivitate
2953 1889 3123 1943 libera
3153 1891 3376 1953 mansit,
3413 1889 3480 1940 ad
3504 1888 3637 1941 alte-

2052 1986 2170 2041 rius
2223 1982 2538 2051 conjugium
2592 1982 2899 2050 respexerit
2938 2021 2953 2044 ,
2990 1981 3334 2048 postliminio
3385 1995 3514 2034 vero
3551 1995 3632 2032 re.-

2053 2084 2299 2133 vertatur
2327 2090 2447 2145 qua!
2472 2074 2523 2127 in
2557 2073 2876 2142 captivitate
2904 2072 3124 2126 detenta
3158 2073 3261 2126 fuit
3284 2092 3297 2126 :
3322 2082 3381 2124 ut
3415 2071 3491 2125 illi
3522 2070 3637 2142 (47)

2054 2169 2098 2225 si
2126 2168 2275 2231 velit,
2322 2180 2481 2220 suum
2524 2164 2832 2218 membrum
2869 2163 3167 2233 reeipiendi
3198 2163 3428 2216 facultas
3453 2163 3545 2225 sit,
3575 2176 3639 2215 ac

2056 2276 2400 2332 nequaquam
2469 2260 2615 2329 quod
2675 2260 2832 2313 alteri
2859 2257 3214 2327 coniunctum
3262 2256 3449 2316 fuerit.
3483 2258 3638 2324 prius

2056 2353 2470 2409 matrimonium
2507 2352 2824 2405 innovetur.
2860 2350 2915 2404 Si
2944 2349 3088 2403 enim
3139 2348 3456 2416 coniugium
3513 2361 3637 2399 cum

2056 2447 2230 2499 altero
2273 2442 2626 2514 postmodum
2666 2442 2864 2495 initum
2900 2440 3176 2495 videbitur
3212 2438 3488 2508 aliquibus
3524 2437 3641 2491 dis-

2056 2537 2195 2593 solvi
2223 2549 2331 2591 non
2364 2541 2641 2604 oportere,
2675 2531 2956 2603 quomodo
2988 2546 3097 2584 non
3125 2530 3338 2600 aquius
3369 2528 3556 2591 fuerit,
3591 2525 3636 2580 si

2058 2630 2269 2697 primus
2302 2626 2637 2679 matrimonii
2671 2640 2846 2679 nexus
2881 2623 2934 2676 in
2968 2637 3131 2676 suum
3192 2630 3398 2677 statum
3454 2634 3641 2674 rever-

2056 2716 2242 2771 tatur?
2275 2715 2337 2770 Et
2364 2716 2409 2771 si
2431 2730 2498 2771 eo
2532 2714 2675 2785 quod
2722 2714 2915 2768 alienat
2967 2712 3105 2781 parti
3138 2712 3493 2781 coniunctum
3546 2710 3640 2771 sit,

2064 2810 2117 2864 id
2149 2808 2423 2880 quispiam
2491 2807 2649 2862 avelli
2687 2822 2793 2861 non
2827 2805 3148 2875 permittat:
3179 2801 3455 2872 quomodo
3492 2798 3640 2869 quod

2059 2916 2088 2954 a
2111 2915 2209 2956 sua
2242 2907 2398 2970 parte
2457 2899 2751 2968 abruptum
2787 2897 2878 2962 sit,
2912 2897 2964 2950 id
3006 2896 3059 2949 in
3085 2910 3245 2949 suum
3279 2894 3456 2948 locmu
3485 2891 3645 2945 resti-

2060 2993 2161 3055 tui,
2207 2990 2409 3045 rationi
2472 3003 2583 3043 non
2637 2988 2802 3043 fuerit
2827 2995 3263 3041 consentaneum
3299 2985 3418 3038 ?At
3446 2982 3647 3035 dixerit

379 3072 599 3157 μύζεινς
630 3086 742 3140 Καί
788 3086 834 3118 ⁸⁷
884 3101 1071 3156 φησιν,
1110 3082 1274 3136 Ἀλλά
1322 3083 1517 3152 κέρδος
1573 3081 1784 3149 γίνεται
1846 3080 1955 3133 τῶν

2059 3083 2257 3151 aliquis
2293 3099 2307 3135 :
2361 3081 2467 3134 Sed
2511 3080 2565 3133 in
2592 3078 2805 3132 lucrum
2850 3076 3082 3146 captivis
3136 3074 3282 3128 cedit
3343 3072 3486 3141 quod
3521 3086 3644 3139 pro-

376 3177 742 3251 αἰχμαλὼτων
765 3180 831 3232 έκ
868 3177 969 3247 τῆς
992 3176 1136 3231 κατά
1172 3176 1505 3246 προπέτειαν
1547 3173 1657 3227 τῶν
1686 3171 1957 3243 δευτέρων

376 3274 575 3341 γάμων
604 3269 822 3340 ὁμιλίας
861 3271 894 3337 ἡ
928 3267 1307 3336 ἀντεισαγωγὴ
1353 3267 1453 3335 τῆς
1487 3264 1771 3326 ὲκτίσεως.
1816 3262 1955 3316 Ἀλλ’

374 3357 534 3427 οὗτος
567 3364 598 3417 ό
623 3362 782 3430 λόγος
811 3360 1038 3430 ἄμεινον
1069 3359 1113 3391 ⁵⁸
1142 3354 1211 3429 ἦν
1244 3356 1320 3427 μὴ
1346 3358 1429 3409 ὃτι
1472 3373 1537 3424 γε
1567 3354 1790 3424 χειλέων
1820 3369 1954 3423 προ-

375 3454 581 3519 ελθεῖν,
609 3453 747 3508 ἀλλά
777 3452 897 3525 μηδ’
930 3452 1024 3505 ἐπὶ
1063 3450 1305 3504 διάνοιαν
1342 3448 1451 3502 τῶν
1482 3448 1660 3501 ταῦτα
1687 3462 1959 3516 πεφρονη-

378 3547 555 3603 κότων
573 3543 996 3616 ἀνασεὸηκέναι.
1018 3542 1145 3606 Πῶς
1166 3542 1273 3612 γὰρ
1294 3541 1396 3594 οὐκ
1420 3540 1663 3608 ὲσχάτως
1685 3540 1765 3601 εἰς
1787 3536 1959 3606 φρένα

376 3637 651 3710 δυστυχὴς
684 3636 781 3691 καὶ
823 3636 1050 3707 ἄπορος,
1078 3633 1140 3697 δς
1168 3633 1263 3685 τοῦ
1291 3631 1496 3685 οἰκείου
1533 3630 1731 3699 μέλους
1763 3629 1960 3684 ἀλλάτ-

376 3748 536 3787 τεται
564 3730 866 3802 χρήματας

447 3823 795 3893 Θεσπίζομεν
830 3822 878 3855 ⁸⁹
918 3815 1034 3886 οὖν,
1074 3817 1340 3890 μηδαμῶς
1368 3816 1447 3871 ἔτι
1489 3814 1630 3886 πρὸς
1660 3814 1960 3881 συνάφειαν

379 3919 574 3991 ἑτέρου
601 3917 696 3972 τδν
724 3916 1021 3987 ἀπείρατον
1052 3913 1404 3986 μεμενηκότα
1445 3911 1545 3981 τῆς
1576 3907 1960 3980 αἰχμαλωσίας

380 4009 663 4084 ερχεσθαι,
687 4008 802 4063 ἀλλ’
825 4008 973 4071 ὅσοις
995 4007 1062 4061 ἂν
1094 4006 1295 4076 δήποτε
1329 4004 1547 4074 χρόνοις
1581 4005 1639 4056 ὲν
1683 4000 1963 4070 αἰχμαλω-

383 4101 478 4173 σίᾳ
592 4100 640 4132 ⁶⁹
679 4099 740 4153 τὸ
795 4100 913 4152 ἐκεῖ
957 4094 1513 4165 ταλαιπωρούμενον,
1553 4092 1869 4163 περιμένειν
1901 4089 1961 4142 τὸ

380 4193 594 4264 ἓτερον,
630 4190 734 4245 κᾶν
767 4192 903 4261 μήτε
950 4189 1230 4260 ἔγγραφος
1260 4185 1493 4257 δήλωσις
1527 4186 1664 4255 μήτε
1716 4184 1962 4252 ἄγραφος

382 4284 597 4343 ἐκεῖθεν
622 4281 1045 4353 καταλαμϐάνῃ.
1089 4281 1153 4332 Εἰ
1208 4278 1267 4331 δὲ
1299 4275 1454 4347 παρά
1493 4276 1641 4329 τόνδε
1668 4275 1760 4328 τὸν
1798 4274 1962 4343 νόμον

382 4375 699 4449 βουληθεῐέν
724 4390 869 4438 τινες
908 4376 975 4444 τῇ
1011 4371 1149 4442 πρὸς
1188 4369 1479 4440 δευτέρους
1525 4370 1736 4437 γάμους
1771 4366 1959 4435 ὁμιλίᾳ

379 4471 495 4525 τῶν
538 4468 824 4540 προτέρων
870 4463 1308 4537 διαρῤήγνυσθαι
1356 4461 1451 4515 καὶ
1496 4460 1620 4530 οὐχ)⁵
1666 4457 1814 4512 κατὰ
1863 4456 1961 4526 τὴν

381 4562 773 4635 παρατήρησιν
812 4559 913 4629 τὴν
955 4561 1012 4611 ὲν
1039 4558 1106 4627 τῇ
1154 4553 1255 4627 ριξν
1284 4553 1455 4624 νεαρᾷ
1476 4552 1519 4583 ⁶¹
1558 4549 1824 4620 περὶτῶν
1862 4564 1963 4616 γυ-

380 4653 592 4708 ναικῶν
621 4650 734 4705 τῶν
774 4652 832 4704 ὲν
866 4648 1168 4715 ἔξπεδίτοις
1198 4646 1368 4700 όντων
1412 4644 1694 4714 κειμένην,
1727 4643 1965 4695 εστωσαν

381 4744 461 4810 ὡς
489 4747 612 4806 ταῖς
660 4745 875 4804 ποιναῖς
914 4740 1295 4794 ὑποκείσονται
1339 4740 1458 4800 ταῖς
1490 4738 1549 4789 ὲν
1586 4738 1650 4806 τῇ
1694 4733 1963 4804 εἰρημένῃ

382 4833 628 4899 διατάξει
664 4830 1058 4901 τεταγμέναις,
1113 4826 1357 4897 δηλονότι
1401 4826 1584 4889 ἀδείας
1633 4822 1836 4893 οὔσης,
1887 4823 1963 4886 ὡς

2062 3187 2183 3246 p‘cr
2214 3176 2444 3229 alterum
2495 3170 2803 3227 temeritate
2836 3173 3175 3223 contractum
3212 3163 3642 3226 matrimonium,

2059 3282 2159 3337 per
2205 3262 2710 3335 compensationem
2765 3274 2942 3329 paenae
3000 3254 3225 3309 nomine
3270 3252 3641 3307 introductum

2059 3367 2164 3415 est.
2204 3359 2401 3414 Verum
2454 3354 2604 3408 hunc
2639 3366 2951 3407 sermonem
3003 3365 3114 3405 non
3157 3346 3283 3401 dico
3332 3360 3440 3397 non
3474 3342 3645 3395 labris

2060 3448 2315 3521 exprimi,
2376 3445 2472 3501 sed
2519 3460 2588 3499 ne
2640 3443 2694 3497 in
2755 3452 2989 3496 mentem
3042 3440 3262 3510 quidem
3323 3434 3644 3489 auctoribus

2060 3542 2181 3611 ejus
2211 3543 2396 3595 venire
2432 3538 2631 3592 melius
2680 3535 2868 3589 fuerit.
2909 3532 3043 3586 Nam
3083 3528 3501 3601 quomodoille,
3549 3527 3643 3595 qui

2061 3633 2366 3687 membrum
2403 3645 2564 3684 suum
2603 3626 2850 3698 pecuniis
2878 3632 3205 3689 commutat,
3239 3636 3346 3675 non
3399 3628 3644 3674 extrema

2059 3723 2260 3778 mentis
2287 3720 2606 3776 infelicitate
2628 3726 2683 3773 et
2721 3716 2949 3786 penuria
2980 3714 3235 3768 laborat?

2133 3814 2424 3869 Sancimus
2448 3812 2653 3881 itaque,
2710 3818 2770 3864 ut
2817 3820 3165 3877 nequaquam
3228 3803 3466 3872 amplius
3522 3816 3646 3870 quae

2062 3923 2190 3979 pars
2235 3904 2555 3960 aservitute
2589 3904 2797 3956 intacta
2844 3898 3067 3961 mansit,
3105 3893 3174 3951 ad
3221 3896 3450 3949 alterius
3515 3908 3647 3947 con-

2058 4001 2267 4072 jugium
2316 3994 2569 4067 procedat
2608 3993 2743 4048 :sed
2779 3999 3135 4061 quotcunque
3176 3986 3337 4042 annis
3387 3986 3559 4038 altera
3587 3982 3642 4036 in

2065 4091 2346 4148 servitutis
2380 4088 2603 4143 miseria
2653 4083 3020 4145 detinebitur,
3080 4079 3299 4134 tametsi
3356 4077 3470 4149 (48)
3516 4077 3646 4131 inde

2063 4182 2269 4237 nullam
2300 4194 2479 4248 neque
2514 4176 2580 4231 de
2606 4176 2841 4245 scripto,
2894 4187 3073 4239 neque
3102 4172 3243 4226 citra
3277 4170 3547 4238 scriptum
3573 4168 3650 4223 si—

2062 4273 2467 4345 gnilicationem
2501 4256 2758 4339 accipiat,
2791 4268 2938 4322 illam
2973 4272 3281 4333 cx3pectet.
3313 4262 3378 4317 Et
3431 4262 3574 4331 quod
3601 4261 3645 4315 si

2065 4372 2265 4435 praeter
2300 4364 2441 4416 hanc
2466 4362 2637 4430 legem
2687 4358 2916 4413 alterius
2949 4355 3286 4408 matrimonii
3313 4351 3649 4407 commercio

2066 4471 2096 4509 a
2131 4456 2311 4525 priore
2353 4452 2601 4520 abrumpi
2647 4449 2815 4519 aliqui
2872 4446 3066 4512 velint,
3097 4447 3265 4515 idque
3294 4460 3404 4498 non
3446 4458 3651 4499 secun-

2064 4550 2193 4603 dmn
2222 4544 2663 4602 observationem
2710 4542 2762 4597 in
2811 4540 3033 4595 Novella
3087 4538 3389 4594 centesima
3431 4537 3645 4590 decima

2064 4638 2295 4708 septima
2360 4636 2429 4691 de
2470 4635 2740 4689 uxoribus
2796 4648 3011 4698 eorum,
3069 4632 3162 4702 qui
3216 4632 3270 4686 in
3304 4629 3651 4700 expeditione

2066 4738 2194 4783 sunt
2224 4727 2418 4793 relata,
2447 4726 2537 4779 fiat
2565 4742 2578 4778 :
2609 4725 2826 4778 sciunto
2871 4723 2970 4785 illi,
3005 4722 3149 4793 quod
3186 4721 3383 4792 positis
3423 4722 3477 4773 in
3504 4717 3650 4771 dicta

2067 4819 2464 4875 constitutione
2511 4816 2692 4887 panis
2748 4815 3139 4882 subiacebunt.
3201 4813 3433 4881 Insuper
3482 4811 3648 4865 etiam

384 4926 621 4999 ἔφαμεν.
679 4924 728 4981 εἰ
759 4918 1130 4996 ἀναρρυσθείη
1170 4918 1270 4989 τῆς
1324 4915 1705 4988 αἰχμαλωσίας
1749 4914 1811 4967 τὸ
1854 4914 1955 4968 ἐκεῖ

2077 4910 2561 4984 (quemadmodum
2584 4908 2850 4976 diximus)
2877 4908 2995 4962 utsi
3024 4907 3115 4977 qui
3144 4904 3423 4960 servitutis
3450 4917 3647 4958 terumw

1663 5052 1895 5111 VARUE
1934 5051 2343 5109 LECTIONES.

454 5230 502 5263 ιι
526 5227 707 5282 Locus
722 5229 1037 5293 corruptus.
1054 5218 1390 5293 _S_tep_hau_us,
1422 5227 1665 5293 quocum
1681 5212 1929 5293 Agylteus
1976 5210 2106 5293 facit
2134 5229 2147 5266 :
2172 5210 2291 5293 πῶς
2305 5208 2361 5263 δὲ
2390 5210 2440 5263 εἰ
2459 5209 2621 5293 μέχρι
2646 5210 2736 5262 καὶ
2763 5208 2872 5293 τῶν
2889 5205 3065 5293 ἓειρλ.
3081 5203 3313 5293 96':ch!)
3329 5199 3646 5293 Χπεριρρσίιι.

385 5268 1410 5360 nectiinl'fé'rié'é"5&2"§"{t"fp£iét
1438 5268 1545 5360 ’καὶ
1599 5268 2106 5360 τῷν-’φαυλοτάτων
2153 5268 2334 5360 αύτῷν
2366 5268 2672 5360 περιοδσία,
2705 5277 2824 5331 κτλ.
2957 5276 3116 5360 Agyl:
3153 5268 3650 5360 πάνδηλοὲ.οθὶίηιιί

386 5376 559 5422 recte.
633 5366 682 5399 ’δ
715 5363 878 5419 Forte
904 5355 1341 5422 pmmittendum
1386 5355 1504 5409 καί.

387 5451 537 5492 corr.
566 5435 826 5506 ἀμείνων.

1608 5353 1653 5385 u
1686 5349 2129 5421 δαίτηςᾎαύτῇε
2172 5350 2233 5421 _”
2264 5348 2532 5421 1498073933

931 5433 953 5465 '
987 5429 1104 5485 Ecl.
1128 5427 1295 5497 incip.
1370 5425 1416 5457 ⁸⁸
1454 5423 1532 5478 Ita
1556 5421 1672 5477 Ecl.
1695 5415 1893 5476 Codd.’
1911 5415 2001 5492 ἦν.
2063 5415 2135 5452 ⁷’⁶¹
2165 5415 2460 5473 Iustiniani
2486 5415 2623 5471 Nov.
2655 5416 2779 5481 H7,
2810 5430 2862 5471 c.
2890 5415 2979 5470 Η.

2568 5339 2784 5417 μέλους.
2882 5339 3147 5417 ⁸Ϊδιόρίι.
3178 5343 3289 5400 ναί.
3312 5339 3324 5345 ’
3374 5339 3422 5375 ⁵⁸
3452 5339 3645 5411 Steph.

1966 5555 2201 5615 NOTAE.

465 5688 579 5760 (ιθ)
606 5688 671 5743 L.
696 5685 791 5760 55,
816 5683 876 5739 Π.
918 5681 998 5760 lle
1030 5678 1239 5760 Δ[ηιμ-1
1278 5678 1343 5760 1,
1473 5673 1743 5760 Dedivor.
1768 5689 1781 5739 ;
1809 5681 1845 5729 I.
1887 5673 1971 5738 l9.

388 5764 437 5829 ι.
460 5747 651 5830 $6.1.
687 5756 915 5823 Soluto,
946 5753 985 5812 ι.
1023 5749 1164 5821 12.5
1195 5750 1248 5815 ι,
1273 5747 1330 5807 tr.
1362 5749 1437 5804 De
1457 5747 1709 5819 captivis.
1808 5788 1813 5791 .

2153 5669 2265 5738 (Π)
2298 5666 2503 5738 Novell.
2529 5665 2654 5738 H7,
2691 5680 2812 5735 cap.
2847 5665 2930 5738 ll.

2154 5734 2269 5814 μδ)
2298 5737 2454 5809 Quod
2484 5734 2803 5811 exigebatur
2838 5737 2964 5795 d.c.
2995 5734 3083 5794 ll.
