4090 6206
347 278 455 344 5(5

1448 280 1814 345 ΝΟνΕωιῶ
1866 281 2537 351 CONSTITUTIONES.

3502 301 3611 366 506

347 392 530 461 νόμον,
559 386 687 443 οὔτε
710 390 802 445 τὸν
840 389 941 461 τῆς
970 391 1245 461 πολιτείας
1274 392 1461 457 ἅπλῶς
1492 395 1916 467 συγκροτοῡντες

2028 396 2172 466 quod
2200 398 2412 454 civilem
2439 401 2765 473 simpliciter
2788 407 3134 479 coliidamus,
3161 410 3303 472 hanc
3340 412 3605 472 adversus

344 480 443 550 τὴν
474 482 607 551 περὶ
645 480 742 535 τοῦ
774 482 1000 553 κορικοῦ
1042 483 1293 553 ἅρπαγος
1325 484 1552 556 γνώμην
1598 488 1922 560 ἐκφέρομεν,

345 573 461 625 ἀλλ’
483 568 595 624 οἷον
621 572 739 627 ὁδόν
770 590 897 631 τινα
932 573 1026 633 τοῦ
1055 573 1170 645 βίου
1198 577 1310 638 τοῖς
1341 576 1634 650 πράγμασι
1665 580 1765 651 τὴν
1790 596 1925 650 συμ-

346 663 623 732 φέρουσαν
671 668 1140 736 κατανοήσαντες,
1189 667 1419 739 ὲπείπερ
1467 670 1683 739 εἴδομεν
1724 673 1791 741 τῇ
1827 670 1922 725 τοῦ

346 750 496 820 ἱεροῦ
553 752 873 824 συμπαθείᾳ
940 754 1107 825 νόμου
1146 754 1334 827 ὥσπερ
1394 759 1812 829 ἀναιδευόμενον
1864 762 1959 817 re

346 841 544 902 κακὸν,
578 845 643 912 τῇ
674 843 731 895 δὲ
780 844 874 897 τοῦ
913 844 1197 901 πολιτικοῦ
1227 847 1394 915 νόμου
1438 850 1711 921 αὑστηρίᾳ
1753 869 1924 907 κατα-

347 932 726 1015 στελλόμενον,
763 934 853 987 διὰ
887 934 1045 988 τοῦτο
1074 936 1175 1006 τῆς
1208 937 1409 1005 μᾶλλον
1439 937 1824 1012 ἰπαμυνούσης
1852 945 1920 1015 τῇ

348 1009 681 1078 καταστάσει
744 1026 853 1078 τῶν
904 1028 1247 1098 πραγμάτων
1290 1029 1593 1098 ἐγενόμεθα
1641 1009 1919 1105 προνοίας.

347 1113 614 1169 Βούλεται
652 1116 751 1185 μὲν
781 1117 890 1190 γὰρ
919 1119 947 1169 ὁ
990 1118 1265 1183 πολιτικὸς
1322 1120 1488 1189 νόμος
1529 1120 1589 1175 οὐ
1627 1121 1787 1191 μόνον
1831 1124 1922 1181 τὸν

344 1207 411 1259 δι’
441 1208 699 1277 ἁρπαγῆς
722 1210 817 1262 καὶ
846 1209 964 1278 βίας
998 1210 1199 1282 φθορέα
1223 1212 1480 1280 γεγονότα
1508 1212 1676 1286 κόρης
1708 1215 1921 1291 θανάτῳ

344 1298 789 1368 ὑπαγορευθῆναι
820 1300 891 1360 ’³,
928 1300 1009 1353 ἔτι
1046 1302 1103 1355 δὲ
1140 1304 1235 1356 καὶ
1274 1304 1410 1375 πρὸς
1442 1306 1507 1374 τῇ
1546 1304 1641 1357 τοῦ
1690 1306 1920 1363 θανάτου

346 1387 471 1460 δίκῃ
522 1388 616 1443 καὶ
669 1389 767 1458 τὴν
799 1388 1032 1461 ὕπαρξιν
1088 1393 1473 1464 ἀφαιρεῖσθαι,
1506 1396 1635 1450 ὅταν
1678 1397 1921 1464 εὐγενεῖς

344 1472 478 1533 ὦσιν
506 1478 562 1531 αἱ
589 1478 965 1552 φθειρόμεναι,
992 1481 1128 1537 ἀλλὰ
1164 1485 1475 1551 κάκείνους,
1506 1486 1556 1541 οἳ
1606 1488 1922 1559 συναντιλή-

345 1586 543 1641 πτορες
595 1569 855 1641 ὤφθησαν
893 1572 987 1624 τοῦ
1047 1573 1577 1646 ἀνοσιουργήματος,
1613 1578 1711 1648 τὴν
1749 1578 1921 1648 αὐτὴν

344 1657 673 1724 ὑφίστασθαι
698 1660 888 1729 ποινὴν
919 1661 1013 1714 κα)⁸
1036 1661 1261 1735 ζημίαν,
1294 1666 1386 1719 καὶ
1408 1666 1564 1723 τοῦτο
1589 1668 1831 1739 γίνεσθαι
1870 1669 1919 1701 ⁷⁸

2028 486 2259 558 virginis
2313 501 2586 560 raptorem
2656 498 2988 559 sententiam
3059 502 3448 570 proterimus:
3509 507 3602 559 sed

2026 588 2383 653 posteaquam
2417 584 2563 639 velut
2597 586 2681 640 via
2717 590 2949 656 quadam
2983 595 3151 649 rebus
3184 595 3441 651 humanis
3466 612 3604 650 cnn-

2027 674 2250 735 ducibili
2311 672 2658 747 investigata,
2700 680 3183 741 commiseratione
3241 699 3414 740 sacra:
3473 684 3607 755 legis

2027 765 2079 823 id
2112 765 2320 825 malum
2356 766 2516 835 quasi
2549 767 2907 836 insolescere,
2940 770 3119 831 civilis
3176 789 3307 828 vero
3348 774 3483 844 legis
3502 789 3605 827 au-

2027 859 2276 914 steritate
2309 860 2598 930 supprimi,
2650 864 3010 932 cognovimus
3042 906 3058 932 ,
3115 867 3169 922 in
3207 883 3328 922 eam
3384 878 3604 925 senten-

2025 949 2178 1013 tiam,
2215 950 2361 1009 unde
2394 966 2575 1005 rerum
2636 955 2803 1011 statui
2859 956 2980 1025 plus
3038 959 3267 1014 subsidii
3313 969 3478 1025 esset,
3518 962 3604 1017 in-

2025 1037 2377 1097 clinavimus.
2414 1037 2538 1096 Vult
2564 1052 2742 1099 autem
2772 1044 2951 1100 civilis
2988 1046 3070 1101 lex
3111 1049 3244 1118 (56),
3281 1059 3338 1105 ιιι
3374 1065 3483 1119 non
3510 1068 3601 1111 so.

2023 1129 2134 1184 lum
2168 1130 2266 1199 qui
2296 1147 2391 1201 per
2428 1143 2641 1201 raptum
2698 1145 2753 1189 et
2800 1137 2906 1191 vim
2970 1138 3239 1211 virginem
3303 1140 3598 1213 ingenuam

2023 1223 2314 1290 stupravit,
2351 1225 2513 1281 morti
2540 1225 2849 1289 addicatur.
2890 1229 3226 1303 insuperque
3257 1248 3425 1303 supra
3451 1250 3598 1291 ωσι-ς

2023 1308 2095 1363 tis
2153 1309 2618 1377 adjudicationem
2665 1313 2827 1369 bonis
2892 1317 3396 1385 privetur,‘verum
3430 1322 3595 1378 etiam

2023 1400 2118 1470 qui
2148 1400 2202 1455 in
2236 1400 2445 1457 scelere
2478 1401 2802 1473 adjumento
2833 1403 3057 1461 fuerunt
3114 1409 3361 1467 eamdem
3395 1418 3447 1465 et
3478 1427 3596 1481 pm-

2021 1504 2144 1547 nam
2176 1497 2230 1544 et
2262 1490 2487 1547 multam
2520 1492 2865 1549 suStineant:
2893 1493 3057 1563 idque
3104 1505 3218 1552 tum
3249 1500 3437 1563 etiam,
3467 1516 3595 1557 cum

2024 1579 2331 1635 voluntarie
2367 1593 2425 1635 se
2453 1581 2651 1634 mulier
2691 1583 2895 1650 raptori
2932 1583 3160 1645 dedidit,
3204 1586 3342 1655 Quin
3387 1598 3444 1645 et
3475 1590 3595 1657 eius

2022 1678 2254 1738 patrem,
2295 1669 2339 1727 si
2391 1668 2514 1725 facti
2554 1674 2811 1727 conscius
2861 1672 3049 1743 fuerit,
3085 1676 3463 1746 deportatioue
3494 1696 3594 1750 pu~

341 1746 538 1813 οὕτως,
573 1747 676 1805 κᾶν
732 1750 931 1820 ἑαυτὴν
959 1751 1163 1805 ἑκοῦσα
1207 1755 1242 1823 η
1277 1756 1414 1824 γυνὴ
1460 1755 1537 1826 τῷ
1578 1736 1789 1826 ἆρπαγι
1831 1760 1916 1811 ὲν-

2020 1736 2121 1817 nit.
2151 1757 2338 1829 Neque
2371 1774 2500 1817 vero
2528 1766 2659 1817 tunc
2685 1763 2884 1827 solum.
2912 1765 3007 1821 sed
3028 1766 3212 1831 etiam,
3245 1768 3292 1822 si
3328 1784 3451 1824 cum
3485 1785 3596 1843 quo

340 1840 630 1912 εχείρισεν.
669 1841 745 1895 Ού
792 1843 901 1912 μὴν
938 1844 1074 1899 ἀλλὰ
1108 1844 1203 1899 καὶ
1233 1846 1324 1899 τὸν
1364 1847 1570 1917 ταύτης
1611 1848 1823 1919 πατέρα
1860 1851 1916 1904 ὲν

2018 1857 2261 1920 tempore
2305 1861 2496 1921 raptus
2564 1857 3038 1921 committeretur,
3085 1858 3207 1928 ejus
3249 1861 3341 1914 rei
3372 1840 3595 1935 ignarus

342 1931 648 2003 συνειδήσει
682 1935 1030 1993 καταστάντα
1056 1936 1155 2006 τῆς
1181 1936 1433 2009 πράξεως
1461 1939 1729 2011 ὑπερορίᾳ
1760 1941 1916 1993 κολά-

2022 1940 2209 2007 fuerit,
2245 1942 2424 1999 filiola:
2476 1943 2819 2001 vitiationeni
2858 1947 3204 2014 postmodum
3264 1931 3416 2021 parvi
3454 1967 3590 2021 prn-

340 2024 459 2088 ζειο
486 2025 583 2076 καὶ
612 2025 673 2076 οὐ
724 2025 977 2079 τοσοῦτον
1020 2026 1203 2096 μόνον,
1234 2027 1370 2081 ἀλλὰ
1419 2029 1515 2081 καὶ
1565 2030 1613 2080 εί
1644 2029 1718 2099 μὴ
1768 2028 1916 2099 παρὰ

2020 2029 2136 2093 dat,
2170 2047 2374 2102 reoque
2401 2032 2677 2101 judicium
2710 2035 2973 2099 remittat,
3005 2048 3098 2091 aut
3133 2039 3445 2097 istiusmodi
3477 2056 3594 2097 mav

336 2112 431 2165 τὸν
453 2112 666 2181 καιρὸν,
686 2115 810 2167 καθ’
833 2114 892 2168 ὃν
918 2117 952 2185 ἡ
976 2117 1201 2187 ἁρπαγὴ
1224 2116 1573 2191 τετόλμηται,
1601 2118 1856 2182 συνειδὼς
1874 2120 1916 2151 ⁷⁸

2020 2122 2336 2175 trimonium
2376 2124 2665 2194 approbet,
2698 2126 2754 2181 in
2796 2128 3023 2183 incuria:
3060 2144 3277 2197 pmnam
3333 2131 3591 2201 deportas-

338 2201 643 2272 ἐλέγχεται,
674 2204 825 2274 ὅμως
865 2204 922 2257 δὲ
971 2206 1230 2278 ὀλιγωρίᾳ
1258 2206 1434 2269 διδοὺς
1474 2208 1574 2279 τὴν
1618 2207 1711 2261 τοῦ
1742 2209 1916 2281 θυγα-

2026 2213 2225 2267 tionem
2284 2216 2573 2270 sustineat.
2613 2215 2791 2287 Atque
2851 2219 2964 2276 lucc
3030 2221 3250 2293 quidem
3310 2225 3590 2285 veteribus

336 2293 489 2363 τρίου
529 2293 828 2364 διαφθορὰν
856 2296 950 2350 καὶ
980 2298 1161 2365 ἀφιεὶς
1191 2297 1291 2364 τῆς
1319 2296 1474 2369 δίκης
1504 2297 1594 2351 τὸν
1643 2298 1845 2370 ἔνοχον,
1878 2299 1912 2370 ἧ
2024 2302 2297 2368 placuere.

336 2383 425 2436 τὸν
454 2384 697 2439 τοιοῦτον
728 2387 903 2458 γάμον
925 2388 1343 2459 ἀποδεχόμενος,
1368 2387 1559 2462 ποινὴν
1581 2389 1775 2463 ὑπέχει
1806 2392 1908 2465 τῆς
1945 2393 2238 2464 ὀλιγωρίας
2281 2394 2459 2466 φυγὴν
2481 2396 2796 2470 ὑπερόριον.
2865 2399 3053 2454 Ταῦτα
3098 2402 3198 2473 μὲν
3258 2403 3431 2458 ἐδόκει
3478 2407 3592 2478 τοῖς

337 2475 524 2532 πάλαι.

416 2613 478 2666 '0
504 2613 549 2666 δ’
577 2612 905 2683 ἀείμνηστος
937 2612 1098 2683 ἡμῶν
1127 2610 1311 2683 πατὴρ
1349 2612 1455 2666 οὒκ
1487 2613 1568 2676 εἰς
1610 2613 1779 2684 μόνην
1810 2613 1908 2681 τὴν

335 2705 591 2776 ἁρπαγὴν
622 2703 717 2758 τοῦ
748 2704 973 2772 γυναίου
1022 2705 1437 2772 ἀποσκοπήσας,
1471 2704 1609 2759 ἀλλὰ
1649 2705 1743 2760 κα)⁴
1778 2705 1916 2775 πρὸς

343 2798 409 2850 τὰ
442 2796 578 2849 ἄλλα
617 2796 1173 2867 παρακολουθῄματα,
1209 2796 1345 2866 πρὸς
1373 2798 1560 2851 ἐκεῖνα
1603 2796 1703 2867 τὴν
1734 2796 1915 2866 ψῆφον

2091 2610 2290 2669 Verum
2329 2611 2675 2679 sempiternae
2709 2614 2989 2669 memoria:
3040 2625 3193 2685 pater
3245 2627 3435 2675 uoster
3481 2637 3592 2678 non

2020 2712 2232 2760 tantum
2270 2704 2324 2761 in
2371 2704 2615 2762 mulieris
2670 2718 2907 2775 raptum,
2957 2724 3141 2765 verum
3192 2714 3357 2767 etiam
3403 2717 3457 2770 in
3480 2719 3593 2772 cir-

2019 2795 2383 2853 cumstantias
2435 2797 2624 2855 oculos
2688 2798 2930 2868 dirigens
2962 2841 2978 2864 ,
3025 2801 3091 2856 ad
3159 2804 3307 2858 illam
3370 2818 3594 2865 senten-

333 2890 718 2961 ὲναρμόζεται,
768 2889 865 2943 καὶ
901 2889 1167 2950 θεσπίζει,
1212 2888 1352 2958 μετὰ
1421 2888 1520 2957 μὲν
1567 2887 1746 2945 ὅπλων
1799 2888 1916 2959 ἦτοι

2018 2887 2151 2941 tiam
2209 2885 2589 2941 accommodat
2621 2900 2686 2944 ac
2737 2890 2939 2953 sancit,
3002 2898 3061 2947 ut
3102 2892 3147 2946 si
3207 2908 3331 2949 cum
3395 2899 3589 2963 armis,

336 2981 507 3051 ξιφῶν
534 2981 567 3051 ἦ
599 2981 777 3035 ἄλλων
800 2980 969 3034 τινῶν
1002 2980 1127 3033 ἄνευ
1172 2978 1358 3048 ξίφους
1405 2978 1770 3048 ἀναιρετικῶν
1819 2979 1918 3046 τῆς

2024 2975 2143 3030 sive
2174 2974 2375 3046 gladiis
2400 2975 2593 3031 aliisve
2652 2979 2931 3035 nonnullis
2980 2991 3177 3049 praeter
3226 2985 3467 3052 gladium
3515 2989 3591 3042 le—
3648 2988 3651 2991 ’

332 3070 596 3141 ἁρπαγῆς
634 3068 1035 3138 γεγενημένης,
1093 3067 1237 3135 ξίφει
1268 3067 1631 3139 τιμωρεῖσθαι
1668 3066 1759 3120 τὸν
1794 3065 1914 3134 βια-

2036 3065 2237 3119 talibus
2280 3074 2470 3133 raptus
2518 3067 2850 3122 commissus
2884 3067 2996 3132 sit,
3045 3069 3137 3137 qui
3193 3083 3406 3140 raptum
3443 3076 3592 3140 fecit,

337 3161 597 3231 σάμενον,
659 3159 736 3222 ὡς
784 3160 853 3213 δι’
883 3153 959 3214 ὧν
1026 3158 1144 3228 μεθ’
1186 3156 1368 3217 ὅπλων
1418 3157 1512 3213 ἐπὶ
1555 3158 1656 3227 τὴν
1714 3158 1913 3227 πρᾶξιν

334 3253 639 3322 ἐχώρησεν,
665 3252 769 3307 οὐκ
790 3250 945 3316 ὄντος
974 3249 1144 3307 αὑτοῦ
1194 3251 1291 3308 καὶ
1334 3251 1649 3323 μιαιφονίας
1695 3249 1908 3306 ὰθὼουο

330 3345 458 3406 τοὺς
492 3342 551 3395 δὲ
586 3342 1121 3412 συνεπειλημμένους
1151 3342 1185 3415 ἢ
1217 3342 1524 3407 συνειδότας
1555 3343 1601 3375 ⁷⁸
1635 3344 1669 3414 ἢ
1704 3360 1914 3401 συνεισ-

334 3434 567 3501 άγοντας
595 3433 641 3466 ⁷⁷
700 3433 936 3504 σπουδὴν
984 3432 1130 3504 ῥινὸς
1165 3434 1373 3504 ἐκτομῇ
1418 3434 1513 3490 καὶ
1548 3434 1769 3503 μάστιξι
1817 3434 1913 3490 καὶ

330 3524 556 3595 κουρείᾳ
589 3527 656 3594 τῇ
685 3525 744 3577 ὲν
781 3524 901 3595 χρῷ
928 3524 1331 3596 τιμωρεῖσθαι·
1364 3523 1545 3581 ὃπλων
1573 3524 1632 3579 δὲ
1666 3526 1742 3595 μὴ
1774 3542 1914 3596 συμ-

329 3614 615 3685 παρόντων
650 3616 717 3684 τῇ
752 3614 864 3685 βία,
895 3613 972 3687 μὴ
994 3613 1038 3647 ⁷⁸
1068 3614 1232 3684 μέχρι
1254 3614 1414 3687 φόνου
1443 3614 1543 3683 τὴν
1569 3613 1727 3687 δίκην
1754 3615 1910 3684 ὸρᾷν,

328 3707 404 3769 ὠς
444 3707 566 3760 οὐδὲ
596 3707 695 3776 τῆς
752 3706 1072 3775 μιαιφονίας
1110 3706 1297 3777 χώραν
1343 3704 1601 3776 ἐχούσης,
1639 3705 1776 3759 ἀλλὰ
1818 3705 1911 3759 τὸν

332 3800 430 3869 μὲν
460 3800 728 3870 αὐθέντην
768 3800 868 3868 τῆς
922 3800 1184 3871 ἁρπαγῆς
1241 3801 1323 3863 είς
1369 3799 1553 3871 χειρὸς
1581 3798 1912 3856 κινδυνεύειν

234 3948 237 3951 ,
324 3891 644 3960 ἀποκοπὴν,
682 3892 810 3954 τοὺς
858 3892 915 3947 δὲ
957 3892 1585 3961 συνυπουργησαμένους
1641 3890 1674 3960 ἢ
1715 3908 1909 3944 κοινωο

324 3985 599 4054 νήσαντας
628 3983 803 4046 ἄλλως
852 3983 1069 4054 μάστιξι
1128 3984 1222 4037 καὶ
1255 3983 1479 4053 κουρείᾳ
1504 3982 1597 4039 καὶ
1643 3982 1910 4054 ὑπερορίᾳ

324 4072 424 4142 τὴν
449 4073 608 4143 δίκην
636 4072 1083 4144 εἰσπράττεσθαι.
1120 4073 1257 4143 Περὶ
1310 4074 1414 4143 μὲν
1461 4071 1555 4127 οὖν
1580 4072 1680 4143 τῆς
1713 4074 1794 4135 είς
1844 4072 1909 4125 τὸ

328 4162 491 4232 σῶμα
522 4162 728 4234 ζημίας
757 4157 914 4228 οὗτος
939 4165 1073 4234 ὅρος
1106 4180 1122 4196 ·
1156 4163 1193 4218 ἃ
1228 4163 1276 4219 δ’
1306 4165 1386 4227 είς
1414 4164 1673 4234 χρήματα
1702 4165 1903 4235 ἀφορᾷ,

324 4253 503 4309 ταῦτα
529 4256 592 4308 τὸ
631 4256 1038 4327 άμεταποίητον
1077 4256 1173 4310 καὶ
1224 4255 1447 4323 ἐνεργὸν
1483 4255 1905 4326 συγκεχώρηται

325 4346 519 4416 φέρειν
550 4346 654 4417 τῆς
691 4347 929 4417 ἀρχῆθεν
954 4346 1299 4417 νομοθεσίας.
1346 4346 1508 4403 Ἀλλὰ
1539 4346 1714 4405 ταῦτα
1738 4348 1837 4418 μὲν
1871 4349 1899 4402 ό

2016 3157 2196 3226 gladio
2228 3155 2484 3227 puniatur
2512 3195 2529 3222 ,
2573 3163 2762 3225 utpote
2785 3157 2879 3226 qui
2908 3172 2975 3213 eo
2999 3158 3141 3227 quod
3169 3174 3295 3217 cum
3330 3164 3499 3219 armis
3520 3167 3587 3221 ad

2017 3247 2069 3303 id
2100 3246 2302 3303 factum
2340 3248 2695 3315 processerit,
2732 3264 2910 3318 neque
2949 3250 3019 3304 ab
3045 3249 3343 3308 homicidio
3386 3254 3588 3313 immtlv

2016 3340 2104 3396 nis
2156 3341 2229 3395 sit
2287 3355 2302 3394 :
2363 3339 2457 3409 qui
2520 3355 2649 3395 vero
2711 3341 2991 3409 suppetias
3063 3343 3329 3410 tulerint,
3385 3346 3584 3407 {active

2016 3436 2421 3500 perpetratores
2470 3431 2845 3502 susceperint,
2897 3445 3032 3485 naso
3080 3435 3425 3499 mutilentur,
3461 3452 3586 3493 ver-

2014 3517 2295 3581 berentur,
2328 3527 2383 3573 et
2407 3528 2533 3575 cute
2557 3530 2718 3575 tenus
2738 3521 3086 3577 tomleantur.
3117 3522 3345 3587 Quando
3396 3537 3581 3583 autent

2012 3623 2161 3662 arma
2217 3609 2486 3664 violentia:
2543 3610 2789 3664 adhibita
2847 3626 2954 3664 non
3025 3623 3240 3678 essent,
3308 3623 3369 3670 ut
3430 3633 3584 3673 mor-

2013 3705 2120 3753 tem
2153 3699 2427 3759 sententia
2457 3714 2566 3756 non
2609 3707 2841 3769 spectet,
2872 3702 3020 3771 quod
3079 3719 3272 3773 nempe
3321 3714 3453 3761 tunc
3485 3707 3585 3761 llo-

2011 3789 2294 3847 micidium
2320 3790 2503 3847 locum
2527 3806 2634 3846 non
2664 3791 2916 3847 habuerit
2964 3810 2978 3847 :
3021 3794 3115 3849 sed
3159 3806 3347 3864 raptus
3391 3807 3585 3853 auctor

2011 3897 2208 3938 manus
2234 3881 2443 3953 (57-60)
2471 3881 2811 3937 mutilatione
2829 3884 3194 3952 periclitetur;
3222 3886 3313 3956 qui
3337 3902 3464 3943 vero
3485 3890 3586 3944 mi-

2010 3973 2299 4031 nisterium
2369 3974 2736 4043 przebuerint,
2786 3974 3060 4045 alioquive
3105 3990 3167 4032 se
3211 3978 3303 4033 isti
3354 3979 3434 4037 rei
3478 3979 3585 4034 im-

2011 4063 2361 4129 miscuerint,
2396 4064 2741 4129 verberibus,
2799 4073 3026 4123 tonsura
3086 4076 3142 4123 et
3190 4067 3576 4139 deportatioiw

2010 4168 2203 4224 paruas
2217 4154 2478 4227 pendant.
2509 4158 2590 4209 Ac
2618 4170 2751 4211 sane
2779 4158 3083 4225 corporalis
3112 4173 3287 4227 parua:
3338 4159 3452 4215 haec
3497 4170 3583 4216 est

2008 4247 2306 4318 descriptio
2337 4265 2350 4301 :
2385 4245 2531 4317 quod
2565 4262 2696 4301 vero
2750 4247 2815 4301 ad
2854 4250 3226 4317 pecuniariam
3264 4250 3481 4315 attinet,
3510 4266 3580 4304 ne

2021 4352 2051 4391 a
2082 4336 2358 4405 primitiva
2387 4335 2728 4405 legislatione
2754 4344 3017 4399 mutetur,
3043 4337 3273 4406 ejusque
3324 4337 3576 4393 elIectuin

321 4408 594 4510 ημὲτερος
608 4408 980 4504 ’άποθε“σ’πίζει
1004 4408 1150 4508 πατή
1158 4456 1189 4510 ρ
1210 4454 1227 4470 ·
1256 4408 1336 4502 οἷς
1358 4438 1650 4510 σύμψηφον
1672 4408 1899 4509 γνωμην

2018 4423 2259 4488 retineat,
2277 4424 2617 4494 permittitur
2646 4422 2782 4495 (6|).
2821 4426 2996 4493 Atque
3015 4425 3129 4479 hzec
3161 4425 3385 4496 quidem
3424 4432 3578 4495 pater

323 4529 420 4583 καὶ
447 4531 611 4599 ἡμεῖς
632 4530 1018 4601 ἀναδεχόμενοι
1043 4531 1145 4600 τήν
1175 4547 1236 4582 τε
1265 4530 1323 4582 ἐν
1344 4528 1425 4600 τῷ
1462 4529 1690 4600 παρόντι
1719 4530 1898 4601 καιρῷ

2018 4523 2191 4571 ioster
2216 4516 2418 4580 sancit,
2454 4528 2687 4583 quorum
2740 4522 2795 4569 et
2824 4530 2925 4570 nos
2977 4516 3416 4583 approbatricem
3449 4531 3576 4570 sen-

323 4616 422 4673 καὶ
448 4617 530 4688 τῷ
554 4618 751 4675 ἔπειτα
763 4619 811 4651 τ’
825 4620 994 4690 τιμήν
1011 4635 1072 4673 τε
1098 4618 1193 4677 καὶ
1218 4618 1504 4690 ἐνέργειαν
1520 4622 1589 4691 τῇ
1609 4619 1900 4691 νομοθεσία

2018 4605 2231 4661 .entiam
2293 4605 2687 4675 suscipientes,
2746 4603 3146 4673 legislationem
3210 4605 3354 4658 illam
3411 4613 3467 4660 et
3519 4604 3574 4657 in

320 4708 840 4782 δπισφραγιζόμεθα

2004 4711 2247 4769 praesens
2273 4702 2329 4753 ct
2358 4695 2415 4755 in
2444 4694 2693 4755 futurum
2734 4696 3064 4757 auctoritate
3089 4702 3145 4754 et
3197 4694 3394 4751 ell‘ectu
3417 4693 3571 4751 obsi-

2006 4786 2313 4861 gnavbnus.

1637 4964 1873 5023 VARUS
1914 4964 2321 5025 LECTIONES.

370 5149 420 5183 “
454 5147 646 5203 Zuicli.
680 5156 735 5202 et
768 5147 986 5206 Mearm.
1013 5150 1339 5216 ὑπάγεσθαι.
1424 5150 1468 5183 ⁷⁸
1496 5147 1729 5216 Scrimg.
1752 5144 2024 5216 γενέσθαι.
2111 5144 2159 5216 'f
2184 5143 2358 5201 Codd.
2395 5142 2713 5203 συνειδότος.

2797 5140 2839 5173 ⁷⁷
2870 5142 2947 5196 Ita
2994 5140 3108 5196 Ecl.
3164 5139 3335 5198 Codd.
3395 5138 3572 5197 συνεί-

323 5234 519 5281 σοντας
549 5220 879 5286 ἀγαγόντας.
928 5219 974 5251 ⁷⁸
998 5218 1114 5273 Ecl.
1139 5213 1308 5289 μηδὲ.
1363 5218 1405 5251 ⁷³
1436 5218 1509 5273 Ita
1542 5216 1657 5270 Ecl.
1683 5213 1862 5273 Codd.
1891 5216 1972 5286 τῷ
2007 5217 2087 5279 εἰς
2125 5213 2337 5271 ἔπειτα.

1805 5375 2037 5433 ΝΟΤᾹΣ.

324 5517 532 5587 Novell.
576 5517 674 5573 145
718 5528 773 5574 et
802 5519 927 5583 l50,
960 5519 1033 5575 De
1054 5533 1119 5575 ea
1148 5531 1271 5587 quae
1321 5517 1524 5583 raptori
1577 5531 1682 5572 suo
1708 5516 1886 5584 nubit,

324 5586 587 5651 5,Harm.
613 5587 665 5654 7,
694 5589 842 5644 Clar.
878 5590 931 5653 5,
974 5598 1114 5644 sent.
1151 5586 1177 5658 ς
1218 5588 1444 5656 llaptus.

396 5658 507 5728 {56)
539 5659 599 5711 Ι).
625 5660 661 5713 l.
693 5675 789 5714 un.

2067 5512 2279 5583 (57-60)
2318 5513 2389 5569 De
2438 5526 2638 5568 manus
2692 5509 3035 5567 mutilatione
3090 5509 3155 5564 ad
3226 5506 3362 5564 Nov.
3423 5508 3563 5576 l‘5t,

1996 5596 2045 5637 ο.
2077 5584 2162 5639 13.

2068 5652 2183 5723 (61)
2216 5652 2402 5724 anue
2429 5653 2481 5707 in
2516 5667 2573 5707 re
2601 5652 2737 5707 nilnil
2764 5660 3005 5708 mutatur
3033 5651 3089 5706 d.
3123 5653 3157 5704 l.
3185 5651 3368 5707 unica.
