4062 6202
263 298 364 364 509

1343 305 1716 368 NOVELLiE
1749 306 2432 373 CONSTITU'I‘IONES.

3410 325 3518 390 5I0

258 408 559 480 ἐλευθερίας
602 409 703 474 τὰς
732 408 930 476 ὠδῖνας
966 413 1210 468 ἀπέλυσε
1261 415 1423 480 ⁸⁸,τά
1471 415 1580 470 τῶν
1627 420 1830 485 γονέων

1936 418 2070 473 dore
2121 419 2300 489 ipsutn
2366 432 2543 478 mater
2599 425 2830 495 peperit,
2860 435 3149 496 parentum
3192 431 3517 488 substantia:

257 499 670 570 ιληρονομείτω,
702 502 808 558 κάν
825 520 886 556 τε
922 506 1257 575 ἀμφοτέροις
1285 510 1398 570 τοῖς
1450 508 1672 576 γονεῦσι
1717 508 1829 562 τῶν

250 590 347 658 τῆς
380 591 756 661 αἰχμαλωσίας
796 593 1011 664 δεσμῶν
1039 597 1073 667 ή
1114 597 1267 661 λύσις
1313 599 1604 670 περιέσται
1653 599 1686 670 ἢ
1727 601 1825 671 μὴ,

250 679 347 732 κάν
372 697 432 733 τε
458 681 575 745 ἐνὸς
642 686 1000 756 τετυχηκότος
1017 687 1061 718 ⁹¹
1103 689 1203 759 τῆς
1231 688 1441 753 λύσεως
1501 689 1727 758 θάτερος
1769 692 1829 744 ἐν

247 775 357 836 τοῖς
417 774 636 844 δεσμοῖς
681 779 780 845 τῆς
822 782 1114 848 συμφορᾶς
1166 783 1532 853 καταστρέψει
1569 783 1660 836 τὸν
1691 783 1826 854 βίον,

247 864 344 918 κάν
371 881 434 916 τε
468 867 769 938 ἀμφότεροι
806 872 854 923 οἰ
888 875 1065 939 γονεῖς
1093 876 1152 926 ἐν
1171 877 1236 945 τῇ
1262 875 1614 949 αἰχμαλωσίᾳ
1638 877 1829 930 τελευ-

245 957 480 1022 τήσωσιν
507 970 522 985 °
557 957 608 1009 εἰ
653 957 729 1028 μὴ
783 959 894 1030 ἄρα
941 977 1007 1030 γε
1056 963 1155 1033 τὴν
1208 963 1471 1035 τελευτὴν
1535 967 1829 1039 προφθάσῃ

246 1044 564 1115 διαθέμενος
592 1063 607 1078 ο
643 1049 765 1102 τότε
790 1051 900 1124 γὰρ
923 1054 1111 1106 ἐκεῖνα
1141 1056 1572 1130 κληρονομήσει,
1602 1059 1639 1113 ἃ
1670 1063 1728 1115 ἐν
1759 1063 1826 1133 τῇ

253 1135 414 1206 βουλῇ
441 1138 534 1191 τοῦ
569 1140 889 1211 διαθεμένου
916 1146 1120 1212 γονέως
1158 1150 1362 1214 κεῖται,
1417 1149 1829 1223 φυλαττομένης

243 1228 316 1298 τῷ
361 1230 522 1282 παιδὶ
543 1231 642 1300 τῆς
673 1236 737 1287 ἐκ
760 1235 855 1288 τοῦ
888 1237 1056 1306 νόμου
1090 1243 1491 1311 τετραουγκίου
1545 1243 1824 1314 βοηθείας.

786 1329 1100 1382 ΔΙΑΤΑΞΙΣ
1146 1331 1269 1387 AZ'.

244 1411 379 1479 Περὶ
417 1413 528 1494 τοῦ
567 1416 688 1494 ιὸγ⁸
719 1419 1198 1494 ἐλευθερωθέντα
1249 1425 1479 1481 δοῦλον
1506 1429 1578 1480 οὐ
1633 1428 1828 1494 μόνον

307 1485 462 1564 xaris
495 1494 566 1562 rp
618 1485 775 1564 {1.1.14
827 1485 1055 1564 διάγειν
1106 1495 1472 1564 ἐλευθέρως,
1523 1485 1684 1551 ἀλλὰ
1727 1499 1826 1551 καὶ

308 1553 444 1620 περί
467 1553 588 1607 τῶν
606 1559 838 1613 οἰκείων
867 1553 963 1614 ἐπ’
990 1563 1196 1632 ἀδείας
1224 1553 1391 1634 ἓχὲιν
1415 1553 1823 1623 διατίθεσθαι.

319 1644 378 1698 '0
413 1646 578 1710 αὐτὸς
605 1648 859 1718 βασιλεὺς
896 1656 1170 1727 Στυλιανῷ
1191 1657 1268 1728 τῷ
1298 1659 1471 1731 αὐτῷ.

1934 512 2108 567 haeres
2130 515 2202 567 sit
2239 532 2251 566 :
2281 514 2449 582 idque
2470 516 2590 571 sive
2612 519 2884 575 ambobus
2918 521 3244 588 parentibus
3276 537 3308 577 e
3339 527 3518 593 capti-

1930 605 2116 660 vitatis
2155 609 2391 663 vinculis
2417 609 2637 666 liberari
2655 613 2959 682 continget,
2979 621 3076 666 aut
3099 629 3204 669 non
3224 631 3240 669 :
3259 616 3376 672 sive
3401 616 3516 686 (70)

1930 711 2056 752 cum
2125 715 2270 755 unus
2322 717 2516 755 eorum
2575 702 2885 758 libertatem
2936 714 3132 762 nactus
3167 707 3260 768 sit.
3289 708 3432 763 alter
3461 710 3516 762 in

1931 789 2266 845 calamitatis
2325 777 2582 848 vinculis.
2609 793 2778 848 vitam
2839 795 3043 850 finiet:
3105 797 3222 853 sive
3278 799 3520 870 denique

1933 889 2160 951 uterque
2183 897 2386 953 parens
2413 888 2468 940 in
2499 887 2816 956 captivitate
2850 889 3138 953 morietur,
3173 897 3330 945 extra
3351 907 3518 962 quam

1932 975 1977 1028 si
2013 983 2243 1032 mortem
2297 984 2631 1034 testamento
2654 982 2942 1037 condendo
2976 983 3332 1052 praeveniant.
3361 984 3518 1039 'I‘une

1930 1069 2074 1122 enim
2106 1070 2182 1124 illi
2218 1086 2358 1141 quos
2414 1080 2647 1128 testator
2697 1076 2957 1139 voluerit,
3013 1075 3256 1130 ltaeredcs
3306 1087 3516 1132 erunt:

1931 1169 2112 1216 tamen
2139 1171 2198 1217 ut
2229 1165 2460 1221 trientis
2498 1166 2803 1238 legitimum
2842 1167 3152 1223 subsidium
3191 1167 3304 1222 ﬁlio
3326 1184 3517 1225 serve-

1931 1261 2039 1306 tur.
2157 1313 2188 1340 η

2317 1348 2784 1406 CONSTITUTIO
2855 1351 3125 1408 XXXVII.

1933 1441 1997 1497 Ut
2027 1442 2229 1497 domini
2295 1425 2608 1496 testamento
2655 1446 3039 1507 ntanumissus,
3083 1448 3132 1498 si
3193 1449 3350 1502 illum
3420 1451 3516 1504 de-

1997 1515 2215 1590 cessisse
2268 1516 2574 1590 aditumque
2620 1514 2715 1582 jus
2750 1514 3114 1569 ltwreditatem
3156 1533 3269 1573 esse
3292 1522 3516 1590 ignoret,

2002 1585 2186 1636 testari
2213 1585 2383 1653 possit
2417 1585 2550 1653 (71).
2744 1592 2747 1595 ’

1999 1675 2145 1729 Idem
2185 1675 2488 1746 imperator
2523 1676 2699 1731 eidem
2737 1677 3006 1749 Styliano.

306 1739 422 1792 Καὶ
447 1740 527 1810 τῷ
544 1743 770 1812 παρόντι
792 1746 942 1818 νόμῳ
958 1748 1257 1804 ἐλλείποντι
1279 1751 1416 1822 πρὸς
1443 1753 1652 1808 τελείαν
1671 1755 1832 1809 κατά-

2007 1766 2273 1822 Praesenti
2294 1767 2462 1822 etiam
2506 1768 2612 1838 legi
2655 1772 2812 1840 plena
2843 1773 3190 1832 absolutione
3223 1777 3515 1842 deﬁcienti,

244 1845 436 1882 στασιν
447 1832 584 1904 ὅπερ
599 1835 739 1889 ἐνδεῖ
761 1837 951 1892 τούτου
968 1844 1033 1910 τῇ
1063 1842 1349 1914 προσθήκῃ
1373 1845 1434 1896 τὸ
1451 1845 1662 1914 πρέπον
1681 1845 1830 1916 αὑτῷ

240 1922 494 1976 ἀποδιδόα
503 1942 602 1994 μεν
631 1929 982 2000 σχῆμα.Φησὶ
993 1932 1170 1985 τοίνυν
1185 1935 1311 2005 περὶ
1326 1935 1536 1988 οἰκέτου
1550 1937 1608 1991 ἐν
1638 1937 1832 1991 δεσποο

242 2017 358 2083 τικῇ
389 2016 558 2069 αὑτοῦ
571 2017 898 2073 διατυπώσει
929 2024 1238 2093 ὁρισθέντος
1262 2026 1574 2098 ἐλευθερίας
1602 2030 1832 2103 ἀξιωθῆο

239 2107 680 2174 ναι,ἀγνοοῦντος
708 2111 840 2165 δὲτὸ
861 2114 1136 2185 διάταγμα
1161 2119 1355 2172 καὶδιά
1377 2121 1536 2174 τοῦτο
1546 2122 1830 2192 λογισμοῖς

237 2197 348 2268 ἀμφ
357 2199 563 2263 ιϐὁλοις
579 2203 890 2274 ἐλευθερίας
905 2208 1286 2279 ἀντεχομένου,
1301 2211 1436 2276 τέως
1452 2213 1550 2282 μὲν
1565 2214 1830 2286 μηδαμῶς

239 2291 404 2344 αὑτὸν
432 2293 522 2344 διὰ
546 2293 643 2364 τὴν
673 2295 896 2364 ἄγνοιαν
926 2300 1023 2370 τῆς
1048 2301 1362 2374 ἐλευθερίας
1385 2307 1826 2378 ἀποστερεῖσθαι,

238 2381 366 2435 ἀλλά
401 2381 610 2451 διάγειν
626 2388 787 2440 αὑτὸν
809 2390 1477 2461 ἐλευθέρως,διατίθεσθαι
1495 2399 1552 2452 δὲ
1569 2399 1730 2452 αὐτὸν
1753 2399 1830 2463 ὡς

237 2473 528 2544 ἐλεύθερον
544 2477 631 2528 ἐπ’
648 2477 736 2531 ἀδε
748 2477 829 2542 ἰας
846 2479 922 2552 μὴ
938 2480 1081 2552 ἐχειν
1095 2499 1110 2514 ’
1130 2479 1242 2539 οἷον
1256 2489 1554 2556 μεταγνοὺς
1573 2489 1732 2560 μέχρι
1748 2489 1829 2542 τέ-

236 2564 354 2629 λους
383 2567 454 2637 ἢν
471 2567 687 2623 δίδωσιν
703 2571 1015 2644 ἐλευθερίαν
1031 2576 1184 2647 αὑτῷ
1205 2583 1478 2650 παρεῖναι.
1498 2583 1589 2652 Μὴ
1620 2581 1828 2652 γάροῦ-

236 2673 329 2727 σης
348 2659 612 2725 ἐξουσίας
645 2661 721 2727 ὡς
745 2663 1013 2738 ἐλευθέρῳ
1033 2669 1362 2724 διατίθεσθαι
1388 2672 1456 2725 τὰ
1489 2676 1681 2738 οἰκεῖα,
1712 2675 1831 2740 πῶς

235 2749 348 2819 οὐχὶ
407 2751 574 2805 πάλιν
622 2755 760 2825 πρὸς
807 2756 905 2827 τὴν
955 2761 1228 2832 προτέραν
1267 2764 1529 2834 ἐπανήξει
1556 2765 1828 2834 δουλείαν;

313 2841 518 2911 Ἡμεῖς
545 2840 639 2898 οὖν
671 2864 873 2917 φαμεν,
905 2852 1203 2926 ἐπειδήπερ
1233 2855 1386 2921 τάξιν
1416 2859 1510 2911 καὶ
1556 2859 1830 2932 διαγωγὴν

238 2931 538 3004 ἐλευθέραν
556 2937 832 3008 παρέσχεν
863 2941 891 2991 ὁ
921 2941 1106 3014 νόμος,
1133 2947 1229 2998 καὶ
1257 2947 1326 3000 τά
1356 2947 1490 3001 ἄλλα
1519 2931 1832 3021 παρέξεινά

237 3029 299 3097 τῇ
332 3026 634 3101 ἐλευθερίᾳ.
678 3031 992 3089 συνέπεται.
1027 3034 1090 3088 Εἰ
1117 3037 1226 3105 γάρ
1257 3039 1489 3095 κωλύειν
1529 3043 1692 3096 αὑτὸν
1724 3044 1832 3097 ἔδει

238 3120 301 3170 τά
349 3120 472 3173 τῶν
529 3122 836 3196 ἐλευθέρων
873 3127 1158 3198 πράττειν,
1191 3131 1244 3183 τί
1301 3132 1399 3203 τὴν
1443 3133 1757 3206 ἐλευθερίαν
1784 3137 1830 3168 ⁸⁸
1858 3115 1902 3174 C

238 3209 331 3262 οὐκ
399 3211 726 3280 ἐκώλυσεν;
788 3215 947 3270 Ἀλλά
1017 3219 1223 3273 τούτων
1265 3222 1415 3288 ἄξιον
1479 3224 1680 3295 κρίνων
1731 3226 1778 3258 ’³
1814 3265 1830 3291 ,

240 3301 351 3365 πῶς
413 3305 544 3373 οὐχὶ
599 3306 872 3362 κάκείνων
927 3310 1152 3376 ἀξιώσει
1210 3313 1320 3367 τῶν
1378 3318 1745 3387 πραγμάτων,
1797 3317 1834 3372 ἃ

240 3393 411 3444 ποιεῖν
427 3391 643 3462 κυρίως
655 3393 703 3426 ⁸⁸
721 3393 834 3465 ἔχει
847 3395 906 3449 τὸ
928 3397 1028 3468 τῆς
1044 3399 1357 3472 ἐλευθερίας
1378 3404 1600 3474 ἀξίωμα
1615 3422 1630 3470 ;
1648 3405 1834 3459 Ἔστω

237 3487 540 3558 τοιγαροῦν
580 3491 608 3542 ὀ
665 3491 1107 3564 ήλευθερωμένος
1146 3497 1362 3568 ἀληθῶς
1408 3499 1709 3571 ἐλεύθερος.
1737 3502 1834 3554 καὶ

237 3581 574 3634 ὃιατιθέσθω
595 3585 724 3654 περὶ
754 3585 860 3639 τῶν
890 3587 1137 3655 οἰκείων,
1167 3589 1268 3642 ὅσα
1297 3590 1594 3661 δεσποτικὴ
1636 3591 1832 3660 γνώμη

239 3673 445 3727 ῑδωκεν
505 3675 658 3728 αὑτῶ
720 3679 1066 3750 ἁναφαίρετα
1098 3721 1113 3745 ,
1173 3682 1250 3745 ὡς
1306 3682 1372 3736 ἂν
1429 3683 1672 3753 βούλοιτο
1721 3683 1835 3736 δια-

237 3765 516 3820 τίθεσθαι.
575 3769 652 3819 οὐ
719 3769 829 3841 γὰρ
888 3772 1098 3844 πρέπον
1140 3777 1198 3827 ἐν
1238 3775 1318 3844 τῷ
1385 3775 1605 3846 φανερῷ
1666 3776 1834 3848 τιμὴν

237 3858 332 3927 τῆς
383 3858 715 3930 ἐλευθερίας
743 3861 978 3918 λαϐόντα
1007 3864 1074 3917 δι’
1102 3865 1372 3936 ὑπόληψιν
1407 3867 1602 3938 ἄδηλον
1631 3868 1832 3939 ἀτιμά-

239 3948 434 4015 ζεσθαι
471 3951 690 4006 καὶτοῦ
719 3954 1022 4010 διατιθέναι
1049 3958 1440 4031 ἀπείργεσθαι.

813 4135 1124 4189 ΔΙΔΤΑΞΙΣ
1155 4138 1288 4194 ΛΗ’.

1933 1857 2054 1926 ejus
2082 1859 2229 1929 quod
2262 1860 2418 1916 deest
2451 1861 2736 1918 additione
2781 1865 3038 1921 decoram
3072 1868 3302 1924 formam
3339 1871 3518 1941 impo-

1931 1951 2136 2005 nimus.
2195 1952 2288 2006 Ait
2350 1962 2532 2008 autem
2565 1954 2702 2025 (γε).
2763 1973 2980 2012 servum
3015 1962 3109 2029 qui
3157 1977 3281 2016 cum
3309 1963 3518 2018 domini

1932 2043 2019 2097 sui
2072 2050 2402 2099 testamento
2469 2045 2608 2100 liber
2659 2063 2784 2103 esse
2826 2051 3019 2118 jussus
3065 2055 3161 2115 sit,
3189 2053 3242 2108 id
3277 2055 3518 2124 ignorat,

1934 2133 2166 2203 ideoque
2225 2135 2453 2192 incertis
2523 2139 2833 2195 rationibus
2921 2143 3230 2199 libertatem
3281 2145 3517 2208 obtinet.

1933 2224 2144 2280 interea
2198 2241 2547 2297 nequaquam
2584 2241 2806 2301 propter
2846 2232 3212 2302 ignorantiam
3268 2237 3520 2292 libertate

1932 2314 2165 2384 privari,
2197 2317 2293 2370 sed
2323 2317 2378 2370 in
2413 2317 2668 2374 libertate
2697 2321 2880 2376 vivere
2917 2340 2930 2376 :
2967 2331 3024 2376 ut
3051 2333 3235 2378 autem
3257 2335 3519 2394 tanquam

1934 2404 2070 2460 liber
2113 2413 2363 2472 testetur,
2402 2409 2579 2478 ipsum
2609 2419 2932 2480 potestatem
2959 2430 3068 2469 non
3096 2416 3332 2471 habere:
3361 2419 3519 2487 quasi

1932 2496 2190 2552 videlicet
2241 2499 2390 2553 illam
2448 2504 2733 2570 pmniteat,
2794 2520 2960 2574 quam
3005 2506 3314 2562 libertatem
3345 2508 3518 2573 dedit,

1933 2585 2076 2641 lianc
2114 2588 2217 2658 ipsi
2250 2599 2519 2660 perpetuo
2602 2606 2938 2664 competere.
2995 2597 3132 2652 Cum
3165 2601 3311 2651 enim
3343 2599 3420 2652 illi
3461 2607 3522 2653 ut

1932 2680 2110 2736 libero
2143 2683 2212 2738 de
2244 2684 2408 2739 rebus
2445 2687 2561 2743 suis
2591 2689 2832 2744 testandi
2861 2689 3092 2745 facultas
3121 2706 3228 2745 non
3265 2691 3360 2758 sit,
3381 2706 3522 2763 quo-

1935 2771 2102 2827 modo
2127 2787 2235 2827 non
2266 2775 2334 2829 ad
2355 2777 2646 2846 pristinam
2681 2781 2996 2836 servitutem
3031 2782 3204 2838 redit?

2001 2861 2116 2919 Nos
2140 2864 2328 2934 itaque
2367 2865 2631 2934 dicimus,
2683 2878 3042 2940 posteaquam
3111 2873 3344 2943 gradum
3405 2883 3523 2929 sta-

1935 2964 2162 3026 tumque
2190 2957 2314 3010 vitte
2355 2959 2594 3014 liberum
2627 2964 2864 3030 praebuit
2893 2965 2999 3029 lex,
3039 2965 3187 3018 illam
3213 2967 3378 3020 etiam
3410 2967 3522 3037 ('73)

1935 3047 2040 3100 alia
2071 3063 2194 3117 qua:
2237 3049 2548 3106 libertatem
2576 3054 2932 3117 comitantur,
2967 3055 3349 3123 praebituram.
3384 3055 3520 3110 Nam

1937 3136 1982 3192 si
2009 3139 2186 3207 ipsum
2231 3140 2412 3194 facere
2479 3158 2601 3212 qua:
2636 3143 2954 3198 hominibus
3015 3144 3208 3198 liberis
3255 3144 3522 3201 duntaxat

1938 3230 2126 3297 licent,
2174 3232 2471 3301 prohibere
2502 3235 2816 3304 oportebat,
2850 3235 2970 3304 ipsa
3007 3251 3139 3290 vero
3175 3235 3226 3288 id
3257 3252 3365 3290 non
3393 3254 3522 3306 pru-

1938 3319 2136 3380 Iiibuit.
2161 3321 2254 3376 sed
2274 3321 2500 3393 dignum
2523 3323 2674 3377 illum
2695 3323 2786 3393 qui
2808 3324 3000 3380 islltaac
3034 3325 3478 3396 faciatjudicavit
3505 3347 3518 3382 :

1935 3427 2110 3480 quare
2139 3411 2271 3467 item
2311 3413 2436 3468 istis
2469 3414 2786 3470 actionibus
2826 3431 2947 3486 qut-.1:
2979 3417 3199 3486 proprie
3253 3417 3522 3472 libertatis

1935 3498 2190 3568 dignitati
2225 3513 2572 3572 competunt,
2609 3504 2760 3557 illum
2811 3521 2922 3560 non
2979 3507 3334 3576 dignabitur?
3389 3507 3522 3562 Esto

1934 3587 2106 3658 igitur
2140 3589 2393 3644 libertate
2447 3592 2710 3656 donatus,
2745 3608 2932 3646 revera
2983 3594 3144 3659 liber,
3184 3597 3522 3666 statuitoque

1935 3681 2005 3735 de
2040 3681 2203 3736 rebus
2238 3696 2379 3753 quas
2410 3683 2487 3737 illi
2515 3685 2777 3741 dominus
2823 3687 3056 3744 eximias
3088 3689 3259 3754 dedit,
3292 3703 3522 3760 quorun-

1937 3774 2235 3841 dorunque
2292 3775 2472 3830 visum
2521 3777 2615 3832 sit.
2661 3775 2781 3832 Non
2822 3781 2980 3834 decet
3019 3781 3196 3849 enim,
3234 3791 3291 3836 ut
3325 3784 3418 3853 qui
3451 3783 3521 3836 Ii-

1940 3865 2170 3922 bcrtatis
2228 3866 2549 3938 dignitatem
2588 3871 2881 3926 manifeste
2925 3873 3161 3942 accepit,
3192 3874 3264 3928 ob
3296 3873 3407 3945 (74)
3437 3873 3523 3927 in-

1937 3966 2145 4012 certam
2196 3961 2572 4028 suspicionem
2622 3964 2922 4034 ignominia
2954 3964 3243 4031 alliciatur,
3299 3975 3522 4037 atquea

1937 4048 2192 4106 testando
2225 4059 2500 4106 arceatur.

2329 4142 2803 4201 CONSTITUTIO
2828 4146 3124 4204 XXXVIII.

240 4224 380 4311 Περὶ
418 4223 534 4312 Eoi;
546 4225 701 4312 ξοᾲς
726 4227 1284 4312 ,βασιλέωςοίκέτας
1302 4231 1435 4312 περὶ
1459 4231 1575 4288 τῶν
1603 4235 1832 4312 οἰκείων

1944 4232 2013 4287 Ut
2059 4234 2394 4303 imperatoris
2423 4238 2540 4312 _(_75)
2599 4241 2844 4296 servitte
2890 4245 3042 4296 rebus
3093 4243 3203 4298 suis
3259 4247 3520 4312 quomodo

306 4297 390 4368 ᾡς
417 4293 502 4347 ἂν
526 4295 879 4358 ,βούλωνται
914 4293 1148 4368 ὁρίζειν,
1192 4293 1414 4368 ζῶντάὶ,⁵
1461 4320 1526 4358 τε
1575 4304 1675 4358 καί
1728 4306 1838 4360 τὸν

300 4365 459 4426 ,βίον
485 4368 930 4434 καταλύοντας.

322 4457 386 4510 ὐ
417 4457 588 4519 αὐτὸς
626 4458 884 4528 βασιλεὺς
937 4463 1212 4537 Στυλιανῷ
1239 4465 1319 4536 τῷ
1348 4465 1517 4537 αὐτῷ.

324 4550 488 4619 Ἐμοὶ
516 4550 670 4604 δοκεῖ
695 4555 789 4606 καὶ
812 4553 973 4607 τοῦτο
996 4555 1283 4623 πλεονεξία
1303 4575 1386 4621 τις
1411 4553 1571 4623 εἰναι,
1603 4559 1652 4611 εἰ
1671 4558 1838 4612 καὶτὸ

2355 4307 2542 4375 velint,
2569 4318 2803 4362 statuere
2851 4314 3077 4380 possint.

1868 4447 1914 4502 D
2012 4461 2158 4516 Idem
2197 4461 2498 4532 imperator
2535 4464 2711 4519 eidem
2735 4463 3006 4534 Styliano.

2011 4555 2128 4608 Hoc
2156 4568 2394 4623 quoque,
2433 4569 2744 4626 quanquam
2781 4556 3125 4626 plausibilem
3153 4571 3263 4627 pra
3296 4572 3357 4613 se
3393 4575 3521 4629 spe-

240 4643 487 4712 πρᾶγμα
524 4645 717 4713 σχῆμα
767 4647 1131 4718 εὐπρόσωπον
1159 4649 1450 4704 ὑποδύεται
1493 4649 1594 4719 τὴν
1630 4651 1694 4702 ἐκ
1741 4647 1832 4702 τοῦ

1941 4647 2081 4702 ciem
2112 4646 2364 4718 (legalem
2418 4662 2615 4718 nempe
2656 4648 3084 4718 ordinationem)
3121 4647 3281 4714 lerat,
3349 4650 3521 4720 usqui-

243 4735 416 4803 νόμου
452 4736 732 4802 διάταξιν.
763 4739 909 4807 λέγω
935 4740 1000 4810 δὴ
1033 4740 1095 4794 τὺ
1141 4741 1216 4813 μὴ
1245 4744 1360 4805 τοῖς
1395 4741 1640 4806 οἰκέταις
1658 4758 1839 4812 παρα-

243 4829 453 4898 χωρεῖν
484 4827 622 4900 περὶ
674 4828 784 4882 τῶν
816 4830 1037 4883 οἰκείων
1093 4832 1435 4903 πραγμάτων
1476 4831 1836 4896 διατίθεσθαι,

1939 4748 2110 4794 tatem
2148 4739 2281 4794 mihi
2317 4747 2499 4794 tamen
2551 4740 2823 4796 excedere
2879 4741 3128 4808 videtur;
3169 4741 3294 4796 dico
3315 4751 3519 4807 autem,

1939 4832 2086 4903 quod
2111 4833 2290 4889 servis
2317 4833 2388 4889 de
2416 4833 2581 4888 rebus
2605 4834 2724 4889 suis
2747 4842 2993 4890 statuere
3018 4848 3127 4889 non
3150 4834 3520 4904 permittitur;

1545 4964 1780 5028 νωιιῶ
1817 4964 2228 5022 LECTIONES.

247 5136 399 5182 runt.
477 5124 530 5159 ⁵⁸
555 5125 734 5181 Codd.
752 5124 984 5197 κρίνειν.

294 5057 343 5089 u
374 5056 597 5143 stepftz‘
618 5063 674 5143 et
695 5055 879 5143 βεγιν
914 5055 1190 5143 supplent,
1216 5057 1252 5120 ἡ
1283 5056 1580 5143 bima-"fl
1609 5055 1724 5143 Ecl.
1761 5057 2259 5143 ἐντρζηκότος.“⁹ξ²
2273 5055 2518 5143 iarbas!
2533 5058 2640 5143 sint
2673 5057 2853 5139 ἐλευθ.
2881 5059 3032 5143 apud
3056 5060 3285 5143 Scrimg.
3307 5063 3524 5143 excide-

476 5072 575 5159 pn.
618 5072 674 5110 et
697 5072 879 5127 agyt.,
914 5072 1190 5183 sup&ent,
1216 5072 1252 5120 η
1283 5072 1488 5179 μήτηρ.
1524 5072 1580 5138 ,τι
1609 5072 1724 5110 net.
1761 5072 2137 5127 εντυχηκοτος.
2194 5072 2241 5089 ’³
2279 5072 2450 5140 verba
2465 5072 2518 5112 τι
2543 5072 2640 5128 την
2673 5072 2853 5139 esset):
2881 5072 3024 5129 apud
3056 5072 3285 5143 Scrimg.
3307 5079 3379 5118 exi

505 5124 530 5157 ³
555 5125 734 5181 Codd.
757 5128 984 5197 κρίνειν.
1085 5126 1184 5183 ek:
1209 5143 1279 5198 κρ
1306 5144 1435 5182 νων.
1453 5125 1751 5196 Αἰιικρίνει
1779 5126 1864 5180 vel
1887 5126 2092 5195 ἔκρινε.
2141 5127 2189 5160 ’δ
2222 5125 2414 5184 Zutcb.
2447 5138 2502 5184 et
2531 5127 2753 5184 Heertn.
2775 5145 2964 5200 κυρος.
2991 5129 3144 5186 Haud
3177 5141 3379 5206 mepte.

1787 5233 2015 5292 NOTAE.

318 5330 435 5401 (70)
470 5327 542 5384 Et
565 5330 671 5386 hoc
700 5327 962 5398 adjicitur
991 5328 1048 5384 d.
1080 5327 1119 5384 l.
1148 5329 1202 5392 ἰ,
1250 5327 1387 5384 Cod.
1453 5327 1528 5386 De
1593 5331 1841 5402 postlini.

473 5472 542 5596 Et
561 5471 657 5596 litai
679 5471 981 5541 abrogatur
1009 5468 1048 5524 ι.
1077 5467 1167 5533 14,
1199 5465 1256 5521 Β.
1283 5466 1390 5534 Qui
1416 5476 1546 5525 test.

421 5550 440 5611 )
522 5581 539 5597 .
585 5584 598 5596 .
671 5581 686 5595 .
1381 5608 1392 5612 -

421 5550 686 5611 )υ.ι.ι.

325 5608 440 5682 (73)
474 5613 614 5666 Data
649 5611 921 5682 libertate,
954 5620 1076 5682 qua:
1113 5608 1434 5682 necessario
1486 5623 1843 5682 consequuti:

256 5675 350 5750 tur
371 5675 720 5750 libertatem,
774 5681 904 5735 data
937 5675 1104 5732 etiam
1161 5678 1443 5743 videntur,
1472 5692 1587 5750 arg.
1620 5675 1756 5743 l.'2,
1787 5675 1842 5731 n‘.

258 5746 337 5804 De
363 5749 646 5820 iurisdiet.

2018 5325 2128 5407 (74)
2157 5324 2234 5407 E_a
2263 5325 2408 5407 .l'uit-
2427 5327 2571 5407 ratio
2619 5327 2941 5407 decidendi
2967 5333 3264 5402 veteribus,
3318 5334 3387 5392 de
3413 5352 3522 5407 qua

1941 5395 2074 5475 v_id_.‘
2096 5397 2149 5475 Ι..
2175 5397 2230 5460 4,
2263 5398 2354 5475 in_
2378 5396 2502 5475 θη).-
2533 5399 2570 5475 |_.
2619 5399 2804 5475 15,31".
2823 5400 2943 5475 ,θυι
2990 5395 3312 5461 testamenta
3345 5424 3358 5460 :
3392 5395 3444 5462 Ι.’
3469 5411 3522 5475 I,

1947 5463 2003 5519 II.
2032 5464 2299 5542 Igenlegat.
2332 5464 2658 5542 5;_lilpian.
2692 5463 2786 5542 20,
2817 5463 2968 5542 5⁷⁷11.

2023 5532 2240 5616 (7_5)-A'd
2268 5532 2523 5616 eumdem
2567 5532 2801 5616 modum
2817 5532 2970 5616 oliui
2994 5545 3170 5600 servis
3193 5547 3378 5616 populi
3417 5546 3524 5603 Ro-

1950 5607 2098 5662 mani
2133 5606 2324 5687 testari
2339 5606 2532 5687 licuit.
2567 5609 2692 5687 Ulp.
2728 5609 2820 5687 20,
2851 5606 3526 5687 iti_(itt._servis-private-

1952 5689 2071 5800 rimi
2093 5675 2469 5799 iutacivitatis
2499 5694 2610 5735 non
2640 5675 2819 5750 licuit,
2849 5682 2888 5738 l.
2913 5681 3002 5751 I6,
3038 5683 3075 5739 I.
3103 5686 3193 5758 Π,
3217 5675 3300 5743 1ΐὶ
3319 5687 3422 5758 Qui
3453 5699 3528 5743 te-

1952 5762 1978 5800 s
2005 5759 2090 5799 ain
2128 5759 2144 5798 t
2228 5781 2244 5798 .

1951 5759 2244 5803 Statneuta.
