4062 6202
506 318 615 388 515

1660 312 1933 373 LEONIS
1968 311 2423 371 PHILOSOPHI

3632 312 3734 375 516

497 432 637 501 ipsis
658 427 1053 495 decreverunt,
1075 437 1264 479 verum
1296 423 1457 476 etiam
1490 420 1601 489 (87)
1627 421 1798 489 ipsam
1836 419 2065 489 captivi-

2184 419 2353 488 ξτερον
2385 418 2484 487 τὴν
2518 415 2895 488 αἰχμαλωσίαν
2925 415 3272 469 ἐπιτείνουσι.
3312 417 3436 481 Πῶς
3474 417 3580 487 γὰρ
3618 420 3743 487 ουχὶ

492 532 657 577 tatem
690 521 796 574 alio
827 517 985 573 modo
1009 516 1325 570 intendunt.
1350 512 1635 578 Quomodo
1665 512 1808 564 enim
1840 525 2058 564 rursum

490 614 610 668 illos
641 611 693 664 in
752 609 1118 678 captivitatem
1176 620 1282 657 non
1338 602 1583 656 ducunt?
1648 610 1741 654 aut
1790 600 2064 668 quomodo

491 706 694 758 malum
735 700 1217 767 irrecrcabilisque
1250 697 1474 749 tristi-tia
1506 710 1612 747 non
1647 695 1968 761 adaugetur,
2010 700 2065 743 et

492 800 666 846 morte
732 790 1067 843 acerbiorem
1136 787 1189 839 iu
1263 785 1427 837 corde
1501 785 1747 851 captivus
1821 796 2064 836 circum-

495 883 674 935 terens
702 879 975 937 aculeum,
1004 876 1167 929 rebus
1191 874 1400 927 excedit
1425 874 1697 936 luunauis,
1719 871 1937 941 quando
1958 885 2066 923 non

494 972 668 1024 solum
704 970 757 1022 in
793 968 1108 1036 captivitate
1124 966 1290 1019 vitam
1312 964 1449 1025 linit,
1482 979 1665 1017 verum
1693 963 1854 1017 etiam
1883 962 1929 1017 si
1957 976 2064 1031 qua

494 1061 633 1129 apud
653 1058 991 1112 contribules
1014 1057 1153 1109 bona
1179 1056 1360 1114 habet.
1384 1055 1450 1107 de
1479 1054 1563 1107 his
1582 1054 1660 1106 illi
1693 1052 2065 1107 constituendi

494 1159 737 1220 potestas
756 1163 862 1201 nou
893 1155 995 1211 est,
1015 1147 1107 1199 sed
1131 1146 1247 1200 suis
1272 1146 1435 1199 rebus
1462 1152 1721 1213 tanquam
1753 1144 1949 1198 alienis
1972 1158 2067 1197 ex-

493 1242 717 1311 pellitur
753 1255 768 1291 :
802 1246 856 1293 ct
912 1252 1032 1304 qua:
1071 1237 1189 1291 suis
1256 1236 1533 1289 laboribus
1587 1236 1885 1303 quaesierit,
1939 1249 2068 1303 pro-

492 1345 597 1397 que
624 1328 823 1396 quibus
862 1335 1117 1394 suscepto
1150 1326 1393 1393 periculo
1422 1326 1475 1378 in
1529 1326 1859 1393 captivorum
1898 1325 2068 1378 intor-

492 1419 705 1470 tunium
747 1417 958 1477 incidit,
991 1416 1059 1467 ab
1095 1416 1286 1467 horum
1348 1414 1757 1483 dispensatione
1815 1416 2070 1484 ejicitur?

492 1506 778 1573 Quomodo
802 1507 950 1568 item,
977 1508 1019 1557 si
1043 1519 1181 1573 quos
1198 1506 1533 1558 necessarios
1562 1507 1806 1573 captivus
1826 1505 1985 1559 habet
2011 1515 2071 1559 ut

494 1599 719 1659 liberos,
744 1610 988 1657 uxorem,
1010 1593 1328 1652 fratres.aut
1348 1596 1503 1659 alios,
1522 1612 1661 1665 quos
1674 1596 1739 1649 ad
1758 1597 1929 1665 ipsius
1959 1597 2070 1649 ha:-

496 1689 783 1742 reditatem
819 1686 902 1739 lex
933 1692 1111 1750 vocat,
1140 1686 1175 1738 ii
1208 1701 1315 1740 non
1342 1687 1591 1741 similiter
1621 1702 1808 1740 omnes
1826 1687 2071 1741 obversis

2168 509 2393 571 τούτους
2428 510 2588 562 πάλιν
2638 507 3129 578 αἰχμαλωτίζουσιν
3160 524 3171 571 ;
3228 507 3259 576 ἢ
3309 507 3425 570 πῶς
3456 508 3555 561 οὐκ
3590 508 3746 573 αὒξε-

2169 618 2257 655 ται
2310 601 2369 653 τὺ
2419 600 2591 653 δεινὸν
2649 601 2742 651 καὶ
2790 599 2951 666 ἄλγος
3000 598 3452 665 ἀπαραμύθητον,
3502 600 3596 651 καὶ
3648 599 3743 652 τοῦ

2172 693 2402 746 θανάτου
2457 692 2680 761 κέντρον
2735 688 3136 757 ἐπωδυνότερον
3193 690 3333 761 κξ.τὰ
3372 691 3469 757 τῆς
3516 690 3748 760 καρδίας

2172 782 2514 850 αἰχμάλωτος
2561 780 2742 849 φέρων
2790 779 2976 831 ἄπεισι
3025 779 3133 830 τῶν
3185 779 3560 850 ἀνθρωπίνων,
3616 781 3748 833 ὅταν

2170 874 2228 923 ού
2296 872 2453 940 μόνον
2512 871 2570 922 ἐν
2643 870 2987 939 αἰχμαλωσίᾳ
3046 872 3396 939 καταστρέψῃ
3452 870 3543 922 τὸν
3592 870 3745 939 βίον,

2174 963 2430 1015 ἀλλὰκαὶ
2483 962 2538 1013 εί
2582 980 2704 1016 τινα
2756 962 2813 1013 ἐν
2866 963 2976 1022 τοῖς
3030 961 3322 1029 ὁμοφύλοις
3378 955 3516 1013 οἶδεν
3564 961 3748 1029 ἐαυτῷ

2176 1053 2482 1121 προσοῦσαν
2518 1052 2771 1122 ὓπαρξιν,
2820 1053 2948 1120 περὶ
2986 1052 3185 1119 ταύτης
3217 1052 3316 1103 οὐκ
3350 1051 3462 1103 ἔστι
3495 1052 3750 1121 βουλεύε-

2176 1145 2299 1196 σθαι
2348 1145 2556 1212 κύριος,
2601 1145 2715 1197 ἀλλ’
2768 1142 3050 1205 ἐξωθεῖται
3096 1143 3205 1194 τῶν
3244 1144 3457 1195 οίκείων
3491 1144 3565 1204 ὡς
3596 1143 3752 1195 ἀλλο-

2174 1234 2358 1303 τρίων,
2389 1234 2484 1286 καὶ
2534 1234 2642 1285 τῶν
2689 1234 2873 1294 πόνοις
2923 1233 3142 1295 οἰκείοις
3192 1233 3498 1302 κτηθέντων
3543 1236 3641 1303 τῆς
3669 1235 3754 1285 οἱ·

2177 1324 2434 1392 κονομίας
2498 1324 2858 1387 ἐκϐάλλεται,
2921 1317 2996 1377 ὦν
3057 1326 3261 1385 ἐκεῖνος
3315 1323 3755 1391 προκινδυνεύων

2176 1418 2255 1477 εἰς
2312 1415 2379 1466 τὰ
2422 1415 2532 1467 τῶν
2587 1416 2933 1485 δορυλήπτων
2992 1415 3229 1483 κατέστη
3268 1414 3457 1479 δεινάς
3516 1414 3640 1477 Πῶς
3665 1416 3753 1476 δὲ,

2176 1505 2228 1555 εί
2253 1504 2392 1563 τινές
2418 1506 2521 1556 εἰσι
2541 1504 2618 1572 τῷ
2654 1503 2983 1573 αἰχμαλώτῳ
3014 1505 3154 1555 κατὰ
3177 1504 3331 1570 γένος
3370 1503 3753 1572 διαφέροντες,

2176 1593 2207 1660 ἢ
2240 1594 2402 1646 τέκνα
2443 1596 2475 1663 ἢ
2521 1594 2721 1664 γυνὴῆ
2759 1594 2959 1663 ἀδελφὴ
2989 1593 3021 1662 ἢ
3052 1594 3231 1664 ἕτεροι
3276 1592 3367 1655 οὓς
3419 1594 3760 1662 ἐπικλήρους

2178 1681 2317 1738 οἶδεν
2366 1687 2395 1737 ὁ
2445 1685 2629 1754 νόμος,
2686 1685 2808 1753 οὐχὶ
2858 1684 3057 1745 πάντες
3104 1683 3304 1753 ὁμοίως
3359 1682 3493 1750 πρὸς
3542 1683 3640 1752 τὴν
3694 1683 3761 1747 ἐξ

495 1776 936 1830 inhaereditatem
957 1774 1021 1828 ab
1054 1775 1313 1830 intestato
1358 1776 1424 1829 ad
1448 1791 1507 1830 se
1529 1776 1915 1829 devolveudam
1944 1790 2077 1828 ocu-

2184 1776 2457 1829 ἀδιαθέτου
2514 1775 2816 1845 ἐρχομένην
2871 1775 3053 1835 αὐτοῖς
3105 1774 3468 1842 κληρονομίαν
3519 1773 3760 1825 ἀποϐλέο

497 1864 589 1927 lis,
623 1878 809 1918 curam
839 1864 1104 1919 liberandi
1138 1865 1358 1933 captivi,
1382 1866 1527 1919 illius
1562 1865 1958 1933 consequentiae
1984 1880 2079 1933 spe

502 1971 601 2012 sua
631 1955 924 2011 omittent?
954 1956 1213 2011 Novimus
1243 1956 1511 2025 siquidem
1573 1973 1659 2011 res
1706 1957 1993 2019 humanas,
2020 1964 2077 2009 ut

510 2046 670 2116 pauci
706 2045 994 2099 admodum
1024 2061 1208 2100 verum
1246 2060 1484 2099 amorem
1525 2055 1873 2113 conservent,
1926 2048 2075 2115 ejus-

499 2150 608 2205 que
634 2135 798 2189 unius
827 2136 1000 2203 gratia
1031 2136 1097 2188 ad
1130 2136 1507 2205 opitulandum
1558 2137 1865 2191 calamitate
1894 2138 2075 2206 impli-

501 2224 626 2280 citis
645 2240 940 2294 paucorum
968 2226 1184 2280 animus
1210 2227 1498 2281 excitetur.
1531 2230 1596 2280 At
1622 2229 1713 2295 qui
1748 2243 1843 2296 spe
1880 2228 2075 2280 nauci-

507 2315 723 2369 scendze
754 2314 1038 2384 cujusdam
1075 2318 1532 2373 remunerationis
1572 2319 1637 2372 ad
1667 2318 1952 2371 ferendum
1987 2318 2070 2372 in—

500 2404 811 2473 digentibus
860 2405 1122 2458 auxilium
1152 2406 1466 2475 procedant,
1503 2406 1696 2461 horum
1727 2422 1858 2463 sane
1922 2410 2078 2478 longe

506 2498 781 2552 maximus
810 2509 1194 2553 estuumerus.
1250 2500 1364 2565 Qua
1405 2516 1464 2554 re
1500 2501 1681 2570 itaque
1715 2502 1843 2555 moti
1876 2517 2077 2571 cogna-

503 2595 592 2640 tus
610 2588 857 2654 aliusque
879 2588 1147 2654 quispiam
1182 2587 1520 2655 captivormn
1544 2588 1847 2655 suscipiant
1864 2589 2077 2643 curam?

518 2673 575 2727 Si
607 2675 823 2743 quidem
855 2675 1127 2729 statuendi
1186 2674 1419 2729 facultas
1473 2677 1540 2730 de
1590 2677 1749 2731 rebus
1781 2678 1894 2732 suis
1944 2679 2075 2747 ipsis

505 2773 678 2827 esset,
710 2765 958 2818 nonnulli
995 2764 1235 2819 laborem
1300 2766 1622 2821 damnosum
1653 2768 1753 2821 sibi
1784 2781 1890 2821 non
1926 2768 2074 2820 futu-

511 2867 632 2905 rum
667 2858 1006 2921 reputantes,
1051 2865 1157 2904 non
1196 2853 1436 2922 segniter
1463 2854 1613 2907 illum
1642 2856 1949 2924 suscepturi
1988 2870 2075 2909 es-

517 2946 662 2992 sent.
697 2936 1012 3007 Cogitareut
1046 2941 1245 2992 etenim
1311 2947 1394 3009 (ut
1426 2942 1724 2996 verisimile
1754 2943 1858 3013 est)
1904 2944 1948 2997 si
1981 2953 2073 2996 aut

511 3036 745 3083 conatus
773 3029 1014 3099 ipsorum
1052 3029 1118 3083 ad
1162 3030 1319 3085 linem
1345 3033 1730 3099 deduceretur,
1765 3035 2073 3102 captivique

504 3120 812 3174 libertatem
844 3132 1338 3191 consequerentur,
1370 3140 1428 3178 se
1467 3140 1667 3178 munus
1704 3127 1925 3195 aliquod
1952 3143 2074 3182 esse
2102 3094 2146 3152 ο

507 3223 610 3278 pro
646 3224 813 3279 opera
845 3224 943 3264 sua
964 3219 1017 3264 et
1070 3211 1253 3263 labore
1309 3226 1653 3284 accepturos,
1716 3225 1807 3268 aut
1838 3219 1999 3271 etiam
2035 3219 2078 3273 si

505 3311 734 3356 conatus
758 3301 915 3356 ﬁnem
952 3317 1100 3356 mors
1126 3305 1482 3372 przeveniens,
1516 3310 1787 3377 captivum
1818 3308 1883 3362 de
1906 3310 2082 3364 medio

508 3392 748 3453 tolleret,
786 3392 940 3445 illum
1008 3393 1061 3446 in
1102 3400 1429 3449 testamento
1484 3412 1582 3449 suo
1629 3415 1751 3451 eum
1787 3402 1875 3465 qui
1910 3402 2082 3468 ipsius

505 3499 693 3539 curam
763 3484 1076 3547 habuisset,
1111 3486 1318 3553 majore
1355 3489 1605 3555 portione
1640 3505 1799 3558 quam
1846 3493 1965 3544 illos
1990 3492 2081 3560 qui

506 3575 686 3643 ipsum
720 3573 1103 3643 neglexissent
1130 3574 1503 3644 dignaturum.
1533 3576 1649 3630 Non
1708 3581 1852 3633 enim
1891 3582 2083 3634 imme-

506 3680 710 3718 morem
744 3663 857 3719 fore
922 3666 1122 3734 ipsum,
1160 3682 1335 3736 neque
1365 3668 1581 3723 labores
1633 3670 1784 3723 nihili
1812 3670 2081 3726 facturum

510 3752 941 3808 arbitrarentur.
994 3754 1106 3807 llac
1142 3754 1309 3823 igitur
1367 3757 1578 3810 ratione
1611 3759 2086 3827 (quemadmodum

508 3841 640 3907 dixi)
683 3840 924 3893 futurum
960 3849 1130 3905 esset,
1173 3843 1251 3895 uti
1288 3844 1455 3912 aliqui
1517 3861 1621 3897 non
1652 3847 1997 3917 indiligenter
2020 3852 2085 3905 ad

509 3948 914 4001 liberandorum
977 3950 1317 4019 captivorum
1382 3967 1567 4005 curam
1631 3969 1751 4009 sese
1793 3960 2083 4023 erigerent.

506 4036 663 4089 Nunc
691 4053 817 4090 vero
847 4054 968 4090 cum
1001 4038 1055 4090 hi
1114 4040 1301 4092 testari
1344 4041 1759 4109 prohibeantur,
1798 4048 1875 4100 illi
1908 4058 2085 4103 autem

512 4128 582 4181 ab
618 4128 882 4181 intestato
960 4128 1215 4183 haeredes
1254 4131 1305 4183 in
1365 4132 1504 4184 bona
1554 4135 1889 4203 concedant,
1945 4138 2089 4193 haud

512 4222 648 4285 seio,
684 4220 751 4284 si,
790 4220 884 4289 qui
922 4219 1359 4287 prolibcratione
1388 4223 1600 4278 labores
1626 4226 1906 4293 suscipiat,
1939 4230 2091 4297 quis-

512 4327 675 4381 quam
742 4310 978 4365 inveniri
1012 4311 1209 4380 possit.
1251 4311 1642 4371 Successionis
1673 4317 1815 4371 enim
1851 4320 1920 4373 ab
1950 4322 2089 4374 inte—

2181 1868 2377 1937 ψαντες
2432 1871 2497 1937 τῇ
2547 1867 2751 1936 ταύτης
2795 1866 2968 1919 ἐλπίδι
3016 1864 3114 1934 τὴν
3146 1865 3273 1933 περὶ
3311 1864 3405 1917 τοῦ
3458 1863 3761 1930 συγγενοῦς

2181 1959 2526 2029 αἰχμαλώτου
2555 1962 2655 2029 τῆς
2684 1958 2997 2027 ἐλευθερίας
3023 1956 3365 2025 παρήσουσιν
3387 1954 3711 2023 ἐπιμέλειαν
3741 1969 3758 2016 ;

2186 2049 2372 2116 Ἰσμεν
2403 2048 2511 2117 γὰρ
2551 2047 2610 2099 τὸ
2664 2048 3026 2117 ἀνθρώπινον,
3089 2045 3165 2107 ὡς
3218 2042 3574 2112 εὐαρίθμητοι
3630 2042 3760 2093 λίαν

2180 2139 2401 2209 φίλτρον
2466 2138 2717 2208 ἀληθινὸν
2785 2136 3132 2198 διασώζουσι,
3180 2135 3273 2187 καὶ
3334 2133 3523 2185 τούτου
3594 2132 3763 2202 μόνον

2180 2231 2341 2283 ἕνεκα
2393 2230 2525 2301 προς
2578 2229 2830 2299 βοήθειαν
2876 2228 2983 2280 τῶν
3041 2228 3309 2290 ἀλγεινοῖς
3355 2223 3761 2295 περιστοιχιζοο

2182 2323 2430 2391 μένωνή
2490 2320 2684 2389 γνώμη
2741 2320 2924 2380 αὐτοῖς
2976 2320 3341 2385 ἐπεγείρεται,
3402 2317 3451 2366 οἰ
3510 2314 3757 2367 πλεῖστοι

2178 2413 2235 2466 δὲ
2266 2412 2558 2483 προσδοκίᾳ
2590 2412 2683 2463 τοῦ
2718 2413 2901 2479 τυχεῖν
2934 2426 3079 2470 τινος
3126 2409 3349 2476 χάριτος
3375 2406 3466 2458 ἐπὶ
3498 2406 3758 2474 βοήθειαν

2178 2503 2415 2573 χωροῦσι
2459 2503 2566 2555 τῶν
2613 2501 2927 2572 χρῃζόντων
2979 2500 3075 2569 τῆς
3125 2498 3394 2567 βοηθείας.
3439 2496 3607 2550 Πόθεν
3660 2492 3761 2549 οὖν

2180 2596 2319 2665 ὑπὲρ
2363 2595 2470 2646 τῶν
2513 2593 2874 2663 αἰχμαλώτων
2904 2593 2937 2661 ἢ
2970 2592 3076 2644 τῶν
3108 2589 3384 2659 συγγενῶν
3430 2605 3515 2651 τις
3562 2588 3595 2657 ἢ
3640 2587 3761 2639 ἓτε-

2180 2702 2271 2756 ρος
2317 2688 2337 2717 ⁸
2397 2686 2653 2739 ἀναλάϐοι
2725 2685 3025 2754 φροντίδα;
3086 2683 3147 2734 Εἰ
3204 2683 3303 2751 μὲν
3352 2681 3461 2750 γάρ
3528 2675 3596 2752 ἦν
3662 2678 3761 2732 ἐπ’

2178 2773 2359 2834 ἀδείας
2392 2774 2574 2836 αὐτοῖς
2609 2774 2737 2843 περὶ
2769 2774 2876 2825 τῶν
2902 2772 3116 2824 οἰκείων
3148 2769 3560 2839 βουλεύσασθαι,
3590 2767 3761 2837 ἔμελ-

2177 2864 2267 2916 λόν
2313 2882 2457 2927 τινες
2510 2850 2954 2933 ἀναλογιζόμενοι
3011 2863 3086 2925 ὡς
3150 2863 3250 2914 ούκ
3296 2862 3530 2931 ἀκερδὴς
3569 2850 3779 2923 αὐτοῖς’

2178 2957 2328 3009 ἔσται
2385 2959 2412 3009 ὁ
2462 2957 2644 3019 πόνος,
2713 2956 2787 3025 μὴ
2843 2954 3103 3024 ῥᾳθύμως
3150 2953 3313 3005 αὑτὸν
3356 2952 3712 3021 ἀναδέχεσθαι
3741 2968 3755 2980 ·

2179 3047 2420 3101 ἐνενόουν
2452 3048 2577 3119 γὰρ,
2612 3048 2686 3110 ὡς
2727 3047 2893 3112 εἰκὸς,
2941 3046 3077 3115 ώςῆ
3140 3046 3237 3112 τῆς
3289 3043 3523 3112 σπουδῆς
3574 3043 3759 3094 αὐτῶν

2185 3140 2262 3200 είς
2312 3137 2486 3207 πέρας
2532 3136 2904 3204 διεξελθούσης
2953 3134 3182 3187 καὶτῶν
3212 3132 3573 3202 αἰχμαλώτων
3607 3132 3765 3183 ἐλευς

2185 3228 2370 3299 θερίας
2425 3229 2697 3295 τυχόντων
2748 3230 2766 3257 ⁷
2825 3227 3007 3292 ἕξουσί
3055 3244 3175 3278 τινα
3209 3226 3369 3293 χάριν
3411 3224 3545 3290 ὑπὲρ
3574 3216 3647 3275 ὧν
3676 3225 3763 3275 δι-

2186 3316 2545 3380 εσπούδασαν,
2581 3318 2613 3388 ἢ
2664 3317 2767 3368 κᾶν
2812 3317 2907 3385 τὴν
2943 3314 3164 3367 ἐκείνων
3209 3313 3444 3382 σπουδὴν
3476 3315 3503 3365 ό
3528 3314 3765 3374 θάνατος

2186 3410 2505 3479 προφθάσας
2561 3411 2618 3462 ἐν
2669 3410 2888 3478 δεσμοῖς
2937 3410 3065 3461 ὂντα
3111 3408 3265 3460 λάϐοι
3325 3408 3418 3459 τὸν
3450 3406 3760 3474 ἄνθρωπον,

2186 3504 2243 3555 ἐν
2276 3504 2342 3572 τῇ
2375 3502 2505 3572 περὶ
2537 3502 2643 3555 τῶν
2688 3501 2906 3555 οἰκείων
2936 3498 3172 3563 διατάξει
3205 3499 3356 3551 ἔσται
3400 3498 3542 3558 τινὸς
3578 3496 3765 3548 πλείο-

2188 3612 2276 3657 νος
2330 3593 2497 3660 ἀξιῶν
2553 3593 2769 3664 μερίδος
2816 3592 2906 3645 τὸν
2958 3592 3097 3661 ὑπὲρ
3149 3590 3313 3643 αὐτοῦ
3364 3589 3765 3659 πεφροντικότα

2188 3686 2296 3737 τῶν
2348 3685 2527 3749 ἄλλως
2569 3685 2592 3718 ⁸
2640 3684 2995 3753 ἡμεληκότων
3023 3700 3035 3713 ·
3078 3683 3139 3736 ού
3195 3683 3305 3752 γὰρ
3352 3682 3766 3750 ἀμνημονήσειν

2191 3777 2352 3830 αὐτὸν
2405 3779 2496 3830 και
2552 3778 2705 3846 παρά
2754 3776 2955 3844 φαῦλον
3007 3770 3135 3837 τοὺς
3192 3775 3385 3835 πόνους
3440 3770 3766 3841 ποιήσεσθαι

2191 3868 2593 3937 ὑπελάμϐανον.
2648 3868 2868 3929 Τούτοις
2923 3864 3036 3931 οὖν,
3080 3866 3263 3933 ὥσπερ
3313 3864 3484 3933 ἔφην,
3530 3866 3641 3923 τοῖς
3681 3860 3766 3913 λοι

2191 3961 2409 4029 γισμοῖς
2467 3958 2691 4027 ἔμελλόν
2730 3975 2872 4019 τινες
2920 3959 2981 4009 οὐ
3041 3957 3300 4026 ῥᾳθύμως
3355 3958 3434 4015 είς
3484 3955 3583 4021 τὴν
3627 3954 3771 4022 ὑπὲρ

2192 4049 2507 4117 ἐλευθερίας
2532 4049 2641 4101 τῶν
2689 4047 3049 4116 αἰχμαλώτων
3080 4046 3315 4114 σπουδὴν
3345 4043 3720 4097 διανίστασθαι
3752 4060 3766 4075 ·

2194 4139 2286 4191 νῦν
2346 4140 2423 4205 δὲ,
2482 4139 2590 4190 τῶν
2648 4140 2744 4207 μὲν
2795 4138 3154 4208 κωλυομένων
3202 4136 3606 4195 διατάττεσθαι,
3660 4134 3770 4187 τῶν

2193 4229 2248 4281 δὲ
2292 4228 2351 4293 ἐξ
2389 4229 2667 4282 ἀδιαθέτου
2719 4230 3072 4299 κληρονόμων
3113 4230 3193 4291 εἰς
3241 4228 3339 4296 τὴν
3402 4225 3634 4295 ὓπαρξιν
3674 4227 3774 4294 ἐμ-

2196 4320 2510 4380 ϐαινόντων,
2566 4322 2667 4373 οὑκ
2724 4318 2840 4373 οἶδα
2898 4321 2951 4372 εἴ
2997 4338 3077 4383 τις
3142 4319 3390 4389 εὑρεθείη
3452 4320 3577 4379 τοὺς
3628 4317 3771 4385 ὑπὲρ

511 4411 653 4455 stato
688 4417 814 4470 spes
851 4412 1137 4470 metusque
1200 4418 1267 4457 ne
1329 4404 1381 4457 in
1439 4422 1633 4459 vanum
1692 4408 2009 4473 laboretur,
2046 4427 2070 4464 s

2198 4408 2297 4477 τῆς
2342 4408 2690 4479 ἀναρῤύσεως
2734 4411 2926 4472 πόνους
2969 4409 3379 4476 ἀναδεξόμενος.
3434 4408 3507 4459 "II
3558 4424 3615 4457 τε
3662 4408 3770 4475 γὰρ

520 4494 661 4547 forte
704 4493 1082 4546 liberationem
1141 4510 1289 4549 mors
1340 4508 1646 4564 praeter-tat,
1706 4504 2089 4572 captivumque

512 4584 676 4637 rebus
714 4582 965 4637 humanis
1015 4582 1240 4646 eximat,
1294 4584 1541 4640 homines
1594 4589 1862 4645 tardiores
1915 4590 2092 4661 (utne

512 4692 742 4747 prorsus
799 4676 983 4729 animo
1023 4676 1234 4729 alienos
1282 4676 1487 4746 dir-am)
1539 4679 1604 4733 ad
1664 4682 2087 4750 aggrediendum

509 4766 662 4822 facit.
726 4764 883 4831 Quod
935 4780 1068 4821 sane
1128 4780 1235 4819 non
1286 4765 1473 4821 itidem
1535 4771 1897 4839 contingeret,
1924 4774 1970 4826 si
2005 4774 2083 4827 lex

510 4857 728 4909 illorum
757 4864 1084 4911 testamenta
1106 4857 1261 4911 irrita
1295 4873 1402 4910 non
1459 4858 1685 4914 faceret.
1714 4860 1831 4914 Jam
1881 4878 2010 4916 vero
2040 4867 2085 4917 si

510 4947 805 5000 liberanda:
865 4948 1059 5001 anim'e
1093 4949 1328 5018 pretium
1388 4950 1622 5019 propria:
1685 4952 1955 5020 cujusque
2013 4956 2092 5007 fa-

509 5041 745 5094 cultates
778 5047 928 5103 sunt,
956 5042 1233 5109 quomodo
1264 5056 1370 5095 non
1397 5042 1449 5094 in
1489 5042 1593 5097 hoc
1669 5045 1832 5097 etiam
1889 5048 2088 5115 captivi

512 5131 767 5200 injuriam
803 5133 964 5202 longe
1000 5134 1291 5187 maximam
1323 5134 1618 5197 sustinent,
1654 5134 1799 5204 quod
1822 5137 1950 5189 dum
1979 5154 2085 5191 nou

513 5221 765 5275 sinuntur
815 5237 845 5274 a
882 5222 999 5292 lege
1037 5222 1103 5275 de
1176 5222 1338 5275 rebus
1387 5221 1503 5276 suis
1558 5230 1822 5289 statuere,
1874 5226 2088 5280 etiamsi

2199 4499 2353 4561 ἐλπὶς
2388 4499 2485 4567 τῆς
2527 4499 2587 4563 ἐξ
2634 4499 2915 4552 ἀδιαθέτου
2964 4500 3348 4570 κληρονομίας,
3399 4500 3493 4551 καὶ
3543 4500 3577 4569 ἡ
3623 4498 3774 4550 ἐνθύ-

2202 4607 2365 4660 μησις
2406 4589 2500 4642 τοῦ
2550 4592 2623 4659 μή
2682 4608 2809 4643 ποτε
2860 4592 2945 4645 διά
2980 4592 3143 4659 κενῆς
3180 4592 3369 4659 κάμοι,
3402 4590 3496 4650 τὰς
3524 4589 3719 4641 ἑαυτοῦ
3750 4591 3771 4619 ⁹

2199 4680 2434 4742 σπουδὰς
2493 4680 2587 4732 τοῦ
2621 4681 2852 4735 θανάτου
2917 4682 3279 4752 προλαϐόντος
3332 4680 3555 4733 καὶτὸν
3612 4681 3778 4749 αἰχμ-

2197 4772 2400 4825 άλωτον
2458 4771 2527 4838 ,ἐξ
2580 4772 2879 4845 ἀνθρώπων
2938 4774 3343 4841 ἀφανίσαντος,
3416 4771 3778 4840 ὀκνηρότερον

2200 4866 2314 4933 (ἵνα
2366 4864 2441 4935 μὴ
2496 4865 2640 4933 λέγω
2699 4866 2977 4928 παντελῶς
3036 4866 3375 4936 ἀπρόθυμον)
3434 4866 3577 4915 ποιεῖ
3644 4863 3781 4932 πρίις

2194 4956 2293 5027 τὴν
2340 4956 2713 5025 ἐπιχείρησιν,
2769 4956 2906 5025 ὅπερ
2956 4956 3136 5008 οὐκέτι
3182 4956 3383 5025 ὁμοίως
3438 4953 3777 5011 συνέϐαινεν,

2198 5046 2246 5097 εἰ
2309 5047 2384 5116 μὴ
2433 5049 2635 5117 ἄκυρον
2692 5048 2876 5109 αὐτοῖς
2928 5048 2961 5116 ἡ
3003 5048 3293 5117 νομοθεσία
3349 5044 3639 5117 εἰργάζετο
3685 5046 3781 5113 τὴν

2195 5136 2458 5200 διάταξιν.
2498 5138 2559 5189 Εἰ
2586 5138 2642 5190 δέ
2682 5137 2789 5206 γὰρ
2843 5137 3037 5207 λύτρον
3081 5137 3263 5205 ψυχῆς
3318 5139 3349 5203 ἡ
3410 5136 3515 5186 ἰδία
3564 5136 3780 5201 κτῆσις,

2198 5229 2312 5291 πῶς
2358 5229 2477 5298 οὐχὶ
2527 5230 2621 5282 xui.
2652 5229 2793 5283 κατά
2827 5228 2987 5281 τοῦτο
3018 5228 3231 5285 ἀδικίαν
3283 5228 3593 5296 ἀκροτάτην
3653 5226 3783 5276 ὑπο-

1806 5356 2035 5410 νΑΒΙ.μΕ
2072 5359 2477 5415 LECTIONES.

569 5446 589 5475 ‘
622 5444 807 5511 Steph.
840 5444 955 5497 vult
990 5444 1219 5512 ἑταῖρος.

517 5513 825 5581 Stephanus
855 5524 909 5567 et
929 5514 1197 5582 Agylauts.
1231 5513 1400 5567 Codd.
1425 5517 1500 5576 είς
1525 5514 1737 5566 ἑαυτοῦ.

1331 5444 1580 5521 ςἰΖιιίρίι.
1618 5456 1671 5498 et
1692 5443 1912 5521 hlecrtn.
1938 5448 2028 5499 τοῦ
2051 5450 2395 5519 αἰχμαλώτου
2434 5451 2510 5503 ἐλ.
2543 5452 2811 5521 τυχόντος.

2913 5450 2935 5480 ⁸
2972 5449 3162 5505 Melius
3192 5446 3383 5501 ἄλλων.
3467 5446 3489 5475 ν
3519 5443 3610 5499 Sic
3641 5458 3785 5500 corr.

2024 5604 2249 5663 ΝΟΤᾹΞ.

588 5698 699 5761 (87)
729 5696 1261 5751 Amictisublevandi
1310 5706 1458 5761 sunt,
1488 5712 1592 5749 non
1644 5696 1908 5749 onerandi
1954 5697 2090 5752 Nov.
2131 5698 2218 5763 9.6,
2253 5700 2389 5751 infra
2423 5699 2545 5752 cod.
