4090 6206
406 266 518 337 519
1683 264 1881 326 LEON
1888 266 1959 327 IS
1988 268 2021 327 Ρ

2070 270 2452 334 [ILOSOPHI
2542 345 2549 355 η
2754 218 2755 221 ί
3579 281 3685 345 520

404 385 453 442 si
488 396 617 438 vero
643 379 779 436 nulli
832 379 944 436 sint
981 378 1048 432 ad
1107 392 1247 447 quos
1294 378 1563 432 bonorum
1592 378 1838 434 defuncti
1890 394 2019 444 τοο,

2088 386 2397 456 προσώπων
2410 385 2547 457 πρὸς
2558 385 2693 458 οὒςὴ
2714 388 3159 461 κληρονομίαὸρᾷ
3170 388 3277 443 τῶν
3292 388 3383 442 τοῦ
3399 389 3457 454 ἐξ
3474 391 3683 463 ἀνθρὼ-

402 476 544 546 ptivi
597 472 884 529 successio
945 477 1155 540 spectet
1207 470 1353 540 (dico
1386 485 1524 539 quos
1570 486 1751 541 neque
1784 487 1983 527 ascen-

2091 492 2212 528 πων
2245 474 2638 542 ἀφανισθέντος
2672 476 3023 545 αἰχμαλώτου
3054 477 3399 547 πραγμάτων
3428 479 3597 549 (φημὶ
3619 478 3685 549 δὴ

404 566 601 622 dentes
642 578 819 633 neque
857 561 1256 617 descendentes
1303 560 1549 616 defuncti
1588 561 1798 617 familia
1821 578 1986 633 agno-

2094 568 2230 637 μήτε
2248 568 2341 629 οὒς
2355 568 2604 630 ἀνιόντας
2619 568 2755 638 μήτε
2768 568 2863 631 οὓς
2884 569 3171 633 κατιόντας
3184 568 3477 622 οἰκειοῦται
3497 570 3559 621 τὸ
3586 569 3683 623 τοῦ

404 658 555 727 scit),
615 656 851 724 primum
924 651 1266 707 considerari
1305 668 1405 707 an‘
1438 654 1716 723 aliquibus
1763 655 1983 717 debeat,

2086 657 2408 727 τεθνηκότος
2419 658 2617 727 γένος),
2640 658 2903 729 πρότερον
2927 659 3197 712 σκοπεῖν¹⁷
3231 662 3328 729 μὲν
3360 658 3681 728 κελεύομεν,

400 746 717 816 deindeque
751 745 988 800 deducto
1020 758 1128 799 tere
1165 744 1345 799 alieno
1375 745 1585 815 reliqua
1640 745 1893 802 bifariam
1930 746 1985 799 in

2090 751 2145 803 εἰ
2165 765 2307 801 τισιν
2335 748 2621 820 ὑπόχρεως
2666 744 2757 819 ἦν,
2791 750 2885 801 καὶ
2925 748 3037 801 τῶν
3064 748 3243 819 χρεῶν
3277 748 3681 820 ὑπεξαιρουμέ-

402 843 657 895 trientem
678 844 733 891 et
757 836 974 891 bessem
1024 834 1307 898 dividi,ac
1360 836 1616 892 trientem
1667 838 1885 892 demum
1925 837 1981 892 in

2092 857 2196 893 νων
2233 840 2302 894 τὰ
2332 840 2766 911 περιλειπόμενα
2793 839 3101 911 πράγματα
3150 841 3270 911 διχῆ
3322 840 3676 910 διαιρεῖσθαι,

400 930 780 1001 erogationem
811 940 911 996 pro
942 925 1123 980 anima
1159 924 1466 981 faciendam
1517 928 1788 998 separari,
1846 927 1982 982 alte.

2087 933 2169 995 εἷς
2196 948 2255 984 τε
2281 932 2470 1002 τρίτον
2495 933 2591 985 καί¹
2636 932 2906 1003 δίμοιρον,
2955 933 3048 985 καί
3105 931 3166 983 τὸ
3220 931 3319 1001 μὲν
3369 930 3553 998 τρίτον
3598 933 3678 994 εἰς

403 1036 521 1074 ram
554 1030 737 1076 autem
777 1026 987 1089 partem
1047 1017 1103 1071 in
1138 1015 1331 1071 ﬁscum
1380 1019 1549 1088 recipi
1605 1019 1863 1089 jubemus
1901 1028 1983 1073 ta-

2083 1021 2181 1093 τὴν
2211 1022 2353 1093 ὑπὲρ
2371 1022 2549 1093 ψυχῆς
2579 1024 2841 1094 διανομὴν
2883 1023 3163 1093 ἀφορίζειν
3185 1023 3249 1086 ³⁸,
3274 1021 3369 1076 τοῦ
3402 1022 3456 1074 δὲ
3484 1022 3674 1092 ἐτέρου

401 1129 527 1169 men
555 1121 615 1166 ut
655 1112 799 1167 servi
853 1110 940 1166 his
982 1124 1088 1163 non
1146 1108 1589 1166 immisceamur.
1649 1110 1762 1166 Hos
1807 1111 1977 1174 enim,

2088 1113 2295 1184 μέρους
2348 1117 2405 1168 ὲν
2454 1117 2569 1179 τοῖς
2627 1115 2925 1185 βασιλείοις
2962 1115 3209 1184 ταμείοις
3267 1114 3517 1183 γίνεσθαι
3584 1116 3678 1184 τὴν

402 1205 506 1259 nisi
530 1219 604 1258 διε
634 1204 873 1257 alienum
901 1198 1112 1255 exsolvi
1138 1212 1245 1252 non
1274 1202 1468 1269 possit,
1495 1216 1689 1257 omnes
1722 1201 1975 1255 libertate

2082 1205 2372 1275 ἀνάληψιν,
2409 1205 2539 1260 ἄνευ
2599 1207 2856 1275 μέντοιγε
2890 1206 3001 1259 τῶν
3047 1205 3297 1261 οἰκετῶν.
3328 1205 3513 1260 Ταῦτα
3545 1205 3676 1276 γὰρ,

402 1297 665 1352 honorari
688 1295 967 1350 volumus.

2083 1298 2131 1348 εἱ
2185 1297 2260 1367 μὴ
2308 1298 2419 1350 τῶν
2471 1297 2649 1367 χρεῶν
2706 1300 2739 1369 ἡ
2789 1298 3141 1367 ὲκπλήρωσις
3191 1296 3437 1350 ἐκποδὼν
3491 1298 3674 1366 σταίη,

400 1390 580 1442 πάντα
610 1388 894 1459 ἐλευθερίᾳ
915 1387 1241 1459 τετιμῆσθαι
1282 1384 1608 1458 βουλόμεθα.
1637 1384 1791 1437 Τὸν¹⁹
1819 1385 1989 1438 αὑτὸν
2012 1385 2069 1438 δὲ
2088 1386 2258 1439 τύπον
2285 1388 2570 1459 τηρεῖσθαι
2601 1389 2699 1456 τῆς
2724 1390 2833 1442 τῶν
2859 1389 3202 1459 πραγμάτιον
3226 1388 3546 1459 διοικήσεως
3584 1389 3681 1442 καὶ

400 1478 486 1547 ἐφ’
516 1473 592 1534 ὧν
620 1481 681 1533 ού
704 1480 925 1550 πάρεισι
953 1479 1111 1550 χρέα,
1138 1480 1288 1541 ὅταν,
1319 1477 1394 1539 ὡς
1438 1476 1674 1546 εἴρηται,
1727 1474 2079 1545 κληρονόμων
2100 1477 2305 1548 ἄπορος
2328 1479 2479 1532 ἀπίοι
2498 1479 2592 1532 τοῦ
2617 1478 2732 1549 βίου
2760 1479 2788 1531 ό
2808 1482 2872 1550 τῇ
2903 1480 3249 1550 αἰχμαλωσίᾳ
3281 1480 3532 1549 κάτοχος.

468 1572 602 1638 Quae
620 1570 810 1627 eadem
835 1586 1018 1625 rerum
1043 1569 1511 1641 disponendarum
1569 1567 1744 1621 forma
1781 1576 1973 1621 custo-
2010 1574 2055 1632 Β

2175 1571 2239 1622 'H
2283 1572 2380 1640 μὲν
2411 1568 2505 1625 οὖν
2549 1575 2630 1635 εἰς
2676 1574 2918 1627 ἐπίνοιαν
2958 1574 3114 1644 ἡμῶν
3143 1575 3355 1645 ἤκουσα
3399 1573 3527 1643 περὶ
3576 1572 3677 1644 τῆς

400 1664 602 1720 dienda
623 1663 751 1726 erit,
790 1661 1012 1731 quando
1040 1662 1177 1715 nihil
1205 1660 1333 1715 aeris
1382 1659 1544 1713 alieni
1594 1657 1778 1721 fuerit,
1808 1657 1985 1712 servi-

2083 1662 2406 1733 νομοθεσίας
2439 1665 2473 1734 ἢ
2494 1666 2618 1727 τοὺς
2649 1666 3026 1735 αἰχμαλώτους
3077 1666 3263 1719 ἐλύπει
3291 1667 3336 1698 ²⁰
3361 1666 3675 1739 διόρθωσις,

400 1757 616 1825 tutique
640 1755 911 1809 obnoxius
938 1753 1422 1823 (quemadmodum
1474 1751 1680 1806 dictum
1723 1751 1829 1820 est)
1859 1750 1979 1807 sine

2082 1754 2171 1808 διὰ
2216 1753 2369 1807 τοῦδε
2410 1754 2504 1806 τοῦ
2536 1755 2681 1808 θείου
2728 1755 2887 1825 ἡμῶν
2943 1756 3109 1824 νόμου
3143 1755 3486 1819 ὲκτέθειται,
3530 1756 3564 1825 ἡ
3614 1755 3670 1808 δὲ

400 1845 717 1901 haaredibus
782 1845 1104 1900 decesserit.
1137 1844 1270 1910 Qua:
1324 1844 1509 1912 itaque
1560 1842 1717 1896 nobis
1738 1842 1861 1911 ejus
1900 1842 1979 1898 le-

2087 1840 2156 1910 σὴ
2216 1841 2663 1912 μεγαλοπρέπεια
2707 1843 2769 1895 τὸ
2801 1842 3078 1914 θέσπισμα
3118 1845 3163 1876 ²¹
3213 1847 3327 1908 τοῖς
3358 1844 3463 1898 ὑπὸ
3512 1848 3674 1916 χεῖρα

400 1936 732 2007 gislationis,
763 1950 886 2005 quae
930 1935 1179 2004 captivos
1234 1932 1621 1995 contristabat,
1648 1932 1703 1985 in
1737 1939 1975 1987 mentem

2084 1933 2428 2000 ἐγνωσμένον
2465 1935 2865 2003 καταστησάτω
2890 1977 2906 2002 ,
2950 1935 3026 1999 ὡς
3073 1935 3139 1990 ἂν
3181 1936 3342 2006 δήλου
3386 1938 3522 1989 πᾶσι
3572 1953 3669 2005 γε-

398 2027 677 2084 correctio
705 2029 873 2092 venit,
912 2013 1009 2095 per
1035 2040 1248 2081 sacram
1289 2026 1431 2078 hanc
1477 2022 1727 2093 exposita
1757 2034 1841 2080 est
1894 2024 1977 2079 le-

2084 2022 2332 2088 γονὸτος,
2366 2022 2605 2087 ἅπαντες
2630 2026 2756 2095 περὶ
2785 2025 2892 2079 τῶν
2924 2027 3158 2093 οἰκείων,
3194 2028 3285 2080 καὶ
3314 2026 3408 2091 οὓς
3441 2029 3475 2099 ἡ
3502 2029 3668 2099 αἰχμ-

397 2134 542 2192 gem.
576 2118 692 2173 Tua
713 2126 891 2173 autem
926 2117 1329 2188 magnificentia
1362 2115 1709 2170 sanctionem
1736 2113 1975 2169 subditis

1689 2128 1709 2167 1
1736 2113 1975 2169 subditis
2084 2113 2289 2167 αλωσία
2317 2113 2453 2184 ἔχει,
2484 2114 2561 2177 ὡς
2588 2114 2654 2169 ἂν
2686 2116 2911 2168 ἐθέλωσι
2940 2115 3304 2186 διορίζωνται.

396 2220 583 2267 notam
614 2210 816 2267 facito:
846 2226 955 2281 quo
986 2226 1110 2265 cum
1136 2209 1460 2273 innotuerit,
1498 2221 1689 2263 omnes
1711 2206 1967 2276 de;rebus
1996 2210 2132 2273 suis,
2197 2207 2362 2263 etiam
2445 2223 2587 2277 quos
2661 2211 2956 2279 captivitas
3010 2210 3242 2277 detinet,
3332 2226 3669 2284 quocunque

396 2306 560 2367 modo
589 2304 779 2371 velint,
821 2311 1089 2359 statuant.

863 2414 1331 2473 CONSTITUTIO
1374 2416 1511 2472 XLI.

2633 2412 2946 2466 ΔῐΑΤΑΞΙΣ
2996 2415 3130 2469 MA'.

403 2532 470 2588 Ut
500 2534 556 2587 in
590 2529 892 2585 civitatibus
911 2526 1150 2650 guinque
1174 2526 1409 2596 (93-94),
1458 2527 1515 2580 in
1540 2524 1821 2580 itineribus
1853 2539 1974 2579 vero

466 2614 517 2650 et
546 2602 689 2650 auris
722 2610 827 2650 tres
852 2598 906 2650 t9
948 2597 964 2650 l
1015 2604 1170 2649 testes
1216 2594 1286 2647 ad
1348 2605 1782 2650 testamentorum
1818 2594 1975 2650 ﬁdem

2082 2528 2224 2597 Περί
2244 2528 2349 2583 τοῦ
2368 2528 2439 2581 ἐν
2454 2528 2573 2597 μὲν
2614 2528 2745 2593 ταῖς
2774 2530 2994 2583 πόλεσι
3020 2528 3118 2582 διὰ
3145 2527 3324 2584 πέντε
3346 2532 3667 2600 μαρτύρων

2147 2598 2479 2650 κυροῦσθαι
2544 2597 2653 2650 τὰρ
2710 2598 3019 2650 διαθήκας.
3071 2599 3141 2650 ἐν
3191 2598 3556 2650 όὸοιποοίαη-
3594 2602 3667 2650 δὲ

466 2614 517 2657 et
546 2602 689 2670 agris
722 2610 827 2653 tres
852 2594 964 2666 (95)
1015 2594 1192 2649 testes
1216 2594 1286 2647 ad
1348 2594 1782 2650 testamentorum
1816 2594 1975 2664 ﬁdem

2147 2594 2479 2670 κυρογῦσθειὶ
2538 2597 3019 2670 ,τὰς-διαθήκας,
3071 2599 3141 2652 ἐν
3188 2594 3556 2670 ρὃισίορίαιξ
3594 2602 3666 2656 δὲ

472 2666 760 2738 sufﬁciant.

2146 2668 2247 2755 καὶ
2270 2666 2471 2736 (moon;
2489 2667 2899 2722 εὐαπόδεκτον
2925 2669 3080 2722 εἶναι
3104 2668 3202 2721 καί
3224 2669 3341 2738 τὴν
3369 2666 3466 2726 διὰ
3482 2666 3664 2741 τριῶν

2152 2754 2441 2792 κυοωσιν.

468 2828 616 2885 Idem
646 2828 944 2897 imperator
970 2824 1145 2880 eidem
1184 2823 1458 2895 Styliano.

2152 2755 2441 2806 κυρωσιν.

2164 2826 2224 2879 Ὀ
2253 2824 2414 2889 αὐτὸς
2449 2823 2699 2895 βασιλεὺς
2728 2825 3002 2896 Στυλιανῷ
3029 2825 3108 2897 τῷ
3135 2826 3304 2898 αὐτῷ.

467 2922 607 2980 Cum
644 2921 907 2976 omnibus
946 2919 1197 2974 humanae
1233 2920 1359 2973 vitae
1422 2917 1679 2987 negotiis,
1721 2933 1843 2989 quae
1892 2926 1970 2974 te-
1997 2942 2042 3001 α

2159 2917 2247 2970 Ἐν
2283 2918 2418 2971 πᾶσι
2454 2917 2554 2987 μὲν
2585 2918 2697 2979 τοῖς
2729 2918 2870 2972 κατὰ
2910 2917 3003 2971 τδν
3033 2918 3147 2988 βίον
3176 2923 3521 2991 πράγμασιν,
3556 2924 3658 2979 ὅσα

398 3015 565 3071 stium
594 3011 754 3067 fidem
778 3010 1103 3081 requirunt,
1130 3009 1259 3065 inde
1285 3010 1456 3065 robur
1469 3008 1664 3066 adesse
1679 3017 1933 3080 oporteat
1954 3027 1967 3063 :

2070 3011 2172 3080 τὴν
2196 3008 2284 3063 διὰ
2331 3008 2628 3080 μαρτύρων
2654 3009 2875 3061 ἀπαιτεῖ
2904 3009 3108 3075 πίστιν,
3141 3010 3492 3083 ὀφειλόμενόν
3540 3016 3658 3068 ἐστι

397 3115 531 3160 tunc
563 3116 696 3159 vero
730 3101 970 3156 maxime
1013 3115 1138 3169 qua:
1197 3100 1375 3154 ultimi
1432 3099 1560 3154 vita:
1611 3108 1815 3154 nostra:
1865 3097 1977 3153 diei

2085 3100 2356 3170 προσεῖναι
2388 3097 2487 3168 τὴν
2523 3097 2613 3151 διά
2639 3097 2845 3151 τούτων
2875 3099 2923 3130 ⁸⁸
2963 3099 3279 3169 βεϐαίωσιν,
3319 3103 3558 3172 μάλιστα
3596 3104 3657 3158 δὲ
3688 3150 3700 3159 .

394 3194 864 3266 contemplatione
942 3191 1338 3261 dispositiones
1418 3190 1576 3259 fiunt,
1638 3191 1969 3252 istiusmodi

2078 3188 2341 3259 χρῄζουσι
2369 3187 2641 3253 διατάξεις
2669 3189 2735 3253 ³³,
2770 3188 2826 3240 αἲ
2872 3187 3111 3255 γίνονται
3148 3192 3283 3263 πρὸς
3312 3194 3411 3263 τὴν
3440 3195 3656 3249 τελείαν

396 3285 848 3344 corroboratione
862 3283 1138 3354 indigent.
1167 3281 1361 3339 Nullus
1386 3284 1532 3338 enim
1566 3283 1811 3353 reliquus
1839 3297 1958 3337 mo-

2073 3280 2233 3350 ἡμῶν
2257 3279 2359 3348 τῆς
2382 3278 2530 3349 ζωῆς
2554 3278 2773 3349 ἡμέραν
2795 3276 3230 3348 ἀποϐλεπόντων,
3262 3280 3364 3352 τῆς
3395 3283 3656 3355 τοιαύτης

1658 3392 1890 3449 VARIIE
1932 3389 2232 3448 LECTION
2239 3393 2344 3448 ES.

467 3489 517 3560 ‘1
543 3487 661 3543 Ecl.
689 3487 906 3560 πρῶτον
941 3490 1039 3560 μὲν
1072 3491 1315 3545 σκοπεῖν.
1393 3490 1437 3523 ¹⁸
1468 3488 1592 3560 Ecl.
1630 3482 2037 3560 dpopiQecOatL
2073 3484 2120 3560 ξ’
2164 3481 2618 3560 ῘῃοηΕειλΝον.
2660 3481 2785 3560 26._
2825 3483 2872 3560 το
2912 3481 3005 3560 Sic
3038 3482 3132 3537 Ec.
3162 3485 3333 3560 codd.
3369 3505 3401 3560 τί,
3445 3489 3650 3545 ἐλύσει.

391 3558 437 3632 ξ’
478 3557 677 3632 Egloge
724 3552 832 3614 non
868 3552 1027 3615 habet
1052 3561 1347 3632 θέσπισμα.
1404 3560 1449 3593 “
1480 3552 1914 3630 Scrimg'JoGtO.
1993 3555 2039 3588 ’³
2065 3553 2237 3613 Codd.
2284 3553 2596 3621 διατάξεων,
2643 3553 2786 3623 quod
2818 3552 2972 3625 Agyl.
3030 3570 3176 3610 corr.
3203 3557 3257 3611 in
3288 3559 3492 3613 ἐκεῖναι
3540 3562 3652 3617 τῶν

390 3628 705 3696 διατάξεων.

1879 3692 2113 3749 ΝΟΤΧΕ.

444 3784 670 3855 (95-94)
698 3784 950 3854 Quinque
972 3784 1030 3839 in
1051 3783 1260 3855 urbano
1282 3800 1296 3847 ;
1320 3781 1760 3855 tres,in_rust_i_co
1784 3790 1959 3855 testa-
2062 3781 2161 3855 ult.
2196 3779 2262 3836 C.
2288 3780 2364 3836 De
2391 3780 2661 3855 codicillis
2693 3781 2730 3835 l.
2756 3779 2848 3845 28,
2890 3780 2944 3855 in
2974 3780 3068 3835 lin.
3099 3778 3162 3834 C.
3194 3779 3296 3855 De
3333 3787 3563 3855 testam.
3595 3778 3653 3836 lu

389 3850 575 3909 mento
601 3850 772 3910 testes
803 3850 1077 3909 sufficiunt
1099 3869 1166 3908 ex
1205 3854 1310 3907 hnc
1368 3852 1609 3907 Novella.
1659 3852 1960 3917 Quinarius
2060 3852 2196 3905 urbe
2224 3860 2430 3919 septem
2472 3853 2852 3918 requiruntur,
2899 3850 2946 3905 si
2985 3850 3233 3906 extranei
3283 3850 3650 3908 instituantur

387 3938 653 3991 numerus
674 3925 792 3991 lege
815 3922 912 3978 XII
961 3924 1278 3977 tabularum
1333 3923 1586 3991 videturﬂ
1607 3921 1957 3975 introductus
2060 3918 2366 3991 lmredesl.
2390 3920 2483 3991 2‘1,
2515 3918 2544 3991 §
2576 3920 3089 3991 ELCLDeﬂtestam;
3123 3921 3208 3974 sin
3237 3921 3355 3988 lilii,
3388 3922 3498 3976 duo
3528 3925 3647 3977 suf-

388 3991 489 4061 §f.
514 3990 711 4061 lnstit,
730 3988 804 4046 De
833 4000 1049 4047 testam.
1078 3992 1369 4049 ordinand.
1410 3993 1517 4061 20.
1545 3990 1673 4060 Ulp.
1698 3991 1756 4055 2,
1788 3999 1842 4043 et
1871 4005 1957 4044 re-
2058 3990 2275 4061 ficiunt,
2301 3989 2355 4043 d.
2389 3990 2426 4043 l.
2456 3988 2548 4055 2f,
2574 3988 2602 4059 §
2638 3990 2688 4045 1.
2709 3989 2765 4044 Si
2800 3989 2986 4061 liberis
3014 3991 3167 4044 mixti
3204 3992 3473 4061 extranei,
3497 3992 3647 4057 quod

386 4059 589 4115 ductus
621 4077 651 4114 a
693 4060 895 4116 Basilio
936 4061 1230 4116 Macedone
1267 4060 1465 4117 Leonis
1510 4059 1674 4129 hujus
1726 4067 1957 4129 parente
2058 4059 2127 4113 ad
2150 4068 2446 4129 extraneos
2477 4071 2686 4128 septem
2719 4060 3119 4129 requiruntur;
3158 4064 3300 4128 quod
3335 4060 3401 4114 ad
3436 4062 3642 4115 liberos

385 4144 538 4185 vers.
568 4129 702 4183 Cum
758 4130 905 4184 enim
937 4130 990 4186 J.
1023 4130 1151 4185 eod.
1188 4129 1406 4199 Septem
1456 4127 1648 4199 postea
1718 4127 1953 4199 adhibiti
2057 4130 2164 4191 duo
2187 4128 2464 4183 sulliciunt
2491 4127 2554 4183 d.
2584 4129 2612 4199 §
2648 4129 2697 4182 1.
2729 4127 2845 4182 Hoc
2891 4127 3204 4199 addendum
3251 4139 3359 4194 est,
3413 4131 3639 4183 unicum

383 4214 450 4254 ex
479 4201 985 4263 constitutionibus,
1044 4199 1158 4271 §5.
1215 4197 1390 4255 Instit.
1438 4197 1513 4254 De
1566 4206 1698 4271 test.
1762 4197 1947 4251 ordin.
2059 4206 2256 4271 testem
2280 4199 2550 4263 sullicere,
2576 4197 2622 4254 si
2644 4207 3029 4253 testamentum
3059 4198 3347 4271 fiatcoram
3367 4200 3639 4267 principe,

380 4271 708 4355 speciali-us.
741 4267 1226 4355 dicertdttm'_est._
1245 4271 1321 4355 ln‘
1357 4270 1580 4355 militari
1620 4276 1950 4355 testamento
1983 4300 2028 4355 υ
2059 4267 2164 4322 hoc
2188 4272 2491 4355 est-,ti‘p-sur‘t‘t
2522 4272 2827 4355 principem
2859 4284 2958 4337 pro
2976 4268 3124 4321 otimi
3170 4269 3277 4355 alio
3321 4277 3463 4355 teste
3494 4271 3637 4350 ξυιυς
3734 4318 3741 4327 κ

380 4337 742 4409 expeditionis
783 4351 1049 4409 tempore,
1084 4341 1121 4393 ι.
1164 4341 1251 4402 17,
1282 4339 1344 4394 C.
1366 4340 1439 4396 De
1471 4347 1597 4395 test.
1626 4337 1789 4409 milit.
1825 4338 1951 4406 (Mi-
1983 4337 2026 4355 "
2056 4352 2183 4409 cere
2206 4338 2352 4401 1.-19,
2373 4340 2426 4393 in
2449 4337 2794 4409 lin.Cod.De
2817 4340 3349 4409 testam.;quodnon
3379 4338 3636 4405 admitto,

379 4407 462 4462 les
484 4410 626 4462 enim
660 4410 797 4462 citra
838 4407 1053 4478 tempus
1096 4411 1461 4478 expeditionis
1496 4408 1666 4478 domi,
1720 4415 1951 4462 testatus
2054 4417 2109 4462 et
2140 4408 2247 4462 alia
2279 4408 2495 4463 videtur
2517 4408 2639 4477 ejus
2675 4409 2809 4477 legis
2864 4407 2948 4472 19,
2994 4408 3263 4461 sententia
3316 4415 3372 4461 ut
3428 4409 3632 4464 ibidem

379 4485 589 4546 septem
624 4486 791 4534 testes
815 4473 1040 4533 adhibet
1065 4473 1184 4548 πεῖ
1215 4479 1291 4533 De
1317 4482 1351 4534 l.
1393 4481 1507 4548 17.)
1539 4473 1732 4533 Testes
1762 4480 1950 4547 requi-
2054 4479 2275 4547 scripsi.
2305 4478 2410 4533 Sed
2436 4486 2492 4532 et
2537 4473 2669 4532 illud
2691 4473 3014 4548 tenendum
3050 4495 3062 4529 :
3097 4478 3220 4544 jure
3249 4480 3517 4531 canonico
3538 4495 3636 4532 va-

377 4555 579 4618 runtur
600 4549 671 4618 ad
699 4549 985 4602 minimum
1019 4546 1202 4603 duo—l.
1235 4549 1328 4617 24,
1359 4552 1396 4605 l.
1426 4546 1593 4615 40m.
1632 4548 1705 4601 De
1727 4546 1947 4618 testam.
2052 4546 2183 4603 lere
2219 4557 2612 4603 testamentum
2679 4546 2887 4618 factum
2949 4562 3131 4600 coram
3158 4616 3164 4618 Α
3192 4550 3516 4618 presbytero
3575 4556 3633 4604 et

376 4616 539 4672 milit.
583 4616 629 4687 ,ᾗ
686 4618 739 4673 1.
798 4618 975 4672 lnstit.
1026 4618 1099 4687 De
1139 4616 1319 4671 ntilit.’
1363 4626 1490 4674 test.
1524 4618 1609 4673 vel
1645 4625 1700 4670 ιιι
1725 4616 1862 4670 ibid.
1892 4617 1948 4670 itt
2052 4620 2267 4672 duobus
2300 4619 2556 4680 testibus,
2582 4634 2631 4673 c.
2667 4616 2804 4670 Cum
2831 4633 3005 4679 esses,
3034 4618 3115 4679 10,
3153 4616 3634 4684 Detestam.QuEn

375 4686 553 4756 princ.
576 4686 627 4750 1,
660 4688 745 4740 tit.
794 4687 988 4741 scribit
1026 4686 1388 4756 Theophilus,
1424 4704 1564 4743 unus
1612 4687 1853 4750 sullicit;
1885 4694 1940 4740 et
2048 4688 2384 4755 eodcmjure
2409 4688 2655 4742 ultimam
2688 4690 3021 4756 voluntatem
3047 4690 3112 4738 ad
3158 4687 3274 4754 pias
3307 4702 3507 4743 causas
3540 4704 3635 4742 va-

374 4759 423 4808 si
450 4754 618 4810 Leoni
652 4756 930 4828 credimus
955 4754 1627 4828 Novell.__quadragcsinta
1672 4758 1725 4808 in
1762 4760 1940 4828 princ.
2051 4758 2163 4828 fere
2187 4754 2373 4811 coram
2398 4759 2614 4813 duobus
2649 4758 2884 4812 testibus
2912 4773 2962 4808 c.
2999 4755 3247 4808 Relatum
3288 4758 3371 4820 ti,
3404 4758 3477 4828 De
3506 4768 3633 4813 test.

373 4842 422 4878 s.
456 4828 607 4890 eod.,
645 4827 811 4880 nullis
848 4828 1078 4881 testibus
1111 4825 1374 4881 adhibitis
1425 4825 1592 4882 iniles
1628 4825 1819 4896 testari
1850 4839 1945 4893 ρος-
2049 4826 2118 4880 ad
2147 4829 2259 4881 haec
2283 4830 2411 4894 jure
2440 4828 2592 4881 civili
2624 4829 2809 4894 plures
2848 4842 3012 4896 quam
3070 4834 3280 4893 septem
3349 4827 3631 4884 adhibitos

373 4895 500 4954 tuit,
530 4898 782 4962 quamvis
830 4896 1157 4950 Plutarchus
1202 4900 1256 4950 in
1294 4897 1625 4967 Coriolano
1650 4894 1858 4967 scribat
1886 4900 1942 4948 in
2046 4911 2156 4951 non
2190 4913 2407 4953 nocere.
2452 4897 2741 4967 Superflua
2777 4894 3014 4967 namque
3039 4905 3297 4966 prosunt,
3344 4908 3631 4966 nunquam

372 4974 714 5038 testamento
732 4967 1018 5038 procincto
1042 4976 1155 5021 tres
1177 4966 1944 5038 autquntuoradhibitos;et
2046 4975 2268 5022 nocent.
2294 4967 2449 5023 Paul.
2487 4966 2545 5031 '5,
2597 4977 2735 5022 sent.
2790 4967 2843 5031 4,
2898 4966 3039 5037 διο.
3079 4968 3223 5031 Quin
3275 4967 3529 5038 sulllcere
3562 4968 3634 5021 ad

371 5032 489 5087 haec
514 5034 583 5088 de
607 5032 832 5108 militari
869 5044 1219 5108 testamento.
1254 5032 1321 5090 ln'
1364 5038 1557 5106 pagani
1599 5049 1730 5108 veto
1775 5042 1944 5108 testa-
2046 5038 2317 5092 bonorum
2351 5038 2732 5108 possessiones
2787 5032 3047 5108 omnibus
3076 5040 3209 5108 locis
3250 5035 3539 5108 petendas,
3572 5048 3635 5091 ut

369 5112 560 5175 mento
589 5105 1133 5161 variaturnumerus.
1180 5107 1238 5159 In
1270 5103 1601 5161 testamento
1627 5106 1772 5160 inter
1803 5103 1940 5175 libeg
2045 5109 2311 5162 solemnis
2351 5103 2587 5162 'testium
2644 5123 2907 5162 numerus
2958 5103 3260 5160 adhibitus
3295 5107 3487 5172 fuerit,
3517 5123 3633 5175 quo

369 5187 463 5227 ros
490 5173 599 5229 duo
630 5176 712 5229 vel
745 5186 856 5248 tres
881 5178 917 5231 I.
953 5178 1037 5241 ll,
1074 5176 1102 5248 §
1136 5175 1325 5230 LCod.
1356 5176 1430 5229 De
1460 5182 1775 5248 testament.
1809 5174 1941 5228 caeci
2045 5177 2167 5248 loco
2197 5186 2585 5248 testamentum
2611 5176 2815 5231 factum
2843 5192 2970 5232 esse
3008 5175 3313 5248 dlCClltl'_l.
3360 5178 3459 5230 ttlt.
3487 5173 3629 5248 (ind.

372 5252 705 5317 testamento
733 5246 814 5317 vel
841 5254 966 5300 octo
996 5243 1387 5317 requiruntur;
1420 5247 1503 5299 vel
1530 5257 1737 5317 septem
1769 5254 1940 5317 testes
2045 5246 2121 5302 De
2146 5258 2363 5302 testam.
2389 5247 2555 5317 quue
2582 5248 2949 5302 communiter
2977 5245 3259 5301 observari
3298 5248 3463 5300 rel’ert
3497 5243 3630 5299 Fer-

369 5326 425 5367 et
452 5330 594 5386 unus
620 5316 924 5371 tabularius
949 5317 985 5369 l.
1026 5314 1088 5371 8.
1123 5316 1264 5372 Cod.
1298 5318 1401 5383 Qui
1445 5314 1663 5371 testam.
1707 5314 1763 5368 In
1813 5314 1941 5386 rel_i-
2044 5319 2333 5372 rariensis.
2368 5317 2427 5371 In
2459 5314 2697 5371 formula
2740 5318 2910 5371 libelli
2940 5332 3051 5386 quo
3075 5320 3283 5386 petitur
3328 5316 3627 5386 haereditas

369 5385 519 5456 quis,
550 5396 794 5455 septem;
847 5388 893 5439 si
930 5382 1405 5441 testamentum’in
1439 5388 1662 5456 scriptis
1705 5387 1797 5438 fiat
1822 5382 1850 5454 δ
1878 5383 1935 5456 ὅ.
2040 5402 2107 5456 ex
2139 5396 2465 5442 testamento
2486 5388 2576 5452 48,
2608 5389 2665 5442 in
2694 5389 2864 5443 verbo
2901 5382 3180 5444 vallatum
3231 5384 3287 5451 6,
3322 5401 3380 5441 n.
3403 5385 3438 5441 4
3465 5393 3523 5442 et
3564 5385 3635 5456 5,

368 5453 506 5508 Inst.
542 5453 628 5527 ne
657 5463 971 5515 testantem.
1026 5458 1282 5527 ordinati.
1334 5456 1476 5521 Quid
1520 5453 1568 5510 si
1612 5453 1940 5523 nuncupati-
2042 5455 2231 5527 Hann.
2262 5458 2311 5527 1,
2349 5456 2649 5527 §Het12.

370 5534 496 5575 vitm
518 5526 629 5597 iiut
650 5526 1069 5597 testamentum?
1103 5527 1233 5578 liuri
1277 5528 1551 5579 sulliciunt
1578 5526 1939 5597 quinquete-
2115 5526 2227 5597 (95)
2260 5525 2398 5583 Nov.
2429 5529 2521 5584 45.

368 5602 491 5647 stes
514 5594 551 5646 Ι.
580 5593 680 5646 υ-ιι.
710 5594 844 5650 Cod.
880 5595 955 5650 De
984 5602 1205 5651 testam.
1233 5606 1289 5648 ut
1318 5607 1372 5649 et
1420 5600 1474 5648 in
1532 5593 1799 5650 codicillis
1831 5594 1933 5662 leg.
