2045 3103
210 170 261 202 521

756 173 936 205 NOVELLIE
950 175 1284 210 CONSTITUTIONES.

1787 188 1840 219 5Z2

213 224 397 260 βισαιώσιώς.
424 226 462 253 οὗ
485 226 540 262 γὰρ
557 226 615 253 laet
639 227 863 263 περιλειπόμενος
885 228 986 264 τρόπος

1057 231 1110 259 dus
1118 237 1168 264 est,
1178 232 1226 267 qui
1236 237 1309 261 recte
1319 233 1385 268 ipsis
1393 234 1437 270 ius
1446 234 1542 269 dictet.
1551 236 1604 265 nisi
1616 237 1683 272 ipsis
1699 245 1714 265 a
1723 240 1840 268 testibus

210 270 241 302 ὃς
258 271 348 306 ὀρθῶς
364 271 460 304 αὑταῖς
474 272 609 308 διαιτήσει
621 292 629 304 .
641 273 666 299 εί
683 272 719 308 μὴ
734 273 765 300 τὸ
778 274 810 300 ὲκ
827 274 880 301 τῶν
897 274 1002 310 μαρτύ-

211 325 267 352 ρων
280 317 429 352 πρόσεστιν
451 317 583 352 ἀσφαλές.
611 317 685 344 Ἔδει
700 316 757 350 οὖν,
775 318 837 345 ὅσον
855 319 1003 353 ἀναγκαῖον

210 362 350 397 τυγχάνει,
379 363 494 397 βεσαίας
509 361 578 390 εἶναι
591 363 641 395 τὰς
658 364 711 390 ὑπὸ
730 364 754 380 ³⁸
773 364 828 391 τῶν
845 365 877 391 ἐκ
889 364 937 391 τοῦ
951 366 1002 401 ζῇν

209 408 345 435 ἀπιόντων
361 409 514 444 ἀνθρώπων
535 410 805 445 πραγματευομένας
825 412 848 427 ¹¹
865 411 1001 438 διατυπώ-

209 462 276 487 σεις,
294 455 421 482 τοσοῦτον
438 455 525 486 αὐτὰς
541 456 746 490 ἀσφαλίσασθαι
760 456 805 483 διὰ
823 457 873 492 τῆς
898 466 1001 493 μαρτυ-

209 500 280 536 ρίας.
303 501 374 528 Ἀλλ’
387 502 450 528 ἐπεὶ
469 501 578 537 ὁρῶμεν
593 501 724 534 πολλάκις
741 502 794 529 ὑπὸ
810 503 861 537 τῆς
883 503 1000 539 ἀπορίας

207 547 256 581 τῆς
278 548 310 582 ἢν
334 547 460 581 ἐπιζητεῖ
477 549 622 582 ἀκριϐείας
643 548 678 574 τὰ
698 549 848 583 πράγματα
864 550 932 584 προς
951 550 999 584 τὴν

207 592 385 627 ἐνδεχομένην
403 593 570 619 κατάστασιν
592 593 629 627 μὴ
655 593 845 627 καθιστάμενα
870 593 920 628 (μὴ
945 594 999 628 γὰρ

208 638 342 673 παρόντος
362 638 481 673 χρῆσθαι
499 641 530 674 τῇ
550 639 698 673 ἀκριὸείᾳ,
722 639 829 674 ἀνάγκη
844 640 866 654 ’⁸
881 640 998 674 χρῆσθαι

206 683 297 715 καθὼς
310 684 343 710 ἄν
359 693 400 715 τις
417 683 532 717 εὔπορος
585 686 609 717 ),
635 685 685 711 οὐκ
712 684 765 716 ἔξω
787 686 916 719 προνοίας
933 686 997 719 ἡμῖν

206 731 292 765 ἐφάνη
304 732 351 758 καὶ
365 733 427 766 περὶ
440 732 484 757 τοῦ
499 731 616 766 ἀριθμοῦ
630 732 684 757 τῶν
696 734 755 763 ταῖς
767 733 910 767 διαθήκαις
925 733 998 766 ὀφει-

206 775 306 802 λόντων
324 776 471 811 μαρτύρων
487 778 614 811 παρεῖναι
641 777 820 812 διορίσασθαι.
846 778 930 804 Τοῦτο
948 778 996 812 μὲν

205 818 251 847 οὖν
268 822 308 853 είς
331 821 393 847 νοῦν
417 819 481 856 ἦ).οε
506 822 552 847 καὶ
568 821 606 855 τῷ
629 822 787 857 ἁειμνήστῳ
809 822 887 857 ἡμῶν
912 823 995 856 πατρὶ

204 866 351 901 διαιτῆσαι,
369 867 437 901 πλὴν
451 867 539 893 ἔοικεν
557 868 586 893 οὐ
605 868 674 894 πάνυ
692 877 718 894 τι
743 868 864 903 ἀκριϐῶς
881 868 952 902 ἔχειν
965 868 995 894 τὸ

1054 278 1215 312 praesidium
1227 279 1309 308 adsit.
1325 279 1476 315 Oportebat
1504 282 1598 318 itaque
1612 291 1668 318 quo
1681 284 1767 319 magis
1790 293 1840 312 ne-

1052 330 1132 351 cesse
1145 327 1198 356 est,
1219 328 1321 352 statuta
1353 325 1495 354 hominum
1522 335 1538 355 e
1560 328 1618 355 vita
1647 328 1840 359 decedentiutn

1052 368 1131 395 tlrma
1143 376 1215 402 esse,
1229 377 1382 406 eO'quoque
1395 373 1483 407 magis
1494 373 1587 400 eadem
1604 381 1652 409 per
1680 376 1838 404 testimonia

1051 414 1179 442 stabiliri.
1202 415 1301 443 Verum
1320 417 1451 451 quoniam
1474 418 1633 453 frequenter
1651 427 1697 448 res
1726 425 1839 456 propter

1050 466 1146 486 eorum
1176 467 1236 494 qua:
1262 461 1388 490 strictius
1413 463 1593 498 requiruntur
1619 465 1774 499 penuriam,
1802 467 1838 493 ad

1051 504 1208 538 possibilem
1237 505 1347 533 modum
1361 506 1460 534 deduci
1479 507 1603 537 videmus
1615 509 1692 544 (cum
1720 518 1838 546 namque

1051 550 1147 578 stricto
1161 551 1224 585 jure
1236 552 1273 578 uti
1284 559 1339 578 non
1355 552 1447 584 datur.
1462 562 1598 589 quemque
1613 564 1668 590 quo
1692 557 1774 583 modo
1790 565 1839 591 po-

1051 598 1102 622 test
1116 596 1153 621 uti
1168 597 1318 624 necessitas
1338 597 1400 631 est),
1413 598 1446 625 dc
1463 599 1573 626 testium
1594 608 1719 634 numero,
1730 609 1785 635 quo
1803 608 1838 630 te-

1050 642 1193 670 stamentis
1211 643 1308 670 adesse
1324 643 1452 675 debeant,
1465 649 1585 672 statuere
1607 653 1662 673 non
1691 647 1808 675 alienum
1821 656 1835 674 a

1049 688 1217 721 providentia
1229 689 1306 716 nobis
1321 689 1409 716 visum
1427 689 1543 725 est(96).
1565 692 1652 726 Atque
1666 692 1716 719 hoc
1725 693 1835 727 quidem

1048 733 1128 759 etiam
1142 735 1316 767 sempiternae
1344 736 1482 762 memoriae
1511 736 1580 769 patri
1603 741 1698 763 nostro
1713 738 1740 764 in
1758 746 1835 765 mcu-

1048 781 1100 803 tem
1118 778 1209 804 venit:
1229 786 1321 805 verum
1337 780 1409 813 quod
1427 781 1522 806 statuit
1539 788 1592 808 non
1612 781 1690 809 valde
1705 782 1730 809 id
1742 789 1836 810 exacte

1048 827 1179 849 statututu
1191 831 1250 850 esse
1260 824 1412 858 judicatnm
1427 831 1479 852 est.
1495 826 1562 853 Cum
1573 828 1646 854 enim
1663 830 1834 862 superiorum

1047 867 1233 902 legislntorum
1267 870 1337 897 alius
1370 871 1425 906 (97)
1441 877 1557 906 septem,
1590 874 1661 900 alius
1676 874 1736 908 (98)
1769 882 1834 901 vero

203 912 348 947 διορισθέν.
374 913 434 939 Τῶν
454 914 508 947 γὰρ
532 914 585 947 πρὸ
611 914 693 939 αὐτοῦ
719 914 873 947 νομοθετῶν
889 911 919 940 οὗ
948 915 994 949 μὲν

1048 912 1169 946 quinque
1180 914 1360 942 assumendos
1378 924 1438 943 esse
1450 921 1533 944 testes
1551 919 1703 945 censuisset
1720 919 1835 953 (septem

204 959 275 985 ἑπτὰ
291 959 551 994 παραλαμϐάνεσθαι
571 960 722 994 μάρτυρας,
738 956 768 985 οὗ
779 960 806 985 δὲ
827 960 906 986 πέντε
924 960 994 993 γνώ-

206 1012 260 1038 μην
283 1004 479 1039 ὲξενηνοχότων
499 1005 581 1039 (ἑπτὰ
609 1005 657 1039 μὲν
680 1006 708 1030 ἐν
736 1005 845 1032 πόλεσιν
868 1005 901 1036 ἃς
924 1006 995 1037 εἰκὸς

203 1049 459 1084 πολυανδρουμένας
497 1049 534 1084 μὴ
559 1050 676 1085 ἀπορίαν
703 1050 775 1084 ἔχειν
798 1051 832 1083 ³⁷,
858 1051 939 1076 πέντε
966 1050 994 1076 δὲ

203 1096 232 1121 ὲν
260 1097 314 1127 τοῖς
340 1096 434 1130 ἀγροῖς
458 1097 505 1122 καὶ
528 1095 694 1130 ὁδοιπορίαις
716 1096 760 1122 διὰ
791 1096 839 1131 τὴν
866 1096 994 1127 πολλάκις

203 1140 358 1174 φθάνουσαν
382 1141 435 1167 τῶν
458 1142 497 1172 εις
522 1141 612 1167 πίστιν
631 1141 713 1172 ἀξίων
734 1142 987 1176 περιτυγχανόντων

201 1185 381 1221 ὀλιγότητα),
404 1186 507 1213 τούτων
535 1186 622 1217 οὕτως
646 1187 689 1212 ἐπ’
707 1187 729 1202 ¹⁸
756 1187 869 1213 ἐκείνων
885 1187 992 1221 διακρι-

202 1231 319 1263 οέντων,
344 1232 392 1258 καὶ
426 1232 441 1257 ὁ
468 1231 601 1266 ἡμέτερος
633 1231 723 1266 πατὴρ
750 1232 796 1258 τὸν
827 1232 992 1266 ὑπερέχοντα

200 1276 317 1312 ἀριθμὸν
339 1276 459 1312 παριδὼν
481 1276 510 1303 ἐν
532 1285 563 1303 τε
589 1277 698 1303 πόλεσιν
712 1278 812 1311 ὁμοίως
835 1279 882 1304 καὶ
898 1278 992 1311 ἀγροῖς

199 1323 247 1349 καὶ
273 1317 440 1357 ὁδοιπορίαις
467 1323 599 1357 ἀπένειμε
624 1323 673 1358 τὴν
706 1323 751 1349 διὰ
777 1323 858 1348 πέντε
889 1323 993 1357 μαρτύ-

201 1375 256 1402 ρων
280 1369 339 1398 ταῖς
357 1367 499 1402 διαθήκαις
528 1368 686 1402 βεϐαίωσιν,
713 1368 780 1402 προς
802 1368 851 1402 τὴν
877 1367 924 1393 νῦν
940 1376 992 1394 κα-

198 1413 352 1448 τασχοῦσαν
374 1414 419 1440 τὸν
437 1414 493 1449 βίον
507 1414 610 1441 ἔνδειαν
627 1414 676 1448 τῆς
693 1414 804 1449 ἀρετῆς,
826 1413 864 1445 ὡς
879 1411 939 1448 ἔμοι
960 1422 991 1447 γε

199 1460 283 1492 δοκεῖ,
297 1461 411 1488 ἀπιδών.
437 1462 532 1497 Ὅμως
545 1481 553 1494 ,
580 1462 647 1497 ὅπερ
663 1461 788 1496 εἴρηται,
810 1461 840 1487 οὐ
860 1461 930 1487 πάνυ
950 1469 991 1492 τις

199 1506 329 1541 ἀκρίϐεια
345 1506 384 1542 τῷ
403 1507 518 1542 δόγματι
539 1507 680 1542 πρόσεστι.
697 1507 774 1540 Τάχα
790 1506 844 1541 γάρ
858 1513 899 1537 τις
915 1506 989 1539 ἐρεῖ,

198 1551 236 1584 ὡς
251 1552 302 1579 οὐκ
318 1552 375 1579 ἴσον
390 1553 473 1588 ἐχρῆν
494 1553 641 1587 ἀπονεῖμαι
661 1552 706 1578 τὸν
724 1551 851 1586 ἀριθμὸν,
876 1550 933 1576 ἀλλ’
949 1550 989 1581 εἰς

1048 958 1157 992 quidem
1175 959 1203 986 in
1219 960 1388 993 civitatibus,
1414 963 1517 997 quippe
1549 964 1594 991 ubi
1621 968 1731 999 propter
1747 965 1835 992 homi-

1047 1011 1111 1029 num
1138 1005 1352 1037 multitudinem,
1380 1011 1409 1033 ut
1437 1014 1652 1037 consentaneum
1678 1014 1730 1043 est,
1751 1014 1834 1038 testes

1046 1047 1165 1075 defuturi
1181 1057 1234 1077 non
1248 1056 1327 1078 sunt:
1346 1052 1372 1078 in
1385 1053 1458 1088 agris
1472 1061 1535 1081 vero
1549 1060 1573 1081 et
1587 1055 1742 1088 itineribus,
1755 1057 1834 1090 quin-

1045 1101 1109 1128 que,
1126 1096 1199 1129 quod
1220 1104 1317 1131 magna
1341 1098 1396 1125 illic
1419 1099 1580 1134 plerumque
1607 1101 1749 1127 hominum
1779 1102 1832 1129 [ide

1045 1140 1190 1174 dignorum
1210 1143 1375 1178 raritas(99)
1393 1145 1450 1179 sit),
1469 1152 1530 1171 cum
1559 1147 1623 1178 hoc,
1650 1148 1770 1182 inquam,
1794 1148 1831 1175 ita

1045 1186 1078 1212 de
1095 1187 1149 1214 illis
1166 1189 1345 1215 constitutum
1361 1194 1443 1222 esset,
1466 1196 1543 1224 pater
1562 1197 1656 1219 noster
1667 1193 1735 1228 (99‘)
1749 1201 1831 1220 exsu-

1044 1236 1184 1265 perantem
1198 1241 1340 1260 numerum
1359 1235 1524 1269 despiciens,
1549 1236 1631 1263 simul
1663 1238 1689 1264 in
1708 1239 1825 1265 civitati-

1044 1276 1105 1308 bus,
1123 1277 1203 1304 simul
1219 1277 1245 1304 in
1256 1279 1330 1312 agris
1343 1283 1370 1305 ct
1388 1280 1533 1307 itineribus
1545 1288 1593 1314 per
1607 1282 1728 1316 quinque
1746 1287 1831 1312 testes

1043 1323 1215 1349 testamentis
1231 1323 1351 1357 vigorem
1382 1325 1526 1357 attribuit;
1552 1326 1634 1360 idque
1662 1327 1724 1354 ideo
1757 1328 1829 1362 (mea

1043 1367 1152 1401 quidem
1162 1369 1386 1403 scnlentia)quod
1400 1374 1503 1404 quanta
1529 1379 1601 1398 nunc
1611 1372 1720 1400 virtutis
1736 1373 1829 1408 inopia

1043 1414 1190 1439 humanam
1207 1414 1288 1440 vitam
1308 1421 1433 1449 occupet,
1451 1417 1644 1444 considerarit.
1656 1419 1829 1452 Attamen(id

1041 1457 1144 1484 dictum
1160 1464 1200 1486 est
1214 1467 1268 1486 non
1287 1461 1432 1488 admodum
1464 1467 1560 1489 exacta
1575 1464 1682 1491 ratione
1698 1464 1828 1498 placitum

1042 1502 1107 1529 illud
1123 1503 1228 1530 nititur.
1250 1504 1325 1531 Dicat
1338 1506 1410 1532 enim
1427 1505 1546 1534 fortasse
1565 1508 1676 1542 aliquis,
1697 1510 1829 1543 aequalem

1042 1555 1185 1575 numerum
1199 1549 1309 1576 attribui
1342 1558 1396 1577 non
1426 1552 1593 1585 oportuisse,
1610 1557 1692 1587 atque
1704 1554 1829 1581 testimo-

199 1582 233 1622 το
244 1582 569 1633 βραχύτερονησιδστεῖὶαι
589 1582 639 1633 τὴν
660 1598 688 1623 ἐν
708 1582 802 1632 ἀγροῖς
823 1596 870 1622 καὶ
884 1595 988 1621 ὁδοιπο-

1046 1594 1117 1620 niutn
1131 1595 1203 1629 quod
1218 1595 1244 1622 in
1261 1596 1335 1630 agris
1349 1601 1376 1623 et
1392 1597 1536 1625 itineribus
1550 1598 1706 1632 adhibetur,
1727 1600 1830 1628 arctius

201 1643 272 1679 ρίαις
289 1643 434 1679 γινομένην
452 1644 614 1680 μαρτυρίαν.

236 1690 269 1716 ’0
283 1688 330 1715 οὖν
351 1690 455 1721 ἐκεῖνος
474 1690 613 1725 παρεῖδεν,
625 1688 705 1715 τοῦτο
719 1689 801 1723 ἡμεῖς
814 1688 843 1714 οὐ
862 1687 989 1722 παριδόν-

168 1762 173 1766 ,
198 1743 261 1767 τες,
276 1734 452 1770 θεσπίςομεν,
468 1735 496 1761 ὲν
520 1735 568 1770 μὲν
590 1736 649 1766 ταῖς
663 1734 755 1760 πόλεσι
779 1733 828 1768 τὴν
844 1733 888 1760 διὰ
908 1733 988 1759 πέντε

201 1782 347 1817 μαρτύρων
360 1781 567 1816 χορηγουμένην
578 1781 638 1809 ταῖς
648 1779 785 1811 διατάξεσι
796 1778 916 1813 κύρωσιν
927 1786 989 1811 τυγ-

199 1828 290 1862 χάνειν
313 1826 448 1861 ἀποδοχῆς
459 1847 466 1859 ,
488 1827 517 1853 ἐν
532 1826 698 1861 ὁδοιπορίαις
716 1825 745 1852 δὲ
763 1825 810 1851 κα).
829 1824 925 1858 ἀγροῖς
942 1823 989 1850 καὶ

199 1874 259 1903 ταῖς
269 1871 364 1903 ἄλλαις
378 1871 600 1906 ὀλιγανδρούσαις
611 1870 713 1906 χώραις
726 1869 905 1896 εὐαπόδεκτον
920 1865 988 1894 εἶναι

198 1919 245 1945 καὶ
257 1917 306 1954 τὴν
321 1917 365 1945 διὰ
377 1918 471 1954 τριῶν.

472 1977 629 2004 ΔῘΑΤΑΞΙΣ
652 1976 719 2004 MB'.

198 2031 266 2066 Hirpi
286 2030 422 2067 ἀγράφου
442 2031 654 2101 διατυσὲιίῆοὲερές
673 2031 693 2067 ἣ
708 2031 764 2067 τῆς
785 2030 844 2066 ἤδη
867 2030 988 2065 τραφεί-

239 2144 268 2173 ’0
282 2146 364 2179 αὐτὸς
382 2146 508 2182 βασιλεὺς
521 2145 659 2181 Στυλιανῷ
671 2144 809 2186 τῷιαὺτῷ.

234 2192 342 2219 Ἔοικεν
360 2193 378 2227 ἠ
407 2192 537 2224 πολλάκις
559 2193 588 2219 ὲν
610 2193 668 2223 τοῖς
689 2191 778 2225 λόγοις
797 2189 987 2225 ἐπικαθημένη

197 2236 316 2272 ἀσάφεια
341 2238 413 2274 δεινή
442 2246 484 2270 τις
508 2235 579 2264 εἶναι
610 2236 737 2270 σφάλλειν
759 2236 794 2262 τὰ
820 2235 985 2270 πράγματα,

1040 1639 1258 1666 contrahendum
1274 1640 1370 1668 fuisse.

1075 1682 1131 1710 Nos
1155 1683 1237 1718 igitur
1268 1686 1340 1719 quod
1357 1686 1402 1713 ille
1418 1687 1548 1721 neglexit,
1568 1695 1622 1715 non
1636 1687 1829 1723 negligendum

1040 1732 1180 1762 putantes,
1198 1730 1348 1762 sancimus,
1363 1736 1391 1757 ut
1408 1732 1434 1758 in
1448 1731 1599 1758 civitatibus
1616 1732 1739 1767 quinque
1752 1734 1829 1760 testi-

1040 1772 1091 1799 bus
1106 1773 1257 1800 stabilitum
1276 1779 1470 1803 testamentum
1486 1777 1654 1812 approbatur
1671 1787 1678 1804 :
1695 1778 1722 1804 in
1746 1778 1829 1806 itinc-

1040 1818 1118 1847 ribus
1136 1827 1202 1846 vero
1211 1824 1238 1848 et
1247 1821 1331 1855 agris,
1350 1822 1466 1856 aliisque
1481 1823 1643 1852 inliabitatis
1658 1825 1726 1853 locis
1744 1826 1828 1853 trium

1040 1866 1151 1893 testium
1168 1866 1342 1894 conﬁrmatio
1355 1869 1533 1903 suscipiatur.

1268 1969 1501 1999 CONSTITUTIO
1514 1971 1594 2001 XLII.

1041 2025 1075 2053 Ut
1089 2027 1126 2062 (t)
1136 2027 1264 2061 summus
1279 2035 1402 2055 numerus
1419 2030 1525 2056 testium
1538 2034 1724 2058 testamentum
1737 2036 1827 2059 ratum

1073 2062 1157 2096 faciat
1169 2063 1286 2101 tametsi
1296 2063 1335 2101 (2)
1351 2063 1383 2101 id
1399 2071 1481 2099 neque
1498 2064 1607 2092 illorum
1621 2066 1830 2101 subscriptiones

1073 2105 1154 2132 neque
1167 2098 1303 2132 signacula
1310 2097 1415 2125 Itabeat.

1074 2141 1145 2169 Idem
1162 2141 1311 2177 imperator
1327 2142 1415 2170 eidem
1433 2143 1566 2178 Styliano.

1072 2187 1138 2220 Quae
1157 2187 1184 2214 in
1203 2187 1294 2215 verbis
1310 2187 1413 2215 residet
1428 2188 1593 2222 obscuritas,
1617 2195 1733 2218 mutum
1750 2192 1825 2226 quod

1038 2237 1172 2260 tractatur
1190 2232 1331 2261 involvere
1359 2232 1467 2261 videtur
1483 2242 1490 2260 :
1505 2234 1605 2269 quippe
1618 2242 1679 2270 qua:
1695 2240 1825 2270 tanquam

197 2282 293 2319 ὥσπερ
309 2292 353 2316 τις
374 2273 458 2319 ἀχλὺς
480 2282 665 2318 ὲφηπλωμὲνη
684 2282 731 2309 καὶ
753 2281 783 2308 τδ
800 2280 892 2316 νοερὸν
915 2289 984 2315 συμ-

1046 2285 1157 2314 :xpansa
1172 2277 1297 2313 quadam
1306 2278 1404 2310 nubes,
1418 2282 1475 2306 tum
1488 2278 1656 2314 intelligendi
1669 2280 1724 2307 vim
1731 2280 1824 2307 animo

833 2348 915 2376 VARI
921 2347 952 2376 Ε
970 2346 1174 2375 LECTIONES.

231 2407 256 2424 ⁸⁸
273 2408 391 2443 Scrimg.
407 2407 473 2444 ᾁπό.
504 2408 526 2423 ’⁵
538 2405 925 2444 ϐοιξεΙ.-πραγματευομένων,
941 2404 1018 2444 quod
1032 2403 1155 2444 defendit
1167 2404 1288 2444 .Spangq
1301 2403 1384 2444 _Agyl._
1406 2403 1551 2444 delendum
1574 2404 1713 2444 censuit."
1734 2403 1756 2418 “
1768 2401 1823 2444 βεξ-

194 2443 269 2478 gatio
291 2442 442 2478 supplenda
468 2446 537 2469 erat.

585 2442 607 2482 ξ’
623 2437 711 2482 Codd;
720 2437 726 2441 “
736 2437 890 2482 ἀποχώρεϊν
902 2448 913 2482 ;¹
940 2437 1641 2482 εροιιέ.ηεοιιέροίιίῆαιπὸρεῖνίινειγᾼάπορῄσεινκηξθῌ
1653 2438 1749 2482 Melius
1765 2437 1822 2465 ὐπῖ.

195 2473 219 2494 δ’
236 2476 318 2506 Forte
326 2473 481 2512 ’ἀσφαλείας
494 2477 545 2511 (sc.
559 2476 603 2503 διὰ
616 2475 772 2512 μαρτύρων)
787 2473 974 2503 scribendum}
1013 2475 1037 2491 '°
1048 2473 1105 2502 Ecl.
1120 2474 1188 2501 Nov.
1203 2473 1238 2500 ‘27
1254 2482 1262 2507 ;
1281 2473 1408 2501 laudatur
1424 2473 1553 2501 llartiten.
1566 2473 1615 2501 lib.
1626 2480 1651 2506 ν,
1666 2475 1708 2501 tit.
1724 2474 1750 2500 1.

937 2540 1042 2569 ΝΟΤΔΕ
1049 2562 1055 2568 .

231 2590 288 2626 (96)
302 2590 392 2625 Atque
416 2590 454 2618 ita
487 2594 611 2618 mutatur
625 2596 757 2626 numerus
768 2588 881 2626 testium
896 2587 983 2626 Justi-

194 2624 295 2654 niatteo
311 2624 372 2660 jure
381 2626 532 2660 requisitus
550 2625 638 2653 lnstit.
659 2624 698 2652 De
710 2628 775 2652 test.
791 2624 938 2651 ordinaud.
955 2627 982 2650 et

194 2662 225 2689 υ.
240 2661 276 2687 De
290 2664 353 2688 test.
371 2661 463 2688 ordin.

230 2695 287 2730 (97)
299 2694 474 2730 {ustinianus
488 2703 512 2723 s.
524 2695 543 2722 1.
561 2695 614 2722 ult.
625 2694 688 2722 cod.
705 2695 742 2722 De
763 2698 873 2730 testam.

231 2696 276 2730 (97
299 2696 474 2724 lustinianus
488 2703 512 2723 s.
524 2696 543 2722 1.
561 2696 688 2722 ult.cod.
705 2696 742 2722 De
763 2698 873 2722 testam.

231 2696 287 2792 (98';
304 2729 355 2758 Jus
373 2734 450 2757 vetns
479 2730 623 2765 intelligit,
640 2731 673 2757 de
702 2736 757 2764 quo
773 2728 836 2764 vida
851 2727 865 2763 §
882 2728 907 2760 Ι,
930 2726 983 2761 5‘2,

231 2766 253 2792 5.
284 2770 338 2792 nst.
357 2765 394 2792 De
410 2769 517 2792 testam.

195 2765 210 2801 ς
227 2766 253 2801 5.
264 2765 338 2801 iln_st.
357 2765 394 2792 De
410 2769 517 2801 testam.

230 2800 286 2834 (99)
299 2799 329 2826 L.
343 2801 395 2826 ult.
410 2799 442 2827 ϐ.
459 2800 496 2827 De
508 2804 617 2827 testam.

230 2835 304 2870 (99⁵)
316 2834 434 2862 Basilius
450 2834 570 2862 Macedo.

241 2870 268 2905 t)
286 2869 409 2905 Epitomc
423 2873 512 2897 exstat
528 2869 599 2905 apud
615 2869 641 2902 5,
658 2868 751 2896 llarm.
767 2868 793 2903 l,
812 2868 827 2904 §
844 2868 885 2895 tl.

1072 2587 1110 2623 (2)
1128 2587 1185 2627 ῌοο
1208 2587 1267 2615 vult
1289 2597 1296 2615 :
1323 2587 1435 2627 ﬁrmum
1457 2594 1604 2622 ratumque
1630 2590 1823 2627 testamentum

1034 2630 1106 2662 esse.
1120 2623 1143 2650 si
1156 2627 1241 2650 testes
1257 2630 1311 2650 una
1326 2630 1393 2649 voce
1420 2622 1553 2662 duntaxat
1570 2622 1821 2662 pronuntiaverint,

1034 2657 1062 2685 id
1079 2660 1275 2684 testamentum
1309 2665 1388 2684 esse:
1405 2664 1456 2684 nec
1469 2657 1587 2691 amplius
1599 2657 1747 2691 quidquam
1766 2658 1824 2684 exi-

1033 2693 1059 2726 gi
1076 2701 1083 2718 :
1099 2692 1189 2718 valere
1204 2691 1322 2726 denique
1336 2691 1399 2718 licet
1421 2692 1562 2726 signacula
1579 2699 1633 2718 non
1644 2692 1668 2718 ei
1685 2692 1823 2726 apposita,

1035 2728 1097 2754 licet
1120 2726 1201 2753 etiam
1234 2727 1343 2753 testium
1358 2726 1576 2761 subscriptiones
1591 2733 1653 2761 cum
1670 2727 1823 2761 signaculis

1033 2761 1244 2802 desiderentur:
1264 2765 1292 2788 et
1304 2761 1425 2802 breviter
1440 2760 1476 2787 in'
1496 2760 1668 2801 testamentis
1700 2761 1835 2802 subscri-f

1034 2796 1141 2831 ptiones
1148 2800 1175 2831 et
1186 2796 1327 2829 signacula
1336 2796 1445 2823 testium
1470 2804 1524 2823 non
1537 2796 1640 2830 requiri
1652 2804 1658 2822 :
1672 2795 1745 2830 quod
1758 2797 1822 2823 nlim

1035 2830 1237 2867 requirebatur,
1257 2834 1285 2857 et
1310 2830 1348 2867 ita
1355 2831 1418 2867 lucc
1430 2831 1599 2867 constitutio
1628 2831 1741 2867 abrogat
1760 2831 1774 2867 ᾗ
1796 2832 1823 2862 5,

1039 2864 1109 2894 luet.
1126 2864 1163 2894 De
1180 2869 1288 2894 testam.
1300 2865 1449 2894 ordiuaud.
1466 2870 1493 2894 et
1513 2866 1627 2893 similes.
