4062 6202
489 368 596 431 523

1742 336 2019 399 LEONIS
2058 330 2517 394 PHILOSOPHI

3644 312 3753 377 524

492 474 726 533 auterat,
758 472 874 520 tum
906 477 936 517 a
961 466 1111 516 recta
1162 467 1348 510 rerum
1401 445 1881 504 administratione
1912 457 2069 496 aver-

2199 445 2412 514 ›έρουσα
2451 440 2552 509 τῆς
2601 434 2784 507 ψυχῆς
2832 433 2923 485 καὶ
2966 430 3065 500 τῆς
3112 429 3279 501 ὀρθῆς
3328 426 3439 481 τῶν
3489 430 3755 498 πραγμά.

492 575 589 619 tat.
644 561 798 616 Hanc
853 556 1024 626 igitur
1070 545 1427 605 obscuritatis
1484 540 1777 610 caliginem
1812 536 1924 592 ubi.
1958 535 2069 589 illis

2200 552 2277 588 ων
2331 530 2794 603 παραστρέφουσα
2851 523 3190 594 διοικήσεως.
3246 519 3466 590 Ταύτην
3512 519 3607 572 οῦν
3655 519 3758 590 τήν

493 611 982 710 constitutionibus
1023 657 1145 714 qua:
1184 640 1251 695 de
1282 632 1624 692 testamentis
1676 636 1865 700 agunt,
1895 641 2073 695 neque

2199 628 2272 697 τῆς
2326 624 2593 692 ἀσαφείας
2639 619 2808 690 ἀχλὺν
2846 615 2971 670 ἐπεὶ
3011 612 3467 683 κατακεχυμένην
3508 611 3759 679 ἐγνώκα-

499 746 827 800 mediocrem
879 751 1077 793 noxam
1141 733 1307 787 rebus
1367 726 1622 787 aderunt,
1677 719 2071 776 circumfusam

2179 736 2279 790 μεν
2332 716 2442 769 τῶν
2490 711 2785 777 διατάξεων
2825 707 3070 770 ἐκείνων,
3114 705 3170 758 αἱ
3208 704 3275 758 τά
3305 704 3432 774 περὶ
3480 703 3761 775 διαθηκῶν

500 852 622 893 esse
684 833 1039 905 cognovimus
1075 842 1089 880 :
1146 825 1436 895 pulchrum
1493 819 1610 873 fore
1640 816 1747 871 rati
1779 830 1993 877 sumus,
2028 814 2073 867 si

2199 812 2440 881 ιρίζουσι,
2468 808 2562 860 καὶ
2590 803 2796 874 βλάϐην
2824 802 2885 855 οὐ
2906 802 3007 870 τὴν
3025 795 3301 868 τυχοῦσαν
3318 798 3432 860 τοῖς
3460 795 3765 867 πράγμασι

500 931 622 983 illas
669 937 1114 997 repurgaremus,
1166 921 1553 988 quomodoque
1578 919 1907 967 testamenta
1943 922 2070 962 cono

501 1018 730 1083 firmari,
767 1026 861 1070 aut
883 1030 993 1069 non
1028 1018 1296 1082 oporteat,
1316 1008 1437 1078 lege
1469 1021 1576 1061 non
1607 1003 2080 1073 ambigua,ncque

502 1124 624 1179 quae
685 1106 838 1161 varie
888 1101 1223 1174 apprehendi
1278 1098 1488 1170 possit,
1542 1094 1921 1150 definiremus.
1975 1088 2079 1154 Qui

504 1208 633 1254 ante
660 1213 761 1253 nos
799 1198 866 1252 de
904 1193 1253 1252 testamentis
1305 1194 1640 1250 tractarunt,
1694 1183 1953 1239 bifariam
1990 1182 2082 1235 illa

505 1290 835 1353 diviserunt,
883 1296 937 1342 et
991 1285 1097 1338 alia
1150 1280 1369 1352 quidem
1404 1279 1650 1348 scriptis,
1687 1277 1790 1329 alia
1814 1289 1942 1328 vero
1967 1272 2086 1327 sine

509 1379 731 1449 scriptis
790 1376 985 1431 confici
1058 1372 1422 1427 tradiderunt.
1459 1368 1603 1433 Quin
1638 1374 1693 1422 et
1718 1365 1939 1419 modum
1979 1376 2088 1432 quo

510 1478 803 1538 utrumque
836 1472 1223 1522 testamentum
1261 1463 1337 1531 (et
1368 1460 1633 1529 scriptum
1659 1472 1875 1526 nempe,
1893 1462 1948 1508 et
1979 1468 2088 1506 non

512 1559 800 1629 scriptum)
832 1567 1009 1611 ratum
1042 1558 1155 1621 ﬁat,
1191 1554 1547 1624 subjecerunt
1582 1560 1678 1603 :ut
1720 1551 1923 1617 scripta
1960 1561 2092 1601 con-

515 1650 753 1703 tirmatio
782 1648 837 1701 in
869 1661 933 1701 eo
979 1645 1271 1707 consistat,
1322 1640 1469 1711 quod
1520 1639 1737 1694 vivente
1788 1637 2090 1691 etiamnum

514 1747 778 1796 testatore
832 1739 1055 1792 testium
1120 1727 1528 1803 subscriptione
1598 1731 2092 1799 obsignationeque

515 1833 772 1887 omnibus
799 1833 1042 1886 numeris
1070 1831 1377 1884 absolutum
1412 1827 1484 1882 sit
1515 1866 1530 1891 ,
1559 1825 1914 1893 nuncupativi
1938 1837 2087 1884 vero,

517 1925 633 1977 sive
658 1939 767 1977 non
794 1924 1010 1991 scripti,
1043 1920 1188 1990 quod
1221 1930 1427 1989 septem
1460 1933 1571 1971 non
1627 1916 1833 1984 indigni
1871 1914 1976 1968 fide
2011 1924 2091 1967 te-

525 2022 640 2069 stes
671 2030 730 2069 se
759 2014 1059 2076 audivisse,
1089 2028 1212 2066 cum
1257 2012 1329 2064 ita
1390 2015 1620 2063 testator
1674 2007 1858 2073 lingua
1898 2021 1995 2059 sua
2028 2006 2095 2059 de

519 2107 685 2159 rebus
748 2106 864 2160 suis
920 2103 1325 2175 pronuntiaret,
1385 2101 1773 2155 conliteantur.
1806 2098 1982 2167 Atque
2010 2097 2094 2151 his

520 2195 665 2253 hunc
694 2197 761 2250 ad
798 2195 1016 2250 modum
1070 2192 1415 2254 constitutis,
1483 2199 1787 2244 annectunt
1828 2188 2093 2256 scriptum

521 2295 930 2353 testamentum,
956 2287 1056 2340 nisi
1092 2285 1168 2356 (‘5)
1217 2283 1285 2338 ad
1322 2283 1628 2351 scripturae,
1676 2297 1782 2351 qua
1820 2279 2096 2334 testatoris

517 2383 777 2437 voluntas
830 2375 1199 2447 signiﬁcatur,
1269 2373 1659 2443 perfectionem
1713 2371 1874 2425 simul
1915 2371 2097 2423 omnia

521 2463 875 2535 conveniant,
902 2476 957 2522 et
983 2466 1207 2522 testium
1269 2463 1724 2532 subscriptiones,
1756 2476 1949 2531 nempe
1978 2476 2098 2530 qua:

520 2561 632 2616 illis
660 2560 727 2614 de
754 2558 1075 2613 sinceritate
1120 2552 1435 2608 testimonio
1489 2553 1621 2613 sint,
1681 2562 1733 2604 et
1791 2551 2094 2621 signacula,

520 2666 644 2722 quae
687 2645 1190 2714 subscriptionibus
1248 2641 1404 2694 fidem
1454 2642 1733 2707 praebeant
1772 2658 1783 2691 :
1817 2640 1924 2693 nisi
1984 2640 2099 2692 haec

522 2740 687 2797 simul
706 2738 891 2791 omnia
921 2735 1189 2805 (inquam)
1223 2732 1539 2801 priusquam
1574 2731 1619 2783 is
1643 2731 1802 2796 cujus
1839 2729 1892 2783 id
1931 2738 2101 2783 testa-

525 2839 769 2884 mentum
824 2836 927 2893 est,
953 2840 982 2881 e
1008 2826 1119 2880 vita
1189 2823 1435 2884 excedat,
1471 2830 1825 2885 concurrant,
1876 2821 2099 2873 omnino

525 2922 579 2976 id
608 2921 827 2975 irritum
861 2933 1005 2983 esse,
1041 2927 1099 2969 ttt
1122 2930 1295 2984 neque
1320 2926 1577 2982 tanquam
1602 2914 1889 2981 scriptum,
1925 2926 2101 2981 neque

525 3021 787 3080 tanquam
816 3009 1242 3077 nuncupativunt
1274 3005 1469 3058 valeat.
1489 3004 1569 3057 Ex
1596 3015 1707 3073 quo
1739 3017 1871 3055 sane
1900 3016 2101 3070 pracoc-

2179 903 2407 973 φέρουσι
2435 899 2501 963 ³¹,
2540 896 2719 958 καλῶς
2753 894 2898 963 ἔχειν
2923 888 3268 959 ὑπελάϐομεν
3295 887 3455 941 τοῦτο
3480 886 3764 941 ἀνακαθᾶ-

2184 1015 2305 1069 ραι,
2336 995 2431 1049 καὶ
2462 995 2610 1054 ὅπως
2632 992 2713 1044 δεῖ
2749 986 3044 1059 κυροῦσθαι
3072 985 3337 1053 διαθήκας
3368 982 3402 1053 ἢ
3439 983 3512 1052 μή
3534 1021 3548 1043 ,
3584 982 3768 1049 ἀναμ-

2184 1089 2504 1161 φισϐητήτῳ
2542 1083 2777 1153 διορίσαι
2809 1081 2959 1150 νόμῳ
2992 1080 3088 1131 καὶ
3129 1077 3203 1148 μὴ
3240 1073 3536 1157 ἀντιλαϐἀς
3565 1072 3781 1126 ἐκατέε

2189 1181 2358 1254 ρωθεν
2384 1180 2581 1248 ἔχοντι.
2616 1174 2755 1243 Ἤδη
2807 1170 2918 1241 γὰρ
2966 1171 3015 1223 οί
3060 1168 3166 1238 πρὸ
3210 1168 3371 1236 ἡμῶν
3404 1166 3531 1234 περὶ
3573 1162 3770 1254 amans

2188 1274 2299 1327 κῶν
2325 1272 2368 1303 ³’
2407 1268 2752 1329 διαλαϐόντες
2784 1263 2906 1333 διχῆ
2933 1261 3005 1314 τά
3036 1261 3163 1329 περὶ.
3187 1256 3393 1311 τούτων
3420 1254 3640 1316 διεῖλον,
3669 1253 3772 1305 καὶ

2188 1366 2253 1429 ἃς
2290 1365 2389 1434 μὲν
2421 1360 2713 1431 ἐγγράφως
2738 1355 2983 1424 γίνεσθαι
3006 1352 3071 1415 ἀς
3097 1351 3154 1434 δὲ
3175 1348 3441 1420 ἀγράφως
3462 1345 3771 1434 ὡρίσαντο,

2191 1432 2519 1526 καιτρόπον
2550 1447 2876 1515 ὑποθέμενοι
2897 1484 2912 1509 ,
2943 1444 3013 1496 δι’
3050 1432 3113 1493 οῦ
3145 1439 3210 1492 ἂν
3244 1438 3451 1507 ἑκάστη
3493 1432 3774 1505 κυρωθείη

2190 1547 2299 1600 τῶν
2319 1542 2614 1612 διαθηκῶν,
2639 1540 2674 1610 ἢ
2704 1554 2763 1591 τε
2783 1536 3079 1606 ἔγγραφος,
3111 1530 3276 1602 φημὶ,
3306 1529 3398 1582 καὶ
3425 1528 3458 1597 ή
3485 1526 3734 1596 ἄγραφος
3756 1538 3773 1553 ’

2194 1638 2286 1691 καὶ
2312 1637 2347 1706 ή
2389 1633 2487 1705 μὲν
2526 1631 2624 1699 τῆς
2652 1628 2931 1699 ἐγγράφου
2973 1624 3216 1693 κύρωσις
3245 1622 3304 1693 έν
3339 1618 3418 1689 τῷ
3443 1617 3543 1687 τήν
3582 1614 3778 1668 διατύ-

2198 1743 2371 1780 πωσιν
2397 1720 2797 1793 ἀπαρτισθῆναι
2827 1719 2923 1771 καὶ
2953 1717 3075 1778 ταῖς
3100 1712 3395 1785 μαρτύρων
3425 1707 3782 1777 ὑπογραφαῖς

2199 1817 2436 1877 καὶτοῖς
2480 1811 2890 1883 σφραγίσμασιν
2936 1807 3016 1860 ἔτι
3057 1800 3323 1874 παρόντος
3362 1802 3421 1855 ὲν
3466 1795 3782 1867 ἀνθρώποις

2194 1912 2288 1966 τοῦ
2329 1909 2681 1981 διαθεμένου,
2713 1907 2747 1975 ἡ
2785 1905 2843 1958 δὲ
2883 1906 2984 1973 τῆς
3025 1900 3277 1971 ἀγράφου
3322 1900 3379 1949 ὲν
3411 1893 3490 1964 τῷ
3534 1893 3699 1945 πέντε
3732 1890 3781 1921 ³⁸

2200 2004 2481 2073 μάρτυρας
2526 2002 2605 2063 είς
2635 1995 2977 2062 ἀξιοπιστίαν
3023 1994 3126 2045 οὐκ
3159 1988 3496 2061 ἀμφιϐόλους
3542 1999 3782 2054 συνομο⁹

2196 2094 2423 2163 λογῆσαι
2452 2092 2637 2144 λαϐεῖν
2665 2090 2857 2149 ἀκοαῖς
2878 2086 2949 2138 τὰ
2972 2080 3375 2150 διατεταγμένα
3403 2076 3543 2131 αὐτά
3568 2078 3785 2128 ἐκείνου

2196 2189 2262 2255 τῇ
2294 2184 2389 2238 τοῦ
2423 2181 2796 2250 διατιθεμένου
2823 2175 3070 2247 γλώσσῃ.
3100 2172 3318 2225 Τούτων
3343 2170 3399 2222 δὲ
3427 2168 3600 2229 οὕτως
3629 2165 3787 2234 ὲχόννο

2197 2295 2304 2331 των
2352 2276 2749 2347 προστάττουσι
2775 2271 2875 2341 τὴν
2923 2269 3202 2337 ἔγγραφον
3252 2262 3544 2332 διαθήκην,
3597 2261 3645 2310 εί
3700 2256 3781 2326 μὴ

2201 2368 2375 2421 πάντα
2415 2365 2551 2436 ὁμοῦ
2586 2362 2831 2416 συνέλθοι
2859 2362 2941 2423 είς
2983 2356 3261 2411 τελείωσιν
3291 2355 3336 2386 ⁸⁵
3372 2352 3473 2421 τῆς
3501 2348 3727 2421 γραφῆς
3754 2348 3796 2416 ἦ

2203 2457 2395 2528 μηνύει
2431 2456 2530 2525 τὴν
2562 2454 2815 2523 βούλησιν
2844 2449 2939 2503 τοῦ
2962 2446 3285 2516 διαθεμένου
3308 2488 3322 2511 ,
3359 2443 3455 2497 καὶ
3486 2439 3791 2511 μαρτύρων

2201 2548 2517 2619 ὑπογραφαὶ
2542 2545 2715 2615 ταύτῃ
2751 2540 3128 2613 μαρτυροῦσαι
3152 2538 3212 2592 τὸ
3238 2538 3462 2607 γνήσιον
3492 2533 3586 2586 καὶ
3610 2547 3794 2601 σφρα-

2201 2642 2344 2711 γῖδες
2379 2636 2721 2703 ἀξιοπιστίαν
2755 2632 3132 2702 παρεχόμεναι
3164 2631 3284 2692 ταῖς
3316 2625 3691 2711 ὑπογραφαῖς,
3730 2620 3785 2711 εί

2205 2708 2279 2797 μὴ
2309 2725 2480 2779 ταῦτα
2507 2726 2684 2776 πάντα
2718 2720 2853 2789 ὁμοῦ
2908 2717 3188 2788 συνδράμῃ
3222 2715 3353 2786 πρὶν
3395 2715 3427 2784 ἦ
3461 2712 3521 2777 ἐξ
3567 2708 3793 2779 ἀνθρώ-

2204 2837 2320 2872 πων
2343 2817 2706 2885 ἀφανισθῆναι
2737 2816 2827 2865 τὸν
2863 2806 2923 2865 οὗ
2950 2812 2982 2881 ἡ
3011 2809 3268 2879 διαθήκη,
3301 2805 3635 2875 ἀκυροῦσθαι
3682 2803 3793 2855 αὑ-

2202 2909 2302 2981 τήν
2326 2910 2420 2962 καὶ
2463 2907 2756 2977 ἐγγράφως
2782 2904 2877 2957 καὶ
2905 2902 3189 2972 ἀγράφως.
3236 2901 3330 2953 Ἐκ
3359 2898 3551 2969 τούτου
3583 2898 3647 2970 δή
3692 2918 3796 2954 του

2205 2997 2631 3070 προσδιορισμοῦ
2653 2998 2697 3029 ⁸⁵
2739 2996 2883 3049 πάνυ
2912 2993 3101 3056 ἀπλῶς
3142 2992 3252 3062 (ἵνα
3280 2991 3354 3061 μὴ
3382 2990 3525 3059 λέγω
3556 2991 3755 3054 κακῶς
3779 2994 3798 3060 )

524 3103 779 3173 cupativo
800 3101 1024 3170 placito,
1060 3113 1182 3153 cum
1213 3113 1322 3150 non
1348 3095 1638 3151 admodum
1657 3102 1815 3148 caute
1839 3094 1927 3156 (ne
1960 3093 2094 3147 inte-

2208 3092 2423 3162 ἔχοντος
2449 3090 2709 3158 σύγχυσις
2737 3088 2850 3156 ἔχει
2893 3086 2988 3138 καὶ
3016 3085 3217 3155 ἀπορία
3255 3083 3322 3136 τά
3352 3086 3480 3154 περὶ
3512 3081 3800 3153 διαθηκῶν

526 3193 629 3247 rim
685 3192 862 3246 dicam
929 3190 1088 3257 male)
1144 3195 1473 3257 conceptum
1517 3188 1612 3249 sit,
1654 3184 1907 3239 confusio
1937 3192 2101 3253 atque

523 3284 849 3355 ambiguitas
882 3297 993 3337 rem
1027 3279 1493 3336 testamentariam
1533 3277 1760 3331 invadit.
1800 3276 1933 3330 Aliis
1955 3274 2099 3329 enim

524 3376 743 3430 videtur
766 3381 1147 3429 testamentum
1180 3371 1329 3426 velut
1355 3368 1665 3424 adulterina
1698 3368 1925 3425 semina.
1951 3382 2103 3436 pror-

527 3480 625 3521 sus
648 3464 1017 3533 abjiciendum
1051 3482 1063 3516 :
1103 3470 1163 3516 ut
1206 3462 1329 3516 aliis
1364 3460 1583 3531 quidem
1615 3474 1680 3513 ex
1716 3459 1873 3511 bonis
1896 3458 2101 3511 utilita—

527 3571 632 3613 tem
655 3572 851 3627 capere
875 3556 1244 3625 Perntittatur,
1262 3552 1537 3608 defunctis
1565 3567 1693 3606 vero
1722 3565 1789 3603 ne
1814 3549 2101 3603 minimum

524 3650 745 3720 quidem
810 3649 1064 3703 utilitatis
1096 3664 1159 3701 cx
1190 3648 1352 3702 rebus
1402 3646 1517 3701 suis
1542 3646 1763 3699 accedat
1799 3663 1811 3696 :
1846 3642 1891 3697 si
1920 3650 2101 3695 tamen

525 3743 769 3797 defuncti
802 3742 1097 3794 utilitatem
1153 3740 1391 3807 aliquam
1416 3738 1681 3793 sentiunt.
1720 3735 1977 3789 Sentiunt
2003 3734 2103 3786 au-

529 3843 636 3885 tem
670 3847 792 3885 cum
823 3847 889 3885 ex
922 3831 1167 3900 ipsorum
1207 3837 1381 3882 morte
1422 3841 1515 3895 per
1552 3825 1799 3880 beneficii
1832 3823 2102 3893 erogatio-

527 3938 651 3976 nem
681 3922 927 3976 nonnulli
984 3920 1343 3975 reviviscunt.
1391 3920 1568 3986 Atque
1602 3917 1654 3968 hi
1702 3915 1917 3984 quidem
1941 3916 2105 3985 (quo-

527 4014 692 4067 modo
750 4014 888 4081 dixi)
946 4015 1090 4065 hunc
1151 4012 1204 4064 in
1270 4011 1489 4064 modum
1546 4025 1573 4061 a
1634 4024 1815 4063 rerum
1879 4023 2103 4063 suarum

528 4103 766 4157 utilitate
828 4103 1103 4155 hominem
1167 4115 1394 4169 prorsus
1418 4113 1615 4153 arcere
1646 4100 1851 4153 volunt.
1895 4098 2106 4163 Quibus

528 4208 657 4249 vero
686 4193 974 4264 benignior
1025 4192 1295 4246 sententia
1362 4190 1547 4243 animo
1584 4189 1806 4254 residet,
1846 4190 1901 4242 hi
1936 4198 2103 4244 testa-

526 4292 751 4348 mento,
799 4282 945 4353 quod
978 4282 1282 4351 sigillorum
1312 4280 1676 4350 impressione
1715 4278 2104 4348 perfectionem

2206 3176 2531 3252 πράγματα.
2578 3173 2675 3242 Οἷς
2707 3179 2804 3247 μὲν
2838 3178 2948 3246 γάρ
2989 3176 3137 3229 δοκεῖ
3170 3173 3450 3235 παντελῶς
3482 3172 3675 3243 ὥσπερ
3725 3174 3801 3226 τά

2208 3270 2337 3323 νόθα
2380 3269 2489 3321 τῶν
2526 3267 2861 3337 σπερμάτων
2900 3264 3182 3333 ἐκρίπτειν
3222 3263 3321 3333 τὴν
3366 3263 3656 3333 διαθήκην,
3700 3264 3803 3318 καὶ

2203 3362 2384 3423 ἄλλοις
2409 3360 2507 3431 μὲν
2527 3360 2591 3413 ὲκ
2616 3360 2715 3428 τῆς
2742 3358 3061 3429 περιουσίας
3084 3357 3408 3427 ἐπιτρέπειν
3436 3356 3798 3424 ὠφελεῖσθαι.

2204 3452 2282 3523 τῷ
2307 3452 2519 3505 θανόντι
2555 3450 2611 3503 δὲ
2639 3450 2759 3502 οὐδὲ
2787 3450 2850 3501 τὸ
2894 3448 3235 3519 βραχύτατον
3277 3447 3547 3515 ὠφελείας
3587 3448 3652 3500 ὲκ
3684 3446 3800 3499 τῶν

2208 3542 2427 3596 οἰκείων
2454 3545 2697 3610 μετεῖναι
2725 3542 2906 3610 (εἴπερ
2928 3556 3013 3602 τις
3034 3537 3288 3592 θανοῦσιν
3304 3538 3533 3607 ὠφέλεια
3556 3538 3799 3605 γίνεταυ

2210 3632 2419 3698 γίνεται
2441 3630 2497 3684 δὲ
2535 3628 2861 3694 ἀναξώντων
2883 3628 3041 3682 ἐνίων
3078 3628 3397 3698 εὐεργεσίας
3422 3626 3557 3697 ὲλέῳ
3583 3628 3647 3680 ὲκ
3699 3627 3805 3697 τῆς

2211 3725 2420 3777 ἐκείνου
2459 3722 2865 3792 ἀποϐιώσεως).
2904 3721 3065 3775 Ἀλλά
3094 3722 3203 3792 γὰρ
3229 3763 3245 3787 ,
3295 3721 3486 3792 ῶσπερ
3529 3716 3803 3783 είπον,¹οί

2216 3817 2314 3888 μὲν
2356 3815 2528 3879 οὕτως
2567 3814 2778 3880 ἀξιοῦσι
2810 3814 3089 3876 παντελῶς
3136 3811 3345 3883 εἴργειν
3386 3814 3478 3867 τὸν
3502 3812 3821 3883 ἀνθρωπονι

2209 3909 2306 3977 τῆς
2351 3907 2460 3958 τῶν
2500 3905 2717 3958 οἰκείων
2762 3904 3066 3974 ὠφελείας,
3108 3904 3157 3956 οἱ
3191 3903 3246 3956 δὲ
3280 3902 3804 3973 φιλανθρωπότερον

2206 3999 2541 4067 διακείμενοι
2572 3997 2796 4066 νέμουσι
2841 3998 2908 4066 τῇ
2945 3996 3020 4067 μὴ
3049 3994 3290 4064 λαϐούσῃ
3335 3995 3572 4066 διαθήκῃ
3598 3994 3660 4046 τὸ
3710 3996 3803 4047 τέ·

2208 4092 2348 4144 λειον
2376 4090 2463 4143 διά
2500 4090 2608 4143 τῶν
2641 4088 2975 4157 σφραγίδων,
3004 4090 3053 4142 εί
3088 4088 3179 4141 καὶ
3223 4088 3297 4159 μὴ
3331 4088 3630 4158 ἔγγραφον,
3678 4087 3804 4140 ἀλλ’

2209 4183 2399 4236 ὁποίαν
2436 4182 2503 4235 ἂν
2539 4183 2571 4252 ἡ
2613 4181 2876 4253 ἀγράφως
2910 4179 3223 4251 κυρουμένη
3254 4180 3485 4251 διαθήκη
3525 4179 3804 4251 λαμϐάνοι

2214 4274 2526 4343 βεϐαίωσιν.

528 4388 637 4427 non
689 4372 921 4443 accepit,
954 4374 999 4425 si
1034 4387 1141 4426 non
1174 4377 1231 4424 ιιι
1259 4370 1521 4440 scriptum
1576 4378 1893 4433 censeatur,
1947 4378 2095 4424 certe
2119 4379 2300 4425 tamen
2331 4367 2548 4439 qualem
2573 4380 2680 4420 non
2726 4365 2991 4434 scriptum
3044 4372 3097 4420 et
3156 4362 3583 4432 nuncupativum
3647 4363 3805 4416 acci—

529 4467 627 4533 pit.
661 4464 823 4519 talem
860 4464 1098 4530 vigorem
1136 4463 1402 4517 tribuunt.

593 4558 705 4615 Nos
727 4560 912 4629 itaque
940 4562 1353 4629 perplexitatem
1383 4559 1525 4611 hanc
1558 4556 1695 4611 adeo
1725 4557 1889 4611 rebus
1914 4557 2094 4611 huma-

2286 4553 2473 4615 Οὕτως
2499 4548 2592 4605 οὖν
2621 4550 2719 4621 τὴν
2747 4548 3158 4619 ἀμφισϐήτησιν
3183 4546 3390 4617 ταύτην
3420 4546 3558 4616 πρὸς
3591 4545 3804 4616 βλάϐην

528 4650 614 4704 nis
648 4663 770 4703 esse
800 4656 1133 4702 nocumento
1184 4648 1455 4708 videntes,
1490 4648 1542 4699 in
1588 4645 1974 4716 benigniorum
2009 4648 2094 4715 ju-

2211 4640 2377 4697 οὖσαν
2405 4643 2640 4713 ὁρῶντες
2661 4644 2773 4704 τοῖς
2808 4640 3124 4711 πράγμασι,
3154 4639 3255 4709 τῆς
3278 4638 3804 4709 φιλανθρωποτέρας

525 4742 708 4795 dicunt
774 4738 1104 4793 sententiam
1166 4738 1396 4808 pedibus
1432 4738 1595 4801 imus,
1630 4738 1938 4806 veterisque
1968 4736 2094 4806 legis

2210 4735 2320 4787 τῶν
2348 4732 2617 4787 δικαστῶν
2643 4732 2858 4803 μερίδος
2889 4730 3176 4800 γινόμεθα,
3206 4730 3301 4782 καὶ
3325 4728 3420 4783 τοῦ
3448 4728 3685 4782 παλαιοῦ
3704 4729 3807 4782 ’νό-

527 4830 817 4900 caliginem
873 4838 925 4885 et
968 4828 1382 4899 ambiguitatem
1446 4828 1498 4881 in
1568 4827 1871 4897 simplicem
1940 4837 2094 4897 atquc

2217 4844 2317 4895 μου
2344 4825 2405 4878 τὸ
2438 4822 2712 4894 ἀχλυῶδες
2751 4825 2844 4877 καὶ
2884 4822 3176 4893 ἀμφίδοξον
3224 4823 3303 4885 εἰς
3335 4820 3515 4889 ἁπλῆν
3545 4820 3643 4873 καὶ
3672 4838 3807 4891 τροι⁴

527 4930 768 4990 apertam
816 4920 1187 4989 cognitionem
1243 4917 1640 4982 convertimus,
1687 4933 1751 4971 ac
1798 4918 2094 4981 sancimus,

2216 4918 2313 4987 νὴν
2343 4915 2749 4985 μεταϐάλλομεν
2776 4915 3002 4985 εἴδησιν.
3041 4913 3342 4984 Τοιγαροῦν
3368 4913 3411 4943 ³·
3443 4911 3803 4980 θεσπίζομεν,

531 5025 586 5066 at
619 5012 694 5083 (4)
715 5011 852 5082 quod
867 5020 1260 5075 testamentum,
1292 5019 1544 5080 respectu
1571 5026 1762 5065 eorum
1789 5026 1911 5080 qua:
1960 5012 2094 5066 scri-

2218 5008 2317 5079 τὴν
2363 5008 2504 5061 κατά
2549 5006 2617 5060 τὰ
2660 5007 2944 5076 ὀφείλοντα
2992 5007 3110 5068 ταῖς
3159 5005 3461 5074 ἐγγράφοις
3508 5002 3807 5071 διαθήκαις

1792 5145 2027 5201 VARUE
2062 5143 2465 5202 LECTIONES.

600 5240 641 5271 ³³
675 5238 879 5310 Spang.
901 5241 1084 5294 mallet
1114 5241 1406 5310 φέρουσαν.
1476 5239 1520 5269 ⁸’
1554 5236 1787 5310 Scrimg.
1820 5236 2165 5310 διαθετικῶν,
2257 5237 2302 5269 ³³
2342 5238 2499 5310 Αενι.
2538 5237 2822 5310 legendum
2852 5235 3230 5310 censetﬁngd,
3267 5232 3446 5310 Locus
3470 5239 3804 5310 corruptus:

526 5301 758 5389 furtass'e
784 5301 889 5390 C']
919 5310 1097 5390 εχϋί.
1126 5301 1406 5390 constituit.
1446 5301 1862 5390 prmcedent'em.
1898 5385 1909 5390 Δ
1936 5308 1980 5338 ³⁵
2018 5306 2206 5390 Ztticlt.
2242 5315 2297 5388 et
2339 5301 2561 5390 Meerm:
2591 5301 2686 5362 Ξεί
2722 5307 2795 5390 uti;
2824 5307 3003 5390 πάντα
3023 5304 3501 5390 όμοῦῆσυνέλθοιη
3520 5301 3808 5390 τελείωσις

522 5374 627 5459 γῆς
669 5368 889 5459 γιραφῇς
912 5378 1247 5459 κτλ..,”‹ιιυοι1
1288 5368 1488 5459 βριιιιίξ.
1534 5386 1790 5448 ιινειξειετο
1822 5385 1992 5446 putat.
2077 5377 2120 5406 ⁸⁵
2151 5375 2384 5446 Scrimg.
2421 5368 2909 5448 προδιωρισμένου.
2946 5368 3145 5430 Deinde
3174 5373 3379 5444 Spang.
3413 5373 3530 5428 vult
3562 5370 3664 5441 legi
3727 5368 3807 5437 μὴ

523 5449 663 5501 πάνυ
690 5447 896 5509 ἁπλῶς.
978 5448 1021 5478 ⁸⁸
1055 5447 1167 5501 Ecl.
1197 5447 1401 5518 ittt'ipil.

2046 5556 2253 5613 NOTAE
2264 5598 2275 5613 .

2218 5653 2344 5713 tari,
2401 5669 2521 5722 quae
2553 5652 2633 5707 vel
2670 5652 2736 5706 de
2761 5654 2988 5725 scripto,
3056 5652 3137 5709 vel
3194 5650 3565 5722 nuncupatim
3622 5655 3799 5705 testa-

2206 5732 2389 5779 tucnto
2426 5732 2585 5777 cauta
2624 5731 2780 5779 suttt.

695 5648 1026 5772 gingiuae“
1069 5734 1097 5769 a
1136 5719 1315 5774 Leone
1350 5722 1483 5776 nihil
1533 5724 1621 5778 hic
1669 5738 1859 5781 eorum
1905 5723 2096 5778 intutu-
