4062 6202
337 342 443 403 525

1423 351 1787 411 NOVELLxE
1811 355 2486 420 CONSTITUTIONES.

3474 376 3578 438 526

333 449 756 521 παρακολουθεῖν
802 453 965 524 ἀτελῆ
1019 455 1303 527 διαθήκην,
1354 462 1401 514 εί
1447 463 1533 516 διά
1592 466 1900 536 μαρτυρίας

2007 477 2098 537 pto
2132 477 2461 527 testamento
2521 474 2715 530 adesse
2763 475 2982 542 debent,
3039 477 3416 548 imperfectum
3446 492 3529 538 est
3562 503 3577 538 :

328 541 577 608 ἀγράφου
622 539 858 604 πίστεως
899 544 999 596 οὑκ
1037 545 1269 616 ἀπορεῖ,
1322 549 1547 618 βεϐαίαν
1588 549 1732 608 εἶναι
1769 555 1910 610 κατά

324 631 426 700 τὴν
443 633 550 684 τῶν
573 633 838 702 ἀγράφων
859 634 1134 705 διαθηκῶν
1156 639 1415 710 κύρωσιν·
1451 645 1498 695 εί
1527 645 1571 697 δ’
1597 645 1796 715 ἀπορεῖ
1813 649 1908 717 τῆς

322 722 412 777 διὰ
447 724 742 795 μαρτύρων
777 726 1013 790 πίστεως
1034 769 1048 793 ,
1076 729 1197 782 τότε
1227 731 1305 794 ὡς
1333 733 1498 803 μηδὲν
1528 735 1758 806 ἔχουσαν
1780 739 1910 810 ἀληο

324 813 478 878 Θείας
526 817 785 884 ἐχέγγυον
830 819 1188 890 ἀκυροῦσθαι.
1248 823 1347 885 Τίς
1408 827 1516 894 γὰρ
1576 828 1905 896 ἀκολουθία,

325 904 530 974 μᾶλλον
553 905 610 957 δὲ
651 906 768 968 πῶς
797 907 858 960 οὗ
895 911 1247 964 παντάπασιν
1276 911 1472 980 ἄλογον
1520 916 1612 968 καὶ
1645 918 1905 985 ἀνόητον,

321 995 418 1047 νῦν
440 995 542 1063 μὲν
567 997 693 1060 τοὺς
720 999 1004 1069 μάρτυρας
1026 1001 1278 1073 τοιαύτης
1304 1004 1584 1068 ἀξιοῦσθαι
1613 1008 1903 1080 ἀποδοχῆς,

319 1085 398 1146 ὡς
436 1085 530 1139 καὶ
564 1087 633 1140 τὰ
662 1090 782 1159 μηδ’
819 1091 956 1154 ὅλως
985 1097 1170 1164 γραφῇ
1217 1095 1438 1150 δοθέντα
1467 1099 1688 1167 κυροῦν,
1731 1101 1827 1153 νῦν
1857 1103 1904 1155 δ’

321 1175 522 1238 αὐτοὺς
552 1179 704 1247 παρὰ
742 1179 944 1248 φαῦλον
976 1181 1259 1250 τίθεσθαι,
1299 1187 1376 1250 ὡς
1411 1189 1484 1260 μὴ
1528 1189 1688 1253 ὄντας
1716 1191 1904 1258 ἀξίους

318 1264 387 1341 τὰ
416 1265 509 1318 διὰ
537 1269 753 1338 γραφῆς
779 1270 1084 1341 δηλούμενα
1110 1272 1396 1342 βεϐαιοῦνς
1426 1279 1602 1332 καίτοι
1633 1278 1678 1312 ³⁸
1702 1282 1903 1351 τρόπον

317 1354 444 1407 τινά
489 1357 720 1411 ἐνταῦθα
751 1361 1073 1432 ίσχυροτέρα
1115 1363 1322 1431 γίνεται
1360 1369 1393 1437 ἡ
1439 1368 1646 1432 πίστις.
1693 1371 1816 1435 Πῶς
1846 1373 1902 1426 δὲ

317 1448 438 1516 οὐχὶ
472 1449 616 1517 μετά
657 1449 749 1504 τοῦ
783 1453 1092 1522 παραλόγου
1117 1456 1160 1488 ³ο
1193 1458 1288 1509 καὶ
1322 1459 1514 1530 ἀναιδῆ
1565 1461 1658 1514 τοῦ
1691 1462 1899 1516 δικαίου

316 1539 613 1607 προδοσίαν
640 1540 790 1610 exet;
825 1543 878 1596 τί
899 1544 1027 1615 γάρ,
1059 1546 1108 1598 εί
1136 1547 1235 1615 τῆς
1262 1547 1558 1614 διατάξεως
1595 1553 1773 1623 ἀρχὴν
1801 1557 1902 1624 μὲν

316 1626 596 1698 λαϐούσης
619 1634 804 1700 γραφῇ
830 1633 1066 1688 δίδοσθαι
1090 1639 1184 1690 καὶ
1205 1637 1270 1690 τὰ
1291 1640 1690 1711 διατεταγμένα
1711 1645 1902 1708 ἀκοαῖς

316 1715 664 1786 ἐνηχήθησαν
692 1720 740 1772 οἱ
771 1720 978 1785 τούτοις
1016 1725 1114 1793 τὴν
1153 1725 1500 1791 ἀξιοπιστίαν
1547 1732 1900 1800 χαριζόμενοι

318 1806 636 1880 μάρτυρες,
667 1806 789 1865 εἶτα
826 1812 859 1882 ἢ
889 1814 982 1867 τὸν
1009 1816 1226 1885 γραφέα
1258 1818 1412 1882 νόσος
1446 1823 1710 1892 κατέσχεν
1736 1824 1766 1894 ἦ
1805 1828 1900 1880 καὶ
1932 1805 1974 1858 Β

316 1897 550 1962 θάνατος
574 1901 737 1954 αὐτὸν
763 1906 1181 1982 προανήρπασε,
1215 1909 1333 1976 μετ’
1357 1909 1420 1962 οὐ
1449 1911 1584 1964 πολὺ
1607 1912 1661 1965 δὲ
1691 1917 1784 1968 καὶ
1807 1916 1898 1969 τὸν

314 1985 640 2056 διαθέμενον
689 1987 812 2057 (οἷα
854 1993 1028 2046 πολλὰ
1069 1994 1182 2058 τοῖς
1228 1997 1538 2067 ἀνθρώποις
1582 2001 1899 2072 ἀπροόρατα

316 2076 708 2146 συμπτώματα
737 2080 1032 2152 ἔρχεται),
1075 2085 1162 2138 διὰ
1209 2086 1368 2139 τοῦτο
1418 2088 1577 2141 ἄδικα
1619 2093 1896 2148 πείσονται

316 2168 674 2237 περθόμενοι
699 2171 799 2239 τῆς
827 2175 885 2226 ὲν
917 2175 980 2243 τῇ
1023 2174 1184 2245 βουλῇ
1219 2176 1312 2228 τοῦ
1350 2177 1602 2241 θανόντος
1638 2184 1897 2255 κειμένης

313 2257 638 2327 εὐεργεσίας
666 2262 714 2315 οἱ
760 2267 963 2334 ταύτης
1004 2267 1299 2321 ἀπολαύειν
1345 2269 1475 2339 παρ’
1522 2272 1688 2325 αὑτοῦ
1726 2275 1894 2342 ἠξιω-

317 2349 470 2416 μένοι
494 2348 564 2415 ⁸⁹;
597 2352 691 2403 καὶ
721 2352 781 2406 τὸ
806 2353 1215 2423 σχετλιώτατον,
1254 2357 1314 2410 οὺ
1349 2359 1510 2427 μέχρι
1535 2360 1644 2412 τῶν
1675 2361 1895 2424 ζώντων

314 2435 516 2508 ἕστηκε
547 2439 608 2492 τὸ
639 2441 828 2507 κακὸν,
873 2444 1008 2497 ἀλλὰ
1041 2448 1136 2500 καὶ
1169 2446 1260 2500 τὸν
1293 2448 1523 2500 θανόντα
1553 2449 1762 2512 διώκει,
1801 2455 1892 2506 καὶ

315 2527 613 2596 ἀποστερεῖ
640 2531 828 2586 τοῦτον
863 2536 1005 2604 (ὅσον
1045 2533 1180 2609 ἧκεν
1222 2541 1302 2602 εἰς
1348 2538 1574 2610 γνώμην
1623 2542 1729 2594 τῶν
1756 2546 1892 2598 ἀκυ-

316 2619 560 2688 ρούντων
604 2621 703 2692 τὴν
747 2623 1047 2698 διαθήκην)
1089 2632 1188 2697 τῆς
1228 2631 1376 2700 παρά
1418 2628 1509 2682 τοῦ
1553 2633 1894 2703 οίκτίρμονος

315 2711 452 2764 Θεοῦ
487 2715 831 2782 συμπαθείας
855 2759 870 2783 ,
916 2714 982 2790 ἦς
1008 2720 1257 2788 μεθέξειν
1295 2725 1456 2778 αὐτὸν
1494 2725 1650 2788 ἐλπὶς
1686 2728 1750 2779 ἐκ
1798 2727 1891 2780 τοῦ

314 2796 373 2854 εὖ
409 2804 622 2874 ἑτέροις
644 2809 894 2873 γενέσθαι
939 2811 1148 2867 ἐκείνου
1172 2815 1280 2868 τῶν
1306 2813 1661 2888 ἀνθρωπίνων
1688 2820 1893 2886 ἀπογεο

314 2894 568 2964 νομένου,
617 2899 716 2950 Διά
745 2901 904 2954 τοῦτο
939 2904 1110 2956 ταῦτα
1157 2909 1494 2974 συνεγνωκὸς
1528 2911 1586 2964 τδ
1626 2912 1893 2981 ἡμέτερον

315 2985 521 3054 κράτος
551 2990 696 3059 σαφῆ
726 2991 821 3043 καὶ
867 2995 1234 3063 ἀναμφίϐολον
1263 2998 1520 3052 ἐθέσπισε
1556 3001 1746 3064 τύπον,
1779 3003 1855 3065 ώς
1876 3041 1890 3065 ,

317 3075 476 3143 εῐπερ
509 3077 670 3146 μόνον
699 3082 746 3132 οἱ
783 3085 1187 3155 μαρτυροῦντες
1213 3091 1372 3156 φαῖεν
1415 3093 1621 3144 οἰκείαν
1660 3092 1756 3145 τοῦ
1801 3093 1894 3145 ἀν-

318 3141 540 3231 θρώπου
565 3166 664 3236 τὴν
686 3141 980 3241 διαθήκηιέ
1003 3174 1076 3245 μὴ
1102 3141 1624 3249 ἀθετιεῖσθαιῗαύτῆν,
1919 3141 1962 3202 C

318 3253 482 3306 ϐαίαν
511 3253 672 3321 εἶναι,
709 3260 812 3312 κᾶν
839 3263 914 3333 μὴ
943 3265 1106 3333 μόνον
1131 3268 1175 3298 ⁸⁸
1203 3269 1257 3320 αἱ
1287 3271 1578 3340 σφραγῖδες
1608 3273 1892 3342 ὲνεδέησαν

316 3343 665 3411 ἐπικεῖσθαι,
714 3349 850 3405 ἀλλά
877 3355 969 3406 καὶ
999 3357 1055 3408 αί
1095 3357 1204 3410 τῶν
1249 3359 1544 3430 μαρτύρων
1579 3361 1894 3433 ὑπογραφαὶ

321 3434 462 3504 μετά
489 3441 922 3509 σφραγισμάτων
942 3445 985 3476 δ’
1011 3446 1366 3504 ἐλλείπουσιν.

830 3535 1143 3590 ΔΙΑΤΔΞΙΣ
1191 3538 1302 3592 Ml"
1327 3541 1394 3594 ‘3.

314 3616 460 3685 Περὶ
490 3619 598 3672 τοῦ
630 3624 956 3704 κυροῦσθαι
994 3627 1092 3704 διὰ
1140 3631 1486 3704 ίσογῃὰφων
1537 3636 1642 3704 τὰς
1691 3634 1897 3704 διαθή-

383 3705 522 3753 κας,
556 3691 811 3761 καὶπερὶ
839 3695 948 3750 τοῦ
978 3701 1028 3750 εὶ
1057 3699 1155 3752 καὶ
1187 3691 1342 3767 τρεῖς
1355 3691 1720 3771 τυγχάνοιεν
1742 3691 1893 3773 μάρ-

383 3774 584 3824 τυρες.

399 3846 457 3900 ’0
479 3847 642 3912 αὐτὸς
673 3851 926 3920 βασιλεὺς
955 3856 1226 3928 Στυλιανῷ
1252 3859 1327 3928 τῷ
1348 3861 1518 3931 αύτῷ.

390 3939 504 4009 Οὐχ
533 3941 673 4012 ὑπὲρ
709 3940 785 3997 ὦν
815 3947 863 3996 οί
897 3949 1256 4016 προλαϐόντες
1283 3953 1429 4021 ἡμᾶς
1468 3953 1566 4024 τὴν
1598 3956 1895 4024 ἀσφάλειαν

316 4033 432 4092 τοῖς
477 4034 800 4103 πράγμασιν
858 4040 1245 4108 είσηνέγκαντο
1306 4043 1620 4114 μέμφεσθαι
1675 4048 1896 4114 τούτους

317 4121 534 4192 ἔχοντες
556 4127 722 4195 νόμον
743 4130 1056 4199 εἰσάγομεν,
1090 4133 1226 4186 ἀλλά
1259 4137 1547 4202 κάκείνους
1569 4142 1625 4191 ἐν
1658 4140 1892 4213 ἀποδοχῇ

318 4215 627 4302 ποιούμεθα
659 4219 758 4288 τῆς
792 4222 1099 4291 ἀκριϐείας,
1133 4226 1227 4278 καὶ
1250 4226 1318 4280 τὰ
1346 4229 1667 4298 πράγματα,
1699 4232 1782 4285 ὅτι
1820 4234 1895 4302 μὴ

316 4298 432 4356 οἷόν
449 4321 508 4356 τε
528 4307 666 4374 πρὸς
689 4308 748 4360 τὸ
767 4309 864 4378 τῆς
885 4311 1110 4382 γνώμης
1133 4315 1313 4369 αὐτῶν
1336 4318 1562 4385 ἀκριϐὲς
1578 4298 1892 4387 έπεσθαιλί,

318 4395 407 4464 ἐφ’
461 4398 586 4452 ὅσον
636 4399 873 4472 ἐγχωρεῖ
918 4404 991 4473 μὴ
1047 4405 1332 4459 ἐκπίπτειν
1384 4409 1484 4475 τῆς
1541 4410 1896 4482 ὀφειλομένης

318 4487 576 4559 ὁρίζομεν
595 4493 1000 4557 καταστάσεως,
1029 4492 1198 4562 Τίοῦν
1218 4499 1386 4563 ἐστιν,
1407 4499 1434 4552 ὅ
1464 4517 1633 4570 φημι;
1673 4503 1892 4574 Ἐκρίθη

317 4582 430 4642 τοῖς
462 4582 630 4635 πάλαι
661 4586 790 4653 περὶ
819 4586 1090 4656 διαθηκῶν
1129 4591 1588 4661 ἐπισκεψαμένοις
1629 4591 1718 4661 ὑφ’
1755 4595 1898 4647 ἑπτὰ

322 4671 590 4740 μάρτυσι,
636 4674 797 4728 πέντε
841 4677 897 4730 δὲ
947 4679 1009 4731 τὸ
1063 4679 1303 4744 ἔλαττον,
1339 4685 1459 4745 ταῖς
1496 4682 1892 4753 ἀποϐιωσίμοις

317 4763 601 4829 διατάξεσι
630 4771 913 4837 προσεῖναι
934 4770 994 4823 τὸ
1019 4772 1204 4842 κῦρος,
1241 4775 1334 4827 καὶ
1358 4774 1478 4827 οὐδὲ
1500 4774 1661 4828 τοῦτο
1686 4775 1891 4844 ἁπλῶς,

319 4852 437 4905 ἀλλ’
468 4853 740 4926 ὑπάρχειν
777 4859 872 4911 καὶ
897 4861 1242 4931 γραμμάτων
1272 4863 1346 4934 μὴ
1376 4863 1608 4934 ἀμαθεῖς
1640 4865 1766 4928 τοὺς
1797 4865 1896 4936 τὴν

2012 558 2057 610 si
2107 568 2286 614 tamen
2354 563 2708 631 nuncupativi
2765 565 3073 620 testamenti
3125 567 3442 623 testimonio
3472 585 3580 624 non

2011 649 2268 718 indigeat,
2289 651 2478 722 vigore
2511 656 2869 724 nuncupativi
2892 660 3206 714 testamenti
3232 659 3446 714 ﬁrmum
3470 661 3576 715 sit:

2009 739 2093 792 sin
2126 740 2345 795 testium
2399 742 2506 798 ﬁde
2543 743 2804 815 indigeat,
2831 754 2890 822 ut
2925 749 3068 817 quod
3103 751 3238 803 nihil
3270 751 3337 805 ad
3369 751 3578 808 facien-

2009 834 2129 886 dam
2160 834 2316 889 tidem
2379 836 2634 892 idoneum
2699 839 2914 904 habeat,
2947 841 3004 894 in
3035 841 3252 896 irritum
3302 845 3575 900 concidat.

2007 927 2138 992 Quae
2167 929 2311 982 enim
2363 933 2503 983 ratio
2555 938 2657 995 est,
2686 931 2798 985 imo
2857 935 3132 1000 quomodo
3187 950 3299 990 non
3352 938 3579 993 omnino

2007 1017 2302 1072 absurdum
2324 1021 2598 1089 nimisque
2631 1035 2877 1076 crassum
2908 1031 3011 1087 est,
3038 1025 3171 1080 alias
3198 1034 3365 1081 testes
3391 1028 3578 1084 istius-

2006 1107 2148 1161 modi
2183 1110 2574 1177 approbatione
2602 1111 2838 1182 dignari,
2873 1121 2932 1165 ut
2962 1130 3082 1182 quae
3107 1116 3254 1169 nulla
3286 1117 3370 1170 sui
3423 1125 3579 1187 parte

2005 1199 2210 1268 scripto
2236 1202 2488 1254 mandata
2520 1212 2668 1267 sunt,
2693 1203 3060 1258 conﬁrment?
3089 1206 3223 1262 alias
3255 1222 3384 1262 vero
3416 1209 3576 1277 quasi

2003 1290 2094 1358 qui
2126 1305 2221 1359 per
2265 1293 2588 1361 scripturam
2654 1293 2926 1348 declarata
2962 1298 3312 1363 conﬁrment,
3364 1299 3575 1370 indigni

2003 1381 2132 1447 sint,
2163 1383 2236 1435 ita
2267 1384 2388 1438 illos
2421 1385 2770 1452 vilipendere,
2807 1389 3107 1455 przesertim
3136 1404 3286 1456 vero,
3330 1405 3454 1444 cum
3487 1391 3575 1446 hic

1989 1474 2187 1543 aliquo
2235 1475 2397 1530 etiam
2462 1477 2626 1529 modo
2687 1476 2822 1532 ﬁdes
2855 1479 3268 1535 corroboretur.
3289 1480 3576 1547 Quomodo

2005 1562 2227 1632 insuper
2257 1564 2309 1616 in
2345 1564 2724 1618 detestandam
2757 1565 3297 1637 inverecundamque
3347 1571 3576 1638 aequita-

2005 1652 2074 1706 tis
2113 1653 2476 1720 proditionem
2536 1669 2640 1707 non
2696 1655 2982 1710 continet?
3019 1655 3156 1722 Quid
3184 1659 3228 1712 si
3281 1667 3575 1714 testamen-

2005 1749 2117 1794 tum
2147 1742 2353 1810 scripto
2405 1744 2541 1796 tradi
2594 1745 2844 1812 coeperit,
2903 1745 3161 1814 quodque
3209 1747 3572 1801 constitutum

2001 1843 2108 1897 est,
2162 1833 2450 1900 dignorum
2508 1833 2611 1887 ﬁde
2681 1836 2902 1890 testium
2959 1838 3185 1890 auribus
3238 1838 3571 1899 insonuerit,

2001 1924 2198 1979 deinde
2227 1939 2358 1978 vero
2381 1935 2475 1979 aut
2519 1927 2755 1980 scribam
2827 1929 3052 1982 morbus
3089 1929 3442 1997 corripuerit,
3479 1936 3574 1982 aut

1999 2029 2150 2069 mors
2188 2017 2349 2070 etiam
2389 2017 2562 2085 ipsum
2598 2017 2901 2079 sustulerit,
2934 2025 2987 2070 et
3021 2033 3142 2070 mox
3174 2028 3402 2072 testator
3437 2034 3572 2087 quu-

1998 2123 2104 2175 que
2133 2115 2357 2162 enectus
2403 2108 2475 2162 sit
2502 2110 2585 2176 (ut
2635 2109 2801 2160 multa
2842 2109 3152 2163 hominibus
3182 2124 3245 2162 ex
3274 2109 3574 2177 improviso

1997 2197 2345 2266 contingunt)
2371 2215 2384 2251 :
2411 2212 2536 2251 num
2562 2205 2850 2268 propterea
2879 2212 3016 2267 quos
3038 2198 3083 2252 is
3105 2201 3346 2252 moriens
3373 2198 3575 2253 beneﬁ-

1995 2292 2083 2345 cio
2099 2289 2289 2360 dignos
2340 2292 2573 2355 censuit,
2614 2291 2688 2343 illi
2716 2305 2782 2345 eo
2817 2290 3016 2359 privari
3044 2289 3299 2358 iniuriam
3333 2292 3571 2344 sustine-

1996 2382 2169 2436 bunt?
2200 2381 2262 2434 Et
2296 2397 2445 2446 vero,
2479 2381 2620 2448 quod
2655 2380 3093 2449 indignissimum
3135 2385 3243 2442 est,
3273 2393 3377 2430 non
3407 2377 3571 2430 modo

1995 2488 2102 2524 non
2171 2487 2293 2526 cum
2333 2471 2440 2524 vita
2486 2470 2536 2524 id
2589 2471 2713 2523 mali
2769 2477 3086 2524 testatorem
3131 2467 3355 2529 deserit,
3382 2481 3569 2520 verum

1995 2563 2155 2615 etiam
2221 2569 2494 2614 mortuum
2559 2561 2882 2626 insectatur,
2953 2560 3238 2631 privatque
3284 2560 3569 2628 (quantum

1995 2651 2212 2722 quidem
2243 2651 2308 2705 ad
2335 2665 2525 2704 eorum
2561 2651 2654 2718 qui
2679 2657 3064 2704 testamentum
3097 2649 3312 2703 irritum
3363 2649 3570 2702 faciunt

1994 2742 2320 2796 sententiam
2367 2741 2582 2809 attinet)
2634 2740 3003 2795 misericordis
3062 2737 3154 2794 Dei
3213 2740 3572 2794 commisera-

1994 2834 2164 2899 tione,
2196 2833 2354 2902 cujus
2379 2833 2699 2902 participem
2737 2835 2889 2889 illum
2915 2832 3051 2895 fore,
3093 2847 3157 2886 ex
3190 2845 3256 2886 eo
3279 2829 3424 2901 quod
3450 2830 3572 2900 ipso

1995 2923 2254 2979 defuncto
2309 2925 2401 2978 alii
2459 2924 2741 2980 beneﬁciis
2799 2924 3176 2988 subleventur,
3205 2938 3332 2992 spes
3354 2933 3457 2978 est.
3484 2921 3570 2976 ld-

1995 3013 2142 3066 circo
2173 3013 2503 3082 simulatque
2536 3021 2724 3068 nostra
2749 3022 2990 3082 potestas
3017 3011 3132 3065 lucc
3159 3011 3568 3072 animadvertit,

1997 3101 2302 3156 evidentem
2333 3111 2496 3172 atque
2531 3103 2894 3159 indubitatam
2920 3102 3148 3155 formam
3183 3100 3470 3159 sanciit,ut
3493 3099 3569 3170 (5)

1997 3193 2045 3245 si
2076 3201 2228 3246 testes
2253 3201 2456 3246 tantum
2505 3194 2690 3248 dicant
2722 3194 2870 3248 illius
2929 3191 3167 3245 hominis
3203 3191 3480 3261 proprium
3518 3190 3570 3243 id

1996 3295 2118 3335 esse
2145 3289 2548 3346 testamentum,
2579 3283 2630 3336 id
2675 3297 2784 3336 non
2825 3281 3183 3351 improbetur,
3218 3279 3314 3334 sed
3353 3279 3570 3332 ﬁrmum

1997 3377 2160 3440 atque
2188 3379 2362 3426 ratum
2388 3373 2495 3426 sit:
2531 3373 2747 3428 tametsi
2783 3387 2894 3426 non
2931 3372 3107 3428 solum
3141 3369 3445 3441 signacula,
3476 3367 3570 3422 sed

1996 3460 2160 3514 etiam
2194 3475 2315 3516 cum
2347 3461 2454 3515 illis
2480 3462 2704 3516 testium
2735 3461 3172 3529 subscriptiones
3195 3459 3395 3514 desint.

2443 3548 2908 3605 CONSTITUTIO
2926 3549 3110 3603 XLIII.

1969 3673 1971 3677 ι
2004 3641 2070 3695 Ut
2095 3657 2185 3709 per
2214 3641 2478 3695 scribendi
2511 3641 2723 3710 ignaros
2755 3640 2832 3708 (6)
2863 3650 3178 3694 testamenta
3221 3643 3380 3696 etiam
3445 3658 3572 3695 con-

2631 3710 2929 3778 ﬁrmentur.

2067 3863 2212 3920 Idem
2239 3863 2536 3934 imperator
2574 3864 2748 3919 eidem
2791 3863 3056 3936 Styliano.

2068 3955 2185 4010 Non
2213 3956 2356 4025 quod
2382 3955 2715 4024 superiores,
2747 3957 2840 4027 qui
2887 3957 3198 4013 communis
3228 3959 3352 4012 vita:
3401 3974 3570 4028 nego-

2000 4048 2090 4102 tiis
2117 4048 2432 4117 diligentem
2461 4047 2771 4102 cautionem
2809 4047 3134 4114 attulerunt,
3171 4050 3574 4119 reprehendere

1999 4145 2252 4206 velimus,
2284 4144 2456 4214 legem
2516 4141 2850 4213 proferimus
2890 4161 2903 4196 :
2935 4143 3031 4199 scd
3088 4143 3272 4214 potius
3300 4151 3358 4198 ut
3383 4155 3574 4199 exacta

2000 4237 2240 4307 ipsorum
2276 4235 2416 4289 ratio
2439 4235 2491 4289 in
2525 4250 2680 4289 usum
2742 4236 3054 4304 recipiatur,
3085 4251 3306 4304 operam
3357 4237 3572 4297 damus,

2000 4327 2344 4396 resqueipsaa
2367 4325 2530 4394 (quod
2570 4325 2690 4377 illas
2722 4333 2917 4376 exacto
2947 4325 3188 4394 ipsorum
3257 4325 3574 4394 praescripto

2004 4414 2332 4484 respondere
2391 4411 2731 4481 impossibile
2786 4412 2878 4479 sit)
2925 4427 3011 4474 ne,
3067 4413 3246 4479 quoad
3296 4413 3417 4480 ejus
3459 4412 3572 4466 ﬁeri

2004 4513 2202 4574 potest,
2252 4505 2434 4558 debito
2490 4517 2590 4556 suo
2623 4508 2765 4556 statu
2802 4501 3077 4564 excidant,
3107 4503 3392 4557 sanctione
3423 4519 3573 4556 cave-

2003 4610 2144 4650 mus.
2184 4594 2252 4646 At
2276 4593 2408 4663 quid
2461 4602 2544 4648 est
2567 4592 2710 4662 quod
2737 4591 2903 4646 dico?
2930 4591 3216 4646 Decretum
3252 4602 3338 4647 cst
3368 4609 3396 4646 a
3428 4604 3560 4648 vetc-

2001 4685 2152 4739 ribus
2167 4685 2233 4739 de
2255 4684 2595 4740 testamentis
2613 4683 2996 4748 tractantibus,
3023 4683 3191 4754 utlper
3209 4684 3347 4754 (7-8)
3368 4693 3573 4752 septem

2001 4784 2191 4838 testes,
2226 4776 2506 4830 minimum
2539 4786 2718 4830 autem
2754 4791 2852 4844 per
2908 4777 3150 4846 quinque
3189 4775 3573 4830 defunctorum

2003 4867 2222 4923 statutis
2257 4867 2557 4922 auctoritas
2610 4865 2856 4922 accedat.
2902 4866 3085 4936 Neque
3124 4882 3253 4920 vero
3288 4867 3342 4920 id
3371 4867 3574 4935 simpli-

1593 4998 1832 5054 VARIIE
1873 4999 2171 5057 LECTION
2179 5001 2282 5056 ES.

393 5101 436 5182 ξ’
460 5100 913 5195 ρι’ωροξίιίοηεηι
945 5109 1204 5195 omittit-nt
1240 5109 1456 5195 Zuichs'
1496 5119 1550 5166 et
1591 5109 1813 5195 51801:").
1866 5111 2098 5194 Scrimg.
2133 5111 2451 5195 παρὰ,ηΕο1.
2499 5111 2626 5195 διὰᾷ
2669 5113 2722 5195 ζ’
2752 5111 2872 5195 .Ecl.
2915 5111 3180 5195 καίτριγε.
3251 5111 3418 5195 ’ξ’-δίο
3462 5112 3574 5165 Ecl.

321 5169 519 5252 μέτει).
549 5169 858 5252 εῐιΜεςιοῐη.
883 5179 1021 5252 μετᾲ
1050 5179 1222 5252 ταῦτα
1247 5181 1580 5252 παραλόγου.
1619 5180 1853 5252 Scrimg.
1878 5199 1935 5252 μ.
1966 5169 2142 5238 ταῦτα
2172 5169 2500 5251 παράλογον.
2550 5181 2626 5252 ,⁸ο
2669 5179 2870 5252 Zuich;
2921 5189 2990 5252 et_
3009 5169 3227 5252 licertn.
3260 5181 3576 5252 ἀξιώμενοι.

321 5241 359 5313 ⁸-³
396 5239 516 5294 Ecl.
549 5243 654 5313 και
679 5244 754 5313 μὴ

784 5246 1033 5323 μόνονεί.
1107 5249 1153 5323 ⁸-³
1181 5246 1432 5323 Nonnulli
1454 5246 2050 5323 flc_logag~(30dtl.'psrd
2078 5253 2186 5323 τών
2219 5246 2693 5323 ἐσφραγισμένων.
2764 5249 2811 5282 ⁸⁸
2829 5249 2928 5307 Est
2954 5249 3068 5304 Ecl.
3105 5249 3235 5304 Nov.
3263 5249 3333 5304 26
3367 5246 3421 5306 et
3458 5252 3576 5304 lau-

319 5310 484 5363 datur
515 5312 660 5380 apud
683 5310 871 5370 nam.
901 5316 996 5372 lib.
1024 5333 1076 5384 ν,
1098 5320 1182 5373 tit.
1220 5320 1272 5387 1,
1304 5335 1424 5388 pag.
1453 5320 1578 5375 555.
1597 5310 1688 5351 v“
1715 5310 1946 5392 Scrimg'.
1972 5321 2212 5378 ἔσεσθαι.

1831 5435 2066 5491 NOTAE.

395 5515 472 5596 (ii)
490 5517 560 5570 Et
595 5519 670 5572 ita
691 5517 781 5586 jus
801 5528 961 5596 vetus
997 5523 1309 5593 abrogatur,
1331 5539 1442 5595 quo
1465 5525 1892 5596 subscriptiones

328 5589 559 5662 testium
581 5603 885 5657 eorumque
915 5589 1201 5660 signacula
1232 5589 1674 5662 requirebantnr.

396 5656 1038 5733 (6)91intconstitutum,
1071 5673 1130 5716 ut
1155 5656 1376 5718 litterati
1425 5674 1590 5720 testes
1621 5681 1720 5733 pro
1761 5665 1893 5718 illit-

331 5726 522 5782 teratis
559 5727 1020 5798 subscriptionem
1070 5733 1503 5800 interponerent,
1545 5736 1580 5790 l.
1616 5726 1714 5789 ult.
1747 5750 1888 5790 vers.

2000 5529 2058 5582 Si
2085 5527 2674 5611 veronnus,_aut_duo
2707 5531 2789 5583 vel
2829 5531 3011 5611 plures
3064 5531 3310 5597 litterati,
3336 5531 3470 5588 Cod.
3501 5529 3574 5586 De

2000 5606 2214 5652 testam.
2247 5601 2389 5665 quod
2415 5598 2516 5652 hac
2542 5597 2676 5651 Nov.
2712 5597 3030 5654 remittitur.

2069 5668 2209 5738 (7-8)
2240 5670 2267 5738 ς
2294 5667 2347 5723 2.
2382 5665 2516 5731 Inst.
2543 5668 2617 5726 De
2642 5672 2863 5726 testam.
2893 5672 3074 5728 ordin.
