4090 6206
470 327 573 389 527

1727 324 2002 385 LEONL’S
2030 324 2492 386 PHILOSOPHI

3610 319 3718 382 528

474 441 630 505 eiter,
662 438 756 494 sed
784 452 849 492 ne
872 437 949 508 (9)
981 435 1155 507 ignari
1216 436 1519 490 litterarum
1550 440 1721 490 testes
1751 445 1958 499 essent,
1990 436 2037 492 si

2159 435 2454 506 πιαρτυρίαν
2494 432 2970 502 κατατιθεμένους.
3010 431 3061 484 εί
3097 430 3142 464 ⁸⁸
3172 430 3230 483 ὲν
3262 428 3484 483 πόλεσιν
3530 429 3722 499 εἴησαν

474 529 696 602 quidem
722 531 775 584 in
810 528 1147 591 civitatibus,
1186 527 1279 581 ubi
1334 541 1442 581 non
1474 526 1585 581 fere
1620 527 1918 597 peritorum
1954 542 2041 596 pe-

474 621 633 675 nuria
689 628 794 684 est,
853 627 1181 673 testamenta
1234 617 1376 670 facta
1403 618 1514 671 sint
1558 635 1571 671 :
1635 620 1727 672 sed
1764 620 1811 672 si
1846 619 2040 673 aliisin

473 709 610 763 locis
634 710 687 761 in
719 707 920 776 quibus
952 705 1259 760 litterarum
1289 705 1469 759 studia
1502 705 1912 776 disciplinaque
1933 723 2041 761 non

472 797 764 851 admodum
795 796 1009 850 usitatae
1065 803 1215 858 sunt,
1287 795 1399 849 illic
1429 797 1647 849 testium
1700 812 1807 851 non
1854 806 2045 852 exacte

474 890 767 943 haberetur
797 888 938 941 ratio
967 904 981 940 :
1016 901 1192 955 neque
1241 886 1318 939 illi
1364 888 1465 941 soli
1521 888 1612 956 qui
1641 888 1707 942 ad
1739 889 2042 944 litterarum

475 977 717 1032 studium
753 977 967 1031 educati
998 986 1148 1041 sunt,
1180 988 1577 1046 quzererentur,
1610 979 1704 1034 sed
1738 981 1803 1032 ad
1837 987 2044 1035 testan-

472 1071 601 1124 dum
636 1078 693 1122 et
729 1068 1037 1122 litterarum
1089 1068 1321 1123 rudibus
1350 1070 1537 1126 aditus
1557 1078 1726 1125 esset.
1753 1070 1908 1137 Quod
1942 1073 2045 1125 ita-

472 1178 579 1231 que
619 1161 726 1216 illis
757 1160 811 1213 in
841 1159 1004 1223 locis,
1054 1159 1108 1213 in
1166 1160 1370 1228 quibus
1424 1160 1704 1215 hominum
1768 1163 2047 1227 scribendi

472 1254 769 1322 peritorum
798 1250 1131 1305 abundantia
1164 1266 1269 1304 non
1298 1258 1402 1316 est,
1443 1252 1527 1305 lex
1572 1253 1685 1308 ﬁeri
1737 1255 1952 1318 statuit,
1995 1254 2045 1307 id

475 1344 816 1400 consuetudo
874 1342 1131 1397 omnibus
1189 1342 1392 1411 ubique
1450 1343 1587 1398 locis
1622 1352 1675 1397 et
1701 1345 2039 1407 civitatibus,

477 1451 789 1507 quanquam
820 1450 1014 1505 magna
1048 1433 1331 1488 doctorum
1379 1435 1660 1488 hominum
1692 1438 1848 1506 copia
1882 1446 2045 1501 esset,

480 1528 552 1583 ita
579 1528 754 1583 facere
778 1527 1082 1581 volentibus
1103 1527 1400 1580 concessit.
1445 1526 1602 1592 Quod
1639 1543 1772 1583 sane
1794 1535 1848 1582 et
1873 1530 2051 1597 impe-

481 1619 700 1682 ratoria:
727 1627 929 1672 nostras
955 1616 1228 1685 maiestati
1250 1617 1426 1687 legum
1458 1618 1785 1673 auctoritate
1816 1617 2049 1688 dignan-

482 1710 610 1765 dum
629 1725 750 1765 esse
772 1708 997 1779 placuit.

555 1799 849 1855 Sancimus
879 1800 1045 1870 igitur
1076 1808 1131 1853 ut
1151 1816 1460 1869 quocunque
1495 1802 1549 1855 in
1584 1801 1706 1855 loco
1732 1810 1788 1856 et
1813 1802 2052 1868 civitate,

483 1893 648 1946 etiam
671 1890 782 1962 (l0)
825 1892 893 1946 ab
951 1892 1222 1961 imperitis
1280 1900 1607 1947 testamenta
1640 1892 2054 1960 conﬁrmentur,

487 1981 785 2036 dummodo
823 1995 1003 2036 mores
1046 1980 1265 2035 testium
1320 1980 1479 2035 ﬁdem
1528 1992 1862 2037 mereantur.
1915 1984 2057 2051 Quin

484 2080 542 2125 et
563 2086 846 2125 numerum
891 2084 997 2125 non
1062 2070 1237 2125 solum
1270 2071 1336 2125 ad
1367 2071 1610 2141 quinque
1657 2075 2057 2137 contrahimus,

486 2158 583 2214 sed
614 2159 682 2214 iis
708 2160 762 2214 in
787 2160 920 2212 locis
950 2160 1003 2213 in
1038 2159 1237 2229 quibus
1269 2176 1425 2216 raros
1453 2162 1559 2216 lide
1590 2163 1783 2232 dignos
1838 2165 2058 2235 prodire

487 2259 722 2315 constat,
755 2260 866 2308 tres
906 2251 1017 2321 (tl)
1056 2266 1275 2321 quoque
1316 2249 1550 2319 admitti,
1581 2269 1645 2310 ac
1683 2255 2056 2312 testimonium

487 2342 706 2398 illorum
729 2358 835 2397 non
875 2343 1157 2412 reprohari
1189 2345 1458 2400 volumus.

843 2519 1310 2578 CONSTITUTIO
1359 2524 1475 2595 (12)
1513 2525 1695 2580 XLIV.

593 2612 840 2681 Aquibus
896 2612 1009 2682 (15)
1044 2613 1319 2681 obsignari
1347 2624 1665 2672 testamenta
1683 2606 1947 2688 oporteat.

559 2700 706 2756 Idem
740 2703 1034 2772 imperator
1058 2704 1233 2758 eidem
1272 2705 1539 2776 Styliano.

557 2792 692 2847 Cum
712 2808 902 2848 omnes
936 2792 1027 2848 alii
1069 2795 1353 2851 hominum
1395 2808 1552 2855 actus
1591 2815 1656 2855 ac
1698 2805 1910 2872 negotia
1939 2821 2060 2877 qua:

494 2884 549 2939 in
583 2883 789 2939 litteras
834 2882 1171 2950 referuntur,
1230 2891 1537 2943 necessario
1598 2894 1934 2963 exquisitum
1974 2907 2056 2953 te-

493 2975 734 3029 stimonii
797 2974 1101 3031 subsidium
1156 2979 1439 3049 requirant
1494 3000 1506 3037 :
1560 2991 1672 3039 tum
1711 2989 1944 3046 maxime
2004 2992 2057 3046 id

495 3063 727 3130 faciunt,
772 3079 893 3133 qua:
934 3066 1186 3124 homines
1230 3041 1428 3129 natura
1471 3090 1568 3130 sua
1630 3078 1697 3133 ad
1766 3079 2052 3137 interitum
2085 3041 2130 3102 ο

496 3159 777 3222 vergente,
806 3154 1169 3225 discessuque
1201 3174 1232 3214 e
1260 3175 1427 3218 carne
1470 3165 1791 3225 imminente
1857 3172 2061 3229 litteris

494 3251 801 3312 exponunt,
831 3246 914 3301 his
949 3247 1001 3300 in
1041 3249 1163 3318 ipso
1192 3266 1223 3305 e
1256 3253 1365 3307 vita
1390 3270 1619 3312 excessu
1649 3263 1889 3318 rationes
1917 3280 2047 3321 suas

493 3343 548 3388 et
578 3335 914 3391 voluntatem
944 3341 1368 3400 committentes.
1391 3345 1521 3410 Quae
1551 3350 1697 3403 enim
1729 3353 1875 3407 inter
1906 3355 2061 3413 vivos

492 3424 805 3494 conscripta
831 3437 980 3494 sunt,
1010 3446 1324 3502 quanquam
1374 3437 1659 3510 obsignata
1697 3446 1831 3511 sint,
1863 3448 2063 3503 nihilo-

494 3512 678 3567 minus
725 3522 908 3570 tamen
951 3517 1172 3574 illorum
1209 3523 1335 3577 vitia
1366 3538 1428 3579 ex
1478 3530 1771 3586 verborum
1800 3535 1919 3603 ejus
1966 3538 2060 3605 qui

494 3605 735 3674 scripsit,
773 3622 1074 3679 eorumque
1107 3612 1175 3667 de
1207 3616 1409 3684 quibus
1442 3620 1707 3690 scriptum
1741 3625 2060 3682 confectum

493 3704 597 3757 est,
645 3697 1052 3756 examinatione
1114 3703 1620 3774 deprehenduntur.
1673 3713 1805 3779 Quae
1845 3733 1977 3772 vero
2031 3735 2060 3773 a

495 3784 856 3844 morientibus
901 3792 1109 3860 scripto
1160 3798 1594 3863 constituuntur.
1627 3818 1696 3856 ea
1756 3821 1814 3859 se
1875 3809 2059 3864 minus

494 3883 642 3930 recte
669 3876 891 3945 habere,
920 3884 964 3936 si
1004 3884 1219 3939 nullum
1253 3899 1463 3943 certum
1499 3894 1719 3971 testium
1748 3898 2061 3971 sulfragium

494 3968 658 4031 adsit,
686 3970 1024 4041 impossibile
1073 3979 1257 4034 dicere
1312 3991 1417 4038 est.
1450 3969 1650 4041 verum
1696 3968 1974 4049 enimvero
2012 4005 2067 4051 et

495 4056 585 4112 hic
612 4067 847 4118 tratatus
891 4065 1050 4136 longe
1079 4070 1282 4137 optime
1306 4087 1337 4127 a
1375 4074 1686 4145 legislatore
1714 4084 2065 4154 conscriptus

494 4157 600 4213 est,
625 4149 753 4204 dum
782 4167 925 4224 saepe
961 4163 1413 4218 testamentorum
1444 4174 1610 4224 teStes
1648 4171 1714 4224 ad
1773 4149 2063 4243 jusjuran-

494 4239 620 4293 dum
649 4242 792 4313 adigi
826 4246 1041 4312 nolens,
1078 4249 1185 4305 illis
1215 4266 1415 4311 census
1446 4256 1562 4326 (H)
1621 4239 1878 4331 magistri
1919 4283 2064 4324 nunc

2149 524 2206 576 αί
2236 524 2505 588 διατάξεις
2536 522 2933 603 πεποιημέναι,
2963 523 3020 574 ὲν
3062 515 3151 583 αἷς
3196 520 3296 573 οὐκ
3322 519 3473 573 ἐστιν
3518 520 3725 591 ἀπορία

2150 615 2495 684 γραμμάτων
2517 630 2533 645 ·
2567 615 2626 667 ὲν
2650 616 2770 677 ταῖς
2799 613 2988 673 ἄλλαις
3015 612 3071 665 δὲ
3097 610 3328 681 χώραις,
3368 605 3430 664 οῦ
3463 612 3539 682 μὴ
3580 614 3727 666 πάνυ

2149 707 2218 759 τά
2244 708 2344 776 τῆς
2389 704 2637 768 παιδείας
2666 704 2762 758 καὶ⁵
2786 703 3074 773 μαθήσεως
3106 701 3483 773 ἐπιχωριάζει,
3512 704 3631 756 ἐκεῖ
3656 705 3727 758 τά

2151 796 2259 850 τῶν
2292 792 2585 865 μαρτύρων
2649 792 2725 862 μὴ
2779 789 3273 861 ἀκριϐολογεῖσθαι,
3337 792 3474 861 μηδὲ
3530 792 3730 861 μόνους

2152 888 2393 949 ἐκείνους
2441 886 2737 955 ἐπιζητεῖν,
2788 882 2840 935 οἳ
2881 882 2969 940 διὰ
3020 882 3269 945 παιδείας
3300 883 3566 953 ἡχθησαν,
3610 884 3730 937 ἀλλ’

2153 977 2463 1046 εἶναιπρὸς
2510 976 2573 1029 τὸ
2607 975 2903 1045 μαρτυρεῖν
2970 973 3175 1025 είσοδον
3232 974 3327 1027 καὶ
3380 974 3732 1043 γραμμάτων

2152 1066 2602 1141 ἀμνημονεύτοις.
2634 1066 2803 1119 Τοῦτο
2822 1064 2922 1135 μὲν
2950 1063 3067 1128 οὖν,
3093 1065 3231 1134 ὅπερ
3255 1064 3283 1117 ό
3313 1063 3482 1133 νόμος
3504 1064 3726 1133 διώριζε

2156 1162 2344 1229 μόναις
2372 1158 2419 1190 ⁵⁸
2446 1156 2691 1226 γίνεσθαι
2720 1156 2948 1226 χώραις,
2977 1154 3035 1208 ὲν
3077 1148 3167 1217 αῖς
3191 1156 3293 1209 οὐκ
3322 1155 3470 1209 ἔστιν
3505 1155 3733 1226 εὐθηνία

2154 1254 2517 1326 γραμμάτων,
2552 1254 2593 1322 ἡ
2623 1250 2882 1320 συνήθεια
2929 1250 3202 1320 πανταχοῦ
3231 1249 3487 1303 λαϐοῦσιν
3527 1248 3731 1303 ἔδωκεν

2154 1346 2490 1419 πράττεσθαι
2518 1345 2613 1397 καὶ
2638 1343 2825 1405 τόποις
2871 1343 2967 1395 καὶ
3010 1343 3252 1408 πόλεσιν,
3291 1341 3395 1395 κᾶν
3423 1342 3512 1395 διὰ
3554 1342 3732 1412 μαθή-

2158 1453 2295 1496 σεως
2339 1431 2785 1501 πεπαιδευμένων
2824 1430 3035 1499 ἀνδρῶν
3062 1424 3197 1483 ὦσιν
3236 1428 3481 1500 εὔποροι.
3531 1430 3596 1481 Ὃ
3637 1430 3733 1482 καὶ

2156 1528 2220 1595 τῇ
2247 1522 2495 1594 βασιλείᾳ
2515 1520 2673 1590 ἡμῶν
2694 1520 2928 1590 ἀρέσκον
2949 1519 3104 1591 ὤφθη
3126 1521 3219 1575 καὶ
3242 1520 3424 1590 νόμων
3449 1519 3731 1585 ἀξιοῦσθαι

2156 1616 2253 1685 τῆς
2283 1610 2647 1685 βεϐαιώσεως.

2226 1790 2564 1861 Θεσπίζομεν
2593 1788 2638 1823 ⁸⁷
2667 1789 2866 1852 τοίνυν,
2894 1789 2953 1842 ἐν
2976 1787 3125 1861 πάσῃ
3143 1787 3296 1861 χώρᾳ
3333 1788 3426 1843 καὶ
3456 1790 3611 1842 πόλει
3637 1790 3734 1843 καὶ

2158 1884 2250 1938 ὑπ’
2297 1882 2525 1951 ἀμαθῶν
2559 1880 2858 1951 κυροῦσθαι
2913 1880 3334 1950 τάς“διαθήκας,
3376 1883 3425 1936 εί
3477 1882 3637 1952 μόνον
3668 1884 3735 1936 ἐκ

2156 1975 2251 2029 τοῦ
2267 1976 2471 2045 τρόπου
2510 1974 2573 2026 τὸ
2598 1972 2915 2039 ἀξιόπιστον
2944 1972 2994 2024 οί
3035 1972 3310 2043 μάρτυρες
3340 1972 3732 2042 ἀποφέρονται.

2157 2067 2269 2119 Καὶ
2309 2066 2402 2119 τὸν
2448 2064 2680 2133 ἀριθμὸν
2718 2064 2775 2116 δὲ
2807 2064 2866 2115 ού
2904 2063 3063 2133 μόνον
3104 2063 3236 2133 ἄχρι
3276 2064 3386 2116 τῶν
3425 2064 3585 2116 πέντε
3632 2081 3734 2115 πε-

2162 2155 2488 2226 ριορίζομεν,
2515 2152 2628 2205 ἀλλ’
2658 2153 2716 2205 ὲν
2741 2151 2947 2215 τόποις,
2976 2152 3035 2204 ὲν
3059 2146 3161 2215 οἷς,
3195 2151 3270 2213 ώς
3304 2151 3471 2215 εἰκὸς,
3494 2150 3735 2220 συμϐαί-

2159 2264 2238 2301 νει
2269 2247 2315 2281 ⁸⁸
2346 2245 2540 2299 σπάνιν
2570 2244 2779 2315 ἀνδρῶν
2809 2245 2888 2307 είς
2932 2242 3243 2313 μαρτυρίαν
3274 2242 3443 2306 ἀξίων
3484 2241 3735 2304 εἰσιέναι,

2158 2339 2254 2392 καὶ
2293 2337 2454 2407 μέχρι
2480 2335 2648 2407 τριῶν
2683 2335 2954 2404 φθάνοντα
2979 2335 3037 2388 τὺ
3061 2333 3421 2387 εὐαπόδεκτον
3444 2332 3612 2403 ἔχειν,
3641 2335 3737 2388 καὶ

2159 2428 2298 2486 εἶναι
2329 2431 2638 2501 ἀθετήσεως
2670 2433 2906 2501 κρείττω
2931 2430 3031 2501 τὴν
3057 2428 3392 2499 μαρτυρίαν.

2678 2526 2986 2579 ΔΙΑΤΑΞΙΣ
3044 2525 3151 2577 ΜΔ⁹
3182 2523 3248 2578 "’.

2163 2620 2328 2688 Παρὰ
2354 2620 2536 2673 τίνων
2559 2614 3088 2686 ἐπισφραγίζεσθαι
3116 2613 3211 2667 δεῖ
3255 2613 3363 2678 τὰς
3424 2612 3735 2680 διαθήκας.

2242 2712 2301 2765 '0
2334 2710 2493 2773 αὐτὸς
2522 2709 2774 2779 βασιλεὺς
2809 2707 3089 2777 Στυλιανῷ
3116 2706 3195 2775 τῷ
3220 2704 3389 2775 αὐτῷ.

2232 2805 2348 2858 Καὶ
2385 2804 2564 2858 πάντα
2597 2803 2695 2873 μὲν
2723 2801 2858 2856 ἄλλα
2888 2801 2989 2854 ὅσα
3025 2801 3211 2870 γραφῇ
3254 2796 3737 2868 πραγματεύονται

2162 2896 2476 2967 ἄνθρωποι,
2527 2894 2845 2961 ἀναγκαίως
2906 2889 3154 2961 ἐπιζητεῖ
3221 2889 3320 2960 τὴν
3383 2888 3586 2959 ἀκριϐῆ
3635 2887 3739 2957 τῆς

2165 2985 2472 3056 μαρτυρίας
2499 2984 2869 3055 παράστασιν,
2909 2981 3145 3051 μάλιστα
3181 2979 3239 3033 δὲ
3272 2981 3474 3044 ἐκεῖνα,
3509 2980 3609 3032 ὅσα
3633 2978 3737 3046 τῆς

2162 3075 2513 3147 ἀνθρωπίνης
2541 3074 2793 3137 πλάσεως
2844 3073 2926 3134 είς
2957 3070 3204 3125 διάλυσιν
3250 3070 3462 3140 ὁρώσης
3505 3071 3599 3122 καὶ
3635 3070 3738 3138 τῆς

2161 3170 2226 3222 έκ
2262 3165 2355 3218 τοῦ
2390 3164 2614 3235 σαρκίου
2644 3162 3060 3234 παρισταμένης
3100 3159 3365 3230 ἐκδημίας
3407 3159 3739 3230 γράμμασιν

2164 3256 2494 3320 ἐκτιθέντες,
2522 3254 2735 3317 τούτοις
2772 3253 2899 3316 τοὺς
2937 3250 3147 3305 ἑαυτῶν
3190 3250 3482 3321 λογισμοὺς
3525 3251 3741 3320 ἀναχω-

2166 3348 2388 3418 ροῦντες
2417 3345 2527 3400 τῶν
2572 3344 2933 3415 ἀνθρωπίνων
2975 3330 3489 3399 καταπιστεύουσιν.
3529 3342 3596 3394 Ἃ
3637 3341 3739 3410 μὲν

2163 3442 2270 3511 γὰρ
2302 3440 2383 3493 ἔτι
2418 3439 2717 3507 περιόντων
2746 3440 2804 3492 ὲν
2830 3438 2932 3508 βίῳ
2973 3437 3212 3508 ἐγράφη,
3241 3430 3404 3506 κά.νῇ
3453 3435 3500 3466 ⁵ο
3530 3435 3739 3504 ἐσφρα-

2164 3534 2423 3604 γισμένα,
2452 3531 2661 3585 τούτων
2690 3531 2943 3600 φωρᾶται
2974 3528 3043 3582 τὰ
3080 3527 3377 3597 σφάλματα
3405 3529 3470 3579 ὲκ
3506 3526 3606 3595 τῆς
3627 3525 3739 3578 τῶν

2162 3624 2340 3692 λόγων
2388 3623 2787 3689 συνεξετάσεως
2837 3618 3002 3674 αὑτοῦ
3042 3636 3100 3671 τε
3146 3617 3241 3671 τοῦ
3286 3616 3594 3688 γράψαντος
3642 3616 3738 3669 καὶ

2164 3713 2295 3775 τῶν,
2322 3713 2449 3783 περὶ
2489 3706 2565 3765 ὧν
2611 3710 2711 3779 τὴν
2762 3710 2981 3780 γραφὴν
3010 3708 3308 3778 ἐποιήσατο
3358 3708 3402 3744 ⁸⁸
3428 3722 3441 3736 ·
3486 3706 3522 3761 ἃ
3554 3705 3610 3759 δὲ
3640 3706 3740 3775 τῆς

2164 3804 2511 3874 ἀνθρωπίνης
2542 3802 2688 3871 ζωῆς
2731 3802 3003 3854 ἀπιόντων
3031 3797 3407 3865 διατυποῦται,
3433 3797 3609 3852 ταῦτα
3637 3798 3740 3851 οὐκ

2167 3898 2233 3951 ἀν
2333 3895 2551 3964 φαύλως
2593 3895 2789 3963 ἔχοντα
2820 3891 3184 3961 καταμαθεῖν,
3223 3893 3271 3943 εἰ
3303 3890 3379 3961 μὴ
3410 3893 3562 3961 παρῇ
3612 3891 3739 3960 ἡὲκ

2164 3987 2273 4041 τῶν
2296 3986 2589 4057 μαρτύρων
2619 3982 2866 4054 ἀσφαλὴς
2887 3982 3089 4052 ψῆφος.
3127 3982 3288 4034 Ἀλλά
3305 3982 3414 4049 γὰρ
3444 3980 3665 4050 ἄριστον
3688 3980 3738 4012 ⁵⁵

2168 4078 2263 4133 καὶ
2292 4077 2451 4131 τοῦτο
2472 4076 2532 4129 τὸ
2561 4075 2725 4145 μέρος
2750 4074 2827 4145 τῷ
2867 4072 3131 4143 νομοθέτῃ
3173 4072 3541 4135 διατέτακται,
3572 4073 3629 4123 ὲν
3653 4064 3738 4134 οἷς

2169 4168 2489 4240 βουλόμενος
2519 4166 2594 4237 μὴ
2623 4166 2702 4226 είς
2730 4166 2974 4232 ἀνάγκην
3004 4164 3182 4235 ὅρκων
3223 4162 3271 4194 ⁸³
3314 4161 3573 4224 πολλάκις
3604 4160 3740 4214 καθ-

2174 4258 2422 4313 ίστασθαι
2464 4258 2593 4320 τοὺς
2646 4255 3064 4326 μαρτυροῦντας
3110 4256 3228 4316 ταῖς
3293 4252 3623 4320 διαθήκαις,
3673 4250 3737 4303 τὸ

493 4334 762 4422 generalis
792 4336 905 4407 (l5)
937 4342 1263 4411 appellatur,
1321 4347 1501 4416 sigillo
1538 4354 1717 4419 parari
1750 4354 2055 4413 firmitatem

2170 4350 2386 4421 βέϐαιον
2418 4347 2588 4410 αὐτὰς
2632 4346 2843 4401 κελεύει
2877 4344 3133 4416 σφραγῖδι
3168 4343 3488 4413 πορίζεσθαι
3516 4341 3608 4397 τοῦ
3634 4343 3733 4395 λα-

491 4418 668 4512 jubet.
712 4420 923 4477 Etenim
963 4428 1108 4495 quod
1142 4437 1397 4500 tanquam
1424 4436 1592 4491 levem
1637 4450 2055 4512 promptumque

2159 4418 2342 4511 χόντος
2370 4440 2470 4509 τὴν
2500 4438 2607 4490 τῶν
2638 4438 2852 4505 κήνσων
2893 4434 3237 4497 ἐπιστασίαν,
3284 4434 3341 4495 ὃς
3367 4433 3462 4485 νῦν
3504 4434 3601 4501 τὴν
3639 4432 3736 4485 τοῦ

492 4514 558 4562 ad
586 4510 882 4603 iurandum
910 4517 1117 4571 aditum
1152 4536 1259 4575 non
1282 4526 1503 4593 praebet,
1537 4510 1847 4602 insignique
1878 4510 2059 4603 sigillo

493 4598 764 4669 ambiguis
804 4608 1143 4660 testamentis
1180 4611 1418 4680 vigerent
1452 4598 1773 4685 tribuendo,
1814 4632 1873 4677 ut
1905 4598 2059 4693 jura-

492 4700 675 4746 menta
722 4696 1170 4765 reprimerentur,
1214 4701 1372 4757 fecit:
1416 4721 1477 4760 ea
1514 4724 1646 4763 sane
1678 4726 1766 4767 res
1823 4723 1876 4767 et
1927 4730 2059 4783 pru-

2158 4529 2379 4600 γενικοῦ
2406 4526 2781 4600 προσηγορίαν
2806 4525 3165 4596 ἀποφέρεται.
3201 4524 3309 4577 Καὶ
3340 4524 3447 4593 γὰρ
3478 4523 3539 4576 τὸ
3586 4523 3633 4556 ⁵⁸
3658 4525 3736 4594 μὴ

2157 4625 2344 4694 ὥσπερ
2372 4621 2579 4692 ὁμαλὴν
2607 4620 2701 4674 καὶ
2733 4620 2951 4689 ’ἐτοιμον
2999 4620 3057 4670 ἐν
3108 4619 3223 4680 τοῖς
3248 4619 3435 4686 ὅρκοις
3472 4618 3739 4687 παρέχειν

2158 4717 2256 4783 τὴν
2288 4712 2510 4776 είσοδον,
2534 4711 2649 4765 ἀλλ’
2670 4709 2928 4780 ἐπισήμῳ
2953 4710 3213 4779 σφραγῖδι
3236 4711 3355 4772 ταῖς
3380 4711 3425 4742 ⁸⁵
3448 4710 3739 4780 διαθήκαις

1758 4803 1994 4862 VARUE
2040 4804 2328 4861 LECTION
2338 4804 2437 4860 ES.

737 4878 937 4974 Zujcli:
952 4883 1253 4974 getllleerm.
1291 4889 1523 4974 §c't;img.
1745 4895 2015 4974 “_Steph.
2037 4898 2251 4974 vnlt_é_~g_
2280 4897 2525 4974 μόναις...
2548 4894 2589 4925 ⁸⁷
2616 4894 2731 4974 ln_c.
2770 4891 2991 4974 E‘elgga.
3021 4961 3060 4974 η
3086 4891 3132 4974 ⁸2
3166 4892 3281 4947 Ecl.
3316 4903 3368 4946 et
3392 4892 3562 4974 mist.
3595 4910 3737 4974 συμτ

492 4950 717 5037 ῥαίνειν.
780 4950 829 5037 ς’
870 4953 1147 5037 Laudatur
1176 4959 1316 5037 apud
1353 4950 1539 5037 Ποινῇ.
1563 4965 1668 5037 lib.
1694 4982 1753 5037 Av,
1778 4950 1865 5022 tit.
1991 4950 2110 5037 pag.
2139 4950 2293 5021 7555..
2331 4966 2375 4998 ⁵⁰
2406 4950 2726 5037 Μξξὶῇηῆἆν
2761 4950 2920 5037 μὴίῇῖ

494 5018 747 5108 glegentis;
764 5018 1099 5108 Enptﬂca'vro
1160 5018 1397 5097 praefert.
1482 5033 1527 5064 ⁵²
1557 5018 1753 5104 Steph:
1786 5018 1865 5091 "et
1901 5018 2333 5108 'Ag'ylf'&}>¢&-.a.

493 5088 539 5121 ³⁸
577 5087 811 5158 Scrimg.
840 5087 1064 5155 διτταῖς.

3019 4961 3062 4992 ⁸⁸
3100 4963 3304 5031 Spang.
3333 4979 3397 5015 ex
3453 4962 3647 5016 ‘Zuich.
3671 4961 3738 5016 et

2443 5034 2487 5066 ⁸³
2513 5032 2706 5086 Zuich.
2732 5022 2785 5084 ct
2822 5022 3044 5087 Moerin.
3077 5022 3281 5101 δρὶιουῖ
3336 5032 3382 5065 ⁸⁵
3409 5032 3584 5087 ευάά·
3613 5031 3734 5103 τὴν·

2003 5169 2240 5224 NOTAE.

562 5228 637 5298 (9)
659 5227 719 5285 Ι).
760 5244 908 5287 vers.
932 5232 989 5286 Si
1022 5247 1169 5288 vero.

561 5298 674 5363 (10)
700 5300 1009 5368 Abrogatur
1033 5301 1087 5355 d.
1120 5319 1260 5359 vers.
1295 5305 1351 5359 Si
1376 5320 1520 5359 vero.

701 5367 910 5446 IﬁoYell.
941 5372 1029 5434 M,
1063 5386 1108 5446 ε.
1140 5373 1191 5446 5,.
1227 5372 1481 5427 llarmen.
1517 5376 1564 5437 l,
1588 5374 1736 5446 §771l.

564 5437 674 5509 (12)
710 5438 883 5509 Hujus
904 5441 1315 5496 constitutionis
1337 5437 1797 5499 meminitvllarm.
1824 5447 1875 5507 5.
1898 5448 1976 5502 tit.
2002 5448 2051 5509 1,

493 5506 647 5576 gis;
709 5506 972 5564 ait'cnitn
1035 5509 1255 5564 Novella
1330 5511 1528 5568 Leonis
1578 5517 1937 5570 constitutum
1996 5506 2053 5570 ut

496 5584 819 5649 testamenta
852 5594 881 5630 a
925 5580 1241 5646 magistratu
1298 5598 1403 5635 non
1441 5584 1651 5649 signata
1687 5586 2050 5643 valeant.‘etii

497 5646 1221 5716 testatthsuhsrriptionem
1272 5667 1379 5705 non
1412 5646 1665 5707 habeant.
1694 5655 1831 5708 Puto
1873 5663 2053 5709 tamen

496 5715 677 5768 locum
698 5714 849 5769 illum
871 5714 1256 5777 llarmenonuli
1283 5723 1553 5786 pertinere
1570 5723 1635 5776 ad
1667 5724 1941 5779 Novellam
1965 5726 2053 5787 12,

2158 5255 2205 5294 8.
2231 5240 2366 5378 (9&3.
2394 5306 2534 5362 Olim
2564 5322 2592 5361 a
2631 5310 2896 5378 magistro
2944 5324 3167 5369 census.
3221 5309 3255 5361 Ι.
3320 5309 3411 5367 εδ,
3460 5290 3594 5363 God.
3662 5306 3738 5362 De

2162 5387 2291 5432 test.
2317 5379 2475 5433 hodie
2506 5395 2537 5432 ιι
2567 5388 2842 5449 quaestore
2876 5379 3059 5433 :etita
3083 5394 3233 5447 pars.
3273 5378 3329 5434 d.
3368 5379 3403 5431 l.
3432 5379 3523 5444 23,
3565 5378 3734 5432 abro-

2164 5456 2350 5590 sum)
2381 5515 2514 5590 qu.
2552 5519 2649 5590 ιι,
2675 5532 2725 5573 c.
2761 5517 2955 5590 1,54,
2997 5532 3034 5587 ις
3068 5515 3155 5579 l7,
3182 5514 3209 5586 §
3236 5515 3292 5579 ε,
3314 5514 3449 5569 Cod.
3482 5517 3554 5570 De
3584 5530 3732 5570 δεον.

2166 5588 2302 5640 cccl.
2340 5588 2374 5639 l.
2403 5588 2495 5649 25,
2538 5589 2597 5642 C.
2632 5589 2706 5643 De
2737 5588 2862 5645 test.

2236 5657 2349 5725 (15)
2404 5659 2491 5721 ’ος
2536 5658 2631 5713 νῦν
2693 5659 2797 5713 τοῦ
2843 5654 3064 5726 γενικοῦ
3107 5654 3480 5726 προσηγορίαν
3525 5652 3737 5724 ἀποφέ-

2164 5742 2336 5797 ρεται.
