4062 6202
476 259 577 326 531
1730 257 1927 318 LEON
1935 257 2005 316 IS
2038 257 2135 316 ΡΗ
2146 253 2500 315 ILOSOPH‘I

546 369 1020 440 Quemadmodum
1055 377 1115 424 ut
1135 383 1476 440 quaecunque
1511 367 1630 422 alia:
1658 383 1748 422 res
1797 369 1853 421 in
1890 382 2042 421 com-
2072 373 2116 427 Α

475 463 658 518 munis
681 463 802 516 vita:
827 475 984 516 usum
1017 469 1393 526 assumantur,
1451 461 1694 530 ipsarum
1727 459 2030 513 commodi-

479 561 564 606 tas
591 552 740 614 facit,
781 560 835 605 et
865 566 987 621 qua:
1019 551 1309 604 utilitatem
1349 550 1588 618 aliquam
1639 549 1871 604 aderunt
1924 562 2039 601 ma—

3607 253 3717 314 532

2215 366 2426 435 Ὥσπερ
2454 364 2562 416 τῶν
2591 364 2634 394 ⁶⁰
2672 360 2845 412 ἄλλων
2883 359 3136 414 ἁπάντων
3168 361 3278 413 τῶν
3308 360 3447 415 κτιτὰ
3487 362 3577 415 τὸν
3600 364 3719 433 βίον

2141 457 2480 526 πραγμάτων
2512 453 2743 507 ἑκάστου
2779 452 2878 521 τὴν
2912 453 3287 522 μεταχείρισιν
3321 455 3534 525 ἠχρεία
3573 475 3721 529 παρ-

2143 549 2349 616 έχεται,
2399 545 2494 597 καὶ
2527 544 2562 596 ἃ
2599 543 2695 612 μὲν
2721 542 2878 610 φέρει
2927 543 3051 594 τινὰ
3072 543 3424 611 εὐχρηστίαν,
3456 545 3630 598 ταῦτα
3658 550 3721 601 ὲν

479 640 837 712 guifacimus:
871 656 992 710 qua:
1023 656 1152 694 vero
1173 639 1240 693 ad
1274 639 1763 702 niliilcondueunt,
1797 648 2040 692 contem-

2176 638 2286 705 ὁγῳ
2318 634 2643 700 ποιούμεθα,
2675 633 2710 685 ἃ
2737 633 2796 684 δὲ
2828 633 2996 703 μηδὲν
3023 634 3287 698 συντελεῖ,
3321 638 3380 687 ὲν
3413 636 3489 704 τῷ
3523 638 3718 707 μηδενὶ

478 734 694 784 nimus:
739 730 818 784 sic
849 729 1072 782 omnino
1100 737 1153 782 et
1184 728 1249 781 ad
1288 729 1544 796 legalium
1598 727 1840 794 capitqu
1888 737 2042 777 com-

2181 726 2423 796 ιθέμεθα,
2456 725 2598 777 οὕτω
2648 725 2864 783 πάντως
2893 724 2987 775 καὶ
3028 723 3163 792 πρὸς
3194 724 3291 794 τὴν
3325 725 3575 789 σύνταξιν
3611 729 3724 779 τῶν

478 820 802 888 positionem
823 833 922 871 uos
950 816 1359 870 accommodari
1395 815 1688 884 oportebit,
1719 823 1775 867 ut
1805 826 2040 880 quarum

2177 818 2391 887 ομίμων
2440 815 2750 884 κεφαλαίων
2785 816 2965 885 δεήσει
3003 815 3373 883 ἁρμόζεσοαυ
3402 810 3476 868 ὧν
3507 817 3604 884 μὲν
3629 815 3726 870 οὖν

481 925 614 963 usus
645 910 840 977 aliquis
887 910 978 971 sit,
1016 909 1112 978 qui
1174 907 1319 961 bono
1353 906 1605 974 quopiam
1650 903 2040 971 rempublicam

2180 927 2264 962 στι
2294 924 2376 970 τις
2408 907 2602 977 χρῆσις
2634 906 2806 971 δεξιόν
2833 923 2888 956 τι
2926 906 3166 974 φέρουσα
3210 909 3275 975 τῇ
3312 905 3575 977 πολιτείᾳ,
3607 911 3730 959 τοιᾷ-

480 1001 622 1065 beet,
653 999 734 1052 ba:
762 1000 1074 1052 necessario
1127 1005 1185 1050 et
1246 997 1499 1048 ferantur
1554 1003 1608 1048 et
1668 995 2041 1047 liouorentur:

2175 1017 2262 1051 των
2295 998 2608 1064 ἀναγκαίως
2637 996 2732 1048 καὶ
2765 997 3034 1065 κειμένων
3065 998 3158 1048 καὶ
3195 998 3542 1065 τιμωμένων,
3572 993 3646 1051 ὧν
3666 999 3727 1051 δὲ

481 1105 712 1157 quarum
740 1103 870 1142 vero
901 1088 1185 1156 usurpatio
1218 1095 1312 1137 aut
1371 1084 1576 1138 nullius
1639 1083 2047 1148 momenti,aut

2175 1093 2182 1158 ᾗ
2215 1086 2467 1156 οὐδαμῶς
2495 1085 2728 1156 ἢφαύλη
2765 1087 2796 1154 ἡ
2825 1088 3218 1154 μεταχείρισις,
3243 1086 3446 1138 τούτων
3479 1089 3540 1139 οὐ
3565 1089 3730 1156 μόνον

482 1180 624 1232 mala
652 1174 741 1243 sit,
762 1178 954 1230 barum
984 1191 1090 1230 non
1125 1176 1284 1228 modo
1317 1188 1422 1226 non
1459 1174 1596 1224 ratio
1631 1172 1917 1234 habeatur,
1950 1169 2046 1223 sed

2175 1180 2488 1247 ιξιουμένων
2529 1177 2688 1244 λόγου
2731 1177 2895 1238 τινὸς.
2945 1175 3082 1228 ἀλλὰ
3121 1178 3217 1228 καὶ
3262 1177 3363 1245 τῆς
3393 1177 3501 1230 τῶν
3545 1179 3732 1248 νόμων

483 1271 649 1324 etiam
681 1285 710 1322 e
737 1271 912 1338 legum
947 1282 1181 1336 corpore
1235 1276 1498 1332 exemptae
1532 1263 1869 1331 rejieiantur.

557 1359 683 1413 llaec
714 1360 919 1412 ideirco
952 1358 1210 1418 dicimus,
1239 1354 1382 1424 quod
1417 1355 1560 1407 inter
1614 1360 1828 1406 veteres
1862 1349 1929 1404 de
1960 1349 2051 1402 de-

485 1449 804 1504 curionibus
828 1457 881 1501 et
919 1448 1090 1501 curiis
1125 1448 1262 1499 latas
1300 1446 1443 1514 leges
1469 1443 1702 1512 quadam
1749 1441 1936 1510 gravia
1969 1441 2052 1493 in-

489 1540 901 1608 tolerabiliaque
955 1537 1342 1592 decurionibus
1389 1535 1655 1603 qutepium
1701 1545 1926 1585 munera
1958 1530 2054 1584 ad-

2153 1271 2356 1331 Θέσεως
2377 1267 2809 1337 διακρινομένων
2833 1284 2891 1318 τε
2917 1267 3009 1319 καὶ
3045 1268 3369 1338 ἀποὸλήτων
3401 1272 3728 1339 γινομένων.

2221 1359 2409 1412 Ταῦτά
2443 1375 2643 1428 φαμεν,
2673 1358 2796 1409 ἐπεὶ
2825 1361 2935 1420 τοῖς
2969 1358 3138 1412 πάλαι
3168 1360 3356 1429 νόμοις
3385 1361 3528 1422 τινὲς
3565 1363 3728 1413 ἐκτε-

2153 1452 2393 1521 οειμένοι
2413 1452 2452 1481 ⁸¹
2473 1451 2601 1520 περί
2636 1465 2692 1501 τε
2727 1447 3026 1517 βουλευτῶν
3055 1450 3150 1502 καὶ
3185 1449 3581 1520 βουλευτηρίων
3613 1454 3732 1514 τοῖς

2157 1541 2254 1611 μὲν
2288 1541 2510 1610 βαρείας
2539 1540 2693 1600 τινὰς
2723 1537 2816 1589 καὶ
2840 1538 3228 1601 δυσυποίστους
3261 1541 3558 1608 ἐπέτρεπον
3592 1540 3734 1592 λειτ-

485 1630 802 1698 jumerint:
835 1628 1005 1681 curiis
1039 1635 1219 1680 autem
1251 1625 1618 1692 privilegium,
1671 1634 1726 1675 ut
1783 1621 2051 1689 quosdam

2175 1632 2399 1700 ιυργίας,
2460 1630 2754 1700 προνόμιον
2815 1630 2872 1682 δὲ
2933 1632 3043 1690 τοῖς
3085 1627 3488 1697 βουλευτηρέοις
3537 1632 3736 1698 παρεῖ-

494 1721 846 1790 magistratus
880 1717 1305 1783 ;constituerint,
1336 1730 1546 1782 suaque
1595 1713 1925 1765 auctoritate
1979 1709 2055 1762 cio

2175 1740 2254 1791 (ον
2281 1720 2462 1792 ἀρχῶν
2501 1738 2663 1773 τινων
2700 1719 2975 1791 προϐολῆς
3011 1720 3102 1771 καὶ
3129 1719 3449 1789 διοικήσεως
3475 1720 3734 1783 αὐτεξου-

493 1812 686 1864 vitales
747 1809 1137 1875 gubernarent,
1178 1805 1530 1874 praebuerint.
1588 1802 1720 1866 Qua:
1768 1814 1937 1860 nunc,
1988 1814 2054 1852 eo

492 1901 638 1971 quod
675 1916 762 1954 res
795 1900 984 1953 civiles
1011 1899 1063 1951 in
1092 1899 1330 1950 alienum
1397 1903 1620 1947 statum-
1652 1892 2057 1945 trausl‘ortnatze

494 1994 626 2057 sint,
651 1992 946 2059 omniaque
968 1990 1034 2042 ab
1069 2004 1173 2040 una
1217 1985 1581 2055 imperatoria:
1607 1981 1913 2051 majestatis
1946 1980 2058 2032 sol-

494 2083 776 2136 licitudine
829 2091 994 2150 atque
1037 2078 1514 2133 administratione
1585 2074 1879 2143 pendeant,
1939 2079 2060 2122 tan-

493 2189 656 2242 quam
689 2175 964 2227 incassum
989 2172 1136 2225 circa
1169 2170 1340 2240 legale
1365 2169 1540 2223 solum
1571 2168 1847 2228 aberrent,
1870 2169 2060 2216 nostro

493 2266 716 2319 decreto
749 2264 901 2318 illinc
931 2264 1345 2317 submoventur.

915 2391 1383 2450 CONSTITUTIO
1431 2387 1640 2442 XLVII.

493 2509 788 2579 Abrogatio
817 2507 930 2575 (‘22)
970 2507 1095 2579 legi;
1134 2519 1252 2572 qua:
1281 2503 1487 2579 senatui
1534 2511 1788 2579 prwtores
1819 2498 2062 2579 decurio-

608 2570 760 2632 nibus
791 2570 921 2628 vero
944 2570 1222 2642 priefecios
1248 2574 1566 2624 constituere
1589 2570 1922 2622 concedebat.

567 2708 712 2763 ldem
740 2708 1038 2777 imperator
1068 2704 1241 2757 eidem
1283 2702 1560 2772 Styliano.

567 2816 722 2882 Quod
757 2816 896 2869 alius
918 2816 1045 2866 olim
1082 2812 1396 2880 reipublicae
1422 2819 1597 2866 Status
1651 2820 1820 2875 esset,
1883 2825 2064 2865 rerum

498 2909 636 2963 ordo
661 2908 916 2960 similiter
945 2906 1084 2958 alius
1111 2912 1248 2958 erat.
1269 2904 1402 2956 Cum
1426 2905 1568 2955 enim
1600 2912 1796 2955 cuncta
1830 2903 1881 2953 in
1915 2901 2068 2970 priu-

499 3000 639 3068 cipis
667 2997 1115 3052 deliberatiooem
1181 3011 1288 3048 nou
1319 2994 1613 3060 caderent,
1655 2995 1746 3049 sed
1808 2993 2070 3046 nonnulla

499 3099 708 3156 essent,
750 3091 817 3144 de
847 3090 1048 3157 quibus
1079 3089 1368 3156 dispicere,
1395 3096 1449 3140 et
1500 3086 1693 3155 jubere
1721 3093 1950 3140 senatus
1981 3084 2068 3137 ot”-

505 3184 686 3236 licium
719 3191 886 3245 esset,
918 3197 980 3235 ea
1012 3181 1080 3234 ab
1107 3181 1200 3234 illo
1233 3180 1398 3233 etiam
1433 3179 1868 3246 proferebantur.
1931 3176 2074 3229 Prae-

502 3282 651 3326 tores
685 3273 868 3341 itaque
892 3281 1002 3325 tres
1033 3270 1146 3340 (‘25)
1184 3286 1414 3324 numero
1440 3271 1492 3323 iu
1529 3274 1663 3324 urbe
1691 3270 1856 3323 rebus
1900 3268 2076 3322 atlmi.

505 3364 806 3418 nistrandis
829 3363 898 3416 ab
927 3377 994 3417 eo
1046 3362 1504 3432 praeﬁciebantur,
1559 3362 1714 3431 isque
1764 3371 1919 3414 actus
1947 3375 2076 3413 san-

467 3457 689 3528 dctinne
743 3456 878 3524 legis
913 3453 1261 3524 procedebat.
1324 3454 1514 3523 Neque
1569 3468 1702 3506 vero
1754 3453 1806 3506 id
1849 3454 1904 3505 in
1941 3452 2077 3504 urbe

508 3551 708 3611 solum,
745 3549 836 3603 sed
876 3548 929 3600 in
973 3548 1097 3602 aliis
1133 3549 1294 3601 etiam
1331 3547 1651 3601 civitatibus
1700 3560 1729 3598 a
1764 3544 2079 3599 decurioni-

508 3640 610 3694 bus
636 3639 747 3709 (τι)
781 3645 840 3692 ut
876 3639 1240 3703 vocabantur,
1273 3639 1515 3707 prmlecti
1549 3637 1769 3706 quidam
1831 3638 1962 3706 (non
2000 3646 2080 3688 ta-

512 3747 634 3784 men
665 3731 856 3798 quales
878 3728 1039 3783 hodie
1080 3729 1335 3784 militaris
1385 3729 1713 3798 praefectura
1750 3731 1923 3793 novit,
1983 3727 2078 3782 sed

511 3817 930 3870 excellentiores
951 3815 1196 3884 quidam,
1219 3817 1424 3883 quique
1455 3815 1615 3868 aliam
1638 3830 1826 3869 curam
1851 3813 2081 3869 deman-

513 3905 694 3960 datam
721 3906 1003 3973 baberent)
1041 3905 1496 3974 pra-timebantur.

547 4112 684 4167 Cum
709 4112 876 4182 igitur
909 4112 1066 4167 aliter
1088 4128 1210 4168 sese
1240 4120 1372 4165 tunc
1394 4127 1482 4167 res
1509 4111 1800 4178 baberent,
1829 4127 2082 4166 commu-

515 4207 602 4258 nis
629 4220 765 4258 usus
794 4204 940 4258 illam
979 4204 1153 4274 legem
1189 4205 1533 4274 requirebat.
1567 4203 1724 4258 Nunc
1752 4212 1932 4258 autem
1959 4218 2083 4256 eum

519 4297 704 4350 omnia
738 4311 765 4349 a
796 4297 1086 4367 principali
1129 4313 1262 4352 cura
1313 4296 1602 4366 pendeant,
1653 4295 1868 4365 Deoque
1906 4295 2086 4364 opitu-

516 4386 662 4441 lante
694 4390 867 4458 ipsius
901 4390 1238 4458 providentia
1290 4390 1657 4442 discutiantur
1689 4398 1742 4443 et
1775 4388 2083 4457 dijudicen-

519 4487 643 4531 tur:
674 4495 732 4533 ae
766 4495 892 4533 vero
918 4481 1007 4533 illa
1033 4482 1117 4534 lex
1172 4481 1381 4533 nullum
1416 4483 1481 4534 de
1517 4496 1577 4535 se
1609 4494 1766 4534 usum
1824 4480 2079 4547 praebeat,

515 4585 640 4625 cum
711 4571 835 4627 aliis
895 4589 1018 4642 qua:
1068 4573 1137 4627 de
1198 4573 1480 4642 republica
1529 4573 1718 4642 ejecta:
1749 4581 1900 4633 sunt.
1945 4571 2087 4625 hanc

516 4659 680 4711 etiam
722 4659 1046 4727 ejiciendum
1075 4675 1201 4714 esse
1245 4661 1572 4714 statuimus.
1621 4658 2092 4725 Quemadmodum

517 4749 664 4803 enim
697 4750 908 4822 legibus
935 4752 1181 4806 nondum
1229 4753 1409 4806 enatis
1448 4751 1708 4805 nascendi
1741 4765 1966 4804 causam
2013 4765 2101 4804 re-

2160 1815 2274 1867 σίου
2295 1814 2402 1865 τῶν
2435 1813 2660 1866 πόλεων.
2691 1812 2754 1865 Οἳ
2796 1812 2910 1876 νῦν,
2946 1813 3028 1864 ὅτι
3059 1812 3196 1880 πρὸς
3229 1812 3426 1880 ἑτέραν
3459 1813 3737 1865 κατάστα-

2161 1921 2243 1955 σιν
2269 1905 2336 1955 τὰ
2374 1902 2619 1955 πολιτικὰ
2653 1901 3089 1971 μεταπεποίηται
3121 1900 3426 1970 πράγματα
3457 1903 3549 1952 καὶ
3575 1903 3720 1970 πρῦς

2163 1995 2330 2064 μόνην
2368 1993 2465 2062 τὴν
2501 1992 2769 2060 βασίλειον
2797 1991 3053 2061 πρόνοιάν
3076 2008 3135 2042 τε
3167 1991 3258 2042 καὶ
3279 1990 3542 2060 διοίκησιν
3571 1993 3742 2060 ἀνήρ-

2161 2105 2321 2156 τηται
2356 2088 2555 2152 πάντα,
2591 2087 2662 2147 ὡς
2701 2087 2876 2155 μάτην
2904 2085 3380 2156 περιπλανώμενοι
3412 2085 3488 2155 τῷ
3518 2087 3736 2154 νομίμῳ

2161 2179 2347 2246 ἐδάφει
2376 2176 2582 2230 ἐκεῖθεν
2619 2176 2698 2246 τῷ
2723 2177 2976 2246 ἡμετέρῳ
3015 2176 3378 2244 ὑπεξάγονται
3423 2176 3737 2245 domum“.

2736 2388 3045 2442 ΔΙΑΤΑΞΙΣ
3079 2387 3211 2444 ΜΖ’.

2169 2503 2307 2572 Περὶ
2336 2503 2444 2569 τῆς
2474 2499 2734 2569 ἐκλογῆς
2775 2501 2881 2572 {oi}
2907 2501 3180 2572 διδόιςτος
3225 2499 3566 2572 νόμουλτοῖςί
3584 2499 3746 2572 βορ-

2237 2568 2478 2638 51.5-0ng
2495 2568 2842 2640 στρατηγῶν
2885 2570 2982 2623 καὶ
3044 2571 3250 2623 ἄλλων
3297 2568 3484 2623 ίτινῶν
3539 2568 3750 2638 ἀρχῶν

2240 2642 2572 2710 προϐολήν.

2255 2756 2312 2809 '0
2341 2756 2501 2817 αὐτὸς
2533 2754 2787 2824 βασιλεὺς
2826 2751 3100 2822 Στυλιανῷ
3154 2751 3230 2821 τῷ
3261 2750 3432 2820 αὐτῷ.

2246 2849 2421 2901 Πάλαι
2479 2847 2576 2916 μὲν
2614 2846 2780 2915 ἄλλην
2817 2844 3047 2913 ἐχούσης
3108 2843 3209 2910 τῆς
3255 2841 3530 2902 πολιτείας
3561 2843 3707 2895 κατά
3730 2869 3742 2880 ·

2178 2955 2366 2991 στασιν
2399 2936 2572 2998 ἄλλως
2592 2937 2686 2988 καὶ
2718 2936 2824 2988 τῶν
2849 2934 3190 3004 πραγμάτων
3219 2929 3423 3002 ήτάξις
3457 2933 3744 2984 ἐτάττετο.

2178 3030 2269 3100 Μὴ
2296 3031 2406 3100 γὰρ
2433 3029 2651 3082 πάντων
2681 3026 2786 3079 ὑπὸ
2809 3027 2908 3094 τῆς
2945 3025 3226 3093 βασιλικῆς
3261 3024 3750 3091 διασκοπουμένων

2181 3123 2458 3192 προνοίας,
2484 3119 2596 3172 ἀλλ’
2630 3118 2799 3170 ὄντων
2823 3115 3004 3176 τινῶν,
3031 3115 3066 3166 ἃ
3097 3114 3194 3183 τῆς
3230 3114 3540 3183 συγκλήτου
3585 3113 3753 3181 ἔργον

2178 3210 2245 3284 ἦν
2277 3209 2670 3279 διασκέψασθαι
2697 3211 2792 3261 καὶ
2816 3206 3260 3277 χειροτονεῖσθαι,
3303 3206 3395 3257 ὑπ’
3421 3205 3631 3272 ἐκείνης
3653 3206 3754 3257 καὶ

2181 3304 2282 3374 τὴν
2316 3300 2588 3372 προϐολὴν
2643 3298 3023 3370 ὲλάμῦανονεδ.
3056 3298 3378 3368 Πραίτωρες
3409 3294 3538 3361 γοῦν
3574 3297 3630 3345 ὲν
3679 3297 3751 3364 τῇ

2181 3394 2576 3464 προκαθημένῃ
2607 3392 2716 3444 τῶν
2740 3390 2958 3444 πόλεων
2985 3393 3132 3458 τρεῖς
3165 3389 3272 3441 ὑπὸ
3305 3387 3511 3456 ταύτης
3545 3388 3623 3447 εἰς
3650 3385 3754 3455 τὴν

2180 3479 2289 3532 τῶν
2312 3478 2652 3550 πραγμάτων
2704 3477 2977 3546 διοίκησιν
3030 3475 3381 3536 καθίσταντο,
3422 3475 3570 3542 καὶὴ
3600 3473 3756 3539 τάξις

2182 3571 2320 3639 αὕτη
2352 3571 2516 3640 νόμου
2547 3569 2741 3640 προῄει
2770 3568 3124 3636 θεσπίσματι.
3166 3566 3328 3620 Ἀλλὰ
3359 3567 3470 3636 γὰρ
3523 3567 3585 3618 οὐ
3653 3567 3756 3634 μό-

2183 3680 2277 3716 νον
2303 3664 2361 3714 ὲν
2390 3664 2454 3731 τῇ
2488 3661 2731 3733 φερούσῃ
2754 3661 2906 3713 πόλει
2929 3660 2990 3712 τὸ
3024 3659 3245 3730 κράτος,
3276 3659 3412 3712 ἀλλὰ
3432 3658 3524 3710 καὶ
3554 3658 3612 3709 ὲν
3631 3659 3756 3720 ταῖς

2185 3754 2374 3817 ἄλλαις
2409 3755 2514 3807 ὑπὸ
2539 3755 2645 3806 τῶν
2673 3753 2813 3806 οὕτω
2849 3752 3197 3820 καλουμένων
3235 3750 3535 3820 βουλευτῶν
3559 3766 3758 3816 στρατ-

2185 3843 2310 3913 ηγοί
2339 3861 2480 3906 τινες
2507 3843 2628 3913 (οὐχ
2662 3845 2806 3906 οἴους
2841 3843 2874 3911 ὴ
2909 3841 3003 3894 νῦν
3030 3837 3138 3893 οἶδε
3179 3841 3520 3911 στρατηγικὴ
3557 3840 3748 3909 ἀρχὴ),

2186 3937 2283 3987 καὶ
2311 3934 2625 4004 τιμιώτεροι
2672 3934 2728 3985 δέ
2759 3949 2902 3996 τινες
2929 3933 3024 3984 καὶ
3061 3932 3229 4000 ἄλλην
3275 3932 3752 4001 ὲγκεχειρισμένοι

2187 4025 2446 4096 φροντίδα
2463 4025 2508 4056 ⁸³⁵
2541 4023 2936 4093 προϐέϐληντο.

2259 4115 2393 4164 Τότε
2424 4113 2522 4182 μὲν
2549 4109 2642 4166 οὖν
2681 4113 2855 4176 ἄλλως
2886 4115 2996 4167 τῶν
3027 4117 3367 4187 πραγμάτων
3395 4112 3759 4182 διακειμένων

2181 4205 2220 4275 ἠ
2289 4204 2444 4274 χρεία
2500 4204 2589 4256 τὸν
2625 4204 2788 4274 νόμον
2819 4205 3039 4275 ἐζήτει·
3094 4207 3188 4260 νῦν
3227 4207 3283 4259 δὲ
3341 4206 3442 4274 τῆς
3472 4203 3760 4274 βασιλικῆς

2191 4295 2467 4363 φροντίδος
2500 4295 2714 4347 πάντων
2745 4295 3131 4365 ἐξηρτημένων
3153 4299 3244 4350 καὶ
3275 4299 3371 4349 σὺν
3396 4295 3514 4364 Θεῷ
3543 4298 3604 4364 τῇ
3633 4294 3767 4346 ταύ-

2194 4403 2292 4454 της
2324 4387 2548 4457 προνοίᾳ
2585 4388 2678 4439 καὶ
2706 4388 3093 4457 σκοπουμένων
3125 4391 3218 4442 καὶ
3239 4388 3635 4456 διαιτωμένων,
3668 4388 3764 4440 καὶ

2194 4479 2385 4548 χρείαν
2405 4478 2882 4547 οὐδεμίανὲκείνου
2907 4479 3001 4532 τοῦ
3025 4481 3188 4544 νόμου
3213 4481 3610 4550 παρεχομένου,
3630 4480 3772 4546 μετὰ

2196 4572 2305 4623 τῶν
2330 4571 2524 4634 ἄλλων,
2559 4573 2607 4624 οἳ
2630 4573 2727 4640 τῆς
2757 4572 3034 4635 πολιτείας
3058 4572 3436 4642 ἐκϐέϐληνται,
3458 4573 3555 4623 καὶ
3580 4571 3772 4624 τοῦτον

2204 4659 2665 4729 συνεκόεϐλῆσθαι
2721 4659 2994 4730 ὁρίζομεν,
3073 4661 3285 4730 Ὥσπερ
3335 4661 3445 4728 γὰρ
3501 4660 3603 4712 οὐκ
3653 4657 3772 4712 οὖσι

2209 4751 2318 4812 τοῖς
2353 4750 2536 4818 νόμοις
2565 4751 2598 4820 ἡ
2627 4750 2734 4803 τῶν
2765 4749 3106 4819 πραγμάτων
3135 4749 3292 4818 χρεία
3326 4749 3557 4818 παρέχει
3584 4745 3776 4818 προελ-

1809 4933 2042 4988 νΑιιιΑῑ
2097 4931 2502 4989 LEC'I'IONES.

590 5058 633 5090 ⁸ο
662 5055 720 5110 In
748 5054 1012 5110 Zuii-li.et
1042 5051 1260 5104 Meerm.
1296 5055 1550 5116 notatum,
1572 5056 1656 5101 est
1688 5066 1702 5102 :
1739 5045 1879 5116 αὕτη
1910 5047 2176 5116 ἀνῄρηται
2222 5048 2284 5116 τὸ
2320 5051 2368 5112 γ’
2385 5045 2492 5112 διγ.
2523 5044 2691 5116 τοῦ-β’
2739 5045 2800 5116 τὸ
2852 5064 2928 5109 κς·
2959 5047 3032 5116 τί.
3066 5048 3148 5102 οε.
3177 5046 3272 5099 τοῦ
3297 5043 3647 5116 νβ’ντῶν-διγΣ
3679 5045 3777 5116 καὶ

521 5125 870 5204 διᾴτκςνςμβνι
1031 5122 1122 5204 ιεδζι
1156 5126 1241 5204 ἓίγ’
1277 5121 1426 5204 (ξηίυ
1470 5115 1572 5204 κρυ
1612 5110 3105 5204 158:0?i5"'*‘5..¥.°“§‘ii-.é':.ei“?limites“
3157 5117 3277 5204 τιέξ,
3304 5110 3649 5204 ἐξίκθηῑσὲγι
3693 5113 3782 5166 διά

522 5183 725 5251 τούτῶν
745 5183 985 5266 ’[τοῦᾲτοξῖ]
1016 5183 1122 5266 odd"
1152 5183 1218 5244 ἐν’
1238 5183 1695 5266 τοίςβασιλικοίς,
1733 5183 1963 5266 Scrimg.
1999 5183 2174 5266 omitit

2409 5184 2450 5215 ⁸⁸
2491 5183 2663 5238 Codd.
2701 5181 3118 5252 ὲκτεθειμένοις.
3172 5186 3214 5216 ⁸³
3240 5181 3422 5252 Codd.
3451 5181 3781 5252 ὑπεξάγοντι

523 5249 789 5334 δογμαται.
864 5249 1127 5334 “Steph.
1162 5249 1446 5334 excellis-sc
1479 5256 1683 5334 aliquid
1716 5249 2050 5334 suspicatur,
2081 5253 2244 5307 veluti
2275 5253 2442 5322 ἀρχαί
2471 5270 2617 5316 τινες
2645 5249 2970 5322 ἐλάμϐανον.
3007 5254 3201 5309 Melius
3239 5251 3379 5307 forte
3400 5251 3568 5305 ὅντων
3591 5249 3778 5314 τινῶν,

522 5324 750 5405 οὖς’τῆς
781 5332 971 5404 συγκλ.
999 5324 1117 5384 κτλ.
1214 5327 1257 5361 ⁸⁸
1283 5327 1472 5384 Zuicb.
1501 5325 1789 5380 etMeerm.
1824 5324 2069 5394 φορτίδα.

2023 5436 2256 5495 ΝΟΤᾸΕ.

603 5559 716 5627 (29.)
759 5560 1065 5627 Abrogatur
1096 5559 1131 5611 l.
1167 5557 1224 5624 2,
1244 5556 1307 5610 C.
1343 5555 1415 5610 De
1437 5553 1525 5609 oﬂ‘.
1551 5565 1769 5626 praeter.

603 5629 712 5702 (εδ)
744 5627 802 5678 D.
841 5629 876 5681 ι.
907 5631 960 5680 2.
1683 5657 1687 5661 -

2272 5551 2381 5620 (Ἡ)
2446 5550 2602 5604 Nam
2639 5551 2784 5620 quod
2847 5549 3318 5620 Constantinopoli
3352 5556 3539 5620 atque
3582 5545 3774 5604 item.»

2196 5618 2504 5687 senatores,
2537 5621 2638 5678 ltoc
2659 5618 2991 5677 decuriones
3015 5619 3070 5674 in
3103 5619 3416 5690 municipiis
3447 5618 3625 5673 fuere.
