4062 6202
314 328 414 392 533

1393 337 1754 400 NOVELLIE
1788 329 2462 409 CONSTITUTIONES.

3469 358 3572 420 534

309 441 421 492 θεῖν
479 437 580 510 τὴν
625 437 822 510 ἀρχὴν,
879 440 1053 505 οὕτως
1105 442 1168 496 ού
1221 444 1443 512 πρὸς-τὸ
1471 449 1742 518 χρήσιμον
1782 454 1871 504 τοῖ.

2000 469 2117 508 rum
2159 471 2293 510 usus
2330 463 2551 520 przrstat
2587 473 2600 510 :
2637 469 2718 512 ste
2751 459 2971 527 quando
3002 461 3085 516 lex
3134 477 3316 517 rerum
3350 466 3570 524 utilitati

307 531 599 600 πράγμασι
620 529 895 601 δόγματος
923 534 1203 604 κειμένου,
1252 535 1545 591 ἀκόλουθον
1577 539 1889 611 ἐξαλείφειν

304 623 466 678 αὐτό.

857 717 1172 770 ΔΙΑΤΑΞΙΣ
1203 721 1346 774 MH'.

296 801 449 871 Περὶ
475 804 587 859 τοῦ
625 803 706 872 ιιὴ
729 805 1010 887 ἔρχεο-θαι
1042 807 1332 887 γυναῖκας
1369 809 1470 864 ἐπὶ
1497 809 1568 864 τὰ
1587 810 1706 864 τῶν
1738 829 1889 883 συμ-

827 880 1042 942 φώνων
1061 880 1376 946 μαρτύρια.

405 965 449 1018 0
479 965 643 1028 αὐτὸς
674 965 925 1036 βασιλεὺς
957 967 1230 1040 Στυλιανῷ
1251 971 1329 1041 τῷ
1363 973 1531 1044 αὐτῷ.

375 1059 495 1111 Οὐκ
514 1055 612 1110 οἷδ’
635 1059 783 1121 ὅπως
803 1058 879 1129 μὴ
901 1059 1234 1130 σκεψάμενοι
1246 1064 1471 1135 γνώμην
1483 1067 1689 1139 ἀκριϐῆ
1707 1068 1754 1102 ⁸⁸
1766 1069 1888 1134 ταῖς

301 1148 556 1216 γυναιξὶν
587 1148 775 1202 ἔδοσαν
825 1149 1009 1203 ἄδειαν
1053 1153 1132 1214 εἰς
1183 1155 1244 1206 τὸ
1277 1160 1578 1226 μαρτυρεῖν
1635 1161 1884 1229 προϊέναι

299 1240 350 1291 οῖ
381 1237 630 1296 παλαιῶς
650 1238 770 1291 οὐδὲ
796 1239 857 1291 τὸ
883 1239 1172 1311 πρόχειρον
1195 1243 1274 1306 είς
1312 1245 1614 1317 ἐνθύμησιν
1643 1250 1881 1322 ἐνθυμη-

302 1327 518 1395 θέντες,
533 1329 614 1382 ὃτι
643 1329 861 1397 γυναικὶ
881 1331 1153 1401 ἀκοσμίαν
1167 1335 1319 1405 φέρει
1339 1337 1370 1406 ἡ
1391 1338 1617 1409 ἀφειδὴς
1635 1340 1767 1410 πρὸς
1782 1343 1883 1406 τὰς

298 1420 554 1491 ἀρρένων
575 1420 728 1490 ὄψεις
752 1421 1076 1492 ἀπάντησις,
1113 1422 1395 1495 σώφρονας
1419 1427 1475 1480 δὲ
1507 1431 1600 1482 καὶ
1623 1432 1879 1501 κοσμίους

296 1512 331 1581 ἡ
376 1511 589 1564 ἐκεῖθεν
616 1511 939 1581 καθίστησιν
973 1513 1252 1586 ἀποφυγή.
1295 1517 1418 1582 Πῶς
1450 1515 1544 1572 οὖν
1573 1514 1881 1592 ἐπέτρεψαν

297 1604 384 1665 είς
417 1603 734 1674 μαρτυρίαν
762 1603 1311 1674 παραλαμϐάνεσθαι,
1350 1608 1410 1674 ἐξ
1461 1605 1529 1680 ἦς
1586 1614 1879 1682 συμϐαίνει

297 1693 572 1757 πολλάκις
599 1697 656 1747 ὲν
685 1693 880 1764 δήμοις
907 1695 1356 1767 πολυανθρώποις
1412 1701 1582 1764 αὑτὰς
1611 1703 1879 1776 ἀναστρέ-

1997 561 2105 601 non
2137 547 2432 613 subservit,
2456 562 2574 602 eam
2606 548 2930 606 abolendam
2967 569 3090 609 esse
3120 557 3391 625 sequitur.

2422 723 2892 782 CONSTITUTIO
2917 729 3158 784 XLVIII.

2105 811 2189 868 Ne
2219 815 2464 870 mulieres
2493 818 2546 868 in
2578 820 2938 939 contractibus
2969 821 3084 892 (26)
3118 824 3473 880 testimonium

2634 904 2744 939 vra:
2781 899 2926 939 eam.

2633 899 2926 956 praebeant.

2063 974 2208 1030 Idem
2235 976 2533 1046 imperator
2563 977 2734 1032 eidem
2768 979 3033 1050 Styliano.

2071 1063 2225 1120 Haud
2247 1067 2361 1122 scio
2391 1069 2687 1138 quomodo,
2717 1084 2776 1124 re
2805 1087 2911 1124 non
2944 1074 3219 1129 exactiore
3243 1074 3454 1143 judicio
3482 1077 3569 1132 di-

1991 1157 2221 1226 squisita
2261 1160 2584 1212 mulieribus
2610 1159 2677 1213 ad
2716 1161 3008 1216 dicendum
3037 1165 3412 1219 testimonium
3436 1183 3566 1236 pro-

1991 1246 2219 1301 cedendi
2253 1246 2566 1302 facultatem
2593 1249 2843 1303 dederint
2875 1261 3084 1307 veteres
3115 1254 3249 1322 (‘27).
3279 1255 3413 1310 Illud
3451 1259 3563 1312 sal-

1991 1343 2097 1387 tem
2130 1335 2286 1406 vulgo
2313 1347 2522 1402 nutum,
2561 1337 2913 1391 volutandum
2951 1341 3134 1394 animo
3178 1343 3375 1406 fuerat,
3431 1360 3556 1400 cre-

1990 1426 2144 1479 brum
2181 1442 2375 1496 nempe
2411 1428 2460 1480 iu
2494 1429 2737 1481 virorum
2775 1431 2966 1484 oculos
3009 1447 3302 1487 occursum
3337 1437 3554 1491 mulieri

1989 1516 2479 1570 dehonestamento
2505 1531 2666 1571 esse:
2701 1520 2955 1587 pudicam
2987 1536 3117 1573 vero
3168 1533 3221 1575 et
3274 1523 3560 1579 honestam

1988 1605 2232 1673 ejusdem
2272 1605 2348 1659 rei
2383 1605 2562 1676 fugam
2592 1608 2826 1662 ellicere.
2851 1608 2968 1674 Qua
3007 1611 3217 1665 ratione
3251 1614 3416 1683 igitur
3441 1616 3562 1669 illas

1989 1696 2054 1748 ad
2077 1697 2447 1751 testimonium
2477 1699 2679 1752 assumi
2736 1702 3083 1768 permiserint
3129 1701 3293 1771 (unde
3333 1703 3388 1758 fit
3435 1721 3561 1774 per-

296 1785 503 1853 φεσθαι
563 1786 657 1838 καὶ
707 1786 946 1855 χρῆσθαι
973 1790 1040 1857 τῇ
1094 1787 1317 1860 γλώσσῃ
1353 1791 1871 1866 ἀνευλαὸέστερονῆ

1987 1803 2149 1854 saepe,
2202 1797 2260 1842 ut
2296 1791 2349 1843 in
2402 1790 2614 1859 magnis
2657 1791 2940 1845 hominum
3003 1792 3182 1847 turbis
3233 1808 3563 1850 conversen-

298 1875 448 1930 κατά
502 1877 763 1944 γυναικὸς
813 1878 1025 1943 λαλιάν,
1059 1879 1218 1934 τοῦτο
1249 1881 1438 1954 ὥσπερ
1467 1879 1622 1938 εἷπον
1675 1888 1877 1956 ἐπῆλθέ

297 1984 396 2037 μοι
423 1967 670 2037 ἀπορεῖν.
703 1969 769 2021 Τί
799 1969 908 2041 γὰρ
938 1972 969 2041 ἡ
1004 1974 1281 2039 γυναικῶν
1333 1977 1616 2047 μαρτυρία
1667 1978 1880 2042 τούτοις

294 2059 570 2130 ἐνομίσθη
596 2061 845 2131 προϊέναι
883 2064 964 2126 είς
1000 2063 1324 2134 πράγματα,
1362 2062 1448 2131 αἷς
1465 2069 1510 2100 ⁸⁸
1539 2070 1739 2139 ὁμοίοις
1765 2076 1879 2135 τοῖς

293 2150 528 2220 ἀνδράσι
580 2154 880 2222 μαρτυρεῖν
934 2157 1414 2226 συγκεχωρήκασι,
1469 2159 1720 2231 καθάπερ
1779 2161 1879 2226 τὰς

291 2241 578 2304 Σκυθικὰς
609 2246 873 2310 γυναῖκας
924 2244 1200 2315 ἀκούομεν
1249 2247 1384 2317 ὁμοῦ
1442 2252 1556 2312 τοῖς
1608 2251 1877 2320 γαμέταις

293 2332 783 2398 συνεξοπλίζεσθαι
807 2375 821 2398 ,
882 2335 977 2388 καὶ
1009 2335 1168 2388 τοῦτο
1197 2337 1261 2406 δὴ
1311 2339 1428 2401 πῶς
1470 2340 1591 2409 οὐχί
1614 2342 1752 2409 μετά
1782 2341 1876 2396 τοῦ

292 2425 493 2490 ἀδόξου
534 2425 627 2477 καὶ
682 2425 884 2496 πολλὴν
936 2427 1204 2497 σύγχυσιν
1261 2430 1356 2483 καὶ
1394 2431 1712 2504 ἀνατροπὴν
1763 2434 1876 2502 ἔχει

290 2515 408 2568 τῶν
436 2515 598 2586 ὁρίων
613 2515 658 2546 ⁸⁷
686 2516 785 2586 τῆς
812 2516 1048 2585 φύσεως,
1100 2513 1181 2583 οἷς
1212 2521 1273 2572 τὸ
1321 2522 1429 2574 τῶν
1488 2522 1721 2590 θηλειῶν
1782 2526 1876 2578 καὶ

290 2607 546 2679 ἀῤῥένων
580 2609 732 2676 γένος
765 2609 1132 2676 διεστείλατο;
1157 2612 1274 2675 πῶς
1299 2613 1344 2666 δ’
1378 2614 1437 2667 οὺ
1460 2616 1752 2684 προδίδωσι
1773 2619 1873 2687 τὴν

288 2698 547 2766 γυναιξὶν
563 2697 920 2770 ὀφειλομένην
945 2699 1076 2752 αίδώ
1103 2718 1160 2754 τε
1180 2705 1272 2755 καὶ
1293 2705 1658 2774 κοσμιότητα;
1685 2700 1758 2760 ὦν
1783 2709 1874 2760 καὶ

289 2787 397 2858 τὴν
437 2789 575 2841 ofth
611 2789 863 2858 ἐντυχίαν
915 2789 997 2842 δεῖ
1033 2793 1412 2864 τετηρημένην
1444 2790 1603 2856 εἶναι,
1651 2797 1746 2848 καὶ
1798 2797 1872 2868 μὴ

291 2879 580 2941 παντελῶς
613 2879 920 2951 ἀφειμένην
969 2881 1061 2933 καὶ
1097 2881 1305 2935 ἄνετον.
1359 2881 1422 2935 Ἦ
1469 2883 1578 2953 γὰρ
1629 2886 1709 2947 εἰς
1763 2885 1869 2952 τὴν

293 2969 609 3040 μαρτυρίαν
654 2969 860 3030 εἴσοδος
899 2970 1192 3036 ἀνοίγουσα
1216 2969 1401 3040 χώραν
1437 2974 1502 3041 τῇ
1532 2972 1609 3042 μὴ
1626 2974 1670 3004 ⁸⁸
1697 2991 1870 3042 προσ-

288 3061 506 3133 ηκούσῃ
534 3061 749 3129 γυναιξὶ
779 3061 1080 3132 παρρησίᾳ,
1115 3061 1182 3114 δι’
1216 3055 1292 3116 ὧν
1324 3063 1381 3115 ὲν
1428 3063 1872 3134 πολυανθρώποις

288 3152 487 3221 δήμοις
565 3153 1065 3222 ὲγκαταμίγνυνται
1139 3153 1235 3206 καὶ
1303 3155 1414 3218 τοῖς
1494 3153 1603 3207 τῶν
1656 3141 1940 3226 ἀνδρῶνα

289 3243 680 3313 ἑνστρέφονται
719 3244 1033 3314 πράγμασι,
1083 3241 1181 3313 τὴν
1232 3243 1496 3314 κειμένην
1549 3247 1606 3296 ὲν
1653 3247 1720 3316 τῇ
1771 3263 1869 3312 γυ-

289 3333 509 3404 ναικείᾳ
560 3333 722 3402 φύσει
770 3333 1074 3402 ὑποστολὴν
1106 3349 1167 3385 τε
1219 3334 1312 3386 καὶ
1360 3333 1494 3387 αίδὼ
1525 3335 1865 3404 ὑφαιρεῖται,

288 3425 388 3477 καὶ
414 3425 746 3490 προκόπτειν
781 3425 949 3487 αὑτὰς
979 3426 1216 3478 ἐπασκεῖ
1267 3425 1405 3495 πρὸς
1455 3425 1755 3480 ἀναίδειαν.
1791 3427 1867 3480 Ού

291 3514 403 3584 μὴν
433 3515 573 3568 ἀλλά
601 3517 694 3568 καὶ
728 3515 887 3586 ὕϐριν
913 3516 1116 3586 τρόπον
1160 3515 1283 3568 τινὰ
1311 3517 1424 3578 τοῖς
1457 3517 1685 3586 ἀνδράσι
1712 3518 1870 3586 φέρει

291 3607 356 3659 τδ
381 3609 670 3678 γινόμενον
695 3625 708 3638 ·
741 3608 794 3661 τί
819 3608 929 3679 γὰρ
957 3608 1022 3661 ἂν
1060 3607 1249 3677 ἕτερον
1270 3607 1429 3659 τοῦτο
1461 3607 1494 3677 ἢ
1541 3607 1698 3677 ὒσρις
1751 3607 1870 3677 (καὶ⁵

290 3697 454 3770 ὓδρις
506 3702 539 3769 ἡ
575 3700 877 3771 βαρυτάτη)
910 3699 1085 3765 ἔσται,
1132 3700 1212 3761 είς
1245 3699 1429 3752 ἐκεῖνα
1458 3698 1528 3751 τά
1564 3699 1870 3769 πράγματα

289 3783 366 3844 ὧν
397 3793 718 3865 κυριωτάτη
751 3793 1007 3865 ἀνδράσιν
1034 3794 1069 3865 ἡ
1095 3790 1470 3864 μεταχείρισις
1499 3792 1558 3845 τὸ
1602 3792 1864 3861 παριέναι

289 3884 353 3938 τὸ
379 3883 521 3956 θῆλυ
558 3886 716 3954 γένος
737 3901 755 3953 ;

365 4147 458 4202 Διδ
489 4149 689 4216 μᾶλλον
714 4154 779 4222 τῇ
813 4151 1092 4222 συνηθείᾳ,
1131 4154 1166 4224 ἢ
1187 4153 1233 4186 ⁸⁸
1257 4153 1320 4207 τὸ
1356 4158 1602 4226 πταῖσμα
1631 4158 1725 4212 τοῦ
1765 4161 1855 4214 νό-

296 4253 402 4308 μου
423 4237 780 4313 διορθουμένη
807 4241 1127 4295 ἀπέκλεισεν
1155 4242 1346 4307 αὐταῖς
1372 4245 1472 4314 τὴν
1502 4246 1595 4300 ἐπὶ
1632 4247 1693 4300 τὸ
1716 4265 1861 4320 μαρ-

1983 1887 2091 1940 tur,
2122 1880 2620 1950 irreverentiusque
2652 1897 2816 1950 quam
2849 1882 3139 1936 mulierum
3175 1899 3357 1938 sermo
3399 1884 3559 1950 ferat,

1981 1968 2163 2036 lingua
2208 1970 2476 2038 utantur),
2545 1969 2680 2033 hoc,
2719 1969 3177 2034 quemadmodum
3231 1970 3380 2036 dixi,
3427 1972 3562 2027 mihi

1979 2059 2232 2114 dubitare
2259 2059 2448 2113 subiit.
2485 2061 2756 2124 Quorsum
2791 2063 2934 2112 enim
2971 2061 3122 2114 hisee
3151 2062 3327 2116 visum
3360 2074 3466 2125 est,
3502 2071 3562 2118 ιιι

1982 2153 2034 2207 in
2133 2153 2344 2221 negmia
2419 2152 2630 2220 publica
2685 2151 2974 2204 mulierum
3039 2152 3279 2220 prodiret
3313 2155 3560 2209 testimo-

1979 2243 2152 2305 nium,
2175 2242 2547 2313 quibusjuxta
2579 2250 2744 2310 atque
2774 2243 2906 2296 viris
2947 2243 3136 2296 testari
3171 2246 3558 2312 permiserunt,

1978 2335 2432 2406 quemadmodum
2485 2334 2768 2406 Scythicas
2842 2337 3097 2391 mulieres
3153 2351 3277 2389 cum
3344 2338 3559 2392 maritis

1977 2429 2043 2482 ad
2079 2428 2214 2483 bella
2244 2429 2512 2482 coarmari
2545 2429 2796 2480 audimus
2823 2430 2846 2481 ?
2871 2429 2936 2482 Et
2968 2443 3102 2482 sane
3123 2427 3395 2498 quomodo
3420 2444 3558 2500 prae-

1979 2531 2059 2576 ter
2102 2521 2497 2576 absurditatem
2548 2523 2846 2589 ingentem.
2897 2520 3000 2574 hoc
3036 2532 3246 2574 natura:
3287 2523 3452 2575 etiatn
3489 2521 3556 2576 ﬂ-

1977 2613 2149 2674 nium,
2169 2611 2368 2680 quibus
2385 2610 2561 2664 virilis
2585 2611 2984 2680 muliebrisque
3007 2626 3170 2665 sexus
3189 2610 3556 2666 disterminati

1976 2711 2122 2758 sunt.
2160 2711 2271 2754 ttun
2303 2699 2706 2761 confusionem,
2747 2709 2861 2752 tum
2888 2702 3229 2756 eversionem
3263 2717 3372 2754 non
3419 2717 3556 2758 eon-

1977 2791 2153 2847 tinet?
2191 2790 2475 2856 Quomodo
2517 2790 2643 2845 item
2678 2789 3000 2845 mulieribus
3037 2805 3176 2858 quas
3215 2791 3376 2842 etiam
3409 2789 3556 2842 domi

1975 2884 2351 2944 observantes,
2386 2894 2729 2948 nequaquam
2768 2888 2949 2934 autem
2983 2880 3251 2935 dissolute
3281 2880 3557 2933 ae.indul-

1974 2983 2184 3044 genter,
2216 2971 2495 3026 conveniri
2546 2977 2787 3041 oportet,
2814 2971 3050 3025 debitam
3084 2987 3192 3026 non
3231 2971 3470 3040 produnt
3503 2979 3557 3026 et

1977 3064 2358 3120 verecundiam
2379 3070 2434 3118 et
2473 3062 2858 3138 honestatem?
2899 3063 2959 3117 Si
2992 3063 3211 3132 quidem
3271 3062 3337 3116 ad
3372 3063 3554 3116 feren-

1973 3157 2100 3208 dum
2135 3152 2510 3208 testimonium
2537 3151 2866 3222 progressio,
2899 3166 3020 3205 cum
3049 3166 3114 3204 eo
3141 3150 3311 3219 (quod
3347 3151 3550 3203 inulto-

1975 3259 2093 3297 rum
2168 3243 2272 3297 illa:
2332 3243 2612 3296 hominum
2687 3241 3117 3296 commiscentur
3166 3242 3550 3305 conventibus,

1973 3335 2313 3405 negotiisque
2364 3335 2722 3404 implicantur
2757 3333 3030 3398 virilibus)
3073 3332 3139 3385 ad
3183 3331 3410 3386 liberius
3469 3332 3554 3384 lo-

1970 3426 2248 3496 quendum
2280 3439 2442 3492 quam
2475 3421 2802 3476 mulieribus
2832 3423 3094 3475 decorum
3128 3421 3223 3485 sit,
3253 3420 3548 3474 fenestram

1970 3517 2178 3585 aperiat
2207 3530 2221 3568 :
2253 3513 2540 3568 muliebris
2599 3528 2765 3568 sexus
2807 3513 3117 3566 submissos
3143 3525 3350 3565 morem
3379 3511 3550 3579 pudo-

1969 3621 2195 3675 remque
2257 3604 2450 3658 adimit
2512 3613 2675 3672 atque
2739 3605 2886 3673 ipsas
2915 3603 2982 3657 ad
3018 3601 3460 3657 inverecundiam
3494 3609 3551 3656 et

1970 3695 2358 3767 procacitatem
2389 3705 2626 3750 exercet.
2649 3694 2768 3750 Jam
2803 3712 2932 3750 vero
2966 3711 3053 3751 res
3076 3695 3222 3748 illam
3259 3704 3550 3747 contume-

1969 3790 2094 3844 liam
2129 3789 2314 3857 aliquu
2342 3792 2503 3842 modo
2532 3789 2698 3841 etiam
2729 3789 2860 3843 viris
2884 3787 3063 3843 aﬂert.
3096 3787 3236 3853 Quid
3267 3786 3412 3841 enim
3447 3786 3551 3840 hoc

1970 3879 2118 3935 aliud
2151 3879 2254 3933 uisi
2275 3878 2628 3940 contumelia,
2660 3887 2713 3934 et
2729 3894 2791 3933 ea
2822 3877 3040 3948 quidem
3073 3877 3394 3948 gravissima
3422 3874 3547 3936 erit,

1979 3979 2024 4035 si
2050 3990 2282 4048 quarum
2308 3990 2489 4030 rerum
2524 3976 2778 4030 tractatio
2806 3975 3048 4030 virorum
3077 3974 3312 4028 maxime
3331 3971 3549 4042 pr0pria

1975 4083 2082 4136 est,
2115 4071 2180 4125 ad
2215 4071 2335 4125 illas
2366 4085 2531 4124 sexus
2556 4070 2717 4124 etiam
2752 4069 3020 4125 femineus
3048 4067 3410 4137 procederet?

2037 4163 2382 4232 QuaprOpter
2410 4175 2518 4214 non
2539 4158 2715 4214 minus
2739 4159 3213 4219 consuetudinem,
3232 4171 3392 4226 quam
3414 4145 3548 4222 legis

1970 4260 2208 4328 erratum
2235 4249 2492 4320 majestas
2519 4254 2708 4304 nostra
2735 4247 3052 4317 corrigens,
3085 4247 3195 4300 illis
3233 4244 3298 4297 ad
3335 4250 3546 4296 testaue

1590 4453 1824 4512 VARUE
1858 4457 2262 4514 ιΕϐΤΙΟΝΙιὸ.

380 4617 426 4690 _"
455 4617 748 4690 Zuich._et_
773 4616 994 4690 Meerm.
1025 4619 1219 4690 γνώμῃ
1243 4619 1480 4690 ἀκριυεῖ.

1581 4621 1628 4656 ⁸⁸
1655 4621 1816 4677 Forte
1853 4617 1955 4688 οἷς,
1989 4633 2051 4678 ιιι
2079 4622 2143 4678 ad
2175 4635 2479 4688 πραγματα
2525 4621 2817 4688 reteratur.

2919 4613 2962 4644 ⁸⁷
2991 4609 3190 4664 Zuich.
3224 4614 3279 4661 et
3317 4601 3538 4663 Meerm,

291 4687 490 4758 ὁρέων.
565 4687 611 4720 ⁸⁸
639 4686 811 4742 Codd.
844 4683 1502 4761 Negationeni'omittuut,
1539 4688 1730 4762 Steph.
1759 4708 1871 4763 sup}

1975 4695 2051 4748 rit.
2129 4693 2172 4724 ⁶⁹
2195 4683 2374 4746 Codd.
2408 4686 2506 4758 τὴν
2537 4685 2823 4756 συνήθειαν
2853 4683 2907 4754 ἢ.

1799 4871 2035 4929 NOTAE.

367 5026 579 5100 (253-26)
607 5025 862 5100 Testisin
883 5037 1167 5100 contractu
1187 5029 1386 5086 mulier
1402 5043 1522 5086 esse
1537 5031 1857 5098 prohibetur
1961 5031 2301 5086 advocantur
2355 5028 2441 5100 vel
2479 5023 3106 5100 adhibentur‘maseuli.
3162 5022 3310 5080 ldem
3367 5025 3540 5100 paulo

295 5095 399 5156 hac
426 5095 572 5153 Nov.
599 5097 738 5152 Gell.
773 5096 838 5168 6.7
863 5113 984 5168 cap.
1015 5097 1068 5160 7,
1104 5101 1316 5163 scribit,
1343 5100 1477 5153 nulli
1521 5095 1736 5158 fentina:
1765 5103 1851 5155 di-

1975 5111 2084 5167 post
2118 5109 2279 5167 negat
2317 5098 2598 5168 mulierem
2635 5095 2938 5168 admit_ti_év
2992 5097 3121 5168 ταῖςΔ
3172 5098 3531 5168 συστατικαῖς

292 5169 453 5226 rendi
484 5169 782 5224 testimonii
821 5167 911 5236 jus
939 5167 1129 5230 fuisse,
1155 5177 1208 5224 et
1234 5169 1628 5225 Constantinus
1659 5172 1760 5234 Η,
1782 5172 1844 5224 C.

293 5239 503 5293 Theod.
551 5238 624 5292 De
655 5246 794 5305 rapt.
821 5239 1254 5308 virg._mulieres
1306 5247 1550 5292 removet
1603 5253 1630 5290 a
1665 5251 1852 5308 postu-

293 5308 596 5379 lationibus
625 5314 680 5359 et
709 5305 1059 5379 testimoniis,
1113 5309 1478 5378 omnibusque
1507 5305 1678 5365 rebus
1697 5309 1850 5379 judi-

292 5377 514 5446 ciariis:
565 5385 624 5429 ιιι
675 5385 728 5430 et
782 5376 1084 5446 antiquitus
1140 5379 1354 5446 penitus
1391 5376 1849 5434 iremovebanlur.

296 5445 630 5514 llarmenop.
655 5447 704 5507 ι,
739 5447 824 5499 tit.
855 5444 908 5505 6,
942 5445 1110 5514 refert
1138 5444 1392 5502 mulieres
1428 5447 1639 5502 admitti
1690 5449 1743 5501 in
1768 5455 1852 5502 te-

295 5513 636 5580 stimonium,
671 5514 858 5584 ἐνθαῆ
903 5513 1014 5586 τῷν
1047 5515 1258 5586 ἀνδρῶν
1287 5515 1376 5585 βία
1423 5517 1766 5586 ἀπείργεται,
1801 5525 1856 5571 et

295 5597 414 5652 post
437 5588 620 5654 rapite
637 5587 766 5650 περὶ
791 5583 1207 5654 κεκωλυμένων,
1237 5583 1493 5640 mulieres
1517 5583 1662 5641 aitin
1696 5595 1857 5640 testa-

297 5653 636 5724 mentis’non
661 5655 893 5717 admitti,
915 5663 973 5724 ut
995 5653 1050 5706 et
1071 5653 1123 5706 in
1149 5654 1269 5708 aliis
1303 5655 1534 5724 negotiis
1557 5673 1570 5708 :
1599 5657 1665 5709 iis
1695 5669 1855 5708 exce-

296 5727 428 5793 plis,
458 5726 518 5778 ὲν
545 5720 626 5791 οἷς
656 5724 847 5793 ἄνδρες
876 5723 938 5776 ού
963 5720 1416 5794 προσκαλοῦνταῇ
1448 5724 1501 5778 in
1523 5725 1722 5797 quibus
1748 5739 1854 5777 uou

1964 5161 2312 5240 μαρτυρίαις,
2355 5166 2565 5220 admitti
2600 5165 2835 5240 vero_ait
2863 5165 2920 5240 é‘v
2952 5165 3072 5240 ταῖς
3099 5161 3536 5240 ἀποδεικτικαῖς,

1961 5229 2198 5309 appellat
2225 5229 2403 5291 autem
2461 5234 2812 5298 συστατικὰς,
2876 5231 3165 5301 διαθήκην,
3203 5229 3534 5314 κοδίκελλονς

1960 5308 2170 5362 δωρεάν
2199 5305 2347 5362 αἰτία
2378 5304 2608 5357 θανάτου
2658 5301 3047 5362 ἀποδοικτικάς
3092 5300 3148 5353 δὲ
3193 5301 3292 5362 τάς
3321 5301 3534 5362 Λοιπὰς,

1961 5319 2170 5377 δωρεὰν
2199 5319 2347 5374 att:th
2378 5319 2608 5357 υανατου
2658 5319 3047 5364 αποοοικτικας
3092 5319 3148 5353 οε
3193 5319 3292 5362 τας
3321 5319 3534 5368 Αοιπας,

1961 5379 2015 5432 id
2043 5384 2150 5433 est.
2171 5372 2480 5444 judicialia,
2509 5372 2622 5444 v_i_d.
2650 5371 2686 5425 l.
2707 5373 2802 5444 _l_8,
2828 5371 2880 5423 ll".
2912 5371 2987 5424 De
3035 5370 3415 5444 testam._lege
3445 5372 3535 5444 20,

1965 5446 2068 5516 §6,
2089 5445 2142 5499 ll’.
2166 5437 2512 5516 Quitesmm.
2539 5440 2632 5495 His
2655 5441 2791 5495 adde
2817 5455 2938 5510 quae
2963 5440 3155 5516 scripsi
3179 5440 3232 5492 2.
3259 5437 3424 5516 feud.
3447 5441 3536 5513 51,

1963 5509 2019 5568 in
2045 5517 2164 5575 lin..
2192 5509 2284 5566 ubi
2334 5511 2548 5564 femina:
2580 5509 2932 5566 removentur
2953 5526 2982 5564 a
3019 5509 3332 5564 teStimonio
3381 5509 3534 5562 invré

1963 5585 2203 5662 stiturae,
2234 5581 2485 5662 quamvis
2517 5579 2740 5636 feudum
2802 5579 3037 5638 habeant
3070 5579 3140 5636 ab
3196 5579 3388 5641 eodem
3437 5579 3527 5641 d0-

1967 5654 2136 5707 mino.

2035 5723 2145 5790 (27)
2185 5720 2241 5773 0.
2275 5721 2308 5774 l.
2343 5720 2428 5783 is,
2454 5719 2508 5775 (ι.
2542 5720 2570 5793 §
2602 5719 2655 5776 6.
