4062 6202
478 285 591 351 535

1738 281 1931 342 LEON
1943 282 2008 340 IS
2035 281 2494 343 PHILOSOPHI

3629 279 3736 340 536

476 412 607 456 dum
638 395 924 467 praecludit
953 394 1186 459 aditum,
1223 409 1287 451 ac
1319 394 1599 466 proposita
1639 397 1913 451 sententia
1954 413 2053 452 sua

2172 401 2345 469 ιυρεῖν
2380 397 2605 460 εἴσοδον,
2635 395 2728 449 καὶ
2758 395 2792 464 ἠ
2830 392 3076 463 βασιλεία
3105 390 3264 462 ἡμῶν
3314 393 3738 460 προστιθεμένη,

477 490 745 553 decernit,
775 489 1028 558 legesque
1072 486 1344 557 prohibet,
1378 502 1447 541 ne
1468 502 1578 557 quo
1612 488 1775 542 modo
1801 489 2059 544 mulieres

474 585 541 636 ad
575 592 954 636 contractuum
992 578 1306 633 testimonia
1341 580 1627 633 accedant.
1678 578 1735 632 In
1765 580 1929 634 rebus
1959 595 2055 633 au-

474 682 582 728 tem
623 671 972 741 peculiariter
987 670 1052 724 ad
1079 671 1229 739 ipsas
1256 670 1677 737 pertinentibus,
1705 672 1905 738 quibus
1928 672 2064 724 inte-
2108 712 2109 715 η

475 776 631 815 resse
662 752 792 814 viris
827 759 907 814 l'as
938 774 1044 812 non
1079 767 1163 814 est
1209 760 1295 827 (de
1334 770 1491 825 partu
1522 760 1736 829 (28-δί)
1762 760 1979 829 loquor,
2010 768 2065 814 et

474 851 517 902 si
559 852 645 904 cui
695 851 770 905 rei
812 851 922 918 (55)
967 851 1055 904 alii
1089 854 1202 905 sola
1262 852 1460 905 mulier
1491 852 1801 922 adhibetur)
1832 867 1929 907 sua
1965 866 2063 921 pe-

478 941 709 995 culiaria
739 940 980 1010 virisque
1010 942 1225 995 occulta
1255 950 1543 995 testantor.

930 1132 1393 1189 CONSTITUTIO
1433 1133 1621 1189 XLIX.

486 1243 568 1299 Ne
597 1246 731 1299 servi
749 1245 816 1298 ad
840 1244 1120 1300 dicendum
1153 1245 1510 1299 testimonium
1537 1245 1895 1298 admittantur
1924 1242 2063 1315 (Si).

559 1425 704 1479 Idem
738 1425 1036 1491 imperator
1058 1423 1232 1479 eidem
1278 1424 1541 1495 Styliano.

556 1514 952 1570 Testimonium
972 1531 1096 1569 cum
1132 1517 1312 1585 magni
1334 1517 1615 1580 momenti,
1642 1516 2065 1585 necessariaque

486 1607 552 1659 ad
582 1607 781 1660 tuenda
844 1607 1154 1660 communis
1203 1608 1325 1661 vitae
1378 1609 1591 1676 negotia
1649 1624 1735 1661 res
1768 1609 1861 1666 sit.
1902 1620 2065 1660 nona

2163 492 2345 562 ψῆφον
2374 490 2580 544 οἰκείαν
2616 489 2851 541 ποιεῖται
2903 483 2965 538 τὸ
3009 482 3213 552 ταύτης
3258 482 3454 551 δόγμα,
3492 483 3585 535 καὶ
3631 485 3742 536 ἀπ-

2171 583 2425 650 αγορεύει
2465 580 2614 649 νόμῳ
2640 577 2775 650 ὅλως
2800 578 3064 643 γυναῖκας
3092 573 3184 625 ἐπὶ
3203 571 3271 623 τὰ
3294 570 3403 622 τῶν
3434 570 3747 639 συμφώνων

2169 642 2447 744 μαρτύρια
2474 642 2754 741 ἔρχεσθαί.
2802 669 2891 720 Ἑν
2924 665 3217 735 πράγμασι
3241 665 3297 716 δέ
3330 663 3578 730 γυναιξὶν
3607 662 3744 716 ἰδιά-

2164 763 2367 826 ζουσιν,
2396 755 2458 815 οὗ
2493 761 2567 831 μὴ
2600 758 2820 828 θεμιτὸν
2871 755 3218 825 ἐντυγχάνειν
3267 753 3523 823 ἀνδράσιν
3574 753 3746 823 (φημὶ

2164 854 2229 925 δὴ
2286 853 2378 905 ἐπί
2436 870 2495 906 τε
2548 853 2778 914 ὠδίνων,
2831 848 2927 900 καὶ
2961 846 3015 899 εί
3038 863 3092 898 τι
3118 845 3306 914 ἕτερον
3337 843 3365 896 ὃ
3397 844 3533 912 μόνη
3570 843 3741 911 θῆλυς

2164 945 2286 1014 ὕψις
2310 945 2458 1015 ὁρᾷ),
2490 944 2558 997 τὰ
2584 944 2760 996 οἰκεῖα
2788 941 2884 993 καὶ
2925 938 3175 1009 ἀρρένων
3207 935 3508 1006 ὀφθαλμοῖς
3536 935 3743 990 ἀθέατα

2168 1034 2641 1105 μαρτυρείτωσαν.

2681 1142 2997 1199 ΔΙᾹΤΑΞΙΣ
3032 1139 3169 1196 ΜΘ’.

2166 1258 2306 1325 Περὶ
2361 1258 2466 1312 τοῦ
2510 1258 2962 1325 ἀπροσδέκτους
3015 1256 3101 1319 εις
3154 1251 3222 1305 τὸ
3251 1247 3573 1325 μαρτυρεεῇ⁴⁵
3592 1249 3734 1301 καθα

2202 1317 2482 1383 armo-0m
2512 1317 2680 1393 ὅσοις
2696 1331 2727 1380 ό
2750 1327 2889 1391 ,βίος
2919 1317 3232 1390 ἐλεύθερος
3250 1317 3321 1374 οὐ
3340 1317 3696 1385 γνωρίζεται.

2252 1439 2309 1492 '0
2339 1439 2499 1501 αὐτὸς
2528 1437 2781 1507 βασιλεὺς
2809 1433 3083 1504 Στυλιανῷ
3106 1432 3183 1503 τῷ
3220 1430 3413 1501 αὐτῷ’.

2249 1532 2315 1583 Ἠ
2349 1529 2625 1599 μαρτυρία
2660 1529 2804 1598 μέγα
2854 1545 2906 1580 τι
2956 1527 3051 1580 καλ⁸
3080 1527 3376 1592 ἀναγκαῖον
3422 1522 3483 1576 ὃν
3509 1524 3591 1585 είς
3642 1522 3743 1591 τὴν

2166 1619 2278 1672 τῶν
2330 1618 2673 1687 πραγμάτων
2723 1615 2817 1668 τοῦ
2876 1614 2991 1683 βίου
3026 1612 3347 1680 ἀσφάλειαν,
3376 1610 3477 1661 οὐκ
3532 1611 3595 1662 ἐκ
3629 1608 3744 1660 τῶν

485 1697 819 1766 quibuslibet
868 1697 1003 1766 (55),
1055 1697 1150 1751 sed
1187 1698 1253 1749 ab
1292 1698 1358 1751 iis
1385 1700 1473 1766 qui
1512 1706 1665 1751 extra
1706 1697 2061 1767 ignominiam

2176 1710 2543 1779 ἐπιτυχόντων
2598 1705 2905 1777 προσώπων
2934 1704 3047 1757 ἀλλ’
3078 1696 3152 1756 ὧν
3183 1702 3279 1753 οὐκ
3306 1701 3498 1769 ἄτιμος
3524 1701 3557 1769 ἡ
3584 1700 3744 1751 πσλι-

489 1788 698 1849 vivunt,
727 1784 854 1838 ferri
881 1791 1092 1852 aequum
1130 1795 1232 1838 est.
1289 1784 1454 1839 Recte
1490 1801 1618 1852 ergo
1669 1785 1939 1853 exquisita
1973 1799 2062 1836 ra-

488 1875 638 1929 tione
661 1874 728 1929 dc
754 1875 855 1929 hoc
889 1876 1195 1943 disceptant
1224 1875 1389 1944 leges,
1421 1887 1474 1929 et
1510 1892 1615 1929 non
1650 1874 1975 1944 simpliciter
1995 1873 2063 1928 ad

490 1966 784 2019 dicendum
851 1966 1225 2021 testimonium
1284 1967 1485 2035 cuique
1547 1967 1754 2019 aditum
1798 1966 2063 2035 przebent.

490 2052 902 2121 Verumtamen,
939 2058 1066 2127 quia
1097 2058 1370 2112 nonnullae
1427 2044 1572 2126 leges
1631 2056 1846 2111 servilis
1876 2055 2070 2110 condi-

489 2147 656 2202 tionis
695 2148 1010 2202 hominibus
1043 2150 1096 2203 in
1137 2148 1467 2218 quibusdam
1501 2147 1634 2217 (55),
1672 2147 1837 2200 rebus
1874 2146 2069 2200 testari

489 2248 885 2292 concesserunt
916 2255 930 2292 :
961 2239 1134 2293 visum
1171 2240 1331 2292 nobis
1365 2246 1471 2302 est,
1514 2238 1615 2291 hoe
1650 2248 1776 2291 nota
1805 2236 2072 2289 inducen-

488 2326 616 2382 dum
648 2344 793 2392 esse,
826 2338 883 2383 ut
911 2346 1030 2399 qua:
1057 2330 1243 2384 liberae
1275 2331 1397 2383 vitae
1432 2329 1725 2399 participes
1783 2344 1889 2381 non
1919 2336 2069 2391 sunt,

490 2420 544 2473 in
578 2420 892 2473 universum
933 2420 999 2473 ad
1034 2419 1348 2474 testandum
1395 2435 1509 2473 non
1544 2417 1927 2483 admittantur,
1958 2418 2071 2471 lex-

489 2520 598 2575 que
627 2503 969 2560 Novellarum
1004 2508 1116 2575 (56)
1140 2508 1589 2560 cunstitutionum
1623 2506 1891 2571 obtineat,
1919 2516 1974 2560 et
2002 2505 2070 2559 de

490 2610 820 2665 quocunque
852 2596 1176 2665 simpliciter
1207 2596 1523 2651 testimonio
1560 2606 1786 2659 statuat,
1825 2597 1990 2665 idque
2014 2599 2066 2650 in

491 2701 821 2755 quacunque
850 2702 929 2752 re,
965 2688 1078 2742 sive
1106 2697 1453 2750 testamenta,
1480 2687 1594 2742 sive
1624 2687 1787 2741 aliam
1824 2688 2073 2742 humanae

490 2777 618 2830 vitae
651 2778 917 2831 actionem
958 2779 1332 2833 testimonium
1379 2779 1794 2848 complectatur.
1836 2778 1891 2832 Si
1924 2778 2069 2833 enim

491 2867 604 2922 illis
625 2870 718 2938 qui
751 2884 873 2923 cum
900 2869 1084 2924 liberae
1106 2870 1227 2923 vita:
1261 2871 1389 2931 sint,
1430 2870 1591 2923 vitam
1617 2869 1870 2938 ingenue,
1899 2884 2073 2939 eaque

490 2959 743 3014 libertate
779 2975 941 3030 quam
976 2962 1117 3014 nacti
1153 2970 1283 3016 sunt
1311 2961 1457 3031 digni
1484 2976 1592 3016 non
1623 2961 1850 3029 degunt,
1886 2976 2067 3030 neque

2170 1802 2290 1855 τεία
2318 1800 2504 1854 δικαία
2539 1800 2656 1852 ἐστὶ
2688 1794 3059 1850 συνίστασθαι.
3088 1792 3284 1854 Καλῶς
3318 1791 3411 1844 οὖν
3455 1789 3743 1860 ἀκριϐολο-

2172 1893 2350 1961 γεῖται
2382 1891 2512 1961 περὶ
2538 1889 2729 1941 τούτου
2760 1889 2873 1949 τοῖς
2903 1886 3112 1956 νόμοις,
3142 1885 3234 1936 καὶ
3255 1884 3354 1951 οὐχ
3382 1879 3568 1942 ἁπλῶς
3600 1896 3746 1930 παν-

2170 1982 2224 2034 τὶ
2254 1980 2455 2033 διδόασι
2491 1978 2724 2049 πάροδον
2755 1976 2891 2046 πρὸς
2923 1974 3023 2044 τὴν
3047 1974 3251 2027 εἴσοδον
3271 1973 3369 2040 τῆς
3403 1970 3733 2040 μαρτυρίας.

2175 2071 2323 2141 Πλὴν
2353 2071 2469 2124 ἀλλ’
2496 2069 2729 2139 ἐπείπερ
2756 2070 2870 2129 τοῖς
2903 2066 3008 2119 ὑπὸ
3037 2063 3288 2133 δουλικὴν
3323 2059 3537 2115 τελοῦσι
3569 2058 3745 2127 τύχην

2173 2162 2302 2215 ἔνιοι
2331 2160 2439 2215 τῶν
2472 2159 2653 2230 νόμων
2699 2158 2887 2211 ἔδοσαν
2920 2158 2999 2219 είς
3044 2155 3352 2225 μαρτυρίαν
3402 2152 3458 2203 ἐν
3490 2167 3601 2202 τισι
3632 2148 3744 2201 τῶν

2175 2251 2521 2323 πραγμάτων
2574 2250 2822 2311 εἰσιέναι,
2877 2247 3053 2318 ὀρθῶς
3102 2247 3232 2314 ἡμῖν
3285 2244 3405 2313 ἔχον
3440 2242 3615 2311 ἐφάνη
3647 2240 3745 2292 καὶ

2173 2345 2239 2397 τὰ
2287 2343 2415 2413 περὶ
2464 2342 2652 2394 τούτου
2699 2338 3224 2409 παρασημήνασθαι.
3270 2336 3435 2387 Ὥστε
3495 2331 3729 2385 καθόλου

2174 2437 2300 2498 τοὺς
2374 2433 2451 2504 μὴ
2505 2431 2872 2501 μετασχόντας
2924 2428 3195 2490 πολιτείας
3249 2425 3531 2495 ἐλευθέρου
3574 2424 3653 2485 είς
3684 2423 3750 2474 τὸ

2176 2528 2474 2600 μαρτυρεῖν
2511 2523 2915 2595 ἀπροσδέκτους
2964 2517 3343 2582 καθίστασθαι,
3366 2516 3460 2569 καὶ
3494 2516 3581 2567 τὸν
3614 2514 3663 2546 ⁷⁸
3688 2516 3752 2566 ἐν

2175 2620 2241 2687 τῇ
2272 2616 2441 2686 νεαρᾷ
2469 2612 2761 2683 νομοθεσία
2779 2612 2823 2643 τί
2853 2613 3072 2679 κρατεῖν
3101 2608 3196 2661 ποια)⁸
3221 2610 3347 2678 περὶ
3363 2607 3539 2675 πάσης
3562 2604 3750 2665 ἁπλῶς

2178 2708 2483 2780 μαρτυρίας
2504 2706 2707 2777 ὁρίζειν
2733 2704 2827 2758 καὶ
2848 2705 2906 2757 ἐν
2933 2702 3095 2755 παντὶ
3120 2702 3429 2770 πράγματι,
3464 2699 3529 2751 άν
3556 2714 3615 2749 τε
3636 2696 3750 2749 δια·

2174 2800 2336 2869 θῆκαι
2369 2793 2523 2862 ὦσιν,
2545 2798 2612 2851 ἄν
2638 2813 2698 2849 τε
2718 2814 2801 2859 τις
2830 2795 2992 2865 ἑτέρα
3010 2793 3104 2846 τοῦ
3135 2792 3246 2862 βίου
3272 2789 3621 2860 πραγματεία
3646 2805 3753 2841 πα-

2176 2889 2632 2961 ραλαμῦανομένη
2649 2888 2716 2939 ⁷⁸.
2745 2887 2805 2939 Εἰ
2829 2886 2937 2956 γὰρ
2959 2885 3060 2937 οὐκ
3085 2884 3261 2949 ἔξεστι
3281 2882 3573 2952 μαρτυρεῖν
3602 2880 3751 2931 ἐκείο

2174 2997 2308 3045 νοις,
2328 2978 2630 3033 ὅσοικαίτοι
2650 2977 2927 3039 πολιτείας
2952 2973 3235 3044 ἐλευθέρου
3251 2972 3401 3035 ὄντες
3426 2970 3499 3042 μὴ
3517 2971 3609 3023 τὸν
3633 2969 3753 3039 βίον

492 3059 760 3119 quantum
811 3052 924 3106 fieri
966 3061 1144 3121 potest
1190 3053 1356 3106 animi
1382 3052 1810 3123 magnitudinem
1839 3067 1867 3105 a
1902 3051 2070 3107 servi-

2183 3069 2502 3139 ἐλευθερίως
2532 3069 2626 3123 καὶ
2654 3062 2898 3137 ἀξίωςῆς
2922 3065 3111 3134 ἔλαχον
3140 3061 3451 3132 ἐλευθερίας
3468 3059 3752 3124 διαζῶσιν,

491 3149 611 3198 tute
644 3144 870 3197 liberam
903 3153 1255 3205 conservant.
1319 3144 1415 3200 sed
1439 3144 1495 3198 in
1529 3144 1841 3197 illicitarum
1902 3142 2076 3197 aetio-

494 3247 628 3289 num
672 3233 987 3287 servitutem
1044 3233 1397 3303 subiguntur,
1464 3232 1841 3287 teatimonium
1891 3232 2076 3286 dicere

494 3336 605 3375 non
634 3321 793 3375 licet:
815 3337 988 3390 neque
1013 3323 1098 3377 his
1125 3337 1358 3392 quorum
1392 3322 1554 3376 vitam
1576 3336 1685 3375 non
1710 3335 1831 3375 esse
1850 3320 2075 3375 liberam

494 3420 734 3479 constat,
766 3411 908 3469 ferre
941 3413 1310 3468 testimonium
1343 3411 1697 3468 concedetur.
1740 3408 1875 3464 Nam
1930 3418 2074 3464 tam-

467 3504 600 3569 etsi
635 3503 777 3559 alius
800 3505 889 3559 bic
917 3505 1195 3560 servitutis
1228 3505 1423 3560 modus
1454 3504 1544 3566 sit,
1598 3510 1835 3556 attamen
1862 3516 1927 3555 ea
1956 3516 2075 3556 ser-

494 3595 643 3649 vitus
661 3605 764 3657 est,
790 3611 955 3666 quam
996 3594 1266 3653 libertatis
1304 3593 1571 3666 dignitate
1603 3590 1924 3662 participem
1952 3606 2076 3648 esse

496 3689 781 3760 indignum
808 3688 899 3743 sit.

989 3801 1455 3858 CONSTITUTIO
1518 3803 1580 3858 L.

504 3911 695 3983 Ut(37)
734 3910 1046 3983 donationes
1070 3929 1183 3980 qua.
1211 3912 1265 3965 ἐι.
1301 3911 1509 3966 3"teras
1558 3915 1741 3970 relatae
1791 3931 1895 3970 non
1950 3923 2077 3970 sunt

468 3996 469 3999 ‘
595 3981 600 3983 ’
743 3981 812 4033 ad
837 3982 1141 4050 quingentos
1172 3997 1330 4049 usque
1350 3998 1545 4037 aureos
1577 3985 1810 4041 valeant.

566 4068 714 4125 Idem
746 4069 1042 4137 imperator
1068 4070 1240 4122 eidem
1275 4069 1543 4139 Styliano.

576 4158 1032 4228 Quandoquidem
1064 4159 1218 4213 multi
1252 4161 1389 4215 alias
1417 4162 1620 4231 gratias
1659 4162 1907 4227 relaturt,
1936 4162 2075 4220 alias

501 4250 738 4319 benigno
762 4248 1029 4303 duntaxat
1066 4250 1345 4319 proposito
1372 4252 1528 4317 muti,
1568 4251 1712 4306 dona
1746 4253 1800 4305 in
1836 4255 2079 4305 nonnul-

498 4342 585 4397 los
615 4340 906 4396 conferunt
946 4358 960 4394 :
1005 4341 1149 4397 etde
1200 4342 1304 4397 hoc
1334 4344 1515 4412 capite
1572 4342 1831 4398 distincte
1853 4344 2075 4397 traden-

2177 3161 2284 3216 οὐδ’
2309 3162 2392 3230 ἐφ’
2424 3161 2548 3215 ὅσον
2570 3159 2802 3213 δυνατὸν
2825 3156 3126 3211 ἀδούλωτον
3146 3153 3241 3207 τοῦ
3289 3152 3382 3207 νοῦ
3416 3148 3751 3219 συντηροῦσι

2176 3254 2237 3307 τὸ
2264 3253 2503 3324 ἀξίωμα,
2532 3250 2670 3304 ἀλλὰ
2694 3250 2833 3320 πρὸς
2867 3248 3111 3302 δουλείαν
3166 3240 3243 3299 ὧν
3274 3246 3335 3298 ού
3364 3245 3445 3297 δεῖ
3496 3242 3755 3313 πράξεων

2178 3343 2503 3410 ὑπάγονται.
2531 3342 2651 3395 ούδέ
2683 3342 2894 3405 τούτοις
2918 3338 3398 3411 παρασχεθήσεται
3425 3336 3749 3406 μαρτυρεῖν,

2175 3430 2322 3493 ὅσοις
2347 3430 2375 3481 ὀ
2408 3428 2522 3499 βίος
2572 3428 2858 3500 ἐλεύθερος
2914 3429 2974 3481 οὐ
3026 3426 3374 3497 γνωρίζεται.
3411 3426 3473 3477 El.
3511 3423 3621 3493 γὰρ
3649 3422 3754 3476 καὶ

2176 3519 2363 3590 ἕτερος
2385 3519 2621 3573 ἐνταῦθα
2658 3521 2860 3588 τρόπος
2888 3518 3157 3583 δουλείας,
3186 3518 3302 3571 ἀλλ’
3339 3518 3491 3588 ὅμως
3514 3515 3750 3581 δουλεία,

2175 3605 2243 3674 ἢν
2270 3606 2520 3678 μετέχειν
2540 3607 2639 3663 οὐκ
2662 3606 2812 3672 ἄξιον
2830 3606 2924 3661 τοῦ
2951 3607 3047 3678 τῆς
3073 3606 3389 3676 ἐλευθερίας
3413 3603 3750 3677 ἀξιώματος.

2713 3796 3026 3851 ΔΙΑΤΑΞΙΣ
3053 3797 3112 3850 N'
3123 3835 3137 3851 .

2177 3910 2318 3979 Περὶ
2362 3910 2470 3966 τοῦ
2510 3912 2617 3977 τὰς
2663 3912 2887 3979 δωρεὰς
2913 3912 3017 3977 τὰς
3065 3911 3249 3980 μέχρι
3273 3909 3332 3979 φ’
3369 3908 3755 3978 νομισμάτων

2543 3982 2735 4047 οὔσας
2762 3980 3069 4050 ἐγγράφως
3096 3982 3386 4049 γίνεσθαι.

2257 4071 2314 4124 ⁸0
2338 4064 2499 4136 αύτὸς
2529 4072 2783 4143 βασιλεὺς
2817 4072 3093 4142 Στυλιανῷ
3124 4071 3203 4142 τῷ
3223 4071 3394 4140 αὐτῷ.

2263 4161 2480 4233 Ἐπειδὴ
2505 4161 2689 4215 πολλοὶ
2709 4162 2855 4216 ἐστιν
2876 4164 2963 4216 ὅτε
2993 4162 3092 4233 μὲν
3117 4161 3343 4231 χάριτας
3372 4158 3750 4229 ἀμειϐόμενοι,

2177 4249 2265 4302 ὁτὲ
2286 4249 2342 4303 δὲ
2366 4251 2503 4322 μόνῃ
2526 4254 2737 4322 χρηστῇ
2770 4252 3089 4323 προαιρέσει
3119 4250 3453 4319 κινούμενοι,
3513 4249 3751 4318 δωρεαῖς

2180 4342 2356 4406 ἐνίους
2392 4343 2711 4410 δεξιοῦνται,
2742 4345 2988 4415 καὶπερὶ
3022 4344 3215 4397 τούτου
3241 4342 3337 4396 τοῦ
3393 4342 3593 4412 μέρους
3626 4341 3746 4393 διαυ

501 4431 628 4484 dum
658 4446 783 4487 esse
812 4430 989 4486 visum
1014 4440 1119 4498 est,
1144 4433 1335 4501 quales
1362 4432 1687 4489 donationes
1738 4447 1845 4487 non
1882 4432 2070 4501 everti,

2182 4407 2495 4488 στείλασθαι
2534 4432 2733 4500 ἔδοξεν,
2765 4435 2884 4499 οῖας
2933 4407 2997 4489 τε
3023 4436 3130 4506 χρὴ
3161 4407 3602 4505 ἀνατρέπτουςτδ,
3658 4431 3753 4484 καὶ

1762 4590 2002 4647 ΥΑΚΙᾸΞ
2037 4590 2334 4648 LECTION
2343 4591 2445 4647 ES.

593 4702 637 4735 '”
668 4704 808 4757 Nov.
856 4700 1148 4758 Justiniani
1196 4684 1285 4767 90,
1324 4716 1376 4758 c.
1422 4703 1475 4756 6.

1581 4704 1623 4736 ⁷³
1657 4702 1891 4785 Scrimg.
1939 4705 2005 4759 ἄν
2028 4721 2088 4786 τε
2115 4704 2213 4774 τὴν
2240 4706 2433 4826 ἐτέἕαν
2458 4703 2554 4759 τοῦ
2606 4704 2725 4785 βίου
2773 4703 3155 4826 πρργέιατείαν
3185 4700 3751 4772 παραλαμϐανομένη.

1581 4788 1777 4826 nenoo.
1805 4774 1901 4826 lib.
1941 4788 2003 4826 tt.
2035 4782 2121 4826 tit.
2160 4776 2209 4826 l.
2244 4791 2294 4826 ι).
2361 4774 2449 4826 06.
2526 4775 2574 4806 τι
2605 4774 2784 4826 Malim
2814 4775 2917 4826 ἀτο
2952 4788 3137 4826 πτους.

506 4772 552 4805 ’³
582 4772 697 4828 Ecl.
719 4771 821 4829 No.
852 4772 942 4829 9.9.
972 4771 1250 4827 Laudatur
1279 4773 1421 4841 apud
1448 4771 1777 4843 HarnienOp.
1805 4771 1901 4827 lib.
1941 4788 2003 4840 tt,
2035 4775 2121 4829 tit.
2160 4771 2209 4841 Ι,
2243 4791 2294 4845 p.
2324 4771 2449 4831 206.
2526 4775 2574 4806 τι
2605 4771 2784 4828 Malim
2814 4771 3137 4835 ἀτοέπτους.

2012 4904 2247 4963 NOTAE.

602 5025 790 5092 28-32)
829 5024 952 5078 Vid.
978 5023 1063 5078 til.
1094 5022 1164 5079 De
1189 5033 1378 5078 ventre
1407 5022 1769 5089 inspiciendo.

601 5095 690 5162 55)
717 5088 853 5150 Puta
887 5095 1079 5149 balneo
1117 5094 1459 5157 muliebriJ,
1493 5088 1946 5162 Harmenop._15,
1972 5092 2073 5162 ad-

509 5159 746 5220 mittitur
761 5166 922 5219 etiam
954 5166 1007 5218 in
1036 5162 1452 5232 qumstionibus,
1488 5159 1811 5232 maiestatis,
1846 5159 1895 5232 |._
1925 5161 1980 5222 8,

512 5235 579 5288 ad
613 5236 649 5288 I.
672 5233 870 5287 Juliam
902 5227 1225 5301 majestatis,
1260 5244 1313 5287 et
1340 5233 1394 5287 in
1424 5227 1740 5287 domesticis
1770 5227 1932 5287 factis
1956 5232 1991 5285 ι.
2015 5231 2071 5296 8,

512 5306 542 5375 ς
580 5305 635 5375 6,
658 5303 721 5375 Ω.
747 5301 830 5375 Pe
860 5303 1054 5375 repud.

584 5373 696 5441 (54)
742 5368 1068 5441 Testis—esse
1107 5371 1218 5441 ullo
1256 5369 1419 5441 modo
1450 5385 1559 5441 non
1595 5380 1798 5439 potest,
1828 5368 1923 5440 qui
1950 5383 2068 5441 set:-

512 5438 726 5563 Renes:
753 5456 768 5504 ;
794 5438 941 5561 ΙΝον.
964 5440 1107 5495 Just.
1140 5439 1229 5504 98,
1258 5454 1308 5494 c.
1338 5440 1391 5504 6,
1414 5450 1468 5495 et
1503 5440 1575 5495 ita
1599 5438 1914 5512 abrogatur,
1951 5440 1988 5493 I.
2018 5439 2071 5504 7,

560 5552 571 5561 .
649 5525 679 5563 e
708 5521 788 5563 tes
810 5548 834 5563 ..

560 5552 571 5561 .
607 5519 679 5564 De
708 5519 834 5565 test.

588 5578 700 5646 (35)
741 5580 793 5632 In
827 5579 894 5632 iis
920 5577 1040 5632 scil.
1069 5578 1122 5632 in
1146 5578 1345 5646 quibus
1384 5578 1488 5630 alia
1514 5578 1759 5646 probatio
1790 5578 1858 5635 ad
1873 5591 2069 5637 eruen-

518 5647 644 5703 dam
667 5647 948 5703 veritatem
978 5663 1084 5701 non
1117 5657 1223 5713 est,
1256 5648 1292 5701 1.
1325 5646 1377 5712 7,
1413 5646 1469 5704 ﬂ”.
1500 5646 1574 5703 De
1603 5650 1783 5706 lestib.

2252 5024 2364 5093 (36)
2385 5022 2523 5093 Nov.
2552 5038 2633 5080 se.
2653 5020 2796 5093 Just.
2821 5020 2991 5093 90,_e.
3026 5020 3081 5093 6.

2252 5088 2365 5165 ('57)
2399 5092 2617 5165 :l‘itulus
2656 5092 2814 5165 aliter
2835 5090 3098 5165 aGreeeis
3133 5088 3398 5165 accipitur
3428 5088 3516 5165 bis
3541 5089 3750 5165 verbis,

2179 5154 2425 5247 περὶ.τοῦ
2458 5162 2558 5223 τὰς
2596 5161 2802 5280 δωέοεὰς
2826 5160 2922 5222 τὰς
2954 5158 3119 5239 μέχρι
3139 5154 3215 5225 φ’.
3248 5154 3601 5240 νομισμάτων
3645 5158 3739 5211 οὖ-

2180 5250 2279 5280 σας
2307 5231 2601 5280 εγγοάςοως
2627 5246 2660 5280 γ
2684 5228 2893 5280 νεσθαι.
2925 5228 3161 5280 Seruna.
3200 5228 3329 5280 Mtln
3396 5242 3479 5280 sne
3536 5228 3739 5280 Vldeltll

2180 5228 2279 5297 σας
2307 5231 2601 5301 ἐγγράφως
2627 5228 2893 5297 γίνεσθαι.
2925 5228 3161 5296 Scrimg.
3200 5228 3329 5281 Mihi
3396 5229 3479 5281 sic
3536 5228 3757 5281 videtur

2180 5303 2282 5355 liae
2310 5300 2446 5355 Nov.
2504 5314 2612 5354 non
2665 5297 2871 5355 requiri
2916 5297 3341 5351 insinuationem
3372 5296 3426 5349 in
3458 5296 3759 5350 donatione

2182 5315 2282 5356 nae
2310 5315 2446 5355 nov.
2504 5315 2612 5354 non
2665 5315 2871 5366 requiri
2916 5315 3341 5351 insmuattonem
3372 5315 3426 5349 In
3458 5315 3753 5350 donatione

2180 5372 2283 5426 500
2313 5384 2509 5424 aureos
2528 5366 2825 5424 excedente
2852 5367 2935 5432 (ut
2968 5367 3044 5420 ita
3087 5365 3383 5432 abrogetur
3414 5365 3451 5418 l.
3474 5365 3565 5422 ΞΔ.
3590 5366 3630 5419 l.
3660 5367 3753 5429 36,

2180 5441 2233 5494 in
2267 5442 2358 5493 lin.
2381 5438 2443 5494 C.
2472 5437 2546 5492 De
2595 5437 2725 5490 don.
2750 5436 2777 5505 ς
2807 5435 2861 5498 2,
2895 5434 3026 5488 Inst.
3060 5433 3133 5487 De
3166 5435 3318 5496 don.)
3344 5434 3559 5505 etiamsi
3598 5435 3653 5488 in
3688 5450 3755 5505 ea

2179 5502 2824 5576 requiratur__scriptu'r_a
2862 5506 2965 5576 :_si
3010 5512 3190 5576 tamen
3229 5502 3755 5576 _testibus_probari

2178 5570 2453 5649 possin},
2495 5570 2681 5628 llarml
2710 5575 2761 5635 1,
2787 5573 2841 5626 in
2863 5572 3107 5649 ‘ti‘n._ubi_
3150 5572 3313 5641 hujus
3334 5570 3754 5629 constitutionis

2180 5640 2449 5712 ineminit,
2472 5658 2632 5715 quam
2659 5652 2713 5702 et
2745 5658 2844 5713 pro
2861 5642 2951 5709 29,
2984 5640 3189 5696 laudat.
