4062 6202
490 279 600 343 5'39

1750 280 2027 341 LEONIS
2064 281 2524 343 PHILOSOPHI

3598 244 3748 345 ista

489 408 649 449 emno
678 390 840 462 atque
882 393 997 447 luto
1025 409 1217 450 omnes
1253 408 1554 465 emergere,
1592 396 1902 466 divinisque
1929 414 2059 467 pra:-

2170 395 2532 467 κατέστημεν.
2576 394 2714 449 Ἀλλ’
2782 395 2905 446 ἐπεὶ
2964 394 3055 447 τοῦ
3110 392 3281 462 πηλοῦ
3320 394 3414 446 καὶ
3472 395 3570 463 τῆς
3606 395 3749 461 ίλύος
3841 473 3844 475 Δ

489 486 664 552 ceptis
694 485 747 537 in
775 485 975 539 caelum
1041 485 1363 540 tollentibus
1419 487 1618 541 elevari
1684 486 1903 545 dilIicile
1928 498 2014 545 est
2048 510 2061 544 :

489 574 729 627 humano
788 576 974 643 generi
1033 577 1262 630 salutem
1316 578 1479 631 etiam
1509 579 1748 634 humana
1777 583 2067 649 prudentia

490 668 761 736 perleges
788 682 917 721 suas
963 668 1262 721 adinvenit.
1320 667 1665 737 Quapropter
1716 673 1880 726 etiam
1921 688 2070 729 nunc

489 773 635 821 cum,
664 774 974 826 quanquam
1005 759 1268 814 Dominus
1298 767 1351 812 et
1393 760 1652 815 Servator
1686 773 1873 818 noster
1902 764 2067 820 misc-

488 848 733 902 ricordes
763 864 884 902 esse
914 864 1217 918 eorumque
1246 852 1337 919 qui
1363 852 1547 919 inopia
1581 863 1907 921 premuntur
1940 856 2066 911 illos

486 939 579 1007 qui
631 939 800 1007 ipsius
848 939 1006 993 denis
1035 939 1282 995 fruentes
1314 943 1366 994 in
1398 943 1642 997 allluenti
1699 960 1883 999 rerum
1908 948 2066 1016 copia

487 1033 698 1096 vivunt,
732 1032 1000 1101 angustiis
1032 1047 1357 1086 succurrere
1394 1034 1645 1101 jusserit,
1707 1037 1951 1090 nonnulli
1982 1045 2065 1091 ta-

486 1139 609 1176 men
635 1122 709 1175 ita
742 1122 793 1175 in
850 1122 1138 1174 Dominum
1185 1122 1407 1192 ingrati,
1458 1139 1691 1193 ergaque
1721 1140 2065 1182 communem

489 1211 765 1263 hominum
808 1211 1187 1279 cognationem
1244 1213 1747 1268 commiserationis
1810 1224 2066 1285 expertes

486 1309 636 1364 sunt,
671 1311 727 1353 ut
757 1317 861 1353 non
895 1300 1056 1353 modo
1088 1316 1193 1353 non
1218 1302 1508 1371 benignam
1539 1318 1755 1357 manum
1778 1307 2066 1375 egentibus

488 1393 785 1460 prmbeant,
857 1408 1042 1444 verum
1109 1392 1297 1457 etiam,
1347 1402 1607 1462 tanquam
1660 1396 1793 1450 solis
1846 1412 2067 1467 quoque

486 1483 656 1537 radiis
698 1483 923 1537 tetricos
980 1484 1275 1537 thesauros
1301 1500 1431 1538 suos
1481 1488 1727 1555 aspicere
1764 1487 2062 1552 invideant,

488 1576 539 1629 in
572 1587 768 1629 terram
803 1574 1233 1644 illosdelodiant
1259 1594 1271 1628 :
1300 1577 1683 1632 deinhumano
1706 1579 1809 1632 hoc
1844 1580 2065 1635 invento

487 1666 804 1719 inmedium
876 1668 1047 1735 legem
1110 1668 1331 1736 prodire
1364 1670 1629 1735 oportuit.
1662 1670 1795 1735 Qua
1844 1671 2062 1741 quidem

484 1757 570 1809 lea:
598 1772 720 1809 eum
771 1756 899 1832 olim
939 1758 1045 1810 lata
1094 1760 1272 1819 l'uerit,
1319 1759 1459 1813 victa
1501 1768 1679 1814 autem
1716 1763 2061 1831 postmodum

484 1861 514 1898 a
550 1848 863 1916 cupiditate,
927 1864 1049 1918 quae
1109 1851 1308 1903 multas
1342 1851 1591 1920 egregias
1620 1866 1709 1907 res
1746 1853 2060 1919 labefactat,

486 1942 554 1993 ab
579 1943 876 2012 eademque
908 1959 1006 1999 suo
1038 1945 1221 2013 vigore
1250 1945 1462 2013 privata
1503 1946 1575 2002 sit
1618 1964 1632 2000 :
1665 1962 1811 2001 nunc
1848 1948 1917 2003 ab
1963 1949 2065 2002 im-

484 2029 754 2094 peratoria
784 2042 971 2085 nostra
1001 2032 1288 2099 majestate
1320 2035 1373 2087 in
1408 2034 1683 2104 integrum
1738 2037 2063 2092 restituitur.

482 2112 717 2170 Juhebat
750 2127 931 2171 autem
994 2121 1085 2173 illa
1141 2121 1277 2189 (4i),
1315 2132 1373 2175 ut
1408 2123 1501 2192 qui
1537 2123 1592 2177 in
1616 2122 1899 2179 defossum
1942 2127 2067 2180 the-

484 2220 708 2259 saurum
778 2206 1093 2271 incidisset,
1127 2211 1169 2263 si
1208 2211 1469 2278 praedium
1531 2211 1584 2265 in
1637 2228 1748 2282 quo
1810 2215 2065 2270 inventus

483 2303 652 2359 esset,
685 2294 752 2348 ad
782 2298 1084 2366 principem
1125 2300 1235 2371 (42)
1292 2302 1610 2371 pertineret,
1664 2304 1936 2375 alioquive
1964 2323 2065 2375 pu-

484 2385 686 2439 blicum
717 2396 884 2453 esset,
944 2391 1096 2444 illum
1129 2407 1193 2446 ex
1226 2407 1385 2463 aequo
1418 2408 1541 2448 cum
1575 2394 1707 2451 ﬁsco
1740 2399 2061 2466 partiretur,

483 2477 529 2531 si
554 2494 682 2533 vero
711 2481 865 2536 locus
921 2484 1066 2538 unde
1118 2486 1410 2541 thesaurus
1445 2488 1499 2542 in
1533 2488 1711 2543 lucem
1743 2492 2061 2559 prodiisset,

483 2582 660 2648 neque
692 2570 761 2623 ad
815 2572 1118 2642 principem
1172 2576 1501 2644 pertineret,
1556 2594 1733 2646 neque
1778 2582 2059 2649 publicus,

480 2657 575 2713 sed
604 2660 828 2716 alterius
854 2662 1160 2732 cuiuspiam
1190 2674 1355 2727 esset,
1390 2667 1437 2721 is
1471 2669 1775 2736 aequalibus
1812 2672 2062 2739 partibus

479 2750 623 2806 inter
653 2752 993 2807 inventorem
1034 2755 1328 2825 prmdiiquc
1349 2759 1632 2812 dominum
1662 2760 2003 2817 divideretur
2042 2782 2054 2818 :

479 2840 716 2910 denique
743 2844 1116 2901 siinventoris
1152 2848 1414 2917 praedium
1469 2859 1638 2915 esset,
1697 2852 1798 2922 ipsi
1856 2869 1943 2909 res
1981 2855 2063 2908 in-

479 2941 642 2986 venta
672 2936 926 2990 universa
960 2938 1200 2993 cederet.
1253 2940 1427 3009 Atque
1451 2941 1563 2996 haec
1597 2944 1819 3012 quidem
1854 2946 1937 3000 lex
1968 2946 2057 3000 illa

2170 482 2405 551 χαλεπὸν
2466 483 2719 550 ὑπεράνω
2771 481 2980 541 πάντας
3018 479 3273 545 γενέσθαι
3304 479 3399 532 καὶ
3452 483 3567 544 τοῖς
3616 484 3752 549 πρὸς

2167 575 2393 645 οὐρανὸν
2446 573 2733 642 ἐπαίρουσι
2804 571 2970 635 θείοις
3036 571 3368 640 ἐντάλμασιν
3419 571 3751 641 ἐπαρθῆναι,

2167 665 2362 737 ἐφεῦρε
2389 667 2482 718 καὶ⁹
2510 669 2542 734 ὴ
2581 663 2895 733 ἀνθρωπίνη
2933 662 3161 732 πρόνοια
3205 662 3294 715 διά
3352 662 3644 730 δογμάτων
3669 666 3751 718 οίη

2168 758 2332 810 κείων
2381 757 2657 829 σωτηρίαν
2688 756 2766 825 τῷ
2794 754 3122 824 ἀνθρωπίνῳ
3152 753 3274 824 βίῳ.
3316 755 3416 807 Διά
3463 754 3624 807 τοῦτο
3655 756 3754 808 καὶ

2166 849 2261 901 νῦν
2286 888 2301 912 ,
2331 848 2423 901 τοῦ
2469 848 2739 901 Δεσπότω
2772 847 2867 900 καὶ
2900 846 3154 915 Σωτῆρος
3182 846 3344 915 ἡμῶν
3397 845 3750 915 οίκτίρμονας

2166 934 2303 991 εἶναι
2328 940 2791 1009 παρεγγυωμὲνου
2813 976 2829 999 ,
2861 938 2955 990 καὶ
2992 936 3102 990 τῶν
3158 935 3365 1007 ἀπορίᾳ
3407 935 3750 1005 πιεζομένων

2167 1031 2314 1095 τοὺς,
2338 1031 2453 1083 ὅσοι
2481 1029 2589 1081 τῶν
2619 1029 2830 1081 ἐκείνου
2862 1028 3083 1098 δωρεῶν
3111 1028 3478 1090 ἀπολαύοντες
3505 1031 3561 1081 ἐν
3586 1027 3753 1081 εὑπο-

2172 1124 2262 1194 ρία
2293 1122 2586 1185 διαϐιοὺσι,
2614 1121 3063 1193 παραμυθεῖσθαι
3090 1119 3191 1191 τὴν
3207 1119 3755 1187 στενοχωρίαν,ἐπεί·

2168 1230 2272 1283 περ
2303 1214 2445 1276 τινὲς
2479 1213 2765 1283 ἀχάριστοι
2804 1211 2903 1280 μὲν
2947 1212 3076 1281 περὶ
3122 1212 3213 1263 τὸν
3242 1210 3513 1279 δεσπότην
3566 1209 3748 1272 ὄντες,

2168 1303 2511 1372 ἀσυμπαθεῖς
2540 1303 2597 1355 δὲ
2628 1304 2758 1373 περὶ
2786 1302 2846 1354 τὸ
2874 1302 3153 1369 συγγενὲς,
3202 1301 3264 1353 οὑ
3294 1301 3452 1368 μόνον
3478 1299 3579 1352 οὐκ
3622 1299 3752 1368 όρέ-

2167 1410 2322 1456 γουσι
2351 1397 2509 1464 χεῖρα
2540 1392 2690 1444 ἐλέου
2730 1394 2841 1453 τοῖς
2868 1392 3183 1463 χρῄζουσιν,
3232 1390 3347 1442 ἀλλ’
3374 1388 3565 1458 ὥσπερ
3620 1387 3755 1456 φθο-

2166 1483 2384 1546 νοῦντες
2411 1484 2507 1537 καὶ
2533 1483 2732 1549 αὐγαῖς
2778 1482 2934 1551 ἡλίου
2961 1483 3089 1545 τοὺς
3144 1480 3354 1533 ἑαυτῶν
3387 1480 3752 1551 σκυθρωποὺς

2166 1576 2298 1646 ὁρᾷν
2351 1576 2679 1646 θησαυροὺς,
2726 1578 2796 1646 γῇ
2829 1575 3052 1637 τούτους
3080 1573 3529 1643 κατορύττουσιν,
3560 1573 3754 1641 ἐδέησε

2168 1667 2264 1719 καὶ
2294 1668 2422 1737 περὶ
2451 1666 2656 1737 ταύτης
2713 1670 2813 1737 τῆς
2854 1664 3225 1736 ἀπανθρώπου
3281 1666 3527 1728 ἐπινοίας
3584 1664 3755 1732 νόμον

2169 1760 2247 1820 είς
2279 1757 2391 1828 βίον
2414 1759 2609 1813 ἐλθεῖν.
2662 1761 2758 1821 Ὃς
2784 1759 2952 1812 πάλαι
2987 1758 3084 1828 μὲν
3133 1757 3536 1827 ἐκτεθειμένος,
3558 1757 3759 1810 πλεον-

2167 1850 2417 1919 εκτηθεὶς
2449 1850 2505 1903 δὲ
2555 1852 2687 1919 παρ’
2727 1846 2797 1922 ἧς
2843 1849 3015 1902 πολλά
3068 1849 3176 1903 τῶν
3205 1848 3386 1902 καλῶν
3410 1849 3760 1918 διαλυμαίνε-

2166 1956 2256 1992 ται
2329 1940 2645 2005 πλεονεξίας
2710 1941 2805 1994 καδ.
2846 1941 2948 1993 ὑπ’
3003 1941 3173 2006 αὐτῆς
3202 1940 3263 1993 τὸ
3299 1939 3758 2009 οίκείονίκράτος

2165 2030 2563 2101 ἀφῃρημένος,
2611 2029 2708 2083 νῦν
2795 2031 2945 2100 παρά
2990 2031 3088 2100 τῆς
3128 2030 3408 2100 ἡμετέρας
3473 2028 3757 2098 βασιλείας

2165 2123 2321 2176 τοῦτο
2380 2124 2541 2177 πάλιν
2591 2123 3003 2193 ἀνακομίζεται.
3058 2124 3313 2177 Ἐκέλευε
3370 2124 3479 2192 γὰρ
3510 2124 3539 2176 ό
3584 2121 3760 2189 νόμος

2166 2213 2253 2265 τὸν
2284 2213 2361 2283 τῷ
2396 2215 2879 2285 κατορωρυγμένῳ
2906 2216 3268 2285 περιτυχόντα
3306 2212 3570 2284 θησαυρῷ
3593 2213 3662 2275 δί,
3698 2214 3759 2264 εί

2168 2305 2268 2372 μὲν
2301 2304 2581 2374 βασιλικὸν
2617 2306 2700 2374 είη
2733 2307 2793 2358 τὸ
2822 2307 3025 2377 χωρίον
3053 2307 3086 2375 ἢ
3112 2306 3370 2375 δημόσιον
3403 2305 3599 2367 ἄλλως,
3631 2304 3760 2357 δια-

2165 2395 2498 2465 κληροῦσθαι
2544 2396 2633 2449 τὸν
2694 2398 2926 2467 εὑρόντα
2978 2390 3177 2451 καὶτὸ
3229 2398 3487 2467 δημόσιον
3550 2398 3761 2462 ἐπίσης

2163 2486 2225 2539 τὸ
2258 2486 2477 2557 εὕρημα
2500 2504 2513 2516 ·
2547 2490 2596 2540 εί
2624 2488 2669 2541 δ’
2694 2490 2722 2541 ό
2752 2491 2941 2553 τόπος,
2973 2489 3031 2552 ὃς
3057 2489 3148 2541 τὸν
3190 2488 3464 2559 θησαυρὸν
3495 2489 3574 2551 είς
3629 2488 3759 2557 φῶς

2164 2572 2416 2641 ἤνεγκεν,
2446 2574 2571 2628 οὕτε
2602 2576 2869 2645 βασίλειος
2897 2575 3022 2630 οὔτε
3072 2578 3333 2647 δημόσιος
3390 2578 3505 2631 ἀλλ’
3558 2579 3757 2648 ἐτέρου

2162 2662 2306 2725 τινος
2334 2666 2650 2735 προσώπου,
2696 2668 3029 2739 ἀμφοτέροις
3063 2669 3264 2738 ὁμοίως
3295 2669 3377 2739 τῷ
3423 2687 3483 2721 τε
3518 2686 3758 2739 περιτυε-

2163 2754 2309 2822 χόντι
2336 2756 2429 2808 καὶ
2466 2755 2544 2826 τῷ
2581 2757 2676 2809 τοῦ
2726 2757 2928 2827 χωρίου
2979 2760 3217 2833 δεσπότῃ
3266 2760 3421 2812 τοῦτο
3447 2760 3493 2791 ⁸¹
3545 2760 3757 2830 ἐπίσης

2159 2844 2547 2914 διανέμεσθαι·
2581 2849 2628 2899 εί
2663 2848 2720 2900 δέ
2759 2850 2856 2902 τοῦ
2900 2849 3151 2917 εὑρόντος
3199 2850 3258 2902 τὸ
3302 2852 3525 2921 χωρίον,
3574 2850 3754 2904 αὑτοῦ

2162 2936 2256 2988 καὶ
2286 2937 2347 2990 τὸ
2377 2939 2484 2990 πᾶν
2524 2936 2747 3008 εὕρημα
2778 2936 2940 2995 εἶναι.
2972 2941 3187 2993 Ταῦθ’ό
3218 2942 3386 3011 νόμος
3430 2943 3755 2997 ἐθέσπισεν.

480 3024 680 3078 sanxit.
715 3025 912 3079 Verum
973 3028 1087 3098 (45)
1130 3046 1383 3099 perversa
1444 3035 1716 3101 cupiditas
1763 3036 1905 3091 haud
1942 3038 2059 3092 scio

2163 3026 2303 3078 Ἀλλ’
2339 3029 2372 3097 ἠ
2408 3028 2586 3099 φαύλη
2616 3030 2901 3094 πλεονεξία
2926 3032 3025 3084 οὑκ
3058 3029 3154 3084 οἷδ’
3187 3032 3335 3097 ὅπως
3382 3033 3574 3085 τοῦτον
3627 3050 3750 3087 πα-

478 3118 753 3181 quomodo
789 3119 875 3171 illa
924 3121 1361 3191 circumscripta,
1396 3125 1691 3195 iniquoque
1740 3128 1896 3182 lucro
1919 3130 2054 3184 fisco

479 3206 699 3272 donato,
726 3209 799 3262 illi
832 3209 885 3263 in
914 3211 1059 3265 hunc
1083 3228 1255 3282 usque
1276 3215 1417 3269 diem
1439 3216 1717 3271 inventum
1734 3219 2053 3275 thesaurum

478 3296 753 3362 attribuit,
787 3299 1070 3368 legemque
1102 3303 1329 3357 otiosam
1362 3306 1619 3361 reddidit.
1652 3308 1719 3361 At
1748 3309 1876 3377 quid
1924 3310 2055 3364 hinc

478 3389 785 3459 contingit?
812 3391 912 3456 Qui
947 3393 1147 3448 alicubi
1188 3396 1503 3452 reconditos
1556 3399 1729 3453 latere
1763 3399 2055 3459 thesauros

478 3482 821 3546 sciunt,dum
846 3484 983 3538 alios
1010 3484 1291 3542 laboribus
1310 3488 1425 3543 suis
1456 3490 1768 3560 gavisurus,
1790 3507 1849 3546 se
1875 3502 2052 3547 autem

479 3571 684 3626 frustra
712 3574 834 3627 illos
869 3574 1210 3642 subdituros,
1241 3579 1373 3647 quin
1410 3590 1463 3634 et
1522 3581 1799 3635 interdum
1826 3585 2049 3641 acerbis

475 3665 971 3722 examinationibns
1037 3668 1415 3737 subjiciendos
1471 3672 1851 3737 considerant,
1921 3676 2045 3731 illos

476 3754 806 3823 investigare
837 3759 1149 3827 negligunt:
1186 3759 1376 3829 itaque
1417 3761 1468 3814 in
1501 3772 1823 3832 perpetuum
1860 3780 2057 3821 recon-

475 3845 587 3898 dita
624 3855 847 3901 manent
873 3856 926 3901 et
954 3858 1207 3917 pereunt,
1255 3866 1376 3920 quae
1423 3854 1477 3905 in
1546 3855 1723 3908 lucem
1788 3858 2053 3925 producta

477 3951 730 4005 magnam
762 3938 1074 3996 hominibus
1105 3952 1264 3995 erant
1298 3943 1580 3998 utilitatem
1620 3947 1876 4002 allatura.

543 4108 805 4167 Jubemus
828 4128 980 4183 ergo,
1008 4116 1085 4168 uti
1118 4116 1233 4186 (44)
1275 4116 1523 4186 deinceps
1571 4123 1869 4176 secundum
1901 4136 2051 4181 vetc-

473 4202 551 4258 ris
577 4203 712 4272 legis
740 4206 1048 4273 aequitatem
1076 4208 1396 4278 judicetur;
1423 4221 1476 4266 et
1502 4214 1723 4283 quando
1756 4216 2051 4277 thesaurus

472 4295 674 4364 aliquis
699 4296 953 4355 inventus
986 4299 1174 4364 fuerit,
1226 4302 1271 4357 si
1311 4303 1462 4359 locus
1507 4305 1598 4359 ubi
1654 4305 1908 4363 inventus
1939 4319 2043 4375 est,

2163 3117 2587 3187 ραλογισαμένη,
2625 3121 2817 3190 κέρδος
2866 3122 3049 3175 ἄδικον
3101 3122 3178 3193 τῷ
3207 3124 3455 3193 δημοσίῳ
3518 3125 3755 3194 χαρίζου

2159 3205 2294 3277 μένη
2326 3208 2521 3277 ἐκείνῳ
2555 3209 2718 3280 μέχρι
2746 3210 2840 3263 τοῦ
2872 3211 2967 3265 νῦν
2993 3212 3085 3265 τόν
3119 3214 3509 3284 εὑρισκόμενον
3556 3215 3755 3270 δίδωσι

2156 3296 2426 3368 θησαυρὸν
2453 3302 2533 3363 είς
2585 3302 2859 3369 ἀπραξίαν
2893 3304 2984 3357 τὸν
3040 3305 3204 3374 νόμον
3246 3307 3645 3377 περιστήσασα.
3678 3307 3755 3362 Τί

2154 3386 2248 3442 οὑν
2282 3392 2345 3443 ἐκ
2375 3392 2565 3445 τούτου
2601 3394 2888 3464 συμϐαίνει
2915 3412 2929 3459 ;
2970 3396 3171 3464 γνῶσιν
3200 3397 3416 3467 ἔχοντες
3443 3398 3752 3468 θησαυρῶν

2154 3484 2681 3553 κατορωρυγμένων,
2708 3485 3036 3551 ἐννοοῦντες,
3076 3491 3158 3543 ὅτι
3180 3493 3294 3553 τοῖς
3325 3490 3504 3543 αὑτῶν
3558 3489 3752 3555 πόνοις,

2156 3574 2485 3646 ἡσθήσονται
2524 3575 2734 3644 ἐτεροι,
2795 3578 2952 3631 αὑτοὶ
2998 3578 3054 3631 δὲ
3110 3581 3291 3650 μάτην
3344 3582 3751 3651 ὑποστήσονται

2153 3664 2245 3716 τὸν
2277 3666 2542 3736 κάματον,
2578 3668 2638 3720 οὑ
2672 3667 2831 3736 μόνον
2892 3668 2949 3721 δέ
2982 3670 3096 3723 ἀλλ’
3157 3672 3333 3725 ἐνίοτε
3367 3673 3461 3726 καὶ
3516 3675 3751 3743 πικραῖς

2153 3753 2464 3819 ἐξετάσεσιν
2505 3756 3011 3827 ὑποὸεὸλὴσονται,
3051 3759 3202 3830 παρά
3258 3759 3463 3830 φαῦλον
3520 3759 3745 3813 ποιοὺν-

2153 3860 2243 3898 ται
2274 3844 2373 3915 τὴν
2419 3845 2643 3915 ἔρευναν
2669 3847 2764 3900 καὶ
2811 3846 3081 3913 λαμϐάνει
3113 3848 3284 3914 οὕτως
3335 3849 3552 3914 αἰώνιος
3606 3851 3747 3904 ἀπόο

2154 3935 2353 4005 κρυψις
2384 3938 2477 3989 καὶ
2500 3937 2767 4005 ἀπώλεια,
2796 3935 2925 4010 ὦνή
2958 3941 3271 4012 φανέρωσις
3323 3942 3593 4012 ὠφέλειαν
3644 3943 3749 3996 ἀν-

2155 4024 2397 4095 θρώποις
2432 4028 2624 4100 ἔμελλε
2658 4032 3173 4102 πραγματεύεσθαι.

2226 4142 2541 4211 Κελεύομεν
2570 4145 2772 4208 τοίνυν,
2806 4145 2948 4199 κατά
2976 4146 3073 4215 τὴν
3114 4145 3484 4215 ,δικαιοσύνην
3508 4145 3603 4199 τοῦ
3632 4148 3743 4217 ἀρο

2153 4233 2307 4302 χαίου
2361 4234 2527 4303 νόμου
2611 4236 2707 4289 καὶ
2776 4237 2885 4289 ἀπὸ
2957 4238 3053 4290 τοῦ
3108 4239 3374 4309 παρόντος
3436 4240 3685 4305 γίνεσθαι
3726 4284 3743 4308 ,

2152 4324 2248 4376 καὶ
2278 4324 2556 4397 θησαυροῦ
2609 4328 2946 4399 εὑρεθέντος,
2984 4330 3033 4382 εί
3064 4329 3162 4399 μὲν
3190 4332 3219 4383 ό
3276 4330 3468 4385 τοῦτον
3528 4331 3741 4399 ἐξαγα-

478 4386 535 4441 in
566 4388 803 4458 publicis
863 4386 1299 4462 impera’toriisve
1340 4395 1524 4452 fundis
1573 4398 1665 4462 sit,
1700 4398 1953 4456 inventor
1978 4403 2047 4457 il-

2161 4416 2264 4483 γὼν
2282 4386 2580 4481 τόποςτῶν
2628 4386 2969 4491 δημοσίωνῒῆ
3009 4386 3116 4475 rth
3161 4420 3451 4491 βασιλείων
3501 4386 3588 4493 εἴη
3619 4386 3741 4493 χω·-

471 4477 582 4530 lum
613 4494 737 4532 cum
777 4480 911 4535 lisco
974 4485 1275 4551 partiatur:
1331 4488 1377 4541 si
1428 4503 1558 4543 vero
1607 4489 1836 4547 alterius
1862 4493 2051 4563 cujus-

470 4567 613 4635 piam
642 4568 733 4631 sit,
768 4571 940 4625 simili
971 4574 1132 4628 modo
1165 4575 1344 4644 ipsum
1370 4585 1425 4631 et
1474 4579 1751 4646 inventor,
1776 4591 1829 4636 et
1859 4582 1962 4637 loci
1994 4585 2048 4640 in

469 4672 577 4726 quo
609 4660 900 4718 thesaurus
942 4664 1198 4721 inventus
1226 4678 1310 4722 est
1344 4669 1601 4725 dominus
1645 4671 1789 4728 inter
1820 4691 1878 4729 se
1904 4676 2047 4731 divi-
2148 4660 2335 4761 manu?
2382 4692 2542 4746 αὐτόν

2152 4507 2306 4577 ρίων,
2342 4509 2483 4579 μετὰ
2558 4510 2654 4564 τοῦ
2700 4512 2966 4582 δημοσίου
3004 4513 3095 4565 τὸν
3141 4514 3467 4583 εὑρίσκοντα
3514 4515 3740 4584 μερίζει

2150 4598 2298 4663 σθαι,
2335 4602 2384 4653 εί
2441 4601 2487 4653 δ’
2533 4602 2722 4674 ἐτέρου
2780 4604 2926 4667 τινὸς
2988 4604 3305 4674 προσώπου,
3362 4607 3739 4679 παραπλησίῳ

2597 4711 2656 4747 τε
2705 4695 2798 4748 τὸν
2859 4696 3181 4767 εὑρίσκοντα
3225 4698 3271 4729 ⁸³
3302 4698 3397 4750 καὶ
3422 4699 3515 4751 τὸν
3537 4698 3737 4766 κύριον

468 4747 621 4802 dant.
648 4749 920 4805 Caeterum
969 4754 1015 4807 si
1052 4754 1332 4825 improbus
1359 4774 1499 4823 esse,
1527 4776 1704 4830 neque
1762 4764 2036 4836 quidquid

2161 4747 2241 4834 τοῦ
2267 4747 2358 4835 τόν
2393 4783 2667 4855 θησαυρὸν
2713 4747 3258 4859 ἀναδόντοςχωρίου
3466 4747 3736 4861 διανομὴν

469 4841 733 4904 repererit
756 4842 1008 4899 conﬁteri
1049 4846 1302 4901 inventor
1358 4864 1521 4905 omne
1567 4852 1716 4916 velit,
1764 4856 1857 4910 sed
1915 4857 2042 4914 dolo

2150 4873 2443 4928 ποιεῖσθαι.
2466 4874 2526 4927 Et
2563 4878 2813 4946 μέντοιγε
2843 4879 2977 4948 πρὸς
3013 4880 3404 4950 ἀγνωμοσύνην
3430 4881 3527 4935 ίδοι
3548 4883 3578 4934 ὁ
3603 4881 3735 4934 τοῦ-

469 4929 876 5007 mendaciisque
896 4950 961 4990 cx
1000 4952 1058 4992 re
1079 4946 1297 5009 reperta
1349 4942 1613 4997 nonnulla
1647 4944 1927 5015 detineat;
1976 4952 2028 5005 in

2161 4973 2228 5008 :ov
2274 4958 2454 5026 εὑρὼν
2518 4929 2612 5015 κὲιι
2662 4929 2985 5034 mare
3019 4929 3731 5038 'g'a.;5;;"g;.gggxss.;.

1755 5100 1989 5157 νΑκιίΕ
2032 5107 2441 5171 LECTIONES.

534 5179 1488 5283 Lacrimis;fblxaropwpuwévov
1512 5221 1582 5234 —
1614 5192 1909 5266 θησαυρόν.
1948 5198 2139 5256 Zuich.
2177 5216 2231 5261 et
2256 5207 2481 5268 Meerm.
2514 5212 2593 5283 τῷ
2632 5214 2751 5267 κτλ.
2811 5215 2857 5247 ⁸³
2876 5213 3068 5271 Melius
3094 5215 3307 5280 τοῦτον,
3371 5215 3418 5246 ⁸³
3447 5214 3643 5272 Zuich.
3674 5224 3724 5268 et

466 5246 686 5306 Meerm.
721 5246 1017 5325 εὑρηκότα.

1990 5381 2219 5441 ΝΟιᾸῖ.

454 5458 824 5583 τεξῗξῖίνίξθί
856 5464 909 5527 δ’
946 5463 973 5533 §
1008 5466 1094 5529 ¹⁰ν
1134 5467 1191 5522 πο
1219 5467 1293 5524 De
1324 5469 1434 5539 iur-
1466 5470 1578 5525 r|sci
1614 5471 1641 5541 §
1678 5473 1767 5539 59,
1796 5472 1928 5529 Inst.
1965 5475 2040 5530 De

541 5598 656 5736 (λιες
685 5584 801 5669 Dgg
844 5600 931 5661 l0.
963 5603 1093 5657 dict.
1128 5605 1157 5675 δ
1192 5607 1244 5661 9.
1340 5584 1365 5653 .'

542 5667 635 5734 (65
696 5668 809 5723 lloc
833 5670 1011 5726 innuit
1034 5675 1240 5730 dictum
1261 5678 1287 5736 ξ
1308 5677 1365 5735 de

542 5667 656 5736 (65)
696 5667 809 5723 lloe
833 5670 1011 5726 innuit
1034 5667 1240 5730 dictum
1261 5678 1287 5746 §
1308 5677 1605 5746 decimum,
1628 5694 1683 5736 et
1716 5682 1850 5738 dict.
1890 5683 1919 5750 ξ
1945 5698 2038 5739 no-

2149 5494 2302 5553 num,
2336 5482 2503 5553 certis
2535 5485 2879 5553 temporibus
2911 5500 3020 5538 non
3051 5483 3219 5539 fuisse
3252 5485 3303 5538 in
3339 5499 3462 5537 usu.

2219 5550 2737 5625 (4t)_Senteutia'd.
2767 5553 2795 5624 §
2831 5555 2915 5622 10,
2940 5555 2993 5611 d.
3028 5554 3056 5625 ς
3094 5556 3148 5621 9,
3202 5554 3257 5608 in
3299 5570 3458 5608 usum
3497 5567 3715 5610 revoca«

2147 5623 2237 5672 tur
2264 5634 2294 5672 a
2336 5618 2540 5677 Leone.
