  <div class='ocr_page' id='page_1' title='image "/cluster/home/n/w/nwhite01/storage/ocr_20150623/107/hvd.32044073502338/315.png"; bbox 0 0 4090 6206; ppageno 0'>
   <div class='ocr_carea' id='block_1_1' title="bbox 495 258 658 351">
    <p class='ocr_par' dir='ltr' id='par_1_1' title="bbox 495 258 658 351">
     <span class='ocr_line' id='line_1_1' title="bbox 495 258 658 351; baseline -0.012 -1"><span class='ocrx_word' id='word_1_1' title='bbox 495 285 602 351; x_wconf 75' lang='lat'><strong>543</strong></span> <span class='ocrx_word' id='word_1_2' title='bbox 649 258 658 268; x_wconf 88' lang='grc'><strong>’</strong></span> 
     </span>
    </p>
   </div>
   <div class='ocr_carea' id='block_1_2' title="bbox 1760 278 2525 341">
    <p class='ocr_par' dir='ltr' id='par_1_2' title="bbox 1760 278 2525 341">
     <span class='ocr_line' id='line_1_2' title="bbox 1760 278 2525 341; baseline 0 -1"><span class='ocrx_word' id='word_1_3' title='bbox 1760 278 2037 341; x_wconf 86' lang='lat' dir='ltr'><strong>LEONIS</strong></span> <span class='ocrx_word' id='word_1_4' title='bbox 2061 279 2525 341; x_wconf 82' lang='lat' dir='ltr'><strong>PHILOSOPHI</strong></span> 
     </span>
    </p>
   </div>
   <div class='ocr_carea' id='block_1_3' title="bbox 3656 278 3762 345">
    <p class='ocr_par' dir='ltr' id='par_1_3' title="bbox 3656 278 3762 345">
     <span class='ocr_line' id='line_1_3' title="bbox 3656 278 3762 345; baseline -0.009 -1"><span class='ocrx_word' id='word_1_5' title='bbox 3656 278 3762 345; x_wconf 66' lang='lat' dir='ltr'><strong>5M</strong></span> 
     </span>
    </p>
   </div>
   <div class='ocr_carea' id='block_1_4' title="bbox 484 383 2068 460">
    <p class='ocr_par' dir='ltr' id='par_1_4' title="bbox 484 383 2053 460">
     <span class='ocr_line' id='line_1_4' title="bbox 484 383 2053 460; baseline -0.004 -13"><span class='ocrx_word' id='word_1_6' title='bbox 484 394 591 448; x_wconf 93' lang='lat' dir='ltr'><strong>dus</strong></span> <span class='ocrx_word' id='word_1_7' title='bbox 634 387 857 460; x_wconf 79' lang='lat' dir='ltr'><strong>habeat)</strong></span> <span class='ocrx_word' id='word_1_8' title='bbox 914 388 1029 444; x_wconf 84' lang='lat' dir='ltr'><strong>sive</strong></span> <span class='ocrx_word' id='word_1_9' title='bbox 1062 385 1379 443; x_wconf 87' lang='lat' dir='ltr'><strong>vetustioris</strong></span> <span class='ocrx_word' id='word_1_10' title='bbox 1419 383 1729 455; x_wconf 79' lang='lat' dir='ltr'><strong>cujuspiam</strong></span> <span class='ocrx_word' id='word_1_11' title='bbox 1769 386 2053 455; x_wconf 87' lang='lat' dir='ltr'><strong>principis,</strong></span> 
     </span>
    </p>
   </div>
   <div class='ocr_carea' id='block_1_5' title="bbox 2175 383 3764 460">
    <p class='ocr_par' dir='ltr' id='par_1_5' title="bbox 2175 385 3764 457">
     <span class='ocr_line' id='line_1_5' title="bbox 2175 385 3764 457; baseline 0.003 -18"><span class='ocrx_word' id='word_1_12' title='bbox 2175 388 2389 457; x_wconf 68' lang='grc' dir='ltr'>κέρων,</span> <span class='ocrx_word' id='word_1_13' title='bbox 2437 387 2504 441; x_wconf 84' lang='grc' dir='ltr'>ἄν</span> <span class='ocrx_word' id='word_1_14' title='bbox 2556 402 2614 439; x_wconf 82' lang='grc' dir='ltr'><strong>τε</strong></span> <span class='ocrx_word' id='word_1_15' title='bbox 2652 386 2762 439; x_wconf 82' lang='grc' dir='ltr'>τῶν</span> <span class='ocrx_word' id='word_1_16' title='bbox 2809 386 3096 456; x_wconf 73' lang='grc' dir='ltr'><strong>ὀψιγόνων,</strong></span> <span class='ocrx_word' id='word_1_17' title='bbox 3126 386 3195 440; x_wconf 79' lang='grc' dir='ltr'>δι’</span> <span class='ocrx_word' id='word_1_18' title='bbox 3230 386 3345 439; x_wconf 82' lang='grc' dir='ltr'>τσου</span> <span class='ocrx_word' id='word_1_19' title='bbox 3370 385 3468 441; x_wconf 74' lang='grc' dir='ltr'>καὶ</span> <span class='ocrx_word' id='word_1_20' title='bbox 3495 388 3764 457; x_wconf 79' lang='grc' dir='ltr'>τιμᾶσθαι</span> 
     </span>
    </p>
   </div>
   <div class='ocr_carea' id='block_1_6' title="bbox 482 475 2054 546">
    <p class='ocr_par' dir='ltr' id='par_1_6' title="bbox 482 475 2054 546">
     <span class='ocr_line' id='line_1_6' title="bbox 482 475 2054 546; baseline -0.008 -8"><span class='ocrx_word' id='word_1_21' title='bbox 482 483 601 539; x_wconf 81' lang='lat' dir='ltr'><strong>sive</strong></span> <span class='ocrx_word' id='word_1_22' title='bbox 631 479 950 536; x_wconf 78' lang='lat' dir='ltr'><strong>recentioris</strong></span> <span class='ocrx_word' id='word_1_23' title='bbox 973 480 1066 541; x_wconf 80' lang='lat' dir='ltr'><strong>sit,</strong></span> <span class='ocrx_word' id='word_1_24' title='bbox 1112 477 1397 546; x_wconf 82' lang='lat' dir='ltr'><strong>aequaliter</strong></span> <span class='ocrx_word' id='word_1_25' title='bbox 1443 483 1498 529; x_wconf 95' lang='lat' dir='ltr'><strong>et</strong></span> <span class='ocrx_word' id='word_1_26' title='bbox 1544 475 1866 538; x_wconf 80' lang='lat' dir='ltr'><strong>aestimetur,</strong></span> <span class='ocrx_word' id='word_1_27' title='bbox 1914 483 1967 529; x_wconf 88' lang='lat' dir='ltr'><strong>ct</strong></span> <span class='ocrx_word' id='word_1_28' title='bbox 2001 476 2054 527; x_wconf 91' lang='lat' dir='ltr'><strong>in</strong></span> 
     </span>
    </p>
   </div>
   <div class='ocr_carea' id='block_1_7' title="bbox 484 564 2056 642">
    <p class='ocr_par' dir='ltr' id='par_1_7' title="bbox 484 564 2056 642">
     <span class='ocr_line' id='line_1_7' title="bbox 484 564 2056 642; baseline -0.005 -15"><span class='ocrx_word' id='word_1_29' title='bbox 484 572 756 642; x_wconf 82' lang='lat' dir='ltr'><strong>republica</strong></span> <span class='ocrx_word' id='word_1_30' title='bbox 791 577 1074 623; x_wconf 71' lang='lat' dir='ltr'><strong>tractetur.</strong></span> <span class='ocrx_word' id='word_1_31' title='bbox 1112 568 1279 622; x_wconf 69' lang='lat' dir='ltr'><strong>Pinna</strong></span> <span class='ocrx_word' id='word_1_32' title='bbox 1311 580 1440 620; x_wconf 88' lang='lat' dir='ltr'><strong>vero</strong></span> <span class='ocrx_word' id='word_1_33' title='bbox 1472 578 1665 619; x_wconf 85' lang='lat' dir='ltr'><strong>eorum</strong></span> <span class='ocrx_word' id='word_1_34' title='bbox 1733 564 1825 634; x_wconf 90' lang='lat' dir='ltr'><strong>qni</strong></span> <span class='ocrx_word' id='word_1_35' title='bbox 1866 564 2056 619; x_wconf 83' lang='lat' dir='ltr'><strong>rebelli</strong></span> 
     </span>
    </p>
   </div>
   <div class='ocr_carea' id='block_1_8' title="bbox 486 656 2058 729">
    <p class='ocr_par' dir='ltr' id='par_1_8' title="bbox 486 656 2058 729">
     <span class='ocr_line' id='line_1_8' title="bbox 486 656 2058 729; baseline -0.003 -12"><span class='ocrx_word' id='word_1_36' title='bbox 486 666 673 717; x_wconf 86' lang='lat' dir='ltr'><strong>animo</strong></span> <span class='ocrx_word' id='word_1_37' title='bbox 698 662 977 716; x_wconf 90' lang='lat' dir='ltr'><strong>decretum</strong></span> <span class='ocrx_word' id='word_1_38' title='bbox 1006 662 1110 714; x_wconf 91' lang='lat' dir='ltr'><strong>hoc</strong></span> <span class='ocrx_word' id='word_1_39' title='bbox 1142 664 1516 729; x_wconf 87' lang='lat' dir='ltr'><strong>contemnent,</strong></span> <span class='ocrx_word' id='word_1_40' title='bbox 1547 657 1734 721; x_wconf 86' lang='lat' dir='ltr'><strong>fuerit,</strong></span> <span class='ocrx_word' id='word_1_41' title='bbox 1772 665 1831 711; x_wconf 91' lang='lat' dir='ltr'><strong>ut</strong></span> <span class='ocrx_word' id='word_1_42' title='bbox 1874 656 2058 725; x_wconf 78' lang='lat' dir='ltr'><strong>ﬂagris</strong></span> 
     </span>
    </p>
   </div>
   <div class='ocr_carea' id='block_1_9' title="bbox 487 747 2059 819">
    <p class='ocr_par' dir='ltr' id='par_1_9' title="bbox 487 747 2059 819">
     <span class='ocr_line' id='line_1_9' title="bbox 487 747 2059 819; baseline -0.004 -12"><span class='ocrx_word' id='word_1_43' title='bbox 487 755 788 816; x_wconf 51' lang='lat' dir='ltr'><strong>caedantur,</strong></span> <span class='ocrx_word' id='word_1_44' title='bbox 811 758 865 804; x_wconf 93' lang='lat' dir='ltr'><strong>et</strong></span> <span class='ocrx_word' id='word_1_45' title='bbox 896 757 1020 804; x_wconf 92' lang='lat' dir='ltr'><strong>cute</strong></span> <span class='ocrx_word' id='word_1_46' title='bbox 1046 747 1158 819; x_wconf 72' lang='lat'><strong>(52)</strong></span> <span class='ocrx_word' id='word_1_47' title='bbox 1194 759 1352 803; x_wconf 90' lang='lat' dir='ltr'><strong>tenus</strong></span> <span class='ocrx_word' id='word_1_48' title='bbox 1380 749 1735 813; x_wconf 88' lang='lat' dir='ltr'><strong>tondeantur,</strong></span> <span class='ocrx_word' id='word_1_49' title='bbox 1805 748 2059 817; x_wconf 85' lang='lat' dir='ltr'><strong>insuper-</strong></span> 
     </span>
    </p>
   </div>
   <div class='ocr_carea' id='block_1_10' title="bbox 484 837 1447 911">
    <p class='ocr_par' dir='ltr' id='par_1_10' title="bbox 484 837 1447 911">
     <span class='ocr_line' id='line_1_10' title="bbox 484 837 1447 911; baseline -0.005 -17"><span class='ocrx_word' id='word_1_50' title='bbox 484 856 593 911; x_wconf 86' lang='lat' dir='ltr'><strong>que</strong></span> <span class='ocrx_word' id='word_1_51' title='bbox 625 840 790 893; x_wconf 85' lang='lat' dir='ltr'><strong>libras</strong></span> <span class='ocrx_word' id='word_1_52' title='bbox 814 838 934 892; x_wconf 93' lang='lat' dir='ltr'><strong>auri</strong></span> <span class='ocrx_word' id='word_1_53' title='bbox 968 845 1078 892; x_wconf 88' lang='lat' dir='ltr'><strong>tres</strong></span> <span class='ocrx_word' id='word_1_54' title='bbox 1112 837 1447 905; x_wconf 85' lang='lat' dir='ltr'><strong>dependant.</strong></span> 
     </span>
    </p>
   </div>
   <div class='ocr_carea' id='block_1_11' title="bbox 946 927 1593 984">
    <p class='ocr_par' dir='ltr' id='par_1_11' title="bbox 946 927 1593 984">
     <span class='ocr_line' id='line_1_11' title="bbox 946 927 1593 984; baseline 0.002 -1"><span class='ocrx_word' id='word_1_55' title='bbox 946 927 1413 983; x_wconf 86' lang='lat' dir='ltr'><strong>CONSTITUTIO</strong></span> <span class='ocrx_word' id='word_1_56' title='bbox 1459 928 1593 984; x_wconf 86' lang='lat' dir='ltr'><strong>Llll.</strong></span> 
     </span>
    </p>
   </div>
   <div class='ocr_carea' id='block_1_12' title="bbox 489 1018 2058 1090">
    <p class='ocr_par' dir='ltr' id='par_1_12' title="bbox 489 1018 2058 1090">
     <span class='ocr_line' id='line_1_12' title="bbox 489 1018 2058 1090; baseline 0.001 -16"><span class='ocrx_word' id='word_1_57' title='bbox 489 1018 557 1075; x_wconf 87' lang='lat' dir='ltr'><strong>Ut</strong></span> <span class='ocrx_word' id='word_1_58' title='bbox 577 1020 766 1090; x_wconf 76' lang='lat' dir='ltr'><strong>cuique</strong></span> <span class='ocrx_word' id='word_1_59' title='bbox 788 1031 898 1075; x_wconf 84' lang='lat' dir='ltr'><strong>tam</strong></span> <span class='ocrx_word' id='word_1_60' title='bbox 928 1021 1073 1073; x_wconf 82' lang='lat' dir='ltr'><strong>intra</strong></span> <span class='ocrx_word' id='word_1_61' title='bbox 1107 1021 1345 1073; x_wconf 76' lang='lat' dir='ltr'><strong>civitates</strong></span> <span class='ocrx_word' id='word_1_62' title='bbox 1382 1036 1543 1090; x_wconf 85' lang='lat' dir='ltr'><strong>quam</strong></span> <span class='ocrx_word' id='word_1_63' title='bbox 1597 1028 1772 1085; x_wconf 75' lang='lat' dir='ltr'><strong>extra,</strong></span> <span class='ocrx_word' id='word_1_64' title='bbox 1819 1031 2058 1075; x_wconf 78' lang='lat' dir='ltr'><strong>mortuos</strong></span> 
     </span>
    </p>
   </div>
   <div class='ocr_carea' id='block_1_13' title="bbox 979 1090 1573 1162">
    <p class='ocr_par' dir='ltr' id='par_1_13' title="bbox 979 1090 1573 1162">
     <span class='ocr_line' id='line_1_13' title="bbox 979 1090 1573 1162; baseline 0.003 -19"><span class='ocrx_word' id='word_1_65' title='bbox 979 1090 1198 1158; x_wconf 76' lang='lat' dir='ltr'><strong>sepelire</strong></span> <span class='ocrx_word' id='word_1_66' title='bbox 1229 1091 1387 1144; x_wconf 80' lang='lat' dir='ltr'><strong>liceat</strong></span> <span class='ocrx_word' id='word_1_67' title='bbox 1436 1091 1573 1162; x_wconf 81' lang='grc'><strong>(55).</strong></span> 
     </span>
    </p>
   </div>
   <div class='ocr_carea' id='block_1_14' title="bbox 555 1354 1570 1428">
    <p class='ocr_par' dir='ltr' id='par_1_14' title="bbox 555 1354 1570 1428">
     <span class='ocr_line' id='line_1_14' title="bbox 555 1354 1570 1428; baseline 0.004 -19"><span class='ocrx_word' id='word_1_68' title='bbox 555 1354 700 1409; x_wconf 90' lang='lat' dir='ltr'><strong>Idem</strong></span> <span class='ocrx_word' id='word_1_69' title='bbox 739 1354 1038 1423; x_wconf 86' lang='lat' dir='ltr'><strong>imperator</strong></span> <span class='ocrx_word' id='word_1_70' title='bbox 1072 1354 1251 1410; x_wconf 88' lang='lat' dir='ltr'><strong>eidem</strong></span> <span class='ocrx_word' id='word_1_71' title='bbox 1294 1354 1570 1428; x_wconf 88' lang='lat' dir='ltr'><strong>Styliano.</strong></span> 
     </span>
    </p>
   </div>
   <div class='ocr_carea' id='block_1_15' title="bbox 558 1445 2070 1520">
    <p class='ocr_par' dir='ltr' id='par_1_15' title="bbox 558 1445 2070 1520">
     <span class='ocr_line' id='line_1_15' title="bbox 558 1445 2070 1520; baseline 0.002 -20"><span class='ocrx_word' id='word_1_72' title='bbox 558 1445 674 1500; x_wconf 80' lang='lat' dir='ltr'><strong>Mea</strong></span> <span class='ocrx_word' id='word_1_73' title='bbox 717 1447 938 1517; x_wconf 86' lang='lat' dir='ltr'><strong>quidem</strong></span> <span class='ocrx_word' id='word_1_74' title='bbox 989 1449 1283 1512; x_wconf 89' lang='lat' dir='ltr'><strong>sententia,</strong></span> <span class='ocrx_word' id='word_1_75' title='bbox 1311 1449 1458 1520; x_wconf 87' lang='lat' dir='ltr'><strong>leges</strong></span> <span class='ocrx_word' id='word_1_76' title='bbox 1494 1449 1681 1505; x_wconf 87' lang='lat' dir='ltr'><strong>civiles</strong></span> <span class='ocrx_word' id='word_1_77' title='bbox 1716 1465 1824 1504; x_wconf 92' lang='lat' dir='ltr'><strong>non</strong></span> <span class='ocrx_word' id='word_1_78' title='bbox 1855 1464 1915 1504; x_wconf 88' lang='lat' dir='ltr'><strong>ea</strong></span> <span class='ocrx_word' id='word_1_79' title='bbox 1950 1464 2070 1504; x_wconf 81' lang='lat' dir='ltr'><strong>mo-</strong></span> 
     </span>
    </p>
   </div>
   <div class='ocr_carea' id='block_1_16' title="bbox 486 1536 2067 1609">
    <p class='ocr_par' dir='ltr' id='par_1_16' title="bbox 486 1536 2067 1609">
     <span class='ocr_line' id='line_1_16' title="bbox 486 1536 2067 1609; baseline 0.001 -17"><span class='ocrx_word' id='word_1_80' title='bbox 486 1536 558 1592; x_wconf 84' lang='lat' dir='ltr'><strong>do</strong></span> <span class='ocrx_word' id='word_1_81' title='bbox 587 1552 707 1607; x_wconf 73' lang='lat' dir='ltr'><strong>qua:</strong></span> <span class='ocrx_word' id='word_1_82' title='bbox 734 1537 1013 1591; x_wconf 89' lang='lat' dir='ltr'><strong>communi</strong></span> <span class='ocrx_word' id='word_1_83' title='bbox 1045 1539 1391 1592; x_wconf 84' lang='lat' dir='ltr'><strong>subditorum</strong></span> <span class='ocrx_word' id='word_1_84' title='bbox 1422 1540 1545 1594; x_wconf 65' lang='lat' dir='ltr'><strong>vitae</strong></span> <span class='ocrx_word' id='word_1_85' title='bbox 1572 1540 1785 1609; x_wconf 90' lang='lat' dir='ltr'><strong>prosint</strong></span> <span class='ocrx_word' id='word_1_86' title='bbox 1815 1540 2067 1609; x_wconf 62' lang='lat' dir='ltr'><strong>prmscri-</strong></span> 
     </span>
    </p>
   </div>
   <div class='ocr_carea' id='block_1_17' title="bbox 487 1626 2065 1700">
    <p class='ocr_par' dir='ltr' id='par_1_17' title="bbox 487 1626 2065 1700">
     <span class='ocr_line' id='line_1_17' title="bbox 487 1626 2065 1700; baseline 0.001 -18"><span class='ocrx_word' id='word_1_87' title='bbox 487 1626 651 1682; x_wconf 87' lang='lat' dir='ltr'><strong>bere:</strong></span> <span class='ocrx_word' id='word_1_88' title='bbox 683 1643 871 1682; x_wconf 88' lang='lat' dir='ltr'><strong>verum</strong></span> <span class='ocrx_word' id='word_1_89' title='bbox 900 1629 967 1683; x_wconf 87' lang='lat' dir='ltr'><strong>de</strong></span> <span class='ocrx_word' id='word_1_90' title='bbox 1000 1629 1067 1684; x_wconf 91' lang='lat' dir='ltr'><strong>iis</strong></span> <span class='ocrx_word' id='word_1_91' title='bbox 1093 1630 1255 1683; x_wconf 91' lang='lat' dir='ltr'><strong>etiam</strong></span> <span class='ocrx_word' id='word_1_92' title='bbox 1289 1629 1381 1700; x_wconf 86' lang='lat' dir='ltr'><strong>qui</strong></span> <span class='ocrx_word' id='word_1_93' title='bbox 1413 1630 1529 1700; x_wconf 86' lang='lat' dir='ltr'><strong>jam</strong></span> <span class='ocrx_word' id='word_1_94' title='bbox 1580 1630 1747 1685; x_wconf 83' lang='lat' dir='ltr'><strong>vitam</strong></span> <span class='ocrx_word' id='word_1_95' title='bbox 1784 1633 2065 1695; x_wconf 75' lang='lat' dir='ltr'><strong>finierunt,</strong></span> 
     </span>
    </p>
   </div>
   <div class='ocr_carea' id='block_1_18' title="bbox 489 1718 2138 1791">
    <p class='ocr_par' dir='ltr' id='par_1_18' title="bbox 489 1718 2138 1791">
     <span class='ocr_line' id='line_1_18' title="bbox 489 1718 2138 1791; baseline 0.003 -20"><span class='ocrx_word' id='word_1_96' title='bbox 489 1718 741 1772; x_wconf 69' lang='lat' dir='ltr'><strong>humanae</strong></span> <span class='ocrx_word' id='word_1_97' title='bbox 794 1721 1263 1776; x_wconf 77' lang='lat' dir='ltr'><strong>commiserationi</strong></span> <span class='ocrx_word' id='word_1_98' title='bbox 1320 1720 1701 1776; x_wconf 83' lang='lat' dir='ltr'><strong>convenientia</strong></span> <span class='ocrx_word' id='word_1_99' title='bbox 1768 1722 2065 1777; x_wconf 81' lang='lat' dir='ltr'><strong>decernere</strong></span> <span class='ocrx_word' id='word_1_100' title='bbox 2098 1736 2138 1791; x_wconf 73' lang='grc' dir='ltr'><strong><em>Β</em></strong></span> 
     </span>
    </p>
   </div>
   <div class='ocr_carea' id='block_1_19' title="bbox 489 1810 2065 1883">
    <p class='ocr_par' dir='ltr' id='par_1_19' title="bbox 489 1810 2065 1883">
     <span class='ocr_line' id='line_1_19' title="bbox 489 1810 2065 1883; baseline 0.003 -19"><span class='ocrx_word' id='word_1_101' title='bbox 489 1810 664 1867; x_wconf 88' lang='lat' dir='ltr'><strong>decet.</strong></span> <span class='ocrx_word' id='word_1_102' title='bbox 698 1810 829 1876; x_wconf 77' lang='lat' dir='ltr'><strong>Quae</strong></span> <span class='ocrx_word' id='word_1_103' title='bbox 865 1820 1044 1866; x_wconf 89' lang='lat' dir='ltr'><strong>autem</strong></span> <span class='ocrx_word' id='word_1_104' title='bbox 1070 1811 1459 1867; x_wconf 80' lang='lat' dir='ltr'><strong>defunctorum</strong></span> <span class='ocrx_word' id='word_1_105' title='bbox 1493 1829 1723 1883; x_wconf 87' lang='lat' dir='ltr'><strong>corpora</strong></span> <span class='ocrx_word' id='word_1_106' title='bbox 1752 1813 2065 1882; x_wconf 64' lang='lat' dir='ltr'><strong>ignominiae</strong></span> 
     </span>
    </p>
   </div>
   <div class='ocr_carea' id='block_1_20' title="bbox 490 1902 2065 1975">
    <p class='ocr_par' dir='ltr' id='par_1_20' title="bbox 490 1902 2065 1975">
     <span class='ocr_line' id='line_1_20' title="bbox 490 1902 2065 1975; baseline 0.003 -20"><span class='ocrx_word' id='word_1_107' title='bbox 490 1902 943 1971; x_wconf 71' lang='lat' dir='ltr'><strong>contumeliaeque</strong></span> <span class='ocrx_word' id='word_1_108' title='bbox 993 1913 1291 1972; x_wconf 87' lang='lat' dir='ltr'><strong>exponant,</strong></span> <span class='ocrx_word' id='word_1_109' title='bbox 1357 1920 1421 1958; x_wconf 91' lang='lat' dir='ltr'><strong>ac</strong></span> <span class='ocrx_word' id='word_1_110' title='bbox 1458 1920 1554 1973; x_wconf 91' lang='lat' dir='ltr'><strong>per</strong></span> <span class='ocrx_word' id='word_1_111' title='bbox 1613 1919 1735 1975; x_wconf 61' lang='lat' dir='ltr'><strong>quae</strong></span> <span class='ocrx_word' id='word_1_112' title='bbox 1787 1905 2065 1959; x_wconf 90' lang='lat' dir='ltr'><strong>communi</strong></span> 
     </span>
    </p>
   </div>
   <div class='ocr_carea' id='block_1_21' title="bbox 490 1986 2063 2069">
    <p class='ocr_par' dir='ltr' id='par_1_21' title="bbox 490 1986 2063 2069">
     <span class='ocr_line' id='line_1_21' title="bbox 490 1986 2063 2069; baseline 0.003 -20"><span class='ocrx_word' id='word_1_113' title='bbox 490 1994 773 2050; x_wconf 81' lang='lat' dir='ltr'><strong>hominum</strong></span> <span class='ocrx_word' id='word_1_114' title='bbox 808 1986 1016 2051; x_wconf 74' lang='lat' dir='ltr'><strong>natura:</strong></span> <span class='ocrx_word' id='word_1_115' title='bbox 1036 1998 1274 2066; x_wconf 76' lang='lat' dir='ltr'><strong>dedecus</strong></span> <span class='ocrx_word' id='word_1_116' title='bbox 1330 2008 1493 2069; x_wconf 85' lang='lat' dir='ltr'><strong>atque</strong></span> <span class='ocrx_word' id='word_1_117' title='bbox 1545 1998 1829 2068; x_wconf 87' lang='lat' dir='ltr'><strong>turpitudo</strong></span> <span class='ocrx_word' id='word_1_118' title='bbox 1874 1999 2063 2053; x_wconf 77' lang='lat' dir='ltr'><strong>cont-i-</strong></span> 
     </span>
    </p>
   </div>
   <div class='ocr_carea' id='block_1_22' title="bbox 490 2088 2067 2163">
    <p class='ocr_par' dir='ltr' id='par_1_22' title="bbox 490 2088 2067 2163">
     <span class='ocr_line' id='line_1_22' title="bbox 490 2088 2067 2163; baseline 0.006 -22"><span class='ocrx_word' id='word_1_119' title='bbox 490 2088 673 2151; x_wconf 90' lang='lat' dir='ltr'><strong>lietur,</strong></span> <span class='ocrx_word' id='word_1_120' title='bbox 732 2104 1078 2159; x_wconf 86' lang='lat' dir='ltr'><strong>nequaquam</strong></span> <span class='ocrx_word' id='word_1_121' title='bbox 1137 2092 1189 2144; x_wconf 91' lang='lat' dir='ltr'><strong>in</strong></span> <span class='ocrx_word' id='word_1_122' title='bbox 1227 2092 1372 2163; x_wconf 80' lang='lat' dir='ltr'><strong>leges</strong></span> <span class='ocrx_word' id='word_1_123' title='bbox 1439 2102 1571 2148; x_wconf 88' lang='lat' dir='ltr'><strong>sunt</strong></span> <span class='ocrx_word' id='word_1_124' title='bbox 1623 2093 1970 2148; x_wconf 88' lang='lat' dir='ltr'><strong>includenda.</strong></span> <span class='ocrx_word' id='word_1_125' title='bbox 1996 2094 2067 2150; x_wconf 90' lang='lat' dir='ltr'><strong>At</strong></span> 
     </span>
    </p>
   </div>
   <div class='ocr_carea' id='block_1_23' title="bbox 385 2180 2068 2250">
    <p class='ocr_par' dir='ltr' id='par_1_23' title="bbox 385 2180 2068 2250">
     <span class='ocr_line' id='line_1_23' title="bbox 385 2180 2068 2250; baseline 0.005 -20"><span class='ocrx_word' id='word_1_126' title='bbox 385 2180 401 2196; x_wconf 85' lang='lat'>&#39;</span> <span class='ocrx_word' id='word_1_127' title='bbox 488 2180 632 2249; x_wconf 90' lang='lat' dir='ltr'><strong>quod</strong></span> <span class='ocrx_word' id='word_1_128' title='bbox 664 2180 745 2234; x_wconf 90' lang='lat' dir='ltr'><strong>lex</strong></span> <span class='ocrx_word' id='word_1_129' title='bbox 780 2180 892 2250; x_wconf 73' lang='grc'><strong>(54)</strong></span> <span class='ocrx_word' id='word_1_130' title='bbox 924 2191 1169 2237; x_wconf 87' lang='lat' dir='ltr'><strong>mortuos</strong></span> <span class='ocrx_word' id='word_1_131' title='bbox 1200 2184 1421 2237; x_wconf 83' lang='lat' dir='ltr'><strong>nonnisi</strong></span> <span class='ocrx_word' id='word_1_132' title='bbox 1494 2192 1649 2239; x_wconf 82' lang='lat' dir='ltr'><strong>extra</strong></span> <span class='ocrx_word' id='word_1_133' title='bbox 1700 2185 1947 2241; x_wconf 85' lang='lat' dir='ltr'><strong>civitates</strong></span> <span class='ocrx_word' id='word_1_134' title='bbox 1968 2185 2068 2239; x_wconf 81' lang='lat' dir='ltr'><strong>ltu-</strong></span> 
     </span>
    </p>
   </div>
   <div class='ocr_carea' id='block_1_24' title="bbox 495 2273 2071 2343">
    <p class='ocr_par' dir='ltr' id='par_1_24' title="bbox 495 2273 2071 2343">
     <span class='ocr_line' id='line_1_24' title="bbox 495 2273 2071 2343; baseline 0.005 -18"><span class='ocrx_word' id='word_1_135' title='bbox 495 2275 633 2327; x_wconf 86' lang='lat' dir='ltr'><strong>mari</strong></span> <span class='ocrx_word' id='word_1_136' title='bbox 671 2273 808 2337; x_wconf 83' lang='lat' dir='ltr'><strong>vult,</strong></span> <span class='ocrx_word' id='word_1_137' title='bbox 839 2274 1117 2343; x_wconf 89' lang='lat' dir='ltr'><strong>quomodo</strong></span> <span class='ocrx_word' id='word_1_138' title='bbox 1169 2276 1219 2328; x_wconf 89' lang='lat' dir='ltr'><strong>id</strong></span> <span class='ocrx_word' id='word_1_139' title='bbox 1272 2286 1566 2330; x_wconf 80' lang='lat' dir='ltr'><strong>humanam</strong></span> <span class='ocrx_word' id='word_1_140' title='bbox 1623 2286 1872 2331; x_wconf 89' lang='lat' dir='ltr'><strong>naturam</strong></span> <span class='ocrx_word' id='word_1_141' title='bbox 1904 2278 2071 2333; x_wconf 76' lang='lat' dir='ltr'><strong>dede—</strong></span> 
     </span>
    </p>
   </div>
   <div class='ocr_carea' id='block_1_25' title="bbox 490 2364 2068 2439">
    <p class='ocr_par' dir='ltr' id='par_1_25' title="bbox 490 2364 2068 2439">
     <span class='ocr_line' id='line_1_25' title="bbox 490 2364 2068 2439; baseline 0.004 -21"><span class='ocrx_word' id='word_1_142' title='bbox 490 2379 619 2419; x_wconf 90' lang='lat' dir='ltr'><strong>core</strong></span> <span class='ocrx_word' id='word_1_143' title='bbox 649 2364 862 2419; x_wconf 81' lang='lat' dir='ltr'><strong>allicere</strong></span> <span class='ocrx_word' id='word_1_144' title='bbox 890 2382 999 2421; x_wconf 91' lang='lat' dir='ltr'><strong>non</strong></span> <span class='ocrx_word' id='word_1_145' title='bbox 1026 2367 1151 2421; x_wconf 87' lang='lat' dir='ltr'><strong>est?</strong></span> <span class='ocrx_word' id='word_1_146' title='bbox 1179 2366 1243 2419; x_wconf 88' lang='lat' dir='ltr'><strong>Et</strong></span> <span class='ocrx_word' id='word_1_147' title='bbox 1272 2369 1494 2437; x_wconf 85' lang='lat' dir='ltr'><strong>quidem</strong></span> <span class='ocrx_word' id='word_1_148' title='bbox 1512 2368 1556 2421; x_wconf 87' lang='lat' dir='ltr'><strong>si</strong></span> <span class='ocrx_word' id='word_1_149' title='bbox 1585 2369 1689 2423; x_wconf 92' lang='lat' dir='ltr'><strong>hoc</strong></span> <span class='ocrx_word' id='word_1_150' title='bbox 1724 2369 2068 2439; x_wconf 64' lang='lat' dir='ltr'><strong>praecipiens,</strong></span> 
     </span>
    </p>
   </div>
   <div class='ocr_carea' id='block_1_26' title="bbox 490 2456 2067 2529">
    <p class='ocr_par' dir='ltr' id='par_1_26' title="bbox 490 2456 2067 2529">
     <span class='ocr_line' id='line_1_26' title="bbox 490 2456 2067 2529; baseline 0.004 -21"><span class='ocrx_word' id='word_1_151' title='bbox 490 2456 558 2511; x_wconf 90' lang='lat' dir='ltr'><strong>de</strong></span> <span class='ocrx_word' id='word_1_152' title='bbox 586 2457 651 2510; x_wconf 87' lang='lat' dir='ltr'><strong>iis</strong></span> <span class='ocrx_word' id='word_1_153' title='bbox 681 2458 976 2513; x_wconf 85' lang='lat' dir='ltr'><strong>humandis</strong></span> <span class='ocrx_word' id='word_1_154' title='bbox 1000 2467 1206 2528; x_wconf 85' lang='lat' dir='ltr'><strong>ageret,</strong></span> <span class='ocrx_word' id='word_1_155' title='bbox 1248 2460 1450 2529; x_wconf 89' lang='lat' dir='ltr'><strong>quibus</strong></span> <span class='ocrx_word' id='word_1_156' title='bbox 1500 2459 1716 2514; x_wconf 82' lang='lat' dir='ltr'><strong>facilem</strong></span> <span class='ocrx_word' id='word_1_157' title='bbox 1770 2460 2067 2515; x_wconf 87' lang='lat' dir='ltr'><strong>elationem</strong></span> 
     </span>
    </p>
   </div>
   <div class='ocr_carea' id='block_1_27' title="bbox 490 2544 2070 2618">
    <p class='ocr_par' dir='ltr' id='par_1_27' title="bbox 490 2544 2070 2618">
     <span class='ocr_line' id='line_1_27' title="bbox 490 2544 2070 2618; baseline 0.004 -20"><span class='ocrx_word' id='word_1_158' title='bbox 490 2544 804 2613; x_wconf 80' lang='lat' dir='ltr'><strong>facultates,</strong></span> <span class='ocrx_word' id='word_1_159' title='bbox 832 2563 971 2617; x_wconf 86' lang='lat' dir='ltr'><strong>quas</strong></span> <span class='ocrx_word' id='word_1_160' title='bbox 998 2548 1104 2602; x_wconf 87' lang='lat' dir='ltr'><strong>vivi</strong></span> <span class='ocrx_word' id='word_1_161' title='bbox 1141 2548 1466 2615; x_wconf 87' lang='lat' dir='ltr'><strong>habuerant,</strong></span> <span class='ocrx_word' id='word_1_162' title='bbox 1488 2549 1923 2618; x_wconf 88' lang='lat' dir='ltr'><strong>suppeditarent,</strong></span> <span class='ocrx_word' id='word_1_163' title='bbox 1957 2549 2070 2605; x_wconf 86' lang='lat' dir='ltr'><strong>for-</strong></span> 
     </span>
    </p>
   </div>
   <div class='ocr_carea' id='block_1_28' title="bbox 492 2637 2075 2711">
    <p class='ocr_par' dir='ltr' id='par_1_28' title="bbox 492 2637 2075 2711">
     <span class='ocr_line' id='line_1_28' title="bbox 492 2637 2075 2711; baseline 0.005 -23"><span class='ocrx_word' id='word_1_164' title='bbox 492 2644 640 2691; x_wconf 89' lang='lat' dir='ltr'><strong>tasse</strong></span> <span class='ocrx_word' id='word_1_165' title='bbox 673 2637 755 2692; x_wconf 86' lang='lat' dir='ltr'><strong>lex</strong></span> <span class='ocrx_word' id='word_1_166' title='bbox 779 2638 1017 2707; x_wconf 89' lang='lat' dir='ltr'><strong>aliquam</strong></span> <span class='ocrx_word' id='word_1_167' title='bbox 1042 2639 1109 2692; x_wconf 85' lang='lat' dir='ltr'><strong>ad</strong></span> <span class='ocrx_word' id='word_1_168' title='bbox 1135 2638 1188 2692; x_wconf 90' lang='lat' dir='ltr'><strong>id</strong></span> <span class='ocrx_word' id='word_1_169' title='bbox 1218 2638 1523 2711; x_wconf 87' lang='lat' dir='ltr'><strong>jubendqu</strong></span> <span class='ocrx_word' id='word_1_170' title='bbox 1551 2640 1819 2693; x_wconf 88' lang='lat' dir='ltr'><strong>rationem</strong></span> <span class='ocrx_word' id='word_1_171' title='bbox 1850 2640 2075 2696; x_wconf 87' lang='lat' dir='ltr'><strong>habuis-</strong></span> 
     </span>
    </p>
   </div>
   <div class='ocr_carea' id='block_1_29' title="bbox 491 2723 2072 2799">
    <p class='ocr_par' dir='ltr' id='par_1_29' title="bbox 491 2723 2072 2799">
     <span class='ocr_line' id='line_1_29' title="bbox 491 2723 2072 2799; baseline 0.003 -21"><span class='ocrx_word' id='word_1_172' title='bbox 491 2731 595 2778; x_wconf 77' lang='lat' dir='ltr'><strong>set.</strong></span> <span class='ocrx_word' id='word_1_173' title='bbox 630 2723 955 2794; x_wconf 87' lang='lat' dir='ltr'><strong>Quanquam</strong></span> <span class='ocrx_word' id='word_1_174' title='bbox 986 2735 1115 2779; x_wconf 88' lang='lat' dir='ltr'><strong>tunc</strong></span> <span class='ocrx_word' id='word_1_175' title='bbox 1135 2728 1298 2780; x_wconf 90' lang='lat' dir='ltr'><strong>etiam</strong></span> <span class='ocrx_word' id='word_1_176' title='bbox 1327 2726 1393 2780; x_wconf 90' lang='lat' dir='ltr'><strong>ad</strong></span> <span class='ocrx_word' id='word_1_177' title='bbox 1431 2726 1757 2795; x_wconf 89' lang='lat' dir='ltr'><strong>amicorum,</strong></span> <span class='ocrx_word' id='word_1_178' title='bbox 1806 2737 2072 2799; x_wconf 81' lang='lat' dir='ltr'><strong>cegnato-</strong></span> 
     </span>
    </p>
   </div>
   <div class='ocr_carea' id='block_1_30' title="bbox 490 2816 2067 2887">
    <p class='ocr_par' dir='ltr' id='par_1_30' title="bbox 490 2816 2067 2887">
     <span class='ocr_line' id='line_1_30' title="bbox 490 2816 2067 2887; baseline 0.005 -20"><span class='ocrx_word' id='word_1_179' title='bbox 490 2829 636 2878; x_wconf 86' lang='lat' dir='ltr'><strong>rum,</strong></span> <span class='ocrx_word' id='word_1_180' title='bbox 670 2816 1222 2887; x_wconf 85' lang='lat' dir='ltr'><strong>necessariorumque</strong></span> <span class='ocrx_word' id='word_1_181' title='bbox 1251 2818 1493 2873; x_wconf 81' lang='lat' dir='ltr'><strong>defuncti</strong></span> <span class='ocrx_word' id='word_1_182' title='bbox 1524 2819 2067 2875; x_wconf 89' lang='lat' dir='ltr'><strong>commiserationem</strong></span> 
     </span>
    </p>
   </div>
   <div class='ocr_carea' id='block_1_31' title="bbox 493 2906 2074 2980">
    <p class='ocr_par' dir='ltr' id='par_1_31' title="bbox 493 2906 2074 2980">
     <span class='ocr_line' id='line_1_31' title="bbox 493 2906 2074 2980; baseline 0.006 -22"><span class='ocrx_word' id='word_1_183' title='bbox 493 2906 769 2974; x_wconf 89' lang='lat' dir='ltr'><strong>respicere</strong></span> <span class='ocrx_word' id='word_1_184' title='bbox 789 2908 1096 2975; x_wconf 81' lang='lat' dir='ltr'><strong>Oportebat.</strong></span> <span class='ocrx_word' id='word_1_185' title='bbox 1139 2908 1382 2974; x_wconf 86' lang='lat' dir='ltr'><strong>Quorum</strong></span> <span class='ocrx_word' id='word_1_186' title='bbox 1409 2909 1583 2964; x_wconf 89' lang='lat' dir='ltr'><strong>dolori</strong></span> <span class='ocrx_word' id='word_1_187' title='bbox 1624 2919 1790 2980; x_wconf 88' lang='lat' dir='ltr'><strong>atque</strong></span> <span class='ocrx_word' id='word_1_188' title='bbox 1845 2912 2074 2968; x_wconf 88' lang='lat' dir='ltr'><strong>orbitati</strong></span> 
     </span>
    </p>
   </div>
   <div class='ocr_carea' id='block_1_32' title="bbox 492 3000 2071 3075">
    <p class='ocr_par' dir='ltr' id='par_1_32' title="bbox 492 3000 2071 3075">
     <span class='ocr_line' id='line_1_32' title="bbox 492 3000 2071 3075; baseline 0.006 -25"><span class='ocrx_word' id='word_1_189' title='bbox 492 3012 753 3068; x_wconf 84' lang='lat' dir='ltr'><strong>magnum</strong></span> <span class='ocrx_word' id='word_1_190' title='bbox 790 3014 923 3054; x_wconf 83' lang='lat' dir='ltr'><strong>sane</strong></span> <span class='ocrx_word' id='word_1_191' title='bbox 948 3000 1203 3055; x_wconf 71' lang='lat' dir='ltr'><strong>solatium</strong></span> <span class='ocrx_word' id='word_1_192' title='bbox 1227 3011 1332 3063; x_wconf 89' lang='lat' dir='ltr'><strong>est,</strong></span> <span class='ocrx_word' id='word_1_193' title='bbox 1359 3004 1403 3056; x_wconf 91' lang='lat' dir='ltr'><strong>si</strong></span> <span class='ocrx_word' id='word_1_194' title='bbox 1441 3002 1599 3056; x_wconf 89' lang='lat' dir='ltr'><strong>amici</strong></span> <span class='ocrx_word' id='word_1_195' title='bbox 1636 3003 1723 3057; x_wconf 92' lang='lat' dir='ltr'><strong>sui</strong></span> <span class='ocrx_word' id='word_1_196' title='bbox 1762 3005 2071 3075; x_wconf 88' lang='lat' dir='ltr'><strong>sepulcrum</strong></span> 
     </span>
    </p>
   </div>
   <div class='ocr_carea' id='block_1_33' title="bbox 2168 479 3765 550">
    <p class='ocr_par' dir='ltr' id='par_1_33' title="bbox 2168 479 3765 550">
     <span class='ocr_line' id='line_1_33' title="bbox 2168 479 3765 550; baseline -0.001 -15"><span class='ocrx_word' id='word_1_197' title='bbox 2168 499 2203 535; x_wconf 87' lang='grc' dir='ltr'><strong>κ</strong></span> <span class='ocrx_word' id='word_1_198' title='bbox 2221 482 2278 533; x_wconf 79' lang='grc' dir='ltr'>αὶ</span> <span class='ocrx_word' id='word_1_199' title='bbox 2311 479 2709 535; x_wconf 83' lang='grc' dir='ltr'>πολιτεύεσθαι.</span> <span class='ocrx_word' id='word_1_200' title='bbox 2740 480 2875 549; x_wconf 83' lang='grc' dir='ltr'>Δίκη</span> <span class='ocrx_word' id='word_1_201' title='bbox 2907 479 2963 531; x_wconf 82' lang='grc' dir='ltr'>δὲ</span> <span class='ocrx_word' id='word_1_202' title='bbox 2994 481 3107 542; x_wconf 81' lang='grc' dir='ltr'>τοῖς</span> <span class='ocrx_word' id='word_1_203' title='bbox 3132 480 3503 550; x_wconf 69' lang='grc' dir='ltr'><strong>καταφρονεῖν</strong></span> <span class='ocrx_word' id='word_1_204' title='bbox 3531 480 3765 549; x_wconf 79' lang='grc' dir='ltr'>ἀπονοη-</span> 
     </span>
    </p>
   </div>
   <div class='ocr_carea' id='block_1_34' title="bbox 2168 568 3768 641">
    <p class='ocr_par' dir='ltr' id='par_1_34' title="bbox 2168 568 3768 641">
     <span class='ocr_line' id='line_1_34' title="bbox 2168 568 3768 641; baseline -0.002 -17"><span class='ocrx_word' id='word_1_205' title='bbox 2168 571 2307 625; x_wconf 86' lang='grc' dir='ltr'>θεῖσι</span> <span class='ocrx_word' id='word_1_206' title='bbox 2344 571 2437 624; x_wconf 79' lang='grc' dir='ltr'>τοῦ</span> <span class='ocrx_word' id='word_1_207' title='bbox 2464 571 2762 641; x_wconf 80' lang='grc' dir='ltr'><strong>ὁρίσματος</strong></span> <span class='ocrx_word' id='word_1_208' title='bbox 2794 570 2850 622; x_wconf 89' lang='grc' dir='ltr'><strong>αί</strong></span> <span class='ocrx_word' id='word_1_209' title='bbox 2883 570 2962 633; x_wconf 86' lang='grc' dir='ltr'><strong>εἰς</strong></span> <span class='ocrx_word' id='word_1_210' title='bbox 3004 570 3068 621; x_wconf 80' lang='grc' dir='ltr'>τὸ</span> <span class='ocrx_word' id='word_1_211' title='bbox 3114 568 3277 638; x_wconf 83' lang='grc' dir='ltr'>σῶμα</span> <span class='ocrx_word' id='word_1_212' title='bbox 3300 569 3413 622; x_wconf 57' lang='grc' dir='ltr'>’διὰ</span> <span class='ocrx_word' id='word_1_213' title='bbox 3481 569 3768 638; x_wconf 85' lang='grc' dir='ltr'>μαστίγων</span> 
     </span>
    </p>
   </div>
   <div class='ocr_carea' id='block_1_35' title="bbox 2167 658 3771 732">
    <p class='ocr_par' dir='ltr' id='par_1_35' title="bbox 2167 658 3771 732">
     <span class='ocr_line' id='line_1_35' title="bbox 2167 658 3771 732; baseline -0.002 -17"><span class='ocrx_word' id='word_1_214' title='bbox 2167 662 2375 732; x_wconf 72' lang='grc' dir='ltr'>πληγαὶ</span> <span class='ocrx_word' id='word_1_215' title='bbox 2400 662 2493 715; x_wconf 78' lang='grc' dir='ltr'>καὶ</span> <span class='ocrx_word' id='word_1_216' title='bbox 2512 660 2715 732; x_wconf 80' lang='grc' dir='ltr'><strong>τριχῶν</strong></span> <span class='ocrx_word' id='word_1_217' title='bbox 2746 661 2972 731; x_wconf 86' lang='grc' dir='ltr'>κουρεία</span> <span class='ocrx_word' id='word_1_218' title='bbox 3004 661 3061 713; x_wconf 78' lang='grc' dir='ltr'>ὲν</span> <span class='ocrx_word' id='word_1_219' title='bbox 3098 658 3241 730; x_wconf 83' lang='grc' dir='ltr'>χρῷ,</span> <span class='ocrx_word' id='word_1_220' title='bbox 3266 659 3364 712; x_wconf 70' lang='grc' dir='ltr'>καὶ</span> <span class='ocrx_word' id='word_1_221' title='bbox 3388 659 3771 730; x_wconf 81' lang='grc' dir='ltr'>προσέτιχρυ.</span> 
     </span>
    </p>
   </div>
   <div class='ocr_carea' id='block_1_36' title="bbox 2170 752 3053 826">
    <p class='ocr_par' dir='ltr' id='par_1_36' title="bbox 2170 752 3053 826">
     <span class='ocr_line' id='line_1_36' title="bbox 2170 752 3053 826; baseline -0.005 -17"><span class='ocrx_word' id='word_1_222' title='bbox 2170 756 2286 810; x_wconf 90' lang='grc' dir='ltr'>σίου</span> <span class='ocrx_word' id='word_1_223' title='bbox 2306 753 2473 826; x_wconf 85' lang='grc' dir='ltr'>τριῶν</span> <span class='ocrx_word' id='word_1_224' title='bbox 2498 752 2696 825; x_wconf 82' lang='grc' dir='ltr'><strong>λιτρῶν</strong></span> <span class='ocrx_word' id='word_1_225' title='bbox 2718 755 2753 825; x_wconf 77' lang='grc' dir='ltr'><strong>ἡ</strong></span> <span class='ocrx_word' id='word_1_226' title='bbox 2778 753 3053 815; x_wconf 83' lang='grc' dir='ltr'>ἁπότισις.</span> 
     </span>
    </p>
   </div>
   <div class='ocr_carea' id='block_1_37' title="bbox 2767 927 3233 984">
    <p class='ocr_par' dir='ltr' id='par_1_37' title="bbox 2767 927 3233 984">
     <span class='ocr_line' id='line_1_37' title="bbox 2767 927 3233 984; baseline 0 -1"><span class='ocrx_word' id='word_1_227' title='bbox 2767 929 3079 984; x_wconf 80' lang='grc' dir='ltr'><strong>ΔΙΑΤΑΞΙΣ</strong></span> <span class='ocrx_word' id='word_1_228' title='bbox 3108 927 3233 983; x_wconf 76' lang='lat' dir='ltr'><strong>Nl&quot;.</strong></span> 
     </span>
    </p>
   </div>
   <div class='ocr_carea' id='block_1_38' title="bbox 2178 1017 3765 1091">
    <p class='ocr_par' dir='ltr' id='par_1_38' title="bbox 2178 1017 3765 1091">
     <span class='ocr_line' id='line_1_38' title="bbox 2178 1017 3765 1091; baseline -0.003 -15"><span class='ocrx_word' id='word_1_229' title='bbox 2178 1023 2314 1091; x_wconf 81' lang='grc' dir='ltr'>Περὶ</span> <span class='ocrx_word' id='word_1_230' title='bbox 2334 1021 2437 1076; x_wconf 86' lang='grc' dir='ltr'>τοῦ</span> <span class='ocrx_word' id='word_1_231' title='bbox 2467 1021 2807 1077; x_wconf 81' lang='grc' dir='ltr'><strong>ἀθετεῖσθαι</strong></span> <span class='ocrx_word' id='word_1_232' title='bbox 2832 1022 2941 1075; x_wconf 79' lang='grc' dir='ltr'><strong>τὸν</strong></span> <span class='ocrx_word' id='word_1_233' title='bbox 2962 1022 3292 1091; x_wconf 65' lang='grc' dir='ltr'>κελεύοντα</span> <span class='ocrx_word' id='word_1_234' title='bbox 3324 1018 3517 1091; x_wconf 75' lang='grc' dir='ltr'>νόμον</span> <span class='ocrx_word' id='word_1_235' title='bbox 3538 1017 3765 1091; x_wconf 58' lang='grc' dir='ltr'>ἔξωθεν</span> 
     </span>
    </p>
   </div>
   <div class='ocr_carea' id='block_1_39' title="bbox 2245 1088 3766 1160">
    <p class='ocr_par' dir='ltr' id='par_1_39' title="bbox 2245 1088 3766 1160">
     <span class='ocr_line' id='line_1_39' title="bbox 2245 1088 3766 1160; baseline -0.005 -14"><span class='ocrx_word' id='word_1_236' title='bbox 2245 1088 2348 1160; x_wconf 72' lang='grc' dir='ltr'><strong>τῆς</strong></span> <span class='ocrx_word' id='word_1_237' title='bbox 2382 1093 2615 1158; x_wconf 71' lang='grc' dir='ltr'>πόλεως</span> <span class='ocrx_word' id='word_1_238' title='bbox 2638 1092 3067 1158; x_wconf 68' lang='grc' dir='ltr'>ποιεῖσθαιτὶρν</span> <span class='ocrx_word' id='word_1_239' title='bbox 3097 1089 3320 1159; x_wconf 63' lang='grc' dir='ltr'>ταφὴν,</span> <span class='ocrx_word' id='word_1_240' title='bbox 3381 1088 3499 1160; x_wconf 68' lang='grc' dir='ltr'><strong>κιιίΔ</strong></span> <span class='ocrx_word' id='word_1_241' title='bbox 3537 1088 3766 1160; x_wconf 77' lang='grc' dir='ltr'>ἐξεῖναι</span> 
     </span>
    </p>
   </div>
   <div class='ocr_carea' id='block_1_40' title="bbox 2245 1158 3765 1289">
    <p class='ocr_par' dir='ltr' id='par_1_40' title="bbox 2245 1158 3765 1289">
     <span class='ocr_line' id='line_1_40' title="bbox 2245 1158 3765 1232; baseline -0.003 -16"><span class='ocrx_word' id='word_1_242' title='bbox 2245 1158 2695 1232; x_wconf 71' lang='grc' dir='ltr'>τῷβουλομένῳ</span> <span class='ocrx_word' id='word_1_243' title='bbox 2716 1164 2835 1215; x_wconf 74' lang='grc' dir='ltr'>εἶτε</span> <span class='ocrx_word' id='word_1_244' title='bbox 2864 1164 2981 1227; x_wconf 75' lang='grc' dir='ltr'><strong>ἕξω</strong></span> <span class='ocrx_word' id='word_1_245' title='bbox 3022 1161 3144 1214; x_wconf 80' lang='grc' dir='ltr'><strong>τῶν</strong></span> <span class='ocrx_word' id='word_1_246' title='bbox 3166 1158 3407 1229; x_wconf 73' lang='grc' dir='ltr'>τειχῶν,</span> <span class='ocrx_word' id='word_1_247' title='bbox 3444 1158 3566 1212; x_wconf 72' lang='grc' dir='ltr'>εἴτε</span> <span class='ocrx_word' id='word_1_248' title='bbox 3588 1158 3765 1221; x_wconf 79' lang='grc' dir='ltr'>ἐντὸς</span> 
     </span>
     <span class='ocr_line' id='line_1_41' title="bbox 2247 1236 2515 1289; baseline -0.022 0"><span class='ocrx_word' id='word_1_249' title='bbox 2247 1236 2515 1289; x_wconf 77' lang='grc' dir='ltr'>θάπτειν.</span> 
     </span>
    </p>
   </div>
   <div class='ocr_carea' id='block_1_41' title="bbox 2259 1322 3421 1395">
    <p class='ocr_par' dir='ltr' id='par_1_41' title="bbox 2259 1322 3421 1395">
     <span class='ocr_line' id='line_1_42' title="bbox 2259 1322 3421 1395; baseline -0.001 -16"><span class='ocrx_word' id='word_1_250' title='bbox 2259 1327 2315 1379; x_wconf 89' lang='grc' dir='ltr'><strong>Ὀ</strong></span> <span class='ocrx_word' id='word_1_251' title='bbox 2356 1327 2518 1390; x_wconf 81' lang='grc' dir='ltr'>αὐτὸς</span> <span class='ocrx_word' id='word_1_252' title='bbox 2550 1325 2802 1395; x_wconf 81' lang='grc' dir='ltr'>βασιλεὺς</span> <span class='ocrx_word' id='word_1_253' title='bbox 2833 1323 3109 1394; x_wconf 86' lang='grc' dir='ltr'>Στυλιανῷ</span> <span class='ocrx_word' id='word_1_254' title='bbox 3137 1323 3215 1391; x_wconf 83' lang='grc' dir='ltr'>τῷ</span> <span class='ocrx_word' id='word_1_255' title='bbox 3248 1322 3421 1393; x_wconf 81' lang='grc' dir='ltr'>αὐτῷ.</span> 
     </span>
    </p>
   </div>
   <div class='ocr_carea' id='block_1_42' title="bbox 2261 1414 3765 1490">
    <p class='ocr_par' dir='ltr' id='par_1_42' title="bbox 2261 1414 3765 1490">
     <span class='ocr_line' id='line_1_43' title="bbox 2261 1414 3765 1490; baseline -0.004 -18"><span class='ocrx_word' id='word_1_256' title='bbox 2261 1420 2418 1490; x_wconf 74' lang='grc' dir='ltr'>Ἐμοὶ</span> <span class='ocrx_word' id='word_1_257' title='bbox 2450 1418 2701 1487; x_wconf 83' lang='grc' dir='ltr'>φαίνεται</span> <span class='ocrx_word' id='word_1_258' title='bbox 2734 1418 2809 1490; x_wconf 84' lang='grc' dir='ltr'>μὴ</span> <span class='ocrx_word' id='word_1_259' title='bbox 2862 1417 3024 1484; x_wconf 86' lang='grc' dir='ltr'>μόνον</span> <span class='ocrx_word' id='word_1_260' title='bbox 3074 1418 3177 1470; x_wconf 81' lang='grc' dir='ltr'>ὅσα</span> <span class='ocrx_word' id='word_1_261' title='bbox 3226 1416 3306 1486; x_wconf 83' lang='grc' dir='ltr'>τῷ</span> <span class='ocrx_word' id='word_1_262' title='bbox 3337 1415 3440 1485; x_wconf 83' lang='grc' dir='ltr'><strong>βίῳ</strong></span> <span class='ocrx_word' id='word_1_263' title='bbox 3493 1414 3765 1485; x_wconf 74' lang='grc' dir='ltr'><strong>συμφέρει</strong></span> 
     </span>
    </p>
   </div>
   <div class='ocr_carea' id='block_1_43' title="bbox 2179 1501 3764 1579">
    <p class='ocr_par' dir='ltr' id='par_1_43' title="bbox 2179 1501 3764 1579">
     <span class='ocr_line' id='line_1_44' title="bbox 2179 1501 3764 1579; baseline -0.007 -14"><span class='ocrx_word' id='word_1_264' title='bbox 2179 1510 2289 1565; x_wconf 85' lang='grc' dir='ltr'>τῶν</span> <span class='ocrx_word' id='word_1_265' title='bbox 2329 1507 2762 1579; x_wconf 79' lang='grc' dir='ltr'><strong>πολιτευομένων</strong></span> <span class='ocrx_word' id='word_1_266' title='bbox 2809 1507 2981 1560; x_wconf 77' lang='grc' dir='ltr'>ταῦτα</span> <span class='ocrx_word' id='word_1_267' title='bbox 3014 1507 3225 1577; x_wconf 76' lang='grc' dir='ltr'>πρέπον</span> <span class='ocrx_word' id='word_1_268' title='bbox 3275 1504 3481 1575; x_wconf 79' lang='grc' dir='ltr'><strong>ὁρίζειν</strong></span> <span class='ocrx_word' id='word_1_269' title='bbox 3519 1506 3648 1566; x_wconf 72' lang='grc' dir='ltr'>τοὺς</span> <span class='ocrx_word' id='word_1_270' title='bbox 3672 1501 3764 1555; x_wconf 81' lang='grc' dir='ltr'>νό-</span> 
     </span>
    </p>
   </div>
   <div class='ocr_carea' id='block_1_44' title="bbox 2186 1595 3768 1673">
    <p class='ocr_par' dir='ltr' id='par_1_44' title="bbox 2186 1595 3768 1673">
     <span class='ocr_line' id='line_1_45' title="bbox 2186 1595 3768 1673; baseline -0.005 -18"><span class='ocrx_word' id='word_1_271' title='bbox 2186 1619 2320 1673; x_wconf 84' lang='grc' dir='ltr'><strong>μους</strong></span> <span class='ocrx_word' id='word_1_272' title='bbox 2345 1603 2442 1671; x_wconf 80' lang='grc' dir='ltr'><strong>τῆς</strong></span> <span class='ocrx_word' id='word_1_273' title='bbox 2471 1600 2767 1665; x_wconf 78' lang='grc' dir='ltr'><strong>πολιτείας,</strong></span> <span class='ocrx_word' id='word_1_274' title='bbox 2799 1597 2935 1651; x_wconf 66' lang='grc' dir='ltr'>ἀλλὰ</span> <span class='ocrx_word' id='word_1_275' title='bbox 2974 1599 3069 1651; x_wconf 54' lang='grc' dir='ltr'><strong>καί⁵</strong></span> <span class='ocrx_word' id='word_1_276' title='bbox 3114 1598 3244 1668; x_wconf 73' lang='grc' dir='ltr'>περὶ</span> <span class='ocrx_word' id='word_1_277' title='bbox 3292 1596 3402 1649; x_wconf 86' lang='grc' dir='ltr'><strong>τῶν</strong></span> <span class='ocrx_word' id='word_1_278' title='bbox 3440 1595 3543 1663; x_wconf 75' lang='grc' dir='ltr'><strong>ῆδη</strong></span> <span class='ocrx_word' id='word_1_279' title='bbox 3594 1610 3768 1647; x_wconf 84' lang='grc' dir='ltr'>κατα-</span> 
     </span>
    </p>
   </div>
   <div class='ocr_carea' id='block_1_45' title="bbox 2182 1685 3765 1759">
    <p class='ocr_par' dir='ltr' id='par_1_45' title="bbox 2182 1685 3765 1759">
     <span class='ocr_line' id='line_1_46' title="bbox 2182 1685 3765 1759; baseline -0.008 -12"><span class='ocrx_word' id='word_1_280' title='bbox 2182 1694 2461 1747; x_wconf 81' lang='grc' dir='ltr'>λυσάντων</span> <span class='ocrx_word' id='word_1_281' title='bbox 2488 1694 2579 1745; x_wconf 83' lang='grc' dir='ltr'><strong>τδν</strong></span> <span class='ocrx_word' id='word_1_282' title='bbox 2609 1691 2723 1759; x_wconf 87' lang='grc' dir='ltr'>βίον</span> <span class='ocrx_word' id='word_1_283' title='bbox 2761 1690 2829 1743; x_wconf 84' lang='grc' dir='ltr'>τὰ</span> <span class='ocrx_word' id='word_1_284' title='bbox 2863 1689 3143 1759; x_wconf 80' lang='grc' dir='ltr'>πρέποντα</span> <span class='ocrx_word' id='word_1_285' title='bbox 3168 1686 3489 1759; x_wconf 80' lang='grc' dir='ltr'>ἀνθρωπίνῃ</span> <span class='ocrx_word' id='word_1_286' title='bbox 3527 1685 3765 1737; x_wconf 75' lang='grc' dir='ltr'>σκέπτε-</span> 
     </span>
    </p>
   </div>
   <div class='ocr_carea' id='block_1_46' title="bbox 2174 1769 3761 1851">
    <p class='ocr_par' dir='ltr' id='par_1_46' title="bbox 2174 1769 3761 1851">
     <span class='ocr_line' id='line_1_47' title="bbox 2174 1769 3761 1851; baseline -0.008 -16"><span class='ocrx_word' id='word_1_287' title='bbox 2174 1783 2298 1835; x_wconf 86' lang='grc' dir='ltr'>σθαι</span> <span class='ocrx_word' id='word_1_288' title='bbox 2327 1778 2666 1851; x_wconf 67' lang='grc' dir='ltr'>συμπαθείᾳ,</span> <span class='ocrx_word' id='word_1_289' title='bbox 2692 1778 2786 1832; x_wconf 75' lang='grc' dir='ltr'>καὶ</span> <span class='ocrx_word' id='word_1_290' title='bbox 2820 1776 2895 1848; x_wconf 76' lang='grc' dir='ltr'>μὴ</span> <span class='ocrx_word' id='word_1_291' title='bbox 2922 1776 2991 1829; x_wconf 85' lang='grc' dir='ltr'><strong>δι’</strong></span> <span class='ocrx_word' id='word_1_292' title='bbox 3018 1769 3092 1830; x_wconf 84' lang='grc' dir='ltr'>ὧν</span> <span class='ocrx_word' id='word_1_293' title='bbox 3124 1774 3324 1845; x_wconf 78' lang='grc' dir='ltr'>ἀτιμίᾳ</span> <span class='ocrx_word' id='word_1_294' title='bbox 3344 1774 3445 1844; x_wconf 78' lang='grc' dir='ltr'>μὲν</span> <span class='ocrx_word' id='word_1_295' title='bbox 3489 1772 3586 1826; x_wconf 75' lang='grc' dir='ltr'>καὶ</span> <span class='ocrx_word' id='word_1_296' title='bbox 3607 1771 3761 1840; x_wconf 72' lang='grc' dir='ltr'>ὕϐρει</span> 
     </span>
    </p>
   </div>
   <div class='ocr_carea' id='block_1_47' title="bbox 2168 1862 3763 1942">
    <p class='ocr_par' dir='ltr' id='par_1_47' title="bbox 2168 1862 3763 1942">
     <span class='ocr_line' id='line_1_48' title="bbox 2168 1862 3763 1942; baseline -0.008 -16"><span class='ocrx_word' id='word_1_297' title='bbox 2168 1874 2276 1927; x_wconf 84' lang='grc' dir='ltr'>τῶν</span> <span class='ocrx_word' id='word_1_298' title='bbox 2312 1872 2727 1942; x_wconf 78' lang='grc' dir='ltr'>μεθισταμένων</span> <span class='ocrx_word' id='word_1_299' title='bbox 2758 1871 2827 1923; x_wconf 73' lang='grc' dir='ltr'>τὰ</span> <span class='ocrx_word' id='word_1_300' title='bbox 2855 1869 3086 1938; x_wconf 83' lang='grc' dir='ltr'>σώματα</span> <span class='ocrx_word' id='word_1_301' title='bbox 3118 1866 3501 1938; x_wconf 75' lang='grc' dir='ltr'>παραδίδοται,</span> <span class='ocrx_word' id='word_1_302' title='bbox 3525 1862 3763 1934; x_wconf 77' lang='grc' dir='ltr'>αἰσχύνη</span> 
     </span>
    </p>
   </div>
   <div class='ocr_carea' id='block_1_48' title="bbox 2169 1956 3764 2037">
    <p class='ocr_par' dir='ltr' id='par_1_48' title="bbox 2169 1956 3764 2037">
     <span class='ocr_line' id='line_1_49' title="bbox 2169 1956 3764 2037; baseline -0.006 -17"><span class='ocrx_word' id='word_1_303' title='bbox 2169 1967 2226 2019; x_wconf 83' lang='grc' dir='ltr'>δὲ</span> <span class='ocrx_word' id='word_1_304' title='bbox 2258 1969 2323 2037; x_wconf 85' lang='grc' dir='ltr'>τῇ</span> <span class='ocrx_word' id='word_1_305' title='bbox 2358 1966 2512 2035; x_wconf 73' lang='grc' dir='ltr'>κοινῇ</span> <span class='ocrx_word' id='word_1_306' title='bbox 2567 1963 2677 2015; x_wconf 82' lang='grc' dir='ltr'><strong>τῶν</strong></span> <span class='ocrx_word' id='word_1_307' title='bbox 2721 1960 3023 2032; x_wconf 86' lang='grc' dir='ltr'>ἀνθρώπων</span> <span class='ocrx_word' id='word_1_308' title='bbox 3071 1960 3233 2029; x_wconf 84' lang='grc' dir='ltr'>φύσει</span> <span class='ocrx_word' id='word_1_309' title='bbox 3294 1957 3641 2030; x_wconf 75' lang='grc' dir='ltr'>περιγίνεται</span> <span class='ocrx_word' id='word_1_310' title='bbox 3691 1956 3764 2021; x_wconf 69' lang='grc'><strong>⁸⁵,</strong></span> 
     </span>
    </p>
   </div>
   <div class='ocr_carea' id='block_1_49' title="bbox 2167 2049 3765 2126">
    <p class='ocr_par' dir='ltr' id='par_1_49' title="bbox 2167 2049 3765 2126">
     <span class='ocr_line' id='line_1_50' title="bbox 2167 2049 3765 2126; baseline -0.008 -13"><span class='ocrx_word' id='word_1_311' title='bbox 2167 2059 2343 2113; x_wconf 84' lang='grc' dir='ltr'>ταῦτα</span> <span class='ocrx_word' id='word_1_312' title='bbox 2369 2056 2697 2126; x_wconf 76' lang='grc' dir='ltr'>νομοθετεῖν.</span> <span class='ocrx_word' id='word_1_313' title='bbox 2750 2055 2876 2119; x_wconf 84' lang='grc' dir='ltr'><strong>Πῶς</strong></span> <span class='ocrx_word' id='word_1_314' title='bbox 2906 2053 3014 2124; x_wconf 78' lang='grc' dir='ltr'>γὰρ</span> <span class='ocrx_word' id='word_1_315' title='bbox 3042 2052 3142 2105; x_wconf 72' lang='grc' dir='ltr'>οὐκ</span> <span class='ocrx_word' id='word_1_316' title='bbox 3166 2051 3287 2104; x_wconf 76' lang='grc' dir='ltr'>ἐστι</span> <span class='ocrx_word' id='word_1_317' title='bbox 3350 2051 3451 2121; x_wconf 77' lang='grc' dir='ltr'>τὴν</span> <span class='ocrx_word' id='word_1_318' title='bbox 3480 2049 3765 2121; x_wconf 81' lang='grc' dir='ltr'>ἀνθρωπί-</span> 
     </span>
    </p>
   </div>
   <div class='ocr_carea' id='block_1_50' title="bbox 2163 2141 3760 2218">
    <p class='ocr_par' dir='ltr' id='par_1_50' title="bbox 2163 2141 3760 2218">
     <span class='ocr_line' id='line_1_51' title="bbox 2163 2141 3760 2218; baseline -0.007 -15"><span class='ocrx_word' id='word_1_319' title='bbox 2163 2166 2268 2218; x_wconf 87' lang='grc' dir='ltr'>νην</span> <span class='ocrx_word' id='word_1_320' title='bbox 2298 2148 2459 2218; x_wconf 89' lang='grc' dir='ltr'>φύσιν</span> <span class='ocrx_word' id='word_1_321' title='bbox 2485 2146 2763 2216; x_wconf 78' lang='grc' dir='ltr'>αἰσχύνειν</span> <span class='ocrx_word' id='word_1_322' title='bbox 2800 2183 2816 2207; x_wconf 85' lang='grc'><strong>,</strong></span> <span class='ocrx_word' id='word_1_323' title='bbox 2850 2145 2979 2197; x_wconf 82' lang='grc' dir='ltr'>ὅταν</span> <span class='ocrx_word' id='word_1_324' title='bbox 3012 2142 3087 2213; x_wconf 80' lang='grc' dir='ltr'>μὴ</span> <span class='ocrx_word' id='word_1_325' title='bbox 3136 2142 3399 2212; x_wconf 88' lang='grc' dir='ltr'>βούληται</span> <span class='ocrx_word' id='word_1_326' title='bbox 3430 2142 3459 2193; x_wconf 80' lang='grc' dir='ltr'>ὁ</span> <span class='ocrx_word' id='word_1_327' title='bbox 3495 2141 3657 2209; x_wconf 89' lang='grc' dir='ltr'>νόμος</span> <span class='ocrx_word' id='word_1_328' title='bbox 3688 2141 3760 2209; x_wconf 78' lang='grc' dir='ltr'>γῇ</span> 
     </span>
    </p>
   </div>
   <div class='ocr_carea' id='block_1_51' title="bbox 2171 2231 3765 2313">
    <p class='ocr_par' dir='ltr' id='par_1_51' title="bbox 2171 2231 3765 2313">
     <span class='ocr_line' id='line_1_52' title="bbox 2171 2231 3765 2313; baseline -0.009 -16"><span class='ocrx_word' id='word_1_329' title='bbox 2171 2241 2535 2313; x_wconf 76' lang='grc' dir='ltr'>κρύπτεσθαι,</span> <span class='ocrx_word' id='word_1_330' title='bbox 2568 2241 2619 2292; x_wconf 90' lang='grc' dir='ltr'><strong>εί</strong></span> <span class='ocrx_word' id='word_1_331' title='bbox 2657 2238 2731 2309; x_wconf 80' lang='grc' dir='ltr'>μὴ</span> <span class='ocrx_word' id='word_1_332' title='bbox 2785 2236 2890 2303; x_wconf 72' lang='grc' dir='ltr'><strong>ἔξω</strong></span> <span class='ocrx_word' id='word_1_333' title='bbox 2945 2236 3157 2289; x_wconf 87' lang='grc' dir='ltr'>πόλεων</span> <span class='ocrx_word' id='word_1_334' title='bbox 3201 2235 3423 2306; x_wconf 78' lang='grc' dir='ltr'>φέροιτο</span> <span class='ocrx_word' id='word_1_335' title='bbox 3451 2233 3513 2286; x_wconf 75' lang='grc' dir='ltr'>τὸ</span> <span class='ocrx_word' id='word_1_336' title='bbox 3566 2231 3765 2302; x_wconf 78' lang='grc' dir='ltr'>βληθὲν</span> 
     </span>
    </p>
   </div>
   <div class='ocr_carea' id='block_1_52' title="bbox 2174 2322 3757 2397">
    <p class='ocr_par' dir='ltr' id='par_1_52' title="bbox 2174 2322 3757 2397">
     <span class='ocr_line' id='line_1_53' title="bbox 2174 2322 3757 2397; baseline -0.008 -12"><span class='ocrx_word' id='word_1_337' title='bbox 2174 2333 2277 2385; x_wconf 70' lang='grc' dir='ltr'>ὑπὸ</span> <span class='ocrx_word' id='word_1_338' title='bbox 2303 2331 2398 2384; x_wconf 81' lang='grc' dir='ltr'>τοῦ</span> <span class='ocrx_word' id='word_1_339' title='bbox 2426 2330 2654 2384; x_wconf 85' lang='grc' dir='ltr'>θανάτου</span> <span class='ocrx_word' id='word_1_340' title='bbox 2689 2328 2848 2397; x_wconf 85' lang='grc' dir='ltr'>σῶμα</span> <span class='ocrx_word' id='word_1_341' title='bbox 2884 2343 2898 2392; x_wconf 89' lang='grc'><strong>;</strong></span> <span class='ocrx_word' id='word_1_342' title='bbox 2943 2325 3006 2378; x_wconf 81' lang='lat' dir='ltr'><strong>Ei</strong></span> <span class='ocrx_word' id='word_1_343' title='bbox 3040 2326 3139 2396; x_wconf 83' lang='grc' dir='ltr'>μὲν</span> <span class='ocrx_word' id='word_1_344' title='bbox 3161 2325 3270 2395; x_wconf 82' lang='grc' dir='ltr'><strong>γὰρ</strong></span> <span class='ocrx_word' id='word_1_345' title='bbox 3307 2322 3469 2377; x_wconf 84' lang='grc' dir='ltr'>τοῦτο</span> <span class='ocrx_word' id='word_1_346' title='bbox 3504 2322 3757 2393; x_wconf 83' lang='grc' dir='ltr'>διορίζων</span> 
     </span>
    </p>
   </div>
   <div class='ocr_carea' id='block_1_53' title="bbox 2173 2413 3765 2496">
    <p class='ocr_par' dir='ltr' id='par_1_53' title="bbox 2173 2413 3765 2496">
     <span class='ocr_line' id='line_1_54' title="bbox 2173 2413 3765 2496; baseline -0.008 -18"><span class='ocrx_word' id='word_1_347' title='bbox 2173 2425 2305 2496; x_wconf 72' lang='grc' dir='ltr'>περὶ</span> <span class='ocrx_word' id='word_1_348' title='bbox 2335 2424 2561 2477; x_wconf 74' lang='grc' dir='ltr'>ἐκείνων</span> <span class='ocrx_word' id='word_1_349' title='bbox 2590 2421 2745 2487; x_wconf 73' lang='grc' dir='ltr'>ἔλεγε</span> <span class='ocrx_word' id='word_1_350' title='bbox 2776 2422 2875 2489; x_wconf 81' lang='grc' dir='ltr'><strong>τῆς</strong></span> <span class='ocrx_word' id='word_1_351' title='bbox 2902 2418 3107 2487; x_wconf 87' lang='grc' dir='ltr'>ταφῆς,</span> <span class='ocrx_word' id='word_1_352' title='bbox 3150 2413 3233 2480; x_wconf 74' lang='grc' dir='ltr'>οἷς</span> <span class='ocrx_word' id='word_1_353' title='bbox 3260 2414 3499 2487; x_wconf 75' lang='grc' dir='ltr'>εὔπορον</span> <span class='ocrx_word' id='word_1_354' title='bbox 3519 2414 3618 2482; x_wconf 89' lang='grc' dir='ltr'><strong>τὴν</strong></span> <span class='ocrx_word' id='word_1_355' title='bbox 3666 2416 3765 2466; x_wconf 80' lang='grc' dir='ltr'><strong>ὲκ-</strong></span> 
     </span>
    </p>
   </div>
   <div class='ocr_carea' id='block_1_54' title="bbox 2174 2505 3763 2587">
    <p class='ocr_par' dir='ltr' id='par_1_54' title="bbox 2174 2505 3763 2587">
     <span class='ocr_line' id='line_1_55' title="bbox 2174 2505 3763 2587; baseline -0.006 -18"><span class='ocrx_word' id='word_1_356' title='bbox 2174 2517 2346 2587; x_wconf 77' lang='grc' dir='ltr'>φορὰν</span> <span class='ocrx_word' id='word_1_357' title='bbox 2376 2514 2609 2585; x_wconf 82' lang='grc' dir='ltr'>ὲποίει⁹ή</span> <span class='ocrx_word' id='word_1_358' title='bbox 2641 2512 2721 2566; x_wconf 75' lang='grc' dir='ltr'>ἔτι</span> <span class='ocrx_word' id='word_1_359' title='bbox 2762 2513 2819 2564; x_wconf 79' lang='grc' dir='ltr'>ὲν</span> <span class='ocrx_word' id='word_1_360' title='bbox 2843 2510 2944 2580; x_wconf 84' lang='grc' dir='ltr'>βίῳ</span> <span class='ocrx_word' id='word_1_361' title='bbox 2970 2509 3273 2580; x_wconf 82' lang='grc' dir='ltr'>περιόντων</span> <span class='ocrx_word' id='word_1_362' title='bbox 3308 2508 3489 2561; x_wconf 78' lang='grc' dir='ltr'>αὐτῶν</span> <span class='ocrx_word' id='word_1_363' title='bbox 3510 2505 3763 2576; x_wconf 80' lang='grc' dir='ltr'>εὐπορία.</span> 
     </span>
    </p>
   </div>
   <div class='ocr_carea' id='block_1_55' title="bbox 2174 2598 3767 2677">
    <p class='ocr_par' dir='ltr' id='par_1_55' title="bbox 2174 2598 3767 2677">
     <span class='ocr_line' id='line_1_56' title="bbox 2174 2598 3767 2677; baseline -0.008 -15"><span class='ocrx_word' id='word_1_364' title='bbox 2174 2610 2306 2671; x_wconf 74' lang='grc' dir='ltr'>ἴσως</span> <span class='ocrx_word' id='word_1_365' title='bbox 2339 2608 2405 2661; x_wconf 84' lang='grc' dir='ltr'>ἂν</span> <span class='ocrx_word' id='word_1_366' title='bbox 2429 2603 2544 2677; x_wconf 73' lang='grc' dir='ltr'>εἶχέ</span> <span class='ocrx_word' id='word_1_367' title='bbox 2576 2621 2698 2658; x_wconf 89' lang='grc' dir='ltr'>τινα</span> <span class='ocrx_word' id='word_1_368' title='bbox 2722 2604 2996 2674; x_wconf 85' lang='grc' dir='ltr'>πρόφασιν</span> <span class='ocrx_word' id='word_1_369' title='bbox 3042 2600 3580 2671; x_wconf 73' lang='grc' dir='ltr'>παρακελευόμενος,</span> <span class='ocrx_word' id='word_1_370' title='bbox 3637 2598 3767 2651; x_wconf 83' lang='grc' dir='ltr'>καί-</span> 
     </span>
    </p>
   </div>
   <div class='ocr_carea' id='block_1_56' title="bbox 2172 2690 3765 2768">
    <p class='ocr_par' dir='ltr' id='par_1_56' title="bbox 2172 2690 3765 2768">
     <span class='ocr_line' id='line_1_57' title="bbox 2172 2690 3765 2768; baseline -0.006 -14"><span class='ocrx_word' id='word_1_371' title='bbox 2172 2717 2322 2768; x_wconf 90' lang='grc' dir='ltr'>τοιγε</span> <span class='ocrx_word' id='word_1_372' title='bbox 2356 2699 2452 2753; x_wconf 80' lang='grc' dir='ltr'>καὶ</span> <span class='ocrx_word' id='word_1_373' title='bbox 2478 2698 2601 2751; x_wconf 89' lang='grc' dir='ltr'>τότε</span> <span class='ocrx_word' id='word_1_374' title='bbox 2641 2696 2811 2766; x_wconf 81' lang='grc' dir='ltr'>ἐχρῆν</span> <span class='ocrx_word' id='word_1_375' title='bbox 2843 2695 2979 2763; x_wconf 76' lang='grc' dir='ltr'>πρὸς</span> <span class='ocrx_word' id='word_1_376' title='bbox 3003 2692 3355 2763; x_wconf 71' lang='grc' dir='ltr'>συμπάθειαν</span> <span class='ocrx_word' id='word_1_377' title='bbox 3395 2694 3531 2763; x_wconf 74' lang='grc' dir='ltr'>ὁρᾷν</span> <span class='ocrx_word' id='word_1_378' title='bbox 3567 2690 3765 2760; x_wconf 86' lang='grc' dir='ltr'>φίλων,</span> 
     </span>
    </p>
   </div>
   <div class='ocr_carea' id='block_1_57' title="bbox 2177 2779 3765 2862">
    <p class='ocr_par' dir='ltr' id='par_1_57' title="bbox 2177 2779 3765 2862">
     <span class='ocr_line' id='line_1_58' title="bbox 2177 2779 3765 2862; baseline -0.008 -15"><span class='ocrx_word' id='word_1_379' title='bbox 2177 2792 2457 2862; x_wconf 82' lang='grc' dir='ltr'>συγγενῶν</span> <span class='ocrx_word' id='word_1_380' title='bbox 2488 2829 2504 2855; x_wconf 88' lang='grc'><strong>,</strong></span> <span class='ocrx_word' id='word_1_381' title='bbox 2546 2789 2764 2843; x_wconf 74' lang='grc' dir='ltr'>οἰκείων</span> <span class='ocrx_word' id='word_1_382' title='bbox 2822 2786 2918 2841; x_wconf 81' lang='grc' dir='ltr'><strong>τοῦ</strong></span> <span class='ocrx_word' id='word_1_383' title='bbox 2955 2786 3281 2856; x_wconf 83' lang='grc' dir='ltr'>τεθνηκότος</span> <span class='ocrx_word' id='word_1_384' title='bbox 3308 2824 3322 2849; x_wconf 91' lang='grc'><strong>,</strong></span> <span class='ocrx_word' id='word_1_385' title='bbox 3358 2779 3442 2847; x_wconf 73' lang='grc' dir='ltr'><strong>οἷς</strong></span> <span class='ocrx_word' id='word_1_386' title='bbox 3475 2782 3622 2853; x_wconf 82' lang='grc' dir='ltr'>μέγα</span> <span class='ocrx_word' id='word_1_387' title='bbox 3682 2783 3765 2844; x_wconf 75' lang='grc' dir='ltr'><strong>εἰς</strong></span> 
     </span>
    </p>
   </div>
   <div class='ocr_carea' id='block_1_58' title="bbox 2176 2871 3766 2955">
    <p class='ocr_par' dir='ltr' id='par_1_58' title="bbox 2176 2871 3766 2955">
     <span class='ocr_line' id='line_1_59' title="bbox 2176 2871 3766 2955; baseline -0.008 -16"><span class='ocrx_word' id='word_1_388' title='bbox 2176 2884 2527 2955; x_wconf 84' lang='grc' dir='ltr'>παραμύθιον</span> <span class='ocrx_word' id='word_1_389' title='bbox 2551 2879 2647 2934; x_wconf 80' lang='grc' dir='ltr'>τοῦ</span> <span class='ocrx_word' id='word_1_390' title='bbox 2676 2878 2875 2948; x_wconf 76' lang='grc' dir='ltr'>ἄλγους</span> <span class='ocrx_word' id='word_1_391' title='bbox 2926 2877 3152 2948; x_wconf 73' lang='grc' dir='ltr'>καὶτῆς</span> <span class='ocrx_word' id='word_1_392' title='bbox 3206 2876 3631 2946; x_wconf 81' lang='grc' dir='ltr'>ἀποστερήσεως</span> <span class='ocrx_word' id='word_1_393' title='bbox 3669 2871 3766 2927; x_wconf 81' lang='grc' dir='ltr'><strong>τοῦ</strong></span> 
     </span>
    </p>
   </div>
   <div class='ocr_carea' id='block_1_59' title="bbox 2176 2964 3769 3046">
    <p class='ocr_par' dir='ltr' id='par_1_59' title="bbox 2176 2964 3769 3046">
     <span class='ocr_line' id='line_1_60' title="bbox 2176 2964 3769 3046; baseline -0.009 -15"><span class='ocrx_word' id='word_1_394' title='bbox 2176 2974 2513 3046; x_wconf 78' lang='grc' dir='ltr'>ποθουμένου</span> <span class='ocrx_word' id='word_1_395' title='bbox 2545 2973 2720 3041; x_wconf 83' lang='grc' dir='ltr'>τάφου</span> <span class='ocrx_word' id='word_1_396' title='bbox 2772 2968 3131 3040; x_wconf 77' lang='grc' dir='ltr'>περιπτύξεις</span> <span class='ocrx_word' id='word_1_397' title='bbox 3179 2968 3276 3021; x_wconf 59' lang='grc' dir='ltr'><strong>καὶ⁹</strong></span> <span class='ocrx_word' id='word_1_398' title='bbox 3333 2964 3599 3035; x_wconf 81' lang='grc' dir='ltr'>ὲπ⁹αύτῷ</span> <span class='ocrx_word' id='word_1_399' title='bbox 3648 2964 3769 3034; x_wconf 88' lang='grc' dir='ltr'>χεό-</span> 
     </span>
    </p>
   </div>
   <div class='ocr_carea' id='block_1_60' title="bbox 491 3058 2068 3164">
    <p class='ocr_par' dir='ltr' id='par_1_60' title="bbox 491 3087 2066 3164">
     <span class='ocr_line' id='line_1_61' title="bbox 491 3087 2066 3164; baseline 0.005 -24"><span class='ocrx_word' id='word_1_400' title='bbox 491 3087 812 3156; x_wconf 86' lang='lat' dir='ltr'><strong>amplexari,</strong></span> <span class='ocrx_word' id='word_1_401' title='bbox 848 3104 913 3144; x_wconf 88' lang='lat' dir='ltr'><strong>ac</strong></span> <span class='ocrx_word' id='word_1_402' title='bbox 947 3090 999 3143; x_wconf 93' lang='lat' dir='ltr'><strong>in</strong></span> <span class='ocrx_word' id='word_1_403' title='bbox 1034 3090 1085 3144; x_wconf 87' lang='lat' dir='ltr'><strong>id</strong></span> <span class='ocrx_word' id='word_1_404' title='bbox 1144 3091 1414 3161; x_wconf 86' lang='lat' dir='ltr'><strong>lacrymas</strong></span> <span class='ocrx_word' id='word_1_405' title='bbox 1462 3090 1793 3162; x_wconf 83' lang='lat' dir='ltr'><strong>profundere</strong></span> <span class='ocrx_word' id='word_1_406' title='bbox 1832 3095 2066 3164; x_wconf 90' lang='lat' dir='ltr'><strong>possint.</strong></span> 
     </span>
    </p>
   </div>
   <div class='ocr_carea' id='block_1_61' title="bbox 2175 3058 3771 3164">
    <p class='ocr_par' dir='ltr' id='par_1_61' title="bbox 2177 3058 3771 3139">
     <span class='ocr_line' id='line_1_62' title="bbox 2177 3058 3771 3139; baseline -0.008 -18"><span class='ocrx_word' id='word_1_407' title='bbox 2177 3084 2313 3139; x_wconf 90' lang='grc' dir='ltr'>μενα</span> <span class='ocrx_word' id='word_1_408' title='bbox 2346 3066 2556 3134; x_wconf 81' lang='grc' dir='ltr'>δάκρυα</span> <span class='ocrx_word' id='word_1_409' title='bbox 2584 3063 2689 3130; x_wconf 75' lang='grc' dir='ltr'><strong>ἔξω</strong></span> <span class='ocrx_word' id='word_1_410' title='bbox 2720 3063 2981 3133; x_wconf 78' lang='grc' dir='ltr'>κειμένου</span> <span class='ocrx_word' id='word_1_411' title='bbox 3006 3061 3051 3093; x_wconf 80' lang='grc'><strong>⁸⁷</strong></span> <span class='ocrx_word' id='word_1_412' title='bbox 3078 3061 3176 3130; x_wconf 90' lang='grc' dir='ltr'><strong>τῆς</strong></span> <span class='ocrx_word' id='word_1_413' title='bbox 3224 3058 3435 3122; x_wconf 81' lang='grc' dir='ltr'>πόλεως</span> <span class='ocrx_word' id='word_1_414' title='bbox 3477 3058 3579 3111; x_wconf 80' lang='grc' dir='ltr'>οὐκ</span> <span class='ocrx_word' id='word_1_415' title='bbox 3608 3058 3771 3127; x_wconf 68' lang='grc' dir='ltr'><strong>εὐχε-⁴</strong></span> 
     </span>
    </p>
   </div>
   <div class='ocr_carea' id='block_1_62' title="bbox 492 3179 2058 3254">
    <p class='ocr_par' dir='ltr' id='par_1_62' title="bbox 492 3179 2058 3254">
     <span class='ocr_line' id='line_1_63' title="bbox 492 3179 2058 3254; baseline 0.005 -20"><span class='ocrx_word' id='word_1_416' title='bbox 492 3179 624 3245; x_wconf 71' lang='lat' dir='ltr'><strong>Quae</strong></span> <span class='ocrx_word' id='word_1_417' title='bbox 649 3180 824 3236; x_wconf 79' lang='lat' dir='ltr'><strong>ofﬁcia</strong></span> <span class='ocrx_word' id='word_1_418' title='bbox 852 3192 1006 3237; x_wconf 82' lang='lat' dir='ltr'><strong>extra</strong></span> <span class='ocrx_word' id='word_1_419' title='bbox 1034 3183 1312 3238; x_wconf 82' lang='lat' dir='ltr'><strong>civitatem</strong></span> <span class='ocrx_word' id='word_1_420' title='bbox 1345 3186 1558 3254; x_wconf 91' lang='lat' dir='ltr'><strong>sepulto</strong></span> <span class='ocrx_word' id='word_1_421' title='bbox 1594 3200 1703 3240; x_wconf 94' lang='lat' dir='ltr'><strong>nou</strong></span> <span class='ocrx_word' id='word_1_422' title='bbox 1773 3187 1937 3242; x_wconf 80' lang='lat' dir='ltr'><strong>facile</strong></span> <span class='ocrx_word' id='word_1_423' title='bbox 1972 3196 2058 3242; x_wconf 91' lang='lat' dir='ltr'><strong>est</strong></span> 
     </span>
    </p>
   </div>
   <div class='ocr_carea' id='block_1_63' title="bbox 491 3265 2050 3343">
    <p class='ocr_par' dir='ltr' id='par_1_63' title="bbox 491 3265 2050 3343">
     <span class='ocr_line' id='line_1_64' title="bbox 491 3265 2050 3343; baseline 0.004 -16"><span class='ocrx_word' id='word_1_424' title='bbox 491 3273 739 3343; x_wconf 85' lang='lat' dir='ltr'><strong>exsequi.</strong></span> <span class='ocrx_word' id='word_1_425' title='bbox 768 3274 1021 3329; x_wconf 85' lang='lat' dir='ltr'><strong>Attamen</strong></span> <span class='ocrx_word' id='word_1_426' title='bbox 1056 3276 1102 3328; x_wconf 89' lang='lat' dir='ltr'><strong>si</strong></span> <span class='ocrx_word' id='word_1_427' title='bbox 1144 3276 1269 3331; x_wconf 91' lang='lat' dir='ltr'><strong>illos</strong></span> <span class='ocrx_word' id='word_1_428' title='bbox 1318 3276 1495 3331; x_wconf 92' lang='lat' dir='ltr'><strong>solum</strong></span> <span class='ocrx_word' id='word_1_429' title='bbox 1543 3265 1715 3332; x_wconf 83' lang='lat' dir='ltr'><strong>extra</strong></span> <span class='ocrx_word' id='word_1_430' title='bbox 1771 3280 2050 3334; x_wconf 89' lang='lat' dir='ltr'><strong>civitatem</strong></span> 
     </span>
    </p>
   </div>
   <div class='ocr_carea' id='block_1_64' title="bbox 493 3363 2069 3438">
    <p class='ocr_par' dir='ltr' id='par_1_64' title="bbox 493 3363 2069 3438">
     <span class='ocr_line' id='line_1_65' title="bbox 493 3363 2069 3438; baseline 0.003 -21"><span class='ocrx_word' id='word_1_431' title='bbox 493 3363 711 3433; x_wconf 88' lang='lat' dir='ltr'><strong>sepeliri</strong></span> <span class='ocrx_word' id='word_1_432' title='bbox 734 3365 917 3429; x_wconf 78' lang='lat' dir='ltr'><strong>vellet,</strong></span> <span class='ocrx_word' id='word_1_433' title='bbox 949 3365 1149 3434; x_wconf 83' lang='lat' dir='ltr'><strong>quibus</strong></span> <span class='ocrx_word' id='word_1_434' title='bbox 1183 3366 1235 3421; x_wconf 90' lang='lat' dir='ltr'><strong>id</strong></span> <span class='ocrx_word' id='word_1_435' title='bbox 1260 3366 1379 3435; x_wconf 91' lang='lat' dir='ltr'><strong>ipso</strong></span> <span class='ocrx_word' id='word_1_436' title='bbox 1410 3367 1605 3421; x_wconf 90' lang='lat' dir='ltr'><strong>mortis</strong></span> <span class='ocrx_word' id='word_1_437' title='bbox 1629 3367 1717 3421; x_wconf 91' lang='lat' dir='ltr'><strong>dic</strong></span> <span class='ocrx_word' id='word_1_438' title='bbox 1758 3384 1855 3438; x_wconf 89' lang='lat' dir='ltr'><strong>per</strong></span> <span class='ocrx_word' id='word_1_439' title='bbox 1893 3367 2069 3424; x_wconf 83' lang='lat' dir='ltr'><strong>facul-</strong></span> 
     </span>
    </p>
   </div>
   <div class='ocr_carea' id='block_1_65' title="bbox 492 3452 2069 3529">
    <p class='ocr_par' dir='ltr' id='par_1_65' title="bbox 492 3452 2069 3529">
     <span class='ocr_line' id='line_1_66' title="bbox 492 3452 2069 3529; baseline 0.005 -23"><span class='ocrx_word' id='word_1_440' title='bbox 492 3461 633 3507; x_wconf 91' lang='lat' dir='ltr'><strong>tates</strong></span> <span class='ocrx_word' id='word_1_441' title='bbox 659 3452 818 3509; x_wconf 89' lang='lat' dir='ltr'><strong>facile</strong></span> <span class='ocrx_word' id='word_1_442' title='bbox 874 3465 1040 3523; x_wconf 85' lang='lat' dir='ltr'><strong>esset,</strong></span> <span class='ocrx_word' id='word_1_443' title='bbox 1072 3456 1138 3511; x_wconf 88' lang='lat' dir='ltr'><strong>ad</strong></span> <span class='ocrx_word' id='word_1_444' title='bbox 1194 3472 1312 3512; x_wconf 88' lang='lat' dir='ltr'><strong>eam</strong></span> <span class='ocrx_word' id='word_1_445' title='bbox 1363 3457 1774 3513; x_wconf 88' lang='lat' dir='ltr'><strong>inclementiam</strong></span> <span class='ocrx_word' id='word_1_446' title='bbox 1831 3460 2069 3529; x_wconf 87' lang='lat' dir='ltr'><strong>aliquam</strong></span> 
     </span>
    </p>
   </div>
   <div class='ocr_carea' id='block_1_66' title="bbox 493 3548 2072 3619">
    <p class='ocr_par' dir='ltr' id='par_1_66' title="bbox 493 3548 2072 3619">
     <span class='ocr_line' id='line_1_67' title="bbox 493 3548 2072 3619; baseline 0.004 -17"><span class='ocrx_word' id='word_1_447' title='bbox 493 3548 580 3603; x_wconf 80' lang='lat' dir='ltr'><strong>lex</strong></span> <span class='ocrx_word' id='word_1_448' title='bbox 614 3550 959 3607; x_wconf 88' lang='lat' dir='ltr'><strong>occasionem</strong></span> <span class='ocrx_word' id='word_1_449' title='bbox 1003 3552 1248 3607; x_wconf 83' lang='lat' dir='ltr'><strong>haberet.</strong></span> <span class='ocrx_word' id='word_1_450' title='bbox 1303 3551 1506 3608; x_wconf 83' lang='lat' dir='ltr'><strong>Verum</strong></span> <span class='ocrx_word' id='word_1_451' title='bbox 1539 3570 1708 3619; x_wconf 88' lang='lat' dir='ltr'><strong>nunc,</strong></span> <span class='ocrx_word' id='word_1_452' title='bbox 1740 3569 1866 3611; x_wconf 90' lang='lat' dir='ltr'><strong>cum</strong></span> <span class='ocrx_word' id='word_1_453' title='bbox 1900 3555 2072 3609; x_wconf 90' lang='lat' dir='ltr'><strong>incle-</strong></span> 
     </span>
    </p>
   </div>
   <div class='ocr_carea' id='block_1_67' title="bbox 492 3642 2072 3717">
    <p class='ocr_par' dir='ltr' id='par_1_67' title="bbox 492 3642 2072 3717">
     <span class='ocr_line' id='line_1_68' title="bbox 492 3642 2072 3717; baseline 0.003 -23"><span class='ocrx_word' id='word_1_454' title='bbox 492 3642 697 3696; x_wconf 88' lang='lat' dir='ltr'><strong>mentia</strong></span> <span class='ocrx_word' id='word_1_455' title='bbox 726 3642 814 3696; x_wconf 89' lang='lat' dir='ltr'><strong>illa</strong></span> <span class='ocrx_word' id='word_1_456' title='bbox 841 3644 1003 3698; x_wconf 90' lang='lat' dir='ltr'><strong>simul</strong></span> <span class='ocrx_word' id='word_1_457' title='bbox 1028 3644 1095 3698; x_wconf 91' lang='lat' dir='ltr'><strong>ad</strong></span> <span class='ocrx_word' id='word_1_458' title='bbox 1124 3660 1315 3701; x_wconf 91' lang='lat' dir='ltr'><strong>omnes</strong></span> <span class='ocrx_word' id='word_1_459' title='bbox 1347 3661 1407 3701; x_wconf 89' lang='lat' dir='ltr'><strong>se</strong></span> <span class='ocrx_word' id='word_1_460' title='bbox 1470 3646 1752 3708; x_wconf 85' lang='lat' dir='ltr'><strong>extendat,</strong></span> <span class='ocrx_word' id='word_1_461' title='bbox 1794 3647 2072 3717; x_wconf 90' lang='lat' dir='ltr'><strong>quomodo</strong></span> 
     </span>
    </p>
   </div>
   <div class='ocr_carea' id='block_1_68' title="bbox 495 3732 2071 3808">
    <p class='ocr_par' dir='ltr' id='par_1_68' title="bbox 495 3732 2071 3808">
     <span class='ocr_line' id='line_1_69' title="bbox 495 3732 2071 3808; baseline 0.004 -23"><span class='ocrx_word' id='word_1_462' title='bbox 495 3747 605 3786; x_wconf 90' lang='lat' dir='ltr'><strong>non</strong></span> <span class='ocrx_word' id='word_1_463' title='bbox 633 3733 921 3788; x_wconf 87' lang='lat' dir='ltr'><strong>manifesta</strong></span> <span class='ocrx_word' id='word_1_464' title='bbox 967 3746 1056 3790; x_wconf 90' lang='lat' dir='ltr'><strong>est</strong></span> <span class='ocrx_word' id='word_1_465' title='bbox 1102 3732 1462 3790; x_wconf 29' lang='lat' dir='ltr'><strong>absurditas‘?</strong></span> <span class='ocrx_word' id='word_1_466' title='bbox 1496 3736 1774 3805; x_wconf 87' lang='lat' dir='ltr'><strong>quomodo</strong></span> <span class='ocrx_word' id='word_1_467' title='bbox 1811 3738 1981 3808; x_wconf 81' lang='lat' dir='ltr'><strong>legem</strong></span> <span class='ocrx_word' id='word_1_468' title='bbox 2016 3738 2071 3792; x_wconf 87' lang='lat' dir='ltr'><strong>in</strong></span> 
     </span>
    </p>
   </div>
   <div class='ocr_carea' id='block_1_69' title="bbox 494 3826 2065 3897">
    <p class='ocr_par' dir='ltr' id='par_1_69' title="bbox 494 3826 2065 3897">
     <span class='ocr_line' id='line_1_70' title="bbox 494 3826 2065 3897; baseline 0.006 -21"><span class='ocrx_word' id='word_1_469' title='bbox 494 3833 708 3877; x_wconf 75' lang='lat' dir='ltr'><strong>natura:</strong></span> <span class='ocrx_word' id='word_1_470' title='bbox 761 3827 1120 3894; x_wconf 86' lang='lat' dir='ltr'><strong>opprobrium</strong></span> <span class='ocrx_word' id='word_1_471' title='bbox 1176 3826 1306 3882; x_wconf 86' lang='lat' dir='ltr'><strong>ferri</strong></span> <span class='ocrx_word' id='word_1_472' title='bbox 1365 3844 1472 3881; x_wconf 91' lang='lat' dir='ltr'><strong>non</strong></span> <span class='ocrx_word' id='word_1_473' title='bbox 1526 3842 1614 3883; x_wconf 87' lang='lat' dir='ltr'><strong>est</strong></span> <span class='ocrx_word' id='word_1_474' title='bbox 1661 3828 2065 3897; x_wconf 82' lang='lat' dir='ltr'><strong>evidens?Qui</strong></span> 
     </span>
    </p>
   </div>
   <div class='ocr_carea' id='block_1_70' title="bbox 494 3915 2071 3990">
    <p class='ocr_par' dir='ltr' id='par_1_70' title="bbox 494 3915 2071 3990">
     <span class='ocr_line' id='line_1_71' title="bbox 494 3915 2071 3990; baseline 0.004 -22"><span class='ocrx_word' id='word_1_475' title='bbox 494 3915 667 3977; x_wconf 85' lang='lat' dir='ltr'><strong>enim,</strong></span> <span class='ocrx_word' id='word_1_476' title='bbox 701 3915 830 3970; x_wconf 91' lang='lat' dir='ltr'><strong>dum</strong></span> <span class='ocrx_word' id='word_1_477' title='bbox 858 3918 1036 3973; x_wconf 90' lang='lat' dir='ltr'><strong>adhuc</strong></span> <span class='ocrx_word' id='word_1_478' title='bbox 1072 3919 1339 3983; x_wconf 85' lang='lat' dir='ltr'><strong>viverent,</strong></span> <span class='ocrx_word' id='word_1_479' title='bbox 1372 3918 1563 3990; x_wconf 88' lang='lat' dir='ltr'><strong>inopes</strong></span> <span class='ocrx_word' id='word_1_480' title='bbox 1594 3922 1865 3976; x_wconf 86' lang='lat' dir='ltr'><strong>ctdcserti</strong></span> <span class='ocrx_word' id='word_1_481' title='bbox 1892 3932 2071 3988; x_wconf 88' lang='lat' dir='ltr'><strong>erant,</strong></span> 
     </span>
    </p>
   </div>
   <div class='ocr_carea' id='block_1_71' title="bbox 493 4007 2079 4078">
    <p class='ocr_par' dir='ltr' id='par_1_71' title="bbox 493 4007 2079 4078">
     <span class='ocr_line' id='line_1_72' title="bbox 493 4007 2079 4078; baseline 0.007 -21"><span class='ocrx_word' id='word_1_482' title='bbox 493 4007 769 4072; x_wconf 91' lang='lat' dir='ltr'><strong>quomodo</strong></span> <span class='ocrx_word' id='word_1_483' title='bbox 833 4008 1033 4062; x_wconf 88' lang='lat' dir='ltr'><strong>mortui</strong></span> <span class='ocrx_word' id='word_1_484' title='bbox 1078 4010 1196 4078; x_wconf 90' lang='lat' dir='ltr'><strong>ipso</strong></span> <span class='ocrx_word' id='word_1_485' title='bbox 1255 4011 1449 4066; x_wconf 86' lang='lat' dir='ltr'><strong>mortis</strong></span> <span class='ocrx_word' id='word_1_486' title='bbox 1512 4012 1599 4066; x_wconf 88' lang='lat' dir='ltr'><strong>die</strong></span> <span class='ocrx_word' id='word_1_487' title='bbox 1658 4012 2079 4068; x_wconf 72' lang='lat' dir='ltr'><strong>humahuntur‘l</strong></span> 
     </span>
    </p>
   </div>
   <div class='ocr_carea' id='block_1_72' title="bbox 495 4091 2076 4173">
    <p class='ocr_par' dir='ltr' id='par_1_72' title="bbox 495 4091 2076 4173">
     <span class='ocr_line' id='line_1_73' title="bbox 495 4091 2076 4173; baseline 0.007 -27"><span class='ocrx_word' id='word_1_488' title='bbox 495 4093 786 4158; x_wconf 80' lang='lat' dir='ltr'><strong>Quomodo</strong></span> <span class='ocrx_word' id='word_1_489' title='bbox 818 4095 967 4161; x_wconf 87' lang='lat' dir='ltr'><strong>item,</strong></span> <span class='ocrx_word' id='word_1_490' title='bbox 1003 4091 1127 4151; x_wconf 87' lang='lat' dir='ltr'><strong>cum</strong></span> <span class='ocrx_word' id='word_1_491' title='bbox 1181 4108 1406 4169; x_wconf 76' lang='lat' dir='ltr'><strong>propter</strong></span> <span class='ocrx_word' id='word_1_492' title='bbox 1467 4112 1839 4170; x_wconf 85' lang='lat' dir='ltr'><strong>paupertatem</strong></span> <span class='ocrx_word' id='word_1_493' title='bbox 1889 4104 2076 4173; x_wconf 85' lang='lat' dir='ltr'><strong>sepul-</strong></span> 
     </span>
    </p>
   </div>
   <div class='ocr_carea' id='block_1_73' title="bbox 496 4185 2072 4261">
    <p class='ocr_par' dir='ltr' id='par_1_73' title="bbox 496 4185 2072 4261">
     <span class='ocr_line' id='line_1_74' title="bbox 496 4185 2072 4261; baseline 0.009 -27"><span class='ocrx_word' id='word_1_494' title='bbox 496 4191 619 4235; x_wconf 85' lang='lat' dir='ltr'><strong>tura</strong></span> <span class='ocrx_word' id='word_1_495' title='bbox 654 4198 761 4235; x_wconf 93' lang='lat' dir='ltr'><strong>non</strong></span> <span class='ocrx_word' id='word_1_496' title='bbox 790 4185 1211 4249; x_wconf 88' lang='lat' dir='ltr'><strong>accelerabitur,</strong></span> <span class='ocrx_word' id='word_1_497' title='bbox 1252 4187 1440 4241; x_wconf 88' lang='lat' dir='ltr'><strong>multis</strong></span> <span class='ocrx_word' id='word_1_498' title='bbox 1465 4190 1658 4244; x_wconf 75' lang='lat' dir='ltr'><strong>diebus</strong></span> <span class='ocrx_word' id='word_1_499' title='bbox 1685 4190 1943 4261; x_wconf 76' lang='lat' dir='ltr'><strong>insepulti</strong></span> <span class='ocrx_word' id='word_1_500' title='bbox 1965 4208 2072 4248; x_wconf 89' lang='lat' dir='ltr'><strong>non</strong></span> 
     </span>
    </p>
   </div>
   <div class='ocr_carea' id='block_1_74' title="bbox 496 4276 2072 4352">
    <p class='ocr_par' dir='ltr' id='par_1_74' title="bbox 496 4276 2072 4352">
     <span class='ocr_line' id='line_1_75' title="bbox 496 4276 2072 4352; baseline 0.008 -25"><span class='ocrx_word' id='word_1_501' title='bbox 496 4276 810 4331; x_wconf 89' lang='lat' dir='ltr'><strong>miserabile</strong></span> <span class='ocrx_word' id='word_1_502' title='bbox 842 4277 1006 4331; x_wconf 91' lang='lat' dir='ltr'><strong>simul</strong></span> <span class='ocrx_word' id='word_1_503' title='bbox 1030 4288 1085 4332; x_wconf 90' lang='lat' dir='ltr'><strong>et</strong></span> <span class='ocrx_word' id='word_1_504' title='bbox 1129 4279 1460 4334; x_wconf 90' lang='lat' dir='ltr'><strong>horrendum</strong></span> <span class='ocrx_word' id='word_1_505' title='bbox 1520 4282 1895 4351; x_wconf 86' lang='lat' dir='ltr'><strong>spectaculum</strong></span> <span class='ocrx_word' id='word_1_506' title='bbox 1923 4282 2072 4352; x_wconf 79' lang='lat' dir='ltr'><strong>jace-</strong></span> 
     </span>
    </p>
   </div>
   <div class='ocr_carea' id='block_1_75' title="bbox 495 4368 2073 4442">
    <p class='ocr_par' dir='ltr' id='par_1_75' title="bbox 495 4368 2073 4442">
     <span class='ocr_line' id='line_1_76' title="bbox 495 4368 2073 4442; baseline 0.006 -19"><span class='ocrx_word' id='word_1_507' title='bbox 495 4368 654 4433; x_wconf 90' lang='lat' dir='ltr'><strong>hunt,</strong></span> <span class='ocrx_word' id='word_1_508' title='bbox 688 4373 1172 4442; x_wconf 84' lang='lat' dir='ltr'><strong>tabescentemquc</strong></span> <span class='ocrx_word' id='word_1_509' title='bbox 1210 4373 1491 4427; x_wconf 89' lang='lat' dir='ltr'><strong>hominum</strong></span> <span class='ocrx_word' id='word_1_510' title='bbox 1551 4382 1804 4429; x_wconf 87' lang='lat' dir='ltr'><strong>naturam</strong></span> <span class='ocrx_word' id='word_1_511' title='bbox 1835 4375 2073 4431; x_wconf 86' lang='lat' dir='ltr'><strong>dedeco-</strong></span> 
     </span>
    </p>
   </div>
   <div class='ocr_carea' id='block_1_76' title="bbox 2180 3149 3766 3232">
    <p class='ocr_par' dir='ltr' id='par_1_76' title="bbox 2180 3149 3766 3232">
     <span class='ocr_line' id='line_1_77' title="bbox 2180 3149 3766 3232; baseline -0.008 -19"><span class='ocrx_word' id='word_1_512' title='bbox 2180 3160 2287 3232; x_wconf 83' lang='grc' dir='ltr'><strong>ρῶς</strong></span> <span class='ocrx_word' id='word_1_513' title='bbox 2317 3156 2682 3212; x_wconf 76' lang='grc' dir='ltr'>ἐπιτελεῖσθαι</span> <span class='ocrx_word' id='word_1_514' title='bbox 2712 3156 2977 3224; x_wconf 78' lang='grc' dir='ltr'>πέφυκεν.</span> <span class='ocrx_word' id='word_1_515' title='bbox 3016 3152 3155 3205; x_wconf 82' lang='grc' dir='ltr'>Ἀλλ’</span> <span class='ocrx_word' id='word_1_516' title='bbox 3191 3152 3340 3222; x_wconf 80' lang='grc' dir='ltr'>ὅμως</span> <span class='ocrx_word' id='word_1_517' title='bbox 3389 3152 3439 3204; x_wconf 83' lang='grc' dir='ltr'><strong>εί</strong></span> <span class='ocrx_word' id='word_1_518' title='bbox 3464 3151 3696 3213; x_wconf 82' lang='grc' dir='ltr'>ἐκείνοις</span> <span class='ocrx_word' id='word_1_519' title='bbox 3720 3149 3766 3181; x_wconf 81' lang='grc'><strong>⁸³</strong></span> 
     </span>
    </p>
   </div>
   <div class='ocr_carea' id='block_1_77' title="bbox 2176 3236 3766 3321">
    <p class='ocr_par' dir='ltr' id='par_1_77' title="bbox 2176 3236 3766 3321">
     <span class='ocr_line' id='line_1_78' title="bbox 2176 3236 3766 3321; baseline -0.007 -17"><span class='ocrx_word' id='word_1_520' title='bbox 2176 3250 2275 3321; x_wconf 81' lang='grc' dir='ltr'>τὴν</span> <span class='ocrx_word' id='word_1_521' title='bbox 2304 3251 2479 3320; x_wconf 82' lang='grc' dir='ltr'>ταφὴν</span> <span class='ocrx_word' id='word_1_522' title='bbox 2506 3248 2742 3318; x_wconf 75' lang='grc' dir='ltr'>ἔκδημον</span> <span class='ocrx_word' id='word_1_523' title='bbox 2779 3246 2952 3299; x_wconf 74' lang='grc' dir='ltr'>ἐποίει</span> <span class='ocrx_word' id='word_1_524' title='bbox 2987 3244 3089 3313; x_wconf 86' lang='grc' dir='ltr'><strong>τῆς</strong></span> <span class='ocrx_word' id='word_1_525' title='bbox 3128 3243 3357 3305; x_wconf 83' lang='grc' dir='ltr'>πόλεως,</span> <span class='ocrx_word' id='word_1_526' title='bbox 3387 3236 3471 3304; x_wconf 74' lang='grc' dir='ltr'><strong>οἷς</strong></span> <span class='ocrx_word' id='word_1_527' title='bbox 3505 3240 3607 3295; x_wconf 82' lang='grc' dir='ltr'>οὐκ</span> <span class='ocrx_word' id='word_1_528' title='bbox 3632 3241 3766 3295; x_wconf 80' lang='grc' dir='ltr'>ἄπο-</span> 
     </span>
    </p>
   </div>
   <div class='ocr_carea' id='block_1_78' title="bbox 2180 3335 3766 3418">
    <p class='ocr_par' dir='ltr' id='par_1_78' title="bbox 2180 3335 3766 3418">
     <span class='ocr_line' id='line_1_79' title="bbox 2180 3335 3766 3418; baseline -0.008 -19"><span class='ocrx_word' id='word_1_529' title='bbox 2180 3363 2273 3418; x_wconf 86' lang='grc' dir='ltr'><strong>ρον</strong></span> <span class='ocrx_word' id='word_1_530' title='bbox 2298 3342 2614 3415; x_wconf 78' lang='grc' dir='ltr'>αὐθημερὸν</span> <span class='ocrx_word' id='word_1_531' title='bbox 2638 3341 2909 3410; x_wconf 88' lang='grc' dir='ltr'>γίνεσθαι,</span> <span class='ocrx_word' id='word_1_532' title='bbox 2932 3335 3000 3411; x_wconf 82' lang='grc' dir='ltr'><strong>ῆν</strong></span> <span class='ocrx_word' id='word_1_533' title='bbox 3020 3356 3104 3402; x_wconf 87' lang='grc' dir='ltr'><strong>τις</strong></span> <span class='ocrx_word' id='word_1_534' title='bbox 3123 3337 3349 3408; x_wconf 82' lang='grc' dir='ltr'>ἀφορμὴ</span> <span class='ocrx_word' id='word_1_535' title='bbox 3377 3335 3470 3389; x_wconf 74' lang='grc' dir='ltr'>τοῦ</span> <span class='ocrx_word' id='word_1_536' title='bbox 3496 3335 3766 3404; x_wconf 77' lang='grc' dir='ltr'>δόγματος</span> 
     </span>
    </p>
   </div>
   <div class='ocr_carea' id='block_1_79' title="bbox 2176 3429 3764 3508">
    <p class='ocr_par' dir='ltr' id='par_1_79' title="bbox 2176 3429 3764 3508">
     <span class='ocr_line' id='line_1_80' title="bbox 2176 3429 3764 3508; baseline -0.008 -17"><span class='ocrx_word' id='word_1_537' title='bbox 2176 3438 2256 3508; x_wconf 84' lang='grc' dir='ltr'>τῷ</span> <span class='ocrx_word' id='word_1_538' title='bbox 2288 3435 2623 3506; x_wconf 82' lang='grc' dir='ltr'>ἀσυμπαθεί.</span> <span class='ocrx_word' id='word_1_539' title='bbox 2670 3433 2786 3487; x_wconf 77' lang='grc' dir='ltr'><strong>Νῦν</strong></span> <span class='ocrx_word' id='word_1_540' title='bbox 2819 3432 2876 3485; x_wconf 79' lang='grc' dir='ltr'>δὲ</span> <span class='ocrx_word' id='word_1_541' title='bbox 2923 3432 3067 3485; x_wconf 84' lang='grc' dir='ltr'>κατὰ</span> <span class='ocrx_word' id='word_1_542' title='bbox 3109 3430 3327 3483; x_wconf 84' lang='grc' dir='ltr'>πάντων</span> <span class='ocrx_word' id='word_1_543' title='bbox 3348 3429 3553 3499; x_wconf 83' lang='grc' dir='ltr'>ὁμοίως</span> <span class='ocrx_word' id='word_1_544' title='bbox 3596 3443 3764 3497; x_wconf 84' lang='grc' dir='ltr'>φερο-</span> 
     </span>
    </p>
   </div>
   <div class='ocr_carea' id='block_1_80' title="bbox 2182 3518 3765 3600">
    <p class='ocr_par' dir='ltr' id='par_1_80' title="bbox 2182 3518 3765 3600">
     <span class='ocr_line' id='line_1_81' title="bbox 2182 3518 3765 3600; baseline -0.008 -18"><span class='ocrx_word' id='word_1_545' title='bbox 2182 3531 2348 3600; x_wconf 80' lang='grc' dir='ltr'>μένης</span> <span class='ocrx_word' id='word_1_546' title='bbox 2384 3528 2483 3595; x_wconf 84' lang='grc' dir='ltr'><strong>τῆς</strong></span> <span class='ocrx_word' id='word_1_547' title='bbox 2510 3524 2929 3596; x_wconf 84' lang='grc' dir='ltr'>ἁσυμπαθείας,</span> <span class='ocrx_word' id='word_1_548' title='bbox 2966 3522 3084 3584; x_wconf 83' lang='grc' dir='ltr'><strong>πῶς</strong></span> <span class='ocrx_word' id='word_1_549' title='bbox 3126 3521 3187 3574; x_wconf 77' lang='grc' dir='ltr'>οὐ</span> <span class='ocrx_word' id='word_1_550' title='bbox 3240 3518 3508 3590; x_wconf 83' lang='grc' dir='ltr'>πρόδηλον</span> <span class='ocrx_word' id='word_1_551' title='bbox 3536 3518 3597 3570; x_wconf 81' lang='grc' dir='ltr'>τὸ</span> <span class='ocrx_word' id='word_1_552' title='bbox 3639 3518 3765 3572; x_wconf 85' lang='grc' dir='ltr'>ἄτο-</span> 
     </span>
    </p>
   </div>
   <div class='ocr_carea' id='block_1_81' title="bbox 2180 3609 3761 3690">
    <p class='ocr_par' dir='ltr' id='par_1_81' title="bbox 2180 3609 3761 3690">
     <span class='ocr_line' id='line_1_82' title="bbox 2180 3609 3761 3690; baseline -0.009 -16"><span class='ocrx_word' id='word_1_553' title='bbox 2180 3640 2280 3675; x_wconf 90' lang='grc' dir='ltr'><strong>πον</strong></span> <span class='ocrx_word' id='word_1_554' title='bbox 2299 3620 2393 3673; x_wconf 71' lang='grc' dir='ltr'>καὶ</span> <span class='ocrx_word' id='word_1_555' title='bbox 2419 3620 2453 3690; x_wconf 79' lang='grc' dir='ltr'><strong>ἡ</strong></span> <span class='ocrx_word' id='word_1_556' title='bbox 2492 3618 2632 3672; x_wconf 72' lang='grc' dir='ltr'>κατὰ</span> <span class='ocrx_word' id='word_1_557' title='bbox 2664 3618 2763 3688; x_wconf 87' lang='grc' dir='ltr'><strong>τῆς</strong></span> <span class='ocrx_word' id='word_1_558' title='bbox 2787 3615 3006 3685; x_wconf 82' lang='grc' dir='ltr'>φύσεως</span> <span class='ocrx_word' id='word_1_559' title='bbox 3028 3612 3323 3683; x_wconf 83' lang='grc' dir='ltr'>νομοθεσία</span> <span class='ocrx_word' id='word_1_560' title='bbox 3364 3612 3459 3664; x_wconf 72' lang='grc' dir='ltr'>καὶ</span> <span class='ocrx_word' id='word_1_561' title='bbox 3491 3609 3722 3679; x_wconf 82' lang='grc' dir='ltr'>αξσχύνη</span> <span class='ocrx_word' id='word_1_562' title='bbox 3746 3626 3761 3675; x_wconf 85' lang='lat'><strong>;</strong></span> 
     </span>
    </p>
   </div>
   <div class='ocr_carea' id='block_1_82' title="bbox 2168 3702 3761 3783">
    <p class='ocr_par' dir='ltr' id='par_1_82' title="bbox 2168 3702 3761 3783">
     <span class='ocr_line' id='line_1_83' title="bbox 2168 3702 3761 3783; baseline 0.001 -20"><span class='ocrx_word' id='word_1_563' title='bbox 2168 3709 2254 3768; x_wconf 67' lang='grc' dir='ltr'><strong>»ὧν</strong></span> <span class='ocrx_word' id='word_1_564' title='bbox 2287 3713 2396 3783; x_wconf 84' lang='grc' dir='ltr'>γὰρ</span> <span class='ocrx_word' id='word_1_565' title='bbox 2433 3715 2514 3765; x_wconf 74' lang='grc' dir='ltr'>ἔτι</span> <span class='ocrx_word' id='word_1_566' title='bbox 2568 3710 2788 3774; x_wconf 80' lang='grc' dir='ltr'>ζώντων</span> <span class='ocrx_word' id='word_1_567' title='bbox 2827 3709 3033 3777; x_wconf 79' lang='grc' dir='ltr'>ἄπορος</span> <span class='ocrx_word' id='word_1_568' title='bbox 3077 3703 3145 3779; x_wconf 84' lang='grc' dir='ltr'>ἦν</span> <span class='ocrx_word' id='word_1_569' title='bbox 3175 3709 3203 3761; x_wconf 88' lang='grc' dir='ltr'>ὁ</span> <span class='ocrx_word' id='word_1_570' title='bbox 3240 3705 3355 3775; x_wconf 82' lang='grc' dir='ltr'>βίος</span> <span class='ocrx_word' id='word_1_571' title='bbox 3398 3706 3493 3757; x_wconf 67' lang='grc' dir='ltr'>καὶ</span> <span class='ocrx_word' id='word_1_572' title='bbox 3537 3702 3761 3773; x_wconf 71' lang='grc' dir='ltr'>ἕρημος.</span> 
     </span>
    </p>
   </div>
   <div class='ocr_carea' id='block_1_83' title="bbox 2179 3793 3765 3873">
    <p class='ocr_par' dir='ltr' id='par_1_83' title="bbox 2179 3793 3765 3873">
     <span class='ocr_line' id='line_1_84' title="bbox 2179 3793 3765 3873; baseline -0.011 -11"><span class='ocrx_word' id='word_1_573' title='bbox 2179 3809 2296 3865; x_wconf 78' lang='grc' dir='ltr'>πῶς</span> <span class='ocrx_word' id='word_1_574' title='bbox 2311 3806 2565 3868; x_wconf 86' lang='grc' dir='ltr'>θανόντες</span> <span class='ocrx_word' id='word_1_575' title='bbox 2580 3803 2959 3873; x_wconf 84' lang='grc' dir='ltr'>αὐθημερινῆς</span> <span class='ocrx_word' id='word_1_576' title='bbox 2989 3802 3170 3871; x_wconf 82' lang='grc' dir='ltr'>ταφῆς</span> <span class='ocrx_word' id='word_1_577' title='bbox 3205 3798 3572 3869; x_wconf 83' lang='grc' dir='ltr'>εὐπορήσουσι</span> <span class='ocrx_word' id='word_1_578' title='bbox 3601 3811 3617 3858; x_wconf 84' lang='grc'>;</span> <span class='ocrx_word' id='word_1_579' title='bbox 3646 3793 3765 3856; x_wconf 83' lang='grc' dir='ltr'>πῶς</span> 
     </span>
    </p>
   </div>
   <div class='ocr_carea' id='block_1_84' title="bbox 2177 3888 3765 3968">
    <p class='ocr_par' dir='ltr' id='par_1_84' title="bbox 2177 3888 3765 3968">
     <span class='ocr_line' id='line_1_85' title="bbox 2177 3888 3765 3968; baseline -0.01 -15"><span class='ocrx_word' id='word_1_580' title='bbox 2177 3901 2235 3953; x_wconf 75' lang='grc' dir='ltr'>δὲ</span> <span class='ocrx_word' id='word_1_581' title='bbox 2266 3899 2365 3968; x_wconf 85' lang='grc' dir='ltr'><strong>τῆς</strong></span> <span class='ocrx_word' id='word_1_582' title='bbox 2384 3897 2559 3966; x_wconf 84' lang='grc' dir='ltr'>ταφῆς</span> <span class='ocrx_word' id='word_1_583' title='bbox 2591 3896 2801 3964; x_wconf 83' lang='grc' dir='ltr'>ἀπόρου</span> <span class='ocrx_word' id='word_1_584' title='bbox 2828 3894 3227 3963; x_wconf 80' lang='grc' dir='ltr'>τυγχανούσης,</span> <span class='ocrx_word' id='word_1_585' title='bbox 3259 3891 3383 3961; x_wconf 79' lang='grc' dir='ltr'>οὐχὶ</span> <span class='ocrx_word' id='word_1_586' title='bbox 3406 3892 3499 3942; x_wconf 73' lang='grc' dir='ltr'><strong>ἐπὶ</strong></span> <span class='ocrx_word' id='word_1_587' title='bbox 3542 3888 3765 3958; x_wconf 85' lang='grc' dir='ltr'>συχναῖς</span> 
     </span>
    </p>
   </div>
   <div class='ocr_carea' id='block_1_85' title="bbox 2180 3980 3763 4064">
    <p class='ocr_par' dir='ltr' id='par_1_85' title="bbox 2180 3980 3763 4064">
     <span class='ocr_line' id='line_1_86' title="bbox 2180 3980 3763 4064; baseline -0.009 -19"><span class='ocrx_word' id='word_1_588' title='bbox 2180 3992 2416 4064; x_wconf 78' lang='grc' dir='ltr'>ἡμέραις</span> <span class='ocrx_word' id='word_1_589' title='bbox 2445 3989 2589 4041; x_wconf 75' lang='grc' dir='ltr'>οὕτω</span> <span class='ocrx_word' id='word_1_590' title='bbox 2628 3986 2975 4056; x_wconf 77' lang='grc' dir='ltr'>διαμένοντες</span> <span class='ocrx_word' id='word_1_591' title='bbox 3029 3983 3264 4037; x_wconf 81' lang='grc' dir='ltr'>ἐλεεινὸν</span> <span class='ocrx_word' id='word_1_592' title='bbox 3309 3981 3445 4052; x_wconf 76' lang='grc' dir='ltr'>ὁμοῦ</span> <span class='ocrx_word' id='word_1_593' title='bbox 3491 3980 3585 4033; x_wconf 78' lang='grc' dir='ltr'>καὶ</span> <span class='ocrx_word' id='word_1_594' title='bbox 3634 3996 3763 4049; x_wconf 78' lang='grc' dir='ltr'>φρι-</span> 
     </span>
    </p>
   </div>
   <div class='ocr_carea' id='block_1_86' title="bbox 2180 4072 3764 4151">
    <p class='ocr_par' dir='ltr' id='par_1_86' title="bbox 2180 4072 3764 4151">
     <span class='ocr_line' id='line_1_87' title="bbox 2180 4072 3764 4151; baseline -0.014 -9"><span class='ocrx_word' id='word_1_595' title='bbox 2180 4089 2310 4142; x_wconf 79' lang='grc' dir='ltr'>κτὸν</span> <span class='ocrx_word' id='word_1_596' title='bbox 2341 4086 2614 4139; x_wconf 85' lang='grc' dir='ltr'>κείσονται</span> <span class='ocrx_word' id='word_1_597' title='bbox 2663 4082 2843 4151; x_wconf 78' lang='grc' dir='ltr'>θέαμα</span> <span class='ocrx_word' id='word_1_598' title='bbox 2871 4080 2965 4133; x_wconf 78' lang='grc' dir='ltr'>καὶ</span> <span class='ocrx_word' id='word_1_599' title='bbox 2999 4078 3100 4149; x_wconf 77' lang='grc' dir='ltr'>τὴν</span> <span class='ocrx_word' id='word_1_600' title='bbox 3143 4074 3409 4144; x_wconf 83' lang='grc' dir='ltr'>ταπεινὴν</span> <span class='ocrx_word' id='word_1_601' title='bbox 3457 4072 3764 4141; x_wconf 83' lang='grc' dir='ltr'>ἀνθρώπων</span> 
     </span>
    </p>
   </div>
   <div class='ocr_carea' id='block_1_87' title="bbox 2181 4163 3763 4250">
    <p class='ocr_par' dir='ltr' id='par_1_87' title="bbox 2181 4163 3763 4250">
     <span class='ocr_line' id='line_1_88' title="bbox 2181 4163 3763 4250; baseline -0.013 -16"><span class='ocrx_word' id='word_1_602' title='bbox 2181 4181 2340 4250; x_wconf 80' lang='grc' dir='ltr'>φύσιν</span> <span class='ocrx_word' id='word_1_603' title='bbox 2372 4179 2720 4250; x_wconf 78' lang='grc' dir='ltr'>αἰσχύνοντες</span> <span class='ocrx_word' id='word_1_604' title='bbox 2744 4192 2759 4240; x_wconf 88' lang='grc'>;</span> <span class='ocrx_word' id='word_1_605' title='bbox 2787 4174 2955 4246; x_wconf 75' lang='grc' dir='ltr'>χωρὶς</span> <span class='ocrx_word' id='word_1_606' title='bbox 3002 4173 3060 4226; x_wconf 76' lang='grc' dir='ltr'>δὲ</span> <span class='ocrx_word' id='word_1_607' title='bbox 3089 4170 3297 4224; x_wconf 87' lang='grc' dir='ltr'>τούτων</span> <span class='ocrx_word' id='word_1_608' title='bbox 3327 4167 3451 4229; x_wconf 87' lang='grc' dir='ltr'>πῶς</span> <span class='ocrx_word' id='word_1_609' title='bbox 3485 4166 3585 4219; x_wconf 76' lang='grc' dir='ltr'>οὐκ</span> <span class='ocrx_word' id='word_1_610' title='bbox 3644 4163 3763 4216; x_wconf 80' lang='grc' dir='ltr'>ἔστι</span> 
     </span>
    </p>
   </div>
   <div class='ocr_carea' id='block_1_88' title="bbox 2180 4256 3762 4345">
    <p class='ocr_par' dir='ltr' id='par_1_88' title="bbox 2180 4256 3762 4345">
     <span class='ocr_line' id='line_1_89' title="bbox 2180 4256 3762 4345; baseline -0.011 -17"><span class='ocrx_word' id='word_1_611' title='bbox 2180 4276 2338 4345; x_wconf 85' lang='grc' dir='ltr'>δίκης</span> <span class='ocrx_word' id='word_1_612' title='bbox 2366 4272 2685 4333; x_wconf 83' lang='grc' dir='ltr'>ὑπεύθυνον,</span> <span class='ocrx_word' id='word_1_613' title='bbox 2712 4269 2881 4321; x_wconf 76' lang='grc' dir='ltr'>ἐνίοτε</span> <span class='ocrx_word' id='word_1_614' title='bbox 2910 4266 3020 4320; x_wconf 84' lang='grc' dir='ltr'>τῶν</span> <span class='ocrx_word' id='word_1_615' title='bbox 3052 4263 3437 4335; x_wconf 80' lang='grc' dir='ltr'>ὁμιλησάντων</span> <span class='ocrx_word' id='word_1_616' title='bbox 3466 4259 3546 4329; x_wconf 83' lang='grc' dir='ltr'>τῷ</span> <span class='ocrx_word' id='word_1_617' title='bbox 3597 4256 3762 4311; x_wconf 85' lang='grc' dir='ltr'>θανά-</span> 
     </span>
    </p>
   </div>
   <div class='ocr_carea' id='block_1_89' title="bbox 2179 4347 3761 4438">
    <p class='ocr_par' dir='ltr' id='par_1_89' title="bbox 2179 4347 3761 4438">
     <span class='ocr_line' id='line_1_90' title="bbox 2179 4347 3761 4438; baseline -0.013 -19"><span class='ocrx_word' id='word_1_618' title='bbox 2179 4383 2257 4438; x_wconf 85' lang='grc' dir='ltr'>τῳ</span> <span class='ocrx_word' id='word_1_619' title='bbox 2296 4364 2644 4434; x_wconf 86' lang='grc' dir='ltr'>θεραπόντων</span> <span class='ocrx_word' id='word_1_620' title='bbox 2698 4359 2834 4413; x_wconf 85' lang='grc' dir='ltr'>Θεοῦ</span> <span class='ocrx_word' id='word_1_621' title='bbox 2879 4355 3330 4429; x_wconf 78' lang='grc' dir='ltr'>χρηματιζόντων</span> <span class='ocrx_word' id='word_1_622' title='bbox 3372 4352 3465 4405; x_wconf 65' lang='grc' dir='ltr'>καὶ</span> <span class='ocrx_word' id='word_1_623' title='bbox 3496 4349 3621 4403; x_wconf 54' lang='lat' dir='ltr'><strong>{me</strong></span> <span class='ocrx_word' id='word_1_624' title='bbox 3658 4347 3761 4438; x_wconf 78' lang='grc' dir='ltr'><strong>τῆς</strong></span> 
     </span>
    </p>
   </div>
   <div class='ocr_carea' id='block_1_90' title="bbox 492 4436 2068 4528">
    <p class='ocr_par' dir='ltr' id='par_1_90' title="bbox 492 4436 2068 4528">
     <span class='ocr_line' id='line_1_91' title="bbox 492 4436 2068 4528; baseline 0.004 -14"><span class='ocrx_word' id='word_1_625' title='bbox 492 4462 725 4515; x_wconf 78' lang='lat' dir='ltr'><strong>rabunt?</strong></span> <span class='ocrx_word' id='word_1_626' title='bbox 753 4462 920 4517; x_wconf 86' lang='lat' dir='ltr'><strong>Extra</strong></span> <span class='ocrx_word' id='word_1_627' title='bbox 956 4436 1297 4528; x_wconf 44' lang='lat' dir='ltr'><strong>haec-autem,</strong></span> <span class='ocrx_word' id='word_1_628' title='bbox 1358 4480 1481 4518; x_wconf 90' lang='lat' dir='ltr'><strong>cum</strong></span> <span class='ocrx_word' id='word_1_629' title='bbox 1540 4466 1736 4521; x_wconf 91' lang='lat' dir='ltr'><strong>mortui</strong></span> <span class='ocrx_word' id='word_1_630' title='bbox 1800 4467 2068 4521; x_wconf 89' lang='lat' dir='ltr'><strong>interdum</strong></span> 
     </span>
    </p>
   </div>
   <div class='ocr_carea' id='block_1_91' title="bbox 2175 4436 3761 4528">
    <p class='ocr_par' dir='ltr' id='par_1_91' title="bbox 2182 4436 3761 4527">
     <span class='ocr_line' id='line_1_92' title="bbox 2182 4436 3761 4527; baseline -0.015 -14"><span class='ocrx_word' id='word_1_631' title='bbox 2182 4436 2296 4515; x_wconf 81' lang='grc' dir='ltr'>ἄνω</span> <span class='ocrx_word' id='word_1_632' title='bbox 2317 4458 2473 4527; x_wconf 83' lang='grc' dir='ltr'>δόξης</span> <span class='ocrx_word' id='word_1_633' title='bbox 2498 4452 2910 4527; x_wconf 79' lang='grc' dir='ltr'>περιεπομένων</span> <span class='ocrx_word' id='word_1_634' title='bbox 2935 4446 3196 4522; x_wconf 74' lang='grc' dir='ltr'>ὲρρίφθαι</span> <span class='ocrx_word' id='word_1_635' title='bbox 3237 4442 3446 4499; x_wconf 66' lang='grc' dir='ltr'>αύτῶψ</span> <span class='ocrx_word' id='word_1_636' title='bbox 3469 4441 3678 4510; x_wconf 72' lang='grc' dir='ltr'>ἄταφον</span> <span class='ocrx_word' id='word_1_637' title='bbox 3700 4436 3761 4490; x_wconf 83' lang='grc' dir='ltr'>τὸ</span> 
     </span>
    </p>
   </div>
   <div class='ocr_carea' id='block_1_92' title="bbox 494 4553 2060 4629">
    <p class='ocr_par' dir='ltr' id='par_1_92' title="bbox 494 4553 2060 4629">
     <span class='ocr_line' id='line_1_93' title="bbox 494 4553 2060 4629; baseline 0.004 -22"><span class='ocrx_word' id='word_1_638' title='bbox 494 4553 796 4608; x_wconf 82' lang='lat' dir='ltr'><strong>famuliDei</strong></span> <span class='ocrx_word' id='word_1_639' title='bbox 828 4557 1188 4626; x_wconf 84' lang='lat' dir='ltr'><strong>appellentur,</strong></span> <span class='ocrx_word' id='word_1_640' title='bbox 1230 4565 1558 4629; x_wconf 87' lang='lat' dir='ltr'><strong>propterque</strong></span> <span class='ocrx_word' id='word_1_641' title='bbox 1620 4560 1901 4614; x_wconf 74' lang='lat' dir='ltr'><strong>caelestem</strong></span> <span class='ocrx_word' id='word_1_642' title='bbox 1941 4559 2060 4628; x_wconf 86' lang='lat' dir='ltr'><strong>glo-</strong></span> 
     </span>
    </p>
   </div>
   <div class='ocr_carea' id='block_1_93' title="bbox 2182 4554 2378 4624">
    <p class='ocr_par' dir='ltr' id='par_1_93' title="bbox 2182 4554 2378 4624">
     <span class='ocr_line' id='line_1_94' title="bbox 2182 4554 2378 4624; baseline -0.005 -17"><span class='ocrx_word' id='word_1_643' title='bbox 2182 4554 2378 4624; x_wconf 83' lang='grc' dir='ltr'>σῶμα;</span> 
     </span>
    </p>
   </div>
   <div class='ocr_carea' id='block_1_94' title="bbox 493 4628 3758 4722">
    <p class='ocr_par' dir='ltr' id='par_1_94' title="bbox 493 4628 3758 4722">
     <span class='ocr_line' id='line_1_95' title="bbox 493 4628 3758 4722; baseline -0.009 -17"><span class='ocrx_word' id='word_1_644' title='bbox 493 4648 631 4705; x_wconf 88' lang='lat' dir='ltr'><strong>riam</strong></span> <span class='ocrx_word' id='word_1_645' title='bbox 657 4649 925 4716; x_wconf 90' lang='lat' dir='ltr'><strong>colantur,</strong></span> <span class='ocrx_word' id='word_1_646' title='bbox 961 4650 1203 4720; x_wconf 89' lang='lat' dir='ltr'><strong>ipsorum</strong></span> <span class='ocrx_word' id='word_1_647' title='bbox 1252 4628 1487 4720; x_wconf 82' lang='lat' dir='ltr'><strong>corpora</strong></span> <span class='ocrx_word' id='word_1_648' title='bbox 1526 4650 1809 4707; x_wconf 86' lang='lat' dir='ltr'><strong>inhumata</strong></span> <span class='ocrx_word' id='word_1_649' title='bbox 1851 4652 2038 4722; x_wconf 86' lang='lat' dir='ltr'><strong>abjici,</strong></span> <span class='ocrx_word' id='word_1_650' title='bbox 2067 4647 2344 4720; x_wconf 89' lang='lat' dir='ltr'><strong>quomodo</strong></span> <span class='ocrx_word' id='word_1_651' title='bbox 2384 4643 2437 4699; x_wconf 85' lang='lat' dir='ltr'><strong>id</strong></span> <span class='ocrx_word' id='word_1_652' title='bbox 2480 4656 2610 4698; x_wconf 90' lang='lat' dir='ltr'><strong>vero</strong></span> <span class='ocrx_word' id='word_1_653' title='bbox 2678 4637 2975 4710; x_wconf 83' lang='lat' dir='ltr'><strong>expiatioui</strong></span> <span class='ocrx_word' id='word_1_654' title='bbox 3039 4634 3206 4690; x_wconf 89' lang='lat' dir='ltr'><strong>etiam</strong></span> <span class='ocrx_word' id='word_1_655' title='bbox 3273 4628 3574 4687; x_wconf 79' lang='lat' dir='ltr'><strong>obnoxium</strong></span> <span class='ocrx_word' id='word_1_656' title='bbox 3647 4639 3758 4679; x_wconf 88' lang='lat' dir='ltr'><strong>non</strong></span> 
     </span>
    </p>
   </div>
   <div class='ocr_carea' id='block_1_95' title="bbox 489 4742 613 4795">
    <p class='ocr_par' dir='ltr' id='par_1_95' title="bbox 489 4742 613 4795">
     <span class='ocr_line' id='line_1_96' title="bbox 489 4742 613 4795; baseline -0.016 0"><span class='ocrx_word' id='word_1_657' title='bbox 489 4754 574 4795; x_wconf 78' lang='lat' dir='ltr'><strong>est</strong></span> <span class='ocrx_word' id='word_1_658' title='bbox 588 4742 613 4793; x_wconf 64' lang='grc'><strong><em>2</em></strong></span> 
     </span>
    </p>
   </div>
   <div class='ocr_carea' id='block_1_96' title="bbox 566 4830 2063 4904">
    <p class='ocr_par' dir='ltr' id='par_1_96' title="bbox 566 4830 2063 4904">
     <span class='ocr_line' id='line_1_97' title="bbox 566 4830 2063 4904; baseline 0.004 -21"><span class='ocrx_word' id='word_1_659' title='bbox 566 4830 755 4902; x_wconf 80' lang='lat' dir='ltr'><strong>Neque</strong></span> <span class='ocrx_word' id='word_1_660' title='bbox 786 4834 950 4904; x_wconf 79' lang='lat' dir='ltr'><strong>igitur</strong></span> <span class='ocrx_word' id='word_1_661' title='bbox 978 4835 1091 4887; x_wconf 93' lang='lat' dir='ltr'><strong>ullo</strong></span> <span class='ocrx_word' id='word_1_662' title='bbox 1132 4834 1294 4887; x_wconf 90' lang='lat' dir='ltr'><strong>modo</strong></span> <span class='ocrx_word' id='word_1_663' title='bbox 1350 4834 1490 4888; x_wconf 83' lang='lat' dir='ltr'><strong>inter</strong></span> <span class='ocrx_word' id='word_1_664' title='bbox 1544 4832 1734 4887; x_wconf 85' lang='lat' dir='ltr'><strong>civiles</strong></span> <span class='ocrx_word' id='word_1_665' title='bbox 1770 4833 1917 4904; x_wconf 82' lang='lat' dir='ltr'><strong>leges</strong></span> <span class='ocrx_word' id='word_1_666' title='bbox 1949 4834 2063 4889; x_wconf 66' lang='lat' dir='ltr'><strong>haec</strong></span> 
     </span>
    </p>
   </div>
   <div class='ocr_carea' id='block_1_97' title="bbox 2238 4814 3757 4898">
    <p class='ocr_par' dir='ltr' id='par_1_97' title="bbox 2238 4814 3757 4898">
     <span class='ocr_line' id='line_1_98' title="bbox 2238 4814 3757 4898; baseline -0.014 -14"><span class='ocrx_word' id='word_1_667' title='bbox 2238 4825 2501 4898; x_wconf 72' lang='grc' dir='ltr'>Οὐδαμῶς</span> <span class='ocrx_word' id='word_1_668' title='bbox 2529 4822 2623 4878; x_wconf 79' lang='grc' dir='ltr'>οὖν</span> <span class='ocrx_word' id='word_1_669' title='bbox 2652 4823 2861 4898; x_wconf 78' lang='grc' dir='ltr'>νόμοις</span> <span class='ocrx_word' id='word_1_670' title='bbox 2884 4821 2982 4892; x_wconf 89' lang='grc' dir='ltr'><strong>τῆς</strong></span> <span class='ocrx_word' id='word_1_671' title='bbox 3012 4819 3170 4889; x_wconf 81' lang='grc' dir='ltr'>ἡμῶν</span> <span class='ocrx_word' id='word_1_672' title='bbox 3206 4814 3490 4877; x_wconf 83' lang='grc' dir='ltr'>πολιτείας</span> <span class='ocrx_word' id='word_1_673' title='bbox 3539 4828 3757 4880; x_wconf 82' lang='grc' dir='ltr'>συγκα-</span> 
     </span>
    </p>
   </div>
   <div class='ocr_carea' id='block_1_98' title="bbox 498 4896 2068 4994">
    <p class='ocr_par' dir='ltr' id='par_1_98' title="bbox 498 4921 2068 4994">
     <span class='ocr_line' id='line_1_99' title="bbox 498 4921 2068 4994; baseline 0.001 -19"><span class='ocrx_word' id='word_1_674' title='bbox 498 4921 582 4975; x_wconf 81' lang='lat' dir='ltr'><strong>lex</strong></span> <span class='ocrx_word' id='word_1_675' title='bbox 614 4923 1325 4989; x_wconf 74' lang='lat' dir='ltr'><strong>recensentur,sancimus:</strong></span> <span class='ocrx_word' id='word_1_676' title='bbox 1352 4923 1484 4993; x_wconf 89' lang='lat' dir='ltr'><strong>quin</strong></span> <span class='ocrx_word' id='word_1_677' title='bbox 1540 4926 1748 4994; x_wconf 89' lang='lat' dir='ltr'><strong>potius,</strong></span> <span class='ocrx_word' id='word_1_678' title='bbox 1783 4932 1844 4977; x_wconf 91' lang='lat' dir='ltr'><strong>ut</strong></span> <span class='ocrx_word' id='word_1_679' title='bbox 1873 4938 1903 4977; x_wconf 87' lang='lat' dir='ltr'><strong>a</strong></span> <span class='ocrx_word' id='word_1_680' title='bbox 1933 4938 2068 4977; x_wconf 92' lang='lat' dir='ltr'><strong>con-</strong></span> 
     </span>
    </p>
   </div>
   <div class='ocr_carea' id='block_1_99' title="bbox 2175 4896 3762 4994">
    <p class='ocr_par' dir='ltr' id='par_1_99' title="bbox 2175 4896 3762 4988">
     <span class='ocr_line' id='line_1_100' title="bbox 2175 4896 3762 4988; baseline -0.014 -13"><span class='ocrx_word' id='word_1_681' title='bbox 2175 4896 2497 4988; x_wconf 76' lang='grc' dir='ltr'>ταλὲγεσθαι</span> <span class='ocrx_word' id='word_1_682' title='bbox 2543 4914 2730 4970; x_wconf 81' lang='grc' dir='ltr'>τοῦτον</span> <span class='ocrx_word' id='word_1_683' title='bbox 2776 4896 2868 4968; x_wconf 60' lang='lat' dir='ltr'><strong>abii</strong></span> <span class='ocrx_word' id='word_1_684' title='bbox 2901 4913 3067 4981; x_wconf 88' lang='grc' dir='ltr'>νόμον</span> <span class='ocrx_word' id='word_1_685' title='bbox 3098 4908 3467 4977; x_wconf 69' lang='grc' dir='ltr'>θεσπίζομεν,</span> <span class='ocrx_word' id='word_1_686' title='bbox 3497 4904 3615 4959; x_wconf 79' lang='grc' dir='ltr'>ἀλλ’</span> <span class='ocrx_word' id='word_1_687' title='bbox 3651 4901 3762 4954; x_wconf 82' lang='grc' dir='ltr'><strong>ὦσ-</strong></span> 
     </span>
    </p>
   </div>
   <div class='ocr_carea' id='block_1_100' title="bbox 1770 5052 2465 5111">
    <p class='ocr_par' dir='ltr' id='par_1_100' title="bbox 1770 5052 2465 5111">
     <span class='ocr_line' id='line_1_101' title="bbox 1770 5052 2465 5111; baseline 0.006 -4"><span class='ocrx_word' id='word_1_688' title='bbox 1770 5052 2009 5108; x_wconf 69' lang='grc' dir='ltr'><strong>ἾΑΒΙΑΞ</strong></span> <span class='ocrx_word' id='word_1_689' title='bbox 2052 5053 2465 5111; x_wconf 82' lang='lat' dir='ltr'><strong>LECTIONES.</strong></span> 
     </span>
    </p>
   </div>
   <div class='ocr_carea' id='block_1_101' title="bbox 564 5150 1334 5223">
    <p class='ocr_par' dir='ltr' id='par_1_101' title="bbox 564 5150 1334 5223">
     <span class='ocr_line' id='line_1_102' title="bbox 564 5150 1334 5223; baseline -0.003 -15"><span class='ocrx_word' id='word_1_690' title='bbox 564 5154 611 5187; x_wconf 80' lang='lat'><strong>&quot;</strong></span> <span class='ocrx_word' id='word_1_691' title='bbox 664 5151 899 5223; x_wconf 79' lang='lat' dir='ltr'><strong>Scrimg.</strong></span> <span class='ocrx_word' id='word_1_692' title='bbox 951 5150 1334 5223; x_wconf 72' lang='grc' dir='ltr'>παραγίνεται..</span> 
     </span>
    </p>
   </div>
   <div class='ocr_carea' id='block_1_102' title="bbox 1432 5142 3762 5222">
    <p class='ocr_par' dir='ltr' id='par_1_102' title="bbox 1432 5142 3762 5222">
     <span class='ocr_line' id='line_1_103' title="bbox 1432 5142 3762 5222; baseline -0.004 -17"><span class='ocrx_word' id='word_1_693' title='bbox 1432 5148 1477 5222; x_wconf 64' lang='grc'>⁸7</span> <span class='ocrx_word' id='word_1_694' title='bbox 1505 5149 1739 5221; x_wconf 76' lang='lat' dir='ltr'><strong>Scrimg.</strong></span> <span class='ocrx_word' id='word_1_695' title='bbox 1780 5150 1875 5222; x_wconf 65' lang='grc' dir='ltr'><strong>τοῦ</strong></span> <span class='ocrx_word' id='word_1_696' title='bbox 1902 5148 2007 5222; x_wconf 77' lang='grc' dir='ltr'><strong>ἔξω</strong></span> <span class='ocrx_word' id='word_1_697' title='bbox 2047 5168 2199 5222; x_wconf 89' lang='grc' dir='ltr'>κειμ.</span> <span class='ocrx_word' id='word_1_698' title='bbox 2259 5150 2635 5222; x_wconf 77' lang='lat' dir='ltr'><strong>Emendarunt</strong></span> <span class='ocrx_word' id='word_1_699' title='bbox 2664 5148 2860 5222; x_wconf 64' lang='lat' dir='ltr'><strong>Steph.</strong></span> <span class='ocrx_word' id='word_1_700' title='bbox 2895 5157 2950 5203; x_wconf 92' lang='lat' dir='ltr'><strong>et</strong></span> <span class='ocrx_word' id='word_1_701' title='bbox 2990 5146 3146 5218; x_wconf 80' lang='lat' dir='ltr'><strong>Agyl.</strong></span> <span class='ocrx_word' id='word_1_702' title='bbox 3176 5145 3215 5200; x_wconf 76' lang='grc' dir='ltr'><strong>ἃ.</strong></span> <span class='ocrx_word' id='word_1_703' title='bbox 3243 5145 3338 5198; x_wconf 64' lang='grc' dir='ltr'><strong>ἐπὶ</strong></span> <span class='ocrx_word' id='word_1_704' title='bbox 3379 5143 3474 5198; x_wconf 81' lang='grc' dir='ltr'><strong>τοῦ</strong></span> <span class='ocrx_word' id='word_1_705' title='bbox 3504 5142 3612 5209; x_wconf 75' lang='grc' dir='ltr'><strong>ἔξω</strong></span> <span class='ocrx_word' id='word_1_706' title='bbox 3644 5160 3762 5198; x_wconf 86' lang='grc' dir='ltr'>κει-</span> 
     </span>
    </p>
   </div>
   <div class='ocr_carea' id='block_1_103' title="bbox 501 5218 3007 5294">
    <p class='ocr_par' dir='ltr' id='par_1_103' title="bbox 501 5218 3007 5294">
     <span class='ocr_line' id='line_1_104' title="bbox 501 5218 3007 5294; baseline -0.002 -17"><span class='ocrx_word' id='word_1_707' title='bbox 501 5224 686 5294; x_wconf 77' lang='grc' dir='ltr'>μένου,</span> <span class='ocrx_word' id='word_1_708' title='bbox 711 5218 1048 5294; x_wconf 51' lang='grc' dir='ltr'>δρυιῖεωώᾙ</span> <span class='ocrx_word' id='word_1_709' title='bbox 1090 5218 1169 5286; x_wconf 78' lang='grc' dir='ltr'><strong>οἷς</strong></span> <span class='ocrx_word' id='word_1_710' title='bbox 1201 5221 1343 5292; x_wconf 84' lang='grc' dir='ltr'>μέγα</span> <span class='ocrx_word' id='word_1_711' title='bbox 1376 5221 1485 5275; x_wconf 69' lang='lat' dir='ltr'><strong>stat</strong></span> <span class='ocrx_word' id='word_1_712' title='bbox 1518 5218 1734 5292; x_wconf 78' lang='grc' dir='ltr'>παοαμ.</span> <span class='ocrx_word' id='word_1_713' title='bbox 1760 5230 1814 5276; x_wconf 87' lang='lat' dir='ltr'><strong>ct</strong></span> <span class='ocrx_word' id='word_1_714' title='bbox 1838 5220 1875 5274; x_wconf 76' lang='grc' dir='ltr'><strong>ἃ.</strong></span> <span class='ocrx_word' id='word_1_715' title='bbox 1900 5220 2004 5286; x_wconf 78' lang='grc' dir='ltr'><strong>ἔξω</strong></span> <span class='ocrx_word' id='word_1_716' title='bbox 2040 5218 2320 5292; x_wconf 79' lang='grc' dir='ltr'>κειμένου.</span> <span class='ocrx_word' id='word_1_717' title='bbox 2396 5222 2441 5255; x_wconf 82' lang='grc'><strong>⁸⁸</strong></span> <span class='ocrx_word' id='word_1_718' title='bbox 2476 5221 2711 5291; x_wconf 78' lang='lat' dir='ltr'><strong>Scrimg.</strong></span> <span class='ocrx_word' id='word_1_719' title='bbox 2744 5218 3007 5282; x_wconf 68' lang='grc' dir='ltr'>ἐκείνους.</span> 
     </span>
    </p>
   </div>
   <div class='ocr_carea' id='block_1_104' title="bbox 2009 5335 2246 5395">
    <p class='ocr_par' dir='ltr' id='par_1_104' title="bbox 2009 5335 2246 5395">
     <span class='ocr_line' id='line_1_105' title="bbox 2009 5335 2246 5395; baseline 0.008 -2"><span class='ocrx_word' id='word_1_720' title='bbox 2009 5335 2246 5395; x_wconf 64' lang='lat' dir='ltr'><strong>NOTAE.</strong></span> 
     </span>
    </p>
   </div>
   <div class='ocr_carea' id='block_1_105' title="bbox 573 5427 2073 5514">
    <p class='ocr_par' dir='ltr' id='par_1_105' title="bbox 573 5427 2073 5514">
     <span class='ocr_line' id='line_1_106' title="bbox 573 5427 2073 5514; baseline -0.002 -28"><span class='ocrx_word' id='word_1_721' title='bbox 573 5432 687 5514; x_wconf 52' lang='lat'><strong>(5})</strong></span> <span class='ocrx_word' id='word_1_722' title='bbox 705 5433 899 5514; x_wconf 40' lang='lat' dir='ltr'><strong>‘Ptenaz</strong></span> <span class='ocrx_word' id='word_1_723' title='bbox 922 5448 1098 5505; x_wconf 82' lang='lat' dir='ltr'><strong>genus</strong></span> <span class='ocrx_word' id='word_1_724' title='bbox 1128 5432 1385 5496; x_wconf 86' lang='lat' dir='ltr'><strong>observa,</strong></span> <span class='ocrx_word' id='word_1_725' title='bbox 1419 5431 1508 5487; x_wconf 91' lang='lat' dir='ltr'><strong>cui</strong></span> <span class='ocrx_word' id='word_1_726' title='bbox 1537 5429 1715 5487; x_wconf 87' lang='lat' dir='ltr'><strong>simile</strong></span> <span class='ocrx_word' id='word_1_727' title='bbox 1735 5438 1822 5487; x_wconf 86' lang='lat' dir='ltr'><strong>est</strong></span> <span class='ocrx_word' id='word_1_728' title='bbox 1855 5428 1911 5487; x_wconf 93' lang='lat' dir='ltr'><strong>in</strong></span> <span class='ocrx_word' id='word_1_729' title='bbox 1933 5427 2073 5485; x_wconf 78' lang='lat' dir='ltr'><strong>Nov.</strong></span> 
     </span>
    </p>
   </div>
   <div class='ocr_carea' id='block_1_106' title="bbox 502 5503 2072 5643">
    <p class='ocr_par' dir='ltr' id='par_1_106' title="bbox 502 5503 2072 5643">
     <span class='ocr_line' id='line_1_107' title="bbox 502 5503 2072 5643; baseline 0 -18"><span class='ocrx_word' id='word_1_730' title='bbox 502 5503 967 5643; x_wconf 62' lang='lat' dir='ltr'><strong>58Z$§)ﬁ§épetsre</strong></span> <span class='ocrx_word' id='word_1_731' title='bbox 996 5573 1160 5628; x_wconf 86' lang='lat' dir='ltr'><strong>etiam</strong></span> <span class='ocrx_word' id='word_1_732' title='bbox 1204 5572 1263 5643; x_wconf 79' lang='lat' dir='ltr'><strong>in</strong></span> <span class='ocrx_word' id='word_1_733' title='bbox 1288 5571 1620 5643; x_wconf 66' lang='lat' dir='ltr'><strong>civitatibus</strong></span> <span class='ocrx_word' id='word_1_734' title='bbox 1651 5578 1898 5643; x_wconf 83' lang='lat' dir='ltr'><strong>mortuos</strong></span> <span class='ocrx_word' id='word_1_735' title='bbox 1925 5569 2072 5643; x_wconf 86' lang='lat' dir='ltr'><strong>licet,</strong></span> 
     </span>
    </p>
   </div>
   <div class='ocr_carea' id='block_1_107' title="bbox 503 5640 2066 5713">
    <p class='ocr_par' dir='ltr' id='par_1_107' title="bbox 503 5640 2066 5713">
     <span class='ocr_line' id='line_1_108' title="bbox 503 5640 2066 5713; baseline 0.002 -21"><span class='ocrx_word' id='word_1_736' title='bbox 503 5650 560 5713; x_wconf 85' lang='lat' dir='ltr'><strong>et</strong></span> <span class='ocrx_word' id='word_1_737' title='bbox 582 5640 677 5713; x_wconf 76' lang='lat' dir='ltr'><strong>ita</strong></span> <span class='ocrx_word' id='word_1_738' title='bbox 695 5640 990 5713; x_wconf 73' lang='lat' dir='ltr'><strong>abrogatur</strong></span> <span class='ocrx_word' id='word_1_739' title='bbox 1024 5643 1105 5696; x_wconf 85' lang='lat' dir='ltr'><strong>lex</strong></span> <span class='ocrx_word' id='word_1_740' title='bbox 1138 5640 1250 5713; x_wconf 78' lang='lat'><strong>3,§</strong></span> <span class='ocrx_word' id='word_1_741' title='bbox 1279 5641 1333 5707; x_wconf 73' lang='lat'><strong>&#39;7,</strong></span> <span class='ocrx_word' id='word_1_742' title='bbox 1371 5641 1429 5696; x_wconf 76' lang='grc'><strong>11⁵.</strong></span> <span class='ocrx_word' id='word_1_743' title='bbox 1454 5641 1532 5713; x_wconf 85' lang='lat' dir='ltr'><strong>De</strong></span> <span class='ocrx_word' id='word_1_744' title='bbox 1567 5642 1827 5713; x_wconf 77' lang='lat' dir='ltr'><strong>sepulcro</strong></span> <span class='ocrx_word' id='word_1_745' title='bbox 1846 5640 2066 5695; x_wconf 87' lang='lat' dir='ltr'><strong>violato.</strong></span> 
     </span>
    </p>
   </div>
   <div class='ocr_carea' id='block_1_108' title="bbox 508 5710 2072 5780">
    <p class='ocr_par' dir='ltr' id='par_1_108' title="bbox 508 5710 2072 5780">
     <span class='ocr_line' id='line_1_109' title="bbox 508 5710 2072 5780; baseline -0.002 -15"><span class='ocrx_word' id='word_1_746' title='bbox 508 5711 547 5773; x_wconf 89' lang='lat' dir='ltr'><strong>l.</strong></span> <span class='ocrx_word' id='word_1_747' title='bbox 574 5710 662 5776; x_wconf 71' lang='lat'><strong>12,</strong></span> <span class='ocrx_word' id='word_1_748' title='bbox 698 5712 760 5767; x_wconf 87' lang='lat' dir='ltr'><strong>C.</strong></span> <span class='ocrx_word' id='word_1_749' title='bbox 806 5710 878 5767; x_wconf 71' lang='lat' dir='ltr'><strong>De</strong></span> <span class='ocrx_word' id='word_1_750' title='bbox 908 5713 1178 5779; x_wconf 71' lang='lat' dir='ltr'><strong>religiosis</strong></span> <span class='ocrx_word' id='word_1_751' title='bbox 1199 5710 1241 5766; x_wconf 71' lang='lat' dir='ltr'><strong>l.</strong></span> <span class='ocrx_word' id='word_1_752' title='bbox 1264 5713 1318 5779; x_wconf 82' lang='grc'><strong>6,</strong></span> <span class='ocrx_word' id='word_1_753' title='bbox 1346 5715 1409 5767; x_wconf 75' lang='grc' dir='ltr'><strong>υ.</strong></span> <span class='ocrx_word' id='word_1_754' title='bbox 1433 5712 1535 5765; x_wconf 88' lang='lat' dir='ltr'><strong>Th.</strong></span> <span class='ocrx_word' id='word_1_755' title='bbox 1565 5710 1636 5766; x_wconf 89' lang='lat' dir='ltr'><strong>De</strong></span> <span class='ocrx_word' id='word_1_756' title='bbox 1682 5711 1933 5780; x_wconf 86' lang='lat' dir='ltr'><strong>sepulcro</strong></span> <span class='ocrx_word' id='word_1_757' title='bbox 1957 5713 2072 5763; x_wconf 86' lang='lat' dir='ltr'><strong>vio-</strong></span> 
     </span>
    </p>
   </div>
   <div class='ocr_carea' id='block_1_109' title="bbox 2185 5421 3763 5505">
    <p class='ocr_par' dir='ltr' id='par_1_109' title="bbox 2185 5421 3763 5505">
     <span class='ocr_line' id='line_1_110' title="bbox 2185 5421 3763 5505; baseline -0.006 -20"><span class='ocrx_word' id='word_1_758' title='bbox 2185 5431 2332 5505; x_wconf 90' lang='lat' dir='ltr'><strong>lato:</strong></span> <span class='ocrx_word' id='word_1_759' title='bbox 2370 5430 2522 5487; x_wconf 85' lang='lat' dir='ltr'><strong>Paul.</strong></span> <span class='ocrx_word' id='word_1_760' title='bbox 2550 5429 2603 5493; x_wconf 84' lang='grc'>1,</span> <span class='ocrx_word' id='word_1_761' title='bbox 2633 5436 2776 5485; x_wconf 80' lang='lat' dir='ltr'><strong>sent.</strong></span> <span class='ocrx_word' id='word_1_762' title='bbox 2804 5426 2895 5505; x_wconf 69' lang='grc' dir='ltr'><strong>ει,</strong></span> <span class='ocrx_word' id='word_1_763' title='bbox 2924 5427 2952 5500; x_wconf 81' lang='lat'><strong>§</strong></span> <span class='ocrx_word' id='word_1_764' title='bbox 2992 5426 3046 5505; x_wconf 75' lang='lat'><strong>2,</strong></span> <span class='ocrx_word' id='word_1_765' title='bbox 3103 5436 3159 5481; x_wconf 90' lang='lat' dir='ltr'><strong>et</strong></span> <span class='ocrx_word' id='word_1_766' title='bbox 3190 5427 3242 5480; x_wconf 74' lang='lat' dir='ltr'><strong>is;</strong></span> <span class='ocrx_word' id='word_1_767' title='bbox 3267 5421 3763 5505; x_wconf 36' lang='lat' dir='ltr'><strong>locusLCieeronis,</strong></span> 
     </span>
    </p>
   </div>
   <div class='ocr_carea' id='block_1_110' title="bbox 2183 5492 3757 5567">
    <p class='ocr_par' dir='ltr' id='par_1_110' title="bbox 2183 5492 3757 5567">
     <span class='ocr_line' id='line_1_111' title="bbox 2183 5492 3757 5567; baseline -0.007 -11"><span class='ocrx_word' id='word_1_768' title='bbox 2183 5504 2460 5557; x_wconf 89' lang='lat' dir='ltr'><strong>hominem</strong></span> <span class='ocrx_word' id='word_1_769' title='bbox 2517 5509 2796 5554; x_wconf 87' lang='lat' dir='ltr'><strong>mortuum</strong></span> <span class='ocrx_word' id='word_1_770' title='bbox 2855 5492 3096 5553; x_wconf 63' lang='lat' dir='ltr'><strong>in&#39;nrbe</strong></span> <span class='ocrx_word' id='word_1_771' title='bbox 3141 5512 3210 5553; x_wconf 89' lang='lat' dir='ltr'><strong>ne</strong></span> <span class='ocrx_word' id='word_1_772' title='bbox 3262 5494 3516 5567; x_wconf 84' lang='lat' dir='ltr'><strong>sepelito,</strong></span> <span class='ocrx_word' id='word_1_773' title='bbox 3546 5492 3614 5547; x_wconf 84' lang='lat' dir='ltr'><strong>de</strong></span> <span class='ocrx_word' id='word_1_774' title='bbox 3642 5506 3757 5563; x_wconf 88' lang='lat' dir='ltr'><strong>quo</strong></span> 
     </span>
    </p>
   </div>
   <div class='ocr_carea' id='block_1_111' title="bbox 2179 5568 3118 5641">
    <p class='ocr_par' dir='ltr' id='par_1_111' title="bbox 2179 5568 3118 5641">
     <span class='ocr_line' id='line_1_112' title="bbox 2179 5568 3118 5641; baseline -0.007 -13"><span class='ocrx_word' id='word_1_775' title='bbox 2179 5574 2292 5629; x_wconf 88' lang='lat' dir='ltr'><strong>dixi</strong></span> <span class='ocrx_word' id='word_1_776' title='bbox 2330 5573 2587 5641; x_wconf 37' lang='lat' dir='ltr'><strong>aduleges</strong></span> <span class='ocrx_word' id='word_1_777' title='bbox 2618 5569 2709 5623; x_wconf 82' lang='grc' dir='ltr'><strong>ΧΙΙ</strong></span> <span class='ocrx_word' id='word_1_778' title='bbox 2767 5568 3118 5641; x_wconf 81' lang='lat' dir='ltr'><strong>tabularum.</strong></span> 
     </span>
    </p>
   </div>
   <div class='ocr_carea' id='block_1_112' title="bbox 2252 5639 2923 5714">
    <p class='ocr_par' dir='ltr' id='par_1_112' title="bbox 2252 5639 2923 5714">
     <span class='ocr_line' id='line_1_113' title="bbox 2252 5639 2923 5714; baseline -0.006 -17"><span class='ocrx_word' id='word_1_779' title='bbox 2252 5641 2367 5714; x_wconf 71' lang='grc' dir='ltr'>(ει)</span> <span class='ocrx_word' id='word_1_780' title='bbox 2400 5639 2537 5697; x_wconf 81' lang='lat' dir='ltr'><strong>Vide</strong></span> <span class='ocrx_word' id='word_1_781' title='bbox 2561 5640 2739 5697; x_wconf 85' lang='lat' dir='ltr'><strong>dictas</strong></span> <span class='ocrx_word' id='word_1_782' title='bbox 2764 5639 2923 5710; x_wconf 81' lang='lat' dir='ltr'><strong>leges.</strong></span> 
     </span>
    </p>
   </div>
  </div>
