4062 6202
417 302 519 364 547

1675 295 1950 356 LEONIS
1989 292 2219 354 PIIILO
2228 295 2451 355 SOPHI

3566 295 3672 357 5&8

420 414 667 468 umbram
688 410 980 482 qumndam
1001 417 1162 478 atque
1182 408 1409 477 ﬁguram
1428 408 1815 472 observabant,
1833 417 2003 463 tanto-

2105 413 2166 465 El
2197 412 2304 482 γὰρ
2339 411 2389 464 οἱ
2421 411 2587 463 πάλαι
2626 407 2726 474 τὰς
2762 408 2921 473 σκιὰς
2962 408 3055 462 καί⁷
3077 409 3203 471 τοὺς
3233 407 3439 471 τύπους
3469 409 3662 477 τιμῶν·

418 520 550 577 pere
574 499 795 557 Sabbati
822 500 963 554 diem
995 498 1416 562 venerabantur,
1441 508 1499 553 ut
1527 499 1594 553 ab
1611 502 1760 553 ornni
1782 499 1991 570 (59-60)

419 608 648 665 prorsus
705 605 871 662 opere
925 590 1268 645 abstinerent
1301 606 1317 644 :
1350 590 1621 658 quomodo
1665 590 1758 661 qui
1807 590 1994 661 gratiae

422 686 597 741 lucem
625 684 911 753 ipsamque
964 680 1249 735 veritatem
1299 680 1508 747 colunt,
1543 682 1645 738 bos
1677 698 1803 739 eum
1848 683 1991 738 diem

422 776 514 846 qui
566 789 595 827 a
667 773 894 827 Domino
954 771 1163 826 honore
1220 770 1427 826 ditatus
1495 781 1602 837 est,
1659 788 1870 844 nosque
1925 774 1995 829 ab

422 865 576 920 exilii
613 864 878 919 dedecore
907 861 1181 927 liberavit,
1212 876 1322 916 non
1345 865 1598 918 venerari
1618 880 1715 934 par
1744 864 1870 921 est?
1901 873 1995 920 aut

423 956 719 1027 quomodo,
756 970 877 1008 cum
905 969 969 1009 ex
1007 964 1211 1023 septem
1246 953 1357 1025 (6i)
1404 954 1598 1009 diebus
1640 972 1781 1011 unus
1805 957 1860 1009 in
1895 956 1995 1011 Do-

422 1046 555 1100 mini
614 1046 879 1099 honorem
939 1052 1298 1100 consecratus
1356 1046 1447 1110 sit,
1520 1060 1628 1099 non
1659 1046 1891 1099 aliorum
1929 1047 1992 1099 ad

424 1154 589 1207 Opera
621 1152 721 1191 usu
755 1144 1042 1191 contentos
1072 1151 1180 1191 non
1201 1151 1342 1201 esse,
1381 1151 1556 1205 neque
1590 1136 1740 1189 illum
1768 1135 1997 1190 Domino

423 1226 681 1279 eximium
711 1233 767 1279 et
818 1225 1141 1279 inviolatum
1190 1240 1521 1281 conservare
1592 1243 1607 1280 :
1667 1226 1761 1280 sed
1817 1226 1995 1297 ipsum

424 1319 587 1373 etiam
618 1318 897 1388 vulgarem
929 1320 1132 1382 facere,
1156 1319 1473 1389 nostrisque
1518 1319 1778 1389 operibus
1819 1321 1997 1390 appli-

425 1407 660 1463 candum
702 1417 919 1479 putare,
973 1409 1260 1480 religionis
1293 1425 1401 1465 non
1453 1419 1535 1466 est
1564 1425 1789 1481 prorsus
1817 1411 1998 1468 dissoo

426 1499 598 1554 tutae?

886 1588 1352 1646 CONSTITUTIO
1428 1589 1538 1645 LV.

435 1678 502 1735 Ut
532 1679 711 1735 Judaei
746 1680 1030 1736 secundum
1061 1682 1446 1737 christianismi
1472 1684 1607 1738 ritus
1645 1684 1820 1737 vivant
1857 1682 1994 1754 (6‘2).

502 1876 650 1931 Idem
685 1875 983 1945 imperator
1017 1873 1192 1931 eidem
1230 1875 1502 1948 Styliano.

502 1965 617 2033 Qui
660 1967 789 2021 olim
821 1966 1055 2036 sceptris
1108 1967 1265 2036 potiti
1317 1976 1471 2032 sunt,
1522 1967 1592 2023 de
1646 1967 1998 2026 Hebraeorum

430 2065 592 2126 gente
624 2055 767 2126 (qua:
796 2054 1069 2123 quondam
1090 2056 1270 2126 quoad
1302 2056 1488 2111 divino
1510 2057 1827 2127 patrocinio
1849 2057 2000 2115 fove-

431 2155 603 2212 retur,
663 2147 868 2217 inclyta
914 2147 1037 2213 fuit,
1093 2162 1238 2202 nunc
1267 2156 1447 2204 autem
1495 2150 1565 2203 ob
1595 2151 1999 2205 contumaciam

431 2236 486 2290 in
546 2236 832 2295 Christum
868 2244 923 2291 et
974 2236 1144 2292 Deum
1197 2248 1443 2294 nostrum
1502 2239 1556 2292 in
1598 2240 2003 2297 calamitatibus

431 2330 664 2385 celebris
688 2340 793 2395 est,
823 2329 1070 2385 diversas
1104 2329 1216 2400 (65)
1239 2330 1657 2400 promulgarunt
1687 2332 1855 2401 leges,
1886 2348 2005 2402 qua:

431 2421 499 2476 de
527 2420 768 2490 ipsorum
802 2421 926 2475 vita:
963 2428 1108 2476 statu
1169 2428 1493 2488 tractantes,
1557 2422 1774 2492 jubent,
1803 2435 1861 2478 ut
1889 2424 2003 2495 (64)

432 2525 624 2566 sacras
654 2511 758 2581 ipsi
792 2510 1113 2581 Scripturas
1155 2512 1355 2582 legant,
1379 2521 1433 2565 el
1460 2529 1527 2567 ne
1558 2529 1589 2566 a
1629 2515 1746 2568 suis
1807 2515 2005 2571 ritibus

433 2608 766 2654 arceantur:
798 2601 929 2669 quin
970 2599 1137 2653 etiam
1181 2610 1239 2654 ut
1274 2600 1475 2655 liberos
1518 2618 1681 2671 supra
1720 2607 2005 2676 sanguinis

434 2691 819 2759 cognationem
835 2690 1271 2745 circumcisionis
1285 2692 1448 2745 etiam
1470 2694 1795 2761 cognatione
1809 2709 1912 2749 suo
1931 2696 2007 2750 in-

434 2780 629 2834 stituto
658 2781 1097 2835 accommodent.
1129 2782 1305 2851 Atque
1336 2783 1449 2837 haec
1477 2783 1717 2851 quidem,
1748 2788 1841 2856 qui
1875 2789 2005 2843 olim

436 2871 518 2940 (ut
548 2868 683 2937 dixi)
715 2869 1003 2939 imperium
1037 2870 1418 2927 obtinuerunt.
1469 2871 1667 2929 Verum
1699 2880 2009 2934 sacratissi-

433 2975 559 3016 mus
583 2961 864 3031 princeps,
892 2962 983 3017 ille
1014 2977 1081 3017 ex
1104 2964 1263 3033 cujus
1295 2965 1503 3020 semine
1522 2982 1624 3023 uos
1656 2971 1766 3025 nati
1793 2986 2007 3037 sumus,

435 3059 499 3105 ut
522 3053 617 3123 qui
650 3052 861 3124 majore
919 3069 1083 3123 quam
1143 3058 1325 3111 caeteri
1351 3057 1549 3114 salutis
1579 3059 1826 3128 ipsorum
1855 3063 2004 3119 desi-

437 3143 593 3197 derio
655 3153 955 3211 teneretur,
1006 3145 1110 3202 bos
1141 3146 1196 3201 in
1248 3147 1365 3201 sola
1412 3151 1758 3219 superiorum
1827 3154 2004 3221 legum

351 3239 368 3250 '
436 3233 820 3291 observatione
855 3236 1168 3306 relinquere
1196 3238 1364 3309 (quod
1401 3251 1526 3295 ante
1552 3241 1705 3296 illum
1739 3244 1829 3299 alii
1868 3246 2009 3301 fece-

435 3326 580 3395 rant)
617 3341 723 3379 non
757 3334 1051 3383 contentus
1083 3345 1096 3381 :
1134 3328 1239 3387 sed.
1262 3332 1459 3400 partim
1493 3347 1778 3389 sacrorum
1810 3351 2010 3391 oracu-

436 3415 612 3470 lorum
645 3418 1031 3489 erplicatione,
1065 3420 1265 3490 partim
1306 3424 1620 3478 eorumdern
1682 3426 2012 3483 admonitio-

436 3506 601 3560 nibus
627 3506 693 3560 ad
724 3507 1019 3562 salutarem
1067 3507 1506 3565 Christianorum
1556 3513 1779 3573 cultum,
1825 3516 2013 3571 tradu-

438 3612 591 3661 cens,
621 3597 833 3653 viviﬁca
889 3599 1152 3669 baptismi
1193 3615 1336 3671 aqua
1369 3603 1626 3659 initiavit.
1655 3604 1834 3675 Atque
1865 3609 2011 3677 quod

436 3689 589 3759 ipsos
644 3691 701 3745 in
734 3707 966 3757 ,novum
1027 3692 1329 3748 secundum
1395 3693 1679 3751 Christum
1732 3697 2010 3754 hominem

440 3780 827 3836 transformari
891 3783 1092 3839 debere
1128 3786 1403 3854 persuasit
1430 3794 1744 3842 utveterem
1776 3789 2014 3860 depone-

438 3881 582 3938 rent,
613 3873 773 3942 plene
798 3872 998 3941 eﬂ‘ecit,
1033 3883 1089 3931 et
1117 3891 1456 3946 quacunque
1484 3887 1807 3935 vetustatem
1847 3898 2011 3953 sape-

438 3973 584 4029 rent,
633 3964 1111 4021 circumcisionem
1145 3967 1279 4038 (65),
1325 3966 1621 4024 Sabbatum
1671 3971 1805 4042 (66),
1867 3984 1922 4029 et
1964 3975 2012 4029 si

439 4054 570 4123 quid
595 4055 742 4110 aliud
783 4064 890 4121 est,
930 4072 1053 4112 cum
1109 4059 1204 4113 illo
1248 4060 1411 4116 simul
1463 4063 1635 4117 exuit.
1686 4063 1851 4135 Atqui
1886 4080 2011 4121 cum

439 4154 596 4201 tanto
623 4162 747 4202 cum
780 4146 979 4206 ell'ectu
1004 4166 1034 4206 a
1062 4149 1290 4206 Judaica
1331 4154 1626 4219 pertinacia
1656 4155 1805 4224 ipsos
1838 4157 2012 4213 dedu-

438 4237 631 4303 xiSset,
662 4255 773 4295 non
812 4241 978 4298 etiam
1040 4242 1317 4314 prioribus
1357 4246 1589 4317 legibus,
1613 4264 1736 4318 qua:
1781 4248 2014 4308 Iudaico

440 4329 548 4381 ritu
576 4328 760 4386 vivere
810 4333 1226 4402 permittebant,
1261 4335 1564 4402 silentium,
1588 4346 1645 4394 et
1671 4340 2011 4398 vacationem

441 4420 669 4479 alterius
700 4422 836 4495 legis
870 4423 1092 4483 decreto
1118 4426 1401 4497 imposuit.

2047 4438 2094 4495 D

2093 523 2183 567 τες
2203 505 2290 559 διὰ
2319 501 2586 571 τοσαύτης
2614 495 2748 570 ἦγον
2773 500 2937 569 τιμῆς
2958 499 3056 568 τὴν
3094 499 3189 552 τοῦ
3215 498 3496 552 Σαόΰὰτου
3535 499 3675 569 ἠμέ-

2097 613 2220 667 ραν,
2275 594 2350 657 ὡς
2410 591 2669 646 παντελεῖ
2699 591 2898 653 αὐτοὺς
2954 589 3235 660 ἀπραξία¹
3267 589 3502 671 διδόναι,
3555 591 3673 655 πῶς

2094 686 2241 749 είκδς
2270 684 2364 748 οὒς
2392 686 2426 754 ἡ
2477 683 2638 754 χάρις
2674 680 3161 751 θεραπευτὰςέχει
3216 680 3310 733 καὶ
3352 683 3384 751 ἡ
3421 681 3671 751 ἀλήθεια,

2094 774 2318 837 τούτους
2358 775 2433 844 μὴ
2464 775 2629 843 τιμᾷν
2690 771 2789 837 τὴν
2821 769 3060 841 ἡμέραν,
3096 770 3131 840 ἢ
3155 770 3175 801 ³
3199 769 3262 823 τὸ
3307 769 3488 839 τίμιον
3523 774 3676 841 παρὰ

2095 865 2193 921 τοῦ
2223 865 2494 918 Δεσπότου
2531 861 2833 932 ἐπλούτησε
2873 860 2967 914 καὶ
3007 860 3156 929 ἡμᾶς
3187 860 3529 931 ἠλευθέρωσε
3574 862 3674 932 τῆς

2095 959 2160 1010 ἐκ
2187 956 2396 1027 φθορᾶς
2416 954 2667 1024 ἀτιμίαςς
2698 952 2731 1023 ἦ
2764 953 2882 1016 πῶς
2899 952 2960 1006 ού
2985 952 3269 1015 παντελῶς
3294 951 3668 1023 ὰσυνείδητον,

2097 1050 2238 1104 ἐπτὰ
2266 1048 2491 1121 ἡμερῶν
2528 1048 2709 1100 οὐσῶν
2737 1039 2811 1100 ὧν
2838 1047 2919 1110 εἰς
2973 1044 3311 1116 Δεσποτικὴν
3335 1044 3501 1117 τιμὴν
3530 1046 3677 1098 ἀνεῖ-

2099 1159 2189 1195 ται
2217 1141 2338 1211 μία,
2394 1139 2471 1211 μὴ
2498 1138 2521 1171 ’⁸
2551 1137 2842 1209 ἀρκεῖσθαι
2892 1135 3042 1207 ἡμᾶς
3077 1139 3198 1200 ταῖς
3230 1136 3288 1204 ἓξ
3309 1137 3329 1167 ⁸
3358 1138 3674 1206 ἀποκεχρη-

2101 1228 2295 1298 μένους
2340 1230 2421 1291 εἰς
2474 1226 2631 1298 ἔργα,
2679 1226 2809 1279 atati.“
2864 1226 3230 1297 ἀναφαίρετον
3281 1226 3360 1295 τῷ
3424 1226 3672 1298 Δεσπᾷτῃ

2099 1317 2317 1388 ἐκείνην
2363 1297 2573 1388 τηρεῖν,
2610 1316 2747 1371 ἀλλὰ
2794 1316 2892 1370 καὶ
2933 1318 3147 1387 ταύτην
3198 1297 3672 1370 κοινοποιεῖσθσῖι⁷

2099 1407 2196 1462 καὶ
2224 1407 2334 1461 τῶν
2368 1405 2655 1478 ἡμετέρων
2692 1406 2870 1477 ἔργων
2904 1407 3147 1478 νομίζειν
3167 1406 3391 1477 καιρόν;

2646 1585 2958 1641 ΔΙΔΤΛΞΙΣ
2983 1584 3113 1641 NE'.

2102 1683 2241 1753 Περὶ
2289 1682 2398 1737 τοῦ
2450 1681 2603 1736 κατὰ
2626 1680 2745 1753 τὴν
2778 1677 2898 1732 τῶν
2925 1677 3299 1753 Χριστιανῶν
3332 1679 3542 1733 πίστιν
3579 1678 3681 1734 Ἐ-

2518 1752 2761 1821 ὄραίους
2814 1750 3259 1813 πολιτεύεσθαι,

2187 1845 2246 1899 ’0
2273 1843 2438 1907 αὐτὸς
2466 1841 2724 1913 βασιλεὺς
2747 1839 3026 1910 Στυλιανῷ
3048 1837 3127 1909 τῷ
3157 1838 3327 1909 αὐτῷ.

2171 1938 2237 1992 Oi
2276 1933 2586 2006 ἔμπροσθεν
2608 1933 2687 1996 είς
2714 1930 2786 1985 τὰ
2816 1931 3075 2002 σκῆπτρα
3120 1928 3494 1991 καταστάντες
3528 1928 3672 1998 ’περὶ

2101 2028 2196 2083 τοῦ
2236 2026 2403 2082 πάλαι
2432 2024 2532 2097 μὲν
2566 2024 2655 2077 διὰ
2681 2022 2781 2094 τὴν
2815 2022 2953 2093 πρὸς
2981 2020 3177 2084 αὐτοὺς
3224 2019 3409 2073 θεόθεν
3449 2021 3676 2073 ἐπισκο-

2103 2118 2213 2188 πὴν
2238 2114 2589 2187 περιωνύμου
2621 2112 2731 2166 τῶν
2772 2111 3046 2183 Ἐϐραίων
3071 2109 3595 2180 γένουςκγεγονότος
3618 2109 3679 2163 δὲ

2102 2209 2169 2262 ὲκ
2200 2206 2298 2277 τῆς
2324 2205 2460 2276 πρὸς
2512 2203 2604 2256 τὸν
2640 2202 2878 2273 Χριστὸν
2912 2199 3009 2256 καὶ
3048 2201 3182 2254 Θεὸν
3218 2201 3377 2272 ἡμῶν
3421 2201 3681 2265 ἀπονοίας

2105 2294 2454 2369 περιωνύμου
2483 2294 2542 2346 ὲν
2597 2293 2925 2361 συμφοραῖς,
2960 2290 3252 2361 διαφόρους
3298 2289 3545 2355 ἐξέθεντο
3591 2291 3679 2343 νό-

2110 2403 2266 2457 μους,
2293 2385 2343 2438 οἳ
2378 2382 2507 2455 περὶ
2550 2381 2942 2444 καταστάσεως
2968 2382 3067 2451 τῆς
3104 2380 3327 2434 ἐκείνων
3373 2380 3517 2452 ζωῆς
3550 2381 3667 2434 δια-

2106 2477 2479 2549 λαμϐάνοντες
2510 2472 2796 2530 κελεύουσι
2825 2475 2948 2536 ταῖς
3003 2471 3177 2536 θείαις
3204 2472 3451 2543 Γραφαῖς
3485 2475 3681 2542 ἐντυγ-

2108 2570 2292 2642 χάνειν
2321 2569 2540 2632 αὐτοὺς,
2586 2568 2682 2621 καὶ
2729 2566 2839 2620 τῶν
2870 2564 3090 2618 οἰκείων
3117 2564 3325 2634 ὲθίμων
3380 2564 3454 2635 μὴ
3499 2566 3681 2633 εἵργε-

2112 2663 2259 2729 σθαι,
2285 2660 2421 2715 ἀλλὰ
2474 2659 2571 2714 καὶ
2600 2659 2726 2722 τοὺς
2773 2656 2970 2721 παῖδας
3000 2656 3137 2727 πρὸς
3161 2658 3230 2727 τῇ
3263 2656 3556 2727 συγγενείᾳ
3583 2654 3680 2709 τοῦ

2110 2757 2343 2826 αἵματος
2367 2754 2461 2808 καὶ
2487 2751 2565 2823 τῷ
2591 2753 2657 2804 ὲκ
2684 2751 2783 2821 τῆς
2814 2749 3117 2820 περιτομῆς
3168 2750 3424 2816 συγγενεῖ
3454 2764 3684 2821 προσοι-

2110 2845 2394 2900 κειοῦσθαι
2435 2844 2656 2907 αὐτούς.
2685 2840 2850 2897 Ἀλλὰ
2877 2840 3049 2894 ταῦτα
3101 2839 3200 2909 μὲν
3244 2841 3295 2893 οἱ
3344 2838 3681 2911 ἔμπροσθεν,

2111 2940 2187 3003 ὡς
2221 2934 2402 3000 εἷπον,
2432 2938 2509 2999 εἰς
2536 2934 2635 3005 τὴν
2667 2931 2942 3004 βασιλείαν
2967 2929 3347 3001 παρελθόντες·
3404 2930 3461 2984 ὀ
3491 2931 3546 2984 δὲ
3582 2931 3686 3001 τῆς

2114 3028 2265 3091 θείας
2286 3026 2491 3098 λήξεως
2532 3021 2806 3093 βασιλεὺς,
2841 3012 2901 3072 οὗ
2929 3019 3029 3089 τῆς
3056 3019 3266 3088 σπορᾶς
3298 3018 3430 3087 ἡμῖν
3477 3018 3511 3086 ἡ
3546 3016 3682 3087 βλά-

2031 3109 2075 3171 C
2113 3137 2233 3190 στη,
2270 3118 2365 3171 ἆτε
2406 3116 2471 3187 δὴ
2530 3114 2693 3168 πλέον
2740 3111 2848 3165 τῶν
2891 3109 3068 3164 ἄλλων
3128 3108 3270 3180 σχὼν
3340 3108 3520 3177 ἔρωτα
3584 3110 3688 3178 τῆς

2111 3209 2290 3265 αὐτῶν
2332 3206 2630 3277 σωτηρίας,
2675 3204 2774 3258 οὐκ
2814 3199 3141 3273 ἀρκεσθεὶς⁹
3204 3199 3527 3254 καταλιπεῖν
3569 3199 3688 3252 τούο

2110 3319 2239 3365 τους
2287 3299 2471 3363 καθὼς
2510 3300 2560 3351 οἱ
2610 3297 2717 3369 πρὸ
2760 3294 2967 3349 ἐκείνου
3005 3294 3062 3346 ὲν
3104 3293 3243 3366 μόνῃ
3272 3294 3339 3363 τῇ
3398 3291 3508 3344 τῶν
3541 3307 3681 3362 προ-

2108 3392 2384 3445 λαὸόντων
2439 3389 2620 3459 νόμων
2669 3385 2937 3451 διατάξει,
2992 3384 3131 3440 ἀλλὰ
3186 3382 3346 3437 τοῦτο
3416 3382 3514 3453 μὲν
3568 3382 3681 3435 τῶν

2116 3481 2281 3553 ἱερῶν
2310 3480 2508 3549 λογίων
2539 3477 2895 3544 ἀναπτύξεσι,
2927 3474 3090 3529 τοῦτο
3119 3475 3176 3529 δὲ
3204 3475 3262 3527 ὲν
3287 3476 3409 3538 ταῖς
3430 3472 3616 3527 αὐτῶν
3642 3473 3688 3505 ¹⁶

2114 3572 2462 3642 νουθετήσεσι
2516 3571 2654 3642 πρὸς
2704 3569 2805 3640 τὴν
2860 3568 3131 3638 σωτήριον
3184 3566 3293 3620 τῶν
3334 3564 3687 3635 Χριστιανῶν

2116 3664 2463 3737 μεταστήσας
2486 3660 2741 3731 λατρείαν
2772 3659 2849 3730 τῷ
2881 3658 3133 3729 ζωοποιῴ
3164 3657 3266 3732 τοῦ.
3313 3656 3691 3727 βαπτίσματος

2114 3756 2428 3810 ἐτελείωσεν
2472 3754 2648 3807 ὕδατι.
2682 3751 2795 3805 Καὶ
2824 3750 2971 3822 ἔργῳ
3010 3751 3129 3821 μὲν,
3173 3750 3238 3802 δι’
3270 3743 3345 3801 ῶν
3377 3748 3572 3812 αὐτοὺς
3607 3751 3695 3812 είς

2113 3846 2204 3901 τὸν
2226 3847 2344 3902 νέον
2366 3842 2509 3900 κατὰ
2524 3842 2761 3913 Χριστὸν
2803 3841 3159 3913 μορφωθῆναι
3177 3840 3463 3909 ἄνθρωπον
3479 3839 3691 3903 ἔπεισε,

2114 3940 2206 3993 τὸν
2237 3938 2466 3993 παλαιὸν
2489 3934 2800 3991 ἀποθέσθαι
2830 3934 3268 4004 παρεσκεύασεν,
3319 3934 3413 3986 καὶ
3462 3933 3561 3986 ὅσα
3586 3932 3691 4001 τῆς

2115 4031 2477 4100 παλαιότητος
2515 4027 2861 4098 ὲγνωρίζετο,
2904 4026 3232 4097 περιτομὴν,
3260 4023 3539 4077 Σάϐϐατον
3592 4023 3693 4076 καὶ

2117 4125 2244 4177 εῐτι
2289 4123 2500 4194 ἔτερον,
2558 4121 2754 4191 ἐκείνῳ
2809 4120 3291 4190 συναπημφίασεν.
3351 4116 3494 4170 Ἀλλ’
3543 4116 3694 4169 οὕτω

2119 4213 2219 4285 μὲν
2250 4212 2397 4285 ἔργῳ
2423 4209 2519 4266 τοῦ
2535 4209 2826 4264 Ἰουδαῖκοῦ
2859 4210 3206 4280 φρονήματος
3245 4206 3551 4279 μετατάξας
3592 4206 3694 4260 αύ-

2115 4307 2243 4369 τοὺς
2270 4303 2456 4358 οὐκέτι
2507 4303 2606 4357 καὶ
2668 4300 2835 4372 νόμου
2873 4298 3187 4369 ψηφίσματι
3241 4300 3354 4366 τοῖς
3404 4295 3695 4367 προτέροις

2119 4399 2327 4471 νόμοις,
2358 4397 2408 4451 οἳ
2439 4396 2700 4465 παρεῖχον
2727 4393 2910 4449 ἄδειαν
2942 4389 3253 4454 Ἰουδαϊκῶς
3302 4389 3425 4460 ζῇν,
3461 4387 3556 4443 καὶ
3591 4386 3694 4455 τὴν

2122 4489 2369 4561 ἀφωνίαν
2400 4488 2496 4542 καὶ
2517 4485 2717 4557 ἀργίαν
2738 4483 3051 4543 ἐθέσπισεν.

1732 4688 1974 4745 VARUE
2018 4688 2425 4748 LECTIONES.

514 4800 535 4879 ξ
577 4799 811 4879 _S_crimg.
838 4800 1082 4879 παντελῆ
1110 4800 1247 4879 αὐτῇ
1285 4802 1595 4879 ᾁπραξίονη
1620 4804 1811 4861 Zuich.
1860 4825 2023 4879 παντ.
2077 4811 2243 4879 ἑαυτῇ

442 4870 653 4925 ‘Codd.
692 4871 1035 4940 negationem
1073 4870 1180 4924 non
1219 4870 1440 4927 habent.

476 5009 666 5065 lcerur.
694 5010 961 5082 ἠρκέσθη,
985 5011 1132 5082 quod
1165 5012 1397 5069 fortasse
1434 5024 1675 5083 prastat.

1536 4873 1655 4929 l'lla
1696 4885 1844 4930 recte
1889 4877 2035 4935 Bals.
2081 4866 2253 4935 Codd:
2286 4866 2411 4943 ἔξω.
2463 4866 2881 4943 ’σῬεινιίουΙεῐιι
2920 4866 2991 4927 κα

487 4948 670 5021 ιωςῑοι
702 4942 898 5021 ,ΒὶΙΙβοΑ
967 4941 1086 4994 'lta
1116 4940 1338 5021 _Znuich.
1378 4950 1432 4997 et
1494 4942 1640 4999 Bais.
1702 4945 1932 5021 Scrimg.
1995 4951 2201 5021 κοινὴν
2239 4940 2529 5003 ποιεῖσθαι.

1777 5017 1821 5047 ¹⁰
1848 5017 2012 5073 [idem
2036 5017 2267 5074 ἑαυτῶν.

2296 4806 2539 4877 ἀπραξίᾳ
2565 4802 2761 4885 Verior
2793 4802 2941 4859 Bais.
2986 4808 3229 4925 prastat.
3304 4800 3325 4831 ³
3365 4799 3509 4854 Bais.
3550 4800 3690 4869 ἣτις.

2296 4878 2411 4925 ἔξω.
2487 4879 2507 4910 ⁸
2546 4874 2881 4925 Particulam
2920 4890 2991 4925 κα
3022 4910 3037 4925 .
3063 4887 3186 4925 ante
3239 4886 3268 4924 a
3296 4870 3470 4925 Codd.
3516 4870 3690 4925 abest.

2629 4874 2881 4927 rticulam
2920 4870 3037 4934 καὶ,
3063 4887 3186 4941 quae
3239 4886 3268 4924 a
3296 4870 3470 4925 Codd.
3516 4870 3692 4934 abest,

2629 4943 2803 4999 ⁸Νον.
2830 4942 3126 4998 Justiniaui
3162 4942 3284 4996 Mli.
3359 4943 3379 4972 '
3401 4940 3594 4994 Zuich.
3639 4952 3721 5007 et.

1952 5129 2185 5185 NOTAE.

522 5214 733 5285 (59-60)
759 5214 1039 5271 Iuvenalis
1055 5215 1142 5279 M,
1162 5216 1390 5286 loquens
1403 5215 1470 5270 de
1489 5213 1725 5286 Iudaeis:
1751 5214 1855 5286 Se_d
1870 5228 2023 5285 pater

445 5286 500 5340 in
529 5303 689 5355 causa
716 5284 795 5339 est
825 5326 840 5350 ,
861 5287 963 5355 cui
1017 5284 1245 5354 septima’
1282 5302 1498 5354 qumque
1545 5286 1643 5350 [uit
1675 5285 1766 5338 lux
1796 5284 2019 5355 Ignora,

446 5364 503 5410 et
535 5354 717 5426 Satyr.
749 5355 803 5409 6.
833 5354 1121 5426 Qbservaut
1156 5355 1245 5408 ubi
1272 5357 1408 5426 festa
1439 5371 1582 5426 mero
1627 5356 1766 5426 pede)
1787 5355 2021 5409 Sabbata

448 5422 791 5492 regesfcutn
827 5424 961 5477 dicit
1012 5440 1156 5476 mero
1207 5422 1356 5491 pede,
1400 5425 1504 5478 iter
1550 5422 1775 5478 Sabbati
1819 5426 2024 5479 intelli-

448 5509 576 5565 gere
600 5495 836 5565 vitletur,
865 5492 932 5547 de
953 5508 1063 5561 quo
1096 5496 1285 5550 Actor.
1309 5496 1365 5565 l,
1426 5510 1569 5549 vers.
1606 5495 1693 5559 ιε,
1727 5495 1875 5565 quod
1920 5496 2026 5550 cir-

447 5564 588 5620 citer
615 5564 756 5619 2000
784 5576 1044 5633 passuum
1060 5573 1198 5619 erat.

521 5634 635 5702 (61)
667 5632 822 5688 Unus
849 5633 937 5686 ille
961 5647 1029 5702 ex,
1050 5642 1256 5699 septem
1282 5632 1475 5690 diebus
1500 5649 1610 5689 non
1633 5641 1715 5690 est
1738 5633 1855 5693 dies
1874 5633 2019 5691 Sab-

449 5704 583 5770 bati,
618 5704 711 5759 sed
747 5703 918 5773 prima
956 5701 1188 5757 sabbati.

2193 5217 2508 5292 (62)_Judmi
2530 5213 2806 5292 iubentur
2828 5210 3316 5292 ﬁeridClir‘istian‘i,
3345 5216 3400 5292 et
3431 5210 3701 5292 i_ta.abro-

2121 5280 2445 5358 gntur'Nov.
2484 5280 2663 5358 Just.__
2704 5283 2830 5358 146,
2878 5294 2932 5337 et
2952 5283 3040 5337 lit.
3077 5281 3323 5358 Cod._De
3352 5280 3555 5335 Judaeis
3585 5291 3701 5348 quo

2123 5352 2452 5429 permissum
2477 5352 2865 5429 erat_|lebreui_s
2892 5366 2995 5429 suo
3017 5366 3170 5429 more
3196 5352 3400 5407 vivere.

2195 5429 2307 5496 (65)
2332 5426 2470 5481 Cod.
2503 5425 2575 5478 De
2593 5422 2869 5496 Jud‘aaisd.
2895 5420 3031 5476 Nov.
3064 5421 3187 5476 H6.

2196 5493 2308 5568 (δι)
2331 5497 2392 5568 ι),
2425 5495 2577 5568 _Nov.
2606 5493 2725 5568 tto.

2195 5561 2307 5636 (65)
2345 5565 2463 5620 Vid.
2498 5566 2631 5636 Nov.
2656 5561 2988 5636 Justitiam.

2198 5629 2311 5709 (66)
2342 5637 2405 5692 ί...
2431 5638 2487 5703 2,
2524 5635 2561 5691 l.
2591 5634 2678 5701 l3,
2706 5632 2841 5689 Cod.
2878 5634 2952 5689 De
2973 5629 3196 5686 Judaeis.
