4062 6202
358 258 457 324 .551

1616 251 1805 312 LEON
1815 251 1885 310 IS
1926 248 2349 310 PIIILOSOPII
2361 249 2385 306 Ι

3505 242 3611 306 552

358 387 463 426 nus
484 368 577 434 sit,
599 367 646 423 is
670 334 865 436 praeter
885 365 1030 420 illius
1063 377 1247 429 usum,
1302 361 1635 418 vestibulum
1668 353 1781 431 (7t)
1803 372 1938 427 quo-

2051 357 2217 420 οἰκίας
2243 354 2508 423 δεσπότης
2543 351 2682 424 μετὰ
2703 351 2803 424 τῆς
2830 351 3082 424 χρήσεως
3125 350 3332 421 ταύτης
3365 349 3462 406 καὶ
3504 353 3616 405 τῶν

363 476 470 533 que
500 469 665 529 atque
706 456 906 510 atrium
939 453 1254 524 possideat;
1295 459 1355 506 ut
1385 450 1460 505 ita
1489 450 1653 504 etiam
1684 448 1740 502 in
1774 447 1943 501 mari-

365 555 522 609 timis
554 553 819 613 obtineat,
842 548 1041 604 rationi
1061 563 1183 603 esse
1199 557 1628 601 consentaneum
1657 553 1936 614 putamus.

364 644 427 697 Et
459 643 604 696 sicut
659 639 889 694 terrenis
925 637 1060 690 locis
1115 649 1311 706 praeter
1353 637 1691 690 voluntatem
1731 630 1942 686 domini

362 752 427 789 ex
456 737 632 788 alieno
669 732 879 785 fructus
900 729 1178 799 percipere
1215 730 1419 783 nemini
1450 727 1771 784 conceditur
1795 741 1812 793 ;
1841 722 1940 780 sed

365 826 410 879 si
430 825 554 893 quis
591 823 804 878 fructus
828 838 895 877 ex
924 820 1101 875 alieno
1126 818 1353 890 colligit,
1375 834 1470 873 eos
1498 817 1583 873 vel
1604 815 1939 887 benignitate

364 915 577 970 domini
634 915 920 985 percipiat,
974 913 1058 969 vel
1104 928 1203 984 pro
1253 912 1358 968 loci
1392 911 1506 982 (72)
1549 927 1650 967 usu
1708 907 1943 978 vectigal

364 1010 539 1064 solvat
567 1022 793 1062 necesse
813 1014 899 1062 est
933 1023 947 1060 :
969 1005 1051 1062 sic
1078 1006 1242 1062 etiam
1269 1005 1324 1060 in
1347 1003 1640 1060 maritimis
1659 999 1944 1060 observari

364 1097 737 1169 praecipimus.

820 1180 1285 1238 CONSTITUTIO
1317 1179 1474 1235 LVII.

366 1277 638 1344 Quantum
658 1276 712 1330 in
744 1275 1096 1345 piscatoribus
1117 1290 1336 1345 remane
1360 1274 1473 1343 (75)
1491 1273 1791 1344 piscatoria
1808 1272 1944 1328 inter

878 1361 933 1398 se
959 1345 1160 1398 distare
1182 1344 1428 1397 debeant.

435 1437 581 1492 Idem
614 1437 914 1505 imperator
941 1436 1115 1490 eidem
1140 1435 1404 1506 Styliano.

2045 447 2336 519 προθύρων
2365 445 2479 516 ἔχει
2513 445 2611 516 τὴν
2663 445 2854 516 κτῆσίν
2902 461 2965 497 τε
3005 442 3101 497 καὶ
3133 443 3304 513 αὐλὴν
3339 443 3409 509 ³⁸,
3441 442 3616 509 οὕτως

2043 538 2268 607 εὔλογον
2295 538 2390 592 καὶ
2421 536 2516 590 ἐπὶ
2539 536 2638 607 τῆς
2668 536 2943 606 Θαλάσσης
2964 534 3423 605 ὑπολαμϐάνομεν
3448 536 3616 606 ἔχειν,

2043 632 2141 685 καὶ
2169 630 2361 700 ὥσπερ
2384 630 2443 682 έν
2457 631 2526 700 τῇ
2554 628 2695 700 ξηρᾷ
2716 629 2781 682 ὲκ
2807 627 2918 681 τῶν
2947 625 3247 697 ἀλλοτρίων
3275 625 3453 679 οὐδενὶ
3490 643 3608 696 συγ-

2043 724 2302 793 χωρεῖται
2336 721 2488 791 παρὰ
2530 719 2761 791 γνώμην
2811 717 2908 771 τοῦ
2959 717 3304 787 κεκτημένου
3354 716 3624 789 καρπίζε-

2045 811 2191 875 σθαι,
2214 808 2329 863 ἀλλ’
2353 811 2402 863 εί
2427 809 2676 881 καρποὺς
2716 805 2927 860 ἐκεῖθέν
2951 822 3036 869 τις
3061 805 3382 874 συναγάγοι,
3412 804 3446 874 ἢ
3481 804 3620 874 λαμ-

2043 901 2278 956 6άνων¹⁹
2309 899 2407 971 τὴν
2425 899 2587 970 χάριν
2639 900 2705 969 τῇ
2736 896 2831 950 τοῦ
2854 895 3206 959 δεσπόζοντος
3239 894 3622 965 φιλοφρονήσει

2041 994 2076 1064 ἢ
2131 993 2233 1065 τὴν
2283 991 2424 1063 ὑπὲρ
2473 988 2567 1043 τοῦ
2607 989 2772 1042 τόπου
2827 986 3255 1058 κατατιθέμενος
3320 985 3606 1058 πρόσοδον,

2044 1085 2190 1140 οὕτω
2212 1084 2309 1140 καὶ⁸
2326 1085 2384 1136 ὲν
2405 1084 2471 1153 τῇ
2502 1079 2747 1151 Θαλάσσῃ
2779 1073 2920 1133 εἶναι
2948 1077 3224 1150 ὁρίζομεν.

2567 1170 2883 1225 ΔΙΑΤΑΞΙΣ
2919 1167 3047 1223 ΝΖ’.

2043 1264 2184 1335 Περὶ
2223 1264 2324 1318 τοῦ
2333 1264 2555 1335 μέτρου
2586 1261 2697 1335 τῇς
2716 1259 3110 1335 ᾀποᾳτάσεῳς
3135 1257 3258 1313 τῶν
3289 1256 3522 1328 ἐποχῶν
3548 1256 3619 1312 ἐν

2479 1332 2552 1401 τῇ
2576 1329 2694 1386 τῶν
2723 1331 2945 1399 ἰχθύων
2972 1330 3144 1398 θήρᾳ.

2125 1424 2186 1476 ὐ
2217 1423 2376 1486 αὐτὸς
2403 1421 2653 1494 βασιλεὺς
2679 1419 2953 1489 Στυλιανῷ
2971 1420 3048 1489 τῷ
3069 1416 3240 1489 αὐτῷ.

435 1524 898 1594 Quandoquidem
935 1540 1057 1581 cum
1085 1525 1334 1594 plurimae
1361 1525 1508 1596 leges
1546 1525 1614 1581 de
1641 1527 1946 1597 piscatione

2139 1515 2360 1587 Ἐπειδὴ
2387 1514 2656 1569 πλείστων
2705 1513 2885 1584 νόμων
2924 1514 3054 1583 περὶ
3109 1511 3307 1583 ίχθύων
3357 1509 3622 1581 διοριζόν-

368 1625 629 1680 statuant,
655 1615 786 1667 illud
827 1613 974 1683 quod
1010 1612 1212 1682 ἐποχὴν
1244 1611 1356 1682 (74)
1411 1613 1806 1666 nominandum
1841 1627 1944 1681 pu-

2051 1625 2151 1663 των
2174 1608 2351 1680 θήρας
2374 1609 2554 1661 έκεῖνο
2585 1605 2648 1659 τὸ
2678 1607 2844 1677 μέρος
2873 1605 3181 1676 άδιόριστον
3218 1605 3412 1674 δρᾶται
3451 1603 3619 1672 νόμῳ,

367 1715 575 1771 tat-unt,
636 1705 821 1758 adhuc
870 1703 987 1774 lege
1038 1702 1323 1757 deﬁnitum
1375 1718 1485 1757 non
1541 1712 1625 1758 est
1695 1703 1939 1774 (quippe,

2051 1699 2301 1768 Βὲποχὴν
2325 1697 2614 1767 ὀνομάζειν
2649 1695 2956 1764 ἐγνώκασιν
2978 1693 3079 1763 (ώς
3101 1694 3278 1747 ἔοικεν
3302 1692 3457 1747 οὔπω
3488 1693 3610 1746 τού-

367 1795 535 1864 quod,
566 1801 623 1848 ut
648 1793 885 1858 videtur,
940 1807 1051 1862 quo
1090 1800 1335 1861 tempore
1387 1792 1533 1860 leges
1563 1793 1943 1862 illtepromul—

2051 1811 2139 1848 του
2175 1792 2270 1846 τοῦ
2303 1790 2738 1862 ἐπιτηδεύματος
2769 1788 3048 1860 γνωρίμου
3075 1787 3443 1857 τυγχάνοντος
3491 1786 3622 1839 καθ’

367 1887 656 1956 gabantur,
703 1882 944 1938 nondum
979 1883 1033 1937 id
1064 1883 1374 1936 institutum
1414 1881 1795 1954 innotuisset),
1836 1883 1943 1939 hoc

2051 1885 2105 1940 ὃν
2132 1883 2327 1956 καιρὸν
2357 1885 2437 1946 είς
2467 1884 2685 1952 γένεσιν
2730 1881 2780 1935 oi
2823 1880 2980 1951 νόμοι
3006 1876 3391 1951 προήρχοντο),
3443 1875 3625 1947 βουλό-

368 1992 586 2048 quoque
609 1976 742 2046 legis
772 1975 1216 2030 constitutionem
1247 1974 1465 2028 auferre
1482 1973 1756 2029 volumus.

2051 1976 2190 2047 μεθα
2220 1975 2317 2030 καὶ
2345 1958 2502 2028 τοῦτο
2528 1974 2695 2044 νόμου
2722 1970 2966 2036 διάταξιν
3007 1967 3400 2040 ἀποφέρεσθαι.

438 2067 611 2132 Quam
661 2063 1016 2134 itaquejuris
1064 2064 1333 2117 rationem
1383 2064 1437 2116 in
1475 2063 1581 2118 hoc
1625 2063 1946 2133 piscationis

2116 2069 2335 2139 Ἤνπερ
2383 2062 2475 2120 οὖν
2517 2066 2637 2120 ἀντὶ
2663 2061 2950 2136 νομικοῦ¹⁰
2997 2061 3352 2132 ψηφίσματος
3399 2048 3623 2131 γνώμην

370 2156 624 2209 instituto
675 2143 921 2223 legitimo
982 2153 1204 2207 decreto
1251 2152 1504 2207 obtinere
1561 2154 1945 2210 consuetudini

2051 2157 2148 2211 οὒκ
2178 2157 2283 2222 ἔξω
2306 2156 2401 2211 τοῦ
2425 2156 2728 2228 πρέποντος
2779 2153 3089 2226 φερομένην
3150 2153 3331 2218 ἔδοξεν
3371 2155 3430 2206 ὲν
3449 2152 3624 2223 τούτῳ

367 2247 546 2301 visum
595 2256 680 2300 est
710 2247 792 2315 (ut
818 2259 1018 2316 nempe
1053 2244 1473 2300 interstitiornm
1507 2245 1704 2301 modus
1739 2246 1806 2300 ad
1839 2256 1948 2302 tre-

373 2348 565 2392 centos
589 2336 870 2408 sexaginta
904 2335 1146 2407 quinque
1175 2350 1372 2406 passus
1419 2339 1818 2409 protendatur),
1847 2338 1949 2394 hoc

368 2446 468 2483 nos
496 2429 640 2499 quod
665 2440 820 2484 extra
865 2426 1284 2483 convenientem
1310 2427 1531 2481 modum
1573 2443 1682 2482 non
1715 2428 1947 2496 feratur,

368 2520 504 2591 legis
529 2519 797 2590 dignitate
833 2521 1194 2583 honorantes,
1233 2519 1431 2574 dehinc
1460 2519 1630 2589 legem
1653 2522 1787 2577 Iesse
1813 2535 1944 2576 san-

369 2614 565 2667 cimus.
628 2610 766 2664 Nam
827 2609 1045 2666 tametsi
1103 2611 1244 2664 citra
1306 2610 1410 2663 hoc
1465 2611 1833 2680 privilegium,
1892 2624 1950 2668 ut

368 2719 600 2760 remora:
637 2702 947 2772 piscatoriae
979 2701 1045 2755 ad
1081 2701 1225 2754 hanc
1252 2701 1522 2756 rationein
1563 2702 1950 2772 disponantur,

371 2791 660 2864 praesentis
719 2790 820 2844 tcvi
879 2788 1200 2843 hominibus
1248 2787 1451 2842 bonum
1513 2788 1767 2843 videatur
1804 2804 1954 2860 :quo

373 2895 557 2937 tamen
588 2881 640 2936 id
684 2879 900 2934 ﬁrmius
959 2880 1054 2946 sit,
1106 2879 1438 2948 cautiusque
1473 2880 1524 2931 in
1559 2890 1823 2932 mtcrttuttt
1857 2880 1955 2933 ob-

373 2985 645 3040 servetur,
714 2972 799 3026 lex
857 2983 1016 3035 eSto,
1072 2985 1396 3039 remorceque
1435 2968 1545 3022 illa:
1611 2976 1954 3022 trecentorum

2047 2247 2146 2318 τῆς
2177 2247 2352 2319 θήρας
2395 2246 2474 2318 τῷ
2507 2245 2901 2317 ὶπιτηδεύματι
2950 2245 3164 2317 διαιτᾷν
3230 2248 3296 2316 τῇ
3348 2245 3624 2315 συνηθείᾳ,

2050 2338 2232 2408 φαμὲν
2250 2338 2315 2408 δὴ
2345 2338 2480 2402 ²¹,τδ
2507 2339 2668 2409 μέχρι
2689 2337 3018 2408 τριακοσίων
3045 2337 3310 2407 ἑξήκοντα
3339 2338 3430 2390 καὶ
3467 2335 3627 2390 πέντε

2053 2428 2295 2501 ὀργυιῶν
2330 2429 2791 2499 παρατεινόμενον
2846 2426 3046 2498 μέτρον
3091 2426 3201 2480 τῶν
3247 2427 3624 2491 ἀποστάσεων,

2050 2521 2211 2576 τοῦτο
2257 2523 2418 2594 ἡμεῖς
2431 2521 2597 2592 νόμου
2623 2520 2891 2591 τιμῶντες
2918 2517 3192 2589 ἀξιώματι
3218 2520 3324 2573 ἀπὸ
3351 2518 3443 2572 τοῦ
3479 2535 3623 2590 παρ-

2050 2614 2203 2676 όντος
2235 2616 2396 2683 νόμον
2425 2610 2564 2666 εἶναι
2585 2611 2934 2682 θεσπίξομεν.
2983 2611 3047 2664 El.
3070 2609 3178 2682 γάρ
3211 2612 3304 2664 καὶ
3331 2612 3500 2680 χωρὶς
3524 2609 3621 2663 τοῦ

2050 2703 2380 2773 τετιμῆσθαι
2418 2703 2598 2773 τούτῳ
2640 2703 2705 2772 δὴ
2753 2701 2831 2772 τῷ
2863 2701 3140 2772 προνομίῳ
3160 2701 3204 2731 ⁸⁸
3251 2700 3431 2762 καλῶς
3479 2699 3627 2769 ἔχειν

2052 2795 2199 2848 δοκεῖ
2225 2796 2335 2856 τοῖς
2353 2793 2448 2848 νῦν
2474 2794 2544 2847 τά
2577 2794 2707 2864 περὶ
2745 2793 2962 2864 έποχῶν
2989 2792 3164 2864 ταύτῃ
3199 2795 3267 2864 τῇ
3301 2792 3496 2864 γνώμῃ
3529 2795 3629 2863 ῥυ-

2056 2884 2370 2955 θμίζεσθαι,
2421 2885 2538 2939 ἀλλ’
2569 2873 2716 2955 ὅμως
2771 2884 2858 2939 ἵνα
2902 2884 3101 2954 μᾶλλον
3146 2887 3203 2938 έν
3243 2884 3320 2954 τῷ
3348 2879 3621 2954 βεϐαίῳῇ

2056 2977 2153 3031 καὶ
2184 2979 2218 3047 ἡ
2256 2979 2384 3047 περὶ
2408 2978 2582 3048 αὐτὴν
2612 2977 2866 3031 εὐλάϐεια
2899 2977 3162 3048 διηνεκῶς
3189 2977 3436 3042 σώζοιτο,
3466 2978 3627 3046 νόμος

372 3066 655 3136 sexaginta
684 3062 926 3134 quinque
957 3076 1218 3132 passuum
1273 3059 1562 3114 intervallo
1590 3073 1621 3111 a
1659 3066 1948 3113 consuetu-

2053 3067 2215 3133 ἔστω,
2257 3068 2353 3121 καὶ
2372 3067 2620 3141 ἀλλήλων
2641 3068 3067 3138 ἁφιστὰσθωσαν
3117 3068 3174 3121 αί
3229 3068 3427 3137 ὲποχαὶ
3452 3068 3511 3120 τὸ
3541 3084 3629 3119 ve-

371 3156 500 3210 dine
529 3154 832 3225 approbato
876 3152 1019 3206 inter
1043 3167 1104 3207 se
1147 3149 1392 3206 distanto
1423 3168 1436 3204 :
1469 3149 1632 3219 idque
1663 3148 1758 3214 ita,
1788 3156 1846 3202 ut
1885 3148 1953 3204 ab

373 3259 606 3316 utraque
665 3253 817 3315 parte
851 3245 940 3298 hic
978 3242 1253 3297 intervalli
1278 3240 1474 3295 modus
1503 3239 1862 3304 desumatur;
1894 3249 1954 3293 ut

372 3339 868 3395 videlicctccutum
915 3337 1197 3405 ocmginta
1249 3335 1380 3398 duo,
1421 3342 1477 3389 et
1512 3333 1678 3389 semis
1746 3332 1855 3402 (75)
1886 3331 1954 3387 ab

375 3429 536 3481 unius
560 3427 730 3497 partis
778 3427 981 3481 tinibus
1027 3425 1475 3495 exporrigantur,
1510 3422 1788 3478 residuum
1823 3436 1954 3476 vero

375 3519 443 3571 ad
482 3518 720 3572 vicinum
767 3530 943 3586 usque
1013 3515 1307 3584 pertingat.
1371 3513 1561 3582 Atqua:
1598 3511 1712 3565 haec
1733 3508 1952 3580 quidem

374 3610 442 3663 de
459 3609 862 3664 constituendis
889 3605 1418 3676 introduccndisque
1451 3611 1574 3673 post
1598 3602 1743 3656 hanc
1780 3601 1952 3670 legem

374 3700 755 3754 remoratur-iis
813 3698 1073 3752 dicimus.
1136 3695 1268 3762 Qua:
1337 3709 1468 3748 vero
1518 3693 1620 3747 hoc
1673 3693 1954 3747 decretum

374 3798 796 3861 praevenerunt,
870 3789 1091 3844 tametsi
1145 3787 1449 3855 praestituto
1499 3785 1603 3839 hoc
1664 3784 1954 3839 intervallo

377 3898 488 3936 non
523 3883 732 3936 distent
761 3897 827 3936 cx
861 3881 983 3950 ejus
1046 3880 1370 3950 praescripto
1396 3888 1575 3931 tamen
1623 3875 1757 3930 nihil
1791 3890 1955 3929 nova-

377 3975 568 4041 hitur;
632 3973 1144 4043 permanebuutque
1190 3971 1307 4037 illa,
1345 3978 1403 4024 ut
1433 3969 1594 4024 initio
1640 3969 1950 4023 constituta

377 4074 526 4118 διιιιι.

817 4242 1285 4302 CONSTI'I‘UTIO
1319 4241 1499 4300 LVIII.
1573 4321 1578 4328 ~

569 4339 651 4393 Ne
686 4336 800 4410 (76)
833 4351 898 4393 ea:
935 4338 1195 4408 Sanguine
1239 4335 1384 4391 cibus
1431 4333 1769 4405 conﬁciatur.

451 4499 597 4556 Idem
632 4498 934 4570 imperator
959 4497 1136 4554 eidem
1168 4495 1438 4566 Styliano.

453 4589 634 4644 Simul
668 4588 800 4644 olim
829 4588 1133 4659 legislatori
1153 4586 1289 4644 Mosi
1307 4588 1420 4660 (77)
1433 4587 1701 4660 sanguine
1726 4603 1953 4645 vescen-

2055 3159 2378 3230 νομισμένον
2431 3162 2496 3230 τῇ
2547 3159 2809 3230 συνηθείᾳ
2829 3159 2937 3212 τῶν
2987 3159 3324 3229 τριακοσίων
3367 3158 3628 3228 ἑξήκοντα

2055 3252 2149 3304 καὶ
2173 3251 2333 3305 πέντε
2379 3251 2616 3322 ὀργυιῶν
2637 3251 2933 3322 διάστημα·
2983 3250 3228 3319 δηλονότι
3261 3251 3318 3314 ἐξ
3351 3250 3618 3319 ἑκατέρου

2058 3338 2259 3410 μέρους
2291 3337 2386 3391 τοῦ
2409 3337 2652 3392 τοιούτου
2701 3338 2904 3410 μέτρου
2958 3337 3051 3392 τοῦ
3091 3339 3456 3410 διαστήματος
3486 3339 3625 3408 λαμ-

2055 3429 2377 3501 ϐανομένου,
2405 3428 2482 3493 ὡς
2508 3424 2650 3484 εἶναι
2675 3429 2775 3493 τὰς
2804 3430 2903 3498 μὲν
2939 3430 3134 3483 ἑκατὸν
3161 3429 3492 3500 ὀγδοήκοντα
3536 3429 3629 3483 δύο

2055 3523 2150 3577 καὶ
2178 3523 2348 3593 ἥμισυ
2385 3522 2493 3576 άπὸ
2515 3520 2630 3575 τῶν
2654 3521 2818 3591 ὁρίων
2838 3521 2932 3575 τοῦ
2955 3521 3072 3585 ἐνὸς
3093 3521 3386 3592 διηκούσας
3405 3522 3626 3593 μέρους,

2053 3614 2114 3667 τὸ
2133 3613 2188 3666 δὲ
2213 3612 2398 3668 λοιπὸν
2418 3612 2616 3684 μέτρον
2632 3613 2844 3683 διήκειν
2877 3612 3040 3683 μέχρι
3079 3611 3174 3666 τοῦ
3208 3613 3627 3680 γειτονεύοντος.

2055 3704 2242 3760 Ταῦτα
2271 3705 2328 3759 δέ
2359 3722 2538 3776 φαμεν
2572 3705 2701 3775 περὶ
2741 3705 2849 3759 τῶν
2901 3705 3380 3776 μεταγενεστέρων
3403 3705 3497 3758 τοῦ
3528 3723 3632 3758 πα-

2059 3797 2243 3868 ρόντος
2267 3797 2434 3887 νόμόου
2463 3798 2770 3868 δεχομένων
2799 3797 2900 3868 τὴν
2929 3796 3191 3851 σύστασιν
3225 3798 3322 3851 καὶ
3360 3814 3626 3869 παραγωο

2054 3889 2227 3959 γην¹³ο
2245 3889 2301 3942 αι
2329 3888 2438 3958 γάρ
2464 3887 2848 3959 προφθάσασαι
2868 3888 2930 3942 τὸ
2954 3888 3049 3942 νῦν
3070 3888 3389 3960 δεδογμένον
3415 3889 3629 3960 ἐποχαὶ,

2056 3979 2160 4032 κᾶν
2214 3977 2290 4048 μὴ
2341 3978 2419 4047 τῷ
2468 3977 2789 4048 διορισθέντι
2846 3979 3191 4052 ἀφεστήκασι
3273 3980 3627 4050 διαστήματι,

2061 4068 2216 4122 οὐδὲν
2241 4069 2306 4120 ἐκ
2346 4068 2440 4122 τοῦ
2498 4069 2667 4140 νόμου
2708 4071 3297 4143 καινοτομηθήσονται,
3341 4070 3478 4125 ἀλλὰ
3506 4070 3627 4125 δια·

2058 4159 2312 4230 μενοῦσιν
2341 4161 2427 4228 ἐφ’
2459 4155 2527 4231 ἧς
2553 4160 2612 4225 ἐξ
2634 4161 2811 4231 ἀρχῆς
2862 4161 3055 4232 ἔλαχον
3083 4162 3346 4226 στάσεως.

2598 4251 2914 4305 ΔΙΔΤΑΞΙΣ
2935 4253 3070 4307 NH’.

2057 4339 2199 4409 Περὶ
2244 4339 2352 4395 τοῦ
2381 4338 2613 4412 μηδένα
2650 4341 2718 4395 τὸ
2738 4339 2887 4412 ,αἷμα
2916 4340 3128 4412 ,ϐρῶμα
3158 4342 3474 4410 ποιεῖσθαι,
3503 4342 3630 4398 οὐδ’

2373 4411 2521 4464 αὐτὸ
2561 4411 2925 4478 πιπράσκων
2953 4414 2990 4481 ἢ
3016 4411 3316 4467 ὠνεῖσθαι.

2133 4501 2195 4555 '0
2228 4499 2387 4564 αὐτὸς
2413 4499 2663 4570 βασιλεὺς
2685 4501 2959 4573 Στυλιανῷ
2988 4503 3065 4574 τῷ
3094 4503 3264 4573 αὐτῷ.

2146 4593 2256 4645 Καὶ
2280 4590 2454 4646 πάλαι
2490 4592 2568 4664 τῷ
2623 4592 2892 4667 νομοθέτῃ
2933 4595 3104 4666 Μωσῇ
3126 4594 3258 4661 Θεὸς
3305 4595 3635 4668 ἐντέλλεται,

1664 4680 1899 4736 VARI/IS
1933 4682 2338 4739 LECTIONES.

478 4775 522 4806 "
557 4774 671 4829 Ecl.
713 4773 812 4844 τὴν
831 4771 1030 4844 χρῆσιν
1063 4772 1224 4827 habet
1246 4787 1346 4844 pro
1365 4771 1462 4843 τὴν
1479 4773 1781 4844 κτετελκαὶ
1803 4774 1995 4844 αὐλήν.

2082 4775 2126 4808 ¹⁹
2156 4775 2445 4848 Codd.__et
2469 4773 2599 4848 Ecl._
2633 4775 2919 4848 λαμϐάνοι.
2948 4847 2955 4848 γ
2991 4777 3037 4809 ²⁹
3073 4775 3148 4830 Ita
3177 4776 3290 4831 Ecl.
3321 4775 3514 4832 Zuicb.
3580 4783 3635 4831 et

380 4846 600 4902 Mecrm.
632 4841 884 4915 νομίκουξ
908 4841 1432 4914 διπὶιιιελομίμουζ
1489 4844 1533 4874 ³⁸
1561 4841 1792 4912 Scritng.
1824 4842 1903 4910 δὲ,
1927 4841 2118 4899 Zuich.
2150 4844 2264 4900 ὲπί.
2330 4845 2377 4877 ²²
2405 4845 2520 4900 Ecl.
2544 4841 2720 4918 νόμῳξ
2789 4847 2833 4878 ³³
2870 4847 2983 4902 Ecl.
3015 4863 3216 4919 προαγ.

1906 4949 2138 5007 NOTAE.

455 5046 566 5116 (7|)
598 5047 660 5100 D.
699 5046 737 5101 l.
774 5047 864 5110 I5,
897 5046 954 5102 in
985 5045 1078 5101 (in.

453 5113 566 5188 (72)
608 5117 779 5188 ’Υπὲρ
821 5117 924 5188 ,τοῦ
978 5117 1166 5188 τόπου,
1217 5115 1494 5188 Scrimger
1523 5113 1653 5188 hinc
1688 5132 1957 5188 sortiater-

383 5187 497 5246 κὸν.
517 5185 663 5257 quod
679 5196 735 5242 et
751 5185 1010 5257 solarium
1028 5196 1082 5241 ct
1099 5187 1389 5257 locariuui,
1409 5185 1520 5257 vid.
1543 5185 1657 5257 d.7l.
1683 5185 1766 5257 15,
1783 5187 1836 5240 in
1858 5186 1954 5240 (in.

453 5255 566 5329 (75)
593 5258 746 5311 Adde
761 5256 1111 5329 Novell._102,
1134 5255 1506 5329 1705,104,inf.
1520 5256 1641 5329 eod.
1663 5264 1717 5310 et
1735 5256 1820 5329 his
1837 5260 1958 5328 qui-

382 5326 508 5382 dem
540 5326 607 5382 (ιθ
629 5330 791 5382 rebus
831 5336 957 5380 ante
985 5326 1129 5380 hunc
1152 5328 1385 5381 Leonem
1408 5328 1544 5381 nihil
1571 5326 1958 5381 constitutum.

453 5399 565 5467 (74)
594 5397 649 5450 In
674 5397 923 5467 pothyris
957 5411 1055 5450 seu
1091 5397 1377 5451 vestibulis
1412 5398 1632 5460 aedium,
1667 5398 1734 5450 de
1759 5400 1960 5466 quibus

383 5466 667 5537 superiore
689 5466 823 5519 Nov.
848 5467 1054 5537 d_ictum
1077 5473 1181 5529 est,
1203 5468 1436 5521 maxime
1455 5469 1758 5537 inangusto
1795 5470 1955 5526 mari.

2058 5049 2215 5121 riuus
2237 5049 2431 5121 δίκτυα
2461 5047 2803 5121 εάγρεύοντα-
2829 5052 2956 5114 τοὺς
2992 5050 3180 5121 ίχθύας
3207 5065 3400 5120 :quam
3422 5051 3492 5121 ob
3519 5063 3634 5121 rem

2058 5118 2262 5191 ἐποχῆς
2280 5122 2382 5191 τὴν
2406 5118 2580 5191 ’πῆξιν
2625 5121 2763 5174 dixit
2785 5119 2894 5175 Leo
2938 5118 3144 5191 Not—tell.
3201 5118 3272 5176 83
3317 5128 3384 5191 et
3422 5119 3553 5191 I04,
3593 5120 3634 5187 j.

2060 5190 2268 5314 $23.3
2300 5189 2607 5314 ὲῗάπίνωμα
2659 5191 2929 5260 interpres
2970 5189 3181 5247 Novell.
3235 5190 3357 5256 102,
3385 5189 3490 5243 vid.
3527 5191 3638 5242 tiu,

2152 5298 2167 5313 .
2272 5278 2340 5314 ,υ
2381 5275 2428 5314 s.
2493 5299 2508 5313 .

2055 5265 2167 5327 jac.
2198 5265 2285 5321 14,
2309 5265 2428 5315 obs.
2457 5265 2508 5314 t.

2132 5327 2427 5398 (75)Jubet
2448 5329 2557 5384 Leo
2617 5331 2902 5386 intermitti
2941 5331 3176 5400 spatium
3219 5326 3637 5400 182,7ulnarum

2068 5411 2098 5449 a
2135 5399 2419 5470 superiore
2449 5399 2627 5454 vicina
2660 5401 2866 5470 epocha
2895 5399 3187 5456 cumidem
3230 5401 3306 5470 ab,
3353 5399 3633 5452 interiore.

2139 5467 2250 5534 (76)
2284 5469 2522 5539 Sanguis
2561 5467 2878 5524 auittialiuut
2908 5472 3064 5525 cibus
3104 5469 3326 5539 homini
3347 5483 3469 5522 esse
3501 5483 3623 5536 pro-

384 5534 830 5604 utiullosplioro
863 5534 1132 5608 :I‘liracico
1169 5543 1227 5588 ut
1254 5537 1545 5605 plurimum
1590 5534 1964 5607 ένοιιιὲποχαὶ
2070 5536 2312 5592 hibetur.
2367 5534 2440 5592 na
2497 5539 2775 5594 reducitur
2825 5541 2916 5608 jus
2972 5540 3273 5608 Mosaicuni
3311 5535 3451 5608 Lev.
3500 5534 3636 5600 mi,

385 5616 481 5659 aut
529 5617 678 5660 certe
715 5604 927 5674 ὲποχῶν
985 5605 1161 5670 initia,
1209 5604 1330 5673 qua:
1383 5608 1716 5675 posteriores
1771 5604 1958 5662 dixere

384 5677 585 5748 θράνας
619 5677 753 5729 retia
779 5694 830 5728 ιιι
860 5675 993 5729 mari
1018 5684 1242 5731 extensa
1273 5677 1501 5733 conlisis
1543 5676 1701 5746 palis.
1737 5677 1945 5733 Pharo-

2063 5617 2346 5680 rcceptum
2368 5609 2532 5662 etiam
2570 5607 2908 5680 temporibus
2937 5611 3225 5680 primitivze
3255 5607 3528 5664 Ecclesite.

2132 5677 2246 5746 (77)
2269 5677 2388 5733 Act.
2421 5695 2508 5745 xv,
2536 5677 2798 5736 vei-sfw.
2831 5677 3001 5735 Lavit.
3028 5695 3086 5741 ll,
3121 5678 3205 5733 t7.
