4062 6202
421 321 527 386 553

1538 319 1900 383 ΝονΕιιιβΕ
1922 318 2594 382 CONSTITUTIONES.

3569 328 3673 395 εει

416 428 559 504 αἷμα
577 430 640 484 οὑ
664 427 956 500 φάγεσθαι,
973 429 1068 484 καὶ
1083 428 1236 502 παρὰ
1255 429 1367 485 τῶν
1391 429 1651 502 κηρύκων
1663 433 1762 503 τῆς
1781 432 1991 505 χάριτος

2102 429 2235 485 dum
2266 445 2376 485 non
2405 446 2530 487 esse
2557 431 2837 486 mandavit
2870 431 3030 499 Deus,
3065 433 3228 490 simul
3259 434 3327 490 ab
3357 434 3671 495 istiusmodi

417 521 727 593 ἀπέχεσθαι
771 523 873 591 τῆς
925 521 1186 592 τοιαύτης
1242 522 1672 594 νενομοθέτηται
1718 523 1995 594 βρώσεως.

416 615 528 668 Καὶ
565 612 714 666 οὕτω
741 614 845 666 κάν
870 614 936 682 τῇ
984 611 1191 684 παλαιᾷ
1224 614 1328 667 κάν
1374 617 1441 686 τῇ
1475 614 1572 686 νέᾳ
1631 614 1814 686 χάριτι
1862 632 2000 685 συμ-

416 703 612 774 φώνως
643 703 906 774 ἀθεμίτου
927 702 1216 767 δοκοῦντος
1243 703 1342 757 καὶ
1366 705 1674 774 ἀποὸλήτου
1700 705 1794 759 τοῦ
1820 706 1998 777 πράγ-

418 813 630 869 ματος,
673 796 754 858 είς
810 793 1067 849 τοσοῦτον
1123 796 1445 862 αὐθαδείας,
1481 797 1682 867 μᾶλλον
1729 797 1786 850 δέ
1817 814 2000 867 παρα-

417 887 650 958 πληξίας
676 887 906 956 ἥκουσιν
932 885 1230 957 ἄνθρωποι,
1283 886 1360 951 ὡς
1410 887 1534 958 μηδ’
1587 887 1752 960 ἐτέρᾳ
1776 888 1886 941 τῶν
1916 905 1995 942 νο-

419 977 691 1052 μοθεσιῶν
722 977 954 1048 ὑπέχειν
995 977 1221 1048 εὑήκοον
1244 972 1359 1041 οὖς.
1409 977 1554 1031 Ἀλλ’
1580 979 1806 1049 ἀναίδην
1822 980 1870 1031 οἱ
1895 979 1996 1049 μέν

416 1071 644 1142 κέρδους
683 1069 874 1134 ἓνεκα,
908 1069 958 1122 oi
987 1068 1046 1122 δὲ
1073 1068 1134 1122 τὸ
1160 1068 1572 1141 γαστρίμαργον
1601 1068 1998 1140 θεραπεύοντες

417 1158 825 1231 καταφρονοῦσι
876 1157 976 1228 μὲν
1036 1156 1134 1211 τοῦ
1176 1158 1661 1228 παραγγέλματος,
1702 1158 1900 1229 βρῶμα
1936 1157 1995 1212 δὲ

416 1250 699 1305 ποιοῦνται
729 1249 792 1302 τὸ
835 1248 1294 1321 ἀπηγορευμένον
1311 1249 1358 1280 ’δ
1426 1251 1508 1312 είς
1562 1249 1766 1320 βρῶσιν
1827 1244 1991 1320 αἷμα.

431 1341 801 1414 “vivum,”
827 1340 936 1410 γὰρ
980 1344 1101 1402 ταῖς
1123 1341 1422 1411 ἡμετέραις
1447 1343 1661 1405 ἀκοαῖς,
1696 1341 1889 1412 ὅτιπερ
1916 1342 1994 1405 ὡς

416 1434 608 1505 χιτῶσι
639 1434 752 1495 τοῖς
785 1432 1026 1499 ἐντέροις
1052 1432 1099 1463 ²⁶
1129 1429 1286 1484 τοῦτο
1318 1431 1800 1501 διαλαμϐάνοντες,
1822 1431 1994 1486 καθά-

416 1542 524 1596 περ
549 1542 604 1578 τι
631 1523 742 1577 τῶν
778 1521 1025 1594 συνήθων
1049 1521 1353 1593 βρωμάτων
1377 1522 1581 1576 διδόασι
1611 1525 1676 1593 τῇ
1707 1523 1922 1592 γαστρί.

485 1615 658 1669 Τοῦτο
707 1615 810 1668 οὑκ
870 1613 1167 1684 ἀνασχετὸν
1196 1615 1230 1685 ἡ
1267 1613 1518 1684 βασιλεία
1542 1613 1703 1683 ἡμῶν
1737 1612 1992 1684 ὑπολαμ-

415 1705 674 1770 ϐάνουσα,
721 1706 832 1760 οὐδ’
866 1704 1010 1759 οὓτω
1033 1705 1349 1776 παράνομον
1383 1705 1628 1758 ἐπίνοιαν
1659 1705 1795 1776 πρὸς
1821 1705 1990 1776 μόνην

2104 521 2232 578 cibo
2261 523 2528 579 abstineri
2583 525 2786 581 debere
2820 540 2850 580 a
2897 529 3245 597 praeconibus
3299 533 3491 602 gratia
3553 534 3669 606 (78)

2100 621 2185 668 est
2218 615 2601 668 constitutum.
2661 614 2726 670 Et
2751 631 3066 687 quanquam
3118 626 3234 673 tum
3285 622 3486 677 veteris
3542 631 3657 677 tum

2099 718 2256 759 nova:
2283 703 2471 774 gratiae
2505 712 2745 775 tempore
2781 707 2875 760 illa
2934 723 3022 762 res
3078 709 3202 763 vilis
3260 708 3444 765 habita
3492 711 3565 766 sit
3618 720 3673 768 et

2102 793 2310 848 nefaria
2338 811 2353 847 :
2394 808 2458 850 eo
2490 803 2672 850 tamen
2708 798 3092 861 contumaciae,
3123 800 3234 855 imo
3283 801 3553 857 vecordiae
3583 805 3674 856 ho-

2099 886 2276 941 mines
2304 901 2650 956 processere,
2688 896 2747 942 ut
2797 889 2979 944 neutri
3032 891 3136 961 legi
3170 905 3359 948 aurem
3407 903 3672 963 praestent

2097 978 2450 1048 morigeratn.
2481 980 2549 1033 At
2577 987 2771 1034 contra
2820 981 2914 1036 alii
2951 981 3112 1047 lucri,
3146 983 3240 1039 alii
3309 984 3450 1055 gula:
3501 999 3669 1040 causa

2099 1081 2314 1122 summa
2361 1082 2485 1122 cum
2516 1068 2855 1139 impudentia
2914 1071 3232 1128 mandatum
3280 1082 3668 1138 contemnunt.

2097 1153 2153 1208 in
2196 1169 2492 1226 escamque
2540 1171 2648 1226 qua
2700 1158 2845 1212 vesci
2904 1161 3132 1214 vetitum
3177 1168 3296 1228 est,
3345 1164 3670 1232 sanguinem

2095 1256 2442 1301 convertunt.
2499 1246 2777 1303 Perlatum
2818 1249 2964 1304 enim
3008 1252 3076 1305 ad
3112 1266 3276 1308 aures
3320 1262 3536 1309 nostras
3563 1263 3672 1318 est,

2095 1337 2241 1406 quod
2271 1337 2552 1394 intestinis
2585 1348 2844 1409 tanquam
2890 1340 3095 1397 tunicis
3132 1343 3286 1396 illum
3326 1343 3670 1411 infarcitum,

2095 1426 2243 1481 velut
2272 1434 2596 1481 consuetum
2627 1427 2864 1497 aliquem
2899 1428 3080 1483 cibum
3115 1431 3291 1485 ventri
3338 1432 3633 1501 praebeant.

2166 1515 2324 1582 Quod
2379 1516 2600 1572 tolerari
2661 1533 2773 1572 non.
2821 1517 3020 1575 debere
3072 1520 3420 1590 imperatoria
3481 1533 3670 1578 nostra

2093 1607 2356 1678 majestas
2389 1616 2530 1675 rata,
2568 1624 2745 1680 neque
2771 1617 2880 1664 tam
2922 1611 3092 1682 impio
3129 1613 3234 1668 soli
3274 1614 3415 1684 gulae
3458 1615 3672 1670 inhian-

2094 1698 2233 1754 tium
2299 1701 2583 1755 hominum
2642 1701 2886 1769 invento,
2934 1718 3082 1759 nunc
3132 1713 3400 1775 praecepta
3445 1705 3670 1772 divina,

414 1797 659 1867 γαστέρα
683 1797 994 1868 κεχηνότων
1040 1797 1250 1868 ἀνδρῶν
1274 1799 1317 1829 ³⁷
1367 1797 1610 1870 ὑϐρίζειν
1638 1799 1737 1870 μὲν
1764 1799 1885 1854 θεῖα
1905 1800 1990 1852 ἐν-

2093 1805 2241 1845 nunc
2278 1791 2591 1862 reipublicae
2623 1802 2830 1848 nostra!
2867 1795 3206 1851 honestatem
3235 1797 3502 1852 dedecore
3531 1798 3671 1854 allici

411 1887 686 1958 τάλματα,
746 1887 994 1958 ὑϐρίζειν
1045 1887 1102 1942 δὲ
1143 1887 1244 1958 τῆς
1283 1889 1560 1960 ἡμετέρας
1609 1889 1887 1954 πολιτείας
1929 1890 1992 1943 τὸ

412 1979 632 2048 ἔντιμον
675 1977 1002 2049 ἀνεχομένη,
1046 1978 1259 2032 κελεύει
1296 1980 1356 2032 τὸ
1387 1979 1628 2034 τοιοῦτον
1681 1979 1815 2048 ἄγος
1863 1982 1991 2052 μηδ’

410 2070 530 2132 ὅλος
557 2069 681 2122 τινὰ
712 2070 791 2133 είς
819 2069 1024 2140 τόλμαν
1061 2070 1397 2141 ἐκφέρεσθαι
1443 2072 1803 2142 ἐπιτηδεύειν,
1851 2074 1992 2143 μήτε

413 2163 552 2232 πρὸς
585 2161 794 2216 οίκείαν
830 2162 1030 2234 χρῆσιν
1076 2162 1205 2233 μήθ’
1235 2161 1378 2216 ὥστε
1419 2163 1612 2228 ἀλλους
1651 2164 1992 2234 ὠνουμένους

409 2254 596 2321 ἐναγεῖ
643 2253 1098 2322 καταμιαίνεσθαι
1135 2252 1407 2326 βρώματι.
1460 2254 1571 2309 Καὶ
1607 2255 1739 2308 ῐστω
1767 2257 1876 2320 πᾶς
1908 2272 1992 2319 τις

409 2347 440 2399 ὁ
476 2345 748 2416 φωραθεὶς
779 2344 1230 2417 κατολιγωρήσας
1256 2346 1364 2399 ἀπὸ
1385 2345 1480 2400 τοῦ
1504 2346 1772 2417 παρόντος
1795 2345 1989 2417 καιροῦ

407 2435 504 2489 τοῦ
530 2435 675 2490 θείου
696 2435 1048 2508 ὲντάλματος,
1073 2439 1171 2491 καὶ
1190 2437 1252 2490 τὸ
1279 2431 1419 2508 αἷμα
1449 2437 1646 2508 βρῶμα
1666 2437 1990 2507 ποιούμενος

408 2527 537 2598 (κᾶν
565 2544 624 2580 τε
656 2528 984 2600 πιπράσκων
1006 2529 1110 2583 κᾶν
1149 2545 1210 2582 τε
1253 2529 1561 2599 ὠνούμενος
1589 2529 1698 2599 εἴη)
1720 2569 1735 2592 ,
1759 2529 1836 2593 ὡς
1880 2529 1990 2582 τῶν

409 2635 470 2672 τε
501 2618 811 2691 προσόντων
838 2619 1102 2692 δημεύσει
1131 2620 1603 2692 ὑποϐληθήσεται,
1634 2620 1730 2674 κα)⁵
1764 2618 1902 2690 μετά
1930 2619 1992 2673 τδ

410 2711 490 2775 εἰς
517 2709 579 2763 τὸ
612 2710 772 2781 σῶμα
815 2712 1029 2781 πικρῶς
1061 2710 1375 2782 αἰκισθῆναι
1404 2712 1498 2765 καὶ
1528 2714 1586 2766 ἐν
1613 2709 1732 2782 χρῷ
1764 2710 1990 2781 κουρείᾳ

409 2802 777 2872 ἀτιμασθῆναι
809 2805 955 2874 φυγῇ
999 2802 1100 2873 τῆς
1151 2802 1407 2873 πατρίδος
1451 2801 1608 2873 ἀϊδίῳ
1641 2801 1990 2872 ζημιωθήσε-

409 2909 521 2946 ται.
562 2892 686 2946 Ἐπι
719 2893 894 2968 ταύτῃ
947 2895 1004 2949 δὲ
1053 2899 1122 2969 τῇ
1173 2897 1301 2971 δίκῃ
1353 2898 1449 2952 καὶ
1493 2899 1622 2962 τοὺς
1669 2898 1729 2950 ἐν
1786 2895 1991 2966 ἑκάστῃ

411 2982 562 3037 πόλει
587 2984 928 3056 ἐπάρχοντας
949 2989 1023 3060 μὴ
1046 2989 1300 3059 ἀφεῖσθαι
1327 2990 1700 3061 ἀνεγκλήτους
1724 2987 1992 3060 προστάσ-

414 3091 596 3144 σομεν,
633 3077 770 3130 ἀλλά
799 3080 895 3131 καὶ
939 3079 1136 3143 αὑτοὺς
1171 3080 1293 3150 (οὑκ
1326 3079 1392 3134 ἂν
1435 3082 1543 3152 γὰρ
1570 3079 1729 3133 τοῦτο
1759 3091 1988 3147 παρενο-

2095 1883 2398 1950 sustinens,
2423 1883 2600 1953 jubet,
2633 1901 2696 1938 ne
2729 1886 2846 1954 quis
2875 1886 2932 1938 id
2960 1888 3163 1953 scelus,
3193 1902 3373 1958 neque
3405 1889 3472 1943 ad
3509 1905 3670 1944 suum

2094 1990 2278 2040 usum,
2303 1989 2480 2045 neque
2509 1983 2565 2029 ut
2596 1985 2874 2047 emptores
2892 1977 3216 2034 detestanda
3239 1979 3365 2034 cibo
3398 1982 3670 2035 contami-

2092 2072 2313 2130 nentur,
2339 2065 2448 2120 ullo
2466 2066 2626 2120 modo
2647 2080 2903 2122 exercere
2923 2067 3142 2123 audeat.
3173 2069 3243 2123 At
3261 2069 3416 2132 sciat,
3439 2071 3671 2140 quicun-

2091 2170 2199 2225 que
2221 2155 2422 2211 dehinc
2439 2154 2681 2211 divinum
2704 2158 3023 2213 mandatum
3051 2167 3422 2228 contemnere,
3445 2163 3666 2234 sangui-

2091 2263 2329 2318 nemque
2352 2249 2408 2302 in
2430 2249 2612 2304 cibum
2637 2260 2955 2306 convertere
2972 2251 3110 2322 (sive
3127 2252 3343 2318 vendat,
3366 2255 3481 2308 sive
3498 2258 3667 2322 emat)

2090 2340 2467 2411 deprehensus
2497 2341 2682 2405 fuerit,
2714 2356 2773 2396 se
2817 2342 3086 2398 bonorum
3133 2344 3487 2414 publicationi
3534 2348 3667 2402 sub-

2087 2432 2409 2504 jiciendutn,
2441 2440 2496 2487 et
2517 2433 2607 2486 ubi
2639 2433 2896 2488 acerbum
2929 2433 2983 2488 in
3009 2434 3232 2491 modum
3257 2436 3439 2506 flagris
3470 2451 3666 2502 caesus,

2091 2539 2155 2580 ac
2183 2535 2309 2580 cute
2343 2535 2504 2580 tenus
2552 2523 2697 2578 {inde
2749 2533 2938 2578 tonsus
2972 2525 3079 2580 erit
3106 2525 3242 2595 (79),
3273 2536 3539 2596 perpetuo
3571 2544 3670 2597 pa-

2093 2615 2212 2671 triae
2243 2615 2436 2671 exsllio
2475 2614 2819 2669 multandum
2849 2629 2991 2670 esse.
3031 2615 3152 2681 Quo
3189 2617 3408 2687 quidem
3439 2617 3492 2671 in
3519 2619 3670 2688 judi-

2091 2707 2208 2772 cio,
2262 2721 2440 2776 neque
2498 2705 2776 2760 civitatum
2831 2706 3178 2778 magistratus
3229 2709 3366 2764 citra
3411 2711 3672 2766 crimina-

2093 2794 2295 2848 tionem
2367 2793 2724 2848 dimittendos
2802 2808 3092 2849 censemus
3146 2815 3160 2850 :
3211 2797 3307 2851 sed
3358 2807 3418 2852 ut
3465 2809 3519 2853 et
3570 2799 3670 2869 ipsi

2092 2897 2292 2955 (neque
2344 2884 2512 2950 enim,
2559 2883 2606 2938 si
2667 2884 2740 2938 illi
2790 2886 3139 2940 convenienti
3189 2888 3469 2944 alacritate
3498 2895 3670 2964 magi-

2091 2985 2324 3032 stratum
2363 2976 2698 3048 gessissent,
2747 2977 2802 3032 id
2860 2978 3041 3034 scelus
3089 2981 3444 3037 commissum
3501 2989 3668 3054 esset)

2089 3071 2235 3140 quod
2267 3068 2606 3140 negligenter
2635 3068 3052 3140 socorditerque
3079 3070 3314 3127 subditis
3332 3073 3670 3144 prteruerint,

415 3165 586 3232 μεῖτο,
615 3165 663 3217 εί
701 3165 781 3236 τῷ
831 3167 1094 3237 πρέποντι
1123 3170 1439 3242 δραστηρίῳ
1465 3171 1709 3241 ἀρχικοῖς
1738 3166 1966 3238 ἀνδράσι

2093 3162 2272 3217 decem
2316 3162 2580 3214 librarum
2613 3160 2728 3214 auri
2769 3161 2996 3215 multam
3029 3162 3384 3218 sustineant..

409 3258 507 3329 τὴν
540 3258 714 3330 ἀρχὴν
746 3261 1094 3334 διεκόσμουν)
1148 3263 1280 3318 δέκα
1326 3265 1526 3339 λιτρῶν
1561 3262 1767 3338 χρυσοῦ
1801 3259 2007 3334 ζημίαν
2049 3257 2272 3329 ὑπέχειν
2318 3255 2420 3327 τῆς
2456 3253 2691 3327 ἀμελῶς
2742 3255 2840 3309 καὶ
2913 3254 3160 3328 ῥᾳθύμου
3192 3257 3301 3311 τῶν
3334 3258 3663 3331 ὑπσχειρίων

409 3352 750 3416 ἐπιστασίας.

958 3469 1432 3544 summam.

407 3601 547 3679 Περὶ
573 3604 682 3679 τοῦ
715 3606 825 3661 ἐάν
855 3625 948 3676 τις
975 3607 1290 3679 ἐλεύθερος
1313 3611 1595 3678 πεφυκὼς
1637 3608 1856 3663 ἑαυτὸν
1894 3611 1981 3676 εις

513 3677 762 3754 augetur
795 3677 1193 3750 ἀπεμπολοίη,
1249 3681 1334 3752 μὴ
1372 3677 1814 3748 συνεστηκέναι
1865 3679 1982 3748 τὴν

473 3756 721 3812 πρασιν.

493 3855 554 3910 '0
584 3858 748 3924 αὑτὸς
786 3860 1046 3933 βασιλεὺς
1076 3861 1354 3934 Στυλιανῷ
1381 3862 1459 3934 τῷ
1489 3862 1661 3936 αὑτῷ.

485 3944 578 4013 Εἷς
617 3953 714 4005 καὶ
746 3948 903 4017 οὗτος
929 3955 1092 4025 νόμος
1139 3957 1257 4008 ἐστὶ
1307 3956 1415 4010 τῶν
1449 3958 1523 4029 μὴ
1566 3959 1887 4030 πρεπόντων
1915 3963 1982 4033 τῇ

412 4037 636 4111 εὐταξίᾳ
689 4042 792 4112 τῆς
840 4045 998 4115 ἡμῶν
1027 4047 1302 4111 πολιτείας
1343 4049 1480 4119 μήτε
1511 4049 1783 4122 ἀποδοχῆς
1819 4052 1984 4119 ἀξίων

411 4131 549 4200 μήτε
593 4133 777 4205 χώραν
824 4137 1148 4205 ὀφειλόντων
1185 4139 1371 4193 λαϐεῖν
1419 4141 1724 4214 ἐνεργείας,
1776 4143 1835 4207 ὃς
1891 4144 1983 4197 τὸν

2544 3455 3015 3516 CONSTITUTIO
3073 3458 3212 3517 LIX.

2195 3590 2488 3664 Abrogatio
2529 3591 2651 3662 legis
2678 3590 2791 3663 (80)
2815 3609 2932 3663 qua
2962 3595 3224 3653 hominem
3253 3597 3473 3656 liberum
3508 3617 3565 3658 se

2616 3664 2829 3719 vendere
2861 3667 3140 3735 permittit.

2152 3881 2298 3940 idem
2354 3884 2651 3955 imperator
2678 3887 2854 3943 eidem
2888 3886 3158 3962 Styliano.

2156 3977 2289 4044 Quae
2313 3978 2398 4033 lex
2428 3977 2704 4034 hominem
2728 3979 2985 4047 liberum,
3020 3983 3115 4053 qui
3144 3991 3254 4038 tam
3289 3983 3471 4056 ignavi
3502 3991 3667 4056 atque

2083 4069 2284 4141 abjecti
2309 4071 2482 4125 animi
2507 4079 2614 4135 est,
2652 4081 2711 4125 ut
2743 4073 3015 4131 libertatis
3040 4076 3360 4146 dignitatem
3398 4077 3668 4134 dedecore

2079 4159 2472 4231 alliciens,quo
2499 4161 2841 4217 exsecrabile
2868 4179 2970 4233 pro
3019 4167 3286 4221 servitute
3319 4168 3661 4237 persolvendi

407 4221 692 4298 ἐλεύθερον
750 4228 849 4300 μὲν
898 4231 1207 4302 πεφυκότα,
1237 4232 1532 4305 φαυλότητι
1573 4235 1630 4289 δὲ
1668 4235 1897 4308 γνώμης
1922 4237 1984 4291 τὸ

2093 4250 2253 4319 pretii
2303 4221 2519 4307 lucrum
2576 4221 3063 4325 participet-(Sl),
3122 4270 3278 4311 suam
3319 4221 3663 4313 Istervitutem

1608 4395 1840 4454 VARUE
1890 4399 2300 4463 LECTIONES.

479 4525 535 4600 "_
566 4525 792 4600 Meerm.
811 4527 1209 4600 ἀπηγορευθέν.

406 4595 561 4667 Agyl.
594 4597 738 4669 conj.
771 4595 1097 4671 ἀνθρῶπων.

1319 4531 1364 4562 ’⁸
1385 4529 1577 4587 Zulch.
1611 4539 1668 4588 et
1698 4532 1926 4592 Meerm.
1952 4537 2250 4612 ἀνηνέχθη.

2370 4539 2622 4598 "Codd.
2667 4539 2904 4614 ἑτέροις.
3014 4542 3061 4576 ’⁷
3104 4541 3336 4616 Scrig.
3368 4541 3478 4600 τῶν
3507 4543 3662 4618 ἀνδρ.

1938 4699 2174 4760 NOTAE.

476 4827 593 4902 ('13)
618 4826 738 4902 get.
769 4844 897 4902 xxv,
929 4845 1074 4902 vers.
1103 4829 1194 4893 29,
1232 4830 1416 4886 Cauon
1453 4830 1643 4902 Apost.
1673 4833 1765 4892 69..
1845 4884 1852 4892 ,.

348 4949 355 4957 ,
406 4969 422 5024 ἱ
475 4896 590 5021 (179)
619 4896 798 4954 Pinnae
839 4901 1020 4956 simile
1084 4918 1256 4972 genus
1292 4912 1469 4957 exstat
1502 4896 1586 4958 "iu
1643 4903 1852 4961 Novell.
1884 4905 1981 4975 δὲ,

430 4986 462 5022 n
509 4985 585 5021 Ill.
663 4987 666 4989 ν

476 5037 587 5108 (80)
618 5035 783 5093 Liber
835 5040 1001 5095 homo
1061 5056 1120 5097 se
1186 5043 1338 5097 nullo
1399 5044 1562 5098 modo
1612 5045 1851 5100 vendere
1907 5047 1978 5101 ad

406 5109 641 5181 pretium
684 5109 790 5181 sui
829 5112 1257 5181 pat'ticipandum
1321 5123 1496 5181 potest
1530 5131 1545 5168 :
1575 5121 1630 5168 et
1684 5115 1757 5169 ita
1814 5116 1983 5171 abro-

405 5175 563 5256 gatur
610 5175 650 5256 I_.
682 5177 796 5256 ξιξ
823 5175 878 5256 1,
1009 5175 1082 5234 De
1122 5192 1296 5256 statu}
1321 5175 1370 5256 'l.
1400 5184 1455 5256 θ,
1495 5182 1536 5256 §_
1566 5183 1726 5256 5,_ﬂ'.
1776 5185 1850 5239 De
1895 5186 1983 5240 in-

403 5248 581 5314 iusto;
623 5248 658 5303 l.
692 5248 778 5312 14,
817 5249 871 5304 θ’.
911 5252 982 5306 De
1013 5253 1210 5321 pannis,
1257 5251 1284 5322 §
1322 5252 1376 5307 4.
1409 5248 1586 5308 lusiit.
1624 5252 1698 5309 De
1709 5255 1833 5325 jure
1856 5271 1983 5326 per-

405 5333 588 5372 sonar.

478 5387 594 5465 (8t)
622 5387 1130 5465 Συμμοιράσασθαι.
1162 5390 1398 5465 ξοτίηις.
1435 5391 1507 5465 ad
1543 5393 1775 5465 pretium
1809 5394 1981 5465 parti-

403 5457 893 5534 cipamlum';_l._'5,
921 5459 948 5530 §
981 5463 1028 5534 ε,
1067 5463 1122 5534 ti“.
1171 5461 1246 5516 De
1281 5457 1425 5534 sta'tu
1447 5457 1610 5534 ;rl.'r6,
1641 5463 1675 5534 ἃ
1707 5465 1759 5530 5,
1809 5457 1869 5520 ἰΐ.
1903 5465 1978 5520 De

402 5528 627 5602 iniusto.
662 5527 688 5598 ς
721 5527 1054 5602 4._lustIiDe
1075 5532 1195 5602 jur.
1227 5547 1369 5600 pers.
1402 5532 1493 5602 ἐπὶ
1523 5527 1976 5602 τὸμοιρίσασθαι

400 5599 463 5649 τὸ
492 5599 733 5673 τίμημα.
765 5598 1135 5673 ΤιιοορΙιηίῠί.
1167 5598 1349 5665 Quaeri
1391 5601 1479 5655 hic
1509 5598 1686 5672 potest
1709 5598 1970 5673 quemad-

2085 4838 2123 4913 l_.
2157 4841 2245 4909 16,
2265 4841 2326 4913 C.
2351 4841 2428 4897 De
2450 4840 2706 4911 liberali),
2734 4841 3008 4913 autetrjns
3038 4841 3256 4898 tandem
3275 4842 3508 4912 pretium
3542 4858 3667 4898 ven-

2083 4910 2309 4968 ditionis
2347 4913 2508 4968 istius
2531 4910 2816 4983 acceptum
2850 4910 3044 4968 fieret?
3077 4928 3146 4966 an
3170 4910 3521 4983 venditoris?
3553 4930 3662 4967 non

2083 4982 2265 5046 video,
2330 4997 2457 5037 cum
2511 4982 2698 5037 statim
2758 4983 2827 5036 ab
2875 4984 2991 5051 ipsa
3045 4982 3362 5038 venditione
3405 4984 3665 5038 venditor

2083 5065 2277 5107 servus
2314 5051 2608 5118 efﬁciatur,
2632 5051 2882 5122 nihilque
2902 5053 2969 5105 ab
2989 5065 3055 5105 eo
3087 5061 3364 5122 momento
3395 5068 3555 5108 suum
3581 5056 3665 5107 vel

2081 5122 2360 5192 preprium
2400 5123 2619 5175 habeat.
2686 5123 2769 5175 An
2796 5121 3112 5190 emptoris?
3157 5138 3224 5177 ne
3281 5122 3348 5193 id,
3401 5122 3665 5193 quidem,

2081 5191 2208 5245 nam
2246 5207 2354 5262 qua
2386 5207 2550 5262 manu
2583 5193 2818 5259 pretium
2858 5199 3199 5256 numeraret,
3253 5191 3442 5262 eadem
3476 5194 3663 5248 statim

2082 5261 2374 5331 reciperet,
2430 5261 2714 5331 nulloque
2759 5269 3038 5331 momento
3078 5263 3131 5314 in
3179 5261 3478 5318 venditoris
3545 5278 3668 5331 per-

2085 5330 2217 5385 sona
2251 5338 2534 5384 constaret
2578 5330 2611 5384 Ι.
2655 5330 2746 5393 79,
2777 5346 2825 5386 s.
2875 5330 2942 5385 de
2982 5346 3106 5400 acq.
3136 5332 3336 5387 ltazred.
3368 5336 3450 5388 An
3484 5330 3672 5387 extra-

2086 5403 2172 5455 nei
2199 5400 2358 5470 ?Non
2386 5400 2547 5454 video
2580 5415 2798 5470 quoque
2830 5415 3158 5470 quemquam
3198 5409 3306 5456 tam
3360 5403 3577 5457 facilem
3613 5404 3667 5456 iu

2084 5470 2250 5543 alium
2289 5469 2476 5534 fuisse,
2518 5469 2675 5543 ut_'se
2710 5469 2963 5543 alterius
3017 5469 3387 5543 locupletaudi
3423 5474 3530 5543 vel
3584 5473 3670 5541 jn-

2078 5541 2239 5610 vandt
2269 5553 2439 5610 causa
2469 5540 2707 5595 vendere
2759 5541 2904 5594 velit.
2941 5541 3125 5610 Itaque
3145 5540 3159 5543 ⁷
3186 5552 3318 5610 puto
3377 5540 3594 5597 liberes
3614 5557 3668 5597 ct

2079 5609 2344 5681 ingenuos
2383 5609 2638 5665 homines
2666 5626 2732 5665 eo
2763 5611 3014 5666 redactos
3033 5609 3424 5681 nonnunquam
3465 5614 3661 5674 l‘ttissc,

403 5667 1165 5750 modumeiven‘ditio-gnarn
1194 5687 1245 5723 tn
1275 5667 1654 5750 piguoraiiouc
1689 5667 1973 5750 minusest
2073 5667 2221 5750 quvod
2264 5680 2455 5733 lterum
2509 5697 2539 5734 a
2573 5697 2682 5750 quo
2735 5681 3012 5736 alerentur
3071 5667 3344 5737 interdum
3406 5667 3660 5739 nancisci

402 5737 551 5791 dubii
602 5737 638 5790 l.
692 5738 784 5802 ‘23,
836 5737 863 5802 ε
906 5738 958 5798 l,
993 5737 1066 5794 De
1098 5737 1307 5795 liberali
1336 5737 1519 5797 'causa
1569 5752 1622 5798 et
1666 5744 1969 5799 ministerio
2070 5737 2150 5802 e'is
2190 5751 2471 5811 expediret
2502 5737 2676 5815 tua-gis
2702 5767 2866 5811 quam
2909 5752 2962 5806 iu
2996 5764 3256 5809 ucroctua
3309 5737 3661 5810 mendicitate
