4090 6206
463 312 566 372 555

1657 301 1861 360 ⁴1.ιέοΝ
1874 301 1944 359 lS
1973 299 2426 362 PHILOSOPHI

3581 303 3684 367 556

466 429 760 484 mercetur,
793 435 900 475 non
931 420 1187 488 castigat,
1221 431 1398 488 neque
1427 418 1610 474 scelus
1651 418 1785 472 illud
1843 418 2021 474 corri—

2124 421 2300 490 τίμιον
2320 421 2420 489 τῆς
2443 419 2756 489 ἐλευθερίας
2778 417 3068 488 ύϐρίζοντα
3113 416 3211 471 καὶ
3223 417 3324 486 τὴν
3355 413 3564 469 οίκείαν
3585 419 3686 482 ἐμ-

458 511 844 585 git;profccto
877 519 931 564 et
965 510 1054 562 illa
1108 524 1293 564 earum
1343 523 1451 562 una
1515 517 1755 576 estquae
1811 521 2021 564 rectum

459 602 774 672 reipublicae
801 607 1007 654 nostra:
1038 607 1243 653 statum
1295 599 1585 662 dedecent,
1644 614 1709 654 ac
1748 602 2020 670 approba-

457 693 607 746 tione
638 690 876 759 indignae
924 695 1074 754 sunt,
1107 703 1284 757 neque
1318 689 1706 744 auctoritatem
1739 700 1794 745 et
1838 691 2020 746 ellica«

457 781 595 836 ciam
627 780 882 848 accipere
912 778 1131 832 debent.
1183 777 1344 831 Illam
1385 779 1572 848 itaque
1609 779 1676 833 de
1705 793 1770 834 eo
1811 780 1905 848 qui
1934 794 2021 836 res

458 885 589 926 suas
622 871 695 923 ita
729 871 1024 940 gubernat,
1059 867 1224 920 latam
1276 870 1469 938 legem,
1533 884 1654 938 qua:
1688 869 2019 924 dementiam

459 963 670 1014 lirinam
701 972 826 1013 esse
855 957 1144 1025 permittit,
1183 972 1360 1027 neque
1417 973 1608 1013 eversa
1661 958 1881 1028 indigna
1930 959 2020 1012 illa

457 1060 788 1112 mercatura,
821 1051 920 1103 hos
947 1049 1040 1117 qui
1094 1064 1190 1117 per
1223 1048 1594 1119 insipientiam
1630 1051 1756 1103 talia
1792 1051 2019 1114 faciunt,

458 1140 904 1210 competentibus
942 1139 1121 1206 poenis
1152 1138 1397 1207 subjicit,
1434 1154 1610 1207 neque
1654 1140 1789 1209 legis
1821 1155 2020 1210 propo-

459 1234 624 1286 situm
654 1231 860 1286 scimus
892 1244 1134 1290 servare,
1167 1243 1344 1294 neque
1375 1243 1498 1298 qua:
1555 1232 1910 1283 eonvenieuti
1942 1232 2020 1282 le-

457 1323 620 1394 gibus
686 1319 995 1375 reverentia
1064 1319 1332 1388 potiatur,
1382 1319 1598 1387 dignam
1636 1328 1912 1389 putamus.
1965 1320 2021 1372 Si

457 1415 603 1468 enim
627 1411 772 1481 quod
800 1411 912 1481 (82)
943 1418 1098 1479 pater
1129 1409 1257 1464 ﬁliis
1292 1417 1397 1474 est,
1428 1410 1482 1463 id
1520 1411 1660 1463 idem
1705 1413 1852 1479 leges
1885 1409 2020 1463 civi-

459 1505 561 1559 lius
583 1518 704 1558 esse
735 1510 971 1570 oportet,
1010 1509 1069 1553 ut
1104 1500 1157 1553 in
1178 1500 1283 1554 hoc
1309 1515 1474 1554 unum
1501 1501 1648 1569 quod
1680 1501 1789 1554 illis
1815 1500 2022 1554 condu-

459 1601 547 1646 cat
575 1606 640 1645 ac
671 1590 909 1644 salutare
968 1590 1064 1652 sit,
1090 1589 1408 1644 colliment:
1441 1590 1717 1658 quomodo
1750 1589 1893 1642 hanc
1946 1589 2020 1642 leo

457 1696 576 1749 gem
609 1679 700 1748 qui
727 1687 938 1732 tantum
973 1677 1377 1732 incommodum
1415 1686 1581 1747 atque
1639 1678 1897 1731 damnum
1931 1677 2020 1730 in-

459 1771 716 1826 cumbere
733 1771 798 1824 iis
821 1771 912 1838 qui
937 1783 1034 1837 per
1054 1769 1384 1823 dementiam
1405 1769 1459 1822 in
1485 1768 1537 1823 id
1563 1783 1623 1825 se
1645 1768 2018 1839 coniecerunt,

461 1861 612 1924 sinit,
646 1860 852 1928 legibus
885 1859 1239 1911 annumerari
1266 1873 1481 1927 aequum
1516 1859 1640 1913 est?

531 1946 685 2000 Hanc
718 1947 902 2015 itaque
941 1961 1039 2000 nos
1075 1946 1284 2014 legibus
1326 1956 1642 2016 cxcerptam
1679 1948 1733 2000 in
1765 1946 2020 2001 exsilium

459 2038 759 2102 mittentes,
791 2039 1096 2103 sancimus,
1128 2046 1184 2089 ut
1217 2038 1263 2090 si
1293 2039 1408 2107 quis
1459 2038 1535 2091 ita
1588 2036 1811 2091 demens
1835 2039 1927 2099 sit,
1961 2043 2020 2089 ut

463 2130 771 2184 libertatem
802 2128 1068 2183 servitute
1099 2135 1448 2183 commutans
1480 2142 1540 2183 se
1587 2128 1764 2195 ipsum
1805 2127 2022 2193 vendat,

459 2219 594 2274 aeis
617 2228 937 2273 contractus
973 2218 1188 2273 validus
1233 2217 1328 2282 sit,
1385 2218 1479 2272 scd
1515 2225 1817 2279 evertatur,
1855 2226 1909 2270 et
1946 2216 2023 2269 si-

460 2311 572 2364 mul
603 2310 716 2378 ipse
751 2310 1017 2364 libertatis
1051 2324 1164 2363 suae
1192 2309 1464 2378 proditor,
1501 2309 1663 2362 simul
1707 2309 1753 2361 is
1783 2307 2022 2376 quicum

458 2403 578 2471 ipso
599 2400 666 2454 ad
689 2400 906 2454 [acinus
940 2398 1271 2468 designavit,
1301 2397 1625 2451 verberibus
1668 2397 2022 2464 castigentur,

459 2492 740 2560 nihiloque
802 2491 985 2543 minus
1036 2488 1274 2543 vesaniae
1330 2487 1603 2556 mancipio
1680 2485 1903 2540 libertas
1969 2483 2025 2536 in

462 2577 695 2646 pristino
723 2590 825 2630 suo
848 2584 996 2630 statu
1027 2583 1298 2630 servetur.

846 2755 1308 2814 CONSTITUTIO
1360 2755 1454 2812 Lx
1507 2755 1642 2828 (85).

535 2850 653 2918 Qua
675 2865 828 2920 pana
855 2848 967 2923 (84)
990 2857 1312 2904 castratoru
1360 2845 1473 2918 (85)
1532 2844 1680 2915 afﬁci
1711 2842 1954 2900 debeant.

532 3015 677 3070 idem
708 3015 1009 3085 imperator
1028 3012 1204 3068 eidem
1258 3011 1531 3085 Styliano.

530 3106 768 3160 Virtutis
829 3104 942 3175 (86)
997 3105 1064 3159 ad
1119 3103 1524 3174 procreandum
1582 3116 1614 3155 a
1649 3102 1758 3156 Deo
1809 3108 2024 3154 natura:

469 3199 690 3254 inedita:
722 3196 966 3251 exsectio
1004 3211 1113 3249 non
1156 3196 1370 3248 minore
1415 3207 1537 3248 cum
1580 3191 1806 3246 audacia
1833 3189 2026 3246 identi-

464 3289 586 3344 dem
615 3287 1002 3350 committitur,
1038 3300 1203 3355 quam
1231 3286 1276 3340 si
1299 3284 1442 3355 apud
1475 3283 1643 3339 Deum
1679 3282 1814 3337 nulli
1848 3297 2026 3351 pcenaa

465 3379 706 3435 obnoxia
763 3385 936 3442 esset,
985 3392 1111 3431 cum
1165 3388 1347 3430 tamen
1380 3375 1465 3430 vel
1515 3374 1752 3428 maxime
1817 3373 1926 3439 sit;
1973 3379 2030 3428 et

464 3486 776 3542 quanquam
807 3469 1090 3524 veteribus
1137 3467 1542 3537 legislatoribus
1563 3480 1709 3521 curae
1755 3463 1941 3531 fuerit,
1969 3471 2028 3518 ut

468 3562 522 3616 id
559 3563 761 3616 malum
795 3561 991 3615 ultrice
1022 3560 1139 3629 lege
1167 3558 1535 3623 excideretur,
1561 3571 1670 3628 quo
1722 3554 2032 3625 respublica

471 3652 540 3706 ah
569 3652 882 3706 istiusmodi
914 3652 1139 3706 invento
1164 3651 1366 3704 munda
1397 3658 1578 3705 esset:
1607 3647 1751 3703 haud
1805 3649 1921 3703 scio
1947 3656 2032 3702 ta-

471 3757 618 3805 men,
659 3757 785 3796 cum
821 3743 866 3795 si
902 3742 987 3796 cui
1024 3741 1141 3805 alii,
1178 3740 1307 3794 huic
1349 3750 1502 3794 certe
1558 3740 1881 3810 prescripto
1928 3741 2028 3794 ob-

470 3833 786 3901 temperari,
820 3843 989 3901 atque
1040 3846 1070 3884 a
1127 3841 1336 3885 natura:
1385 3829 1723 3885 mutilatione
1770 3831 2032 3886 abstineri

473 3937 688 3989 aequum
715 3922 808 3987 sit,
836 3922 1195 3992 quamobrem
1220 3936 1332 3976 non
1389 3920 1463 3974 ita
1500 3920 1704 3976 faciant
1745 3921 2028 3978 homines:

474 4011 570 4066 sed
601 4021 860 4082 tanquam
895 4011 1188 4066 utilitatem
1217 4011 1532 4081 quamdam,
1569 4012 1881 4066 istiusmodi
1934 4013 2031 4067 ad-

2123 512 2485 582 πορευόμενον
2536 511 2813 563 δούλευσιν
2829 510 2874 543 ⁸⁸
2907 510 3002 562 ἐπὶ
3053 508 3191 578 cfp"
3247 506 3441 577 κέρδος
3490 507 3689 576 μιαρὸν

2120 603 2242 656 ἀντὶ
2285 603 2386 671 τῆς
2430 601 2677 666 δουλείας
2725 600 2820 654 τοῦ
2859 597 3341 667 καταϐεϐλημένου
3375 596 3685 666 τιμήματο,

2106 692 2616 762 -συμμοιράσασθαι,
2651 692 3056 761 ἀσωφρόνιστον
3106 688 3233 752 ἐῶν,
3261 688 3362 740 ούκ
3395 687 3691 757 ἐπανορθοῖ

2119 783 2219 853 τὴν
2256 783 2618 852 παρανομίαν.
2668 780 2970 851 Τοιγαροῦν
2991 778 3086 832 τοῦ
3121 779 3191 832 τὰ
3213 780 3392 831 οἰκεῖα
3421 777 3565 830 οὕτω
3596 795 3686 831 τι·

2122 874 2349 944 θεμένου
2369 874 2413 906 ”
2447 874 2539 926 τὸν
2575 874 2736 942 νόμον
2775 872 2833 935 ὃς
2876 872 3201 941 παραχωρεῖ
3251 869 3350 936 τὴν
3404 882 3688 938 παραφρο-

2122 965 2286 1034 σύνην
2305 964 2529 1034 βεϐαίαν
2552 964 2841 1034 ὑπάρχειν,
2889 962 3026 1016 ἀλλά
3067 961 3141 1031 μὴ
3168 959 3308 1029 μετὰ
3329 958 3424 1011 τοῦ
3467 958 3690 1027 ἀνατρέ-

2121 1075 2244 1111 πειν
2271 1058 2368 1124 τὴν
2395 1058 2589 1126 ἄτιμον
2618 1056 2889 1126 ἐμπορίαν
2933 1053 3028 1107 καὶ
3051 1053 3266 1113 ποιναῖς
3314 1048 3688 1119 ἁρμοζούσαις

2119 1148 2521 1202 καθυποϐάλλει
2565 1148 2691 1211 τοὺς
2738 1145 2963 1200 τοιαῦτα
2995 1146 3167 1197 ποιεῖν
3197 1141 3686 1212 ἀφρονευομένους,

2118 1240 2242 1292 οὕτε
2256 1241 2420 1309 νόμου
2447 1238 2762 1309 προαίρεσιν
2781 1235 3063 1298 διασώζειν
3083 1234 3237 1303 ἴσμεν
3267 1232 3389 1286 οὔτε
3421 1232 3521 1301 τῆς
3551 1248 3690 1300 πρε-

2120 1329 2329 1397 πούσης
2378 1328 2562 1398 νόμοις
2614 1325 2795 1389 αἰδοῦς
2829 1341 2888 1377 τε
2931 1323 3026 1376 καὶ
3085 1321 3254 1391 τιμῆς
3299 1319 3688 1388 ἐπιτυγχάνειν

2119 1417 2413 1487 νομίζομεν
2451 1417 2621 1482 ἀξιον.
2671 1416 2733 1468 El
2758 1415 2866 1485 γὰρ
2893 1413 3028 1483 ὅπερ
3059 1411 3244 1481 πατὴρ
3261 1409 3495 1474 τέκνοις,
3525 1406 3688 1460 τοῦτο

2119 1512 2198 1563 δεῖ
2231 1509 2601 1574 τοῖςπολίταις
2623 1505 2765 1562 εἷναι
2797 1509 2924 1569 τοὺς
2949 1507 3168 1575 νόμους,
3209 1503 3344 1575 πρὸς
3374 1501 3433 1554 ἐν
3455 1501 3497 1532 ⁸¹
3526 1501 3689 1570 μόνον

2118 1600 2180 1656 τὸ
2230 1600 2510 1670 συμφέρον
2547 1599 2642 1652 καὶ
2725 1599 2996 1667 σωτήριον
3054 1597 3166 1649 τῶν
3245 1591 3688 1661 πολιτευομένων

2100 1691 2388 1776 δρῶντας,
2435 1690 2539 1744 ποῦ
2564 1690 2774 1752 δίκαιος
2810 1683 2967 1752 οὗτος
3001 1687 3189 1757 νόμοις
3213 1681 3687 1750 συνεξετάζεσθαι,

2124 1781 2376 1852 τοιαύτην
2412 1780 2613 1850 βλάϐην
2660 1779 2756 1833 καὶ
2790 1778 2992 1847 ζημίαν
3023 1774 3324 1846 συγχωρῶν
3370 1771 3689 1826 ἐπικεῖσθαι

2123 1873 2236 1934 τοῖς
2255 1871 2496 1939 ἀνοήτως
2514 1868 2737 1932 ἑαυτοὺς
2754 1867 2835 1929 είς
2849 1865 3057 1935 ταύτην
3106 1861 3505 1931 ύποϐεϐληκόσι
3530 1875 3548 1925 ;

2212 1961 2380 2014 Τοῦτο
2402 1959 2494 2012 οῦν
2517 1956 2991 2028 ἐξοστρακίζοντες
3021 1954 3116 2008 καὶ
3140 1953 3250 2006 τῶν
3273 1952 3452 2021 νόμων
3485 1949 3690 2018 ἐκφυλι-

2122 2051 2474 2123 λοφοροῦντες
2522 2051 2684 2120 ἡμεῖς
2716 2048 3066 2117 θεσπίζομεν,
3097 2044 3150 2098 εἴ
3181 2061 3266 2105 τις
3302 2041 3476 2105 οὕτως
3493 2039 3691 2109 ὀφθείη

2121 2141 2391 2210 δυστυχῶν
2417 2140 2498 2203 είς
2524 2140 2747 2210 φρένας,
2771 2138 2868 2191 καὶ
2907 2135 3154 2191 δουλείαν
3183 2133 3500 2203 ἐλευθερίας
3537 2133 3690 2184 ἀντι-

2123 2232 2624 2300 καταλλαττόμενος
2666 2230 2863 2283 ἐαυτὸν
2914 2225 3299 2297 ἀπεμπολοίη,
3333 2225 3408 2294 μὴ
3431 2238 3691 2291 συνεστηο

2123 2323 2296 2386 κέναι,
2328 2322 2462 2374 ἀλλά
2490 2319 2890 2390 ἀνατρέπεσθαι
2929 2318 3030 2389 τὴν
3059 2316 3282 2387 πρᾶξιν,
3323 2313 3489 2369 αὑτοῦ
3513 2329 3572 2366 τε
3594 2311 3690 2365 τοῦ

2128 2412 2386 2483 προδότου
2422 2411 2522 2480 τῆς
2564 2411 2701 2473 ιδίας
2729 2409 3046 2479 ἐλευθερίας
3084 2404 3300 2462 καὶτοῦ
3338 2420 3686 2472 συγκακουρ-

2125 2500 2352 2569 γοῦντος
2389 2499 2536 2568 αύτῷ
2556 2500 2790 2570 πληγαῖς
2821 2517 2880 2553 τε
2915 2501 2994 2563 είς
3037 2498 3099 2552 τὸ
3154 2497 3315 2567 σῶμα
3365 2493 3694 2565 σωφρονιζο-

2127 2590 2326 2660 μένων,
2348 2590 2440 2643 καὶ
2471 2590 2569 2658 τῆς
2598 2589 2913 2660 ἐλευθερίας
2937 2591 2994 2642 ἐν
3019 2589 3096 2661 τῷ
3125 2587 3311 2657 οἰκείῳ
3339 2582 3687 2656 τηρουμένης

2126 2680 2370 2751 σχήματι
2397 2679 2475 2751 τῷ
2498 2682 2599 2751 τῆς
2628 2680 2815 2744 ἀνοίας
2837 2681 3178 2752 ἀνδραπόδῳ.

2703 2771 3021 2825 ΔΙΑΤΑΞΙΣ
3041 2771 3095 2823 Ξ⁹
3108 2809 3121 2824 .

2125 2861 2266 2933 Περὶ
2287 2860 2407 2918 τῶν
2442 2861 2912 2932 εὐνουχῑζόντων
2940 2864 3217 2932 τιμωρίας
3245 2862 3446 2928 ἄλλως
3478 2858 3517 2929 ἢ
3543 2858 3697 2913 κατὰ

2580 2934 2691 2986 τὸν
2718 2937 2984 3001 πρόσθεν
3023 2936 3232 3003 νόμον.

2209 3024 2267 3078 '0
2289 3024 2450 3087 αὐτὸς
2490 3024 2744 3094 βασιλεὺς
2777 3023 3050 3094 Στυλιανῷ
3082 3023 3158 3094 τῷ
3187 3021 3358 3092 αὐτῷ.

2197 3116 2440 3186 Πρᾶγμα
2487 3114 2837 3185 τολμώμενον
2873 3115 2972 3184 μὲν
3008 3114 3245 3183 ἀφειδῶς
3298 3113 3374 3175 ὡς
3422 3110 3694 3181 μηδεμιᾶς

2121 3208 2274 3277 παρά
2300 3206 2418 3276 Θεῷ
2442 3206 2633 3258 δοκοῦν
2661 3205 2841 3276 ἔνοχον
2856 3206 3032 3274 δίκης,
3079 3204 3313 3274 μάλιστα
3344 3203 3401 3255 δέ
3443 3201 3502 3255 δν
3529 3201 3677 3264 ἄξιον

2122 3297 2315 3366 δίκης,
2360 3297 2395 3367 ἡ
2435 3296 2639 3367 ἐκτομὴ
2683 3298 2782 3366 τῆς
2825 3295 3206 3366 ἐντεθειμὲνης
3266 3293 3373 3349 ύπὺ
3419 3291 3557 3346 Θεοῦ
3620 3293 3692 3360 τῇ

2123 3389 2281 3456 φύσει
2332 3387 2610 3452 δυνάμεως
2663 3387 2800 3456 πρὸς
2829 3386 3079 3458 διαδοχὴν
3126 3385 3219 3438 τοῦ
3251 3385 3464 3453 γένους,
3520 3381 3689 3436 πάλαι

2140 3478 2238 3547 μὲν
2259 3477 2588 3547 τιμωροῦντι
2621 3478 2771 3548 νόμῳ
2822 3477 2909 3530 διὰ
2963 3476 3221 3548 προνοίας
3275 3475 3522 3543 ἐγεγόνει
3573 3475 3698 3535 τοῖς

2137 3569 2454 3638 νομοθέταις
2478 3568 2662 3622 λαϐεῖν
2694 3568 2961 3638 ἐκκοπὴν,
3006 3568 3146 3622 ὥστε
3177 3567 3278 3637 τῆς
3296 3565 3550 3634 τοιαύτης
3575 3565 3697 3616 ἐπι-

2136 3656 2286 3719 νοίας
2315 3657 2600 3725 καθαίρειν
2628 3657 2728 3727 τὴν
2751 3657 3024 3726 ἡμετέραν
3050 3655 3350 3708 πολιτείαν·
3373 3654 3474 3706 οὐκ
3499 3647 3614 3704 οῖδα
3632 3651 3699 3718 ,δέ

2135 3747 2283 3808 ὅπως
2303 3745 2419 3798 δέον
2439 3747 2595 3816 εἴπερ
2627 3747 2731 3799 τινὶ
2747 3746 2890 3815 ἄλλῳ
2918 3745 3091 3815 τούτῳ
3120 3744 3403 3797 πείθεσθαι
3438 3742 3516 3811 τῷ
3543 3757 3699 3811 παρ-

2143 3835 2452 3902 αγγέλματι
2498 3834 2592 3887 καὶ
2645 3833 2916 3901 φείδεσθαι
2941 3833 3119 3903 λωϐᾷν
3138 3835 3204 3903 τῇ
3235 3831 3414 3901 φύσει,
3438 3831 3534 3898 οὐχ
3555 3828 3700 3880 οὕτω

2136 3925 2404 3990 ποιοῦσιν,
2430 3922 2545 3978 ἀλλ’
2579 3924 2768 3995 ὥσπερ
2781 3942 2834 3977 τι
2870 3925 2977 3978 τῶν
2996 3923 3288 3992 ὠφελίμων
3314 3921 3413 3992 τὴν
3445 3923 3584 3975 κατά
3602 3919 3698 3972 τοῦ

2137 4013 2334 4083 γένους
2383 4015 2642 4085 τοιαύτην
2688 4015 2980 4084 ἐπιϐουλὴν
3028 4014 3387 4085 λογιζόμενοι,
3417 4012 3484 4066 τὰ
3519 4011 3587 4065 δι’
3622 4004 3700 4064 ὢν

1744 4145 1980 4202 VARIIE
2033 4147 2434 4205 LECTIONES.

545 4265 592 4298 ’⁸
619 4262 812 4318 Zuich.
838 4260 1115 4314 δούλωσιν.
1188 4261 1235 4332 ἐξ
1270 4257 1500 4332 Scrimg.
1525 4259 1616 4332 ἐπὶ
1640 4257 1719 4332 τό,
1797 4259 1842 4291 ³ο
1863 4260 1991 4332 Haec
2021 4260 2186 4316 verba
2208 4260 2300 4314 τοῦ
2323 4287 2393 4301 —-
2422 4261 2704 4332 τιθεμένου
2735 4268 2829 4315 aut
2857 4272 3111 4331 corrupta
3141 4269 3234 4313 aut
3264 4267 3386 4330 post
3415 4273 3699 4326 παραφρο-

471 4340 634 4396 σύνην
655 4332 971 4388 collocanda
1002 4346 1125 4386 esse
1153 4331 1423 4384 videntur.
1480 4329 1521 4360 ⁸³
1559 4329 1748 4383 Zuich.
1781 4345 1890 4387 om.
1912 4330 1993 4386 ἐν.

1956 4444 2189 4501 ΝΟΤᾸΞ.

468 4540 672 4610 vivere.
704 4535 880 4610 Acne
919 4536 1127 4588 interea
1201 4541 1406 4610 temere
1474 4550 1534 4590 sc
1592 4535 1647 4590 in
1710 4538 2025 4610 servitutem
2061 4543 2104 4598 Ι)
2133 4555 2300 4610 quum
2334 4540 2407 4594 sit
2435 4539 2636 4594 minori
2661 4538 2850 4608 viginti
2877 4536 3304 4610 quinqueannis
3336 4535 3391 4589 in
3423 4536 3698 4610 integrum

468 4609 684 4664 dedisse
715 4606 1066 4668 viderentur;
1105 4613 1271 4671 utque
1303 4605 1538 4672 aliquam
1585 4607 1822 4674 speciem
1855 4610 2030 4661 homi-

468 4681 556 4733 nis
612 4676 832 4746 ingenui
887 4688 1101 4746 semper
1131 4690 1240 4746 prie
1270 4688 1329 4726 se
1386 4673 1722 4746 ferren_t_,’ab
1774 4686 2024 4746 emptore

468 4743 827 4817 (Theophilus
882 4743 1062 4817 pauld
1092 4745 1297 4817 aliter“
1319 4757 1432 4796 rem
1462 4744 1718 4811 explicat.
1761 4743 1912 4817 _lnst.
1955 4747 2028 4799 Dc

462 4810 589 4886 jure
625 4810 911 4886 personar.
949 4810 975 4880 §
1016 4812 1064 4862 οί
1089 4812 1158 4886 δὲ⁸
1187 4810 1496 4886 δοῦλοιηεο.
1518 4810 1704 4868 sensu.
1758 4813 1871 4883 Ego
1905 4829 2028 4886 cum

471 4881 656 4953 aliquo
685 4883 790 4953 egi,
823 4890 880 4935 ut
911 4897 996 4934 me
1025 4881 1284 4935 venderet
1311 4881 1521 4953 viginti
1555 4885 1792 4953 nummis
1811 4881 1866 4937 et
1925 4883 2028 4937 sibi

468 4950 754 5026 pro—lucro
779 4953 1020 5026 quinque
1074 4953 1317 5026 haberet,
1353 4950 1669 5026 quindecim
1728 4954 1861 5026 mihi
1901 4954 2030 5007 red-

471 5019 646 5091 deret)
677 5019 883 5091 partem
928 5019 1014 5074 sui
1074 5021 1245 5091 ipsius
1277 5020 1458 5088 pretii,
1511 5021 1741 5089 ejusque
1799 5023 2028 5076 liberam

469 5090 922 5164 perpetuamun
956 5159 967 5164 Α
990 5090 1519 5164 administrationem
1599 5091 2024 5164 stipulabantur.

472 5159 601 5232 hrg'.
627 5163 666 5216 l.
689 5162 746 5225 2,
778 5159 834 5214 ll.
871 5160 925 5212 Si
956 5159 1225 5227 ingenuus
1247 5161 1626 5281 wuodrostea
1645 5161 1726 5214 vel
1755 5161 2026 5228 iniquum,

472 5242 740 5281 imitatum
775 5238 859 5281 est
882 5228 1114 5281 aLeone
1141 5229 1242 5281 bac
1312 5230 1429 5281 ovel
1455 5243 1525 5281 a:
1574 5243 1683 5281 non
1724 5231 2025 5281 immerito:

471 5228 740 5286 imitatum
775 5238 859 5285 est
882 5245 911 5282 a
933 5228 1114 5282 Leone
1141 5229 1242 5282 bac
1262 5228 1484 5281 Novella
1509 5244 1525 5294 ;
1574 5243 1683 5282 non
1724 5231 2025 5284 immerito:

471 5318 594 5356 cum
633 5312 811 5353 tamen
863 5302 949 5352 sui
1003 5299 1175 5366 ipsius
1211 5298 1580 5368 venditionem
1639 5307 1836 5352 natura
1881 5314 2020 5368 quo-

469 5371 761 5425 dammodo
789 5378 1046 5437 respuat;
1083 5376 1138 5421 et
1190 5382 1378 5436 parum
1436 5367 1729 5422 admodum
1779 5367 2020 5435 intersit,

471 5450 706 5493 mortem
743 5440 868 5508 quis
899 5437 1001 5492 sibi
1033 5439 1332 5508 naturalem
1366 5437 1449 5490 vel
1482 5437 1695 5508 civilem
1722 5439 2022 5504 conciscat,

472 5526 593 5562 cum
623 5506 782 5563 nemo
813 5511 884 5562 sit
913 5506 1282 5560 membrorum
1311 5520 1536 5558 suorum
1589 5506 1841 5561 dominus
1871 5509 1907 5559 Ι.
1934 5508 2017 5570 15,

473 5593 517 5632 5.
555 5579 635 5632 Ad
664 5579 833 5646 legem
867 5577 1045 5643 Aquil.
1082 5576 1254 5646 quod,
1285 5575 1520 5646 hominis
1575 5576 1729 5629 liberi
1767 5577 1915 5629 nulla
1950 5578 2022 5629 sit

475 5644 760 5704 aestimatio
790 5650 825 5701 l.
857 5649 952 5700 ult.
983 5646 1038 5700 ll.
1101 5645 1176 5700 De
1207 5645 1292 5698 liis
1348 5644 1440 5712 qui
1470 5645 1697 5714 dejeccr.
1731 5646 1888 5711 Quod
1921 5647 2024 5698 ini-

2133 4605 2538 4664 restitutionem
2599 4610 2664 4661 ad
2720 4605 2817 4663 res
2871 4622 3000 4661 suas
3032 4605 3323 4660 'alicnatas
3358 4605 3700 4659 revocandas

2131 4678 2382 4742 concedi,
2417 4693 2521 4733 nec
2571 4684 2754 4731 tamen
2804 4677 2872 4730 ad
2923 4676 3226 4730 libertatem
3285 4674 3542 4728 amissam
3600 4689 3700 4729 seu

2131 4748 2408 4801 venditam
2441 4746 2803 4801 revocandam
2836 4747 2978 4799 dari.

2203 4817 2316 4886 (82)
2343 4816 2453 4871 Lex
2484 4816 2539 4870 id
2567 4826 2662 4886 rest
2695 4815 2912 4886 civibus
2947 4812 3090 4882 quod
3119 4821 3287 4886 pater
3307 4812 3553 4886 liberis;_
3576 4814 3702 4886 ideo

2130 4882 2332 4967 dicitur
2364 4888 2450 4942 lex
2507 4885 2716 4948 πόλεως
2745 4884 2986 4954 συνθήκη
3043 4885 3223 4954 κοινή,
3276 4884 3314 4936 l.
3343 4882 3399 4948 ‘2,
3430 4882 3485 4935 ll.
3522 4882 3596 4938 De
3616 4885 3700 4939 le-

2341 5023 2516 5095 Hujus
2546 5022 2782 5080 Novella:
2811 5023 3059 5078 meminit
3084 5021 3370 5077 Balsamon
3403 5020 3470 5074 ad
3519 5035 3571 5075 c.
3601 5021 3696 5086 21,

2127 5093 2219 5156 22,
2246 5094 2335 5150 25.
2371 5093 2558 5164 Apost.

2202 5164 2314 5232 (84)
2341 5164 2694 5218 Castratores
2724 5165 2868 5219 enim
2904 5162 2970 5215 ad
3023 5161 3268 5232 eamdem
3320 5158 3700 5232 pmnam_adi-

2130 5228 2419 5302 gebantur.
2451 5232 2501 5287 J.
2531 5234 2653 5288 eod.
2699 5243 2755 5288 et
2813 5233 3026 5287 Novell.
3061 5230 3183 5294 M2,
3225 5247 3278 5285 c.
3313 5231 3364 5282 1.
3410 5228 3562 5292 Quod
3595 5229 3701 5281 hac

2130 5303 2526 5374 constitutione
2573 5306 2893 5374 abrogatur.

2199 5372 2312 5439 (85)
2341 5371 2417 5425 De
2446 5363 2861 5433 castratoribus,
2905 5371 3041 5425 adde
3067 5371 3106 5439 l.
3136 5369 3229 5439 27,
3277 5365 3306 5434 §
3332 5366 3437 5439 28,
3459 5363 3514 5418 ff.
3539 5364 3616 5439 ad
3648 5366 3691 5439 l_.

2129 5433 2311 5512 {‘lq'uil'.
2346 5442 2404 5512 3,
2443 5441 2470 5511 §
2506 5441 2578 5512 1i;
2614 5442 2650 5494 l.
2683 5441 2739 5506 4,
2776 5441 2803 5512 §
2835 5443 2886 5508 1,
2919 5442 2956 5495 l.
2980 5441 3034 5496 6.
3069 5438 3123 5491 ll.
3148 5438 3222 5492 De
3258 5433 3507 5499 sicariis;
3537 5433 3697 5488 Paul.

2129 5509 2630 5646 δ’(ἷῗξιλὲῗέἑεέέξ
2661 5578 2797 5648 πρὸς
2819 5578 3068 5647 διαδοχὴν
3105 5575 3196 5628 τοῦ
3226 5574 3413 5643 γένους
3441 5570 3695 5642 δύναμις,

2134 5657 2327 5701 natura
2351 5649 2388 5702 l.
2421 5649 2473 5712 9,
2508 5649 2562 5702 ll.
2598 5647 2675 5704 De
2707 5647 2842 5703 lber.
2870 5658 2922 5704 ct
2955 5649 3230 5716 posthuiu.
