4062 6202
449 305 552 372 557

1552 314 1914 378 NOVELLIE
1955 313 2624 378 CONSTITUTIONES.

3588 297 3693 370 553

447 427 663 496 γένεσις
688 425 979 498 ἀνθρώπω
1031 428 1168 503 πρὸς
1197 429 1313 500 φῶς
1365 429 1582 503 ἔρχεται
1627 433 2013 503 ἀποκείροντες

2127 447 2309 488 versus
2334 430 2632 502 generandi
2666 430 2775 486 vim
2803 428 3034 487 insidias
3057 431 3400 501 reputantes,
3450 422 3691 476 membra
3740 460 3747 472 .

446 517 775 588 ἀνθρώπους
800 517 869 581 ⁸¹,
932 517 1123 588 ἕτερον
1175 520 1334 573 αὐτοὶ
1386 522 1617 591 πλάσμα
1675 523 1772 576 καὶ
1797 516 2023 591 ούχοῖον

443 605 646 680 οἶδενή
685 607 784 662 τοῦ
807 608 1057 663 ῐιλάστου
1101 611 1263 681 σοφία
1300 611 1379 683 τῷ
1432 611 1624 684 κόσμῳ
1668 612 2027 682 παρεισάγειν

447 700 841 769 φιλονεικοῦσι.
922 701 1096 756 Τοῦτο
1149 699 1243 758 οὖν
1311 705 1474 774 ἡμεῖς
1567 704 1672 758 οὐκ
1728 703 1958 758 ἀνεκτὸν
1981 703 2026 736 ³³

445 791 731 862 ἡγούμεθα
749 793 1023 864 παριδεῖν,
1073 792 1211 848 ἀλλά
1233 795 1387 866 νόμῳ
1424 795 1524 866 τὴν
1550 795 1681 866 περὶ
1712 794 1878 849 αὐτοῦ
1903 811 2026 847 ποι-

447 882 545 952 νὴν
571 882 848 953 ὁρίζοντες
882 883 1210 955 πειρώμεθα
1259 885 1358 938 σὺν
1393 885 1514 956 Θεῷ
1548 886 1651 955 τῆς
1680 885 1886 956 τόλμης
1913 885 2029 938 ἐπι-

451 975 602 1043 σχεῖν
632 976 758 1037 τοὺς
786 973 930 1028 οὕτω
972 969 1047 1046 μὴ
1070 974 1556 1046 διευλαϐουμένους
1579 975 1657 1047 τῷ
1674 975 1801 1046 θείῳ
1828 977 2028 1046 λυμαί-

449 1065 639 1120 νεσθαι
690 1065 992 1136 πλάσματι.
1043 1065 1109 1121 Ἢ
1171 1067 1270 1138 μὲν
1322 1067 1416 1121 οὖν
1468 1066 1578 1122 τῶν
1647 1067 2028 1139 προλαϐόντων

455 1157 766 1229 νομοθετῶν
803 1157 984 1228 ψῆφος
1009 1157 1056 1191 ³⁵
1121 1159 1249 1222 τοὺς
1322 1158 1482 1212 τοῦτο
1533 1158 1852 1229 τολμῶντας
1945 1161 2028 1223 εἰς

448 1250 549 1322 τὴν
570 1250 1212 1322 αὐτὴν,ἀντιπεριίστησι
1249 1250 1434 1320 λώϐην
1461 1251 1577 1314 τοῖς
1624 1249 1859 1304 παθοῦσι
1899 1251 2027 1313 τοὺς

449 1341 897 1413 λωϐησαμένους,
954 1346 1050 1398 καὶ
1079 1346 1218 1414 ὅπερ
1266 1344 1451 1406 αὐτοῖς
1485 1340 1820 1412 ἐπιθυμητὸν
1847 1340 2027 1408 ἔδοξεν

450 1436 509 1487 ἐν
545 1433 726 1498 ἄλλοις
760 1435 911 1502 ἰδεῖν,
943 1434 1102 1490 τοῦτο
1145 1437 1241 1490 καλ⁸
1279 1438 1338 1489 ἐν
1375 1436 1593 1498 ἑαυτοῖς
1621 1435 1664 1467 ³³
1725 1435 1856 1506 όρᾷν
1902 1450 2028 1486 κατ-

456 1528 776 1598 επράττετο,
808 1528 870 1581 ού
894 1528 1015 1582 λίαν
1047 1528 1235 1600 ἔμοιγε
1265 1528 1311 1560 ³⁸
1333 1527 1535 1591 ἀδίκως
1591 1527 1643 1579 εί
1677 1527 1772 1580 καὶ
1804 1525 1879 1596 μὴ
1903 1526 2024 1578 λίαν

453 1618 776 1690 πρεπόντως
801 1619 1081 1691 ὁρίζουσα.
1128 1620 1265 1674 Οὐδὲ
1318 1619 1426 1692 γὰρ
1466 1620 1548 1673 ὅτι
1588 1619 1792 1680 ἐκεῖνος
1820 1617 2026 1687 ἐτόλμα

451 1703 562 1761 οἷον
599 1707 1121 1780 ἀντιπλαστουργεῖν
1150 1709 1230 1779 τῷ
1280 1707 1422 1780 Θεῷ,
1479 1707 1570 1762 διὰ
1612 1706 1772 1760 τοῦτο
1816 1707 1911 1760 καὶ
1933 1705 2025 1759 τὸν

452 1797 771 1852 ἐκδικοῦντα
847 1801 1136 1869 μιμεῖσθαι
1181 1800 1277 1853 καὶ
1330 1797 1854 1868 ἀντιπλαστουργεῖν
1910 1797 2023 1866 ἔχει

452 1887 655 1951 καλῶς,
702 1887 840 1958 πλὴν
880 1887 1015 1942 ἀλλὰ
1059 1889 1196 1959 πρός
1234 1905 1297 1956 γε
1329 1887 1430 1958 τὴν
1475 1887 1737 1940 ἀπόνοιαν
1775 1888 1836 1939 ού
1867 1886 2016 1952 λίαν,

450 1977 641 2050 ῶσπερ
670 1977 827 2050 ἐφην,
868 1979 1094 2033 ἄτοπον.
1154 1978 1278 2032 Ἐπὶ
1293 1977 1465 2047 τούτῳ
1503 1976 1562 2030 δὲ
1589 1978 1683 2030 καὶ
1716 1977 1892 2039 ἄλλως
1916 1978 2026 2028 ἐτι-

453 2072 686 2139 μωρεῖτο
707 2069 833 2132 τοὺς
861 2069 1078 2123 ἀνόσιον
1134 2068 1299 2139 ἔργον
1319 2067 1657 2138 τολμῶνταςο
1695 2068 1767 2122 τά
1820 2084 1881 2119 τε
1911 2065 2021 2136 γὰρ

451 2161 724 2233 προσόντα
752 2161 1066 2232 ἐδημοσίου,
1114 2160 1213 2214 καὶ
1265 2159 1423 2230 ἀϊδίῳ
1463 2161 1610 2228 φυγῇ
1669 2157 2020 2223 κατεδίκαζε,

451 2253 544 2304 καὶ
588 2250 678 2304 τὸν
708 2251 1015 2312 ὑποστάντα
1063 2251 1166 2319 τὴν
1222 2250 1438 2306 ἀδικίαν
1464 2250 1649 2304 δοῦλον
1700 2248 1833 2303 ὄντα
1873 2247 2025 2301 ἐλευ-

451 2342 608 2413 θερίᾳ
629 2341 814 2413 ἐτίμα.
882 2343 952 2396 Ἥ
1011 2343 1110 2413 μὲν
1130 2341 1225 2396 οῦν
1268 2341 1378 2396 τῶν
1425 2339 1809 2412 προλαϐόντων
1866 2354 2026 2408 νομο-

451 2435 604 2488 θεσία
627 2433 870 2505 τοιαύτη,
924 2435 1085 2505 ἡμεῖς
1114 2435 1170 2488 δὲ
1187 2435 1316 2505 περὶ
1350 2433 1444 2486 τοῦ
1477 2432 1802 2502 πράγματος
1843 2429 2025 2497 ψῆφον

449 2527 775 2595 ἐξάγοντες,
823 2525 884 2579 τὸ
935 2526 1032 2595 μὲν
1083 2523 1487 2579 ἀντιλωϐᾶσθαι
1529 2523 1656 2585 τοὺς
1691 2519 2015 2585 ἐπιϐούλους

447 2619 547 2688 τῆς
580 2618 794 2687 φύσεως
842 2617 1212 2690 παραπλησίῳ
1241 2616 1390 2687 λώϐῃ
1435 2611 1873 2684 ἅπαγορεύομεν,
1901 2613 2015 2675 τοῖς

447 2709 492 2763 δ’
535 2710 717 2772 ἄλλοις
774 2709 862 2763 ἐπ’
911 2709 1060 2780 αὐτῷ
1101 2708 1450 2780 ὡρισμένοις,
1497 2707 1547 2760 εί
1599 2707 1693 2759 καὶ
1741 2703 2022 2758 κάνταῦθα

450 2799 586 2872 πρὸς
610 2799 670 2852 τδ
693 2800 1199 2872 φιλανθρωπότερον
1222 2799 1396 2870 ήδίκη
1413 2798 1537 2870 ὁρᾷ,
1564 2791 1787 2852 ἀλλὀῦν
1802 2795 2025 2850 ὑποκεῖ-

451 2891 575 2944 σθαι
601 2890 798 2954 αύτοὺς
825 2889 924 2943 ούκ
949 2890 1254 2961 ἀπαρέσκει
1289 2888 1356 2942 ³⁷.

521 3073 864 3145 Θεσπίζομεν
893 3072 1008 3140 οὖν,
1043 3072 1260 3144 πρῶτον
1316 3071 1416 3142 μὲν
1447 3069 1539 3124 τὸν
1576 3067 1998 3142 προσκαλεσάμε

449 3183 539 3220 νον
567 3166 656 3220 τὸν
689 3165 1018 3237 ἐνεργοῦντα
1052 3166 1152 3234 τὴν
1188 3162 1564 3233 κατοτεχνίαν,
1592 3160 1678 3232 ἐφ’
1711 3155 1756 3230 ᾧ
1793 3158 2024 3232 ἐνεργῆ-

451 3273 542 3311 σαι
572 3257 639 3324 ³⁸,
695 3257 746 3310 εί
778 3257 877 3328 μὲν
908 3257 953 3289 ³’
983 3256 1061 3328 τῷ
1111 3254 1402 3326 καταλόγῳ
1447 3255 1557 3308 τῶν
1592 3251 1878 3324 βασιλείων
1925 3252 2023 3305 ἀν-

450 3346 684 3418 θρώπων
732 3349 895 3410 τελεῖ,
923 3347 1309 3402 ἐκκὸπτεσθαι
1349 3345 1442 3399 τοῦ
1479 3345 1804 3413 καταλόγου,
1831 3342 2025 3397 ἔπειτα

449 3438 508 3492 δὲ
533 3440 626 3492 καὶ
685 3438 817 3494 δέκα
851 3439 1050 3509 λιτρῶν
1078 3440 1302 3510 χρυσίου
1341 3441 1419 3502 εἰς
1447 3438 1508 3492 τὸ
1535 3436 1795 3508 δημόσιον
1818 3435 2026 3505 ἀναφε-

452 3531 692 3601 ρομένων
718 3533 920 3601 ζημίαν
946 3531 1169 3602 ὑπέχειν
1198 3533 1294 3586 καὶ
1328 3530 1492 3601 μέχρι
1520 3528 1650 3581 δέκα
1678 3525 1814 3580 ἐτῶν
1854 3526 2023 3595 ὑπερ-

447 3617 596 3689 όριον
619 3619 720 3685 τῆς
744 3619 1000 3691 πατρίδας
1024 3619 1295 3689 γίνεσθαι,
1320 3621 1416 3672 τὸν
1443 3617 1498 3671 δὲ
1533 3616 1632 3686 τῆς
1670 3613 2028 3684 κακοτεχνίας

447 3707 687 3778 ἐργάτην
720 3725 813 3762 και
855 3709 1019 3764 αὐτὸν
1058 3709 1275 3780 πρῶτον
1320 3708 1418 3778 μὲν
1447 3705 1674 3776 μάστιξι
1701 3705 1822 3766 ταῖς
1859 3702 1940 3765 είς
1968 3701 2030 3755 τὸ

450 3796 609 3869 σῶμα
646 3799 736 3852 καὶ
787 3799 845 3851 ὲν
887 3799 1007 3871 χρῷ
1053 3797 1280 3870 κουρεία
1317 3793 1708 3866 ἀτιμάζεσθαι,
1741 3791 1934 3846 ἔπειτα
1973 3790 2030 3844 δὲ

449 3889 671 3944 καὶτῶν
705 3890 875 3944 ὄντων
899 3887 1321 3962 ἀποστερεῖσθαι
1351 3887 1445 3940 καὶ
1476 3887 1579 3956 ἴσῳ
1609 3882 1805 3955 καιροῦ
1845 3882 2030 3954 μέτρῳ

448 3981 552 4050 τῆς
587 3983 920 4054 ἐνεγκούσης
979 3981 1227 4052 φεύγειν.
1295 3980 1352 4033 '0
1395 3979 1452 4032 δὲ
1499 3980 1600 4049 τὴν
1643 3976 1858 4054 ἀδικίαν
1891 3975 2026 4029 ὑπο-

460 4073 610 4133 στὰς.
638 4074 687 4125 Li
722 4074 820 4139 μὲν
875 4072 984 4127 τῶν
1036 4073 1142 4127 ὑπὸ
1171 4071 1414 4126 δουλείαν
1445 4049 1897 4138 τελούντωνέἱή,
1932 4064 2025 4118 τὸν

453 4163 617 4218 ὐπόλο
643 4181 742 4221 πον
785 4167 976 4238 χρόνον
1022 4166 1125 4237 τῆς
1164 4164 1329 4219 αὑτοῦ
1375 4163 1525 4234 ζωῆς
1561 4161 1811 4231 δουλικῆς
1855 4157 2027 4230 τύχης

2053 1759 2101 1818 Β

2127 537 2250 593 qua:
2286 521 2496 576 homini
2536 520 2796 576 nascendi
2825 535 3051 576 causam
3109 517 3482 589 suppeditant,
3517 511 3696 566 lanci-

2126 622 2280 680 nent,
2310 619 2366 668 et
2391 619 2698 687 creaturam
2742 611 2904 667 aliam
2938 626 3101 679 quam
3152 609 3333 680 qualis
3364 603 3694 662 Conditoris

2127 705 2408 775 sapientiae
2435 703 2726 772 placuerit,
2759 703 2815 756 in
2848 700 3114 756 mundum
3176 697 3532 755 introducere
3569 707 3698 748 con-

2127 795 2376 850 tendant.
2433 791 2550 848 Hoc
2593 790 2760 862 igitur
2817 803 2943 844 cum
2987 788 3219 842 inultum
3266 778 3693 852 relinquendum

2128 901 2236 941 non
2285 894 2564 954 putemus,
2618 881 2736 952 lege
2783 879 2839 934 in
2901 878 2955 932 id
2992 889 3210 946 poenam
3268 871 3694 928 constituentes,

2126 975 2328 1045 quibus
2359 973 2496 1028 adeo
2521 970 2763 1025 divinam
2793 971 3102 1023 creaturam
3127 962 3444 1019 deformare
3502 957 3696 1026 religio

2128 1082 2239 1122 non
2275 1074 2379 1129 est,
2425 1077 2618 1120 eorum
2652 1060 2963 1124 audaciam,
3011 1055 3312 1111 auxiliante
3348 1051 3482 1116 Deo,
3522 1048 3701 1118 repri-

2127 1174 2278 1216 mere
2305 1167 2592 1221 conemur,
2622 1168 2686 1209 ac
2741 1151 3086 1223 superiorum
3141 1147 3367 1217 quidem
3416 1142 3700 1212 legislato—

2128 1267 2249 1306 rum
2281 1250 2566 1306 decretum
2587 1262 2682 1302 eos
2725 1243 2817 1315 qui
2842 1243 2896 1298 id
2919 1242 3182 1296 auderent
3203 1237 3271 1293 ad
3297 1235 3411 1306 (87)
3447 1232 3697 1287 eamdem

2128 1341 2526 1397 mutilationem
2549 1352 2713 1409 quam
2751 1335 2873 1390 aliis
2919 1332 3212 1388 intulerint
3236 1326 3426 1398 adigit,
3444 1322 3700 1396 quodque

2128 1435 2233 1506 ipsi
2268 1434 2321 1487 in
2351 1432 2477 1487 aliis
2499 1430 2686 1485 videre
2713 1425 3098 1487 desiderarint,
3125 1422 3180 1476 id
3235 1427 3297 1473 ut
3329 1418 3516 1472 itidem
3549 1415 3611 1489 iq
3635 1429 3698 1468 se

2127 1527 2371 1587 videant,
2413 1523 2664 1586 conficit;
2695 1519 2859 1586 idque
2879 1532 2967 1570 me
2989 1515 3196 1585 iudice,
3233 1525 3347 1565 non
3389 1511 3461 1562 ita
3489 1515 3692 1576 praeter

2126 1617 2826 1684 tequitatem;quanquam
2894 1621 3004 1661 non
3061 1603 3221 1659 valde
3277 1602 3500 1656 decore.
3571 1595 3691 1650 Non

2127 1708 2273 1764 enim
2304 1705 2434 1776 quia
2474 1704 2565 1758 illc
2595 1710 2906 1757 creaturam
2931 1696 3022 1751 Dei
3049 1693 3204 1765 quasi
3243 1691 3508 1758 reﬂugere
3532 1702 3702 1743 ausus

2132 1810 2215 1857 est
2239 1800 2501 1856 continuo
2525 1795 2794 1849 vindicem
2826 1791 2877 1844 id
2904 1786 3128 1851 imitari,
3160 1793 3215 1842 et
3235 1785 3444 1856 pariter
3475 1782 3586 1852 (88)
3617 1796 3706 1835 re-
3758 1793 3768 1804 ‘

2133 1890 2618 1959 ﬁugere,‘a:quum
2673 1892 2780 1936 est.
2848 1877 3261 1941 Verumtamen,
3314 1880 3584 1943 quantum
3632 1867 3702 1923 ad

2133 1957 2413 2035 inventum
2447 1975 2662 2036 attinet,
2698 1987 2806 2025 non
2837 1967 2997 2024 valde
3041 1963 3528 2037 (quemadmodum
3566 1957 3706 2030 dixi)

2133 2071 2186 2127 id
2209 2071 2449 2125 alienum
2481 2074 2589 2121 est.
2621 2062 2699 2116 Ad
2745 2064 2851 2116 hoc
2909 2067 3090 2113 autem
3138 2056 3250 2111 alio
3302 2055 3466 2110 etiam
3520 2051 3704 2111 modo.

2131 2161 2224 2233 qui
2255 2159 2482 2229 impium
2531 2155 2636 2208 hoc
2666 2153 2870 2206 factum
2905 2148 3194 2209 auderent.
3235 2144 3526 2215 puniebat.
3557 2141 3706 2196 Bona
3747 2193 3750 2196 .

2129 2265 2366 2320 namque
2389 2243 2728 2318 publicabat,
2756 2250 3128 2312 perpetuoque
3157 2238 3310 2307 ipsos
3325 2235 3520 2290 exsilio
3550 2233 3706 2302 adiu-

2130 2341 2386 2406 dicabat;
2418 2347 2472 2393 et
2509 2337 2604 2409 qui
2637 2334 2896 2405 iniuriam
2965 2327 3348 2391 sustinuisset,
3401 2324 3449 2378 si
3507 2335 3704 2377 servus

2130 2442 2297 2499 esset,
2323 2432 2573 2488 libertate
2601 2426 2906 2483 honorabat
2933 2423 3073 2494 (89).
3112 2421 3292 2489 Atque
3357 2414 3704 2486 superiorum

2131 2525 2352 2597 quidem
2377 2521 2655 2578 decretmu
2678 2513 2990 2572 istiusmodi
3023 2519 3165 2568 erat.
3217 2509 3329 2564 Nos
3361 2521 3495 2561 vero
3527 2504 3595 2558 de
3643 2517 3705 2556 re

2131 2594 2222 2670 illa
2261 2611 2590 2670 sententiam
2625 2605 3068 2679 pronuntiantes,
3101 2608 3317 2656 natura:
3346 2594 3708 2651 insidiatores

2130 2703 2297 2762 simili
2345 2699 2692 2756 ututilatione
2731 2693 2974 2751 vicissim
3019 2687 3260 2746 mutilari
3317 2684 3706 2756 prohibemus:

2130 2793 2258 2848 aliis
2286 2800 2470 2846 autem
2493 2787 2586 2844 isti
2611 2783 2830 2842 crimini
2857 2779 3182 2838 constitutis
3225 2775 3430 2847 pinnis,
3462 2770 3704 2845 (tametsi

2129 2885 2224 2942 hic
2248 2883 2415 2940 etiam
2465 2881 2534 2936 ad
2589 2879 3007 2935 clementiorem
3055 2870 3391 2930 sententiam
3444 2865 3711 2938 reSpicia-

2129 2978 2274 3046 mus)
2307 2973 2593 3044 subiacere
2616 2970 2766 3041 ipsos
2802 2982 2911 3023 non
2941 2964 3212 3034 displicet.

2203 3066 2493 3124 Sancimus
2526 3062 2730 3132 itaque,
2761 3067 2820 3113 ut
2872 3057 2962 3127 qui
2994 3051 3321 3109 detestanda
3368 3050 3538 3120 huius
3569 3048 3712 3104 artis

2129 3158 2396 3214 artilicem
2455 3153 2522 3208 ad
2574 3148 2923 3209 castrandum
2975 3144 3300 3206 advocarit,
3362 3141 3409 3197 si
3472 3141 3529 3196 in
3585 3140 3718 3193 albo

2129 3247 2474 3322 imperatorii
2546 3243 2842 3301 famulatus
2916 3240 3027 3308 sit,
3099 3237 3336 3309 primum
3399 3231 3525 3288 albo
3591 3231 3709 3286 exi-

2126 3321 2345 3408 matur;
2403 3353 2468 3393 ac
2506 3335 2704 3392 deinde
2765 3331 2962 3389 deinde
3002 3329 3190 3385 decem
3249 3325 3371 3379 auri
3439 3323 3595 3377 libris
3652 3321 3708 3375 in

2130 3433 2322 3489 iiscum
2348 3428 2662 3486 deferendis
2695 3425 2961 3480 multatus
2985 3422 3041 3476 in
3065 3418 3391 3476 decennium
3412 3415 3704 3481 relegetur.

2129 3520 2283 3578 Mala:
2343 3535 2471 3576 vero
2510 3518 2672 3574 istius
2722 3513 2858 3570 artis
2913 3511 3152 3576 artifex,
3211 3507 3427 3576 ct‘ipse
3473 3503 3706 3574 primum

2124 3609 2312 3681 ﬂagris
2367 3618 2602 3678 cuteque
2664 3613 2825 3661 tenus
2898 3602 3156 3658 tonsione
3211 3597 3582 3658 deformetur,
3657 3603 3707 3647 ct

2125 3699 2320 3756 deinde
2344 3695 2503 3753 bonis
2534 3696 2802 3767 privatus,
2850 3692 3043 3749 eodem
3087 3687 3354 3759 temporis
3379 3685 3558 3756 spatio
3592 3698 3692 3752 pa-

2128 3793 2230 3847 tria
2253 3791 2464 3847 exsulet
2494 3787 2733 3859 (90-95);
2769 3786 2861 3855 qui
2895 3791 3078 3840 autem
3117 3782 3378 3853 iniuriam
3422 3775 3708 3837 sustinuit,

2127 3882 2173 3936 si
2199 3880 2413 3938 servilis
2439 3877 2776 3934 conditionis
2801 3876 2876 3933 sit
2895 3876 3110 3946 reliquo
3147 3874 3270 3929 vitae
3292 3884 3406 3928 suae
3426 3865 3706 3924 curriculo

2131 3973 2200 4027 ab
2229 3971 2318 4026 illa
2343 3972 2482 4027 liber
2510 3971 2652 4037 erit;
2699 3969 2785 4025 sin
2818 3968 3028 4032 liberae,
3073 3959 3338 4036 tanquam
3385 3963 3525 4034 ipse,
3561 3957 3710 4030 quod

2133 4063 2390 4133 iniuriam
2427 4061 2668 4126 admisit,
2701 4061 2822 4132 eius
2856 4060 2962 4116 sibi
2989 4069 3183 4116 auctor
3213 4057 3306 4122 sit,
3330 4054 3476 4127 quod
3513 4066 3710 4123 passus

2133 4166 2237 4224 est,
2266 4170 2368 4212 suo
2400 4155 2699 4210 consensui
2743 4159 3027 4223 acceptum
3063 4149 3200 4207 [cret
3235 4146 3375 4220 (9.4).
3437 4144 3710 4201 Cancrum

1716 4299 1956 4358 VABIE
1992 4299 2292 4357 LECTlON
2303 4299 2411 4356 ES.

522 4443 566 4476 υ
588 4442 770 4500 Malim
801 4443 1131 4513 ἀνθρώποις.

1232 4440 1494 4524 ”_Codd.‘
1521 4439 1767 4524 ηνεκτόν.
1824 4436 2106 4524 .S-teph._et
2127 4434 2307 4524 .Agyl.
2331 4435 2707 4524 ἀνεκδίκητονί

2805 4432 2851 4466 ⁸⁸
2869 4429 3167 4487 Justiniani
3215 4427 3349 4484 Nov.
3401 4427 3526 4494 142,
3567 4441 3619 4481 c.
3655 4429 3708 4482 1.

456 4513 514 4592 ³⁸,
532 4497 764 4592 Ξενίἶιιε.
781 4497 1024 4592 ,αὐτοῖς
1041 4583 1054 4592 _
1079 4497 1311 4592 _"‘Agyl.
1340 4497 1764 4592 ειψριεείδοειεῖνζ
1823 4508 1874 4592 1"
1899 4497 2022 4563 Basi

2127 4497 2314 4560 ύτῖᾶνυ
2351 4523 2407 4558 τι
2430 4497 2880 4576 ἀπαρέσκόμεθα.
2954 4501 3000 4535 ⁸⁸
3030 4500 3107 4556 Ita
3137 4498 3304 4554 Basil.
3325 4497 3525 4567 vulgo:
3554 4497 3709 4567 ἐνερ-

452 4583 630 4654 γήσει.
706 4577 753 4616 ³⁸
777 4582 1002 4638 Lacuna
1040 4583 1130 4638 hic
1156 4577 1254 4638 εεῖ
1268 4581 1384 4638 sive
1410 4577 1549 4650 legis
1584 4579 1698 4634 sive
1723 4577 2016 4635 Codicum.

2000 4716 2234 4775 ΝΟΤᾸΞ.

523 4839 637 4908 (87)
663 4839 722 4894 id
749 4848 854 4900 est,
883 4838 948 4893 ad
978 4837 1225 4893 eamdem
1260 4837 1678 4894 castrationem.

523 4905 635 4980 (88)
661 4909 908 4980 Talinnis
939 4919 1022 4980 est
1047 4918 1314 4980 poena.ut
1345 4909 1450 4962 tale
1471 4908 1570 4980 qui
1601 4905 1838 4980 patiatur
1869 4905 2016 4980 quod

455 4977 1564 5062 fecit,de_:ralionis'|imna_di§‘i{multis
1611 4977 1772 5062 locis,
1815 4979 2020 5056 quibus

453 5050 690 5120 adiunge
718 5049 855 5105 Nov.
881 5048 974 5113 95,
1000 5045 1050 5103 Ι.
1088 5050 1138 5120 l._
1160 5049 1258 5120 ult.
1283 5046 1427 5120 God.
1452 5062 1523 5120 ne
1548 5060 1703 5120 sane.
1761 5046 2019 5120 baptism.

453 5121 491 5173 l.
521 5114 718 5174 ultfc.
749 5121 824 5171 De
847 5127 1090 5172 accusat.
1127 5118 1166 5171 l.
1199 5117 1298 5171 ult.
1329 5115 1396 5171 C.
1451 5115 1526 5170 De
1578 5114 2020 5168 calumniatorib.

457 5191 497 5243 l.
529 5190 660 5250 7.C.
683 5189 749 5244 ad
777 5191 812 5243 I.
836 5186 948 5242 Jul.
977 5187 1048 5241 De
1072 5188 1119 5240 vi
1146 5186 1397 5256 publica,
1432 5186 1468 5240 l.
1494 5185 1593 5256 ult.
1622 5183 1686 5237 C.
1720 5182 1793 5236 De
1819 5184 1905 5256 his
1929 5183 2022 5252 qui

457 5252 1186 5317 latrones.Nov.125,c.il.
1210 5257 1379 5310 Exod.
1400 5270 1516 5317 xxx,
1543 5253 1670 5307 Lev.
1690 5267 1840 5318 xxxv,
1865 5252 2025 5308 Deut.

459 5345 567 5394 xix,
590 5328 782 5383 Matth.
803 5344 858 5392 ν,
879 5327 1102 5396 Apocal.
1126 5341 1249 5387 xm,
1277 5340 1328 5396 c.
1363 5325 1507 5396 quod
1529 5325 1758 5396 debetur
1785 5322 1868 5389 14,
1889 5323 2024 5396 q.__i_,

457 5415 508 5453 c.
541 5392 650 5455 Sex
681 5392 1120 5467 dilferenl‘ia:_25,_
1143 5396 1278 5467 q.__.';,
1304 5392 1432 5467 4.1.
1471 5392 1632 5467 5,__l_)e
1675 5393 2027 5467 contumeliis

457 5480 514 5523 et
554 5468 876 5523 vulneribus
933 5467 970 5521 l.
1003 5465 1058 5528 6,
1093 5461 1491 5534 CfWisigoit.
1523 5462 1624 5534 lib.
1661 5478 1742 5534 v_|,
1793 5461 2024 5534 Quintil.

456 5539 597 5594 decl.
626 5539 754 5599 558.
807 5538 934 5601 275,
967 5534 1161 5591 Isidor.
1203 5535 1258 5598 5,
1285 5531 1638 5605 Efyniol.‘.’.7,_
1680 5531 1903 5605 liioglor.
1937 5531 2025 5605 ίξὶ,

454 5608 782 5664 Aristoteles
806 5599 986 5662 tamen
1011 5606 1064 5671 5,
1103 5605 1285 5659 Ethic.
1318 5599 1377 5658 ut
1423 5601 1640 5671 etame
1678 5599 1911 5655 Gellium
1933 5601 2026 5662 ‘20.

458 5693 510 5756 (ξ.
549 5679 601 5756 ‘._,
630 5676 692 5731 τὸ
724 5668 1418 5756 ἀντιπεπονθεκιξοῃτοξιιι.
1457 5668 1565 5724 Nec
1603 5682 1687 5724 est
1713 5673 1879 5756 etiam
1915 5673 2017 5726 ho-

457 5747 546 5804 die
580 5740 633 5802 in
671 5761 800 5812 usu,
831 5746 939 5801 vid.
968 5744 1087 5802 Pet.
1119 5740 1283 5814 ϐιὸς.
1319 5744 1408 5809 51,
1445 5748 1713 5812 syntagm.
1757 5740 1847 5795 ‘20.

2045 4839 2100 4898 1)
2201 4832 2402 4903 (89)D.
2467 4831 2620 4903 Nov,
2657 4828 2811 4903 με.-
2841 4824 2946 4903 Qui
2979 4820 3456 4903 _publica_bantur,
3509 4777 3703 4887 idest,

2133 4891 2574 4976 publiciiiebant
2599 4900 2658 4976 _l._
2683 4900 2735 4961 i,
2868 4891 2948 4950 De
2979 4891 3284 4976 E'unucliis.

2191 4956 2401 5044 (90-79737),
2419 4956 2568 5044 Lege
2599 4956 2986 5044 Ripuariorum
3024 4963 3072 5044 si
3099 4962 3386 5044 ingenuus
3409 4956 3708 5044 iongeriuum

2121 5025 2440 5102 castrasset,
2475 5025 2600 5107 3'00,
2625 5025 2820 5096 solidis
2849 5025 3299 5088 multabaturtit.
3327 5026 3383 5092 6,
3416 5025 3445 5097 §
3476 5025 3526 5092 l,
3554 5025 3713 5096 Legis

2127 5111 2548 5180 Ripuariorum.
2869 5172 2882 5180 _
2952 5170 2965 5180 _
3044 5170 3076 5180 _,
3118 5129 3147 5180 .'

2162 5164 2316 5262 ζὼς)
2346 5180 2532 5234 Ρωηίε
2557 5185 2741 5262 tamen
2769 5167 3172 5262 ecclesiasticis.
3197 5164 3534 5262 subiicitur,l
3588 5179 3713 5247 nam

2129 5250 2178 5305 si
2202 5235 2448 5305 seinsum
2474 5244 2746 5302 mutilavit
2769 5257 2837 5296 ne
2859 5243 3012 5296 lieret
3042 5238 3280 5293 clericus
3313 5244 3374 5290 ut
3399 5235 3485 5305 sui
3521 5235 3712 5288 homi-

2129 5265 2178 5305 81
2205 5266 2283 5305 881
2328 5265 2448 5304 sum
2474 5265 2746 5302 ιιιιιιιιίινιι
2769 5265 2837 5296 IN:
2859 5265 3012 5296 "cret.
3042 5265 3280 5293 υιΰῐιυιιθ
3314 5265 3374 5290 ιιι
3399 5265 3485 5287 am
3522 5265 3700 5288 IIUIIII'

2129 5319 2251 5374 cida
2282 5265 2504 5386 Beoque
2534 5313 2718 5386 opiiici
2744 5312 2920 5386 hostis
2971 5309 3262 5386 iudicatur
3290 5321 3345 5386 c._
3394 5304 3700 5386 2?.._apost.

2132 5389 2180 5444 si
2203 5389 2317 5457 iam
2340 5374 2601 5457 clericus,
2633 5381 2949 5452 deponitur,
2972 5374 3062 5457 ὀί.
3081 5379 3185 5457 ἓξ..
3207 5375 3346 5457 Quid
3406 5375 3453 5455 si
3479 5374 3716 5457 _laieusi

2132 5443 2316 5511 tribus
2348 5455 2510 5510 annis
2538 5443 2886 5522 ségreéatur,
2920 5443 2974 5504 c.
2998 5448 3091 5514 24,
3119 5448 3251 5502 ibid.
3301 5460 3411 5500 non
3441 5443 3584 5522 idem
3625 5451 3714 5522 est

2131 5527 2186 5581 in
2231 5542 2297 5580 eo
2326 5525 2419 5594 qui
2454 5525 2504 5577 vi
2531 5513 2772 5576 hostium
2808 5521 2951 5574 vela
3001 5528 3237 5594 tyranno
3298 5513 3712 5594 persecutionis

2132 5583 2380 5664 tempore
2407 5602 2683 5648 castratus
2708 5598 2814 5657 est,
2849 5599 2942 5644 aut
2969 5583 3063 5660 qui
3089 5597 3264 5657 natus.
3294 5583 3380 5642 est
3416 5583 3713 5640 eunuchus

2135 5666 2298 5732 c331,
2330 5674 2511 5735 apost.
