4062 6202
442 268 548 333 561

1549 272 1915 338 NOVELL/E
1960 275 2636 340 εθΝεΤιιίιΤιοΝΕδ.

3601 279 3710 342 562

438 392 647 451 γματος
669 373 1052 446 τολμηθέντος,
1088 377 1249 449 διπλῇ
1276 377 1574 451 ἀπαιτήσει
1596 383 1923 455 ζημιοῦσθαι
1947 379 2009 440 οὗ

2118 385 2346 455 amplius
2371 385 2636 456 exegerit,
2659 381 2781 452 ejus
2806 380 3042 453 duplum
3063 381 3338 455 dependat
3362 400 3377 438 :
3407 383 3492 440 sin
3528 387 3580 441 id
3619 389 3702 443 iw-

434 467 837 541 ὑπερεκτείνων
864 467 911 499 ⁸⁸
941 467 1098 539 ὤφθη
1138 470 1329 535 τέλους
1379 471 1480 542 τὴν
1526 473 1816 546 εἴσπραξιν
1838 518 1855 539 ,
1885 477 1934 530 εί
1967 478 2013 532 δ’

429 560 685 631 ἐπιμένοι
716 560 878 614 τοῦτο
909 560 1189 631 πράττων,
1221 563 1616 633 τετραπλάσιον
1653 567 2017 638 ἀναστρέφειν

430 653 510 723 τῷ
537 652 858 723 ἠδικημένῳ
889 652 950 705 τὸ
982 652 1210 723 ληφθὲν,
1245 656 1341 708 καὶ
1389 656 1602 729 ἀτίμως
1645 659 1745 728 τῆς
1774 661 2015 731 ἐμπεπυ-

433 744 738 814 στευμὲνης
784 743 1066 814 φροντίδος
1104 744 1439 812 ὲξίπασθαιο
1485 733 1584 804 καὶ
1630 746 1771 805 εἶναι
1803 753 1912 806 ἀπό
1950 770 2015 822 γε

429 835 529 890 τοῦ
557 835 655 888 νῦν
670 834 767 888 τοῦ
798 834 1044 888 τοιούτου
1066 836 1417 907 ἐγκλήματος
1443 839 1649 912 ταύτην
1670 846 1769 913 τὴν
1783 843 2014 914 ζημίαν,

432 926 575 982 ἀλλὰ
622 924 700 997 μὴ
743 925 875 997 περὶ
921 924 1101 998 ψυχήν
1144 927 1482 983 κινδυνεύειν
1516 930 1646 997 τοὺς
1679 932 1904 998 ἀδίκους
1936 936 2016 998 είς

2121 493 2249 534 cere
2276 486 2485 549 pergat,
2515 477 2570 532 in
2606 476 2997 548 quadruplum,
3024 477 3174 546 quod
3215 479 3454 549 amplius
3484 491 3706 551 captum

2120 578 2228 632 est,
2258 571 2322 626 ad
2354 571 2555 640 injuria
2594 570 2850 625 aﬂ'ectum
2904 570 3114 634 redeat,
3169 570 3367 641 illeque
3393 587 3517 626 cum
3543 575 3706 643 igno-

2120 663 2293 718 minia
2315 678 2345 716 a
2370 663 2691 717 concredito
2724 662 2830 718 sibi
2883 660 3063 716 oﬂicio
3091 660 3343 718 decedat.
3370 666 3447 718 Ac
3478 665 3545 718 sit
3572 680 3712 719 sane

2119 754 2349 825 posthac
2376 754 2561 810 delicti
2595 754 2762 824 hujus
2797 754 2913 809 haec
2959 769 3143 825 paena,
3171 770 3351 828 neque
3376 759 3715 828 pecuniaria:

2123 859 2252 902 reus
2281 843 2350 901 de
2387 845 2496 900 vita
2528 844 2895 917 periclitetur.

432 1020 719 1092 militum

996 1109 1315 1167 ΔΙΑΤΛΞΙΣ
1344 1112 1468 1170 ΞΗ.

433 1200 574 1273 Περὶ
602 1200 717 1273 τῆς
743 1201 1057 1274 κολάσεως
1089 1200 1208 1274 τῶν·
1237 1219 1290 1274 τι
1312 1202 1883 1274 ἀπεμπολησάντων
1906 1206 2017 1263 τοῦ

916 1272 1216 1342 δημοσίου
1242 1272 1538 1343 ὑπάρχον.

515 1363 578 1416 ’0
601 1363 765 1428 αὑτὸς
806 1363 1063 1434 βασιλεὺς
1092 1361 1369 1433 Στυλιανῷ
1399 1365 1478 1434 τῷ
1512 1365 1685 1437 αὐτῷ.

2191 1371 2337 1427 Idem
2372 1373 2669 1443 imperator
2689 1371 2866 1426 eidem
2900 1371 3171 1443 Styliano.

510 1454 698 1520 Ἄξιον
729 1455 833 1526 μὲν
871 1455 999 1519 τοὺς
1033 1454 1330 1524 ,δημοσίων
1382 1456 1739 1528 ἀδικημάτων
1795 1456 2017 1530 ἐνόχους

2192 1462 2539 1515 Publicarnm
2569 1461 2894 1529 injuriarum
2926 1476 3051 1515 reos
3089 1460 3376 1530 castigari,
3422 1469 3477 1515 et
3506 1460 3703 1530 hujus-

436 1546 683 1612 κολάζειν
708 1547 804 1600 καλ⁵
841 1546 1120 1611 τοιαύταις
1154 1547 1390 1615 ὑπάγειν
1430 1549 1754 1620 τιμωρίαις,
1791 1550 1850 1604 αῖ
1883 1552 2013 1622 μέλ-

2121 1551 2269 1606 modi
2299 1550 2479 1620 pmnis
2537 1565 2661 1619 qua:
2691 1552 2744 1603 in
2779 1549 2901 1604 illas
2958 1564 3160 1620 pronos
3183 1548 3251 1603 ad
3284 1552 3699 1619 temperantiam

434 1636 617 1691 λουσιν
668 1638 752 1691 ὅτι
797 1637 1034 1707 μάλιστα
1085 1638 1223 1709 πρὸς
1273 1638 1337 1692 τὸ
1375 1638 1592 1711 σῶφρον
1641 1642 2014 1711 ἑπανάγουσαι

2119 1643 2429 1714 adigentes,
2463 1657 2629 1712 quam
2663 1644 2902 1696 maxime
2962 1640 3196 1710 injurias
3226 1640 3537 1701 succidant,
3571 1642 3712 1695 sub-

434 1728 562 1791 τοῦς
590 1728 829 1791 εὐκόλως
884 1728 978 1781 ἐπὶ
1030 1729 1190 1783 τοῦτο
1235 1729 1523 1800 ὁρμῶντας
1573 1731 1906 1786 ἀνακόπτειν
1947 1733 2015 1786 τά

2118 1734 2211 1805 jici
2253 1735 2461 1804 justum
2494 1741 2600 1790 est.
2630 1733 2699 1788 At
2725 1750 2832 1789 non
2870 1733 3081 1789 idcirco
3108 1734 3345 1804 amplius
3400 1748 3568 1807 quam
3608 1748 3706 1803 par

433 1820 768 1890 ἀδικήματα·
804 1820 867 1872 οὐ
925 1820 1034 1890 μὴν
1092 1820 1182 1874 διά
1240 1820 1401 1876 τοῦτο
1443 1821 1605 1876 πλέον
1640 1822 1673 1893 ἢ
1704 1823 1828 1877 ὅσον
1866 1822 2015 1890 ἀξιον

2118 1831 2202 1880 est
2227 1824 2431 1894 puniri,
2460 1840 2639 1895 neque
2661 1823 2753 1893 jus
2787 1831 2845 1878 ut
2876 1822 3013 1879 ﬁnes
3041 1839 3174 1878 suos
3202 1824 3454 1885 excedat,
3488 1822 3705 1891 specie-

433 1914 697 1981 τιμωρεῖν
728 1911 997 1983 προσῆκε,
1048 1912 1157 1966 οὐδ’
1188 1913 1482 1985 ὑπερόριον
1522 1915 1692 1968 αὑτοῦ
1733 1914 2015 1987 βιάζεσθαι

2118 1930 2224 1985 que
2254 1914 2417 1983 iusta:
2438 1913 2695 1969 vindicta:
2716 1929 2841 1968 cum
2877 1913 3163 1983 injustitia.
3211 1912 3361 1967 velut
3400 1912 3705 1981 conspiret.

433 1996 575 2055 εἶναι
603 2002 664 2054 τὸ
689 2002 899 2056 δίκαιον
924 2002 1045 2056 οὐδὲ
1075 2003 1318 2074 σχήματι
1355 2006 1455 2076 τῆς
1485 2005 1655 2060 αὑτοῦ
1683 2007 2016 2079 ἐκδικήσεως

2118 2005 2235 2077 cogi
2293 2005 2573 2060 convenit.
2601 2004 2658 2059 Si
2686 2004 2831 2058 enim
2884 2019 2983 2074 pro
3021 2002 3207 2058 delicti
3242 2003 3404 2058 modo
3432 2003 3526 2071 qui
3563 2002 3707 2056 deli.-

431 2096 501 2164 τῇ
533 2093 719 2164 ἀδικίᾳ
753 2093 1129 2151 συνίστασθαι.
1155 2095 1231 2149 Τὸ
1252 2096 1352 2165 μὲν
1376 2096 1486 2168 γάρ
1516 2096 1658 2152 κατὰ
1688 2098 1893 2169 τρόπον
1918 2098 2014 2153 τοῦ

2118 2098 2254 2167 quit,
2285 2096 2565 2165 puniatur,
2608 2095 2760 2162 justa
2791 2110 2855 2149 ea
2890 2095 3034 2162 juris
3073 2094 3216 2149 ultio-
3236 2094 3349 2149 sit:
3382 2104 3437 2147 at
3461 2094 3504 2148 si
3537 2109 3711 2163 quam

433 2183 832 2254 ἁμαρτήματος
868 2184 959 2237 τὸν
1007 2185 1434 2257 ἐξημαρτηκότα
1481 2186 1813 2251 κολάζεσθαι
1856 2187 2016 2243 τοῦτο

2118 2203 2216 2258 pro
2250 2202 2316 2242 eo
2360 2201 2521 2257 pcena
2570 2184 2753 2254 major
2804 2184 3103 2257 infligatur,
3153 2184 3298 2256 juris
3353 2186 3699 2256 propositum

430 2274 642 2328 δικαίου
704 2276 1022 2346 ἐκδίκησις,
1072 2277 1136 2330 τὸ
1189 2277 1247 2330 δὲ
1312 2277 1485 2348 μείζω
1540 2278 1636 2332 τοῦ
1671 2278 2015 2349 πταίσματος

2118 2275 2324 2335 servari
2349 2291 2459 2332 non
2490 2275 2766 2333 existimo.

429 2368 783 2422 ἀπαιτεῖσθαι
832 2370 933 2440 τὴν
991 2368 1281 2438 είσπραξιν
1323 2368 1425 2423 οὐκ
1467 2367 1622 2440 οἶμαι
1673 2370 1868 2436 σώζειν
1914 2371 2015 2442 τήν

432 2460 575 2530 ὑπὲρ
604 2460 707 2514 τοῦ
757 2460 969 2514 δικαίου
1007 2461 1353 2533 προαίρεσιν.
1858 2528 1861 2531 ἢ

503 2552 648 2604 Arb“
680 2553 743 2607 τὸ
764 2552 1029 2624 ἡμέτερον
1058 2552 1259 2622 κράτος
1282 2554 1342 2606 ὲν
1362 2555 1471 2617 τοῖς
1492 2553 1598 2607 ὑπὸ
1619 2554 1726 2609 τιῖιν
1748 2572 2015 2626 προγεγο-

2126 2570 2133 2578 ·
2187 2550 2263 2607 Ea
2295 2558 2522 2625 propter
2584 2561 2779 2608 nostra
2833 2550 3120 2621 majestas,
3152 2559 3512 2625 posteaquam
3544 2553 3600 2609 in
3627 2554 3699 2611 iis

436 2646 608 2701 νότων
634 2645 1177 2717 νενομοθετημένας,
1205 2648 1265 2701 ὲν
1303 2643 1386 2710 οἷς
1416 2648 1630 2710 ποιναῖς
1646 2646 2013 2701 ὑποϐάλλουσι

2118 2661 2238 2718 quae
2267 2661 2298 2700 a
2338 2644 2720 2716 superioribus
2752 2644 2830 2715 (4)
2858 2645 3156 2701 constituta
3189 2646 3266 2718 (5)
3303 2657 3457 2713 sunt,
3487 2650 3578 2705 ubi
3604 2666 3703 2707 eos

442 2737 569 2803 τούς
600 2755 657 2792 τι
703 2738 1042 2809 άπεμπολεῖν
1084 2739 1181 2793 τοῦ
1219 2737 1481 2810 δημοσίου
1530 2738 1776 2810 ὑπάρχον
1814 2740 2015 2812 τολμή-

2118 2740 2211 2810 qui
2237 2738 2474 2809 publica:
2513 2737 2595 2792 rei
2642 2736 2851 2807 aliquid
2880 2736 3180 2795 divendere
3217 2740 3337 2797 ausi
3370 2734 3500 2797 sunt
3524 2745 3704 2812 penis

2587 1115 3058 1175 GONSTITUTIO
3089 1116 3249 1174 LXII.

2122 1209 2203 1267 De
2229 1226 2386 1281 parua
2414 1208 2494 1282 (5)
2522 1210 2637 1280 ejus
2653 1212 2744 1282 qui
2782 1227 2892 1332 rex:
2909 1210 3180 1335 raliquam
3224 1212 3494 1282 publicam
3527 1210 3708 1267 rendi~

2879 1297 2906 1333 α
2986 1321 3001 1335 .

2879 1297 3001 1337 em.

435 2846 656 2896 σαντας,
706 2831 890 2902 ψῆφον
931 2831 1030 2887 οὐκ
1058 2832 1125 2887 ὲκ
1172 2831 1267 2885 τοῦ
1302 2830 1516 2886 δικαίου
1561 2833 2014 2903 προσφερομένην

2118 2828 2566 2897 snbjiciant,non
2591 2826 2800 2896 justam
2864 2828 3195 2884 sententiam
3238 2830 3470 2900 proferri
3502 2832 3637 2887 dicit
3680 2848 3699 2887 :

433 2922 667 2993 ιπείπερ
698 2921 1030 2994 κατέμαθεν,
1063 2922 1251 2977 οὐκέτι
1291 2923 1589 2995 διορίζεται
1620 2923 1829 2995 ταύτην
1860 2925 2014 2994 ίσχὺν

2118 2930 2177 2974 ιιι
2210 2917 2333 2984 ejus
2362 2915 2614 2971 criminis
2643 2916 2963 2987 persecutio
3003 2932 3112 2973 non
3140 2920 3379 2987 amplius
3410 2921 3552 2977 hanc
3583 2922 3695 2977 vim

434 3011 578 3083 ἔχειν
614 3010 745 3085 [είς]
795 3014 867 3067 τά
912 3013 1144 3068 τοιαῦτα
1182 3013 1295 3068 τῶν
1347 3013 1736 3084 ἐγκλημάτων.
1766 3013 1876 3066 Ποῦ
1904 3015 2013 3084 γὰρ

2118 3008 2338 3072 habeat,
2397 3006 2670 3063 decernit.
2730 3005 3020 3092 Quomodo
3065 3008 3213 3063 enim
3250 3008 3464 3079 justum
3505 3019 3612 3073 est,
3639 3020 3703 3065 ut

433 3101 643 3155 δίκαιόν
682 3119 762 3172 τῳ
796 3102 880 3168 ⁸⁸,
926 3103 1063 3157 διότι
1107 3101 1482 3174 ἀπημπόλησέ
1521 3119 1577 3155 τι
1618 3101 1648 3155 ὃ
1692 3102 1895 3173 ζημίαν
1937 3104 2016 3175 τῷ

2118 3103 2401 3173 cuiquam,
2436 3102 2565 3172 quia
2617 3100 2883 3171 quiddam
2936 3100 3085 3172 quod
3136 3102 3532 3159 detrimentum
3566 3105 3703 3161 ﬁsco

433 3191 681 3263 δημοσίῳ
704 3192 885 3265 φέρει,
936 3190 1141 3265 ζημίαν
1182 3191 1622 3264 ἀπαραμὺθητον
1649 3193 1749 3264 τὴν
1786 3193 2018 3264 ἀφαίρε-

2118 3194 2332 3257 aderat,
2388 3191 2657 3259 vendidit,
2715 3190 3023 3246 incurabile
3049 3191 3312 3248 damnum
3347 3193 3473 3248 vitae
3502 3208 3704 3265 nempe

434 3299 522 3338 σιν
583 3285 682 3355 τῆς
731 3284 880 3355 ζωῆς
931 3285 1236 3355 ὑπάρχειν;
1291 3285 1557 3356 Οὐδαμῶς
1616 3283 1710 3338 οὖν
1761 3284 1911 3351 ἄξιον
1956 3285 2018 3339 τὸ

2119 3285 2353 3358 privatio
2420 3281 2731 3338 obveniat?
2776 3280 3135 3352 Nequaquam
3196 3280 3384 3353 itaque
3438 3282 3699 3338 delictum

437 3377 686 3445 πταῖσμα
713 3375 963 3442 κολάζειν
1006 3376 1242 3447 θανάτῳ,
1270 3375 1391 3429 οὐδὲ
1418 3393 1481 3445 γε
1514 3376 1797 3448 κρίνεσθαι
1844 3377 2018 3453 ταύτῃ

2118 3376 2247 3431 illud
2304 3380 2480 3428 morte
2530 3372 2712 3443 puniri
2773 3370 3003 3442 dignum
3066 3379 3169 3437 est,
3225 3387 3404 3443 neque
3453 3388 3555 3429 nos
3594 3374 3700 3430 hoc

437 3464 829 3536 συγχωροῦμεν
866 3466 1033 3536 ἡμεῖς
1070 3466 1201 3529 τοὺς
1236 3463 1658 3535 ἁλισκομένους,
1694 3466 1810 3519 ἀλλ’
1846 3468 1911 3531 ὃς
1950 3468 2017 3522 ἂν

2118 3467 2324 3537 judicio
2355 3467 2732 3537 deprehensos
2761 3462 2916 3519 feriri
2947 3462 3207 3520 sinimus.
3264 3464 3573 3534 Quicunque
3598 3482 3700 3519 au-

434 3552 696 3625 δημόσιον
736 3556 782 3588 ⁸⁸
818 3555 1155 3626 ἀπεμπολῶν
1194 3555 1453 3627 φωραθῇ,
1497 3556 1560 3609 τδ
1614 3557 2016 3627 τετραπλάσιον

2118 3567 2217 3611 tem
2256 3557 2529 3627 publicam
2563 3570 2679 3609 rem
2729 3552 3029 3609 divendere
3079 3553 3457 3625 deprehensus
3511 3554 3699 3622 fuerit,

433 3644 723 3711 ἀποδιδοὺς
769 3646 1101 3718 ἀποχρῶσαν
1148 3646 1322 3718 ἐχέτω
1366 3647 1468 3717 τὴν
1506 3648 1803 3719 τιμωρίαν.

964 3798 1285 3886 (quasi:
1333 3828 1451 3883 EI".

434 3918 577 3991 napi
592 3919 705 3991 τῆς
728 3918 1041 3987 κολάσεως
1066 3918 1191 3991 τοῖς
1220 3908 1518 3991 arari/erg
1536 3916 1657 3973 τῶν
1678 3918 2014 3989 ἀπηγορευ-

782 3992 986 4062 μένων
1020 4006 1078 4044 τι
1113 3989 1661 4059 διακομισαμένων.

517 4084 581 4140 '0
613 4082 784 4149 αὐτὸς
810 4082 1071 4155 βασιλεὺς
1095 4081 1377 4154 Στυλιανῷ
1403 4080 1485 4153 τῷ
1518 4081 1693 4153 αὐτῷ.

502 4176 617 4231 Καὶ
642 4174 803 4230 τοῦτο
824 4175 927 4246 τῆς
960 4174 1133 4246 αὐτῆς
1177 4172 1240 4228 ὃν
1291 4174 1476 4237 αίτίας
1533 4176 1597 4229 τὸ
1623 4175 1879 4248 ἔγκλημα
1919 4178 2016 4233 καὶ

437 4264 529 4339 ἴση
561 4266 691 4340 δίκῃ
716 4266 871 4337 παρά
902 4264 1016 4320 τῶν
1038 4264 1145 4335 πρὸ
1168 4264 1326 4336 ἡμῶν
1348 4265 1818 4338 ὑποσεσλημένον,
1848 4268 2013 4340 ἡμεῖς

436 4356 781 4450 ξξαιροῦντες
812 4358 947 4450 αὑτδ
984 4357 1086 4450 τῆς
1111 4354 1459 4428 παραμύθιον
1495 4358 1557 4411 οὑ
1590 4357 1888 4431 δεχομένης
1917 4379 2013 4416 κο-
2039 4389 2093 4450 D

434 4447 648 4515 λάσεως
676 4451 846 4523 (φημὶ
880 4449 947 4523 δή
979 4449 1084 4521 τῆς
1116 4449 1348 4505 θάνατον
1391 4452 1441 4483 ⁸¹
1486 4450 1724 4524 ἐχούσης
1749 4452 1813 4507 τὸ
1839 4453 2014 4509 ἐπιτί-

440 4541 607 4611 μιον),
633 4541 1153 4614 φιλανθρωποτέρας
1186 4539 1380 4614 ὥσπερ
1409 4543 1507 4597 καὶ
1535 4543 1607 4597 τὰ
1634 4546 2013 4617 προειρημένα

437 4631 699 4704 ἀξιοῦμεν
732 4633 909 4703 δίκης.
964 4632 1401 4704 Νενομοθέτηται
1432 4635 1533 4706 μὲν
1557 4636 1667 4706 γάρ
1704 4639 1816 4701 τοῖς
1845 4637 2015 4692 πάλαι

438 4724 570 4793 περὶ
630 4722 729 4778 τοῦ
788 4724 864 4796 μὴ
908 4724 1020 4778 δεῖν
1079 4722 1218 4795 πρὸς
1272 4725 1401 4789 τοὺς
1451 4725 1745 4797 πολεμίους
1789 4726 2015 4802 διαπορ-

439 4813 737 4884 θμεὺεσθαι
782 4814 819 4869 ἃ
852 4817 1177 4886 συγκροτεῖν
1205 4813 1405 4879 αὐτοὺς
1436 4814 1625 4886 μέλλει
1656 4816 1753 4869 καὶ
1787 4816 2019 4885 βιαιοτὲ-

2117 3649 2209 3705 ubi
2237 3646 2606 3720 quadruplum
2665 3644 2990 3715 reddiderit,
3041 3647 3179 3703 satis
3207 3661 3495 3719 poenarum
3533 3649 3702 3705 susti-

2114 3742 2305 3797 nuisse
2327 3746 2569 3811 putator.

2563 3824 3035 3886 CONSTI'I’UTIO
3060 3826 3251 3886 LXIII.

2116 3922 2194 3979 De
2214 3938 2367 3994 pinna
2418 3922 2639 3978 illorum
2688 3919 3138 4061 ᾳαέιηὲιῖεαε
3185 3919 3256 3975 ad
3290 3918 3467 3978 hostes
3520 3931 3703 3978 trans-

2186 4086 2332 4144 Idem
2363 4086 2667 4158 imperator
2689 4083 2870 4141 eidem
2900 4083 3170 4157 Styliano.

2184 4174 2328 4243 Quin
2358 4182 2414 4231 et
2453 4175 2560 4229 hoc
2594 4174 2830 4239 crimen,
2886 4189 3012 4230 cum
3040 4190 3107 4230 ex
3148 4174 3343 4230 eodem
3372 4173 3556 4231 fronte
3580 4188 3702 4231 ma-

2115 4276 2228 4337 net,
2256 4268 2545 4337 eidemque
2569 4280 2747 4338 pmnze
2784 4280 2815 4319 a
2846 4264 3229 4336 superioribus
3261 4264 3572 4335 subjectum
3602 4264 3697 4331 sit,

2119 4358 2411 4416 insanabili
2439 4371 2543 4413 nos
2569 4355 2921 4428 castigationi
2953 4355 3180 4425 (quippe
3214 4369 3337 4423 qua:
3362 4353 3559 4409 mortis
3581 4368 3700 4423 pm-

2121 4466 2247 4508 nam
2276 4449 2581 4515 contineat)
2605 4445 2933 4509 eximentes,
2960 4446 3202 4511 mitiore,
3230 4443 3698 4515 quemadmodum

2120 4543 2176 4598 et
2204 4540 2486 4614 pradicta,
2519 4538 2810 4611 dignamur
2836 4553 3018 4608 paena.
3056 4536 3098 4590 A
3133 4534 3412 4592 veteribus
3440 4534 3524 4607 (7)
3550 4533 3698 4589 enim

2118 4640 2388 4689 statutum
2435 4638 2523 4687 est
2551 4645 2622 4686 ne
2652 4630 2721 4685 ad
2762 4629 2951 4686 hostes
2990 4635 3462 4699 transportentur,
3493 4625 3699 4697 quibus

2118 4724 2198 4781 illi
2233 4722 2432 4780 instrui
2469 4721 2850 4792 ﬁrmioresque
2882 4720 3037 4777 reddi
3084 4720 3324 4791 possint,
3353 4731 3420 4772 ac
3452 4714 3699 4772 sanctio-

2125 4815 2215 4873 nis
2243 4815 2523 4871 decretum
2556 4819 2964 4881 contemptores
2995 4811 3065 4869 de
3094 4810 3277 4869 medio
3306 4807 3555 4866 tollebat.

444 4924 569 4978 ρους
598 4906 903 4972 ἀποτελεῖν,
947 4905 1043 4960 καὶ
1085 4906 1212 4970 τοὺς
1240 4908 1661 4978 καταφρονητάς
1690 4907 1785 4961 τοῦ
1818 4906 2187 4979 θεσπίσματος
2213 4906 2394 4979 ψῆφος
2417 4901 2512 4960 τοῦ
2549 4902 2651 4976 ζῇν
2675 4902 3020 4976 ἑξεκόμιζεν.

1705 5022 1947 5080 VARUS
1977 5023 2151 5080 LECT
2160 5022 2378 5080 IONES.

520 5112 764 5187 “_i_‘.odd.
790 5113 1207 5187 bysgtgsivuw.
1245 5114 1568 5187 Emendavit
1594 5114 1784 5187 Steph.
1825 5114 2109 5187 _A“_Codd.
2141 5115 2250 5171 διά.
2284 5112 2474 5187 Steph.
2503 5107 2655 5181 conj.
2678 5106 2769 5164 δια
2820 5106 3005 5166 τοῦτο.
3080 5110 3129 5144 ⁸⁸
3153 5109 3347 5167 Zuich.
3378 5120 3432 5168 et
3461 5108 3690 5168 Moerin.

438 5186 551 5241 τόν.
572 5182 748 5256 Vulgo
782 5184 883 5256 τῷ.
900 5182 958 5218 ’⁸⁸
990 5183 1181 5257 Steph.
1212 5186 1360 5257 conj.
1388 5185 1645 5259 δημόσιόν
1675 5182 1746 5240 τι.
1822 5184 1869 5217 ⁸¹
1898 5184 2135 5259 Scrimg.
2168 5182 2423 5241 θανάτου.

1840 5312 1859 5327 ⁸
1945 5295 2180 5356 NOTAE}.

513 5392 589 5463 (ὅ)
620 5394 787 5465 Ραιιιιι
817 5391 939 5465 ejus
963 5392 1058 5465 qui
1083 5393 1478 5465 rempublicam
1503 5392 2014 5465 vendiditquadru—

444 5464 565 5535 pii:
588 5463 796 5535 Διιιιιὶει,
833 5464 963 5517 olim
985 5463 1186 5519 'morte
1213 5463 1485 5535 :aiiectus,
1530 5473 1587 5518 et
1605 5464 1680 5518 ita
1711 5464 2014 5535 abrogatur

444 5534 480 5588 Ι.
506 5533 561 5603 3,
586 5532 623 5586 l.
640 5534 705 5603 is,
724 5531 797 5603 C.
830 5547 953 5603 qua;
977 5547 1067 5589 res
1090 5534 1249 5589 vendi
1272 5550 1380 5588 non
1405 5549 1553 5603 pass.

517 5602 596 5669 (ι)
626 5601 881 5665 Arcadio,
910 5601 1150 5661 Honorio
1163 5610 1219 5659 et
1245 5601 1455 5659 Thcod.

514 5670 677 5727 (διο.
710 5672 747 5727 ι.
770 5671 904 5729 3.d.
927 5672 966 5729 ι.
999 5671 1055 5726 ι.

2186 5394 2265 5466 (ϐ)
2298 5392 2503 5466 Ρωιιειή
2536 5408 2626 5466 res
2661 5391 2889 5466 _vc_tita_s
2926 5390 2993 5466 ad
3042 5394 3233 5466 hostes
3275 5386 3692 5466 transvehentis

2115 5457 2258 5520 olim'
2287 5462 2540 5532 capitalis
2599 5463 2723 5528 fuit,
2753 5463 2791 5517 ι.
2837 5463 2893 5525 ι,
2922 5461 2979 5517 π.
3007 5463 3073 5518 ad
3108 5462 3146 5516 Ι.
3204 5459 3325 5532 Jul.
3370 5457 3586 5532 majest.
3652 5460 3691 5514 l.

2119 5535 2173 5598 I,
2207 5535 2263 5600 2,
2289 5527 2501 5604 (λ’(ιιιαξ
2551 5549 2639 5591 res
2669 5542 2885 5605 cxport.
2934 5532 3038 5587 alia
3080 5546 3242 5603 pmna
3275 5529 3365 5587 hic
3396 5527 3691 5586 constitui-

2118 5615 2268 5744 ωἷίῖ)
2293 5672 2533 5742 Valente,
2560 5674 2843 5741 Gratiano,
2868 5681 2921 5728 et
2951 5668 3241 5731 Martium.
