4062 6202
374 317 481 381 563

437 431 548 485 Nos
570 442 702 485 vero
731 425 821 484 isti
849 441 1069 499 quoque
1115 426 1338 484 crimini
1390 425 1667 482 mitiorem
1724 442 1941 498 poenam
1974 436 2019 491 Α

364 522 519 589 (licet
544 519 799 575 acerbam
842 517 1111 590 requirat)
1137 519 1511 589 assignantes,
1576 519 1705 573 talia
1734 522 1946 575 consti-

365 613 575 668 tuimus
612 620 713 665 :ut
741 611 788 665 si
826 611 982 666 navis
1040 610 1300 666 dominus
1335 610 1431 677 sit,
1466 610 1561 681 qui
1607 627 1698 667 res
1747 612 1945 667 vetitas

364 704 432 758 ad
472 704 656 759 hostes
680 703 1000 768 transvexit,
1025 704 1430 768 consiliumque
1456 718 1615 759 suum
1652 718 1781 759 cum
1805 719 1945 758 nau-

367 795 437 848 tis
468 808 576 848 non
611 793 1060 858 communicarit,
1097 794 1146 849 is
1177 794 1331 849 solus
1378 808 1595 863 prauam
1640 796 1855 857 subeat,
1890 804 1946 850 et

364 899 527 952 supra
557 886 872 938 universum
904 883 1059 939 navis
1091 898 1250 949 unus,
1282 884 1335 938 ni
1363 886 1541 954 ipsum
1573 885 1755 955 itionia
1791 885 1946 940 valde

366 982 597 1043 premat,
636 976 974 1045 reliquorum
1007 977 1276 1031 honorum
1310 977 1566 1031 trientem
1604 978 1771 1032 etiam
1813 978 1946 1032 ﬁsco

366 1066 658 1136 «lt-pendat.
710 1067 768 1122 Si
815 1082 944 1122 vero
972 1068 1073 1124 soli
1108 1076 1287 1122 nauta:
1333 1070 1415 1130 (ut
1445 1069 1614 1123 multa
1672 1069 1779 1125 illis
1840 1084 1948 1122 ma-

367 1156 608 1210 litiosum
648 1172 809 1211 suum
863 1157 1104 1213 animum
1145 1156 1452 1211 celantibus
1516 1155 1860 1228 contingunt)
1893 1156 1944 1210 id

366 1247 581 1302 facinus
609 1248 726 1303 ausi
758 1247 891 1313 sint,
934 1247 1027 1303 ille
1054 1247 1276 1317 quidem
1326 1262 1554 1317 prorsus
1606 1246 1743 1301 liber
1799 1254 1944 1310 esto,

368 1338 421 1392 lii
454 1355 581 1393 vero
615 1353 831 1409 poenam
880 1354 989 1393 non
1051 1337 1355 1408 eli‘tigiunto
1383 1357 1397 1393 :
1430 1352 1495 1393 ac
1533 1338 1771 1405 primum
1824 1337 1949 1405 qni-

366 1428 488 1482 dem
534 1427 719 1498 ﬂagris
767 1427 1073 1489 cmduntor,
1105 1438 1336 1497 cuteque
1394 1435 1555 1482 tenus
1618 1426 1945 1481 tondentor:

348 1518 561 1580 ,deinde
593 1532 743 1581 vero,
783 1518 828 1573 si
851 1517 1052 1574 divites
1104 1519 1238 1580 sint,
1288 1533 1480 1573 eorum
1537 1532 1659 1588 quae
1688 1528 1947 1587 exporta-

367 1618 519 1678 runt,
546 1609 851 1680 quadruplo
885 1611 1187 1665 multantor
1212 1628 1226 1665 :
1254 1611 1299 1666 si
1334 1611 1526 1680 inopes
1565 1618 1619 1667 et
1656 1623 1948 1679 pauperes,

1608 312 1879 375 LEONIS
1934 314 2403 377 PHILOSOPHI

2142 428 2337 499 Ἡμεῖς
2362 429 2420 482 δὲ
2453 426 2549 481 καὶ
2576 426 2755 493 τοῦτο,
2781 426 2831 482 εί
2870 426 2971 483 καὶ
2995 428 3248 500 δριμεῖαν
3282 431 3509 486 ἀπαιτεῖ
3537 433 3637 504 τὴν

2046 519 2261 590 ποινὴν,
2292 519 2441 589 ὅμως
2471 518 2956 589 φιλανθρωποτέρα
2991 519 3226 585 διδόντες
3278 523 3506 579 τοιαῦτα
3554 525 3636 579 δι-

2042 608 2365 678 οριζόμεθαο
2397 609 2447 661 εί
2479 609 2578 679 μὲν
2609 607 2696 678 εἴη
2722 607 2913 678 κύριος
2944 609 3043 680 τῆς
3074 610 3212 676 νεὼς
3234 612 3262 664 ὁ
3292 612 3401 665 τῶν
3424 616 3639 681 ἀπηγοο

2048 698 2330 769 ρευμένων
2359 697 2777 769 διακομίζεσθαι
2816 700 2930 761 τοῖς
2956 699 3218 764 ἐναντίοις
3251 702 3353 773 τὴν
3397 703 3636 771 είσαγωο

2045 790 2149 861 γὴν
2185 790 2578 861 ποιησάμενος,
2636 789 2863 860 γνώμης
2912 790 2988 860 μὴ
3044 791 3093 824 ⁸³
3150 796 3493 863 κοινωνήσας
3523 799 3635 860 τοῖς

2047 883 2295 948 ναύταις,
2344 882 2507 952 μόνος
2562 883 2880 952 ύφιστάσθω
2926 883 3026 953 τὴν
3081 885 3278 955 ποινὴν
3338 888 3435 941 καὶ
3474 888 3554 941 ἐτι
3589 889 3635 921 ⁸⁸

2047 973 2249 1038 παντὸς
2288 973 2385 1027 τοῦ
2438 974 2641 1044 φόρτου
2670 1013 2686 1038 ,
2729 973 2825 1027 καὶ
2882 975 2935 1026 εί
2972 992 3037 1043 γε
3100 975 3175 1046 μὴ
3225 976 3372 1031 πάνυ
3427 980 3635 1049 ἀπορία

2047 1066 2245 1133 πιέζοι,
2287 1066 2381 1119 καὶ
2404 1066 2594 1137 τρίτην
2629 1066 2727 1136 τῆς
2755 1065 2920 1137 ἄλλης
2980 1068 3301 1136 περιουσίας
3328 1068 3407 1139 τῷ
3455 1071 3632 1141 δημο-

2052 1158 2152 1229 σίῳ
2181 1158 2569 1211 καταϐαλλέτω
2609 1160 2822 1229 μοῖραν.
2875 1159 2938 1211 Εί
2985 1158 3044 1212 δὲ
3083 1161 3223 1231 πρὸς
3271 1162 3400 1225 τοὺς
3430 1162 3632 1227 ναύτας

2048 1249 2111 1303 τὸ
2132 1248 2400 1320 τολμηθὲν
2423 1250 2604 1321 ἀφορᾷ
2641 1243 2751 1319 (οἶα
2792 1246 2966 1303 πολλὰ
2997 1251 3288 1320 συμϐαίνει
3333 1254 3431 1325 τὴν
3458 1271 3629 1324 πονη-

2052 1342 2175 1412 ρίαν
2204 1341 2723 1412 άποκρυψαμένων),
2756 1343 2784 1394 ὁ
2832 1343 2930 1412 μὲν
2961 1343 3202 1413 ἀμείνων
3234 1344 3374 1398 ἔστω
3411 1348 3627 1416 ποινῆς,

2048 1434 2099 1486 οί
2143 1432 2199 1485 δὲ
2235 1432 2334 1504 τὴν
2361 1433 2517 1503 δίκην
2545 1434 2606 1487 οὐ
2636 1433 2983 1488 διαλύσουσιν
3006 1436 3072 1497 ⁵³,
3115 1436 3253 1489 άλλά
3282 1437 3498 1506 πρῶτον
3532 1439 3630 1507 μὲν

2048 1524 2170 1586 ταῖς
2204 1523 2285 1585 είς
2325 1522 2389 1575 τὸ
2419 1522 2578 1593 σῶμα
2617 1522 2853 1593 πληγαῖς
2885 1524 2981 1577 καὶ
3027 1527 3095 1594 τῇ
3127 1526 3183 1577 ὲν
3216 1526 3334 1597 χρῷ
3373 1527 3634 1597 τιμωρεί-

2053 1613 2268 1666 σθωσαν
2294 1612 2541 1683 κουρείᾳ,
2567 1612 2761 1667 ἔπειτα
2786 1614 2844 1667 δὲ
2885 1614 3199 1686 προσούσης
3224 1617 3487 1687 εὐπορίας
3538 1634 3630 1669 τε-

366 1718 532 1773 supra
564 1702 795 1758 verbera
828 1702 1249 1774 ignominiosam
1270 1704 1607 1770 tonsionem,
1643 1702 1789 1773 quod
1811 1702 1949 1755 alios

2055 1704 2366 1773 τραπλάσια
2400 1703 2823 1776 ζημιούσοωσαν
2878 1699 2952 1761 ὧν
2996 1707 3385 1777 εἰσαγωγίμων
3431 1710 3623 1779 ἐποιή-

368 1792 425 1846 in
473 1791 790 1847 servitutem
858 1793 1207 1859 tradiderint,
1250 1794 1559 1849 libertatem
1623 1793 1943 1847 amittunto.

2057 1813 2238 1851 σαντοο
2297 1799 2346 1850 εί
2375 1796 2420 1850 δ’
2456 1774 2589 1850 δεῖεν
2616 1796 2813 1868 ἄποροί
2859 1814 2919 1850 τε
2946 1796 3044 1851 καὶ
3081 1774 3332 1867 πένητες,
3386 1774 3633 1852 ἔστωσαν

367 1882 504 1937 Nam
541 1884 658 1953 qui,
713 1895 977 1954 quantum
1001 1887 1057 1940 in
1090 1901 1149 1941 se
1179 1893 1284 1950 est,
1319 1902 1425 1942 non
1462 1885 1627 1941 modo
1659 1884 1951 1955 quamplu-

366 1974 539 2029 rimos
571 1976 625 2029 in
683 1976 1004 2032 servitutem
1054 1977 1285 2045 ducunt,
1329 1979 1423 2034 sed
1459 1978 1621 2033 etiam
1673 1976 1949 2032 communi

366 2064 493 2119 vita:
523 2067 875 2126 acerbitatem
934 2067 1190 2129 alierum,
1239 2070 1455 2124 tametsi
1491 2067 1559 2123 ad
1585 2067 1802 2123 servilis
1829 2068 1951 2121 Vita:

368 2157 739 2212 conditionem
770 2158 1083 2230 adigantur,
1113 2161 1408 2217 mediocris
1440 2170 1621 2215 tamen
1644 2161 1759 2215 haec
1789 2172 1951 2231 atque

366 2249 518 2305 mitis
538 2264 696 2320 pmna
726 2261 830 2306 est.
866 2252 1043 2324 Atque
1099 2252 1214 2308 haec
1256 2254 1497 2323 quidem,
1537 2253 1759 2324 quando
1794 2268 1949 2307 com-

368 2342 522 2396 muni
577 2343 835 2410 consilio,
874 2352 928 2399 et
966 2345 1172 2399 malitia
1227 2360 1317 2400 res
1390 2352 1540 2415 gesta
1576 2344 1759 2406 luerit,
1794 2351 1855 2396 ut
1882 2338 1957 2397 si-'

368 2435 479 2489 mul
510 2450 630 2490 eam
672 2444 1075 2507 perpetrarunt,
1135 2437 1209 2491 ita
1237 2437 1399 2491 etiam
1430 2434 1677 2505 utrisque
1715 2437 1781 2488 ad
1820 2449 1953 2502 pra:-

367 2524 620 2583 stitutum
649 2544 678 2581 a
709 2529 869 2584 nobis
898 2528 1120 2583 modum
1168 2526 1528 2597 castigandis,
1566 2526 1729 2580 simul
1760 2540 1950 2594 pmnas

368 2621 741 2679 sustinebunt.
1659 2620 1662 2623 ·
1808 2608 1809 2611 “

806 2912 1271 2974 CONSTITUTIO
1301 2912 1488 2970 LXIV.

369 3033 449 3095 De
474 3049 626 3104 pwna
651 3048 834 3089 eorum
866 3033 960 3103 qui
988 3031 1333 3102 naufragium
1358 3030 1744 3100 suppresserint
1775 3030 1946 3104 (8-9).

438 3199 587 3255 Idem
616 3198 917 3269 imperator
937 3195 1111 3252 eidem
1146 3194 1417 3266 Styliano.

438 3290 578 3347 Illud
632 3289 796 3344 etiam
832 3296 999 3358 atque
1028 3286 1192 3343 etiam
1239 3285 1507 3350 admiror,
1552 3284 1830 3356 quomodo
1855 3286 1949 3358 qui

370 3381 658 3454 naufragio
712 3379 916 3450 eiectas
966 3394 1056 3434 res
1091 3378 1353 3445 occultat,
1389 3384 1602 3432 tantum
1626 3377 1951 3447 delinquere

369 3473 637 3536 videatur,
661 3479 721 3527 nt
758 3470 811 3526 id
860 3476 1087 3525 mortem
1144 3468 1247 3539 ipsi
1306 3466 1509 3523 inferre
1562 3467 1757 3523 debeat
1807 3465 1946 3537 (10).

370 3563 527 3631 Quod
555 3571 736 3618 autem
770 3561 862 3632 qui
892 3561 1016 3617 illos
1072 3560 1231 3615 nbus
1264 3560 1381 3618 suis
1414 3557 1722 3623 delraudat,
1749 3559 1951 3629 quibus

371 3654 573 3725 aliquis
624 3652 998 3709 misericordia
1056 3660 1260 3713 motus,
1327 3651 1409 3706 vel
1438 3651 1504 3705 de
1539 3665 1642 3705 suo
1696 3659 1952 3720 sumptus

372 3747 700 3817 suppeditet,
751 3760 1023 3816 quemque
1045 3744 1099 3797 in
1132 3742 1299 3797 corde
1358 3743 1602 3797 dolorem
1660 3742 1952 3796 circumfe-

373 3844 527 3899 runt,
579 3835 752 3890 leniat
821 3833 970 3904 (cum
1017 3833 1320 3903 praesertim
1351 3846 1545 3901 graves
1597 3830 1952 3886 cruciatusin

375 3926 644 3980 bonorum
702 3922 998 3977 amissione
1043 3918 1307 3976 sustineri
1366 3917 1806 3975 consentaneum
1830 3919 1947 3989 sit),

376 4016 466 4071 ille
488 4030 597 4069 non
661 4014 933 4070 mediocre
994 4011 1263 4081 ﬂagitium
1307 4010 1529 4077 audeat,
1560 4011 1615 4067 id
1650 4027 1782 4067 vero
1830 4012 1954 4067 luce

374 4106 578 4161 clarius
601 4111 707 4159 est.
762 4103 926 4173 Atqui
953 4100 1099 4172 quod
1129 4100 1248 4166 bos,
1279 4116 1418 4171 quos
1449 4116 1640 4156 vecors
1676 4102 1953 4173 cupiditas

2054 1890 2149 1943 ἐπὶ¹
2182 1891 2305 1953 ταῖς
2339 1888 2558 1959 μάστιξι
2598 1889 2693 1943 καὶ
2719 1891 2785 1960 τῇ
2813 1888 2995 1960 ἀτίμῳ
3022 1889 3132 1944 τῶν
3160 1889 3363 1960 τριχῶν
3391 1890 3631 1959 ἀποϐολῇ

2051 1979 2148 2034 καὶ
2169 1978 2268 2050 τὴν
2295 1978 2623 2050 ἐλευθερίαν.
2668 1978 3088 2045 ἀποϐάλλοντες,
3133 1980 3223 2033 διὰ
3260 1980 3354 2033 τοῦ
3384 1980 3433 2011 ⁸⁸
3497 1980 3633 2049 πρὸς

2052 2072 2300 2125 δουλείαν
2333 2071 2585 2136 ἐκδότους
2614 2072 2889 2141 γενέσθαι.
2937 2073 3079 2135 Τοὺς
3108 2072 3237 2142 γὰρ,
3266 2072 3388 2125 ὅσον
3416 2072 3502 2125 ἐπ’
3532 2072 3634 2126 αύ-

2048 2161 2172 2224 τοὺς
2212 2156 2367 2232 ἧκεν,
2396 2161 2459 2214 ού
2490 2160 2648 2229 μόνον
2677 2162 2756 2224 είς
2776 2160 3022 2214 δουλείαν
3058 2162 3345 2223 πλείστους
3374 2160 3628 2228 ἄγοντας,

2049 2251 2187 2305 ἀλλὰ
2232 2252 2328 2305 καὶ
2356 2251 2471 2322 βίον
2499 2252 2712 2322 πικρῶς
2756 2251 3072 2320 ἐξάγοντας,
3116 2252 3212 2304 καὶ
3254 2252 3411 2305 τοῦτο
3444 2252 3634 2321 φιλάν-

2052 2343 2269 2415 θρωπον
2297 2346 2342 2377 ⁵⁷
2379 2346 2475 2397 καὶ
2510 2345 2749 2416 μετρίως
2801 2344 3002 2415 ἐχουσα
3046 2344 3358 2417 είσπραξις,
3388 2345 3450 2398 τδ
3490 2344 3635 2415 ζωῆς

2049 2434 2279 2488 οἰκετῶν
2312 2434 2601 2505 ἠξιῶσθαι.
2645 2434 2808 2489 Ἀλλά
2839 2435 3014 2489 ταῦτα
3050 2435 3147 2507 μὲν
3189 2436 3418 2508 γνώμης
3443 2436 3632 2505 κοινῆς

2049 2526 2150 2578 οὐκ
2178 2526 2333 2588 ὄντος
2364 2525 2460 2579 τοῦ
2501 2526 2861 2597 ἀδικήματος.
2910 2528 2972 2580 El
3013 2528 3068 2580 δὲ
3115 2528 3268 2596 κοινὴ
3318 2527 3509 2597 σκέψις
3540 2527 3634 2580 καὶ

2051 2618 2287 2686 πονηρία
2336 2616 2497 2671 τοῦτο
2525 2618 2895 2689 κατέπραξεν,
2931 2618 3122 2690 ῶσπερ
3151 2617 3287 2689 ὁμοῦ
3329 2618 3424 2671 τοῦ
3456 2616 3630 2671 κακοῦ

2050 2709 2302 2780 ἐργάται,
2326 2707 2469 2762 οὕτω
2499 2709 2594 2763 καὶ
2612 2709 2712 2780 τὴν
2749 2710 2906 2782 δίκην
2928 2710 3143 2765 ἔσονται
3172 2711 3521 2780 ὑποσχόντες,
3545 2705 3631 2773 οἷς

2052 2799 2432 2871 διωρισάμεθα
2465 2801 2692 2872 τρόποις
2722 2802 2986 2873 ἐκατέρου
3016 2802 3216 2872 μέρους
3244 2798 3631 2871 κολαζομένου.

2607 2910 2919 2964 ΔΙΑΤΑΞΙΣ
2964 2912 3081 2967 ΞΔ’.

2052 3026 2195 3097 Περὶ
2221 3023 2333 3095 τῆς
2365 3020 2675 3090 κολάσεως
2704 3024 2825 3079 τῶν
2860 3022 3383 3097 ἀποκρυψαμένων
3409 3021 3483 3077 τὰ
3515 3020 3634 3076 τῶν

2618 3096 3068 3164 ναυαγούντων.

2132 3186 2192 3241 Ὀ
2217 3187 2379 3251 αὐτὸς
2412 3187 2667 3258 βασιλεὺς
2695 3184 2973 3255 Στυλιανῷ
2996 3185 3075 3256 τῷ
3097 3184 3266 3255 αύτῷ.

2134 3277 2340 3331 Ἐκεῖνο
2362 3277 2419 3331 δὲ
2445 3278 2564 3331 λίαν
2587 3274 2876 3346 θαυμάζω,
2901 3276 3020 3339 πῶς
3046 3277 3075 3329 ὁ
3101 3276 3170 3330 τὰ
3190 3277 3255 3330 ἐκ
3276 3273 3561 3330 θαλαττίου
3585 3273 3632 3306 ⁸⁸

2052 3372 2302 3427 κινδύνου
2337 3370 3113 3445 ἁποκρυπτόμενος“τοσοῦτον
3142 3368 3320 3434 ἔδοξεν
3346 3369 3631 3441 ἁμαρτεῖν,

2053 3462 2193 3516 ὥστε
2221 3463 2451 3518 θάνατον
2473 3463 2701 3532 ἐπάγειν
2727 3461 2878 3532 αὐτῷ
2901 3462 3001 3532 τὴν
3044 3459 3301 3531 τοιαύτην
3333 3456 3629 3529 ἁμαρτίαν.

2054 3554 2178 3607 Ὅτι
2208 3554 2307 3626 μὲν
2330 3554 2437 3626 γάρ
2480 3552 2755 3624 ἁμαρτίαν
2780 3551 2840 3605 ού
2890 3550 3118 3622 μετρίαν
3146 3550 3342 3620 τολμᾷ,
3390 3548 3632 3610 ἐκείνους

2052 3646 2375 3718 ἀποστερῶν
2398 3647 2507 3699 τῶν
2544 3646 2711 3711 ίδίων,
2744 3641 2827 3708 οἷς
2862 3643 2993 3706 ίσως
3026 3641 3123 3696 καὶ
3160 3640 3289 3712 παρ’
3314 3639 3508 3693 ἐαυτοῦ
3532 3639 3634 3691 ἐπ-

2054 3739 2240 3810 αρκῶν
2260 3738 2306 3771 ⁸⁸
2335 3755 2419 3802 τις
2447 3740 2525 3802 είς
2556 3737 2704 3790 ἔλεον
2730 3735 3011 3799 καταστὰς
3037 3735 3140 3788 οὐκ
3192 3734 3258 3787 ἂν
3286 3733 3331 3765 ⁸ο
3371 3731 3440 3799 ἢν
3475 3747 3633 3800 περι·

2054 3831 2284 3901 φέρουσι
2344 3829 2433 3884 διὰ
2491 3829 2602 3883 τῶν
2671 3828 2920 3897 ἐγκάτων
2977 3827 3174 3895 ὀδύνην
3230 3822 3635 3891 καταπραΰνων

2054 3920 2244 3993 ὀφθείη
2270 3921 2437 3994 (εἰκὸς
2468 3920 2580 3991 γὰρ
2609 3919 2811 3989 πολλὴν
2835 3918 3039 3991 ζημίαν
3065 3917 3163 3971 καὶ
3180 3915 3289 3971 τῶν
3312 3915 3483 3968 ὄντων
3502 3914 3635 3966 ἀπο-

2055 4011 2217 4083 ϐολὴν
2248 4011 2587 4082 ὑπομεῖναι),
2613 4009 2773 4064 τοῦτο
2797 4010 2909 4063 τῶν
2941 4006 3286 4078 φαινομένων
3317 4003 3489 4057 ἐστίν.
3511 4002 3635 4055 Ὀτι

2054 4103 2113 4157 δὲ
2145 4106 2251 4174 χρὴ
2284 4102 2433 4173 ζωῆς
2469 4100 2893 4173 ἀποστερεῖσθαι
2924 4101 3053 4163 τοὺς
3082 4097 3207 4153 καθ’
3245 4088 3320 4150 ὧν
3357 4096 3390 4163 ἡ
3426 4091 3633 4161 ἐκπλη-

376 4196 484 4249 Ιιυο
534 4192 772 4263 impulit,
830 4193 938 4246 vita
992 4190 1196 4262 privari
1248 4198 1524 4261 oporteat,
1575 4190 1678 4247 hoc
1707 4192 1954 4261 profecto

374 4284 656 4342 intellectu
679 4283 899 4354 assequi
926 4297 1160 4354 nequeo.
1192 4280 1330 4337 Nam
1360 4279 1491 4351 quid
1526 4290 1736 4336 tantum
1798 4281 1951 4338 abia-

2056 4286 2309 4343 τοσοῦτον
2340 4286 2614 4357 ἀφείλετο,
2640 4284 2667 4338 ὃ
2697 4284 2896 4354 γένοιτ’
2920 4282 2987 4337 ἂν
3021 4281 3324 4337 ἰσοστάσιον
3346 4277 3545 4348 ψυχῆς,
3566 4270 3637 4347 ἦς

376 4390 491 4435 tum
521 4385 629 4445 est,
661 4385 723 4434 ut
744 4394 868 4435 cum
903 4379 1087 4434 anima
1116 4378 1353 4433 conferri
1388 4377 1583 4448 possit,
1609 4390 1717 4447 qua
1747 4376 1951 4449 privari

2058 4380 2157 4453 τὴν
2185 4377 2474 4454 εἴσπραξιν
2511 4376 2903 4449 κατακρίνεται
2928 4393 2944 4443 ;
2968 4374 3238 4434 ’κάκιστος
3284 4370 3381 4441 μὲν
3416 4368 3509 4421 οὖν
3543 4366 3638 4420 καὶ

374 4470 575 4527 debere
606 4470 696 4527 ille
726 4468 1163 4527 condemnatur?
1210 4447 1494 4524 Pessimus
1551 4447 1771 4538 quidem
1804 4474 1951 4523 certe

2060 4447 2338 4545 ἀλιτήριος
2364 4474 2392 4526 ὁ
2414 4472 2659 4525 τοιούτου
2689 4447 2915 4541 κέρδους
2951 4466 3191 4521 ἐλάττων
3215 4466 3282 4529 ⁸⁸,
3313 4460 3470 4514 τοῦτο
3488 4458 3555 4529 δὴ
3576 4457 3638 4511 τὸ

375 4573 461 4620 est
492 4570 548 4619 et
566 4561 892 4633 sacrilegus,
920 4561 1013 4632 qui
1032 4559 1421 4617 seistiusmodi
1453 4559 1609 4615 lucro
1632 4559 1911 4630 mancipat
1938 4577 1951 4615 :

2062 4566 2195 4637 παρ’
2232 4564 2392 4620 ἐνίων
2446 4562 2755 4633 γινόμενον,
2811 4556 3120 4630 περισυλῶν
3173 4552 3527 4624 τεθνηκότας,
3574 4549 3637 4602 ού

377 4670 442 4711 ac
480 4670 616 4713 sane
678 4654 772 4711 ille
800 4654 877 4725 (id
907 4653 1056 4724 quod
1122 4651 1191 4707 ab
1239 4651 1518 4722 aliquibus
1571 4650 1651 4721 iit)
1705 4660 1951 4709 mortuos

2067 4656 2174 4728 μὴν
2203 4658 2236 4727 ἡ
2267 4655 2501 4727 πονηρία
2526 4653 2782 4720 τοιαύτης
2808 4651 2936 4717 ἀξία
2964 4650 3141 4719 δίκης.
3187 4647 3261 4701 Οὐ
3301 4644 3411 4715 γὰρ
3435 4643 3639 4696 δίκαιον

378 4748 600 4818 spoliat.
651 4745 1045 4803 Verumtamen
1096 4742 1152 4799 id
1216 4742 1429 4799 facinus
1487 4742 1803 4800 istiusmodi
1847 4758 1951 4799 non

2066 4747 2190 4800 ἀντὶ
2224 4746 2551 4817 πράγματος
2583 4742 2772 4797 ὑλικοῦ
2802 4742 2896 4796 καὶ
2929 4739 3145 4810 ῥέοντος
3176 4737 3341 4792 άῦλον
3380 4733 3474 4788 καὶ
3506 4730 3641 4786 ἀθά-

380 4849 623 4897 meretur
685 4853 925 4910 poenam.
984 4836 1092 4893 Pro
1124 4836 1237 4909 (ll)
1281 4851 1341 4893 re
1392 4835 1541 4893 enim
1582 4837 1852 4893 materiali
1900 4846 1951 4894 et

2068 4853 2228 4891 νατον
2265 4836 2500 4907 πρᾶγμα
2530 4834 2631 4906 τὴν
2659 4832 2837 4905 ψυχὴν
2856 4829 3182 4901 λαμϐάνειν.
3216 4828 3280 4881 El
3305 4824 3415 4896 γὰρ
3444 4820 3640 4876 πολλά-

1718 4972 1957 5030 VARIIE
1995 4971 2403 5030 LECTIONES.

2058 4195 2139 4261 ξις
2168 4195 2282 4267 ἔχει
2313 4194 2413 4265 τὴν
2435 4193 2643 4265 χώραν,
2683 4192 2843 4247 τοῦτο
2884 4192 3115 4247 συνιδεῖν
3151 4189 3251 4242 οὐκ
3278 4186 3408 4258 ἐχω.
3428 4185 3496 4239 Τί
3524 4185 3635 4255 γὰρ

448 5066 495 5099 ⁸⁸
526 5067 760 5139 Serimg.
818 5066 1046 5139 γνώμην
1108 5065 1228 5138 μέν.
1263 5062 1410 5139 _Hoc
1440 5064 1575 5139 pen
1612 5064 1666 5119 in
1704 5065 1778 5139 μῂ
1805 5065 2127 5139 mutandum
2168 5080 2293 5139 esse
2353 5063 2489 5139 vidit
2510 5060 2721 5139 _Steph.
2779 5055 3193 5139 “_Agyl.‘conj.
3233 5053 3330 5139 ital-
3353 5046 3641 5139 intrrat?!

382 5119 843 5209 frti)_cpdé‘ttp,2lyej
862 5119 1069 5209 εῇἱῆε.
1097 5119 1346 5209 mavult;
1366 5119 1464 5190 καί
1481 5135 1589 5209 ’ἐπι
1610 5119 1813 5209 παντός
1837 5135 1941 5209 τού
1953 5119 2342 5209 φό-ρτουηεζγε)
2369 5119 2374 5121 ⁷
2433 5135 2478 5167 ⁵⁸
2495 5119 2877 5209 _Steplt_._c_onj.
2896 5119 3259 5209 νδιαλύξουσι,
3297 5121 3521 5209 Βρξηὲτῆ
3532 5119 3642 5209 δια-

720 5188 1831 5281 τξύτοῖ-Εῶοῇὁένὶιλδιθρίῖ.
1890 5206 1941 5281 _"
1965 5188 2399 5281 '13::,-ij$_t_&i'<rliat
2424 5188 2632 5281 τοὺς..ἶ.
2679 5188 2996 5281 ἐξάγᾶνταῂ
3028 5188 3124 5281 καὶ
3150 5188 3308 5281 enim?

384 5263 646 5338 πονξκτλ.
703 5277 751 5314 ⁸⁸
786 5263 1028 5349 ενι-ἱππεῖ
1046 5276 1339 5351 θαλάττης.
1416 5279 1462 5313 ⁵⁹
1488 5263 1962 5347 0οἀἀ.ὲτέαρκεῖν.
2039 5275 2085 5307 ⁶⁰
2117 5263 2310 5330 Μίξιίιιε
2342 5274 2437 5327 καί
2462 5263 2560 5343 pro
2580 5272 2681 5326 οὐκ
2707 5263 2802 5327 ἁνζ
2871 5266 2915 5303 ⁶¹
2950 5266 3224 5324 Fortassis
3249 5263 3461 5320 εένεκα.
3482 5263 3638 5315 Certe

384 5347 590 5403 aliquid
619 5356 939 5403 corruptum
965 5358 1071 5403 est.

384 5348 590 5419 aliquid
619 5356 939 5419 corruptum
965 5348 1071 5406 est.

1895 5435 2134 5496 ΝΟΤᾸΕ.

457 5536 586 5607 (8-9)
619 5533 1559 5611 Poenanaufragiumsupprimentis
1575 5532 1945 5611 quadruplum
2139 5529 2255 5611 (10)
2285 5526 2363 5583 Ex
2392 5525 2447 5582 d.
2479 5527 2518 5583 ι.
2543 5527 2597 5593 3,
2644 5523 2718 5581 De
2780 5520 3055 5588 incendio,
3094 5521 3132 5577 l.
3160 5516 3268 5589 5,§
3306 5516 3361 5586 4,
3388 5513 3448 5574 ﬂ.
3469 5511 3542 5571 De
3567 5510 3618 5569 si

508 5605 976 5687 constituitur-net
1008 5606 1079 5687 ita
1109 5605 1405 5687 abrogatur
1433 5605 1607 5687 paena;
1616 5605 1829 5687 mortis,
1853 5618 1960 5687 qua
2068 5605 2258 5687 εειςξίξιε
2288 5668 2358 5687 Μ
2465 5682 2479 5687 _
2501 5681 2522 5687 Δ
2548 5666 2560 5687 1
2588 5681 2685 5687 ψ
2710 5661 3033 5687 “dudm.
3676 5628 3682 5664 ξ

385 5676 516 5732 olim
557 5676 785 5729 allectus
834 5666 955 5735 fuit,
976 5675 1086 5729 vid.
1109 5675 1145 5730 l.
1174 5666 1313 5741 5,in
1345 5666 1448 5732 ﬁn.’
1469 5674 1519 5729 ίῐ.
1566 5674 1641 5731 De
1671 5666 1958 5741 incendio;
2143 5670 2255 5741 (li)
2287 5668 2529 5726 Observa
2547 5666 2687 5722 hanc
2708 5666 3059 5721 sententiam.

389 5751 425 5806 ι.
451 5748 502 5816 3,
535 5745 561 5818 ᾗ
586 5746 640 5810 4,
667 5744 721 5801 Π.
758 5744 831 5800 De
850 5744 1085 5800 sicariis.
