4090 6206
367 351 472 417 5ῧτ
1633 348 1909 411 LEONIS
1934 347 2394 411 PHILOSOPHI
3527 331 3630 394 5εὸ

369 462 726 535 pugnandum
784 461 1124 519 metic’ulosis
1171 460 1490 532 frequenter
1538 458 1788 530 jaccidit;
1835 457 1928 529 qui
1967 459 2097 512 dum
2121 457 2264 513 ictus
2299 457 2352 511 in
2375 470 2569 512 manus
2596 452 2850 525 excipere
2873 448 3088 516 nolunt,
3153 446 3264 503 illis
3329 444 3416 502 vel
3466 455 3628 514 caput

371 559 456 614 vel
484 566 726 614 ventrem
758 564 1063 627 exponunt.

442 649 589 706 Sane
648 663 780 704 vero
819 649 868 702 si
912 649 1028 719 quis
1070 647 1253 717 aliquo
1306 649 1471 705 modo
1521 643 1939 702 incantamentis

2113 647 2184 702 El
2202 664 2287 711 τις
2313 647 2379 718 δὴ
2400 647 2538 710 ὅλως
2557 643 2782 699 τοιαῦτα
2807 639 3089 712 φωραθείη
3114 636 3628 709 μαγγανευόμενος,

373 754 510 794 usus
533 751 658 792 esse
708 736 1088 805 deprehensus
1119 736 1310 805 fuerit,
1340 737 1456 793 sive
1505 737 1557 792 id
1591 734 1939 792 restituenda

2051 738 2161 792 εἴτε
2181 738 2452 809 προφάσει
2485 738 2588 807 τῆς
2616 735 2713 789 τοῦ
2739 733 2989 804 σώματος
3016 729 3335 801 θεραπείας,
3359 727 3470 779 εἴτε
3497 727 3628 778 ἀπο-

373 827 836 883 conservandae
869 828 1219 892 valetudinis,
1275 828 1394 886 sive
1430 829 1743 885 avertenda:
1794 842 1824 880 a
1858 841 1939 882 re-

2050 829 2259 899 τροπῆς
2281 830 2380 900 τῆς
2407 828 2517 882 τῶν
2539 827 2836 899 καρπίμων
2863 823 3088 894 βλάϐης,
3114 821 3212 891 τὴν
3252 817 3491 888 ἐσχάτην
3518 818 3631 870 είσ·

370 919 476 974 bus
521 917 801 989 frugiferis
841 919 1170 974 calamitatis
1196 934 1366 975 causa
1410 919 1627 983 fecerit,
1650 920 1698 972 is
1731 927 1952 989 aposta-

371 1017 550 1063 tarum
583 1023 799 1078 pmnam
826 1009 1076 1076 subiens,
1107 1025 1426 1082 supremum
1466 1011 1799 1083 supplicium
1819 1025 1946 1067 sus-

371 1100 546 1155 tineto
572 1101 712 1172 (l7).

817 1190 1284 1248 CONSTITUTIO
1329 1191 1514 1248 LXVI.

933 1283 1009 1339 De
1042 1285 1219 1355 plagio
1251 1284 1385 1354 (l8).

442 1373 588 1432 Idem
611 1373 912 1446 imperator
943 1377 1118 1432 eidem
1155 1376 1425 1447 Styliano.

441 1463 515 1520 Ut
543 1467 773 1535 iustitiae
805 1469 1004 1523 libram
1041 1483 1148 1523 non
1174 1470 1300 1540 plus
1342 1484 1499 1541 a‘qtto
1529 1468 1595 1524 ad
1629 1469 1950 1525 misericor-

367 1556 516 1612 diam
541 1559 828 1624 inclinare,
864 1559 939 1613 ita
969 1574 1145 1628 neque
1209 1561 1377 1614 nimia
1423 1561 1746 1616 austeritate
1773 1561 1949 1616 delin-

368 1649 676 1715 quentibus
744 1649 1049 1719 graviorem
1083 1665 1248 1720 quam
1309 1659 1595 1720 peccatum
1661 1652 1943 1721 requirat‘,

369 1751 588 1806 poenam
622 1737 826 1809 imponi
853 1739 1138 1793 honestum
1174 1747 1280 1794 est.
1318 1739 1454 1795 Illud
1517 1742 1664 1794 cnim
1722 1741 1946 1809 (interno

369 1827 580 1896 pestiva
607 1829 1022 1886 commiseratio
1053 1831 1271 1902 nempe)
1309 1831 1362 1885 in
1394 1831 1505 1886 illis
1539 1832 1742 1901 quibus
1775 1832 1942 1887 deco-

2051 919 2375 990 πραττέσθω
2403 917 2593 989 ποινὴν
2612 957 2627 983 ,
2655 917 2755 987 τὴν
2779 915 2889 968 τῶν
2914 909 3240 968 ἀποστατῶν
3271 907 3496 962 κόλασιν
3524 906 3628 972 ὕφ-

2053 1011 2357 1083 ιστάμενος.

2552 1184 2864 1242 ΔΙᾹΤΔΞῙΣ
2919 1183 3033 1250 EC,"
3062 1182 3130 1237 “.

2508 1278 2646 1346 Περὶ
2681 1272 3201 1344 ἀνδραποδισμοῦ.

2134 1375 2196 1430 '0
2222 1372 2382 1437 αὐτὸς
2415 1371 2668 1442 βασιλεὺς
2697 1366 2976 1436 Στυλιανῷ
3006 1364 3086 1436 τῷ
3116 1362 3285 1434 αὐτῷ.

2123 1467 2336 1536 Ὠσπερ
2372 1464 2472 1517 οὐκ
2501 1461 2617 1515 εστι
2651 1460 2817 1514 καλὸν
2848 1458 2918 1512 τὰ
2937 1457 3036 1527 τῆς
3056 1457 3211 1526 δίκης
3245 1453 3389 1522 ζυγά
3413 1453 3573 1508 πλέον
3595 1454 3629 1524 ἢ

2050 1560 2326 1629 προσῆκεν
2360 1552 2733 1608 ἑπικλίνεσθαι
2784 1553 2851 1621 τῇ
2890 1547 3232 1620 συμπαθείᾳ.
3290 1546 3468 1610 οὕτως
3517 1546 3628 1600 οὐδ’

2047 1648 2355 1721 ὑπερϐολὴν
2377 1648 2424 1680 ⁸⁷
2457 1643 2862 1715 αὐστηρότητος
2902 1641 3016 1704 τοῖς
3050 1637 3427 1710 ἁμαρτάνωσι
3463 1637 3631 1707 βαρυ-

2045 1741 2212 1810 τέραν
2245 1741 2280 1810 ἢ
2311 1741 2434 1793 ὅσον
2467 1737 2692 1790 ἀπαιτεῖ
2714 1733 2775 1787 τὸ
2797 1733 3102 1803 ἁμάρτημα
3139 1729 3240 1799 τὴν
3278 1727 3435 1798 δίκην
3457 1726 3630 1780 ἐπιτί-

2045 1833 2257 1887 θεσθαι.
2290 1831 2364 1885 Τὸ
2408 1831 2508 1900 μὲν
2541 1828 2671 1899 γὰρ,
2699 1827 2842 1895 λέγω
2863 1823 2928 1894 δὴ
2956 1823 3019 1877 τὸ
3051 1823 3282 1892 ἄκαιρον
3320 1819 3626 1890 συμπαθὲς,

367 1933 490 1973 rum
520 1919 785 1977 excedere
812 1922 1005 1992 religio
1033 1937 1143 1977 non
1198 1934 1303 1988 est,
1335 1930 1735 1991 contemptum,
1768 1931 1822 1978 et
1866 1923 1934 1977 ad

2050 1927 2156 1988 τοῖς
2183 1923 2229 1957 ⁸⁸
2251 1924 2355 1989 ἔξω
2386 1922 2648 1992 φέρεσθαι
2675 1919 2770 1973 τοῦ
2807 1921 3114 1986 πρέποντος
3146 1917 3249 1970 οὐκ
3291 1915 3598 1983 εύλαϐουμέ
3618 1949 3630 1958 .

364 2009 614 2066 audenda
639 2013 782 2066 mala
805 2012 1187 2068 ferventiorem
1213 2014 1698 2084 promptitudinem
1731 2015 1938 2085 gignat;

363 2109 420 2155 et
446 2103 698 2172 graviore
730 2119 894 2173 quam
946 2119 1047 2174 pro
1102 2106 1304 2159 merito
1341 2104 1601 2159 delictum
1649 2121 1811 2175 paena
1861 2105 1940 2161 fe-

365 2192 497 2256 rire,
553 2193 606 2248 id
653 2209 782 2250 vero
817 2210 926 2250 non
971 2195 1202 2265 iustitiae
1245 2197 1404 2262 ultio,
1439 2197 1533 2250 sed
1587 2197 1693 2252 sub
1755 2197 1939 2268 specie

358 2282 586 2353 iustitiae
617 2300 730 2340 rem
767 2285 1026 2355 injustam
1057 2285 1281 2355 aggredi
1334 2293 1442 2342 est.
1478 2283 1612 2338 Nam
1670 2301 1778 2340 non
1839 2300 1937 2355 pro

364 2376 548 2430 delicti
579 2375 743 2432 modo
763 2378 1174 2449 delinquentem
1210 2378 1430 2446 punire,
1471 2376 1670 2446 injuria
1699 2377 1934 2442 allicere,

363 2480 706 2536 nequaquam
731 2483 863 2522 vero
881 2468 1156 2538 justitiam
1184 2483 1444 2523 exercere
1458 2475 1563 2524 est.
1599 2468 1670 2522 At
1695 2484 1857 2538 quem
1881 2470 1935 2522 in

365 2553 527 2610 finem
564 2555 666 2610 hoc
695 2557 903 2612 dictum
931 2559 1050 2614 est?
1088 2558 1244 2624 Quod
1279 2559 1364 2612 lex
1390 2573 1500 2628 quo
1551 2560 1742 2614 nescio
1776 2560 1938 2615 modo

359 2642 472 2714 (est
500 2645 648 2699 enim
676 2645 781 2699 hoc
811 2648 1198 2716 constitutum)
1233 2662 1356 2701 cum
1389 2649 1483 2716 qui
1539 2649 1782 2703 alienum
1815 2665 1936 2705 ser-

365 2749 492 2787 vum
525 2734 777 2800 abduxit,
803 2746 976 2791 morte
1001 2736 1212 2806 puniat.
1255 2736 1314 2791 In
1341 2752 1450 2806 quo
1489 2737 1580 2792 illa
1617 2754 1835 2808 poenam
1866 2740 1933 2794 ad

362 2821 620 2875 delictum
653 2823 817 2880 dubie
853 2839 960 2878 non
1011 2826 1290 2896 expendit.
1335 2825 1473 2881 Cum
1501 2828 1647 2882 enim
1679 2828 1824 2897 quod
1855 2845 1941 2885 re-

364 2914 616 2979 cuperari
653 2926 904 2986 nequeat,
935 2919 1199 2972 arnissum
1217 2920 1348 2974 nihil
1374 2920 1468 2982 sit,
1492 2922 1688 2974 mortis
1718 2937 1934 2992 pinnam

365 3003 444 3056 illi
475 3004 567 3074 qui
601 3008 744 3073 cepit
771 3007 985 3074 inferri,
1056 3009 1582 3084 irrecuperabilique
1621 3014 1695 3070 ita
1735 3014 1938 3071 damno

365 3095 590 3167 smijici,
615 3113 723 3154 non
754 3107 840 3156 est
877 3115 1122 3172 aequum.

2045 2032 2157 2078 νοις
2181 2015 2460 2084 ποιήσειεν
2481 2011 2548 2067 ἂν
2580 2009 2989 2081 καταφρόνησιν
3011 2009 3104 2063 καὶ
3127 2007 3266 2079 πρὸς
3296 2006 3396 2078 τὴν
3422 2006 3630 2075 τόλμαν

2045 2107 2156 2158 τῶν
2178 2104 2397 2172 φαύλων
2424 2102 2686 2172 ὀξυτέραν
2710 2099 2810 2172 τὴν
2832 2099 3166 2172 προθυμίαν,
3192 2099 3255 2151 τὸ
3275 2098 3332 2152 δὲ
3355 2098 3634 2168 βαρυτέρᾳ

2048 2195 2296 2259 κολάζειν
2325 2198 2483 2266 ποινῇ
2509 2195 2570 2248 τὺ
2590 2193 2812 2265 ἀμάρτη
2823 2211 2919 2263 μα,
2943 2191 3057 2246 ἀλλ’
3079 2191 3139 2244 οὐ
3166 2191 3429 2246 καθ’ὅσον
3458 2191 3630 2254 ἀξιον,

2053 2287 2153 2340 οὐκ
2184 2287 2304 2340 ἔστι
2344 2285 2557 2339 δικαίου
2587 2285 2888 2354 ἐκδίκησις,
2916 2282 3031 2336 ἀλλ’
3080 2283 3139 2336 ὲν
3190 2282 3428 2353 σχήματι
3479 2282 3635 2368 δίκης

2048 2377 2261 2440 ἀδικίας
2295 2378 2517 2448 ἄρχειν·
2571 2376 2634 2429 τὸ
2666 2375 2776 2445 γὰρ
2811 2375 2888 2446 μὴ
2935 2374 3075 2447 πρὸς
3105 2374 3304 2445 μέτρον
3357 2372 3452 2426 τοῦ
3483 2375 3635 2427 πταί-

2050 2485 2257 2538 σματος
2305 2467 2671 2538 τιμωρεῖσθαι
2722 2466 2816 2519 τὸν
2872 2465 3176 2518 πταίσαντα
3228 2464 3433 2517 ἀδικεῖν
3464 2466 3632 2526 ἐστιν,

2048 2557 2170 2627 οὐχί⁵
2199 2557 2269 2610 τά
2289 2557 2475 2611 δίκαια
2506 2559 2704 2611 ποιεῖν.
2735 2555 2804 2608 Τί
2829 2555 3034 2626 δήποτε
3069 2553 3229 2607 τοῦτο
3266 2553 3513 2625 semen;
3551 2554 3633 2605 ὅτι

2048 2647 2211 2716 νόμος
2253 2647 2374 2716 (οὒκ
2426 2643 2524 2700 οἷδ’
2555 2647 2703 2709 ὅπως
2745 2643 2905 2698 τοῦτο
2949 2643 3112 2713 γνοὺς
3143 2644 3188 2675 ⁶⁹
3219 2642 3560 2713 διορίσασθαι
3585 2643 3635 2675 ⁷⁸

2049 2737 2264 2808 θανάτῳ
2303 2736 2635 2808 ζημιοῦσθαι
2664 2736 2756 2790 τὸν
2789 2735 3228 2808 ἡνδραποδικότα
3257 2733 3444 2787 δοῦλον
3478 2733 3634 2786 ἀλλόο

2045 2829 2218 2900 τριον)
2264 2829 2326 2881 οὐ
2385 2828 2798 2898 σταθμούμενος
2838 2827 2937 2899 τὴν
2958 2826 3232 2896 τιμωρίαν
3272 2824 3350 2896 τῷ
3379 2825 3633 2894 ἁμαρτή-

2051 2937 2204 2990 ματι,
2232 2919 2342 2972 οὐδ’
2372 2920 2454 2973 ὅτι
2486 2923 2520 2990 ἡ
2545 2919 2638 2972 τοῦ
2673 2919 2789 2990 βίου
2821 2918 2993 2989 ζημία
3021 2917 3062 2948 ⁷⁸
3099 2915 3456 2987 ἐπιφέρεσθαι
3484 2914 3633 2978 ἄξιον

2047 3012 2143 3064 καὶ
2165 3011 2264 3082 οὐχ
2285 3012 2367 3065 ὅτι
2393 3012 2671 3082 κτήματος
2697 3010 2917 3079 ἐγένετό
2941 3025 3027 3072 τις
3055 3006 3300 3061 ἀπώλεια
3319 3007 3385 3076 ἢν
3408 3006 3634 3059 δυνατόν

2049 3103 2166 3156 ἐστι
2204 3101 2732 3174 παραμυθήσασθαι,
2763 3101 2852 3154 διά
2882 3098 3044 3154 τοῦτο
3079 3099 3499 3171 ἀπαραμυθήτφ
3528 3098 3632 3153 ὕπ-

2049 3194 2175 3264 άγει
2201 3196 2492 3265 ἀφαιρέσει
2521 3194 2613 3249 τδν
2637 3193 2940 3249 ἑαλωκότα.

437 3279 648 3340 Idcirco
681 3284 865 3357 itaque
894 3287 964 3343 ab
996 3287 1064 3343 iis
1082 3289 1177 3360 qui
1206 3289 1373 3362 digna
1405 3299 1585 3347 morte
1616 3306 1726 3348 non
1781 3307 1938 3351 com-

2121 3285 2427 3358 Τοιγαροῦν
2463 3286 2552 3340 διά
2580 3285 2742 3340 τοῦτο
2770 3285 2896 3349 τοὺς
2927 3283 3002 3354 μὴ
3028 3283 3158 3351 ἀξια
3186 3283 3418 3339 θανάτου
3445 3283 3600 3355 ἦμαρ
3623 3317 3629 3323 -

365 3376 656 3442 miserunt,
690 3384 800 3432 tam
829 3380 1061 3436 acerbas
1103 3395 1297 3452 panas
1323 3383 1488 3453 exigi,
1544 3385 1635 3439 ubi
1689 3385 1935 3456 iniquum

365 3480 490 3523 esse
545 3467 1076 3538 animadvertimus,
1135 3487 1300 3542 quam
1352 3474 1526 3544 legem
1594 3477 1939 3547 consuetudo

365 3559 696 3630 contempsit
725 3561 808 3632 (ut
839 3577 964 3632 quae
984 3563 1096 3618 vita
1121 3565 1450 3635 plagiarium
1475 3581 1584 3622 non
1615 3567 1813 3638 privet,
1842 3569 1938 3624 sed

365 3645 476 3702 alio
504 3650 666 3704 modo
715 3652 927 3722 puniat)
985 3653 1233 3710 eamdem
1290 3671 1393 3712 nos
1447 3658 1614 3712 etiam
1671 3658 1938 3729 legalibus

365 3738 860 3795 constitutionibus
881 3742 1185 3812 ejicientes,
1221 3744 1369 3813 quod
1396 3747 1782 3801 consuetudini
1823 3749 1940 3819 pla-

364 3825 502 3905 cuit,
523 3827 642 3898 lege
669 3828 1090 3898 confirmamus;
1116 3846 1181 3888 ac
1195 3831 1473 3902 iubemus,
1503 3836 1634 3890 utsi
1661 3837 1780 3905 quis
1809 3838 1940 3893 alie-

365 3932 495 3972 num
520 3933 741 3974 servum
761 3921 1057 3979 abduxisse
1078 3922 1453 3993 deprehensus
1477 3926 1569 3990 sit,
1593 3926 1639 3983 is
1657 3929 1937 3994 eumdem,

361 4007 720 4080 ejusdemque
751 4013 1007 4081 pretium,
1035 4021 1151 4067 tum
1195 4015 1359 4068 etiam
1388 4016 1653 4087 quidquid
1683 4035 1750 4075 ex
1781 4020 1940 4076 indu-

362 4098 500 4152 stria
521 4098 638 4164 ejus
665 4100 770 4170 ipsi
784 4102 1038 4167 accessit,
1060 4102 1311 4169 reddere,
1329 4111 1384 4159 et
1397 4117 1662 4175 quantum
1680 4107 1937 4167 dominus

364 4205 474 4245 non
509 4192 716 4248 amisso
755 4207 937 4261 servo,
971 4193 1093 4265 ejus
1119 4194 1338 4252 nomine
1365 4199 1648 4268 percipere
1674 4203 1937 4270 potuerit,

365 4281 702 4338 tantumdem
739 4284 850 4355 (l9)
902 4284 1215 4356 dependere
1259 4297 1530 4358 cogatur;
1581 4299 1744 4361 atque
1793 4293 1936 4348 ultra

365 4371 482 4427 haec
506 4373 952 4446 delinquentibus
991 4393 1152 4448 poena
1187 4394 1297 4434 non
1333 4389 1681 4452 aggravetur.
1712 4379 1769 4437 Si
1811 4384 1937 4454 qui-

363 4463 487 4519 dem
520 4465 595 4520 ita
625 4467 725 4534 illi,
754 4470 850 4539 qui
900 4485 1121 4525 servum
1165 4472 1374 4536 amisit,
1414 4472 1750 4531 sullicienter
1781 4476 1938 4531 dam-

364 4571 495 4610 num
529 4559 848 4627 resarcltur,
875 4561 1094 4632 furique
1123 4563 1260 4618 satis
1288 4579 1484 4636 magna
1519 4580 1679 4636 poena
1724 4568 1941 4640 irroga-

364 4653 489 4702 tur:
515 4648 718 4719 quippe
744 4663 870 4705 cum
906 4651 998 4707 ille
1046 4667 1268 4709 servum
1292 4668 1418 4708 cum
1447 4657 1766 4714 accessione
1798 4663 1940 4716 rcci-

365 4741 514 4810 piat;
547 4752 598 4798 et
627 4757 792 4815 quam
821 4744 1114 4804 utilitatem
1175 4762 1244 4806 ex
1285 4764 1452 4807 servo
1501 4765 1611 4808 nou
1677 4753 1940 4827 subrepta

2051 3379 2288 3451 τηκότας
2309 3378 2371 3431 ού
2390 3377 2599 3432 δίκαιον
2614 3377 3053 3448 ἀνασκεψάμενοι
3072 3377 3277 3447 πικρὰν
3295 3375 3436 3430 οὕτω
3461 3393 3634 3443 τιμω-

2057 3469 2179 3539 ρίαν
2210 3467 2654 3540 εἰσπράττεσθαι,
2691 3468 2860 3540 ὃνπερ
2894 3470 2928 3540 ὴ
2964 3467 3224 3540 συνήθεια
3252 3467 3401 3540 παρὰ
3429 3465 3632 3536 φαῦλον

2053 3560 2348 3632 ἐποιήσατο
2375 3561 2539 3632 νόμον
2569 3561 2691 3631 (οὐκ
2718 3560 3009 3631 ἀφαιρέσει
3040 3560 3141 3631 τῆς
3167 3558 3314 3629 ζωῆς
3354 3575 3630 3630 τιμωρου-

2057 3651 2216 3722 μένη,
2251 3651 2453 3722 ἑτέρως
2485 3651 2541 3706 δὲ
2571 3651 2876 3717 κολάζουσα
2899 3650 2990 3704 τδν
3022 3649 3499 3722 ἀνδραποδιστὴν),
3535 3651 3633 3704 καὶ

2051 3743 2215 3812 ἡμεῖς
2245 3742 2352 3797 τῶν
2367 3743 2615 3814 νομίμων
2635 3743 2989 3807 ἐκϐάλλοντες
3017 3743 3336 3811 διατάξεων,
3359 3745 3421 3797 τὸ
3450 3744 3635 3814 ἐκείνῃ

2051 3833 2212 3900 δόξαν
2247 3834 2398 3905 νόμῳ
2453 3833 2754 3906 κυροῦμεν,
2789 3835 2884 3888 καὶ
2906 3835 2953 3866 "
2984 3833 3278 3905 κελεύομεν
3306 3836 3398 3888 τὸν
3445 3835 3499 3887 εῐ
3547 3850 3633 3897 τις

2053 3924 2169 3994 ἀλῷ
2193 3925 2411 3996 οἰκέτην
2429 3924 2709 3997 ἀλλότριον
2734 3925 3287 3997 ἀνδραποδισάμενος,
3315 3927 3383 3996 τῇ
3406 3942 3466 3979 τε
3492 3926 3632 3979 ἀπο-

2052 4015 2197 4070 δόσει
2223 4015 2319 4070 τοῦ
2349 4017 2562 4070 οίκέτου
2585 4017 2682 4072 καὶ
2707 4020 2774 4089 τῇ
2815 4019 3148 4089 ἀποτιμήσει
3174 4017 3363 4072 τούτου
3400 4017 3630 4088 ζημιού-

2055 4106 2202 4172 σθαι,
2253 4107 2351 4160 καὶ
2407 4107 2487 4161 ἔτι
2517 4108 2619 4178 τῆς
2653 4109 2720 4164 ὲκ
2752 4108 2847 4163 τοῦ
2885 4110 3318 4183 ἐπιτηδεύματος
3368 4111 3629 4182 προσόδου

2051 4198 2151 4269 ὅση
2184 4199 2250 4252 ἂν
2283 4198 2364 4269 τῷ
2393 4198 2628 4272 δεσπότῃ
2668 4201 3054 4270 προσεγεγόνει
3098 4202 3145 4234 ⁷³
3185 4201 3263 4275 μὴ
3291 4201 3632 4266 ἀπολωλότος

2053 4288 2148 4343 τοῦ
2169 4290 2381 4344 οἰκέτου
2416 4291 2689 4363 ίσαρίθμῳ
2719 4292 2946 4357 ἐκτίσει,
2979 4293 3170 4347 τούτου
3196 4294 3241 4347 δ’
3268 4293 3523 4348 ἐπέκεινα
3556 4295 3632 4365 μὴ

2056 4384 2311 4457 βαρύνειν
2342 4387 2454 4449 τοῖς
2479 4387 2850 4459 ἐξαμαρτοῦσι
2881 4387 2928 4420 ⁷⁸
2955 4388 3056 4458 τὴν
3095 4389 3308 4458 ποινήν.
3339 4389 3495 4459 Ἔχει
3520 4389 3631 4458 γὰρ

2052 4477 2228 4543 οὕτως
2247 4475 2615 4549 ἀποχρώντως
2639 4479 2720 4550 τῷ
2764 4480 2864 4551 μὲν
2905 4479 3273 4534 ἀπολωλεκότι
3302 4481 3337 4550 ἡ
3369 4479 3630 4549 ὠφέλεια,

2051 4571 2131 4644 τῷ
2158 4572 2216 4626 δὲ
2239 4571 2496 4642 κλέψαντι
2526 4574 2561 4641 ὴ
2586 4572 2851 4643 τιμωρία,
2873 4565 2965 4626 οἷα
3003 4571 3067 4642 δὴ
3089 4571 3347 4625 κάκείνου
3367 4569 3462 4624 τδν
3485 4569 3633 4625 οίκέ-

2045 4679 2150 4734 την
2169 4663 2228 4719 ἑν
2255 4663 2546 4735 προσθήκῃ
2569 4663 2866 4735 ἀπέχοντος
2895 4662 2990 4717 καὶ
3031 4663 3131 4734 τῆς
3167 4661 3228 4727 ἐξ
3260 4661 3427 4717 αὐτοῦ
3480 4661 3630 4730 ὡφε-

2048 4755 2198 4822 λείας
2221 4758 2288 4828 ῆν
2315 4757 2474 4828 ἔσχεν
2504 4756 2572 4812 ἂν
2594 4757 2671 4829 μὴ
2709 4755 3224 4829 ἀνδραποδισθέντος
3257 4755 3322 4810 οὐ
3370 4771 3627 4810 κεκαινο-

1667 4910 1904 4971 νΑιιιΑῖ
1941 4913 2356 4974 LECTIONES.

451 5041 500 5140 .'.'
513 5040 970 5140 ΕεΨὶιὲῗὲ
992 5047 1169 5140 ἒίεηῑεη
1192 5005 1542 5140 ἧέτεείθολῆν
1561 5054 1750 5140 σοάάλ
1773 5059 1943 5140 wits
1966 5083 2039 5101 -
2059 5059 2589 5140 εὐλαρορμένευςκ⁶⁹
2613 5055 2999 5140 δοῐὶπιβιπδξρ-
3021 5051 3627 5140 ἳᾊςγιοξὶηίεὲιώριῖ

367 5121 571 5195 genset
592 5129 718 5195 tnov
749 5116 1058 5195 ζημιούται,
1097 5121 1239 5195 Beck
1274 5116 1631 5195 τ’διωρίσατο.
1707 5127 1752 5159 ⁷⁸
1788 5116 1965 5184 Codd.

366 5181 450 5236 ἔτι
479 5182 574 5237 τοῦ
593 5185 739 5239 ὲπιτ.
770 5181 1021 5261 προσόδῳ
1051 5192 1146 5246 καὶ
1169 5193 1304 5247 ὃσαν
1335 5181 1460 5263 (sic)
1483 5195 1550 5248 ἂν
1581 5196 1659 5266 τῷ
1683 5181 1856 5251 δεσπί
1877 5181 1957 5252 £7

367 5253 490 5306 κτλ.
524 5253 718 5321 Ecloga
748 5273 762 5309 :
805 5260 900 5310 καὶ
921 5259 1000 5312 ἔτι
1024 5264 1089 5321 τῇ
1119 5263 1183 5314 ὲκ
1211 5264 1306 5317 τοῦ
1338 5266 1482 5317 ὲπιτ.
1508 5265 1754 5321 ποοσόδω
1780 5217 1957 5321 Sami

367 5253 508 5340 κτλ..
524 5253 1004 5340 Εσιοεξλεβαξῖετί
1024 5264 1089 5340 τῇ
1109 5263 1183 5340 Ex
1211 5253 1482 5340 τού-ἐπιτ.
1508 5253 1754 5340 προσόδῳ
1780 5267 1904 5340 ὅση.

367 5322 623 5391 pendeat.
695 5324 743 5357 ’δ
774 5327 849 5382 Ita
881 5327 994 5386 Ecl.
1025 5322 1240 5403 Reliqui
1274 5322 1730 5406 ὲξαμαρτάνουσιέ

1999 5147 2013 5184 :
2049 5132 2081 5202 ἡ
2112 5131 2216 5202 τοῦ
2249 5125 2639 5202 βίῃ-ζημίας..
2701 5130 2747 5160 "
2775 5125 2892 5184 Ecl.
2918 5125 3195 5202 _ih_cipit."_
3241 5127 3289 5158 "
3318 5125 3499 5202 Editi;
3526 5125 3624 5177 καὶ

1956 5195 2261 5284 ρλαμϐάνηξ
2293 5195 2484 5281 Ζυίιὶιῖ
2505 5209 2554 5254 ιιι
2589 5198 2812 5284 Μεθτιιι.
2845 5198 2942 5252 καὶ
2967 5195 3151 5284 {sic};
3181 5199 3246 5284 ἐκ
3301 5195 3618 5284 τούιυςπιτ.

1958 5263 2354 5327 Ξωεὶιόεινίὶιιιιε
2377 5271 2476 5340 τῆς
2514 5269 2889 5342 -προσόδου,
2952 5277 3012 5324 ιιι
3065 5263 3150 5323 ali~
3202 5269 3350 5338 ίσαρ.
3410 5263 3616 5320 ἐκτίσει

1878 5471 2111 5531 NOTAE.

448 5605 1203 5680 (illinepldvdpqutapoﬁ.
1233 5608 1402 5680 Plagii
1451 5625 1609 5680 paena
1642 5609 1700 5663 fit
1728 5610 1818 5665 hic
1847 5625 1944 5679 pe—

375 5627 1430 5749 ριιὶῖξὲἔ-ίζκῗῖίῖινοίιῧῗθὲἒιῖξῖῗῇὶε¹’¹³ίιί¹ιι
1451 5627 1613 5736 "in";
1642 5627 1707 5738 ’ἓ
1731 5627 1940 5736 "tu"?

374 5745 511 5800 Fab.
548 5744 619 5800 Dc
639 5745 780 5818 plag.
1621 5739 1632 5750 ’

2117 5611 2228 5681 (19)
2287 5609 2358 5666 De
2401 5625 2560 5681 poma
2609 5611 2860 5684 p.agtarii
2921 5609 3058 5668 adde
3102 5609 3248 5668 Petr.
3290 5609 3617 5682 Gregorium

2045 5682 2137 5750 36,
2171 5690 2382 5752 syntag.
2406 5684 2505 5737 ult.
