4062 6202
376 205 478 269 569

1481 209 1845 275 ΝονΕιιιΕ
1878 212 2546 281 CONSTITUTIONES.

3504 214 3507 215 ί
3527 219 3635 301 570

372 320 684 392 τομημένου
710 321 902 392 ",‘xat
921 323 1112 380 τούτου
1137 323 1304 391 ἀξίως
1330 329 1838 398 τετιμωρημένουκ
1886 333 1955 402 τῇ

2069 335 2347 400 sensisset,
2371 335 2464 390 illa
2496 349 2605 389 non
2668 332 3076 400 imminuatur,’
3117 332 3210 389 hic
3243 347 3374 389 vero
3428 332 3486 388 in
3533 331 3636 386 du-

371 431 430 466 τε
463 414 626 486 διπλῇ
650 414 904 468 ἀποδόσει
929 415 1030 485 τῆς
1058 416 1270 486 κλοπῆς
1303 418 1399 471 καὶ
1424 419 1841 490 τιμωρουμένου
1873 420 1953 492 τῷ

374 505 542 575 μηδὲν
563 505 824 576 κερδᾶναι
852 508 952 576 τῆς
973 507 1066 559 τοῦ
1096 505 1142 539 τ’
1169 508 1468 574 κλαπέντος
1491 510 1759 575 δουλείας.

891 597 1205 652 ΔΙΔΤΑΞΙΣ
1237 596 1331 654 ΞΖ¹
1357 601 1425 655 ⁷⁸.

371 687 513 757 Περὶ
558 686 679 742 τῶν
735 690 1310 764 αζιτομολησᾴντωνγ
1353 692 1505 764 πρὸς
1550 692 1803 764 ἐχθροὺς
1852 692 1956 749 καὶ

774 758 1071 824 ἑκουσίως
1093 758 1619 817 ἐπανελθόόρτὼν.ῗ’
1652 758 1669 764 ⁷
1776 758 1791 762 ’
1843 777 1846 781 ’

453 847 513 900 Ὀ
545 847 710 912 αὐτὸς
740 847 992 917 βασιλεὺς
1018 849 1293 921 Στυλιανῷ
1324 850 1405 922 τῷ
1437 851 1608 924 αὐτῷ.

440 940 555 993 Καὶ
583 938 646 992 τὸ
669 939 811 1008 ἀγαν
840 939 1116 1012 αὐστηρὸν
1141 941 1237 995 καὶ
1279 941 1575 1013 ἀπότομον,
1610 943 1705 998 καὶ
1745 943 1808 1000 τὸ
1830 944 1956 1002 λίαν

373 1032 600 1086 ὑπεῖκον
628 1032 722 1087 καὶ
746 1032 910 1086 πλέον
951 1031 986 1103 ἢ
1036 1033 1284 1104 προσῆκε
1320 1034 1719 1106 φιλάνθρωπον,
1748 1037 1953 1109 ὁμοίως

373 1122 658 1194 ἀμφότερα
704 1121 800 1176 τοῦ
840 1121 1119 1193 ὠφελίμου
1163 1123 1225 1177 τὸ
1270 1122 1468 1195 βλάϐος
1494 1125 1626 1197 ἔχει.
1663 1127 1732 1180 Ὅ
1757 1144 1818 1180 τε
1843 1127 1952 1200 γάρ

371 1213 452 1282 τῷ
480 1212 742 1282 ἀποτόμῳ
788 1212 1044 1283 ἀμέτρως
1085 1213 1371 1284 χρώμενος
1414 1214 1510 1268 καὶ
1543 1216 1573 1268 ό
1615 1214 1678 1269 τὸ
1710 1215 1954 1281 ἐπιεικὲς

372 1304 611 1372 ἄκρατον
662 1302 867 1375 φέρων,
918 1305 1200 1376 ἑκάτερος,
1243 1306 1345 1362 κᾶν
1382 1324 1442 1360 τε
1482 1307 1602 1372 ἑνός
1628 1325 1772 1372 τινος
1796 1309 1863 1364 ἄν
1890 1328 1954 1367 τε

373 1394 550 1459 οἰκίας
578 1395 643 1449 ἄν
670 1413 731 1449 τε
764 1395 971 1460 πόλεως
1001 1397 1286 1470 ἐπιστατῇ,
1310 1400 1390 1463 είς
1417 1399 1482 1453 τὸ
1514 1401 1830 1473 ἀσύμφορον
1863 1405 1952 1475 εῐη

375 1486 444 1540 ἂν
474 1489 585 1549 τοῖς
613 1486 705 1539 ὑπ’
733 1486 902 1541 αὑτοῦ
931 1488 1324 1560 διοικουμένοις
1353 1492 1815 1564 ὲγκεχειρημένος
1851 1495 1951 1569 τὴν

373 1577 713 1633 ἐπιστασίαν.
769 1578 890 1650 Χρὴ
948 1579 1061 1651 γάρ
1117 1580 1211 1634 τὸν
1259 1581 1442 1647 καλῶς
1498 1584 1948 1655 επιστατήσοντα,

2063 420 2211 490 plum
2242 438 2458 476 servum
2484 422 2806 492 subreptum
2854 422 3085 478 reddere
3129 424 3344 490 debeat,
3393 422 3642 492 nihilque

2064 523 2130 567 ex
2163 511 2338 582 ipsius
2366 513 2629 567 servitute
2664 513 2929 568 lucretur.

2489 601 2957 660 CONSTITUTIO
2993 604 3203 661 LXVII.

2133 689 2213 747 De
2234 691 2300 747 iis
2338 693 2428 764 qui
2478 693 2549 747 ad
2590 694 2763 748 hostes
2797 704 3097 766 transeunt,
3143 711 3344 766 suaque
3379 705 3565 764 sponte

2585 773 2922 818 revertuntur
2982 761 3122 835 (20).

2139 852 2285 912 Idem
2321 855 2624 926 imperator
2656 854 2832 910 eidem
2867 853 3139 926 Styliauo.

2135 943 2312 1000 Simul
2368 945 2538 1000 nimia
2570 946 2866 1002 austeritas
2889 955 2943 1001 et
2993 946 3278 1010 severitas,
3333 943 3502 999 simul
3534 943 3641 998 im-

2065 1034 2352 1092 moderata
2381 1035 2581 1093 lenitas
2632 1045 2688 1092 et
2734 1036 3044 1100 clementia,
3093 1051 3159 1092 ex
3195 1048 3350 1104 aequo
3404 1042 3639 1103 utraque

2068 1125 2216 1197 quod
2245 1126 2378 1182 utile
2409 1135 2495 1183 est
2548 1126 2940 1182 intervertunt.
3002 1125 3215 1182 Etenim
3246 1133 3300 1180 et
3350 1125 3444 1194 qui
3470 1139 3636 1194 supra

2063 1218 2281 1274 modum
2302 1218 2622 1290 przefractus
2641 1228 2744 1286 est,
2765 1228 2818 1276 et
2835 1221 2926 1290 qui
2946 1219 3222 1273 leuitatem
3258 1217 3523 1286 gravitate
3539 1215 3640 1270 mi-

2063 1324 2221 1366 scere
2248 1310 2461 1380 nequit,
2485 1320 2714 1381 uterque
2749 1311 2864 1366 sive
2896 1309 3061 1363 alicui
3100 1309 3217 1374 uni,
3250 1308 3365 1363 sive
3391 1307 3636 1371 familiae,

2063 1399 2181 1457 sive
2202 1399 2409 1455 civitati
2434 1400 2641 1470 praesit,
2675 1401 2876 1470 quibus
2908 1398 3196 1468 praefectus
3256 1407 3363 1463 est,
3413 1413 3538 1452 cum
3564 1397 3635 1451 il—

2063 1489 2241 1546 lorum
2271 1491 2602 1546 detrimento
2631 1507 2721 1547 res
2775 1491 3142 1546 administret.
3197 1489 3429 1559 Oportet
3463 1489 3635 1553 enim,

2063 1591 2124 1636 ut
2154 1582 2246 1652 qui
2273 1590 2422 1637 recte
2454 1581 2794 1652 prazfuturus
2827 1590 2930 1646 est,
2980 1579 3439 1651 quemadmodum
3501 1589 3636 1633 tem-

373 1668 563 1740 ῶσπερ
581 1668 692 1722 τῶν
722 1669 939 1741 χωρίων
966 1671 1034 1725 τά
1061 1671 1305 1745 εὖκρατα
1333 1674 1428 1729 καὶ
1456 1672 1592 1746 πρὸς
1617 1674 1806 1744 ὑγείαν
1834 1678 1954 1731 ἐπιε-

2069 1681 2246 1744 perata
2275 1673 2625 1745 salubriaque
2678 1675 2795 1730 loca
2831 1674 3172 1744 :equabiliter
3219 1673 3409 1728 mistas
3438 1672 3644 1726 habent

371 1760 560 1831 τήδεια
587 1761 788 1830 μικτὰς
817 1760 931 1832 εχει
971 1764 1300 1836 συμμέτρως
1327 1765 1427 1830 τὰς
1460 1765 1555 1820 τοῦ
1585 1767 1745 1839 ἀέρος
1771 1769 1954 1824 διαθέ-

375 1871 514 1920 σεις,
539 1853 682 1908 οὕτω
710 1855 806 1910 καὶ
838 1856 1002 1910 αὑτὸν
1039 1856 1307 1930 εὔκρατον
1348 1861 1542 1915 ἑαυτὸν
1591 1861 1852 1933 παρέχειν
1884 1863 1952 1934 τῇ

375 1946 637 2017 ἐμμέτρῳ
662 1947 709 1980 ⁷⁸
737 1945 876 2018 πρὸς
901 1947 1001 2020 τὴν
1034 1948 1421 2022 συμφέρουσαν
1449 1950 1774 2005 ἐπιστασίαν
1807 1949 1954 2022 μίξει

372 2036 484 2088 τῶν
527 2035 844 2101 διαθέσεων,
882 2038 976 2091 καὶ
1017 2039 1158 2108 μήτε
1200 2039 1280 2110 τῷ
1330 2039 1592 2111 ἀποτόμῳ
1645 2039 1816 2112 βαρὺν
1858 2041 1956 2095 καὶ

374 2125 648 2196 ἀφόρητον
696 2120 870 2192 εἶναι,
919 2127 1057 2198 μήτε
1118 2127 1197 2200 τῷ
1248 2130 1395 2201 πέρα
1439 2130 1534 2184 τοῦ
1590 2133 1957 2202 προσήκοντος

375 2218 612 2270 δπιεικεῖ
638 2219 1192 2290 καταπεφρονημένον
1215 2220 1310 2276 καὶ
1336 2221 1748 2293 ἀνηγεμονικόν.
1778 2224 1956 2296 Ὅπερ

374 2303 468 2358 οὖν
502 2306 596 2359 ἐπὶ
624 2307 785 2378 ἀέρος
811 2307 1013 2378 φαμὲν,
1051 2307 1210 2362 τοῦτο
1251 2309 1471 2373 πάντως
1515 2310 1608 2363 καὶ
1645 2311 1738 2364 ἐπὶ
1775 2310 1957 2381 νόμων

375 2396 605 2467 ἁρμόζει
637 2397 924 2463 σώζεσθαι.
973 2400 1098 2472 Χρὴ
1125 2399 1236 2472 γὰρ
1273 2402 1400 2466 τοὺς
1434 2401 1650 2471 νόμους,
1682 2402 1958 2472 ἡγεμόνας

376 2491 454 2552 ὡς
480 2489 699 2560 ἀληθῶς
748 2491 847 2557 τῆς
887 2490 1162 2556 πολιτείας
1209 2492 1391 2557 ὄντας,
1441 2494 1509 2564 ἢν
1554 2487 1709 2546 εἶπον
1758 2496 1956 2566 κρᾶσιν

375 2582 777 2651 διαφυλάττειν,
803 2582 899 2637 κοιλ⁵
923 2583 1059 2655 πρός
1091 2600 1152 2636 τε
1178 2584 1482 2655 ἀποτομίαν
1519 2585 1616 2640 καὶ
1647 2585 1955 2658 φιλανθρω-

379 2677 512 2727 πίαν
546 2675 621 2746 μὴ
655 2674 809 2746 παρὰ
839 2675 1038 2747 μέτρον
1075 2675 1230 2746 ὁρᾷν,
1265 2675 1318 2728 εί
1343 2693 1406 2746 γε
1448 2677 1693 2746 μέλλοιεν
1720 2679 1769 2730 οἱ
1799 2679 1885 2730 ἐπ’
1909 2679 1956 2712 ⁸⁸

375 2767 605 2830 ἐκείνοις
627 2768 892 2838 ὑγιαίνειν
915 2767 1341 2839 πολιτευόμενοι.
1372 2769 1558 2823 Ταῦτα
1581 2772 1714 2842 ἡμῖν
1738 2770 1959 2839 λέγεται

377 2859 517 2927 πρὸς
545 2859 643 2929 τὴν
672 2859 976 2929 ἀποτομίαν
1005 2860 1224 2933 ὁρῶσιν,
1254 2861 1323 2933 ἢν
1371 2863 1399 2915 ὁ
1446 2861 1590 2916 κατά
1618 2863 1726 2918 τῶν
1755 2865 1835 2927 είς
1863 2880 1961 2916 πο-

376 2952 436 3002 λε
445 2951 600 3021 μίους
623 2952 1111 3023 αὐτομολησάντων
1141 2953 1392 3024 κείμενος
1412 2954 1574 3025 νόμος
1605 2954 1957 3010 ἐνδείκνυται.

378 3042 637 3096 Βούλεται
655 3043 764 3116 γὰρ
785 3044 876 3098 τὸν
898 3044 1331 3116 ηὐτομοληκότα,
1347 3045 1400 3100 εί
1419 3062 1549 3100 ποτε
1572 3046 1709 3117 πρὸς
1734 3049 1959 3117 γνώμην

381 3133 746 3204 μεταμελείας
769 3135 867 3188 ῐδοι
894 3142 988 3188 και
1016 3135 1076 3189 τὸ
1107 3135 1378 3207 προλαᾶΝ
1407 3137 1715 3209 ἁμάρτημα
1744 3136 1832 3191 διὰ
1859 3137 1956 3208 τῆς

381 3224 519 3295 πρὸς
563 3227 633 3280 τὰ
678 3229 854 3280 οίκεῖα
906 3228 1325 3300 ἔπαναστροφῆς
1380 3229 1633 3284 ἰάσασθαι
1680 3228 1956 3301 βουληθῇ,

379 3315 599 3368 ἔκδοτον
631 3317 711 3380 είς
761 3316 963 3386 βρῶσιν
999 3317 1208 3391 θηρίοις
1245 3318 1492 3388 γίνεσθαι
1523 3320 1556 3390 ἦ
1595 3320 1957 3375 ἀνασκολοπί-

379 3405 590 3469 ζεσθαι.
633 3408 807 3461 Τοῦτο
860 3409 983 3479 ἐμοὶ
1026 3409 1229 3480 πολλῆς
1282 3411 1383 3482 μὲν
1426 3411 1600 3465 αἴτιον
1642 3410 1844 3482 βλάόης
1890 3414 1958 3484 τῇ

379 3498 627 3570 πολιτείᾳ
655 3499 822 3564 δοκεῖ,
865 3499 1065 3572 πολλὴν
1095 3501 1152 3554 δὲ
1197 3501 1292 3556 καὶ¹
1343 3501 1454 3556 τῶν
1501 3502 1637 3573 πρὸς
1685 3502 1962 3574 σωτηρίαν

377 3588 718 3660 όδηγούντων
772 3588 1049 3659 λογισμῶν
1092 3589 1392 3662 ἀποφέρειν
1437 3590 1538 3662 τὴν
1585 3591 1956 3663 ἐναντιότητα.

392 3680 667 3749 ’Δνάγκην
697 3680 806 3752 γὰρ
840 3681 1036 3750 ἐπάγει
1075 3683 1188 3745 τοῖς
1220 3680 1356 3752 πρὸς
1385 3682 1512 3747 τοὺς
1543 3682 1838 3753 πολεμίους
1863 3684 1962 3738 αὑ-

379 3773 716 3843 τομολήσασι
749 3772 1018 3844 μηδέποτε
1055 3773 1165 3828 τῶν
1206 3773 1423 3828 οἰκείων
1454 3775 1783 3846 μεμνῆσθαι,
1825 3777 1961 3847 μηδὲ

379 3865 481 3932 τῆς
510 3865 647 3935 πρὸς
693 3864 794 3936 τὴν
840 3864 1073 3934 πατρίδα
1126 3865 1512 3937 ὲπαναδρομῆς
1558 3864 1963 3936 ἀναλαμϐάνειν

379 3956 474 4008 τὸν
504 3954 704 4026 ἔρωτα.
741 3955 930 4020 Οὐδεὶς
962 3956 1092 4026 γάρ,
1126 3957 1274 4020 ὅστις
1306 3958 1562 4029 τοιαύτην
1603 3959 1965 4031 ἐκδεχομένην

382 4048 548 4102 αὐτὸν
573 4051 843 4120 τιμωρίαν
862 4047 1021 4114 εἰδὼς
1053 4051 1175 4104 ἀντὶ
1193 4050 1294 4120 τῆς
1319 4053 1378 4106 ὲν
1395 4054 1507 4117 τοῖς
1527 4053 1803 4125 πολεμίοις
1831 4053 1964 4125 βιώ-

385 4157 524 4205 σεως
546 4140 689 4195 οὕτω
706 4142 922 4213 πικρῶς
939 4144 997 4197 ὲν
1023 4145 1090 4214 τῇ
1107 4143 1330 4214 πατρίδι
1347 4143 1525 4198 θανεῖν
1541 4147 1962 4218 προαιρήσεται.

457 4233 659 4303 Διόπερ
685 4231 893 4303 ταύτην
924 4232 1024 4304 μὲν
1068 4232 1167 4304 τὴν
1199 4234 1526 4304 ἀποτομίαν,
1570 4235 1657 4289 ἵνα
1701 4238 1776 4307 μὴ
1819 4236 1964 4306 λέγω

2069 1762 2216 1820 aeris
2254 1763 2587 1834 qualitates:
2647 1765 2722 1819 ita
2754 1771 2809 1818 et
2836 1765 2951 1834 ipse
3000 1763 3349 1818 aﬂ‘ectionum
3406 1762 3639 1817 commi-

2067 1853 2248 1909 stione
2271 1853 2339 1908 ad
2374 1869 2561 1909 rerum
2625 1854 3188 1911 administrandarum
3224 1854 3514 1909 utilitatem
3559 1863 3642 1906 at-

2066 1954 2389 2016 temperata,
2426 1961 2488 2001 se
2521 1946 2863 2002 moderatum
2922 1947 3180 2018 praebeat.
3207 1955 3262 2001 et
3313 1961 3495 2017 neque
3522 1960 3642 2000 mo-

2064 2035 2291 2091 rositate
2315 2035 2495 2105 gravis
2510 2035 3050 2106 atqueintolerabilis
3063 2037 3157 2101 sit,
3180 2051 3357 2106 neque
3379 2035 3641 2089 indecora

2064 2126 2287 2182 lenitate
2310 2125 2686 2196 despicabilis,
2704 2138 2759 2182 et
2771 2127 2838 2182 ad
2852 2127 3267 2198 gubernandum
3294 2125 3640 2196 ineptusfiat.

2065 2219 2224 2286 Quod
2261 2228 2443 2277 autem
2467 2222 2536 2277 de
2562 2236 2690 2276 aere
2725 2219 2983 2283 dicimus,
3027 2219 3132 2274 hoc
3168 2226 3318 2273 certe
3351 2225 3406 2272 et
3461 2218 3515 2271 in
3562 2217 3643 2272 le-

2063 2310 2223 2381 gibus
2257 2312 2463 2367 servari
2486 2313 2712 2368 omnino
2738 2312 3013 2367 convenit.
3039 2309 3176 2365 Nam
3211 2317 3429 2380 oportet
3470 2309 3639 2378 leges,

2064 2417 2191 2457 cum
2220 2416 2407 2458 revera
2433 2403 2749 2473 reipublicae
2779 2402 3053 2472 principes
3108 2401 3239 2466 sint,
3302 2414 3467 2470 quam
3524 2397 3636 2451 dixi

2065 2502 2600 2565 contemperaturam
2627 2508 2980 2558 conservare,
3005 2506 3182 2562 neque
3206 2491 3272 2546 ad
3293 2492 3639 2546 severitatem

2067 2584 2417 2642 lenitatemve
2446 2600 2614 2655 supra
2647 2583 2869 2638 modum
2901 2582 3178 2653 respicere
3198 2598 3214 2634 :
3234 2578 3641 2651 siquidem,qui

2067 2673 2313 2746 ipsarum
2375 2676 2677 2730 rectionem
2738 2680 3070 2744 agnoscunt,
3115 2671 3420 2726 incolumes
3474 2668 3642 2723 futuri

2068 2774 2251 2821 erunt.
2273 2765 2452 2836 Atque
2483 2765 2598 2821 haec
2634 2764 2856 2836 quidem
2891 2770 3148 2834 respectu
3181 2761 3482 2832 praefractae
3503 2760 3646 2814 illius

2069 2855 2227 2927 legis,
2260 2872 2383 2926 quae
2404 2855 2672 2912 adversus
2709 2871 2806 2912 eos
2835 2856 2931 2926 qui
2965 2855 3034 2910 ad
3086 2853 3273 2909 hostes
3326 2852 3646 2920 transfuge-

2072 2955 2219 3012 rent,
2246 2948 2356 3002 lata
2397 2955 2499 3014 est,
2528 2963 2560 3004 a
2626 2949 2786 3005 nobis
2816 2948 3102 3004 dicuntur.
3153 2943 3280 3000 Vult
3313 2954 3495 2999 autem
3527 2944 3646 3009 illa,

2072 3038 2150 3093 uti
2190 3037 2493 3110 transfuga,
2549 3039 2844 3110 siquando
2905 3036 3246 3109 pmnitudiue
3293 3035 3512 3098 ductus,
3557 3050 3650 3090 re-

2073 3130 2292 3185 deundo
2327 3129 2396 3185 ad
2429 3146 2562 3187 suos
2619 3131 2971 3187 commissum
3003 3127 3264 3184 delictum
3325 3127 3649 3181 oblitterare

2071 3219 2221 3285 velit,
2254 3218 2449 3276 bestiis
2474 3218 2824 3275 devorandus
2855 3217 3178 3288 objiciatur,
3222 3223 3316 3270 aut
3340 3216 3394 3270 in
3430 3215 3644 3269 furcam

2075 3307 2318 3363 tollatur.
2364 3307 2523 3375 Quod
2567 3323 2701 3363 sane
2744 3307 2876 3362 mihi
2935 3305 3262 3376 reipublicae
3318 3319 3650 3373 magnopere

2075 3407 2412 3454 noctuuento
2438 3414 2582 3464 esse,
2617 3412 2983 3468 magnamque
3010 3397 3283 3454 rationum
3315 3398 3382 3452 ad
3414 3398 3648 3452 salutent

2076 3491 2186 3545 iter
2213 3493 2642 3546 monstrantium
2670 3493 3122 3548 contrarietatem
3153 3496 3378 3564 gignere
3405 3492 3637 3548 videtur.

2077 3579 2471 3636 Necessitatem
2510 3581 2657 3637 enim
2690 3582 2994 3655 transfugis
3026 3584 3261 3650 inducit,
3295 3601 3360 3639 ne
3404 3599 3646 3655 unquam

2076 3671 2437 3728 recordentur
2506 3686 2755 3739 suorum,
2815 3690 2992 3746 neque
3066 3676 3378 3731 revertendi
3434 3675 3488 3730 in
3548 3688 3652 3745 pa-

2073 3766 2234 3822 triam
2275 3765 2587 3837 concipiant
2641 3765 2996 3824 desiderium.
3047 3766 3239 3822 Nullus
3269 3777 3347 3823 est
3377 3768 3516 3822 enim
3545 3783 3654 3820 om-

2077 3857 2246 3922 nium,
2298 3856 2393 3926 qui
2420 3871 2547 3912 cum
2579 3871 2641 3912 se
2686 3857 2999 3913 istiusmodi
3044 3873 3207 3930 poena
3261 3859 3649 3930 excipiendum

2082 3945 2246 4012 sciat,
2272 3946 2416 4002 inter
2464 3947 2651 4004 hostes
2682 3947 2888 4014 vivere,
2942 3964 3108 4020 quam
3149 3958 3258 4006 tam
3310 3950 3569 4006 acerbam
3595 3948 3652 4004 in

2079 4036 2252 4108 patria
2283 4045 2520 4095 mortem
2550 4038 2741 4096 subire
2763 4053 2874 4096 non
2901 4040 3079 4097 malit.

2155 4249 2500 4323 Quapropter
2547 4225 2780 4321 rigidam
2830 4251 2976 4307 hanc
3029 4252 3405 4319 severitatem,
3466 4259 3526 4307 ut
3587 4268 3656 4308 ne

383 4322 625 4390 ἀδικίαν,
659 4322 802 4387 (πῶς
828 4321 938 4394 γὰρ
956 4323 1056 4378 οὐκ
1071 4323 1277 4388 ἄδικον,
1306 4325 1398 4377 τὸν
1423 4325 1828 4396 ἁμαρτάνοντα,
1853 4323 1957 4382 είτο

2077 4321 2422 4411 iniquitatem
2463 4340 2642 4395 dicam
2673 4342 2823 4405 (nam
2863 4355 2988 4396 eum
3029 4341 3126 4410 qui
3146 4340 3399 4412 deliquit,
3427 4341 3654 4396 deinde-

382 4413 448 4479 ἐξ
475 4413 642 4468 αὐτοῦ
677 4415 816 4486 πρὸς
843 4415 944 4486 τὴν
970 4414 1065 4469 τοῦ
1097 4416 1494 4486 ἁμαρτήματος
1515 4417 1957 4490 άναφρονήσαντα

2080 4448 2185 4500 que
2209 4441 2402 4501 suapte
2440 4439 2638 4501 sponte
2662 4430 2730 4486 ad
2764 4429 3092 4485 medendum
3125 4428 3324 4485 delicto
3355 4429 3652 4498 resipiscit,

387 4522 553 4569 μασιν,
589 4505 844 4570 κολάζειν
866 4504 1009 4562 οὕτω
1036 4507 1251 4579 πικρῶς
1273 4522 1289 4573 ;
1312 4507 1332 4578 )
1363 4509 1429 4562 ὲκ
1477 4508 1589 4563 τῶν
1616 4509 1957 4566 δικαιοτάτωη

2080 4530 2190 4575 tam
2219 4522 2414 4577 acerbe
2429 4521 2611 4592 puniri
2643 4522 2920 4592 quomodo
2952 4537 3064 4577 non
3103 4529 3190 4577 est
3228 4519 3539 4591 iniquum?)
3589 4535 3653 4573 ex

329 4641 340 4680 ρ
386 4597 690 4669 ἐλαύνομεν
717 4598 920 4668 νόμων,
957 4599 1254 4671 κελεύομεν
1282 4601 1326 4633 ⁸⁸
1357 4600 1438 4665 δὲ,
1470 4602 1525 4656 εῐ
1545 4618 1631 4667 τις
1676 4603 1957 4676 αὐτόμολος

2075 4614 2401 4682 iustissimis
2456 4612 2671 4683 legibus
2723 4614 3104 4685 proﬂigamus,
3135 4627 3200 4668 ac
3257 4612 3533 4682 iubemus,
3594 4620 3652 4663 ut

386 4691 468 4753 είς
495 4689 596 4762 τὴν
624 4689 860 4760 πατρίδα
893 4692 1293 4764 ὶπαναδράμοι,
1326 4691 1474 4760 ἅπαξ
1504 4694 1604 4765 μὲν
1632 4696 1787 4750 τοῦτο
1815 4698 1973 4768 ποιή-

2082 4706 2196 4775 (2!)
2221 4706 2268 4760 si
2295 4707 2411 4778 quis
2446 4705 2731 4776 transfuga
2758 4705 2810 4759 iu
2837 4706 3067 4776 patriam
3094 4710 3367 4764 recurrat.
3404 4718 3527 4755 cum
3566 4717 3658 4757 se-

388 4793 513 4848 σας,
543 4778 876 4851 συγγνώμης
900 4783 1216 4854 τυγχανέτω
1241 4799 1257 4817 ·
1285 4783 1538 4856 δεύτερον
1561 4785 1639 4851 δὲ,
1674 4786 1754 4850 είς
1785 4790 1957 4858 τριετὶ

2083 4797 2189 4852 mel
2222 4796 2490 4852 duntaxat
2550 4795 2931 4865 transfugerit,
2987 4793 3204 4850 veniam
3234 4799 3652 4861 consequatur:

1711 4924 1950 4984 VARIE
1986 4930 2391 4990 LECTIONES.

460 5039 508 5073 τ’
533 5037 643 5094 Ecl.
672 5037 1188 5109 καινοτομουμένου,
1217 5043 1413 5105 przeter
1435 5051 1604 5092 unum
1626 5035 1762 5092 Cod.
1793 5040 1886 5106 qui
1904 5043 2399 5114 καινοτομουμένης
2419 5042 2602 5098 habet.
2627 5041 2673 5072 '°
2693 5036 2886 5092 Zuich.
2907 5044 2960 5090 et
2977 5032 3198 5089 Meerm.
3219 5051 3272 5086 τι

474 5111 756 5166 Articulus
787 5109 882 5163 τοῦ
907 5109 1060 5166 deest
1079 5107 1222 5166 apud
1251 5105 1482 5166 Scrimg.
1573 5106 1619 5139 ⁷⁸
1656 5107 1769 5164 Ecl.
1799 5110 2029 5166 Nov.35.
2136 5115 2180 5146 ⁷⁹
2212 5111 2444 5166 Scrinia.
2472 5113 2696 5166 οίκτοω.
2726 5124 2791 5164 ex
2822 5121 2932 5166 quo
2958 5105 3148 5166 Steph.
3177 5103 3272 5166 ίσοι

386 5105 436 5137 ’⁷
474 5111 756 5166 Articulus
787 5109 882 5163 τοῦ
896 5105 1060 5166 deest
1079 5107 1222 5178 apud
1251 5105 1482 5177 Scrimg.

3280 5050 3460 5104 μωρου
3469 5031 3652 5104 μένου.

2136 5103 2180 5146 θ’
2212 5103 2444 5183 ὃοτίιῇε.
2472 5113 2696 5183 οῐκτρῳ,
2726 5124 2791 5164 ex
2822 5121 2932 5178 quo
2958 5105 3148 5175 Steph.
3177 5103 3466 5175 ίσομέτρῳ,
3497 5103 3653 5174 Agyl.

392 5182 712 5253 συμμέτρῳ,
748 5179 892 5236 Beck
961 5177 1223 5251 ἐμμέτρῳ
1261 5177 1575 5234 effecerunt.
1644 5178 1692 5210 ⁸⁸
1719 5177 1900 5235 Malim
1935 5182 2048 5236 ὑπ’.
2125 5182 2168 5215 ⁸⁸
2201 5183 2315 5238 lnc.
2346 5177 2565 5254 Ecloga.
2595 5177 2607 5183 ’
2645 5177 2652 5252 ί

1904 5292 2140 5351 NOTAE.

470 5405 584 5475 (ΞΟ)
620 5405 946 5477 Transfuga
969 5406 1173 5477 bestiis
1201 5419 1312 5477 non
1359 5403 1674 5477 objiciendi,
1711 5415 1771 5459 ut
1825 5405 1958 5462 olim

392 5490 460 5548 ex
486 5474 599 5546 lege
622 5478 676 5543 '5,
705 5475 733 5547 §
758 5478 842 5541 l0,
872 5474 930 5531 il'.
963 5476 1044 5548 De
1073 5491 1132 5548 re
1157 5475 1346 5548 Διιι-ἱ-Ιίι.
1375 5490 1496 5548 qua:
1531 5474 1642 5548 lexA
1662 5477 1960 5548 abrogatur

392 5545 498 5599 hac
523 5544 938 5604 constitutione.
969 5546 1121 5600 Adde
1146 5544 1201 5608 6,
1229 5545 1414 5598 Harm.
1438 5545 1492 5607 8.
1534 5544 1588 5598 in
1615 5544 1705 5600 fin.

465 5615 580 5686 (2|)
610 5616 684 5671 De
722 5632 881 5686 pwua
911 5615 1233 5684 transfugae,
1268 5613 1406 5670 adde
1431 5616 1467 5670 Ι.
1491 5615 1544 5681 8,
1577 5616 1604 5686 §
1640 5616 1706 5682 2,
1771 5617 1826 5684 3,
1871 5615 1911 5672 !.
1945 5615 2041 5680 58,

2146 5411 2166 5464 l
2231 5408 2286 5464 Π.
2319 5408 2394 5464 De
2457 5405 2622 5468 aenis,
2647 5405 2686 5459 l.
2708 5405 2764 5466 7.
2795 5403 2852 5459 ff.
2885 5401 2960 5457 De
2991 5416 3050 5456 re
3099 5400 3265 5456 milit.
3326 5399 3364 5455 l.
3397 5399 3453 5464 2,
3485 5398 3546 5454 Ο.
3575 5396 3653 5455 De

2069 5409 2396 5534 gesertorib.
2499 5478 2554 5534 l.
2583 5476 2644 5534 ϐ.
2671 5475 2746 5532 De
2775 5474 2950 5532 servis
2977 5472 3131 5534 fugit.
3177 5469 3295 5527 Vid.
3325 5472 3362 5524 l.
3389 5471 3423 5526 5
3457 5471 3512 5525 in
3546 5471 3641 5524 lin.

2146 5423 2195 5474 Ι,
2231 5423 2286 5464 ιι.
2319 5423 2394 5464 νο
2457 5423 2622 5468 (επις,
2649 5423 2686 5459 1.
2718 5423 2764 5466 l,
2795 5423 2852 5459 ll.
2887 5423 2960 5485 1.16
2991 5423 3050 5456 re
3073 5423 3265 5484 .llllllf.
3327 5423 3364 5455 ι.
3399 5423 3641 5482 Ζ,.υ..υιε

2073 5423 2463 5602 Ξοεὸτιοςίὶ).
2499 5478 2554 5543 l,
2583 5476 2644 5534 ϐ.
2671 5475 2746 5532 De
2775 5490 2950 5532 scrvns
2977 5472 3131 5543 lugtt.
3177 5469 3295 5527 th.
3325 5472 3362 5524 l.
3389 5471 3423 5526 3
3457 5485 3512 5525 tu
3546 5472 3641 5524 hn.

2118 5587 2130 5601 .
2203 5565 2234 5606 e
2265 5562 2501 5605 Sicanis.
