4062 6202
296 309 400 381 581

1395 313 1758 377 NOVELLIE
1805 313 2477 383 CONSTITUTIONES.

3462 327 3568 396 582

371 430 615 503 Πρᾶγμα
643 430 828 494 κακῶς
862 430 960 503 μὲν
991 430 1084 485 καὶ
1119 430 1227 502 πρὸ
1248 429 1358 484 τῶν
1393 431 1716 486 κωλυόντων
1746 431 1879 485 αὐτὸ

2057 432 2189 499 Quae
2213 449 2302 490 res
2323 434 2486 490 etiam
2513 443 2806 507 antequam
2834 436 2960 508 jure
2976 436 3248 509 prohibita
3270 449 3438 506 esset,
3469 441 3571 496 de-

294 521 526 576 δικαῖων
549 519 859 591 γινόμενον,
884 523 1067 590 χεῖρον
1098 519 1157 573 δὲ
1182 519 1320 590 μετὰ
1340 520 1402 573 τὸ
1432 520 1744 592 κωλυθῆναι
1764 520 1883 573 τολ-

297 608 554 681 μώμενον
595 611 766 681 (φημὶ
815 608 881 681 δὴ
907 609 971 663 τὸ
1008 612 1069 664 ὲν
1117 613 1231 674 τοῖς
1262 610 1374 664 τῶν
1410 611 1719 681 ἐκκλησιῶν
1753 611 1882 664 ὑπε-

294 700 483 774 ρῴοις,
515 700 661 773 ἅπερ
686 703 716 755 ό
753 701 923 766 πολὺς
946 700 1237 773 ἄνθρωπος
1266 704 1652 776 κατηχούμενα
1697 704 1884 757 καλεῖν

294 793 466 865 Im,
495 796 769 850 συνοικεῖν
794 809 951 857 τινας
972 794 1246 867 γυναιξὶν)
1284 796 1386 849 ούκ
1423 795 1575 862 ἄξιον
1608 796 1879 867 παριδεῖν,

294 885 499 941 οὐκοῦν
526 885 654 941 οὐδὲ
682 884 1099 957 παροφθήσεται
1126 886 1291 958 ημῖν.
1321 882 1433 940 Ἦν
1474 887 1575 957 μὲν
1601 885 1699 941 οῦν
1737 886 1881 958 αὕτη

294 979 331 1049 ἡ
359 977 536 1049 τόλμα
565 977 673 1031 οὐκ
687 972 789 1033 οἶδ’
835 977 983 1041 ὅπως
1014 977 1141 1049 ἄχρι
1165 978 1263 1049 τῆς
1285 977 1451 1050 ἕκτης
1494 979 1714 1033 συνόδου
1763 980 1881 1033 ἀτι-

297 1069 577 1143 μώρητος,
604 1070 747 1124 κατὰ
774 1069 980 1140 ταύτην
999 1070 1059 1124 δὲ
1082 1069 1186 1142 τὴν
1214 1071 1365 1142 ίερὰν
1396 1070 1616 1125 σύνοδον
1657 1071 1717 1124 τὸ
1738 1073 1883 1142 πρᾶ-

293 1180 416 1234 γμα
444 1161 769 1228 ἐπιστασίας
791 1163 1047 1230 ἁξιωθὲν,
1086 1163 1250 1235 ῑερεῖς
1287 1163 1385 1234 μὲν
1420 1163 1581 1227 ὄντας
1609 1165 1733 1228 τοὺς
1766 1181 1878 1217 τοι-

292 1254 486 1320 ούτους
516 1256 809 1328 οἰκήτορας
829 1256 1051 1327 ἐνόχους
1087 1256 1258 1324 ἔδειξε
1313 1256 1712 1327 καθαιρέσεως,
1770 1260 1874 1324 ἁφ-

300 1346 532 1418 ορισμὸν
555 1346 600 1400 δ’
624 1340 897 1418 ἐπήνεγκε
932 1348 1161 1411 λαῖκοῖς.
1207 1346 1373 1401 Ἀλλὰ
1390 1348 1500 1419 γὰρ
1513 1349 1614 1401 οὐκ
1637 1347 1881 1417 ἀπέχρη-

296 1455 389 1491 σεν
405 1440 485 1503 είς
501 1437 742 1507 παντελῆ
757 1438 1038 1510 ἐκδίκησιν
1068 1438 1176 1493 τῶν
1193 1439 1536 1511 Ἐκκλησιῶν
1564 1439 1625 1494 τὸ
1658 1440 1880 1511 ἱερωσύ-

295 1547 394 1599 νης
426 1527 707 1601 ψήφισμα.
739 1529 880 1601 Ἤδη
928 1530 1038 1601 γὰρ
1081 1529 1184 1601 τῆς
1223 1530 1400 1601 αὐτῆς
1453 1530 1879 1602 παραμενούσης

294 1619 501 1691 τόλμης
527 1619 623 1673 mi.
652 1617 779 1674 καθ’
805 1619 887 1673 δν
916 1620 1111 1692 χρόνον
1142 1619 1189 1653 ³⁸
1222 1621 1397 1675 διεῖπε
1449 1621 1519 1675 τὰ
1565 1622 1820 1693 σκῆπτρα
1850 1623 1881 1675 ό

295 1710 643 1782 περιώνυμος
666 1711 726 1764 ἑν
750 1710 1038 1781 βασιλεῦσι
1068 1712 1256 1786 πατὴρ
1294 1712 1473 1784 ἡμῶν,
1505 1712 1696 1784 ἐδέησε
1723 1713 1880 1784 βασι-

1988 522 2318 577 teStabilitcr
2365 525 2833 592 committebatur,
2855 541 2919 582 ac
2935 542 3065 583 vere
3093 536 3217 598 post
3244 530 3569 599 prohibitio-

1988 625 2110 666 nem
2132 612 2305 667 tnulto
2323 612 2703 671 detestabilius
2726 617 2959 671 audetur
2974 617 3139 689 (quod
3158 633 3353 690 nempe
3373 619 3429 674 in
3454 620 3567 692 (69)

1986 702 2364 761 Ecclesiarum
2408 707 2730 774 cmnaculis,
2773 724 2896 779 quae
2937 709 3311 780 promiscuum
3372 712 3568 781 vulgus

1986 797 2379 870 κατηχούμηνα
2417 800 2528 872 (70)
2591 815 2787 857 vocare
2821 801 2981 867 solet,
3008 802 3230 872 quidam
3282 819 3406 857 cum
3449 820 3570 858 mu-

1986 885 2513 954 lieribushabitant)
2565 902 2686 942 eam
2741 888 3032 958 neglectim
3091 888 3293 945 habere
3347 904 3568 961 aequum

1984 992 2095 1032 non
2123 986 2244 1047 est;
2275 977 2453 1051 neque
2472 995 2606 1036 vero
2636 982 2708 1035 ita
2731 997 2760 1036 a
2791 981 2954 1037 nobis
2981 983 3289 1038 habebitur.
3344 984 3424 1038 Ac
3456 983 3567 1039 fuit

1985 1069 2101 1125 [nec
2131 1071 2351 1141 quidem
2405 1088 2492 1127 res
2522 1073 2591 1128 ad
2626 1081 2836 1129 sextam
2883 1073 2993 1143 (71)
3039 1086 3216 1144 usque
3270 1074 3563 1145 synodum,

1983 1162 2129 1217 haud
2160 1164 2276 1219 seio
2302 1180 2410 1235 qua
2467 1167 2704 1232 ratione,
2772 1167 2995 1236 impune
3039 1166 3301 1230 admissa,
3343 1167 3398 1221 in
3451 1167 3569 1237 ipsa

1984 1261 2164 1308 autem
2199 1265 2389 1311 sancta
2425 1256 2658 1326 synodo,
2697 1257 2788 1310 ubi
2852 1258 3094 1327 penitius
3121 1272 3357 1315 excussa
3393 1269 3564 1327 esset,

1983 1346 2371 1402 sacerdotibus
2414 1348 2490 1402 ita
2545 1348 2953 1415 habitantibus,
2995 1351 3356 1405 rcmotionem
3384 1350 3499 1421 (72)
3532 1367 3565 1405 a

1982 1455 2143 1495 sacro
2189 1440 2404 1503 ordine,
2469 1440 2720 1511 profanis
2750 1454 2882 1497 vero
2958 1457 2988 1495 a
3044 1425 3228 1497 rerum
3280 1456 3567 1497 sacrarum

1981 1533 2370 1588 communione
2397 1531 2938 1606 separationemj(73)
2983 1532 3223 1589 induxit.
3256 1532 3480 1600 Verum,
3501 1543 3562 1588 ut

1982 1623 2140 1694 plene
2167 1624 2238 1679 ab
2258 1637 2325 1679 eo
2357 1638 2495 1679 ausu
2527 1623 2805 1679 Ecclesias
2834 1622 3160 1688 vindicaret,
3192 1623 3257 1676 ad
3296 1624 3348 1678 id
3386 1637 3570 1679 sacer-

1983 1711 2162 1769 dotale
2179 1712 2463 1768 decretum
2492 1729 2599 1768 non
2628 1726 2729 1782 par
2750 1711 2874 1767 fuit.
2903 1710 3039 1766 Nam
3064 1726 3189 1766 cum
3213 1711 3281 1767 ad
3308 1712 3361 1767 id
3392 1727 3569 1784 usque

294 1801 454 1874 λικὴν
477 1803 638 1874 χεῖρα
659 1802 753 1857 καὶ
774 1802 1108 1873 πρόσταγμα
1138 1804 1239 1874 τὴν
1264 1802 1525 1874 τοιαύτην
1543 1806 1879 1875 προπέτειαν

1985 1813 2219 1875 tempus,
2251 1820 2360 1876 quo
2392 1813 2547 1876 pater
2566 1814 2754 1861 noster
2780 1804 3020 1876 inclytus
3062 1805 3317 1876 princeps
3348 1813 3570 1875 sceptra

294 1894 405 1949 τῶν
431 1894 595 1965 ίερῶν
619 1894 929 1962 ἐξελαύνειν
946 1895 1134 1951 οἴκων.

365 2160 547 2232 Ὅπερ
576 2158 670 2216 οὖν
702 2162 796 2215 κα).
839 2162 951 2216 ἀπὸ
994 2163 1093 2217 τοῦ
1132 2164 1401 2236 παρόντος
1434 2167 1657 2238 κρατεῖν
1691 2165 1879 2237 βουλό-

297 2269 470 2323 μενοι,
490 2251 983 2326 ὁρίζομεν,μηδένα
1002 2255 1268 2328 μηδαμῶς
1289 2258 1426 2329 μήτε
1449 2258 1601 2329 ἱερέα
1620 2260 1756 2330 μήτε
1772 2259 1880 2314 τῶν

291 2350 357 2401 ἐκ
392 2346 487 2401 τοῦ
513 2348 648 2401 λαοῦ
694 2347 915 2417 γυναιξὶ
942 2349 1303 2405 συνοικοῦντα
1332 2353 1391 2405 ἐν
1415 2354 1529 2416 τοῖς
1564 2352 1880 2424 λεγομένοις

291 2456 531 2510 κατηχου
539 2440 721 2510 μένοις
737 2440 925 2495 οίκεῖν.
948 2440 1015 2495 Ei
1028 2440 1085 2493 δέ
1097 2459 1181 2505 τις
1192 2441 1501 2514 εὑρίσκοιτο
1521 2442 1611 2496 τὸν
1632 2438 1880 2513 ἂγιονξοί-

291 2547 389 2585 κον
403 2531 546 2586 οὓτω
559 2533 902 2600 κοινοποιῶν,
918 2534 1106 2588 τοῦτον
1126 2533 1225 2605 μὲν
1243 2533 1501 2605 βασιλείῳ
1513 2535 1656 2607 χειρὶ
1669 2535 1880 2605 ἀτίμως

290 2622 499 2677 ἐκεῖθεν
522 2623 871 2692 ἐξωθεῖσθαι,
900 2625 995 2681 τὸν
1028 2624 1087 2679 δὲ
1113 2626 1533 2698 παρασχόμενον
1571 2627 1672 2697 τὴν
1693 2625 1880 2680 κατοί-

293 2733 454 2788 κησιν
482 2716 617 2788 (εἴτε
647 2703 830 2789 ἱερεὺς
853 2719 965 2772 εἴτε
999 2736 1082 2783 τις
1111 2719 1300 2791 ἕτερος
1326 2719 1412 2791 είη
1452 2719 1482 2771 ό
1524 2719 1627 2790 τὴν
1654 2720 1878 2789 ἐπιτρο-

292 2810 403 2881 πὴν
433 2809 528 2863 τοῦ
560 2809 691 2866 ναοῦ
727 2809 891 2882 ἔχων)
923 2811 1022 2866 καὶ
1055 2811 1222 2866 αὑτὸν
1250 2810 1585 2865 κινδυνεύειν
1619 2810 1785 2866 ἕνεκά
1814 2829 1878 2880 γε

290 2904 390 2972 τῆς
417 2901 673 2974 τοιαύτης
709 2904 1175 2975 καταφρονήσεως
1205 2903 1301 2959 κα)⁵
1337 2902 1449 2957 τῶν
1492 2903 1656 2976 ἱερῶν
1707 2923 1880 2960 κοινο-

293 2996 476 3060 ποιίας
510 2998 580 3069 τῇ
607 2996 706 3068 τῆς
730 2996 1036 3068 ἐπιτροπῆς
1075 2995 1384 3069 ἀφαιρέσει.

844 3090 1120 3144 ΔΙΑΤᾹΞΙ
1125 3092 1165 3143 Σ
1196 3091 1318 3146 OA’.

299 3180 439 3249 Περὶ
464 3180 572 3254 τοῦ
597 3180 687 3252 μὴ
752 3181 1057 3254 τεθεῖσθαι
1118 3181 1226 3248 τὰς
1255 3183 1540 3254 εὐλογίας
1568 3185 1712 3254 πρὶν
1743 3186 1819 3241 ἂν
1845 3188 1878 3240 ό

466 3250 720 3322 νόμιμος
741 3251 848 3305 τοῦ
886 3250 1082 3321 γάμου
1116 3250 1451 3323 συμφθάσῂ
1474 3250 1698 3323 καιρός.

371 3342 433 3396 '0
461 3343 625 3406 αὐτὸς
654 3342 908 3412 βασιλεὺς
936 3342 1213 3415 Στυλιανῷ
1251 3343 1328 3415 τῷ
1357 3344 1531 3415 αὐτῷ.

374 3434 595 3507 Ἐπειδὴ
634 3437 692 3488 ὲν
720 3436 834 3499 τοῖς
869 3434 1000 3506 περὶ
1031 3435 1227 3505 γάμων
1254 3439 1322 3507 τῇ
1365 3454 1427 3491 τε
1474 3438 1595 3527 ἱερᾷ
1628 3440 1720 3492 καὶ
1784 3457 1879 3511 με-

294 3525 434 3597 γάλη
466 3526 602 3600 ἕκτῃ
630 3527 836 3598 συνόδῳ
870 3527 1275 3598 ὲντελλομένοις
1303 3530 1360 3582 ὲν
1392 3528 1470 3600 τῷ
1512 3531 1595 3597 1.,0’
1628 3531 1673 3564 ³³
1692 3533 1878 3585 κανόνι

284 3621 387 3674 ’καὶ
423 3620 471 3652 ⁸⁸
505 3622 616 3682 τοῖς
645 3617 724 3690 τῷ
760 3618 1024 3690 πολιτικῷ
1049 3619 1201 3691 νόμῳ
1219 3619 1466 3673 δοκοῦσιν
1488 3620 1877 3694 ὑπεναντιότης

293 3713 439 3767 δοκεῖ
471 3711 863 3783 ἀναφαίνεσθαι
897 3712 952 3784 (ἡ
1006 3713 1107 3784 μὲν
1160 3713 1270 3784 γὰρ
1310 3712 1642 3785 ἀπαγορεύει
1682 3732 1879 3769 παντε-

295 3804 402 3870 λῶς
468 3805 568 3875 τὴν
618 3803 1115 3875 μεμνηστευμένην
1174 3803 1255 3856 ἔτι
1315 3803 1408 3856 τοῦ
1450 3806 1757 3876 μνηστῆρος
1818 3808 1878 3860 ἐν

290 3896 599 3968 ἀνθρώποις
627 3896 780 3960 ὄντος
804 3896 944 3968 πρὸς
983 3897 1232 3968 γαμικὴν
1290 3894 1506 3967 ὁμιλίαν
1549 3897 1722 3970 ἑτέρῳ
1753 3916 1880 3952 συν-

296 3988 572 4045 άπτεσθαι
608 3989 855 4060 μοιχείας
889 3988 951 4042 τὸ
981 3989 1215 4061 πρᾶγμα
1241 3989 1519 4059 ὁρίζουσα,
1545 3991 1574 4044 ό
1600 3990 1657 4044 δὲ
1676 3991 1879 4045 πολιτι-

292 4082 386 4146 κὸς
409 4081 573 4152 νόμος
603 4082 705 4136 οὐκ
744 4081 888 4147 ἀξιοῖ
916 4083 1016 4153 τὴν
1047 4081 1310 4153 τοιαύτην
1348 4081 1593 4137 διάλυσιν
1620 4081 1743 4136 οὔτε
1780 4082 1875 4136 τοῦ

293 4172 536 4243 μεγάλου
572 4174 947 4247 ἐγκλήματος,
1005 4174 1121 4229 ἀλλ’
1147 4177 1242 4229 ἐπὶ
1297 4177 1435 4248 μόνῃ
1461 4178 1528 4248 τῇ
1562 4176 1674 4230 τῶν
1705 4179 1876 4249 appa-

290 4265 480 4320 ὖὼνων
513 4268 610 4320 καὶ
631 4267 743 4321 τῶν
774 4269 1199 4340 προστιμήσεων
1232 4271 1389 4340 ποινῇ
1430 4269 1530 4339 τὴν
1558 4270 1749 4341 ὲνοχὴν
1778 4287 1876 4324 πε-

294 4360 573 4430 ριγράφει,
610 4362 660 4415 εί
704 4362 1073 4433 πρωῖαίτερον
1122 4361 1217 4414 τοῦ
1257 4362 1533 4432 γαμηλίου
1589 4362 1785 4433 καιροῦ
1839 4364 1874 4435 ἡ

1985 1896 2302 1954 moderatus
2343 1907 2448 1964 est,
2480 1897 2533 1951 in
2584 1895 2868 1968 republica
2922 1894 3289 1962 constitisset,
3331 1897 3566 1967 utprin-

1983 1993 2125 2063 cipis
2158 1992 2442 2048 decretum
2479 2000 2645 2063 atque
2688 2006 2888 2047 manus
2941 2005 3064 2046 eam
3092 1989 3446 2046 insolentiam
3473 2004 3566 2045 sa-

1985 2086 2097 2140 cris
2134 2083 2345 2140 aedibus
2381 2085 2683 2155 expelleret
2709 2082 2980 2154 oportuit.

2055 2177 2210 2244 Quod
2251 2191 2354 2232 nos
2387 2190 2510 2231 cum
2539 2174 2736 2231 dehinc
2756 2173 3013 2230 obtinere
3068 2172 3327 2237 velimus,
3361 2170 3566 2226 statui-

1985 2285 2129 2336 mus,
2152 2279 2210 2323 ut
2243 2269 2458 2323 omnino
2489 2267 2668 2322 nullus
2713 2281 2888 2336 neque
2914 2264 3196 2327 sacerdos,
3229 2276 3406 2332 neque
3436 2275 3568 2332 pro-

1987 2362 2167 2428 fanus,
2226 2361 2280 2416 in
2337 2358 2459 2430 (74)
2489 2358 2654 2414 dictis
2706 2357 3009 2413 ctenaculis
3063 2370 3188 2413 cum
3238 2352 3566 2409 mulieribus

1985 2453 2242 2519 habitet;
2273 2467 2336 2507 ac
2367 2453 2413 2507 si
2462 2450 2588 2521 quis
2640 2462 2855 2505 sacram
2884 2447 3057 2504 :edem
3106 2447 3216 2503 hoc
3261 2445 3426 2501 modo
3464 2443 3567 2501 fte-

1983 2544 2115 2600 dare
2136 2542 2603 2614 deprehendatur,
2626 2542 2716 2598 hic
2749 2541 2903 2596 illinc
2958 2538 3324 2609 ignominiosa
3353 2536 3566 2607 princi-

1985 2635 2093 2707 pali
2135 2642 2303 2689 manu
2336 2632 2664 2689 exturbetur
2695 2646 2710 2697 ;
2747 2630 2842 2701 qui
2893 2643 3024 2683 vero
3081 2626 3160 2682 illi
3216 2640 3341 2683 eum
3382 2626 3566 2680 locum

1986 2723 2344 2781 habitandum
2405 2721 2641 2793 praebuit
2682 2720 2825 2792 (sive
2879 2716 3143 2774 sacerdos
3188 2716 3307 2772 sive
3363 2714 3568 2786 aliquis

1984 2818 2126 2875 alius
2151 2817 2247 2889 qui
2282 2815 2548 2888 templum
2576 2820 2864 2884 procurat,
2890 2809 3012 2882 sit),
3047 2812 3166 2881 ipse
3189 2822 3410 2879 quoque
3440 2821 3571 2878 pro-

1983 2918 2103 2982 pter
2135 2909 2274 2979 iegis
2300 2915 2678 2979 contemptum
2704 2917 3099 2974 sacrorumque
3132 2901 3568 2972 profanationem

1983 3002 2375 3074 procuratione
2404 3000 2771 3073 periclitetur.

2392 3088 2864 3148 CONSTITUTIO
2905 3086 3143 3143 LXXIV.

1929 3139 1946 3160 .
2399 3139 2856 3148 ---._._-_----
2905 3139 3106 3143 _-_-__.

1902 3139 1947 3200 (³
2058 3185 2141 3239 Ne
2170 3195 2293 3240 ante
2351 3183 2639 3265 legitimum
2673 3179 3002 3265 matrimonii
3060 3189 3259 3265 tempus
3291 3177 3490 3247 futuris

2344 3249 2659 3325 conjugibus
2698 3253 3041 3309 benedicatur
3077 3249 3209 3318 (75).

2051 3347 2198 3403 idem
2225 3348 2529 3418 imperator
2559 3345 2736 3401 eidem
2775 3344 3046 3415 Styliano.

2052 3437 2325 3504 Quoniam
2357 3437 2413 3491 in
2474 3437 2543 3493 iis
2572 3449 2754 3505 quaaa
2819 3447 2976 3488 sacra
3041 3442 3350 3502 magnaque
3404 3434 3563 3483 sexta

1982 3530 2194 3601 synodo
2212 3528 2280 3583 de
2313 3526 2525 3601 nuptiis
2585 3525 2640 3578 in
2683 3520 3170 3579 duodecentesitno
3207 3518 3321 3590 (76)
3352 3531 3564 3573 canone

1982 3620 2398 3691 praecipiuntur,
2435 3616 2695 3689 quiddam
2750 3615 2929 3671 civilis
2976 3612 3122 3683 juris
3152 3612 3373 3684 placitis
3420 3625 3563 3666 con-

1981 3713 2215 3769 trarium
2262 3712 2530 3768 exsistere
2556 3708 2772 3765 videtur
2831 3707 3104 3780 (synodus
3149 3707 3294 3762 enim
3333 3706 3442 3776 (77)
3492 3708 3563 3761 ne

1982 3817 2210 3874 sponsa,
2257 3803 2475 3858 vivente
2534 3799 2715 3855 adhuc
2750 3813 2980 3867 sponso,
3039 3800 3094 3853 in
3147 3796 3562 3853 matrimonium

1982 3894 2138 3949 alteri
2171 3892 2563 3965 coniungatur,
2592 3891 2647 3946 in
2677 3889 2999 3947 universum
3030 3888 3305 3961 prohibet,
3331 3903 3565 3960 eamque

1981 4004 2096 4045 rem
2122 4001 2222 4060 pro
2277 3984 2551 4041 adulterio
2601 3983 2713 4056 (78)
2770 3981 2974 4039 habet:
3018 3981 3196 4037 civilis
3257 3990 3442 4035 autem
3476 3979 3565 4035 lex

1982 4083 2095 4155 (79)
2128 4095 2475 4152 nequaquam
2501 4080 2665 4135 talem
2686 4076 3113 4134 dissolutionem
3158 4090 3416 4146 magnum
3461 4074 3564 4131 aii-

1980 4183 2115 4248 quot
2147 4190 2272 4233 esse
2302 4174 2513 4248 crimen
2565 4172 2811 4243 iudicat:
2880 4172 2975 4227 sed
3010 4171 3056 4226 si
3115 4173 3389 4225 maturius
3446 4167 3561 4239 (80)

1979 4246 2144 4340 quam
2187 4283 2288 4338 pro
2319 4246 2640 4322 con'nubiali
2680 4275 2927 4333 tempore
2985 4261 3250 4316 solemnis
3296 4258 3561 4329 nuptialis

1983 4360 2298 4417 benedictio
2323 4358 2658 4423 celebretur,
2683 4356 2737 4411 in
2779 4355 2915 4410 solis
2968 4353 3174 4417 arrhis,
3209 4360 3264 4406 et
3290 4351 3561 4422 quidquid

288 4450 377 4502 ἐπ’
409 4451 583 4523 αὐτῆς
625 4454 994 4524 νενομισμένη
1020 4453 1408 4523 τελεσθήσεται
1442 4453 1710 4526 εὐλογία),
1745 4456 1872 4510 ἐπεὶ

1982 4467 2162 4524 prima:
2216 4451 2448 4507 nomine
2498 4448 2838 4520 promissum
2900 4444 3087 4513 fuerit,
3149 4441 3557 4514 dependendis,

1561 4612 1798 4668 VARUE
1850 4608 2261 4669 LECTIONES.

380 4758 426 4789 "
459 4758 634 4812 Codd.
670 4758 890 4828 τρόπον.
931 4756 1255 4814 Emendavit
1288 4755 1479 4822 Steph.

285 4829 471 4883 κανόνι
504 4832 562 4881 ἐν
613 4826 747 4893 τοῖς.
784 4827 1223 4884 Ememlavetunt
1265 4830 1422 4901 Agyl.
1482 4837 1539 4883 et
1570 4826 1735 4883 Beck.

1603 4757 1646 4791 '9
1677 4758 1762 4814 Cl'.
1789 4757 1929 4814 infra
1959 4755 2198 4813 Constit.

2261 4751 2396 4809 CIX.
2436 4750 2547 4806 Imo
2571 4766 2621 4805 c.
2673 4751 2761 4807 98.
2880 4751 2927 4783 ⁸ο
2949 4750 3123 4806 Codd.
3150 4752 3243 4805 καὶ
3269 4751 3326 4804 ὲν
3354 4749 3434 4821 τῷ
3470 4747 3562 4813 ςθ¹

1841 4965 2048 5022 NOTAE
2059 5008 2072 5021 .

280 5120 335 5174 in
368 5116 525 5172 Trul.
559 5117 765 5189 Synod.
792 5115 1097 5189 7,7cap_.#l9
1123 5127 1176 5171 et
1204 5114 1307 5189 29,
1326 5113 1420 5169 ubi
1450 5111 1519 5167 de
1550 5109 1867 5181 duplicibus

284 5183 660 5244 monasteriis.
680 5186 894 5245 Novell.
924 5183 1051 5253 {‘23,
1082 5201 1207 5256 cap.
1240 5183 1333 5256 36A.

348 5259 461 5330 (69)
488 5258 792 5330 ’Υπερῷον’.
819 5246 1283 5330 Domusedit'iore
1306 5254 1428 5310 loco
1449 5252 1625 5321 posita
1647 5249 1704 5315 ‘2,
1728 5246 1869 5303 Har-

348 5277 461 5330 (ου)
514 5277 538 5312 ι
556 5277 623 5312 πε
667 5277 792 5329 ῳον.
819 5277 1027 5313 unmus
1052 5277 1209 5312 enim

280 5345 500 5398 menop.
526 5330 582 5395 4,
606 5277 662 5397 εξ
692 5330 761 5384 27
789 5337 844 5384 et
866 5329 956 5396 44,
992 5328 1084 5394 46,
1118 5326 1209 5381 96.

348 5394 462 5470 (70)
482 5394 909 5471 Κατηχούμενα,
932 5394 993 5455 ut
1016 5400 1173 5471 infra
1196 5398 1322 5453 cod.
1346 5394 1865 5451 catcebumenorum

281 5467 691 5542 mansiones)?
718 5467 912 5542 syttod.
943 5486 1066 5542 cap.
1111 5467 1203 5525 98.

349 5540 464 5612 at)
494 5542 550 5597 In
589 5539 801 5598 Trullo.

347 5614 470 5686 (12)
501 5612 738 5686 Scrimg.
761 5613 874 5669 hic.

492 5676 832 5740 Clericdrttnt
888 5689 994 5748 est,
1042 5676 1485 5752 καθαίρεσιςηᾶσ
1510 5689 1616 5749 qua
1649 5685 1817 5744 supra
1866 5686 1881 5727 :

273 5749 676 5813 monachorum
723 5763 777 5813 et
827 5749 1462 5828 ιαίσοι-ιιωοὰφορισμός-

1188 5874 1227 5889 /

2051 5109 2165 5180 (74)
2210 5109 2297 5163 Ἐν
2342 5111 2456 5171 τοῖς
2504 5105 2821 5180 λεγομένοις
2894 5097 3329 5180 κατηχουμένοις
3382 5100 3554 5153 οἰκεῖν

1978 5170 2212 5248 Scrint'g.
2226 5186 2296 5248 _ut
2324 5170 2489 5246 supra
2520 5170 2649 5248 eod.
2674 5170 3095 5248 κατηχούμενοι.

2057 5237 2191 5315 (75)“’
2223 5237 2607 5315 Bencd'ieendi
2639 5237 2968 5315 conjuéibus
3023 5256 3235 5297 morem
3299 5237 3555 5295 observa.

1983 5313 2374 5372 Adde'Novell.
2407 5316 2497 5378 89,
2527 5313 2628 5369 inf.
2664 5313 2792 5370 eod.

2050 5388 2163 5458 (76)
2197 5385 2352 5458 ξτηῶ
2383 5375 2618 5458 Scritng.
2655 5379 2941 5458 legendum
2974 5383 3062 5450 ιιην
3102 5380 3159 5438 id
3190 5387 3295 5444 est,
3330 5375 3423 5433 98.

2052 5450 2168 5525 (77)
2206 5450 2369 5525 δενὶιιι
2410 5453 2534 5525 scil.
2571 5450 2627 5507 ει.
2666 5450 2723 5505 (ε.
2752 5450 2843 5506 99.

2053 5517 2166 5597 (78)
2209 5524 2548 5597 Adulterium
2614 5523 2905 5597 sententiae
2944 5529 3113 5597 sextae
3148 5517 3348 5594 synodi
3399 5530 3557 5575 com-

1983 5590 2173 5661 mittit,
2207 5596 2298 5665 qui
2340 5596 2567 5649 alterius
2588 5607 2850 5665 sponsam
2875 5590 3048 5651 ducit.

2057 5666 2170 5736 (79)
2202 5662 2264 5719 L.
2299 5664 2351 5727 i,
2374 5666 2431 5736 2,
2462 5665 2595 5736 5ης.
2619 5662 2707 5720 Ὧι
2739 5679 2919 5735 sporta.
3124 5663 3131 5670 ”

2060 5738 2171 5810 (80)
2204 5736 2323 5793 vni.
2369 5735 2428 5789 υ.
2460 5736 2498 5794 ι.
2530 5735 2583 5792 5.
