4090 6206
556 288 665 353 583

1796 283 2069 347 LEONIS
2104 282 2566 344 PHILOSOPIII

3704 282 3817 347 581

546 414 769 475 «pinnam
805 398 1210 469 circumcludil)
1238 416 1251 464 ;
1278 398 1537 469 quoniam
1564 399 1749 468 itaque
1788 399 1966 467 ipsum
1986 412 2113 451 con-

2244 390 2319 448 ιῦν
2349 394 2408 448 τὸ
2445 395 2658 463 καίριον
2702 394 2800 464 τῆς
2836 395 3210 465 ἐναντιότητος
3270 396 3504 468 ἀκριϐὴς
3536 397 3697 466 λόγος
3731 402 3827 454 ὲν-

552 493 859 552 trarietatis
884 490 1259 547 velut‘vulnus
1288 492 1419 546 hinc
1453 492 1638 546 acrior
1669 490 1811 544 ratio
1852 487 2126 559 conspicit

552 585 723 659 (quod
754 585 898 640 enim
922 594 1047 654 post
1079 584 1517 639 benedictionem
1545 583 1906 648 dirimentur,
1962 579 2017 634 in
2055 594 2122 635 eo

540 693 681 733 vera
751 674 1154 746 sponsaliorum
1227 674 1519 730 dissolutio
1584 672 1881 731 statuenda
1956 672 2125 739 est),

538 767 873 830 sancimus,
933 780 1002 820 ne
1052 764 1222 835 ,prius
1276 762 1692 821 benedictioncs
1754 761 2127 824 celebrentur,

552 874 718 930 quam
782 858 1086 929 legitimum
1140 856 1477 911 matrimonii
1524 854 1810 911 advenerit
1866 860 2127 921 tempus.

534 952 699 1022 quod
734 949 939 1021 (81-82)
966 949 1020 1002 in
1054 948 1301 1004 maribus
1321 948 1593 1004 decimum
1625 948 1874 1017 quintum
1902 942 2036 1015 (85),
2076 942 2131 997 in

551 1044 775 1099 feminis
824 1042 1100 1097 decimum
1132 1041 1354 1096 tertium
1393 1049 1680 1110 exspectat
1746 1052 1974 1092 annum.
2038 1034 2130 1091 Sic

542 1140 700 1194 enim
730 1148 784 1193 et
820 1135 1132 1192 benedictio
1162 1135 1491 1206 tempestive
1539 1134 1634 1189 ﬁet
1661 1152 1674 1190 :
1702 1142 1757 1190 et
1781 1131 2130 1200 desponsatis

551 1246 582 1282 ιι
613 1244 671 1284 se
696 1227 932 1283 invicem
986 1224 1413 1287 divertentibus,
1467 1224 1614 1294 quod
1648 1220 1955 1294 perfectum
2008 1232 2128 1273 ma-

546 1320 874 1378 trimonium
905 1319 1193 1386 dirimant,
1226 1333 1255 1372 a
1310 1318 1456 1373 civili
1512 1318 1632 1389 lege
1677 1315 1950 1386 judicium
1985 1311 2133 1383 quod

554 1413 817 1470 Ecclesiae
851 1410 1072 1483 placitis
1101 1425 1211 1465 non
1234 1410 1580 1473 adversetur,
1604 1409 1877 1463 Obveniet.

982 1500 1455 1560 CONSTITUTIO
1492 1500 1706 1556 LXXV.

646 1598 725 1654 Ut
759 1598 850 1667 qui
880 1596 1065 1668 viginti
1096 1594 1207 1667 (8-1)
1234 1602 1600 1676 annorumfst
1638 1592 2032 1664 hypodiaconus

1134 1680 1254 1720 ma
1263 1673 1309 1719 ri
1362 1673 1557 1729 possit.

624 1763 771 1819 Idem
795 1762 1087 1832 imperator
1109 1757 1386 1828 Stephano
1409 1754 1671 1812 sanctiss.
1700 1754 2126 1824 Constantinop.
2162 1746 2205 1802 B

557 1855 1000 1927 archiepiscopo,
1032 1858 1088 1907 et
1130 1849 1457 1921 patriarcha:
1489 1848 1816 1903 universali.

624 2040 685 2097 Si
720 2050 1007 2097 sacrorum
1043 2034 1395 2090 decretorum
1438 2032 1657 2089 sanctio
1705 2030 1772 2086 ad
1822 2045 1910 2086 res
1945 2027 2136 2084 civiles

562 2133 844 2192 transiens
871 2170 889 2198 ,
940 2130 998 2185 in
1042 2127 1156 2184 illis
1203 2140 1347 2197 saepe
1390 2124 1516 2197 plus
1578 2124 1923 2180 auctoritatis
1971 2134 2136 2192 quam

558 2228 691 2298 ipsa:
736 2222 928 2280 civiles
949 2219 1021 2277 de
1054 2216 1253 2276 iisdem
1286 2216 1452 2272 rebus
1501 2222 1803 2270 tractantes
1856 2214 2005 2284 leges
2038 2211 2139 2265 ha-

560 2320 745 2385 beant,
769 2318 979 2387 quanto
1002 2310 1181 2384 magis
1233 2322 1392 2365 sacra
1447 2306 1667 2363 decreta
1701 2307 1757 2361 in
1803 2304 1919 2360 suis
1972 2303 2139 2359 rebus

556 2408 816 2466 civilibus
847 2404 1064 2477 legibus
1095 2398 1510 2473 praevalebunt?
1565 2397 1634 2452 At
1678 2397 1810 2469 quid
1854 2402 1939 2452 est
1992 2394 2140 2465 quod

557 2499 722 2557 dico?
754 2496 920 2552 Sexta
949 2494 1197 2566 synodus
1218 2490 1334 2563 (85)
1374 2490 1754 2548 vicennarium
1808 2486 2141 2559 hypodiaco-

558 2604 691 2644 num
723 2584 970 2641 ordinari
1027 2596 1194 2652 posse
1251 2579 1472 2645 sancit;
1505 2578 1637 2634 huic
1690 2591 1824 2633 vero
1852 2576 2033 2631 civilis
2053 2575 2142 2630 lex

559 2674 977 2742 contradicens,
996 2671 1193 2743 viginti
1228 2670 1390 2727 annis
1411 2669 1659 2740 quinque
1687 2668 1941 2723 adiuetiri
1964 2667 2141 2739 jubet.

632 2853 745 2910 Nos
779 2854 983 2924 itaque,
1019 2850 1097 2905 uti
1128 2865 1343 2906 sacram
1393 2848 1565 2919 legem
1596 2859 1753 2903 sacer
1785 2842 1920 2899 ordo
1950 2855 2147 2913 sequa-

564 2959 674 3012 tur,
699 2944 996 3001 convenire
1048 2943 1178 3010 rati,
1222 2950 1282 2998 ut
1343 2941 1412 2998 ad
1463 2938 1956 3012 hypodiaconatum
1992 2975 2007 3002 ,
2055 2936 2150 3006 qui

563 3039 784 3111 quidem
839 3052 907 3095 eo
954 3036 1104 3109 digni
1134 3044 1471 3102 sunt,auno
1503 3030 1681 3088 aetatis
1732 3044 1846 3085 sua:
1890 3027 2150 3085 vicesimo

564 3134 959 3197 admittantur,
993 3130 1301 3187 sancimus.

987 3217 1453 3277 CONSTITUTIO
1482 3214 1722 3273 LXXVI.

565 3289 642 3372 De
672 3330 826 3386 paena
861 3313 975 3386 (86)
1009 3313 1209 3382 falsum
1251 3311 1615 3435 gestimonium
1647 3308 1935 3363 dicentium
1966 3322 2148 3361 sacer-

1292 3393 1461 3435 orum.

1292 3393 1461 3437 0mm.

636 3481 783 3538 Idem
816 3480 1118 3550 imperator
1148 3475 1325 3533 eidem
1355 3474 1623 3547 Styliano.

634 3576 766 3641 Quae
781 3571 1127 3644 prmconibus
1154 3569 1245 3626 Dei
1281 3568 1672 3640 (sacrosanctis
1703 3566 1964 3639 apostolis
1998 3580 2150 3621 nem-

563 3670 650 3738 pe)
683 3680 856 3722 sacra:
903 3663 1221 3720 sanctiones
1264 3661 1376 3732 (87)
1412 3661 1788 3726 ascribuntur,
1838 3659 2152 3715 sacerdotes

565 3759 707 3813 falso
733 3756 953 3826 jurasse
994 3754 1391 3824 deprehensos,
1424 3766 1582 3807 sacra
1615 3752 1881 3822 dignitate
1910 3751 2148 3822 privant.

562 3848 757 3905 Civilis
785 3862 914 3902 vero
944 3845 1263 3916 reipublicae
1303 3843 1697 3900 moderatriccs
1740 3844 1888 3915 leges
1917 3843 2029 3914 (88)
2061 3842 2154 3898 ubi

564 3940 732 4011 hujus
766 3939 846 3994 rei
880 3937 1272 3995 constituendo
1297 3936 1550 3991 tractatui
1578 3936 1928 4002 incumbunt,
1955 3937 2154 3994 falsum

568 4032 944 4089 testimonium
999 4029 1255 4085 bifariam
1305 4028 1681 4085 dividunt:et
1741 4028 1891 4099 quod
1958 4028 2154 4084 falsum

565 4123 777 4178 dictum
798 4122 853 4177 in
873 4136 1037 4177 causa
1054 4120 1831 4192 criminalideprchenderint,
1856 4122 2157 4179 remotione

566 4231 596 4270 a
618 4230 781 4273 sacro
834 4214 1028 4271 ordine
1057 4214 1293 4284 puniunt
1326 4231 1340 4268 :
1384 4214 1479 4285 qui
1501 4229 1632 4270 vero
1662 4215 1716 4269 in
1751 4229 1809 4269 re
1840 4216 2157 4285 pecuniaria

568 4309 766 4364 falsum
808 4308 1187 4365 testimonium
1230 4308 1493 4373 dixerint,
1553 4307 1656 4364 hos
1681 4307 1746 4362 ad
1772 4315 1991 4379 tempus
2015 4309 2156 4366 rele-

566 4400 767 4469 nando,
802 4413 909 4455 non
941 4407 1125 4455 autem
1153 4399 1371 4468 penitus
1401 4398 1731 4456 removendo
1760 4400 2016 4470 puniunt.
2140 4393 2144 4398 ’

2228 486 2417 539 τεῦοεν
2449 488 2587 559 όρᾷο
2640 488 2700 539 τὸ
2733 488 2841 556 γάρ
2877 487 3015 556 μετὰ
3056 488 3152 559 τὴν
3192 488 3447 557 εὐλογίαν
3483 489 3825 557 διίσταυθαι,

2228 576 2384 630 τοῦτο
2417 576 2483 629 ἂν
2534 577 2621 647 εἴη
2657 578 2953 647 μνηστείας
2998 577 3205 648 ἀληθὴς
3243 577 3399 643 λύσις
3422 594 3435 610 ο
3482 579 3823 652 θεσπίζομεν

2229 669 2306 740 μὴ
2358 668 2629 723 τελεῖσθαι
2664 669 2763 733 τὰς
2806 667 3077 737 εὐλογίας,
3132 669 3263 740 πρὶν
3301 670 3369 725 ἂν
3406 672 3435 724 ό
3464 671 3699 742 νόμιμος
3725 673 3824 728 τοῦ

2230 760 2408 829 γάμου
2446 759 2740 831 συμφθάσῃ
2788 760 3001 832 καιρὸς,
3028 759 3087 823 ὂς
3132 762 3222 813 ἐπὶ
3258 762 3358 831 μὲν
3390 762 3605 835 ἀνδρῶν
3632 782 3824 821 πεντε-

2230 850 2549 906 καιδέκατον
2575 850 2862 922 περιμένει
2892 851 3030 917 ἔτος,
3054 852 3148 903 ἐπὶ
3170 850 3227 904 δὲ
3255 853 3531 921 γυναικῶν
3556 855 3635 925 τῷ
3668 873 3828 927 τρισ-

2230 942 2533 1014 καιδεκάτῳ
2580 943 3113 1013 συμπεριγράφεται.
3148 942 3305 998 Οῦτω
3340 944 3452 1016 γὰρ
3498 947 3593 999 καὶ
3625 947 3694 1001 τά
3721 948 3822 1020 τῆς

2229 1032 2483 1102 εὐλογίας
2518 1032 2660 1086 κατὰ
2700 1033 2860 1101 λόγον
2916 1032 3054 1099 ἕξει,
3118 1036 3212 1089 καὶ
3241 1037 3275 1106 ἠ
3308 1035 3419 1090 τῶν
3454 1038 3825 1094 συνελθόντων

2229 1125 2471 1189 διάλυσις
2495 1124 2702 1179 τελείου
2730 1126 2911 1195 γάμου
2942 1127 3289 1197 τυγχάνουσα
3323 1128 3424 1182 οὐκ
3466 1130 3820 1201 ἐναντιουμέ-

2232 1238 2327 1290 νης
2354 1222 2423 1291 τῇ
2451 1219 2748 1290 Ἐκκλησία
2778 1221 2874 1274 καὶ
2900 1220 3053 1291 παρὰ
3087 1220 3129 1251 ⁴¹
3166 1220 3261 1274 τοῦ
3312 1221 3596 1277 πολιτικοῦ
3654 1225 3821 1294 νόμου

2232 1311 2481 1379 τεύξεται
2501 1311 2755 1383 κρίσεως.

2762 1500 3072 1553 ΔΙΔΤΛΞΙΣ
3096 1502 3193 1555 OE’
3210 1503 3276 1556 ".

2238 1588 2377 1657 Περὶ
2415 1586 2523 1643 τοῦ
2556 1588 2922 1659 προάγεσθαι
2963 1589 3370 1646 ὑποδιάκονον
3394 1591 3659 1656 εἰκοστῷ
3684 1592 3819 1646 ἔτει.

2317 1750 2375 1803 Ὀ
2404 1750 2564 1813 αὐτὸς
2601 1748 2854 1821 βασιλεὺς
2908 1750 3166 1822 Στεφάνῳ
3228 1751 3307 1821 τῷ
3356 1751 3647 1821 ἁγιωτάτῳ
3678 1751 3828 1822 άρχι·

2240 1844 2522 1915 επισκόπῳ
2542 1844 3163 1909 Κωνσταντινουπόλεως
3213 1845 3306 1898 καὶ
3333 1843 3694 1916 οίκουμενικῷ
3724 1863 3833 1898 πα-

2242 1936 2496 2006 τριάρχῃ.

2313 2028 2376 2080 Ei
2412 2029 2471 2082 ἐν
2512 2027 2807 2095 πολιτικοῖς
2844 2030 3132 2102 πράγμασι
3200 2030 3492 2099 δογμάτων
3526 2030 3691 2102 ἱερῶν
3717 2046 3832 2085 πα-

2245 2117 2437 2189 ριοῦσα
2470 2120 2515 2153 ⁸³
2550 2120 2794 2190 διάταξις
2856 2122 3120 2186 πολλάκις
3178 2120 3473 2175 πολιτικῶν
3537 2123 3833 2194 δογμάτων

2246 2211 2505 2282 περὶτῶν
2525 2212 2705 2268 αὐτῶν
2732 2213 3129 2269 διατασσόντων
3156 2215 3466 2285 κυριωτέρα
3484 2213 3833 2281 καθίσταται,

2248 2306 2399 2375 πόσῳ
2423 2303 2625 2374 μᾶλλον
2665 2305 2722 2361 αἱ
2763 2306 2906 2376 ἱεραὶ
2937 2305 3106 2375 ψῆφοι
3158 2306 3215 2359 ὲν
3249 2306 3572 2377 πράγμασιν
3609 2306 3837 2370 οἰκείοις

2248 2393 2356 2447 τῶν
2379 2394 2668 2449 πολιτικῶν
2696 2396 3060 2467 ψηφισμάτων
3084 2395 3442 2467 κρατήσουσι;
3471 2394 3538 2449 Τί
3563 2389 3655 2449 οὖν
3684 2396 3835 2450 ἐστιν

2248 2483 2277 2536 ὅ
2300 2501 2441 2555 φημι
2463 2500 2478 2549 ;
2507 2485 2611 2539 Τὸν
2641 2485 2992 2540 ὑποδιάκονον
3017 2487 3050 2557 ἡ
3072 2484 3206 2554 ἕκτη
3229 2483 3447 2548 σύνοδος
3467 2483 3699 2555 εἰκοστῷ
3722 2484 3830 2537 ἔτει

2251 2575 2605 2640 ἁποθεσπίζει
2632 2575 2968 2646 προάγεσθαι
2986 2593 2999 2607 ο
3024 2576 3193 2646 ταύτῃ
3227 2575 3503 2638 πολιτικὸς
3535 2575 3827 2643 ἀντιλέγων

2252 2668 2415 2739 νόμος
2444 2667 2695 2739 πέμπτον
2724 2669 2815 2720 ὲπὶ
2839 2668 2948 2731 τοῖς
2975 2668 3146 2723 εἴκοσι
3190 2667 3381 2738 χρόνον
3418 2669 3832 2739 συνεπιμετρεῖ-

2258 2761 2382 2816 σθαι
2414 2762 2871 2832 παρακελεύεται.

2332 2854 2517 2921 ’Ἄξιον
2547 2852 2639 2907 οῦν
2684 2855 3045 2927 ὑπειληφότες
3077 2849 3219 2909 εἶναι
3266 2854 3343 2927 τῷ
3399 2853 3529 2926 ίερῷ
3562 2852 3714 2925 νόμῳ
3738 2852 3836 2923 τὴν

2263 2949 2414 3019 ἱεράν
2439 2946 2752 3003 ἀκολουθεῖν
2810 2947 3115 3017 άγιστείαν,
3164 2946 3498 3017 θεσπίζομεν
3520 2947 3835 3017 καὶηήμεῖς,

2259 3042 2337 3111 τῷ
2365 3040 2594 3111 εἰκοστῷ
2615 3040 2724 3095 ἔτει
2756 3042 2851 3113 τῆς
2875 3042 3131 3112 τοιαύτης
3159 3041 3449 3113 τυγχάνειν
3483 3041 3610 3104 τοὺς
3650 3041 3835 3106 ἀξίους

2256 3132 2612 3204 χειροθεσίας.

2821 3225 3135 3279 ΔιΑΤΑΞιΣ
3165 3225 3303 3293 oq'.

2255 3316 2393 3385 Περὶ
2422 3316 2529 3387 τῆς
2567 3317 2684 3371 τῶν
2707 3316 3412 3387 ψευδομαρτυρησὰντων
3431 3316 3636 3384 ἱεράων
3658 3317 3837 3371 κολά-

2958 3404 3131 3454 σεως.

2342 3481 2399 3533 '0
2427 3481 2587 3545 αὐτὸς
2629 3481 2879 3550 βασιλεὺς
2911 3480 3188 3553 Στυλιανῷ
3216 3479 3292 3550 τῷ
3325 3480 3496 3550 αὐτῷ.

2328 3572 2409 3625 Τά
2452 3572 2590 3644 πρὸς
2624 3572 2749 3636 τοὺς
2781 3570 3123 3642 θεοκήρυκας
3164 3571 3330 3641 (λέγω
3358 3570 3412 3624 δὲ
3446 3570 3491 3602 δ”
3523 3569 3661 3639 πρὸς
3712 3569 3833 3631 τοὺς

2259 3661 2435 3726 θείους
2490 3662 2842 3731 ἀποστόλους)
2896 3664 3281 3734 ἀναφερόμενα
3316 3664 3434 3716 Θεῖα
3484 3660 3834 3730 θεσπίσματα

2260 3754 2426 3822 ἱερεῖς
2470 3751 2545 3823 μὴ
2583 3752 2832 3823 εὐορκεῖν
2866 3752 3257 3822 ἐλεγχομένους
3306 3750 3685 3821 ἀπογυμνοῦσι
3744 3748 3837 3803 τοῦ

2260 3844 2403 3915 ἱεροῦ
2442 3844 2772 3916 ἀξιώματος.
2813 3845 2924 3915 Τῆς
2961 3844 3234 3908 πολιτείας
3269 3846 3318 3898 oi
3364 3844 3723 3914 διατάκτορες
3754 3843 3833 3895 νόο

2262 3954 2352 4007 μοι
2387 3937 2433 3968 ⁸⁸
2467 3937 2605 4007 πρὸς
2634 3935 2792 3990 τοῦτο
2834 3937 2894 3990 τὸ
2928 3937 3094 4009 μέρος
3131 3937 3241 3989 τῶν
3287 3937 3639 4008 πραγμάτων
3675 3934 3836 4004 ὲγκύο

2260 4044 2485 4090 πτοντες
2508 4026 2604 4098 τὴν
2655 4026 3132 4099 ψευδομαρτυρίαν
3165 4028 3289 4098 διχῆ
3320 4026 3612 4097 διαιροῦσι,
3642 4028 3739 4080 καὶ
3774 4028 3836 4097 ῆν

2263 4122 2362 4191 μὲν
2386 4120 2452 4176 ἂν
2501 4119 2799 4191 φωράσωσι
2830 4118 3205 4190 προελθοῦσαν
3242 4119 3335 4172 ἐπὶ
3366 4120 3679 4189 ἐγκλήμασι
3710 4117 3841 4171 καθ-

2260 4212 2467 4283 αιρέσει
2497 4210 2610 4265 τῶν.
2634 4211 3278 4284 ψευδομαρτυρησάντων
3336 4211 3528 4281 ἱερέων
3552 4212 3837 4280 τιμῶνται,

2259 4307 2357 4376 τὴν
2391 4304 2435 4356 δ’
2477 4305 2570 4357 ἐπὶ
2608 4307 2718 4369 τοῖς
2767 4307 3129 4375 χρηματικοῖς
3183 4304 3536 4375 ἀφορίζοντες
3594 4302 3686 4354 ἐπί
3721 4318 3839 4353 τινα

2194 4444 2236 4500 D
2261 4398 2473 4469 χρόνον,
2512 4396 2626 4449 ἀλλ’
2659 4396 2718 4448 οὺ
2747 4394 3138 4465 καθαιροῦντες
3162 4397 3288 4459 τοὺς
3308 4396 3653 4465 ἁμαρτόντας
3692 4392 3840 4445 κολά-

2262 4492 2466 4555 ζουσιν.

1891 4648 2127 4705 ἾΑΒΙΑΕ
2162 4649 2577 4708 LECTIONES.

674 4765 718 4796 “
760 4762 993 4832 Scrimg.
1032 4762 1182 4833 περίἶ
1216 4774 1366 4833 corr.
1396 4759 1588 4833 Steph.
1651 4762 1695 4794 “
1713 4760 1797 4817 Cf.
1830 4776 1997 4832 supra
2030 4761 2268 4820 Constit.
2305 4763 2444 4820 XVI.

570 4834 888 4899 Justiniani,
924 4831 1049 4898 125,
1083 4847 1135 4887 c.
1160 4831 1249 4886 20.

2538 4766 2583 4798 ⁸³
2610 4764 2786 4820 Malim
2820 4765 3101 4834 προϊοῦσα.
3180 4767 3224 4799 ⁸⁵
3262 4764 3425 4821 Forte
3451 4762 3537 4833 δή.
3635 4766 3679 4797 ⁸⁵
3708 4761 3840 4822 Nov.

2094 4974 2330 5032 ΝΟΤᾹΞ.

645 5114 856 5182 (81-82)
893 5112 1156 5169 Puhcrtas
1189 5114 1242 5166 in
1281 5112 1483 5183 nuptiis
1523 5112 1785 5167 definitur
1837 5127 1981 5169 anno
2009 5114 2075 5168 15
2101 5123 2155 5170 et

576 5185 643 5239 15
668 5200 775 5240 non
807 5184 1021 5249 allecto,
1053 5185 1146 5240 sed
1184 5184 1345 5253 plane
1370 5185 1587 5253 expleto
1620 5202 1633 5237 :
1685 5183 1825 5253 addc
1869 5183 2151 5239 Novellam

573 5256 870 5309 Justiniaui
907 5255 1031 5319 100,
1051 5252 1252 5324 capII,
1287 5255 1323 5308 ι.
1350 5252 1573 5308 unicum
1597 5253 1659 5308 C.
1688 5252 1898 5310 'I‘lieod.
1931 5253 2004 5324 De
2028 5254 2157 5309 Car-

579 5327 815 5380 buniano
866 5326 1072 5379 edicto.
1124 5323 1270 5380 Sane
1336 5332 1723 5379 testamentum
1766 5340 1930 5380 nemo
1975 5323 2155 5380 facere

582 5406 760 5464 potest
786 5395 893 5451 nisi
930 5396 993 5450 IIl
1020 5410 1163 5449 anno
1196 5396 1436 5465 expleto,
1492 5393 1595 5465 hoc
1650 5404 1756 5458 cst,
1797 5396 1864 5451 15
1913 5396 2149 5465 incepto.

576 5468 665 5521 55.
702 5466 814 5521 Ecl.
850 5467 903 5528 7,
935 5467 989 5530 5,
1014 5464 1405 5535 Harmendpul.
1438 5467 1490 5530 1,
1532 5464 1560 5536 §
1595 5466 1648 5519 5.

648 5536 1294 5607 (85-84jl1ypodiaconus
1319 5536 1492 5591 creari
1523 5544 1723 5607 potest,
1752 5540 1843 5607 qui
1876 5551 2143 5593 annorum

577 5617 661 5660 est
675 5608 767 5677 20,
786 5608 897 5661 dixi
919 5605 984 5662 ad
1001 5605 1205 5661 Novell.
1230 5606 1314 5672 16,
1333 5622 1497 5677 supra
1511 5605 1632 5663 cod.
1650 5605 1802 5665 Adde
1822 5608 2078 5665 Photium
2102 5607 2149 5671 1,

577 5676 790 5746 cau.r9,
824 5691 948 5730 can.
978 5678 1067 5741 15,
1094 5692 1217 5746 syn.
1248 5680 1302 5730 in
1336 5676 1548 5731 Trullo.

650 5745 761 5815 (35)
792 5748 851 5802 In
870 5746 1056 5800 'l‘rullo
1077 5745 1199 5804 can.
1225 5748 1314 5801 45.

2327 5116 2439 5185 (86)
2466 5112 2683 5170 Falsum
2709 5115 3087 5169 testimonium
3117 5116 3352 5170 dicentis
3379 5115 3685 5171 sacerdotis
3718 5127 3839 5185 po:-

2255 5203 2381 5241 nam
2442 5186 2699 5241 observa.
2755 5185 3046 5240 Dis-tinctio
3100 5201 3225 5240 can.
3277 5186 3347 5240 2.1
3396 5198 3600 5256 aposl.,
3633 5195 3687 5240 ct
3713 5185 3850 5239 Nov.

2255 5258 2379 5321 1‘25,
2410 5271 2460 5309 c.
2485 5256 2577 5321 20,
2618 5256 2953 5324 adhibetur;
3020 5273 3134 5311 non
3166 5258 3403 5326 quodvis
3444 5259 3515 5311 ob
3540 5256 3736 5311 falsum
3768 5265 3856 5326 te-

2256 5328 2579 5383 stimonium
2640 5329 2875 5382 clericos
2902 5328 3104 5395 privari
3160 5325 3449 5396 dignitate,
3486 5338 3545 5382 ut
3568 5342 3744 5383 canon
3780 5325 3855 5380 2-1

2256 5398 2449 5456 voluit.
2480 5413 2588 5453 non
2623 5399 2693 5451 ob
2724 5397 2921 5453 falsum
2947 5398 3322 5453 testimonium
3359 5398 3412 5452 in
3438 5398 3853 5465 criminalibuso.

2263 5480 2319 5523 ut
2345 5469 2399 5523 d.
2424 5467 2628 5524 Novell.
2686 5467 2939 5536 Pcrjurio
2992 5470 3177 5539 itaque
3211 5469 3329 5524 solo
3366 5469 3654 5539 privamur
3678 5468 3862 5539 digni-

2262 5547 2375 5593 tate
2405 5557 2418 5602 ;
2448 5555 2555 5594 non
2577 5539 2742 5594 modo
2783 5541 2921 5594 falso
2950 5540 3283 5594 testimonio.

2338 5610 2450 5680 (87)
2483 5609 2866 5682 θεσπίσματα,
2916 5610 3168 5682 intelligit
3218 5624 3487 5675 canones,
3522 5619 3579 5668 et
3627 5605 3859 5682 quidem

2266 5681 2336 5734 21
2376 5680 2810 5749 quiBahaumni
2849 5680 3041 5733 cstQS.

2344 5747 2454 5823 (8‘s)
2482 5747 2615 5805 Nov.
2658 5752 2779 5817 tes,
2804 5767 2852 5805 c.
2894 5752 2984 5807 eo.
