4062 6202
357 352 474 420 585·

1453 356 1816 423 ΝονΕιιΛζ
1851 357 2526 423 CONSTITUTIONES.

3509 369 3626 432 586‘

431 465 619 538 Ἡμεῖς
654 462 750 522 οὖν
801 468 1114 542 κελεύομεν,
1172 473 1267 528 τοῦ
1310 473 1928 550 ψευδομαρτυρήσαντος

2102 477 2210 535 Nos
2245 480 2408 550 igitur
2429 479 2710 550 iubemus,
2745 487 2800 533 ut
2821 479 2913 550 qui
2927 479 3099 549 jurali
3132 480 3331 536 falsum
3363 482 3614 538 testimo-

347 556 598 628 ἐνορκίου
649 558 957 629 γινομένου,
989 563 1098 616 εῐτε
1132 566 1472 635 χρηματικδν
1511 568 1573 619 τὸ
1598 567 1769 620 αἴτιον
1819 569 1929 622 εῖτε

350 647 783 720 ἐγκληματικὸν,
801 649 1182 722 καθαιρεῖσθαι
1206 654 1330 718 τοὺς
1353 655 1600 726 άνιέρους
1619 655 1930 728 ψευδομάρ-

349 759 544 814 τυρας,
580 742 630 795 εί
679 740 727 796 δ’
755 743 918 812 ὅρκος
956 743 1057 796 οὐκ
1123 743 1282 816 ὤφθη
1327 745 1390 799 τὸ
1427 745 1932 818 ψευδομαρτύρημα

353 833 697 906 συγκροτῶν,
737 834 1096 906 ἀφορίζεσθαι
1150 839 1250 908 μὲν
1304 838 1399 892 ἐπὶ
1452 840 1631 910 τρισὶν
1667 841 1931 904 ἐνιαυτοῖς

352 930 482 992 τοὺς
507 927 773 999 ἀληθείας
802 929 1094 1000 σεμνότητι
1117 929 1176 982 τὸ
1206 929 1402 998 ψεῦδος
1419 931 1636 985 ἐνδῦσαι
1665 949 1935 1004 πειρασα-

357 1020 553 1090 μένους
583 1019 696 1090 (τδν
725 1019 782 1074 δ’·
820 1020 1126 1091 άφορισμὸν
1153 1021 1310 1092 δῆλον
1344 1023 1427 1076 ὅτι
1459 1025 1846 1094 μοναστήριον,
1876 1026 1933 1077 ἐν

353 1106 398 1181 ᾧ
425 1112 610 1183 δεήσει
639 1110 837 1176 αὐτοὺς
876 1113 974 1178 σὺν
1019 1114 1240 1186 ἀκριϐεῖ
1278 1114 1527 1186 πολιτείᾳ
1555 1115 1786 1185 διάγειν,
1831 1118 1932 1186 ἐμ-

354 1200 802 1273 πιστευθήσεται)
827 1219 839 1234 ο
886 1204 980 1257 καὶ
1009 1203 1111 1274 τῆς
1141 1205 1235 1258 ἐπὶ
1263 1205 1342 1277 τῷ
1373 1205 1734 1276 ἁμαρτήματι
1765 1223 1934 1280 προσ-

353 1295 598 1367 ηκούσης
629 1295 917 1365 μετανοίας
949 1298 1326 1370 γεγενημένης
1350 1299 1428 1364 είς
1452 1298 1552 1371 τὴν
1577 1300 1782 1355 οἰκείαν
1836 1301 1933 1355 aia.-

355 1388 484 1452 τοὺς
513 1386 669 1451 τάξιν
699 1387 1194 1444 ἀποκαθίστασθαι.

867 1478 1181 1536 ΔΙΔΤΑΞΙΣ
1214 1484 1312 1538 02"
1335 1483 1399 1541 “.

771 1566 920 1639 ’Περὶ
945 1574 1443 1644 πλαστογραφίας
1466 1577 1530 1631 ⁸⁷.

442 1661 500 1714 '0
530 1659 692 1724 αὐτὸς
718 1660 972 1731 βασιλεὺς
992 1663 1264 1735 Στυλιανῷ
1278 1665 1357 1736 τῷ
1386 1667 1556 1738 αὐτῷ.

441 1752 531 1806 Ἐν
586 1751 802 1816 πολλοῖς
862 1753 962 1824 μὲν
999 1757 1094 1809 καὶ
1125 1756 1326 1823 ἄλλοις,
1380 1758 1614 1830 μάλιστα
1667 1760 1726 1814 δὲ
1764 1761 1821 1812 ἐν
1855 1759 1933 1830 τῷ

362 1844 577 1928 νομίμῳ
605 1843 792 1915 ἐδάφει
821 1845 922 1898 οὐκ
947 1845 1280 1916 ἀνέγκλητον
1307 1850 1342 1921 ή
1371 1850 1627 1921 ἀσάφεια.
1663 1852 1755 1904 Δεῖ
1795 1851 1925 1922 γὰρ,

359 1930 534 2007 οἶμαι,
577 1937 629 1991 ετ
658 1953 760 1990 που
814 1936 910 1990 καὶ
940 1936 1122 1992 ἄλλοθί
1154 1957 1280 2005 που,
1334 1943 1553 2008 σκολιᾶς
1593 1943 1932 2007 διαπλάσεως

359 2028 611 2099 ἀμοιρεῖν
639 2027 732 2082 τὸν
756 2028 915 2099 λόγον
942 2029 1039 2085 καὶ
1074 2031 1209 2102 πρὸς
1233 2031 1294 2087 τὺ
1332 2033 1461 2088 εὐθὺ
1511 2034 1933 2106 ἐναρμόζεσθαι.

361 2118 438 2172 Οὐ
465 2121 573 2190 γάρ
599 2120 870 2192 μυστήρια
898 2119 991 2174 τοῦ
1033 2121 1202 2192 νόμου
1247 2125 1314 2177 τά
1344 2124 1568 2195 θέσμια,
1609 2124 1749 2178 ὥστε
1800 2124 1933 2178 ἀνα-

361 2211 558 2280 χωρεῖν
590 2208 729 2264 αὐτὰ
747 2211 845 2280 τῆς
861 2211 971 2263 τῶν
999 2211 1212 2266 πολλῶν
1242 2213 1624 2285 καταλήψεως,
1653 2214 1767 2268 ἀλλ’
1793 2213 1847 2266 εἴ
1871 2231 1937 2281 γε

360 2296 472 2355 οἷόν
497 2319 558 2354 τε
579 2296 666 2373 ἦν,
693 2302 860 2374 ἐχρῆν
887 2303 1095 2374 μηδένα
1122 2304 1406 2360 λανθάνειν
1426 2306 1619 2373 ταῦτα,
1647 2305 1722 2378 μὴ
1742 2306 1934 2376 ἄνδρα,

365 2395 441 2468 μὴ
479 2396 668 2462 παῖδα,
701 2394 777 2466 μὴ
799 2395 1044 2464 γύναιον,
1074 2396 1150 2460 ὡς
1187 2396 1426 2466 μάλιστα
1474 2397 1667 2451 τούτου
1696 2400 1765 2468 τῇ
1799 2396 1934 2468 πρὸς

361 2489 423 2541 τὸ
469 2487 694 2558 ἄμεινον
723 2487 833 2540 τῶν
862 2485 1168 2559 ἀνθρώπων
1226 2489 1418 2561 ἀγωγῇ
1450 2489 1544 2542 καί
1576 2491 1644 2560 τῇ
1690 2488 1784 2542 τοῦ
1818 2488 1934 2560 βίου

362 2578 668 2651 λυσιτελείᾳ
698 2577 1283 2649 συνεπιλαμϐάνοντος.
1322 2577 1422 2632 Διὰ
1461 2577 1621 2632 τοῦτο
1656 2579 1785 2650 ἡμῖν
1817 2580 1936 2632 κατ’

361 2673 538 2725 ἐκεῖνο
576 2670 637 2724 τδ
675 2671 840 2742 μέρος
871 2671 916 2703 ⁸⁸
951 2670 1058 2724 τῶν
1089 2671 1342 2741 νομίμων
1390 2671 1721 2742 ἐπιστήσασι
1773 2688 1937 2740 κεφα-

362 2764 550 2830 λαίων,
582 2765 640 2818 ἐν
678 2760 723 2832 ᾧ
751 2750 962 2830 λέξεσιν
992 2764 1206 2829 αὐταῖς,
1243 2762 1434 2835 ὥσπερ
1471 2765 1558 2818 ἐπ’
1591 2763 1740 2836 αὐτῷ
1763 2764 1944 2835 τούτῳ-

364 2855 459 2912 τοῦ
477 2856 769 2928 νομοθέτου
798 2854 982 2910 λαθεῖν
1013 2855 1305 2928 ζητοῦντος
1334 2856 1362 2910 ὅ
1391 2873 1442 2910 τι
1473 2855 1566 2911 καὶ
1602 2845 1773 2924 λέγοι,
1795 2855 1938 2909 οὕτω

365 2949 696 3020 διείληπταν
737 2950 766 3003 ὁ
800 2948 1220 3018 πλαστογράφος
1247 2949 1340 3001 ἐπὶ
1391 2947 1638 3020 μεγίστῳ
1687 2947 1938 3018 ἁμαρτή-

369 3056 498 3111 ματι
522 3039 920 3110 ἀποτέμνεται·
945 3038 1136 3092 τούτου
1157 3037 1222 3109 δή
1252 3038 1345 3091 τοῦ
1377 3039 1634 3109 μεγίστου
1685 3038 1936 3109 ἀμαρτή-
1963 3086 2009 3148 c

370 3149 557 3204 ματος,
612 3131 793 3186 ὁποῖόν
848 3137 980 3184 ποτε
1028 3131 1125 3185 καὶ
1183 3130 1491 3200 ὑπείληφεν
1545 3132 1574 3185 ὁ
1633 3130 1938 3202 νομοθέτης

367 3223 500 3280 αὐτὸ
530 3223 598 3291 ⁸³,
637 3222 836 3294 ἀδήλου
863 3221 1016 3287 ὄντος
1063 3222 1157 3276 καὶ
1184 3222 1320 3293 πρὸς
1358 3222 1419 3276 τὸ
1469 3224 1720 3294 ἀόριστον
1743 3221 1943 3277 ἀποτέ-

372 3332 594 3387 μνοντος
647 3315 741 3370 τὸν
769 3314 922 3369 νοῦν⁹
978 3315 1293 3386 συνείδομεν
1323 3316 1480 3370 αὐτοὶ
1511 3315 1660 3387 σαφῆ
1694 3333 1819 3371 τινα
1848 3315 1942 3371 καὶ

367 3406 680 3480 ὡρισμένην
706 3406 785 3479 τῷ
803 3406 949 3479 λόγῳ
971 3406 1154 3461 δοῦναι
1189 3406 1394 3478 χώραν.

435 3585 775 3657 Θεσπίζομεν
828 3585 881 3619 ⁸⁸
908 3585 1088 3639 τοίνυν
1121 3585 1214 3639 τὸν
1274 3583 1500 3639 τοιαῦτά
1553 3600 1678 3640 τινα
1711 3584 1943 3637 πλαστο-

367 3681 750 3751 γραφήσαντα,
771 3678 839 3733 δι’
854 3672 939 3734 ’ὧν
963 3678 1026 3732 τὸ
1056 3677 1544 3748 πλαστογράφημα
1601 3677 1756 3747 ίσχὺν
1797 3674 1940 3746 λαμ-

371 3773 523 3830 6άνει
572 3773 788 3844 θανάτῳ
821 3770 1056 3840 ὑπάγειν
1084 3770 1174 3824 τὸν
1223 3770 1268 3802 “
1306 3768 1428 3825 καθ’
1487 3762 1548 3823 οὗ
1576 3767 1940 3838 συνεπλάσθη,

371 3868 532 3922 αὐτὸν
566 3865 994 3939 παραδιδόμενον
1015 3865 1062 3897 ⁸³
1094 3866 1162 3936 τῇ
1189 3862 1455 3935 τιμωρίᾳ,
1487 3862 1556 3933 ἢν
1592 3860 1716 3916 καθ’
1752 3860 1940 3932 ἐτέρου

371 3955 640 4025 ἐσκέψατο
666 3953 1115 4025 παλαμήσασθαι,
1145 3950 1569 4022 ἀποτέμνεσθαι.

910 4044 1220 4099 Δ1ΔΤΑΞ1Σ
1255 4041 1383 4100 ΟΗ’.

375 4138 510 4208 Περὶ
541 4137 648 4193 τοῦ
692 4136 1031 4208 ἀθετεῖσθαι
1065 4137 1175 4208 τὸ)ρ
1209 4134 1534 4208 εἰσάγοντα
1580 4135 1768 4205 νόμον
1793 4134 1943 4204 πρὸς

718 4207 1080 4279 νομοθεσίαν
1093 4205 1208 4274 τὴν
1223 4207 1590 4276 σύγκλητον.

455 4301 516 4355 '0
547 4299 708 4363 αὐτὸς
735 4299 989 4370 βασιλεὺς
1017 4297 1292 4368 Στυλιανῷ
1321 4297 1400 4370 τῷ
1421 4297 1590 4369 αὐτῷ.

2035 571 2211 634 nium,
2243 573 2357 624 sive
2387 571 2441 624 in
2468 584 2634 625 causa
2687 569 2981 636 criminali,
3027 571 3068 626 si
3084 586 3143 625 re
3172 572 3486 640 pecuniaria
3525 580 3617 628 tu-

2034 661 2218 726 lerint,
2243 660 2456 730 profani
2491 661 2565 714 illi
2607 675 2636 714 a
2673 661 2982 716 sacerdotio
3023 662 3396 732 abspcllantur
3431 685 3442 718 :
3480 673 3534 718 at
3568 666 3613 720 si

2034 750 2100 803 ad
2124 748 2318 803 falsum
2351 750 2724 806 testimonium
2745 750 3132 821 jusjurandum
3158 765 3268 807 non‘
3296 757 3612 820 accesserit,

2033 842 2128 911 qui
2159 840 2356 896 falsum
2385 843 2632 899 veritatis
2696 844 2876 913 specie
2907 845 3161 917 obtegere
3214 847 3397 901 conati
3463 859 3612 913 sunt,

2035 932 2090 986 in
2125 932 2425 988 triennium
2474 932 2588 1004 (89)
2643 935 2954 1008 relegentur
3008 936 3306 1007 (relegandi
3346 947 3525 993 autem
3557 940 3613 994 in

2034 1023 2427 1079 monasterium
2482 1025 2702 1096 aliquod
2734 1037 2917 1094 erunt,
2955 1029 3045 1083 ubi
3080 1029 3200 1085 illos
3225 1031 3291 1085 ad
3321 1034 3618 1088 aretiorem

2035 1116 2158 1171 siue
2187 1117 2475 1186 quamdam
2504 1133 2750 1174 normam
2772 1121 2955 1176 vivere
2976 1121 3295 1192 oportebit),
3320 1124 3635 1195 delictique

2034 1207 2378 1264 eonvenienti
2425 1211 2746 1279 paenitentia
2787 1211 2952 1279 facta,
2999 1213 3052 1268 in
3107 1215 3400 1284 pristinum
3452 1231 3631 1272 suum.

2037 1299 2404 1355 restituantur
2427 1309 2656 1374 statum.

2447 1480 2916 1540 CONSTITUTIO
2944 1483 3202 1540 LXXVII.

2425 1574 2499 1629 De
2527 1574 2874 1642 falsariorum
2907 1593 3059 1646 pwna
3089 1580 3222 1650 (90).

2107 1663 2251 1719 idem
2283 1665 2582 1734 imperator
2609 1667 2784 1722 eidem
2815 1667 3084 1739 Styliano.

2105 1758 2242 1813 Cum
2269 1757 2324 1812 in
2351 1758 2628 1830 plerisque
2684 1759 2829 1823 aliis,
2864 1768 2977 1830 tum
3035 1761 3305 1832 prmcipnc
3350 1763 3401 1817 in
3435 1764 3614 1835 legum

2035 1848 2362 1905 tractatibus
2422 1849 2868 1934 reprehendenda
2929 1850 3240 1910 obscuritas
3306 1861 3410 1908 est.
3479 1853 3613 1907 Nam

2035 1945 2209 2002 sicubi
2239 1931 2394 2011 alibi,
2431 1945 2544 1999 illic
2561 1955 2708 2000 certe
2738 1931 2970 2000 distorto
3001 1946 3370 2016 intricatoque
3395 1946 3613 2002 dicendi

2035 2050 2232 2106 genere
2271 2049 2485 2100 vacare,
2518 2045 2775 2105 recteque
2808 2019 3092 2090 informari
3120 2037 3370 2095 oratione
3397 2039 3476 2108 (ni
3511 2037 3614 2091 fal-

2035 2123 2140 2196 lor)
2171 2132 2384 2190 oportet
2417 2141 2431 2177 :
2459 2139 2568 2178 non
2590 2123 2736 2178 enim
2766 2137 2984 2178 arcanae
3017 2125 3265 2193 quardam
3297 2126 3617 2182 sanctiones

2035 2217 2171 2288 legis
2197 2225 2346 2283 sunt,
2373 2223 2432 2269 ut
2473 2231 2501 2270 a
2527 2217 2893 2272 midtitudinis
2923 2217 3202 2272 intellectu
3241 2226 3463 2274 remota)
3492 2235 3614 2275 esse

2035 2309 2268 2364 debeant
2301 2326 2314 2364 :
2345 2309 2436 2363 sed
2471 2309 2673 2379 potius,
2703 2309 2747 2362 si
2777 2309 2889 2364 ﬁeri
2958 2321 3163 2379 posset,
3203 2311 3474 2365 neminem
3520 2311 3613 2365 illa

2037 2399 2244 2471 (91-92)
2286 2399 2470 2465 latere,
2507 2414 2683 2470 neque
2724 2403 2924 2464 virum,
2976 2417 3151 2471 neque
3170 2417 3616 2472 pnerum,neque

2037 2491 2320 2547 mulierem
2345 2491 2653 2563 oportebat.
2707 2492 2920 2563 Quippe
2963 2491 3108 2563 quod
3139 2494 3192 2548 id
3225 2494 3292 2549 ad
3327 2495 3615 2550 hominum

2038 2597 2219 2638 mores
2250 2582 2303 2636 in
2333 2583 2527 2637 melius
2558 2584 2978 2649 convertendos,
3039 2587 3458 2655 communisque
3490 2586 3613 2641 vitm

2039 2673 2302 2731 utilitates
2326 2674 2410 2730 vel
2440 2675 2674 2729 maxime
2697 2675 3050 2730 conduceret.
3079 2676 3161 2731 0b
3193 2676 3246 2731 id
3272 2693 3392 2732 cum
3417 2679 3481 2732 ad
3507 2677 3615 2732 dif-

2041 2766 2237 2822 ficilem
2285 2767 2437 2821 illum
2489 2766 2744 2838 legalium
2776 2767 3022 2838 capitum
3046 2768 3228 2823 locum
3266 2769 3616 2825 substitisse-

2039 2873 2184 2925 mus,
2233 2859 2324 2914 ubi
2374 2859 2506 2930 ipsis
2564 2859 2769 2926 verbis,
2795 2861 2952 2930 quasi
2993 2859 3273 2931 legislator
3303 2860 3359 2915 in
3389 2876 3455 2916 eo
3479 2860 3612 2930 quid

2040 2951 2247 3008 diceret
2312 2951 2592 3007 occultare
2667 2951 2930 3006 voluisset
3003 2952 3079 3005 ita
3159 2953 3618 3022 comprehensum

2040 3052 2126 3101 est
2154 3062 2169 3099 :
2205 3042 2491 3099 Falsarius
2517 3046 2575 3098 in
2599 3046 2834 3098 maxime
2861 3043 3053 3099 delicto
3093 3043 3349 3112 supplicio
3404 3045 3624 3113 capitali

2046 3135 2272 3205 (inicitur
2299 3150 2318 3189 :
2347 3148 2476 3188 cum
2514 3133 2676 3202 quale
2745 3133 2965 3188 tandem
3001 3132 3302 3186 maximum
3325 3133 3458 3186 illud
3484 3132 3623 3187 deli-

2045 3235 2192 3281 ctum
2215 3239 2338 3282 esse
2363 3224 2645 3295 legislator
2680 3225 2798 3294 ipse
2843 3221 3199 3286 existimarit,
3226 3236 3335 3276 non
3383 3229 3622 3285 constet,

2047 3317 2247 3388 illeque
2276 3317 2396 3386 ejus
2435 3317 2514 3372 rei
2549 3317 2885 3372 intellectum
2943 3331 3064 3369 non.
3101 3313 3392 3369 deﬁnitum
3423 3313 3617 3384 praeci-

2045 3409 2139 3465 dat
2165 3409 2490 3476 {evidenter
2507 3417 2560 3464 et
2575 3408 2798 3464 deﬁnite
2818 3407 2966 3461 illam
2998 3407 3303 3462 orationem
3331 3407 3626 3478 explanare

2045 3500 2208 3556 nobis
2232 3499 2410 3556 visum
2443 3500 2567 3553 fuit.

2117 3589 2407 3646 Sancimus
2429 3590 2616 3661 igitur,
2650 3599 2710 3644 ut
2742 3590 2788 3646 si
2818 3589 3129 3646 istiusmodi
3166 3590 3416 3662 quazdam
3450 3590 3621 3646 falsa--

2045 3684 2164 3740 rius
2187 3682 2602 3754 conscripserit,
2625 3697 2692 3738 ex
2725 3682 2837 3754 (95)
2867 3685 3068 3755 quibus
3097 3685 3142 3741 is
3169 3685 3434 3740 adversus
3463 3701 3624 3755 quem

2046 3776 2245 3834 l‘alsum
2297 3775 2562 3845 scriptum
2610 3775 3001 3832 concinnatum
3047 3785 3154 3845 est,
3200 3777 3395 3834 mortis
3451 3792 3626 3848 poena:

2046 3867 2421 3938 subjiciendus
2477 3868 2550 3923 sit
2587 3886 2600 3922 :
2643 3867 2762 3938 ipse
2813 3869 3070 3924 falsarius
3117 3884 3292 3940 parua:
3337 3885 3502 3940 quam
3571 3869 3624 3924 in

2048 3958 2212 4014 alium
2239 3958 2545 4014 machinari
2575 3958 2852 4029 cogitarit,
2883 3959 3122 4015 traditus
3153 3960 3480 4016 decolletur.

2432 4049 2895 4109 CONSTITUTIO
2951 4049 3233 4109 LXXVIII.

2261 4144 2343 4201 Ne
2365 4145 2593 4215 amplius
2627 4145 3090 4201 senatusconsulta
3111 4146 3244 4216 ﬁant
3279 4147 3414 4219 (94.).

2123 4299 2268 4356 Idem
2299 4300 2599 4371 imperator
2628 4299 2803 4354 eidem
2841 4297 3109 4368 Styliano.

447 4393 657 4463 Ὥσπερ
696 4393 793 4446 καὶ
845 4389 1169 4461 ἐφ’ἐτέρων
1217 4384 1292 4446 ὧν
1330 4390 1405 4462 μὴ
1444 4390 1583 4462 πρὸς
1638 4389 1830 4462 χρείαν
1878 4389 1938 4445 τὰ

2121 4389 2588 4457 Quemadmodum
2623 4400 2676 4445 et
2707 4391 2762 4445 in
2790 4392 2914 4446 aliis
2970 4391 3204 4459 legibus,
3230 4409 3352 4462 qua:
3381 4393 3448 4448 ad
3468 4409 3625 4450 com-

378 4485 676 4556 πράγματα
689 4484 984 4539 καθίστατο
999 4483 1180 4554 νόμων
1193 4483 1240 4516 ⁸⁸
1269 4481 1532 4553 ὤφθημεν
1561 4480 1940 4552 πεποιηκότες,

375 4576 620 4631 τουτέστι
647 4575 742 4631 τοῦ
775 4574 1006 4648 νομίμου
1038 4575 1269 4645 ἐδάφους
1317 4573 1379 4627 τὸ
1411 4575 1665 4647 περιττὸν
1720 4574 1943 4640 ὑπεξαιο

2052 4497 2270 4538 munem
2303 4498 2482 4538 rerum
2512 4499 2671 4538 usum
2742 4483 2876 4538 nihil
2908 4483 3245 4551 conferrent,
3281 4486 3535 4553 fecimus,
3567 4495 3625 4542 ut

2051 4587 2143 4631 cas
2175 4581 2433 4643 tanquam
2490 4589 2977 4645 supervacanease
3017 4576 3194 4646 legum
3236 4593 3466 4649 corpore
3496 4579 3626 4635 sub-

1634 4713 1873 4770 VARIIE
1911 4712 2317 4772 LECTIONES.

447 4834 493 4904 δί’
519 4833 632 4890 Ecl.
663 4831 799 4889 Nov.
833 4833 942 4904 59.7
972 4833 1016 4866 ⁸⁷
1045 4832 1340 4904 Rubricam
1373 4833 1546 4904 Codd.
1580 4849 1689 4890 non
1741 4834 1944 4904 habent
1999 4831 2300 4904 supplenda
2321 4847 2387 4904 eg
2413 4829 2632 4904 Eeloga.

2740 4831 2783 4864 ⁸⁸
2800 4829 3219 4901 Οηιιιοεμβάρος,
3279 4829 3423 4901 quod
3455 4827 3626 4901 ‘male.

377 4903 423 4936 "
460 4903 536 4959 lta
562 4905 754 4975 Zuicli.
791 4913 846 4975 et
897 4901 1389 4975 bleerm._Scrim_g.
1419 4903 1601 4969 αὑτός.
1679 4905 1724 4938 ⁵ο
1747 4904 1860 4961 Inc.
1894 4897 2122 4975 Eclogai
2191 4903 2235 4935 "
2266 4901 2322 4956 ln
2353 4899 2518 4957 Basil.
2548 4897 2641 4956 τὸν
2668 4899 2842 4957 deest.
2918 4901 2965 4933 ⁵⁸
2992 4897 3117 4956 εει.
3147 4897 3627 4969 παραδίδοσθαι-

376 4975 472 5029 καὶ
494 4973 912 5046 ἀποτέμνεσθαι.
973 4974 1020 5006 ⁸³
1037 4972 1210 5030 Codd.
1246 4972 1478 5028 καθίστα
1494 4975 1586 5028 τὸν
1606 4976 1792 5046 νόμον.

1877 5117 2088 5175 NOTAE
2102 5161 2114 5174 .

449 5237 561 5308 (89)
582 5237 788 5308 Sjmilis
805 5247 890 5296 est
925 5253 1085 5308 paena
1113 5239 1167 5294 in
1201 5237 1337 5296 Nov.
1373 5238 1465 5301 85,
1492 5237 1546 5292 in
1572 5236 1666 5292 tln.

448 5305 560 5380 (90)
592 5306 733 5365 Falsi
759 5305 966 5380 crimen
993 5325 1103 5365 non
1149 5323 1365 5380 semper
1391 5315 1476 5380 est
1497 5305 1767 5380 capitale;
1788 5314 1842 5380 e_t
1864 5305 1940 5380 ita

377 5375 729 5450 abrogaturl.
752 5379 844 5443 22,
880 5381 934 5435 in
969 5381 1060 5435 lin.
1102 5381 1163 5436 C.
1199 5375 1451 5450 De’l‘alsis
1477 5375 1764 5450 ;_l.'ing_lin_._
1791 5375 1946 5450 [bile

377 5444 552 5530 falsis.
582 5449 721 5506 adde
761 5466 885 5520 quae
909 5451 1021 5507 dixi
1045 5450 1112 5507 ad
1138 5451 1176 5505 Ι.
1216 5448 1270 5518 1,
1296 5450 1332 5504 l.
1359 5448 1412 5514 5,
1442 5449 1477 5502 l.
1503 5447 1594 5512 22,
1634 5447 1698 5503 (Ξ.
1732 5444 1808 5501 De
1840 5447 1946 5500 fal-

376 5536 474 5575 SIS.

447 5591 657 5662 (lli-92)
689 5589 750 5647 L.
789 5591 837 5658 9,
865 5590 926 5647 C.
964 5590 1038 5648 De
1065 5591 1230 5658 legib.

449 5658 564 5731 (95)
586 5658 872 5732 Dcponcns
900 5661 1096 5718 falsum
1122 5663 1178 5717 in
1199 5675 1363 5732 causa
1416 5658 1660 5732 capitali,
1693 5659 1946 5731 capitali-

375 5737 459 5785 ter
490 5731 725 5798 punitur.
751 5733 948 5788 Clarus
981 5733 1207 5803 3,7scnt.
1235 5731 1263 5803 §
1298 5731 1499 5803 falsum
1518 5731 1573 5803 4,
1613 5745 1663 5785 ν.
1693 5747 1763 5803 ex
1793 5745 1946 5784 com-

380 5803 532 5858 muni
567 5804 823 5874 opinione
854 5803 1020 5861 refert
1045 5799 1642 5860 falsuuftestimoniuut
1677 5799 1944 5857 dicentem

2047 5237 2198 5304 dolo,
2227 5233 2405 5306 capite
2439 5235 2654 5305 puniri;
2700 5233 2769 5288 ad
2796 5233 2885 5306 sui
2909 5231 3282 5306 defensionem
3341 5232 3630 5306 arbitraria

2051 5303 2235 5379 pinna
2258 5303 2343 5379 vel
2397 5303 2786 5379 publicatione‘
2819 5305 3087 5379 bonorum
3121 5313 3176 5360 et
3229 5303 3630 5379 deportatione,

2051 5373 2148 5434 seu
2171 5376 2239 5431 ad
2266 5373 2520 5431 triremes
2549 5375 2928 5442 damnatione;
2985 5375 3038 5428 in
3075 5373 3406 5444 pecuniariis
3427 5373 3631 5444 causis,

2052 5449 2373 5518 plerumque
2426 5446 2780 5518 rcoliuguam
2837 5443 3145 5518 amptttaji,
3173 5453 3268 5498 aut
3289 5459 3441 5499 reum
3475 5443 3630 5518 fusti-

2053 5514 2168 5589 gari
2204 5533 2219 5581 ;
2250 5514 2368 5640 Ivilli.
2418 5515 2671 5571 emudem
2699 5514 2794 5570 ibi.
2849 5514 2995 5573 vers.
3043 5514 3148 5572 Sed
3180 5530 3368 5585 quer
3413 5529 3531 5584 qua:
3562 5515 3628 5569 sit

2056 5601 2213 5640 mena
2272 5602 2298 5640 a
2326 5602 2394 5640 SI.

2091 5601 2213 5643 mna
2250 5601 2394 5642 lalSI.

2055 5603 2213 5660 paena
2250 5603 2394 5642 tam.

2127 5656 2238 5728 (94)
2295 5656 2786 5728 Senatusconsulta
2837 5656 2954 5711 lleri
3011 5655 3416 5728 prohibentur:
3449 5661 3508 5728 et
3556 5655 3629 5706 ita

2055 5725 2350 5852 abrogatur
2384 5727 2468 5783 tit.
2493 5725 2554 5782 C.
2596 5727 2668 5786 De
2702 5737 2981 5785 senatusc.
3009 5729 3046 5784 l.
3073 5726 3129 5805 9,¹
3177 5729 3231 5785 tl.
3272 5728 3348 5784 De
3379 5725 3630 5798 lcgib.,et

2055 5815 2180 5852 sena
2212 5813 2328 5852 use.

2055 5813 2328 5857 δεηιιιιιεε.
