4062 6202
483 334 593 402 587

1752 334 2026 395 LEONIS
2064 334 2194 394 ΡΗΙ
2207 333 2527 395 LOSOPHI

3651 339 3762 401 588

481 452 853 506 duceremus:
888 447 962 501 ita
997 447 1085 502 hic
1119 461 1342 519 quoque
1396 447 1677 514 facientes,
1736 466 1854 501 eam
1907 450 2066 518 legem

2177 446 2420 518 ροῦντες,
2455 447 2597 499 οὕτω
2661 445 2939 499 κάνταῦθα
2979 446 3261 511 ποιοῦντες
3314 448 3402 502 τὸν
3464 448 3762 520 εἰσάγοντα

478 558 598 609 qua:
640 540 850 594 senatui
906 537 1256 593 ferendarum
1307 538 1485 609 legum
1538 548 1859 609 potestatem
1919 538 2071 603 facit,

478 631 825 702 legumquasi
853 630 1136 700 republica
1168 631 1382 686 secerni
1415 631 1717 687 sancimus.
1750 630 1907 698 Nam,
1942 646 2068 686 cum

480 739 547 778 ex
578 737 687 792 quo
725 723 1061 778 senatoriam
1123 722 1661 779 administrationem
1716 724 2069 794 imperatoria

480 814 744 883 majestas
774 814 875 869 sibi
907 814 1225 878 vindicavit,
1295 813 1541 869 inutilem
1596 815 1744 868 illam
1774 830 1898 872 esse
1921 814 2070 884 judi-

480 906 595 959 cari
636 905 872 959 debeat:
914 906 961 960 si
987 920 1108 959 cum
1150 905 1382 960 utilibus
1416 905 1868 977 conjungeretur,
1909 908 2070 961 etin-

480 1007 669 1067 eptum
700 1006 757 1053 et
784 1011 1185 1065 supervacuum
1211 1007 1379 1053 esset.

902 1084 1370 1142 CONSTITUTIO
1403 1087 1644 1141 LXXIX.

482 1177 559 1231 De
584 1178 697 1248 (95)
750 1195 901 1246 paena
955 1178 1270 1243 sacerdotis,
1330 1180 1544 1234 diaconi
1593 1190 1685 1232 aut
1745 1182 2067 1250 hypodiaco-

553 1250 768 1331 ni.(96),.
791 1250 836 1303 si
858 1258 977 1329 post
1013 1259 1342 1317 assumptum
1366 1250 1601 1304 ordinem
1632 1250 1840 1305 mulieri
1872 1253 1927 1304 in
1962 1270 2067 1307 ma-

553 1328 859 1373 trimonium
889 1328 1175 1388 jungatur.

551 1409 697 1466 ldem
728 1411 1029 1481 imperator
1051 1410 1227 1466 eidem
1263 1409 1536 1481 Styliano.

551 1502 683 1569 Quae
715 1502 883 1558 semel
914 1502 1024 1557 Deo
1070 1500 1319 1556 dedicata
1364 1512 1513 1567 sunt,
1556 1518 1616 1558 ea
1649 1503 1909 1575 deinceps
1967 1520 2065 1559 an-

481 1596 611 1651 ἴθι·ιοί
635 1610 744 1649 non
781 1602 1051 1665 Oportere,
1075 1595 1344 1649 sancitum
1378 1605 1462 1650 est
1499 1613 1510 1648 :
1550 1594 1714 1665 idque
1740 1611 1849 1652 non
1889 1598 2064 1653 solum

485 1691 540 1743 in
566 1687 833 1751 donariis,
864 1701 1051 1741 verum
1078 1686 1249 1741 multo
1280 1686 1442 1741 etiam
1470 1687 1715 1760 magisin
1754 1689 2066 1747 hominibus

2173 539 2335 607 νόμον
2393 539 2526 610 προς
2584 538 2903 608 νομοθεσίαν
2934 540 2981 570 ⁸⁸
3025 538 3125 610 τὴν
3176 539 3481 609 σύγκλητον
3546 546 3648 613 τῆς
3700 547 3765 598 ὲν

2171 631 2284 692 τοῖς
2312 630 2497 699 νόμοις
2522 629 2913 699 συμπολιτεὶας
2976 629 3303 699 θεσπίζομεν
3331 630 3708 701 διακρίνεσθαι
3747 653 3764 667 ο

2170 717 2279 770 τῶν
2312 719 2421 789 γὰρ
2453 720 2797 789 πραγμάτων
2824 720 3126 791 ἀχρηστίαν
3145 719 3309 773 αὑτοῦ
3346 724 3752 791 καταγνόντων,

2170 811 2229 875 ἐξ
2282 806 2342 865 οὗ
2375 812 2434 864 τὸ
2484 814 2528 845 ⁸⁵
2567 812 2835 883 μόναρχον
2874 812 3074 883 κράτος
3128 812 3226 882 τὴν
3283 814 3488 867 τούτων
3520 814 3766 885 ἀνῆπται

2168 904 2454 975 διοίκησιν,
2504 906 2598 957 καὶ
2630 906 2857 975 ἄκαιρον
2912 908 3006 959 καὶ
3054 906 3282 976 μάταιον
3336 906 3427 960 τὸν
3477 907 3753 978 ἄχρηστον

2174 996 2311 1064 μετὰ
2344 996 2449 1048 τῶν
2478 996 2669 1066 χρείαν
2704 997 3091 1066 παρεχομένων
3121 997 3530 1052 συντάττεσθαι.

2708 1089 3023 1142 ΔΙΑΤΛΞΙΣ
3065 1088 3184 1142 ΟΘ’.

2169 1180 2309 1246 Περὶ
2329 1180 2440 1247 τῆς
2462 1182 2636 1249 δίκης
2681 1181 2758 1249 ἢν
2826 1180 3057 1235 διδόναι
3107 1182 3223 1249 χρὴ
3269 1182 3760 1250 πρεσϐύτερον,ἣ

2239 1250 2665 1322 ὑποδιάκονον,
2704 1253 2856 1321 μετὰ
2883 1252 2996 1319 τὴν
3034 1252 3127 1305 ἐπ’
3168 1250 3331 1317 αὐτῷ
3370 1254 3759 1322 χειροθεσίαν

2240 1321 2480 1390 γυναικὶ
2511 1336 2672 1376 avra
2680 1322 2968 1391 φάμενον.

2252 1412 2311 1463 Ὀ
2341 1412 2502 1476 αὐτὸς
2536 1412 2789 1483 βασιλεὺς
2819 1413 3093 1484 Στυλιανῷ
3129 1413 3205 1484 τῷ
3236 1414 3402 1485 αὐτῷ.

2240 1503 2320 1559 Τὰ
2348 1504 2494 1571 ἆπαξ
2555 1506 2949 1575 ἁνατεθειμένα
2984 1505 3061 1576 τῷ
3112 1506 3232 1575 Θεῷ
3268 1504 3610 1578 ἀναφαίρετα
3648 1505 3757 1559 δεῖν

2168 1591 2306 1650 εἶναι
2364 1596 2713 1651 τεθέσπισται
2746 1599 2811 1662 ⁵⁸,
2849 1599 2943 1651 καὶ
3000 1598 3159 1651 τοῦτο
3216 1599 3277 1651 οὐ
3329 1598 3488 1668 μόνον
3517 1597 3611 1650 ἐπὶ
3640 1614 3757 1651 κει-

2171 1685 2376 1755 μηλίων
2399 1686 2822 1758 ἀνιερουμὲνων,
2846 1688 2981 1742 ἀλλὰ
3017 1687 3151 1740 πολύ
3195 1704 3259 1755 γε
3288 1688 3383 1741 καὶ
3432 1686 3633 1756 μᾶλλον
3666 1686 3756 1740 ἐπ’

479 1779 572 1849 qui
606 1793 702 1849 per
741 1792 959 1833 sacrum
989 1776 1237 1832 ordinem
1295 1777 1494 1833 divinm
1548 1780 1823 1850 majestati
1863 1797 2061 1839 conse-

2168 1778 2487 1850 ἀνθρώπων,
2524 1775 2605 1843 οἷς
2633 1780 2723 1834 διὰ
2762 1780 2856 1834 τοῦ
2891 1781 3095 1852 κλήρου
3141 1780 3503 1851 προσγένηται
3558 1782 3592 1851 ἡ
3620 1782 3759 1852 πρὸς

479 1872 618 1926 crati
683 1880 829 1938 sunt,
877 1870 1405 1926 observandum-est
1439 1891 1451 1926 :
1487 1874 1705 1928 tametsi
1768 1873 1851 1937 (ut
1908 1877 2061 1931 multi

479 1973 609 2046 sunt
649 1964 931 2020 hominum
993 1964 1260 2035 lapsus)e
1291 1975 1434 2021 statu
1476 1966 1529 2021 in
1581 1982 1743 2037 quem
1806 1976 2063 2039 tanquam

480 2061 709 2113 honeste
731 2057 955 2122 victuri,
981 2058 1159 2112 allecti
1206 2067 1386 2124 erant,
1416 2067 1700 2129 peccatum
1735 2059 1978 2116 dominio
2012 2063 2064 2116 in

479 2152 630 2220 ipsos
653 2156 933 2218 suscepto,
963 2148 1234 2204 cxturbet.

550 2240 667 2295 Non
692 2240 1062 2311 approbantes
1095 2242 1261 2313 igitur
1320 2242 1519 2298 veteris
1555 2244 1667 2314 (97)
1726 2244 2062 2315 legislatoris

478 2333 842 2403 propositum,
879 2335 970 2404 qui
1007 2334 1372 2400 sacerdotem,
1407 2336 1698 2391 diaconum
1758 2346 1852 2392 aut
1901 2338 2069 2408 hypo-

477 2428 795 2492 diaconum,
819 2427 864 2481 si
890 2435 1015 2497 post
1075 2439 1416 2497 assumptum
1472 2429 1719 2483 ordinem
1769 2430 1982 2484 mulieri
2012 2430 2066 2484 in

478 2519 889 2574 matrimonium
939 2519 1224 2588 jungatur,
1285 2521 1512 2575 omnino
1537 2536 1566 2574 a
1599 2521 1841 2577 clericali
1878 2522 2066 2577 habitu

479 2610 787 2675 discedere,
826 2618 991 2679 atque
1037 2610 1103 2665 ad
1140 2611 1425 2681 profanam
1462 2613 1629 2667 vitam
1680 2615 1880 2670 reverti
1908 2616 2064 2669 vult:

479 2700 613 2754 illud
638 2700 919 2754 decretum
952 2700 1167 2754 irritum
1204 2702 1461 2767 facimus,
1495 2718 1559 2757 ac
1584 2719 1714 2759 vero
1744 2706 2064 2774 statuimus,

478 2800 537 2844 ut
572 2790 636 2843 ab
660 2789 850 2846 ordine
872 2805 1034 2860 quem
1064 2800 1191 2847 ante
1220 2793 1443 2863 nuptias
1494 2794 1857 2863 obtinuerint,
1886 2798 2068 2853 solum

479 2881 819 2945 recedentes,
843 2880 981 2937 satis
1008 2889 1188 2937 tamen
1232 2899 1517 2954 pmnarum
1566 2884 1719 2941 luere
1752 2886 2065 2955 videantur,

478 2982 534 3030 et
553 2987 895 3044 nequaquam
925 2973 1165 3029 clericali
1223 2976 1412 3031 habitu
1437 2977 1654 3048 alioque
1679 2976 1938 3034 Ecclesiae
1965 2979 2069 3033 mi-

478 3068 728 3135 nisterio,
747 3065 907 3136 cujus
935 3066 1155 3138 quidem
1179 3084 1315 3125 usus
1348 3069 1574 3125 illicitus
1604 3086 1711 3127 non
1732 3080 1835 3137 est,
1860 3070 2069 3143 judicio

478 3159 782 3231 priventur.

911 3334 1383 3393 CONSTITUTIO
1418 3334 1630 3390 LXXX.

484 3429 552 3489 Ut
574 3448 824 3505 purpura:
892 3443 1173 3516 segmenta
1208 3431 1341 3516 (98)"
1367 3441 1417 3486 et
1435 3429 1732 3517 particula:
1756 3428 1809 3480 in
1836 3434 2063 3496 publicis

1014 3513 1369 3559 mercimoniis
1401 3513 1527 3559 sint.

550 3596 701 3653 Idem
734 3597 1031 3668 imperator
1060 3596 1235 3653 eidem
1264 3596 1529 3669 Styliano.

556 3685 711 3741 Haud
746 3688 861 3742 scio
918 3702 1026 3757 qua
1062 3687 1272 3742 ratione
1302 3688 1603 3757 superioris
1630 3691 1729 3744 aevi
1764 3691 2066 3759 imperato-

483 3792 596 3842 res,
620 3792 745 3832 cum
773 3778 875 3847 ipsi
900 3779 1001 3833 toti
1034 3793 1273 3848 purpura
1304 3778 1659 3845 vestirentur,
1695 3779 1916 3846 linducti
1944 3779 2063 3835 fue-

485 3870 616 3934 rint,
654 3870 734 3923 uti
786 3887 854 3925 ne
900 3872 1013 3941 (99)
1051 3886 1157 3941 qua
1216 3871 1441 3926 omnino
1485 3887 1739 3942 purpura:
1798 3872 2066 3943 particula

481 3961 933 4023 venumdaretur.
989 3969 1319 4025 statuerent,
1376 3977 1551 4032 neque
1598 3964 1855 4034 cuiquam
1904 3965 2065 4019 talem

480 4052 719 4108 colorem
768 4051 1007 4107 vendere
1062 4059 1156 4107 aut
1190 4067 1371 4108 emere
1412 4058 1805 4123 permitterent.
1835 4055 1912 4110 Ac
1936 4070 2071 4111 sane

482 4143 527 4196 si
589 4143 854 4215 integram
911 4145 1073 4200 telam
1125 4144 1313 4199 venire
1362 4145 1439 4199 illi
1489 4146 1922 4215 prohibuissent,
1964 4148 2070 4202 ali-

480 4249 645 4305 quam
697 4234 933 4293 fortasse
967 4236 1087 4308 ejus
1123 4234 1360 4290 faciendi
1389 4251 1499 4291 non
1525 4236 1757 4291 alienam
1802 4252 1831 4290 a
1855 4238 2070 4296 ratione

480 4327 829 4384 occasionem
905 4329 1164 4386 habuisse
1220 4328 1389 4385 videri
1456 4338 1681 4400 possent

2166 1872 2226 1923 τὸ
2267 1870 2420 1925 Θεῖον
2453 1871 2730 1936 ἀνάθεσις,
2785 1871 2889 1925 κᾶν
2927 1865 3037 1942 (οἷα
3087 1870 3258 1925 πολλὰ
3320 1870 3389 1924 τὰ
3434 1870 3758 1941 ἀνθρώπινα

2168 1962 2507 2031 πταίσματα)
2590 1966 2691 2033 τῆς
2753 1963 2998 2030 τάξεως,
3053 1966 3111 2017 ὲν
3245 1963 3567 2033 διαπρέπειν
3620 1981 3757 2017 κατ-

2167 2054 2575 2126 εκληρώθησαν,
2599 2058 2631 2127 ἡ
2664 2056 2920 2125 τύραννος
2934 2056 3127 2120 αὐτοὺς
3153 2055 3473 2126 ἐξωθήσοιεν
3490 2054 3755 2127 ἁμαρτία.

2240 2237 2353 2289 Οὐκ
2374 2236 2761 2307 ἀποδεχόμενοι
2790 2236 2881 2290 οὖν
2915 2236 3013 2305 τῆς
3060 2237 3431 2306 προαιρέσεως
3485 2237 3578 2289 τὸν
3645 2255 3761 2292 πα-

2169 2330 2317 2383 λαιὸν
2353 2330 2650 2401 νομοθέτην
2673 2331 2739 2396 ",
2776 2330 2834 2395 ὃς
2867 2330 3117 2401 βούλεται
3167 2331 3543 2401 πρεσόὑτερον
3571 2331 3604 2402 ἢ
3635 2331 3755 2385 διά-

2167 2423 2389 2492 κονονῆ
2436 2423 2787 2477 ὐποδιάκονον
2846 2423 2985 2494 μετὰ
3023 2425 3123 2492 τὴν
3175 2424 3275 2476 ἐπ’
3305 2424 3454 2494 αὑτῷ
3504 2425 3747 2495 χειροθε-

2173 2514 2291 2566 σίαν
2320 2513 2695 2583 συναψάμενον
2760 2515 2983 2583 γυναικὶ
3034 2516 3080 2547 ⁵⁸
3138 2515 3420 2578 παντελῶς
3470 2515 3563 2569 τοῦ
3618 2517 3749 2587 κληο

2173 2602 2327 2673 ρικοῦ
2357 2605 2401 2635 ⁸³
2420 2602 2807 2667 ὑπεξίστασθαι
2836 2604 3113 2674 σχήματος
3135 2603 3227 2657 καὶ
3261 2602 3398 2675 πρὸς
3434 2602 3525 2656 τὸν
3564 2603 3748 2657 λαῖκδν

2172 2695 2285 2765 βίον
2343 2694 2895 2766 ἐπαναστρέφεσθαι,
2957 2695 3273 2767 ἀποροῦμεν
3342 2696 3389 2727 ⁶⁰
3438 2696 3499 2748 τὸ
3554 2696 3749 2765 δόγμα,

2171 2784 2502 2854 θεσπίζομεν
2535 2785 2591 2837 δὲ
2623 2784 2758 2856 μόνῃ
2784 2786 2850 2855 τῇ
2880 2785 3229 2854 ὑποχωρήσει
3256 2786 3355 2855 τῆς
3401 2784 3631 2850 τάξεως,
3668 2782 3754 2852 ἐφ’

2179 2868 2215 2948 ᾖ
2252 2874 2358 2945 πρὸ
2389 2876 2482 2929 τοῦ
2513 2876 2690 2946 γάμου
2739 2875 3115 2949 ὲγνωρίζοντο,
3158 2875 3447 2946 ἀρκεῖσθαι
3480 2875 3579 2946 τὴν
3599 2874 3759 2945 δίκην

2170 2966 2373 3030 αὐτοῖς,
2402 2966 2497 3021 τοῦ
2542 2967 2597 3020 δὲ
2639 2966 2899 3039 κληρικοῦ
2964 2968 3246 3038 σχήματος
3285 2967 3381 3020 καλ⁵
3436 2967 3535 3035 τῆς
3586 2966 3759 3036 ἄλλης

2171 3062 2228 3114 ιν
2247 3062 2366 3125 ταῖς
2400 3060 2743 3131 Ἐκκλησίαις
2801 3060 3127 3131 ὑπηρεσίας,
3157 3054 3225 3131 ἦς
3264 3059 3601 3128 ἐφάπτεσθαι
3656 3061 3761 3113 οὐκ

2091 3136 2136 3197 C
2172 3153 2449 3225 ἀθέμιτον,
2484 3156 2559 3226 μὴ
2608 3155 2925 3212 παντάπασι
2975 3154 3073 3225 τὴν
3112 3152 3465 3223 ἀλλοτρίωσιν
3526 3151 3757 3206 καταδι-

2176 3244 2459 3308 κάζεσθαι.

2745 3338 3056 3393 ΔΙΑΤΑΞΙΣ
3109 3336 3188 3393 Π’.

2174 3430 2313 3500 Περὶ
2362 3430 2470 3485 τοῦ
2526 3430 2597 3483 τὰ
2636 3430 2902 3499 ἁλουργὰ
2938 3430 3089 3499 μέρη
3140 3430 3239 3483 καὶ
3302 3430 3577 3500 τμήματα
3654 3434 3755 3489 καὶ

2428 3500 2905 3569 ἁπεμπολεῖσοαι
2938 3501 3038 3553 καὶ
3090 3500 3497 3568 ἀγοράζεσθαι.

2256 3594 2316 3645 '0
2343 3592 2506 3655 αὐτὸς
2563 3591 2814 3661 βασιλεὺς
2858 3591 3132 3661 Στυλιανῷ
3163 3592 3242 3661 τῷ
3298 3594 3468 3664 αὐτῷ.

2244 3685 2360 3738 Οὐκ
2388 3679 2504 3738 οἶδα
2542 3685 2690 3747 ὅπως
2717 3686 2765 3737 οἱ
2804 3685 2916 3739 ἄνω
2963 3684 3056 3737 τοῦ
3094 3687 3288 3757 χρόνου
3324 3688 3422 3758 τὴν
3462 3688 3757 3759 ἁλουργίδα

2177 3776 2555 3846 στολισάμενοι
2581 3777 2983 3850 αὐτοκράτορες
3037 3782 3116 3844 εἰς
3160 3782 3219 3834 τὺ
3243 3780 3471 3836 τοιαῦτα
3532 3782 3758 3851 νομοθε-

2173 3870 2287 3921 τεῒν
2337 3869 2698 3940 κατέστησαν,
2731 3869 2873 3923 ὥστε
2922 3872 3188 3943 μηδαμῶς
3216 3874 3484 3945 ἁλουργόν
3511 3891 3563 3925 τι
3590 3873 3756 3943 μέρος

2172 3959 2328 4013 ὤνιον
2380 3961 2625 4029 γίνεσθαι
2668 3965 2804 4035 μήτε
2845 3967 3147 4037 συγχωρεῖν
3198 3981 3305 4018 τινι
3346 3964 3592 4019 τοιοῦτον
3659 3983 3758 4018 πι-

2173 4052 2491 4122 πράσκεινῆ
2516 4053 3059 4124 ὲξωνεῖσθαιχρῶμα.
3088 4055 3163 4109 Τὸ
3214 4055 3312 4126 μὲν
3336 4055 3443 4125 γὰρ
3458 4054 3651 4123 ὁλόκλη
3660 4071 3756 4124 ρον

2174 4142 2401 4214 ὕφασμα
2438 4146 2872 4215 ἁπεμπολεῖσθαι
2923 4148 3177 4213 κωλύειν,
3238 4148 3380 4217 τάχα
3423 4146 3578 4216 φέρει
3629 4146 3756 4199 τινὰ

2172 4239 2272 4291 οὐκ
2327 4239 2519 4306 ἄλογον
2573 4239 2615 4270 ⁸³
2673 4241 2944 4311 πρόφασιν
2995 4244 3073 4313 τῷ
3109 4239 3755 4312 νομοθετήματι,τμῆμα

1741 4349 1751 4384 :
1810 4341 1865 4385 at
1921 4332 2067 4403 quod
2105 4347 2149 4401 ι)
2177 4329 2233 4382 δὲ
2262 4332 2354 4384 καὶ
2380 4331 2537 4403 μερὶς
2563 4330 2798 4405 βραχεῖα
2836 4334 3107 4403 ὠφέλειάν
3137 4350 3259 4387 τινα
3297 4332 3393 4386 καὶ
3430 4331 3622 4402 χρείαν
3653 4330 3753 4400 οὐχ

1749 4510 1986 4567 VARIIE
2028 4509 2436 4569 LECTIONES.

556 4626 599 4699 ⁵)
631 4625 863 4699 Scrintg.
894 4627 1366 4699 _npo~20yoOeciav.
1431 4630 1749 4684 Emendavil
1776 4632 1967 4699 Steph.

2048 4631 2093 4663 ⁸³
2120 4632 2295 4704 Vulgo
2323 4636 2433 4688 τόν.

2517 4638 2562 4667 ⁸⁸
2601 4636 2745 4692 Bais.
2779 4636 3120 4690 καθίσταται.
3160 4668 3226 4677 -
3257 4636 3392 4691 Nov.
3428 4638 3550 4696 125.
3583 4653 3632 4692 c.
3659 4639 3749 4694 27.

562 4696 853 4778 Jn‘stjniaui
884 4697 935 4757 6.
1186 4697 1401 4778 “ﬁlials.
1441 4700 1779 4778 συναφθέντα
1806 4696 2317 4778 “sunanegam
2346 4709 2582 4778 γαμετῇ.
2661 4706 2885 4778 "Bais.
2915 4707 3158 4778 etBlast.
3187 4707 3281 4759 τοῦ
3315 4709 3554 4761 τοιούτου
3589 4709 3749 4773 ὑπεξ.

483 4768 640 4823 [laud
682 4768 883 4837 inepte.
957 4768 1001 4799 ⁶⁰
1030 4770 1105 4822 Ita
1140 4784 1202 4823 ex
1240 4768 1383 4822 Bals.
1414 4778 1463 4822 et
1506 4768 1674 4825 Blast.
1701 4773 1938 4839 reposui.
1977 4768 2538 4845 νιιιεοὰκυροῦσθαιξ

2625 4778 2666 4809 ⁶¹
2709 4776 2882 4833 Codd.
2933 4777 3173 4844 εὖλογον.
3205 4777 3524 4835 Etnettdavit
3557 4778 3749 4849 Steph.

2003 4931 2235 4989 NOTAE.

555 5065 662 5133 (95)
696 5062 816 5116 Vid.
862 5062 1003 5118 Bais.
1040 5078 1088 5117 c.
1115 5064 1148 5118 6
1174 5072 1337 5117 sexta:
1378 5065 1568 5133 synodi
1604 5066 1654 5118 in
1688 5065 1894 5133 Trullo,
1921 5070 2051 5125 dist.

475 5134 564 5193 52.
600 5151 647 5188 c.
678 5133 735 5187 Si
762 5135 885 5203 quis
918 5150 1128 5188 eorum.

545 5203 965 5278 (96)_l_s‘xtensio
995 5212 1081 5260 est
1125 5207 1355 5278 canonis
1389 5207 1456 5262 25
1489 5214 1666 5275 apost.
1722 5211 1815 5278 qui
1855 5222 1940 5264 est
1993 5211 2061 5265 26

476 5275 621 5343 apud
677 5274 957 5339 Photium,
994 5290 1103 5345 quo
1138 5277 1238 5330 soli
1278 5278 1508 5334 lectores
1526 5274 1594 5334 iet
1628 5274 1879 5335 cantores
1921 5297 2057 5335 uxo-

475 5362 589 5420 rem
615 5351 840 5420 ducere
862 5347 1208 5420 vetabantur,
1241 5360 1293 5401 et
1328 5350 1622 5420 abrogatur
1652 5350 1856 5407 Novell.
1890 5350 2057 5406 Justi-

474 5416 623 5471 niani
651 5417 707 5482 6,
733 5431 781 5470 c.
812 5417 865 5478 5,
894 5431 1037 5471 vers.
1082 5418 1136 5470 Si
1174 5429 1354 5472 autem
1386 5416 1919 5543 alidr:is(presbyter,
1954 5438 2058 5492 qua

474 5497 599 5543 Dnst
622 5496 965 5543 assummum
995 5490 1239 5542 ordinem
1265 5492 1569 5543 Dresltvter.
1640 5494 1862 5543 iaeonus
1888 5503 1939 5543 et
1967 5496 2058 5543 hv-

473 5497 599 5562 nost
622 5496 965 5556 assumptum
990 5490 1239 5562 ordinem
1265 5492 1569 5562 presbyter.
1600 5490 1862 5548 diaconus
1888 5503 1939 5546 et
1967 5490 2061 5562 hy-

478 5558 1069 5633 potiiaconusnuptias
1107 5558 1441 5633 contrahens
1482 5564 1673 5615 ordine
1722 5558 2056 5633 privabatn'r,

478 5627 747 5702 tiehatqttc
788 5627 976 5680 idiota.
1024 5626 1133 5702 llae
1164 5627 1396 5702 Novella
1431 5644 1553 5699 post
1582 5626 1923 5702 assumptum
1970 5626 2059 5687 or?

474 5696 656 5748 dinem
687 5698 849 5751 ducta
877 5714 1065 5761 uxore,
1106 5696 1707 5765 hujusmodhhomines
1734 5696 1923 5757 oidiue
1958 5721 2057 5757 suo

475 5765 697 5839 Quidum
753 5768 1069 5835 privamur,
1113 5783 1219 5821 non
1278 5775 1456 5824 tamen
1490 5780 1536 5825 cl
1580 5773 1812 5829 clericali
1849 5775 2054 5843 habitu,

2170 5072 2246 5126 vel
2276 5072 2383 5124 alio
2418 5072 2470 5124 in
2501 5070 2742 5126 Ecclesia
2771 5070 3098 5126 ministerio.

2235 5144 2347 5205 (97)
2379 5140 2512 5194 Nov.
2544 5144 2596 5203 6,
2629 5140 2691 5197 C.
2724 5142 2774 5195 5.

2235 5144 2322 5205 (97
2379 5144 2512 5194 Nov.
2544 5144 2596 5203 6,
2629 5144 2691 5197 C.
2724 5144 2774 5195 5.

2233 5144 2347 5280 (98;
2373 5211 2635 5280 Purpura:
2656 5220 2937 5280 segmenta
2955 5228 3075 5281 qua:
3090 5213 3352 5282 τμήματα
3375 5210 3513 5265 infra
3545 5211 3666 5266 eod.
3692 5214 3748 5267 in

2164 5285 2401 5353 publicis
2427 5284 2773 5353 commerciis
2822 5285 3105 5353 permissa,
3143 5283 3394 5338 videntur
3421 5284 3674 5352 abrogari
3708 5284 3746 5337 l.

2164 5352 2260 5407 ult.
2290 5352 2423 5406 Cod.
2452 5352 2523 5406 De
2553 5354 2749 5408 vestib.
2788 5352 3033 5409 hnlober.

2230 5422 2343 5494 (99)
2375 5422 2432 5476 L.
2471 5424 2520 5485 i,
2551 5424 2613 5479 C.
2665 5440 2785 5493 qua:
2844 5440 2931 5477 res
2963 5425 3149 5477 venire
3176 5440 3282 5477 non
3328 5438 3445 5491 pos.
3481 5423 3514 5477 Ι.
3552 5422 3648 5476 ιιΙι.
3682 5423 3747 5477 C.

2169 5494 2240 5547 De
2274 5496 2469 5547 vesnb.
2498 5495 2706 5559 holnhx,
2739 5506 2790 5549 et
2820 5504 2977 5548 antea
3011 5510 3037 5545 a
3072 5495 3284 5549 Cmsare
3316 5505 3569 5562 purpurae
3611 5509 3750 5549 usus

2167 5566 2496 5619 interdittus
2546 5574 2907 5634 prieterqnam
2967 5566 3314 5618 senatoribus
3357 5565 3449 5632 qui
3497 5563 3751 5632 inmagi-

2164 5644 2337 5688 SIratu
2364 5644 2568 5696 essent,
2600 5634 2756 5689 Dion.
2786 5637 2873 5698 49,
2903 5645 2955 5689 et
2982 5634 3251 5689 Neronem
3278 5650 3498 5703 quoque
3530 5642 3741 5687 matro-

2165 5722 2286 5759 nam
2324 5720 2565 5774 purpura
2616 5722 2769 5758 usam
2832 5722 2938 5761 non
2983 5716 3128 5761 veste
3171 5713 3406 5771 lanium,
3454 5705 3551 5761 sed
3583 5704 3747 5761 bouis

2160 5780 2378 5831 exuisse
2411 5778 2575 5831 refert
2609 5774 2832 5833 Suetou.
