4062 6202
350 359 462 423 589

1462 368 1825 432 NOVELL/E
1855 371 2533 435 CONSTI'I‘UTIONES.
3532 384 3636 447 590

346 471 759 542 ὑπερκειμένην
791 473 869 543 τῷ
895 490 953 525 τε
987 476 1350 549 πιπράσκοντι
1395 482 1488 532 καὶ
1513 481 1590 551 τῷ
1611 484 1933 554 ἀγοράζοντι

2042 497 2324 557 segmenta
2358 489 2500 558 (1.3)
2541 490 2972 559 atquelrustula,
2999 508 3120 564 quae
3144 493 3434 550 utilitatem
3469 504 3636 565 atque

345 566 739 635 παρεχόμενα,
779 565 952 620 ταῦτα
1000 568 1064 638 δὴ
1126 570 1448 642 κωλυόμενοι
1503 576 1627 628 τίνα
1678 577 1932 648 εὐπρεπῆ

347 657 527 711 αἰτίαν
577 658 672 710 καὶ
709 657 905 727 φθόνου
943 659 1050 713 τῶν
1111 662 1373 732 ὑπηκόων
1423 665 1836 738 καθαρεύουσαν
1859 671 1926 740 τῇ

345 747 442 801 τοῦ
485 749 775 818 νομοθέτου
830 752 1090 806 συστάσει
1151 753 1198 784 ⁶²
1241 754 1476 827 γνώμης
1523 758 1657 810 Ποία
1702 759 1811 829 γὰρ
1872 759 1937 811 ὲκ

345 842 552 894 τούτων
602 842 739 914 πρὸς
797 844 854 896 τὸ
903 845 1173 916 ὑπερέχον
1231 848 1328 918 τῆς
1387 849 1658 920 βασιλείου
1711 851 1933 923 δόξηςῆ

349 932 722 1004 ἐναντίωσιςῆ
755 936 1005 1007 κοινότης
1036 938 1288 1009 ἀπαντᾷς

420 1210 534 1263 Οὐκ
559 1211 918 1282 ἀρεσκόμενοι
959 1212 1138 1266 τοίνυν
1169 1213 1246 1285 τῷ
1291 1213 1524 1285 δόγματι
1576 1216 1933 1289 διοριζόμεθα

350 1301 508 1370 ἡμεῖς
538 1301 607 1354 τὰ
637 1302 879 1373 ἁλουργὰ
939 1303 1079 1374 μέρη
1135 1306 1228 1357 καὶ
1289 1307 1575 1376 τμήματα,
1631 1325 1935 1381 σεμνοπρε-

356 1393 515 1457 πείας
558 1397 752 1465 μοῖραν
790 1397 1140 1467 παρεχόμενα
1192 1400 1304 1462 τοῖς
1345 1400 1613 1468 ὑπηκόοις
1641 1401 1675 1471 ἦ
1737 1403 1930 1473 χρείαν

353 1486 521 1556 ἄλλην
564 1487 665 1540 οὑκ
708 1489 1190 1560 ἀπηγορευμένην,
1238 1490 1334 1544 καὶ
1368 1491 1809 1561 ἀπεμπολεῖσθαι
1837 1495 1932 1548 καὶ

353 1581 742 1651 ἀγοράζεσθαι.
777 1585 870 1636 Δεῖ
897 1585 1006 1655 γὰρ
1065 1585 1205 1656 μετὰ
1247 1584 1342 1640 τοῦ
1379 1587 1473 1642 καὶ
1505 1588 1681 1651 ἄλλως
1708 1589 1933 1660 εὐεργε-

350 1676 462 1727 τεῖν
488 1673 548 1726 τὸ
586 1673 827 1743 ὑπήκοον
851 1675 985 1746 μηδὲ
1016 1679 1458 1750 σεμνοπρεπείας
1505 1680 1722 1750 φθονεῖν
1745 1683 1932 1748 αὐτοῖς

350 1761 447 1833 τὴν
476 1761 774 1833 βασιλείαν.

891 1857 1202 1912 ΔΙΛῚἈΞΙΣ
1259 1859 1384 1916 IlA'.

353 1948 492 2016 Περὶ
549 1949 655 2004 τοῦ
711 1948 792 2018 μὴ
823 1947 1047 2027 πᾶν-τό
1076 1951 1145 2027 ἐκ
1171 1953 1407 2027 χρυσοῖ)
1430 1953 1526 2007 καὶ
1549 1957 1738 2010 λίθων
1763 1956 1944 2027 ἔργον

851 2021 1197 2076 κωλύεσθαι
1230 2024 1444 2078 ποιεῖν.

433 2109 494 2164 '0
521 2111 683 2175 αὐτὸς
719 2111 970 2182 βασιλεὺς
1015 2115 1292 2187 Στυλιανῷ
1338 2118 1415 2189 τῷ
1450 2120 1619 2192 αὐτῷ.

419 2203 532 2256 Καὶ
577 2202 766 2257 τοῦτον
815 2205 872 2258 δὲ
919 2207 1010 2260 τὸν
1063 2207 1246 2278 νόμον,
1287 2209 1347 2274 ὃς
1396 2211 1582 2276 ἁπλῶς
1625 2213 1938 2284 ἀφαιρεῖται

347 2292 826 2366 τὴνὲξουσίαντοῦ
859 2297 923 2349 ὲκ
975 2297 1177 2368 χρυσοῦ
1219 2302 1312 2354 καὶ
1364 2302 1529 2355 λίθων
1569 2304 1703 2375 δρᾷν
1751 2322 1803 2358 τι
1848 2323 1939 2359 κα-

345 2384 730 2454 τασκεύασμα,
794 2386 887 2438 ἐπὶ
948 2387 1130 2455 μόνοις
1199 2389 1256 2443 δὲ
1310 2394 1422 2454 τοῖς
1465 2393 1799 2460 γυναικείοις
1846 2411 1936 2447 κου

349 2476 530 2547 σμίοις
561 2465 656 2530 καὶ
683 2477 781 2549 τὴν
809 2477 952 2532 οὑτω
1008 2481 1356 2554 καλουμένην
1389 2485 1434 2515 ⁸³
1479 2485 1788 2539 δακτυλίων
1837 2486 1935 2558 τὴν

348 2567 692 2640 κατασκευὴν
724 2566 916 2640 ὁρίζει,
948 2569 1048 2640 τῆς
1101 2571 1275 2641 αὐτῆς
1323 2573 1451 2627 ὄντα
1483 2576 1930 2647 κατανοήσαντες

349 2657 722 2729 προαιρέσεως
772 2659 852 2730 τῷ
903 2661 1037 2730 περὶ
1083 2661 1404 2734 ἁλουργίδος
1463 2666 1887 2738 ὃιαλαμὸἀνοντι
1915 2709 1931 2734 ,

349 2746 430 2810 εἰς
452 2747 553 2816 τὴν
574 2747 744 2819 αὑτὴν
773 2748 969 2822 ἐκείνῳ
985 2751 1168 2822 χώραν
1189 2751 1475 2824 τιθὲαμεν.
1504 2755 1580 2808 Οὐ
1610 2755 1721 2826 γὰρ
1747 2756 1933 2820 ἁπλῶς

348 2838 520 2910 ἐχρῆν
539 2839 637 2911 τὴν
667 2843 731 2895 ὲκ
766 2842 866 2912 τῆς
897 2844 1029 2915 ὕλης
1048 2843 1144 2898 τοῦ
1177 2845 1381 2916 χρυσοῦ
1405 2848 1671 2918 χορηγίαν
1701 2849 1780 2912 είς
1833 2849 1934 2919 τὴν

347 2929 612 2998 ἐργασίαν
659 2931 908 2997 κωλύειν,
939 2933 1076 2987 ἀλλὰ
1132 2933 1200 2987 τὰ
1234 2934 1355 3004 ετδη
1395 2935 1504 2988 τῶν
1555 2935 1757 3006 ἔργων,
1808 2937 1932 2990 ἐπεὶ

349 3019 410 3072 τό
438 3036 501 3088 γε
529 3021 758 3076 καθόλου
778 3023 824 3055 ⁸⁵
849 3025 912 3079 ὲκ
938 3024 1141 3095 χρυσοῦ
1165 3025 1258 3080 καὶ
1284 3024 1433 3078 λίθου
1463 3025 1932 3098 ἀπαγορεύεινὲρ·

347 3110 612 3181 γάζεσθαι
651 3114 935 3181 πλεονεξία
980 3116 1162 3186 σαφής
1213 3115 1258 3147 ⁸⁸
1294 3132 1306 3146 ·
1335 3115 1397 3170 τὸ
1440 3116 1498 3169 δὲ
1550 3117 1645 3170 καὶ
1706 3115 1932 3189 βαρεῖαν

2048 594 2206 633 usum
2236 597 2414 650 neque
2435 582 2685 637 vendenti
2715 598 2892 653 neque
2929 586 3130 639 omenti
3158 587 3634 642 inconvenientem

2047 670 2342 740 praebeant,
2367 672 2419 724 in
2446 672 2818 728 mercimoniis
2841 689 2962 729 esse
2993 676 3392 744 prohibuerunt
3422 679 3498 746 (ιι)
3532 696 3545 732 :
3578 677 3634 733 id

2045 775 2174 814 vero
2195 775 2358 830 quam
2388 762 2697 827 honestam,
2722 772 2782 818 et'
2808 780 2928 834 qua:
2976 766 3324 821 subditorum
3382 768 3632 824 inviden-

2045 852 2120 906 tia
2146 862 2321 919 vacet,
2357 854 2574 909 illorum
2594 855 2800 924 judicio
2826 857 3125 926 prmtendet
3173 860 3444 914 causam?
3495 859 3628 912 Nam

2045 942 2191 1011 quod
2205 952 2298 998 aut
2324 944 2690 1015 imperatoriae
2713 947 3015 1015 majestatis
3038 948 3626 1006 adversetureminen-
3679 939 3692 956 ί

2044 1033 2154 1104 tiae,
2185 1046 2281 1092 aut
2329 1053 2446 1092 eam
2475 1039 2526 1093 in
2562 1053 2910 1094 communem
2965 1056 3124 1096 usum
3183 1041 3429 1105 devocet,
3490 1045 3622 1112 quid

2043 1145 2223 1198 qumo
2248 1129 2376 1184 hinc
2403 1131 2672 1186 exsistat?

2117 1219 2226 1277 Nos
2255 1221 2440 1292 itaque
2498 1223 2585 1277 isti
2635 1223 2858 1279 decreto
2900 1239 3006 1278 non
3035 1225 3471 1295 acquieseeutes,
3503 1241 3632 1280 eon-

2044 1312 2325 1368 stituimus
2355 1323 2410 1366 ut
2449 1329 2696 1382 purpura:
2745 1313 2928 1369 frusta
2987 1324 3151 1385 atque
3210 1317 3475 1387 segmina,
3511 1333 3632 1386 qua:

2045 1405 2460 1476 magniﬁcentia:
2517 1407 2753 1475 speciem
2828 1407 3064 1462 aliumve
3132 1424 3239 1462 non
3295 1409 3626 1478 prohibitum

2043 1510 2203 1550 usum
2249 1495 2482 1550 subditis
2524 1496 2822 1564 pra-beant,
2859 1507 2964 1549 tam
3033 1495 3251 1552 divendi
3297 1513 3462 1567 quam
3521 1497 3628 1552 emi

2042 1588 2278 1654 possint.
2315 1586 2478 1641 Decet
2499 1589 2642 1640 enim
2677 1586 3085 1656 imperatoriam
3115 1588 3479 1657 maiestatem,
3501 1603 3626 1642 cum

2041 1677 2164 1731 aliis
2193 1677 2379 1731 multis
2411 1677 2588 1730 modis
2637 1677 2890 1732 subditos
2941 1676 3221 1732 beneﬁciis
3275 1676 3494 1741 alliciat,
3531 1692 3625 1732 eo-

2041 1769 2290 1823 rumdem
2328 1769 2750 1839 magniﬁcentia
2781 1785 2848 1823 ne
2880 1769 3144 1822 invideat.

2471 1857 2938 1915 CONSTITUTIO
2964 1856 3200 1912 LXXXI.

2049 1950 2132 2007 Ne
2153 1967 2219 2007 ea:
2231 1969 2362 2006 auro
2382 1952 2520 2021 (5-6)
2542 1963 2589 2006 et
2613 1951 2860 2020 pretiosis
2881 1951 2956 2020 (7)
2979 1951 3178 2018 lapillis
3198 1949 3486 2019 quidquam
3510 1964 3631 2004 conv

2291 2024 2380 2094 ﬁci
2408 2023 2460 2077 in
2486 2023 2784 2076 universum
2813 2021 3135 2086 pro/libitum
3158 2021 3306 2088 nefas
3341 2021 3434 2074 sit.

2117 2114 2261 2170 Idem
2296 2116 2596 2185 imperator
2625 2114 2802 2169 eidem
2828 2113 3097 2184 Slyliano.

2115 2205 2266 2260 Ilauc
2297 2220 2424 2260 vero
2457 2204 2623 2260 etiam
2655 2204 2825 2275 legem
2856 2205 2934 2274 (8)
2957 2219 3077 2273 qua:
3113 2203 3320 2257 mundo
3370 2202 3626 2257 muliebri

2041 2296 2372 2365 annulisque
2407 2295 2654 2366 exceptis
2710 2295 2920 2364 aliquid
2967 2295 3114 2349 aliud
3140 2309 3206 2348 ex
3239 2308 3375 2348 auro
3397 2300 3450 2346 et
3474 2308 3626 2362 gem-

2041 2381 2146 2438 mis
2171 2383 2529 2438 conﬁeiendis
2557 2397 2777 2437 onmem
2812 2397 3036 2450 prorsus
3061 2382 3374 2437 facultatem
3410 2381 3625 2442 adimit.

2039 2474 2284 2543 ejusdem
2317 2491 2440 2530 cum
2479 2475 2569 2530 illa
2589 2491 2712 2546 quae
2725 2476 2793 2530 de
2815 2489 3056 2545 purpura
3078 2481 3283 2544 tractat
3312 2489 3435 2529 esse
3465 2473 3624 2528 insti-

2039 2567 2142 2620 tuti
2204 2566 2728 2629 animadvertentes,
2779 2567 2831 2620 iu
2863 2569 3110 2621 eamdem
3139 2578 3360 2634 quoque
3381 2579 3506 2618 cum
3528 2562 3626 2616 illa

2038 2655 2412 2710 conditionem
2447 2654 2792 2724 reponimus.
2844 2653 2962 2708 Non
3021 2653 3168 2708 enim
3209 2652 3536 2722 simpliciter
3558 2667 3628 2706 ex

2036 2749 2156 2802 auri
2187 2747 2414 2801 materia
2461 2747 2763 2817 quidquam
2807 2747 2862 2800 in
2914 2743 3192 2814 Opiﬁcium
3231 2744 3490 2814 praeberi,
3531 2743 3630 2798 sed

2036 2838 2249 2906 species
2292 2851 2520 2907 operum
2565 2835 2841 2906 prohiberi
2882 2835 3188 2906 oportebat.
3258 2831 3531 2899 Quoniam
3563 2845 3630 2885 ne

2034 2929 2181 2999 quod
2212 2928 2440 2983 omnino
2463 2943 2532 2982 ex
2553 2943 2688 2983 auro
2720 2934 2775 2983 et
2816 2926 3052 2998 gemmis
3083 2917 3225 2995 Opus
3253 2923 3515 2979 conﬁciat
3537 2936 3630 2977 ve-

2035 3029 2174 3086 tare,
2208 3021 2502 3076 manifesta
2543 3019 2597 3075 id
2619 3036 2680 3077 se
2711 3034 2882 3090 supra
2927 3032 3124 3072 omnes
3159 3015 3424 3071 oﬁ‘erendi
3469 3015 3626 3083 cupi-

2034 3111 2182 3168 ditas
2213 3119 2320 3168 est.
2351 3109 2473 3166 Jam
2505 3126 2640 3167 vero
2685 3109 2835 3181 quod
2889 3109 2946 3164 in
2993 3121 3326 3178 quacunque
3349 3120 3409 3160 re
3453 3105 3627 3175 legem

346 3199 494 3254 οὕτω
526 3201 718 3273 ποινὴν
778 3203 999 3273 ὑπέχειν
1045 3204 1136 3259 τὸν
1176 3205 1534 3276 ἁλισκόμενον
1588 3206 1688 3276 ἐφ’
1725 3207 1930 3279 ὁτῳοῦν

2041 3216 2414 3275 transgressus
2430 3218 2555 3259 esse
2579 3202 2977 3272 deprehensus,
3011 3209 3122 3255 tam
3158 3213 3378 3268 gravem
3407 3211 3627 3267 pmnam

350 3285 672 3362 παραϐάντα
692 3293 783 3346 τὸν
822 3293 986 3364 νόμον
1031 3296 1198 3367 (φημὶ
1218 3297 1283 3367 δὴ
1342 3297 1441 3370 τὴν
1494 3298 1602 3352 τῶν
1635 3297 1680 3371 ρ’
1733 3300 1933 3372 λιτρῶν

2041 3294 2273 3350 sustinet
2301 3299 2544 3365 (centum
2577 3293 2846 3348 librarum
2871 3292 2995 3346 auri
3055 3291 3316 3344 mulctam
3367 3287 3628 3358 quodque

347 3380 556 3436 ἔκτισιν
589 3386 682 3438 καὶ
712 3385 1031 3458 προσθήκην
1054 3389 1148 3442 ἐπὶ
1210 3389 1386 3460 τούτῳ
1423 3390 1524 3460 τῆς
1547 3391 1791 3462 κεφαλῆς
1837 3393 1933 3464 τὴν

2041 3387 2162 3443 huic
2198 3388 2433 3453 accedit,
2476 3387 2713 3457 capitale
2764 3383 3096 3454 supplicium
3143 3382 3292 3450 dico)
3328 3388 3388 3434 ut
3417 3396 3480 3434 ea
3540 3379 3627 3433 lex

349 3474 683 3548 ἀφαίρεσιν),
714 3478 798 3541 τίς
841 3478 997 3547 λόγος
1051 3479 1113 3533 τδ
1156 3481 1232 3551 μὴ
1274 3481 1396 3551 οὑχὶ
1452 3485 1750 3551 κορυφαῖον
1785 3479 1926 3537 εἶναι

2047 3495 2158 3534 non
2181 3495 2411 3534 summa:
2433 3477 2791 3532 immanitatis
2821 3491 2945 3532 esse
2979 3483 3224 3546 putetur,
3257 3488 3366 3543 qua
3406 3477 3627 3528 ratione

351 3563 527 3633 βιαίου
565 3569 660 3622 τὸν
709 3570 872 3639 νόμον
925 3573 1361 3644 παραιτήσεταις
1399 3573 1472 3627 ἐῶ
1518 3573 1577 3627 δὲ
1615 3573 1715 3645 τὴν
1762 3574 1932 3644 ἄλλην

2041 3569 2406 3624 devitabitur?
2459 3569 2737 3635 Quantam
2768 3576 2954 3622 autem
3002 3566 3165 3620 aliam
3225 3565 3626 3619 absurditatem

349 3659 599 3725 ἀτοπίαν,
631 3661 836 3733 ὁπόσην
866 3663 960 3716 καὶ
999 3663 1134 3716 καθ’
1186 3663 1348 3735 ἱερῶν
1411 3664 1713 3736 κειμηλίων
1760 3665 1925 3720 ἐνδεί-

350 3763 541 3802 κνυται
577 3751 673 3804 καὶ
704 3751 879 3805 ἄλλων
903 3752 1063 3806 τινῶν
1096 3753 1129 3824 ή
1167 3754 1399 3824 ἐργασία
1429 3755 1640 3826 ποινῆς.

437 3841 628 3911 Ἡμεῖς
653 3841 745 3899 οὑν
763 3845 1104 3917 γινώσκομεν
1127 3848 1226 3918 οὑχ
1244 3846 1430 3912 ἁπλῶς
1461 3847 1766 3903 κωλύεσθαι
1789 3848 1850 3902 τὸ
1875 3849 1939 3902 ἐκ

2041 3660 2098 3715 in
2120 3661 2297 3716 sacris
2328 3659 2603 3716 thesauris
2633 3659 2866 3731 aliisque
2898 3658 3182 3715 nonnullis
3212 3658 3379 3714 rebus
3396 3656 3626 3712 elfectus

2045 3767 2221 3822 poena:
2243 3751 2516 3823 designet,
2549 3767 2658 3807 non
2679 3753 2915 3824 attingo.

2119 3843 2234 3899 Non
2277 3845 2462 3915 itaque
2490 3859 2602 3899 non
2626 3845 2954 3915 simpliciter
2983 3860 3125 3916 opus
3157 3845 3376 3915 aliquoo
3398 3858 3462 3898 ex
3489 3856 3626 3897 auro

2046 3948 2100 3994 et
2133 3938 2364 4009 gemmis
2392 3938 2614 4004 conﬁci,
2639 3939 2734 3994 sed
2767 3939 2858 3993 illa
2891 3953 3056 4009 opera
3087 3953 3210 4009 quae
3227 3938 3358 3993 solis
3383 3937 3622 4007 impera-

2049 4030 2261 4085 toribus
2292 4031 2708 4100 permittuntur,
2772 4045 3124 4100 quorumque
3171 4043 3306 4084 usus
3360 4028 3626 4098 magniﬁ~

347 3935 550 4006 χρυσοῦ
574 3936 669 3990 καὶ
697 3937 858 3992 λίθων
881 3938 1040 4010 ἔργον
1057 3942 1248 4004 ποιεῖν,
1275 3942 1403 3996 ἀλλ’
1446 3943 1630 3995 ἐκεῖνα
1665 3943 1732 3995 τὰ
1765 3959 1939 3996 κατα-

350 4029 730 4100 σκευάσματα,
753 4029 788 4084 ἃ.
802 4031 984 4101 μόνοις
1003 4034 1213 4101 ἐφεῖται
1234 4033 1535 4104 βασιλεῦσι,
1553 4036 1646 4088 καὶ
1664 4028 1738 4089 ὧν
1760 4036 1793 4106 ή
1810 4035 1943 4106 χρῆ-

352 4123 436 4180 σις
449 4118 584 4189 πρὸς
598 4119 688 4173 τὸν
704 4121 867 4192 όγκον
887 4122 986 4193 τῆς
1000 4122 1275 4193 βασιλείας
1293 4125 1384 4176 καὶ
1403 4125 1503 4194 τὴν
1517 4123 1721 4195 ταύτης
1745 4123 1933 4194 χρείαν

2043 4123 2236 4177 centiae
2295 4122 2662 4192 imperatoria:
2715 4122 3045 4192 maiestatis,
3095 4121 3323 4192 ejusque
3379 4119 3624 4174 necessi-

348 4208 470 4278 ὁρᾷ.
494 4209 557 4262 Et
590 4209 646 4263 δέ
667 4212 804 4282 τιςῆ
836 4213 1117 4283 κειμήλιον
1151 4213 1296 4284 ἱερὸν
1331 4214 1363 4284 ἢ
1401 4213 1591 4284 ἕτερόν
1646 4231 1699 4267 τι
1746 4215 1846 4267 οὐκ
1875 4214 1933 4266 ὃν

2043 4213 2252 4268 tatibus
2329 4213 2639 4268 destinatus
2694 4213 2811 4283 θεὶς,
2877 4211 3220 4282 prohibenda
3286 4210 3618 4280 iudicamus.

353 4301 628 4373 ἰδιωτικῆς
656 4303 814 4370 ἀξίας
847 4306 940 4360 καὶ
985 4306 1151 4377 τιμῆς
1190 4304 1590 4377 ὑπερκείμενον
1644 4305 1690 4338 ⁸⁸
1720 4306 1933 4361 δύναιτο

2045 4303 2228 4369 Quare
2263 4304 2308 4359 si
2359 4304 2485 4374 quis
2509 4304 2594 4360 vel
2625 4311 3040 4359 monumentum
3074 4317 3320 4369 sacrum,
3355 4303 3438 4357 vel
3469 4299 3618 4358 aliud

1680 4483 1915 4542 VARIA‘I
1951 4485 2355 4541 LECTIONES.

421 4623 637 4696 {'Agyl.
698 4627 973 4696 συστήσει.
1061 4627 1108 4659 ⁸³
1141 4626 1322 4683 Malim
1374 4628 1480 4682 τῶν
1532 4628 1676 4684 οὕτω
1732 4627 2104 4696 καλουμένων.

673 4628 980 4700 “coactiost.
1061 4628 1108 4659 ⁸³
1141 4628 1322 4700 Malim
1374 4628 1494 4700 :va
1524 4628 1676 4700 oliuo
1732 4628 2104 4700 καλουμένων.
2198 4629 2452 4700 'f_Codtl.
2482 4629 2645 4686 καθά.
2675 4628 2864 4700 Steph.
2889 4638 2943 4685 et
2981 4629 3136 4700 Agyl.
3169 4628 3448 4700 καθαρῶς,
3479 4629 3619 4700 Beck

352 4693 627 4750 καθάπαν.
663 4697 768 4752 Sed
801 4693 935 4751 καοό
969 4697 1253 4769 legendum
1284 4707 1368 4756 est
1403 4697 1650 4754 καθόλου.
1752 4699 1796 4730 ⁸⁸
1819 4693 2193 4754 Ιιιι’Ζιιὶοιι.σι
2231 4698 2451 4756 Meerm.
2485 4701 2722 4769 Serimg.
2769 4693 2978 4769 σαφῶς.
3031 4693 3118 4732 ﬂ“
3147 4693 3328 4756 Codd.
3356 4701 3398 4753 ὑὶ

1752 4699 1796 4730 ⁸⁸
1819 4697 1894 4752 Ita
1927 4697 2193 4754 Zuich.et
2231 4698 2451 4756 Meerm.
2485 4701 2722 4770 Serimg.
2769 4697 2978 4770 σαφῶς.
3066 4697 3118 4732 ⁷⁸⁸
3147 4697 3327 4756 Codd.
3356 4699 3616 4770 ὑποκεὶμ.

1862 4866 2097 4924 ΝΟΤᾸΞ.

422 5019 549 5086 (1-5)
571 5018 1223 5094 Tiberiumposteriorem
1240 5024 1348 5081 Ced
1359 5040 1520 5080 renus
1538 5024 1725 5080 scribit
1747 5025 1940 5094 permi-

350 5089 490 5164 sisse
507 5105 775 5164 purpurat
793 5089 1164 5157 διδακτυλίους
1190 5094 1353 5164 δρνας
1380 5097 1437 5148 ὲν
1459 5097 1579 5158 ταῖς
1607 5089 1823 5157 στολαῖς
1841 5095 1934 5146 αὑ-

349 5156 460 5210 τῶν
483 5156 689 5235 κόσμρυ
714 5160 875 5235 χάριν
892 5165 1099 5233 φέρειν·
1119 5156 1280 5234 ὅρνας
1299 5165 1437 5220 dixit
1451 5156 1606 5235 quasi
1627 5177 1751 5218 oras
1769 5156 1823 5235 cl.
1839 5178 1932 5217 or-

353 5235 602 5304 naturas.
622 5229 865 5286 Isidorus
891 5229 1195 5304 segmenta,
1215 5245 1274 5289 ut
1298 5235 1402 5289 hic.
1433 5229 1549 5290 Liv.
1576 5250 1634 5297 ιι,
1659 5233 1932 5304 sancitum

353 5298 675 5352 mulieribus
701 5307 757 5352 ut
791 5298 980 5359 aureis
1035 5305 1334 5360 secmentis
1379 5313 1681 5360 uterentur.
1729 5303 1935 5357 Arator

353 5364 586 5443 loquens
608 5368 984 5443 deApontiﬁcis
1035 5364 1225 5429 habitu
1255 5375 1308 5428 in
1341 5373 1528 5429 Exodo
1556 5391 1584 5427 τι
1611 5372 1760 5426 Mose
1791 5389 1933 5443 pra:-

350 5436 558 5513 s_cripto
605 5455 616 5491 :
662 5436 1172 5513 Quiisegmentatus
1218 5446 1406 5498 mediis
1453 5443 1713 5513 altaribus
1768 5436 1931 5497 a'ntat.

351 5507 666 5580 Seguinenta,
692 5510 842 5580 limbi
866 5507 962 5568 seu
998 5514 1223 5578 instita},
1250 5516 1284 5569 Ι.
1311 5515 1402 5580 25,
1434 5532 1487 5570 v.
1522 5517 1571 5575 l,
1593 5512 1646 5565 ιι.
1675 5511 1749 5565 De
1773 5528 1927 5579 auro,

350 5577 492 5631 addc
521 5578 710 5647 Cujac.
741 5579 826 5643 12,
859 5586 1072 5639 observ.
1129 5577 1218 5640 24.

352 5647 501 5771 mg!)
527 5647 804 5719 Intelligil,
839 5664 894 5708 ut
919 5656 1140 5725 opinor,
1173 5658 1207 5711 Ι.
1245 5673 1370 5727 pen.
1395 5658 1457 5713 (ὲ.
1499 5654 1573 5712 De
1605 5655 1796 5711 vcstib.
1827 5653 1925 5709 bo-

423 5786 562 5860 (5-6)
609 5791 682 5848 Ex
715 5808 846 5849 auro
882 5801 962 5852 vel
1019 5798 1272 5868 pretiosis
1305 5798 1502 5870 lapillis
1547 5798 1751 5871 aliquid
1806 5796 1921 5852 ﬁeri

2047 5027 2401 5095 prohibetur:
2437 5029 2650 5084 videtur
2672 5029 2853 5098 itaque
2884 5041 3140 5098 revocare
3167 5025 3615 5083 constitutionem

2032 5097 2339 5170 Aureliani,
2391 5115 2499 5168 qua
2556 5096 2883 5170 permiséum
2932 5096 3222 5170 fuerat,_ut
3282 5099 3466 5152 aureis
3512 5100 3610 5170 qui

2034 5167 2233 5222 vellent
2262 5177 2316 5223 et
2348 5167 2572 5224 ιιιὸηείέ
2588 5176 2873 5222 uterentur
2899 5174 2952 5221 et
2988 5167 3223 5234 poculis,
3249 5179 3474 5221 auctore
3511 5167 3611 5223 Vo.

2034 5237 2209 5359 ξιξερο.
2236 5239 2546 5310 Abrogatur
2577 5246 2760 5293 autem
2796 5239 2878 5292 lex
2927 5237 3113 5302 unica,
3137 5251 3284 5292 vers.
3309 5235 3452 5292 Nulli
3485 5239 3610 5293 cod.

2045 5351 2052 5358 .
2086 5309 2179 5359 ulli
2220 5308 2387 5359 licere
2422 5308 2694 5359 infrenis.
2871 5345 2873 5347 ι

2045 5308 2179 5361 Nulli
2220 5308 2405 5362 liu'ere'
2422 5311 2473 5362 in
2501 5308 2694 5362 frenis.
2871 5345 2873 5347 ι

2107 5377 2184 5449 (7)
2239 5377 2429 5449 Lapilli
2483 5378 2728 5449 pretiosi,
2783 5378 3132 5449 margaritae,
3189 5377 3506 5447 smaragdi,
3561 5387 3619 5433 et

2037 5445 2365 5518 hyacinthi:
2402 5445 2526 5503 aliis
2566 5447 2712 5501 enim
2744 5445 2973 5517 gemmis
2999 5447 3174 5513 frena,
3198 5445 3483 5518 equestres
3508 5449 3616 5504 scl-

2040 5519 2121 5573 las
2156 5525 2210 5572 et
2232 5518 2441 5573 balteos
2468 5532 2668 5573 ornare
2702 5518 3033 5586 permissum
3055 5519 3112 5573 d.
3138 5521 3172 5574 Ι.
3202 5535 3296 5572 ιιιι.

2109 5588 2271 5655 (8)1).
2307 5589 2342 5640 l.
2383 5604 2474 5642 un.
2512 5603 2658 5644 vers.
2703 5587 2848 5642 Nulli
2895 5601 3155 5657 praeterea
3178 5590 3514 5659 privatorum
3553 5589 3618 5645 Ii-

2036 5666 2156 5713 eeat
2181 5659 2427 5726 exceptis
2451 5659 2792 5715 ornamentis
2826 5657 3201 5726 matronalibI,
3233 5673 3348 5718 etc.
3374 5662 3432 5716 (ὲ.
3472 5657 3614 5715 Nulli

2035 5727 2196 5784 licere
2220 5729 2273 5783 in
2297 5729 2484 5785 frenis.
