4062 6202
518 340 624 408 591

1787 357 2063 419 LEONIS
2093 359 2558 426 PIIILOSOPHI

3678 373 3795 437 592

514 458 776 528 quiddam
829 463 975 531 quod
1032 476 1197 534 supra
1232 465 1499 535 privatam
1550 468 1873 541 dignitatem
1903 487 1956 529 et
2001 476 2084 529 ho-

2206 482 2557 553 ἐργάζεσθαι,
2611 485 2944 555 ἀνέγκλητον
3002 488 3098 560 τὴν
3153 489 3244 542 ἐπὶ
3296 490 3371 562 τῷ
3416 488 3562 563 ἔργῳ
3611 492 3796 563 ὲχέτω

513 563 705 605 norem
729 566 837 607 non
869 552 959 618 sit,
994 554 1265 612 conﬁcere
1304 558 1527 626 poterit,
1576 561 1802 617 liberam
1848 563 1967 634 ejus
2001 581 2095 621 vo-

518 642 785 700 luntatem
818 645 1042 702 habeto.

926 736 1394 798 CONSTITUTIO
1418 741 1680 799 LXXXII.

869 827 948 882 De
979 837 1291 886 testamento
1320 833 1592 904 resignato
1631 834 1736 907 (9).

586 989 729 1045 Idem
758 990 1059 1062 imperator
1089 994 1282 1052 eidem
1316 998 1589 1070 Styliano.

586 1080 718 1147 Quae
773 1082 1006 1141 fortuito
1053 1089 1293 1158 quodam
1348 1108 1479 1150 casu
1509 1096 1861 1169 contingunt,
1903 1114 2093 1156 eorum

514 1172 784 1238 permulta
817 1176 1062 1232 nondum
1094 1193 1333 1251 expensa
1351 1185 1609 1242 criminis
1644 1190 1869 1245 nomine
1896 1200 2095 1246 notan-

512 1274 641 1329 tur;
671 1280 791 1334 quae
815 1269 1007 1325 eadem
1039 1275 1355 1331 accuratius
1391 1280 1742 1347 postmodum
1786 1292 2093 1354 perspecta,

512 1370 547 1427 a7
575 1364 702 1411 nota
727 1358 967 1416 infamiae
986 1362 1374 1423 absolvuntur.
1396 1370 1466 1424 At
1495 1372 1657 1441 quale
1691 1375 1932 1443 estquod
1945 1376 2097 1431 dico?

512 1448 761 1520 Persaepe
789 1466 899 1506 non
929 1453 993 1507 de
1013 1454 1306 1525 industria,
1333 1462 1429 1516 sed
1462 1460 1687 1518 fortuito
1724 1473 1820 1520 aut
1849 1465 1973 1521 ferri
2004 1473 2096 1522 aut

511 1540 710 1609 lapidis
747 1543 897 1613 jactu
935 1545 1138 1617 aliquis
1163 1549 1397 1607 laeditur.
1440 1552 1518 1609 Eo
1548 1556 1784 1611 necdum
1814 1557 2093 1623 discusso,

511 1632 604 1699 qui
643 1632 922 1703 jaculatus
947 1647 1051 1704 est,
1109 1655 1240 1696 sons
1272 1642 1591 1711 judicatur:
1625 1646 1873 1718 diligenti
1908 1656 2091 1704 autem

510 1721 581 1777 de
609 1723 798 1779 eodem
836 1729 1088 1786 examine
1139 1732 1351 1803 habito,
1383 1752 1555 1806 quare
1608 1740 1894 1809 culpetur,
1933 1743 2087 1796 nulla

2202 576 2543 647 προαίρεσιν.

2727 757 3037 812 ΔΙΔΤΛΞΙΣ
3068 758 3172 811 ΠΒ⁹
3186 759 3252 812 θ’.

2201 842 2339 911 Περὶ
2380 843 2489 912 τῆς
2529 844 2949 915 ἀσφραγίστου
2985 846 3278 916 διαθήκης
3312 847 3476 919 παρὰ
3515 849 3623 905 τοῦ
3655 849 3774 919 ἄρα

2868 934 3107 985 χοντος.

2280 1004 2337 1058 'U
2366 1005 2528 1070 αὑτὸς
2560 1006 2813 1076 βασιλεὺς
2833 1007 3113 1078 Στυλιανῷ
3142 1000 3416 1080 τῷαύτῷ.

2269 1095 2447 1150 Πολλὰ.
2478 1094 2585 1150 τῶν
2612 1096 2956 1167 πραγμάτων
2983 1097 3130 1151 κατά
3174 1115 3297 1153 τινα
3332 1099 3504 1171 τύχης
3548 1103 3786 1171 περιπέ-

2196 1203 2347 1240 τειαν
2374 1187 2454 1251 είς
2472 1188 2685 1255 γένεσιν
2713 1187 2918 1257 ἥκοντα
2953 1187 3302 1260 ἀϐασανίστῳ
3325 1192 3424 1260 μὲν
3472 1194 3650 1262 κρίσει
3698 1195 3787 1247 al-

2197 1277 2318 1332 τίαν
2356 1278 2699 1349 ἐγκλήματος
2754 1279 3114 1352 ἀποφέρεται,
3148 1283 3386 1350 τυχόντα
3434 1283 3490 1337 δὲ
3546 1301 3774 1338 συνεπι-

2199 1367 2439 1438 σκέψεως
2468 1368 2665 1440 ἀφείθη
2699 1367 2791 1422 τοῦ
2813 1369 3155 1438 αἰτιάματος.
3186 1367 3314 1425 Οἶόν
3335 1388 3387 1424 τι
3424 1372 3595 1440 λέγω;
3640 1375 3783 1429 [Ιολ-

2196 1461 2352 1526 λάκις
2380 1460 2480 1514 οὑκ
2507 1462 2574 1516 ὲκ
2622 1461 2903 1532 προνοίας,
2936 1462 3072 1516 ἀλλὰ
3098 1463 3313 1535 τυχηρὰ
3340 1480 3421 1525 τις
3447 1458 3611 1534 ἦλθεν
3651 1465 3783 1537 βολὴ

2198 1555 2419 1627 σιδήρου
2462 1554 2495 1627 ἢ
2544 1553 2697 1608 λίθου
2737 1557 2785 1608 εἰ
2818 1554 2971 1625 τύχοι
3001 1554 3095 1608 ὲπί
3136 1572 3257 1609 τινα
3293 1571 3306 1586 ·
3346 1555 3486 1627 αὕτη
3536 1557 3632 1612 σὺν
3679 1558 3781 1627 μὲν

2196 1646 2589 1718 ἁπερισκέπτῳ
2614 1646 2795 1717 κρίσει
2828 1646 3077 1700 ὑπαίτιον
3096 1644 3187 1700 τὸν
3216 1646 3449 1717 βαλόντα
3474 1650 3637 1713 ποιεῖ,
3674 1648 3782 1701 ὑπ’

2200 1737 2446 1803 ἐξέτασιν
2473 1737 2530 1790 δὲ
2562 1737 2780 1791 τεθεῖσα
2807 1739 2900 1791 καὶ
2931 1738 3164 1808 βάσανον
3218 1738 3317 1808 οὑχ
3361 1739 3610 1810 εὑρίσκει
3640 1740 3781 1811 πρό.

506 1812 656 1883 justa
688 1816 828 1872 ratio
865 1818 1166 1877 invenitur.
1204 1825 1572 1891 Quamobrem
1619 1846 1739 1899 qua:
1795 1846 1926 1888 casu
1959 1849 2084 1889 eve-

2198 1844 2361 1898 φασιν
2390 1825 2610 1896 εὑλογον
2636 1828 2716 1891 εἰς
2739 1828 2917 1881 αἰτίαν
2944 1828 3237 1899 περιϐολῆς
3265 1828 3309 1861 ⁸⁸
3345 1847 3359 1863 ο
3394 1827 3534 1883 ὥστε
3566 1831 3667 1900 ἐφ’
3700 1824 3780 1887 ὧν

509 1906 689 1973 niunt,
726 1924 791 1965 ex
821 1911 1256 1974 circumstantiis
1287 1921 1464 1991 magis
1484 1938 1648 1993 quam
1704 1939 1736 1980 e
1775 1926 1855 1980 rei
1892 1938 2087 1985 natura

506 1995 747 2063 judicari
794 2005 1076 2058 convenit.
1105 2004 1309 2063 Verum
1339 2025 1606 2080 quorsum
1644 2013 1757 2070 haec
1782 2014 2092 2073 dicuntur?

510 2089 780 2155 Quoniam
867 2104 1259 2155 testamentum
1341 2105 1658 2172 postulante
1751 2111 2090 2169 necessitate

508 2188 758 2250 apertum
798 2185 936 2256 (l0),
962 2202 1087 2243 cum
1120 2190 1400 2248 interdum
1447 2194 1711 2268 deinceps
1740 2201 2081 2270 resignatum

514 2272 751 2345 relinqui
787 2278 1089 2351 contingat,
1145 2288 1239 2336 aut
1299 2283 1481 2353 ipsum
1526 2294 1743 2358 tempus
1772 2291 1941 2362 (quod
1972 2292 2089 2349 ﬁeri

506 2365 733 2436 assolet)
783 2368 1022 2440 sigillum
1072 2385 1390 2441 consumat,
1446 2376 1554 2433 ﬁde
1599 2395 1766 2450 quam
1812 2384 2087 2453 signatum

506 2454 738 2515 haberet
768 2461 1124 2530 destituatur,
1162 2466 1401 2538 indeque
1461 2470 1801 2528 incertitudo
1832 2476 2084 2546 quaedam

503 2546 821 2606 istiusmodi
853 2559 1185 2610 testamento
1216 2557 1548 2614 insidietur:
1598 2566 1951 2622 testamentis
1979 2568 2088 2622 alio

504 2635 671 2691 modo
691 2638 757 2693 ad
789 2637 949 2694 ﬁdem
974 2643 1316 2699 conﬁrmatis
1348 2646 1642 2706 subvenire
1668 2652 1845 2708 visum
1873 2662 1976 2709 est.

577 2904 652 2960 Ac
694 2905 973 2976 jubemus,
1000 2911 1211 2967 etiamsi
1244 2914 1422 2985 sigilla
1470 2920 1781 2976 testamenti
1830 2940 1937 2979 nou
1988 2942 2080 2981 su-

503 2995 735 3065 persint,
760 2998 805 3053 si
827 2998 1082 3056 idoneam
1114 3001 1272 3061 ﬁdem
1296 3006 1729 3079 subscriptiones
1754 3021 2083 3072 testamento

502 3086 823 3156 adhibeant,
852 3106 921 3147 ne
942 3093 1074 3163 quid
1099 3096 1169 3151 ob
1197 3112 1315 3152 eam
1340 3114 1454 3154 rem
1486 3102 1618 3158 ﬁdes
1652 3108 1968 3163 testamenti
2000 3109 2084 3165 in-

501 3179 767 3237 ﬁrmetur.
793 3182 1259 3249 Quemadmodum
1289 3193 1436 3248 enim
1474 3202 1801 3254 testamenta
1836 3203 2076 3259 nondum

501 3279 711 3342 aperta,
736 3288 1051 3346 quanquam
1074 3278 1156 3349 (ut
1176 3280 1233 3336 ﬁt
1256 3282 1435 3355 facile)
1454 3286 1691 3357 sigillum
1718 3289 1943 3346 illaesum
1965 3310 2080 3350 ser-

500 3370 679 3416 vatum
694 3376 802 3418 non
816 3364 904 3430 sit,
920 3366 1355 3440 subscriptiones
1372 3376 1697 3432 conlirmant
1714 3379 1922 3453 (II-12)
1943 3399 1955 3435 :
1998 3385 2077 3439 sic

502 3452 596 3506 illa
634 3457 799 3511 etiam
827 3472 947 3527 quae
964 3462 1311 3529 postmodum
1333 3474 1521 3536 aperta
1546 3478 1695 3536 sunt,
1714 3452 2080 3547 autnegligcn-

499 3545 572 3599 tia
596 3561 705 3602 non
729 3548 1013 3620 obsignata
1032 3566 1479 3625 manserunt,aut
1497 3561 1696 3630 quibus
1720 3545 2079 3624 diuturnitate

498 3640 763 3708 temporis
796 3641 977 3713 sigilla
1012 3645 1300 3712 perierunt
1346 3664 1415 3703 ne
1438 3651 1545 3705 ﬁde
1568 3655 1881 3722 priventur,
1911 3656 2075 3712 dum-

498 3729 660 3782 modo
682 3745 746 3783 ex
773 3730 1276 3802 subscriptionibus
1298 3737 1432 3793 ﬁdes
1455 3740 1566 3795 illis
1584 3746 1843 3812 supersit,
1862 3748 2073 3815 justum

495 3826 777 3886 putamus.
811 3822 947 3877 Illud
984 3839 1148 3893 porro
1179 3827 1407 3897 insuper
1457 3833 1757 3901 sancimus,
1795 3845 1855 3891 ut
1894 3839 1939 3893 si
1988 3839 2077 3907 ju-

496 3908 638 3965 dicis
671 3913 947 3978 socordia,
978 3930 1046 3971 ne
1104 3924 1494 3975 testamentum
1523 3922 1705 3981 denuo
1757 3929 2081 3999 obsignare-

494 4006 588 4053 tur
618 4000 824 4057 factum
857 4005 952 4072 sit,
986 4007 1091 4077 ipsi
1125 4007 1179 4062 in
1208 4010 1476 4067 socordia:
1505 4030 1725 4084 poenam
1781 4019 2073 4077 duodecim

497 4091 762 4151 librarum
795 4096 965 4151 multa
996 4097 1331 4169 imponatur.
2061 4113 2065 4116 ’

891 4284 1362 4348 CONSTITUTIO
1387 4292 1673 4350 LXXXIII.

533 4370 602 4428 Ut
635 4376 705 4430 ad
724 4378 937 4434 trientes
962 4398 1153 4437 usuras
1176 4387 1400 4452 pecunia
1432 4388 1575 4443 licita
1603 4398 1867 4446 mutuetur
1902 4393 2034 4466 (15).

558 4579 706 4685 Idem
734 4623 1031 4695 imperator
1057 4627 1234 4684 eidem
1262 4628 1535 4703 Styliano.

564 4712 619 4767 Si
644 4729 675 4769 a
700 4713 941 4786 Spiritus
972 4717 1186 4789 legibus
1222 4722 1297 4776 ita
1331 4737 1389 4779 se
1438 4725 1671 4781 mortale
1717 4742 1893 4788 genus
1946 4732 2058 4801 regi

2108 4521 2157 4579 Ι)

2192 1922 2226 1991 ή
2260 1920 2529 1992 σύμϐασις
2590 1920 2821 1991 τυχηρὰ,
2850 1920 2914 1974 ἐκ
2944 1919 3053 1974 τῶν
3087 1919 3285 1985 ἔξωθεν
3324 1921 3548 1975 εἰκότων
3620 1922 3776 1991 λογι-

2192 2013 2348 2083 σμῶν
2398 2011 2599 2083 μᾶλλον
2632 2012 2665 2078 ἢ
2698 2013 2762 2065 ὲκ
2783 2012 2877 2067 τοῦ
2928 2011 3253 2084 πράγματος
3285 2013 3435 2079 ἄξιον
3488 2014 3549 2067 τὸ
3573 2014 3774 2085 ζητού-

2194 2124 2355 2177 μενον
2398 2106 2627 2178 διαιτᾷν.
2679 2105 2779 2160 Διά
2822 2105 2876 2160 τί
2922 2101 3015 2161 οὖν
3071 2107 3286 2178 εἴρηται
3313 2107 3513 2175 ταῦτα;
3557 2108 3780 2179 Ἐπειδὴ

2192 2200 2364 2254 ἐνίοτε
2395 2199 2585 2270 χρείας
2615 2198 2888 2269 καλούσης
2913 2198 3374 2269 ἀναπτυσσομένη
3401 2198 3636 2269 διαθήκη
3672 2216 3773 2253 κα-

2191 2293 2597 2363 ταλιμπάνεται
2629 2290 2773 2345 οὑτω
2829 2290 3221 2361 συμϐαίνοντος
3251 2292 3567 2361 ἀσήμαντος
3597 2292 3679 2354 εἰς
3717 2290 3777 2344 τὸ

2190 2386 2404 2449 ἔπειτα,
2429 2386 2461 2456 ἢ
2492 2384 2695 2440 καὶτοῦ
2717 2384 2910 2455 χρόνου
2943 2378 3055 2455 (οἷα
3076 2383 3241 2455 φιλεῖ)
3274 2384 3373 2455 τὴν
3396 2384 3669 2456 σφραγῖδα
3694 2385 3775 2448 είς

2189 2477 2497 2547 ἀφανισμὸν
2532 2478 2960 2549 περιστήσαντος
2985 2477 3167 2548 ἐρήμη
3195 2477 3299 2547 τῆς
3351 2478 3419 2531 ὲκ
3440 2476 3538 2531 τοῦ
3559 2478 3769 2546 ἐσφρα-

2190 2571 2376 2638 γίσθαι
2432 2569 2642 2639 γίνεται
2720 2569 2995 2633 πίστεως,
3051 2569 3115 2623 ὲκ
3165 2568 3356 2622 τούτου
3431 2568 3489 2622 δὲ
3534 2568 3765 2638 ἀμφιϐο-

2189 2662 2277 2715 λία
2306 2678 2391 2726 τις
2445 2660 2715 2732 ὲνεδρεύει
2752 2663 2875 2725 ταῖς
2922 2660 3204 2724 ’τοιαύταις
3251 2659 3580 2723 διατάξεσιν,
3631 2659 3765 2728 ἡμῖν

2189 2753 2367 2820 ἔδοξεν
2393 2752 2564 2825 ἑτέρῳ
2593 2753 2779 2824 τρόπῳ
2808 2751 3202 2823 βοηθουμέναις
3230 2752 3311 2816 είς
3335 2752 3519 2805 πίστιν
3576 2751 3767 2813 αὑταῖς

2190 2844 2670 2900 συνεπιλαϐέσθαι.
3697 2920 3703 2924 ⁸

2260 2938 2360 2992 Διὰ
2407 2939 2451 2972 ⁸³
2482 2936 2638 2991 τοῦτο
2683 2936 3001 3005 κελεύομεν,
3042 2937 3146 2990 κᾶν
3208 2938 3283 3008 μὴ
3328 2936 3431 3006 τῆς
3478 2933 3777 3008 σφραγῖδος

2190 3034 2222 3103 ή
2271 3030 2514 3102 σωτηρία
2538 3029 2784 3100 περίεστι
2819 3031 2884 3100 τῇ
2915 3028 3170 3100 διαθήκῃ,
3204 3031 3252 3083 εί
3305 3031 3350 3061 ’⁸³
3403 3028 3501 3100 τὴν
3559 3028 3774 3093 ἀξιοπι-

2191 3125 2346 3177 στίαν
2406 3125 2463 3176 αἱ
2517 3121 2838 3192 ὑπογραφαὶ
2898 3120 3148 3174 δύναιντο
3181 3122 3647 3192 προσμαρτυρεῖν,
3696 3118 3773 3190 μὴ

2186 3215 2575 3286 διαμαρτάνειν
2608 3213 2701 3267 τοῦ
2748 3209 2887 3267 εῖναι
2935 3212 3160 3282 βεϐαίαν
3196 3213 3391 3283 αὑτήν.
3415 3212 3631 3282 ’Ὠσπερ
3662 3210 3775 3281 γὰρ

2185 3307 2286 3370 τὰς
2333 3304 2486 3360 οὔπω
2514 3307 2558 3339 ¹¹¹
2586 3305 3029 3375 ἀναπτυχθείσας
3055 3304 3332 3370 διατάξεις
3366 3307 3421 3358 al
3448 3304 3775 3373 ὑπογραφαὶ

2187 3394 2440 3467 κυροῦσι,
2494 3395 2601 3449 κᾶν
2634 3395 2708 3458 ὡς
2740 3394 2887 3457 εἰκὸς
2914 3397 2981 3465 τῇ
3033 3395 3292 3466 σφραγῖδι
3338 3395 3400 3447 τὸ
3445 3393 3774 3463 ἀδιάφθορον

2190 3488 2265 3561 μὴ
2288 3487 2531 3554 σώζοιτο,
2560 3487 2706 3542 οὕτω
2746 3488 2839 3542 καὶ
2887 3489 2985 3552 τὰς
3015 3488 3153 3559 μετὰ
3202 3488 3261 3541 τὸ
3284 3487 3625 3585 ἀνεπτύχθαι
3665 3487 3770 3585 lii}

2186 3578 2595 3648 ἀσφραγίστους
2643 3577 2916 3648 διαμεῖναι
2977 3577 3249 3641 λαθούσας
3307 3576 3340 3647 ἢ
3388 3576 3487 3647 τὴν
3532 3578 3599 3629 ὲκ
3661 3576 3771 3628 τῶν

2187 3670 2502 3741 σφραγίδων
2535 3669 2834 3739 ἀσφάλειαν
2862 3668 2937 3740 τῷ
2974 3669 3153 3741 χρόνῳ
3209 3668 3544 3739 συληθείσας
3604 3666 3771 3737 ήγού-

2190 3761 2328 3830 μεθα
2359 3760 2565 3815 δίκαιον
2600 3756 2742 3814 εἶναι
2802 3760 2899 3814 καὶ
2924 3761 3007 3829 ,ἐκ
3040 3760 3212 3831 μόνης
3267 3760 3369 3831 τῆς
3413 3759 3771 3830 ὲκμαρτύρου

2185 3855 2511 3926 ὑπογραφῆς
2557 3854 2632 3925 μὴ
2674 3853 3057 3924 στερίσκεσθαι
3106 3853 3365 3917 πίστεως.
3407 3854 3616 3906 Ἐκεῖνο
3642 3852 3770 3920 μέν·

2184 3965 2331 4016 τοιγε
2375 3947 2964 4019 προσεπιθεσπίζομεν,
3000 3946 3074 4009 ὼς
3104 3987 3119 4011 ,
3171 3948 3220 4001 εί
3253 3947 3347 4000 τοῦ
3404 3944 3591 4019 κριτοῦ
3617 3946 3771 4012 ὀλιγε

2183 4041 2323 4113 ωρία
2352 4042 2432 4104 είς
2447 4040 2506 4094 τὸ
2539 4040 2957 4112 ἀσφράγιστονή
2980 4039 3211 4111 διαθήκη
3242 4039 3551 4110 περισταίη,
3576 4037 3769 4102 ποινὴν

2184 4132 2332 4202 αὑτῷ
2359 4132 2458 4202 τῆς
2487 4131 2780 4202 ὀλιγωρίας
2837 4131 3160 4187 δυοκαίδεκα
3220 4132 3416 4203 λιτρῶν
3455 4133 3661 4184 ἔκτισιν
3713 4129 3765 4161 ⁷³

2184 4224 2541 4280 ἐπιτίθεσθαι.

2737 4315 3050 4368 ΔΙΑΤΑΞΙΣ
3077 4317 3199 4371 Ill".

2184 4408 2322 4476 Περὶ
2354 4407 2462 4460 τοῦ
2480 4406 2579 4460 ἐπὶ
2618 4408 2770 4472 τόκῳ
2805 4406 2920 4473 τὴν
2939 4407 3165 4475 χρῆσιν
3198 4408 3315 4463 τῶν
3337 4409 3592 4463 δανείων
3616 4426 3765 4476 apo-

2266 4476 2522 4558 ‘pzwaat
2588 4476 2669 4542 τῷ
2726 4478 3029 4548 λεγομένῳ
3080 4479 3200 4533 ἀπὸ
3251 4482 3455 4547 τρίτης
3513 4479 3764 4533 ἑκατοσ-

2258 4566 2388 4604 της.
2620 4566 2621 4569 “

2263 4568 2287 4602 τ
2375 4589 2388 4604 .

2263 4568 2512 4705 ista;
2549 4639 2802 4711 βασιλεὺς
2830 4640 3107 4712 Στυλιανῷ
3140 4641 3218 4712 τῷ
3242 4642 3411 4713 αὑτῷ.

2238 4732 2416 4786 Καλὸν
2472 4732 2570 4803 μὲν
2598 4728 2665 4803 ἧν
2696 4734 2788 4787 καὶ
2816 4734 3083 4804 σωτήριον
3125 4736 3237 4797 τοῖς
3285 4733 3381 4788 τοῦ
3440 4735 3762 4806 Πνεύματος

1761 4911 1996 4967 VARIIE
2037 4914 2440 4971 LECTIONES.

589 5041 633 5120 i7
668 5040 802 5124 Ecl;
826 5038 975 5124 ἷξον.-
996 5043 1095 5124 40..
1162 5043 1497 5124 ⁶ξ.ᾼε)ι1.-εἰς
1529 5049 1707 5124 αἰτίας
1737 5053 2049 5124 περιϐολήν.
2107 5056 2152 5087 ⁶⁹
2186 5054 2300 5110 Ecl.
2327 5053 2542 5123 incipit.

2639 5054 2687 5085 "°
2714 5052 2880 5109 Cedd.
2920 5062 2991 5107 et.
3032 5052 3144 5107 Ecl.
3178 5054 3247 5108 εἰ.
3294 5052 3619 5112 Emendavit
3650 5055 3759 5111 Cu-

484 5110 682 5181 iacius.
761 5112 803 5144 '”
828 5111 998 5169 Codd.
1032 5112 1117 5169 ed.
1141 5110 1508 5172 ράἰῑΓῖοὑτω.
1584 5120 1630 5151 ⁷³
1660 5110 1772 5177 Ecl.
1806 5110 2217 5195 ἆναπτύχεσθαι
2238 5126 2320 5180 vel
2350 5110 2816 5180 ἁνάπτύσσεσθαι.
2894 5122 2944 5156 ⁷³
2964 5122 3079 5179 Ecl.
3108 5123 3326 5178 ἔκθεσιν

2036 5293 2271 5351 NOTAE.

560 5444 637 5517 (9)
677 5446 788 5502 lloc
840 5448 1022 5505 innuit
1059 5459 1446 5509 testamentum
1501 5473 1608 5513 non
1651 5458 1773 5516 ideo
1810 5474 1917 5515 non
1964 5476 2063 5515 va-

487 5515 640 5595 lere,
694 5517 839 5587 quod
888 5520 1040 5595 signa
1086 5536 1213 5577 casu
1265 5535 1526 5595 corrupta
1575 5528 1681 5583 sint
1722 5515 1758 5582 :7
1797 5532 1841 5586 si
1904 5532 2063 5588 modo

488 5586 555 5707 dte
584 5590 901 5670 testamenti
938 5586 1046 5647 ﬁde
1107 5595 1329 5649 testium
1381 5586 1886 5670 subscriptionibus
1925 5586 2061 5657 con;

488 5670 513 5710 s
545 5668 638 5707 are
674 5669 870 5724 possu.

558 5724 669 5796 (10)
725 5727 840 5783 Vid.
873 5732 957 5786 tit.
1018 5732 1072 5786 θ’.
1132 5733 1205 5790 Dc
1243 5744 1362 5792 test.
1411 5740 1870 5807 quemadmodum
1930 5758 2057 5813 ape-

2175 5463 2409 5518 riantur.

2246 5534 2459 5625 $33.4?)
2504 5534 3494 5625 “5029399‘.e?3““?‘?i‘"‘ff‘9‘3l9:
3580 5616 3620 5625 ,.
3685 5606 3695 5625 ε

2244 5605 2355 5674 (15)
2399 5604 2625 5677 Usuirm
2673 5606 2901 5662 trientes
2950 5608 3037 5662 hic
3100 5607 3535 5677 permittuntur,
3573 5616 3625 5661 et
3685 5606 3756 5660 ita

2170 5674 2466 5749 abrogatur
2507 5676 2690 5731 Basilii
2724 5678 3046 5749 constitutio
3091 5674 3199 5749 qua
3227 5677 3409 5735 vetita:
3438 5677 3661 5738 fuerunt
3695 5680 3751 5735 in

2170 5746 2489 5803 universum
2528 5762 2729 5815 usurze,
2767 5748 2909 5804 infra
2941 5748 3063 5805 cod.
