4062 6202
440 378 547 444 595

1705 379 1900 443 LEON
1912 382 1980 441 lS
2011 380 2139 442 ΡΙΠ
2149 379 2475 446 LOSOPIII

3590 391 3699 456 596

442 490 704 552 inveniat,
737 489 939 559 optima
971 492 1178 546 ratione
1203 494 1503 550 constituta
1549 497 1696 559 sint;
1747 500 1871 570 quia
1923 511 1993 556 ta-

2109 492 2226 556 ἕτος
2255 495 2392 563 μετά
2426 495 2524 565 τὴν
2545 497 2643 568 τῆς
2666 496 2841 568 ἀρχῆς
2869 497 3129 553 ἀπόθεσιν
3163 499 3450 572 παρελάσῃ
3472 519 3487 534 ο
3524 503 3699 557 ταῦτα

441 595 564 634 men
611 583 718 636 alio
775 584 936 638 etiam
989 586 1150 639 modo
1178 586 1452 642 violentim
1484 589 1626 644 viam
1672 594 2004 661 praecludere

440 671 600 726 facile
629 681 732 736 est,
758 674 916 729 nobis
947 691 1056 730 non
1089 677 1344 732 videntur
1370 695 1489 735 esse
1516 685 1840 738 necessaria.
1865 685 2007 752 Quo-

438 765 585 818 circa
609 764 772 819 etiam
799 765 1059 837 abrogata
1097 767 1187 823 illa
1223 785 1344 825 esse
1372 771 1623 828 volumus
1649 792 1662 828 :
1706 775 1860 845 idque
1891 778 2006 832 ideo

439 857 769 925 praesertim,
803 857 948 926 quod
986 874 1051 913 ex
1081 875 1191 929 quo
1226 864 1661 932 transgressione
1687 866 1904 922 illorum
1951 869 2005 923 in

438 947 556 1001 dies
605 950 773 1018 magis
821 957 978 1020 atque
1037 953 1205 1022 magis
1263 952 1526 1022 impunita
1581 956 1787 1023 relicta,
1845 975 2003 1029 pmna

440 1039 686 1093 exerceri
721 1039 904 1103 desiit,
938 1041 1102 1096 etiam
1134 1053 1261 1098 ante
1291 1056 1539 1101 nostrum
1576 1048 1855 1104 decretqu
1881 1054 2006 1108 nul-

438 1131 542 1184 lam
572 1130 682 1184 vim
710 1131 1022 1186 habuerint.
1059 1134 1130 1189 At
1159 1151 1266 1205 qua
1293 1136 1360 1191 de
1383 1153 1544 1193 causa
1573 1139 1663 1195 illa
1694 1147 2001 1200 necessaria

439 1238 548 1276 non
587 1223 927 1289 sunt?Quod
964 1225 1160 1294 cuique
1209 1237 1316 1280 tam
1360 1232 1587 1298 pauperi
1633 1248 1796 1302 quam
1849 1235 2002 1291 diviti

439 1315 588 1385 (cum
627 1315 695 1369 iis
724 1316 814 1384 qui
847 1316 988 1385 apud
1040 1317 1180 1372 hanc
1231 1319 1418 1374 urbem
1463 1323 1722 1388 habitant,
1761 1328 2004 1395 compel-

439 1411 551 1463 lare
589 1409 916 1478 principem,
971 1409 1133 1478 eique
1176 1411 1482 1479 supplicare
1532 1416 2004 1483 expeditissimum

439 1498 528 1566 sit)
562 1498 740 1556 liceat.
770 1499 812 1551 si
838 1512 999 1566 quam
1027 1497 1134 1550 vim
1166 1499 1451 1563 sustineat,
1483 1518 1551 1555 ne
1581 1506 1805 1561 omnino
1835 1522 1864 1560 a
1888 1507 2004 1562 vio-

439 1590 586 1643 lento
623 1589 941 1657 magistratu
997 1588 1340 1655 conﬁciatur,
1383 1593 1643 1659 precibus
1677 1610 1707 1648 a
1753 1597 2002 1666 principe

439 1681 731 1748 impetrare
758 1697 770 1732 :
799 1680 932 1734 adeo
955 1687 1013 1732 ut
1039 1680 1182 1733 nulla
1209 1684 1506 1738 necessitas
1535 1687 1626 1748 sit,
1657 1697 1714 1740 ut
1740 1689 2003 1756 quemad-

440 1773 661 1826 modum
685 1770 738 1823 in
764 1771 1061 1839 provinciis
1083 1773 1229 1826 omni
1256 1774 1458 1829 auxilio
1490 1777 1698 1842 vacuis,
1733 1777 1806 1833 ita
1837 1780 2001 1834 etiam

2112 588 2160 637 εἰ
2190 591 2283 640 καὶ
2298 587 2422 640 ὅσον
2457 590 2592 660 πρὸς
2645 590 2932 661 ἀκρίϐειαν
2963 591 3058 645 τοῦ
3091 592 3166 662 μὴ
3195 593 3383 664 χώραν
3411 595 3697 665 εὑρίσκειν

2108 676 2207 748 τὴν
2226 678 2345 748 βίαν
2376 680 2614 749 εὐλόγως
2663 680 2970 752 διώρισται,
3006 682 3122 736 ἀλλ’
3141 684 3264 737 ἐπεὶ
3297 685 3392 738 καὶ
3423 685 3696 756 δι’ἐτέρου

2109 769 2312 841 τρόπου
2335 773 2401 842 τῇ
2438 772 2531 844 βίᾳ
2557 772 2656 841 τὴν
2681 772 2914 844 πάροδον
2943 773 3183 843 εὔπορον
3207 775 3544 842 ἀποκλείειν,
3596 777 3697 831 οὐκ

2108 863 2383 931 ἀναγκαῖα
2413 865 2546 934 ἡμῖν
2610 866 3024 934 καταφαίνεται.
3063 866 3370 936 Τοιγαροῦν
3428 869 3523 922 καὶ
3597 887 3698 923 πε-

2110 955 2352 1010 παῦσθαι
2393 955 2567 1010 ταῦτα
2617 956 2943 1027 βουλόμεθα,
2999 958 3238 1028 μάλιστά
3260 976 3323 1027 γε
3375 960 3456 1012 ὃτι
3503 961 3560 1027 ἐξ
3617 954 3695 1014 ὧν

2112 1046 2247 1117 μηδὲ
2277 1047 2414 1118 τιμὴ
2466 1047 2680 1119 ἔτυχεν,
2732 1049 2856 1103 ὅσαι
2913 1049 3121 1122 ἠμέραι
3181 1051 3539 1120 ἀνεκδικήτου
3593 1051 3696 1122 τῆς

2109 1137 2460 1207 παραϐασίας
2484 1139 2664 1193 αὑτῶν
2693 1141 3018 1212 ἀφιεμένης,
3043 1143 3139 1196 καὶ
3189 1145 3297 1213 πρὸ
3355 1143 3448 1196 τοῦ
3484 1144 3694 1215 δόγμα-

2106 1249 2200 1296 τος
2227 1231 2386 1302 ἡμῶν
2416 1233 2517 1287 οὐκ
2579 1233 2743 1304 ἔφερε
2773 1234 2874 1304 τὴν
2934 1234 3243 1306 ἐνέργειαν.
3284 1234 3409 1299 Πῶς
3441 1235 3533 1289 οὑν
3589 1238 3692 1289 οὑκ

2107 1325 2382 1392 ἀναγκαῖα
2411 1341 2426 1391 ;
2454 1325 2576 1380 Ὀτι
2607 1326 2793 1392 παντὶ,
2814 1328 2908 1380 καὶ
2937 1326 3180 1396 πλουσίῳ
3209 1328 3304 1380 καὶ
3333 1327 3549 1398 πένητι.
3577 1331 3694 1392 τοῖς

2106 1416 2249 1470 κατὰ
2277 1415 2438 1486 τήνδε
2474 1417 2575 1486 τὴν
2605 1416 2760 1471 πόλιν
2793 1418 3322 1490 ἀναπεπετασμένης
3374 1418 3470 1487 τῆς
3535 1419 3691 1488 βασι-

2105 1506 2264 1576 λικῆς
2313 1505 2609 1572 ἐντεύξεως
2647 1509 2743 1564 καὶ⁵
2797 1507 3151 1578 ἐπιδεήσεως,
3213 1508 3394 1572 ἔξεστι
3434 1509 3586 1577 τῷεῐ
3607 1526 3689 1571 τις

2107 1597 2281 1668 βίαιον
2303 1599 2348 1630 ’⁷⁸
2387 1599 2670 1669 ὑπομένοι,
2725 1599 2815 1653 διά
2858 1599 2952 1652 τοῦ
3004 1593 3272 1670 βασιλέως
3330 1599 3692 1669 ἐπιδεηθῆναι

2107 1688 2183 1759 μὴ
2213 1690 2428 1753 πάντως
2453 1690 2559 1743 ὑπὸ
2586 1691 2776 1744 τούτου
2811 1689 3094 1762 βιάζεσθαι
3149 1691 3482 1762 βουλομένου
3514 1709 3688 1747 κατα-

2105 1782 2466 1851 πεπονῆσθαι.
2501 1783 2666 1836 ’Ὥστε
2694 1783 2777 1846 τίς
2804 1784 3042 1854 ἀνάγκη,
3071 1783 3269 1855 ὥσπερ
3307 1785 3364 1837 ἐν
3399 1784 3555 1856 χώρᾳ
3594 1785 3692 1838 πά-

440 1863 493 1916 in
528 1862 684 1927 urbe,
717 1863 812 1916 ubi
853 1861 1069 1917 abunde
1115 1863 1300 1919 auxilii
1337 1875 1441 1933 est,
1475 1866 1590 1922 haec
1639 1866 1774 1924 adeo
1815 1883 1993 1926 exacte

2107 1889 2204 1943 σης
2230 1873 2415 1948 ἐρήμῃ
2441 1874 2718 1945 βοηθείας,
2744 1878 2802 1928 ἐν
2838 1875 3016 1940 πόλει,
3046 1870 3108 1931 οὑ
3133 1877 3418 1950 ἄφθονοςή
3442 1879 3688 1950 βοήθεια,

437 1955 808 2010 requirantur.

493 1977 512 2005 et
541 1973 808 2010 iurantur.

493 1973 785 2091 Slancimus
812 2037 1020 2107 itaque,
1053 2048 1112 2092 ut
1136 2041 1424 2095 secundum
1454 2053 1778 2114 presentem
1813 2063 1998 2104 rerum

416 2134 684 2181 statutum
709 2135 823 2182 tum
844 2145 1046 2192 emere,
1069 2134 1181 2186 tuin
1212 2132 1484 2192 tedilicare
1510 2139 1998 2210 magistratus(22)

417 2216 652 2286 possint,
681 2217 809 2272 etin
846 2221 1218 2290 suscipiendis
1271 2238 1394 2292 quae
1453 2235 1649 2297 sponte
1689 2226 1999 2284 olferuntur

415 2308 742 2363 muneribus
782 2310 920 2380 (25),
957 2314 1352 2369 criminatione
1389 2329 1606 2380 vacent,
1631 2320 1836 2390 quippe
1874 2321 1989 2392 (Ἡ)

413 2415 564 2466 cum,
608 2401 701 2472 qui
728 2402 836 2456 vim
870 2404 1202 2469 sustineant,
1238 2407 1689 2482 quandoeunque
1744 2413 1854 2468 tale
1885 2413 1990 2468 ali-

413 2493 544 2562 quid
583 2493 811 2559 incidat,
843 2495 932 2550 his
988 2497 1357 2566 supplicando
1383 2502 1618 2573 principi
1670 2503 1816 2559 illam
1859 2505 1998 2560 cliu-

411 2597 543 2653 gere
572 2583 845 2654 integrum
874 2586 968 2640 sit.
995 2587 1087 2642 'De
1139 2590 1557 2657 provinciarum
1602 2602 1787 2648 autem
1821 2598 1998 2668 magi-

415 2674 681 2729 stratibus
709 2675 846 2730 illud
877 2677 1108 2746 insuper
1128 2685 1376 2735 statuere
1410 2681 1590 2736 visum
1631 2691 1738 2749 cst,
1761 2694 1822 2739 ut
1851 2701 1988 2756 prte-

414 2766 592 2822 l'ectus
624 2767 981 2838 magistratus
1044 2770 1131 2824 sui
1192 2780 1436 2842 tempore
1479 2789 1656 2843 neque
1691 2776 1992 2846 quidquam

410 2866 579 2924 (sinat,
617 2871 796 2929 neque
828 2857 884 2913 in
915 2874 1077 2914 suum
1129 2876 1289 2915 usum
1326 2873 1593 2928 exstruat,
1631 2883 1807 2937 neque
1837 2868 1993 2923 deni-

410 2963 519 3019 que
549 2951 690 3005 dona
728 2950 900 3007 libere
939 2950 1213 3008 admittat.
1242 2953 1347 3008 Alii
1375 2971 1502 3010 vero
1551 2958 1792 3015 minores
1824 2960 1993 3031 magi-

409 3047 642 3108 stratus,
704 3042 875 3098 relata
942 3043 1008 3099 ad
1061 3045 1380 3115 prazl‘ectum
1425 3063 1503 3114 re,
1552 3050 1726 3115 ipsius
1781 3051 1991 3120 judicio

407 3141 503 3188 aut
534 3143 937 3204 removeantur,
976 3146 1071 3192 aut
1113 3136 1646 3197 administrationem
1697 3145 1972 3215 expleant.

815 3319 1286 3381 CONSTITUTIO
1319 3325 1582 3382 LXXXV.

518 3407 585 3464 Ut
613 3422 792 3486 patres
832 3414 945 3481 (‘25)
975 3417 1066 3485 qui
1090 3419 1302 3479 nuptias
1333 3437 1434 3473 non
1469 3423 1689 3486 iterant,
1719 3424 1880 3477 unius

726 3483 1016 3539 liberorum
1066 3490 1363 3557 portionem
1429 3493 1664 3560 cupiant.

483 3573 623 3626 Idem
662 3574 960 3645 imperator
990 3579 1166 3633 eidem
1209 3580 1475 3653 Styliano.

475 3667 748 3732 Quoniam
785 3673 1004 3726 maritis
1036 3688 1161 3726 cum
1219 3675 1406 3728 liberis
1438 3675 1506 3728 ab
1556 3677 1823 3732 uxoribus
1857 3679 1984 3731 reli-

403 3759 530 3822 ctis,
573 3759 703 3828 quid
735 3760 801 3815 de
826 3761 1125 3819 donatione
1165 3776 1389 3836 pr0pter
1426 3767 1647 3836 nuptias
1693 3771 1858 3824 statui
1889 3770 1984 3824 de-

405 3851 549 3914 beat,
585 3866 692 3905 non
745 3855 1223 3926 prarscripsimus:
1287 3859 1439 3914 illam
1494 3868 1676 3917 autem
1739 3863 1983 3919 donante

401 3943 804 4000 consuetudine
829 3949 1243 4017 praamorientes
1292 3967 1496 4009 uxores
1547 3955 1790 4026 capiunt,
1849 3958 1980 4013 nihil

403 4031 457 4083 in
499 4031 602 4086 hoc
642 4049 743 4089 nos
773 4039 1230 4095 consuetudinem
1288 4041 1656 4101 innovandam
1703 4058 1976 4117 putantes,

400 4124 720 4189 statuimus,
763 4137 822 4182 ut
877 4130 1319 4198 quemadmodum
1375 4135 1643 4193 hactenus
1693 4156 1979 4213 compara-

403 4224 515 4269 tum
572 4216 782 4288 legibus
816 4218 941 4289 fuit,
973 4224 1300 4282 mulieribus
1344 4229 1570 4285 donatio
1618 4242 1842 4303 propter
1871 4252 1976 4290 nu-

399 4305 539 4376 plias
563 4307 755 4365 detur:
789 4311 928 4370 viris
964 4322 1173 4383 autem,
1207 4319 1250 4373 si
1307 4320 1504 4376 iterum
1559 4323 1976 4382 matrimonium

398 4399 753 4468 contrahant,
789 4403 927 4459 nihil
953 4406 1202 4478 accipere
1228 4410 1430 4477 liceat;
1480 4428 1565 4470 sm
1598 4416 1752 4486 prius
1782 4419 1977 4473 matri-

2102 1965 2374 2037 τοσαύτην
2413 1967 2802 2038 ἀκριϐολογίαν
2841 1968 3113 2022 ποιεῖσθαι
3145 1986 3160 2033 ;

2173 2057 2518 2130 Θεσπίζομεν
2547 2060 2593 2092 ⁷³
2621 2058 2735 2126 οὖν,
2768 2059 2910 2136 κατά
2943 2059 3042 2130 τὴν
3099 2060 3196 2114 νῦν
3231 2066 3539 2131 κρατοῦσαν
3577 2061 3688 2114 τῶν

2104 2151 2448 2223 πραγμάτων
2476 2150 2811 2204 κατάστασιν
2843 2151 2938 2204 καὶ
2986 2151 3281 2221 ἀγοράζειν
3311 2153 3357 2184 ⁸⁸³
3414 2153 3509 2206 καὶ
3570 2153 3690 2207 κτίο

2101 2244 2217 2308 ζειν
2251 2244 2380 2308 τοὺς
2428 2244 2718 2316 ἄρχοντας,
2758 2244 2856 2298 καὶ
2908 2244 3002 2297 ἐπὶ
3046 2247 3167 2308 ταῖς
3213 2246 3277 2298 ἐκ
3314 2245 3689 2317 προαιρέσεως

2099 2335 2413 2401 δεξιώσεσιν
2441 2335 2810 2407 ἀνεγκλήτους
2851 2331 3013 2399 εἶναι,
3064 2337 3139 2400 ὡς
3197 2337 3296 2390 οὐκ
3334 2338 3688 2408 ἀπορούντων

2099 2427 2206 2482 τῶν
2249 2427 2635 2497 ὑφισταμένων
2668 2429 2728 2480 τὸ
2763 2428 2956 2497 βίαιον,
2994 2429 3158 2482 ὁπότε
3200 2447 3258 2484 τι
3298 2429 3546 2501 συμϐαίη
3576 2445 3687 2483 τοι·

2098 2520 2279 2586 οὖτον,
2309 2521 2388 2583 είς
2417 2519 2705 2588 ἀποφυγὴν
2749 2519 2836 2573 διὰ
2865 2520 2964 2590 τῆς
2995 2520 3134 2590 πρὸς
3194 2520 3421 2591 βασιλέα
3464 2521 3682 2590 ἐπιϐοή-

2101 2626 2238 2673 σεως
2291 2609 2360 2662 ⁸³.
2413 2608 2551 2679 Περὶ
2617 2608 2674 2662 δέ
2755 2608 2862 2661 τῶν
2923 2607 3046 2662 κατ’
3074 2609 3346 2679 ἐπαρχίας
3411 2609 3679 2679 ἀρχόντων

2097 2703 2274 2754 ἐκεῖνο
2296 2700 2692 2773 προσδιορίζειν
2721 2701 3067 2772 ἐγνώκαμεν,
3105 2702 3164 2754 τὸ
3219 2702 3311 2754 τὸν
3371 2701 3678 2772 στρατηγὸν

2100 2791 2235 2862 μήτε
2265 2790 2576 2862 ἀγοράζειν,
2639 2794 2776 2860 μήτε
2806 2809 2858 2845 τι
2901 2791 3013 2846 τῶν
3073 2793 3155 2855 εἰς
3194 2793 3333 2846 ίδίαν
3382 2792 3682 2846 ἀπόλαυσιν

2096 2885 2155 2936 ἐν
2183 2881 2260 2953 τῷ
2314 2881 2492 2954 καιρῷ
2542 2883 2639 2953 τῆς
2674 2883 3035 2954 στρατηγίδος
3088 2884 3392 2955 οἰκοδομεῖν
3416 2885 3462 2917 ⁸³
3492 2887 3680 2956 τιμῆς,

2099 2979 2233 3047 μήτε
2253 2977 2389 3047 πρὸς
2415 2976 2626 3048 δωρεᾶς
2669 2978 2944 3032 οἰκείωσιν
2976 2977 3273 3042 ἀκωλύτως
3331 2979 3479 3050 ἔχειν
3501 2995 3516 3009 °
3547 2980 3681 3042 τοὺς

2095 3069 2140 3123 δ’
2163 3069 2352 3133 ἀλλους
2383 3069 2797 3142 ὑποϐεϐηκότας
2830 3071 3118 3144 ἄρχοντας,
3157 3073 3572 3143 ἀναφερομένου
3601 3071 3680 3141 τῷ

2014 3188 2058 3249 C
2095 3163 2487 3232 στρατηγοῦντι
2543 3163 2637 3216 τοῦ
2683 3165 3005 3236 πράγματος
3058 3166 3156 3219 σὺν
3205 3169 3272 3236 τῇ
3293 3165 3499 3243 ἐκείνου
3559 3165 3678 3218 δια-

2093 3252 2344 3324 γνώσειῆ
2379 3253 2738 3324 ἀπείργεσθαι
2766 3256 2798 3325 ἢ
2845 3256 3130 3325 περαίνειν
3173 3256 3274 3327 τὴν
3305 3256 3594 3327 διοίκησιν.

2585 3346 2898 3399 ΔῐΛΤΑΞΙΣ
2936 3347 3040 3400 ΠΕ⁹
3058 3348 3124 3403 ⁸³.

2093 3428 2229 3499 Περὶ
2256 3429 2362 3484 τοῦ
2384 3429 2527 3497 τοὺς
2543 3430 2627 3501 μὴ
2655 3432 3114 3517 διγαμήσιξντας
3153 3437 3416 3506 πατέρας
3445 3438 3676 3509 λαμϐά-

2703 3520 2836 3557 νειν
2851 3523 3091 3574 parpar.

2172 3591 2228 3645 '0
2259 3591 2419 3656 αὑτὸς
2447 3593 2697 3662 βασιλεὺς
2713 3595 2990 3668 Στυλιανῷ
3013 3597 3090 3669 τῷ
3112 3600 3283 3671 αὐτῷ.

2171 3683 2324 3736 Ἐπεὶ
2357 3684 2606 3756 περὶτῶν
2628 3685 2724 3739 ἐπὶ
2755 3689 2944 3742 παισὶν
2967 3690 3142 3745 ὀπίσω
3191 3691 3674 3764 καταλειπομένων

2085 3777 2194 3828 τῶν
2219 3774 2505 3846 ὁμοζύγων
2529 3776 2682 3830 οὐδὲν
2709 3779 2878 3851 ἐπεση
2890 3782 3182 3854 μηνάμεθα
3216 3783 3474 3854 πατέρων
3529 3784 3660 3852 περὶ

2084 3868 2178 3921 τοῦ
2212 3868 2499 3935 ὑποϐόλου,
2523 3869 2683 3924 τοῦτο
2729 3870 2786 3925 δὲ
2814 3874 2907 3926 καὶ
2953 3875 3317 3946 προλιποῦσαι
3350 3878 3398 3909 ⁸⁵
3429 3877 3520 3929 τὸν
3555 3875 3668 3946 βίον

2084 3960 2138 4012 αἱ
2161 3961 2401 4029 γαμεταὶ
2441 3960 2782 4030 λαμϐἀνουσι
2815 3964 3170 4038 δωρουμένης
3205 3968 3304 4038 τῆς
3337 3968 3652 4038 συνηθείας,

2083 4049 2238 4102 οὐδέν
2271 4067 2324 4103 τι
2383 4051 2524 4104 κατά
2580 4051 2740 4106 τοῦτο
2782 4059 3126 4126 καινοτομεῖν
3167 4059 3330 4128 ἡμεῖς
3374 4059 3473 4128 τὴν
3537 4075 3670 4110 συν-

2083 4144 2273 4216 ήθειαν
2337 4147 2671 4217 διαγνόντες,
2729 4152 3002 4222 ὁρίζομεν,
3055 4154 3310 4226 καθάπερ
3359 4157 3451 4209 καὶ
3505 4158 3667 4228 μέχρι

2079 4237 2234 4292 τοῦδε
2277 4239 2616 4311 νενόμισται,
2640 4241 2879 4296 δίδοσθαι
2909 4246 3025 4308 ταῖς
3055 4247 3271 4314 γυναιξὶ
3299 4253 3359 4299 τὸ
3379 4248 3665 4314 ὑπόϐολον,

2079 4333 2191 4394 τοῖς
2223 4330 2280 4384 δὲ
2300 4331 2526 4404 ἀνδράσι
2559 4333 2696 4404 πρὸς
2725 4335 2825 4404 μὲν
2847 4335 3112 4408 δευτέραν
3166 4337 3385 4392 ἐλθοῦσι
3421 4342 3667 4412 γαμικὴν

2081 4421 2340 4492 συζυγίαν
2366 4423 2532 4494 μηδὲν
2562 4425 2761 4490 ἐξεῖναι
2804 4427 3128 4498 λαμϐάνειν,
3175 4431 3379 4501 τιμῶσι
3451 4433 3507 4485 δὲ
3564 4433 3667 4503 τὴν

397 4489 643 4545 monium
674 4502 1030 4563 venerentur,
1057 4498 1110 4552 in
1147 4505 1648 4562 remunerationem
1679 4507 1846 4578 hujus
1874 4509 1975 4565 ho-

2095 4489 2302 4586 τρώτην
2347 4489 2643 4586 συνάφειαν
2685 4518 2860 4590 δῶρον
2879 4489 2982 4591 τῆς
3025 4489 3284 4593 metire:
3319 4524 3486 4593 τιμῆς
3550 4489 3659 4594 dli;-

395 4580 638 4637 noriiicae
673 4584 992 4656 voluntatis,
1026 4590 1164 4661 ipsis
1205 4594 1372 4650 unius
1429 4596 1730 4654 liberorum
1787 4589 1972 4672 portio

2095 4580 2363 4677 ›ρίξεσθαι
2430 4580 2643 4675 τούτοις
2704 4580 2897 4682 μοῖραν
2928 4580 3137 4678 παιδός.
3200 4580 3525 4686 Τόξύττςνᾜι
3561 4580 3661 4685 την

396 4683 759 4747 secernatur;
791 4680 954 4749 idque
985 4683 1086 4739 hac
1118 4684 1350 4756 ratione,
1394 4699 1450 4746 ut
1495 4692 1542 4747 si
1579 4693 1668 4748 illa
1715 4693 1972 4751 donatio-

2085 4699 2278 4768 μοῖραν
2317 4698 2633 4773 ἐκλογισμῷ
2675 4701 3098 4786 ὑποϐάλλεσθαι,
3134 4704 3240 4760 κᾶν
3281 4706 3383 4778 μὲν
3415 4705 3659 4777 φαίνοιτο

1685 4785 1922 4842 νΑιιιΑε
1958 4786 2368 4847 LECTIONES.

483 4855 748 4935 "’_Steph.
802 4884 856 4922 τι
909 4871 1226 4928 addendum
1283 4887 1495 4935 censet.

395 4993 748 5063 προλιποῦσί.

1597 4880 1645 4913 79
1679 4881 1771 4913 Pal
1862 4883 2030 4913 ἷηηζσιξ

419 4922 430 4934 .
559 4881 748 4930 nuupm
802 4884 856 4922 τι
909 4881 1226 4928 addentium
1283 4887 1495 4935 censet.
1597 4881 1645 4913 ⁷⁸
1679 4881 1795 4936 Ecl.
1862 4883 2080 4954 incipit,
2182 4886 2228 4918 ⁸⁸
2248 4886 2480 4957 Scrimg.
2525 4888 2681 4960 ἐργάζ

398 4921 924 5030 Ξξὲριξὲξξδὲἱεοοωι
960 4945 1312 5017 ἐπιδεήσεως.
1386 4949 1433 4982 ⁸³
1463 4951 1538 5005 lla
1560 4959 1708 5008 recte
1730 4951 1891 5010 Beck.
1921 4954 2094 5011 Codd.
2125 4965 2180 5012 et
2212 4957 2326 5013 Ecl.
2357 4960 2681 5030 οἰκονομεῖν.

3292 4892 3656 4958 ἐπιϐιώσεως.

2182 4886 2228 4918 ⁸ο
2248 4886 2480 4957 Scrimg.
2525 4888 2801 4960 ἐργάζειν.
2907 4889 2949 4922 ⁸¹
2987 4889 3223 4960 Scrimg.
3292 4892 3614 4954 ἐπιϐιώσεωι

2212 4957 2326 5013 Ecl.
2357 4960 2681 5019 οἰκονομεῖν.
2789 4960 2836 4992 ⁸³
2862 4961 2980 5017 Ecl.
3016 4960 3152 5018 Nov.
3187 4962 3280 5018 42.
3387 4964 3433 5003 ⁸⁸
3463 4963 3614 5019 Stenl

3527 4981 3654 5038 epn.

2789 4960 2836 4992 ⁸³
2862 4961 2980 5017 Ecl.
3016 4960 3152 5018 Nov.
3187 4962 3280 5018 42.

1925 5091 2159 5151 NOTAE.

396 5159 844 5254 ἓῇςὲᾒ-Ειιὶὶιιιιιῖ
865 5167 1009 5254 sci|.,
1059 5181 1115 5223 ut
1137 5244 1149 5254 _
1174 5174 1398 5254 indicat.
1428 5189 1627 5254 praeter
1651 5187 1960 5254 sequentia,

395 5233 704 5316 inscriptio.
728 5233 870 5316 Idem
909 5247 1090 5316 tamen
1117 5244 1183 5298 de
1225 5233 1964 5316 proviiuriialibusﬂcoiisiitu:

393 5307 505 5399 tum
537 5303 706 5399 ξςιδρη
735 5320 765 5358 a
799 5303 986 5399 Lieone
1007 5303 1672 5399 llarmenopulusiftit.

391 5367 478 5468 ἒξ,
546 5371 596 5424 in
637 5372 752 5468 ομ,
790 5376 878 5430 ubi
939 5392 992 5460 et
1027 5386 1226 5468 solutio.
1254 5367 1958 5468 excipit-vdzparqﬁquiii

387 5436 635 5537 'Mcrcero
655 5436 762 5537 du‘x
794 5450 1102 5537 exercitus:
1134 5436 1821 5537 aedilis""itaHJaIcl'ﬁJi'i

388 5514 613 5583 terni-eti
645 5515 901 5574 tribunus
940 5522 1172 5576 militum
1196 5527 1420 5583 dicitur.

457 5577 571 5673 (si)
603 5585 808 5673 alios}:
834 5588 886 5654 ο,
911 5587 1010 5660 §3.
1037 5592 1089 5648 α.
1119 5577 1700 5670 θοόιῦσὶῗιὶι-οεοηευι.
1722 5607 1756 5662 ι.
1789 5609 1874 5673 ts,
1901 5609 1957 5665 ir.

384 5645 580 5722 Dcol)‘.
613 5657 831 5722 prmsid.

460 5720 572 5789 (‘24)
603 5720 1174 5810 Sprimg.‘it:r”|taltct.,_
1210 5736 1284 5810 th;
1313 5739 1411 5791 οὑκ
1445 5741 1792 5810 ἀπορούντων
1845 5750 1953 5802 τῶν

388 5788 892 5864 ὑφιστναμένιινντὸν
927 5799 1117 5868 βίαιον,
1155 5788 1311 5858 ὁπότε
1345 5826 1395 5860 τι
1418 5788 1948 5883 συμϋδλίηποιοῦτον,

2065 5191 2164 5269 εἰς,
2197 5191 2627 5269 ἀποφυγὴν-διὰ
2669 5195 2771 5269 τῆς
2809 5195 2949 5269 πρὸς
3004 5197 3232 5268 βασιλέα
3282 5197 3651 5269 ἐπιϐοήσεως.

2065 5261 2254 5339 ςιιὶεο.
2310 5261 2453 5339 vero
2484 5265 2571 5328 l7,
2629 5261 2752 5322 obs.
2809 5261 2900 5330 32,
2931 5261 3088 5332 ’τοὺς
3135 5261 3560 5339 ὑφισταμένους,
3591 5261 3653 5339 τὺ

2066 5331 2248 5418 βίαιον
2269 5334 2370 5388 οὑκ
2393 5337 2624 5405 ἀπορεῖν
2651 5339 2950 5409 ἀποφυγὴν
2974 5331 3077 5418 διά
3100 5331 3199 5409 τῆς
3236 5331 3649 5418 πρὸς-βασιλέα

2063 5403 2424 5474 ἐπιϐοήσεως,
2471 5403 2538 5460 eo
2595 5403 2790 5473 sensu,
2835 5403 2942 5463 non
3003 5403 3196 5465 deesse
3245 5403 3513 5462 auxilium
3565 5407 3650 5462 his

2064 5473 2267 5540 quibus
2297 5475 2380 5530 vis
2419 5475 2679 5542 infertur,
2713 5493 2839 5533 cum
2895 5481 3109 5550 possint
3159 5478 3461 5550 principem
3491 5479 3648 5532 invo-

2073 5557 2221 5597 care.

2147 5612 2260 5681 (25)
2285 5612 2568 5671 Secundas
2595 5619 2816 5687 nuptias
2845 5634 2952 5674 non
2979 5621 3314 5674 contrahcns
3347 5627 3504 5687 pater
3523 5631 3648 5685 por-

2070 5681 2270 5737 tionem
2299 5687 2462 5758 unius
2495 5681 2790 5758 liberorum
2817 5691 2987 5758 capit,
3011 5698 3068 5744 ut
3101 5690 3224 5753 hic;
3255 5681 3397 5745 idem
3428 5687 3496 5744 dc
3525 5681 3646 5741 man

2065 5761 2148 5808 tre
2183 5755 2543 5812 constitutum
2571 5756 2690 5818 fuit.
2721 5759 2858 5815 Nov.
2883 5755 2974 5827 2‘2,
2997 5777 3045 5815 s.
3089 5760 3213 5815 eod.
