4062 6202
388 295 491 360 597

1481 300 1845 363 NOVELLE
1876 302 2551 370 CONSTI'I‘UTIONES.

3546 304 3652 371 593

386 406 477 464 ἐπῗ
507 404 621 458 ἴσον
666 402 942 473 φθάνουσα
1023 402 1100 474 τῷ
1174 403 1422 475 ὑποὸόλῳ
1475 406 1509 476 ἦ
1575 406 1960 478 ὑπερεκτεινο-

2082 425 2185 464 tem
2211 422 2430 484 propter
2453 415 2671 484 nuptias
2699 417 2780 471 vel
2833 423 3012 487 aequet
3043 414 3156 487 (ΩΒ)
3192 415 3273 471 vel
3333 430 3648 484 exsuperet,

391 499 551 567 μόνη,
581 495 928 566 ἐξαρκεῖσθαι
983 495 1079 549 ἐπὶ
1108 497 1279 568 ταύτῃ
1315 497 1408 550 τὸν
1445 497 1816 568 λαμδέινοντα,
1867 499 1957 552 διὰ

388 591 450 645 τὸ
480 589 698 654 πάντως
751 590 786 660 ἢ
839 589 1203 660 κερδαίνεινῆ
1251 590 1522 661 μηδεμίαν
1599 591 1804 663 ζημίαν
1859 592 1963 661 ὑφ-

393 683 676 738 ίστασθαιο
707 684 755 736 εί
792 682 837 736 δ’
867 682 968 736 οὐκ
1019 682 1312 746 ἐξικνεῖται
1341 683 1374 752 ἡ
1404 685 1598 754 μοῖρα.
1652 683 1768 736 ἀλλ’
1823 685 1964 739 ἐνδεῖ

387 774 482 827 τοῦ
505 773 791 836 ὕποὸόλου,
858 772 996 843 μήτε
1012 789 1065 824 τι
1090 770 1200 824 τῶν
1246 772 1463 825 οἰκείων
1505 774 1533 824 ὁ
1583 771 1723 843 ἀνὴρ
1751 771 1964 839 διδότω,

393 868 530 940 μήτε
582 866 691 921 τῶν
745 866 844 937 τῆς
899 864 1216 935 γυναικείας
1265 865 1555 935 ὑπάρξεως
1611 866 1658 898 ⁸⁸
1702 865 1968 936 ἀντιλαμ-

389 961 620 1016 σανὲτω.

918 1045 1236 1102 ΔΙΔΤΔΞΙΣ
1269 1049 1414 1115 HG”.

392 1142 530 1208 Περὶ
555 1139 668 1208 τῆς
715 1136 1004 1208 τῖιλιιιιονπιλιςΔ
1043 1135 1163 1208 τῶν
1216 1138 1606 1208 σννηγορίαις
1640 1137 1680 1204 ἢ
1731 1134 1972 1208 ἐγγύίαις

460 1200 500 1279 ἣ
549 1200 926 1280 μιοίθώοῖεοῖιν
1065 1207 1192 1280 τοῖς
1252 1200 1469 1280 ᾇλλὸιςξ
1519 1200 1970 1280 πάρᾴπλὴξγίοις

460 1274 922 1350 προσνεμόντων
957 1275 1210 1343 ἑαυτοὺς
1247 1274 1617 1346 ἐπισκόπων,
1635 1274 1674 1346 ἢ
1703 1274 1904 1346 ἱερέων
1928 1277 1968 1344 ἢ

465 1349 786 1420 κληρικῶν.

478 1443 536 1496 '0
565 1441 726 1504 αὐτὸς
753 1437 1005 1508 βασιλεὺς
1034 1435 1316 1508 Στυλιανῷ
1339 1435 1418 1507 τῷ
1446 1434 1615 1507 αὐτῷ.

462 1533 602 1596 Τοὺς
635 1530 774 1602 πρὸς
790 1529 852 1582 τὸ
881 1529 1023 1582 θεῖον
1073 1527 1169 1582 καὶ
1205 1527 1350 1599 ἱερὸν
1379 1526 1532 1598 βῆμα
1554 1527 1660 1580 ὑπὸ
1697 1526 1797 1596 τῆς
1817 1522 1969 1589 θείας

393 1623 725 1691 ἁγαθότητος
745 1619 1154 1689 ἐξειλεγμένους
1189 1618 1250 1672 οὐ
1307 1617 1466 1688 μόνον
1503 1619 1601 1688 τῆς
1658 1616 1826 1687 ἄλλης
1869 1617 1969 1670 αί-

2069 520 2136 557 eo
2168 506 2312 571 quod
2342 519 2436 561 aut
2467 510 2703 571 lucrum,
2754 519 2847 563 aut
2885 510 3073 564 saltem
3125 510 3338 563 nullum
3375 510 3635 562 damnum

2071 598 2362 664 sentiatur,
2416 599 2517 654 hac
2559 609 2779 670 accepta
2834 601 2912 654 illi
2971 602 3216 655 contenti
3265 601 3405 654 sint:
3451 601 3494 656 si
3522 615 3654 654 vero

2071 702 2180 741 non
2210 698 2459 758 exaequet
2494 700 2658 760 atque
2695 692 2875 745 minor
2901 691 2993 757 sit,
3022 706 3198 761 neque
3222 692 3290 745 de
3332 707 3434 746 suo
3479 692 3644 761 quid-

2070 793 2232 848 quam
2257 777 2413 842 dent,
2431 795 2608 849 neque
2635 795 2666 835 e
2685 781 2889 836 diverso
2923 795 2990 835 ex
3011 780 3260 835 mulieris
3292 781 3452 836 bonis
3485 780 3649 850 quid-

2071 885 2237 940 quam
2263 871 2562 943 accipiant.

2445 1045 2910 1105 CON'STITUTIO
2977 1047 3266 1102 LXXXVI.

2072 1139 2149 1194 De
2173 1157 2322 1210 poma
2344 1141 2733 1208 episcoporum.
2771 1140 3104 1194 sacerdotum
3133 1139 3524 1210 etqclericorum
3563 1142 3654 1202 qui

2143 1208 2199 1266 se
2215 1210 2668 1275 advocationibus,
2697 1210 3069 1278 sponsionibus
3099 1208 3450 1279 redempturis
3506 1212 3653 1264 aliis-

2142 1297 2200 1336 ve
2224 1281 2486 1336 similibus
2517 1281 2715 1334 dedunt
2749 1281 2882 1351 (27).

2142 1441 2288 1500 Idem
2320 1443 2619 1512 imperator
2645 1442 2819 1497 eidem
2853 1440 3126 1512 Styliano.

2142 1530 2243 1598 Qui
2273 1547 2303 1584 a
2326 1531 2511 1586 divina
2545 1531 2788 1587 bonitate
2816 1534 2882 1587 ad
2913 1535 3159 1589 divinum
3190 1545 3645 1594 sacrosanctqu-

2072 1639 2176 1693 que
2233 1624 2402 1678 altare
2456 1623 2650 1678 delecti
2702 1633 2852 1690 sunt,
2894 1625 2996 1681 bos
3053 1642 3167 1681 non
3199 1629 3357 1684 modo
3386 1645 3416 1684 a
3450 1633 3656 1700 peccati

394 1716 686 1787 σχρότητος
718 1713 820 1782 τῆς
845 1712 1122 1784 ἁμαρτίας
1145 1709 1294 1777 ἄξιον
1325 1708 1678 1781 καθαρεύειν,
1704 1710 1841 1764 ἀλλὰ
1869 1710 1968 1764 καὶ

2082 1711 2407 1780 turpitudine
2431 1713 2663 1768 mundos
2699 1731 2840 1778 esse,
2861 1731 3051 1770 verum
3087 1717 3252 1772 etiam
3283 1734 3314 1772 a
3348 1722 3660 1776 communis

392 1809 493 1877 τῆς
524 1805 694 1874 ὁπόση
721 1806 834 1866 τοῖς
870 1803 1072 1866 κοινοῖς
1108 1801 1204 1856 καὶ
1245 1801 1521 1872 βιωτικοῖς
1573 1801 1971 1872 ἐπισυνέστηκε

395 1895 714 1964 πράγμασιν
743 1891 956 1964 ἀηδίας.
997 1892 1208 1962 Ὥσπερ
1237 1891 1347 1962 γὰρ
1375 1891 1476 1945 οὐκ
1507 1891 1684 1958 ἐξεστι
1707 1891 1774 1945 τὰ
1815 1891 1964 1946 ἄλλα

393 1987 494 2056 τῆς
512 1985 777 2056 ἀχράντου
812 1984 907 2038 καλ⁸
946 1983 1099 2052 ίερᾶς
1144 1981 1426 2052 ἁγιστείας
1450 1983 1716 2054 κειμήλια
1741 1983 1829 2038 διὰ
1871 1983 1972 2053 τῆς

397 2077 582 2145 κοινῆς
607 2074 1034 2145 καθυϐρίζεσθαι
1089 2075 1361 2145 χρήσεως,
1414 2075 1506 2128 τὸν
1535 2075 1698 2129 αὑτὸν
1769 2075 1973 2146 τρόπον

393 2167 622 2223 οὐδὲτοῦ
660 2167 930 2238 ἀχράντου
950 2165 1339 2238 θυσιαστηρίου
1370 2166 1440 2221 τὰ
1464 2167 1685 2236 ἔμψυχα
1713 2167 1973 2238 κειμήλια

397 2259 821 2314 κοινοποιεῖσθαι
867 2258 1139 2328 προσήκει
1170 2261 1241 2328 τῇ
1296 2259 1450 2329 κοινῇ
1489 2258 1811 2329 συγχρήσει,
1839 2257 1976 2313 ἀλλὰ

399 2351 582 2422 μένειν
606 2351 662 2404 ἐν
690 2343 726 2424 ᾖ
749 2350 1081 2420 ἁφιέρωνται
1111 2349 1265 2414 τάξει
1300 2348 1398 2420 τὴν
1441 2349 1742 2420 ἀφιέρωσιν
1769 2349 1971 2420 ἄχραν-

397 2461 486 2496 τον
518 2441 780 2505 σώζοντα.
812 2441 948 2494 Λίαν
975 2441 1084 2511 ἄρα
1109 2440 1457 2512 ἱεροπρεπῶς
1488 2442 1519 2511 ἡ
1553 2440 1664 2494 τῶν
1701 2440 1972 2511 θεοκηρύ-

400 2552 512 2588 κων
563 2532 881 2587 ἀποστόλων
922 2530 1103 2600 ψῆφος
1135 2533 1264 2594 τοὺς
1309 2529 1722 2600 συνηγορίαιςῆ
1748 2529 1976 2597 ἐγγύαις

402 2625 432 2696 ἢ
473 2625 802 2696 μισθώσεσιν
847 2623 882 2695 ἢ
947 2624 1060 2686 τοῖς
1105 2622 1289 2685 ἄλλοις
1309 2621 1712 2693 παραπλησίοις
1745 2621 1978 2692 προσνέ-

403 2733 605 2788 μοντας
653 2715 883 2778 ἑαυτοὺς
935 2712 1333 2784 ἐπισκόπουςῆ
1389 2713 1558 2785 ίερεῖς
1601 2713 1635 2784 ἢ
1682 2713 1978 2784 κληρικοὺς

399 2810 499 2880 τῆς
543 2809 694 2880 ἱερᾶς
718 2808 1028 2877 ἅπογυμνοῖ
1058 2806 1287 2872 τάξεως.
1314 2808 1378 2860 Οί
1412 2807 1519 2877 γὰρ
1549 2806 1650 2878 τὴν
1707 2805 1858 2877 παρὰ
1884 2806 1976 2858 τοῦ

401 2901 663 2970 παναγίου
717 2900 1034 2970 Πνεύματος
1066 2897 1360 2969 διδομένην
1423 2897 1608 2959 αὐτοῖς
1636 2896 1800 2968 τιμὴν
1834 2896 1978 2950 οὕτω

403 2990 846 3062 περιυϐρίζοντες
877 2990 974 3044 καὶ
1002 2989 1064 3042 τὺ
1090 2988 1302 3043 ἑαυτῶν
1330 2987 1494 3060 μέρος
1523 2988 1582 3041 τὸ
1624 2986 1758 3057 ὕψος
1782 3005 1978 3041 ταπει-

2074 1805 2201 1859 vitae
2232 1805 2464 1874 negotiis
2486 1813 2540 1859 et
2565 1806 2828 1861 molestiis
2879 1823 3075 1865 vacare
3122 1811 3302 1866 decet.
3335 1810 3655 1866 Sicutenim

2071 1895 2179 1949 alia
2245 1895 2660 1951 incontaminati
2732 1899 2985 1968 sacrique
3049 1901 3235 1956 cultus
3305 1895 3671 1957 monumenta

2072 1987 2283 2057 vulgari
2310 1988 2743 2044 contrectatione
2774 1989 3053 2058 profanari
3079 2008 3184 2046 non
3205 1992 3330 2048 licet
3362 2011 3377 2049 :
3415 1993 3482 2047 ad
3505 2009 3663 2048 eum-

2073 2079 2194 2135 dem
2228 2080 2448 2134 modum
2497 2095 2675 2150 neque
2734 2081 2976 2134 animata
3027 2081 3365 2137 immaculati
3428 2084 3658 2138 sacrarii

2073 2179 2394 2227 ornamenta
2445 2171 2724 2227 communi
2754 2186 2855 2226 usu
2885 2169 3227 2238 dedecorari,
3287 2173 3382 2227 sed
3409 2172 3462 2226 in
3489 2188 3654 2242 quem

2073 2265 2324 2321 ordinem
2357 2271 2680 2319 consecrata
2702 2273 2850 2327 sunt,
2876 2263 2929 2318 in
2953 2265 3145 2319 eodem
3179 2265 3658 2320 consecrationem

2075 2371 2269 2427 puram
2299 2370 2629 2412 conservare
2654 2354 2933 2411 convenit.
2963 2355 3266 2411 Admodum
3285 2356 3451 2426 igitur
3465 2357 3663 2412 decen-

2076 2456 2160 2504 ter
2195 2448 2596 2518 apostolorum,
2651 2462 2964 2518 prmconum
3021 2445 3140 2508 Dei.
3211 2447 3514 2515 decretum,
3543 2447 3662 2518 epi-

2077 2554 2297 2610 scepos,
2331 2537 2741 2604 saccrdotcs,et
2766 2538 3023 2602 clericos,
3075 2541 3254 2607 quise
3284 2539 3663 2593 advocationi-

2077 2631 2186 2687 bus
2235 2629 2370 2700 (‘28),
2407 2627 2799 2700 sponsionibus
2830 2628 2941 2699 (‘29)
2974 2629 3344 2700 redempturis
3380 2630 3492 2702 (30)
3545 2631 3668 2685 idve

2078 2737 2251 2794 genus
2302 2721 2426 2779 aliis
2479 2721 2590 2790 (3|)
2623 2719 2790 2776 rebus
2823 2719 3056 2786 dedunt,
3082 2736 3244 2776 sacro
3270 2722 3463 2777 ordine
3493 2722 3669 2776 denu-

2077 2815 2192 2870 dat.
2222 2815 2325 2881 Qui
2357 2813 2502 2868 enim
2518 2813 2838 2868 attributam
2875 2811 2979 2867 sibi
3008 2827 3036 2865 a
3061 2821 3421 2868 sacrosancto
3459 2811 3666 2884 Spiritu

2079 2905 2401 2976 dignitatem
2463 2903 2602 2959 adeo
2633 2903 3022 2968 dehonestant,
3055 2911 3111 2957 et
3143 2914 3409 2975 quantum
3442 2903 3497 2957 in
3531 2904 3668 2974 ipsis

2082 3007 2194 3060 cst,
2238 2994 2632 3051 sublimitatem
2682 2993 2873 3066 gratia:
2907 2993 3248 3064 deprimunt,
3279 2994 3475 3049 merito
3503 2994 3668 3063 cujus

404 3083 620 3148 νοῦντες
656 3085 754 3154 τῆς
785 3083 1033 3155 χάριτος,
1107 3081 1331 3145 δικαίως
1380 3075 1469 3134 οἷα
1503 3082 1603 3151 τῆς
1660 3080 1976 3151 εὐεργεσίας

2084 3086 2331 3142 beneﬁcii
2383 3084 2812 3155 magnitudinem
2864 3099 2974 3140 non
2999 3085 3266 3151 sentiunt,
3317 3100 3384 3141 eo
3421 3093 3482 3139 ut
3520 3085 3668 3140 indi-

335 3204 344 3213 -
405 3177 636 3243 ἀνάξιοι,
655 3171 723 3248 ἦς
739 3174 800 3228 τὸ
828 3174 1057 3246 μέγεθος
1080 3174 1180 3227 οὐκ
1213 3172 1583 3239 αἰσθάνονται,
1613 3173 1712 3244 τὴν
1744 3171 1978 3245 ἀφαίρε-

403 3287 485 3324 σιν
504 3269 946 3340 κατακρίνονται.
977 3268 1124 3339 Πλὴν
1161 3267 1275 3321 ἀλλ’
1309 3267 1495 3338 ἐπειδὴ
1516 3266 1653 3338 πρὸς
1693 3266 1792 3338 τὴν
1817 3266 1984 3336 ἀκρό-

401 3381 539 3436 τητα
565 3363 660 3418 τοῦ
690 3361 1087 3432 πολιτεύματος
1110 3361 1220 3413 τῶν
1246 3360 1407 3414 θείων
1428 3359 1653 3412 ἐκείνων
1667 3356 1976 3428 νομοθετῶν

401 3457 430 3509 δ
464 3453 657 3527 παρὼν
696 3452 814 3524 βίος
859 3450 1195 3506 ἐντείνεσθαι
1252 3447 1607 3518 ἀτονώτερος,
1649 3446 1706 3498 ἐν
1768 3440 1849 3508 οἷς
1885 3444 1984 3496 οὐκ

405 3545 788 3616 ἁσύγγνωστον
803 3545 848 3576 ⁸⁸
867 3544 925 3597 τὸ
944 3543 1268 3614 ἁμάρτημα,
1298 3537 1474 3610 οἶμαι,
1496 3538 1598 3592 οὐκ
1617 3537 1772 3590 ἐσται
1801 3536 1981 3598 αὐτοῖς

407 3637 722 3709 ἀπαρέσκον
776 3635 1004 3707 μετρίαν
1073 3632 1195 3686 τινὰ
1228 3629 1412 3686 δοῦναι
1459 3628 1796 3700 συγγνώμην
1871 3628 1984 3690 τοῖς

409 3729 829 3800 σφαλλομένοις.

468 3823 566 3877 Διὰ
615 3822 776 3876 τοῦτο
804 3823 960 3893 ἡμεῖς.
1006 3820 1107 3873 οὐκ
1145 3814 1692 3886 ἀντινομοθετοῦντες
1729 3814 1980 3882 (ἄπαγε),

406 3915 545 3968 ἀλλὰ
579 3914 779 3984 μᾶλλον
823 3913 901 3984 τῷ
949 3909 1082 3982 ἱερῷ
1113 3907 1448 3978 θεσπίσματι
1483 3905 1863 3976 συνεπόμενοι,
1892 3905 1986 3958 καὶ

408 4007 554 4060 ὥστε
601 4005 740 4077 μηδὲ
771 4005 1046 4076 πρόφασιν
1079 4000 1378 4068 ἀπολογίας
1411 3996 1824 4070 περιλείπεσθαι
1872 3999 1986 4062 τοῖς

410 4095 688 4153 ὑπἀὐτοῦ
717 4093 1256 4164 καταδικαζομένοις,
1290 4089 1563 4163 ὁρίζομεν,
1594 4089 1723 4154 τοὺς
1749 4088 1847 4159 τὴν
1887 4089 1967 4142 oi-

410 4190 564 4244 κείαν
585 4189 741 4254 τάξιν
762 4189 1040 4260 ἀρχιερεῖς
1064 4185 1096 4254 ἢ
1133 4184 1296 4253 ἱερεῖς
1320 4181 1354 4254 ἦ
1382 4181 1522 4244 ὅλως
1569 4181 1694 4236 τινὰ
1723 4180 1986 4251 κληρικὸν

408 4280 496 4332 διὰ
543 4276 873 4349 συνηγορίας
934 4272 1196 4344 ἣέγγύης
1238 4271 1411 4343 ἢτῶν
1433 4269 1720 4334 ,τοιούτων
1766 4270 1986 4342 τρόπων

410 4368 736 4432 ἀθετοῦντας
769 4363 1124 4437 ἀφορίζεσθαι
1149 4362 1244 4416 καὶ
1263 4360 1544 4432 σχολάζειν
1583 4362 1676 4414 ἐπί
1711 4379 1832 4414 τινα
1859 4362 1984 4434 χρό-

410 4478 500 4515 νον
529 4460 625 4514 τοῦ
653 4460 722 4512 τὰ
741 4457 860 4511 θεῖα
875 4456 1116 4525 ἐνεργεῖν
1137 4469 1152 4485 °
1177 4453 1271 4507 καὶ
1299 4450 1474 4516 οὕτως
1499 4452 1656 4517 ἀξίαν
1684 4453 1777 4506 τοῦ
1807 4455 1990 4526 ἁμαρ-

411 4554 659 4625 τήματος
684 4548 1112 4619 ἐπιδεδειγμένοι
1143 4545 1438 4617 μετάνοιαν
1468 4545 1549 4610 είς
1568 4545 1666 4617 τὴν
1694 4546 1802 4600 τῶν
1830 4546 1989 4601 θείων

418 4645 794 4716 μεταχείρισιν
821 4640 1248 4709 είσαγέσθωσαν,
1297 4637 1548 4700 ἀκοίνους
1569 4637 1613 4669 ⁸⁷
1645 4638 1873 4703 ἑαυτοὺς
1923 4641 1988 4692 ἐκ

411 4737 509 4804 τῆς
534 4736 796 4806 βιωτικῆς
826 4732 1184 4803 συγχρήσεως
1214 4729 1351 4799 πρὸς
1382 4728 1451 4782 τὰ
1494 4727 1687 4782 ἔπειτα
1710 4729 1860 4803 πάσῃ
1888 4730 1984 4784 δυ·-

418 4830 572 4899 νάμει
602 4828 885 4899 συντηρεῖν
903 4823 1463 4895 καθομολογήσαντες.
1487 4821 1546 4874 El
1577 4820 1634 4874 δέ
1683 4821 1846 4875 πάλιν
1869 4825 1984 4887 τοῖς

2018 4413 2071 4473 D

2086 3178 2197 3250 gni,
2229 3176 2483 3248 privandi
2537 3175 2880 3247 judicantur.
2929 3173 3322 3232 Verumtamen
3353 3175 3483 3246 quia
3515 3191 3664 3231 nunc

2086 3269 2346 3340 temporis
2409 3268 2698 3323 hominum
2726 3282 2922 3338 genus,
2956 3281 3121 3338 quam
3157 3274 3218 3323 ιιι
3239 3267 3307 3322 ad
3346 3267 3668 3323 constituta:

2084 3376 2115 3414 a
2138 3360 2337 3416 divinis
2363 3360 2485 3416 istis
2509 3357 2918 3430 legislatoribus
2941 3357 3155 3412 vivendi
3192 3357 3423 3413 rationis
3452 3359 3663 3427 apicem

2085 3454 2378 3524 pet-tingat,
2438 3451 2766 3506 imbecillius
2827 3457 2913 3505 est
2947 3468 2960 3504 :
2994 3465 3102 3504 non
3158 3450 3294 3518 ipsis
3345 3448 3422 3520 (ni
3476 3450 3663 3517 fallor)

2085 3541 2395 3611 displiceat,
2428 3539 2474 3593 si
2509 3547 2782 3609 quatenus
2819 3537 2871 3592 id
2901 3539 3160 3593 delictum
3231 3538 3460 3593 omnino
3507 3539 3667 3594 venia

2085 3633 2370 3704 indignum
2399 3646 2510 3687 non
2537 3639 2644 3699 est,
2673 3630 2942 3686 modicam
2995 3629 3290 3702 quamdam
3321 3630 3426 3701 ipsi
3453 3632 3667 3687 veniam

2088 3725 2420 3796 impertiam.

2156 3814 2314 3870 Certe
2337 3814 2566 3878 idcirco,
2601 3829 2708 3869 non
2742 3812 2886 3884 quod
2915 3813 3250 3869 contrarium
3288 3812 3454 3885 (quod
3488 3813 3659 3885 absit)

2087 3912 2353 3970 statuere,
2390 3905 2484 3960 sed
2542 3905 2726 3975 potius
2762 3907 2909 3975 quod
2960 3920 3172 3961 sacram
3205 3905 3548 3961 sanctionem
3581 3920 3670 3961 sc-

2086 3999 2202 4069 qui,
2238 3997 2531 4068 nullasque
2569 3998 2684 4052 illis
2715 3997 2807 4067 qui
2833 3996 2902 4052 ab
2931 3996 3023 4050 illa
3075 3996 3536 4064 condemnantnr,
3571 4013 3671 4053 ex-

2098 4093 2444 4151 cusationum
2485 4089 2964 4161 tergiversationes
2989 4087 3226 4158 relinqui
3261 4091 3527 4146 velimus:
3567 4091 3664 4145 dc-

2098 4184 2393 4246 cernimus,
2420 4180 2542 4236 utsi
2570 4188 2664 4235 aut
2687 4181 2928 4250 primarii
2951 4180 3306 4236 inferioresve
3328 4181 3662 4245 sacerdotes,

2099 4283 2192 4328 aut
2236 4276 2460 4329 omnino
2494 4273 2726 4328 clericus
2763 4273 3054 4342 quispiam,
3087 4271 3173 4326 vel
3209 4271 3516 4340 praestando
3550 4272 3664 4341 (‘52)

2103 4366 2157 4419 in
2183 4365 2373 4420 litibus
2399 4364 2726 4435 patrocinio,
2753 4363 2840 4418 vel
2869 4362 3210 4432 spondendo,
3243 4361 3328 4416 vel
3360 4362 3469 4416 alio
3497 4361 3664 4417 simili

2103 4454 2266 4510 modo
2298 4455 2365 4510 de
2393 4454 2477 4510 sui
2507 4453 2720 4509 ordinis
2770 4453 3035 4524 dignitate
3087 4451 3400 4517 detrahant,
3443 4467 3666 4506 excom-

2105 4544 2474 4611 municentur,
2523 4553 2578 4600 et
2622 4543 2690 4598 ad
2725 4542 2945 4614 aliquod
2995 4551 3213 4612 tempus
3245 4557 3275 4596 a
3322 4539 3669 4604 celebrandis

2105 4637 2277 4691 sacris
2309 4635 2723 4704 supersedcant.
2756 4635 2934 4704 Atque
2969 4634 3060 4688 ubi
3092 4635 3163 4690 ita
3197 4648 3296 4702 pro
3328 4631 3529 4686 delicto
3575 4630 3666 4683 di-

2090 4743 2252 4800 gnam
2305 4727 2682 4799 ptenitcntiam
2750 4727 2984 4796 egerint,
3010 4724 3284 4795 promisso
3315 4721 3481 4784 facto,
3513 4737 3571 4776 se
3601 4721 3672 4777 ab

2089 4821 2456 4877 humanorum
2517 4820 2859 4892 negotiorum
2923 4817 3256 4874 commercio
3306 4829 3406 4885 pro
3459 4814 3672 4871 viribus

528 4990 532 4992 .
1750 4934 1984 4991 VARIAE
2030 4933 2437 4992 LECTIONES.

481 5038 527 5076 ⁸⁵
563 5034 680 5100 Ecl,
710 5032 807 5104 τῆς
827 5031 1085 5103 γυναικὸς
1121 5030 1433 5103 ὗπᾶρξεων.
1498 5036 1546 5068 ⁸³
1575 5027 1668 5085 Sic
1697 5044 1843 5084 corr.
1871 5029 2208 5099 Stephanus,
2255 5029 2417 5087 codd.
2453 5028 2752 5098 ἄγνωστον.
2855 5026 2900 5058 ⁸⁷
2951 5024 3114 5079 Forte
3137 5020 3414 5084 ἁποίνονς.

1915 5121 2148 5180 NOTAE.

484 5223 596 5290 (26)
629 5222 728 5276 \‘id
758 5219 896 5290 Nov.
927 5219 1019 5284 20,
1043 5232 1208 5288 supra
1246 5217 1370 5290 eod.

487 5281 598 5362 (27)
621 5292 756 5346 Nov.
784 5361 793 5362 ί
820 5289 965 5362 Just.
1009 5281 1239 5362 ηερ.
1267 5287 1507 5362 6,_l._l7,
1538 5283 1673 5339 Cod.
1706 5281 1782 5362 ρει
1810 5285 1982 5356 episc.

414 5354 549 5418 (Jan.
573 5354 626 5428 6,
653 5363 742 5426 l9,
772 5361 861 5423 80,
890 5368 1094 5430 apost,
1124 5358 1283 5430 Phot.
1309 5357 1343 5411 8
1372 5356 1675 5430 Npmocan1
1691 5354 1793 5430 _1_3.

486 5424 971 5502 (28)’Συνηγορίᾰς
1031 5429 1155 5502 Scr.
1214 5425 1353 5502 Nov.
1405 5424 1608 5502 ,ξιιιδιίηἶ
1640 5424 1782 5502 ἠξ,
1823 5439 1876 5481 ο.
1929 5427 1983 5502 (ξ,

418 5493 666 5568 prohibet
689 5493 1007 5572 episcopum
1042 5499 1076 5569 ἢ
1101 5498 1382 5568 διοικητὴν
1408 5497 1440 5567 ἢ
1473 5494 1694 5549 ἐντολέα
1733 5495 1888 5566 δίκης
1911 5493 1988 5549 εί-

417 5592 526 5630 ναι.

488 5643 600 5711 (29)
629 5643 761 5696 Can.
797 5642 860 5697 l9
899 5637 1177 5711 apust.,d.
1222 5653 1270 5692 c.
1296 5637 1358 5711 A6.

491 5705 603 5784 (ὅθ)
638 5711 838 5769 Eodem
892 5705 1052 5767 modo
1107 5707 1452 5765 Justinianus
1503 5705 1639 5763 Nov.
1677 5707 1794 5774 125,
1841 5721 1887 5762 c.
1917 5707 1982 5772 6;

2092 5226 2240 5269 vetat
2289 5229 2607 5286 cpisc0pum
2657 5224 2710 5270 et
2754 5213 3012 5286 clericum
3081 5207 3360 5286 pt_60wti1v
3405 5205 3586 5286 ’τελῶν

2090 5275 2389 5356 ᾁλλοτρίῴν
2447 5275 2691 5356 κτήσεων
2741 5280 2898 5356 εἶναι.
2942 5275 3178 5356 ϐεηίὸ,
3209 5275 3334 5332 can.
3391 5276 3448 5356 ξ.
3481 5275 3674 5356 synodi

2090 5345 2554 5437 Chalcedonensis
2605 5373 2618 5408 :
2676 5369 2726 5410 c.
2794 5354 2860 5407 16
2934 5350 3126 5423 synod.
3186 5357 3330 5419 scpt.
3387 5345 3675 5415 Carthagi-

2097 5439 2303 5479 [1811818.

2171 5494 2284 5563 (51)
2321 5492 2681 5548 Saecularibus
2726 5508 2921 5548 canon.
2981 5493 3014 5548 6
3066 5498 3222 5561 apost
3255 5532 3269 5555 ,
3306 5487 3530 5558 publicis
3571 5489 3669 5540 ad.

2099 5563 2602 5635 ministratiouibus,
2639 5580 2838 5618 canon.
2872 5564 2940 5619 80
2969 5573 3153 5635 apost.

2168 5634 2412 5760 (5:21)_dtit
2473 5626 2823 5707 συνηγορίας,
2875 5626 3028 5692 ιιᾱάό
3068 5632 3342 5696 Photium,
3391 5629 3424 5684 8
3462 5626 3668 5684 Nomo-

2168 5723 2217 5758 ιι.
2279 5725 2330 5760 ο.

2097 5723 2217 5759 Cilll.
2248 5723 2330 5762 10.
