4080 6218
410 317 521 384 599

1646 318 1921 379 LEONIS
1961 320 2423 382 PHILOSOPHI

3570 324 3677 387 600

406 427 670 497 deinceps
692 426 927 482 mundos
955 433 1405 489 conservaturos,
1426 426 1492 480 ad
1517 442 1674 482 sacra
1714 428 1993 484 tractanda

2105 433 2289 495 αὐτοῖς
2310 420 2612 500 φωραθεῖεν
2642 430 3154 501 καταχραινόμενοι,
3187 429 3370 483 τέλεον
3402 430 3475 494 ώς
3529 431 3681 484 ἀνίει-

406 518 587 573 denuo
642 518 1064 573 introducantur
1090 535 1104 572 :
1137 517 1261 572 etsi
1292 520 1488 572 iterum
1518 519 1707 575 iisdem
1744 522 1907 577 rebus
1934 538 1994 578 se

406 612 653 679 polluere
707 609 1216 679 deprehendantur,
1251 609 1570 665 omnimodo
1603 619 1662 666 ut
1700 612 1915 682 profani
1940 622 1996 669 et

408 702 616 772 indigni
648 715 678 755 a
709 702 881 756 sacris
914 701 1285 756 {unctionibus
1317 703 1650 760 abstineant.

781 788 1254 846 CONSTITUTIO
1305 790 1616 849 LXXXVII.

411 880 487 935 De
507 880 987 936 ecclesiasticarum
1037 880 1156 935 alea
1211 883 1319 947 (55)
1357 882 1649 939 ludentium
1677 901 1826 954 paena
1856 888 1991 960 (54).

480 1043 626 1097 ldem
655 1042 956 1112 imperator
985 1043 1162 1100 cidem
1200 1044 1472 1116 Styliano.

476 1130 597 1186 .lam
659 1147 792 1186 vero
863 1132 958 1201 qui
1013 1133 1157 1188 sacri
1184 1134 1398 1191 ordinis
1427 1135 1678 1193 homines
1716 1138 1849 1193 aleae
1880 1140 1994 1212 (55)

409 1229 627 1287 vacant,
677 1237 854 1291 neque
884 1222 936 1275 bi
972 1237 1083 1277 rem
1142 1222 1356 1277 modica
1384 1224 1562 1294 aliqua
1588 1240 1746 1295 ptena
1774 1226 1995 1298 dignam

409 1314 632 1367 audent.
671 1313 813 1379 Quid
866 1313 981 1367 ita?
1013 1312 1149 1367 Nam
1182 1329 1307 1369 cum
1343 1317 1639 1385 tranquilla
1665 1326 1849 1374 mente
1878 1321 1996 1375 ani-

410 1418 610 1473 moque
655 1418 685 1457 a
742 1404 1183 1474 contemplandis
1235 1406 1400 1462 rebus
1458 1406 1661 1463 divinis
1712 1409 1943 1465 immoto
1977 1450 1993 1477 ,

408 1502 675 1565 quantum
740 1496 991 1551 humana:
1056 1505 1269 1551 naturae
1323 1497 1585 1568 possibile
1639 1507 1744 1567 est,
1780 1517 1995 1556 summo

410 1589 498 1642 isti
526 1588 672 1643 bono
702 1587 1068 1644 inhaerescere
1114 1589 1376 1645 deberent
1410 1608 1423 1646 :
1457 1606 1486 1646 c
1511 1594 1789 1649 contrario
1816 1594 1881 1647 ad
1901 1595 1993 1664 ju-

408 1680 617 1735 veniles
650 1680 804 1735 lusus
830 1679 1215 1750 deproperant.
1241 1679 1390 1747 Quos
1420 1683 1585 1739 etiam
1623 1700 1650 1736 a
1687 1686 1994 1740 sacerdotio

2101 543 2183 595 pet
2232 524 2327 577 καὶ
2375 522 2586 590 ἀνάξιοι
2656 523 2756 592 τῆς
2831 522 2981 593 ἱερᾶς
3036 522 3315 592 ἐνεργείας
3391 523 3682 581 ἀποπαυέ-

2100 615 2314 669 σθωσαν
2676 638 2677 641 η

2649 793 2957 849 ΔΙΔΤΑΞΙΣ
2995 794 3120 849 IIZ'.

2098 889 2239 961 Περὶ
2265 887 2375 958 τῆς
2402 885 2521 942 τῶν
2547 885 2752 951 κύϐοις
2788 882 3211 1010 Ξχολαζόντων
3257 886 3462 955 ἱερέων
3490 887 3674 944 κολὰ-

2838 973 2970 1010 εωρ.

2838 973 2970 1021 εως.

2166 1053 2226 1105 Ὀ
2258 1051 2421 1116 αὐτὸς
2459 1050 2709 1122 βασιλεὺς
2741 1046 3014 1119 Στυλιανῷ
3045 1047 3126 1117 τῷ
3160 1045 3329 1118 αὐτῷ.

2167 1146 2290 1199 Οὐδ’
2320 1146 2435 1199 ὅσοι
2482 1145 2579 1214 τῆς
2633 1143 2782 1213 ἱερᾶς
2827 1140 3033 1208 τάξεως
3070 1139 3257 1205 κύϐοις
3300 1140 3674 1210 σχολάζουσιν,

2097 1238 2206 1294 οὐδ’
2235 1231 2381 1292 οὗτοι
2413 1237 2645 1306 πρᾶγμα
2671 1232 2910 1304 τολμῶσι
2956 1231 3181 1305 μετρίας
3222 1231 3366 1297 τινὸς
3405 1232 3556 1295 ἄξιον
3600 1232 3677 1285 δί-

2097 1345 2221 1398 κης.
2258 1327 2381 1390 Πῶς
2418 1326 2562 1397 γάρ;
2594 1325 2661 1378 Οἵ
2685 1341 2749 1392 γε
2787 1323 3094 1394 ὀφείλοντες
3120 1323 3529 1395 συντεταγμένῃ
3561 1324 3675 1380 διασ

2096 1419 2215 1490 νοίᾳ
2245 1418 2339 1472 καὶ
2382 1417 2767 1488 ἀμετακινήτῳ
2795 1415 2874 1469 νοῒ
2902 1416 2998 1485 τῆς
3035 1415 3172 1488 πρὸς
3201 1416 3263 1469 τὸ
3299 1416 3452 1469 Θείον
3486 1418 3674 1471 ἐνατε-

2096 1511 2287 1573 νίσεως
2311 1510 2432 1563 ὅσον
2461 1508 2783 1579 ἀνθρωπίνῃ
2804 1507 3028 1560 δυνατὸν
3067 1506 3227 1575 φύσει
3253 1506 3551 1577 ἀχώριστοι
3580 1506 3674 1560 τοῦ

2096 1600 2300 1670 ἀγαθοῦ
2325 1601 2599 1670 διαμένειν
2620 1615 2633 1628 ⁸
2663 1601 2711 1652 οἱ
2734 1599 2789 1652 δὲ
2812 1599 2930 1653 ἀντὶ
2953 1597 3143 1652 τούτου
3170 1599 3265 1652 καὶ
3296 1598 3677 1670 μειρακιώδεις

2095 1691 2469 1761 ἐπείγονταιθδ
2500 1690 2739 1754 παιδίας.
2776 1689 2885 1743 Καὶ
2918 1688 3140 1752 τούτους
3171 1684 3264 1743 οὖν
3299 1689 3441 1743 κατά
3469 1690 3530 1743 τδ
3561 1690 3678 1744 θεό-

407 1771 645 1835 succidi,
665 1773 967 1828 secundum
987 1773 1237 1829 divinum
1259 1785 1739 1831 sacrosanctorum
1773 1786 1992 1849 aposto-

2099 1802 2283 1857 κριτον
2326 1784 2433 1838 τών
2469 1782 2627 1837 θείων
2662 1781 2974 1837 ἀποστόλων
3020 1782 3282 1852 ψήφισμα
3325 1781 3532 1836 ἔνδικον
3577 1783 3678 1854 τῆς

410 1864 584 1918 lorum
613 1863 725 1935 (56)
779 1866 1089 1930 decretum,
1123 1881 1223 1937 par
1254 1874 1361 1922 est.

480 1954 682 2010 Verum
739 1955 1000 2025 quoniam
1033 1956 1108 2023 id,
1170 1958 1347 2027 ipsum
1385 1960 1549 2013 etiam
1604 1960 1984 2032 praescriptum

408 2047 642 2116 mitigat,
673 2053 732 2101 ut
766 2048 858 2117 qui
901 2062 1008 2102 non
1060 2048 1377 2117 desistunt,
1418 2066 1635 2120 poenam
1695 2054 1982 2109 subituros

410 2139 573 2193 addat
605 2157 618 2194 :
650 2140 948 2195 statuimus
986 2156 1085 2196 nos
1109 2156 1347 2213 quoque,
1382 2152 1440 2195 ut
1461 2144 1551 2213 qui
1586 2145 1717 2200 aleae
1749 2146 1873 2200 lusu
1901 2162 1988 2201 sa-

410 2244 559 2283 cram
619 2238 826 2286 sortem
869 2233 1269 2298 contaminant,
1300 2233 1353 2287 in
1386 2238 1719 2291 tuonasteria
1750 2237 1987 2308 relegen-

413 2327 505 2374 tur
563 2320 764 2390 (quam
826 2328 1007 2376 tamen
1093 2322 1483 2391 relegationem
1550 2324 1817 2379 triennale
1878 2324 1988 2392 (57)

408 2422 622 2481 tempus
672 2411 848 2483 ﬁniat)
876 2422 924 2467 et
962 2413 1171 2482 quando
1208 2415 1470 2469 delictum
1532 2417 1671 2472 satis
1716 2417 1990 2487 expiatum

407 2504 704 2567 videbitur,
734 2504 789 2558 in
821 2504 1117 2574 pristinum
1185 2514 1388 2560 statum
1424 2508 1810 2562 restituantur.
1841 2508 1910 2562 At
1945 2509 1991 2565 si

410 2611 628 2651 rursum
658 2595 713 2649 in
742 2595 934 2649 fritillo
968 2610 1109 2651 vane
1162 2606 1376 2666 tempus
1432 2605 1611 2654 terere
1679 2599 1990 2666 instituant,

406 2696 670 2756 tanquam
727 2686 1037 2756 piaculares
1080 2701 1145 2741 ex
1207 2696 1561 2743 sacrosancto
1615 2689 1992 2744 ecclesiastico

409 2785 559 2833 statu
623 2776 851 2831 omnino
907 2778 1296 2845 exturbentur,
1346 2779 1414 2834 ab
1465 2793 1641 2851 eoque
1694 2779 1989 2851 prodigen-

410 2880 524 2927 tur.

786 2958 1248 3017 CONSTITUTIO
1283 2960 1616 3017 LXXXVIII.

411 3051 713 3110 Celebribus
749 3051 1067 3121 quibusdam
1099 3053 1154 3107 in
1181 3053 1403 3125 ecclesia
1434 3055 1561 3109 viris
1583 3055 1708 3125 festi
1732 3054 1841 3110 dies
1865 3072 1992 3111 con-

340 3132 349 3133 '
965 3126 1260 3178 stituuntur
1301 3124 1437 3196 (58).

481 3295 626 3350 Idem
661 3295 960 3364 imperator
985 3292 1164 3348 eidem
1199 3291 1471 3362 Styliano.

486 3386 797 3441 Venerabili
852 3392 1334 3442 sacrosanctorum
1388 3384 1762 3454 apostolorum
1802 3385 1997 3441 decre-

413 3490 467 3536 to
489 3480 600 3549 (59)
641 3480 809 3551 (quod
864 3479 1268 3549 promulgatum
1309 3487 1394 3533 est
1428 3476 1492 3532 ad
1552 3477 1783 3548 gloriam
1814 3486 1867 3532 et
1899 3477 1997 3531 bo-

412 3584 600 3624 norem
661 3568 1163 3626 sacratissimorum
1219 3565 1452 3625 dierum.
1515 3566 1721 3635 quibus
1749 3565 1995 3621 omnium

415 3662 649 3715 Domino
700 3660 985 3725 feriantur,
1012 3666 1067 3714 et
1097 3658 1316 3714 illorum
1370 3657 1464 3727 qui
1494 3657 1688 3711 borum
1752 3657 1995 3726 ipsorum

412 3755 708 3809 eelcbrium
756 3752 1131 3821 legislatorum
1183 3750 1528 3817 aliorumque
1572 3749 1998 3804 victoriosorum

415 3845 683 3914 pugilum,
712 3843 806 3912 qui
839 3850 1018 3896 morte
1042 3857 1140 3896 sua
1173 3840 1509 3911 impietatem
1544 3839 1598 3893 in
1652 3840 1833 3911 fugam
1878 3855 2000 3895 ver-

414 3944 624 3999 terunt,
655 3933 1126 3989 consecrationem
1166 3930 1523 4002 signiﬁcant),
1562 3946 1687 3985 cum
1718 3932 1819 3986 hoc
1850 3931 2000 4001 quod

414 4026 786 4095 coniungatur
819 4024 1042 4096 dignum
1075 4024 1169 4087 sit,
1200 4031 1259 4076 ut
1290 4036 1481 4090 nempe
1514 4023 1708 4075 borum
1737 4022 1998 4077 divinilo-

414 4133 650 4190 quorum
685 4119 926 4172 virorum
973 4117 1160 4179 etiam,
1223 4116 1310 4185 qui
1346 4124 1469 4184 post
1505 4117 1626 4170 illos
1655 4117 1708 4169 in
1752 4116 1999 4172 Ecclesia

415 4214 755 4278 claruerunt,
797 4210 1259 4278 luminariumque
1318 4210 1491 4263 instar
1532 4208 1791 4263 Ecclesia:
1818 4209 2001 4262 llrma-

414 4315 659 4359 mentum
680 4304 845 4359 rebus
865 4302 1034 4374 gestis
1060 4310 1223 4373 atque
1253 4301 1597 4357 documentis
1632 4300 1997 4366 illustrarunt,

415 4396 681 4451 memoria
718 4395 1039 4452 solemnitcr
1098 4394 1449 4450 celebretur:
1484 4407 1586 4449 nos
1640 4392 1785 4462 quod
1821 4392 1994 4457 deest,

2102 1877 2374 1950 ἱερατείας
2403 1875 2828 1945 ἀποτέμνεσθαι.

2168 1968 2315 2040 Πλὴν
2344 1968 2572 2038 ἐπείπερ
2594 1966 2814 2021 κάκεῖνο
2842 1963 3245 2041 φιλανθρώπως
3275 1963 3487 2018 κελεύει
3518 1982 3680 2036 προσ-

2097 2060 2473 2132 διορισάμενον
2506 2058 2580 2129 μὴ
2605 2057 2949 2128 παυομένους
2985 2056 3316 2124 ὑφίστασθαι
3340 2056 3438 2125 τὴν
3461 2057 3676 2126 ποινὴν,

2097 2151 2350 2221 ὁρίζομεν
2398 2150 2492 2203 καὶ
2527 2150 2687 2220 ἡμεῖς
2709 2187 2724 2213 ,
2758 2147 2879 2210 τοὺς
2914 2149 2971 2200 ἐν
2999 2146 3077 2217 τῷ
3111 2145 3364 2199 κυϐεύειν
3395 2145 3494 2216 τὴν
3528 2146 3680 2218 ίεράν

2097 2240 2247 2310 λῆξιν
2278 2239 2692 2310 κιϐδηλεύοντας
2740 2240 2796 2291 ὲν
2843 2236 3228 2309 μοναστηρίοις
3272 2236 3683 2309 περιορίζεσθαι

2100 2331 2221 2402 (τὴν
2267 2331 2323 2382 δὲ
2365 2329 2623 2401 τοιαύτην
2677 2329 2981 2400 περιόρισιν
3018 2330 3046 2381 ὁ
3078 2328 3298 2399 τριετὴς
3344 2329 3682 2399 ἐκμετρείτω

2100 2423 2332 2494 χρόνος),
2368 2421 2462 2476 καὶ
2500 2423 2829 2491 ἀποχρώσης
2857 2420 2934 2490 τῷ
2964 2420 3267 2489 πταίσματι
3294 2418 3553 2490 ὀφθείσης
3584 2419 3681 2488 τῆς

2099 2515 2391 2585 θεραπείας
2422 2512 2769 2567 ἀποδίδοσθαι
2798 2513 2891 2566 καὶ
2914 2512 3123 2576 τούτοις
3145 2512 3241 2583 τὴν
3274 2510 3547 2583 προτέραν
3574 2510 3683 2582 χώ-

2104 2622 2201 2675 ραν
2223 2620 2236 2635 ο
2271 2605 2320 2656 εἰ
2361 2602 2407 2656 δ’
2437 2597 2592 2665 αὖθις
2624 2602 2679 2654 ἐν
2705 2603 2818 2664 τοῖς
2850 2604 3098 2664 παικτοῖς
3113 2600 3160 2633 ⁸³
3191 2599 3451 2670 ἀγαπῷεν
3500 2602 3684 2671 ἐμμα-

2098 2698 2364 2764 τιιάζειν,
2391 2691 2479 2750 οἷα
2522 2695 2589 2767 δὴ
2633 2695 2924 2767 ἀθύρματα
2941 2696 2986 2727 ⁹⁰
3019 2694 3119 2765 τῆς
3150 2693 3428 2763 παναγοῦς
3452 2694 3554 2764 τῆς
3587 2696 3680 2747 ὲκ-

2101 2787 2496 2859 κλησιαστικῆς
2526 2786 2914 2849 καταστάσεως
2938 2785 3215 2851 παντελῶς
3241 2784 3560 2850 ἐξωθεῖσθαι
3588 2786 3683 2838 καὶ

2100 2878 2527 2935 ἀποὸἀλλεσθαι.

2651 2970 2963 3025 ΔΙΛΤΛΞΙΣ
3001 2973 3135 3027 HH'.

2100 3064 2236 3130 Περὶ
2298 3081 2404 3118 του
2460 3062 2740 3131 τιμᾶσθαι
2786 3064 2892 3129 τὰς
2947 3064 3109 3131 ἱερὰς
3155 3063 3267 3130 τῆς
3317 3063 3683 3129 τελειώσεως

2164 3134 2389 3202 ἡμέρας
2416 3132 2595 3187 τινών
2609 3133 2725 3186 τῶν
2748 3133 3005 3201 ὕστερον
3025 3133 3095 3187 ἐν
3122 3133 3195 3202 τῇ
3212 3134 3534 3202 Ἐκκλησία
3559 3132 3683 3187 δια-

2170 3204 2566 3273 Jama-artam.

2161 3295 2221 3349 Ὀ
2247 3286 2408 3358 αύτδς
2444 3293 2696 3364 βασιλεὺς
2722 3294 3000 3364 Στυλιανῷ
3026 3294 3105 3364 τῷ
3139 3293 3309 3365 αύτῷ.

2169 3385 2259 3456 Τῷ
2292 3386 2574 3456 σεϐασμίῳ
2621 3386 2732 3439 τῶν
2780 3386 2993 3440 σεπτῶν
3025 3387 3337 3441 ἀποστόλων
3371 3386 3682 3458 θεσπίσμα-

2098 3481 2209 3533 τι⁹¹
2247 3479 2385 3547 πρὸς
2416 3477 2577 3541 δόξαν
2606 3477 2700 3530 καὶ
2723 3477 2885 3548 τιμὴν
2916 3479 3364 3550 ὲκπεφωνημένῳ
3392 3478 3501 3534 τῶν
3525 3496 3583 3533 τε
3617 3480 3685 3532 ἱε-

2101 3571 2358 3641 ρωτάτων
2408 3569 2654 3641 ἡμερῶν,
2688 3569 2745 3623 αἳ
2801 3570 2862 3622 τὸ
2917 3569 3200 3641 ἑορτάζειν
3249 3570 3403 3639 ἡμῶν
3452 3570 3532 3642 τῷ
3573 3570 3685 3625 τῶν

2097 3661 2233 3714 ὅλων
2264 3660 2507 3731 Δεσπότῃ
2556 3660 2864 3730 κομίζουσι,
2902 3661 3172 3714 κάκείνων
3223 3660 3302 3727 δὲ,
3332 3661 3456 3717 ὅσαι
3493 3662 3591 3725 τάς
3623 3680 3683 3715 τε

2101 3750 2279 3805 αὐτῶν
2310 3748 2515 3802 τούτων
2562 3749 2671 3803 τῶν
2719 3749 2981 3820 ἀοιδίμων
3017 3750 3384 3820 νομογράφων
3426 3750 3524 3803 καὶ
3571 3750 3682 3803 τῶν

2099 3842 2275 3898 ἀλλων
2301 3842 2626 3897 καλλινίκων
2655 3841 2975 3911 ἀγωνιστῶν
3000 3842 3049 3895 οἳ
3076 3843 3313 3911 σφαγαῖς
3334 3843 3561 3907 οἰκείαις
3586 3842 3684 3915 τὴν

2100 3927 2423 3987 δυσσέϐειαν
2463 3932 2842 4003 ὲτροπώσαντο
2883 3932 2981 3995 τὰς
3014 3931 3324 3995 τελειώσεις
3359 3931 3680 4003 μηνύουσιν,

2100 4026 2252 4093 ἀξίου
2278 4027 2639 4097 τυγχάνοντος
2668 4027 2762 4081 καὶ
2789 4025 2980 4079 τούτου
3018 4025 3481 4095 συνεπισυνῆφθαι
3503 4067 3517 4090 ,
3542 4024 3682 4079 ὥστε

2103 4120 2194 4173 καὶ
2228 4119 2337 4172 τῶν
2373 4118 2488 4189 μετ’
2514 4118 2755 4181 ἐκείνους
2789 4119 2846 4173 ὲν
2895 4120 2961 4189 τῇ
2997 4118 3296 4188 Ἐκκλησία
3341 4117 3683 4187 διαλάμψαν-

2102 4228 2208 4265 των
2257 4210 2537 4282 θεηγὸρων
2590 4209 2803 4281 ἀνδρῶν
2835 4210 2930 4263 καὶ
2961 4211 3267 4281 φωστήρων
3306 4210 3462 4279 δίκην
3493 4210 3553 4262 τὸ
3583 4210 3685 4279 τῆς

2114 4303 2440 4372 Ἐκκλησίας
2472 4302 2759 4374 στερέωμα
2791 4302 3023 4372 πράξεσι
3066 4302 3159 4353 καὶ
3185 4301 3477 4372 διδάγμασι
3512 4318 3681 4355 κατα-

2104 4394 2528 4464 πυρσευσάντων
2575 4392 2651 4465 μὴ
2697 4394 3037 4463 ἀγεράστους
3065 4394 3190 4464 μηδ’
3222 4393 3513 4463 ἀνεόρτους
3545 4388 3684 4446 εἶναι

416 4490 798 4559 adimplentes,
862 4489 1191 4546 sancimus:
1247 4485 1317 4542 Ut
1364 4486 1559 4541 horum
1611 4485 1779 4538 etiam
1847 4483 1993 4539 sacri

2099 4486 2199 4548 τὰς
2236 4486 2477 4555 μνήμας,
2502 4485 2563 4537 τὸ
2596 4484 2781 4538 λεῖπον
2817 4484 3402 4555 προσαναπληροῦντες
3428 4483 3684 4547 θεσπίζο-

414 4582 850 4639 consecrationis
898 4582 1018 4638 dies
1067 4579 1522 4637 convenientibus
1563 4578 1869 4633 honoribus
1902 4591 1995 4632 co-

2106 4592 2227 4645 μεν,
2256 4576 2351 4629 καὶ
2381 4574 2586 4629 τούτων
2628 4574 2729 4639 τὰς
2765 4575 2918 4646 ἱερὰς
2966 4575 3065 4647 τῆς
3108 4574 3440 4640 τελειώσεως
3468 4573 3683 4647 ἡμέρας

1686 4715 1924 4772 ῪΑΒΙᾹΞ
1964 4713 2258 4772 LECTION
2267 4716 2369 4773 ES.

488 4862 536 4936 ff
571 4862 761 4936 Steph.
800 4872 894 4919 aut
935 4864 1231 4936 ἐπάγονται
1270 4873 1365 4936 aut
1390 4865 1474 4936 εἰς
1523 4881 1673 4934 μειρ.
1733 4862 2019 4936 legendum
2056 4876 2177 4917 csso
2207 4874 2414 4936 censet.
2452 4864 2714 4921 Fortasse
2740 4880 2841 4935 pro
2870 4864 2964 4919 καὶ
2994 4866 3368 4936 reponendum
3394 4873 3478 4920 est
3517 4864 3678 4936 κατά.

417 4943 459 4976 ω
494 4931 946 5006 νυίεοπακτοίς.
978 4931 1302 4991 Emendavit
1324 4931 1651 4991 Cotelerius.

1756 4933 1801 4965 ’°
1834 4933 2023 5003 Steph,
2056 4946 2110 4989 et
2140 4936 2295 5006 Agyl.
2321 4934 2653 5007 καθάρματα
2692 4933 2860 4993 scribi
2894 4933 3106 4991 volunt.

3208 4935 3466 5006 "Apost.
3500 4951 3552 4989 c.
3588 4934 3681 4988 66-

1914 5068 2149 5127 NOTAE.

498 5167 609 5235 (55)
640 5164 760 5220 Οἱιί
787 5166 855 5221 ad
880 5166 1029 5232 1.23,
1056 5168 1091 5222 I.
1127 5168 1227 5221 ult.
1263 5165 1289 5236 §

415 5253 466 5291 r.
504 5236 576 5293 De
594 5231 775 5306 'episc.
829 5239 957 5291 and.
992 5231 1028 5293 l.
1058 5239 1112 5298 5.
1152 5239 1213 5292 (ἶ.
1266 5231 1363 5290 ne
1393 5236 1749 5299 aleatoribus,
1778 5231 1990 5306 Neve”.

413 5309 612 5363 Justin.
639 5301 767 5371 ηδ,
788 5323 839 5363 c.
864 5308 966 5368 I0;
1000 5307 1138 5363 adde
1159 5310 1212 5371 5,
1249 5306 1366 5361 Ecl.
1397 5307 1448 5373 I,
1477 5322 1526 5361 c.
1562 5307 1690 5376 περὶ
1712 5301 1990 5376 ταθλιζόν-

413 5395 521 5500 ἓυν
539 5376 1013 5502 ὲκκλὲγῗιαστικῶν
1072 5378 1380 5450 προσώπων
1404 5419 1418 5443 ,
1469 5377 1608 5433 addc
1637 5372 1648 5376 ’
1668 5374 1915 5432 Photitlm
1938 5372 1993 5438 9,

462 5464 639 5501 omne.
742 5489 756 5502 .

462 5464 639 5501 OlllOC.
664 5464 700 5502 2
715 5464 756 5505 Ι.

485 5519 598 5585 (54)
625 5518 892 5575 Emendat
923 5532 1187 5575 canonem
1228 5521 1289 5574 41
1347 5519 1605 5589 apostol.,
1640 5536 1750 5590 quo
1783 5523 1993 5578 aleato—

415 5603 503 5663 res
532 5590 794 5663 e|t_i~'_cnpi,
848 5602 942 5663 aut
994 5590 1292 5663 presbyteri
1344 5590 1588 5663 penitus
1616 5593 1995 5663 deponuntur.

419 5656 787 5734 Depositionis
809 5730 817 5734 _
837 5656 1137 5734 enim'loco
1160 5656 1471 5717 'trieuualis
1499 5656 1761 5734 inﬂigitur
1787 5664 1840 5720 in
1873 5682 1991 5721 mos

418 5728 718 5783 uastcrium
746 5730 1023 5799 relegatio.

1322 5168 1368 5232 l,
1393 5168 1450 5228 5.
1486 5168 1581 5230 ibi,
1606 5175 1701 5220 aut
1733 5163 1992 5232 cubicarc

2172 5167 2285 5239 (55)
2320 5168 2469 5239 Adde
2495 5167 2630 5223 dict.
2658 5168 2686 5239 §
2718 5169 2776 5239 5,
2805 5168 2878 5223 ibi
2902 5175 2997 5223 aut
3030 5166 3327 5224 cubicarc.‘

2173 5238 2285 5308 (56)
2321 5238 2527 5295 Canon.
2550 5239 2639 5301 4|,
2668 5238 2761 5307 12,
2786 5248 2962 5309 apost.

2174 5310 2289 5377 (57)
2322 5311 2390 5365 Ut
2425 5309 2562 5380 Nov.
2605 5310 2692 5373 76,
2719 5326 2884 5380 supra
2912 5309 3034 5364 eod.

2172 5380 2286 5455 (58)
2325 5380 2475 5436 Adde
2501 5379 2638 5455 Nov:
2666 5377 3040 5455 Emmanuelis
3073 5377 3342 5435 Comncni
3371 5391 3422 5431 c.
3455 5378 3513 5438 2.
3541 5377 3686 5433 intra

2102 5451 2477 5507 Balsainonem
2515 5452 2582 5507 ad
2608 5453 2640 5505 7
2665 5451 2840 5506 Pbotii
2875 5452 2922 5504 Ι.

2172 5523 2365 5593 ('59)De
2389 5523 2478 5576 die
2507 5522 2793 5578 Dominico
2821 5521 2931 5576 vid.
2958 5538 3081 5575 ran.
3136 5518 3374 5593 apostol.
3404 5516 3512 5593 6_5;
3545 5515 3684 5569 Pas-

2306 5594 2450 5721 e_}07;
2476 5594 2830 5652 Pentecosws
2886 5608 2936 5647 ε.
2990 5593 3098 5659 56;
3136 5590 3310 5647 ιθρειίε
3354 5605 3403 5645 c.
3440 5589 3491 5656 I,
3529 5600 3684 5642 num.

2098 5689 2188 5721 δα.
2285 5708 2297 5721 .
2410 5706 2420 5719 ο

2098 5667 2188 5731 52,
2208 5667 2297 5733 67,
2331 5667 2420 5721 το.
