4062 6202
749 149 765 188 it

377 264 486 327 603

1611 265 1892 362 tEoms
1931 265 2392 328 PHILOSOPHI

3553 263 3662 330 604

376 378 668 435 suetudine
701 379 1035 434 matrimonii
1064 378 1189 448 jure
1221 378 1385 446 potiri
1424 379 1672 436 velimus.
1702 380 1846 436 Nihil
1875 383 1959 436 in-

2069 384 2217 449 ξεται
2251 383 2360 436 τῶν
2391 383 2637 437 τοιούτου
2652 381 2698 416 ’⁸
2727 383 2955 436 δικαίων
2994 382 3030 453 ἡ
3060 382 3286 453 τοιαύτη
3321 382 3654 452 συμσίωσις.

375 480 458 525 tur
510 473 656 526 enim
711 471 1025 527 cmlihatum
1075 479 1130 525 et
1184 471 1637 537 matrimonium,
1695 474 1841 543 quod
1879 491 1962 528 re-

379 565 640 635 prehendi
678 582 787 620 non
812 565 1034 629 debeat,
1056 563 1296 618 medium
1327 564 1599 619 invenias.
1633 565 1960 634 Conjugalis

377 667 502 710 "ita:
555 657 832 711 desiderio
868 654 1073 709 teneris
1095 655 1117 708 ?
1143 653 1400 724 Conjngii
1460 654 1608 726 leges
1649 672 1834 712 serves
1864 671 1960 711 ne-

377 763 533 802 cesse
560 755 662 801 est.
704 747 1005 816 Displicent
1034 745 1369 800 matrimonii
1401 747 1714 802 molestiae?
1743 747 1961 804 leebs

376 843 548 902 vivas,
589 855 762 908 neque
799 839 1206 893 matrimonium
1256 838 1553 906 adulteres,
1613 855 1792 910 neque
1825 839 1962 897 falso

377 934 668 988 cwlilnatus
699 932 919 987 nomine
943 931 1159 999 culpam
1201 939 1495 999 prmtexas.

861 1015 1331 1073 CONSTITUTIO
1368 1017 1480 1074 XC.

390 1110 460 1164 Ut
511 1118 600 1181 qut
658 1113 870 1164 tertium
907 1111 1117 1180 (55-55)
1174 1111 1575 1165 matrimonium
1619 1113 1960 1180 contrahunt,

504 1183 646 1234 sacri
694 1183 915 1235 canonis
965 1181 1077 1252 (56)
1119 1197 1286 1252 poena:
1333 1182 1444 1250 (57)
1484 1183 1698 1236 obnoxii
1723 1185 1848 1237 sint.

453 1273 596 1327 Idem
631 1274 930 1343 imperator
961 1275 1141 1329 eidem
1177 1275 1450 1346 Styliano.

453 1366 753 1434 Oportebat
791 1354 914 1430 nos,
955 1367 1280 1421 cumdivina
1301 1383 1465 1420 manu
1491 1366 1713 1422 formati
1750 1375 1962 1422 mente-

383 1472 490 1525 que
522 1472 587 1510 ac
620 1457 832 1510 ratione
862 1455 1074 1525 prmditi
1103 1455 1300 1520 simus,
1353 1455 1721 1526 quorumdam
1771 1455 1964 1510 bruto-

385 1565 502 1601 rum
537 1550 870 1619 prwstautiaz
907 1563 1017 1602 non
1046 1548 1263 1602 cedere.
1298 1545 1415 1601 Non
1471 1547 1617 1601 enim
1653 1547 1744 1600 illa
1795 1547 1965 1601 imbe-

382 1641 586 1696 cillitas
622 1640 1054 1710 reprehensione
1115 1648 1292 1703 vacat,
1327 1654 1507 1709 neque
1537 1654 1567 1692 a
1629 1638 1796 1707 justis
1824 1640 1965 1693 vitu-

2064 476 2285 540 Μεταξὺ
2333 477 2443 547 γάρ
2489 473 2879 544 ἀγαμίας“καὶ
2927 461 3108 544 γάμου
3153 475 3256 527 οὐκ
3302 474 3454 528 ἐστιν
3478 475 3666 544 εὑρεῖν

2064 569 2484 638 ἀκατηγόρητον
2514 568 2576 620 τὸ
2605 565 3085 637 γινόμενον.Ἕστι
3119 581 3202 618 σοι
3230 568 3476 635 γαμικῆς
3509 566 3668 619 πολι·-

2064 661 2216 724 τείας
2242 660 2460 729 ἐφεσις;
2509 660 2750 728 Ἀνάγκη
2795 658 2866 712 τὰ
2915 657 3008 711 τοῦ
3057 657 3238 727 γάμου
3281 660 3470 727 τηρεῖν
3495 673 3509 687 ·
3539 657 3669 710 ἀλλ’

2065 751 2370 818 ἀπαρέσκει
2428 747 2522 802 τοῦ
2567 749 2747 818 γάμου
2787 745 2856 800 τὰ
2899 745 3246 816 πράγματα·
3297 742 3572 796 διοικείτω
3604 759 3664 794 σε

2064 841 2281 911 ἀγαμία
2299 858 2312 872 ⁸
2346 839 2440 893 καὶ
2473 841 2609 910 μήτε
2636 838 2814 908 γάμον
2839 835 3222 907 κιϐδηλεύσῃς,
3251 834 3387 906 μήτε
3409 833 3604 905 ψεῦδος
3618 835 3667 866 οι

2064 932 2164 1003 τὴν
2193 933 2439 1003 ἀγαμίαν
2468 929 2771 1001 ὑποκορίζῃ
2791 929 2860 982 ’⁵.

2644 1020 2960 1074 ΔιΑΤΑΞιΣ
2999 1023 3069 1086 ιιι.

2065 1115 2203 1182 Περὶ
2245 1115 2352 1168 τοῦ
2377 1114 2519 1180 τοὺς
2545 1115 2632 1178 είς
2678 1113 2995 1182 τριγαμίαν
3047 1110 3468 1182 καταστάντας
3496 1107 3570 1177 τῇ
3596 1109 3664 1162 ἐκ

2242 1185 2350 1237 τοῦ
2375 1179 2534 1252 ἱεροῦ
2568 1179 2828 1248 κανόνος
2848 1179 3235 1235 ήὺποκεῖσθαι
3273 1179 3477 1247 ποινῇ.

2134 1275 2190 1327 'U
2220 1274 2382 1336 αύτὸς
2414 1273 2669 1343 βασιλεὺς
2698 1271 2976 1342 Στυλιανῷ
3013 1270 3092 1341 τῷ
3125 1270 3296 1340 αὐτῷ.

2139 1363 2287 1418 Ἔδει
2319 1365 2384 1436 δὴ
2399 1366 2445 1398 ⁸⁸
2478 1364 2704 1432 πλάσμα
2747 1362 2848 1430 τῆς
2899 1361 3051 1424 θείας
3095 1362 3244 1432 ἡμᾶς
3275 1360 3537 1431 παλάμης
3565 1362 3658 1412 καὶ

2065 1458 2139 1528 νῷ
2179 1459 2274 1512 καὶ
2297 1458 2442 1528 λόγῳ
2467 1456 2870 1528 τετιμημένους
2899 1454 2974 1526 μὴ
3002 1454 3104 1524 τῆς
3134 1452 3445 1524 προσούσης
3487 1453 3544 1504 ἐν
3577 1470 3656 1505 τι-

2068 1571 2153 1606 σιν
2183 1551 2401 1620 ἀλόγοις
2423 1551 2627 1622 ἀρετῆς
2647 1548 2912 1620 ἡττᾶσθαι
2937 1564 2950 1577 ·
2978 1547 3040 1601 ού
3065 1546 3174 1618 γὰρ
3199 1545 3304 1611 ἔξω
3329 1546 3663 1617 κατηγορίας

2065 1643 2126 1696 τὸ
2167 1643 2410 1711 ἥττημα,
2462 1641 2584 1695 οὐδὲ
2633 1639 2842 1711 μώμων
2887 1638 3113 1694 δικαίων
3167 1635 3473 1706 ἐλεύθερον,
3527 1636 3665 1689 ἀλλά

384 1735 762 1803 peratiouibns
794 1733 966 1786 libera
995 1741 1114 1787 est:
1146 1733 1239 1786 sed
1284 1740 1437 1786 tanto
1459 1732 1754 1794 obnoxior,
1791 1746 1965 1800 quan-

2069 1729 2322 1783 τοσοῦτον
2354 1729 2630 1794 ὑπόδικον,
2653 1730 2778 1783 ὅσον
2806 1729 2907 1798 τῆς
2932 1728 3133 1797 ἀλόγου
3166 1727 3383 1796 φύσεως
3409 1727 3442 1796 ἡ
3471 1725 3664 1796 λογικὴ

386 1835 498 1878 ιιιιιι
528 1824 724 1878 [ιιίιιειιὶ
771 1834 980 1878 naturae
1026 1823 1371 1878 rationabilis
1397 1821 1690 1892 prudentia
1723 1822 1966 1876 antecel-

386 1914 467 1968 lit.
495 1914 815 1984 Oportcbal,
866 1915 1111 1986 inquam,
1153 1916 1399 1969 homines
1426 1929 1550 1968 cum
1585 1913 1638 1967 in
1673 1913 1818 1979 aliis,
1855 1920 1968 1966 tum

387 2009 661 2078 pra‘cipue
697 2009 746 2060 in
780 2010 1033 2062 castitate
1088 2007 1479 2062 matrimoniali
1537 2021 1567 2060 a
1614 2006 1794 2062 brutis
1853 2004 1967 2076 (58)

385 2115 494 2152 non
532 2100 697 2154 vinei.
725 2099 892 2153 Multa
921 2110 1106 2153 autem
1138 2100 1425 2153 brutorum
1471 2099 1840 2153 animantium
1869 2114 1967 2168 ge-

387 2203 518 2242 nera
547 2187 684 2256 (59),
709 2188 942 2259 conjuge
993 2199 1232 2253 mortuo,
1270 2195 1591 2258 perpetuam
1651 2188 1966 2242 viduitatem

386 2280 833 2350 amplectuntur,
907 2280 1205 2351 alterisquc
1265 2281 1478 2350 nuptiis
1542 2280 1756 2350 priores
1821 2281 1969 2334 velut

385 2384 648 2440 congesta
687 2377 834 2424 terra
886 2370 1146 2442 obtegere
1203 2371 1421 2424 nolunt.
1449 2368 1652 2426 Verum
1708 2370 1967 2439 quoniam

385 2459 973 2516 haneimbecillitatem
1026 2471 1240 2532 turpem
1301 2480 1410 2518 non
1465 2479 1588 2520 esse
1628 2464 1967 2534 (quanquam

385 2552 703 2621 turpissima
735 2553 827 2621 sit)
859 2553 1186 2609 existimans
1215 2564 1436 2621 natura,
1472 2557 1650 2625 primo
1685 2556 1967 2610 matrimo-

386 2643 480 2698 nio
505 2652 763 2698 contenta
795 2659 904 2696 non
931 2655 1037 2708 est,
1087 2644 1185 2700 sed
1258 2647 1412 2701 nullo
1447 2647 1656 2716 pudore
1703 2655 1850 2702 tacta
1901 2647 1967 2703 ad

385 2736 688 2790 secundum
711 2736 876 2790 etiam
907 2737 1162 2807 procedit
1200 2756 1213 2792 :
1247 2739 1378 2809 quin
1408 2754 1530 2794 cum
1568 2739 1716 2794 illam
1751 2740 1838 2794 hic
1863 2740 1972 2797 sal-

285 2825 290 2830 ’
387 2835 498 2881 tem
528 2826 725 2882 sistere
747 2828 994 2895 deberet,
1026 2845 1131 2886 non
1165 2840 1348 2886 tamen
1375 2832 1425 2887 id
1477 2831 1647 2888 facit:
1675 2839 1752 2898 et,
1785 2848 1967 2901 quan-

385 2932 550 2984 quam
578 2931 674 2987 per
703 2933 919 2973 sacram
950 2919 1124 2990 legem
1152 2935 1260 2976 non
1292 2922 1478 2984 liceat,
1505 2937 1534 2975 a
1577 2922 1823 2979 secundo
1849 2939 1963 2976 ma-

386 3005 652 3060 trimonio
679 3007 747 3061 ad
781 3009 1003 3063 tertium
1036 3013 1384 3082 prorumpit:
1425 3012 1571 3067 haud
1609 3012 1774 3067 dubie
1831 3028 1964 3066 con-

386 3099 635 3152 stitutam
668 3100 722 3153 in
757 3102 981 3156 tertium
1053 3103 1464 3159 matrimonium
1523 3119 1766 3175 pmnam,
1817 3105 1966 3176 quod

389 3204 498 3242 non
559 3199 904 3254 exerceatur,
964 3194 1304 3263 contemptui
1369 3193 1626 3249 habens:
1686 3193 1853 3265 idque
1903 3208 1968 3248 eo

386 3282 552 3335 etiam
585 3284 756 3352 magis
787 3284 932 3353 quod
967 3284 1146 3340 civilis
1178 3286 1286 3349 lev,
1312 3301 1418 3355 qua
1461 3287 1648 3341 nescio
1677 3285 1744 3343 de
1771 3301 1963 3351 causa,

389 3371 630 3440 Spiritus
657 3389 875 3444 poenam
910 3376 1303 3431 constituentis
1333 3377 1556 3431 decreto
1598 3391 1704 3431 non
1739 3391 1972 3432 consen-

388 3465 503 3531 tiat,
540 3467 636 3521 sed
693 3467 795 3522 hos
829 3483 857 3522 a
909 3469 1340 3538 reprehensione
1382 3485 1547 3541 porro
1603 3471 1822 3534 liberat,
1875 3472 1969 3538 qui

387 3566 512 3625 post
533 3558 763 3613 alterum
801 3560 1202 3615 matrimoniale
1234 3561 1575 3616 consortium
1620 3575 1648 3613 a
1678 3561 1966 3614 matrimo-

390 3651 497 3705 niis
523 3651 800 3706 abstincre
833 3653 1043 3707 nolint:
1076 3653 1284 3709 ideirco
1309 3670 1410 3709 nos
1433 3669 1554 3723 quae
1584 3653 1814 3722 Spiritui
1850 3653 1968 3722 pla-

387 3749 514 3795 cem
533 3749 852 3809 sequentes,
886 3743 1204 3808 statuimus,
1233 3752 1292 3796 ut
1322 3743 1414 3812 qui
1444 3743 1511 3796 ad
1573 3743 1792 3797 tertium
1851 3756 1968 3795 ma-

393 3834 710 3886 trimonium
747 3836 1120 3903 pervenerint,
1151 3849 1326 3903 preme
1352 3848 1518 3904 quam
1545 3833 1598 3886 in
1625 3834 1778 3903 ipsos
1805 3847 1965 3889 sacer

386 3937 562 3978 canon
587 3920 698 3992 (60)
732 3923 1117 3993 promulgavit,
1161 3924 1381 3978 obnoxii
1405 3923 1536 3979 sint.

865 4011 1336 4069 CONSTITUTIO
1368 4012 1503 4068 XCI.

570 4105 637 4160 Ut
677 4106 1026 4160 concubinam
1071 4105 1260 4160 habere
1290 4122 1395 4160 non
1429 4107 1586 4160 liceat
1647 4105 1783 4177 (6!).

459 4196 603 4254 Idem
634 4197 933 4269 imperator
971 4196 1148 4253 cidem
1193 4197 1465 4269 Styliano.

2074 1823 2207 1893 περὶ
2231 1821 2290 1876 τὸ
2315 1823 2538 1893 ἄμεινον
2559 1821 2788 1876 ⁸⁷.Ἔδει
2817 1815 2912 1875 οὖν
2955 1821 3025 1875 τά
3070 1837 3130 1873 τε
3169 1817 3302 1872 ἄλλα
3331 1819 3426 1872 καὶ
3468 1820 3524 1870 ἐν
3554 1819 3665 1879 τοῖς

2071 1915 2328 1983 γαμικοῖς
2362 1913 2438 1984 μὴ
2483 1912 2545 1966 τὸ
2593 1912 2816 1966 ἔλαττον
2863 1911 2963 1980 τῆς
2999 1911 3058 1965 ἐν
3090 1909 3274 1972 αὐτοῖς
3309 1907 3664 1978 σωφροσύνης

2072 2009 2354 2077 προσεῖναι
2396 2005 2728 2077 ἀνθρώποις.
2778 2004 2955 2059 Πολλά
2997 2004 3106 2075 γάρ
3148 2003 3258 2056 τῶν
3304 2001 3517 2070 ἀλόγων
3568 2002 3662 2054 τοῦ

2071 2098 2342 2169 ὁμοζύγου
2375 2098 2897 2170 προαποφθαρέντος
2919 2096 3008 2151 διά
3042 2097 3159 2166 βίου
3182 2096 3283 2165 τὴν
3315 2095 3543 2165 χηρείαν
3571 2097 3666 2149 ἀι.-

2071 2192 2460 2257 ασπάξεται⁹⁸,
2494 2191 2592 2245 καὶ
2637 2191 2909 2261 δευτέροις
2956 2189 3058 2242 οὐκ
3106 2187 3280 2242 ἐθέλει
3330 2188 3531 2256 γάμοις
3572 2186 3664 2240 τὸν

2072 2284 2290 2354 πρῶτον
2323 2283 2514 2356 ὥσπερ
2545 2281 3146 2355 καταχωννύειν.Ἐπεὶ
3186 2281 3244 2334 δέ
3274 2281 3375 2350 τὴν
3405 2277 3664 2346 τοιαύτην

2069 2371 2239 2448 ἦτταν
2268 2378 2298 2445 ἡ
2334 2375 2497 2443 φύσις
2527 2376 2586 2429 ού
2621 2374 2848 2446 βαρεῖαν
2874 2373 3194 2443 νομίζουσα,
3218 2374 3397 2426 καίτοι
3427 2369 3664 2440 βαρυτά-

2070 2483 2189 2535 την,
2208 2467 2274 2535 τῇ
2308 2463 2500 2537 πρώτῃ
2525 2465 2626 2516 οὐκ
2649 2465 2899 2534 ἀρκεῖται
2930 2463 3140 2532 γαμικῇ
3172 2459 3380 2530 ὁμιλία,
3413 2456 3548 2511 ἀλλὰ
3573 2453 3669 2514 καὶ

2071 2558 2208 2629 πρὸς
2255 2556 2514 2628 δευτέραν
2565 2555 2718 2609 οὐδὲν
2758 2554 3049 2624 αἰδουμένη
3110 2554 3314 2622 χωρεῖ,
3348 2551 3444 2604 καὶ
3500 2550 3668 2621 μέχρι

2070 2648 2260 2703 τούτου
2307 2649 2368 2702 τὸ
2411 2647 2611 2716 ἐαυτῆς
2655 2645 2885 2714 ὤφειλεν
2938 2643 3145 2716 ὁρίζειν
3187 2643 3512 2713 ἐλάττωμα·
3547 2642 3663 2698 ἀλλ’

2071 2741 2172 2811 οὐχ
2194 2738 2338 2792 οὕτω
2369 2741 2534 2802 ποιεῖ,
2565 2738 2682 2793 ἀλλ’
2705 2737 2826 2791 οὕτε
2860 2735 3192 2807 συγγνώμην
3234 2735 3293 2800 ἐξ
3319 2735 3468 2805 ἱεροῦ
3497 2735 3664 2804 νόμου

2071 2832 2164 2885 ἐπὶ
2185 2831 2263 2902 τῷ
2290 2829 2634 2900 ἐλαττώματι
2664 2829 2956 2900 λαμϐάνει,
2985 2829 3081 2882 καὶ
3116 2829 3252 2900 πρὸς
3285 2828 3468 2899 τρίτον
3488 2828 3665 2898 γάμον

2073 2925 2138 2977 ἐκ
2185 2923 2281 2976 τοῦ
2331 2923 2588 2994 δευτέρου
2639 2925 2960 2992 προάγεται,
2989 2922 3066 2992 τῷ
3104 2923 3179 2993 μὴ
3212 2921 3370 2993 δίκην
3398 2922 3458 2973 ἐν
3487 2922 3664 2991 τούτῳ

2071 3017 2442 3089 ἀπαιτηθῆναι
2463 3059 2478 3083 ,
2509 3017 2602 3070 καὶ
2632 3016 2732 3084 τῆς
2763 3016 3024 3086 κειμένης
3055 3015 3146 3069 ἐπὶ
3173 3014 3250 3085 τῷ
3287 3015 3454 3085 τρίτῳ
3484 3016 3663 3068 ἐπιτι-

2076 3110 2293 3180 μήσεως
2310 3109 2356 3141 ⁹⁹
2384 3108 2869 3177 καταφρονήσασα,
2907 3106 3143 3176 μάλιστά
3169 3123 3232 3175 γε
3261 3107 3354 3158 καὶ
3383 3105 3661 3158 πολιτικοῦ

2067 3203 2232 3272 νόμου
2272 3201 2393 3270 (οὐκ
2425 3196 2519 3254 οἷδ’
2548 3200 2717 3267 ὅπως)
2755 3200 2830 3271 μὴ
2862 3201 3175 3270 συμφωνεῖν
3203 3198 3558 3268 ἐθελήσαντος
3581 3195 3660 3266 τῷ

2068 3293 2300 3364 δόγματι
2330 3291 2423 3346 τοῦ
2453 3291 2796 3360 Πνεύματος,
2820 3289 2956 3344 ἀλλά
2984 3291 3244 3362 μέμψεως
3266 3288 3512 3358 ἀφιέντος
3535 3287 3660 3350 τοὺς

2079 3386 2242 3457 μέχρι
2269 3386 2368 3454 τῆς
2404 3384 2666 3455 δευτέρας
2708 3382 2957 3454 γαμικῆς
2999 3381 3074 3452 μὴ
3107 3380 3437 3452 στέρξαντας
3471 3397 3663 3432 κοινω⁶

2073 3479 2230 3543 νίας’
2258 3476 2549 3549 τοιγαροῦν
2595 3478 2760 3548 ἡμεῖς
2807 3478 2919 3540 τοῖς
2964 3474 3043 3545 τῷ
3092 3475 3373 3544 Πνεύματι
3418 3473 3665 3526 δοκοῦσιν

2075 3569 2330 3639 ἑπόμενοι
2362 3567 2648 3641 ὁρίζομεν,
2681 3569 2808 3631 τοὺς
2835 3569 2916 3631 εἰς
2945 3568 3251 3639 τριγαμίαν
3287 3565 3665 3625 καταστάντας

2076 3660 2399 3715 ὑποκεῖσθαι
2443 3663 2511 3733 τῇ
2557 3661 2705 3732 δίκῃ,
2744 3661 2923 3732 ἥνπερ
2952 3659 3167 3715 αύτῶν⁸
3214 3661 3243 3713 ὁ
3289 3658 3434 3730 ίερὸς
3481 3653 3661 3710 κανὼν

2074 3752 2411 3824 ἐξενήνοχεν.

2640 4014 2953 4068 ΑιΑΤΑειΣ
2990 4013 3107 4083 utr.

2224 4106 2361 4173 Περὶ
2389 4105 2495 4160 τοῦ
2523 4105 2608 4174 μὴ
2642 4108 3119 4174 amissas/psallat
3157 4102 3518 4168 παλλακαῖς.

2165 4200 2224 4252 Ὁ
2250 4199 2412 4262 αὐτὸς
2449 4199 2701 4270 βασιλεὺς
2732 4197 3008 4268 Στυλιανῷ
3039 4196 3116 4268 τῷ
3155 4198 3321 4266 αὐτῷ.

1697 4339 1932 4397 νΑιιιΑς
1969 4339 2372 4400 LECTIONES.

441 4462 494 4534 ’ξ
523 4461 711 4531 Steph.
755 4461 899 4534 conj.
928 4461 1139 4534 τούτου.
1174 4533 1181 4534 ί
1215 4463 1263 4496 ³⁸
1296 4464 1486 4534 διθρῖιο
1512 4462 1744 4532 ψευδῶς·

387 4533 558 4588 Codd.
613 4533 851 4602 Ἐπειδὴ.

387 4619 436 4669 c,
471 4605 524 4659 5.
559 4603 617 4658 S.
650 4603 834 4658 Basilii
862 4617 911 4658 c.
944 4603 995 4669 4,
1031 4603 1119 4670 50,
1156 4603 1244 4658 80.
1350 4605 1367 4636 ⁸
1410 4603 1592 4657 Malim
1632 4603 1835 4667 αὐτοῖς.

1821 4463 1867 4495 ’⁸
1898 4461 1989 4516 Sic
2017 4459 2284 4528 Stephan.
2332 4460 2504 4516 Codd.
2567 4459 2882 4528 ύποκορίζοι
2917 4476 3015 4511 σοι.

964 4535 1008 4566 ’⁷
1035 4533 1224 4604 Steph.
1251 4535 1378 4603 περὶ
1397 4531 1459 4604 et
1489 4531 1710 4603 φρονεῖν
1767 4531 2010 4604 ἄμεινον.

3098 4458 3162 4508 ,θ’
3189 4455 3346 4524 Con].
3383 4454 3570 4522 Steph.
3611 4485 3666 4496 —

2119 4524 2168 4573 ⁵⁸.
2198 4530 2385 4601 Steph.
2417 4530 2563 4600 conj.
2595 4524 3024 4594 ἀντισπάζεται.
3123 4529 3168 4559 ⁹⁹
3218 4527 3347 4596 Syn.
3416 4524 3658 4579 Nom-ms.

1904 4693 2138 4750 ΝΟΤΛΕ.

462 4791 673 4860 (55-55)
713 4792 788 4846 De
836 4789 1014 4860 tertiis
1060 4788 1291 4860 nuptiis,
1335 4787 1460 4842 vide
1513 4765 1964 4860 constitutionem
2001 4789 2043 4843 D

389 4855 883 4932 Porphyrogenetm
904 4859 1039 4915 Nov.
1082 4855 1210 4932 l._c.
1249 4859 1306 4922 2,
1336 4875 1482 4914 vers.
1521 4855 1592 4910 Ut
1625 4865 1828 4912 autem.

463 4931 575 4996 (56)
611 4930 704 4985 Sc}
738 4930 1222 4988 Ncocmsariensis.

463 4995 576 5072 (57)
607 5000 848 5073 Tempus
904 5001 1127 5072 aliquod
1158 4999 1460 5073 paenitendi
1509 4997 1744 5073 bigamjs
1776 5006 1829 5052 et
1860 4995 1966 5073 tr_i-

389 5067 565 5138 gamis
595 5067 914 5142 imponitur.
951 5067 1087 5127 lliud
1119 5067 1487 5140 adjiciendum
1600 5087 1646 5122 c.
1677 5069 1786 5124 2et
1816 5084 1865 5122 (ξ.
1901 5067 1958 5130 7,

390 5143 634 5214 ejusdem
662 5140 880 5214 synodi,
914 5143 1086 5199 vetari
1113 5143 1498 5214 presbyteros
1538 5140 1807 5214 interesse
1862 5154 1965 5214 n_u-

392 5213 518 5277 ptiis
562 5209 709 5279 ejus,
757 5229 880 5284 qua:
919 5209 1166 5270 secundo
1221 5209 1400 5267 nubit.
1468 5209 1762 5284 Privabunt
1819 5209 1964 5284 enim

391 5285 640 5337 nonnulli
687 5280 1066 5340 benedictione
1096 5284 1370 5340 secundas
1395 5283 1634 5349 nuptias,
1676 5280 1797 5335 vide
1827 5281 1965 5347 Aug.

393 5367 503 5406 ser.
532 5353 662 5418 245,
697 5356 949 5410 Ambros.
977 5357 1031 5409 in
1067 5369 1188 5423 cap.
1222 5369 1294 5408 vn
1350 5353 1364 5406 l
1415 5352 1497 5406 Ad
1533 5351 1784 5423 Corinth.
1820 5360 1874 5403 et
1912 5349 1967 5402 in

396 5436 453 5474 ιιι
493 5437 613 5490 cap.
643 5426 832 5493 prima:
857 5425 926 5480 ad
957 5421 1233 5489 Corintlu,
1265 5424 1562 5478 concilium
1605 5421 1972 5477 Lateranense

393 5492 844 5562 subAIciandro
871 5495 960 5557 ill,
999 5497 1086 5549 tit.
1117 5493 1191 5549 De
1227 5494 1464 5549 second.
1492 5500 1646 5562 nnpt.
1682 5507 1731 5546 c.
1761 5495 1809 5546 l.

467 5561 578 5630 (53)
622 5562 920 5633 llincillud
963 5563 1316 5626 Nazianzeni,
1364 5565 1426 5617 τὸ
1456 5557 1674 5633 πρῶτον
1719 5557 1971 5615 συνοικέ-

399 5633 717 5705 σιον-νόμον·
741 5632 801 5705 τὸ
823 5633 1070 5704 δεύτερον
1101 5634 1468 5705 συγχωρῄσις,
1499 5631 1560 5686 τὸ
1591 5631 1767 5702 τρίτον
1797 5646 1972 5702 παρα-

397 5702 581 5773 νομία,
621 5701 682 5755 τὸ
705 5702 960 5774 τέταρτον
982 5701 1254 5773 γριφώδης
1281 5701 1412 5771 βίος.

2147 4785 2261 4855 (59.)
2295 4783 2364 4839 Ut
2398 4794 2664 4840 turtures.

2152 4853 2264 4925 (Gtt)
2297 4857 2508 4910 Canon.
2542 4859 2594 4918 5,
2624 4858 2678 4910 7.
2719 4855 3154 4910 Neoezesariens.
3188 4856 3382 4923 synod.
3413 4855 3449 4906 I.
3480 4853 3569 4925 5i.
3604 4869 3658 4919 η.

2071 4926 2130 4988 2,
2162 4923 2215 4980 ιτ.
2257 4926 2328 4979 De
2365 4927 2456 4997 his
2487 4927 2579 4996 qui
2611 4945 2625 4992 ;
2667 4926 2898 4981 Basilius
2922 4940 2970 4979 c.
3003 4926 3037 4978 4
3076 4925 3141 4978 ad
3193 4923 3659 4997 Amphilochium,

2076 4999 2165 5052 ubi
2211 4997 2333 5052 vide
2363 4995 2770 5051 Balsamonem.

2145 5069 2259 5134 (6|)
2295 5068 2672 5122 Concnbinam
2725 5066 2926 5120 habere
2979 5081 3087 5119 non
3149 5067 3299 5132 licet,
3360 5075 3418 5120 ut
3453 5061 3565 5127 hic,
3609 5069 3664 5134 et

2075 5140 2148 5192 ita
2181 5139 2476 5207 abrogatur
2498 5137 2582 5190 tit.
2629 5135 2682 5190 II.
2721 5137 2792 5207 De
2825 5137 2998 5191 adult.
3025 5145 3078 5188 ct
3105 5140 3336 5193 similes.
3370 5135 3512 5207 Olim
3537 5133 3664 5207 qni-

2075 5209 2195 5263 dem
2250 5205 2542 5261 constante
2597 5205 2972 5267 matrimonio,
3032 5209 3401 5262 concubinam
3463 5205 3662 5257 habere

2078 5293 2188 5333 non
2219 5279 2392 5331 licuit.
2429 5275 2565 5348 Nov.
2602 5277 2686 5339 i8,
2721 5291 2771 5330 c.
2799 5277 2854 5340 5,
2887 5276 3023 5329 Nov.
3054 5276 3150 5348 89,,
3177 5293 3225 5330 c.
3261 5279 3347 5340 12,
3382 5275 3409 5348 §
3440 5276 3493 5330 5.
3542 5272 3662 5325 Cat-

2077 5357 2252 5402 terum
2322 5347 2626 5402 concubina
2684 5362 2714 5400 a
2772 5348 3059 5402 meretrice
3123 5347 3460 5415 discrepat:
3533 5357 3666 5396 con-

2078 5419 2278 5473 cubina
2302 5417 2469 5470 unius
2500 5426 2710 5472 tantum
2776 5416 3178 5473 consuetudine
3219 5419 3393 5470 utitur
3428 5433 3444 5470 :
3479 5427 3655 5466 mere-

2075 5489 2180 5543 trix
2207 5503 2338 5542 vero
2359 5488 2619 5556 plurium.
2648 5487 2966 5544 Concubina
3001 5504 3125 5541 cum
3149 5503 3258 5542 uno
3286 5493 3497 5542 tantum
3535 5495 3661 5550 pec-

2076 5568 2184 5624 cat,
2219 5557 2477 5612 meretrix
2509 5573 2634 5611 eum
2662 5559 2930 5625 pluribus.
2991 5558 3280 5613 Balsamon
3330 5557 3397 5612 ad
3453 5566 3659 5610 canon.

2075 5630 2146 5684 26
2175 5628 2337 5699 epist.
2373 5628 2560 5684 Basilii
2582 5628 2648 5682 ad
2684 5629 3148 5700 Amphilochium.
3181 5629 3358 5686 Goru.
