4062 6202
364 235 477 299 605
1487 226 1854 291 ΝΟνΕῙιίιιΕ
1878 228 1969 290 C0

2072 228 2556 291 TITUTlONES.
3543 237 3653 303 οοσ

444 344 579 400 Ἀπὸ
615 343 711 412 τῆς
741 341 911 413 αὑτῆς
946 341 1271 414 ἀδιαφορίας
1311 342 1407 396 καὶ
1441 342 1541 413 τὴν
1572 344 1702 414 περὶ
1741 341 1952 397 παλλα-

2128 343 2319 416 Neque
2345 345 2529 400 minus
2555 358 2618 401 ea
2651 343 2740 400 lex
2775 343 2889 414 (6’2)
2918 360 3040 416 qum
3066 346 3336 415 probrose
3365 359 3491 401 cum
3516 362 3653 403 con-

364 443 467 512 κῆς
501 437 682 510 κρίσιν
706 436 905 506 ὁρᾶται
932 434 1253 506 ποιούμενος
1274 436 1304 488 ὁ
1332 436 1448 498 τοῖς
1470 433 1647 498 οὕτως
1677 434 1959 504 ἐπιψόγως

2072 436 2290 492 cubinis
2335 436 2639 492 immisceri
2681 451 2792 491 non
2840 437 3297 494 erubescentibus
3328 438 3383 494 id
3434 440 3662 510 permit-

366 526 801 602 συμφθείρεσθαι
826 526 1134 591 παλλακαῖς
1154 527 1257 580 οὑκ
1287 527 1628 597 αἰδουμένοις
1653 525 1960 598 συγχωρῶν

2072 529 2290 585 tendum
2319 529 2611 600 judicavit,
2638 529 2985 586 honestatem
3013 546 3220 602 susque
3236 533 3413 603 deque
3445 532 3658 589 habuit.

369 628 550 696 νόμος.

439 718 650 772 Οὐκοῦν
694 716 817 771 οὑδὲ
863 714 1072 784 ταύτην
1103 712 1198 767 τοῦ
1245 710 1543 784 νομοθέτου
1582 711 1684 781 τὴν
1717 698 1960 782 διαμαρ-

365 811 489 865 τίαν
521 810 767 882 ὑϐρίζειν
799 807 899 880 τὴν
927 804 1204 878 ἡμετέραν
1233 804 1511 858 πολιτείαν
1539 803 1744 875 ἐῶμεν,
1783 802 1904 857 ἀλλ’
1931 803 1961 856 ό

371 903 473 974 μὲν
504 902 677 957 άῖδιον
710 902 884 972 ἐχέτω
918 899 1102 971 σιγὴν,
1134 899 1270 968 ἡμῖν
1294 896 1349 949 ηδ’
1378 895 1786 967 ἀπαγορεύεται
1818 893 1962 949 κατά

367 994 436 1047 τὰ
488 994 610 1049 θεῖα
664 995 760 1048 καὶ
813 993 1094 1063 πρέποντα
1150 991 1499 1061 Χριστιανοῖς
1551 988 1864 1060 ἐντάλματα
1926 989 1960 1059 ἡ

369 1086 597 1157 τοιαύτη
644 1085 803 1157 ὕϐρις
845 1084 905 1137 οὑ
945 1083 1107 1155 μόνον
1154 1084 1254 1153 τῆς
1282 1080 1523 1144 πίστεως
1555 1079 1694 1134 άλλά
1732 1081 1829 1133 καὶ
1860 1079 1961 1149 τῆς

369 1179 607 1247 φύσεως.
657 1176 722 1230 El
772 1176 871 1247 μέν
904 1175 1015 1246 γὰρ
1048 1173 1190 1228 κατά
1217 1173 1281 1227 τὸ
1306 1172 1486 1242 λόγιον
1511 1171 1689 1226 οίκεια
1722 1171 1959 1243 ὑπάρχει

369 1269 544 1340 πηγὴ,
567 1271 630 1321 ἐκ
653 1267 761 1321 τῶν
793 1267 1014 1321 οἰκείων
1041 1264 1293 1337 ἀπαρύου
1320 1264 1613 1336 σωφρόνως
1647 1262 1808 1338 (ὅθεν
1839 1263 1961 1330 ἐξὸν

372 1361 634 1432 καθαρῶν
662 1358 1069 1427 ἀπογεύεσθαι²
1100 1358 1382 1428 ναμάτων,
1416 1356 1481 1410 ab
1521 1355 1839 1428 προκρίνεις
1866 1355 1960 1409 τὸν

379 1450 696 1524 βόρϐορον)·
748 1453 797 1505 εἰ
838 1452 883 1505 δ’
931 1452 1031 1521 οὑχ
1081 1451 1350 1521 ὑπάρχει,
1384 1448 1503 1504 ἀλλ’
1543 1448 1645 1501 οὑκ
1703 1447 1819 1501 ἐστι
1849 1447 1961 1501 τῶν

372 1545 704 1616 ἀπορρήτων
730 1545 764 1612 ἡ
814 1543 1034 1614 κτῆσις,
1082 1543 1143 1597 οὑ
1183 1541 1420 1614 χαλεπὸν
1453 1541 1511 1594 δὲ
1558 1539 1660 1612 τὴν
1699 1539 1961 1594 κοινωνὸν

374 1633 471 1687 τοῦ
504 1634 623 1703 βίου
650 1632 855 1704 εὑρεῖν.

907 1724 1224 1778 ΔΙΛΤΑΞΙΣ
1268 1722 1361 1792 ea"
1384 1725 1426 1778 ι.

620 1815 761 1883 Περὶ
789 1814 895 1869 τοῦ
927 1812 1440 1883 ἐκτυφλώσαντος
1466 1812 1693 1867 dumi.

469 1982 531 2034 '0
560 1980 723 2044 αὐτὸς
756 1979 1010 2050 βασιλεὺς
1036 1977 1312 2050 Στυλιανῷ
1346 1977 1424 2049 τῷ
1464 1977 1634 2049 αὐτῷ.

450 2074 515 2127 Εἰ
546 2073 642 2127 καὶ
665 2071 842 2134 ἄλλως
873 2071 1007 2139 ἡμῖν
1033 2069 1164 2141 περὶ
1184 2067 1281 2122 τοῦ
1309 2068 1438 2132 τοὺς
1465 2067 1780 2139 ὀφθαλμοὺς
1808 2066 1968 2139 χερσὶ

379 2165 712 2237 βιαιοτάταις
735 2162 1090 2234 ἐξορύξαντος
1106 2159 1187 2232 τῷ
1204 2160 1343 2232 πρὸς
1367 2158 1783 2231 ἀμφισϐήτησιν
1815 2159 1967 2230 αὑτῷ

376 2255 770 2327 καθισταμένῳ
797 2255 828 2325 ἡ
861 2255 1043 2325 κρίσις
1075 2253 1363 2325 ἐξηνέχθη,
1395 2252 1429 2324 ἧ
1452 2253 1527 2314 ὡς
1550 2253 1599 2305 oi
1628 2252 1853 2307 παλαιοὶ
1880 2253 1968 2306 νό-

382 2365 474 2421 μοι
519 2346 890 2411 θεσπίζουσιν,
928 2344 1042 2398 ἀλλ’
1074 2345 1178 2398 οὐκ
1209 2340 1372 2415 ἦλθεν
1420 2343 1566 2398 κατά
1608 2343 1849 2398 διάνοιαν
1885 2343 1968 2406 είς

378 2440 546 2510 νόμον
570 2438 670 2509 τὴν
697 2436 952 2505 τοιαύτην
980 2436 1324 2490 διατυπῶσαι
1354 2435 1556 2506 κρίσιν.
1607 2434 1834 2507 Ἐκρίθη
1866 2435 1967 2505 μὲν

379 2533 492 2602 γὰρ
524 2531 679 2600 ἡμῖν,
714 2526 904 2599 ὥσπερ
942 2529 1037 2580 καὶ
1086 2525 1307 2598 ἐκρίθη,
1356 2525 1805 2598 συμπαθέστερόν
1848 2541 1967 2587 πως

379 2625 474 2676 ἐπὶ
494 2621 574 2691 τῷ
599 2619 763 2676 πάθει
782 2616 1228 2688 διατεθειμένοις,
1261 2616 1356 2669 καὶ
1385 2616 1687 2687 ἐπειδήπερ
1709 2616 1811 2668 οὑκ
1840 2615 1965 2684 ἐνῆν

380 2712 769 2770 ἀνακαλεῖσθαι
797 2710 897 2782 τὴν
927 2710 1131 2781 ζημίαν
1160 2708 1268 2763 τῶν
1299 2708 1595 2778 ὀφθαλμῶν
1631 2706 1710 2779 τῷ
1742 2705 1968 2770 τούτους

380 2805 792 2871 ἀπολωλεκότι,
841 2803 1015 2871 ἔγνων
1054 2800 1131 2872 μὴ
1171 2800 1264 2855 τὸν
1304 2798 1684 2870 ξημιὼσαντα,
1730 2797 1837 2853 κᾶν
1886 2798 1968 2853 δί-

383 2914 539 2962 καιος
573 2897 832 2966 ὑποσχεῖν
860 2894 962 2965 τὴν
991 2893 1164 2963 αὑτὴν
1207 2891 1434 2964 ζημίαν,
1470 2889 1548 2962 τῷ
1575 2891 1751 2962 ὁμοίῳ
1783 2890 1968 2945 σκότει

385 2988 724 3061 περιϐαλεῖν,
754 2985 871 3040 ἀλλ’
900 2985 995 3039 ἐπὶ
1023 2984 1279 3038 τοσοῦτον
1310 2984 1493 3055 ὁρίσαι
1518 2981 1617 3054 τὴν
1651 2981 1964 3053 εἴσπραξιν,

381 3057 522 3134 ὥστε
549 3076 762 3132 καὶτὸν
810 3075 1098 3146 πράξαντα
1144 3072 1333 3146 φέρειν
1364 3075 1570 3145 σημεῖα
1591 3071 1614 3103 ⁸
1646 3071 1745 3143 τῆς
1792 3089 1967 3143 τιμω-
1996 3057 2039 3116 (ἶ

386 3173 509 3245 ρίας
527 3210 543 3235 ,
575 3169 670 3223 καὶ
697 3168 789 3222 τὸν
811 3167 1058 3220 παθόντα
1083 3163 1429 3237 παραμύθιόν
1454 3182 1529 3229 τι,
1555 3164 1631 3229 ὡς
1658 3165 1715 3217 ἐν
1745 3163 1971 3236 τοιαύτῃ

385 3263 643 3335 συμφορᾷ
668 3260 766 3315 καὶ
787 3259 945 3331 βαθεῖ
965 3255 1108 3312 οὑτω
1135 3257 1317 3311 σκότει
1344 3257 1409 3311 ἐκ
1428 3255 1537 3311 τῶν
1565 3255 1743 3311 πόνων
1773 3255 1973 3327 κεκτῆ-

386 3357 512 3410 σθαι
542 3353 638 3408 τοῦ
678 3353 741 3406 τὸ
782 3351 976 3414 σκότος
1022 3347 1171 3421 αὑτῷ
1219 3348 1747 3419 δημιουργήσαντος.
1811 3347 1973 3402 ’Δλλά

383 3449 495 3519 γὰρ
537 3447 586 3500 εἰ
633 3445 729 3499 καὶ
784 3442 931 3496 οὑτω
974 3440 1255 3512 κέκριται,
1291 3440 1392 3493 οὑκ
1428 3435 1517 3512 ἦν,
1556 3439 1749 3511 ῶσπερ
1793 3432 1971 3506 εἷπον,

384 3539 580 3611 γνώμη
610 3539 672 3591 τὸ
721 3536 911 3609 κριθὲν
955 3538 1133 3590 ποιεῖν
1181 3532 1551 3604 νομοθέτημα.
1600 3531 1819 3603 Ἐπειδὴ
1843 3530 1900 3584 δὲ
1945 3532 1973 3584 ό

386 3634 495 3687 τῶν
521 3634 580 3685 ἐν
611 3634 721 3692 τοῖς
744 3630 909 3693 θείοις
936 3628 1093 3700 ἡμῶν
1122 3624 1534 3698 ἀποφερόμενος
1552 3625 1573 3656 ⁸
1605 3617 1705 3695 (οὑ
1723 3621 1835 3692 ἐγὼ
1855 3621 1974 3686 πῶς

389 3727 457 3780 ἂν
487 3722 883 3794 άποπέμψαιμι
912 3720 1012 3793 τὴν
1060 3719 1361 3787 ἀξίωσινς)
1413 3717 1495 3781 είς
1543 3716 1740 3788 νόμους
1793 3713 1973 3780 άξιοῖ⁶

386 3819 486 3892 τὴν
516 3816 775 3884 τοιαύτην
807 3813 990 3885 κρίσιν
1021 3811 1483 3884 διασκευασθῆναι
1520 3809 1609 3864 διά
1641 3810 1701 3864 τὸ
1721 3809 1821 3881 τῆς
1853 3808 1971 3863 διαί

392 3912 592 3974 θέσεως
627 3907 1037 3980 φιλάνθρωπον,
1068 3906 1145 3971 ὡς
1176 3908 1243 3962 ἂν
1276 3906 1387 3962 ἀπό
1411 3922 1475 3976 γε
1505 3903 1601 3958 τοῦ
1630 3903 1727 3959 νῦν
1757 3903 1813 3958 εί
1838 3902 1971 3957 ποτέ

387 4020 440 4056 τι
473 4004 747 4075 συμπέσοι
789 4000 1034 4056 τοιοῦτον
1077 3999 1335 4071 τοιαύτης
1376 3995 1971 4070 ἐπιτεύξηταιδιακρί-

390 4111 552 4160 σεως,
580 4094 670 4148 οἵα
700 4095 806 4148 κάν
834 4093 915 4165 τῷ
945 4091 1177 4163 παρόντι
1207 4090 1288 4161 τῷ
1325 4090 1647 4160 ἀδικήσαντι
1675 4088 1906 4164 ὥρισται
1938 4089 1973 4158 ἡ

391 4187 602 4258 ζημία,
646 4187 949 4259 πειθόμεθα
992 4202 1051 4238 τε
1091 4186 1159 4257 τῇ
1189 4185 1498 4256 προτροπῇ,
1548 4181 1646 4237 καὶ
1688 4181 1749 4236 τὸ
1795 4181 1973 4253 δόγμα

386 4280 668 4353 ὁρίζομεν.

462 4376 802 4450 Τοιγαροῦντ
834 4376 919 4432 εἴθ
951 4375 1034 4441 τίς
1065 4392 1196 4430 ποτε
1229 4376 1310 4440 είς
1340 4372 1651 4444 ὀφθαλμδν⁹
1685 4370 1972 4440 ἐπενέγκοι

386 4476 496 4530 τινὶ
542 4472 770 4543 ζημίαν,
813 4469 1004 4525 τοῦτον
1040 4467 1356 4540 κελεύομεν,
1388 4469 1439 4522 εί
1471 4464 1572 4538 μὲν
1621 4465 1739 4530 ἕνα,
1783 4462 1862 4537 τῷ
1890 4465 1972 4518 ἐνὶ

388 4567 487 4623 καὶ
513 4565 736 4621 αὑτὸν¹⁰
762 4562 1090 4635 ζημιοῦσθαι
1113 4561 1214 4633 τὴν
1243 4561 1366 4631 ῖσην
1396 4560 1670 4631 ὑπέχοντα
1695 4557 1875 4629 δίκην.
1910 4557 1974 4610 Ei

386 4658 448 4715 δέ
474 4656 618 4727 κατᾴ
650 4656 760 4712 τῶν
785 4657 879 4711 δύο
911 4656 1010 4720 τὰς
1041 4652 1385 4726 κακούργους
1413 4651 1654 4724 ἐπιϐάλῃ
1674 4652 1713 4682 ¹¹
1747 4652 1971 4722 χεῖρας,

1998 4418 2053 4478 D

2137 717 2365 789 Neergo
2411 718 2516 774 hoc
2562 718 2896 790 legislatoris
2951 728 3162 774 reatum
3209 720 3487 777 dedecore
3550 736 3650 777 no-

2069 820 2236 868 stram
2293 809 2691 881 rempublicam
2739 810 2956 867 allicere
3005 812 3280 869 sinamus.
3339 816 3533 886 Itaque
3570 818 3655 871 lex

2070 903 2161 958 illa
2222 903 2277 957 in
2311 911 2577 957 aeternum
2627 901 2810 958 sileto.
2855 902 2937 957 Ab
2988 902 3080 957 illa
3137 903 3282 958 enim
3334 919 3445 959 non
3498 906 3659 961 modo

2068 993 2505 1063 religionis(63),
2538 1007 2728 1048 verum
2751 991 2918 1047 etiam
2972 1000 3183 1048 natura:
3221 993 3422 1063 injuria
3453 1010 3659 1050 secun-

2068 1082 2198 1139 dum
2234 1084 2422 1138 divina
2454 1081 2872 1152 Chistianisque
2925 1084 3313 1139 convenientia
3375 1094 3658 1156 praecepta

2068 1173 2449 1245 prohibemur.
2486 1172 2552 1227 Et
2598 1173 2822 1243 quidem
2881 1173 2925 1228 si
2989 1188 3112 1227 cum
3170 1174 3372 1228 fonnem
3429 1174 3653 1240 habeas,

2068 1265 2255 1321 sobrie
2296 1265 2425 1321 inde
2475 1265 2703 1321 haurire
2772 1265 2958 1319 divino
3022 1278 3296 1335 prmcepto
3348 1280 3652 1321 moneare:

2067 1372 2176 1430 qua
2210 1358 2422 1413 ratione
2447 1400 2462 1424 ,
2489 1371 2615 1413 cum
2650 1371 2820 1427 puras
2849 1371 3021 1427 aquas
3062 1357 3286 1411 haurire
3333 1356 3529 1422 liceat,
3562 1362 3649 1411 Iu-

2068 1456 2185 1505 tum
2213 1458 2270 1505 tu
2307 1448 2675 1505 mavis?Tum
2707 1449 2924 1504 tametsi
2987 1449 3195 1504 fontem
3260 1463 3370 1503 non
3423 1449 3652 1514 habeas,

2068 1542 2238 1599 rebus
2265 1550 2452 1599 tamen
2491 1543 2674 1599 vetitis
2706 1544 2782 1597 uti
2833 1558 2938 1597 non
3000 1553 3177 1614 potes.
3234 1542 3501 1601 Czeterum
3531 1545 3656 1599 vita:

2070 1646 2385 1694 consortem
2418 1635 2668 1692 invenire
2697 1634 2915 1691 diﬂicile
2952 1651 3062 1690 non
3103 1643 3209 1692 est.

2530 1726 3005 1784 CONSTITUTIO
3032 1726 3193 1784 XCII.

2208 1821 2289 1877 De
2331 1837 2485 1891 paena
2533 1821 2648 1891 ejus
2697 1822 2789 1891 qui
2837 1822 3068 1890 aliquem
3114 1822 3298 1877 dedita
3355 1837 3516 1891 opera

2631 1893 2916 1947 eamcavit
2946 1893 3083 1962 (64).

2136 1984 2284 2041 Idem
2314 1984 2615 2056 imperator
2640 1983 2817 2040 eidem
2850 1985 3122 2057 Styliano.

2138 2075 2387 2132 Tametsi
2410 2076 2572 2132 aliter
2601 2092 2768 2146 quam
2808 2087 3024 2133 veteres
3049 2077 3193 2147 leges
3226 2077 3341 2151 (65)
3372 2078 3652 2144 sanciant,

2067 2170 2136 2226 de
2157 2185 2225 2225 eo
2250 2169 2343 2240 qui
2374 2168 2536 2224 alteri
2592 2169 2858 2224 violentis
2913 2170 3173 2226 manibus
3205 2171 3402 2226 oculos
3424 2171 3655 2228 eﬂ'odis-

2067 2268 2171 2323 set,
2205 2272 2330 2312 cum
2358 2257 2477 2328 ipse
2504 2255 2716 2327 jttdicio
2739 2258 3056 2324 interesset,
3093 2274 3122 2313 a
3166 2259 3327 2316 nobis
3364 2261 3645 2316 sententia

2066 2350 2178 2405 lata
2239 2350 2312 2407 sit
2345 2366 2357 2401 :
2390 2364 2668 2421 nunquam
2701 2358 2883 2405 tamen
2946 2351 3000 2406 in
3053 2352 3225 2422 legem
3262 2353 3413 2407 illam
3466 2361 3654 2409 trans-

2067 2443 2310 2498 formare
2337 2442 2552 2497 animus
2580 2441 2705 2496 fuit.
2746 2441 3012 2497 Nonnihil
3057 2443 3207 2499 enim
3266 2445 3652 2501 misericordia

2067 2536 2201 2592 moti
2232 2535 2310 2603 (id
2341 2533 2489 2606 quod
2508 2535 2626 2606 ipsa
2657 2549 2747 2590 res
2777 2535 2940 2602 etiam
2970 2536 3201 2606 indicat)
3232 2547 3364 2592 tunc
3392 2538 3466 2593 ita
3497 2537 3651 2607 judi-

2067 2627 2316 2684 cavimus
2357 2645 2371 2683 :
2425 2626 2687 2698 quoniam
2730 2625 2898 2693 oculi,
2950 2626 2999 2682 ei
3048 2628 3144 2698 qui
3175 2629 3303 2685 illos
3344 2629 3653 2694 amisisset,

2067 2719 2288 2777 restitui
2329 2734 2440 2775 non
2463 2727 2711 2790 possent,
2754 2734 2880 2775 eum
2905 2718 3001 2790 qui
3041 2720 3092 2774 id
3142 2718 3327 2775 damni
3381 2721 3648 2787 dedisset,

2068 2827 2385 2885 quanquam
2440 2812 2536 2883 qui
2594 2811 2741 2869 idem
2795 2820 3096 2884 pateretur,
3122 2813 3323 2883 dignus
3364 2823 3532 2881 esset,
3591 2815 3649 2870 in

2069 2904 2324 2962 eamdem
2357 2918 2480 2961 esse
2505 2905 2807 2959 caecitatem
2833 2903 3244 2973 conjiciendum
3274 2916 3384 2960 neu
3444 2907 3655 2976 putavi.

2071 2997 2293 3054 Interim
2324 3004 2509 3050 tamen
2556 3004 2762 3050 tantam
2811 3010 3029 3065 poenam
3084 2996 3377 3061 constitui,
3437 3007 3495 3050 ut
3564 2999 3658 3068 qui

2072 3087 2263 3142 oculos
2289 3087 2454 3150 eruit,
2499 3085 2622 3156 ejus
2645 3085 2802 3155 signa
2837 3085 3014 3141 ferat:
3069 3094 3124 3141 et
3174 3087 3265 3142 cui
3315 3086 3457 3142 eruti
3507 3099 3658 3153 sunt,

2073 3180 2130 3234 in
2162 3190 2312 3235 tanta
2354 3179 2668 3233 calamitate
2691 3177 2941 3249 adeoque
2981 3176 3254 3249 profunda
3284 3179 3558 3247 cmcitate,
3590 3195 3659 3234 ex

2072 3272 2358 3330 laboribus
2381 3271 2523 3342 ejus,
2551 3272 2645 3342 qui
2680 3270 2771 3326 illa
2802 3272 2981 3340 ipsum
3014 3269 3218 3337 all'ecit,
3245 3270 3485 3341 aliquam
3518 3285 3658 3326 con-

2074 3365 2403 3421 solationetn
2440 3362 2660 3416 habeat.
2688 3361 3080 3415 Verumtamen
3136 3360 3264 3414 licet
3319 3360 3393 3413 ita
3437 3359 3661 3431 judica-

2075 3466 2188 3510 tum
2213 3460 2365 3510 esset
2382 3467 2448 3506 ex
2481 3467 2539 3506 re
2550 3450 2800 3520 jndicata
2826 3448 3002 3519 legem
3059 3449 3244 3505 facere
3274 3448 3661 3519 (quemadmo-

2087 3550 2217 3602 dum
2252 3544 2389 3615 dixi)
2432 3558 2542 3598 non
2591 3551 2773 3598 tamen
2799 3542 3017 3595 animus
3071 3551 3211 3598 erat.
3245 3541 3352 3596 Sed
3394 3542 3658 3613 quoniam

2073 3637 2170 3709 qui
2206 3635 2320 3705 (66)
2355 3634 2499 3689 inter
2529 3647 2688 3687 sacra
2717 3640 2903 3687 nostra
2923 3629 3098 3687 oﬂicia
3130 3631 3336 3687 relatus
3360 3642 3443 3687 est
3474 3630 3659 3703 (cujus

2074 3743 2176 3800 ego
2221 3742 2330 3798 qua
2374 3726 2588 3782 ratione
2647 3724 3082 3797 postulationem
3131 3723 3444 3794 rejiciam?)
3507 3724 3657 3780 illaut

2074 3820 2428 3887 sententiam,
2482 3818 2628 3889 quod
2677 3816 2827 3873 mitis
2889 3815 2984 3882 sit,
3017 3816 3163 3873 inter
3190 3817 3338 3888 leges
3392 3816 3657 3873 collocari

2075 3914 2232 3987 petit,
2269 3928 2378 3984 quo
2405 3910 2688 3982 deinceps.
2718 3910 2764 3966 si
2803 3909 3028 3981 quando
3072 3909 3181 3964 tale
3204 3908 3490 3980 quidpiam
3515 3908 3658 3964 inci-

2075 4007 2192 4071 dat,
2223 4004 2465 4077 qualiter
2497 4004 2555 4058 in
2610 4001 2868 4072 praesenti
2901 4001 2958 4057 in
3013 3999 3281 4071 injurium
3329 3990 3490 4072 pinna
3519 4015 3660 4056 con-

2075 4098 2268 4153 stituta
2304 4100 2411 4158 est,
2465 4093 2651 4148 taliter
2693 4107 2756 4147 ea
2791 4107 2882 4147 res
2944 4090 3331 4161 dijudicetur:
3386 4092 3661 4163 postulato

2077 4204 2357 4262 paremus,
2415 4186 2791 4258 judicialeque
2832 4186 3116 4241 decretum
3166 4184 3301 4255 legis
3328 4185 3661 4239 auctoritate

2075 4286 2367 4340 donamus.

2150 4375 2208 4431 Si
2242 4375 2370 4446 quis
2394 4387 2526 4444 ergo
2556 4371 2885 4442 cujusquam
2916 4369 3095 4425 visum
3126 4367 3354 4434 laeserit,
3399 4367 3568 4434 hunc,
3610 4368 3657 4421 si

2082 4483 2248 4524 unum
2283 4467 2503 4522 oculum
2563 4463 2853 4527 ademerit,
2890 4475 3003 4516 uno
3053 4459 3311 4515 similiter
3350 4461 3662 4529 eodemque

2083 4559 2313 4631 privari,
2349 4557 2652 4613 actalionis
2682 4567 2902 4625 poenam
2926 4552 3116 4608 subire
3144 4550 3425 4621 jubemus.
3451 4549 3509 4605 Si
3528 4561 3660 4603 vero

2089 4650 2358 4707 ambobus
2404 4649 2583 4705 oculis
2624 4645 2901 4703 maleticas
2949 4659 3147 4700 manus
3195 4641 3464 4713 injecerit,
3518 4655 3659 4712 quo-

1718 4793 1958 4852 νΑιιιΑῑ
1999 4792 2292 4849 LECTION
2302 4789 2403 4844 ES.

460 4926 482 4958 ³
516 4924 610 4981 Sic
668 4924 865 4980 Zuieh.
916 4930 970 4977 et
1002 4922 1224 4978 Meerm.
1296 4918 1534 4981 Scrinia.
1600 4915 2067 4981 ἀπαγορεύεσθαι.
2137 4910 2328 4978 Steph.
2387 4905 2696 4981 conjccerat
2746 4902 2859 4981 ἀπα

1480 4935 1534 4991 g.
1600 4917 2067 4989 ἀπαγορεύεσθαι.
2137 4917 2328 4978 Steph.
2387 4917 2696 4976 conjccerat
2746 4917 3110 5025 απαρυεσυαι.
3213 4917 3351 4954 -ιιει
3402 4917 3457 4951 ιη
3517 4917 3657 4960 lacu,

1480 5006 1574 5047 latr.
1606 4991 1662 5045 4.
1760 4988 1782 5019 ⁴
1818 4986 2013 5040 Zuicb.
2047 4994 2103 5039 et
2129 4981 2351 5037 Mcerm.
2381 4977 2451 5031 τὰ
2478 4977 2699 5047 σημεῖα2
2813 4972 2864 5047 '__
2892 4970 2994 5047 [aee
3032 4976 3289 5047 corrupta
3333 4975 3657 5047 essematet.

392 4994 532 5051 Nov.
560 4997 630 5052 45
655 5005 710 5052 et
740 4996 943 5050 citetur
972 4993 1066 5048 lib.
1094 4990 1183 5055 Vl,
1219 4992 1306 5046 tit.
1360 5007 1400 5056 ι,

392 5065 416 5097 ⁸
450 5065 647 5122 Zuich.
680 5075 733 5123 et
761 5065 985 5121 Meet'm.
1010 5062 1216 5128 ἀξιοῦν.

396 5135 441 5169 ¹⁰
471 5136 709 5208 Scrimg.
740 5135 913 5207 αὑτῷ.

1451 5006 1574 5062 pass
1606 4991 1662 5045 4-

2902 4899 3110 4954 ὑεσοαι.
3213 4896 3351 4954 ³Εει
3402 4895 3457 4951 in
3517 4894 3658 4960 Eel.,

1326 5036 1683 5116 V'co'iilﬁféz
1713 5036 2337 5127 yap"6a;1"_e_ii3endavit
2368 5036 2564 5118 Steph.
2632 5045 2655 5077 ⁸
2686 5044 2797 5099 Inc.
2827 5040 3042 5111 Ecloga.
3117 5038 3139 5072 ³
3173 5036 3292 5092 Ecl.
3324 5036 3660 5107 ὀφθαλμούς.

993 5136 1035 5166 ¹¹
1062 5122 1183 5188 Ecl.
1222 5130 1383 5187 modo
1417 5128 1690 5195 ἐπιϐάλοι,
1718 5122 1880 5182 (nudo
1907 5122 2167 5195 ἐπιλάϐῃ.

1879 5262 2115 5321 NOTAE.

485 5391 576 5457 οε)
597 5390 718 5447 Vid.
741 5388 948 5446 Goedd.
972 5388 1038 5443 ad
1057 5387 1229 5443 Lm.
1256 5383 1313 5441 ﬂ‘.
1335 5385 1411 5443 De
1434 5384 1498 5442 v.
1524 5382 1816 5457 significat.
1836 5381 1966 5457 Agis.

491 5454 1036 5536 63)A7Concubinatus_
1054 5458 1179 5536 jure
1204 5457 1390 5536 divino
1422 5454 1775 5536 reprobatur,
1826 5454 1969 5509 adde

397 5527 805 5604 Clar.'5,jsent.
837 5529 865 5604 §
900 5527 1363 5604 fornicatio._V_i_d.
1387 5538 1442 5583 et
1474 5527 1529 5580 in
1556 5540 1641 5604 pr.

471 5604 584 5674 (64)
616 5594 807 5674 Exstat
827 5594 1064 5674 epitome
1091 5600 1235 5670 apud
1275 5594 1738 5674 llarmenopulum
1774 5594 1840 5674 _6,
1877 5594 1963 5649 tit.

400 5676 452 5731 Ι.
541 5666 594 5733 ϐ.
630 5666 917 5745 Explicai‘e
948 5666 1167 5729 videtur
1195 5683 1411 5741 pinnam
1453 5668 1698 5733 talionis,
1755 5666 1825 5721 de
1855 5679 1967 5734 qua

2288 5392 2455 5521 ῗίῗέὶε
2494 5441 2858 5521 fort_e,_Exod.
2897 5454 3008 5508 κει,
3057 5445 3152 5494 aut
3188 5434 3284 5491 XII
3308 5436 3544 5504 tabular,
3591 5436 3660 5496 de

2077 5514 2280 5592 quaad
2304 5517 2537 5592 easdem
2559 5514 2725 5592 diai._
3184 5577 3234 5592 ﬂ
3276 5578 3289 5591 ο
3618 5574 3630 5592 ε

2154 5590 2268 5662 (66)
2303 5587 2465 5647 Forte
2498 5585 2753 5656 intelligit
2806 5594 3094 5639 sacrorum
3143 5577 3450 5637 ofﬁciorum
3494 5577 3665 5649 ntagi~

2079 5670 2286 5718 strum:
