4090 6206
343 456 454 517 609

1443 458 1804 521 ΝΟνΕιιΑς
1836 461 2507 522 CONSTITUTIONES.

3482 466 3594 532 διο

347 568 600 640 σαμένοις
624 570 725 623 οὐκ
745 566 840 623 οἷδ’
865 572 925 625 δν
945 588 1065 625 τινα
1092 571 1291 641 τρόπον
1314 572 1415 624 οὐκ
1441 573 1521 634 είς
1543 571 1604 624 τὸ
1632 572 1917 643 ἀκριὸἑς²⁸

2027 584 2230 638 tarunt,
2285 589 2394 643 quo
2443 574 2629 630 nescio
2686 574 2847 630 modo
2877 588 2939 629 ea
2988 574 3056 629 de
3082 589 3141 629 re
3190 588 3300 631 non
3346 576 3597 639 absolute

347 660 463 731 ἔχει
494 660 563 713 τὰ
604 661 940 732 διωρισμένα
976 662 1122 731 (εἴτε
1147 662 1221 732 μὴ
1252 661 1620 732 βουληθέντων
1651 678 1922 731 συμπερι-

346 749 534 803 λαϐεῖν
567 750 659 802 καὶ
689 748 846 802 τοῦτο
870 749 997 820 περὶ
1024 742 1083 802 οὗ
1113 749 1208 803 νῦν
1254 748 1518 819 μέλλομεν
1550 748 1827 809 θεσπίζειν
1861 750 1921 801 ἑν

347 842 462 904 τοῖς
489 841 619 910 περὶ
667 840 961 910 μνηστείας
997 839 1311 903 διαλύσεως,
1356 840 1389 909 ἢ
1437 838 1513 909 μὴ
1547 840 1921 909 γεγενημένης

350 929 707 1000 περιπετείας
733 929 990 999 τοιαύτης
1035 931 1193 983 ὁποία
1233 929 1329 982 νῦν
1358 931 1416 982 ἑν
1448 929 1526 999 τῷ
1562 928 1792 998 παρόντι
1820 946 1924 997 φα-

350 1024 504 1073 νεῖσα
550 1019 644 1072 τοῦ
693 1019 860 1089 νόμου
906 1021 1004 1089 τὴν
1037 1020 1252 1073 ἔκθεσιν
1296 1021 1573 1090 ἀπαιτεῖ),
1620 1022 1781 1091 ἡμεῖς
1826 1023 1922 1075 καὶ

348 1113 526 1179 τούτῳ
546 1110 622 1180 τῷ
654 1109 808 1180 μέρει
828 1110 892 1162 τὸ
915 1110 1099 1162 λεῖπον
1122 1110 1561 1180 ἀναπληροῦντες
1584 1111 1643 1164 ἑν
1662 1110 1741 1181 τῷ
1766 1112 1922 1180 ἀκρι-

352 1201 436 1253 ϐεῖ
468 1203 537 1254 τὰ
578 1200 707 1270 περὶ
738 1203 1035 1270 μνηστείας
1082 1199 1438 1269 καθίσταμεν.
1479 1199 1544 1252 Ἦ
1575 1201 1676 1270 μὲν
1698 1200 1791 1254 οὖν
1820 1202 1921 1272 ἀρ-

348 1292 481 1361 χαία
504 1291 745 1354 διάταξις
779 1289 895 1343 λύει
932 1290 1031 1360 τὴν
1065 1292 1359 1360 μνηστείαν
1396 1290 1673 1361 διαφόροις
1722 1290 1922 1354 αἰτίαις

351 1383 373 1452 (
396 1382 538 1452 φημὶ
562 1382 619 1435 δὲ
645 1378 723 1450 τῷ
748 1379 1039 1451 ἑτεροδόξῳ
1066 1380 1161 1433 τοῦ
1194 1380 1554 1450 σεϐάσματος,
1588 1381 1682 1433 καὶ
1713 1382 1763 1434 εἰ
1786 1382 1921 1451 φρέ-

354 1490 442 1537 νες
465 1470 573 1525 εἷεν
598 1472 1041 1543 μανιώδει.πάθει
1066 1475 1400 1543 περιπετεῖς,
1423 1471 1503 1525 ἔτι
1528 1471 1586 1524 δὲ
1613 1473 1705 1525 καὶ
1736 1472 1923 1537 ἄλλαις

354 1565 463 1616 τισί
484 1563 723 1630 ’.τούτων
747 1563 856 1634 γὰρ
877 1562 1134 1633 ὁποτέρου
1154 1562 1200 1593 ’⁸
1225 1562 1403 1615 αίτίαν
1431 1561 1644 1632 ἔχοντος
1670 1561 1763 1615 τοῦ
1804 1564 1924 1628 ἑνὸς

353 1658 461 1711 τῶν
487 1656 849 1709 συνελθόντων
877 1656 957 1717 είς
995 1654 1093 1724 τὴν
1132 1654 1426 1723 μνηστείαν
1460 1654 1682 1724 μέρους,
1711 1654 1922 1709 κελεύει

351 1749 455 1819 τὴν
489 1748 714 1817 ἑνότητα
766 1746 1121 1817 ῥήγνυσθαι),
1171 1745 1200 1797 δ
1226 1746 1282 1798 δὲ
1309 1744 1405 1799 νῦν
1447 1747 1579 1816 παρ’
1615 1746 1773 1817 ἡμῶν
1800 1749 1922 1801 ἑπι-

357 1836 601 1904 σκέψεως
622 1834 871 1905 ἠξίωται,
901 1833 1030 1905 me)
1062 1834 1447 1904 γεγενημένον,
1470 1834 1658 1906 ὥσπερ
1680 1834 1918 1906 ἔφημεν,

356 1928 475 1981 κατ’
516 1928 693 1980 ἐκεῖνο
733 1925 949 1996 καιροῦ,
980 1924 1013 1994 ἢ
1049 1922 1124 1995 μὴ
1156 1925 1222 1978 ἂν
1265 1924 1449 1995 οίηθὲν
1478 1924 1587 1979 τῶν
1607 1928 1651 1958 ³⁷
1680 1926 1921 1992 ἔσεσθαι,

2028 675 2401 738 praeceperunt
2451 667 2589 736 (sive
2616 666 2760 734 quod
2794 665 2898 720 hoc
2919 664 2986 720 de
3007 680 3118 736 quo
3146 681 3293 722 nunc
3330 672 3593 725 sancituri

2025 773 2239 821 sumus,
2266 757 2409 811 inter
2438 771 2634 813 causas
2658 756 3131 812 dissolvendarum
3191 760 3594 828 sponsaliorum

2021 845 2489 917 comprehendere
2544 848 2844 912 noluerint,
2885 848 3001 903 sive
3022 848 3167 917 quod
3198 848 3305 903 tale
3322 849 3584 919 quiddam

2020 940 2181 1010 quale
2205 938 2696 1007 imprteseutiarum
2727 944 2979 991 exortum
3025 936 3159 1005 legis
3200 940 3593 1009 promulgatio-

2021 1044 2142 1083 nem
2203 1028 2456 1098 requirit,
2517 1036 2631 1081 tum
2697 1028 2937 1081 nondum
2989 1026 3276 1097 inciderit),
3299 1044 3416 1095 nos,
3449 1029 3595 1098 quod

2021 1119 2125 1173 bac
2171 1120 2225 1173 in
2288 1127 2441 1188 parte
2484 1118 2684 1182 deest,
2742 1119 3137 1187 adimplentes,
3190 1120 3595 1189 sponsaliorum

2018 1216 2314 1263 tractatum
2351 1207 2417 1260 ad
2436 1205 2642 1275 justam
2666 1206 3064 1262 absolutionem
3109 1208 3453 1265 deducimus.
3486 1208 3593 1266 Ve-

2022 1306 2107 1354 tus
2128 1306 2310 1353 autem
2343 1298 2667 1352 constitutio
2697 1296 2810 1368 (75)
2852 1298 3129 1368 sponsalia
3182 1299 3414 1365 dirimit,
3474 1301 3596 1357 aliis

2020 1397 2185 1459 atque
2206 1389 2329 1444 aliis
2356 1389 2423 1442 de
2455 1389 2640 1444 causis
2673 1406 2686 1442 :
2719 1390 2790 1444 ob
2822 1390 3095 1445 diversam
3143 1392 3395 1449 videlicet
3423 1393 3490 1447 de
3514 1408 3599 1449 re-

2021 1480 2223 1551 ligione
2281 1479 2617 1549 Opinionem,
2674 1481 2778 1535 etsi
2805 1479 2944 1535 alter
2991 1481 3226 1536 insaniae
3280 1483 3470 1537 morbo
3500 1496 3599 1537 ca-

2022 1570 2225 1640 piatur,
2258 1583 2321 1622 ac
2349 1569 2572 1639 insuper
2596 1570 2665 1625 ob
2694 1570 2986 1626 nonnullas
3010 1570 3168 1637 alias,
3202 1579 3365 1641 atque
3398 1572 3593 1626 harum

2022 1659 2340 1714 utramlibet
2390 1666 2731 1728 utercunque
2797 1660 3267 1730 desponsatorum
3325 1662 3597 1728 haberet,

2026 1748 2315 1819 sponsalia
2341 1746 2525 1802 divelli
2552 1747 2727 1817 jubet.
2755 1747 2911 1814 Quod
2940 1744 3069 1803 v'ero
3091 1764 3236 1803 nunc
3268 1749 3319 1803 in
3348 1750 3599 1805 conside-

2022 1838 2289 1892 rationem
2340 1845 2585 1891 nostram
2632 1838 2801 1903 venit,
2854 1839 2968 1894 sive
3028 1847 3158 1893 tunc
3183 1839 3594 1909 temporis,uti

2022 1928 2281 1991 diximus,
2331 1926 2572 1981 nondum
2639 1928 2752 1997 (76)
2783 1929 3047 1993 evenerit,
3099 1930 3214 1985 sive
3254 1929 3601 2001 legislatores

354 2019 389 2090 ἢ
424 2018 515 2073 διὰ
558 2018 717 2073 ποίαν
759 2017 925 2088 ἀλλην
976 2015 1156 2069 αίτίαν
1204 2018 1265 2070 οὐ
1298 2018 1597 2072 reducat”
1630 2020 1770 2087 μετά
1814 2019 1921 2071 τῶν

2027 2033 2134 2074 non
2162 2027 2488 2073 eventurum
2546 2019 2799 2075 arbitrati
2834 2020 2965 2085 sint,
3000 2023 3113 2077 sive
3152 2037 3261 2092 qua
3294 2022 3401 2077 alia
3434 2037 3603 2078 causa

357 2110 581 2180 μνήμης
604 2109 943 2179 ἠξιωμένων.
979 2110 1134 2163 Ἔστι
1166 2109 1223 2162 δὲ
1266 2108 1536 2162 τοιοῦτον·
1570 2124 1912 2179 μεμνηστευ-

2027 2109 2144 2180 ejus
2166 2109 2387 2165 silentio
2412 2110 2777 2179 praetereundi
2809 2111 2996 2178 fuerit,
3026 2112 3169 2167 inter
3190 2111 3368 2170 dictas
3395 2126 3598 2169 causas

360 2200 496 2270 μένη
521 2199 740 2270 ἔλεγχον
768 2199 950 2253 δίδωσι
982 2200 1349 2270 προελθούσης
1377 2201 1475 2271 ἤδη
1502 2201 1602 2270 τῆς
1629 2201 1923 2269 μνηστείας

2028 2214 2137 2254 non
2169 2209 2650 2255 commemoratur.
2696 2200 2797 2257 Est
2821 2210 3002 2258 autem
3028 2202 3341 2259 istiusmodi
3383 2221 3398 2258 :
3440 2218 3605 2275 spon-

357 2289 651 2359 ἀλλοτρίων
684 2289 1014 2359 σπερμάτων
1047 2290 1375 2353 ὑποκλόπιος
1406 2286 1563 2352 οὖσα,
1591 2290 1692 2361 τὴν
1719 2306 1922 2361 νυμφι-

2028 2304 2144 2345 sam
2176 2290 2468 2360 quamdam
2514 2290 2730 2347 l‘urtivis
2786 2293 3163 2365 complexibus
3216 2294 3289 2351 ab
3333 2295 3443 2351 alio
3483 2310 3609 2351 esse

357 2380 461 2451 κὴν
492 2379 892 2449 ὑποκριναμένη
927 2379 1296 2449 καθαρότητα.

2031 2380 2391 2451 gravidatam,
2456 2394 2578 2435 cum
2628 2381 2720 2435 illa
2790 2382 3009 2438 interim
3048 2385 3359 2454 sponsalem
3408 2401 3519 2455 pra:
3549 2400 3608 2441 se

354 2475 737 2529 castimoniam
769 2472 1380 2543 ierret,sponsaliorum
1399 2480 1647 2546 tempore
1677 2483 2015 2546 compertum
2046 2479 2151 2531 est.
2184 2471 2495 2545 Atque-bac
2518 2472 2747 2545 quidem
2797 2474 2933 2533 ωυὰ
2992 2483 3079 2534 est
3129 2476 3277 2549 quod
3335 2478 3607 2535 veteribus

360 2566 569 2636 legibus
603 2568 1057 2634 comprehensqu
1081 2580 1190 2619 non
1222 2572 1326 2621 est.
2352 2580 2355 2585 ·

428 2707 503 2760 Τὸ
526 2707 623 2776 μὲν
644 2700 737 2757 οὗν
762 2706 873 2767 τοῖς
899 2703 1147 2774 ἀρχαίοις
1169 2700 1355 2772 νόμοις
1376 2702 1743 2775 ἀπερίληπτον
1766 2702 1924 2757 τοῦτό

2100 2704 2213 2759 Nos
2243 2704 2409 2775 igitur
2424 2704 2569 2775 quod
2602 2703 2743 2759 desit
2777 2703 3122 2774 adjicientes,
3145 2704 3515 2768 decernimus,
3548 2706 3610 2759 ut

360 2794 497 2857 ἑστι,
528 2794 687 2863 ἡμεῖς
719 2791 775 2844 δὲ
808 2791 869 2844 τδ
918 2792 1093 2854 ἑνδεὲς
1143 2791 1522 2861 προστιθέντες
1550 2791 1923 2863 ψηφιζόμεθα,

2032 2810 2136 2849 non
2147 2794 2299 2847 modo
2320 2803 2540 2863 prapter
2559 2792 2933 2849 diversitatem
2969 2793 3270 2865 religionis,
3292 2809 3469 2863 neque
3488 2808 3607 2863 pro-

363 2883 440 2955 μὴ
485 2883 643 2952 μόνον
694 2882 774 2954 τῷ
821 2881 962 2935 κατὰ
1009 2882 1192 2934 πίστιν
1223 2882 1393 2952 ἑτέρῳ
1410 2883 1475 2947 ’⁸,
1518 2883 1653 2954 μηδὲ
1695 2885 1761 2953 τῇ
1812 2882 1922 2936 τῶν

2032 2893 2153 2955 pter
2182 2885 2379 2939 mentis
2398 2885 2753 2949 emotionem,
2780 2893 2873 2937 aut
2934 2885 3071 2939 alias
3122 2885 3193 2938 ob
3225 2900 3420 2940 causas
3454 2884 3567 2953 (77)
3593 2902 3607 2938 :

363 2974 578 3045 φρενῶν
622 2974 878 3027 ἐκστάσει
923 2972 955 3043 ἢ
994 2975 1113 3035 ταῖς
1158 2972 1346 3035 ἄλλαις
1382 2974 1618 3036 αἰτίαις,
1670 2974 1805 3027 ἀλλά
1837 2975 1926 3026 καὶ

2034 2989 2222 3029 verum
2253 2975 2417 3029 etiam
2480 2982 2702 3042 propter
2748 2974 2873 3039 hoc,
2912 2988 3021 3042 quo
3042 2973 3188 3027 ‘nihil
3236 2974 3407 3043 magis
3430 2974 3612 3027 matri-

360 3068 535 3136 τούτῳ
561 3066 725 3136 μηδὲν
745 3065 789 3097 ²⁹
827 3063 1067 3126 ἔλαττον,
1096 3064 1144 3116 εί
1176 3064 1251 3133 μὴ
1279 3064 1499 3133 μᾶλλον,
1532 3065 1926 3135 ἑναντιουμένῳ

2037 3065 2221 3119 monio
2274 3065 2621 3129 adversatur,
2656 3079 2794 3133 quos
2815 3063 3219 3132 sponsaliorum
3254 3063 3463 3132 opinio,
3501 3078 3607 3117 non

360 3162 428 3229 τῇ
484 3157 792 3227 συνοικεσξᾳ
846 3155 1261 3224 διαζεύγνυσθαι
1323 3156 1418 3219 οὓς
1474 3156 1803 3227 ἡδοκοῦσα,
1854 3157 1926 3227 μὴ

2034 3157 2234 3211 veritas
2288 3156 2583 3224 eopulavit,
2649 3156 3056 3225 disiungantur.
3120 3153 3407 3220 Quomodo
3456 3154 3604 3209 enim

362 3245 498 3303 οὖσα
524 3248 601 3314 δὲ,
643 3246 851 3316 συνῆψε
901 3244 1183 3316 μνηστεία.
1214 3245 1320 3296 Ποῦ
1355 3246 1463 3316 γὰρ
1506 3250 1768 3317 μνηστεία
1802 3247 1926 3317 ἀλη-

2039 3262 2162 3302 vera
2192 3246 2467 3316 sponsalia
2500 3253 2651 3311 sunt,
2685 3246 2740 3299 in
2771 3246 2973 3315 quibus
3026 3244 3165 3300 nihil
3193 3259 3383 3300 verum
3430 3260 3610 3315 neque

364 3339 485 3407 θὴς,
509 3334 637 3389 ἔνθα
665 3336 726 3389 τὸ
756 3335 958 3404 ταύτης
990 3333 1189 3402 ἀληθὲς
1222 3334 1320 3404 οὐχ
1349 3336 1575 3405 όρᾶται;
1608 3336 1709 3390 ποῦ
1745 3337 1800 3390 δὲ
1828 3354 1926 3405 γα-

2038 3337 2331 3406 genuinum
2362 3336 2743 3406 conspicitur?
2775 3334 2865 3389 ubi
2893 3333 3259 3389 meretricium
3295 3333 3405 3403 (78)
3432 3349 3493 3389 se
3522 3334 3609 3387 of-

369 3426 504 3497 μικὴ
530 3425 774 3494 ὁμόνοια,
818 3422 920 3476 ποῦ
951 3422 1008 3475 δὲ
1047 3423 1249 3492 στοργὴ
1279 3424 1495 3495 καθαρά
1527 3425 1621 3476 καὶ
1652 3423 1922 3494 νυμφικὴ,

2031 3428 2137 3484 fert
2157 3427 2362 3494 scelus,
2399 3428 2490 3482 ubi
2518 3441 2698 3482 causae
2730 3434 2859 3481 sunt
2890 3424 3241 3480 dissidiorum
3263 3434 3319 3481 et
3345 3426 3477 3491 odii,
3510 3425 3605 3480 ubi

366 3517 496 3571 ἔνθα
521 3516 781 3587 πορνικὸν
812 3515 943 3583 ἄγος
974 3515 1070 3567 καὶ
1101 3513 1436 3577 διαστάσεως
1464 3515 1685 3584 ἀφορμὴ
1720 3515 1811 3567 καὶ
1836 3514 1926 3583 μί-

2028 3518 2335 3572 animorum
2367 3518 2625 3571 alienatio
2646 3519 2789 3586 (qua
2815 3515 2953 3570 mala
2980 3514 3276 3570 acervatim
3300 3515 3483 3570 omnia
3506 3531 3605 3586 pa-

368 3626 494 3672 σους
527 3607 783 3670 ὑπόθεσις
804 3608 846 3638 ³⁸
875 3609 970 3658 καὶ
1011 3605 1385 3675 ἀλλοτριότης;
1422 3605 1599 3658 πάντα
1626 3605 1733 3675 γάρ
1758 3604 1926 3659 ταῦτά

2028 3611 2161 3663 riter
2176 3623 2300 3661 cum
2323 3607 2627 3677 peregrino,
2643 3607 2928 3676 alienoque
2945 3606 3152 3661 semine
3173 3605 3568 3677 suscipiuntur)
3591 3626 3606 3661 :

368 3702 515 3753 ἑστιν
560 3700 619 3751 ἑν
662 3701 727 3768 τῇ
765 3698 876 3750 τῶν
900 3696 1067 3749 νόθων
1110 3697 1203 3748 καὶ
1250 3695 1545 3764 ἀλλοτρίων
1600 3694 1926 3765 σπερμάτων

2030 3697 2305 3768 quomodo
2352 3698 2423 3752 ibi
2470 3697 2889 3753 matrimonialis
2932 3696 3225 3752 concordia
3259 3737 3276 3763 ,
3336 3697 3609 3767 quomodo

368 3792 601 3862 ὑποδοχῇ
622 3792 683 3844 ³⁸.
712 3791 786 3843 Οὐ
808 3788 914 3859 μὴν
936 3789 1057 3841 οὐδὲ
1072 3787 1227 3855 λόγον
1253 3786 1366 3856 ἔχει
1393 3786 1489 3856 τὴν
1517 3786 1703 3855 ἑτέρου
1728 3786 1926 3855 σπορὰν

2034 3804 2204 3859 purus
2256 3788 2635 3858 spunsalisquc
2697 3796 2783 3844 est
2825 3789 3018 3844 amor?
3048 3787 3191 3853 Quin
3222 3796 3283 3842 ut
3329 3786 3604 3858 quispiam

368 3885 550 3953 ἑαυτῷ
569 3882 966 3936 ὑποϐάλλεσθαι
987 3880 1195 3949 ἕτερον,
1223 3878 1343 3930 οὐδέ
1361 3895 1423 3946 γε
1452 3876 1621 3941 ἀξιον,
1650 3875 1742 3929 τὸν
1777 3876 1875 3946 μὲν
1888 3877 1932 3908 ⁸³

368 3975 617 4044 γαμέτην
651 3973 824 4026 ἑλπίδι
869 3972 1115 4040 καθαρᾶς
1150 3968 1497 4034 ἀπολαύσεως
1534 3967 1635 4038 τῆς
1677 3969 1741 4020 ἑκ
1764 3966 1872 4019 τῶν
1888 3966 1936 3999 ³⁵

369 4064 627 4134 καθαρῶν
652 4061 1093 4132 παραγενομένης
1123 4059 1317 4130 γάμων
1338 4060 1404 4131 ἣν
1427 4059 1695 4113 ὑπέλαϐεν
1720 4060 1937 4130 νύμφην

369 4153 789 4218 είσοικίσασθαι,
837 4151 933 4221 τὴν
976 4151 1033 4203 δὲ
1085 4152 1571 4222 κατορχησαμένην
1616 4150 1726 4203 τῶν
1756 4166 1938 4221 γαμη-

365 4246 499 4300 λίων
534 4244 773 4315 θεσμῶν,
798 4243 891 4297 καὶ
919 4244 1017 4314 τὴν
1050 4243 1241 4296 ἐλπίδα
1267 4242 1367 4312 τῆς
1396 4241 1737 4312 εὐφροσύνης
1761 4241 1938 4308 δείξα-

371 4356 470 4392 σαν
516 4336 721 4407 τέφραν
770 4334 917 4406 αὐτῷ
962 4336 1027 4388 ἐκ
1084 4334 1177 4387 τοῦ
1227 4335 1397 4405 ἑτέρῳ
1436 4332 1937 4403 ωνδιαφθαρῆναι,

373 4430 513 4500 μετὰ
564 4429 657 4483 τοῦ
718 4426 979 4500 πορνικοῦ
1038 4427 1320 4498 ἀγωγίμου
1379 4424 1744 4497 γνωρίζεσθαι
1810 4424 1937 4478 σύν-

369 4537 539 4579 οικον.

2036 3880 2264 3934 alterius
2291 3876 2457 3933 fetum
2496 3877 2603 3932 sibi
2630 3877 2909 3947 subjiciat,
2938 3876 2991 3931 id
3026 3892 3156 3932 vero
3193 3875 3336 3930 ratio
3367 3891 3472 3930 non
3509 3891 3611 3946 pa-

2038 3972 2191 4026 titur.
2245 3970 2435 4040 Neque
2487 3970 2614 4024 item
2668 3969 2876 4039 justum
2908 3978 3012 4035 est,
3039 3976 3099 4023 ut
3128 3968 3219 4037 qui
3247 3982 3344 4037 spe
3371 3967 3611 4022 honestas

2039 4062 2175 4117 casti
2209 4060 2544 4116 matrimonii
2574 4059 2962 4115 oblectationis
2990 4072 3253 4129 sponsam
3290 4058 3344 4112 in
3378 4058 3611 4113 domici-

2041 4155 2172 4209 lium
2196 4169 2355 4210 suum
2389 4151 2632 4222 recipere
2656 4151 3028 4215 constituerit,
3052 4150 3098 4205 si
3131 4150 3223 4204 illa
3269 4149 3608 4203 matrimonii

2040 4244 2252 4315 legibus
2303 4243 2559 4307 insultet,
2619 4249 2676 4298 et
2741 4256 2869 4296 cum
2916 4240 3029 4310 (79)
3068 4239 3190 4295 aliis
3254 4237 3611 4298 lasciviendo,

2041 4336 2424 4392 oblectationis
2452 4349 2603 4406 spem
2634 4331 2920 4388 evanidam
2955 4330 3059 4402 ipsi
3100 4329 3315 4395 reddat,
3349 4329 3407 4384 in
3431 4342 3611 4384 merc-

2042 4426 2202 4479 tricia
2251 4426 2343 4480 illa
2403 4425 2667 4480 facilitate
2694 4424 2867 4494 ipsam
2929 4436 3153 4477 uxorem
3188 4433 3490 4491 agnoscere
3510 4417 3604 4473 de-

1972 4531 2018 4584 ι)
2045 4515 2195 4570 beat.

1658 4704 1896 4762 VARle
1932 4701 2344 4759 LECTIONES.

439 4887 487 4918 "
508 4884 601 4940 Sic
655 4898 799 4938 corr.
858 4880 1165 4953 Stephanus
1200 4896 1215 4943 ;
1247 4876 1418 4953 Codd.
1468 4868 2316 4953 dxpt6ov.“‘_'Stepb.§t_dgyl.
2368 4867 2513 4953 conj.
2560 4865 2959 4953 6WEPFY9§Y1
3006 4861 3612 4953 ξτ-Ῡυίεοξοὶηθέντωινο

370 4956 675 5025 ’⁸8ειτίιιιε.
717 4945 971 5025 τίθεταιῖ
1052 4948 1319 5025 "§t_eplt.
1365 4947 1515 5025 conj,
1546 4945 1880 5025 ‘tgspgségtp.

1974 4944 2019 4978 ⁸⁸
2042 4940 2215 4995 Codd.
2250 4940 2318 4993 εί
2348 4950 2476 4993 ante

2542 4938 2706 5008 μηδὲν
2728 4929 2741 4937 ’
2763 4936 2965 4989 habent
3064 4929 3345 5008 expu'n_xit.
3422 4929 3611 5008 Stepb.

369 5030 413 5061 "
702 5000 1067 5092 ὑποθιξτιῖέως.Δ
1112 5000 1157 5050 ’ί
1181 5000 1322 5092 uicis
1355 5000 1514 5070 ἀποδξ
1610 5000 1857 5069 ³³Ὀοι1ἰί.
1887 5012 2094 5065 addunt
2123 5012 2253 5081 γὰρ,
2279 5009 2426 5082 quod
2453 5000 2740 5063 delendum
2796 5019 2918 5061 esse
2945 5002 3082 5059 vidit
3118 5000 3273 5074 Agyl.
3370 5002 3417 5035 “
3439 5000 3613 5059 Codd.

369 5102 434 5151 ἑκ
460 5097 559 5166 τῆς
598 5088 726 5147 τῶν.
760 5092 865 5146 Sed
887 5092 983 5160 τῆς
1022 5088 1281 5145 abundat.

1874 5212 2107 5271 ΝΟΤᾸΞ.

374 5384 427 5427 ut
456 5384 576 5441 quae
599 5380 857 5441 sponsam
883 5364 1058 5441 stupri
1091 5367 1428 5441 compertam
1448 5357 1740 5441 lapidibus.
1767 5356 1931 5412 vellet

369 5424 527 5497 obrui
554 5458 569 5493 :
603 5424 696 5492 sed
727 5446 907 5487 tamen
938 5424 1051 5487 hinc
1077 5424 1399 5485 constitutio
1417 5424 1652 5497 pertinet
1675 5424 1743 5479 ad
1768 5441 1933 5494 spon-

372 5530 486 5566 sum
517 5525 623 5563 non
658 5516 869 5559 tantum
902 5504 1101 5570 stupri,
1132 5500 1225 5554 sed
1255 5501 1532 5568 gravidam
1572 5505 1929 5570 compertam.

360 5581 491 5636 Vid.
538 5580 865 5642 llarmenop.
896 5572 948 5635 5,
976 5566 1069 5642 tit.
1096 5570 1151 5642 2,
1211 5566 1337 5642 περὶ
1366 5569 1571 5642 λύσεως
1616 5566 1931 5636 μνηστείας,

365 5653 510 5705 adde
538 5663 662 5711 quae
695 5636 894 5711 scripsi
923 5640 990 5694 ad
1024 5643 1059 5695 l.
1090 5636 1420 5711 ll,§_l,_ﬂ‘.
1454 5636 1527 5690 De
1567 5644 1717 5689 cont.
1780 5651 1928 5705 emp.

368 5722 405 5772 Ι.
449 5707 833 5797 ρ-ι-,ξ-δίμιιξέ
855 5707 1417 5797 μίτβὶιιξιιι-ξ,ίξ.-ῼεῗ
1445 5713 1553 5759 act.
1575 5720 1722 5774 emp.

441 5778 553 5858 (75)
568 5778 739 5858 1,5;
781 5780 903 5858 θυι,
1037 5778 1111 5833 De
1138 5778 1443 5858 sponsalib.

440 5841 552 5928 {76)
579 5841 752 5924 Hujus
781 5841 1039 5905 vNovellac
1076 5841 1263 5902 cas'um
1324 5844 1617 5903 admodum
1655 5841 1945 5914 specialem

686 5951 957 6013 ΡΑτιιοι..
994 5944 1113 6005 Gn.
1164 5942 1348 6004 CV11.

2036 5353 2416 5427 οδες-τοξείᾳ..
2546 5426 2553 5427 γ
2732 5416 2764 5427 Α,

2111 5424 2225 5490 (77)
2252 5411 2407 5488 Quod
2443 5416 2949 5490 eratconstitutum
2982 5411 3037 5466 d.
3072 5411 3100 5482 ᾗ
3136 5411 3190 5464 1.
3322 5484 3334 5490 Δ
3375 5474 3389 5488 θ

2111 5425 2199 5490 (77
2252 5425 2407 5488 Quod
2443 5426 2561 5475 erat
2590 5425 2949 5471 constitutum
2982 5425 3037 5466 α.
3072 5425 3100 5482 9
3136 5425 3190 5464 ι.
3375 5474 3389 5488 θ

2108 5425 2225 5568 (783
2283 5491 2426 5544 Hinc
2478 5488 2737 5568 colligere
2782 5483 2989 5568 possis,
3019 5496 3144 5568 cum
3170 5484 3481 5568 meretrice,
3508 5475 3617 5568 nisi

2042 5543 2731 5632 resipiscat,ﬂ_connubium
2777 5543 3061 5632 nonesse,
3102 5565 3154 5605 c.
3194 5548 3324 5632 an.
3365 5543 3484 5632 Non
3529 5553 3618 5632 est

2044 5615 2354 5701 culpandus
2381 5630 2474 5701 ζὴ.
2511 5643 2565 5697 q.
2596 5628 2653 5701 l_,
2684 5640 2806 5691 cap.
2844 5624 2988 5701 inter
3024 5633 3191 5691 opera
3243 5615 3317 5671 De
3348 5617 3593 5685 sponsali

2052 5694 2156 5757 bus
2180 5716 2232 5753 c.
2259 5703 2356 5770 ult.
2385 5694 2702 5770 De_cond_it.
2730 5694 2971 5764 apposit.
3024 5761 3037 5770 _
3141 5756 3186 5770 ι,
3314 5756 3329 5770 _
3410 5756 3442 5770 Α,

2120 5770 2232 5840 (79)
2270 5769 2419 5840 Facit
2448 5767 2583 5840 Nov.
2625 5756 2910 5840 alLs'u'pra
2937 5761 3061 5840 eod.
3088 5777 3104 5827 ;
3141 5756 3279 5815 Nov.
3303 5756 3506 5814 Justin.
3530 5756 3619 5818 22,

2055 5831 2177 5910 cap.
2212 5831 2298 5907 '15,
2324 5838 2351 5909 §
2381 5839 2437 5907 ἓ,
2468 5836 2604 5893 Nov.
2630 5836 2754 5905 117,
2790 5831 2911 5903 cap.
2944 5831 2997 5887 8.
3183 5920 3263 5980 20
