4062 6202
476 462 580 528 (ili

932 564 1397 624 CONSTITUTIO
1424 561 1605 618 XCIV.
1643 645 1652 654 ‘

476 665 628 735 Legi:
657 663 769 736 (80)
793 678 907 732 qua:
934 662 997 716 de
1017 662 1298 715 consulatu
1324 657 1434 728 (8|)
1458 658 1591 727 agit,
1613 652 1889 725 a‘brogatio
1917 652 2055 722 (82).

550 826 695 879 idem
724 824 1022 894 imperator
1050 821 1224 876 eidem
1260 819 1529 890 Styliano.

559 913 826 979 Quoniam
864 921 1052 966 nostra
1088 912 1264 981 legum
1296 906 1607 978 repurgatio
1639 906 1749 975 (85)
1783 907 1927 960 hunc
1953 904 2059 961 sibi

484 1004 826 1078 propositum
861 1003 1023 1057 liuent
1047 1002 1228 1067 habet,
1258 1008 1316 1054 ut
1343 1015 1452 1054 non
1478 997 1638 1054 modo
1667 998 1755 1051 illa
1787 1010 1910 1066 qua:
1939 995 2063 1050 sub-

479 1097 604 1151 inde
642 1111 823 1150 rerum
897 1102 1103 1148 statum
1138 1092 1487 1158 labefactant,
1515 1106 1701 1146 verum
1746 1090 1909 1145 etiam
1933 1102 2057 1157 qua:

480 1183 641 1251 longo
703 1191 946 1251 tempore
1000 1182 1223 1235 silentio
1273 1181 1489 1245 obruta,
1556 1178 1774 1235 inutilia
1805 1193 2059 1248 prorsus,

480 1279 813 1340 ettanquam
848 1279 1073 1341 propter
1122 1270 1326 1325 cariem
1388 1269 1612 1339 publico
1638 1283 1741 1322 usu
1790 1283 1902 1322 non
1929 1283 2064 1322 eon-

481 1371 711 1418 trectata
754 1378 878 1419 esse
934 1364 1211 1427 videntur,
1245 1378 1275 1418 e
1306 1362 1466 1431 legali
1492 1362 1612 1416 solo
1635 1361 1846 1416 deleat:
1872 1375 2067 1415 conse-

481 1472 654 1525 quens
674 1466 776 1519 est,
801 1464 925 1510 utet
948 1471 1069 1525 quae
1099 1454 1167 1510 de
1198 1455 1490 1511 consulatu
1520 1462 1715 1508 tractat
1734 1454 1905 1523 legem
1928 1452 2064 1524 (84).

483 1559 743 1620 tanquam
802 1548 939 1602 nihil
985 1546 1039 1601 in
1084 1546 1339 1616 praesenti
1372 1544 1439 1599 ad
1471 1545 1864 1615 rempublicam
1899 1544 2066 1614 perti-

485 1652 729 1705 nentem,
763 1656 887 1695 cum
922 1640 1046 1696 aliis
1078 1640 1369 1697 inutilibus
1401 1640 1559 1710 legali
1591 1638 1810 1709 corpori
1839 1639 2065 1695 eximat.

486 1734 625 1787 Olim
660 1733 877 1803 quidem
937 1731 1249 1786 consularis
1296 1730 1537 1801 dignitas
1595 1729 1904 1785 veneranda
1931 1736 2071 1793 erat,

485 1823 930 1890 venerandosque
962 1822 1055 1891 qui
1107 1821 1280 1892 ipsam
1337 1821 1603 1885 subirent,
1636 1827 1690 1874 et
1720 1818 2071 1886 magniﬁcen-

1718 452 1993 514 LEONIS
2052 451 2502 514 PHILOSOPHI

2083 564 2137 623 Δ

3635 442 3740 505 612

2721 559 3031 613 ΔιΑτΑειΣ
3067 560 3177 624 ιιι.
3597 516 3604 523 ’

2161 653 2301 721 Περὶ
2324 652 2432 708 τοῦ
2489 649 2821 705 ἀθετεῖσθαι
2879 650 2989 703 τὸν
3018 647 3286 717 περὶτῆς
3308 647 3599 714 ὑπατείας
3636 651 3737 703 νό-

2873 737 3011 789 μον.

2245 814 2303 867 '0
2326 815 2486 878 αὐτὸς
2525 813 2771 884 βασιλεὺς
2801 812 3074 882 Στυλιανῷ
3100 810 3178 881 τῷ
3204 811 3373 882 αὐτῷ.

2247 909 2578 978 Ἐπειδήπερ
2611 906 2812 960 σκοπὸν
2843 908 2974 977 ἡμῖν
2998 908 3032 975 ή
3061 906 3169 959 τῶν
3212 906 3394 974 νόμων
3428 905 3740 977 ἀνακάθαρ-

2165 1017 2248 1064 σις
2300 1000 2415 1070 ἔχει
2472 998 2534 1050 οὑ
2592 998 2752 1068 μόνον
2785 999 2970 1051 ἐκεῖνα
3017 997 3111 1050 τοῦ
3155 999 3389 1067 νομίμου
3437 998 3742 1069 ἐξαλείφειν

2164 1090 2413 1160 ἐδάφους,
2461 1082 2536 1143 ὧν
2570 1092 2602 1159 ὴ
2635 1088 2822 1159 γραφὴ
2853 1089 2898 1121 ³⁸
2939 1088 3202 1151 πολλάκις
3225 1093 3290 1159 τῇ
3334 1090 3446 1143 τῶν
3479 1092 3742 1161 πραγμά-

2167 1193 2276 1230 των
2308 1176 2641 1230 καταστάσει
2666 1176 3059 1246 διελυμαίνετο,
3089 1176 3227 1231 ἀλλά
3253 1178 3349 1230 καὶ
3390 1179 3493 1233 ὅσα
3517 1179 3595 1249 τῷ
3642 1198 3744 1250 μα-

2168 1272 2287 1343 διρῷ
2343 1272 2817 1342 κατασιγασθέντα
2884 1274 3061 1344 χρόνῳ
3117 1274 3265 1345 ἀργὰ
3321 1275 3599 1339 παντελῶς
3651 1277 3746 1331 καὶ

2167 1364 2356 1436 ὥσπερ
2386 1365 2476 1419 διὰ
2520 1366 2758 1436 σαπρίαν
2782 1364 3036 1434 ἀψαυστα
3083 1364 3189 1419 ὑπὸ
3220 1366 3411 1437 χρείας
3460 1367 3745 1437 πολιτικῆς

2166 1456 2358 1525 ὁρᾶται
2395 1456 2643 1526 κείμενα,
2699 1456 2991 1509 ἀκόλουθόν
3042 1456 3158 1510 ἐστι
3192 1458 3289 1510 καὶ
3335 1458 3428 1511 τὸν
3474 1460 3604 1529 περὶ
3646 1456 3749 1529 τῆς

2171 1548 2436 1614 ὑπατείας
2471 1550 2636 1619 νόμον
2665 1550 2731 1616 ³⁸,
2760 1550 2838 1613 ὡς
2863 1549 3005 1605 κατά
3036 1551 3203 1621 μηδὲν
3228 1552 3286 1603 ὲν
3316 1549 3393 1620 τῷ
3424 1550 3650 1619 παρόντι
3679 1554 3746 1619 τῇ

2170 1640 2418 1713 πολιτείᾳ
2455 1642 2823 1711 προσήκοντα,
2852 1643 2950 1695 σὺν
2984 1645 3094 1705 τοῖς
3122 1641 3300 1704 ἀλλοις
3323 1642 3621 1713 ἀχρήστοις
3646 1641 3749 1711 τῆς

2173 1734 2403 1803 νομικῆς
2435 1733 2636 1799 ἐξελεῖν
2682 1734 3088 1798 καταστάσεως.
3150 1735 3326 1787 Πάλαι
3366 1735 3463 1787 μὲν
3526 1734 3637 1805 γὰρ
3689 1734 3753 1786 τὸ

2176 1826 2440 1880 ὑπατικὸν
2468 1826 2684 1896 ἀξίωμα
2717 1826 2912 1895 σεμνόν
2942 1842 3003 1879 τε
3035 1821 3125 1897 ἦν,
3163 1827 3254 1879 καὶ
3284 1843 3411 1889 τους
3450 1825 3755 1895 ὑποδυομέ-

488 1915 563 1967 tia
598 1921 923 1984 praestantes
963 1912 1248 1977 elliciebat,
1288 1926 1351 1967 ac
1382 1912 1589 1966 idcirco
1634 1911 1837 1982 quibus
1872 1925 2071 1965 consu-

2178 1934 2299 1981 νους
2338 1919 2469 1972 αὑτὸ
2512 1918 2744 1989 σεμνούς
2772 1936 2830 1972 τε
2863 1919 3073 1974 ἐδείκνυ
3109 1920 3205 1973 καὶ
3234 1919 3314 1987 τῷ
3346 1919 3756 1989 μεγαλοπρεπεί

492 2005 661 2056 latum
721 2017 910 2072 gerere
938 2003 1269 2073 obtingeret,
1337 2016 1435 2072 pro
1463 2000 1670 2055 honore
1698 2015 1860 2070 quem
1892 2015 1956 2055 ex
1978 2000 2067 2055 di-

491 2094 699 2165 gnitate
732 2096 1097 2165 perciperent,
1150 2093 1490 2149 remunerari
1542 2093 1943 2162 rempublicam
1969 2107 2066 2149 vo-

492 2188 704 2250 lentes,
768 2185 1013 2240 liberalia
1063 2184 1177 2257 (85)
1238 2186 1567 2257 promiscua;
1633 2184 1775 2254 plebi
1842 2199 2069 2240 munera

488 2274 916 2344 elargiebantur.
946 2276 1025 2330 Ac
1054 2276 1171 2331 initi
1195 2276 1440 2346 quidem,
1470 2285 1730 2345 quantam
1755 2275 2072 2330 muniﬁcen-

490 2368 619 2419 tiam
645 2366 870 2430 faceret,
895 2366 1166 2438 cujusque
1184 2367 1416 2422 arbitrio
1444 2367 1888 2437 permittebatur:
1917 2374 2069 2436 post-

491 2456 711 2511 modum
767 2468 948 2512 autem
1002 2472 1067 2511 ac
1109 2466 1320 2511 certum
1372 2457 1595 2512 modum
1647 2455 1868 2511 decreto
1911 2457 2070 2528 legali

492 2548 874 2603 circumscribi
919 2540 1069 2600 illam
1104 2527 1333 2614 placuit.
1362 2546 1543 2615 Atque
1578 2546 1680 2599 hoc
1718 2545 1939 2613 quidem
1969 2527 2072 2600 do-

492 2652 591 2691 nec
647 2636 956 2691 consularis
1031 2636 1314 2706 dignitatis
1369 2636 1424 2689 in
1476 2636 1756 2705 republica
1815 2636 2073 2705 maiestas

491 2726 701 2791 ﬂoruit,
730 2727 1079 2780 observatum
1114 2740 1237 2781 esse
1264 2735 1513 2796 apparet.
1555 2724 1712 2779 Nunc
1760 2741 1912 2791 vero,
1948 2740 2073 2782 cum

492 2818 585 2886 qui
640 2817 823 2871 omnia
875 2825 1083 2883 mutat,
1138 2818 1398 2887 temporis
1448 2832 1669 2881 cursus,
1719 2816 1857 2872 hanc
1907 2818 2073 2872 etiam

493 2907 843 2960 consularem
876 2906 1334 2976 magniﬁcentiam
1365 2921 1397 2961 e
1417 2907 1645 2977 pristina
1671 2906 1845 2976 gloria
1883 2914 1938 2960 et
1968 2920 2075 2959 am-

494 2997 763 3067 plitudine
812 2998 867 3052 in
927 2999 1199 3068 abjectam
1248 2999 1485 3069 speciem
1538 2997 1943 3053 transformarit
1973 3011 2075 3052 :ac

495 3087 739 3156 veroqui
772 3087 839 3141 ad
901 3088 1050 3141 illam
1100 3089 1424 3157 procedunt,
1485 3086 1759 3141 interdum
1804 3086 1907 3142 sibi
1964 3102 2074 3140 non

496 3177 764 3243 subicere,
795 3178 995 3234 nedum
1024 3179 1147 3235 aliis
1176 3194 1405 3251 erogare
1456 3179 1754 3250 quidquam
1804 3179 2019 3249 possint
2059 3196 2076 3232 :

2173 2010 2550 2081 διαφέροντας.
2583 2012 2682 2065 Διά
2698 2012 2855 2065 τοῦτο
2873 2013 2980 2083 ἄρα
3006 2012 3103 2065 καὶ
3129 2012 3244 2065 ὅσοι
3271 2012 3350 2075 είς
3380 2013 3441 2065 τὸ
3460 2011 3755 2065 ὑπατεύειν

2175 2103 2522 2168 καθίσταντο,
2562 2105 2630 2176 ἢν
2663 2106 2727 2157 ὲκ
2754 2104 2849 2158 τοῦ
2881 2103 3194 2175 ἀξιώματος
3225 2106 3381 2159 αὐτοὶ
3420 2105 3757 2176 προσέλαϐον

2178 2195 2487 2267 φιλοτιμίαν
2516 2195 2934 2266 ἀντιδωρεῖσθαι
2954 2199 3020 2267 τῇ
3053 2197 3302 2268 πολιτείᾳ
3330 2197 3632 2262 ἀξιοῦντες,
3662 2215 3755 2265 φιο

2178 2287 2432 2359 λοτίμους
2475 2288 2680 2359 δωρεὰς
2709 2289 2822 2352 τοῖς
2868 2288 3099 2358 πλήθεσι
3152 2288 3552 2343 καθυπάτευον.
3595 2288 3759 2342 Ἀ).λά

2179 2377 2308 2447 πρὶν
2344 2378 2443 2445 μὲν
2470 2380 2537 2448 τῇ
2588 2378 2818 2433 ἑκάστου
2847 2377 3168 2449 προαιρέσει
3207 2379 3386 2431 ἀνεῖτο
3410 2378 3510 2447 τῆς
3550 2378 3759 2446 φιλοτι-

2182 2467 2312 2538 μίας
2338 2469 2399 2521 τὸ
2429 2468 2657 2538 μέγεθος
2687 2468 2783 2523 καὶ
2808 2470 2841 2540 ἡ
2869 2468 3188 2534 ἐλάττωσις,
3232 2468 3459 2539 ὕστερον
3493 2468 3549 2521 δὲ
3600 2468 3761 2533 δόξαν

2178 2558 2322 2612 οὕτω
2351 2558 2501 2629 ῥητῷ
2530 2559 2711 2630 μέτρῳ
2735 2560 2994 2631 ψήφισμα
3028 2562 3195 2630 νόμου
3238 2562 3301 2613 τὸ
3336 2561 3622 2630 φιλότιμον
3658 2577 3759 2610 πε-

2184 2648 2460 2718 ριορίζειν.
2504 2649 2666 2703 Ἀλλά
2699 2650 2808 2723 γὰρ
2836 2651 2997 2704 τοῦτο
3030 2652 3128 2722 μὲν
3177 2652 3283 2716 ἕως
3330 2652 3391 2705 τὸ
3438 2652 3637 2720 σεμνὸν
3664 2652 3761 2703 τοῦ

2180 2740 2449 2793 ὑπατικοῦ
2468 2739 2777 2811 ἀξιώματος
2814 2742 2872 2795 ὲν
2901 2746 2968 2814 τῇ
2995 2743 3243 2814 πολιτείᾳ
3268 2743 3557 2815 διέπρεπεν
3581 2743 3765 2810 ὡρᾶτο

2180 2830 2482 2900 γινόμενον.
2513 2832 2628 2885 Νῦν
2675 2832 2731 2887 δὲ
2769 2835 2867 2905 τῆς
2924 2834 3101 2889 πάντα
3133 2835 3177 2867 ⁸⁷
3229 2836 3552 2905 κινουμένης
3584 2833 3679 2887 τοῦ
3718 2833 3761 2863 ³⁸

2181 2922 2376 2991 χρόνου
2414 2927 2586 2996 φορᾶς
2610 2927 2703 2979 καὶ
2734 2926 2939 2995 ταύτην
2982 2930 3084 2997 τὴν
3123 2928 3396 2999 ὑπατικὴν
3424 2927 3737 2998 μεγαλοπρέ

2183 3033 2343 3070 πειαν
2376 3019 2440 3071 ὲκ
2480 3018 2578 3087 τῆς
2608 3021 2739 3088 πρὶν
2774 3017 2930 3089 δόξης
2965 3020 3059 3072 καὶ
3086 3020 3451 3090 μεγαλότητος
3486 3019 3622 3088 πρὸς
3668 3036 3763 3072 τα-

2182 3109 2364 3163 πεινὸν
2400 3111 2889 3180 μεταστησαμένης
2926 3112 3132 3181 σχῆμα,
3164 3112 3259 3165 καὶ
3309 3111 3417 3165 τῶν
3465 3112 3545 3173 είς
3603 3110 3763 3162 τοῦτο

2184 3200 2485 3269 προϊόντων
2516 3202 2613 3271 οὑχ
2647 3203 2793 3265 ὅπως
2817 3202 2861 3235 ³³
2888 3202 3096 3273 ἑτέροις
3147 3203 3348 3256 ἱκανῶν
3402 3203 3592 3266 ὄντων,
3627 3201 3763 3255 ἀλλά

496 3271 644 3324 illam
678 3270 746 3325 de
764 3271 1055 3325 consulatu
1104 3271 1300 3341 legem,
1355 3284 1521 3340 quam
1577 3281 1868 3339 propterea
1903 3270 2071 3323 altum

2184 3290 2308 3361 μηδ’
2340 3292 2553 3355 ἑαυτοῖς
2577 3270 2745 3345 ἐνίοτε
2775 3294 2966 3364 ἀρκεῖν
2984 3270 3327 3364 δυναμένων,
3346 3295 3470 3347 ἐπεὶ
3500 3292 3589 3346 διὰ
3606 3292 3765 3345 τοῦτο

496 3361 774 3417 silentium
807 3362 1111 3432 occupavit,
1169 3378 1294 3416 cum
1329 3362 1452 3417 aliis
1500 3361 1807 3426 inutilibus,
1838 3368 1896 3414 ut
1936 3360 2072 3429 dixi,

495 3450 702 3506 frustra
726 3451 989 3520 legalibus
1007 3450 1497 3505 constitutionibus
1518 3450 1838 3515 immistam,
1866 3450 2085 3506 decreto

499 3543 811 3616 maiestatis
837 3552 1040 3601 nostrae
1066 3544 1217 3599 illinc
1242 3544 1559 3600 eximimus.

813 3836 1279 3894 CONSTITUTIO
1331 3837 1467 3895 XCV
1532 3839 1769 3910 (86-87).

859 3928 935 3983 De
965 3928 1150 3983 avulsa
1185 3940 1340 3984 terra:
1368 3942 1561 3998 ,crusta
1590 3931 1726 4002 (88).

576 4092 721 4148 Idem
749 4094 1049 4162 imperator
1075 4093 1249 4149 eidem
1288 4091 1556 4163 Styliano.

574 4185 1027 4257 Antiquiorihus,
1092 4201 1321 4255 quasque
1359 4194 1487 4240 ante
1520 4194 1663 4241 natae
1714 4195 1844 4243 sunt
1875 4188 2085 4259 legibus

507 4294 666 4341 ortus
728 4299 954 4341 causam
1001 4300 1183 4340 rerum
1246 4298 1378 4338 usus
1411 4280 1663 4353 praabuit.
1719 4277 2086 4350 Legislatores

500 4382 647 4436 enim
676 4396 798 4451 qua:
826 4382 883 4436 in
914 4396 1261 4436 communem
1317 4380 1484 4433 vitam
1536 4377 1815 4441 incidunt,
1841 4378 2086 4447 singula-

504 4473 599 4526 tim
635 4482 897 4529 accurate
926 4474 1290 4533 excutientes.
1328 4485 1426 4541 pro
1454 4470 1671 4524 illorum
1706 4477 1905 4524 natura
1944 4469 2088 4539 leges

501 4563 768 4619 condunt.
817 4563 1090 4630 Quoniam
1158 4579 1288 4632 ergo
1348 4576 1417 4616 ex
1465 4560 1776 4615 communis
1824 4559 1945 4614 vitae
1995 4576 2089 4613 ne-

2187 3383 2315 3455 σιγὴ
2365 3383 2556 3454 βαθεῖα
2593 3384 2684 3439 τὸν
2713 3385 2839 3455 περὶ
2873 3385 2972 3456 τῆς
2997 3385 3259 3449 ὑπατείας
3288 3385 3449 3456 νόμον
3505 3385 3759 3454 κατέσχε,

2185 3474 2279 3527 καὶ
2324 3474 2514 3527 τοῦτον
2543 3476 2587 3506 ⁴⁰
2615 3476 2717 3546 ἤδη
2752 3475 2891 3545 μετά
2937 3476 3046 3530 τῶν
3096 3476 3271 3529 ἄλλων
3320 3478 3633 3547 ἀχρήστων,
3684 3475 3763 3538 ὡς

2185 3564 2346 3637 ἔφην,
2377 3566 2499 3636 είκῆ
2547 3569 2668 3630 ταῖς
2724 3570 2972 3637 νομικαῖς
3016 3568 3321 3635 διατάξεσιν
3354 3566 3764 3638 ἐγκαταμιγνύ-

2189 3674 2350 3730 μενον
2377 3657 2609 3727 δόγματι
2642 3658 2736 3712 τοῦ
2765 3660 3037 3731 ἡμετέρου
3068 3659 3303 3731 κράτους
3332 3658 3549 3713 ἐκεῖθεν
3595 3659 3761 3729 ἐκφέ-

2189 3767 2375 3821 ρομενο

2715 3844 3027 3898 ΔΙΑΤΛΞΙΣ
3053 3847 3145 3914 ur
3169 3848 3235 3899 ιι.

2257 3936 2397 4004 Περὶ
2422 3935 2529 3991 τοῦ
2558 3938 3073 4061 (ίῖξοσπτασνξῖεὲῗοξι
3094 3940 3137 3969 δ’
3177 3938 3497 4007 ὑπεργείου
3525 3938 3570 3970 ⁵³
3601 3939 3695 3990 τό·

2268 4092 2328 4147 Ὀ
2356 4096 2518 4158 αὑτὸς
2554 4095 2802 4165 βασιλεὺς
2830 4098 3103 4169 Στυλιανῷ
3125 4098 3200 4169 τῷ
3234 4098 3401 4167 αὐτῷ.

2259 4186 2370 4240 Καὶ
2391 4189 2503 4248 τοῖς
2526 4189 2901 4259 ἀρχαιοτέροις
2924 4190 3017 4243 καὶ
3048 4190 3380 4261 προλαϐοῦσι
3411 4191 3513 4261 τὴν
3551 4191 3763 4258 γένεσιν

2190 4278 2374 4351 νόμοις
2400 4279 2458 4332 αἱ
2486 4280 2595 4331 τῶν
2630 4282 2973 4350 πραγμάτων
2997 4286 3177 4352 χρεῖαι
3206 4284 3482 4354 παρέσχον
3527 4283 3762 4335 ὑπόστα-

2193 4388 2299 4425 σιν.
2326 4373 2467 4445 Πρὸς
2494 4373 2602 4444 γὰρ
2634 4374 2702 4426 τὰ
2731 4376 2873 4427 κατά
2901 4375 2990 4428 τὸν
3024 4375 3135 4445 βίον
3169 4377 3548 4446 συμπίπτοντα
3581 4378 3615 4446 ή
3656 4374 3763 4428 τῶν

2192 4463 2449 4518 ἑκάστοτε
2503 4466 2805 4535 νομοθετῶν
2846 4467 3180 4535 διαϐλέψασα
3224 4467 3418 4539 γνώμη
3469 4469 3603 4538 ergo;
3666 4470 3766 4538 τὴν

2190 4554 2399 4609 τούτων
2426 4558 2471 4589 ⁸⁸
2504 4555 2662 4625 φύσιν
2695 4561 2787 4611 καὶ
2819 4558 2889 4610 τὰ
2915 4558 3334 4628 νομοθετήματα
3366 4558 3593 4613 τίθεται.
3615 4559 3767 4613 Ἐπεὶ

1772 4718 2003 4775 VARI/13
2048 4718 2455 4775 LECTIONES.

569 4844 615 4883 ³⁸
644 4841 836 4896 Zuich.
861 4849 914 4894 et
939 4839 1164 4895 Met-rm.
1197 4839 1476 4923 ὲγγραφή.
1553 4837 1602 4871 ³⁸
1635 4836 1769 4893 Nov.
1812 4835 2108 4917 Iustiniani
2142 4837 2269 4919 105.
2345 4836 2387 4868 ³⁷
2413 4836 2646 4906 Scrimg.
2687 4836 2925 4915 πάντων.
2960 4834 3191 4890 Emend.
3233 4836 3391 4959 AgR'l.
3463 4838 3506 4867 "
3531 4836 3765 4905 Scrimg.

569 4928 612 4959 m
639 4912 800 4959 halmt
824 4909 940 4959 τοῦ.
1031 4910 1075 4941 ³⁹
1110 4909 1269 4959 Forte
1299 4910 1455 4959 ὀλως.
1551 4906 1595 4939 ⁸ο
1630 4906 1863 4959 Serime.
1901 4924 1995 4959 του
2022 4908 2136 4959 τόν.
2170 4906 2361 4959 Zuich.
2389 4918 2444 4959 et
2472 4906 2691 4959 Mecrm.
2732 4924 2910 4959 τουτο.
2992 4905 3035 4936 δι
3073 4907 3267 4959 Ecloea
3346 4924 3430 4959 ην.
3458 4906 3547 4959 Μ.
3590 4917 3765 4959 exstat

506 4925 613 4967 non
639 4912 800 4966 habet
824 4909 940 4963 τοῦ.
1031 4910 1075 4941 ³⁹
1110 4906 1269 4963 Forte
1299 4906 1455 4970 ὅλως,
1551 4906 1595 4939 ⁸ο
1630 4906 1805 4961 Scrim

508 4982 653 5051 apud
682 4983 871 5045 liarm,
902 4981 997 5034 lib.
1022 4977 1194 5051 Il.7tit.
1241 4994 1316 5044 tv,
1366 4994 1487 5048 pag.
1512 4978 1649 5051 186.

506 5047 938 5121 ὑπερκειμένου.
1015 5052 1061 5081 ⁸⁸
1090 5050 1159 5121 Ιιι
1201 5047 1478 5121 nonnullis
1512 5047 1641 5101 Eclo

1812 4923 1873 4977 g.
1901 4908 1995 4959 τοῦ
2022 4908 2137 4974 τόν,
2170 4906 2361 4960 Zuich.
2389 4918 2444 4959 et
2472 4905 2701 4977 Mecrm.
2732 4905 2910 4959 τοῦτο.
2992 4905 3035 4936 ⁸¹
3073 4907 3267 4977 Ecloga

3346 4924 3430 4960 ων.
3458 4906 3547 4965 44.
3590 4917 3770 4961 exstat

1761 4977 1805 5009 δ’
1831 4976 2053 5033 Meerm.
2097 4987 2152 5031 et
2192 4978 2438 5047 plerique
2467 4977 2638 5031 Codd.
2668 4976 2783 5030 Ecl.
2824 4977 3025 5029 ὑποσπ.
3120 4976 3165 5007 ⁸³
3194 4976 3503 5047 Legendqu
3551 4978 3771 5047 videtur

1680 5062 1724 5101 te
1761 5047 1936 5102 Codd.
1975 5046 2205 5117 additur,
2233 5069 2246 5101 ;
2278 5048 2396 5117 ήτοι
2430 5048 2556 5116 περὶ
2585 5047 2986 5117 ᾲκατασπασμοῦ
3044 5048 3137 5117 καὶ
3165 5046 3489 5117 συγχὼςεως
3536 5046 3639 5117 γῆς
3674 5049 3771 5100 καὶ

506 5063 938 5121 ὑπερκειμένου.
1015 5063 1061 5081 “
1090 5063 1144 5102 In
1201 5063 1478 5103 uounnms
1514 5063 1724 5149 eclogae
1761 5063 1936 5102 L000.
1975 5063 2198 5101 aooitur
2233 5069 2246 5101 ;
2278 5063 2396 5116 ητοι
2430 5063 2556 5116 περι
2594 5063 2986 5116 κατασπασμου
3044 5063 3137 5099 και
3165 5064 3228 5098 συ

506 5121 639 5192 ὑλής
668 5122 762 5173 καὶ
784 5123 853 5173 τὰ
885 5121 1092 5173 τούτων
1110 5120 1216 5173 τίνι
1246 5118 1543 5187 ὀφείλεται.
1680 5121 1701 5150 ⁸
1736 5117 1813 5171 Ita
1850 5118 1960 5170 Ecl.
1995 5116 2169 5171 Codd.
2203 5116 2419 5179 τούτου,
2451 5115 2597 5185 quod
2625 5118 3014 5170 ementlaverat
3043 5115 3234 5186 Steph.

2034 5258 2269 5315 ΝΟΤΑΞ.

584 5394 695 5465 (80)
724 5395 857 5449 Νον.
884 5396 1031 5453 Just.
1068 5399 1185 5456 105.

582 5466 693 5535 (8i)
721 5466 785 5519 Et
812 5468 1135 5523 missilibus.

604 5534 691 5604 82)
724 5536 875 5590 Adde
898 5537 1032 5592 Nov.
1075 5538 1164 5605 47,
1188 5549 1241 5596 et
1260 5541 1347 5597 78.

607 5605 696 5674 85)
741 5606 1140 5681 Ἀνακάθαρσις
1164 5610 1267 5666 hoc
1294 5612 1429 5667 satis
1464 5611 1664 5674 innuit,
1719 5612 1954 5665 Leonem
1987 5625 2080 5663 au-

516 5680 720 5750 ctorem
750 5679 1033 5750 esseme
1065 5681 1361 5750 βασιλικῶν
1414 5684 1653 5748 repetitae
1713 5681 2083 5750 przelectionis

515 5745 1084 5817 seuAd‘tvagapﬁposma.
1115 5748 1236 5803 Vid.
1266 5749 1453 5817 Cujac.
1478 5745 1536 5813 ii,
1562 5755 1682 5805 obs.
1709 5745 1762 5807 9.

589 5814 699 5882 (8-4)
731 5812 789 5865 D.
822 5812 1029 5868 Novell.
1073 5818 1194 5879 105,
1231 5830 1284 5871 ct
1312 5812 1541 5871 similes.

590 5885 701 5954 (3'5)
727 5882 1048 5952 (ιίλοτίμους
1082 5886 1287 5947 δωρεάς
1316 5887 1542 5941 missilia
1566 5888 1838 5959 intelligit.

2108 5402 2159 5459 D

2261 5400 2471 5469 (86-87)
2508 5399 2631 5453 llzrc
2682 5397 2901 5455 Novella
2935 5398 3186 5453 laudatur
3219 5399 3286 5453 ab
3322 5397 3653 5467 ilarmenop.
3679 5397 3770 5461 46,

2194 5472 2413 5527 Leonis.
2446 5469 2567 5525 Viti.
2599 5469 2781 5523 Ilarm.
2820 5470 2871 5522 4.
2908 5469 3080 5539 §152.

2265 5542 2377 5611 (88)
2424 5542 2742 5610 ’Υπέργειος
2776 5536 3080 5611 τόποξ,ιιιιὶ
3110 5547 3166 5611 et
3190 5538 3560 5611 ὑπερκειμένη
3596 5536 3771 5609 χώρα,

2190 5620 2241 5665 el
2267 5608 2659 5680 ὑπερκείμενος
2694 5612 2881 5680 ἀγρός.
2920 5608 3370 5680 ’Υπερτιθέμενος
3400 5608 3591 5676 ἀγρός,
3623 5608 3776 5662 locus

2191 5691 2275 5735 est
2297 5684 2409 5735 sive
2441 5679 2566 5749 ager
2594 5679 2868 5749 superior,
2906 5681 2995 5732 cui
3052 5679 3408 5749 ὑποκείμενος
3456 5680 3772 5745 opponitur,

2192 5753 2259 5806 de
2288 5769 2397 5821 quo
2422 5748 2506 5821 lex
2544 5751 2592 5811 l,
2630 5748 2782 5818 .8722,
2819 5751 2964 5819 @222;
3001 5748 3054 5802 π.
3100 5748 3172 5821 lle
3206 5763 3346 5821 aqua
3381 5758 3433 5801 et
3474 5763 3613 5815 aqua
3652 5750 3775 5821 plu-

2194 5817 2640 5875 viafiieducitur
2668 5836 2798 5888 ergo
2823 5817 2968 5874 dicta
3005 5820 3085 5873 lex
3121 5819 3175 5883 7,
3210 5818 3315 5873 8et
3353 5820 3406 5883 9,
3466 5820 3521 5871 iu
3576 5835 3653 5887 pr.
3691 5817 3719 5886 ξ
3751 5820 3769 5869 ι

2199 5900 2252 5943 et
2288 5891 2315 5960 §
2352 5891 2406 5955 2,
2434 5890 2488 5943 Π.
2523 5889 2596 5944 De
2628 5889 2847 5944 damno.
