4062 6202
435 383 543 446 613

1543 380 1905 445 NOVELLIE
1927 379 2598 444 CONSTITUTIONES.

3588 386 3694 452 614

436 494 530 552 οὖν
560 499 625 550 ἐκ
645 496 754 550 τῶν
795 499 853 550 ἐν
883 497 982 568 βίῳ
1012 498 1372 569 πραγμάτων,
1401 495 1589 566 ὥσπερ
1627 495 1856 566 ἔφημεν,
1905 494 2018 555 τοῖς

2122 493 2282 562 gotiis
2320 494 2802 565 (quemadmodum
2868 497 3130 569 diximus)
3193 497 3409 570 legibus
3433 501 3692 556 nascendi

438 591 625 661 νόμοις
676 591 710 660 ἡ
766 591 990 660 ἀφορμὴ
1041 591 1142 660 τῆς
1197 589 1483 658 γενέσεως,
1515 589 1706 658 χρείαν
1744 586 1940 657 καινὴν
1967 587 2015 618 ⁸⁸

437 683 674 753 ὁρῶντες
725 684 884 750 ἡμεῖς
915 682 1005 735 διά
1052 699 1198 743 τινος
1245 680 1539 749 καινότητα
1574 679 1896 749 πράγματος
1923 678 2016 730 καὶ

437 775 504 845 ἢν
526 777 628 827 οὐκ
653 773 732 826 ἔνι
761 774 898 842 πρὸς
931 774 1166 844 ἀρχαίαν
1203 774 1381 842 ψῆφον
1404 771 1700 840 ἀναφέρειν
1751 770 1796 800 ⁸⁷
1849 769 2013 838 νόμου

437 867 726 936 γενέσεως,
758 865 833 929 ὡς
882 865 969 930 ἀν,
1002 866 1181 920 εῖποτε
1229 865 1322 917 καὶ
1345 863 1533 920 ἄλλοτε
1561 861 1772 916 τοιοῦτό
1792 879 1844 914 τι
1873 878 2015 932 συμ-

437 954 592 1029 ϐαίη,
638 957 738 1029 ἔχῃ
792 957 839 990 ⁸⁸
875 957 938 1010 τὸ
985 956 1199 1027 συμϐἀν
1227 957 1474 1026 νομίμως
1524 971 1588 1023 γε
1638 955 1684 987 δ’
1743 952 2046 1022 διακρίνεο-

439 1049 583 1112 σθαι,
640 1047 967 1118 ὲκτιθέμεθα
1010 1049 1174 1118 νόμον
1233 1047 1371 1118 πρὸς
1416 1047 1517 1118 τὴν
1563 1045 1658 1098 τοῦ
1688 1045 2014 1115 πραγμάτος

438 1141 730 1211 σύμϐασιν.
1286 1168 1289 1171 -

507 1233 603 1296 Τίς
629 1229 725 1284 οὗν
745 1231 950 1302 όνόμος
975 1248 989 1297 ;
1026 1230 1235 1302 Ἀγρῶν
1261 1229 1508 1301 ἀλλήλοις
1534 1229 1793 1298 διαφόρου
1823 1227 2016 1282 δεσπο-

436 1327 586 1390 τείας
647 1326 1092 1394 πιρακειμένων,
1156 1326 1250 1376 καλ⁴
1298 1322 1393 1376 τοῦ
1449 1323 1545 1393 μὲν
1607 1322 2013 1395 ὑπερκειμένην

435 1418 651 1488 ἔχοντος
674 1417 878 1485 χώραν,
915 1415 1008 1468 τοῦ
1038 1416 1094 1469 δὲ
1125 1414 1487 1484 ὑποκειμένου
1515 1414 1666 1476 δντος
1698 1414 1792 1467 καὶ
1816 1417 1876 1468 ἐν
1895 1415 2013 1467 ὲπι-

441 1509 586 1578 πέδῳ
618 1506 956 1576 ὁριζομένου,
989 1505 1084 1558 έάν
1129 1507 1158 1558 ὁ
1209 1503 1605 1575 ὑπερκείμενος
1647 1503 1818 1572 ἀγρὸς
1853 1503 2009 1572 μέρει

441 1599 546 1652 τινὶ
577 1595 1088 1664 συγκατασπασοεὶς
1118 1595 1151 1665 ἦ
1183 1596 1280 1648 σὺν
1308 1597 1494 1662 φυτοῖς
1522 1594 1569 1625 ³⁸
1613 1593 1646 1663 ἢ
1671 1591 1878 1647 τούτων
1907 1609 2012 1660 χω-

443 1689 527 1760 ?“
553 1685 642 1740 τδν
671 1684 1031 1754 ὑποκείμενον
1051 1683 1111 1736 τὸ
1135 1684 1324 1754 ῥῆγμα
1350 1683 1642 1752 δεξάμενον
1674 1680 2007 1751 sumamus“,

441 1779 515 1850 μὴ
556 1776 740 1841 ἁπλῶς
769 1776 914 1848 ἔχειν
943 1776 1126 1831 ἄδειαν
1157 1776 1294 1845 μήτε
1330 1775 1421 1828 τὸν
1450 1774 1720 1844 δεσπότην
1747 1771 1841 1826 τοῦ
1878 1772 2006 1826 ὑπο-

437 1844 731 1940 ϐεϐηκότος
997 1867 1074 1930 ὡς
1106 1844 1241 1930 ἰδίας
1269 1865 1667 1922 ἀντιποιεῖσθαι
1693 1866 1795 1934 τῆς
1842 1882 2014 1919 κατα·
2050 1844 2090 1900 Β

438 1960 772 2028 σπασθείσης
798 1958 950 2028 ὓλης,
979 1959 1064 2012 ὅτι
1093 1959 1152 2010 έν
1180 1961 1295 2021 τοῖς
1323 1957 1490 2012 αὑτοῦ
1519 1957 1689 2028 ὁρίοις
1716 1958 2010 2022 ἐπίκειται,

441 2053 578 2122 μήτε
601 2051 710 2122 μὴν
729 2051 821 2103 τὸν
855 2048 950 2103 τοῦ
989 2050 1388 2120 ὑπερκειμένου
1429 2049 1622 2122 κύριον
1654 2051 1750 2104 καὶ
1785 2051 1886 2121 τὴν
1915 2050 2014 2121 ῥῆ-

441 2144 522 2208 ξιν
590 2142 900 2196 πεπονθότα
955 2143 1209 2196 κάκεῖνον
1273 2142 1318 2174 ⁵⁸
1380 2143 1850 2212 προσφιλονεικεῖν
1903 2143 2015 2196 τῶν

437 2237 602 2308 ὁρίων
651 2237 945 2307 κυριεύειν,
972 2235 1008 2289 ἀ
1040 2236 1102 2289 τὸ
1132 2237 1320 2307 ῥῆγμα
1353 2237 1738 2300 ἑπιπεπτωκδς
1767 2237 2016 2291 ὑποδέδε-

438 2346 584 2392 κται,
619 2328 755 2381 ἀλλά
799 2327 892 2380 τὸν
944 2325 1043 2396 μὲν
1072 2325 1166 2378 τοῦ
1210 2327 1572 2396 ὑποκειμένου
1600 2325 1773 2396 ἀγροῦ
1823 2325 2014 2396 κύριον

438 2421 786 2491 παραχωρεῖν
825 2418 904 2488 τῷ
931 2416 1024 2470 τοῦ
1053 2416 1508 2488 ὑπερτεθειμένου
1528 2419 1573 2450 ⁸⁸
1604 2415 1777 2486 ἀγροῦ
1811 2418 2011 2488 κυρίῳ,

437 2517 486 2568 εἰ
514 2514 756 2584 βούλοιτο
782 2552 796 2576 ,
827 2512 927 2579 τὴν
965 2509 1550 2579 συγκατασπασθεῖσαν
1595 2509 1641 2541 ⁸³
1692 2507 1848 2578 ὓλην,
1902 2510 2014 2562 εἴτε

439 2605 717 2675 σύμφυτος
745 2603 829 2673 ετη
880 2601 990 2654 εἴτε
1031 2600 1214 2670 φυτῶν
1255 2599 1462 2670 ἔρημος
1493 2599 1561 2665 ⁸⁸,
1595 2599 1886 2652 ἀναλαϐεῖν
1919 2600 2016 2653 καὶ

441 2693 890 2765 ἁνακομίζεσθαι,
921 2693 1012 2746 τόν
1041 2694 1096 2746 δὲ
1123 2691 1230 2744 τῶν
1255 2689 1350 2744 δύο
1399 2688 1673 2760 αἱρεῖσθαι
1717 2691 1778 2743 τὸ
1803 2691 2014 2761 ἓτερον,

439 2789 473 2858 ἦ
499 2787 598 2858 τὴν
631 2787 763 2857 ὓλην
785 2785 1018 2838 λαϐόντα
1045 2781 1229 2846 καθὼς
1251 2781 1311 2843 ἐξ
1330 2782 1505 2852 ἀρχῆς
1533 2780 1816 2846 δεσπόζειν
1843 2782 2016 2852 αὐτῆς

439 2877 696 2947 κειμένης
730 2879 786 2929 ὲν
809 2879 920 2939 τοῖς
955 2875 1101 2938 ἰδίοις
1133 2874 1452 2946 ὀρίοις,ἢ,εί
1474 2873 1632 2926 τοῦτο
1649 2875 1723 2946 μὴ
1752 2873 2014 2945 βούλοιτο,

439 2968 736 3039 ἀπέχεσθαι
769 2966 1048 3030 παντελῶς
1083 2967 1248 3019 αὐτὸν
1291 2966 1430 3036 μετά
1472 2968 1572 3036 τῆς
1621 2963 1755 3036 ῦλης
1781 2966 1877 3018 καὶ
1909 2967 2018 3018 τῶν

439 3060 746 3130 δεξαμένων
769 3061 973 3130 ταύτην
993 3057 1178 3129 ὁρίων,
1203 3057 1299 3110 καὶ
1324 3059 1398 3128 μὴ
1426 3057 1686 3128 παρέχειν
1714 3056 2018 3126 πράγματα

440 3152 516 3222 τῷ
561 3151 655 3203 τοῦ
697 3147 1097 3218 ὑποδεξαμένου
1146 3147 1411 3218 ἀγροῦτά
1462 3145 2020 3216 συγκατασπασθέντα

438 3243 772 3306 δεσπόζοντι.
809 3243 1020 3312 Ὠσπερ
1043 3241 1152 3312 γὰρ
1195 3241 1381 3295 οἰκιῶν
1405 3239 1831 3311 παρακειμένων
1858 3238 2022 3310 ἀλλή-

439 3333 577 3396 λαις,
607 3333 702 3385 καὶ
728 3333 828 3402 τῆς
868 3333 964 3402 μὲν
987 3333 1219 3403 ἐχούσης
1250 3331 1694 3402 ὑπερανέχουσαν
1713 3330 1812 3401 τὴν
1847 3343 2020 3384 κατα·

443 3423 643 3493 σκευὴν
677 3425 774 3493 τῆς
803 3424 858 3475 δὲ
889 3424 1282 3493 ὑποκειμένην,
1317 3423 1364 3474 εἰ
1405 3421 1647 3492 συμϐαίη
1680 3421 1782 3490 τῆς
1814 3420 2022 3475 ἀνωθεν

443 3514 862 3585 καταπεσούσης
892 3515 1069 3577 οίκίας
1113 3515 1146 3585 ἢ
1183 3515 1282 3583 τὴν
1315 3513 1729 3581 κατενεχθεῖσαν
1755 3512 1886 3583 ὓλην
1924 3511 2021 3566 λα-

441 3607 559 3661 ϐεῖν
595 3608 661 3672 ",
685 3607 742 3676 ἢ,
774 3608 822 3660 εἰ
853 3607 926 3678 μὴ
961 3609 1274 3677 προαιροῖτο
1306 3605 1510 3666 λαϐεῖν.
1545 3603 1856 3669 ἐξίστασθαι
1889 3605 2022 3660 καθ-

445 3699 613 3765 άπαξ,
643 3701 738 3753 καὶ
772 3700 938 3769 μηδὲν
963 3699 1100 3762 ὃλως
1125 3696 1478 3766 παρενοχλεῖν
1508 3695 1704 3763 ἐκείνῳ
1725 3695 1804 3766 τῷ
1837 3697 2016 3767 μέρει,

2119 584 2341 638 occasio
2359 585 2597 651 exsistit,
2627 596 2684 642 et
2711 602 2845 643 vero
2881 596 3108 660 propter
3152 605 3349 646 novam
3379 593 3694 663 quampiam

2118 691 2254 740 rem,
2286 691 2406 744 quae
2443 677 2510 731 ad
2539 685 2774 734 veterem
2825 680 3067 749 aliquam
3124 681 3296 752 legem
3339 682 3532 738 referri
3584 698 3694 737 non

2116 773 2318 834 potest,
2348 768 2463 837 lege
2482 768 2690 838 (89-90)
2713 784 2852 838 opus
2867 785 2992 826 esse
3019 770 3291 837 videmus,
3309 788 3419 841 quo
3443 772 3699 828 videlicet

2117 857 2162 912 si
2187 857 2321 913 alias
2349 873 2565 930 quoque
2618 861 2927 918 istiusmodi
2980 863 3188 934 aliquid
3217 865 3521 934 contingat,
3543 865 3597 920 id
3621 867 3698 920 le—

2116 949 2306 1018 gitime
2370 951 2660 1018 dijudicari
2681 956 2857 1023 possit
2889 955 3102 1026 :legem
3143 970 3244 1026 pro
3274 958 3590 1014 conditione
3616 959 3697 1014 rei

2116 1039 2174 1093 in
2201 1056 2381 1096 rerum
2415 1050 2667 1098 naturam
2705 1045 3088 1116 producimus.

2181 1229 2252 1279 At
2281 1243 2401 1298 qua:
2429 1228 2521 1282 illa
2541 1228 2670 1284 lex?
2705 1228 2935 1295 Quando
2957 1232 3158 1288 diversi
3188 1233 3416 1288 dominii
3446 1234 3563 1306 agri
3591 1235 3698 1292 sibi

2114 1316 2346 1372 invicem
2383 1319 2656 1386 adjacent,
2694 1327 2748 1372 ct
2768 1320 2905 1374 alter
2934 1322 3220 1390 superiore
3250 1323 3393 1389 loco,
3425 1325 3560 1379 alter
3592 1341 3689 1380 au-

2115 1417 2222 1463 tem
2265 1408 2528 1479 depresso
2550 1419 2603 1464 et
2635 1411 2928 1480 campestri
2980 1412 3124 1468 situs
3171 1425 3279 1482 est,
3315 1415 3362 1470 si
3389 1417 3698 1485 superioris

2112 1508 2167 1556 et
2196 1501 2565 1571 impendentis
2612 1502 2727 1572 agri
2755 1517 2884 1572 pars
2921 1503 3102 1574 aliqua
3127 1520 3252 1560 cum
3280 1508 3576 1563 arboribus
3604 1519 3700 1563 aut

2112 1595 2232 1649 sine
2252 1594 2340 1649 bis
2360 1603 2655 1665 praerupta,
2697 1597 3074 1664 subjacentem
3109 1613 3324 1669 agrum,
3355 1601 3446 1669 qui
3481 1601 3698 1655 ruinam

2111 1687 2344 1756 excepit,
2397 1686 2639 1756 obtegat,
2674 1701 2742 1741 ne
2769 1687 3123 1757 simpliciter,
3188 1704 3365 1758 neque
3419 1691 3701 1747 inferioris

2113 1779 2230 1848 agri
2279 1778 2538 1833 dominus
2583 1780 2832 1835 avulsam
2885 1780 3173 1836 materiam
3242 1788 3507 1851 tanquam
3539 1798 3698 1838 suam

2117 1868 2360 1923 vindicet
2393 1883 2610 1939 :neque
2671 1870 2976 1939 superioris
2999 1871 3283 1936 dominus,
3319 1872 3414 1942 qui
3451 1873 3698 1928 avulsio-

2118 1975 2243 2015 nem
2279 1975 2472 2030 passus
2498 1970 2603 2026 est,
2629 1961 2696 2015 de
2753 1961 2944 2015 [inium
2981 1961 3077 2032 qui
3112 1961 3330 2016 ruinam
3367 1963 3699 2020 incidentem

2119 2063 2470 2124 exceperunt,
2529 2054 2800 2118 dominio,
2837 2054 2915 2108 illi
2965 2054 3118 2110 litem
3144 2059 3362 2110 moveat
3394 2073 3408 2110 :
3435 2055 3532 2112 sed
3563 2055 3702 2111 infc-

2119 2145 2283 2199 rioris
2315 2146 2432 2215 agri
2489 2145 2748 2200 dominus
2797 2145 3104 2216 superioris
3127 2145 3244 2217 agri
3274 2146 3521 2211 domino,
3549 2142 3601 2204 'si
3621 2146 3700 2202 di-

2121 2237 2330 2290 vulsam
2382 2237 2670 2292 materiam
2727 2237 2868 2306 (sive
2894 2237 3188 2292 arboribus
3221 2238 3437 2293 consita
3463 2238 3556 2303 sit,
3589 2239 3704 2294 sive

2122 2328 2231 2382 illis
2259 2328 2436 2398 vacet)
2459 2329 2705 2397 recipere
2721 2335 2776 2383 et
2799 2337 3094 2398 apportare
3117 2329 3269 2395 velit,
3289 2329 3346 2384 id
3378 2333 3658 2399 permittat
3687 2349 3701 2384 :

2121 2419 2212 2476 ille
2249 2430 2434 2474 autem
2461 2421 2738 2490 optionem
2761 2421 2961 2475 habeat
3005 2428 3189 2475 utrum
3224 2430 3526 2492 receptam,
3552 2423 3701 2478 suis-

2120 2527 2227 2582 que
2255 2512 2456 2567 llnibus
2503 2512 2810 2566 restitutam
2854 2510 3165 2580 materiam,
3234 2513 3700 2583 quemadmodum

2122 2604 2263 2658 solet
2288 2603 2575 2658 obtinere:
2613 2618 2681 2657 an
2714 2618 2846 2657 vero
2907 2603 2980 2674 (si
3030 2601 3182 2657 illam
3237 2615 3522 2674 asportare
3547 2607 3704 2679 nolit)

2123 2711 2350 2766 prorsus
2382 2703 2498 2749 tum
2526 2709 2556 2748 a
2581 2694 2836 2758 materia,
2865 2703 2980 2748 tum
3008 2709 3039 2747 a
3066 2693 3270 2750 finibus
3297 2697 3392 2766 qui
3430 2697 3578 2751 illam
3608 2712 3706 2753 ex-

2122 2795 2412 2858 ceperunt,
2444 2786 2748 2850 abstinere,
2793 2800 2972 2854 neque
2999 2785 3114 2855 agri
3139 2786 3233 2856 qui
3263 2787 3480 2844 divulsa
3515 2803 3708 2844 susce-

2123 2876 2224 2948 pit,
2269 2878 2495 2933 domino
2519 2877 2798 2949 negotium
2840 2875 3116 2932 facessere
3151 2877 3305 2934 velit.
3339 2877 3708 2945 Quemadmo-

2125 2969 2253 3024 dum
2310 2969 2453 3023 enim
2500 2983 2626 3022 cum
2679 2967 2878 3024 domus
2908 2970 3014 3025 sibi
3063 2971 3300 3027 invicem
3351 2972 3625 3041 adjacent,
3654 2983 3709 3030 et

2127 3057 2351 3112 alterius
2379 3065 2655 3112 structura
2706 3058 3101 3129 supereminet,
3151 3059 3381 3119 alterius
3408 3062 3631 3118 humilis
3655 3072 3709 3118 et

2130 3165 2319 3221 pressa
2365 3158 2472 3215 est,
2507 3151 2554 3204 si
2605 3149 3028 3207 eminentiorem
3083 3150 3307 3207 domum
3361 3153 3414 3207 iu
3444 3155 3707 3209 humilem

2125 3243 2324 3301 collabi
2361 3242 2668 3313 contingat,
2724 3243 2982 3299 dominus
3012 3244 3133 3313 ejus
3163 3251 3257 3298 aut
3289 3243 3399 3315 (9t)
3424 3243 3705 3315 delapsam

2126 3335 2411 3390 materiam
2437 3334 2701 3405 recipere,
2739 3341 2854 3398 aut,
2886 3335 2934 3390 si
2966 3335 3017 3388 id
3045 3335 3204 3399 nolit,
3232 3335 3321 3389 illa
3353 3351 3582 3406 prorsus
3613 3351 3710 3392 ca-

2123 3427 2289 3483 dere:
2324 3441 2498 3496 neque
2531 3424 2731 3480 domus
2757 3440 2881 3495 quae
2913 3440 3102 3481 casum
3144 3426 3383 3497 excepit,
3416 3427 3702 3482 dominum

2125 3516 2429 3588 inquietare
2461 3515 2643 3580 debet,
2669 3514 2742 3568 ita
2801 3513 2891 3570 hic
2919 3529 3141 3586 quoque
3171 3530 3238 3570 eo
3263 3515 3332 3570 ad
3355 3531 3704 3588 consequen-

2125 3608 2254 3661 tiam
2287 3616 2340 3661 et
2365 3605 2675 3675 exemplum
2707 3613 2904 3670 tracto,
2959 3606 3100 3662 idem
3145 3607 3416 3664 custodiri
3440 3619 3495 3664 et
3515 3609 3708 3665 obser-

2123 3697 2241 3753 vari
2280 3694 2556 3750 convenit.

443 3792 473 3846 δ
505 3793 565 3845 τὸ
606 3791 917 3862 σύμπτωμα
955 3788 1276 3853 ὑπεδέξατο,
1327 3785 1472 3841 οὕτω
1525 3787 1590 3857 δὴ
1641 3786 1738 3839 καὶ
1787 3786 2023 3843 ἐνταῦθα
2059 3787 2306 3861 προσῆκε
2331 3785 2378 3818 ⁸⁸
2405 3785 2507 3858 τὴν
2539 3785 2712 3852 αὐτὴν
2741 3786 3066 3841 ἀκολουθίαν
3112 3789 3210 3842 καὶ
3264 3791 3554 3870 τηρεῖσθαι
3617 3790 3710 3847 καὶ

446 3885 828 3955 φυλάττεσθαι.

995 3971 1305 4027 summa:
1333 3971 1466 4040 ιιιτ.

447 4065 584 4134 Περί
614 4063 726 4132 τῆς
759 4062 878 4118 τῶν
907 4062 1520 4134 διερειξνωμένων-τὰς
1555 4061 1673 4116 τῶν
1703 4063 2026 4118 ἀποϐιούν-

892 4150 1012 4186 των
1031 4132 1222 4198 θήκας
1251 4132 1585 4198 κολάσεως,

527 4227 588 4279 Ὀ
620 4225 782 4288 αὐτὸς
808 4223 1059 4294 βασιλεὺς
1085 4221 1360 4292 Στυλιανῷ
1382 4221 1460 4292 τῷ
1484 4222 1656 4290 αὐτῷ.

521 4318 712 4371 Ἔστιν
770 4317 1130 4384 ἀσύγγνωστα
1184 4314 1295 4367 τῶν
1341 4314 1756 4385 ἁμαρτημάτων
1805 4314 1900 4367 καὶ
1947 4314 2028 4378 είς

449 4409 640 4478 ποινῆς
667 4407 934 4478 ἐπιφορὰν
957 4406 1324 4477 ἀπαραίτητα,
1348 4406 1448 4459 ὅσα
1486 4405 1654 4476 μόνην
1683 4405 1883 4459 κακίαν
1913 4406 2028 4475 ἔχει

451 4502 550 4565 τῆς
577 4500 823 4569 γνώμης,
853 4499 947 4552 καὶ
972 4499 1208 4567 φυσικῆς
1230 4497 1477 4567 ἀνάγκης
1510 4496 1804 4563 ἀπολογίας
1823 4497 1857 4566 ἡ
1887 4497 2027 4568 πρᾶ-

454 4592 534 4659 ξις
564 4591 955 4661 ὲστέρηται.“Α
987 4589 1044 4641 δὲ
1071 4589 1145 4658 μὴ
1171 4587 1434 4650 ὁλοτελῶς
1461 4589 1577 4640 ἐστι
1607 4587 1707 4655 τῆς
1739 4586 2024 4658 πονηρίας,

453 4685 566 4737 ἀλλ’
601 4683 714 4753 ἔχει
745 4683 838 4736 καί
865 4699 986 4735 τινα
1022 4681 1168 4750 μῖξιν
1199 4681 1434 4751 φυσικῆς
1469 4679 1804 4752 τυραννίδος,
1852 4677 2026 4732 ταῦτα

2585 3971 3051 4031 (ZONSTITUTIO
3078 3974 3238 4032 XCVI
3265 4017 3282 4034 .

2553 4065 2634 4120 De
2661 4065 2900 4135 sepulcro
2929 4067 3126 4123 violato
3149 4069 3287 4141 (92).

2199 4225 2343 4282 Idem
2371 4225 2668 4294 imperator
2686 4221 2862 4278 eidem
2895 4223 3164 4295 Styliano.

2203 4316 2334 4382 Quae
2363 4315 2562 4371 delicta
2623 4313 2739 4369 sola
2789 4313 2961 4366 animi
2995 4315 3239 4383 nequitia
3263 4316 3710 4376 committuntur,

2132 4409 2390 4478 nullaque
2424 4405 2662 4460 naturali
2691 4401 3020 4458 necessitate
3041 4404 3294 4457 excusari
3336 4414 3588 4473 possunt,
3625 4405 3712 4459 his

2129 4513 2309 4568 neque
2359 4495 2520 4553 venia
2582 4496 2872 4552 tribuenda
2937 4509 3116 4566 neque
3179 4495 3480 4551 inferenda:
3539 4513 3713 4567 ρωποι

2131 4587 2388 4657 eﬂitgium
2422 4585 2834 4641 concedendum
2870 4594 2974 4641 est.
3007 4586 3142 4653 Quae
3188 4600 3317 4640 vero
3348 4601 3454 4640 non
3487 4588 3714 4642 omnino

2129 4694 2158 4733 a
2184 4679 2388 4732 malitia
2415 4677 2744 4748 procedunt,
2769 4679 2865 4734 sed
2895 4678 3121 4732 mixtam
3153 4687 3364 4732 naturae
3396 4677 3710 4733 violentiam

451 4778 564 4839 τοῖς
592 4775 732 4829 κατά
775 4778 970 4847 μέτρον
998 4774 1093 4843 τῆς
1127 4775 1185 4826 ὲν
1217 4775 1282 4843 τῇ
1317 4771 1477 4842 φύσει
1507 4772 1791 4843 δυνάμεως
1819 4771 2019 4844 κρίνειν

2135 4771 2361 4837 habent,
2411 4771 2497 4826 his
2562 4771 2752 4840 utique
2781 4769 3002 4834 abillis,
3028 4769 3122 4840 qui
3158 4769 3443 4840 proposita
3479 4770 3584 4825 sibi
3617 4784 3715 4824 na-

452 4865 912 4938 προαιρουμένοις
957 4863 1288 4935 συγγνώμης
1338 4864 1438 4917 οὐκ
1491 4863 1874 4926 ἀποτεύξεται.
1939 4861 2034 4914 Ἐκ

2137 4871 2273 4917 tui-ae
2297 4863 2348 4916 vi
2373 4861 2625 4932 judicare
2657 4863 2863 4926 volent,
2892 4862 3053 4918 venia
3084 4875 3194 4916 non
3226 4860 3609 4932 denegabitur.
3635 4860 3714 4916 Ex

1720 5018 1958 5076 VARIE
1986 5017 2280 5075 LECTION
2288 5018 2391 5074 ES.

559 5169 605 5201 “
637 5168 806 5224 Codd.
839 5166 932 5220 καὶ
960 5166 1074 5220 νῦν.
1132 5167 1178 5198 ⁸⁷
1203 5165 1374 5220 Codd.
1403 5164 1738 5233 ἀναφαίνειν.
1790 5163 1866 5234 ξδ’,
1887 5161 2000 5216 Ecl.
2033 5163 2165 5234 ἔχοι.
2240 5163 2284 5196 ⁸⁸
2319 5162 2430 5217 Ecl.
2459 5162 2575 5234 καί.
2649 5160 2919 5234 "_Zu_icb.
2951 5168 3005 5213 et
3066 5159 3305 5234 Meertn.
3342 5160 3458 5234 Ecl.

457 5256 588 5301 τοις.

671 5241 711 5270 σι
745 5237 966 5292 Videtur
998 5237 1279 5303 legendum
1330 5232 1622 5299 κάκείνων,
1682 5242 1742 5287 ut
1788 5232 1946 5303 habet
1974 5232 2116 5287 unus
2165 5249 2230 5288 ex
2294 5235 2407 5289 Ecl.
2445 5233 2617 5286 Codd.

3495 5161 3713 5230 συμφὺ-

2730 5177 2919 5218 ιυιοη.
2951 5177 3005 5213 et
3066 5177 3288 5214 nleerm.
3342 5177 3458 5214 ιρι.
3495 5177 3560 5213 συ
3609 5179 3712 5230 φυ-

2711 5232 2757 5302 '7'
2785 5229 3032 5302 Seritnga
3049 5239 3104 5284 et
3156 5229 3351 5285 Zuicli.
3387 5177 3712 5302 bngptiiiep.

456 5309 503 5381 ff
529 5297 638 5364 Ecl.
672 5324 909 5360 κατασπ.
961 5307 1005 5381 ξιξ
1037 5297 1204 5381 Vulgo
1228 5306 1431 5381 ἐρήμη.
1471 5304 1582 5356 Ecl.
1610 5297 1839 5381 ’ἐρημρςτ
1905 5302 1952 5333 ⁸⁸
1969 5304 2127 5374 Agyl.
2160 5303 2362 5372 ὀφείλει
2385 5303 2627 5371 suppleri
2653 5301 2786 5356 vult.
2851 5301 2897 5332 “
2933 5297 3109 5381 vulgo
3145 5301 3435 5373 προσήκει.
3467 5297 3573 5355 Sed
3593 5297 3714 5356 cu'm

460 5379 572 5432 Ecl.
603 5381 840 5450 προσῆκε
871 5372 1216 5432 scribendum
1261 5372 1360 5428 fuit
1391 5372 1608 5446 propter
1635 5372 1896 5444 συμϐαίη.

1955 5486 2181 5544 NOT/E.

539 5591 746 5660 (89—90)
774 5589 1001 5645 Videtur
1031 5587 1443 5660 Leoignorassc
1477 5584 1647 5660 legem
1681 5585 1736 5647 9,
1769 5585 1876 5660 ᾖε,
1909 5585 1981 5660 ibi
2019 5605 2032 5640 :

461 5662 516 5714 Si
544 5656 606 5714 ex
643 5656 810 5715 fundo
846 5669 941 5713 tuo
971 5667 1155 5712 crusta
1190 5661 1339 5726 lapsa
1381 5657 1452 5709 sit
1487 5656 1540 5706 in
1577 5670 1754 5708 meum
1803 5656 2033 5711 fundum

461 5732 515 5785 ll‘.
557 5731 628 5783 De
655 5733 876 5784 damno.

530 5801 641 5870 (9|)
674 5799 733 5853 L.
769 5801 823 5866 7,
857 5801 883 5870 §
916 5799 1011 5854 ult.
1047 5799 1081 5852 Ι.
1109 5799 1162 5864 9,
1200 5796 1254 5851 tl.
1289 5795 1362 5851 De
1393 5794 1594 5849 damno
1624 5793 1809 5850 infect.

2218 5581 2327 5652 (92)
2357 5581 2425 5636 Et
2455 5582 2576 5648 ejus
2617 5581 2796 5637 delicti
2825 5597 2988 5653 pmna
3021 5583 3075 5637 in
3110 5593 3395 5653 tonsuram
3424 5593 3478 5641 et
3503 5583 3718 5642 fustua-

2145 5654 2285 5724 rium
2321 5661 2549 5715 minata,
2577 5668 2696 5706 cum
2722 5652 2851 5724 olim
2889 5652 3251 5724 criminaliter
3285 5663 3338 5709 et
3362 5656 3718 5724 pecunialiter

2146 5723 2214 5779 dc
2245 5738 2311 5778 eo
2339 5735 2612 5794 ageretur,
2651 5725 2685 5779 1.
2724 5724 2792 5789 8,⁷
2813 5721 2852 5777 l.
2890 5724 2946 5793 9,
2978 5721 3137 5780 mlle
3167 5726 3343 5796 sepul.
3364 5721 3504 5781 ’viol.
