4062 6202
413 343 517 408 615

1639 328 1912 389 LEONIS
1947 327 2402 388 PHILOSOPHI

3553 321 3654 385 616

413 461 514 513 hac
552 470 652 526 ego
678 455 888 508 ratione
933 450 1091 505 civile
1126 459 1453 514 sacrumque
1510 442 1812 505 decretum,
1862 441 1987 494 dum

2095 441 2298 512 ταύτης
2317 441 2428 511 ἐγὼ
2450 441 2548 510 τῆς
2577 439 2800 510 γνώμης
2836 441 3164 510 στοχάζομαι
3198 439 3258 492 τό
3293 455 3352 492 τε
3384 439 3657 490 πολιτικὸν

415 550 482 604 de
507 549 883 616 sepulcrorum
913 536 1414 612 perscrutatoribus
1433 541 1705 595 statuunt,
1732 531 1835 585 sibi
1861 547 1983 583 mu-

416 647 510 691 tuo
561 651 669 688 non
739 631 1112 686 contradicere
1164 624 1422 694 conjicio.
1495 620 1689 676 Civilis
1751 634 1990 688 namque

417 731 498 782 lex
521 723 755 794 (95-94),
775 722 969 774 malam
988 719 1319 771 voluntatem
1350 712 1728 768 tantummodo
1748 715 1988 776 intuens,

417 826 608 885 negata
646 827 872 882 prorsus
904 809 1086 870 venia,
1132 807 1185 860 id
1237 807 1496 861 delictum
1534 808 1689 874 punit
1719 805 1830 874 (95)
1861 819 1991 858 :sa-

411 924 502 962 cra
526 905 636 976 (96)
671 919 796 958 vero
815 901 904 970 (ad
925 907 1317 970 paupertatem,
1346 913 1468 968 quae
1496 899 1789 951 humanam
1820 897 1990 950 vitam

414 998 610 1051 misere
664 1001 842 1057 vexat,
893 1006 1147 1060 saepeque
1197 1005 1418 1059 pressos
1462 1004 1570 1042 non
1610 985 1862 1042 audenda
1891 1001 1991 1040 au-

413 1089 538 1142 dere
591 1086 758 1156 cogit,
809 1084 864 1137 ni
912 1083 1103 1145 fallor,
1165 1081 1485 1152 respiciens)
1537 1093 1752 1149 pamam
1803 1077 1857 1132 in
1900 1077 1992 1132 de-

415 1178 709 1246 prehensos
744 1189 852 1228 non
883 1173 1195 1228 constituit.

481 1355 593 1412 Nos
644 1357 830 1426 itaque
867 1355 932 1409 ad
962 1362 1252 1422 utrumque
1297 1352 1578 1407 decretum
1628 1365 1729 1406 nos
1784 1357 1994 1403 accom'

414 1448 720 1512 modanles,
752 1460 838 1510 ac,
865 1446 1044 1515 quoad
1081 1443 1194 1499 fieri
1225 1451 1424 1514 potest,
1464 1456 1682 1512 poenam
1711 1449 1878 1510 atque
1904 1455 1996 1494 ve-

414 1538 558 1590 niam
619 1536 763 1591 inter
805 1551 925 1590 sese
978 1535 1397 1603 conjungentes,
1453 1533 1756 1595 sancimus,
1782 1539 1842 1585 ut
1893 1529 1987 1601 qui

413 1629 584 1685 semel
619 1629 881 1682 duntaxat
903 1627 954 1680 id
976 1626 1096 1681 ausi
1127 1625 1353 1691 fuerint,
1397 1623 1506 1678 leni
1536 1621 1994 1692 misericordique

2093 534 2186 586 καὶ
2236 533 2380 602 ἱερὸν
2412 533 2666 604 ψήφισμα
2717 531 2852 602 πρὸς
2905 531 3211 597 ἀντιλογίαν
3236 529 3476 600 ἀλλήλων
3509 528 3654 591 ιδεῖν,

2091 624 2148 676 ὲν
2176 624 2286 692 ὅσῳ
2317 625 2443 692 περὶ
2475 623 2583 675 τῶν
2623 621 3063 691 διερευνωμένων
3091 619 3190 682 τὰς
3222 619 3330 673 τῶν
3371 617 3661 672 ἀποὸιούν-

2089 731 2198 766 των
2225 713 2393 783 θήκας
2437 711 2782 783 ψηφίζονται.
2819 712 2877 764 '0
2931 711 3030 780 μὲν
3055 711 3162 779 γὰρ
3193 710 3466 772 πολιτικὸς
3497 708 3659 777 νόμος

2092 803 2230 874 πρὸς
2261 803 2428 871 μόνην
2449 803 2546 869 τὴν
2578 801 2875 870 δύστροπον
2901 800 3294 867 ἀποσκοπήσας
3340 795 3658 867 προαίρεσιν

2090 898 2190 967 τὴν
2223 896 2481 966 τοιαύτην
2507 895 2778 966 ἁμαρτίαν
2806 895 3023 958 κολάζει
3059 891 3388 962 συγγνώμης
3429 890 3661 942 ἀποστε-

2094 989 2222 1059 ρῶν,
2249 989 2278 1040 ὁ
2309 990 2353 1042 δ’
2389 989 2530 1059 ἱερὸς
2567 985 2741 1058 (οἶμαι
2785 988 2922 1058 πρὸς
2954 986 3050 1057 τὴν
3080 983 3394 1054 διοχλοῦσαν
3421 979 3510 1048 ⁸τῷ
3561 979 3659 1049 βίῳ

2092 1081 2284 1136 πενίαν
2341 1080 2484 1144 ἰδὼν,
2548 1081 2582 1152 ἢ
2643 1081 2768 1143 τοὺς
2814 1078 3341 1150 στενοχωρουμένους
3399 1072 3660 1133 πολλάκις

2091 1172 2295 1242 τολμᾷν
2349 1172 2580 1241 προάγει
2613 1169 2917 1243 ἀτόλμητα)
2958 1170 3230 1240 τιμωρίαν
3277 1169 3392 1230 τοῖς
3439 1162 3659 1219 ἁλοῦσιν

2092 1263 2191 1316 οὐκ
2221 1264 2431 1330 ἔταξεν.

2175 1355 2366 1424 Ἢμεῖς
2392 1350 2486 1409 οὖν
2529 1353 2664 1426 πρὸς
2693 1354 2791 1425 τὴν
2829 1354 3092 1426 ἐκατέρου
3134 1351 3485 1424 ψηφίσματος
3529 1362 3661 1413 συγ·

2093 1447 2318 1516 γνώμην
2357 1447 2721 1517 ἁρμοζόμενοι
2760 1448 2857 1500 καὶ
2886 1446 3007 1500 καθ’
3041 1447 3164 1499 ὅσον
3191 1440 3303 1498 οἷόν
3329 1459 3388 1494 τε
3411 1436 3479 1510 ἦν
3507 1438 3662 1501 δίκην

2096 1536 2187 1590 καὶ
2242 1535 2571 1608 συγγνώμην
2607 1539 2686 1601 είς
2704 1536 2762 1590 ἓν
2804 1538 3183 1598 συνάπτοντες,
3225 1532 3352 1594 τοὺς
3390 1529 3487 1600 μὲν
3514 1526 3664 1590 ἅπαξ

2094 1627 2252 1680 τοῦτο
2278 1628 2652 1698 τολμήσαντας
2678 1628 3003 1698 θεσπίζομεν
3033 1622 3297 1695 εὐμενοῦς
3324 1623 3418 1676 καὶ
3455 1635 3663 1691 μακρο-

413 1720 685 1776 sententia
749 1719 1065 1772 feriantur:
1108 1716 1200 1785 qui
1257 1729 1393 1770 vero
1437 1729 1504 1768 ex
1553 1713 1845 1768 clementia
1900 1711 1987 1766 illa

2096 1719 2376 1790 θυμούσης
2401 1720 2536 1790 πρὸς
2565 1720 2626 1772 τὸ
2647 1721 3002 1790 τιμωρεῖσθαι
3026 1717 3314 1788 τυγχάνειν
3341 1715 3441 1784 τῆς
3479 1712 3662 1782 δίκης,

415 1815 609 1866 iterum
637 1809 894 1880 peccandi
927 1807 1272 1862 occasionem
1305 1805 1552 1875 rapiunt,
1581 1819 1683 1858 nec
1707 1803 1832 1858 inde
1855 1817 1987 1873 pru-

2094 1777 2218 1871 τούς
2251 1777 2392 1861 δὲ
2430 1777 2716 1879 συμπαθὲς
2759 1777 3014 1880 ἀτρορμὴν
3044 1777 3448 1877 ποιησαμένούς
3478 1777 3664 1856 δευτέ-

415 1903 690 1958 «lentiores
723 1900 853 1954 facti
889 1915 918 1953 a
945 1899 1154 1952 malitia
1183 1896 1480 1961 desistunt,
1533 1895 1701 1951 nullis
1727 1895 1984 1965 precibus

416 1993 670 2050 admissis
728 2008 942 2063 poenam
1007 1993 1338 2046 sustineant.
1397 1989 1492 2044 llla
1543 1998 1720 2043 autem
1749 1989 1803 2042 in
1832 1988 1982 2043 dorsi

420 2085 800 2140 verberatione
832 2083 1040 2153 (97-98)
1068 2082 1414 2152 criniumque
1437 2079 1548 2150 (99)
1573 2079 1826 2137 tonsione
1851 2094 1985 2135 con-

449 2177 600 2230 istet.

416 2183 600 2233 sm“.
847 2265 1312 2320 CONSTlTUTlO
1342 2264 1550 2322 XCVII.

481 2353 548 2409 Ut
575 2355 630 2409 in
664 2355 737 2425 (1)
772 2353 1312 2425 contestationelitis,
1343 2353 1834 2425 elhmagiuratuum
1872 2348 1949 2425 (2)

939 2425 1091 2476 initio
1133 2423 1347 2491 juretur
1395 2422 1492 2492 (3).

487 2515 633 2571 Idem
674 2516 978 2586 imperator
1009 2514 1188 2568 eidem
1224 2513 1496 2583 Styliano.

491 2605 731 2662 Tametsi
811 2607 934 2667 lex,
1010 2618 1129 2673 qua
1190 2603 1245 2657 in
1317 2604 1728 2672 magistratuum
1799 2603 1986 2670 initio,

419 2696 704 2766 liliumque
761 2694 1168 2749 contestatione
1223 2693 1518 2760 jurandum
1584 2693 1853 2762 praecipit,
1901 2693 1988 2748 di-

419 2787 544 2841 vino
572 2784 750 2854 jussui
812 2783 904 2852 qui
958 2782 1344 2853 jusjurandum
1397 2797 1621 2843 prorsus
1668 2781 1985 2837 evitandum

419 2875 747 2943 praescribit,
812 2875 998 2943 aliquo
1053 2873 1213 2928 modo
1257 2874 1639 2928 contradicere
1691 2873 1983 2928 videatur:

421 2977 600 3022 tamen
633 2967 679 3022 si
709 2965 832 3036 quis
868 2965 1159 3020 verborum
1185 2973 1423 3020 mentem
1474 2965 1758 3036 perspicit,
1786 2981 1895 3020 non
1931 2965 1986 3020 in

417 3059 754 3114 contrarium
793 3057 943 3113 illam
976 3065 1220 3127 rogatam
1255 3072 1400 3122 esse,
1449 3057 1543 3111 sed
1571 3072 1602 3112 e
1659 3057 1879 3112 diverso
1899 3056 1988 3126 ju-

2088 1917 2182 1969 ρον
2215 1899 2384 1969 τολμή
2395 1917 2582 1969 ματος,
2607 1900 2742 1953 ἀλλά
2770 1901 2844 1970 μὴ
2868 1899 2992 1954 νοῦν
3022 1899 3067 1931 ⁸⁷
3094 1897 3358 1958 λαϐόντας
3381 1898 3445 1948 ὲκ
3466 1893 3662 1946 τούτου

2084 1991 2163 2052 είς
2220 1989 2566 2060 ἀναχώρησιν
2642 1992 2739 2061 τῆς
2793 1991 3074 2061 πονηρίας,
3130 1991 3520 2061 ἀπαραιτήτως
3567 1985 3668 2055 τὴν

2083 2080 2353 2151 τιμωρίαν
2380 2081 2724 2150 ὑφίστασθαι.
2749 2082 2894 2153 Αὕτη
2925 2081 3143 2150 μάστιξι
3184 2084 3305 2145 ταῖς
3327 2080 3465 2136 κατά
3493 2077 3665 2134 νώτου

2086 2172 2180 2225 καὶ
2202 2172 2404 2243 τριχῶν
2447 2172 2793 2244 ὁρισθήσεται
2837 2174 3078 2245 κουρείᾳ.

2607 2259 2918 2314 ΔιΑΤΑΞιΣ
2950 2264 3040 2328 ι,Ζ’
3065 2262 3134 2316 ιο.

2089 2349 2230 2418 Περὶ
2261 2350 2646 2422 τοῦγᾴινύειν
2670 2353 2778 2405 τὸν
2797 2352 3009 2421 κριτὴν
3043 2353 3113 2405 ἐν
3157 2351 3314 2421 ἀρχιῖ
3343 2351 3454 2420 τῆς
3489 2351 3668 2422 δίκης

2296 2421 2396 2472 καί
2427 2423 2514 2487 εις
2541 2422 2604 2475 τὸ
2645 2423 2688 2454 ⁵³
2728 2422 3141 2490 προϐληθῆναι
3167 2424 3452 2492 ἄρχοντα.

2171 2511 2228 2562 ’0
2249 2512 2410 2574 αὐτὸς
2441 2511 2696 2581 βασιλεὺς
2723 2512 2994 2584 Στυλιανῷ
3023 2514 3100 2584 τῷ
3122 2515 3292 2584 αύτῷ.

2163 2605 2223 2656 ΕΞ
2267 2605 2364 2658 καὶ
2408 2605 2556 2658 δοκεῖ
2601 2623 2718 2669 πως
2752 2607 3240 2674 ὲναντιολογεῖσθαι
3286 2608 3347 2663 τὸ
3387 2607 3670 2671 παντελῶς

2087 2694 2355 2748 ἐκκλίνειν
2405 2695 2482 2765 τῷ
2505 2696 2548 2728 ⁸ο
2600 2699 2998 2768 προστάσσοντι
3051 2700 3181 2770 θείῳ
3219 2699 3553 2769 κελεύσματι
3604 2698 3668 2751 τὸ

2087 2783 2366 2854 ὀμνύναιό
2411 2787 2499 2840 ἐπ’
2532 2789 2715 2859 ἀρχῶν
2751 2790 3042 2860 προϐολαῖς
3089 2792 3182 2844 καὶ
3215 2791 3370 2860 δίκης
3412 2790 3668 2844 συστάσει

2086 2875 2288 2944 ὁρίζων
2335 2877 2561 2947 ὀμνύειν
2605 2882 2769 2952 νόμος
2817 2884 2883 2947 ⁸⁸,
2913 2883 3027 2937 ἀλλ’
3062 2886 3110 2937 εί
3146 2883 3244 2953 τὴν
3289 2882 3513 2952 γνώμην
3554 2881 3665 2934 τῶν

2087 2968 2262 3036 λόγων
2308 2987 2390 3034 τις
2419 2973 2809 3043 διασκέψαιτο,
2836 2975 2935 3029 οὐκ
2983 2977 3062 3040 είς
3114 2975 3461 3046 ἐναντιότητα
3509 2975 3665 3044 γνοίη

2087 3057 2275 3112 τοῦτον
2300 3060 2756 3134 ἀποκεκριμένον,
2794 3065 3101 3118 τούναντίον
3137 3065 3194 3119 δὲ
3221 3067 3397 3118 ἐκεῖνο
3426 3065 3665 3136 σπουδὴν

427 3149 724 3219 risjurandi
775 3149 1124 3218 susceptione
1173 3148 1316 3202 idem
1357 3147 1502 3217 quod
1548 3147 1669 3216 ejus
1734 3147 1982 3215 prohibi-

2094 3150 2418 3220 ποιούμενον
2458 3156 2864 3224 καταπράττειν
2905 3156 2994 3210 διὰ
3021 3156 3121 3226 τῆς
3159 3160 3252 3210 τοῦ
3286 3157 3449 3228 ὅρκου
3485 3173 3666 3227 παρα-

420 3243 566 3296 tione
599 3255 752 3295 sacra
785 3240 866 3295 lex
907 3239 1073 3309 (4-5),
1106 3238 1319 3293 ellicere
1370 3239 1549 3292 conati
1595 3239 1986 3307 deprehendat.

419 3335 632 3389 Etenim
681 3333 796 3387 haec
826 3333 1070 3402 quidem,
1106 3344 1218 3400 quo
1259 3330 1547 3384 mendacio
1585 3345 1815 3399 prorsus
1843 3332 1986 3383 viam

419 3426 736 3498 praecludat,
774 3426 826 3479 in
852 3426 1169 3479 universum
1230 3422 1306 3493 (6)
1337 3422 1527 3493 jurare
1577 3430 1759 3477 vetat:
1794 3423 1884 3476 illa
1910 3423 1986 3495 (7)

417 3534 567 3582 vero,
597 3518 724 3572 dum
746 3518 849 3572 hoc
869 3517 1047 3587 ipsum
1072 3516 1206 3582 vult,
1229 3515 1296 3569 ad
1314 3514 1612 3587 fugandum
1643 3515 1986 3570 mendacium

413 3607 801 3676 jusjurandum
832 3607 887 3660 in
921 3606 1183 3660 auxilium
1223 3605 1479 3660 assumit.
1514 3606 1861 3677 Quapmpter
1885 3621 1987 3660 no-

419 3698 505 3752 bis
528 3713 636 3751 non
669 3680 723 3750 in
750 3696 1040 3749 verborum
1065 3695 1318 3759 formam,
1354 3694 1449 3749 sed
1486 3697 1827 3765 propositum
1865 3696 1991 3749 illo-

419 3803 540 3841 rum
575 3787 735 3840 finem
769 3786 1128 3856 cogitationes
1157 3786 1523 3856 adigentibus,
1557 3802 1664 3840 non
1705 3786 1990 3856 aspernari

417 3876 579 3930 civile
646 3874 949 3938 decretum,
1021 3882 1278 3944 tanquam
1347 3889 1469 3928 cum
1534 3875 1719 3930 divino
1777 3885 1829 3930 et
1885 3874 1992 3928 Do-

424 3965 558 4019 mini
589 3967 762 4019 nostri
799 3966 1058 4018 mandato
1090 3975 1323 4034 pugnet:
1353 3965 1449 4021 sed
1483 3977 1740 4036 tanquam
1792 3965 1986 4020 eodem

421 4065 632 4128 vergat,
668 4057 745 4110 illi
781 4057 1047 4110 honorem
1097 4071 1425 4112 conservare
1471 4059 1647 4113 visunt
1678 4065 1784 4112 est.
1812 4056 1988 4110 Crete-

420 4149 616 4217 roquin
669 4147 831 4201 etiam
869 4148 972 4201 huc
1006 4148 1301 4213 sentimus,
1336 4148 1553 4203 Domini
1606 4149 1824 4218 jussum
1872 4162 1980 4200 non

419 4239 741 4310 simpliciter
765 4238 831 4292 ad
862 4238 1194 4294 moderanda
1247 4241 1556 4295 communis
1596 4242 1720 4293 vitae
1753 4239 1988 4306 negotia,

422 4329 516 4382 sed
542 4329 608 4382 ad
660 4328 1114 4384 constituendum
1175 4329 1421 4399 illis.qui
1458 4330 1523 4383 ad
1553 4329 1770 4382 beatam
1835 4328 1982 4380 illam

2093 3237 2329 3307 λήψεως,
2373 3240 2509 3310 ὅπερ
2536 3243 2564 3294 ὁ
2611 3240 2750 3304 θεῖος
2788 3242 3035 3312 βούλεται
3075 3244 3240 3314 νόμος
3272 3246 3331 3296 ὲν
3361 3247 3426 3315 τῇ
3459 3244 3555 3297 τοῦ
3589 3245 3666 3315 μὴ

2091 3327 2313 3396 ὀμνύειν
2333 3329 2603 3402 ἐπιτροπῇ
2641 3332 2905 3399 ὲξανύειν.
2941 3335 3052 3388 Καὶ
3083 3335 3190 3405 γὰρ
3221 3338 3250 3389 ὁ
3292 3337 3393 3405 μὲν
3422 3337 3498 3406 τῷ
3527 3337 3664 3406 ψεύ-

2091 3419 2170 3471 δει
2211 3419 2469 3486 καθάπαξ
2497 3423 2803 3477 ἀποκλείων
2826 3426 2924 3496 τὴν
2956 3427 3189 3498 πάροδον
3213 3429 3545 3499 ἀπαγορεύει
3572 3430 3666 3482 τέ-

2092 3509 2211 3562 λεον
2255 3510 2573 3581 ὀμνύεσθαι,
2600 3516 2628 3568 δ
2667 3514 2724 3568 δὲ
2763 3516 2823 3568 τὸ
2875 3517 3006 3570 αὐτὸ
3035 3518 3194 3571 τοῦτο
3231 3518 3556 3590 βουλόμενος
3583 3521 3665 3585 είς

2095 3599 2276 3664 δίωξιν
2321 3602 2550 3671 ψεύδους
2575 3604 2665 3660 τὸν
2693 3607 2855 3678 ὅρκον
2896 3609 3186 3680 σύμμαχον
3221 3612 3660 3683 παραλαμϐάνει.

2098 3693 2260 3746 Ὥστε
2311 3697 2406 3749 καὶ
2459 3700 2591 3769 ἡμῖν
2644 3703 2705 3754 ού
2756 3703 2892 3774 πρὸς
2927 3703 2989 3756 τὸ
3017 3705 3205 3774 σχῆμα
3231 3705 3341 3758 τῶν
3379 3707 3662 3778 ῥημάτων,

2098 3781 2233 3836 ἀλλά
2262 3785 2398 3854 πρὸς
2423 3788 2514 3839 τὶν
2573 3789 2890 3861 ἐγκείμενον
2928 3794 3128 3846 σκοπὸν
3171 3795 3516 3865 ἀπερείδουσι
3565 3797 3665 3866 τὴν

2097 3873 2352 3940 διάνοιαν,
2378 3876 2554 3942 ἔδοξεν
2583 3881 2680 3950 οὐχ
2716 3882 2790 3944 ὼς
2819 3884 3133 3955 μαχομένην
3163 3886 3239 3956 τῷ
3271 3887 3398 3957 θείῳ
3443 3887 3538 3940 καὶ
3564 3891 3665 3940 Δει-

2099 3965 2342 4036 σποτικῷ
2401 3970 2818 4040 παραγγέλματι
2877 3973 2976 4043 τὴν
3036 3975 3318 4047 πολιτικὴν
3374 3976 3664 4046 ἀτιμάζειν

2093 4055 2295 4124 ψῆφον,
2342 4058 2456 4110 ἀλλ’
2491 4059 2565 4122 ὡς
2615 4061 2752 4130 πρὸς
2791 4063 2852 4114 τὸ
2879 4064 3011 4116 αὐτὸ
3054 4065 3326 4135 φερούσης
3377 4069 3664 4136 συντηρεῖν

2093 4149 2264 4219 αὐτῆς
2299 4153 2342 4182 ⁶¹
2371 4150 2470 4221 τὴν
2493 4157 2678 4222 τιμήν.
2718 4153 2924 4218 Ἄλλως
2957 4173 3016 4207 τε
3039 4157 3092 4209 δὲ
3124 4157 3215 4210 καὶ
3245 4157 3402 4210 τοῦτο
3432 4157 3661 4211 συνείδοο

2095 4256 2214 4308 μεν,
2254 4240 2329 4301 ὡς
2365 4240 2426 4293 τὸ
2471 4243 2796 4297 Δεσποτικὸν
2847 4247 3278 4318 παρακέλευσμα
3327 4249 3424 4318 οὐχ
3476 4247 3664 4312 ἁπλῶς

2092 4331 2209 4383 οὐδὲ
2259 4331 2393 4401 πρὸς
2429 4333 2696 4403 βιωτικῶν
2727 4338 3068 4407 πραγμάτων
3094 4339 3355 4410 ἐξηνέχθη
3390 4339 3664 4393 κατάστα-

421 4420 804 4475 sublimitatem
831 4419 1124 4476 ascendere
1154 4420 1488 4484 desiderant,
1521 4421 1576 4476 in
1610 4420 1987 4490 perfectiorem

2097 4439 2202 4482 σιν,
2256 4423 2392 4476 ἀλλὰ
2442 4424 2579 4494 πρὸς
2625 4425 2970 4498 τελειοτέρας
3006 4430 3282 4494 πολιτείας
3314 4434 3426 4494 τοῖς
3451 4431 3660 4486 ἀνιέναι

1703 4578 1935 4632 VARI/E
1959 4577 2366 4635 LECTIONES.

504 4698 546 4729 ⁸⁷
580 4697 778 4769 (Ζοιιιιζ
804 4697 1080 4769 μήν’-οὗν.
1124 4695 1463 4769 ΔΕιηεξιιάεινίε
1518 4697 1703 4769 Steph.
1750 4698 1828 4769 ῌ⁸⁸
1861 4697 1972 4769 μοι,
2023 4697 2159 4769 NOV.
2193 4699 2282 4754 45.
2343 4700 2386 4732 ⁵⁸
2417 4699 2579 4757 Forte
2634 4707 2690 4757 ἐν
2731 4706 2823 4769 τῷ.
2893 4710 2936 4746 ⁸⁸³
2963 4708 3152 4766 Melius
3185 4711 3260 4769 τῷ
3299 4728 3457 4765 παντ.
3504 4711 3654 4766 ἐκκλ-

421 4779 610 4838 προστ.
665 4771 702 4798 ⁶¹
739 4761 906 4821 Nm.
937 4765 1230 4822 Iustiniani
1267 4765 1321 4826 8,
1352 4780 1399 4817 c.
1434 4764 1537 4818 7et
1570 4761 1639 4818 49
1667 4781 1712 4816 c.
1748 4767 1799 4820 5.
1854 4767 1896 4796 ⁶¹
1925 4767 2095 4820 Codd.
2125 4771 2312 4838 αὑτήν.
2347 4771 2500 4840 Agyl,
2536 4774 2694 4844 αὐτῇ,
2777 4761 2786 4775 ·
3198 4761 3204 4762 γ
3233 4763 3243 4780 .

1913 4903 2138 4961 NOTAE.

497 5015 706 5084 (93-94)
735 5015 795 5069 L.
826 5017 880 5078 8,
904 5016 940 5068 l.
974 5016 1027 5075 9.
1058 5012 1112 5067 fl.
1140 5013 1212 5067 De
1242 5028 1355 5082 sep.
1379 5013 1524 5084 viol.

487 5083 1022 5161 (95)__Criminali}er
1085 5090 1169 5161 e_t_
1197 5083 1511 5161 pecuniaria
1551 5097 1738 5161 poena,
1771 5083 1828 5138 d.
1860 5085 1895 5161 l_.
1924 5086 1979 5149 9,

424 5152 901 5212 Ph‘otINomocan.
923 5153 1014 5217 27,
1035 5152 1193 5217 etl3,
1226 5167 1275 5206 c.
1307 5153 1397 5216 ‘23.
1426 5155 1515 5208 ubi
1548 5152 1833 5209 Balsamon
1879 5155 1982 5210 hu-

417 5229 508 5295 jus
537 5224 942 5282 constitutionis
963 5223 1294 5295 mentionegm
1327 5222 1476 5278 facit.

493 5299 604 5364 (96)
634 5295 754 5349 Vid.
781 5295 998 5364 Petrum
1033 5291 1194 5364 Creg.
1227 5293 1317 5358 '55,
1352 5303 1499 5364 synt.
1526 5293 1611 5354 l4.
1651 5294 1739 5358 15,
1783 5295 1869 5348 16.

488 5363 703 5434 (97-98)
734 5363 978 5434 Sepulcri
993 5363 1224 5434 violator
1250 5379 1345 5433 per
1375 5363 1699 5419 fustuariqu
1720 5375 1773 5418 et
1797 5376 1986 5419 tonsu-

423 5431 538 5488 ram
573 5431 822 5504 punitur,
856 5442 929 5504 ut)
952 5432 1060 5504 hic,
1089 5431 1392 5504 Balsamon
1432 5435 1518 5497 15,
1553 5434 1849 5489 Nomoean.
1893 5435 1983 5496 25.

423 5502 590 5557 Basili
616 5506 779 5574 epist.
817 5502 882 5557 ad
906 5502 1211 5574 Agmphjloc.
1240 5503 1327 5566 66,
1357 5504 1608 5558 undecim
1635 5507 1792 5557 annis
1810 5506 1986 5572 privat

420 5570 808 5645 communione
842 5593 854 5626 :
894 5571 1052 5645 adde]
1075 5570 1379 5645 Nyssen_um
1410 5576 1568 5643 epist.
1615 5576 1678 5627 ad
1733 5570 1984 5645 Lytoium

422 5644 734 5713 episcopum
769 5643 1072 5713 Mitylenes,
1101 5658 1162 5713 (ξ.
1185 5641 1239 5704 6,
1270 5642 1322 5703 7,
1349 5646 1400 5696 8.

493 5712 606 5785 (99)
636 5713 742 5766 Καὶ
756 5711 956 5784 τριχῶν
985 5711 1332 5781 ὁρισθήσεται
1355 5712 1577 5782 κουρείᾳ
1597 5753 1610 5777 ,
1675 5712 1810 5768 addc
1849 5712 1983 5767 Nov.

2084 5020 2174 5076 96.
2209 5035 2371 5090 supra
2399 5021 2522 5074 eod.
2549 5029 2603 5076 et
2643 5021 2764 5085 105,
2801 5023 2941 5079 infra
2972 5027 3094 5080 eod.

2158 5089 2235 5158 (1)
2281 5089 2369 5170 ‘E_v
2398 5090 2539 5172 ἀρχῇ
2565 5091 2662 5172 τῆς
2692 5092 2869 5172 δίκη-ς,
2894 5096 3080 5172 eadem
3129 5106 3306 5172 vocat,
3368 5099 3524 5172 δίκης
3553 5105 3649 5156 σύ-

2089 5176 2302 5222 στασιν,
2335 5159 2481 5212 infra
2499 5159 2627 5213 eoa.
2667 5162 2777 5214 vid.
2805 5159 2940 5216 Nov.
2978 5166 3063 5227 49,
3101 5181 3150 5219 c.
3175 5168 3227 5220 5.

2158 5228 2377 5349 (02(20ch
2418 5231 2496 5292 εξς
2530 5229 2591 5282 τὸ
2636 5231 3029 5303 προϐληθῆναι,
3059 5236 3140 5290 sic
3175 5238 3316 5292 infra
3357 5240 3444 5294 ἐπ’
3471 5241 3654 5311 ἀρχῶν

2087 5315 2377 5360 προοολης.

2165 5315 2226 5349 Ου
2261 5315 2288 5349 Λ
2335 5317 2377 5352 ⁸.

2134 5315 2256 5450 ρῶῖ
2379 5369 2450 5450 ita
2481 5381 2840 5450 conservatur
2865 5372 3059 5450 titulus
3082 5374 3403 5450 codicisde
3431 5378 3652 5450 jureju-

2091 5439 2270 5510 rando
2293 5448 2512 5510 propter
2537 5440 2886 5508 calumniam,
2913 5443 3047 5499 Nov.
3105 5446 3195 5510 49,
3226 5462 3275 5501 c.
3311 5448 3363 5502 3.

2149 5499 2304 5574 (1-5)
2326 5499 2516 5562 Matth.
2546 5524 2598 5574 v,
2627 5524 2676 5564 v.
2708 5511 2796 5566 54.

2160 5576 2235 5641 (6)
2268 5576 2399 5630 Ibid.

2156 5648 2232 5713 (7)
2257 5645 2443 5703 Civilis
2467 5663 2545 5702 sc.
