4062 6202
392 305 496 365 617

1498 301 1861 364 ΝονΕιιΑῑ
1894 299 2564 361 CONSTITUTlONES.

3524 306 3635 367 618

393 409 531 480 πρὸς
562 408 624 461 τὸ
656 406 925 480 μακάριον
962 408 1141 460 ἐκεῖνο
1174 405 1306 476 ῦψος
1360 406 1619 461 ποθοῦσιν
1671 406 1959 468 ἀνάϐασιν,

2069 404 2459 476 rempublicam
2518 404 2748 475 gradum
2802 419 2926 461 esse
2985 407 3409 477 promulgatum.
3466 410 3637 481 Cujus

389 500 585 571 ὥσπερ
616 500 712 553 καὶ
754 501 821 555 τά
862 500 1018 561 ἄλλα,
1070 495 1183 554 οἷον
1224 499 1421 567 τδ,Μὴ
1455 496 1862 568 μεριμνήσητε
1888 495 1961 565 τῇ

391 590 565 660 ψυχῇ
594 591 655 645 τί
672 590 900 660 φάγητε
920 606 933 620 °
954 591 1072 657 καὶ,
1091 590 1190 660 Μὴ
1220 589 1601 659 θησαυρίζετε
1621 586 1963 657 θησαυροὺς

391 682 491 737 ἐπὶ
508 682 617 752 τῆς
651 682 787 752 γῆς,
820 684 914 736 καὶ
949 682 1051 737 ὅσα
1068 681 1405 753 δμοδύναμα.
1444 680 1630 734 Ταῦτα
1654 678 1765 749 γάρ
1785 679 1879 732 καὶ
1893 677 1963 730 τὰ

390 772 615 827 τοιαῦτα
658 774 1064 845 ἀφωρισμένοις
1104 775 1218 838 τοῖς
1268 772 1631 845 τελειοτέροις
1667 768 1825 840 φέρει
1861 768 1962 839 τὴν

459 858 638 930 ώμην.

390 877 809 1000 “Kranz-10510
864 945 930 1016 δὴ
1000 944 1098 1017 τὴν
1148 945 1302 1017 ἰσχὺν
1349 944 1558 999 οἰκείαν
1580 944 1628 976 ⁸⁸
1663 942 1957 1013 ἀμείωτον,

387 1034 578 1105 ὥσπερ
603 1034 762 1105 ἔφην,
792 1035 871 1107 τῷ
904 1034 1096 1107 πολίτῃ
1120 1036 1164 1069 ⁸³
1180 1034 1569 1106 συντηροῦντες
1594 1033 1744 1105 νόμῳ
1777 1031 1965 1086 θεσπίο

391 1127 557 1198 ζομεν
590 1128 685 1181 καὶ
711 1129 892 1198 ἡμεῖς,
930 1128 1059 1188 τούς
1089 1143 1150 1181 τε
1176 1127 1617 1198 καθισταμένους
1672 1125 1755 1189 εἰς
1784 1125 1962 1195 ἀρχῆς

390 1219 664 1290 προϐολὴν
721 1220 818 1272 καὶ
864 1219 945 1282 εἰς
997 1219 1178 1289 κρίσιν
1216 1216 1733 1289 ἀμφισϐητουμένου
1779 1215 1962 1285 πράγ-

391 1328 563 1381 ματος
589 1310 855 1368 εἰσιόντας
878 1310 945 1363 δι’
979 1311 1160 1382 ὅρκων
1198 1309 1546 1374 πιστοῦσθαι,
1576 1308 1654 1371 ὡς
1712 1306 1775 1360 τὸ
1820 1306 1958 1376 ἀλη-

390 1403 481 1465 θὲς
520 1401 627 1472 πρὸ
654 1401 748 1453 τοῦ
781 1400 1009 1470 ψεύδους
1066 1402 1382 1472 τιμήσουσι,
1438 1400 1533 1455 καὶ
1558 1398 1813 1470 οὐδαμῶς
1864 1399 1963 1467 τῆς

389 1491 605 1555 εὐθείας
638 1492 1007 1561 ἐκτραπέντες
1040 1492 1136 1545 ἐπὶ
1184 1491 1283 1563 τὴν
1334 1490 1557 1546 σκολιὰν
1585 1491 1685 1563 τῆς
1745 1489 1962 1558 ἀπάτης

388 1578 575 1649 τρίϐον
598 1580 967 1651 χωρήσουσιν.

907 1689 1206 1747 suum
1259 1689 1359 1759 ιιιισ
1382 1690 1449 1746 ιο.

567 1799 707 1870 Περὶ
726 1799 833 1855 τοῦ
862 1800 949 1870 μὴ
996 1802 1331 1870 εὐνούχους
1361 1797 1796 1870 ἐγγαμιζεσθαι.

472 1915 533 1967 Ὅ
558 1915 719 1980 αὐτὸς
749 1913 1002 1984 βασιλεὺς
1030 1913 1304 1984 Στυλιανῷ
1338 1912 1415 1984 τῷ
1444 1912 1616 1983 αὐτῷ.

471 2006 538 2060 Ἦ
559 2006 666 2059 τῶν
689 2009 873 2075 νόμων
900 2006 1117 2073 γένεσις
1156 2006 1250 2059 καὶ
1302 2006 1641 2061 κατάστασιν
1667 2006 1768 2077 τῆς
1811 2006 1965 2060 πολι-

390 2095 542 2158 τείας
574 2093 775 2148 σκοπὸν
803 2092 1166 2147 ὑποϐάλλεται
1184 2093 1227 2124 ⁸⁷
1291 2094 1387 2146 καὶ
1413 2094 1458 2126 ⁸⁸
1489 2096 1556 2165 τῇ
1602 2093 1763 2162 φύσει
1793 2095 1966 2147 ἐνίοτε

391 2184 721 2255 ἀδικουμένῃ
761 2183 977 2254 βοηθεῖν
1024 2183 1446 2252 ἐπαγγέλλεται.
1496 2184 1707 2238 Οὐκοῦν
1758 2184 1968 2240 δίκαιον

390 2276 489 2329 καὶ
517 2274 612 2328 νῦν
633 2276 762 2346 περὶ
787 2274 886 2345 τῆς
917 2273 1261 2345 ζητουμένης
1289 2273 1600 2339 ὑποθέσεως
1624 2276 1679 2347 (η
1711 2275 1769 2328 δέ
1794 2277 1965 2344 ἐστιν,

392 2367 445 2419 εἰ
475 2365 687 2430 Ξξεστιν
722 2365 1001 2435 εὐνούχοις
1040 2365 1179 2436 πρὸς
1208 2366 1390 2436 γάμον
1435 2364 1830 2435 συνάπτεσθαι)
1884 2366 1969 2419 νό-

395 2473 496 2527 μον
510 2457 694 2525 τυχεῖν
722 2454 1008 2524 γενέσεως.
1057 2454 1220 2508 Ἀλλά
1247 2455 1353 2525 πρὸ
1378 2454 1482 2524 τῆς
1510 2455 1604 2508 τοῦ
1654 2456 1821 2526 νόμου
1872 2458 1967 2510 ὲκ-

393 2546 595 2610 θέσεως
616 2546 766 2612 ἀξιον
789 2546 926 2616 πρὸς
964 2545 1213 2612 ἐξέτασιν
1253 2547 1595 2617 καταστῆναι
1642 2546 1741 2601 τοῦ
1781 2548 1964 2618 πράγ-

395 2655 586 2709 ματος,
620 2640 713 2691 καὶ
745 2638 998 2702 συνιδεῖν,
1029 2639 1079 2691 εἰ
1112 2638 1337 2692 δυνατὸν
1382 2640 1484 2711 τὴν
1528 2641 1787 2711 τοιαύτην
1842 2658 1967 2694 συν-

398 2730 597 2799 άφειαν
617 2729 985 2801 ἀποφέρεσθαι
1014 2730 1193 2801 γάμου
1217 2731 1429 2801 κλῆσιν,
1446 2731 1644 2800 μᾶλλον
1671 2732 1728 2786 δὲ
1758 2733 1807 2786 εἰ
1831 2733 1967 2797 ὅλως

391 2822 481 2874 ἀπ’
503 2820 640 2891 αὐτῇ
671 2820 826 2891 θέμις
845 2820 1142 2885 τελεῖσθαι,
1175 2820 1213 2875 ἀ
1238 2820 1316 2890 τῷ
1346 2822 1511 2892 γάμῳ
1531 2822 1795 2887 τελεῖται,
1851 2817 1967 2876 οἷον

390 2912 559 2984 αὐχὴν
594 2913 744 2983 ἱερὰν
796 2912 830 2984 ἢ
873 2912 1095 2983 τελετὴν
1125 2912 1159 2983 ἢ
1190 2912 1540 2985 ἀνθρωπίνην
1594 2911 1716 2966 τινὰ
1772 2912 1966 2982 τέρψιν

390 3008 488 3061 καὶ
534 3005 821 3077 θυμηδίαν,
870 3005 967 3059 καὶ⁹
1007 3005 1109 3058 ὅσα
1157 3005 1250 3075 ἐπὶ
1297 3004 1566 3075 μνηστείᾳ
1630 3003 1866 3072 γίνεται.
1909 3004 1966 3055 '0

1992 1767 2039 1826 Β

2064 507 2199 549 sane
2214 493 2433 564 generis
2456 493 2720 548 nonnulla
2744 494 2910 549 etiam
2929 493 3035 548 alia
3057 505 3208 561 sunt,
3227 507 3286 552 ut
3313 499 3590 574 boc:(8«9)
3618 518 3634 554 :

2066 581 2149 636 Ne
2177 584 2399 638 solliciti
2418 584 2537 638 sitis
2564 584 2759 638 animo:
2784 592 2989 649 vestrm,
3014 585 3140 654 quid
3169 588 3526 655 inanducetis,
3558 603 3635 656 et,

2067 671 2150 728 Ne
2181 675 2457 743 reponatis’
2486 676 2762 730 thesauros
2802 675 2861 728 in
2901 684 3066 743 terra,
3102 684 3235 743 etc.,
3283 694 3407 749 quae
3443 681 3634 736 eodem

2064 764 2213 820 dicta
2244 774 2393 820 sunt.
2426 764 2551 820 Haec
2571 767 2718 822 enim
2751 775 2807 822 et
2834 766 3036 822 similia
3065 782 3313 824 seorsum
3350 770 3636 838 perfectio-

2065 856 2220 912 ribus
2246 857 2671 913 demandantur.

2149 945 2224 1000 Ea
2255 957 2479 1018 propter
2514 962 2618 1021 nos
2647 948 2797 1003 civili
2847 950 2950 1021 legi
2985 964 3143 1006 suam
3183 950 3292 1005 vim
3337 949 3638 1021 (quomodo

2065 1034 2328 1106 diximus)
2381 1037 2725 1093 imminutam
2779 1048 3196 1104 conservantes,
3252 1041 3537 1097 sancimus
3578 1056 3638 1097 ut

2064 1127 2158 1197 qui
2188 1128 2571 1200 magistratum
2599 1131 2812 1198 ineunt,
2828 1132 3051 1188 litemve
3082 1141 3468 1187 contestantur
3500 1135 3637 1207 (l0),

2065 1218 2411 1273 severitatem
2460 1222 2751 1277 mendacio
2804 1224 3145 1292 praelaturos,
3193 1239 3298 1277 nec
3328 1224 3441 1278 ullo
3474 1226 3638 1280 modo

2064 1314 2213 1361 recta
2242 1307 2333 1362 via
2366 1307 2661 1375 declinata,
2706 1309 2761 1363 in
2796 1310 3077 1378 obliquam
3112 1309 3326 1365 fraudis
3378 1312 3629 1367 semitam

2064 1410 2453 1466 concessuros,
2478 1398 2847 1471 jurejurando
2878 1398 3173 1455 alIirment.

2483 1688 2950 1749 CONSTITUTIO
2981 1692 3216 1751 XCVIII.

2244 1800 2320 1858 De
2340 1817 2491 1871 paena
2529 1804 2907 1865 cunuchorum.
2938 1805 2986 1859 si
3007 1820 3199 1860 uxores
3243 1803 3464 1859 ducant.

2138 1914 2279 1971 Idem
2303 1915 2604 1985 imperator
2627 1917 2804 1973 eidem
2832 1916 3100 1990 Styliano.
3672 1974 3675 1975 ν

2138 2005 2341 2078 Legum
2366 2015 2542 2073 ortus,
2582 2016 2696 2061 tum
2737 2017 2796 2062 ut
2828 2009 3110 2078 republica
3136 2016 3284 2065 recte
3334 2009 3639 2065 constitua-

2067 2105 2179 2161 tur,
2219 2098 2369 2154 hunc
2427 2098 2531 2154 sibi
2572 2100 2733 2153 linem
2764 2100 3043 2170 preponit,
3087 2110 3200 2155 tum
3237 2100 3512 2154 interdum
3538 2115 3639 2155 na-

2067 2197 2206 2244 turae
2238 2188 2442 2259 injuria
2487 2188 2697 2245 affecta:
2750 2191 3020 2244 auxilium
3071 2189 3252 2244 offert.
3286 2188 3501 2245 Justum
3558 2201 3639 2245 est

2065 2296 2217 2351 ergo,
2250 2272 2310 2336 ut
2333 2295 2481 2337 nunc
2538 2282 2705 2336 etiam
2739 2281 2808 2338 de
2837 2283 2943 2336 hac
2975 2282 3183 2352 specie,
3224 2296 3296 2338 an
3357 2282 3639 2341 eunuchos

2067 2369 2124 2424 in
2157 2371 2571 2426 matrimonium
2618 2371 2882 2442 conjungi
2940 2372 3123 2437 liceat,
3177 2371 3231 2425 in
3282 2371 3638 2441 qumstionem

2067 2460 2253 2528 ducta,
2285 2460 2372 2516 lex
2395 2448 2711 2517 enascaiur.
2739 2461 2846 2516 Sed
2903 2461 3224 2532 priusquam
3290 2461 3380 2515 illa
3437 2474 3636 2530 prope.

2067 2556 2255 2613 natur,
2287 2565 2401 2605 rem
2422 2552 2759 2616 examinare,
2787 2561 2842 2605 et
2879 2567 2948 2604 an
2973 2548 3289 2605 istiusmodi
3327 2548 3640 2619 coniunctio

2068 2640 2478 2695 matrimonium
2506 2641 2769 2711 appellari
2804 2641 3004 2710 possit,
3040 2641 3152 2695 imo
3183 2655 3251 2694 an
3282 2641 3506 2695 omnino
3522 2655 3640 2710 qua

2067 2728 2121 2783 in
2153 2728 2505 2783 matrimonio
2556 2737 2897 2799 peraguntur
2935 2728 3106 2798 (quas
3147 2736 3277 2785 sunt
3331 2736 3501 2784 sacrae
3531 2727 3641 2799 (ll)

2066 2833 2279 2890 preces,
2306 2818 2666 2884 sacriﬁcium,
2694 2821 2936 2874 carnalis
2956 2820 3255 2874 oblectatio
3284 2834 3350 2895 ac
3373 2820 3641 2889 voluptas,

2065 2918 2120 2964 et
2147 2924 2489 2980 quaecunque
2532 2908 2588 2962 in
2616 2909 2971 2962 matrimonio
3024 2908 3208 2977 ﬁunt),
3233 2907 3315 2962 l'as
3348 2910 3422 2962 sit
3459 2909 3515 2963 in
3550 2911 3639 2963 illa

2067 3000 2279 3070 perlici.
2346 2999 2616 3055 Sacerdos
2685 3000 2849 3069 igitur
2923 2998 2991 3052 ad
3051 2999 3408 3054 imitationem
3474 3000 3640 3055 coele-

395 3096 495 3169 μὲν
519 3097 628 3169 γάρ
661 3097 838 3168 ἱερεὺς
871 3095 1015 3150 κατά
1045 3094 1278 3166 μίμησιν
1298 3096 1396 3165 τῆς
1428 3094 1636 3149 ἀνωθεν
1671 3096 1825 3166 παρὰ
1867 3094 1962 3148 τοῦ

2069 3090 2217 3146 stisa
2253 3090 2543 3145 conditore
2568 3092 2868 3161 (quisexus
2885 3089 2953 3143 ad
2986 3090 3198 3159 (1243)
3229 3090 3639 3159 multiplicatio-

392 3191 696 3253 πλάσαντος
727 3189 986 3258 εὐλογίας
1006 3188 1102 3243 τοῦ
1128 3189 1267 3261 πρὸς
1293 3187 1525 3260 αὔξησιν
1558 3187 1627 3242 τά
1676 3188 1808 3259 γένη
1836 3205 1963 3242 συν-

390 3281 729 3353 αρμόσαντος
761 3279 990 3349 ἕστηκεν
1043 3279 1351 3350 ἰερολογῶν,
1378 3280 1413 3350 ή
1462 3278 1521 3333 δὲ
1545 3278 1603 3345 ἐξ
1660 3277 1965 3349 ἀνθρώπων

390 3370 662 3442 προϊοῦσα
698 3369 937 3441 θυμηδία
964 3368 1058 3423 καὶ
1084 3370 1409 3439 ἀγαλλίασις
1462 3371 1601 3441 πρὸς
1625 3370 1686 3424 τὸ
1708 3370 1809 3439 τῆς
1838 3387 1963 3439 γεν-

392 3458 586 3530 αρχίας
611 3459 660 3492 ⁶⁹
684 3457 837 3521 τέλος
889 3457 1148 3528 ἀφορῶσα
1191 3457 1284 3511 καὶ
1324 3456 1418 3510 τοῦ
1480 3457 1671 3525 γένους
1727 3459 1961 3511 ἑκάστου

391 3550 493 3621 τὴν
514 3549 751 3621 βλάστην
769 3549 812 3580 ⁷⁸
829 3547 1097 3619 λαμϐάνει
1118 3548 1219 3619 τὴν
1246 3547 1472 3616 πρόοδον
1489 3564 1504 3578 ·
1544 3547 1598 3600 οἵ
1626 3564 1686 3600 τε
1711 3546 1821 3617 γὰρ
1851 3548 1962 3601 τῶν

393 3643 646 3713 νυμφίων
681 3642 1025 3713 γεννήτορες,
1064 3641 1122 3694 έν
1181 3639 1392 3693 ἐλπίσιν
1445 3638 1599 3702 ὅντες
1655 3639 1749 3693 τοῦ
1805 3640 1968 3711 γονὴν

395 3731 698 3803 ιπόψεσθαι
717 3732 826 3785 τῶν
854 3732 1073 3786 οἰκείων
1107 3731 1452 3799 σπλάγχνων,
1488 3730 1624 3782 οἵτε
1663 3747 1966 3800 νυμφαγω-

393 3822 655 3893 γούμενοι
685 3822 781 3876 τοῦ
836 3821 1019 3877 δοῦναι
1048 3821 1129 3893 τῷ
1178 3821 1277 3892 βίῳ
1313 3821 1503 3890 γένους
1544 3821 1815 3893 διαδοχὴν,
1866 3822 1967 3891 τῆς

395 3908 831 3983 περισταζούσης
864 3909 1062 3973 αὐτοὺς
1111 3907 1478 3967 ἀπολαύουσιν
1529 3907 1745 3980 ἡδονῆς.
1780 3900 1850 3979 ’ᾯ
1907 3907 1966 3962 δὲ

2072 3196 2193 3235 nem
2209 3180 2507 3252 copulavit)
2534 3182 2891 3251 pronuntiare
2929 3180 3341 3236 benedictionis
3370 3180 3487 3252 (ll)
3519 3196 3640 3236 ver-

2071 3271 2139 3326 ba
2167 3284 2326 3326 sacra
2353 3271 2574 3325 edatur.
2606 3270 2843 3325 Humani
2880 3277 3064 3325 autem
3114 3268 3320 3339 ingenii
3384 3269 3640 3339 voluptas

2069 3372 2125 3419 et
2159 3364 2349 3419 laetitia
2383 3364 2449 3419 ad
2484 3364 2727 3434 geniales
2786 3363 3126 3433 complexus,
3150 3373 3205 3418 et
3254 3362 3367 3434 (15)
3431 3363 3638 3418 utrius-

2070 3470 2178 3525 que
2222 3471 2387 3511 sexus
2455 3455 2625 3509 letum
2678 3454 3022 3524 respiciens,
3079 3470 3435 3525 progressum
3486 3456 3640 3510 facit.

2071 3547 2409 3617 Sponsorum
2468 3546 2614 3601 enim
2679 3555 2971 3616 parentes,
3044 3547 3171 3602 dum
3236 3562 3296 3603 se
3370 3549 3641 3604 viscerum

2071 3651 2296 3691 suorum
2342 3637 2563 3692 visuros
2624 3636 2827 3701 fetum,
2860 3644 2917 3692 et
2958 3638 3147 3709 sponsi
3190 3638 3330 3708 ipsi,
3393 3638 3523 3692 dum
3582 3654 3640 3693 se

2068 3725 2126 3780 in
2182 3724 2364 3779 lucem
2412 3725 2658 3782 edituros
2704 3726 2922 3798 generis
2979 3741 3332 3783 successores
3388 3736 3633 3797 sperant,

2069 3815 2359 3886 multiplici
2391 3817 2671 3887 voluptate
2698 3817 3125 3888 perfunduntur.
3147 3820 3218 3874 At
3251 3820 3344 3874 hic
3376 3820 3512 3874 nihil
3533 3821 3642 3877 tale

2068 3905 2280 3963 subest.
2299 3905 2473 3975 Quale
2488 3908 2632 3964 enim
2660 3924 2784 3965 cum
2812 3910 3092 3968 oblatione
3111 3911 3187 3967 illi
3208 3911 3412 3983 (l6—l7)
3442 3926 3639 3970 conve—
3668 3988 3671 3991 _

1679 4108 1917 4166 VARUS
1957 4108 2365 4168 LECTIONES.

461 4275 511 4312 ⁸³
538 4276 654 4354 Inc.
695 4276 930 4354 Ecloga._
976 4279 1023 4311 “
1054 4277 1166 4354 Ep].
1194 4278 1299 4354 τὴν
1327 4279 1537 4354 οἰκείαν
1574 4278 1747 4354 ἰσχύν.
1805 4279 1853 4313 ⁸³
1882 4278 2089 4354 Steph.
2112 4280 2573 4354 conj.__no_ltrtxip.
2610 4281 2717 4339 Sed
2750 4289 2806 4338 et
2840 4281 2957 4354 Ecl.
2976 4281 3181 4354 πολίτῃ,
3202 4282 3383 4354 liabet.
3462 4282 3507 4313 “
3526 4280 3640 4354 EcL

400 4344 535 4421 ῌον.
564 4349 657 4421 ιβ.
740 4344 1046 4421 ‘Y_S_cri_mg.
1074 4344 1426 4421 dno6._,'quod
1448 4349 1503 4404 in
1536 4344 1697 4421 προϐ.
1726 4344 2031 4421 mutaverat
2062 4344 2480 4421 AgleVeriora
2513 4344 2879 4420 praestiterunt
2907 4352 3093 4407 Zuich.
3127 4344 3443 4421 ei_Meerm.
3498 4350 3549 4421 A“
3570 4351 3642 4404 li-

396 4417 518 4473 detn
548 4418 671 4491 κάν.
762 4418 806 4452 ⁶⁹
842 4417 1018 4490 Vulgo
1051 4417 1345 4490 γεωργίας.
1394 4417 1633 4490 Reposui
1682 4420 1999 4491 γεναρχίας.

396 4488 843 4544 emendaverunt.

2078 4418 2322 4491 "Vulgo
2350 4418 2588 4491 ἑκάστην
2620 4422 2720 4495 τὴν
2747 4421 2971 4494 βλάϐην,
3000 4419 3153 4493 quod
3181 4418 3370 4490 διθριι-
3404 4428 3460 4475 ει
3483 4419 3638 4489 AS)"-

1940 4642 2175 4701 NOTAE.

469 4784 638 4858 (δέω.
650 4783 843 4858 Matth.
872 4799 1031 4858 vt,_v.
1055 4784 1148 4858 25.

459 4852 574 4939 ('10)
597 4852 913 4939 Cujacnadi
951 4852 1086 4939 ltiov.
1113 4852 1331 4939 IJnsti'n.
1359 4855 1449 4921 47,
1497 4854 1704 4939 colligit
1743 4870 1808 4909 ex
1836 4853 1957 4939 ihoc

394 4923 520 4982 loco
552 4923 935 4994 iuramentnm
954 4923 1021 4979 de
1045 4924 1319 4978 calumnia
1350 4940 1459 4978 non
1486 4940 1609 4979 esse
1625 4923 1692 4978 de
1709 4938 1961 4993 quacun-

1989 4788 2033 4843 ι)
2064 4785 2247 4856 modo,
2279 4784 2388 4840 ulla
2421 4785 2474 4840 in
2506 4799 2673 4842 causa
2698 4785 2909 4856 iurare.
2946 4785 3045 4841 Hic
3072 4786 3214 4841 adde
3240 4786 3277 4839 Ι.
3306 4786 3357 4852 l,
3385 4786 3422 4840 Ι.
3478 4787 3535 4853 2,
3569 4789 3635 4843 C.

2064 4854 2460 4924 Dejurament.
2496 4854 2735 4910 calumti.
2787 4856 2846 4911 In
2873 4856 3255 4925 spiritualibus
3275 4856 3343 4910 de
3362 4856 3637 4912 calumnia

2056 4925 2236 4997 iurari
2299 4941 2433 4997 non,
2463 4926 2583 4981 vult
2636 4927 2914 4996 Eugenius
2947 4940 2998 4981 c.
3044 4926 3098 4978 2.
3135 4934 3279 4982 extr.
3318 4926 3395 4981 De
3429 4926 3635 4997 juram.

437 5011 507 5051 ne
536 4992 617 5059 re,
670 4993 768 5048 sed
819 4992 886 5047 de
925 4992 1103 5047 litium
1161 4994 1564 5049 contestatione
1612 4992 1855 5053 tantum,
1905 5000 1963 5045 et
2060 4992 2304 5049 calumn.
2338 4995 2464 5050 in6.

437 5066 519 5120 ari
542 5064 597 5118 in
627 5064 814 5118 causis
852 5062 1106 5117 civilibus
1133 5069 1367 5128 tantum,
1404 5078 1512 5116 non
1564 5063 1621 5115 in
1654 5062 1960 5115 criminali-

2128 5063 2243 5133 (li)
2291 5061 2418 5119 Οἷον
2446 5065 2614 5137 εύχὴν
2645 5063 2852 5134 ίεράνῆ
2896 5062 3123 5135 τελετήν
3143 5101 3160 5125 ,
3198 5071 3333 5131 etc.,
3359 5063 3477 5119 rid.
3498 5063 3636 5123 Nov.

397 5134 524 5197 bus,
556 5141 616 5187 ut
637 5133 747 5203 bac
769 5130 999 5203 Novella
1018 5140 1257 5203 constat,
1284 5140 1339 5203 et
1382 5132 1497 5203 l9],
1524 5130 1711 5203 intra;
1737 5145 1860 5183 nam
1902 5131 1959 5184 in
2061 5130 2153 5193 89;
2188 5130 2355 5203 supra
2391 5130 2517 5203 cod.

397 5202 783 5272 criminalilgus
833 5200 1032 5257 suﬁicit
1070 5198 1731 5272 inscriptio.‘Fridericu_s
1774 5208 1957 5272 tamen

396 5274 625 5329 constit.
687 5269 790 5341 De,
816 5285 949 5341 pace
981 5266 1261 5333 tenenda,’
1287 5280 1360 5341 et”
1388 5268 1461 5323 De
1500 5266 1877 5341 incendiariis,
1901 5268 1956 5341 id

396 5344 562 5398 etiam
583 5341 752 5410 exigit
779 5338 834 5395 in
863 5341 1048 5395 causis
1072 5340 1474 5410 criminalibus,
1523 5351 1631 5410 non
1663 5338 1772 5410 (ut_
1796 5338 1962 5407 pleri-

396 5404 843 5483 quefopina'ntur)
883 5410 1046 5465 etiam
1082 5407 1301 5483 iienric.
1352 5408 1390 5461 Ι.
1447 5408 1484 5460 2
1540 5404 1719 5483 legum
1750 5404 1960 5483 Longo-

399 5473 717 5543 bardo'rum,
740 5473 901 5548 cuj'us
951 5478 1401 5548 constitutionem
1429 5473 1616 5548 retulit
1677 5473 1959 5548 Honorius

397 5565 452 5626 c_._
476 5550 531 5626 ἰ,
565 5549 642 5626 ρο
700 5542 1018 5626 iuramento
1072 5547 1380 5602 calumniae.
1409 5542 1640 5626 .Neque.
1672 5545 1819 5600 enim
1856 5548 1959 5626 hoc

398 5614 533 5674 dicit
566 5614 858 5682 Henricus,
890 5618 1146 5685 clericos,
1187 5630 1365 5685 neque
1408 5614 1468 5669 in
1496 5614 1666 5678 civili,
1694 5630 1871 5685 neque
1902 5616 1959 5670 in

401 5688 675 5745 criminati
704 5701 875 5745 causa
901 5686 1091 5756 jurare
1117 5683 1186 5741 de
1222 5683 1520 5753 calumnia,
1548 5684 1644 5741 sed
1684 5683 1835 5740 nullo
1868 5700 1966 5741 eos

2129 5203 2346 5341 μενῶ)
2379 5202 2517 5258 Gen.
2551 5220 2590 5270 t,
2618 5218 2763 5258 vers.
2795 5202 2888 5265 28,
2916 5212 3045 5258 etc.
3094 5218 3170 5281 ix,
3203 5218 3348 5259 vers.
3389 5204 3442 5259 1η.

2159 5273 2247 5340 14)
2305 5272 2617 5327 Formnlatn
2677 5274 2917 5328 divinam
2977 5273 3231 5341 intelligit
3269 5290 3283 5327 :
3318 5273 3442 5330 Cres

2159 5272 2617 5345 14)_‘Formulam
2677 5274 2917 5328 divinam
2977 5273 3231 5345 intelligit
3269 5290 3283 5327 :
3318 5273 3547 5330 Crescite
3590 5285 3640 5330 et

2067 5341 2524 5409 multiplicamini.

2166 5411 2252 5480 15)
2283 5411 2395 5485 καὶ
2427 5410 2777 5485 τοῦ-γένουςΔ
2814 5412 3055 5484 ἑκάστην
3082 5412 3181 5485 τὴν
3228 5412 3452 5484 βλάϐην.
3516 5413 3637 5471 Scr.

2066 5478 2426 5553 ἐκάετδμ-τθυι
2457 5478 2908 5553 (Mem-Asyl-

2139 5550 2288 5626 (ἰδέ
2299 5549 2351 5619 7)
2376 5549 2629 5626 Eunuchi
2654 5549 2781 5626 scil.
2802 5549 2929 5626 spes
2952 5553 3275 5626 procreandi
3294 5554 3447 5626 deest
3467 5569 3641 5610 eunu~

2066 5617 2192 5697 cbo.
2228 5617 2362 5697 Ejus
2398 5621 2581 5697 itaque
2618 5617 3263 5697 conjunctio'prazcipua
3289 5624 3638 5697 conjunctio—

2077 5689 2163 5744 nis
2190 5690 2468 5757 voluptate
2500 5689 2845 5749 destituitur.
