4062 6202
420 336 530 402 619

1686 328 1959 388 LEONIS
1997 330 2458 392 PHILOSOPHI

3566 325 3667 389 (ἷΞο

423 445 621 500 uiant?
650 441 815 514 quale
850 440 963 513 (18)
996 436 1329 495 sacriﬁcium
1361 434 1470 504 (l9)
1507 449 1696 489 eorum
1727 449 1995 504 aggrega-

2114 437 2271 507 μηδὲν
2290 438 2486 491 ὓπεστι
2514 436 2779 502 τοιοῦτον,
2817 436 2946 507 ποίᾳ
2983 437 3079 507 μὲν
3105 435 3419 507 ἀνθρωπίνῃ
3471 435 3665 503 εὐφρο-

424 536 625 590 tionem
651 528 1097 587 stabiliat?Cum
1150 532 1333 581 autem
1390 524 1610 577 illorum
1670 523 1995 591 coniunctio

422 626 560 680 adeo
591 622 742 677 omni
770 620 1175 674 oblectamento
1198 623 1378 679 vacet,
1421 622 1476 669 et
1530 614 1993 677 consecrationis,

424 711 845 771 sacriﬁciorum,
898 703 1413 773 benedictionisque
1466 701 1601 757 adeo
1656 718 1765 755 non
1824 716 1997 770 capax

426 804 517 865 sil,
544 798 819 869 quomodo
840 796 896 850 in
942 795 1092 864 ipsos
1126 792 1462 849 matrimonii
1516 792 1809 861 appellatio
1856 804 1995 859 qua-

426 890 640 947 drahit?
697 890 811 943 lmo
874 885 1148 956 quomodo
1207 900 1314 939 non
1366 884 1550 954 aliqua
1604 897 1725 951 quae
1771 881 1997 936 nefariis

426 984 678 1046 debetur,
709 978 874 1049 idque
895 993 961 1033 ex
994 977 1111 1046 lege
1143 976 1295 1043 ipsos
1329 988 1491 1044 poena
1545 971 1846 1041 sequetur?
1896 971 1997 1023 At-

425 1090 532 1145 que
556 1070 792 1143 quodgne
819 1069 889 1122 ab
923 1068 1084 1122 initio
1114 1065 1338 1133 quidem
1377 1064 1789 1117 matrimonium
1816 1062 1997 1114 vocari

435 1166 638 1236 possit,
682 1160 923 1217 breviter
963 1160 1037 1212 ita
1079 1157 1287 1211 dictum
1346 1156 1440 1211 sit.
1482 1154 1588 1209 Sed
1648 1154 1821 1222 magis
1868 1168 1998 1205 exa-

428 1260 685 1325 ctiusque
713 1254 791 1309 rei
821 1252 1206 1322 indignitatem
1239 1250 1419 1303 oratio
1468 1250 1740 1316 exploret.
1793 1245 1995 1299 Rerum

429 1352 698 1407 Conditor
728 1362 853 1402 cum
893 1345 1051 1398 initio
1077 1358 1281 1396 marem
1312 1351 1365 1395 et
1404 1342 1662 1395 feminam
1704 1336 1997 1392 consocia-

430 1452 512 1498 ret
545 1442 610 1496 ad
642 1442 847 1509 largum
880 1437 1026 1505 quod
1060 1435 1182 1489 inde
1213 1435 1488 1488 exiturum
1505 1440 1671 1493 esset,
1693 1431 2001 1483 incremen-

432 1543 540 1587 tum
557 1526 1344 1600 rcspiciens,consociationcm
1362 1525 1505 1577 illam
1522 1516 2001 1587 faciebatlﬁocil).

430 1624 572 1689 Quin
624 1632 678 1675 et
734 1627 941 1672 natura:
990 1622 1131 1685 (quae
1181 1623 1439 1682 tanquam
1491 1612 1709 1674 famula,
1736 1620 2000 1679 quantum

432 1721 632 1785 potest,
658 1728 688 1765 a
737 1710 1031 1765 Couditore
1081 1706 1279 1759 tradita
1316 1712 1583 1775 praecepta
1630 1700 1907 1770 observat)
1946 1709 2006 1751 ut

2103 522 2238 593 σύνῃ
2271 524 2609 590 onmem";
2646 525 2776 595 ποίᾳ
2806 524 2850 577 δ’
2892 526 3012 594 ἱερᾷ
3056 523 3480 592 συνεπιλήψεται
3514 522 3665 574 τελε-

2097 618 2197 683 τῇ;
2225 614 2369 668 οὕτω
2398 616 2452 668 δὲ
2483 616 2583 684 τῆς
2616 615 2911 683 συναφείας
2957 615 3247 684 ὁρωμένης
3285 613 3662 682 ἀνευφράντου

2099 706 2197 758 καὶ
2234 706 2452 775 ἀνιέρου
2484 707 2579 759 καὶ
2610 706 2902 758 ἁτελέστου
2936 708 3029 757 καὶ
3056 704 3359 773 ἀμεθέκτου
3396 702 3665 770 εὐλογίας,

2100 797 2218 859 πῶς
2236 799 2267 866 ἡ
2286 796 2553 867 γαμήλιος
2578 796 2771 865 κλῆσις
2795 796 3027 866 ἁρμόσει
3048 812 3062 861 ;
3093 794 3291 863 μᾶλλον
3322 794 3381 846 δὲ
3427 794 3546 855 πῶς
3572 794 3671 862 οὐχ

2100 888 2186 939 οῖα
2219 889 2313 939 καὶ
2352 888 2670 957 ὲκθέσμῳ⁷²
2704 887 2922 950 κόλασις
2952 886 3143 955 ἕψεται
3175 888 3206 954 ἡ
3269 885 3362 938 ἐπὶ
3412 887 3528 946 τοῖς
3581 887 3671 936 ὲκ·-
3734 871 3739 875 φ

2102 978 2324 1048 θέσμοις
2357 979 2710 1047 ὀφειλομένης
2760 978 2873 1030 ἀλλ’
2903 979 2985 1030 ὅτι
3031 978 3128 1046 μὲν
3177 977 3297 1029 οὐδὲ
3344 976 3442 1046 τὴν
3500 974 3672 1045 ἀρχὴν

2100 1070 2277 1138 γάμος
2303 1070 2519 1123 δύναιτο
2546 1070 2611 1122 ἂν
2632 1070 2906 1137 λέγεσθαι,
2929 1069 3001 1130 ὡς
3035 1070 3092 1120 ὲν
3115 1067 3270 1136 τύπῳ
3299 1066 3470 1128 οὕτως
3494 1080 3507 1094 °
3541 1065 3674 1117 θεωο

2105 1164 2269 1230 ρείτω
2300 1161 2353 1213 δὲ
2381 1162 2580 1230 μᾶλλον
2601 1165 2629 1214 6
2658 1162 2812 1229 λόγος
2838 1162 2933 1213 καὶ
2966 1159 3359 1230 ἀκριϐέστερον
3414 1158 3513 1226 τὴν
3560 1157 3676 1209 ἀδι-

2104 1253 2226 1305 κίαν
2254 1253 2347 1303 τοῦ
2378 1254 2699 1323 πράγματος
2721 1270 2733 1282 ·
2772 1253 2833 1304 τὸ
2864 1253 3031 1322 ἄρσεν
3062 1253 3155 1303 καὶ
3213 1250 3346 1319 θῆλυ
3400 1248 3678 1319 συναρμό·

2104 1344 2291 1408 ζωνὲξ
2317 1346 2489 1415 ἀρχῆς
2522 1347 2549 1395 6
2580 1346 2832 1414 Πλάστης
2880 1342 3015 1413 πρὸς
3068 1340 3159 1393 τὸν
3208 1339 3416 1393 ἐκεῖθεν
3468 1339 3678 1409 πληθυ-

2106 1436 2243 1505 σμδν
2284 1436 2501 1505 ἀφορῶν
2546 1436 2767 1488 διετίθει
2810 1435 2909 1506 τὴν
2962 1433 3385 1503 συναρμοστίαν,
3420 1432 3514 1485 καὶ
3573 1433 3679 1500 μὴν

2106 1531 2198 1581 καὶ
2218 1530 2282 1598 τῇ
2308 1528 2468 1596 φύσει
2505 1527 2757 1597 (καθόσον
2784 1527 3008 1580 δυνατὸν
3033 1520 3121 1578 οἷα
3140 1525 3301 1594 δούλῃ
3331 1524 3522 1587 σώζειν
3555 1525 3682 1587 τούς

2107 1618 2429 1688 δεδομένους
2458 1618 2609 1688 παρά
2640 1617 2734 1669 τοῦ
2769 1617 3051 1678 κτίσαντος
3087 1615 3301 1683 λόγους)
3334 1614 3535 1677 σκοπὸς
3585 1616 3673 1666 ἐπ’

2106 1709 2279 1778 τούτῳ
2313 1711 2555 1779 γαμικὴν
2586 1709 2803 1778 ὁμιλίαν
2835 1705 3208 1771 συνίστασθαι,
3232 1707 3315 1774 ἐφ’
3366 1700 3409 1773 ᾧ
3440 1706 3548 1757 τῶν
3577 1722 3666 1772 γε·

432 1808 488 1859 in
522 1804 624 1859 hoc
656 1799 1003 1873 Lmatrimonii
1043 1797 1395 1852 Consuetudo
1457 1795 1689 1857 ineatur,
1734 1806 1842 1861 quo
1895 1789 2004 1859 (22)

2114 1802 2213 1853 νῶν
2249 1802 2523 1871 ήδιαδοχὴ
2551 1802 2729 1871 προῖοι
2754 1801 2947 1869 μέχρις
2978 1800 3043 1852 ἂν
3093 1798 3159 1851 δι’
3203 1799 3371 1867 αὐτῆς
3421 1800 3449 1851 6
3490 1798 3681 1858 κτίσας

430 1896 639 1953 sobolis
673 1891 986 1964 procreatio
1016 1889 1300 1961 procedat,
1340 1883 1747 1956 quoadquidcin
1784 1886 1851 1935 ab
1885 1881 2003 1952 ipsa

434 1988 546 2041 tale
592 1985 959 2040 ministerium
994 1981 1246 2036 conditor
1289 1978 1535 2048 praestari
1571 1976 1718 2036 velit,
1757 1973 2006 2042 proposi-

435 2086 551 2132 tum
580 2085 683 2132 est.
716 2075 773 2130 Si
801 2075 967 2144 igitur
1018 2071 1101 2126 vel
1146 2072 1233 2124 hic
1277 2068 1419 2138 quod
1483 2078 1692 2120 natura:
1724 2064 2006 2127 Conditor,

437 2173 665 2241 ipsaque
700 2181 896 2222 natura
930 2166 1100 2219 voluit
1131 2173 1378 2233 apparet,
1405 2160 1554 2230 quod
1602 2160 2004 2228 prohibendum

436 2263 712 2325 ducimus,
742 2274 811 2313 ne
843 2258 1234 2327 prohibeatur:
1268 2254 1352 2308 sin
1406 2253 1589 2305 minus
1616 2252 1697 2316 (ut
1730 2258 1880 2303 certe
1922 2246 2009 2299 ni-

437 2349 512 2403 hil
552 2344 865 2403 istiusmodi
890 2351 996 2407 est,
1041 2342 1135 2397 sed
1191 2340 1472 2394 contraria
1518 2338 1721 2401 omnia,
1770 2343 1825 2389 ct
1860 2335 2009 2388 nulla

436 2435 506 2491 ad
527 2434 857 2505 implendam
894 2429 1109 2484 Domini
1146 2428 1484 2515 voluntatem
1517 2426 1599 2478 vis
1628 2433 1681 2476 et
1700 2424 1822 2491 ejus
1843 2436 2009 2491 gene-

438 2530 538 2594 ris,
573 2524 832 2596 quiddam
855 2522 997 2590 quod
1024 2529 1216 2573 natura
1241 2535 1349 2572 non
1378 2517 1688 2587 agnoscat),
1709 2530 1879 2584 quare
1903 2529 2009 2567 non

440 2615 693 2671 omnibus
755 2609 935 2662 modis
990 2606 1353 2673 prohibetur?
1400 2602 1556 2667 Quod
1614 2604 1658 2654 si
1714 2601 1838 2668 quis
1884 2615 2014 2652 con—

442 2702 782 2761 tentionibus
806 2698 1074 2769 gaudens,
1130 2695 1279 2749 dicat
1327 2695 1374 2747 si
1418 2702 1642 2763 propter
1667 2692 2013 2746 sterilitatem

449 2794 694 2851 eunuchi
742 2807 773 2844 a
838 2789 1095 2859 coniugio
1151 2787 1551 2851 secluduntur,
1612 2788 1799 2840 multis
1848 2786 2014 2839 etiam

443 2888 567 2942 aliis
597 2884 912 2954 conjugium
956 2880 1211 2934 interdici
1237 2878 1465 2942 debere,
1501 2893 1625 2931 cum
1674 2893 1779 2930 non
1824 2891 2017 2931 omnes

444 2977 755 3049 quicunque
786 2976 842 3028 in
869 2973 1185 3043 conjugium
1226 2979 1429 3049 coeunt
1482 2969 1719 3025 l'etillcos
1763 2985 1824 3024 se
1876 2984 2013 3039 pra:-

444 3078 593 3127 stent
624 3068 732 3125 :ad
760 3067 1162 3121 contentionem
1212 3064 1264 3117 in
1308 3070 1561 3132 promptu
1588 3072 1670 3117 est
1706 3062 2014 3131 responsio,

2110 1893 2352 1962 βούλοιτο
2380 1894 2478 1961 τὴν
2506 1892 2753 1962 τοιαύτην
2785 1891 2876 1944 ὑπ’
2908 1890 3079 1957 αὐτῆς
3120 1888 3463 1958 λειτουργίαν
3494 1888 3680 1940 διακο-

2108 1983 2335 2036 νεῖσθαι.
2372 1982 2436 2035 El
2463 1982 2556 2035 οὖν
2587 1981 2699 2034 ἔστι
2726 1980 3002 2035 κάνταῦθα
3034 1980 3061 2032 ὃ
3090 1981 3183 2032 καὶ
3211 1978 3288 2047 τῷ
3344 1978 3562 2050 [Ilia-tn
3584 1980 3684 2046 τῆς

2109 2076 2323 2143 φύσεως
2350 2076 2441 2127 καὶ
2479 2077 2546 2144 τῇ
2585 2073 2743 2143 φύσει
2766 2074 3037 2141 νενόηται,
3067 2070 3141 2141 μὴ
3166 2068 3461 2122 κωλυέσθω
3492 2068 3550 2120 τὸ
3574 2084 3685 2119 κωη

2108 2166 2367 2235 λυόμενον
2401 2184 2413 2195 ’
2454 2168 2502 2217 εί
2526 2164 2570 2217 δ’
2600 2166 2699 2217 οὐκ
2747 2165 2895 2217 ἔστιν
2936 2162 3145 2232 (ὥσπερ
3179 2160 3285 2212 οὐδ’
3329 2160 3497 2220 ἔστιν,
3548 2157 3686 2210 ἀλλὰ

2110 2260 2218 2310 πᾶν
2247 2257 2574 2320 τούναντίον,
2604 2256 2807 2327 ἄπορον
2828 2255 2923 2323 μὲν
2952 2256 3032 2314 εἰς
3062 2254 3343 2322 πλήρωσιν
3360 2254 3455 2321 τῆς
3482 2255 3688 2301 Δεσποο

2109 2349 2271 2416 τικῆς
2334 2346 2551 2417 βουλῆς,
2590 2346 2820 2415 ἔκφυλον
2856 2345 2913 2398 δὲ
2962 2345 3055 2397 καλ⁸
3084 2338 3195 2395 οἷον
3250 2343 3325 2412 μὴ
3366 2341 3603 2408 ἔγνωκεν
3652 2341 3685 2409 ἡ

2113 2438 2319 2507 φύσις),
2352 2437 2465 2499 πῶς
2491 2438 2550 2489 οὐ
2574 2436 2737 2489 παντὶ
2765 2433 3142 2504 κωλυθήσεται
3172 2432 3391 2501 τρόπῳ;
3429 2432 3490 2483 Εἰ
3517 2430 3573 2482 δε
3602 2446 3687 2492 τις

2112 2532 2258 2597 λέγοι
2280 2530 2339 2581 τὸ
2368 2530 2691 2597 φιλονεικεῖν
2722 2528 2819 2596 ἡδὺ
2848 2525 3188 2595 ποιούμενος,
3227 2524 3301 2587 ὡς
3328 2526 3379 2576 εί
3402 2540 3464 2591 γε
3499 2524 3587 2576 διά
3625 2522 3692 2574 τὸ

2114 2624 2304 2690 ἄγονον
2336 2619 2684 2672 ἀποκλείεται
2742 2621 2946 2689 γαμεῖν
2999 2618 3297 2686 εὐνούχοις,
3340 2615 3549 2668 πολλῶν
3595 2617 3691 2668 καὶ

2116 2714 2292 2766 ἄλλων
2349 2711 2728 2775 ἁποκωλύσεις
2788 2711 3000 2782 γάμους
3042 2712 3123 2780 (οὐ
3175 2712 3285 2779 γὰρ
3327 2710 3543 2775 πάντες,
3574 2710 3691 2761 ὅσοι

2116 2806 2253 2875 πρὸς
2298 2804 2581 2856 κοινωνίαν
2628 2802 2902 2874 ἔρχονται,
2962 2803 3222 2873 τοιαύτην
3260 2802 3422 2872 φύσιν
3476 2804 3541 2855 ὲκ
3592 2804 3691 2871 τῆς

2118 2894 2401 2957 κοινωνίας
2434 2894 2685 2963 ἔδειξαν),
2713 2894 2847 2965 πρὸς
2891 2892 2988 2963 τὴν
3037 2893 3373 2961 φιλονεικίαν
3418 2892 3690 2961 ἔτοιμοςὴ

2117 2986 2425 3055 ἀπόκρισις,
2459 2985 2539 3037 ὅτι
2579 2985 2664 3037 ἐπ’
2697 2985 2922 3038 ἐκείνων
2974 2985 3095 3055 μὲν,
3128 2986 3177 3038 εί
3235 2985 3328 3037 καὶ
3362 2984 3436 3053 μὴ
3483 2984 3693 3051 καρπὸς

2122 3080 2337 3149 φύεται,
2364 3080 2478 3133 ἀλλ’
2508 3079 2599 3133 οὖν
2627 3080 2726 3132 οὐκ
2746 3080 2839 3132 ἐπὶ
2863 3079 3038 3148 τούτῳ
3089 3076 3349 3146 συνῆλθον
3391 3076 3503 3129 οὐδ’
3553 3075 3694 3127 ὥστε

446 3157 594 3231 quod
670 3156 887 3211 tametsi
960 3155 1145 3209 nullus
1222 3168 1285 3207 ex
1365 3152 1435 3207 iis
1515 3151 1660 3207 fetus
1738 3154 2010 3222 gignatur,

2125 3175 2200 3244 μὴ
2224 3174 2498 3243 δοῦναιτῷ
2532 3173 2631 3243 βίῳ
2662 3175 2758 3244 τῆς
2784 3174 3029 3241 γαμικῆς
3074 3171 3351 3241 γεωργίας
3405 3170 3693 3238 ὠφέλειαν,

447 3268 557 3307 ιιοιι
598 3261 775 3305 tamen
809 3249 862 3303 in
899 3247 1003 3301 hoc
1036 3245 1355 3315 congregati
1400 3242 1534 3306 sint,
1572 3259 1639 3297 ne
1662 3259 1825 3312 quam
1865 3258 2017 3296 com-

448 3341 601 3397 muni
644 3338 771 3394 vitae
804 3338 1098 3392 utilitatem
1152 3336 1457 3405 conjugalis
1498 3335 1709 3403 copulae
1749 3334 2015 3389 aderant:

448 3446 573 3486 cum
604 3429 791 3499 potius
819 3437 1011 3482 contra
1044 3425 1509 3496 procreandorum
1537 3425 1835 3479 liberorum
1862 3424 2013 3479 desi-

451 3523 605 3579 derio
624 3528 988 3591 congregatos
1020 3526 1261 3581 constet,
1290 3532 1431 3586 quos
1457 3516 1711 3571 ell'ectutn
1747 3516 2022 3570 desiderio

449 3627 844 3686 responsurum
866 3611 1159 3681 opinantes
1213 3611 1268 3663 in
1301 3619 1499 3665 eventu
1553 3625 1681 3679 spes
1728 3609 2019 3664 fefellerit:

450 3706 541 3760 hic
576 3719 705 3759 vero
735 3713 793 3756 ut
825 3704 934 3756 tale
968 3701 1175 3770 aliquid
1206 3701 1315 3755 dici
1338 3702 1536 3769 possit,
1568 3703 1903 3770 permultum
1929 3701 2025 3753 ab-

451 3798 546 3861 sit,
578 3810 702 3849 cum
729 3794 822 3863 qui
853 3793 921 3847 ad
971 3792 1313 3861 peregrinam
1375 3792 1524 3844 illam
1581 3792 2022 3846 commistiouem

452 3894 870 3947 convenerunt,
954 3882 1163 3950 liquido
1231 3883 1466 3935 scientes
1525 3895 1585 3935 se
1658 3882 1878 3935 steriles
1956 3894 2022 3933 ac

458 3976 527 4030 ad
554 3974 889 4045 gignendum
923 3971 1147 4024 inutiles
1176 3970 1494 4035 convenire,
1529 3978 1741 4024 naturae
1765 3970 2025 4040 quasiin-

455 4064 641 4121 sidiati
673 4066 805 4117 sint.
834 4064 913 4117 Ac
930 4076 1062 4117 sane
1092 4062 1163 4114 ob
1218 4062 1322 4118 hoc
1374 4060 1642 4115 duntaxat
1684 4061 1814 4115 odio
1859 4061 2025 4115 etiam

457 4156 619 4211 ambo
654 4153 801 4223 digni
828 4161 991 4206 sunt:
1031 4152 1226 4206 mulier
1253 4152 1396 4220 quod
1419 4167 1543 4205 cum
1566 4151 1877 4221 conjugalis
1902 4166 2029 4204 con-

457 4247 767 4304 suetudinis
801 4245 999 4315 cupida
1056 4245 1293 4299 fecundo
1351 4259 1410 4299 se
1453 4246 1684 4314 jungere
1737 4244 2026 4313 potuisset,

459 4341 813 4396 infecundum
860 4348 915 4394 et
972 4339 1213 4393 sterilem
1248 4337 1547 4409 praetulerit
1580 4336 1902 4392 :eunuchus
1934 4351 2029 4390 ve-

2120 3265 2256 3318 ἀλλὰ
2283 3266 2441 3333 δῆλον
2465 3266 2539 3327 ὡς
2586 3264 2735 3334 πόθῳ
2780 3265 2877 3334 μὲν
2911 3262 3253 3325 παιδοποιίας
3274 3302 3288 3325 ,
3339 3261 3695 3329 ὑπειληφότες

2119 3358 2174 3409 δὲ
2196 3359 2277 3410 ὅτι
2316 3357 2453 3427 πρὸς
2483 3357 2646 3427 ἔργον
2669 3358 2696 3408 6
2724 3356 2886 3419 πόθος
2910 3357 3169 3426 χωρήσοι,
3204 3358 3252 3407 εί
3305 3354 3399 3407 καὶ
3443 3354 3576 3423 πρὸς
3606 3352 3694 3404 ἔκ-

2122 3444 2277 3496 ϐασιν
2298 3444 2626 3513 ἡτύχησενὴ
2663 3443 2818 3505 ἐλπίς
2840 3460 2852 3471 ·
2888 3443 3119 3495 ἐνταῦθα
3155 3443 3211 3495 δὲ
3238 3443 3339 3494 οὐκ
3372 3440 3485 3493 ἔστι
3519 3439 3695 3492 τοιοῦ-

2121 3548 2212 3583 τον
2237 3531 2410 3583 εἰπεῖν
2444 3530 2661 3598 (πολλοῦ
2695 3546 2758 3597 γε
2791 3530 2887 3581 καὶ
2903 3529 3027 3598 δεῖ),
3057 3528 3172 3581 ἀλλ’
3225 3527 3469 3597 ἀκριϐῶς
3499 3526 3696 3589 εἰδότες

2122 3623 2397 3675 οἱκατά⁷³
2422 3623 2518 3692 τὴν
2583 3622 2813 3689 ἔκφυλον
2848 3622 3120 3683 συνιόντες
3176 3620 3344 3690 μῖξιν,
3392 3620 3467 3683 ὡς
3513 3622 3695 3687 ἄγονοι

2122 3711 2218 3761 καὶ
2245 3711 2503 3779 ἄκαρποι,
2536 3710 2622 3760 ἐπ’
2639 3708 2770 3760 αὐτὸ
2794 3708 2950 3760 τοῦτο
2980 3712 3073 3759 καὶ
3104 3708 3380 3777 συνῆλθον,
3407 3709 3500 3759 καὶ
3528 3706 3696 3759 καθεζ-

2125 3813 2230 3867 περ
2265 3800 2332 3865 τῇ
2400 3796 2556 3861 φύσει
2599 3794 3038 3858 ὲπιόουλεύοντες
3074 3796 3137 3848 ⁷⁸.
3191 3796 3515 3864 Ἀμφότεροι
3586 3793 3697 3845 τοί-

2124 3904 2219 3940 νυν
2248 3887 2499 3941 καὶκατά
2530 3887 2683 3939 τοῦτο
2727 3888 2889 3954 μόνον
2941 3887 3183 3957 μισητοὶ,
3228 3890 3261 3956 ὴ
3306 3887 3427 3955 μὲν,
3456 3888 3537 3937 ὅτι
3581 3884 3698 3949 ἐξὸν

2127 3978 2286 4049 αὐτῇ,
2321 3979 2477 4045 εἰτὴν
2499 3980 2585 4032 διὰ
2605 3980 2784 4048 γάμου
2816 3978 3082 4045 ἐπόθησεν
3105 3977 3345 4046 ὁμιλίαν,
3371 3978 3697 4043 κοινωνῆσαι

2126 4069 2333 4139 γονίμῳ
2369 4070 2529 4138 φύσει
2548 4070 2646 4138 τὴν
2677 4070 2870 4136 ἄγονον
2931 4069 3201 4138 ἠλλάξατο
3236 4069 3330 4119 καὶ
3369 4070 3488 4119 τὺ⁷³
3526 4067 3697 4136 ἀκαρ-

2127 4176 2247 4219 πον,
2272 4162 2299 4213 ὁ
2327 4159 2402 4222 δὲ,
2432 4158 2507 4221 ὡς
2542 4162 2605 4229 τῇ
2639 4159 2831 4211 ἑαυτοῦ
2861 4158 3133 4229 ἀχρηστίᾳ.
3171 4157 3466 4227 περιιστῶν
3501 4158 3578 4219 εἰς
3639 4157 3698 4208 τὸ

2128 4250 2400 4320 ἄχρηστον
2429 4251 2676 4317 εὐλογίας
2705 4252 2948 4317 ἐνεγκεῖν
2975 4248 3052 4319 τῷ
3076 4251 3383 4318 ποιήσαντι.
3416 4245 3546 4301 Εἶτα
3606 4250 3697 4302 καὶ

2132 4340 2313 4411 χώραν
2341 4341 2462 4409 μὲν,
2495 4341 2551 4406 ἐξ
2589 4334 2655 4410 ἦς
2704 4340 2768 4392 ἄν
2798 4356 2881 4401 τις
2919 4339 3104 4409 ἔτερος
3153 4339 3365 4409 καρπὸν
3420 4337 3697 4409 δρέψαιτο,

460 4448 544 4499 ro,
570 4431 719 4503 quod
752 4441 811 4485 ut
839 4432 894 4485 in
925 4446 1125 4484 vanum
1158 4432 1433 4497 .Dominus
1462 4430 1823 4492 benediceret,
1855 4430 2010 4498 impos

2133 4432 2291 4494 εἴτις
2312 4431 2504 4501 ὀφθείη
2528 4430 3013 4501 διαλυμαινόμενος
3046 4430 3136 4482 καὶ
3187 4430 3325 4501 πρὸς
3377 4430 3438 4482 τὸ
3463 4431 3633 4498 ἀργὸν
3654 4430 3699 4459 ⁷⁸

462 4525 632 4580 tentia
694 4538 794 4578 sua
860 4521 1117 4576 effecerit.
1183 4521 1240 4576 Si
1296 4524 1421 4593 quis
1469 4538 1633 4593 porro
1682 4522 1908 4576 fundum
1962 4536 2010 4576 ei

2133 4524 2266 4592 αὐτῇ
2305 4521 2606 4592 χρώμενος,
2636 4521 2713 4584 ὠς
2746 4520 2983 4590 πονηρὸν
3028 4521 3120 4571 καὶ
3165 4519 3421 4588 λυμεῶνα
3472 4520 3699 4587 μισήσο-

459 4633 570 4688 quo
601 4617 740 4671 alius
763 4616 964 4685 aliquis
1002 4614 1219 4669 fructus
1246 4622 1413 4678 meat,
1439 4623 1639 4677 vastet,
1664 4627 1718 4669 et
1753 4614 2025 4667 incultum

464 4707 758 4775 relinquat,
784 4721 851 4759 au
884 4705 1028 4758 hunc
1059 4712 1319 4773 tanquam
1373 4704 1595 4768 malum,
1627 4694 1790 4771 atque
1841 4704 2030 4773 perni-

462 4797 673 4852 ciosum
700 4795 828 4851 odio
849 4793 1194 4857 babcbimus,
1221 4792 1473 4863 ejusque,
1500 4793 1544 4848 si
1577 4792 1691 4845 ﬁcri
1719 4802 1916 4861 potest,
1946 4792 2030 4846 in-

2136 4630 2233 4683 μεν
2258 4614 2350 4666 καὶ
2370 4615 2419 4664 εί
2448 4612 2668 4664 δυνατὸν
2701 4611 2963 4679 ὲφέξομεν
2996 4608 3161 4663 αὐτοῦ
3206 4610 3303 4679 τὴν
3354 4607 3698 4678 προαίρεσιν,

2133 4704 2223 4755 ’τὸν
2245 4704 2289 4755 δ’
2318 4703 2370 4754 εί
2394 4719 2478 4764 τις
2514 4702 2574 4765 ἔξ
2604 4696 2672 4772 ἦς
2723 4704 2751 4752 6
2774 4700 2995 4767 λογικὸς
3043 4697 3440 4752 ἁναϐλαστὰνει
3500 4696 3700 4765 στάχυς

2137 4791 2320 4861 χώραν
2348 4791 2607 4860 ἐξερημοῖ
2638 4792 2733 4844 καὶ
2783 4789 3054 4861 ἄχρηστον
3104 4788 3366 4853 δείκνυσι,
3401 4786 3579 4857 τούτῳ
3627 4784 3701 4848 ὡς

1735 4956 1969 5012 VARIJE
1992 4956 2394 5013 LECTIONES.

533 5099 578 5177 ’ξ
610 5096 998 5177 Osenbruggen
1021 5096 1167 5177 conj.
1201 5111 1219 5177 ξ
1249 5096 1381 5177 tota.
1411 5095 1873 5177 μὲνᾼάνθρωπίνη
1905 5095 2208 5177 εὐφροσύνη
2242 5095 2488 5177 συνέλθοι
2516 5111 2531 5160 ;
2565 5096 2691 5177 ποία
2725 5095 2771 5149 δ’
2827 5097 3230 5177 ίερά-ήτελετῄ.
3258 5166 3270 5177 .
3307 5098 3356 5129 ⁷³
3386 5096 3537 5177 Agyl.
3590 5098 3701 5177 vult

464 5170 530 5222 ἐκ
554 5166 778 5237 θεσμοῠ.
859 5165 1093 5223 7"Codd.
1127 5165 1240 5219 καί.
1275 5166 1463 5237 Steph.
1494 5175 1547 5221 et
1584 5167 1735 5236 Agyl.
1783 5167 1862 5228 εἰς
1922 5165 2269 5237 eniendant._
2305 5166 2349 5237 "ﬁ
2378 5165 2492 5219 Nisi
2535 5165 3701 5237 verbum,desit,61rt60ulsdr)octvlcgvriiu.

468 5239 514 5271 "
551 5234 740 5307 Steph.
765 5246 821 5293 et
872 5238 1024 5309 Agyl.
1047 5238 1146 5308 τὴν
1170 5234 1459 5306 legendum
1496 5251 1620 5292 esse
1642 5234 1988 5291 existimant.
2064 5237 2109 5267 ⁷⁸
2139 5234 2296 5304 Conj.
2330 5236 2613 5306 Stephani.
2639 5234 2810 5291 Codd.
2840 5235 3029 5307 ἄκρον.

1971 5392 2205 5451 ΝΟΤΕ.

538 5518 651 5589 (l8)
684 5518 851 5586 Quasi
872 5519 1038 5584 dicat,
1068 5535 1227 5589 vana
1251 5527 1307 5573 et
1370 5519 1526 5574 irrita
1551 5519 1657 5574 erit
1709 5518 1951 5588 precatio
1979 5526 2035 5571 et

468 5586 734 5643 formula:
766 5590 997 5645 Crescite
1022 5599 1072 5643 et
1119 5588 1566 5657 multiplicamini,
1590 5590 1639 5645 si
1657 5586 1893 5644 eunuchi
1926 5603 2031 5641 nu-

468 5659 596 5729 ptiis
628 5659 992 5729 benedixeris.

538 5728 649 5799 (19)
676 5727 842 5783 Moris
873 5730 1019 5784 enim
1050 5737 1163 5783 erat
1187 5728 1529 5786 sacriﬁcium
1545 5727 1691 5793 ﬁeri,
1728 5726 1838 5785 vid.
1888 5726 2029 5783 Nov.

2141 5516 2234 5580 89,
2260 5534 2308 5571 s.
2342 5519 2464 5572 eod.

2214 5588 2429 5659 (ΞΟ-21)
2458 5587 2593 5644 Gen.
2616 5604 2653 5651 ι,
2683 5603 2827 5644 vers.
2851 5591 2942 5645 28.

2217 5659 2328 5730 (2‘2)
2355 5658 2513 5729 isque
2535 5659 2870 5716 matrimonii
2889 5662 3012 5718 linis
3040 5661 3369 5734 praecipuus.
