4080 6218
473 141 573 205 621
1591 136 1949 206 NOVELLJE
1986 141 2647 208 CONSTITUTIONES.
3606 162 3709 224 622

476 252 644 325 μηδὲν
692 253 877 308 ἄδικον
914 253 1111 324 δρῶντι
1167 244 1669 326 παραχωρήσομενς
1720 256 1831 310 Καὶ
1857 255 1941 318 τίς
1975 255 2040 309 ἂν

2143 255 2394 311 stitutum
2430 233 2829 325 reprimemus}
2865 258 2945 314 illi
2976 272 3110 316 vero
3133 261 3228 331 qui
3258 259 3484 320 fundum
3517 283 3583 323 cx
3600 284 3709 338 quo

471 342 610 413 φαίη
626 344 706 407 τ”ς
734 342 913 408 Ἀλλὰ,
933 344 1085 411 φασὶ,
1116 343 1324 408 Παῦλος
1341 343 1461 399 εἷπε
1492 361 1506 376 ο
1538 344 1815 415 Κρεῖττον
1840 344 2040 415 γαμεῖν

2152 345 2363 400 ratione
2391 347 2674 416 praeditum
2707 362 2928 418 germen
2956 347 3207 419 pullulet,
3232 350 3465 419 desolat,
3505 363 3561 411 et
3593 357 3709 412 inu-

472 434 512 503 ἧ
538 433 899 501 πυροῦσθαι,
934 434 1076 489 ὥστε
1127 435 1216 491 διὰ
1267 436 1365 508 τὴν
1422 437 1665 509 πύρωσιν
1698 437 1971 491 ἀκώλυτον
2014 440 2040 509 ἡ

2151 433 2297 488 tilem
2338 435 2535 501 reddit,
2564 443 2827 507 tanquam
2864 439 3003 492 nihil
3050 439 3402 511 indignitatis
3447 448 3708 499 commit-

473 525 758 592 συνάφεια.
803 524 861 577 Ὁ
882 524 971 579 τὸν
1002 526 1213 580 Παῦλον
1236 528 1316 592 είς
1342 527 1505 598 μέσον
1558 531 1835 599 προάγων,
1881 526 2050 597 πρόσ-

469 631 563 685 χες
610 614 706 667 τοῦ
743 614 957 669 Παύλου
1003 618 1117 681 τοῖς
1142 616 1372 689 ῥήμασι.
1394 619 1599 689 Γαμεϊν
1629 614 1771 684 εἶπε,
1801 618 2046 672 τουτέστι

469 707 560 761 διὰ
592 707 693 776 τῆς
720 708 967 777 γαμικῆς
989 708 1207 777 ὁμιλίας
1234 710 1669 780 συναρμόξεσθαι
1712 709 1950 778 γυναικί.
1982 709 2045 763 Et

473 795 574 864 μὲν
608 790 703 847 οῦν
734 794 829 847 καὶ
858 795 891 863 ἡ
927 794 995 865 σὴ
1044 799 1181 865 πρὸς
1223 800 1463 866 γυναῖκα
1514 799 1661 868 μῖξις
1713 800 2045 868 συνάρμοσις

470 886 704 956 γαμική,
746 887 842 940 καὶ
900 887 1027 952 ἀξία
1062 892 1246 959 τυχεῖν
1286 890 1561 959 εὐλογίας,
1611 892 1733 962 ῆτις
1769 891 2043 961 ὀφείλεται

468 982 584 1042 τοῖς
636 981 1217 1051 νυμφαγωγουμένοις,
1283 983 1460 1054 γάμον
1523 985 1693 1052 αὐτὴν
1748 983 2039 1055 ὲξονόμαζε

471 1071 566 1124 καὶ
581 1071 903 1140 περισκόπει
926 1073 1146 1144 νύμφην
1180 1089 1196 1105 ⁸
1241 1075 1292 1127 εί
1340 1074 1389 1127 δ’
1416 1075 1667 1142 εὐλογίας
1696 1074 1795 1127 οὐκ
1826 1075 1893 1129 ἂν
1930 1074 2040 1127 οὐδ’

468 1161 604 1232 ὄναρ
629 1161 761 1214 ποτὲ
788 1163 1100 1233 μετάσχοις,
1121 1164 1225 1235 (τίς
1239 1168 1348 1236 γάρ
1368 1166 1433 1219 ἂν
1458 1166 1491 1236 ἢ
1512 1165 1638 1219 ποία
1661 1164 1929 1236 ίερολογία
1948 1165 2040 1219 ἐπὶ

471 1256 586 1314 τοῖς
622 1252 716 1306 ἀπ’
769 1254 1017 1317 ἐναντίας
1051 1255 1151 1324 μὲν
1188 1257 1613 1328 συναπτομένοις
1665 1256 1741 1328 τῷ
1765 1257 1859 1310 τοῦ
1900 1256 2037 1311 πλά-

473 1359 665 1405 σαντος
693 1342 943 1412 δόγματι,
972 1345 1067 1397 ἀπ’
1088 1344 1335 1410 ἐναντίας
1358 1347 1416 1400 δὲ
1467 1347 1546 1418 τῷ
1601 1348 1752 1419 νόμῳ
1798 1347 1901 1418 τῆς
1934 1347 2036 1417 φύ-

472 1449 609 1496 σεως
633 1434 925 1503 προέλθοις
956 1437 974 1506 )
1014 1438 1071 1489 τί
1105 1437 1193 1491 τὸν
1223 1438 1435 1493 Παῦλον
1472 1441 1552 1504 είς
1580 1440 1899 1511 συμφωνίαν
1945 1440 2035 1494 ἕλ-

471 1539 589 1576 κειν
618 1524 818 1595 τολμᾷς
860 1525 954 1579 τοῦ
1001 1528 1096 1580 σοῦ
1134 1529 1347 1599 ἀγάμου
1404 1532 1498 1584 καὶ
1540 1532 1774 1600 ἐκφύλου
1819 1532 2029 1602 γάμου;

2149 530 2249 591 tat,
2302 524 2355 578 id
2383 525 2562 581 facere
2611 528 3033 596 permittemus?
3079 531 3143 584 Et
3200 547 3335 589 sane
3372 534 3505 605 quid
3561 536 3713 605 quis-

2146 628 2311 682 quam
2349 614 2530 670 dicat?
2572 616 2678 673 Sed
2744 619 2971 687 Paulus,
3021 622 3301 692 inquiunt,
3349 626 3425 680 ait
3467 624 3708 697 (23-28),

2147 708 2557 764 matrimonium
2620 714 2945 769 contrahere
2974 729 3137 784 quam
3170 715 3279 787 (29)
3328 717 3412 771 uri
3460 717 3574 789 (50)
3629 734 3714 773 sa-

2147 797 2257 853 tius
2277 807 2386 853 est:
2416 811 2751 871 quapropter
2776 805 3046 859 naturalis
3080 803 3316 860 fervoris
3367 807 3709 876 contempla-

2142 888 2293 943 tione
2351 890 2667 958 conjunctio
2724 892 3000 962 prohiberi
3064 909 3171 950 non
3235 896 3417 951 debet.
3488 895 3594 951 Sed
3654 906 3710 951 tu

2140 980 2235 1049 qui
2268 980 2495 1036 Paulum
2522 982 2735 1048 laudas,
2758 984 2824 1039 ad
2844 983 3001 1041 Pauli
3028 986 3194 1042 verba
3231 987 3473 1043 attende.
3506 988 3705 1042 Matri-

2141 1070 2386 1126 monium
2443 1072 2809 1140 contrahere,
2864 1074 3064 1144 inquit,
3119 1074 3176 1130 id
3221 1083 3328 1140 est,
3388 1090 3487 1147 per
3523 1078 3712 1131 matri-

2141 1159 2377 1215 moniale
2436 1162 2826 1217 commercium
2899 1178 3025 1218 cum
3088 1163 3320 1219 muliere
3364 1165 3709 1227 commistiu,

2137 1252 2476 1307 consociatio
2514 1254 2951 1319 matrimonialis,
2981 1263 3037 1310 et
3071 1254 3454 1311 benedictione
3499 1271 3627 1327 qua:
3654 1256 3710 1312 in

2139 1344 2551 1398 matrimonium
2580 1345 2909 1401 coeuntibus
2934 1344 3183 1411 debetur,
3217 1347 3386 1417 digna
3437 1355 3545 1413 est,
3584 1363 3708 1402 ma-

2134 1433 2448 1487 trimonium
2479 1434 2625 1488 illam
2653 1435 2969 1499 nomina,et
2988 1434 3218 1490 observa
3241 1450 3500 1491 uxorem:
3524 1437 3611 1493 sin
3643 1451 3712 1491 ne

2143 1523 2369 1576 tantillae
2389 1523 2610 1592 quidem
2651 1523 3052 1579 benedictionis
3104 1539 3345 1594 unquam
3378 1539 3553 1595 capax
3588 1526 3710 1581 fue-

476 1614 689 1677 Ἀλλως
701 1632 759 1668 τε
776 1616 832 1669 δὲ
860 1617 1088 1681 καὶτοῖς
1107 1619 1470 1690 ἀποτέμνουσι
1510 1622 1714 1675 τούτων
1736 1621 1833 1692 τὴν
1882 1624 2040 1693 ἀρῤε-

2147 1610 2224 1665 ris
2258 1610 2402 1681 (quae
2423 1613 2568 1667 enim
2593 1622 2687 1667 aut
2718 1613 2899 1684 qualis
2952 1616 3302 1669 consecratio
3358 1614 3415 1669 in
3460 1613 3551 1680 iis,
3615 1617 3709 1685 qui

468 1704 731 1771 νοποιίαν,
766 1706 813 1757 εί
834 1706 992 1760 τοῦτο
1013 1710 1046 1777 ή
1085 1709 1297 1762 ἐπίνοια
1324 1710 1573 1779 βούλεται
1605 1712 1676 1782 (εί
1703 1711 1796 1764 καί
1842 1709 2037 1777 σφαλε-

471 1793 581 1863 ρῶς
620 1796 715 1847 καὶ
737 1796 857 1867 Θεῷ
886 1800 1338 1868 ἀντιπράττοντες
1366 1802 1588 1873 ἥκουσιν
1626 1803 1718 1856 ἐπὶ
1745 1803 1853 1872 ςτὴν
1899 1802 2040 1871 πρᾶο

471 1886 598 1955 ξιν),
632 1887 773 1941 ὥστε
808 1890 1006 1959 μηκέτι
1043 1891 1175 1962 δρᾷν
1222 1893 1417 1955 αὐτοὺς
1467 1893 1610 1962 ᾇπερ
1657 1893 1868 1962 ἀνδρες,
1923 1892 2037 1947 ἀλλ’

469 1977 569 2030 ὅσα
616 1994 680 2045 γε
712 1978 811 2047 τὴν
854 1978 992 2048 πρὸς
1036 1980 1098 2032 τὸ
1132 1980 1262 2050 θῆλυ
1295 1981 1449 2048 γένος
1493 1981 1785 2051 ἐπιθυμίαν
1822 1982 2039 2050 ἀπομα-

471 2068 630 2137 ρᾶναι
685 2070 780 2122 καὶ
834 2070 934 2138 τῆς
972 2070 1134 2141 εὐνῆς
1189 2072 1530 2137 ἀνυπόπτους
1591 2073 1841 2143 φύλακας
1895 2069 2035 2127 εἶναι

469 2158 649 2227 (τοῦτο
679 2159 789 2229 γὰρ
827 2161 861 2231 ἡ
916 2160 1108 2230 κλῆσις
1151 2163 1463 2233 ἐγγυᾶται),
1520 2163 1637 2228 πῶς
1692 2164 1834 2217 κατὰ
1883 2164 2041 2218 τοῦτο

467 2247 679 2301 δικαίαν
713 2250 774 2302 οὐ
818 2251 1176 2320 χαλκεύσουσι
1215 2252 1337 2306 καθ’
1385 2253 1592 2307 ἑαυτῶν
1645 2252 2038 2324 ἀγανάκτησιν,

467 2339 534 2391 δι’
575 2335 651 2393 ὧν
708 2341 769 2395 οὐ
822 2341 979 2410 μόνον
1051 2345 1117 2413 τῇ
1153 2344 1311 2412 φύσει
1351 2345 1549 2416 ἐχθρὰν
1594 2345 1911 2417 προαίρεσιν
1947 2344 2042 2399 κέ·-

469 2447 695 2499 κτηνται
716 2472 730 2496 ,
764 2431 900 2485 ἀλλά
921 2433 1015 2486 καὶ
1053 2434 1234 2497 αὐτοῖς
1260 2435 1305 2467 ⁷⁸
1329 2438 1575 2498 ἐκείνοις,
1595 2436 1645 2489 οἳ
1693 2436 1796 2489 κᾶν
1810 2436 1855 2468 ⁷³
1888 2453 2044 2490 κακο-

469 2521 673 2590 τέχνως
698 2524 849 2592 ὅμως
898 2526 1135 2596 σπουδὴν
1164 2526 1347 2581 ἔθεντο
1399 2528 1537 2599 πρὸς
1569 2527 1632 2580 τὸ
1670 2526 1827 2593 δόξαν
1856 2528 2043 2592 αὐτοῖς

470 2612 773 2682 χρησίμους
788 2615 1037 2684 ὀφθῆναι,
1070 2618 1472 2688 ἐναντιούμενοι
1501 2618 1921 2689 ἀπεδείχθησαν,
1948 2620 2043 2672 καὶ

472 2703 625 2768 ξένον
660 2722 712 2758 τι
735 2707 890 2773 γένος
916 2708 1275 2778 ὑπάρχουσιν,
1305 2712 1443 2781 μήτε
1478 2714 1546 2781 τῇ
1577 2711 1634 2777 ἐξ
1685 2711 1862 2781 ἀρχῆς
1910 2726 2043 2780 προ-

471 2793 708 2865 σαλούσῃ
729 2796 773 2826 ⁸ο
796 2795 980 2869 φύσει,
1003 2799 1139 2867 μήτε
1166 2802 1232 2870 τῇ
1266 2800 1405 2869 μετά
1460 2800 1634 2855 ταῦτα
1688 2799 2042 2871 μεταπλασα-

475 2883 610 2954 μένῃ
646 2888 974 2958 κακοτεχνία
1007 2891 1500 2959 συνοικειούμενοι;

2148 1704 2312 1760 simul
2353 1711 2545 1759 contra
2577 1704 2892 1762 Conditoris
2936 1706 3243 1771 decretum,
3308 1706 3471 1761 simul
3518 1714 3709 1761 contra

2140 1801 2355 1849 natiirat
2386 1794 2562 1865 legem
2587 1797 3016 1866 coniunguntur,
3037 1797 3218 1852 locum
3248 1796 3450 1852 habeat
3467 1796 3537 1865 ἓ),
3575 1796 3707 1865 quid

2139 1886 2363 1942 Paulum
2385 1888 2439 1942 in
2455 1889 2901 1958 approbationem
2920 1887 3218 1943 caelibistui
3236 1894 3290 1942 et
3307 1887 3579 1957 peregrini
3592 1900 3710 1941 ma-

2138 1978 2379 2033 trimonii
2431 1979 2746 2049 pertrahere
2809 1980 3023 2034 audes?
3071 1980 3152 2034 Ad
3210 1980 3315 2035 hoc
3369 1993 3500 2034 vero
3536 1977 3581 2034 si
3614 1976 3710 2046 qui

2142 2066 2279 2136 ipsis
2315 2067 2621 2122 naturalem
2669 2079 2725 2123 et
2784 2069 3061 2139 propriam
3122 2069 3355 2123 marium
3405 2067 3707 2138 potentiam

2139 2166 2423 2220 exsecant,
2458 2158 2565 2213 hoc
2594 2159 2830 2213 consilio
2859 2159 2911 2213 id
2942 2159 3154 2212 faciunt
3209 2158 3455 2227 (tametsi
3507 2156 3709 2213 vitiose

2143 2261 2207 2302 ac
2240 2248 2476 2317 quadam
2503 2249 2560 2303 in
2588 2246 2756 2305 Deum
2785 2249 3084 2305 rebellione
3120 2248 3175 2304 id
3219 2248 3446 2317 faciant)
3491 2262 3565 2303 ne
3592 2261 3710 2302 am-

2141 2338 2287 2407 plius
2318 2339 2468 2395 viros
2504 2354 2565 2395 se
2616 2341 2882 2396 exhibere
2924 2333 3151 2411 quearit,
3187 2340 3281 2396 sed
3336 2347 3603 2411 quantum
3639 2340 3709 2394 ad

2142 2427 2389 2483 libidinis
2411 2430 2668 2492 stimulos
2698 2431 2915 2495 attinet,
2936 2444 3165 2500 prorsus
3182 2433 3599 2500 elanguescant.
3614 2443 3713 2484 cu-

2142 2518 2377 2588 bilisque
2395 2517 2604 2590 (δι-54)
2633 2521 2749 2589 lldi,
2772 2530 2829 2577 et
2870 2523 2927 2576 in
2960 2532 3101 2591 quos
3125 2521 3370 2591 suspicio
3396 2536 3506 2576 non
3529 2520 3708 2584 cadat,

2142 2617 2403 2672 custodes
2441 2615 2554 2671 sint
2578 2612 2744 2683 (quod
2774 2626 2907 2667 sane
2939 2612 3058 2681 ipse
3075 2611 3228 2666 vocis
3250 2610 3365 2681 (35)
3398 2624 3710 2680 sonuspro-

2142 2706 2330 2776 mittit)
2359 2703 2635 2775 quomodo
2661 2704 2717 2757 in
2741 2701 2847 2756 hoc
2870 2716 2978 2756 non
3000 2701 3205 2771 justam
3223 2699 3512 2755 adversum
3530 2713 3593 2753 se
3617 2698 3707 2751 in-

2142 2796 2512 2868 dignationem
2529 2801 2752 2859 cudent,
2778 2793 2925 2864 quod
2947 2807 3057 2847 non
3089 2791 3268 2848 solum
3294 2790 3571 2845 inimicam
3587 2786 3705 2856 (56)

2146 2900 2352 2944 naturae
2404 2888 2738 2942 voluntatem
2796 2895 3087 2954 capessant
3146 2899 3385 2940 :verum
3434 2882 3601 2939 etiam
3630 2880 3708 2935 illi

472 2977 565 3045 qui
598 2976 721 3031 licet
751 2980 1037 3041 malitiose,
1063 2980 1335 3047 quomodo
1368 2988 1548 3034 tamen
1583 2979 1715 3048 ipsis
1768 2979 2068 3041 videretur,
2145 2978 2309 3033 utiles
2354 2977 2478 3032 illos
2538 2975 2766 3031 reddere
2810 2973 2990 3030 studio
3046 2974 3378 3039 habuerunt,
3432 2971 3709 3028 adversari

473 3068 996 3137 deprehemlantur?
1042 3080 1097 3125 et
1167 3086 1291 3125 cum
1347 3086 1547 3125 novum
1603 3078 1766 3140 atque
1818 3069 2166 3139 peregrinum
2210 3082 2398 3123 sexum
2467 3072 2897 3137 repraesentant,
2964 3080 3076 3119 non
3152 3073 3335 3120 tamen
3404 3077 3466 3119 se
3532 3078 3712 3135 neque

474 3148 628 3216 initio
672 3162 949 3216 attributae
1008 3171 1235 3227 naturae,
1290 3176 1466 3232 neque
1507 3176 1613 3232 qua
1664 3162 2037 3216 transformati
2075 3168 2224 3226 sunt,
2266 3159 2550 3214 malitiosm
2578 3159 2680 3212 arti
2705 3155 3155 3212 accommodent?

543 3256 643 3309 Διὰ
663 3255 703 3286 ⁸¹
760 3255 917 3308 τοῦτο
967 3256 1315 3327 θεσπίξομεν,
1347 3259 1453 3311 τῶν
1506 3260 1556 3311 εί
1581 3274 1665 3322 τις
1685 3258 1730 3289 θ’
1772 3257 2040 3327 εὐνούχων

2213 3254 2509 3323 Propterea
2564 3252 2866 3319 sancimus,
2908 3259 2968 3306 ut
3013 3252 3059 3307 si
3091 3250 3216 3322 quis
3246 3250 3620 3306 cunuchorum
3643 3252 3709 3307 ad

474 3344 613 3415 πρὸς
643 3343 821 3413 γάμον
878 3345 1029 3413 ἥκων
1070 3344 1435 3416 φωραθείηυ,
1490 3347 1584 3400 καὶ
1639 3346 1802 3399 αὐτὸν
1829 3347 1928 3415 μὲν
1969 3348 2037 3416 τῇ

2144 3345 2554 3401 matrimonium
2608 3343 2902 3413 procedere
2931 3342 3323 3413 comperiatur,
3372 3349 3428 3395 et
3449 3340 3565 3410 ipse
3594 3346 3710 3396 stu-

472 3437 574 3506 τῆς
595 3436 849 3506 πορνείας
868 3435 1191 3488 ὑποκεῖσθαι
1220 3436 1463 3503 κολάσει,
1495 3438 1589 3490 καὶ
1611 3437 1701 3489 τὸν
1719 3437 1949 3507 ἀνιέρως
1982 3436 2038 3488 δὲ

2142 3437 2225 3506 pri
2272 3450 2446 3506 paenae
2492 3434 2766 3489 obnoxius
2813 3432 2886 3488 sit
2932 3451 2948 3488 :
2992 3441 3047 3486 et
3080 3430 3175 3503 qui
3224 3430 3484 3487 sacerdos
3524 3429 3711 3487 istius-

474 3528 820 3600 τολμήσαντα
850 3530 1002 3598 ἱερέα
1023 3528 1118 3599 τὴν
1154 3532 1406 3598 τοιαύτην
1450 3528 1850 3598 συναρμοστίαν
1891 3525 2038 3580 τελέ-

2142 3527 2289 3581 modi
2321 3525 2768 3595 conjunCtionem
2798 3524 3091 3594 profanato
3129 3522 3404 3580 sacriﬁcio
3443 3521 3708 3591 perlicere

477 3638 568 3677 σαι
599 3622 696 3691 τῆς
737 3622 1013 3690 ἱερατικῆς
1040 3621 1195 3685 ἀξίας
1226 3619 1694 3689 ἀπογυμνοῦσθαι.

2142 3631 2308 3673 ausus
2338 3616 2523 3682 fuerit,
2546 3614 2872 3672 sacerdotali
2910 3614 3175 3683 dignitate
3207 3612 3534 3669 denudetur.

538 3728 543 3731 -
1027 3713 1337 3767 ΑιΑτΑειΣ
1383 3714 1500 3780 μοι.

2586 3705 3051 3763 CONSTITUTIO
3082 3705 3266 3761 XCIX.

477 3807 615 3876 Περὶ
645 3806 753 3861 τοῦ
780 3806 888 3860 τὸν
918 3806 1209 3880 ἀνάγοντα
1228 3804 1463 3880 ςτρῶζον
1501 3805 1753 3873 ὀμνύναι
1778 3803 1884 3857 τὸν
1907 3803 2039 3873 περὶ

2146 3798 2213 3853 Ut
2226 3800 2316 3870 qui
2345 3798 2728 3868 jusjurandum
2750 3799 2919 3880 defert
2940 3798 3087 3880 prior
3113 3796 3324 3870 (ὅτ-59)
3356 3797 3422 3853 de
3440 3797 3710 3856 calumnia

952 3875 1321 3942 καλουμνίας
1358 3874 1558 3943 ὅρκον.

2839 3874 3003 3938 juret.

556 3961 615 4033 Ὀ
627 3962 786 4027 αὐτὸς
814 3962 1066 4031 βασιλεὺς
1096 3962 1368 4031 Στυλιανῷ
1392 3962 1468 4031 τῷ
1494 3962 1663 4031 αὐτῷ.

2212 3960 2354 4015 Idem
2389 3962 2686 4031 imperator
2711 3959 2889 4016 eidem
2917 3959 3182 4031 Styliano.

546 4053 685 4107 Ὅσα
728 4053 863 4123 πρὸς
895 4051 1181 4106 εὐλάϐειαν
1232 4052 1355 4122 ὁρᾷ,
1405 4053 1507 4106 ὅσα
1557 4053 1690 4121 πρὸς
1749 4050 2033 4121 δεξιότητα

2212 4051 2562 4124 Quaecunque
2592 4051 2661 4107 ad
2720 4060 2868 4110 recte
2911 4053 3211 4109 cavendum
3241 4055 3533 4126 spectant,‘
3565 4069 3713 4126 quae-

1727 4184 1814 4239 VA
1825 4184 1963 4239 RIAE
2014 4184 2421 4244 LECTIONES.

534 4280 574 4353 ⁷7
598 4278 785 4353 Steph.
815 4281 969 4353 vult_:
998 4280 1093 4353 καὶ
1117 4278 1254 4353 τίμᾶν
1281 4297 1378 4353 τις
1386 4280 1515 4353 φαίη
1552 4298 1566 4345 ;
1631 4279 1940 4353 ’³ΑΞΟΔΓῘΨε.
1966 4282 2030 4353 ἐν
2044 4352 2049 4353 ν
2067 4283 2198 4353 τοῖς.
2224 4274 2445 4353 Meliora
2474 4283 2844 4353 praestiterunt
2870 4282 3059 4353 Zuich.
3088 4291 3142 4353 et
3177 4282 3396 4353 uicem).
3464 4284 3507 4353 ’ξ
3534 4281 3706 4338 Codd-

478 4352 589 4406 καί.
621 4348 966 4420 Stepli.conj.
1020 4352 1067 4401 εί
1095 4348 1205 4402 καί.
1278 4350 1323 4381 ⁸⁰
1345 4348 1564 4404 Rectius
1584 4349 1944 4420 ⁸προλαϐοῦσι-ι.
2011 4349 2055 4381 ⁸¹
2089 4351 2201 4404 Ecl.
2251 4348 2490 4422 incipitf
2518 4352 2563 4385 θ’
2590 4351 2705 4407 Ecl.
2737 4351 2789 4404 εί
2810 4366 2891 4411 τις
2915 4350 3041 4404 τῶν.
3117 4351 3165 4383 ⁸³
3191 4351 3302 4405 Ecl.
3343 4348 3555 4421 ὀφθείη.

1976 4461 2206 4518 ΝΟΤᾺΕ.

2060 4579 2104 4633 Ι)
2135 4580 2413 4653 βασιλικοῦ
2443 4581 2719 4653 κοιτῶνος.
2755 4579 3020 4653 Evagrius
3053 4581 3109 4653 4,
3162 4581 3212 4653 ot
3255 4583 3365 4643 τοῖς
3417 4582 3711 4653 βασιλικοῖς

2128 4650 2625 4723 ἐξυπηρετούμενοι
2663 4650 2896 4723 ’κοιτῶσί
2922 4650 3039 4723 οὓς
3053 4651 3341 4720 εὐνούχους
3382 4650 3428 4723 ἡὴ
3452 4651 3709 4722 συνήθεια

2132 4720 2307 4790 καλεῖ.
2331 4720 2480 4775 Adde
2511 4721 2866 4775 Claudianum
2918 4722 2971 4774 in
3000 4721 3282 4790 Eutmpio.

2203 4788 2313 4860 (375)
2343 4790 2616 4860 ΑΕὐνοῦχοι
2672 4791 2774 4859 τῆς
2822 4790 2984 4860 εὐνῆς
3052 4786 3293 4860 φύλακες
3352 4797 3411 4860 ut
3442 4786 3581 4860 hic,
3626 4790 3710 4844 vel

2131 4858 2281 4929 παρὰ
2308 4858 2369 4911 τὸ
2390 4858 2777 4929 εὐνοεῖνμιιιοίι
2824 4858 3241 4929 εἱηιίιιοηονοιὶ,
3274 4866 3328 4913 et
3383 4858 3539 4914 (idem
3594 4875 3712 4915 ser-

2129 4928 2260 4997 vare
2301 4929 2508 4981 maritis
2538 4928 3070 4997 didicerint._Epiph.
3111 4928 3165 4991 2,
3219 4929 3703 4997 contrahazrescs.

548 4997 662 5062 (50)
700 4993 941 5066 uruntur
992 4998 1138 5051 enim
1189 4994 1456 5062 spadones
1494 4993 1692 5066 etuqui
1749 5002 2024 5049 amatores
2128 4996 2416 5050 Phavorin.
2474 4998 2643 5066 παρὰ-
2686 4997 2746 5048 τὸ
2813 4994 2871 5050 εὖ
2923 4993 3246 5066 ’νοῦννέχειν
3297 4996 3440 5065 quod
3515 4998 3710 5051 mentis

477 5074 607 5118 sunt
638 5065 952 5132 mulierum,
1005 5067 1107 5119 etsi
1152 5072 1365 5119 constet
1399 5078 1493 5117 eos
1522 5063 1655 5116 nihil
1685 5072 1925 5130 potesse,
1959 5072 2017 5117 ut
2126 5073 2407 5130 compotes
2442 5063 2568 5120 esse
2593 5066 3006 5125 exustimentur,
3043 5065 3094 5117 id
3132 5063 3239 5126 'est,
3269 5063 3415 5132 quod
3470 5072 3713 5119 venereis

478 5133 765 5188 Terentius
792 5130 1033 5201 loquitur
1059 5136 1110 5188 in
1141 5134 1401 5188 Eunucho
1430 5140 1537 5185 act.
1562 5131 1615 5192 4,
1647 5146 1797 5185 scen.
1826 5134 1898 5202 5.7
2129 5134 2461 5192 abstineant,
2491 5149 2610 5202 quae
2631 5142 2835 5188 veteres
2859 5133 3057 5202 ἀνόητα
3085 5130 3357 5189 dixerunt.

546 5204 758 5270 (δι-δι)
788 5204 898 5254 Καὶ
920 5206 1016 5272 τῆς
1046 5205 1204 5273 εὐνῆς
1228 5202 1494 5273 φύλακας,
1520 5202 1771 5273 Alludere
1816 5201 2032 5273 videtur
2206 5202 2317 5271 (36)
2359 5203 2487 5273 Vide
2513 5201 2776 5257 Canones
2821 5201 3193 5273 apostolorum
3236 5204 3329 5269 21,
3364 5205 3464 5267 22,
3487 5204 3579 5266 ‘25,
3619 5203 3710 5258 ubi

549 4580 761 4648 (93-28)
794 4578 814 4631 l
844 4575 1092 4648 Corinth.
1132 4592 1226 4640 vit,
1267 4593 1410 4632 vers.
1442 4580 1496 4634 9.

547 4646 659 4717 (29)
715 4646 996 4717 Sententia
1038 4648 1311 4700 notanda:
1349 4650 1545 4701 mirum
1574 4658 1635 4702 ut
1694 4649 1764 4703 sit
1809 4646 2028 4702 Tertul-

478 4715 681 4773 lianum
725 4718 819 4771 lib.
854 4715 927 4771 De
958 4718 1299 4784 monogamia
1330 4717 1589 4771 Didonem
1621 4718 2024 4782 commendare,

477 4787 620 4858 quod
673 4800 740 4841 ne
791 4782 1318 4858 scc_undas__n'uptias
1357 4789 1733 4858 experiretur,
1773 4788 2027 4858 maluerit

477 4851 582 4923 tiri,
604 4870 765 4975 quam
800 4855 1029 4908 nubere.
1061 4851 1152 4907 Uri
1178 4851 1305 4909 cum
1338 4851 1492 4923 dicit,
1519 4857 1709 4910 alludit
1745 4856 1812 4909 ad
1864 4856 2023 4909 fabu-

478 4927 583 4975 lam
640 4925 862 4975 )idonis.

478 4927 583 4980 lam
618 4926 862 4979 Didonis.

478 5272 543 5324 ad
564 5281 800 5325 veterem
825 5271 1053 5333 morem,
1079 5271 1186 5341 quo
1204 5272 1457 5326 castratis
1487 5271 1615 5339 regii
1641 5293 1656 5322 ι
1677 5271 1876 5341 ubiculi
1899 5286 2030 5324 cura

480 5340 927 5410 demandaﬁhatur,
955 5342 989 5396 l.
1012 5343 1066 5395 4.
1099 5342 1173 5395 De
1203 5356 1365 5410 praep.
1394 5342 1552 5410 sacri
1577 5340 1751 5394 cubic.
1783 5340 2035 5395 Ambros.

479 5409 513 5462 5
546 5425 613 5477 ep
643 5450 657 5474 ,
692 5409 957 5464 «Gallicus
995 5409 1312 5478 praepositus
1346 5409 1601 5478 cubiculi,
1633 5411 1917 5478 eunuchus
1959 5425 2040 5462 rc-

480 5478 617 5547 gius.
644 5499 661 5530 ι
702 5477 951 5536 Sou'atcs
972 5476 1024 5535 (ἶ.
1058 5476 1353 5551 Εὐτρόπιος
1379 5477 1626 5545 εὐνοῦχος
1648 5476 1921 5547 προεστὼς
1953 5478 2045 5531 τοῦ

2143 5273 2357 5343 plenius
2383 5272 2648 5343 dignius.

2223 5340 2430 5411 (57-59)
2456 5339 3033 5411 Reduciturlex'vctus
3053 5341 3140 5399 54.
3169 5339 3196 5411 §
3226 5341 3277 5402 4,
3296 5341 3328 5393 l.
3354 5340 3442 5411 57,
3462 5340 3514 5393 in
3534 5340 3625 5395 lin.
3654 5342 3710 5395 ll'.

2154 5410 2227 5463 De
2255 5409 2489 5477 jurejur.
2520 5410 2638 5481 L79,
2662 5410 2723 5481 Ο.
2751 5409 2822 5465 De
2852 5412 2977 5481 reb_._
2997 5409 3277 5481 credgllis
3304 5409 3444 5464 adde
3498 5426 3621 5480 qua:
3646 5413 3712 5467 de
3750 5474 3758 5481 _

2149 5481 2459 5548 iuramento
2490 5480 2777 5535 calumnia:
2801 5480 2907 5535 dixi
2934 5478 3071 5536 Nov.
3095 5480 3183 5545 97,
3211 5496 3373 5550 supra
3399 5478 3522 5536 eod.
