4062 6202
371 119 476 182 623

1592 104 1872 168 LEONIS
1902 103 2361 165 PHILOSOPHI

3507 102 3616 168 624

369 248 587 306 cunque
617 231 684 286 ad
714 231 891 287 bonos
929 243 1112 284 mores
1139 225 1432 299 pertinent,
1477 223 1594 277 haec
1627 233 1682 276 et
1711 219 1943 290 singulis

2055 219 2283 288 τρόπων,
2332 238 2507 274 ταυτα
2569 220 2664 274 καὶ
2711 220 2792 273 ἐνὶ
2835 220 3051 291 ἑκάστῳ
3089 220 3184 274 καὶ
3217 219 3296 291 τῷ
3326 219 3492 290 κοινῷ
3513 220 3616 290 τῆς

368 337 424 386 et
453 327 729 388 universe
785 322 1127 393 reipublicae,
1199 333 1321 389 quae
1352 333 1382 371 a
1408 332 1492 371 me
1513 315 1579 368 ad
1618 310 1941 368 invenienda

369 417 665 476 dummodo
688 415 916 485 possim,
950 420 1044 466 aut
1070 411 1138 464 ab
1176 409 1299 463 aliis
1333 407 1552 461 inventa
1579 405 1630 458 in
1667 402 1942 474 publicum

372 525 532 567 usum
558 507 878 564 deducenda
913 510 1096 573 petant
1125 508 1178 555 et
1232 498 1586 560 contendant,
1620 496 1673 549 in
1707 494 1942 548 medium

370 613 537 669 pono.
569 595 647 649 Ac
675 595 882 648 idcirco
921 605 1084 660 supra
1115 589 1252 642 alias
1310 587 1426 640 hac
1468 585 1630 640 etiam
1685 585 1792 646 lex,
1825 597 1947 651 qua:

370 704 496 745 eum
525 688 617 756 qui
647 687 880 754 aliquem
903 680 1284 750 adjurandum
1333 679 1521 748 adigit,
1549 693 1608 734 se
1651 676 1762 747 (40)
1795 675 1945 729 nullo

367 779 498 833 dolo
523 775 692 839 malo,
745 786 923 841 neque
979 769 1288 824 facessendi
1358 767 1561 838 negotii
1620 766 1825 830 animo,
1850 763 1946 819 sed

371 880 432 925 ut
455 869 555 932 rei,
591 865 750 935 cujus
776 862 1133 933 ambiguitate
1175 861 1317 915 ratio
1347 861 1522 931 ipsius
1547 868 1765 920 aestuat,
1797 856 1944 910 veri-

370 971 535 1015 tatem
561 954 1282 1028 cognoscat,jusjurandum
1315 953 1554 1022 exigere,
1579 952 1733 1021 prius
1755 950 1947 1018 jurare

364 1052 519 1122 jubet
549 1067 563 1103 :
593 1063 717 1103 cum
759 1047 905 1100 velut
933 1044 1268 1114 disperierit,
1317 1058 1439 1113 quae
1467 1043 1754 1097 reviviscat
1786 1040 1946 1109 digna

370 1144 484 1196 visa
506 1149 609 1196 est.
643 1138 777 1193 Cum
818 1136 962 1191 enim
993 1135 1045 1189 id
1067 1135 1347 1190 decretum
1375 1144 1522 1188 recte
1581 1131 1949 1188 veterioribus

372 1231 692 1301 placuisset,
717 1226 1054 1282 recentiores
1086 1225 1207 1293 ejus
1230 1224 1544 1278 cautionem
1583 1221 1946 1292 negligentes,

370 1316 960 1387 delatojurejurando,
989 1330 1018 1367 a
1078 1329 1186 1382 quo
1222 1315 1478 1383 exigitur,
1535 1313 1682 1365 hunc
1728 1309 1782 1364 id
1817 1308 1950 1364 sub-

372 1413 452 1468 ire
501 1411 732 1466 volunt:
765 1408 858 1478 qui
909 1420 1043 1463 vero
1089 1405 1282 1476 exigit,
1311 1404 1380 1460 de
1423 1419 1491 1460 eo
1535 1402 1675 1458 nihil
1725 1398 1948 1458 solliciti

372 1509 528 1560 sunt.

445 1773 649 1830 Statuit
693 1772 861 1843 igitur
891 1778 1080 1825 nostra
1105 1767 1388 1837 maiestas,
1429 1774 1490 1820 ut
1515 1764 1817 1820 secundum
1859 1780 1953 1818 ve-

373 1879 550 1925 terum
571 1864 684 1937 (41)
740 1864 1111 1934 legislatornm
1163 1862 1442 1916 decretum
1502 1858 1950 1926 juramentorum

375 1957 549 2014 forma
583 1963 833 2012 servetur
865 1973 879 2008 :
913 1962 966 2009 et
992 1953 1086 2022 qui
1117 1953 1186 2007 ab
1219 1950 1546 2007 adversario
1579 1950 1797 2004 auferre
1826 1951 1951 2019 jus-

368 2051 666 2122 jurandum
692 2055 942 2109 conatur,
988 2061 1149 2113 quam
1184 2044 1342 2098 ﬁdem
1379 2059 1443 2098 cx
1481 2043 1603 2098 aliis
1631 2043 1848 2112 quaerit,
1887 2042 1954 2097 de

374 2142 618 2197 moribus
644 2140 760 2195 suis
793 2138 944 2208 prius
977 2137 1093 2204 ipse
1117 2143 1337 2205 praestet
1368 2154 1381 2190 :
1418 2135 1565 2204 quod
1621 2149 1815 2202 nempe
1846 2149 1951 2188 non

373 2233 521 2299 dolo,
578 2234 673 2288 sed
733 2230 1051 2285 necessario
1105 2236 1160 2284 et
1212 2227 1509 2283 incvitabili
1558 2225 1626 2281 de
1666 2241 1832 2280 causa
1887 2226 1953 2280 ad

373 2325 732 2382 deferendum
804 2321 1196 2393 jnsjur’andum
1310 2319 1590 2390 procedat.
1689 2318 1955 2373 Existimo

374 2419 544 2482 enim,
602 2431 729 2471 cum
783 2416 944 2469 ambo
979 2415 1054 2468 ita
1090 2413 1156 2468 ad
1177 2412 1479 2481 jurandum
1538 2411 1827 2481 adigentur
1862 2419 1955 2462 ant

374 2508 751 2564 dilucidiorem
777 2505 1176 2574 injnramentis
1209 2504 1479 2558 exituram
1518 2503 1826 2564 veritatem,
1859 2509 1955 2554 aut

374 2601 478 2653 hos
501 2600 685 2669 aliquo
718 2598 880 2651 modo
913 2595 1314 2662 reprimendos,
1341 2609 1521 2658 neque
1551 2601 1661 2646 tam
1696 2601 1951 2662 prompte

374 2692 654 2760 alacrique
675 2704 890 2757 gressu,
931 2697 1098 2756 atque
1164 2701 1310 2741 nunc
1357 2685 1613 2755 progredi
1675 2684 1952 2750 videntur,

375 2780 444 2835 ad
464 2779 819 2836 deferendum
842 2776 1232 2848 jusjurandum
1270 2775 1606 2847 prodituros.

866 2959 1332 3017 CONSTITUTIO
1395 2960 1459 3016 C.

377 3057 453 3112 De
500 3055 663 3111 umis
717 3053 808 3125 qui
857 3053 1038 3108 liberis
1084 3055 1140 3108 in
1181 3053 1580 3125 matrimonium
1625 3054 1956 3125 conjungtm-

987 3133 1073 3178 tur
1106 3124 1345 3193 (ιε-ιδ).

446 3218 596 3276 Idem
621 3219 925 3290 imperator
950 3218 1130 3274 eidem
1171 3217 1442 3289 Styliano.

445 3311 638 3382 Leges,
705 3311 832 3381 quia
860 3326 923 3366 ex
958 3310 1197 3380 benigno
1243 3310 1355 3381 (44)
1406 3309 1619 3375 judicio
1675 3315 1956 3380 prognata:

379 3410 532 3469 sunt,
557 3403 693 3459 bona
710 3417 810 3458 sua
833 3401 1179 3457 ordinatione
1201 3408 1255 3456 et
1289 3401 1664 3457 moderamine
1694 3402 1762 3456 iis
1789 3403 1953 3457 etiam

379 3491 796 3554 controversiis.
829 3506 951 3563 qua:
966 3506 1074 3546 non
1093 3489 1389 3545 admodum
1422 3490 1617 3546 crebro
1647 3490 1759 3561 (45)
1783 3490 1838 3545 in
1866 3506 1955 3546 res

378 3583 649 3640 humanas
681 3583 959 3648 incidunt,
990 3583 1256 3637 auxilium
1323 3581 1465 3637 ferre
1524 3582 1844 3637 instituunt.
1891 3581 1960 3635 At

379 3690 512 3731 vero
572 3690 696 3730 cum
765 3683 929 3729 tanta:
964 3674 1322 3746 benignitatis
1363 3674 1498 3738 sint,
1534 3674 1814 3742 quomodo
1845 3689 1958 3727 non

381 3767 542 3836 longe
587 3766 760 3836 magis
782 3780 995 3832 eorum,
1027 3781 1148 3835 quae
1173 3766 1228 3819 in
1275 3765 1560 3819 hominum
1596 3765 1706 3817 vita
1738 3765 1963 3820 assidue

382 3866 714 3924 versantur,
766 3872 956 3912 curam
1007 3857 1348 3926 suscipient?
1407 3855 1465 3909 Si
1518 3857 1662 3910 enim
1715 3857 1963 3912 medicus

380 3949 656 4019 quispiam
688 3949 757 4004 iis
795 3965 916 4018 quae
947 3949 1131 4002 minus
1184 3957 1392 4017 angunt
1429 3963 1619 4002 curam
1681 3948 1961 4012 adhibeat,

383 4057 508 4111 quae
540 4057 670 4096 vero
701 4042 875 4112 magis
909 4049 1140 4109 angunt,
1171 4040 1416 4112 negligat
1459 4058 1472 4094 :
1505 4041 1559 4095 id
1588 4042 1732 4111 quod
1781 4043 1964 4095 minus

381 4134 554 4206 angit,
586 4149 693 4189 non
725 4150 822 4205 per
886 4133 1141 4203 peritiam
1175 4140 1230 4188 et
1258 4135 1606 4204 prudentiam
1657 4149 1856 4188 curare
1883 4134 1964 4188 vi-

382 4226 612 4280 deatur?

455 4315 531 4370 Ea
556 4323 782 4388 propter
813 4317 992 4388 legum
1018 4317 1268 4389 dignitati
1313 4319 1435 4389 plus
1470 4319 1777 4387 maiestatis
1815 4322 1964 4375 attri-

384 4410 650 4477 bucntes,
726 4411 872 4482 quod
945 4411 1211 4467 hactenus
1273 4429 1338 4468 ex
1408 4415 1807 4471 consuetudine
1876 4416 1961 4470 di-

2049 311 2324 373 πολιτείας
2371 313 2542 383 εὐχὴν
2590 312 2686 366 καὶ
2737 312 3023 382 ἀγώνισμα
3072 312 3291 382 τίθεμαι
3340 316 3437 367 καὶ
3483 317 3614 386 παρ’

2047 402 2285 472 ἐμαυτοῦ
2324 403 2825 475 προσεξευρίσκειν,
2849 405 2903 456 εί
2919 404 3254 473 τιβυναίμην
3279 405 3345 468 ⁸⁸,
3369 405 3466 458 καὶ
3486 409 3618 476 παρ’

2051 492 2228 546 ἄλλων
2264 494 2640 566 ὲξευραμένων
2658 493 2704 526 ⁸⁸
2733 494 2830 565 τὴν
2877 495 3084 548 οίκείαν
3147 496 3408 564 παρέχειν
3469 497 3618 564 ώφές

2045 584 2216 638 λειαν.
2244 584 2343 638 Διά
2365 585 2523 639 τοῦτο
2557 588 2649 640 ἐπὶ
2695 591 2807 650 τοῖς
2843 587 3022 649 ἄλλοις
3071 587 3167 639 καὶ
3216 581 3371 650 οὗτος
3410 591 3543 658 ἡμῖν
3591 591 3619 641 ὁ

2047 678 2210 746 νόμος
2247 673 2358 730 οἷον
2405 678 2745 748 ἀποφθαρεὶς
2778 680 2960 747 τυχεῖν
3018 676 3368 740 ἀναδιώσεως
3419 677 3616 743 ἔδοξεν,

2046 768 2105 830 ὃς
2147 768 2359 821 κελεύει
2386 769 2478 820 τὸν
2531 770 2611 832 είς
2638 769 2884 837 ἀνάγκην
2913 769 3005 821 τοῦ
3058 768 3288 837 ὀμνύναι
3319 769 3442 822 τινὰ
3485 771 3620 823 καθ-

2049 858 2284 912 ιστῶντα
2320 858 2483 913 αὐτὸν
2524 859 2898 928 ὲπομόσασθαι
2933 854 3254 929 πρότερονῆ
3293 859 3399 929 μὴν
3437 859 3499 911 οὐ
3524 877 3622 912 κα·-

2050 948 2286 1020 κουργίᾳ
2309 950 2400 1000 τὸν
2445 951 2608 1019 ὅρκον
2657 952 2849 1010 αἰτεῖν.
2887 950 2994 1003 οὐδ’
3042 950 3149 1003 ἀπὸ
3175 950 3402 1020 γνώμης
3449 950 3622 1003 δολιό-

2047 1058 2170 1110 τητι
2193 1042 2239 1072 “
2269 1042 2615 1111 κινουμένης,
2638 1042 2774 1095 ἀλλὰ
2791 1042 3064 1112 ζητούσης
3086 1041 3270 1096 πίστιν
3283 1041 3470 1096 λαϐεῖν
3487 1043 3620 1111 περὶ

2050 1128 2125 1187 ὧν
2175 1134 2207 1202 ἡ
2255 1132 2555 1202 ἀμφιϐολία
2597 1133 2850 1203 κυμαίνει
2907 1134 3033 1196 τοὺς
3068 1132 3378 1203 λογισμούς.
3423 1134 3623 1196 Καλῶς

2051 1225 2160 1295 γὰρ
2193 1224 2289 1277 τοῦ
2311 1225 2557 1278 τοιούτου
2592 1225 2637 1256 ⁸⁷
2668 1224 3037 1293 θεσπίσματος
3067 1224 3319 1288 δόξαντος
3364 1228 3476 1288 τοῖς
3523 1227 3625 1296 ἀρ-

2059 1318 2383 1389 χαιοτέροις,
2430 1317 2480 1370 οἱ
2539 1315 2791 1386 νεώτεροι
2852 1315 3004 1386 παρὰ
3055 1315 3258 1384 φαῦλον
3310 1316 3528 1384 θέμενοι
3564 1319 3626 1370 τὺ

2052 1409 2264 1465 ἐκεῖθεν
2295 1408 2558 1477 ἀσφαλὲς,
2617 1407 2878 1478 ὁρκίων³⁸
2925 1406 3114 1476 χρείας
3168 1407 3625 1477 προϐεϐλημένης

2053 1505 2145 1559 τὸν
2187 1503 2286 1573 μὲν
2319 1500 2719 1570 ἀπαιτούμενον
2753 1499 2995 1565 ἀξιοῦσιν
3029 1499 3253 1570 ὑπέχειν
3297 1500 3388 1552 τὸν
3431 1501 3617 1572 ὅρκον,

2055 1596 2185 1666 περὶ
2208 1597 2264 1648 δὲ
2284 1593 2381 1649 τοῦ
2415 1595 2666 1647 ἀπαιτεῖν
2699 1591 3002 1660 ἐγνωκότος
3028 1591 3180 1644 οὐδὲν
3226 1591 3628 1663 πολυπραγμο-

2054 1691 2261 1746 νοῦσιν.

2155 1780 2358 1852 Ὀρίζει
2390 1776 2482 1834 οὗν
2506 1779 2566 1833 τὸ
2602 1779 2871 1849 ἡμέτερον
2906 1778 3104 1846 κράτος
3149 1776 3290 1830 κατά
3333 1776 3394 1830 τὸ
3448 1777 3627 1846 δόγμα

2053 1875 2162 1928 τῶν
2230 1873 2397 1927 πάλαι
2449 1871 2928 1941 νομοθετησάντων
2989 1869 3079 1921 τὸν
3125 1868 3294 1921 τύπον
3339 1868 3628 1938 τηρεῖσθαι

2053 1967 2162 2022 τῶν
2195 1967 2403 2037 ὅρκων,
2443 1968 2537 2019 καὶ
2569 1965 2662 2016 τδν
2719 1964 2901 2016 λαὸεἷν
2954 1962 3283 2032 ὡρμημένον
3341 1962 3489 2031 παρὰ
3529 1961 3628 2014 τοῦ

2053 2057 2578 2130 διαμφισϐητοῦντος
2617 2057 2779 2126 ὅρκον
2817 2055 2864 2086 ⁸ο
2908 2053 3106 2123 μέρους
3148 2053 3310 2106 αὑτὸν
3363 2054 3630 2122 πρότερον

2055 2149 2084 2202 ὃ
2115 2149 2268 2218 ζητεῖ
2305 2149 2607 2218 παρασχεῖν
2640 2147 2686 2178 ³⁸
2717 2144 2824 2197 τῶν
2853 2145 3069 2197 οίκείων
3096 2144 3311 2214 τρόπων
3344 2144 3627 2212 ἐχέγγυον,

2054 2241 2128 2302 ὡς
2161 2241 2221 2294 ού
2244 2240 2664 2308 κακομηχάνως,
2689 2236 2806 2290 ἀλλ’
2849 2235 3162 2303 ἀναγκαίως
3191 2236 3286 2287 καὶ
3315 2235 3411 2288 σὺν
3451 2235 3629 2302 ἀπρο-

2056 2330 2301 2400 φασίστῳ
2327 2329 2486 2400 χρείᾳ
2519 2329 2654 2399 πρὸς
2679 2329 2778 2398 τὴν
2811 2326 3066 2396 τοιαύτην
3101 2323 3266 2396 ἦλθεν
3310 2326 3632 2395 ἀπαίτησιν.

2056 2422 2225 2493 Οἶμαι
2265 2423 2394 2493 γὰρ,
2430 2420 2602 2484 οὕτως
2649 2421 2976 2490 ἀμφοτέρων
3030 2418 3166 2491 πρὸς
3214 2419 3275 2471 τὸ
3330 2418 3634 2488 ἐπομνύναι

2059 2512 2568 2582 καθισταμένων,ἢ
2627 2511 2844 2575 πάντως
2905 2510 3293 2580 λαμπροτέραν
3351 2509 3446 2562 ἐπὶ
3521 2509 3634 2562 τῶν

2055 2607 2233 2675 ὅρκων
2259 2604 2506 2674 προῖέναι
2548 2602 2647 2672 τὴν
2681 2602 2964 2671 ἀλήθειαν,
2999 2601 3032 2672 ἢ
3080 2599 3289 2662 τσῦτοις
3331 2599 3634 2668 ὑποστολὴν

2056 2714 2176 2748 τινα
2220 2694 2496 2761 δέξασθαι,
2535 2694 2630 2747 καὶ
2671 2693 2770 2764 οὐχ
2817 2693 2990 2756 οὕτως
3013 2694 3318 2762 προχείρως
3356 2691 3450 2744 καὶ
3495 2691 3637 2760 μετά

2059 2785 2288 2856 προόδου
2319 2786 2689 2857 ὲτοιμοτέρας,
2724 2785 2911 2856 ὥσπερ
2941 2783 3036 2837 νῦν
3063 2786 3344 2854 προϊόντες
3375 2782 3631 2853 ὁρῶνται,

1981 2874 2024 2932 C
2060 2879 2418 2950 προάγεσθαι.

2595 2971 2904 3024 ΔῙᾹΤᾹΞΙΣ
2933 2969 2988 3022 P'
3006 2970 3074 3024 ¹⁹¹.

2057 3061 2198 3131 Περὶ
2219 3062 2691 3131 συναπτομένων
2731 3061 3048 3186 ἓέκετωξξῦν
3082 3056 3420 3127 προσώπων
3463 3057 3637 3110 ἐλευ-

2797 3149 2922 3186 οοιρ
2989 3169 3003 3184 .

2792 3149 2922 3199 pore
2939 3149 3003 3184 ".

2144 3222 2200 3277 '0
2226 3224 2387 3288 αὐτὸς
2419 3223 2668 3294 βασιλεὺς
2701 3221 2977 3292 Στυλιανῷ
2998 3220 3074 3291 τῷ
3100 3221 3268 3291 αὐτῷ.

2128 3313 2518 3384 Φιλανθρώπου
2547 3313 2774 3383 γνώμης
2816 3313 2968 3374 ὄντες
3021 3314 3070 3365 oi
3111 3311 3266 3381 νόμοι
3300 3310 3638 3379 γεννήματα,

2059 3408 2125 3475 τῇ
2156 3405 2363 3457 ἑαυτῶν
2394 3402 2616 3472 εὐταξίᾳ
2645 3404 2742 3457 καὶ
2764 3402 3103 3470 διευθετήσει
3147 3403 3240 3454 καὶ
3265 3400 3393 3472 περὶ
3420 3401 3528 3453 τῶν
3564 3401 3638 3468 μὴ

2061 3496 2202 3550 πάνυ
2238 3496 2448 3566 συχνῶς
2490 3495 2961 3566 ἐπιχωριαζόντων
3005 3493 3314 3562 ἀνθρώποις
3356 3490 3640 3562 ἀμφισϐη-

2060 3587 2319 3658 τημάτων
2354 3586 2668 3656 προαίρεσιν
2698 3585 2974 3638 ποιοῦνται
2994 3583 3333 3650 συνεισάγειν
3361 3581 3636 3652 βοήθειαν.

2063 3679 2329 3748 Τοιαύτης
2359 3677 2403 3731 δ’
2434 3678 2586 3740 ὄντες
2619 3676 3048 3746 φιλανθρωπίας,
3078 3673 3193 3736 πῶς
3222 3673 3282 3725 ού
3311 3673 3446 3726 πολὺ
3479 3672 3641 3726 πλέον

2065 3772 2289 3832 εἰκότως
2341 3771 2467 3840 περὶ
2516 3770 2626 3821 τῶν
2681 3769 2738 3820 ὲν
2772 3767 2870 3838 βίῳ
2899 3768 2988 3820 διὰ
3030 3767 3231 3828 παντὸς
3258 3765 3644 3838 στρεφομένων

2064 3861 2162 3931 τὴν
2202 3861 2470 3931 μέριμναν
2501 3858 2899 3928 ἀναλήψονταις
2956 3857 3012 3909 Ὁ
3033 3859 3078 3889 ¹³³
3114 3856 3224 3926 γὰρ
3272 3857 3331 3908 τὸ
3385 3854 3646 3925 ἐπιμελὲς

2067 3951 2334 4021 περὶτῶν
2386 3950 2605 4002 ἔλαττον
2641 3949 2955 4002 λυπούντων
2995 3951 3076 4011 είς
3125 3948 3381 4018 φροντίδα
3435 3948 3640 4016 φέρων,

2066 4045 2133 4097 τὰ
2165 4043 2363 4114 μᾶλλον
2398 4042 2632 4097 ἀνιῶντα
2665 4041 2922 4111 παρορῶν
2950 4041 3071 4093 οὐδὲ
3101 4041 3200 4111 τὴν
3236 4043 3364 4111 περὶ
3410 4040 3502 4093 τοῦ
3554 4040 3646 4091 λυ-

2070 4135 2297 4198 ποῦντος
2345 4135 2565 4188 ἔλαττον
2620 4133 2937 4204 ἐπιμέλειαν
2975 4133 3175 4200 δόξειεν
3223 4133 3289 4186 ἂν
3346 4135 3410 4186 ἐκ
3456 4131 3647 4184 τούτου

1993 4221 2040 4277 Ι)
2067 4227 2364 4298 προμηθῶς
2408 4226 2698 4280 ποιεί-σθαι.

2140 4321 2238 4373 Διά
2285 4317 2442 4371 τοῦτο
2470 4319 2533 4386 δὴ
2577 4316 2656 4385 τῷ
2705 4315 2812 4367 τῶν
2864 4315 3043 4383 νόμων
3082 4313 3355 4383 ἀξιώματι
3380 4312 3542 4364 πλέον
3569 4314 3648 4373 εἰς

2071 4413 2373 4484 σεμνότητα
2417 4411 2693 4480 νέμοντες,
2724 4407 2781 4460 τὸ
2837 4406 3002 4476 μέχρι
3058 4405 3152 4459 νῦν
3207 4404 3310 4457 ὑπὸ
3359 4402 3650 4472 συνηθείας

1692 4621 1925 4677 VAlil/E
1958 4622 2364 4679 LECTIONES.

431 4740 478 4773 ⁸⁵
507 4738 621 4794 Ecl.
667 4737 875 4808 δύναμα

883 4756 935 4810 ι,
974 4739 1020 4772 ⁸³
1048 4737 1161 4793 Ecl.
1212 4739 1577 4810 ἐξευρημένα.
1612 4739 1833 4797 Rectius
1886 4742 2136 4796 fortasse.
2202 4742 2248 4772 ⁸⁸
2286 4739 2358 4793 Ita
2393 4739 2698 4810 ECLVulgo
2727 4736 3013 4810 δηλονότιὲ
3055 4732 3100 4810 _"’
3137 4731 3255 4810 Ecl._
3283 4729 3376 4783 τοῦ
3423 4728 3647 4810 remige,

384 4808 804 4892 .Apu‘dIScr'img.
837 4809 1101 4892 articulus
1137 4808 1236 4892 ,τοῦ
1273 4808 1458 4892 deest;
1538 4811 1582 4841 ⁸⁸
1617 4810 1805 4880 Steph.
1861 4813 2096 4892 e_mend._
2124 4813 2320 4892 ὅρκων;
2400 4810 2443 4842 ⁸⁸
2466 4810 2579 4892 Ecl.
2602 4809 2811 4892 fsztov.

2905 4806 2951 4836 ὀ
2979 4803 3091 4856 Ecl.
3117 4802 3397 4871 παρέχειν.
3488 4802 3531 4831 ⁹¹
3561 4799 3655 4853 Bst

386 4871 453 4952 i_n'
476 4879 588 4952 Ecl.
641 4871 784 4935 Nov:
835 4879 926 4934 48.
980 4880 1025 4911 θ’
1059 4879 1173 4935 Ecl.
1213 4880 1343 4950 περὶ
1390 4879 1499 4934 τών
1567 4871 1798 4934 συναπτ.
1853 4883 2106 4952 οίκετικῷ
2139 4871 2417 4952 προσώπῳ
2475 4871 2796 4949 ἐλευθέρων.
2859 4878 2906 4909 ’³
2931 4874 3104 4943 Vulgo
3152 4873 3233 4925 ού.
3298 4872 3406 4926 Sed
3469 4871 3652 4940 legen~

385 4949 516 5006 dum
541 4951 591 5006 ὁ.

1909 5088 2144 5147 NOTIE.

464 5211 576 5283 (40)
595 5209 730 5264 Οὐδὲ
747 5206 856 5262 ἀπὸ
879 5207 1105 5283 γνώμης
1115 5206 1360 5283 ᾷηλονότι
1381 5204 1973 5283 κινουμένηςβετίηιε.

389 5249 1243 5351 δοὶζάὲηζἷῖιῖὁζμέὗῖἷὸἷιῖἓξῖ
1256 5249 1360 5342 Ti,
1383 5249 1977 5351 ’Βὺἑξτὲῖέ,’ξέιέ”ὲί”ίξῖῗί

391 5352 473 5406 fra
499 5347 630 5405 Nov.
657 5351 781 5411 107.
807 5347 1074 5419 δολιότητι
1108 5347 1355 5418 γνώμης,
1375 5347 1521 5418 quod
1545 5357 1628 5404 est
1650 5348 1776 5404 dolo
1809 5347 1972 5412 malo,

399 5422 607 5478 malitia
644 5423 808 5475 mala.

471 5491 586 5562 (ιι)
608 5485 729 5546 Yid.
769 5491 821 5546 d.
860 5490 887 5562 ς
923 5492 974 5556 ι,
1003 5489 1056 5543 d.
1083 5489 1119 5544 ι.
1153 5489 1242 5557 57,
1269 5490 1324 5546 d.
1358 5492 1392 5545 ι.
1422 5491 1477 5546 9.

2142 5207 2357 5279 (ιε-ιδ)
2386 5207 2449 5261 Et
2478 5220 2667 5262 eorum
2709 5211 2854 5279 statu
2880 5218 2952 5279 ac
2971 5216 3154 5273 poena.

2146 5266 2256 5348 ζει)
2291 5266 2538 5333 sumitur
2557 5279 2701 5332 enim
2722 5277 2783 5348 in
2801 5266 3009 5348 dubiis,
3038 5284 3330 5348 causarum
3357 5266 3653 5338 benignior

2074 5341 2478 5429 interpretatio,
2505 5349 2614 5401 vid.
2635 5349 2686 5429 ‘l.
2726 5345 2849 5410 168,
2878 5344 2933 5398 Π.
2972 5344 3046 5399 De
3075 5359 3186 5414 reg.
3219 5341 3331 5412 jur.

2147 5416 2258 5490 (45)
2293 5418 2342 5474 Id
2369 5430 2472 5487 est,
2505 5416 2649 5489 quod
2685 5432 2832 5471 raro.
