4062 6202
336 179 444 242 625

1462 185 1827 248 NOVELL/E
1864 187 2534 256 CONSTITUTIONES.

3486 208 3594 274 626

336 287 733 359 διοικούμενον,
764 290 986 360 φημιδὲ
1019 292 1081 345 τὸ
1111 292 1240 363 περὶ
1283 294 1393 349 τῶν
1421 293 1482 360 ἐξ
1526 297 1711 352 ἀνίσου
1746 299 1883 371 τύχη

2015 302 2321 372 iudicatum
2348 312 2455 372 est,
2479 304 2548 361 de
2576 304 2646 362 iis
2667 320 2863 378 nempe
2894 309 2985 379 qui
3015 324 3081 367 ex
3110 310 3597 384 inaqualil’ortuna

333 379 620 449 ιλευθέρου
680 397 741 433 τε
824 381 919 434 καὶ
991 382 1351 454 δουλευούσης
1418 390 1918 457 νυμφαγιυγοῦντος

330 470 535 541 ἔρωτος
567 471 703 540 πρὸς
745 472 1008 539 συζυγίαν
1041 474 1381 545 ἁρμόζεσθαι
1429 478 1913 551 φιλονεικούντων,

330 562 399 630 τῇ
446 561 665 631 νομίμῳ
725 563 1011 634 περιλήψει
1095 567 1497 637 ἀποδιδόαμεν,
1560 572 1654 623 καὶ
1719 573 1913 627 θεσπί-

329 652 497 721 ζομεν
539 654 610 717 ’⁵,
662 654 759 707 ὲάν
809 656 1094 728 ἐλευθερίᾳ
1147 658 1456 727 τιμώμενον
1489 663 1917 731 πρόσωπονδου-

328 745 487 816 λικῆς
537 746 712 799 ἕλοιτο
759 748 937 817 γάμον
987 749 1179 820 τύχης,
1239 752 1346 805 ὑπὸ
1398 754 1521 807 δυσ)⁵
1561 757 1770 822 τούτοις
1821 759 1915 814 τὸν

326 837 506 905 γάμον
545 837 729 907 ἔχουσι
766 841 811 872 ’⁸
864 841 1155 909 πράγμασι
1212 843 1563 897 συνίστασθαι
1631 848 1728 916 τὴν
1790 866 1911 903 συνο

327 929 525 996 ἀφειαν
550 945 565 959 ο
590 930 622 1000 ἦ
647 928 756 999 γάρ
772 930 865 983 καὶ
895 931 994 998 τὴν
1024 930 1145 1001 ῐσην
1162 932 1587 1002 ἀναλαμϐανέτω
1608 937 1818 1007 τύχηνὸ
1833 940 1912 1010 τῷ

324 1019 557 1090 δουλικῷ
588 1021 868 1090 προσώπῳ
897 1022 985 1075 διά
1028 1022 1123 1076 τοῦ
1157 1023 1359 1094 ἔρωτος
1410 1029 1837 1097 συναπτόμενος,
1874 1031 1907 1102 ἢ

323 1108 629 1179 καταϐολὴν
667 1111 1142 1182 προσομολογείτω
1177 1116 1510 1183 τιμήματος.
1556 1116 1626 1169 δι’
1656 1111 1719 1172 οὗ
1766 1120 1906 1173 ἀποο

321 1198 610 1268 λελυμένον
640 1202 740 1271 τῆς
769 1202 1018 1264 δουλείας
1066 1204 1127 1256 τὸ
1190 1204 1283 1257 ὑπ’
1321 1205 1493 1273 αὐτῆς
1544 1210 1907 1279 κατεχόμενον

323 1289 490 1358 μέρος
514 1290 617 1359 τῆς
644 1291 955 1363 ἐλευθερίας
987 1295 1276 1363 γενήσεται
1308 1295 1373 1347 ⁵⁸.
1393 1296 1555 1350 Ἀλλά
1586 1299 1759 1354 ταῦτα
1807 1303 1906 1370 μὲν

318 1380 555 1451 ἃδεήσει
588 1383 915 1438 καταόαλεῖν
942 1382 1053 1439 οἷον
1085 1387 1384 1458 ἀρραϐῶνά
1409 1407 1529 1441 τινα
1568 1391 1661 1443 τοῦ
1717 1392 1902 1445 ἀνίσου

319 1473 499 1541 γάμου
536 1475 629 1529 τὸν
662 1475 743 1538 είς
773 1477 1060 1531 κοινωνίαν
1108 1480 1424 1533 ὑπεισιόντα
1478 1481 1728 1552 δουλικῆς
1776 1485 1901 1553 ὀμι-

316 1560 439 1626 λίας
472 1564 543 1630 ⁸⁷,
570 1566 697 1628 τοὺς
740 1566 795 1619 δέ
834 1584 896 1636 γε
930 1568 1191 1632 δεσπότας
1225 1570 1480 1639 ὁρίζομεν
1540 1572 1662 1641 μηδ’
1703 1573 1900 1639 αὐτοὺς

2022 394 2213 466 (libera
2269 394 2524 450 videlicet
2577 404 2633 451 et
2697 399 2908 473 servili)
2968 417 3157 459 amore
3210 405 3510 475 instigante
3542 409 3597 462 in

2020 485 2431 539 matrimonium
2483 486 2743 559 coniungi
2812 492 3173 560 contendunt,
3215 495 3271 550 in
3304 497 3475 567 legem
3510 499 3598 553 in-

2017 577 2311 641 cludimus,
2361 593 2424 631 ac
2450 580 2754 645 sancimus,
2788 587 2914 638 ntsi
2970 584 3133 639 homo
3187 586 3324 643 liber
3379 591 3596 646 servilis

2016 681 2257 734 personae
2275 669 2492 737 nuptias
2532 679 2789 735 sectetur,
2810 673 2912 726 sub
2936 674 3135 743 duplici
3158 677 3258 730 hac
3288 679 3596 735 conditione

2016 760 2426 813 matrimonium
2464 762 2703 829 ineatur,
2736 772 2791 818 ut
2826 764 2872 819 is
2903 774 2997 819 aut
3019 769 3283 836 aequalem
3308 784 3428 823 cum
3472 786 3591 824 ser-

2013 849 2105 903 vili
2132 865 2389 917 persona,
2419 854 2507 907 cui
2543 870 2637 923 per
2664 870 2905 911 amorem
2953 858 3290 923 associatur,
3312 860 3586 914 fortunam

2011 942 2299 1010 suscipiat,
2332 952 2427 997 aut
2475 947 2733 1015 pretium,
2766 963 2877 1018 quo
2927 948 3020 1003 illa
3048 951 3313 1006 servitute
3355 952 3587 1007 liberata

2010 1032 2065 1085 in
2100 1033 2407 1089 libertatem
2444 1041 2751 1107 perveniat,
2786 1042 3001 1096 solvere
3058 1044 3364 1111 promittat.
3413 1046 3588 1107 Atque

2008 1119 2115 1175 hoc
2137 1123 2378 1190 quidem,
2414 1136 2672 1197 tanquam
2700 1129 2982 1199 inmqualis
3010 1133 3584 1188 matrimonii-arrliam

2007 1214 2324 1282 quamdam,
2362 1232 2484 1271 eum
2539 1220 2631 1289 qni
2665 1222 3082 1277 consuetudinis
3103 1224 3424 1279 societatem
3459 1242 3582 1279 eum

2008 1303 2190 1358 servili
2226 1321 2459 1374 persona
2488 1310 2610 1368 init.
2663 1310 2972 1376 persolvere
3019 1314 3318 1380 oportebit.
3376 1314 3583 1369 Statui-

2007 1409 2132 1448 mus
2164 1412 2294 1449 vero
2319 1398 2505 1463 etiam,
2543 1415 2611 1454 ne
2673 1402 2879 1455 domini
2928 1402 3029 1456 hac
3062 1403 3114 1456 in
3149 1418 3208 1459 re
3240 1420 3300 1459 se
3326 1405 3580 1459 inhuma-

2004 1486 2129 1539 nius
2158 1496 2348 1556 gerant
2384 1508 2396 1542 :
2424 1502 2497 1551 et,
2531 1493 2576 1545 si
2634 1507 2867 1559 persona
2889 1509 3011 1563 quae
3044 1509 3260 1548 servum
3302 1497 3356 1549 in
3393 1499 3582 1551 matri-

2008 1575 2250 1629 monium
2270 1578 2492 1648 delegit,
2511 1580 2719 1634 servire
2737 1581 2909 1645 malit,
2934 1583 3221 1652 utriusque
3237 1585 3472 1640 servitus
3489 1587 3581 1639 do-

316 1658 869 1730 ἀφιλανθρωπότερον
897 1663 1265 1727 διατίθεσθαι,
1302 1664 1441 1716 ἀλλὰ
1472 1664 1744 1718 δουλεύειν
1800 1667 1888 1735 μὲν

2010 1664 2141 1717 mini
2168 1666 2375 1735 (46-48)
2400 1678 2577 1724 morte
2609 1673 2934 1726 terminetur
2956 1692 2969 1725 λ
2990 1688 3161 1740 eaque
3189 1675 3278 1728 ubi
3303 1676 3575 1739 inciderit,

314 1751 679 1821 προελόμενον
742 1753 805 1807 τὸ
834 1754 1148 1824 πρόσωπον,
1188 1755 1216 1807 ὃ
1244 1754 1338 1808 τοῦ
1391 1756 1661 1809 οίκετικοῦ
1695 1756 1894 1826 μέρους

2002 1767 2127 1805 cum
2165 1754 2274 1823 (49)
2307 1757 2512 1823 liberis,
2544 1761 2588 1814 si
2620 1761 2764 1828 quod
2800 1762 2936 1831 ipsis
2975 1765 3384 1819 matrimonium
3410 1766 3577 1836 largi.

312 1842 562 1913 ᾐρέτισεν
613 1846 659 1878 ’⁸
707 1847 787 1909 είς
823 1849 1141 1915 συνάφειαν,
1173 1847 1298 1917 ὅρον
1326 1843 1466 1900 εἶναι
1517 1848 1618 1917 τῆς
1651 1848 1888 1914 δουλείας

2001 1852 2113 1898 tum
2140 1853 2244 1909 est,
2274 1847 2616 1903 dimittantur
2650 1852 2807 1906 liberi
2840 1871 2854 1907 :
2884 1855 2966 1907 sin
3004 1854 3058 1908 in
3109 1857 3427 1911 servitutem
3458 1873 3575 1923 non
3676 1870 3689 1875 ‘

309 1936 407 2005 τὴν
456 1935 551 1989 τοῦ
612 1937 873 1992 δεσπότου
925 1938 1382 2008 ἀποτελεύτησιν,
1439 1934 1509 2010 ἦς
1560 1939 1888 2011 ἀπαντώσης

1998 1937 2331 2001 consentiat,
2362 1944 2604 2010 nequein
2628 1954 2879 2013 promptu
2916 1946 3132 2011 habeat,
3162 1949 3305 2001 unde
3340 1950 3572 2017 pretium

307 2024 629 2097 ἐλευθέρους
645 2029 904 2099 ἀφίεσθαι
931 2030 1070 2099 μετά
1090 2018 1196 2083 τῶν
1226 2030 1442 2083 οίκείων
1480 2030 1707 2095 παίδων,
1730 2032 1785 2084 εἴ
1825 2048 1888 2099 γε

1997 2026 2155 2095 plene
2189 2029 2484 2096 persolvat,
2521 2032 2775 2089 libertate
2823 2050 2920 2104 per
2954 2036 3062 2090 vim
3094 2038 3393 2093 mulctetur
3421 2057 3437 2095 :
3474 2041 3571 2095 sed

306 2118 400 2170 καὶ
430 2118 626 2183 παῖδας
683 2120 712 2172 ό
770 2120 949 2190 γάμος
1004 2121 1189 2184 αὐτοῖς
1244 2119 1539 2189 ἑχαρίσατο
1568 2135 1581 2147 ⁸
1628 2120 1677 2171 εί
1711 2120 1767 2172 δὲ
1809 2119 1885 2189 μὴ

1995 2120 2240 2176 serviens
2272 2122 2413 2189 apud
2444 2124 2694 2178 euurlem
2721 2126 3027 2193 dominum,
3091 2129 3344 2185 mercede
3407 2141 3575 2200 quot-

307 2207 553 2262 σύνθοιτο
613 2210 908 2274 δουλεύειν,
969 2212 1109 2282 μήτε
1168 2211 1266 2281 τὴν
1319 2211 1713 2279 ἀποπλήρωσιν
1786 2213 1887 2280 τῆς

1991 2212 2151 2264 annis
2187 2211 2326 2267 binis
2358 2215 2550 2269 solidis
2576 2217 2926 2283 aestimanda,
2952 2221 3275 2276 servitutem
3308 2230 3385 2278 tot
3409 2224 3572 2278 annis

302 2300 470 2368 τιμῆς
485 2301 549 2353 ἐκ
582 2300 675 2354 τοῦ
706 2303 926 2373 ἑτοίμου
951 2302 1130 2374 ῥᾴδιος
1158 2301 1243 2371 εἴη
1276 2304 1600 2371 παρασχεῖν,
1649 2302 1741 2370 τῆς
1787 2303 1884 2371 μὲν

1989 2298 2167 2365 duret,
2197 2303 2344 2371 quod
2404 2316 2560 2373 pacto
2614 2309 2791 2375 pretio
2818 2308 2870 2362 in
2894 2312 3109 2378 plenam
3158 2328 3431 2367 summam
3473 2316 3569 2369 de-

300 2386 613 2461 ὲλευθερίας
647 2394 787 2447 κατά
821 2394 941 2463 βίαν
969 2394 1029 2446 ού
1061 2392 1471 2463 ζημιωθήσεται
1508 2395 1577 2457 ⁸³,
1637 2392 1880 2462 θητεύων

1989 2391 2154 2446 ducto
2199 2394 2480 2449 dominum
2538 2398 2669 2453 satis
2718 2414 2818 2469 pro
2849 2415 3009 2455 servo
3053 2404 3359 2473 accepisse,
3394 2421 3569 2475 neque

298 2476 357 2529 δὲ
406 2480 559 2549 παρὶ
602 2482 679 2551 τῷ
723 2483 875 2553 αύτῷ
924 2482 1180 2552 δεσπότῃ,
1226 2484 1312 2550 ἐφ’
1350 2482 1569 2553 ἑκάστῳ
1616 2481 1725 2535 ἔτει
1784 2483 1877 2536 τοῦ

1989 2482 2187 2552 iustam
2215 2501 2438 2542 causam
2467 2489 2533 2542 ad
2565 2490 2922 2547 detinendum
2948 2495 3187 2565 amplius
3212 2496 3414 2552 habere
3437 2509 3567 2551 sunt

300 2569 497 2637 μισθοῦ
574 2571 696 2625 δυσὶ
766 2572 1121 2642 λογιζομένου
1206 2573 1527 2642 νομίσμασι,
1600 2572 1875 2643 διαρκέσει
1983 2577 2280 2629 ostensnri.

294 2657 573 2723 τοσούτοις
654 2660 946 2730 ὑπηρετῶν
1002 2661 1236 2731 χρόνοις,
1322 2662 1438 2714 ὅσοι
1518 2662 1618 2731 τὴν
1672 2662 2105 2731 ὁμολογηθεῖσαν
2181 2664 2197 2695 ¹
2312 2666 2479 2737 τιμὴν
2560 2674 3187 2745 συγκεφαλαιωσάμενοι
3278 2678 3565 2747 μέλλουσιν

292 2755 571 2823 ἀποφῆναι
593 2755 685 2809 τὸν
714 2755 985 2826 δεσπότην
1015 2757 1238 2819 τελείως
1268 2758 1544 2829 ἀπέχοντα
1587 2758 1687 2828 τὴν
1737 2758 1880 2829 ὑπὲρ
1918 2756 2014 2810 τοῦ
2059 2757 2249 2812 δούλου
2299 2759 2484 2831 λῆψιν,
2538 2764 2633 2817 καὶ
2668 2767 2836 2838 μηδὲν
2897 2767 3119 2838 εὔλογον
3150 2770 3232 2825 ἐτι
3271 2774 3407 2846 πρὸς
3465 2776 3568 2848 τὴν

293 2847 532 2919 κατοχὴν
559 2848 991 2921 ἀποφερόμενον.

771 2938 1088 2992 ΔΙΔΤΑΞΙΣ
1129 2940 1219 2992 PA
1256 2944 1300 2997 ‘.

291 3024 436 3094 napi
481 3025 720 3081 δούλων
745 3028 815 3098 ἐν
835 3029 1174 3096 συντροφία
1231 3027 1422 3082 ὄντων
1451 3028 1551 3084 καὶ
1586 3029 1693 3085 τοῦ
1733 3029 1872 3098 ἐνὸς

687 3096 910 3167 μέρους
936 3098 1458 3166 ἐλευθερωθέντος.

373 3185 433 3239 ’0
457 3185 618 3251 αὐτὸς
660 3185 912 3256 βασιλεὺς
930 3186 1206 3257 Στυλιανῷ
1232 3187 1309 3258 τῷ
1330 3189 1502 3260 αὐτῷ.

358 3277 436 3331 Οὐ
460 3279 622 3348 μόνον
646 3281 675 3333 ὁ
702 3278 801 3350 τὴν
821 3279 995 3350 ἀρχὴν
1032 3279 1090 3346 ἐξ
1130 3278 1445 3351 ἐλευθερίας
1487 3281 1581 3335 καὶ
1624 3282 1871 3346 δουλείας

282 3368 569 3440 γινόμενος
598 3371 795 3441 γάμος,
822 3371 959 3423 ἀλλά
990 3371 1085 3424 καὶ
1112 3370 1173 3424 δν
1197 3372 1246 3425 οἱ
1277 3374 1471 3437 κοινῶς
1499 3374 1602 3427 ὑπὸ
1624 3375 1869 3429 δουλείαν

282 3460 568 3526 τελοῦντες
595 3463 690 3515 καὶ
720 3463 808 3516 διὰ
828 3462 997 3533 τύχης
1043 3463 1236 3532 ὁμοίας
1267 3464 1525 3534 ὑπῆλθον,
1577 3467 1669 3519 καὶ¹
1715 3462 1868 3530 οὗτος

283 3554 547 3617 πολλάκις
592 3555 708 3618 ἑνὸς
744 3555 946 3619 αὐτῶν,
980 3558 1029 3609 εἰ
1076 3556 1218 3609 οὕτω
1266 3556 1425 3628 τύχῃ,
1454 3559 1604 3628 παρά
1642 3558 1738 3612 τοῦ
1786 3559 1868 3611 δεο

279 3646 484 3699 σπότου
535 3645 787 3709 λυθέντος
823 3645 1087 3708 δουλείας,
1106 3644 1199 3699 τοῦ
1260 3646 1449 3717 ἐτέρου
1513 3648 1716 3717 μέρους
1768 3647 1865 3701 τοῦ

274 3735 481 3806 δεσμοῦ
508 3739 585 3808 μὴ
618 3737 1113 3799 συναπολυθέντος,
1147 3740 1228 3800 εἰς
1265 3737 1556 3808 ἀνισότητα
1605 3741 1865 3793 καθιστά-

278 3844 480 3897 μενος,
539 3829 605 3881 ὲκ
639 3827 896 3896 τοιαύτης
926 3828 1103 3891 αίτίας
1151 3827 1251 3879 οὐκ
1296 3827 1483 3898 ὀλίγης
1530 3829 1859 3899 ἀμφιϐολίας

274 3918 378 3972 καὶ
402 3918 682 3987 ζητήσεως
710 3921 775 3973 ὲκ
810 3920 906 3972 τοῦ
938 3919 1013 3990 μὴ
1054 3922 1238 3989 τυχεῖν
1273 3921 1504 3990 νομικῆς
1529 3921 1857 3991 διακρίσεως

2484 2946 2947 3007 CONSTITUTIO
2984 2953 3070 3007 Cl.

1984 3033 2061 3090 De
2090 3037 2254 3091 servis
2288 3038 2599 3109 conjugt'bus
2620 3042 2668 3094 si
2723 3042 2857 3096 alter
2913 3045 3131 3099 illorum
3187 3049 3433 3105 libertate
3461 3052 3562 3107 do-

2683 3126 2855 3168 netur.

2048 3195 2196 3251 Idem
2226 3197 2521 3268 imperator
2548 3201 2722 3257 eidem
2758 3205 3025 3275 Styliano.

2045 3285 2166 3342 Non
2204 3290 2379 3344 solum
2414 3291 2559 3361 quod
2618 3292 2760 3348 inter
2789 3312 3078 3365 personam
3116 3300 3342 3358 liberam
3370 3314 3425 3361 et
3444 3322 3560 3363 ser-

1976 3376 2136 3431 vilem
2198 3380 2267 3433 ab
2327 3380 2486 3434 initio
2549 3384 2898 3438 contrahitur
2958 3389 3371 3447 matrimonium
3419 3410 3556 3452 con-

1970 3469 2233 3531 trahitur,
2264 3471 2359 3526 sed
2384 3473 2527 3541 quod
2561 3477 2928 3533 communiter
2956 3480 3012 3535 in
3049 3485 3313 3541 servitute
3341 3487 3551 3557 degen-

1969 3568 2053 3616 tes
2080 3561 2133 3615 in
2167 3564 2280 3632 pari
2317 3564 2535 3619 fortuna
2554 3577 2969 3637 eentraxerunt,
3011 3574 3115 3629 hoc
3152 3576 3341 3644 etiam,
3372 3581 3552 3638 altero

1969 3650 2185 3705 illorum
2214 3653 2353 3709 forte
2382 3670 2411 3708 a
2441 3655 2666 3712 dmniuo
2695 3660 2949 3718 libertate
2979 3664 3205 3733 donato,
3226 3669 3401 3725 altero
3421 3688 3552 3729 vero

1968 3742 2022 3795 in
2053 3743 2317 3799 servitute
2338 3754 2573 3814 retento,
2603 3750 2668 3803 ad
2696 3750 3122 3821 inmqnalitatem
3139 3757 3422 3813 redactum
3443 3773 3550 3830 est,

1966 3848 2034 3887 ex
2070 3835 2381 3891 istiusmodi
2405 3852 2573 3894 causa
2606 3841 2762 3896 valde
2790 3846 3173 3903 contentiosas
3214 3849 3550 3921 ambiguita-

1966 3933 2049 3979 tes
2077 3933 2131 3980 et
2158 3927 2515 3996 quaestiones,
2556 3946 2622 3986 eo
2665 3934 2812 4002 quod
2867 3936 2984 4007 lege
3022 3937 3384 4008 dijudicatum
3436 3959 3546 3999 non

272 4011 399 4083 Ξριν
447 4014 718 4087 ἀνακινῶν
794 4014 1116 4082 καθορᾶται.
1189 4015 1570 4086 Ὀφειλόμενον
1618 4014 1712 4072 οὖν
1765 4020 1861 4073 καὶ

1995 4016 2054 4079 it,
2096 4031 2336 4086 persaepe
2364 4020 2710 4078 exsuscitare
2749 4026 3112 4095 conspicitur.
3174 4029 3312 4086 Cum
3361 4033 3550 4105 itaque

272 4100 437 4156 τοῦτο
496 4104 750 4173 νομισθὲν
801 4104 879 4174 τῷ
929 4104 1182 4175 ἡμετέρῳ
1248 4105 1442 4174 κράτει
1521 4108 1622 4176 τῆς
1687 4125 1862 4179 προσ-

1962 4105 2065 4160 ιιοο
2093 4123 2312 4177 quoque
2353 4124 2383 4163 a
2436 4124 2624 4166 nostra
2686 4116 2975 4185 majestate
3025 4119 3143 4191 lege
3193 4134 3544 4196 conceptum,

271 4194 520 4265 ηκούσης
559 4198 743 4265 τυχεῖν
794 4195 1091 4259 διαλύσεως
1127 4197 1217 4249 τὸν
1252 4196 1319 4249 δι’
1348 4194 1409 4251 οὒ
1434 4198 1861 4270 ρυθμισθήσεται

1989 4199 2353 4255 ιοιινειιίειιιει·
2400 4203 2668 4276 distingui
2725 4208 2989 4278 deberet,
3036 4212 3178 4270 hanc
3236 4232 3332 4286 per
3366 4194 3540 4288 quam

270 4283 439 4354 νόμον
461 4284 749 4356 ἀπείληφε.
798 4285 865 4340 Τί
913 4286 971 4339 δὲ
1015 4286 1077 4339 τὺ
1117 4286 1501 4358 νομοθέτημα;

345 4463 655 4535 Κελεύομεν
695 4465 756 4518 τὸ
784 4465 883 4535 τῆς
907 4440 1154 4529 δουλείας
1199 4466 1618 4536 ἀπηλλαγμένον
1664 4468 1875 4538 μέρος,

1884 4312 1937 4370 υ
1964 4298 2114 4345 recte
2135 4290 2473 4362 dijudicetur
2504 4297 2676 4369 legem
2712 4302 2947 4372 accepit.
2987 4303 3058 4357 At
3105 4321 3237 4361 vero
3294 4325 3417 4378 qua:
3450 4312 3543 4367 illa

1961 4380 2087 4436 lex?

2032 4473 2318 4540 Jubemus,
2358 4488 2418 4533 ut
2450 4479 2495 4534 si
2526 4482 2792 4538 servitute
2837 4484 3067 4540 liberata
3125 4504 3359 4559 persona
3407 4506 3540 4546 con-

267 4557 341 4610 ἂν
359 4555 459 4626 τὴν
511 4558 648 4627 πρὸς
702 4558 761 4611 τὸ
818 4557 1181 4627 καταλειφθὲν
1228 4557 1501 4611 δουλεύειν
1556 4562 1854 4630 συνάφειαν

1989 4566 2233 4622 unctioni
2278 4569 2422 4638 ejus,
2488 4588 2613 4642 quae
2639 4574 2691 4627 in
2722 4577 2991 4631 servitute
3063 4555 3250 4635 relicta
3298 4590 3405 4647 est,
3446 4598 3538 4637 ac-

267 4649 484 4721 ἀγαπᾷ,
519 4650 665 4703 κατά
711 4650 803 4704 τὸν
834 4651 1329 4722 νενομοθετημένον
1360 4649 1530 4704 τύπον
1553 4653 1573 4683 ⁸
1604 4652 1699 4705 ἐπὶ
1741 4652 1853 4707 τῶν

268 4740 333 4807 ἐξ
382 4741 697 4813 ἐλευθερίας
746 4741 843 4795 καὶ
920 4741 1167 4805 δουλείας
1238 4741 1731 4813 συναρμοζομένων
1794 4745 1855 4798 τὸ

1961 4658 2234 4726 quiescat.
2256 4662 2561 4718 secundum
2604 4665 2837 4721 formam
2882 4668 2993 4741 (50)
3033 4670 3102 4726 de
3124 4674 3375 4741 personis
3402 4674 3539 4729 libe~

1962 4747 2040 4802 ris
2101 4754 2158 4804 et
2202 4751 2494 4809 servilibus
2563 4757 2914 4814 matrimonio
2973 4761 3378 4833 eonjungendis
3418 4765 3537 4834 lege

1576 4927 1817 4983 VARl/E
1844 4928 2248 4989 LECTIONES.

325 5042 369 5081 "
402 5041 511 5099 Inc.
546 5040 765 5112 Ecloga.
834 5043 881 5120 ξ’
898 5041 1332 5120 ΕιεΙεσυνέχου-σι.
1409 5040 1573 5120 "_§ie_
1596 5040 1711 5095 Ecl.
1751 5044 1997 5120 quamvis
2025 5044 2158 5120 haee
2171 5046 2449 5120 Stephano
2473 5062 2723 5120 suspecta
2763 5056 2894 5112 sint.
2969 5060 3013 5091 ⁸⁷
3045 5059 3300 5117 Fortasse
3336 5063 3532 5119 adden~

263 5112 396 5182 dum
429 5130 445 5167 :
488 5115 726 5182 χωρήσει
753 5114 893 5182 πρὸς
928 5112 1055 5182 τοὺς
1095 5113 1382 5182 δεσπότας.

262 5178 661 5252 omissa-Quid
696 5183 741 5237 si
773 5178 914 5234 κατά
952 5181 1065 5251 βίον
1090 5180 1369 5252 legamus?
1461 5183 1477 5214 ¹
1508 5178 1595 5236 Ita
1617 5178 1733 5237 Ecl.

264 5250 407 5307 1555
438 5261 657 5306 notatur
688 5252 930 5315 ἀδεκτος.

1458 5113 1504 5214 ἰη
1540 5111 1741 5181 Spang.
1769 5111 2027 5235 θρὲτισεν
2054 5116 2218 5170 scribi
2264 5111 2395 5171 vult.

1508 5178 1585 5235 Ita
1617 5182 1733 5235 Ecl.
1817 5181 1940 5235 ultro
1968 5184 2277 5235 ομολογισθ.
2354 5190 2376 5220 ³

1817 5181 1940 5252 ulgo
1968 5184 2277 5253 ὁμολογισθ.
2354 5190 2376 5220 ³
2396 5188 2512 5244 Ecl.
2541 5189 2677 5246 Nov.
2702 5195 2791 5261 47,
2821 5181 3527 5267 ad'quani'i'ntlodfi’aris:

2508 5122 2682 5203 9"'Ecl.
2714 5128 3015 5203 ἰατά-βίαν
3071 5130 3221 5203 ζημοί
3240 5135 3530 5203 ηρεξιίθιιθ

1821 5368 2048 5428 NOTAE.

332 5480 539 5561 (4.9"?)
562 5480 698 5561 NOV:
737 5482 928 5561 10.".1-
957 5483 1118 5561 εὶοάς..
1241 5552 1273 5561 ..

340 5551 452 5624 (49)
488 5552 638 5607 ῒίιοιι
675 5554 760 5608 lex
790 5555 844 5618 5,
868 5555 920 5608 ll'.
957 5551 1034 5608 De
1064 5552 1300 5609 liberali.

2027 5484 2140 5555 (50)
2173 5484 2247 5542 De
2280 5502 2384 5557 qua
2416 5488 2621 5546 dictum
2656 5501 2740 5549 est
2769 5493 2904 5552 Nov.
2946 5500 3065 5567 l00,
3092 5517 3256 5573 supra
3294 5504 3416 5560 eod.
