4062 6202
514 217 616 280 697

1778 213 2045 274 LEONIS
2084 214 2541 279 PHILOSOPHI

3673 219 3780 285 628

518 335 971 401 comprehensam
1003 327 1409 383 matrimonium
1445 324 1813 395 indisruptum
1850 334 2087 382 maneat.

2213 331 2531 385 ιυνοικέσιον
2566 332 2928 407 ἀδιάρῤηκτον
2970 333 3137 406 ἔχειν.
3175 334 3269 388 Δεῖ
3302 334 3468 406 γάρῆ
3501 335 3602 404 τῆς
3637 334 3784 389 διδο-

518 423 746 494 Oportet
798 424 969 485 enim,
1000 426 1184 474 utaut
1215 418 1398 471 datam
1458 416 1563 471 sibi
1624 416 1929 472 libertatem
1981 433 2090 472 non

522 524 768 585 usurpet,
792 524 846 568 et
866 513 1147 582 aequaliter
1173 525 1297 565 cum
1335 509 1507 563 altera
1555 508 1809 564 libertate
1852 524 1961 563 non
1990 510 2094 564 do-

523 618 650 664 nata
682 607 963 662 servitutis
986 604 1173 673 jugum
1210 603 1426 665 subeat,
1460 601 1637 655 donec
1671 601 1784 673 (51)
1814 611 2095 657 extremus

522 705 645 755 vitae
671 701 789 754 dies
845 698 1071 753 domino
1108 696 1368 750 obveniat
1393 702 1543 761 :aut,
1580 694 1849 765 siquidem
1876 695 2098 749 liberta-

522 794 591 847 tis
645 792 963 859 dignitatem
996 803 1197 844 exuere
1221 788 1379 851 nolit,
1416 803 1513 857 pro
1535 786 1794 854 adjuncta
1832 788 1934 842 sibi
1971 803 2097 857 per-

522 897 655 937 sona
686 881 919 951 pretium
949 896 1008 934 sc
1044 881 1349 937 soluturam
1396 880 1702 951 promittat.
1756 881 2022 936 Caeterum
2050 882 2098 937 si

522 976 626 1029 hoc
652 975 908 1042 negliget,
935 980 989 1027 et
1017 989 1081 1027 ex
1115 974 1368 1027 libertate
1402 989 1500 1029 sua
1535 974 1830 1029 occasione
1858 988 2098 1045 arrepta,

524 1070 576 1123 in
601 1066 862 1123 servitute
890 1067 1133 1122 relictam
1165 1082 1457 1135 personam
1490 1068 1544 1122 in
1573 1068 1695 1122 vita:
1746 1084 1859 1123 sua:
1894 1076 2100 1123 statum

524 1162 773 1229 abripere
812 1168 1065 1222 conetur,
1105 1174 1211 1212 non
1244 1160 1420 1213 solum
1482 1175 1590 1213 non
1644 1162 1745 1213 hac
1788 1160 2102 1229 arrogantia

524 1250 822 1320 quidquam
850 1248 1072 1310 clliciat,
1122 1264 1300 1318 neque
1326 1250 1484 1304 alteri
1520 1251 1826 1305 libertatem
1858 1250 2099 1305 donandi

524 1347 850 1409 potestatem
886 1338 1080 1392 habeat
1109 1357 1121 1392 :
1161 1354 1347 1392 verum
1403 1338 1565 1393 etiam
1596 1340 1713 1408 ipsa
1744 1355 1905 1409 quam
1938 1339 2106 1393 liber-

528 1438 695 1482 tatem
728 1438 886 1482 nacta
914 1438 1015 1493 est,
1052 1430 1155 1484 hac
1186 1430 1423 1495 excidat,
1456 1446 1788 1501 rursumque
1818 1432 2107 1486 servitutis

528 1521 654 1591 iugo
686 1522 887 1575 collum
955 1521 1415 1591 subdatzutpote
1486 1538 1609 1591 qum
1656 1522 1870 1592 ingrato
1924 1522 2109 1577 animo

530 1614 763 1684 benigne
814 1613 1021 1669 domini
1058 1615 1143 1667 sui
1178 1630 1241 1667 ac
1266 1614 1523 1669 beneﬁca:
1548 1615 1816 1669 voluntati
1851 1614 2107 1683 injuriam

2197 423 2365 494 μένης
2405 425 2715 497 ἐλευθερίας
2762 426 2909 497 αὐτῷ
2946 428 3019 498 μὴ
3068 428 3503 493 ἀντιποιεῖσθαι,
3556 427 3670 481 ἀλλ’
3720 428 3781 495 ἐξ

2201 514 2317 567 ίσου
2380 517 2472 570 τὸν
2523 518 2763 572 δούλειον
2815 519 3215 590 ὑποϐεϐηκέναι
3274 519 3436 586 ζυγὸν
3484 519 3563 590 τῷ
3609 519 3782 590 ἑτέρῳ

2200 606 2380 674 μέρει,
2410 607 2570 678 ἄχρις
2599 608 2665 662 ἂν
2694 608 2955 679 ἡτέλειος
2977 610 3159 680 ἡμέρα
3181 610 3274 664 τοῦ
3308 610 3422 679 βίου
3472 610 3781 680 συναντήσῃ

2198 694 2277 764 τῷ
2307 694 2406 765 τὴν
2463 697 2763 768 κυριότητα
2814 698 3033 769 λαχόντι
3078 698 3172 752 τοῦ
3205 700 3280 769 μὴ
3330 699 3634 768 ἀφειμένου
3678 700 3785 768 τῆς

2200 784 2446 849 δουλείας
2519 786 2835 858 προσώπου,
2895 789 2928 860 ἢ
3006 789 3211 860 ἐάνπερ
3269 790 3331 842 τὸ
3403 790 3621 859 ἀξίωμα
3681 790 3783 859 τῆς

2201 876 2511 948 ἐλευθερίας
2568 879 2669 933 οὐκ
2694 879 3032 949 ἀποδύηται,
3068 882 3134 953 ἢν
3168 882 3190 913 ⁸
3225 880 3364 952 ὐπέρ
3415 881 3510 934 τοῦ
3547 880 3784 949 συζύγου

2206 970 2406 1039 μέρους
2462 972 2790 1042 ὁμολογήσει
2858 974 3025 1045 τιμὴν
3096 974 3545 1028 συντελέσασθαι.
3608 974 3672 1027 Ei
3725 974 3787 1027 δὲ

2202 1060 2361 1115 τοῦτο
2412 1062 2513 1131 μὲν
2542 1063 2715 1116 ὀπίσω
2752 1063 2926 1135 ῥίψειε
2964 1066 3266 1135 φροντίδος,
3316 1066 3574 1136 ἀφορμὴν
3629 1066 3687 1119 δέ
3722 1065 3787 1118 τὸ

2204 1154 2401 1207 οίκεῖον
2431 1157 2755 1225 ποιούμενος
2784 1158 2973 1211 ἄνετον
2999 1158 3136 1228 πρὸς
3159 1159 3221 1211 τὸ
3249 1160 3449 1212 οἰκεῖον
3480 1159 3666 1228 σχῆμα
3690 1157 3788 1211 τοῦ

2208 1245 2324 1315 βίου
2349 1247 2687 1318 ἀναρπάζειν
2723 1250 3013 1321 πειραθείη
3062 1251 3124 1304 τὸ
3165 1250 3526 1319 καταλειφθὲν
3555 1252 3635 1315 είς
3668 1250 3790 1304 δου-

2207 1335 2357 1389 λείαν
2410 1337 2595 1406 μέρος,
2648 1339 2723 1408 μὴ
2784 1339 2945 1407 μόνον
2963 1342 3027 1392 ἐκ
3074 1340 3175 1410 τῆς
3236 1339 3525 1403 αὐθαδείας
3582 1340 3792 1407 ταύτης

2212 1426 2377 1496 μηδὲν
2418 1427 2660 1491 ἐξανύειν
2711 1430 2833 1499 μηδ’
2865 1431 3019 1500 ίσχύν
3059 1431 3202 1501 ἔχειν
3252 1430 3567 1502 ἐλευθερίαν
3607 1431 3789 1501 ἑτέρῳ

2209 1518 2554 1589 χαρίζεσθαι,
2622 1520 2758 1573 ἀλλά
2816 1522 2910 1576 κα)¹
2975 1523 3142 1576 αὐτὸν
3206 1524 3415 1577 ἐκεῖνον
3479 1519 3548 1596 ἧς
3599 1523 3794 1576 ἐλαϐεν

2210 1611 2501 1665 ἐκπίπτειν
2529 1614 2696 1682 τιμῆς
2716 1614 2809 1667 καὶ
2834 1615 2995 1669 πάλιν
3026 1615 3200 1668 ὐποκύ
3214 1632 3363 1670 πτειν
3397 1614 3477 1685 τῷ
3498 1614 3647 1684 ζυγῷ
3691 1615 3796 1683 τῆς

530 1705 797 1767 intulerit,
822 1706 1052 1774 ejusque
1076 1705 1371 1773 judicium,
1408 1706 1554 1775 quod
1594 1705 1829 1760 revereri
1862 1714 1917 1760 et
1946 1720 2108 1760 vene-

2213 1698 2488 1765 δουλείας,
2544 1672 2752 1774 sul-{aq
2807 1704 3002 1777 γνώμῃ
3053 1672 3796 1777 περιυϐρίσανταϋμοχθηρξ

531 1798 642 1851 rari
682 1796 933 1860 debebat,
970 1806 1232 1868 tanquam
1261 1813 1357 1868 per
1382 1798 1734 1852 rebellionem
1758 1806 2111 1852 contemnere

532 1890 805 1959 Cogitaril.

917 2179 1387 2236 CONSTlTU’l‘IO
1442 2180 1555 2249 (se)
1608 2180 1716 2233 cu.

532 2269 609 2325 De
647 2271 861 2341 pm’diis
893 2272 1180 2325 maritimis
1229 2270 1296 2323 ad
1347 2287 1579 2323 remoras‘
1619 2270 1729 2339 (55)
1791 2273 2111 2339 piscatorios

602 2343 1004 2395 constituendas
1057 2358 1294 2394 seorsum
1349 2358 1450 2393 non
1504 2341 1997 2409 suﬁicientibusnt
2055 2354 2111 2396 ut

603 2413 797 2465 invitus
828 2414 986 2466 etiam
1012 2412 1080 2463 ad
1108 2415 1410 2465 societatem
1440 2412 1715 2479 adigatur.

603 2501 750 2556 Idem
794 2503 1091 2569 imperator
1114 2501 1289 2555 eidem
1327 2501 1596 2570 Styliano.

597 2594 765 2648 Multa
825 2596 935 2663 (54)
987 2595 1302 2647 cumulatim
1331 2593 1469 2645 bona
1496 2592 1807 2645 mortalium
1832 2594 1956 2647 vita:
1986 2608 2111 2647 con-

537 2686 644 2740 fert
677 2684 976 2752 prudenter
996 2693 1049 2737 et
1075 2699 1198 2736 cum
1227 2684 1441 2735 ratione
1464 2682 1708 2735 instituta
1741 2698 1922 2737 rerum
1957 2700 2111 2737 com-

537 2774 745 2829 muuio.
804 2772 1014 2826 Etenim
1070 2771 1160 2839 qui
1198 2771 1407 2825 viribus
1464 2771 1626 2833 valet,
1692 2770 1737 2823 si
1764 2785 1887 2823 cum
1916 2772 2108 2834 altero,

535 2863 628 2933 qui
670 2862 925 2915 similiter
978 2860 1189 2914 viribus
1250 2859 1451 2923 valeat,
1502 2860 1891 2922 communicet,
1951 2860 2112 2928 longe

537 2951 946 3023 praestantiores
980 2959 1144 3019 atque
1179 2949 1428 3003 utiliores
1452 2948 1573 3017 ejus
1606 2948 1750 3002 vires
1780 2948 2017 3001 fuerint:
2058 2957 2111 3001 et

536 3046 756 3107 divites,
789 3044 835 3099 si
864 3043 1085 3099 divitias
1111 3058 1432 3098 communes
1475 3041 1702 3105 faciunt,
1740 3042 2001 3110 majorem
2051 3056 2116 3095 ex

538 3136 747 3192 divitiis
776 3136 1107 3205 voluptatem
1142 3134 1360 3203 capiant
1390 3151 1403 3187 :
1431 3134 1669 3202 denique
1737 3133 1783 3187 si
1822 3140 2116 3201 paupertas

541 3237 777 3298 premat,
822 3243 1113 3297 operarum
1164 3226 1484 3281 communio
1555 3226 1959 3287 consolatione,
2011 3240 2113 3293 qua

542 3322 881 3391 paupertatis
928 3319 1203 3374 acerbitas
1265 3319 1580 3389 mitigetur.
1640 3332 1747 3371 non
1829 3317 2116 3386 indigebit.

546 3413 745 3471 Verum
777 3430 903 3469 cnm
936 3414 1075 3469 adeo
1102 3413 1393 3469 commoda
1416 3420 1580 3482 atque
1603 3411 1756 3465 utilis
1780 3411 1834 3464 in
1868 3425 2118 3464 commn-

542 3507 598 3560 ni
637 3507 749 3561 vita
777 3506 1094 3562 communio
1138 3513 1193 3559 et
1222 3504 1459 3559 societas
1505 3504 1598 3567 sit,
1672 3500 1940 3554 mirabilis
1966 3514 2119 3569 qua:-

541 3600 668 3652 dam
701 3597 985 3651 hominum
1039 3596 1255 3651 animos
1303 3594 1529 3650 subiens
1585 3592 1849 3662 pravitas,
1914 3591 2118 3645 nedum

544 3689 667 3744 aliis
703 3690 770 3743 ad
803 3690 1096 3745 utilitatem
1151 3688 1544 3758 impedimento
1581 3692 1688 3749 est,
1722 3700 1914 3739 verum
1952 3683 2118 3737 etiam

444 3826 457 3839 κ
546 3779 641 3847 qui
668 3778 844 3847 ipsam
879 3779 1086 3843 fovent,
1124 3790 1183 3833 ut
1215 3780 1380 3834 rebus
1430 3778 1547 3832 suis
1580 3776 1794 3839 noceri,
1851 3791 2015 3845 quant
2062 3785 2123 3829 ut

549 3870 681 3923 inita
710 3886 832 3923 cum
863 3871 1065 3924 vicinis
1097 3871 1364 3926 societate
1396 3870 1529 3939 ipsis
1583 3869 1793 3938 aliquid
1838 3868 1979 3922 lucri
2022 3882 2119 3921 ac-

548 3959 731 4024 cedat,
781 3960 1100 4029 permittere
1134 3959 1352 4019 malint.
1378 3958 1699 4028 persuadet.

622 4145 701 4198 Ac
738 4144 847 4197 tale
885 4143 1146 4213 quiddam
1180 4151 1327 4195 certe
1350 4140 1419 4193 de
1455 4140 1737 4196 nonnullis
1784 4140 2120 4208 audivimus,

549 4236 644 4304 qui
672 4251 794 4290 cum
826 4234 1099 4289 maritima
1129 4233 1328 4305 praedia
1355 4232 1609 4293 habeant,
1642 4246 1763 4301 qua:
1792 4246 1888 4301 per
1914 4248 1972 4287 se
1999 4248 2109 4287 non

2213 1790 2456 1859 χρηστὴν
2503 1791 2597 1843 καὶ
2630 1792 2951 1862 εὐεργέτιδα
2979 1794 3074 1847 τοῦ
3108 1795 3240 1849 ίδίου
3291 1796 3552 1849 δεσπότου
3597 1794 3796 1863 προαίο

2215 1898 2385 1950 ρεσιν,
2434 1883 2527 1935 καὶ
2563 1882 2661 1953 τὴν
2703 1886 2911 1938 ἐκείνου
2964 1888 3145 1957 κρίσιν
3198 1888 3575 1957 ἀπονοηθέντα
3640 1886 3801 1957 παρά

2214 1973 2421 2040 φαῦλον
2460 1976 2814 2045 ποιήσασθαι,
2853 1980 2919 2047 ἢν
2944 1979 3115 2049 ἐχρῆν
3157 1979 3225 2033 δι’
3281 1980 3465 2044 αἰδοῦς
3513 1980 3671 2048 ἄγειν
3702 1981 3802 2033 καὶ

2214 2068 2521 2130 εὐλαϐείας.

2746 2180 3057 2235 ΔΙΑΤΛΞῙΣ
3111 2182 3212 2237 PB'
3241 2185 3283 2237 ⁸.

2216 2273 2353 2343 Περὶ
2381 2276 2895 2340 παραθαλασσίων
2938 2276 3167 2343 χωρίων
3205 2276 3348 2343 πρὸς
3398 2274 3626 2342 ἐποχῆς
3681 2292 3801 2328 κα-

2285 2342 2585 2396 τάστασιν
2607 2344 2724 2397 ἀνὰ
2753 2342 3035 2411 μέροςίμὴ
3056 2342 3361 2411 ἀρκοῦντα
3401 2346 3421 2375 ⁶
3448 2345 3545 2397 καί
3574 2345 3804 2399 ἄκοντα

2288 2413 2395 2465 τὸν
2418 2414 2503 2480 μὴ
2556 2415 2810 2467 θέλοντα
2840 2414 3110 2481 ἄγεσθαι.

2300 2502 2356 2555 ’0
2386 2504 2549 2566 αὐτὸς
2574 2504 2822 2574 βασιλεὺς
2853 2505 3125 2576 Στυλιανῴ
3149 2506 3227 2574 τῷ
3255 2506 3422 2575 αὐτῷ.

2290 2596 2448 2663 Μέγα
2474 2598 2493 2627 ⁷
2547 2597 2624 2667 τῷ
2673 2597 2773 2667 βίῳ
2823 2598 3107 2667 χαρίζεται
3153 2601 3186 2669 ἡ
3220 2600 3316 2652 σὺν
3356 2602 3667 2670 φρονήματι
3704 2600 3803 2655 καὶ

2215 2687 2460 2757 λογισμῷ
2491 2689 2600 2740 τῶν
2634 2690 2977 2758 πραγμάτων
3018 2688 3364 2759 κοινιτινησις.
3397 2691 3507 2744 Καὶ
3556 2692 3663 2762 γὰρ
3705 2693 3804 2745 καὶ

2213 2778 2497 2847 δυνάμεώς
2544 2796 2650 2831 τινι
2708 2779 2989 2849 παρούσης
3024 2780 3088 2833 ἐκ
3131 2780 3226 2833 τοῦ
3295 2783 3577 2833 κοινωνεῖν
3629 2782 3805 2850 ἐτέρῳ

2218 2870 2619 2940 παραπλησίως
2659 2871 2987 2942 εὐποροῦντι
3044 2872 3324 2941 δυνάμεως
3378 2874 3579 2941 μᾶλλον
3614 2874 3805 2941 ὀνησι-

2227 2962 2445 3031 μωτέρα
2486 2961 2823 3032 καθέστηκεν
2855 2964 2889 3033 ή
2916 2962 3169 3033 δύναμις,
3210 2966 3305 3017 καὶ
3355 2964 3712 3027 πλουτοῦντες
3745 2964 3802 3017 δὲ

2222 3053 2421 3121 τρόπον
2451 3054 2609 3107 ἄλλον
2638 3054 2728 3108 τὸν
2782 3054 3013 3109 πλοῦτον
3064 3058 3544 3128 κοινοποιήσαντες
3595 3057 3804 3125 γλυκύ-

2221 3161 2379 3213 τερον
2397 3145 2499 3213 τῆς
2526 3145 2635 3197 ἀπὸ
2675 3144 2770 3199 τοῦ
2802 3146 3052 3201 πλουτεῖν
3084 3148 3451 3203 ἀπολαύουσιν
3481 3150 3800 3213 εὐπαθείας,

2221 3236 2316 3287 καὶ
2354 3238 2798 3307 στενοχωρούσης
2846 3239 3037 3301 πενίας
3088 3240 3187 3293 οὐκ
3224 3241 3494 3312 ἀπορήσει
3546 3240 3805 3311 παραμύ-

2222 3324 2333 3377 θιον
2355 3326 2588 3396 εὐρεῖνὴ
2618 3328 2677 3379 ἐν
2698 3330 2812 3391 τοῖς
2860 3328 3043 3400 ἔργοις
3073 3331 3340 3401 κοινότης,
3372 3332 3441 3385 δι’
3475 3326 3541 3386 οὐ
3567 3333 3629 3386 τὸ
3667 3350 3804 3402 σφο-

2221 3417 2345 3486 δρὸν
2374 3417 2727 3488 ἁλυπώτερον
2778 3420 2865 3492 εἴη
2898 3420 2996 3492 τῆς
3050 3424 3435 3493 στενοχωρίας.
3477 3424 3619 3478 Ἀλλ’
3649 3424 3805 3486 δντος

2221 3507 2364 3561 οὐτω
2398 3508 2563 3562 καλοῦ
2602 3511 2701 3563 καὶ
2743 3513 3016 3583 χρησίμου
3063 3515 3158 3568 τοῦ
3198 3516 3340 3569 κατὰ
3393 3514 3507 3585 βίον
3542 3517 3805 3585 κοινωνήο

2227 3618 2413 3669 ματος,
2444 3600 2564 3672 ξένη
2593 3619 2674 3666 τις
2706 3604 3004 3676 ἐνδυομένη
3023 3607 3191 3660 κακία
3215 3610 3336 3670 ταῖς
3364 3610 3472 3660 τῶν
3498 3606 3806 3678 ἀνθρώπων

2222 3692 2420 3761 ψυχαῖς
2455 3694 2517 3746 οὐ
2551 3695 2711 3765 μόνον
2746 3696 2960 3767 ἐτέροις
3008 3698 3262 3769 ἐμποδὼν
3312 3700 3634 3754 καθίσταται
3666 3701 3805 3770 πρὸς

2224 3784 2523 3853 ὠφέλειαν,
2582 3787 2698 3840 ἀλλ’
2767 3790 3043 3859 αἱρεῖσθαι
3095 3792 3275 3845 πείθει
3322 3792 3451 3856 τοὺς
3498 3793 3806 3855 θάλποντας

2224 3873 2390 3945 αὐτὴν
2447 3878 2665 3947 ἀγαπᾷν
2727 3880 2822 3933 καὶ
2865 3882 2933 3934 τὰ
2981 3882 3157 3935 οίκεῖα
3211 3882 3719 3949 καταϐλάπτεσθαι,
3768 3882 3803 3952 ἢ

2229 3971 2531 4035 συγχωρεῖν
2560 3970 2616 4021 ἐν
2652 3968 2729 4039 τῷ
2769 3972 3098 4041 κοινωνῆσαι
3150 3976 3264 4037 τοῖς
3309 3973 3538 4044 πλησίον
3573 3990 3803 4045 προστι-

2227 4057 2378 4111 θέναι
2404 4077 2455 4112 τι
2480 4061 2667 4132 κέρδος
2697 4064 2900 4126 αὐτοῖς.

2299 4150 2549 4205 Τοιοῦτόν
2578 4170 2627 4204 τι
2660 4152 2933 4221 προσῆλθε
2958 4155 3078 4217 ταῖς
3109 4155 3270 4224 ἡμῶν
3298 4156 3489 4218 ἀκοαῖς
3519 4154 3806 4225 γινόμενον

2228 4234 2320 4287 ὐπ’
2346 4235 2525 4299 ἐνίων,
2557 4236 2604 4287 οἳ
2645 4236 2930 4289 θαλαττίου
2989 4238 3163 4308 νομῆς
3194 4239 3216 4271 ⁸
3259 4238 3642 4309 εὐποροῦντες,
3682 4236 3805 4291 καθ’

554 4330 628 4382 ita
678 4330 906 4383 multum
940 4328 1077 4382 lucri
1135 4326 1390 4391 aderant,
1424 4338 1550 4378 cum
1612 4325 1796 4379 vicino
1859 4334 2039 4379 autem
2075 4341 2103 4380 e

2231 4328 2429 4397 ἑαυτὴν
2468 4328 2566 4399 μὲν
2599 4329 2657 4381 οὐ
2700 4328 2841 4399 μέγα
2868 4346 2922 4382 τι
2964 4328 3153 4398 φέρειν
3196 4330 3387 4403 κέρδος
3421 4328 3808 4400 δεδυνημένης.

555 4419 840 4489 adjacente
926 4420 1130 4490 praedio
1210 4416 1709 4474 communicatione
1794 4415 2127 4485 conjuncta,

2210 4419 2310 4472 σὺν
2356 4419 2413 4472 δέ
2460 4422 2527 4491 τῇ
2591 4420 2792 4489 γείτονι
2853 4420 2948 4473 κα)⁸
3013 4422 3547 4494 προσπαρακειμένῃ
3617 4437 3809 4474 κοινωο

1822 4584 2059 4640 νΑιιιλε
2100 4584 2508 4645 LECTIONES.

627 4716 649 4747 ³
682 4710 811 4766 Scil.
839 4707 1213 4763 Constit.100.
1281 4705 1303 4735 ⁸
1334 4704 1469 4777 Cod.
1504 4705 1685 4760 etEcl.
1708 4704 1951 4777 =jv.Se_d
1978 4707 2200 4777 omnino
2230 4707 2297 4777 ἢν
2339 4708 2729 4775 reponendum,
2755 4716 2811 4760 ut
2834 4706 3009 4761 oratio
3041 4704 3121 4759 sic
3148 4703 3434 4777 procedat:
3462 4702 3562 4755 δεῖ.
3600 4738 3655 4777 ,λ
3688 4714 3810 4777 συν·

553 4782 877 4839 τελέσασθαι
933 4780 1099 4847 τιμὴν
1133 4780 1199 4848 ἣν
1231 4775 1570 4848 ὁμολξγήσει.

561 4923 792 4994 μεγάλα.
811 4920 1068 4974 Fortasse
1096 4920 1318 4973 rectius.

1678 4776 1699 4806 ⁸
1735 4776 1845 4829 Ecl.
1888 4774 2021 4831 Nov.
2055 4776 2142 4830 50.

556 4853 863 4921 emendavit
889 4844 1224 4921 ἀρκούντωντ
1251 4844 1321 4885 4—
1358 4845 1616 4921 Fortasse
1649 4860 1768 4896 mox
1802 4844 1892 4921 τρν
1913 4846 2132 4921 γείτονα
2161 4862 2256 4921 ιιι-ρ
2282 4848 2371 4921 τὸν
2406 4844 2478 4916 μὴ
2507 4848 2725 4921 θέλοντα
2769 4844 3076 4921 legendum.

1423 4916 1444 4946 ⁸
1474 4915 1676 4985 Spaug.
1702 4913 1921 4984 νομοῦς.
1959 4916 2097 4969 Beck
2120 4913 2174 4970 et
2196 4913 2533 4987 Oscubrugg.
2566 4919 2754 4989 νομάς.

2233 4770 2534 4846 "Plerique
2578 4779 2749 4835 Codd.
2801 4779 3010 4898 EcloEa:
3040 4770 3337 4843 ἀρκοῦντος
3372 4774 3579 4842 legunt.
3623 4770 3814 4835 Steph.

2233 4862 2256 4898 [ι
2282 4848 2371 4898 τὸν
2406 4850 2477 4898 αὴ
2507 4848 2725 4898 θέλοντα
2769 4848 2919 4898 leeen
2964 4862 3076 4898 um.
3178 4845 3197 4875 "
3227 4844 3419 4898 Zuiclt.
3481 4852 3537 4896 et
3591 4839 3814 4896 Mccrttt.

3272 4857 3419 4898 UlCll.
3481 4857 3537 4896 et.
3591 4857 3815 4896 MCCI‘III.

2069 5057 2298 5118 ΝΟΤᾸΕ.

652 5181 741 5238 51)
781 5181 841 5235 ῐ).
868 5180 1001 5235 Nov.
1030 5179 1148 5234 100.
2240 5182 2409 5238 divid.

781 5181 1285 5323 iiietofcoiiggtutio
1329 5263 1399 5323 ex
1461 5262 1646 5323 earum
1703 5261 1899 5323 genere
1931 5248 2130 5323 cst,_de
2240 5182 2418 5323 ὼῖἕὲ.)
2462 5252 2598 5323 Περὶ
2632 5246 3231 5323 γέποχῆςγκατᾷστασιν,
3265 5244 3404 5323 adde
3435 5244 3571 5323 Nov.
3603 5245 3691 5323 t7.
3724 5261 3825 5323 su-

562 5316 765 5392 quibus
797 5334 921 5376 ante
950 5321 1183 5393 Leonem
1205 5320 1345 5393 nihil
1367 5320 1730 5393 constitutum
1761 5316 1979 5393 fuerat.
2015 5319 2129 5371 lloe
2235 5316 2329 5393 pra
2360 5316 2585 5387 cedeni;
2621 5316 2916 5384 Νυνῖίθό,
2955 5321 3077 5385 Hii,
3128 5320 3266 5372 infra
3301 5316 3421 5373 cod.
3464 5318 3637 5387 ἐποχὴ
3693 5318 3821 5369 reri.

562 5388 739 5448 autem
791 5393 981 5445 dctiuit
1019 5409 1031 5443 :
1067 5390 1277 5443 vicinos
1336 5390 1535 5442 invitos
1558 5391 1673 5456 cogi
1708 5388 1772 5440 ad
1814 5388 2127 5441 societatem
2235 5388 2374 5447 inm,

561 5478 901 5518 remorarqu
964 5462 1383 5532 piscatoriarnm
1436 5467 1599 5532 aut;
1635 5458 1776 5532 lucc“
1807 5459 2130 5532 constitutio
2306 5463 2417 5532 (5i)

562 5535 681 5587 vice
711 5526 1143 5599 sitcxcep'tionis
1195 5528 1258 5579 ad
1295 5530 1395 5595 leg.
1426 5529 1517 5590 ‘26,
1577 5527 1603 5597 ᾗ
1636 5530 1689 5591 It,
1718 5526 1789 5599 π.
1842 5527 1918 5599 De
1963 5527 2128 5581 cond.

567 5603 679 5656 ind.
720 5611 773 5657 ct
800 5598 957 5667 alias,
990 5603 1056 5656 de
1112 5599 1313 5667 quibus
1352 5599 1463 5652 dixi
1494 5598 1558 5652 ad
1605 5599 1636 5651 l.
1678 5598 1773 5650 ult.
1828 5598 1889 5651 (Ι.
1929 5612 2125 5652 comm.

2460 5463 2533 5516 De
2597 5461 2982 5517 incommodis.
3043 5459 3153 5511 vid.
3189 5460 3224 5512 l.
3263 5459 3353 5519 26,
3413 5456 3570 5513 lT.De
3627 5456 3823 5511 servit.

2236 5530 2434 5588 urban.
2475 5536 2511 5588 Ι.
2545 5532 2631 5597 77,
2670 5532 2829 5602 §l7;
2875 5530 2929 5585 θ’.
2964 5530 3036 5585 De
3070 5531 3233 5599 legat.
3257 5530 3309 5583 2.
