4062 6202
307 279 420 342 629

1453 279 1816 342 NOVELL/E
1847 281 2520 344 CONSTITUTIONES.

3477 293 3583 353 630

300 383 503 455 νούσης
532 383 733 454 μᾶλλον
772 381 868 451 τὴν
905 381 1174 449 ὠφέλειαν
1218 382 1612 455 ἀποδιδούσης,
1653 389 1713 440 οὐ
1765 388 1887 457 βοά-

2002 393 2298 445 uberiorem
2331 393 2618 445 utilitatem
2650 392 2914 449 reddant:
2950 394 3268 450 societatem
3292 395 3453 459 inire,
3480 412 3578 453 tte-

297 476 486 529 λονται
527 475 614 528 διὰ
658 475 720 527 τὸ
754 474 1114 542 κακὸγνωμον
1170 474 1530 544 ἀναδέχεσθαι
1575 479 1888 542 κοινωνίαν,

295 566 429 620 odiis
490 566 561 618 τὰ
625 564 837 617 ἑαυτῶν
903 565 1301 633 καταμιγνύειν
1354 569 1467 629 τοῖς
1526 570 1895 635 γειτονεύουσι

305 659 542 730 χωρίοις
569 697 582 719 ,
651 656 726 718 ὠς
761 656 829 710 ἂν
871 657 1205 726 ἀμφοτέροις
1246 658 1464 731 ὑπάρξῃ
1513 677 1564 712 τι
1613 663 1894 731 κερδᾶναι,

296 751 444 808 ἀλλὰ
485 749 845 820 προκρίνουσι
873 749 978 801 ’καὶ
1019 750 1090 801 τὰ
1145 749 1254 802 ῐδια
1302 749 1570 820 ζημιοῦν,
1603 754 1652 806 εί
1684 754 1780 807 καὶ
1818 753 1896 824 τῷ

296 844 507 912 γείτονι
556 840 860 910 πεςηνότες
900 840 1096 908 εἴησαν
1115 839 1419 910 ἐπιζήμιοι.
1462 842 1623 896 Ἀλλὰ
1653 843 1810 915 γὰρ,
1848 846 1897 897 εἰ

299 934 566 1003 καὶπρὸς
613 933 712 1002 τὴν
755 931 965 984 ἑαυτῶν
1017 931 1225 1001 βλάϐην
1275 932 1620 1004 ἀναισθήτως
1674 938 1723 988 οί
1790 953 1897 989 τοι·

296 1027 454 1080 οὗτοι
500 1026 803 1078 διάκεινται
827 1023 922 1076 καὶ
951 1022 1139 1085 κακῶς
1175 1023 1406 1086 ἑαυτοὺς
1430 1025 1762 1090 διατιθέντες
1792 1026 1898 1079 ὑπὸ

299 1117 679 1187 κακοτροπίας
710 1113 1040 1185 ὀλιγωροῦσι
1085 1115 1178 1168 τοῦ
1213 1116 1563 1186 πράγματος,
1593 1117 1784 1189 ὥσπερ
1828 1117 1899 1172 τὰ

297 1210 518 1281 χαλεπὰ
571 1209 682 1262 τῶν
731 1207 939 1278 θηρίων
995 1207 1132 1276 πρὸς
1213 1208 1275 1260 τὸ
1317 1208 1504 1271 κακῶς
1555 1209 1747 1263 παθεῖν
1801 1213 1896 1282 ὁρ·

306 1304 522 1373 μῶντες
547 1305 568 1334 θ
606 1303 695 1354 ἵνα
725 1301 1142 1369 κακοποιήσωσι
1188 1302 1315 1364 τοὺς
1351 1301 1709 1366 πελάζοντας,
1749 1304 1898 1372 ὅμως

301 1398 407 1448 οὐκ
446 1396 700 1463 ἀνέχεται
729 1392 991 1462 τοιαύτην
1033 1393 1290 1462 κακίανὴ
1335 1393 1582 1462 βασιλεία
1615 1397 1646 1465 ἡ
1659 1395 1776 1465 μῶν
1818 1394 1897 1465 τῷ

304 1487 408 1556 βίῳ
429 1482 928 1556 παρρησιάζεσθαι.
954 1482 1065 1535 οὐδ’
1092 1483 1173 1535 ὅτι
1209 1484 1407 1537 ἐκεῖνοι
1464 1486 1722 1553 προνοίας
1749 1486 1895 1555 ὠφε-

303 1577 504 1645 λούσης
546 1576 745 1637 αὐτοὺς
797 1574 1008 1637 ἀνάξιοι
1049 1575 1255 1643 τυχεῖν,
1303 1573 1393 1626 διὰ
1422 1574 1584 1628 τοῦτο
1637 1575 1897 1629 καταλεί-

303 1668 478 1738 ψομεν
511 1666 866 1736 ἀϐοηθήτους.
892 1665 1075 1734 Μέρος
1096 1664 1154 1716 δέ
1185 1682 1238 1717 τι
1269 1666 1366 1718 καὶ
1398 1666 1540 1738 ὑπὲρ
1572 1667 1752 1721 αὐτῶν
1798 1669 1898 1738 μὲν

1996 497 2100 551 que
2139 483 2229 536 illa
2259 498 2383 536 cum
2417 483 2612 538 vicinis
2644 484 2864 553 praediis
2922 487 3284 541 commiscere
3330 487 3460 558 (qua
3489 503 3581 542 ra-

1998 574 2144 628 tione
2167 575 2330 627 ambo
2361 574 2570 643 aliquid
2596 567 2800 629 lucrari
2829 583 3078 647 possent)
3117 592 3212 646 per
3276 577 3586 648 malignita-

1999 672 2106 717 tem
2141 664 2372 716 nolunt:
2404 665 2498 718 sed
2530 674 2748 729 contra,
2804 666 3019 735 seipsos
3047 667 3212 719 etiam
3267 666 3471 721 damno
3508 667 3584 720 af-

1999 754 2165 808 licere
2224 755 2460 817 malunt,
2505 755 2802 810 dummodo
2861 756 2975 827 (55)
3017 757 3200 810 vicino
3253 767 3582 810 uocumenlo

2000 845 2134 901 sint.
2165 843 2368 899 Verum
2395 849 2676 901 enimvero
2715 848 2935 904 tametsi
2962 849 3223 902 damnum
3259 863 3420 902 suum
3446 849 3583 902 tales

1999 950 2300 1006 agnoscere
2350 937 2548 1002 nolint,
2604 954 2814 1010 suaque
2873 940 3012 993 mala
3077 939 3581 1002 administrantes,

2001 1026 2295 1082 utilitatem
2358 1043 2458 1097 per
2510 1028 2917 1099 improbitatem
2972 1030 3272 1102 negligant.
3316 1039 3577 1099 tanquam

1998 1117 2267 1174 immanes
2324 1119 2538 1184 bellum,
2584 1129 2642 1173 ut
2695 1122 3034 1191 propinquos
3091 1122 3315 1185 hie-dant,
3365 1121 3420 1173 in
3478 1135 3581 1174 sua

2001 1210 2232 1264 vulnera
2267 1220 2635 1280 proruentes:
2691 1227 2800 1266 non
2835 1222 3016 1267 tamen
3060 1212 3373 1267 istiusmodi
3429 1212 3588 1264 mali-

2001 1301 2264 1370 gnitatem
2299 1301 2354 1353 in
2389 1301 2668 1355 communi
2697 1302 2810 1355 vita
2845 1302 3201 1372 imperatoria
3239 1312 3429 1356 nostra
3463 1317 3581 1355 Ina-

1995 1393 2171 1464 jestas
2223 1393 2558 1448 insolescere
2619 1394 2866 1462 patitur:
2932 1409 3110 1462 neque
3160 1394 3288 1464 quia
3323 1393 3399 1447 illi
3462 1393 3583 1446 utili

1999 1498 2135 1538 cura
2176 1484 2326 1552 digni
2353 1499 2461 1538 non
2487 1493 2639 1548 sunt,
2674 1486 2879 1540 auxilio
2933 1501 3141 1540 vacuos
3202 1485 3450 1539 relicturi
3491 1499 3587 1537 su—

2001 1592 2147 1631 mus.
2175 1575 2356 1642 Quare
2386 1577 2572 1646 aliqua
2597 1594 2664 1632 ex
2717 1589 2871 1646 parte
2925 1561 3080 1647 ipsis,
3134 1577 3411 1647 praacipue
3453 1590 3585 1630 vero

2004 1668 2393 1736 vicino,quem
2436 1667 2540 1723 ista
2570 1669 2948 1724 inhumanitas
3014 1650 3156 1724 male
3209 1677 3430 1738 torquet
3459 1683 3584 1738 pro-

307 1758 730 1829 προνοούμενοι,
797 1757 1034 1828 μάλιστα
1087 1757 1144 1810 δὲ
1210 1758 1304 1810 καὶ
1361 1759 1501 1829 ὑπὲρ
1571 1759 1666 1812 τοῦ
1717 1775 1896 1827 γειτο-

2002 1756 2321 1826 spici‘entes,
2362 1757 2668 1823 sancimus,
2693 1759 2816 1813 utsi
2847 1757 3154 1813 istiusmodi
3188 1757 3392 1827 praedia
3436 1769 3588 1810 mare

305 1849 553 1912 νεύοντος
601 1850 841 1920 μέρους,
887 1849 913 1901 ὃ
960 1847 1286 1917 λυμαίνεται
1341 1849 1526 1912 κακῶς
1573 1851 1604 1920 ὴ
1671 1849 1895 1920 τοιαύτη

306 1941 728 2012 μισανθρωπία,
793 1941 1124 2011 θεσπίζομεν
1179 1942 1259 1999 '°,
1311 1942 1404 1993 ἐπὶ
1457 1941 1566 1993 τῶν
1637 1942 1898 1996 τοιούτων

305 2033 768 2103 παραθαλασσίων
816 2033 1074 2102 χωρίων,
1125 2031 1212 2100 ἐφ’
1254 2025 1328 2084 ὧν
1389 2031 1496 2084 ἰδία
1542 2033 1638 2084 καὶ
1685 2033 1893 2105 ἑκάστη

305 2127 468 2194 μοῖρα
500 2124 636 2195 πρὸς
684 2123 890 2193 ἐποχῆς
936 2125 1036 2176 οὐκ
1088 2123 1313 2192 ἐξαρκεῖ
1354 2123 1728 2188 κατάστασιν,
1758 2127 1893 2179 ἀνα-

303 2215 612 2270 κοινοῦσθαι
641 2216 711 2269 τὰ
738 2216 902 2286 μέρη,
937 2216 1079 2270 ὥστε
1108 2215 1196 2268 διὰ
1233 2214 1334 2284 τῆς
1367 2215 1624 2285 τοιαύτης
1670 2217 1891 2270 ἀνακοι-

303 2307 526 2369 νώσεως
546 2307 669 2368 τοὺς
688 2307 957 2376 κτήτορας
983 2308 1048 2358 ὲκ
1075 2305 1183 2357 τῶν
1201 2305 1418 2359 οἰκείων
1437 2307 1531 2358 καὶ
1558 2305 1889 2373 ὠφελεῖσθαι

304 2400 624 2469 κτημάτων,
679 2399 772 2451 καὶ
827 2400 901 2468 μὴ
947 2397 1274 2467 βουλομένου
1328 2397 1559 2468 θατέρου
1612 2399 1889 2450 κοινωνεῖν

303 2492 622 2561 προσώπου,
680 2491 816 2560 πρὸς
862 2489 959 2560 τὴν
997 2490 1286 2543 κοινωνίαν
1335 2492 1560 2553 ἄκοντος
1622 2489 1888 2541 συνωθου-

307 2585 494 2653 μένου.
523 2581 910 2651 Φιλάνθρωπον
943 2581 1052 2652 γὰρ
1077 2583 1171 2634 καὶ
1196 2583 1398 2636 ἄκοντά
1418 2601 1541 2636 τινα
1563 2582 1887 2651 μεταλαχεῖν

303 2673 466 2740 ἴσμεν
500 2671 842 2742 εὐεργεσίας,
894 2670 1132 2724 ἐνταῦθα
1183 2671 1240 2723 δὲ
1290 2672 1423 2726 πολὺ
1463 2673 1664 2742 μείζων
1711 2672 1891 2742 ἡφιλ-

303 2762 614 2833 ανθρωπία,
661 2764 734 2831 μὴ
777 2763 936 2832 μόνον
984 2761 1211 2824 ἄκοντος
1276 2763 1736 2829 εύεργετουμένου
1795 2763 1888 2814 τοῦ

309 2858 388 2926 μὴ
405 2856 673 2920 συνιέντος
689 2856 786 2925 τῆς
804 2855 1148 2924 εὐεργεσίας,
1169 2855 1304 2909 ἀλλὰ
1328 2856 1424 2908 καὶ
1441 2855 1532 2908 τοῦ
1566 2857 1894 2924 παραλόγως

2004 1864 2217 1912 versus,
2260 1865 2369 1902 non
2403 1850 2538 1904 adeo
2563 1849 2779 1919 singula
2802 1850 2910 1903 lata
2947 1850 3081 1911 sint,
3117 1858 3176 1902 ut
3212 1848 3354 1918 septi
3400 1861 3581 1900 remo-

1967 1942 2191 1996 ~ratorii
2247 1942 2627 1997 constituendi
2672 1943 2766 2012 jus
2824 1943 3058 1997 habeant
3094 1941 3236 2011 (56),
3293 1941 3414 2010 ejus
3446 1939 3590 2009 juris

1999 2034 2374 2105 consequendi
2397 2049 2564 2089 causa
2596 2034 2983 2089 communione
3012 2033 3420 2103 conjungantur
3442 2045 3458 2084 :
3482 2046 3592 2100 quo

1999 2141 2098 2196 per
2129 2127 2442 2181 istiusmodi
2475 2127 2919 2180 communionem
2973 2124 3182 2179 domini
3218 2139 3285 2179 ex
3315 2124 3432 2177 suis
3459 2137 3588 2193 pos-

1999 2215 2346 2272 sessionibus
2379 2217 2669 2270 utilitatem
2700 2216 2910 2271 sentire
2952 2217 3205 2285 possint:
3265 2214 3368 2269 etsi
3408 2213 3590 2267 domi-

1999 2321 2191 2360 norum
2219 2307 2360 2360 alter
2385 2307 2829 2360 communionem
2851 2306 3031 2361 facere
3051 2307 3211 2368 nolit,
3239 2305 3304 2358 ad
3327 2305 3475 2358 illam
3501 2304 3588 2356 in-

1995 2397 2137 2451 vitus
2152 2397 2262 2468 (57)
2277 2398 2438 2453 etiam
2459 2400 2838 2468 compellatur.
2857 2399 2992 2451 Cum
3018 2398 3162 2452 enim
3184 2397 3432 2466 quamvis
3449 2394 3590 2448 invi-

1996 2493 2085 2540 tus
2101 2485 2562 2555 aliquisbenelicii
2586 2485 2698 2556 (58)
2723 2486 2994 2554 particeps
3019 2485 3096 2547 lit,
3118 2485 3170 2538 id
3190 2483 3587 2553 benignitatem

1993 2576 2158 2630 etiam
2181 2592 2304 2631 esse
2318 2576 2941 2646 persuasumjhabemus.
2960 2574 3058 2629 Hic
3079 2583 3263 2629 autem
3283 2574 3444 2642 longe
3474 2585 3590 2623 ma-

1992 2666 2085 2736 jor
2108 2684 2169 2723 se
2187 2668 2382 2723 exierit
2400 2669 2710 2737 benignitas
2727 2668 2814 2722 ubi
2835 2682 2943 2722 non
2969 2667 3247 2736 solumqui
3269 2664 3590 2719 beneﬁcium

1998 2779 2105 2817 non
2141 2763 2414 2830 agnoscit,
2438 2761 2533 2815 illo
2561 2770 2742 2815 tamen
2775 2760 3010 2814 allicitur
3040 2776 3054 2813 :
3081 2775 3272 2814 verum
3306 2759 3472 2813 etiam
3501 2753 3594 2826 qui

2001 2857 2095 2910 illo
2121 2857 2308 2926 inique
2335 2856 2670 2927 privabatur,
2702 2856 2752 2908 id
2784 2857 2953 2910 sentit
2982 2866 3036 2910 et
3076 2853 3330 2925 percipit.

303 2949 481 3018 αὐτῆς
531 2949 1004 3019 ἀποστερουμένου
1083 2948 1157 3018 μὴ
1199 2949 1296 3017 τὴν
1348 2948 1721 3019 ἀποστέρησιν
1762 2949 2149 3018 ὑπομένοντος.

827 3041 1145 3095 ΔΙΛΤΑΞΙΣ
1184 3039 1280 3093 PI"
1311 3043 1376 3093 ¹¹.

311 3135 454 3203 Περὶ
486 3132 606 3188 τῶν
649 3133 721 3186 ἐν
750 3133 1111 3197 θαλασσίοις
1139 3135 1352 3203 γομαῖς
1384 3131 1760 3199 ποιουμένων
1785 3149 1901 3185 κοι-

520 3203 750 3258 νωνίαν
792 3204 944 3272 πρὸς
973 3200 1206 3271 ἐποχῆς
1236 3203 1582 3256 ὑπόστασιν
1621 3204 1682 3260 ".

402 3361 462 3413 ’0
491 3358 650 3420 αὐτὸς
683 3357 936 3428 βασιλεὺς
968 3357 1244 3428 Στυλιανῷ
1267 3356 1345 3427 τῷ
1371 3358 1540 3427 αὐτῷ.

393 3449 566 3503 Εἴωθε
597 3449 698 3518 μὲν
729 3449 820 3501 ἐπὶ
848 3447 957 3500 τῶν
986 3448 1286 3518 γινομένων
1322 3449 1749 3517 κοινωνημάτων
1769 3449 1903 3502 πολ-

321 3541 483 3604 λάκις
520 3541 549 3592 ὁ
573 3541 634 3594 τὸ
671 3538 834 3592 πλέον
861 3538 1028 3608 μέρος
1062 3541 1118 3592 ὲν
1149 3542 1214 3608 τῇ
1247 3539 1504 3609 κοινωνίᾳ
1532 3540 1904 3608 συνεισφέρων

320 3634 383 3685 τὸ
417 3633 578 3685 πλέον
607 3630 703 3684 τοῦ
741 3631 965 3701 κέρδους
995 3627 1339 3699 πορίζεσθαι,
1386 3630 1478 3682 καὶ
1523 3629 1702 3691 καλῶς
1730 3623 1811 3692 οἷς
1839 3628 1904 3682 ἂν

325 3723 506 3786 οὕτως
535 3720 769 3793 ἀρέσκον
795 3723 936 3792 ὀφθῇ
957 3721 1018 3773 τὸ
1058 3723 1292 3791 πρᾶγμα
1321 3721 1552 3790 γίνεται.
1593 3721 1740 3789 Πλὴν
1784 3721 1907 3773 οὐδὲ

326 3815 420 3868 διὰ
447 3816 605 3867 τοῦτο
641 3814 824 3876 καλῶς
867 3813 1094 3866 ἐπὶτῶν
1125 3813 1426 3867 θαλαττίων
1459 3811 1675 3883 χωρίων
1713 3830 1906 3866 κοινω-

325 3907 447 3971 νίας
484 3906 863 3977 γεγενημένης
890 3908 919 3960 ὁ
946 3907 1006 3960 τὸ
1031 3906 1280 3959 πλεῖστον
1317 3905 1455 3975 ἔχων
1480 3907 1538 3958 ἐν
1571 3904 1647 3976 τῷ
1680 3909 1909 3978 τοιούτῳ

329 4000 517 4071 χωρίῳ
546 3999 638 4053 τοῦ
668 4000 728 4052 τὸ
758 3999 980 4052 ἔλαττον
1037 3998 1256 4068 ἔχοντος
1281 3997 1493 4061 δίκαιος
1536 3998 1909 4069 ἀποφέρεσθαι

332 4090 556 4162 μείζονα
587 4091 814 4162 κέρδους
854 4090 1176 4145 ἀπόλαυσιν.
1213 4085 1338 4143 Οἷον
1376 4091 1430 4143 εἰ
1467 4088 1544 4161 τῷ
1578 4091 1677 4162 μὲν
1717 4093 1912 4146 ἑκατὸν

331 4180 526 4249 εἴησαν
568 4181 790 4252 ὀργυιαὶ
819 4181 942 4236 κατ’
974 4181 1112 4234 ἰδίαν
1145 4181 1397 4246 ἐξουσίαν
1442 4183 1539 4235 καὶ
1579 4186 1770 4256 κτῆσιν
1797 4185 1912 4238 δια·

331 4272 616 4342 φέρουσαι,
644 4274 721 4344 τῷ
745 4274 801 4327 δὲ
838 4275 914 4344 μὴ
941 4274 1228 4339 τοσαῦται,
1254 4274 1390 4330 πολὺ
1423 4275 1479 4328 δὲ
1511 4276 1785 4342 ἐλάττους,
1820 4279 1914 4332 καὶ

2484 3038 2954 3094 CONSTITUTIO
2977 3037 3115 3093 Clll.

2004 3130 2082 3185 De
2125 3133 2188 3183 iis
2237 3131 2327 3199 qui
2358 3130 2422 3183 de
2471 3131 2758 3183 maritimis
2803 3129 3019 3199 prtrdiis
3068 3126 3138 3181 ad
3191 3125 3404 3196 (ΒΟ-60)
3442 3143 3567 3199 cons
3662 3190 3666 3194 ι

2078 3197 2345 3338 ιὶιηειιέἕῖῗ
2414 3216 2653 3254 remoras
2732 3197 3047 3270 piscatoria:
3127 3200 3432 3251 societatem
3510 3197 3595 3249 in-

2074 3281 2199 3325 eunt
2355 3311 2368 3324 .

2077 3363 2135 3416 In
2161 3361 2522 3417 societatibus
2555 3361 2817 3415 usitatum
2849 3368 2958 3427 est,
2989 3369 3049 3413 ut
3081 3357 3192 3412 fere
3213 3357 3326 3428 (ϐξ)
3367 3356 3458 3424 qui
3482 3355 3594 3426 (65)

2022 3457 2145 3523 plus
2169 3457 2426 3521 contulit,
2469 3455 2610 3508 idem
2640 3453 2762 3522 plus
2785 3453 2918 3506 lucri
2970 3453 3196 3508 sentiat.
3233 3451 3299 3505 Et
3331 3460 3477 3504 recte
3509 3465 3598 3502 sa—

2015 3561 2086 3600 ne
2116 3546 2392 3616 negotium
2433 3545 2752 3606 instituunt,
2783 3545 2931 3597 inter
2982 3557 3123 3611 quos
3178 3543 3252 3596 ita
3312 3539 3592 3595 convenit.

2017 3636 2409 3691 Verumtamen
2439 3637 2508 3690 de
2535 3634 2827 3688 maritimis
2853 3635 3076 3705 praediis
3138 3634 3402 3689 societate
3433 3631 3591 3690 inita,

2010 3746 2120 3785 non
2152 3729 2276 3784 ideo
2315 3741 2486 3793 recte,
2515 3729 2676 3798 cujus
2714 3729 2982 3799 praedium
3013 3726 3184 3782 latius
3215 3734 3322 3791 est,
3343 3739 3408 3780 eo
3435 3724 3597 3793 cujus

2009 3822 2221 3876 arctius
2249 3828 2356 3883 est,
2390 3820 2573 3888 majus
2605 3821 2818 3874 lucrum
2849 3820 3086 3875 auferat.
3115 3817 3363 3887 Exempli
3393 3815 3590 3886 gratia,

2013 3914 2178 3984 hujus
2204 3913 2469 3984 praedium
2499 3920 2720 3968 centum
2742 3926 2943 3981 passus
2972 3911 3144 3964 latum
3171 3911 3266 3975 sit,
3296 3909 3449 3963 illius
3469 3921 3596 3961 vero

2013 4007 2174 4077 longe
2229 4006 2541 4076 augustius,
2598 4004 2643 4059 si
2699 4003 2815 4058 haec
2884 4002 3232 4072 coniungens
3281 3997 3597 4055 communio

2016 4097 2146 4151 inde
2175 4097 2468 4151 utilitatem
2508 4094 2842 4165 suppeditet,
2876 4095 3387 4165 utaeqnalitermon
3412 4099 3595 4145 autem

2015 4187 2320 4244 secundum
2383 4185 2653 4256 cujusque
2709 4184 3045 4255 portionem,
3096 4191 3400 4254 proventus
3454 4182 3600 4235 inter

2017 4279 2204 4335 socios
2246 4278 2548 4341 dividatur,
2586 4277 2786 4332 rationi
2821 4285 3260 4331 consentaneum
3311 4282 3418 4329 est.
3451 4271 3594 4337 Quid

327 4364 598 4438 ταύταςή
651 4366 908 4420 κοινωνία
963 4367 1100 4438 πρὸς
1151 4366 1346 4422 ἕνωσιν
1391 4369 1781 4440 καταστήσασα
1812 4371 1897 4440 τὴι

2015 4371 2127 4427 ita?
2150 4371 2275 4442 quia
2301 4372 2356 4426 in
2379 4371 2502 4426 aliis
2529 4367 2762 4438 negotiis
2791 4365 2868 4434 (in
2911 4367 3207 4420 collatione
3239 4363 3594 4434 pecuniarum

1607 4518 1844 4575 VARIAS
1887 4519 2293 4577 LECTIONES.

412 4635 697 4693 ’Fortasse
725 4635 1022 4707 ὁρμῶνται.
1149 4636 1190 4666 ²⁰
1225 4634 1336 4692 Inc.
1374 4634 1594 4708 Ecloga.

1672 4638 1714 4669 “
1742 4637 1860 4693 Ecl.
1880 4638 2017 4693 Nov.
2055 4641 2145 4695 5|.

2223 4640 2265 4671 "
2299 4638 2410 4693 Ecl.
2449 4653 2554 4692 non
2588 4638 2749 4693 habet
2773 4636 2908 4707 πρὸς
2933 4636 3022 4690 ἐπ.
3047 4636 3363 4688 ὑπόστασιν.

1855 4757 2065 4814 NOTAE
2076 4801 2091 4814 .

408 4852 522 4924 (55)
553 4851 906 4924 Malignitatis
935 4852 1162 4909 evidens
1211 4861 1296 4909 est
1348 4865 1759 4923 argumentum.
1802 4855 1907 4910 sibi

337 4938 536 4978 nocere
567 4926 720 4987 velle,
776 4934 834 4976 ut
876 4925 1032 4978 alteri
1077 4940 1302 4980 noceas.
1351 4924 1428 4979 De
1464 4927 1651 4981 vicino
1687 4927 1802 4980 dixi
1837 4929 1908 4980 ad

338 4993 475 5048 NOV.
500 4991 700 5046 Justin.
731 4993 818 5055 55,
849 5008 898 5045 c.
934 4995 981 5047 l.

412 5062 524 5134 (56;
557 5062 694 5126 Quid
721 5065 764 5134 si
796 5077 902 5116 non
940 5065 1184 5128 habent;
1217 5064 1436 5120 vicinus
1472 5065 1539 5118 de
1563 5079 1666 5119 suo
1692 5071 1912 5119 tenetur

341 5133 620 5194 conferre,
646 5144 701 5186 et
732 5133 935 5186 invntus
960 5150 1085 5187 cum
1129 5150 1197 5187 eo
1230 5135 1370 5188 inire
1403 5137 1678 5190 bonorum
1733 5135 1910 5188 socie-

344 5211 534 5264 tatem,
570 5205 836 5274 simodo
876 5213 1090 5274 praestet
1125 5204 1198 5257 illi
1243 5216 1560 5274 competens
1596 5208 1816 5259 lucrum
1845 5220 1914 5258 ex

344 5283 525 5339 empto
555 5281 607 5341 rt
642 5273 840 5336 Iccato,
881 5272 1052 5326 (ἰηιιοὶ
1082 5274 1224 5341 apud
1249 5272 1440 5340 Cuiac.
1479 5274 1563 5336 l4,
1592 5278 1715 5329 obs.
1755 5277 1801 5327 ι.

414 5343 531 5411 (57)
565 5340 621 5395 Si
663 5344 735 5395 ita
775 5351 877 5405 est,
906 5345 1058 5394 inviti
1097 5344 1366 5395 interdum
1407 5347 1816 5412 compelluntur
1840 5345 1908 5401 ad

344 5415 811 5483 communionem,
836 5421 890 5464 et
912 5412 983 5483 ita
1009 5413 1359 5483 restringitur
1391 5415 1474 5466 lex
1509 5415 1601 5475 213,
1653 5412 1679 5483 §
1721 5413 1775 5466 π.
1837 5415 1910 5467 De

346 5482 510 5536 eond.
541 5483 724 5536 indeb.
777 5491 829 5536 ct
857 5481 976 5534 alia:
1009 5481 1077 5535 de
1127 5481 1327 5550 quibus
1371 5483 1487 5538 dixi
1536 5486 1605 5538 ad
1653 5481 1693 5537 Ι.
1721 5486 1818 5538 ult.
1846 5485 1908 5538 Ο.

345 5565 548 5605 comm.
581 5551 752 5604 diviti.

422 5621 534 5692 (58)
577 5619 976 5692 V'idequzedixi
1007 5618 1073 5674 ad
1109 5621 1167 5692 l._
1194 5620 1373 5692 59,3.
1407 5621 1480 5678 De
1507 5639 1620 5692 reg.
1650 5625 1765 5690 jur.

425 5691 643 5761 (59-60)
676 5691 750 5746 De
800 5693 1045 5761 rpochis,
1110 5689 1247 5746 addc
1289 5690 1425 5748 Nov.
1481 5689 1744 5759 57,"Nov.
1793 5695 1908 5759 l02,

2007 4856 2386 4928 eodemrNov.
2421 4857 2543 4921 104,
2578 4853 2743 4910 inira.
2806 4923 2839 4928 η
3069 4920 3080 4928 ,
3149 4919 3159 4928 _
3389 4924 3399 4928 _
3450 4915 3485 4928 ,,

2080 4929 2192 4997 ((il)
2226 4926 2342 4981 Non
2379 4939 2438 4980 nt
2460 4915 2673 4980 ueteris
2704 4923 2952 4998 casibus,
2989 4920 3081 4998 qui
3111 4919 3234 4998 plus
3275 4915 3596 4998 contu-litin

2011 4991 2295 5050 societatis
2335 4997 2805 5054 communionem,
2869 4995 2990 5061 plus
3034 4991 3170 5061 lucri
3225 4991 3478 5061 percipit,
3513 4991 3592 5039 ita

2025 5065 2158 5119 litin
2183 5082 2406 5119 orarum
2441 5067 2842 5118 maritimarum
2871 5058 3262 5113 communione
3309 5077 3322 5111 :
3369 5058 3601 5125 ideoque

2017 5136 2133 5189 haec
2165 5137 2490 5190 constitutio
2512 5136 2762 5207 exceptio
2787 5140 2877 5207 est
2897 5132 2964 5183 ad
2998 5131 3162 5207 leges,
3192 5126 3600 5207 q_ua:_poti_ort;s

2013 5214 2196 5274 partes
2237 5207 2532 5260 conferunt
2578 5196 2700 5272 plus
2743 5199 3074 5263 cunferenti,
3118 5200 3156 5251 l.
3190 5198 3282 5262 80,
3337 5198 3374 5251 Ι.
3419 5196 3511 5260 85,
3539 5196 3594 5252 Π.

2020 5289 2121 5344 pro
2151 5276 2326 5330 socio.
2658 5342 2667 5344 Α
2751 5339 2762 5344 _
3147 5339 3158 5344 _
3312 5339 3322 5344 _
3522 5333 3533 5344 ο

2089 5344 2373 5414 (ϋὲὶῐὶεοιιι
2398 5344 2515 5414 ίιτοο
2532 5339 2799 5414 particula
2826 5339 3011 5414 addita
3031 5339 3422 5414 est.lntcrdum
3447 5339 3596 5414 enim

2019 5403 2112 5482 qui
2164 5403 2572 5485 plus’pecunia'e
2601 5409 3114 5485 contribuit,_pacti
3166 5412 3288 5485 jure
3334 5423 3440 5485 non
3481 5403 3602 5485 plus

2019 5475 2343 5552 perci'pitex'
2370 5475 3073 5556 societate,qnamquivel
3106 5482 3308 5556 ininus,
3347 5477 3427 5531 vel
3463 5475 3601 5556 nihil

2022 5543 2268 5624 teper-am
2305 5551 2509 5624 tamen)
2543 5543 2800 5612 contulit,
2837 5543 2958 5614 Ξίῦ,
2987 5549 3014 5618 §
3041 5554 3092 5614 l,
3123 5549 3176 5603 ﬂ'.
3207 5543 3304 5619 pro
3334 5563 3448 5604 s-‘DC-
3487 5543 3514 5612 ἓ
3541 5543 3596 5605 ‘2.

2022 5623 2197 5679 inStit.
2241 5625 2310 5677 De
2339 5623 2589 5676 societat.

2095 5693 2207 5757 (65)
2235 5693 2293 5746 D.
2332 5694 2380 5758 6,
2421 5695 2474 5745 ll.
2499 5707 2595 5753 pro
2624 5707 2739 5746 soc.
