4062 6202
452 225 554 292 631

1683 220 1960 280 LEONIS
2003 218 2464 280 PHILOSOPIII

3600 214 3709 277 632

455 352 673 406 nempe,
709 345 801 390 aut
833 351 1116 406 pecorum,
1167 340 1262 386 aut
1300 330 1486 393 etiam,
1526 327 1573 382 si
1604 330 1727 398 quis
1787 331 1859 383 ita
1894 332 2026 383 velit

2145 327 2351 380 ἐκεῖθεν
2387 326 2661 395 ὠφέλειαν
2711 326 2958 396 χορηγοῖ,
3005 323 3074 377 δι’
3124 322 3239 376 ῐσου
3281 324 3396 386 τοῖς
3434 328 3712 388 κοινωνοῖς

456 429 799 483 terrestrium
821 423 1092 490 locorum)
1129 434 1470 488 unaquaeque
1503 434 1591 472 res
1624 436 1743 488 qua:
1771 419 1822 472 in
1873 435 2027 472 com-

455 514 976 576 munitonem.coiit,
995 527 1089 580 per
1117 525 1175 564 se
1208 508 1457 570 domino,
1483 517 1750 577 quantum
1785 507 1906 576 ejus
1932 523 2029 560 na-

457 615 577 660 tura
621 605 742 668 fert,
781 604 931 656 utilis
988 615 1110 656 esse
1168 597 1386 664 possit:
1445 597 1499 649 in
1567 596 1863 650 maritimis
1900 613 2029 650 vero

455 694 673 764 praediis
705 692 755 744 id
777 689 1032 743 similiter
1062 702 1121 740 se
1149 701 1258 738 non
1289 684 1507 738 habeat.
1529 682 1664 736 Nam
1703 698 1810 738 non
1837 700 2028 753 quein-

455 781 751 836 admodum
803 779 915 842 illa,
949 779 1029 832 sic
1063 791 1282 846 quoque
1332 773 1596 826 maritimi
1651 773 1794 842 juris
1825 774 2027 842 portio,

454 890 506 928 tn
538 889 598 928 se
631 872 1014 937 considerata,
1074 868 1352 938 peculiare
1406 866 1621 918 lucrum
1677 864 1862 917 habet.
1909 862 2029 916 Non

453 965 595 1021 enim
620 964 799 1034 praeda
833 962 946 1032 (64)
981 962 1179 1016 ibidem
1213 972 1430 1027 semper
1463 956 1569 1009 loci
1597 955 1879 1019 consistit,
1908 965 2030 1007 tan-

455 1072 620 1127 quam
656 1064 944 1110 venatores
977 1063 1326 1122 exspectans.
1367 1048 1590 1117 Alioqui
1653 1061 1807 1111 vero,
1864 1050 2028 1101 etiam

455 1147 598 1218 quod
626 1147 802 1217 major
832 1146 1036 1216 portio,
1069 1152 1290 1214 propter
1320 1141 1550 1195 minoris
1583 1140 1860 1195 defectum
1905 1139 2030 1192 inu-

454 1241 572 1296 tilis
596 1241 691 1296 sit.
723 1240 859 1305 Quis
893 1239 1043 1294 enim
1076 1254 1142 1293 ex
1172 1253 1232 1292 re
1265 1234 1587 1306 imperfecta
1613 1249 1747 1288 usus
1793 1241 1888 1286 aut
1916 1233 2029 1285 uti-

455 1329 624 1384 litas?
654 1328 872 1382 Additio
903 1335 1084 1380 atttem
1117 1325 1347 1379 minoris
1389 1339 1514 1377 cum
1558 1323 2029 1394 imperfectioncm

455 1420 693 1489 expleat,
733 1419 991 1490 quodque
1021 1432 1118 1486 per
1145 1432 1203 1470 se
1231 1415 1298 1469 ad
1342 1416 1479 1469 nihil
1535 1413 1829 1480 conducat,
1885 1413 2020 1468 utile

455 1511 667 1576 reddat,
699 1511 896 1566 rationi
928 1518 1358 1565 consentaneum
1392 1508 1464 1561 sit
1512 1505 1625 1577 (65)
1655 1516 1715 1561 ut
1777 1506 2031 1562 utilitatis

456 1601 755 1673 ex'majore
783 1602 1053 1674 portione,
1084 1616 1204 1670 quae
1229 1599 1368 1654 citra
1398 1599 1772 1653 accessionem
1801 1599 2031 1653 minoris

2141 418 2366 486 εὔλογον
2393 417 2720 487 νενεμῆσθαι
2744 415 2838 486 τὴν
2863 415 3148 486 πρόσοδον,
3182 414 3296 468 ἀλλ’
3331 416 3453 485 οὑχὶ
3476 415 3713 486 πλείστῳ

2139 511 2295 582 μέρει
2323 509 2424 578 τὴν
2446 508 2705 578 διανομὴν
2733 509 2828 561 καὶ
2858 506 3124 576 ἐλαχίστῳ
3149 505 3478 576 προσῆχθαι.
3503 506 3603 559 Διὰ
3623 507 3712 572 τίς

2139 598 2257 650 ’Ότι
2286 599 2342 650 ἐν
2376 595 2474 667 μέν
2491 599 2602 660 τοῖς
2631 597 2810 659 ἄλλοις
2835 595 3124 665 πράγμασι
3152 596 3315 666 (φημὶ
3337 596 3392 648 δὲ
3413 597 3471 648 ἐν
3507 613 3705 648 συνεισο

2137 693 2281 762 φορᾷ
2309 691 2612 760 χρημάτων
2656 690 2688 760 ἢ
2723 688 3118 760 βοσκημάτων,
3157 691 3206 742 εί
3261 688 3504 757 βούλοιτο
3533 689 3591 742 δέ
3632 706 3712 752 τις

2140 782 2238 836 καὶ
2265 783 2447 835 τόπων
2474 783 2614 836 κατὰ
2651 783 2750 853 τὴν
2773 782 2876 850 γῆν
2911 783 3182 850 ὑπόντων)
3230 782 3464 835 ἕκαστον
3493 781 3604 835 τῶν
3633 783 3711 845 είς

2136 873 2329 927 ’ένωσιν
2361 875 2542 944 μερῶν
2574 874 2862 926 συνιέντων
2887 875 2929 905 ⁸³
2957 873 3139 927 ἱκανὸν
3183 874 3303 927 καθ’
3337 874 3499 928 ἐαυτὸ
3545 891 3705 944 προσ-

2137 964 2412 1034 ωφελῆσαι
2468 965 2560 1017 τὸν
2609 965 2948 1034 κεκτημένον
2978 964 3173 1017 ὁπόσον
3203 967 3296 1018 καὶ
3327 964 3551 1018 δυνατὸν
3577 965 3707 1035 ὠφε-

2139 1055 2373 1120 λεῖσθαι,
2415 1060 2474 1110 ἐν
2522 1057 2580 1110 δὲ
2611 1059 2730 1120 ταῖς
2764 1057 3084 1119 θαλαττίαις
3131 1060 3326 1128 νομαῖς
3371 1059 3471 1128 οὑχ
3517 1060 3715 1128 ὁμοίως

2137 1149 2270 1218 ἔχει,
2309 1150 2431 1202 ἐπεὶ
2459 1149 2580 1218 μηδ’
2617 1149 2808 1220 ῶσπερ
2841 1151 2928 1202 ἐπ’
2959 1150 3209 1213 ἐκείνων,
3236 1149 3409 1212 οὑτως
3444 1151 3478 1219 ὴ
3521 1149 3717 1201 Θαλατ-

2135 1237 2229 1290 τία
2261 1238 2420 1307 μερὶς
2467 1240 2553 1307 ἐφ’
2602 1240 2769 1310 ἐαυτῇ
2815 1237 3278 1310 ἐπιμεριζόμενον
3330 1238 3392 1292 τὸ
3446 1239 3578 1292 ἴδιον
3607 1238 3718 1307 ἔχει

2138 1327 2350 1398 κέρδος.
2384 1329 2458 1381 Οὑ
2503 1330 2609 1400 γὰρ
2643 1330 2730 1382 διὰ
2780 1331 2987 1394 παντὸς
3027 1331 3260 1401 ἕστηκεν
3297 1333 3355 1384 ἐν
3383 1332 3495 1394 τοῖς
3537 1331 3720 1391 αὑτοῖς

2137 1420 2171 1488 ἡ
2200 1418 2346 1488 ἄγρα
2369 1420 2754 1490 προσμένουσα
2775 1421 2902 1484 τοὺς
2924 1421 3220 1492 Θηρευτὰς,
3253 1421 3426 1484 ἄλλως
3452 1437 3513 1473 τε
3546 1421 3603 1474 δὲ
3626 1422 3723 1473 καὶ

2139 1510 2234 1563 τοῦ
2271 1512 2558 1573 δοκοῦντος
2593 1512 2839 1577 πλείονος
2873 1513 3075 1584 μέρους
3121 1514 3209 1566 διὰ
3243 1514 3341 1584 τὴν
3365 1513 3648 1576 ἐλάττονος
3679 1515 3723 1543 ’⁸

2141 1600 2347 1653 ἔνδειαν
2382 1604 2653 1673 ἀχρήστου
2701 1602 3084 1672 τυγχάνοντος,
3114 1604 3217 1675 (τίς
3254 1603 3363 1674 γὰρ
3404 1603 3461 1669 ἐξ
3498 1600 3724 1662 ἀτελοῦς

459 1692 596 1746 nihil
634 1694 990 1747 einolttmenti
1051 1691 1264 1755 afferat,
1326 1689 1697 1761 provenientis
1755 1690 2020 1759 aequalem

2145 1694 2320 1764 ιρῆσις
2349 1695 2581 1767 ἢδνησις
2603 1696 2642 1763 ;)
2695 1698 2728 1768 ἠ
2755 1697 2810 1750 δέ
2832 1698 3118 1768 προσθήκη
3153 1696 3245 1750 τοῦ
3275 1698 3574 1760 ἐλάττονος,
3599 1697 3727 1748 ἀνα-

457 1791 664 1851 partem
690 1783 914 1838 domino
949 1781 1280 1852 suppeditet.

2133 1785 2417 1857 πλήρωσις
2441 1789 2706 1859 γινομένη
2727 1791 2827 1859 τῆς
2863 1789 3135 1853 ἀτελείας,
3173 1790 3266 1843 καὶ
3296 1791 3569 1861 χρήσιμον
3605 1787 3720 1840 δεί-

459 1876 598 1939 ξασα
639 1875 698 1928 τὸ
727 1876 801 1946 μὴ
857 1876 980 1928 καθ’
1033 1873 1196 1926 ἑαυτὸ
1237 1871 1592 1944 χρησιμεῦον,
1622 1871 1845 1940 εὑλογον
1891 1873 1934 1904 ⁸⁸
1963 1873 2030 1926 ἂν
2072 1876 2160 1947 εἴη
2194 1879 2294 1949 τὴν
2328 1880 2632 1954 ἰσομοιρίαν
2660 1880 2739 1950 τῷ
2788 1881 3012 1952 κτήτορι
3059 1884 3316 1952 χορηγεῖν
3371 1883 3469 1950 τῆς
3506 1880 3730 1948 ἐπιλαγ,

460 1966 726 2036 χανούσης
762 1965 1024 2036 χορηγίας
1047 1967 1112 2017 ἐκ
1142 1964 1235 2017 τοῦ
1271 1963 1517 2032 μείζονος
1547 1963 1647 2034 μὲν
1673 1962 2029 2033 νομιζομένου
2070 1967 2294 2038 μέρους,
2322 1971 2474 2024 οὑδέν
2507 1971 2564 2024 δέ
2595 1969 2974 2034 συντελοῦντος
3053 1972 3222 2041 χωρὶς
3288 1972 3386 2042 τῆς
3433 1987 3728 2039 συνεισφο-

461 2061 561 2128 ρᾶς
602 2058 695 2111 τοῦ
721 2058 1024 2120 ἐλάττονος.

530 2153 824 2221 Propterea
857 2153 1025 2223 igitur
1045 2152 1218 2223 legem
1264 2152 1428 2207 etiam
1459 2166 1578 2220 quae
1602 2150 1862 2221 deinceps
1886 2150 2036 2220 juste

460 2246 562 2301 hoc
584 2247 868 2315 gubernet,
904 2245 1251 2314 imperatoria
1305 2252 1491 2299 nostra
1525 2245 1781 2314 majestas
1813 2245 2038 2315 profert.

459 2338 769 2393 Statuimus
800 2352 951 2401 vero,
995 2346 1056 2390 ut
1091 2337 1136 2391 si
1178 2337 1416 2391 duarum
1476 2337 1878 2390 maritimarum
1918 2351 2045 2407 por-

459 2430 693 2493 tionum,
722 2443 958 2497 quarum
989 2428 1159 2481 altera
1207 2427 1405 2496 major,
1453 2428 1625 2482 altera
1675 2443 1804 2482 vero
1865 2429 2045 2482 minor

459 2521 554 2582 sit,
596 2519 663 2572 ad
699 2518 1120 2573 constituendas
1159 2533 1407 2574 retnoras
1443 2519 1771 2588 piscatorias
1798 2520 1850 2572 in
1884 2535 2039 2572 com-

461 2610 775 2665 munionem
812 2609 1135 2679 conjunctio
1188 2609 1282 2662 fiat
1321 2611 1609 2678 utriusque
1643 2610 1911 2678 portionis
1940 2610 2038 2664 do-

462 2701 594 2755 mini
615 2716 684 2754 ex
708 2715 868 2770 aequo
890 2703 1036 2753 inter
1076 2715 1138 2754 se
1163 2700 1378 2753 lucrum
1411 2701 1679 2755 dividant.

924 2788 1396 2844 CONSTITUTIO
1443 2789 1575 2843 CIV.

463 2880 541 2937 De
575 2883 880 2952 piscatoriis
929 2881 1045 2959 _(66)
1101 2879 1322 2959 uenturis
1368 2880 1505 2931 inter
1543 2894 1682 2959 Aquas
1747 2877 2038 2946 legitimum

921 2950 1272 3004 interstitium
1325 2964 1429 3000 non
1474 2956 1574 3000 est.

536 3042 684 3097 idem
717 3043 1020 3112 imperator
1057 3039 1235 3095 eidem
1275 3036 1541 3109 Styliano.

533 3132 991 3202 Quandoquidem
1027 3146 1172 3199 sape
1215 3129 1497 3193 usuvenit,
1529 3136 1589 3182 ut
1636 3143 1762 3182 cum
1799 3129 2041 3198 legitimo

464 3223 754 3280 intervallo
777 3223 974 3277 vicina:
1011 3222 1156 3276 inter
1191 3234 1250 3274 se
1284 3234 1512 3273 remora:
1573 3220 1885 3288 piscatoriae
1938 3235 2046 3273 non

465 3317 691 3381 distent,
725 3316 1108 3371 contentiones
1143 3322 1306 3382 atque
1336 3312 1457 3365 lites
1478 3311 1927 3365 exsuscitentur:
1982 3312 2050 3366 de

465 3411 536 3465 iis
584 3411 749 3465 etiam
803 3406 1198 3465 controversiis
1229 3405 1548 3467 statuimus,
1581 3413 1639 3456 ut
1682 3417 1810 3457 reus
1837 3403 1929 3456 ubi
1971 3403 2050 3457 le-

466 3502 654 3572 gitime
706 3500 996 3556 convictus
1055 3498 1244 3564 fuerit,
1299 3495 1344 3551 si
1382 3495 1488 3550 loci
1512 3493 1753 3564 spatium
1785 3495 2047 3563 patiatur,

467 3608 534 3648 eo
557 3606 803 3648 remoras
833 3589 1154 3656 transferat,
1182 3587 1276 3643 ubi
1311 3594 1574 3656 tanquam
1614 3586 1746 3656 legis
1794 3585 2052 3654 praescri-

470 3691 622 3752 ptum
651 3681 945 3751 despiciat,
1000 3681 1158 3736 litem
1187 3679 1477 3735 subiturus
1537 3692 1647 3730 non
1678 3685 1792 3732 est:
1839 3677 1884 3729 si
1921 3690 2052 3731 vero

469 3789 580 3842 quo
602 3773 904 3829 transferat
938 3772 1092 3828 locus
1123 3786 1234 3826 non
1271 3771 1368 3836 sit,
1395 3782 1667 3824 annorum
1713 3768 2050 3822 curriculum

469 3864 813 3930 observetur,
845 3873 978 3935 quot
1001 3865 1056 3919 in
1081 3863 1326 3933 litigioso
1387 3861 1508 3916 loco
1555 3875 1900 3915 remorarum
1960 3875 2052 3914 se-

473 3966 626 4024 ptum
660 3957 827 4011 lixum
869 3956 983 4026 (67)
1015 3955 1212 4021 fuerit;
1244 3954 1364 4008 etsi
1391 3961 1578 4008 actore
1613 3961 1905 4022 praesente,
1931 3954 2054 4008 nul-

472 4047 692 4116 lamque
726 4048 1179 4116 protestationem
1226 4045 1607 4112 interponente
1637 4043 1826 4097 decem
1878 4058 2053 4097 annos

471 4139 803 4203 constiterit,
845 4138 1133 4191 immotum
1186 4135 1379 4192 eodem
1425 4133 1482 4187 in
1536 4134 1658 4188 loco
1691 4141 2050 4202 permaneat:

473 4239 530 4287 at
553 4231 600 4288 si
630 4241 783 4287 actor
817 4245 1044 4302 peregre
1074 4229 1168 4293 sit,
1207 4236 1269 4284 ut
1328 4235 1547 4299 septum
1580 4240 1691 4280 non
1739 4236 2048 4290 moveatur,

473 4325 799 4380 decennium
840 4339 951 4379 non
976 4323 1231 4389 sufﬁciat,
1272 4321 1368 4377 sed
1401 4322 1635 4376 alterum
1691 4320 2050 4373 annumerari

2216 2151 2316 2204 Διὰ
2349 2152 2392 2183 ⁸⁸
2424 2151 2582 2204 τοῦτο
2615 2149 2709 2204 οὑν
2735 2151 2827 2204 καὶ
2853 2151 3070 2222 νόμονὴ
3096 2151 3342 2221 βασιλεία
3375 2151 3532 2224 ἡμῶν
3560 2150 3731 2220 ἐκφέ-

2149 2261 2233 2313 ρει
2265 2243 2357 2296 τδν
2383 2244 2491 2296 ἀπό
2517 2260 2580 2310 γε
2614 2244 2706 2296 τοῦ
2731 2243 2827 2296 νῦν
2852 2243 3068 2315 νομίμῳ
3097 2244 3417 2318 δικαιοσύνῃ
3443 2246 3571 2314 περὶ
3597 2245 3732 2298 τού-

2143 2353 2240 2388 του
2269 2335 2667 2400 διευθετοῦντα,
2697 2336 2790 2388 καὶ
2814 2335 3091 2406 ὁρίζομεν,
3115 2335 3210 2388 ἐὰν
3236 2335 3328 2388 δύο
3350 2335 3512 2388 τινῶν
3535 2335 3730 2389 θαλατ-

2140 2427 2272 2480 τίων
2331 2426 2564 2496 μερίδων
2615 2426 2810 2490 ἒνωσις
2858 2427 3084 2498 γένηται
3142 2428 3278 2498 πρὸς
3343 2428 3643 2480 ὑπόστασιν
3685 2429 3732 2460 ¹⁷

2149 2521 2376 2590 ἐποχῆς,
2408 2519 2506 2589 μία
2540 2520 2584 2572 δ’
2611 2515 2848 2592 αὑτῶνῇ
2905 2520 3128 2589 μείζων,
3159 2521 3323 2592 έτὲρα
3356 2522 3413 2575 δὲ
3461 2521 3729 2583 ἐλάττων,

2143 2613 2236 2685 ἴσῃ
2263 2612 2493 2680 διανομῇ
2519 2611 2580 2663 τὸ
2621 2611 2810 2680 κέρδος
2851 2611 3069 2681 ἐπέχειν
3099 2613 3227 2674 τοὺς
3279 2613 3496 2684 μερίδος
3536 2614 3734 2666 ἐκατέο

2143 2721 2244 2772 ρας
2288 2703 2671 2766 δεσπόζοντας.

2677 2791 2986 2844 ΔΙΔΤΑΞΙΣ
3020 2790 3112 2844 ΡΔ¹
3141 2792 3204 2846 ³⁸.

2141 2887 2281 2957 Περὶ
2310 2885 2551 2956 ἐποχῶν
2577 2885 2662 2956 μὴ
2701 2883 2978 2952 ἐχουσῶν
3009 2885 3076 2936 τὸ
3118 2885 3185 2938 ἐκ
3221 2884 3326 2939 τοῦ
3371 2886 3560 2955 νόμου
3597 2884 3731 2940 διά-

2813 2971 3052 3022 μετρον.

2228 3048 2285 3100 ’0
2313 3047 2476 3110 αὑτὸς
2501 3046 2750 3114 βασιλεὺς
2778 3042 3053 3113 Στυλιανῷ
3086 3042 3162 3113 τῷ
3191 3042 3363 3113 αὑτῷ.

2232 3137 2453 3207 Ἐπειδὴ
2492 3138 2548 3188 ἐν
2581 3138 2697 3198 ταῖς
2727 3135 2963 3202 γείτοσιν
3000 3135 3225 3204 ἐποχαῖς
3261 3133 3553 3202 συμϐαίνει
3591 3133 3732 3186 πολ-

2149 3230 2304 3292 λάκις
2340 3228 2416 3291 ὡς
2439 3229 2536 3297 τῆς
2561 3229 2602 3258 ¹⁹
2645 3229 2708 3279 ἐκ
2735 3225 2842 3278 τῶν
2881 3225 3138 3293 γειτόνων
3168 3225 3523 3288 ἀποστάσεως
3563 3226 3640 3296 μὴ
3670 3226 3736 3278 τὺ

2149 3320 2536 3390 νενομισμένον
2566 3317 2846 3385 σωζούσης
2877 3318 3074 3389 μέτρον
3097 3317 3366 3372 κινεῖσθαι
3398 3319 3736 3387 φιλονεικίας

2149 3413 2246 3469 καὶ
2276 3413 2476 3483 ἐριδας,
2507 3411 2764 3482 ὁρίζομεν
2799 3411 2892 3464 καὶ
2927 3410 3057 3481 περὶ
3094 3411 3202 3465 τῶν
3226 3410 3488 3464 τοιούτων
3533 3410 3736 3464 ὑποθέ-

2153 3523 2314 3570 σεων,
2365 3504 2503 3557 ὥστε
2546 3504 2607 3555 τὸ
2639 3502 2969 3572 διωκόμενον
3013 3502 3178 3574 μέρος
3225 3501 3448 3555 ἐπειδὰν
3485 3501 3734 3573 νομίμως

2150 3599 2463 3667 ἁλίσκηται,
2495 3595 2779 3666 παρούσης
2811 3594 2910 3664 μὲν
2941 3593 3204 3664 εὐπορίας
3235 3593 3427 3661 τόπου,
3460 3592 3736 3646 ποιεῖσθαι

2151 3688 2253 3758 τῆς
2289 3688 2492 3758 ἐποχῆς
2533 3685 2917 3754 ἀναμφιϐόλως
2946 3684 3046 3755 τὴν
3092 3683 3457 3754 μετάστασιν,
3499 3683 3626 3737 ἔνθα
3659 3684 3735 3754 μὴ

2158 3781 2340 3852 μέλλοι
2372 3778 2594 3850 γραφὴν
2634 3777 2928 3846 ὑπομένειν
2964 3777 3040 3841 ὡς
3067 3775 3327 3847 παρορῶν
3357 3775 3416 3829 τὸ
3445 3774 3539 3829 τοῦ
3568 3775 3736 3844 νόμου

2154 3873 2410 3942 διόρισμα
2433 3888 2447 3901 ·
2491 3870 2564 3942 μὴ
2595 3868 2876 3941 παρούσης
2917 3869 2974 3923 δὲ
3009 3867 3193 3939 χώρας
3234 3867 3319 3936 ἐφ’
3349 3867 3416 3938 ἦν
3461 3869 3735 3938 μεταστήο

2157 3980 2329 4025 σεται,
2356 3960 2465 4013 τῶν
2497 3959 2705 4030 χρόνων
2736 3956 3119 4026 ἐπιτηρεῖσθαι
3156 3955 3255 4025 τὴν
3289 3953 3544 4025 πάροδον,
3589 3953 3736 4017 ὅσοις

2157 4053 2250 4107 ἐπὶ
2277 4053 2372 4105 τοῦ
2413 4052 2578 4104 τόπου
2617 4047 2714 4102 τοῦ
2753 4047 2845 4100 ὑπ’
2877 4046 3133 4117 ἔγκλημα
3169 4046 3462 4109 πίπτοντος
3503 4044 3738 4114 ἔσχηκεν

2155 4147 2190 4216 ή
2225 4143 2396 4214 ἐποχή
2418 4143 2517 4212 τὴν
2549 4141 2712 4209 πῆξιν
2739 4153 2754 4169 ⁸
2792 4139 2897 4192 κᾶν
2930 4137 3029 4207 μὲν
3058 4135 3453 4208 ἐπιδημοῦντος
3485 4134 3580 4188 τοῦ
3608 4132 3735 4188 διώ-

2157 4251 2345 4296 κοντος
2377 4232 2472 4286 καὶ
2498 4230 2663 4301 μηδὲν
2691 4227 3242 4299 ἐπιμαρτυρουμένου
3279 4225 3454 4278 ἐτεσιν
3486 4226 3578 4278 ἐπὶ
3605 4224 3739 4277 δέκα

2155 4327 2256 4397 τὴν
2282 4324 2472 4378 στάσιν
2501 4322 2789 4390 ἐκέκτητο,
2816 4318 3093 4388 διαμένειν
3119 4317 3288 4387 αὐτὴν
3318 4316 3412 4369 ἐπὶ
3434 4317 3536 4385 τῆς
3568 4315 3740 4384 αὑτῆς

471 4422 741 4485 oporteat,
775 4423 835 4470 ut
861 4416 992 4470 anni
1049 4429 1243 4469 omnes
1302 4413 1496 4484 viginti
1543 4413 1677 4468 sint.
1736 4408 1913 4481 Atque
1946 4411 2040 4466 hoc

2159 4413 2563 4486 ἀμετακίνητον
2613 4409 2821 4480 χώρας,
2863 4407 2912 4460 εί
2943 4406 2987 4459 δ’
3029 4405 3312 4474 ἀπόδημον
3425 4404 3486 4456 τὸ
3512 4403 3611 4472 τὴν
3643 4403 3739 4468 ἐγ-

470 4508 690 4578 quidem
727 4509 1111 4579 praescriptum
1150 4509 1207 4563 in
1242 4507 1492 4577 profanis
1550 4505 1820 4560 obtineat.
1849 4504 2047 4558 Eccle-

2147 4510 2350 4579 κλησιν
2407 4502 2847 4572 ὑποϐαλλόμενον
2915 4499 3231 4568 πρόσωπον,
3295 4497 3393 4550 οὑκ
3455 4493 3741 4564 ἐξαρκέσει

473 4599 570 4655 sia:
600 4614 731 4654 vero
757 4610 812 4655 et
862 4599 1199 4654 monasteria
1249 4605 1304 4652 et
1328 4597 1375 4652 si
1400 4612 1506 4667 qua
1561 4597 1666 4651 alia
1701 4596 2040 4652 'venerabilis

2145 4599 2285 4671 πρὸς
2314 4596 2376 4650 τὸ
2407 4595 2811 4664 ἀμετακίνητον
2842 4592 2870 4645 ὁ
2904 4588 3165 4660 δεκαετὴς
3195 4587 3407 4658 χρόνος,
3453 4585 3589 4640 ἀλλὰ
3614 4584 3737 4671 δεή-

472 4689 694 4756 domus,
735 4701 849 4746 tnm
899 4691 1137 4760 denique
1163 4704 1504 4759 quaecunque
1547 4689 1614 4743 ad
1668 4689 1859 4744 fiscum
1912 4689 2053 4743 refe-

476 4792 692 4850 runtur,
710 4799 834 4840 cum
865 4783 1001 4855 ipsis
1034 4783 1103 4836 ad
1138 4797 1345 4836 annum
1393 4781 1873 4852 quadragesimum
1925 4779 2053 4849 jura

2150 4707 2235 4743 σει
2264 4687 2359 4742 καὶ
2384 4684 2638 4739 τοσοῦτον
2660 4683 2848 4751 ἕτερον
2876 4677 3204 4748 προσεξειριο
3217 4674 3455 4745 μεῖσθαι,
3487 4672 3564 4734 ὡς
3597 4665 3741 4722 εἶναι

2149 4779 2282 4842 τοὺς
2327 4775 2654 4846 σύμπαντας
2689 4771 2864 4825 εῐκοσι
2906 4767 3153 4838 χρόνους.
3198 4765 3338 4819 Ἀλλ’
3371 4757 3527 4824 οὗτος
3571 4759 3670 4830 μὲν
3715 4759 3749 4808 ἁ

476 4851 903 4944 conserventur,
926 4875 1136 4930 dictum
1202 4880 1422 4944 tempus
1455 4851 1781 4940 despicient.
1832 4870 1913 4925 Ac
1966 4870 2040 4925 sic

2146 4868 2428 4941 διορισμὸς
2471 4865 2567 4920 ἐπὶ
2600 4862 2912 4934 προσώπων
2954 4858 3363 4914 ἰδιωτευόντων.
3413 4851 3739 4923 Ἐκκλησίαι

1761 4981 1996 5038 VARle
2036 4982 2329 5039 LECTION
2339 4980 2444 5037 ES.

540 5087 585 5120 "
603 5083 960 5156 Conj.Steph.
998 5082 1232 5154 Scrimg.
1263 5080 1477 5150 ἐκάστῳ
1498 5076 1878 5141 -συνιέντος.
1916 5078 1959 5110 ¹⁵
2002 5075 2235 5148 Scrimg.
2261 5076 2542 5131 ἐλάττονα.
2569 5069 2888 5126 Emendavit
2917 5068 3110 5138 Steph.

543 5156 697 5202 λογοε
732 5156 978 5202 scribere
1013 5155 1252 5202 malunt.
1285 5162 1344 5202 ut
1367 5151 1434 5202 ad
1467 5148 1747 5202 προσθήκη
1793 5149 2082 5202 pertineat.
2181 5149 2225 5180 ⁸⁸
2256 5147 2368 5202 Inc.
2401 5145 2624 5202 Ecloza.
2700 5143 2740 5172 "
2769 5140 2884 5196 Ecl.
2915 5139 3110 5192 σύστασ

1793 5163 2082 5217 pertineat.

477 5155 697 5224 ξὺλογος
718 5148 978 5211 ἐει-ἱιὶετο
1013 5148 1252 5224 ιηαιιιιῐι,
1285 5148 1748 5224 υιλτιάρεροσθήῒξη

3217 5066 3261 5098 ¹⁸
3293 5061 3557 5137 Steph-3‘
3580 5057 3742 5137 A81?-

2181 5129 2234 5180 δι’
2256 5129 2368 5202 tne.
2401 5145 2624 5212 Ecloga.
2700 5143 2745 5212 '1
2769 5140 2898 5212 Ecl.
2915 5129 3207 5212 «ageam.
3272 5136 3316 5166 η
3341 5129 3621 5212 eorum.
3647 5129 3743 5212 se.

1462 5198 2216 5288 Νόἱιὶιῦὶιίεὲιόέὲ’όόδίοεε
2253 5198 2381 5272 {alii
2513 5198 2634 5284 τῆς,
2659 5211 2753 5266 alii
2806 5210 2915 5264 ἀπὸ
2946 5208 3048 5278 τῆς
3101 5208 3306 5262 omissa
3339 5201 3602 5273 particula
3642 5198 3744 5261 dic.

2012 5331 2241 5390 NOTIE.

698 5438 908 5515 ςᾼγρα,
946 5434 1001 5490 id
1038 5440 1120 5515 est
1150 5439 1401 5515 captura.

558 5498 671 5578 (65)
698 5498 826 5563 Νοῆ
851 5498 946 5577 pro
968 5506 1187 5578 ratione
1206 5498 1549 5578 prgediorttm

705 5579 780 5634 De
825 5567 1073 5650 epocltis,
1115 5567 1254 5629 adde
1278 5573 1411 5625 Nov.
1460 5569 1548 5633 57,
1581 5567 1704 5631 101,
1736 5569 1860 5633 185,
1894 5579 2058 5636 supra

494 5663 575 5703 eo:
605 5686 617 5701 .

2239 5425 2354 5498 (67>
2384 5425 2663 5498 ἐσκηκεγ
2685 5423 2719 5491 ἡ
2749 5417 2922 5498 me
2961 5416 3074 5498 ,τὴν
3106 5405 3743 5498 πῆξ.ινκῖςξιιὶ,ῖξῗιεξϊζ

2173 5477 2601 5621 soieibarateﬁim
2631 5493 2688 5549 in
2707 5477 3045 5559 'marinpalos
3082 5477 3359 5553 conligere
3376 5477 3445 5533 ad
3477 5477 3607 5534 retia
3646 5491 3749 5533 cx-

2174 5573 2267 5623 ten
2308 5580 2377 5622 cn
2423 5579 2476 5619 a.
