4080 6218
299 356 406 420 633

1393 363 1758 425 NOVEI.LIE
1787 364 2458 429 CONSTITUTIONES.

3442 368 3549 433 634

297 464 354 517 δὲ
387 465 482 517 καὶ
517 467 878 537 μοναστήρια,
920 466 1014 520 καὶ
1054 467 1108 520 εί
1130 484 1213 532 τις
1243 469 1401 534 ἄλλος
1444 472 1649 542 εύαγὴς
1698 468 1865 537 οἶκος,

1972 476 2190 544 quidem
2215 476 2282 531 de
2309 475 2425 546 (69)
2451 489 2790 531 remorarum
2834 476 3093 543 statione,
3124 491 3247 547 qua:
3284 474 3397 547 (70)
3417 492 3549 547 pro-

292 554 391 608 καὶ
424 556 524 608 ὅσα
564 556 700 627 πρὸς
727 557 790 609 τὸ
822 556 1084 628 δημόσιον
1114 560 1478 632 ἀναφέρεται,
1510 561 1600 614 τὸν
1634 561 1870 632 ρηθέντα

292 646 599 716 παρόψεται
646 648 873 719 χρόνον,
929 651 1092 723 μέχρι
1147 652 1708 723 τεσσαρακονταετίας
1762 653 1871 705 τῶν

288 737 515 790 δικαίων
536 738 717 802 αὐτοῖς
737 741 1170 811 διασωζομένων.
1200 743 1357 797 οετω
1377 743 1432 796 δὲ
1463 744 1591 814 περὶ
1616 743 1715 812 τῆς
1740 743 1869 794 ἐπο-

288 828 393 897 κῆς
409 828 457 858 ³⁸
482 829 942 896 ἀποθεσπίζοντες
985 834 1225 898 στάσεως
1244 878 1260 902 ,
1292 836 1417 889 ὅσαι
1462 835 1551 887 διὰ
1591 834 1799 906 χρόνων
1824 834 1867 865 ’ί

1970 573 2091 633 pter
2133 565 2829 635 temporislongitudinem
2885 566 3096 619 moveri
3155 580 3264 619 non
3330 566 3547 634 possint

1968 656 2300 720 sancientes,
2328 656 2589 724 jubemus
2634 672 2703 711 ne
2755 665 2909 709 actor
2947 657 3237 711 maritima:
3277 672 3388 711 ora:
3432 656 3547 726 (7i)

1967 743 2338 797 emolumento
2360 744 2646 811 privetur:
2686 745 3074 824 tametsi.(72)
3123 745 3273 814 quod
3330 755 3549 815 tempus

1966 836 2209 901 elapsum
2246 833 2339 896 sit,
2374 834 2624 887 obtinere
2656 835 2805 888 litem
2866 851 2973 889 non
3018 836 3279 905 potuerit.

290 922 650 993 παραδρομὴν
675 924 737 977 τὸ
761 926 1015 994 ἀκίνητον
1037 926 1243 992 ἕξουσι,
1277 927 1606 997 ’κελεύομεν
1668 927 1762 979 τοῦ
1832 924 2128 995 προθυρίου
2184 925 2408 995 κέρδους
2474 926 2549 996 μὴ
2604 928 2911 997 στερεῖσθαι
2960 929 3052 982 τὸν
3104 930 3203 999 τὴν
3289 929 3550 999 ἔγκλησιν

295 1018 638 1088 ποιούμενον,
686 1021 789 1077 κᾶν
822 1023 897 1094 μὴ
946 1023 1007 1076 τὸ
1045 1025 1243 1093 κράτος
1308 1024 1431 1094 ἔσχε
1468 1023 1723 1087 καθάπαξ
1742 1025 1788 1054 ⁸⁸
1823 1022 1922 1091 τῆς
1959 1020 2257 1085 ἐκδιώξεως
2292 1021 2379 1074 διὰ
2416 1021 2516 1093 τὴν
2553 1024 2919 1090 ἀναφανεῖσαν
2990 1022 3084 1077 τοῦ
3130 1022 3325 1094 χρόνου
3396 1022 3550 1079 ἀντί-

298 1131 456 1168 πτωσ
459 1132 529 1171 ιν.

871 1229 1180 1282 ΔΙΑΤΑΞΙΣ
1214 1229 1333 1283 ΡΕ’.

293 1317 436 1388 Περὶ
464 1317 572 1372 τοῦ
602 1318 713 1372 ἐὰν
749 1318 950 1387 ἄρχων
980 1338 1072 1384 τις
1108 1319 1234 1386 ἁ.ίῷ
1263 1321 1569 1389 δημοσίων
1597 1319 1868 1390 πραγμά-

860 1404 979 1441 των
1015 1390 1302 1457 κλέπτης.

364 1477 545 1532 Καλὸν
595 1478 629 1547 ἡ
674 1479 739 1531 ὲκ
781 1479 891 1531 τῶν
921 1480 1103 1546 νόμων
1147 1482 1463 1551 ἐπαγομένη
1491 1485 1731 1553 τιμωρία
1772 1483 1867 1537 καὶ

293 1568 551 1633 κόλασις,
602 1570 683 1623 ὅτι
735 1571 1060 1641 σωφρονίζει
1111 1572 1173 1625 τὸ
1215 1574 1446 1626 ἄτακτον
1490 1575 1583 1626 καὶ
1637 1574 1865 1637 ἄκοντας

292 1658 607 1712 ἀναστέλλει
637 1659 735 1728 τῆς
764 1660 856 1711 ἐπὶ
878 1661 947 1712 τὰ
976 1660 1188 1729 πονηρὰ
1212 1662 1393 1730 ῥύμης
1416 1663 1541 1724 τοὺς
1576 1664 1866 1733 προπετεῖς

2460 1221 2921 1277 CUNSTITUTIO
2955 1222 3065 1277 CV.

2080 1314 2141 1370 Si
2170 1314 2519 1383 magistratus
2549 1316 2745 1384 aliquis
2761 1331 2843 1368 res
2873 1316 3082 1383 ﬁscales
3097 1316 3312 1384 furatus
3329 1331 3443 1371 esse

2428 1384 2777 1450 deprehensus
2829 1389 2898 1437 sit
2935 1384 3069 1454 (73).

2040 1475 2359 1528 υθυαειιίιὶε
2388 1489 2475 1528 res
2508 1482 2593 1528 est
2646 1474 2891 1543 legitima
2929 1475 3219 1544 castigatio
3266 1483 3321 1530 et
3356 1489 3545 1545 prima,

1970 1567 2115 1637 quod
2149 1567 2515 1635 incomposita
2543 1565 2793 1620 emendet
2824 1584 2837 1619 :
2867 1574 2921 1619 et
2959 1566 3024 1619 ad
3046 1568 3184 1619 mala
3215 1583 3542 1637 propensos,

1975 1672 2041 1711 ne
2084 1657 2137 1710 in
2172 1657 2261 1710 illa
2291 1664 2578 1726 proruant,
2622 1655 2707 1710 vel
2734 1657 2938 1711 invitos
2963 1658 3279 1728 restringat.
3328 1660 3544 1717 Lauda-

293 1748 391 1801 ὲπὶ
436 1748 652 1804 κακίαν.
710 1748 887 1803 Καλὸν
934 1750 989 1804 δὲ
1042 1752 1131 1803 ὅτε
1178 1751 1276 1822 τὴν
1328 1754 1711 1822 προσήκουσαν
1754 1755 1865 1816 τοῖς

1972 1744 2094 1801 bilis
2127 1756 2232 1812 est,
2278 1748 2526 1817 inquam,
2576 1747 2797 1817 quando
2856 1748 3068 1818 legibus
3126 1752 3542 1807 convenientem

292 1839 480 1909 νόμοις
518 1838 679 1903 σώζει
706 1839 1116 1910 φιλανθρωπίαν
1152 1844 1185 1912 ἠ
1227 1842 1469 1906 κόλασις,
1507 1844 1601 1895 καὶ
1632 1843 1705 1912 μὴ
1738 1846 1868 1896 ταύ-

290 1946 392 1999 της
421 1929 751 2000 ἐλαυνομένη
791 1932 1127 2000 διελέγχεται
1161 1933 1295 2003 μηδὲ
1327 1934 1598 2004 προφάσει
1635 1934 1729 1986 τοῦ
1762 1952 1868 1987 σω⁴

292 2019 571 2087 φρονίζειν
596 2019 887 2090 ὠμοτάτην
913 2022 1243 2075 ἐπιδεικνύει
1268 2024 1607 2093 προαίρεσιν,
1628 2024 1751 2076 ἐπεὶ
1774 2023 1867 2077 καὶ

292 2108 498 2179 πατὴρ,
528 2108 632 2172 ἕως
657 2109 754 2178 μὲν
784 2110 1183 2180 φιλανθρώπως
1199 2111 1417 2175 κολάζει
1440 2112 1746 2167 πταίσαντα
1775 2112 1867 2165 τὸν

292 2199 479 2262 παῖδα,
510 2200 604 2252 καὶ
631 2201 730 2269 τῆς
754 2201 1096 2272 προμηθείας
1118 2203 1395 2266 ἐπαινετὸς
1429 2204 1523 2256 καὶ
1566 2206 1665 2275 τῆς
1708 2203 1867 2258 κολά-

295 2306 469 2354 σεως,
518 2291 738 2343 ἐπειδὰν
793 2292 851 2345 δὲ
898 2294 1001 2363 τῆς
1064 2294 1383 2365 πρεπούσης
1429 2296 1597 2364 πατρὶ
1642 2294 1868 2365 γνώμης

292 2381 575 2435 ἐκπίπτων
627 2381 690 2433 οὐ
742 2383 885 2437 κατὰ
930 2382 1086 2452 λόγον
1132 2386 1405 2454 πατρικῆς
1426 2385 1857 2456 φιλανθρωπίας,

293 2472 409 2525 ἀλλ’
440 2474 505 2526 ὲκ
540 2472 634 2526 τοῦ
666 2474 1052 2544 χαλεπωτάτου
1091 2476 1295 2545 τρόπου
1332 2478 1433 2547 τὴν
1470 2476 1661 2547 ποινὴν
1691 2477 1867 2530 ὲπιτίο

293 2560 424 2631 θησι
464 2560 541 2631 τῷ
578 2562 807 2632 παιδίῳ,
842 2562 966 2617 οὕτε
1001 2564 1284 2634 πατρικῶς
1326 2565 1573 2619 παιδεύει
1606 2567 1700 2618 καὶ
1732 2567 1868 2636 πρὸς

293 2651 561 2721 ἀποδοχὴν
590 2652 762 2714 οὐδεὶς
792 2652 947 2707 ἔσται
973 2655 1075 2724 τῆς
1108 2654 1495 2726 χαλεπότητος.
1529 2656 1591 2708 Ei
1616 2655 1680 2725 δὴ
1705 2656 1871 2709 πατέ-

296 2758 389 2812 ρες
421 2743 472 2795 οί
500 2742 655 2812 νόμοι
682 2745 779 2797 σὺν
806 2744 1033 2816 ἀληθείᾳ
1056 2748 1436 2817 τυγχάνουσιν,
1459 2747 1647 2818 ὥσπερ
1683 2748 1746 2818 δὴ
1773 2748 1868 2801 καί⁸

291 2833 619 2902 τυγχάνουσι
640 2877 654 2900 ,
708 2836 928 2899 πάντως
990 2837 1287 2892 ἀκόλουθον
1346 2840 1487 2893 κατὰ
1548 2840 1707 2907 λόγον
1760 2840 1868 2893 τῶν

291 2925 706 2993 ἁμαρτημάτων
743 2928 834 2979 καὶ
867 2926 967 2990 τὰς
992 2927 1186 2991 ποινὰς
1218 2928 1439 2992 τούτους
1470 2929 1695 2999 ὁρίζειν,
1731 2930 1867 2985 ἀλλὰ

299 3014 376 3084 μὴ
407 3013 584 3083 βίαιόν
607 3032 728 3068 τινα
756 3017 850 3069 καὶ
891 3018 1024 3071 πολὺ
1063 3017 1365 3090 βαρυτέραν
1394 3019 1487 3072 τοῦ
1524 3020 1865 3089 πταίσματος

1972 1845 2155 1891 servat
2176 1837 2549 1903 clementiam,
2581 1853 2759 1905 neque
2779 1838 2920 1892 hanc
2950 1840 3214 1894 excedere
3261 1841 3414 1909 argui
3446 1857 3546 1911 po-

1969 1928 2125 1993 teSI,‘
2141 1944 2316 1998 neque
2358 1944 2489 1984 vero
2539 1929 2844 1999 castigandi
2884 1938 3147 1998 praztextu
3180 1931 3543 1993 crudeliorem

1970 2033 2031 2073 se
2068 2018 2311 2074 exhibet.
2365 2020 2597 2085 Quando
2654 2032 2706 2074 et
2750 2030 2905 2091 pater
2932 2020 3046 2091 (74)
3091 2024 3263 2076 donec
3313 2020 3549 2092 benigne

1968 2108 2378 2179 delinquentem
2416 2111 2584 2165 ﬁlium
2616 2112 2870 2181 castigat,
2901 2111 3063 2167 simul
3091 2110 3416 2181 prudentia,
3466 2111 3547 2166 si-

1967 2201 2080 2256 mul
2101 2203 2484 2274 castigationis
2511 2204 2730 2258 nomine
2763 2202 3076 2257 laudandus
3110 2210 3195 2257 est
3225 2220 3239 2258 :
3296 2203 3387 2257 ubi
3414 2216 3546 2257 vero

1967 2304 2197 2365 paterno
2221 2294 2421 2349 all'ectu
2455 2295 2693 2364 abiecto,
2725 2309 2833 2349 non
2861 2304 2921 2348 ut
2967 2294 3080 2363 (75)
3116 2303 3326 2363 patrem
3358 2293 3539 2357 decet,

1965 2383 2061 2439 sed
2093 2393 2331 2439 atrocem
2355 2386 2411 2439 in
2440 2384 2661 2439 modum
2695 2399 2911 2453 pinnam
2938 2382 3277 2453 ﬁlioiniligit.
3303 2397 3414 2438 non
3448 2396 3547 2452 pa-

1968 2482 2125 2529 terno
2159 2488 2311 2529 more
2353 2474 2611 2543 castigat,
2654 2489 2833 2542 neque
2862 2473 3153 2543 quisquam
3202 2474 3543 2527 atrocitatem

1968 2565 2258 2635 approbat.
2286 2566 2366 2620 Ac
2398 2580 2530 2620 sane
2553 2564 2623 2621 tsi
2682 2564 2831 2633 leges
2858 2578 3047 2617 revera
3076 2562 3392 2630 reipublicae
3446 2576 3545 2631 pa-

1966 2664 2150 2712 rentes
2185 2664 2316 2712 sunt
2368 2654 2849 2727 (quemadmodum
2900 2653 3190 2724 profecto),
3240 2653 3540 2722 requiritur

1965 2748 2211 2814 omnino,
2266 2755 2328 2801 ut
2390 2762 2487 2817 pro
2529 2745 2741 2814 (76-77)
2798 2744 3010 2799 ratione
3063 2743 3385 2799 delictorum
3430 2758 3545 2813 pm-

1965 2852 2064 2892 nas
2102 2839 2263 2894 etiam
2286 2838 2665 2893 constituant:
2701 2851 3051 2906 nequaquam
3079 2849 3211 2890 vero
3244 2835 3542 2889 immanem

1972 2930 2213 2999 aliquam
2257 2930 2541 2997 multoque
2581 2944 2745 2998 quam
2776 2942 2877 2996 pro
2897 2926 3085 2981 delicti
3132 2925 3293 2980 modo
3329 2925 3550 2994 gravio-

1967 3036 2079 3074 rem
2113 3034 2325 3088 poenam
2364 3020 2667 3087 imponant.
2726 3017 2855 3070 Nam
2896 3016 3173 3086 quomodo
3205 3014 3257 3069 id
3292 3014 3545 3084 legitima:

293 3106 662 3173 ὲπιφορτίζειν
695 3106 793 3177 τὴν
824 3108 1109 3178 τιμωρίαν.
1163 3110 1271 3163 Ποῦ
1301 3110 1407 3181 γὰρ
1441 3111 1673 3181 νομίμου
1704 3112 1865 3165 παιδ-

1974 3118 2058 3163 est
2091 3109 2477 3176 correptionis,
2502 3107 2781 3179 quomodo
2813 3108 2941 3161 inde
2992 3105 3268 3160 manantis
3296 3104 3508 3158 medica
3533 3132 3545 3144 -

292 3194 536 3262 αγωγίας
557 3236 573 3260 ,
604 3196 706 3248 ποῦ
738 3198 793 3250 δὲ
838 3198 939 3267 τῆς
988 3200 1196 3253 ἐκεῖθεν
1234 3202 1489 3271 ἰατρείας,
1516 3202 1579 3255 τὸ
1608 3205 1867 3274 τιμωρεῖ-

294 3284 419 3338 σθαι
464 3286 678 3357 θανάτῳ
717 3290 808 3341 τὸν
845 3290 919 3359 μὴ
942 3290 1172 3344 θανάτου
1199 3293 1306 3345 τινὶ
1344 3292 1693 3361 δεδειγμένον
1724 3312 1868 3366 παρ-

291 3374 499 3439 αίτιον;
534 3377 643 3430 Καὶ
707 3379 907 3449 ἰατρῶν
949 3380 1048 3449 μὲν
1084 3381 1273 3444 παῖδες
1319 3382 1418 3434 ούκ
1446 3382 1735 3454 ἀποτόμως
1765 3384 1865 3455 τὴν

290 3464 399 3517 τῶν
436 3465 614 3535 μελῶν
650 3467 1068 3539 ἐπιψηφίζονται
1100 3471 1299 3542 τομὴν,
1335 3474 1499 3542 νόμος
1546 3473 1622 3539 δὲ,
1656 3476 1684 3527 ὁ
1726 3492 1863 3543 συμ-

293 3556 525 3611 πάθειαν
551 3560 897 3630 άσυγκρίτως
938 3563 1405 3633 ἐπαγγελλόμενος
1443 3564 1729 3633 κρείττονα
1761 3566 1865 3635 τῆς

297 3652 551 3723 ἰατρικῆς
587 3653 930 3723 συμπαθείας
965 3655 1051 3725 Gel
1073 3670 1138 3722 γε
1164 3656 1230 3724 τῇ
1260 3654 1361 3723 μὶν
1391 3654 1519 3723 περὶ
1543 3653 1611 3706 τά
1638 3652 1864 3725 σώματα

291 3744 394 3812 τῆς
424 3743 740 3811 εὐεργεσίας
778 3747 807 3798 6
833 3746 1054 3810 σκοπὸς,
1087 3746 1239 3815 νόμοι
1267 3745 1323 3797 δὲ
1363 3745 1459 3798 σὺν
1489 3748 1553 3814 τῇ
1584 3744 1729 3815 ψυχῇ
1768 3745 1863 3799 καὶ

289 3835 403 3896 τοῖς
432 3834 646 3904 σώμασι
673 3835 875 3890 διδόασι
898 3836 996 3899 τὰς
1019 3836 1397 3905 εὐεργεσίας),
1425 3836 1693 3904 τοσαύτην
1723 3838 1863 3889 άπο-

289 3926 488 3995 τομίαν
522 3924 663 3980 κατά
689 3927 797 3979 τῶν
824 3926 918 3991 οὓς
947 3927 1338 3999 προαιροῦνται
1369 3926 1693 3999 θεραπεύειν
1732 3930 1858 3982 επι-

289 4015 556 4081 δείξονται
572 4035 589 4082 ',

361 4106 579 4161 Τούτων
612 4107 704 4161 οὖν
738 4107 909 4172 οὕτως
936 4109 1189 4179 ἐχόντων,
1213 4111 1241 4161 ό
1272 4109 1499 4164 θάνατον
1534 4108 1861 4179 ὲπιψηφιζό-

292 4213 454 4267 μενος
490 4199 653 4268 νόμος
689 4203 831 4253 κατὰ
868 4200 962 4252 τοῦ
1004 4200 1177 4269 κλοπῇ
1211 4199 1487 4268 δημοσίων
1521 4201 1861 4270 πραγμάτων

288 4287 550 4357 ἄρχοντος
584 4288 832 4354 ἁλόντος,
876 4288 973 4342 καὶ
1019 4287 1081 4341 οὐ
1112 4288 1233 4341 κατ’
1276 4289 1443 4342 αὐτοῦ
1494 4288 1688 4359 μόνον,
1723 4288 1862 4344 ἀλλὰ

1974 3200 2162 3262 tionis,
2204 3199 2369 3268 siqui
2402 3200 2657 3269 cuiquam
2696 3206 2924 3251 mortem
2970 3196 3224 3251 intulisse
3260 3195 3545 3250 convictus

1973 3307 2081 3345 non
2121 3292 2215 3354 sit,
2260 3299 2437 3346 morte
2461 3289 2761 3361 puniatur?
2794 3288 2984 3342 Medici
3019 3302 3151 3342 sane
3196 3285 3413 3356 quidem
3432 3299 3544 3340 non

1969 3385 2192 3452 praecise
2248 3382 2457 3453 integra
2522 3382 2763 3437 membra
2832 3379 3006 3434 secari
3056 3377 3282 3447 iubent,
3349 3382 3404 3430 et
3457 3375 3543 3430 lex

1965 3490 2090 3530 cum
2130 3476 2464 3531 medicorum
2518 3472 2996 3528 commiseratione
3044 3467 3256 3523 inﬁnito
3279 3466 3542 3536 majorem

1963 3582 2073 3636 prae
2130 3582 2190 3621 se
2250 3565 2390 3618 [erat
2445 3564 3024 3625 commiserationem,
3074 3558 3342 3629 siquidem
3414 3568 3543 3612 cor-

1960 3673 2091 3728 pora
2132 3657 2514 3710 tantummodo
2577 3664 2785 3725 spectat
2852 3653 3137 3708 medicina:
3192 3648 3544 3713 beneﬁcium,

1960 3751 2105 3819 leges
2162 3762 2294 3803 vero
2344 3756 2452 3802 tam
2522 3748 2740 3809 animo,
2791 3760 2954 3814 quam
3009 3742 3225 3812 corpori
3274 3738 3539 3795 beneﬁcia

1958 3838 2261 3907 praestant).
2286 3846 2489 3892 tantam
2518 3836 2891 3892 crudelitatem
2908 3836 2962 3889 in
2979 3848 3096 3897 eos,
3115 3832 3312 3904 quibus
3335 3826 3545 3898 mederi

1956 3931 2072 3985 vult
2092 3930 2348 3985 exercet?

2040 4107 2166 4164 Haec
2203 4109 2387 4180 itaque
2409 4125 2531 4163 cum
2563 4108 2707 4160 hunc
2740 4105 2804 4159 ad
2840 4104 3059 4160 modum
3111 4118 3235 4159 sese
3283 4102 3545 4169 habeant,

1966 4208 2171 4255 nostra:
2218 4200 2514 4270 majestati,
2578 4197 2651 4250 nti
2684 4212 2803 4266 qua!
2832 4197 2917 4251 lex
2958 4204 3187 4250 mortem
3217 4194 3461 4250 decernit
3487 4193 3543 4247 in

1967 4292 2373 4362 magistratum,
2443 4291 2535 4359 qui
2569 4304 2658 4344 res
2689 4290 2902 4344 ﬁscales
2933 4287 3149 4342 furatus
3199 4301 3326 4343 esse
3351 4287 3545 4355 depre-

1576 4471 1813 4528 VARUE
1847 4472 2024 4529 LECT
2038 4474 2257 4531 IONES.

355 4586 413 4661 ’ξ
438 4585 671 4661 Scrimg.
697 4586 1018 4661 ἐπαρχικῆς,
1051 4584 1205 4656 Agyl.
1231 4584 1339 4639 τῶν
1364 4586 1634 4661 ὲποχικῷν
1679 4595 1748 4661 et_
1780 4604 1905 4661 mox
1955 4591 2197 4645 στάσεων
2218 4592 2493 4647 emendat.
2528 4590 2893 4661 ECLE'noxﬁg,
2939 4590 3083 4661 quod
3112 4594 3232 4658 post
3258 4584 3540 4661 Qujacinm

288 4652 432 4731 ljet-b
456 4652 1148 4731 probavit,0s'enbruggen'
1202 4663 1383 4711 autem
1442 4652 1650 4725 rejecit.
1695 4658 1935 4729 Ἐποχῶν
1981 4661 2158 4731 legere
2213 4662 2421 4725 malim.
2496 4664 2539 4694 ³³
2572 4660 2685 4715 Ecl.
2708 4652 2919 4731 χρόνου,
2955 4652 3179 4715 rectius.
3253 4652 3398 4712 "Ita
3423 4654 3540 4711 Ecl.

286 4723 522 4797 Scrimg.
556 4727 825 4798 καθάπερ.

1819 4866 2061 4924 NOTAE.

368 4980 482 5052 (68)
508 4982 717 5066 Siquis
771 4983 852 5066 in.
872 4984 1189 5066 protbyrum
1228 4983 1411 5066 vicini
1446 5000 1616 5066 suam
1637 4985 1839 5054 ὲπυχὴν
1870 4995 1920 5054 ι)
1946 4987 2067 5042 obs.
2095 4989 2172 5066 _l,
2205 4987 2337 5066 legit
2360 5056 2372 5066 _
2392 4983 2650 5066 καθάπαξ
2672 5054 2685 5066 _
2709 4981 2974 5066 rﬁcﬁxﬁé
2992 4997 3112 5066 ςεος
3160 4977 3535 5066 Mli-111V}?-

290 5053 914 5123 porrexeritdecennio,
968 5053 1153 5109 vicino
1186 5063 1450 5123 praesente
1502 5066 1556 5109 et
1604 5053 1841 5119 tacente,

289 5130 386 5175 ant
410 5122 663 5177 vicennio
697 5124 884 5177 vicino
910 5124 1156 5188 absente,
1190 5139 1303 5178 non
1332 5124 1531 5193 poterit
1562 5132 1640 5177 tot
1675 5138 1850 5177 anno-

289 5207 411 5245 rum
445 5195 793 5259 possessione
822 5194 1046 5247 moveri.

514 5253 651 5335 Περι
676 5263 774 5335 τῆς
799 5262 1107 5335 ὲπαρχικῆς
1148 5260 1412 5335 στάσεως,
1450 5259 1687 5331 Scrimg.
1724 5265 1855 5335 περὶ

361 5279 475 5331 (ου)
516 5279 651 5332 ιιερι
676 5279 774 5330 της
799 5279 906 5315 επα
983 5279 1036 5315 ικ
1079 5279 1107 5325 ς
1148 5279 1221 5314 στι

289 5279 1221 5428 ‘ﬁf;ﬁl‘2¥f‘f;.§‘152‘i;.r§9112;};

359 5398 473 5472 (70)
506 5398 765 5462 Στάσεως
780 5400 924 5465 ὅσαι,
954 5410 1061 5457 etc.
1087 5398 1322 5472 Scrimg.
1360 5413 1466 5471 qua
1511 5407 1566 5455 et
1599 5400 1773 5459 Graeci
1805 5413 1861 5459 et

292 5466 473 5550 Latini
482 5484 641 5550 ἑτερο
661 5478 909 5550 utuntur.

364 5536 588 5618 (71)Ἰοῦ
618 5536 915 5618 πριοθυρίου
964 5540 1314 5618 κέρδουςμὴ
1368 5539 1700 5609 στερεῖσθαι,
1749 5551 1853 5597 etc.

293 5607 529 5677 Scrimg.
558 5607 704 5676 quod
738 5608 948 5663 lucrum
985 5607 1156 5665 om:
1207 5607 1639 5677 interpretantur
1661 5625 1853 5664 τοπια-

293 5674 463 5734 τικόν.
497 5685 552 5730 et
595 5677 881 5734 solarium.
908 5679 1017 5734 vid.
1052 5679 1086 5733 l.
1119 5679 1210 5734 15.
1232 5677 1288 5733 ll".
1311 5678 1404 5734 oui
1428 5680 1688 5734 patiores.

448 5713 463 5735 ο
497 5693 552 5730 ει
595 5693 881 5735 εοιιιτιιιω.
908 5693 1017 5734 για.
1052 5693 1086 5733 Ι.
1119 5693 1210 5735 15.
1232 5693 1288 5733 Π.
1311 5694 1404 5735 σω
1428 5693 1688 5735 001101⁵638.

367 5695 463 5735 ιον.
497 5695 552 5730 et
595 5695 881 5742 somnum,
908 5695 1017 5734 για.
1052 5695 1086 5733 l.
1119 5695 1210 5744 ιθ,
1232 5695 1288 5733 ιι.
1351 5695 1404 5733 ιιι
1428 5695 1688 5746 pouores.

367 5743 479 5815 (72)
506 5745 623 5803 Κᾶν
651 5746 728 5817 μὴ
758 5745 821 5804 τὸ
845 5748 1044 5819 κράτος
1069 5748 1187 5821 ἔχῃ,
1236 5695 1511 5819 καθάπερ.
1542 5748 1734 5820 Cujac.
1764 5746 1852 5812 Η,

1959 5047 2218 5123 φανεῖσαν
2251 5047 2465 5127 (Ουῇιιο.
2501 5047 2644 5127 dict.
2672 5047 2791 5127 loco
2829 5052 2956 5119 legit
2993 5047 3408 5118 άναφωνοῦσαν)
3436 5048 3531 5101 άν-

1957 5122 2223 5180 τίπτωσιν
2249 5122 2391 5196 ῖάειίι
2426 5126 2555 5193 legit
2584 5122 2903 5196 άντίπωσιν.
2942 5188 2955 5196 _
2982 5188 2994 5196 _
3309 5187 3339 5196 _7
3384 5185 3417 5196 __

2034 5196 2146 5277 (7³)
2172 5195 2381 5277 Punici
2406 5185 2567 5277 ραξιιδ
2585 5192 2921 5277 νεικείεεπιηξη.
2942 5188 3055 5277 his:
3072 5185 3528 5277 "9325399195

1960 5276 2012 5335 et
2043 5257 2139 5320 ἶιτί
2158 5257 2457 5335 abrogatur
2481 5262 2567 5317 lex
2586 5257 2770 5315 'unica
2809 5257 2945 5313 Cod.
2981 5258 3056 5313 De
3103 5257 3334 5312 crimine
3364 5270 3532 5325 pecu-

1962 5333 2147 5467 lat(11784:)
2183 5401 2304 5457 Vid.
2331 5402 2416 5456 tit.
2447 5398 2522 5455 De
2546 5397 2763 5455 emend.
2792 5397 3247 5467 propinquorum.

2034 5404 2149 5543 (74)
2183 5404 2304 5457 Vid.
2331 5404 2416 5456 tit.
2447 5404 2522 5455 De
2546 5404 3247 5482 emend..propinquorum.

1994 5542 2005 5554 ο
2048 5474 2126 5555 ,7-5
2184 5470 2507 5541 Exemplum
2533 5468 2645 5525 vid.
2678 5470 2715 5522 ι.
2753 5467 2806 5533 5,
2831 5465 2886 5521 if.
2912 5466 2979 5520 ad
3004 5468 3040 5519 Ι.
3063 5463 3259 5537 Ροηιρ.
3302 5466 3378 5523 De
3411 5478 3532 5535 par-

1963 5542 2245 5682 miti-77)
2291 5608 2436 5682 NO}
2480 5608 2569 5672 61.
2604 5623 2649 5682 s.
2702 5606 2829 5666 eod.
2882 5602 3023 5660 Nov.
3086 5607 3290 5666 Justin.
3330 5606 3422 5675 82,
3474 5608 3533 5663 c.'

1959 5678 2051 5747 10,
2080 5681 2119 5737 l.
2164 5678 2253 5747 η,
2278 5680 2334 5737 ﬁ.
2371 5680 2446 5736 De
2474 5678 2672 5750 panis.
