4080 6218
519 314 629 383 €35

1795 296 2073 358 LEONIS
2109 293 2210 355 PH
2218 290 2575 355 ILOSOPHI

3696 290 3828 356 636

524 432 733 487 hensus
760 425 853 490 sit,
887 434 1065 491 neque
1108 431 1239 473 vero
1274 415 1329 469 in
1351 414 1500 467 hunc
1540 411 1737 475 solum,
1766 409 1862 465 sed
1895 409 1951 461 in
1984 408 2108 462 illos

2234 408 2303 461 tat
2335 408 2387 461 εἴ
2413 423 2557 469 τινες
2598 403 2747 475 αύτῷ
2774 402 3024 457 κοινωνοὶ
3051 401 3366 472 γεγόνασιν,
3403 403 3481 467 ὡς
3507 403 3567 457 οὗ
3615 404 3829 473 φιλάν-

521 521 709 584 etiam,
738 516 829 587 qui
852 512 1029 568 hacin
1061 525 1118 564 re
1142 510 1217 562 illi
1252 506 1391 563 socii
1423 506 1629 560 fuerint
1663 521 1676 559 :
1704 504 1818 557 haec
1848 510 2107 571 tanquam

523 612 593 665 ab
619 612 861 663 humano
919 603 1186 672 legalique
1218 600 1437 669 ingenio
1497 597 1693 661 aliena,
1736 610 1841 648 non
1876 593 2112 663 amplius

524 704 579 754 iu
624 696 888 767 legalibus
927 690 1415 746 cmistitutionibus
1463 687 1642 741 locum
1681 687 1900 749 hat-eat,
1928 698 2111 751 neque

524 788 840 842 nominetur
894 782 1140 852 quidem,
1173 788 1229 833 et
1277 779 1425 832 velut
1472 792 1637 845 super
1682 789 1924 828 vacanea
1962 783 2113 827 extra

523 877 916 948 rempublicam
966 873 1309 944 projiciatur.
1374 869 1587 924 Dehinc
1632 883 1761 922 vero
1798 864 2114 922 istiusmodi

526 972 884 1041 magistratus
923 982 1023 1036 pro
1058 964 1264 1019 liscalis
1321 963 1397 1016 rei
1433 962 1582 1015 furto
1637 959 1904 1029 dignitate
1931 957 2116 1026 expel-

527 1066 712 1118 lantur
747 1081 759 1115 :
798 1073 1030 1130 quaeque
1088 1055 1478 1124 surripuerint,
1532 1054 1646 1106 haec
1677 1052 1731 1105 in
1764 1051 1986 1119 duplum
2021 1050 2113 1103 deo

529 1154 795 1225 pendant.
822 1150 926 1216 Qui
962 1157 1143 1202 autem
1175 1148 1232 1200 in
1259 1146 1362 1200 bac
1418 1144 1918 1206 cominunicarunt,
1953 1141 1999 1194 si
2032 1141 2118 1194 di-

527 1247 665 1309 vites
689 1245 820 1307 sint,
847 1241 1023 1298 eidem
1068 1254 1246 1310 poenae
1302 1238 1613 1294 subdantur
1644 1253 1657 1289 :
1696 1235 1781 1288 sin
1816 1247 2109 1303 pauperes,

529 1340 713 1409 flagris
738 1337 862 1391 caesi
917 1333 1391 1407 ignominioseque
1443 1330 1584 1387 tonsi
1620 1329 1830 1400 (78-8l)
1862 1327 2119 1384 exsulare

527 1431 850 1500 jubeautur.

914 1515 1384 1574 CONSTITUTIO
1434 1513 1548 1569 (Νι
1580 1514 1717 1584 (se).

538 1614 611 1669 De
636 1612 891 1668 indotatis
929 1611 1039 1677 (85)
1069 1610 1378 1663 mulieribus
1400 1615 1656 1677 quantum
1718 1604 1933 1677 ntqritis
1977 1618 2121 1656 mor-

771 1685 876 1737 tuis
906 1675 971 1736 ea:
996 1683 1236 1751 ipsorum
1272 1674 1422 1733 bonis
1447 1678 1721 1731 lucrentur
1752 1674 1886 1744 (84).

607 1835 663 1890 Si
692 1850 805 1889 rem
866 1849 987 1903 quq:
1041 1831 1205 1886 modo
1258 1830 1447 1899 aliquo
1474 1826 1736 1891 absurda,
1770 1825 2124 1895 azquitatique

535 1940 660 1983 esse
698 1925 1051 1979 dissentanea
1102 1928 1349 1992 apparet,
1404 1920 1511 1971 lata
1544 1918 1611 1972 de
1664 1918 1753 1970 illa
1786 1917 1900 1986 lege
1932 1917 1998 1969 ad
2031 1916 2123 1971 de-

537 2024 753 2072 centem
782 2014 1234 2069 constitutionem
1294 2010 1651 2091 deducamus,
1685 2023 1865 2079 opera:
1890 2007 2123 2076 pretium

538 2123 641 2164 nos
694 2108 940 2167 facturos
994 2104 1266 2159 videmur.
1319 2102 1389 2157 At
1429 2117 1549 2173 qua:
1582 2101 1670 2154 illa
1730 2100 1950 2156 tandem
2004 2100 2127 2154 est?

537 2195 697 2262 Quod
742 2209 863 2265 qua:
922 2194 1179 2248 mulieres
1223 2193 1414 2262 inopes
1463 2192 1540 2261 (id
1587 2189 1734 2261 quod
1777 2206 1885 2244 non
1938 2204 2125 2243 rarum

539 2288 649 2343 illis
681 2290 787 2355 est)
810 2285 1175 2355 locupletibus
1194 2284 1327 2338 viris
1354 2282 2130 2352 matrimoninunguntuer

541 2380 815 2436 defunctis
833 2378 1244 2448 provenientem
1264 2392 1331 2431 ex
1351 2376 1593 2445 ipsorum
1627 2375 1787 2431 bonis
1821 2374 2127 2444 portionem

542 2468 817 2538 (provenit
846 2474 1050 2531 autem,
1085 2466 1129 2519 si
1159 2465 1450 2534 pauciores
1511 2474 1753 2533 quatuor
1803 2464 1957 2518 liberi
1997 2463 2127 2528 sint,

541 2558 886 2629 cognominis
902 2558 988 2613 isti
1008 2571 1233 2610 numero
1249 2556 1448 2627 portio,
1462 2556 1739 2625 quadrans
1755 2556 1963 2626 (85-86)
1981 2572 2132 2611 nem-

544 2665 612 2719 pe
650 2667 663 2703 :
701 2648 788 2703 sin
822 2656 903 2702 tot
929 2655 1025 2701 aut
1048 2647 1275 2714 iplures,
1326 2656 1595 2716 quantum
1645 2647 1881 2715 quisque
1913 2647 2129 2701 illorum

543 2739 726 2809 habet)
760 2754 867 2793 non
899 2739 952 2792 in
1015 2746 1337 2808 perpetuum
1392 2736 1720 2802 dominium,
1782 2752 1961 2807 neque
1988 2749 2046 2791 ut
2067 2737 2133 2792 de

546 2831 637 2884 illa
666 2831 857 2884 testari
891 2830 1101 2899 possint
1134 2848 1148 2884 :
1205 2828 1302 2883 sed
1334 2828 1402 2882 ad
1436 2830 1603 2883 vitam
1638 2829 1692 2883 in
1724 2831 2132 2886 usumfructum

547 2923 947 2986 tantummodo,
994 2932 1069 2986 et,
1117 2930 1176 2975 ut
1210 2922 1338 2977 inde
1386 2922 1554 2975 vitam
1605 2930 1949 2989 sustentent,
1989 2927 2136 2980 acci-

547 3013 699 3083 piant
732 3031 745 3067 :
778 3023 828 3069 et
855 3013 990 3083 ipsis
1020 3013 1074 3067 in
1108 3013 1342 3067 inurtuis
1366 3012 1419 3066 in
1455 3012 1658 3068 liberos
1706 3013 1872 3083 hujus
1929 3015 2138 3083 portio-

2218 502 2438 571 θρωπος
2467 499 2515 530 ’³
2541 497 2635 551 καὶ
2665 495 2899 566 νομικῆς
2940 494 3166 567 γνώμης
3188 495 3453 567 ὑπάρχων
3476 537 3489 560 ,
3525 495 3690 566 ἤρεσε
3734 496 3832 565 τῷ

2220 592 2474 664 ἡμετέρῳ
2506 591 2697 662 κράτει
2722 589 2863 642 ὥστε
2899 588 3097 660 μηκέτι
3126 588 3378 658 νομίμοις
3404 588 3569 640 αὐτὸν
3598 604 3830 657 συμπο-

2221 682 2529 735 λιτεύεσθαι
2559 678 2834 742 διατάξεσι
2855 720 2871 742 ,
2923 677 3057 749 μηδὲ
3090 678 3454 748 χρηματίζειν
3487 676 3657 738 ὅλως,
3695 676 3829 729 ἀλλ’

2222 774 2572 827 ἀπολίτευτον
2600 770 2942 843 ἀπερῤίφθαι
2973 769 3069 822 καὶ
3104 770 3400 839 ἄχρηστον,
3428 768 3586 836 δίκην
3616 768 3723 820 ἀπό
3748 785 3826 833 γε

2220 866 2315 919 τοῦ
2344 865 2438 917 νῦν
2486 863 2596 916 τῶν
2626 862 2885 915 τοιούτων
2929 860 3210 930 ἀρχόντων
3250 861 3373 913 ἀντὶ
3404 859 3503 928 τῆς
3551 858 3827 928 δημοσίου

2223 958 2428 1028 κλοπῆς
2464 948 2881 1023 ἀπαιτουμένων
2914 942 3013 1023 τὴν
3046 952 3324 1005 ἔκπτωσιν
3362 951 3467 1020 τῆς
3501 950 3677 1020 ἀρχῆς
3718 952 3825 1003 καὶ

2223 1050 2322 1119 τὴν
2353 1051 2431 1109 είς
2469 1046 2528 1099 τὸ
2567 1046 2847 1099 διπλάσιον
2895 1044 3207 1096 ἀντέκτισιν
3242 1038 3318 1093 ὧν
3370 1041 3683 1108 ὑφείλοντο,
3721 1043 3826 1093 καὶ

2223 1140 2333 1191 τῶν
2386 1138 2478 1189 ἐπὶ
2530 1137 2705 1205 τούτῳ
2744 1136 2788 1165 ’⁸
2846 1134 3338 1203 κοινωνησάντων,
3403 1132 3654 1201 εὐπόρων
3716 1133 3823 1200 μὲν

2224 1230 2413 1291 ὄντων,
2447 1229 2585 1297 πρὸς
2616 1227 2715 1297 τὴν
2744 1225 2912 1295 αὐτὴν
2939 1225 3305 1295 ὑπαγομένων
3333 1224 3559 1293 ζημίαν,
3592 1225 3820 1294 ἀπόρων

2224 1319 2282 1371 δὲ
2320 1319 2570 1388 μάστιξιν
2600 1317 2960 1387 αἰκιζομένων
2986 1318 3079 1369 καὶ
3117 1316 3299 1387 ἀτίμῳ
3325 1317 3552 1388 κουρείᾳ
3583 1319 3677 1369 καὶ
3710 1335 3814 1385 φυ-

2226 1414 2348 1479 γαῖς
2375 1412 2705 1483 ὑπερορίοις.

2739 1499 3055 1552 ΔΙΑΤᾹΞΙΣ
3092 1498 3297 1565 Ρςνπ.

2228 1594 2370 1663 Περί
2407 1594 2513 1647 τοῦ
2547 1596 2653 1659 τὰς
2692 1593 2957 1662 ἀπόρους
2995 1593 3287 1661 γυναῖκας
3336 1592 3433 1646 καὶ
3469 1596 3686 1659 προῖκα
3726 1592 3819 1661 μὴ

2296 1666 2797 1733 εἰσενεγκούσας,
2843 1664 3107 1732 καὶπερὶ
3155 1663 3264 1717 τοῦ
3314 1664 3648 1731 λαμϐάνειν
3680 1680 3823 1717 παι-

2300 1735 2407 1800 δὸς
2442 1732 2660 1803 μοῖραν
2688 1732 2897 1798 αὐτάς.

2299 1828 2542 1897 Πρᾶγμα
2568 1825 2883 1895 παράλογόν
2914 1842 3033 1888 πως
3055 1823 3249 1878 δοκοῦν
3282 1826 3378 1878 καὶ
3409 1825 3487 1895 τῷ
3513 1826 3712 1896 δικαίῳ
3740 1825 3821 1895 μὴ

2228 1919 2595 1987 συνεπόμενον
2625 1917 2807 1980 καλῶς
2838 1916 2981 1987 ἔχειν
3011 1919 3143 1987 ἡμῖν
3175 1917 3571 1985 καταφαίνεται
3612 1919 3694 1979 είς
3718 1917 3824 1987 τὴν

2227 2012 2543 2079 πρέπουσαν
2593 2010 2930 2078 καταστῆναι
2984 2010 3175 2076 τάξιν⁷
3223 2010 3388 2079 νόμον
3442 2010 3572 2081 περὶ
3625 2008 3825 2061 τούτου

2226 2102 2587 2173 διαθεμένοις.
2628 2103 2692 2155 Τί
2719 2102 2782 2172 δὴ
2816 2100 2907 2154 οὖν
2951 2102 3012 2153 τὸ
3048 2101 3282 2171 πρᾶγμά
3309 2103 3493 2163 ὲστινς
3525 2095 3631 2154 υἷα
3670 2100 3825 2162 είκὺς

2230 2196 2499 2258 πολλάκις
2546 2196 2807 2262 γυναῖκες
2839 2193 3035 2264 ἔρημοι
3069 2194 3301 2246 πλούτου
3338 2194 3431 2245 καὶ¹
3454 2194 3702 2263 κτήσεως
3729 2193 3827 2245 άν-

2233 2288 2419 2358 δράσιν
2456 2286 2777 2348 εὑπλούτοις
2827 2284 3185 2355 ἁρμόζονται.
3228 2277 3398 2338 Αὗται
3432 2285 3526 2338 τοῦ
3572 2286 3822 2354 γαμέτου

2234 2379 2483 2439 λιπόντος
2516 2378 2606 2429 τὸν
2626 2377 2750 2446 βίον
2778 2375 2838 2427 τὸ
2864 2378 2928 2429 έκ
2952 2376 3050 2443 τῆς
3083 2374 3290 2427 ἐκείνου
3318 2375 3638 2445 περιουσίας
3664 2376 3827 2444 ἐρχό-

2236 2488 2396 2542 μενον
2453 2469 2617 2539 μέρος
2665 2468 2925 2539 (ἔρχεται
2968 2466 3027 2520 δὲ
3072 2468 3166 2519 ἐπὶ
3204 2466 3305 2536 μὲν
3354 2468 3583 2538 τέτρασι
3633 2467 3827 2520 παισὶν

2234 2560 2523 2631 ὁμώνυμος
2566 2560 2659 2613 τοῦ
2688 2558 2925 2630 ἀριθμοῦ
2958 2557 3147 2611 τούτου
3186 2559 3364 2629 μερὶς,
3395 2559 3489 2611 ἐπὶ
3512 2559 3568 2611 δὲ
3608 2558 3829 2612 πλείοσι

2238 2654 2399 2723 μόνον
2426 2653 2624 2704 τέκνου
2650 2652 2789 2718 ἐνὸς)
2822 2652 2922 2703 οὐκ
2950 2651 3029 2710 εἰς
3051 2650 3220 2702 ἀΐδιον
3247 2650 3517 2716 ἐξουσίαν,
3550 2650 3659 2703 οὐδ’
3683 2650 3830 2702 ὥστε

2240 2745 2370 2812 περὶ
2404 2742 2569 2795 αὐτοῦ
2597 2743 2762 2811 κῦρος
2789 2742 2932 2811 ἔχειν
2962 2742 3202 2806 διάταξιν
3230 2741 3477 2795 τίθεσθαι
3504 2741 3663 2795 τοῦτο
3688 2743 3833 2811 λαμο

2237 2833 2482 2894 ϐάνουσι,
2522 2834 2688 2902 μόνης
2715 2833 2759 2863 ’⁵
2793 2833 2849 2883 δὲ
2879 2833 2977 2901 τῆς
3007 2835 3064 2886 ὲν
3095 2832 3173 2902 τῷ
3204 2832 3301 2903 βίῳ
3330 2833 3581 2903 χρήσεως
3610 2834 3707 2886 καὶ
3734 2832 3830 2885 τοῦ

2237 2925 2450 2979 ἐκεῖθεν
2483 2928 2582 2995 τῆς
2624 2925 2770 2992 ζωῆς
2798 2925 2895 2994 τὴν
2925 2925 3193 2995 χορηγίαν
3222 2924 3539 2994 πορίζεσθαι
3560 2941 3573 2955 ’
3607 2924 3836 2977 καταλι-

2239 3015 2448 3084 πούσης
2482 3016 2538 3068 δὲ
2569 3016 2667 3084 τὴν
2710 3014 2855 3085 ζωὴν
2886 3017 2966 3077 εἰς
2996 3015 3123 3076 τοὺς
3165 3015 3361 3077 παῖδας
3391 3016 3424 3083 ἡ
3472 3012 3693 3077 ἐξουσία
3735 3014 3832 3067 τοῦ

551 3107 638 3162 nis
669 3105 975 3161 dominium
1024 3104 1415 3169 transferatur,
1477 3120 1654 3174 neque
1689 3105 1799 3160 illis
1822 3106 1987 3161 rebus
2018 3107 2127 3162 suis

2237 3108 2482 3161 τοιούτου
2551 3108 2753 3177 μέρους
2816 3108 3174 3176 μεθίσταταιο
3235 3109 3308 3179 μὴ
3366 3107 3835 3177 συγχωρουμένης

551 3196 740 3250 utendi
777 3196 1053 3265 quomodo
1104 3195 1273 3251 velint
1318 3203 1565 3264 potestas
1596 3195 1955 3260 concedatur,
1982 3207 2137 3252 extra

551 3302 717 3357 quam
754 3288 799 3341 si
827 3288 961 3341 nulli
1000 3288 1157 3341 liberi
1209 3288 1512 3357 supersint,
1565 3287 1711 3357 quod
1772 3287 2137 3343 infortunium

553 3381 677 3435 illas
734 3395 917 3435 rerum
972 3380 1219 3434 dominio
1280 3388 1401 3435 beet
1436 3399 1450 3435 :
1486 3390 1544 3434 ut
1570 3381 1710 3434 haud
1744 3381 1915 3435 sciam
1955 3390 2140 3437 utrum

555 3474 755 3528 mulier
786 3490 848 3529 ex
872 3491 930 3529 se
962 3474 1201 3528 fructum
1260 3474 1447 3530 videre
1479 3485 1770 3544 prmoptet,
1811 3493 1879 3531 an
1913 3494 2044 3531 vero
2078 3493 2143 3532 ne

554 3580 813 3622 nascatur
844 3568 1066 3637 aliquis,
1114 3583 1225 3638 quo
1274 3568 1624 3622 devolvendaa
1687 3569 1752 3622 ad
1804 3570 1979 3639 ipsam
2012 3585 2141 3639 por-

556 3658 724 3711 tionis
758 3658 981 3711 domina
1020 3656 1131 3717 fiat,
1161 3657 1581 3712 exsecrabunda
1623 3669 1897 3725 precetur.

630 3750 785 3806 lianc
813 3766 943 3805 vero
965 3734 1366 3804 absurditatem
1426 3748 1778 3816 imperatoria
1811 3756 2001 3803 nostra
2025 3763 2144 3801 ma-

558 3841 730 3909 iestas
784 3838 1090 3908 corrigens,
1148 3838 1354 3897 sancit,
1386 3852 1456 3890 ne
1486 3836 1601 3907 (87)
1654 3837 1817 3892 istius
1876 3838 2146 3907 portionis

561 3930 864 3985 dominium
894 3928 1108 3981 mulieri
1142 3929 1450 3989 auferatur,
1502 3929 1692 3997 utique
1722 3930 1837 3997 ipsa
1864 3929 2146 3997 quomodo

565 4021 681 4076 visa
740 4019 833 4082 sit,
870 4018 939 4072 de
981 4017 1071 4070 illa
1098 4025 1329 4080 statuat,
1356 4018 1557 4071 etnihil
1589 4019 1735 4072 aliud
1771 4019 1957 4074 liberis
1983 4035 2145 4089 quam

565 4112 712 4183 quod
748 4127 812 4165 ex
846 4111 1091 4164 Falcidia
1146 4109 1282 4179 ipsis
1341 4110 1624 4179 competit,
1673 4109 1939 4164 debeatur

2242 3202 2428 3265 ἀδείας
2464 3204 2531 3271 τῇ
2568 3202 2792 3269 γυναικί
2834 3202 2908 3263 ὡς
2944 3201 3165 3264 οἰκείοις
3196 3200 3618 3270 ἀποχρήσασθαι
3648 3200 3837 3269 πράγ-

2248 3312 2403 3364 μασι,
2436 3293 2575 3363 πλὴν
2617 3294 2663 3345 εί
2698 3293 2772 3363 μὴ
2798 3292 3022 3347 ἁτεκνία
3050 3295 3251 3364 προσῇ,
3281 3293 3374 3345 καὶ
3402 3292 3489 3344 διὰ
3522 3292 3618 3360 τῆς
3648 3292 3838 3344 τοιαύ-

2242 3403 2342 3454 της
2369 3384 2661 3454 δυστυχίας
2693 3385 2971 3455 εὐτυχήσῃ
3003 3385 3103 3453 τὴν
3130 3385 3238 3436 τῶν
3271 3385 3618 3454 πραγμάτων
3640 3384 3839 3435 δεσπο-

2243 3477 2395 3531 τείαν
2416 3492 2427 3503 ·
2453 3476 2596 3529 ὥστε
2619 3476 2718 3528 οὐκ
2742 3472 2860 3528 οἴδα
2889 3474 3119 3548 πότερον
3148 3473 3360 3539 εὔξεται
3385 3477 3417 3545 ἠ
3451 3473 3588 3542 γυνὴ
3620 3474 3840 3543 καρπὸν

2245 3566 2453 3629 κοιλίας
2490 3567 2639 3632 ἰδεῖν,
2672 3566 2705 3636 ἢ
2746 3565 3122 3635 καταράσεται
3175 3566 3249 3637 μὴ
3290 3566 3456 3635 φῦναι
3505 3564 3719 3630 τοῦτον,
3762 3564 3839 3617 ἶν’

2244 3657 2419 3720 οὕτως
2450 3658 2586 3727 ὀφθῇ
2620 3658 2788 3727 κυρία
2819 3660 2917 3728 τῆς
2942 3658 3310 3729 διαφερούσης
3344 3658 3583 3726 μερίδος.

2317 3752 2535 3822 Ταύτην
2563 3754 2605 3784 ⁸⁷
2642 3752 2698 3804 δὲ
2733 3754 2830 3819 τὴν
2879 3752 3111 3804 ἀτοπίαν
3164 3753 3197 3822 ἡ
3251 3751 3498 3820 βασιλεία
3540 3749 3700 3819 ἡμῶν
3736 3748 3843 3801 ὲπο

2255 3844 2628 3913 ανορθουμένη
2660 3842 2904 3906 θεσπίζει
2943 3845 3306 3913 ἀναφαίρετον
3347 3843 3491 3913 ἔχειν
3514 3842 3610 3912 τὴν
3652 3840 3843 3911 κυριό-

2248 3953 2388 4004 τητα
2422 3937 2521 4006 τὴν
2546 3940 2783 4004 γυναῖκα
2814 3935 2908 3988 τοῦ
2939 3938 3183 3990 τοιούτου
3217 3936 3435 4005 μέρους,
3471 3934 3568 3987 καὶ
3591 3935 3717 4003 ὅρον
3742 3934 3842 3984 ἐπὶ

2249 4029 2425 4096 τούτῳ
2477 4028 2731 4096 ἐκφέρειν
2783 4026 2907 4077 ὂν²⁸
2954 4027 3021 4079 ἂν
3052 4027 3188 4096 αὐτῇ
3226 4026 3376 4098 δόξῃ.
3413 4024 3644 4093 μηδενὸς
3672 4022 3839 4077 ἄλλου

1999 4129 2014 4167 ‘.
2063 4119 2151 4165 la-
2250 4121 2363 4181 τοῖς
2389 4118 2578 4171 παισὶν
2602 4117 2955 4188 ὀφειλομένου
2990 4120 3129 4187 πλὴν
3148 4117 3242 4170 τοῦ
3274 4116 3417 4170 κατὰ
3441 4116 3532 4168 τὸν
3555 4116 3841 4184 φαλκίδιον

567 4220 690 4261 men
724 4204 858 4275 (88),
895 4212 954 4257 ut
979 4203 1222 4272 priorum
1254 4202 1570 4271 nuptiarum
1592 4200 1681 4253 illa
1719 4215 1826 4254 non
1856 4202 2127 4256 obliviscar

2253 4209 2439 4272 αὐτοῖς
2472 4208 2962 4276 ὲπιλαγχάνοντος·
3000 4208 3244 4276 δηλονότι
3294 4208 3369 4277 μὴ
3406 4207 3515 4259 τῶν
3552 4206 3841 4276 προτέρων

571 4308 684 4364 tur,
720 4313 897 4367 neque
932 4297 1159 4350 induclo
1185 4295 1356 4348 altero
1389 4294 1585 4346 marito
1613 4293 1816 4363 prioris
1863 4302 1982 4348 toro
2015 4310 2149 4348 con-

570 4391 847 4445 tumeliam
903 4388 1104 4443 inferat
1160 4404 1173 4440 :

2253 4300 2447 4366 γάμων
2478 4298 2910 4368 ὲπιλελησμένης
2939 4300 3037 4367 τῆς
3070 4296 3273 4367 μητρὸς
3311 4296 3444 4365 μηδὲ
3483 4296 3839 4362 ἐπεισαγωγῇ

1230 4386 1374 4456 quod
1427 4386 1472 4440 si
1534 4387 1859 4453 contingat,
1914 4400 1945 4438 a
1992 4386 2127 4439 nobi:

2254 4388 2511 4465 δευτέρου
2540 4387 2729 4455 ἀνδρὸς
2756 4386 2853 4455 τὴν
2887 4386 2980 4439 τοῦ
3011 4386 3227 4454 πρώτου
3262 4384 3447 4453 κοίτην
3484 4385 3585 4435 οὐκ
3618 4386 3674 4435 ἐν
3704 4384 3840 4449 τιμῇ

571 4484 832 4537 attributo
888 4480 1134 4535 dominio
1193 4493 1423 4548 prorsus
1480 4476 1697 4530 excidet
1737 4494 1752 4531 :
1794 4477 1996 4546 illaque
2038 4478 2127 4530 fati

2252 4479 2566 4547 τιθεμένης.
2611 4479 2699 4541 Ὣς
2733 4479 2876 4545 εἴγε
2913 4476 3074 4530 τοῦτο
3110 4476 3377 4545 συμϐαίη,
3412 4476 3628 4536 πάντως
3672 4474 3842 4526 ἐκπε-

574 4574 780 4639 fuucta,
807 4574 961 4628 liberi
995 4587 1177 4627 rermn
1207 4570 1415 4625 domini
1446 4568 1597 4623 flent.

2257 4574 2430 4625 cairat
2486 4575 2583 4640 τῆς
2621 4570 2750 4638 παρ’
2803 4570 2960 4640 ἡμῶν
3008 4570 3291 4640 διδομένης
3335 4568 3611 4633 ἐξουσίας,
3660 4567 3756 4620 καὶ
3794 4565 3843 4619 oi

573 4668 758 4729 παῖδες
807 4667 905 4735 τῆς
958 4666 1103 4736 ζωῆς
1152 4665 1255 4735 ἥδη
1307 4666 1373 4734 τῇ
1432 4663 1601 4732 μητρὶ
1655 4660 2003 4731 διαλυθείσης
2044 4663 2155 4714 τῶν
2195 4664 2539 4733 πραγμάτων
2570 4663 2966 4751 ἐξουσιάσουσι.

1848 4793 2085 4849 VARl/E
2116 4793 2519 4854 LECTIONES.

640 4896 685 4927 ’³
716 4895 935 4951 Meerm.
960 4893 1359 4965 φιλανθρώπου.
1433 4894 1479 4925 ’³
1505 4892 1736 4964 Scrimg.
1768 4891 1990 4945 τούτων.
2026 4892 2251 4965 Emend.
2292 4894 2481 4961 Steph.
2558 4895 2603 4925 ⁸⁵
2647 4893 2759 4947 Ecl.
2792 4891 2930 4965 Nor.
2964 4893 3053 4949 53.
3122 4892 3177 4965 ξ’
3199 4890 3450 4965 Pendent
3479 4892 3593 4965 lucc
3616 4902 3651 4965 _a
3703 4902 3844 4965 pne:

574 4965 893 5020 Cedentibus
940 4967 1106 5038 κῦρος
1157 4962 1332 5034 ἔχειν,
1371 4980 1472 5019 nec
1520 4980 1656 5033 opus
1694 4962 1778 5017 est
1830 4972 1885 5014 ut
1910 4978 2033 5016 cum
2072 4962 2258 5031 Steph.
2288 4973 2342 5019 et
2372 4965 2527 5036 Agyl.
2562 4964 2725 5018 ἕνεκα
2747 4963 3021 5034 suppleas.

576 5036 780 5102 ταύτην
831 5037 929 5102 τὴν
973 5035 1294 5102 νομοθεσίαν
1323 5038 1357 5102 ἡ
1394 5044 1519 5102 βασ.
1614 5034 1659 5065 ’⁸
1686 5033 1762 5087 Ita
1794 5032 1907 5086 Ecl.
1948 5029 2120 5102 Vulgo
2149 5034 2228 5094 ὃς.

576 5036 780 5106 ταύτην
831 5037 929 5106 τὴν
973 5035 1294 5107 νομοθεσίαν
1323 5038 1357 5106 ἡ
1394 5044 1519 5105 βασ.

3116 4964 3160 4995 ’⁷
3199 4962 3314 5017 Ecl.
3346 4960 3538 5029 incipit
3583 4960 3663 5013 sic
3705 4976 3720 5012 :
3753 4960 3845 5009 καὶ

2098 5145 2333 5201 NOTAE.

654 5247 871 5318 (78-81)
898 5245 1035 5318 Nov.
1075 5246 1167 5309 96,
1207 5243 1345 5318 i_nfra
1373 5243 1501 5318 eod.

2337 5236 2549 5309 (85-86)
2576 5237 2649 5291 De
2669 5244 2862 5309 quarta
2888 5251 3055 5309 uxore
3076 5233 3223 5309 inopi
3248 5239 3599 5309 competente
3615 5230 3667 5283 in
3688 5231 3847 5309 bonis

655 5299 768 5391 (iié)
794 5299 916 5391 liae
931 5299 1192 5391 ῌονζῦέ,
1219 5315 1417 5370 Leonis
1440 5314 1643 5368 dicitur
1666 5311 2164 5381 abliarmenopulo
2266 5299 2448 5391 mariti
2495 5299 2797 5391 locupletis
2823 5306 3089 5391 defuncti,
3126 5299 3611 5391 vidiqutegsc-ripsi‘
3634 5301 3713 5391 ad.
3736 5299 3843 5391 alo:

584 5394 637 5455 5,
665 5386 759 5443 ἰὶιζ
787 5391 846 5458 8,
875 5386 900 5458 ᾗ
930 5388 1019 5441 95.

657 5459 768 5520 (85)
806 5456 996 5512 Novell
1044 5458 1133 5521 55,
1165 5472 1213 5510 c.
1242 5456 1295 5517 6,
1327 5456 1445 5516 H7,
1473 5471 1521 5509 c.

664 5530 774 5597 (84)
805 5529 1064 5592 Quartam
1100 5528 1217 5580 scil.
1247 5538 1298 5580 et
1323 5535 1382 5579 ut
1408 5524 1829 5597 plenodominio
1850 5523 1920 5577 sit
1950 5520 2164 5597 uxoris,

596 5612 651 5651 ut
674 5590 793 5660 hic,
822 5590 928 5651 non
950 5614 1050 5651 usu
1086 5598 1225 5657 solo,
1259 5606 1316 5648 ut
1351 5590 1504 5661 olim,
1532 5606 1585 5649 et
1610 5597 1681 5648 ita
1708 5596 2004 5661 abrogatur
2028 5590 2160 5645 Nov.

596 5669 721 5729 H7,
754 5684 801 5719 ιν.
916 5682 1058 5721 vers.
1086 5667 1140 5719 Si
1175 5675 1354 5719 autem
1386 5666 1480 5727 ibi,
1520 5674 1577 5717 ut
1603 5680 1759 5719 usum
1790 5666 1965 5717 solum
1996 5663 2048 5715 in
2079 5670 2162 5713 ta-

603 5739 698 5792 lib.
724 5738 887 5789 rebus
919 5738 1110 5789 inulicr
1145 5736 1359 5787 habeat.

2264 5381 2391 5435 vell.
2424 5373 2638 5432 Justinf
2694 5376 2819 5441 117,
2843 5392 2898 5430 c.
2923 5375 3013 5442 56,
3041 5382 3095 5429 et
3144 5373 3533 5428 Authcnticam
3586 5381 3844 5441 prmtcrea

2265 5450 2401 5507 Cod.
2434 5447 2585 5503 Unde
2611 5448 2694 5500 vir
2723 5458 2777 5501 et
2810 5461 2964 5500 uxor.

2341 5518 2455 5589 (87)
2483 5519 2791 5589 Abrogatnr
2809 5516 2865 5571 d.
2892 5530 2943 5569 c.
2976 5515 3031 5578 5,
3060 5515 3116 5568 d.
3154 5516 3297 5589 loco.

2345 5582 2455 5659 (88)
2489 5587 2548 5642 ld
2587 5582 2692 5653 est,
2722 5586 2796 5642 ita
2832 5594 3011 5641 tamen
3040 5601 3107 5642 ne
3158 5586 3223 5639 ad
3279 5582 3555 5640 secundas
3609 5583 3849 5633 transeat

2274 5669 2511 5731 nuptias.
