4062 6202
368 379 474 444 63Ἰ

901 487 1220 542 ΔιΑΤΑΞιΣ
1256 485 1355 541 PZ'
1380 487 1447 539 ".

368 579 509 648 Περὶ
556 578 663 632 τοῦ
713 578 1117 647 ὲγθφάεεεσθαι
1174 577 1315 648 τοὺς
1368 574 1726 648 εἰσάγοντας
1776 575 1956 648 δίκην

434 645 834 719 ἐγκλήματος,
866 645 997 719 ἤτοι
1021 648 1128 719 τρν
1150 645 1540 719 ,βουλόμενον
1569 645 1821 700 είσιέναι
1862 646 1955 699 δί-

438 717 557 788 κην
598 721 884 787 πρότερον
909 717 1182 786 ἐγγράφῳ
1219 717 1440 772 πίστει.

440 811 698 883 Ἀριστον
739 811 854 862 ἐστι
886 811 1016 875 πᾶν,
1056 809 1110 861 εἴ
1129 825 1182 861 τι
1217 807 1382 861 καλὸν
1423 807 1518 861 καὶ
1555 807 1634 877 τῷ
1671 807 1771 880 βίῳ
1815 824 1955 876 συμ-

369 905 534 975 φέρον
557 944 572 969 ,
604 904 884 974 ἀγήρατον
912 901 1010 954 καὶ
1039 901 1291 963 ἀειθαλὲς
1323 900 1622 970 διαμένειν,
1654 901 1752 952 καὶ⁹
1784 898 1954 970 μηδέ·-

369 1015 500 1051 ποτε
540 997 649 1050 τῶν
691 993 950 1048 τοιούτων
1001 992 1484 1064 ἀπομαραίνεσθαι
1530 993 1628 1064 τὴν
1663 993 1952 1062 ὠφέλειαν.

370 1091 435 1143 Εἰ
460 1089 506 1142 δ’
539 1087 647 1160 ἄρα
678 1089 772 1140 καὶ
812 1087 1019 1157 συμᾷῇ,
1047 1084 1301 1152 καθάπερ
1341 1084 1604 1148 πολλάκις
1635 1085 1956 1154 συμϐαίνειν

369 1180 546 1250 φιλεῖ,
579 1177 1066 1250 παραμεληθέντος
1090 1177 1136 1208 ³⁸
1172 1176 1516 1248 ἀπορρυῆναι
1545 1177 1608 1228 τὸ
1653 1179 1953 1249 χρήσιμον,

367 1255 504 1324 ἀλλὰ
564 1270 688 1333 τούς
750 1286 816 1337 γε
864 1267 1121 1338 φροντίδα
1183 1267 1292 1321 τῶν
1356 1267 1720 1337 ἀνθρωπίνων
1773 1267 1955 1320 καλῶν

369 1363 729 1432 ποιουμένους
763 1359 1013 1431 προσῆκε
1059 1358 1134 1431 μὴ
1163 1359 1557 1430 κατολιγωρείν
1599 1360 1697 1428 τῆς
1739 1359 1956 1413 άποκα-

366 1451 684 1514 ταστάσεως
711 1451 805 1503 τοῦ
838 1448 937 1520 τὴν
966 1448 1162 1503 ἑαυτοῦ
1189 1449 1526 1504 λυσιτέλειαν
1575 1448 1654 1520 τῷ
1679 1447 1778 1521 βίῳ
1811 1465 1955 1519 παρ-

368 1544 648 1615 εχομένου.

439 1634 540 1689 Διὰ
579 1636 620 1667 ³⁸
654 1632 814 1686 τοῦτο
849 1633 944 1686 καὶ
989 1631 1050 1684 τὸ
1094 1633 1365 1703 ἡμέτερον
1399 1631 1600 1702 κράτος
1636 1632 1802 1703 νόμον
1833 1629 1956 1685 τινὰ

366 1725 813 1780 λυσιτελέστατον
858 1724 958 1794 μὲν
988 1723 1062 1794 τῷ
1098 1723 1218 1794 βίῳ,
1254 1724 1349 1776 νῦν
1381 1723 1426 1776 δ’
1469 1723 1656 1795 ὥσπερ
1709 1741 1954 1794 γεγηρα-

1469 377 1831 440 NOVELL/E
1864 377 2541 443 CONSTITUTIONES.

1989 489 2039 548 A

3530 389 3638 451 638

2521 489 2989 546 CONSTITUTIO
3019 492 3176 548 CVII.

2062 578 2130 633 Ut
2176 589 2324 635 actor
2361 581 2617 652 orntelilis
2641 583 3075 636 contestatione»:
3128 584 3240 650 (89)
3293 597 3533 652 porrecto
3565 589 3636 644 li-

2301 651 2431 704 bello
2453 652 2627 720 judici
2651 653 2810 720 ﬁdem
2852 669 3002 706 suam
3029 657 3211 722 probet
3248 655 3380 725 (90).
3409 659 3413 664 “

2129 805 2182 861 Si
2213 808 2477 878 quidquid
2504 810 2794 865 honestum
2824 812 3058 882 vinoque
3083 814 3336 868 humanae
3365 817 3498 871 utile
3525 828 3631 884 est,

2056 912 2087 951 a
2119 901 2270 953 senio
2317 899 2545 954 liberum
2595 916 2659 954 ac
2689 917 2906 970 semper
2967 919 3204 959 vernans
3259 919 3628 974 permaneret,

2057 1003 2232 1058 neque
2265 1006 2502 1058 unquam
2526 991 2645 1060 ejus
2677 994 3158 1052 ntilitasdeticeret
3191 998 3280 1051 :id
3313 1015 3444 1054 vero
3478 1001 3635 1072 longe

2058 1080 2567 1148 praestantissimum
2600 1081 2762 1138 foret.
2818 1085 3187 1151 Quamobrem
3229 1090 3447 1144 etiamsi
3498 1107 3634 1146 con-

2057 1169 2229 1238 tingat
2256 1168 2339 1239 (ut
2369 1185 2502 1225 sane
2538 1187 2780 1241 persaepe
2832 1177 3152 1245 contingere
3182 1179 3345 1247 solet)
3370 1188 3512 1233 uteo
3541 1198 3636 1236 ne-

2056 1262 2232 1332 glecto
2265 1263 2475 1317 utilitas
2538 1267 2815 1334 depereat,
2887 1285 3119 1338 quorum
3153 1285 3298 1324 cura:
3321 1273 3636 1329 communis

2056 1355 2178 1408 vitae
2206 1355 2346 1409 bona
2403 1356 2730 1411 incumbunt
2763 1359 2856 1412 :hi
2890 1371 3058 1422 certe,
3090 1370 3145 1415 ut
3172 1379 3241 1415 ne
3275 1362 3327 1416 id
3382 1365 3526 1432 quod
3567 1364 3636 1419 de

2055 1448 2358 1502 semultum
2401 1450 2656 1505 utilitatis
2682 1451 2734 1504 in
2776 1466 3066 1506 commune
3129 1453 3416 1520 ditl'undat,
3471 1457 3633 1512 resti-

2056 1547 2208 1594 tuere
2232 1539 2531 1609 negligant,
2567 1557 2700 1597 sane
2738 1557 2902 1611 quam
2931 1545 3264 1599 conveniens
3291 1555 3393 1602 est.

2126 1629 2202 1682 Ea
2225 1639 2452 1700 pr0pter
2481 1640 2534 1686 et
2565 1643 2753 1688 nostra
2813 1633 3073 1701 majestas
3132 1635 3302 1704 legem
3335 1639 3629 1705 quamdam

2056 1721 2222 1775 rebus
2251 1721 2503 1778 humanis
2559 1725 2733 1778 multo
2781 1725 3056 1794 quondam
3089 1727 3458 1792 utilissimam,
3489 1747 3634 1785 nunc

371 1821 503 1873 κότα
544 1817 640 1872 καὶ
661 1817 794 1888 πρὸς
812 1817 873 1869 τὸ
894 1817 1165 1887 ἄχρηστον
1188 1815 1606 1869 κινδυνεύσαντα
1636 1821 1953 1887 περιστῆναι

2062 1826 2190 1866 vero
2216 1813 2363 1866 vllut
2415 1814 2569 1868 senio
2623 1814 2949 1880 confectam,
2980 1827 3034 1870 et
3073 1832 3141 1871 ne
3167 1832 3388 1886 prorsus
3423 1821 3634 1877 inutilis

365 1910 450 1972 εἰς
493 1907 592 1978 τὴν
635 1907 873 1977 ἀρχαίαν
913 1904 1190 1972 ὲπανάγον
1217 1905 1263 1935 ³⁸
1297 1903 1484 1973 ἰσχὺν,
1515 1904 1576 1956 τὸ
1616 1905 1797 1974 γῆρας
1841 1899 1952 1958 οἷον

368 1999 592 2066 ἀποξέει
644 1999 743 2068 τῆς
792 1996 1096 2068 ἀχρηστίας
1143 1997 1237 2049 καὶ
1285 1995 1626 2060 ἁνακαινίζει
1667 1997 1806 2066 πρὸς
1849 1994 1952 2067 τὴν

368 2091 609 2162 ἀρχῆθεν
633 2091 827 2161 χρῆσιν
860 2090 954 2142 καὶ
985 2088 1085 2157 τῆς
1116 2087 1395 2151 πολιτείας
1425 2087 1716 2157 ὠφέλειαν.
1767 2088 1824 2140 Ὀ
1853 2089 1952 2157 μὲν

368 2183 432 2254 δὴ
481 2183 646 2254 νόμος
686 2182 730 2214 ³³
784 2182 914 2251 περὶ
965 2181 1074 2233 τῶν
1127 2182 1240 2234 ὅσοι
1292 2181 1538 2250 κινήσεις
1587 2178 1952 2248 ἐγκλημάτων

369 2271 705 2344 προάγουσιν
748 2273 791 2304 ³⁸
813 2314 826 2336 ,
858 2270 1003 2324 ὥστε
1032 2270 1256 2334 τούτους
1299 2271 1431 2340 πρὶν
1463 2271 1543 2332 εἰς
1591 2271 1719 2332 τοὺς
1758 2270 1952 2338 λόγους

369 2364 546 2418 ἐλθεῖν
599 2361 694 2415 τοῦ
751 2363 1067 2432 ζητήματος
1118 2361 1248 2432 περὶ
1301 2362 1400 2431 τῆς
1454 2361 1662 2425 οἰκείας
1696 2361 1953 2432 προαιρέ-

371 2471 510 2516 σεως
539 2453 805 2525 ἐγγράφῳ
854 2450 1236 2506 διαδεδαιὼσει
1289 2453 1472 2505 πίστιν
1519 2454 1825 2522 παρασχεῖν
1871 2452 1952 2524 τῷ

368 2545 554 2614 κριτῇ,
582 2545 774 2612 ὅτιπερ
835 2541 958 2595 οὔτε
995 2542 1262 2609 δολιότητι
1296 2540 1688 2612 παρενοχλοῦσι
1725 2539 1952 2610 γνώμης

366 2633 483 2688 οὔτ’
525 2636 618 2687 ἐπὶ
649 2632 999 2704 προλαϐούσῃ
1034 2632 1556 2703 καταδεδικασμένοι
1589 2631 1854 2698 ἐξετάσει,
1889 2633 1948 2685 ού

373 2725 623 2796 μὴνόύδὲ
655 2725 749 2778 νῦν
787 2726 986 2790 εἰδότες
1029 2724 1162 2778 αὐτὸ
1212 2723 1371 2778 τοῦτο
1421 2723 1692 2795 μηδεμίαν
1740 2724 1839 2794 μὲν
1872 2724 1953 2787 είς

365 2819 468 2889 τὴν
499 2817 592 2869 τοῦ
623 2817 835 2871 δικαίου
869 2817 1054 2887 χώραν
1085 2815 1289 2870 εἴσοδον
1327 2815 1491 2886 ἔχειν,
1536 2815 1857 2885 κακούργως
1895 2815 1952 2868 δέ

371 2906 785 2976 βεϐουλευμένοι
838 2907 1143 2977 πράγματα
1199 2907 1464 2976 παρέχειν
1515 2905 1594 2975 τῷ
1645 2907 1952 2976 άντικρινο-

373 3000 544 3070 μένῳ,
570 2999 690 3052 ούδέ
711 3016 772 3066 γε
803 2999 846 3029 ³⁸
866 2999 927 3051 τὸ
959 2998 1158 3069 ἀληθὲς
1179 2998 1524 3068 διαστρέφειν
1545 2997 1730 3066 ψεύδει
1756 2995 1942 3066 πειρὰ-

373 3110 548 3146 σουσι.
601 3092 785 3144 Ταῦτα
830 3091 929 3162 μὲν
962 3090 1058 3144 τοῦ
1113 3090 1280 3160 νόμου
1337 3088 1406 3142 τὰ
1452 3089 1820 3160 διορίσματαο
1857 3089 1952 3141 καὶ

2056 1903 2150 1957 (lat
2179 1904 2603 1972 periclitantem,
2637 1905 2703 1959 ad
2742 1906 3038 1975 pristinum
3109 1908 3280 1962 robur
3340 1909 3632 1978 reducens,

2052 1996 2187 2051 senii
2222 1997 2629 2051 incommodum
2663 1999 2821 2068 quasi
2850 1999 3087 2064 abradit,
3117 2009 3170 2054 et
3205 2001 3270 2054 ad
3298 2002 3632 2070 primitivum

2053 2088 2228 2157 ipsius
2268 2103 2451 2152 usum,
2491 2105 2496 2120 ν
2530 2089 2722 2159 reique
2772 2091 3004 2158 publicae
3051 2091 3342 2145 utilitatem
3385 2101 3633 2148 renoVat.

2053 2180 2163 2235 Lex
2211 2189 2394 2234 autem
2423 2181 2491 2235 de
2521 2180 2649 2245 illis,
2679 2182 2771 2252 qui
2821 2183 3094 2238 actionem
3149 2191 3391 2245 movent,
3416 2187 3549 2254 agit,
3573 2195 3634 2240 ut

2051 2268 2108 2322 hi
2139 2269 2457 2338 priusquam
2491 2269 2557 2324 ad
2587 2271 2664 2325 rei
2705 2271 3147 2341 disquisitionem
3179 2273 3531 2337 deveniatur,
3563 2277 3632 2329 de

2052 2375 2153 2414 suo
2177 2361 2618 2430 institutojudici
2655 2362 2813 2416 [idem
2847 2363 3071 2425 faciant,
3098 2363 3304 2433 scripto
3335 2365 3630 2434 complexi,

2050 2467 2111 2506 se
2141 2453 2290 2505 nullo
2322 2452 2446 2507 dolo
2481 2455 2624 2508 malo
2652 2455 3028 2510 adversarium
3077 2457 3406 2525 inquietare,
3457 2472 3633 2526 neque

2051 2540 2158 2595 alio
2185 2543 2396 2610 judicio
2425 2543 2820 2598 condemnatos
2874 2561 3016 2609 esse,
3093 2563 3274 2616 neque
3305 2547 3359 2599 in
3388 2562 3631 2616 prasens

2051 2633 2193 2688 scire
2227 2649 2286 2689 se
2323 2637 2534 2689 nullum
2568 2636 2634 2689 ad
2671 2637 2912 2690 tribunal
2946 2639 3152 2690 aditum
3201 2638 3419 2696 habere.
3443 2647 3498 2692 et
3517 2653 3636 2694 ma-

2051 2723 2200 2792 ligno
2225 2725 2459 2779 consilio
2516 2726 2792 2794 negotium
2858 2727 3154 2792 facessere,
3189 2742 3365 2797 neque
3397 2728 3635 2798 denique

2051 2815 2350 2870 mendaciis
2397 2817 2679 2872 veritatem
2733 2817 3096 2872 intervertere
3137 2829 3434 2875 conaturos
3485 2835 3629 2875 csse.

2048 2907 2226 2975 Atque
2244 2907 2357 2961 haec
2381 2908 2602 2976 quidem
2631 2908 2765 2977 legis
2803 2910 3122 2978 praescripta
3149 2917 3312 2964 sunt:
3339 2925 3462 2978 quae
3493 2926 3628 2965 sane

2052 3006 2199 3050 recte
2225 3011 2348 3050 svse
2377 2996 2602 3063 habent,
2637 3013 2811 3066 eaque
2842 2999 2932 3067 qui
2973 3001 3468 3067 transgrederetur,
3503 2998 3633 3054 huic

2053 3105 2213 3158 paena
2251 3081 2617 3160 inﬂi'gebatur.
2646 3090 2836 3162 Neque
2861 3109 2991 3146 vero
3025 3093 3154 3147 huic
3192 3094 3320 3157 soli,
3355 3093 3452 3148 sed
3498 3109 3633 3148 cau-

373 3185 553 3247 καλῶς
583 3182 902 3256 διωρίζετο,
937 3184 1033 3245 καὶ
1077 3183 1250 3236 ταῦτα.
1298 3182 1377 3251 τ’ῖι
1433 3184 1741 3254 παραϐάντι
1790 3183 1951 3254 ποινὴ

2055 3194 2238 3234 sarum
2270 3180 2432 3234 etiam
2459 3182 2929 3250 patronosiisdem
2956 3182 3101 3235 dicta
3129 3182 3210 3235 lex
3252 3181 3628 3250 adjudicabat.

376 3273 678 3337 ἐπετίθετο,
730 3274 790 3325 ού
830 3273 992 3343 μόνον
1038 3273 1116 3335 δὲ,
1148 3272 1285 3326 ἀλλὰ
1333 3275 1426 3326 καλ⁵
1461 3275 1589 3337 τοὺς
1624 3273 1956 3346 συνηγόρους

373 3366 402 3418 ὁ
448 3364 636 3436 ῥηθεὶς
679 3367 772 3418 ἐπὶ
821 3367 936 3428 τοῖς
983 3365 1197 3434 ὁμοίοις
1244 3365 1536 3434 ἐδοκίμαζε
1567 3365 1750 3436 νόμος.
1797 3365 1956 3418 Ἀλλὰ

372 3455 584 3523 τοῦτον,
604 3455 856 3527 καθάπερ
886 3453 1064 3518 εἷπον,
1111 3455 1298 3525 ὥσπερ
1329 3455 1697 3525 ἀπεφθιμένον
1720 3456 1764 3486 ³⁸
1794 3472 1954 3524 περιο

381 3547 650 3614 εστηκότα
680 3545 760 3607 εἰς
791 3545 853 3596 τὸ
876 3543 1154 3606 παντελῶς
1183 3543 1456 3614 ἄχρηστον
1481 3544 1514 3610 ἡ
1541 3543 1956 3613 βασιλείαὴμῶν

376 3635 626 3705 καὶπρὸς
653 3635 754 3706 τὴν
781 3633 1004 3704 πρώτην
1021 3634 1344 3704 ἀνακομίζει
1373 3634 1587 3704 ῥώμην,
1619 3634 1712 3686 καὶ
1743 3635 1844 3702 τὴν
1875 3634 1955 3694 είς

374 3727 474 3795 τὴν
510 3726 786 3779 πολιτείαν
831 3726 979 3796 αύτῷ
1026 3719 1339 3797 παρρησίαν
1370 3724 1672 3795 χαρίζεται.
1708 3725 1817 3778 Καὶ
1864 3723 1954 3776 θε-

377 3817 642 3888 σπίζομεν
686 3817 796 3870 ἀπό
850 3835 916 3886 γε
959 3817 1055 3870 τοῦ
1095 3816 1364 3887 παρόντος
1408 3815 1536 3878 τοὺς
1591 3813 1954 3885 βουλομένους

374 3907 534 3977 δίκην
560 3907 908 3977 είσέρχεσθαι
935 3908 1044 3978 πρὸ
1068 3907 1171 3976 τῆς
1200 3907 1408 3960 εἰσόδου
1433 3905 1503 3959 τὰ
1534 3905 1640 3960 ὑπὸ
1665 3904 1760 3960 τοῦ
1785 3904 1951 3975 νόμον

377 3996 697 4066 προτιθέναι
735 3997 1087 4068 διοριζόμενα
1110 3997 1172 4051 ³⁷.

885 4088 1197 4142 ΔΙΑΤᾹΞΙΣ
1233 4085 1340 4140 PH'
1373 4087 1440 4141 ".

377 4179 519 4249 Περὶ
544 4179 655 4234 τοῦ
677 4181 826 4250 μετὰ
847 4179 964 4245 τὴν
994 4179 1237 4248 πρώτην
1281 4178 1553 4250 δήλωσιν
1573 4177 1661 4247 μὴ
1693 4178 1844 4246 πρὸς
1883 4178 1954 4232 τὸ

751 4251 1058 4318 κριτήριον
1088 4249 1574 4316 ἀπαντήσαντος.

452 4340 588 4394 Ούδέ
617 4339 776 4395 τοῦτο
821 4342 881 4396 τὸ
931 4340 1491 4411 καταπεφρονημένον
1542 4338 1635 4392 καὶ¹
1689 4339 1776 4392 διὰ
1805 4355 1950 4409 παρη

383 4431 631 4502 οράσεως
666 4433 888 4503 γεγονὸς
918 4433 1344 4503 καταλειφθῆναι
1374 4431 1530 4502 θέμις
1571 4431 1950 4501 ἀνεπανόρθω-

2056 3272 2246 3342 Itaque
2298 3271 2439 3326 hanc
2493 3272 2972 3342 (quemadmodum
3023 3273 3157 3342 dixi)
3215 3289 3317 3327 ceu
3379 3271 3635 3343 deperdio

2056 3370 2166 3416 tam
2197 3361 2307 3433 (91)
2335 3377 2672 3432 prorsusqne
2702 3364 2952 3418 inutilem
2992 3362 3284 3427 redditam,
3323 3363 3628 3431 imperato-

2054 3455 2134 3507 ria
2163 3465 2343 3508 nostra
2366 3455 2649 3524 majestas,
2695 3463 2809 3509 tum
2835 3454 2902 3508 ad
2929 3455 3192 3524 pristinas
3221 3455 3366 3509 vires
3391 3454 3630 3518 reducit,

2057 3552 2170 3598 tum
2203 3545 2257 3598 in
2294 3559 2406 3598 rem
2466 3544 2740 3612 publicam
2795 3545 2971 3599 reditu
3005 3547 3191 3598 donat.
3229 3546 3306 3598 Ac
3337 3561 3466 3600 vero
3496 3560 3629 3600 san~

2053 3635 2250 3708 cimus,
2275 3636 2446 3704 utqui
2478 3635 2677 3690 dehinc
2698 3635 2752 3688 in
2777 3635 3048 3705 judiciimi
3076 3637 3376 3706 procedere
3421 3637 3627 3700 volent,

2054 3732 2181 3779 ante
2212 3724 2496 3780 introitum
2562 3740 2684 3795 qua:
2717 3741 2747 3779 a
2776 3727 2894 3795 lege
2956 3727 3413 3797 praescribuntur,
3472 3727 3630 3783 exhi-

2054 3813 2241 3873 beant.
2307 3823 2310 3825 λ

2507 4077 2974 4136 CONSTITUTIO
2998 4079 3177 4140 CVI".

2051 4168 2239 4243 De‘eo,
2269 4170 2360 4245 qui
2394 4172 2463 4227 ad
2493 4175 2732 4256 primum.
2756 4173 3418 4310 ἵειιῖἕὲςαιίοηειηὶιιάὲεἱο
3443 4191 3500 4230 se
3523 4191 3629 4230 non

2687 4261 2760 4297 sis
2788 4261 2803 4296 ι
2984 4284 3000 4298 .

2687 4261 2827 4297 ειειιι
2865 4261 3000 4298 (U‘Z).

2121 4335 2307 4406 Neque
2365 4350 2495 4390 vero
2552 4335 2677 4398 hoc,
2724 4336 2943 4388 tametsi
2993 4311 3304 4402 neglectum
3357 4335 3624 4389 hactenus

2052 4427 2490 4496 contemptuiqne
2513 4427 2757 4480 habitum
2790 4425 2882 4484 sit.
2939 4425 3316 4478 incorrectum
3390 4424 3628 4493 relinqui

383 4497 493 4590 τον,
524 4497 640 4576 ἀλλ’
674 4497 825 4588 άξιον
875 4522 1006 4577 αύτδ
1037 4523 1080 4554 ⁸⁸
1126 4497 1651 4592 τλῇς-προσηκούσης
1700 4497 1950 4590 βοηθείας

2055 4520 2138 4574 fas
2173 4525 2276 4583 est,
2303 4518 2590 4587 potiusque
2622 4523 2681 4570 ut
2702 4516 3051 4571 convenienti
3104 4516 3311 4568 auxilio
3359 4515 3622 4585 potiatur,

385 4617 590 4685 τυχεῖν,
623 4613 699 4678 ὡς
723 4615 781 4668 ἐν
809 4617 921 4678 τοῖς
942 4614 1035 4668 τοῦ
1071 4613 1186 4683 βίου
1221 4613 1510 4684 πράγμασι
1562 4611 1763 4682 πολλὴν
1816 4628 1957 4683 παρ-

386 4705 647 4775 εχόμενον
672 4704 771 4777 τὴν
801 4705 1091 4776 ὠφέλειαν.

457 4795 668 4850 Οὐκοῦν
713 4797 918 4867 ὁμοίως
964 4798 1251 4852 καὶτοῦτο
1306 4795 1443 4866 πρὸς
1491 4793 1777 4863 καινισμδν
1820 4793 1954 4847 καθ-

313 4890 326 4901 ’
390 4884 667 4952 ιστῶντες,
693 4885 881 4959 ὥσπερ
907 4889 1086 4942 ἐκεῖνο
1098 4888 1158 4940 τὸ
1177 4887 1340 4956 μέρος
1361 4885 1390 4937 ὃ
1415 4883 1542 4954 περὶ
1557 4883 1650 4938 τοῦ
1667 4883 1712 4916 ⁸ο
1728 4884 1956 4938 εἰσιέναι

2057 4608 2312 4664 convenit
2346 4625 2361 4662 :
2397 4615 2583 4676 utpote
2607 4608 2752 4678 quod
2799 4607 3053 4662 humanis
3112 4606 3276 4661 rebus
3305 4606 3530 4658 multam
3562 4605 3631 4660 de

2057 4717 2118 4758 se
2145 4699 2433 4754 utilitatem
2462 4699 2719 4769 prmbeat.

2123 4791 2234 4847 Nos
2255 4792 2434 4860 itaque
2464 4791 2924 4860 quemadmodum
2957 4775 3315 4850 istractatus,
3355 4785 3449 4855 qui
3477 4785 3628 4840 litem

2057 4883 2346 4938 instituere
2380 4882 2690 4937 volentibus
2727 4884 2954 4936 formam
2981 4879 3308 4950 prmscribit,
3339 4878 3632 4933 innovatus

1684 5013 1918 5071 VARI/['3
1956 5011 2248 5069 LECTION
2257 5013 2362 5068 ES.

457 5113 503 5144 ”
532 5109 644 5164 Ecl.
679 5109 814 5164 Nov.
849 5108 939 5162 54.
1016 5107 1062 5140 ³⁸
1099 5107 1278 5162 Malim
1306 5103 1857 5176 nap;psi.q9év_rrm;.
1919 5103 1958 5134 ³⁸
1988 5103 2100 5176 _|nc.
2135 5104 2355 5176 Ecloga.

2459 5105 2504 5141 ³²
2537 5103 3036 5174 νιιῐεονέπανάγων,
3071 5103 3165 5156 sed
3236 5104 3440 5158 rectius
3492 5119 3630 5159 non—

373 5181 519 5234 ‘nulli
568 5180 791 5250 Ecloga;
809 5179 1037 5250 Codices
1059 5179 1332 5250 exavdire?
1361 5172 1493 5250 chil';
1517 5172 1872 5250 τδῄμέτερον
1898 5173 2121 5250 κράτος.
2174 5172 2660 5250 j'IQsenbruggen
2705 5173 2924 5250 διορίζει
2946 5173 3261 5250 addendum
3323 5182 3529 5250 censet.
3555 5176 3629 5229 cf.

389 5250 682 5303 Justiniani

392 5320 434 5399 ῗῖ
461 5319 632 5399 9‘"??-
665 5335 800 5399 τεροτ

750 5248 884 5302 Nov.
933 5249 1003 5302 49
1053 5263 1104 5301 c.
1137 5247 1190 5306 5.
1223 5241 1277 5300 et
1306 5246 1339 5298 Ι.
1374 5245 1408 5297 2
1454 5244 1514 5297 C.
1592 5243 1636 5272 “
1659 5241 1773 5296 Ecl.
1843 5243 2076 5310 προσάγ.

808 5317 988 5386 ιθέντα
1015 5315 1374 5386 διοριζόμενα.
1407 5313 1522 5367 Ecl.
1548 5311 1864 5386 προτιθέναι
1890 5309 2254 5386 διοριζρμεθα.
2303 5311 2366 5386 .³⁸.
2385 5309 2520 5386 βαι..
2535 5311 2669 5386 Nov.
2866 5313 2911 5344 ³⁹
2937 5309 3314 5386 διερίιηοοιιεὶ.⁷
3335 5314 3426 5365 καὶ
3450 5309 3632 5369 ἀύτό.

2172 5241 2218 5314 ξ’
2249 5241 2424 5314 Co_dd_.
2465 5241 2668 5314 habent
2707 5241 2846 5314 γάρ.
2898 5313 2903 5314 ν
2942 5242 2990 5314 ξ’
3022 5242 3132 5314 Ecl.
3183 5244 3631 5313 ἀποφθινόμενον.

390 5389 435 5420 ⁴⁰
455 5390 629 5445 Codd.
653 5379 782 5458 τῶν.
814 5379 1293 5442 Ριιιταιθηιίιιιιιέιι
1324 5398 1544 5439 servare
1572 5379 1686 5433 vult
1718 5379 1932 5447 Stepl)..
1971 5379 2154 5437 addito
2180 5379 2464 5449 participio
2496 5379 2834 5450 βουλομένων
2877 5383 2956 5437 vel
2990 5379 3308 5448 μελλόντων.

1896 5494 2128 5550 NOTAE.

483 5617 573 5686 89)
599 5616 808 5681 Novell.
845 5615 935 5669 97.
977 5630 1025 5668 ε.
1058 5613 1180 5686 eod.

604 5679 661 5743 ld
704 5695 812 5750 est,
858 5686 1027 5755 juret,
1076 5681 1357 5737 reducitur
1399 5680 1531 5736 Nov.
1575 5679 1644 5736 49
1671 5720 1686 5745 ,
1737 5679 1943 5736 Justin.

370 5774 440 5811 ‘c.
473 5758 525 5811 5.

2135 5608 2247 5678 (91)
2270 5607 2403 5678 Nov.
2433 5606 2576 5664 Just.
2605 5609 2694 5672 47,
2719 5624 2838 5678 cap.
2863 5610 2916 5664 5.

2129 5677 2238 5747 (92)
2273 5677 2333 5730 In
2375 5692 2532 5731 usum
2583 5677 2871 5732 revocatur
2923 5677 3060 5733 Nov.
3115 5677 3317 5732 Justin.
3375 5678 3545 5746 69,0.
3568 5677 3625 5745 ὅ,

2056 5745 2261 5802 Novell.
2290 5747 2414 5812 “2,
2437 5764 2560 5818 cap.
2593 5748 2646 5812 3,
2682 5750 2703 5803 l
2738 5747 2899 5803 llarm
2960 5749 3066 5818 εδ,
3107 5749 3160 5802 ἱιι
3187 5750 3276 5803 ﬁn.
