4062 6202
438 375 551 438 639

1713 365 1988 427 LEONIS
2020 364 2485 427 PHILOSOPHI

3602 363 3715 428 640
3758 354 3761 355 ν

440 496 547 549 est,
578 481 644 537 ad
677 478 1014 536 consimilem
1044 476 1212 531 etiam
1239 474 1457 530 modum
1486 473 1591 530 hoc
1633 474 2018 538 inuaovantes,

2128 475 2265 545 πρὸς
2291 476 2450 547 δίκην
2483 473 2656 528 τύπον
2684 472 2929 545 ὲκφέρει,
2974 473 3310 545 θεσπίζομεν
3338 477 3407 542 δι,
3438 476 3531 530 τὸν
3560 477 3715 545 ἅπαξ

443 575 744 637 sancimus,
769 582 824 625 ιιι
848 570 938 640 qui
966 569 1134 624 semel
1163 567 1412 638 judiciali
1438 566 1702 622 citatione
1729 567 1781 621 in
1800 567 1891 637 jus
1911 567 2021 639 (95)

446 670 690 725 vocatus,
724 673 898 727 neque
945 657 1061 727 ipse
1116 666 1293 726 paret,
1348 660 1529 727 neque
1578 657 1746 711 alium
1796 658 1888 727 qui
1923 674 2024 728 pro

447 756 566 822 ipso
623 753 676 805 in
735 751 948 819 judicio
978 766 1038 803 se
1063 749 1277 811 oﬂ'erat,
1338 749 1528 813 mittit,
1582 748 1783 802 iterum
1826 749 2024 818 judicii

442 844 852 898 denuntiatione
882 842 1220 910 impetatur:
1258 840 1345 894 cui
1385 840 1432 894 si
1469 839 1730 895 similiter
1784 855 1893 894 non
1926 840 2027 896 ob-

441 938 725 1002 temperet,
745 946 923 1000 neque
964 931 1125 984 tertia
1149 930 1566 985 denuntiatione
1618 931 1873 1001 indignus
1897 947 2027 987 cen-

439 1030 628 1077 seatur
660 1038 674 1074 :
710 1028 765 1075 et
796 1021 839 1075 si
872 1018 1117 1089 quidem,
1144 1034 1269 1072 cum
1296 1027 1403 1072 tam
1453 1018 2026 1088 patienterjudicialis

438 1115 724 1169 clementia
752 1114 930 1181 ipsum
951 1119 1250 1181 exspectet,
1281 1111 1397 1181 ipse
1424 1111 1783 1166 nihilominus
1810 1112 2023 1165 tertiam

438 1206 757 1259 citationem
817 1212 1181 1257 contemnens
1233 1208 1380 1272 (cum
1446 1203 1595 1257 nulla
1645 1202 1796 1272 justa
1854 1218 2023 1256 causa

438 1296 890 1365 comparitionem
918 1294 1039 1362 ejus
1064 1293 1346 1363 impediat)
1398 1309 1575 1363 neque
1610 1310 1704 1364 per
1735 1309 1817 1359 se,
1849 1308 2027 1363 neque

441 1402 535 1456 per
565 1386 734 1440 alium
758 1387 970 1452 judicio
995 1387 1155 1441 sistat
1180 1404 1193 1441 :
1227 1395 1359 1441 tunc
1382 1387 1607 1439 omnino
1633 1386 1796 1441 etiam
1828 1387 2027 1440 absens

438 1478 856 1539 condemnetur,
892 1485 944 1531 et
972 1492 1320 1547 nequaquam
1339 1478 1621 1547 deinceps,
1648 1478 1730 1532 vel
1757 1476 2023 1545 quaestio-

440 1586 562 1624 nem
592 1586 829 1637 movere,
856 1572 939 1625 vel
966 1570 1478 1625 condemnationem
1500 1569 1892 1640 subterfugere
1917 1570 2025 1641 ipsi

439 1661 815 1731 permittatur.

507 1845 686 1913 Atque
718 1843 821 1898 hoc
866 1843 919 1897 in
955 1850 1251 1913 utrumque
1298 1842 1585 1913 ligatorem
1642 1841 2017 1905 decernimus,
2048 1814 2095 1873 Β

437 1937 554 1991 sive
593 1936 719 2004 quis
755 1936 809 1988 in
836 1935 925 2004 jus
952 1944 1179 1990 vocatus
1245 1948 1563 2004 comparere
1594 1933 1831 2002 negligat
1860 1950 1874 1985 :
1904 1934 2021 1988 sive

434 2028 557 2096 quis
579 2029 792 2080 actione
848 2025 1123 2089 instituta,
1181 2024 1611 2093 adversarioque
1653 2022 1708 2076 in
1744 2022 2011 2089 judicium

437 2117 727 2186 producto,
775 2116 975 2171 deinde
1020 2117 1126 2186 ipsi
1182 2115 1468 2170 molestias
1510 2114 2014 2183 protelationesque

434 2211 547 2265 litis
570 2210 895 2264 machinans
919 2209 987 2265 ab
1033 2209 1240 2263 intenta
1271 2208 1489 2263 actione
1539 2206 1667 2260 dolo
1697 2205 1840 2259 malo
1870 2204 2021 2259 desi-

433 2308 564 2355 stat.
601 2299 812 2356 Etenim
866 2301 957 2355 bic
1003 2314 1242 2369 quoque,
1294 2298 1383 2352 ubi
1421 2308 1502 2351 ter
1535 2296 1774 2364 ajudice
1804 2298 2019 2350 citatus

433 2405 543 2445 non
570 2392 910 2460 apparuerit,
938 2391 1141 2447 absens
1175 2389 1655 2452 condemnabitur,
1717 2390 1786 2443 iis
1830 2398 2013 2444 tamen

436 2482 921 2551 (quemadmodum
971 2480 1107 2547 dixi)
1140 2482 1184 2535 si
1231 2482 1379 2534 nulla
1444 2495 1633 2543 causa,
1688 2494 1808 2549 qme
1840 2479 2017 2545 illum,

433 2573 528 2639 qui
562 2588 621 2627 se
650 2574 707 2626 in
742 2571 951 2640 judicio
981 2588 1088 2625 non
1114 2572 1336 2635 obtulit,
1370 2570 1744 2625 verisimiliter
1791 2580 2008 2641 purget,

440 2667 507 2721 ad
532 2665 741 2736 justam
772 2664 1187 2719 excusationem
1216 2663 1414 2718 subsit.

916 2939 1377 2998 CONSTITUTIO
1395 2940 1530 2999 CIX.

436 3035 521 3091 Ne
543 3036 688 3090 intra
727 3034 838 3104 (94)
858 3034 1135 3101 septimum
1158 3033 1269 3104 (95)
1293 3037 1485 3088 wtatis'
1509 3050 1705 3088 annum
1743 3035 2015 3104 sponsalia

505 3101 773 3169 ineantur,
803 3101 963 3172 neque
989 3114 1111 3158 ante
1141 3101 1400 3157 decimum
1454 3108 1698 3173 quintum
1750 3101 2009 3168 maribus,

504 3186 597 3230 aut
624 3176 883 3229 decimum
918 3176 1130 3228 tertium
1160 3174 1368 3243 {einim's
1396 3175 1794 3229 matrimonium
1831 3192 2010 3229 conse-

506 3258 703 3300 cretur.

505 3336 640 3391 Cum
663 3349 825 3391 suum
859 3334 1060 3405 cuique
1092 3333 1171 3389 rei
1207 3342 1422 3404 tempus
1448 3348 1576 3390 esse
1623 3334 1843 3406 sapiens
1900 3334 2011 3405 (96)

2124 566 2230 619 ὑπδ
2262 565 2584 636 δικαστικῆς
2620 566 3012 635 προσκλήσεως
3044 566 3138 617 ἐπὶ
3193 566 3296 636 τὴν
3341 568 3526 639 κρίσιν
3574 569 3711 638 κλη-

2126 658 2309 721 θέντα,
2331 656 2424 709 καὶ
2445 657 2567 728 μήτ’
2584 657 2745 711 αὑτὸν
2766 656 3149 731 ὑπακούσαντα
3177 656 3302 728 μήθ’
3320 657 3506 729 ἕτερον
3534 662 3708 730 πρόσ-

2124 762 2273 798 ωπον
2320 747 2435 798 ἀντ’
2466 745 2631 797 αὑτοῦ
2662 745 2707 776 ⁸³
2740 744 2877 815 πρὸς
2896 747 2995 813 τὴν
3047 747 3229 815 κρίσιν
3263 748 3572 819 ἀπαντῆσαι
3624 751 3708 803 δι-

2126 834 2543 897 αποστείλαντα,
2580 834 2742 888 πάλιν
2785 834 3045 905 δευτέρας
3096 835 3377 899 ἀξιοῦσθαι
3398 838 3704 908 δηλώσεως,

2130 926 2513 996 ἀπειθήσαντα
2537 926 2595 979 δὲ
2629 928 2725 979 καὶ
2767 927 2811 958 δ⁸
2832 927 3026 999 ταύτῃ,
3060 929 3194 999 μηδὲ
3235 930 3333 998 τῆς
3367 931 3557 1002 τρίτης
3578 933 3708 986 ἀνά-

2129 1016 2239 1084 ξιον
2272 1019 2579 1091 κρίνεσθαι,
2632 1020 2729 1074 καὶ
2782 1021 2949 1091 μέχρι
2975 1021 3233 1074 τοσούτου
3261 1021 3361 1091 τῆς
3384 1023 3706 1096 δικαστικῆς

2127 1111 2435 1174 ἐπιεικείας
2493 1110 2658 1164 αὐτὸν
2692 1110 3073 1182 ὑπομενούσης
3135 1111 3293 1184 είπερ
3349 1116 3706 1185 καταφρονῶν

2126 1199 2266 1269 ὀφθῇ
2301 1201 2348 1238 ιδ
2377 1200 2472 1251 καὶ
2503 1198 2597 1252 τοῦ
2633 1200 2819 1270 τρίτου
2857 1199 3175 1270 μηνύματος
3199 1201 3265 1266 ⁸⁸,
3308 1202 3403 1255 καὶ
3435 1203 3708 1274 μηδεμιᾶς

2128 1291 2352 1357 εὐλόγου
2382 1292 2711 1362 προφάσεως
2745 1290 2842 1362 τὴν
2873 1291 3178 1361 ἀπάντησιν
3226 1292 3541 1365 κωλυούσης
3580 1293 3705 1348 οῦτε

2128 1382 2195 1436 δι’
2222 1382 2418 1437 ἑαυτοῦ
2448 1382 2577 1436 οὔτε
2624 1382 2692 1436 δι’
2723 1384 2911 1453 ἑτέρου
2959 1383 3253 1454 προσώπου
3301 1384 3379 1454 τῷ
3408 1385 3707 1457 δικαστικῷ

2128 1476 2331 1547 βήματι
2357 1478 2638 1547 παραστῇ,
2669 1476 2791 1529 τότε
2855 1474 2920 1545 δὴ
2948 1475 3068 1527 τότε
3097 1476 3190 1526 καὶ⁸
3232 1473 3308 1544 μὴ
3341 1476 3569 1546 παρόντι
3606 1476 3709 1548 τὴν

2127 1565 2605 1628 καταδικάζουσαν
2628 1564 2812 1634 ψῆφον
2856 1564 3008 1635 αὑτῷ
3037 1564 3083 1596 ⁴⁶
3117 1563 3429 1634 λαγχάνειν,
3467 1566 3565 1619 καὶ
3605 1585 3712 1639 μη-

2127 1657 2247 1709 κέτι
2279 1656 2398 1721 ἐξὸν
2431 1652 2571 1710 εἶναι
2605 1656 2728 1709 καθ’
2775 1650 2889 1708 οἷον
2916 1655 2980 1726 δή
3015 1673 3135 1709 τινα
3176 1657 3377 1727 τρόπον
3425 1657 3554 1729 μήτ’
3594 1661 3709 1729 ἀμ-

2129 1748 2414 1816 φισϐητεῖν
2447 1748 2583 1816 μήτε
2616 1746 2716 1816 τὴν
2745 1747 3069 1816 κατάκρισιν
3111 1746 3466 1801 ἀποδύεσθαι.

2192 1836 2408 1905 Ταύτην
2441 1836 2499 1889 δὲ
2518 1835 2615 1906 τὴν
2637 1836 2815 1905 ψῆφον
2843 1835 3097 1906 ὁρίζομεν
3120 1836 3206 1905 ἐφ’
3230 1838 3493 1909 ἑκατέρου
3524 1857 3706 1911 προσ-

2121 1928 2296 1997 ώπου,
2322 1930 2457 1981 ἐίτε
2502 1945 2587 1991 τις
2653 1927 3014 1998 προσκληθεὶς
3042 1928 3086 1968 δ’
3142 1930 3573 2003 κατολιγωρήσει
3599 1932 3709 2004 τῆς

2122 2023 2506 2093 ἀπαντήσεως,
2540 2022 2651 2075 εἴτε
2684 2038 2770 2085 τις
2810 2020 3071 2092 ἔγκλησιν
3105 2024 3319 2094 ποιήσει
3354 2025 3447 2080 καὶ
3486 2027 3566 2098 τῷ
3603 2026 3707 2099 βή-

2125 2130 2257 2183 ματι
2316 2115 2664 2186 παραστήσει
2727 2112 2789 2165 τὸ
2834 2113 3273 2184 διαμφισϐητοῦν
3335 2116 3520 2188 μέρος,
3580 2115 3706 2173 εἶτα

2124 2205 2263 2275 μετὰ
2307 2205 2407 2275 τὴν
2440 2205 2711 2276 προϐολὴν
2750 2203 2846 2257 τοῦ
2903 2205 3249 2277 ἐγκλήματος
3298 2210 3704 2281 κακομηχάνως

2120 2297 2357 2366 ἀποστῇ,
2395 2297 2772 2369 ταλαιπωρίαν
2802 2301 2868 2351 ὲκ
2908 2296 3100 2351 τούτου
3149 2298 3228 2369 τῷ
3266 2299 3703 2374 άντικρινομένῳ

2120 2390 2388 2459 περινοῶν
2422 2392 2515 2442 καὶ
2544 2390 2811 2463 ἀναϐολήν
2853 2393 2947 2447 τοῦ
2970 2393 3205 2463 πέρατος
3227 2392 3321 2446 τοῦ
3361 2393 3699 2465 ζητήματος.

2121 2481 2234 2535 Καὶ
2257 2476 2413 2545 οὗτος
2454 2482 2563 2553 γάρ
2599 2484 2756 2554 παρὰ
2777 2484 2872 2538 τοῦ
2916 2485 3171 2540 δικαστοῦ
3222 2486 3702 2556 προσκαλούμενος

2120 2572 2248 2641 ἄχρι
2276 2572 2461 2642 τρίτου
2490 2574 2583 2627 καὶ
2617 2574 2693 2645 μὴ
2732 2577 3049 2647 πειθαρχῶν
3097 2578 3571 2646 κατακεκρίσεται
3604 2581 3701 2633 καὶ

2122 2662 2199 2732 μὴ
2228 2663 2439 2734 παρὼν,
2478 2665 2751 2735 μηδεμιᾶς
2777 2667 2963 2738 ἄλλης,
2997 2667 3185 2735 ὥσπερ
3224 2662 3398 2732 εἷπον,
3436 2668 3700 2739 ἀφορμῆς

2120 2752 2201 2811 είς
2231 2751 2450 2807 δικαίαν
2503 2755 2749 2824 ὑπούσης
2784 2756 3137 2827 παραίτησιν,
3168 2755 3202 2826 ἡ
3239 2756 3526 2825 δυνήσεται
3556 2758 3699 2830 ὑπὲρ

2118 2842 2213 2896 τοῦ
2252 2845 2327 2915 μὴ
2367 2845 2779 2917 ἀπαντήσαντος
2826 2849 2894 2900 τὰ
2940 2848 3128 2900 εἰκότα
3172 2846 3696 2918 διαπολογήσασθαι.

2606 2936 2915 2992 ΔΙΑΤΑΞΙΣ
2942 2938 3041 2992 ΡΘ⁹
3059 2938 3199 2993 ⁸⁸⁸³⁸.

2117 3030 2254 3102 Περὶ
2312 3032 2418 3085 τοῦ
2445 3032 2551 3102 μὴ
2599 3034 2873 3102 τίνεσθαι
2902 3031 3241 3102 μνηστείαν
3285 3031 3533 3102 ἔνδοθεν
3576 3030 3697 3087 τῶν

2218 3101 2335 3153 πτὰ
2360 3100 2528 3163 ἐτῶν,
2560 3100 2677 3155 εἴτε
2708 3102 3044 3169 ἱερολογίιιν
3069 3100 3317 3153 ἔνδοθεν
3342 3100 3445 3154 τοῦ
3470 3117 3693 3155 τεσσα-

2177 3170 2781 3249 ρεσκαιδεκαετοῦςδο
2828 3172 3052 3249 χρόνου
3074 3209 3089 3235 ,
3140 3170 3240 3223 καὶ
3283 3170 3390 3225 τοῦ
3429 3186 3695 3246 τρισκαι-

2182 3237 2436 3292 δεκάτου
2470 3241 2567 3293 ἐπὶ
2597 3237 2918 3309 γυναικῶν.

2182 3330 2288 3383 Τοῦ
2317 3333 2481 3400 σοφοῦ
2506 3332 2894 3403 παραινοῦντος
2920 3373 2936 3398 ,
2956 3330 3171 3402 Καιρὸς
3199 3331 3280 3398 τῷ
3305 3333 3486 3388 παντί
3507 3334 3695 3403 πράγ-

432 3429 636 3489 tradat,
667 3426 834 3497 idque
868 3425 1183 3480 communis
1209 3426 1481 3487 omnium,
1512 3425 1604 3493 qui
1626 3424 1787 3479 modo
1814 3426 2014 3479 mentis

2119 3438 2275 3486 ματι,
2328 3422 2423 3475 καὶ
2468 3422 2570 3492 τῆς
2621 3424 2807 3493 κοινῆς
2851 3423 3004 3491 παρά
3037 3424 3203 3476 πᾶσιν
3235 3424 3349 3477 ὅσοι
3380 3424 3575 3495 φρενὸς
3601 3426 3692 3478 εὑ-

431 3527 715 3591 compotes
747 3526 901 3580 sunt,
956 3518 1229 3573 sententia
1285 3526 1401 3572 tum
1455 3518 1839 3588 amplectatur,
1895 3526 2011 3572 tum

430 3610 625 3680 probet
678 3627 695 3665 :
753 3609 808 3663 in
880 3610 1030 3663 omni
1105 3609 1320 3663 actione
1393 3600 1610 3678 tempus
1680 3608 2012 3673 observare,

431 3701 591 3770 longe
623 3698 1055 3769 pulcherrimum
1084 3696 1271 3753 fuerit.
1310 3696 1466 3763 Quod
1491 3698 1539 3752 si
1565 3696 1801 3752 fortasse
1853 3698 2008 3761 alibi,

432 3790 485 3843 in
518 3789 911 3844 contrahendis
947 3796 1096 3843 certe
1122 3788 1513 3856 ,matrimoniis
1544 3788 1743 3857 negligi
1766 3803 1874 3841 nou
1923 3789 2012 3842 de-

433 3883 543 3934 bet.
600 3882 825 3949 Oportet
883 3880 1158 3945 enim,ut
1207 3893 1316 3948 quo
1365 3893 1430 3933 ea
1482 3894 1570 3933 res
1624 3879 1681 3932 in
1732 3877 2011 3932 communi

431 3973 542 4026 vita
572 3972 750 4042 magis
793 3970 1109 4026 necessaria
1153 3978 1259 4035 est,
1300 3984 1365 4025 eo
1400 3970 1728 4041 prudentius
1765 3972 2011 4027 cautius-

435 4079 544 4135 que
583 4062 652 4117 ad
685 4063 833 4116 illam
862 4059 1217 4130 procedatur.

499 4154 672 4221 Quam
686 4167 819 4209 sane
831 4166 932 4206 nos
947 4151 1017 4205 ob
1030 4166 1194 4205 causa
1204 4166 1251 4203 m
1267 4151 1565 4207 secundum
1583 4159 1791 4208 veteres
1810 4150 2012 4223 (97-98)

425 4246 521 4317 qui
558 4254 708 4300 recte
730 4244 833 4297 hac
864 4242 934 4298 de
961 4256 1019 4296 re
1042 4242 1159 4310 lege
1208 4242 1315 4295 lata
1347 4251 1658 4297 statuerunt
1684 4284 1699 4307 ,
1724 4242 2009 4298 sancimus

429 4351 499 4391 ne
575 4348 686 4404 quo
760 4332 923 4388 modo
978 4341 1106 4387 ante
1187 4333 1478 4403 septimum
1551 4334 1731 4389 aetatis
1803 4349 2006 4388 annum

428 4427 707 4499 sponsalia
728 4427 1154 4491 constituantur,
1176 4442 1353 4495 neque
1380 4426 1786 4481 matrimonium
1808 4424 2004 4498 (99-1),

2109 3511 2366 3581 τυχοῦσιν
2400 3513 2720 3584 ὑπολήψεως
2748 3513 2907 3567 τοῦτο
2947 3516 3042 3567 καὶ
3068 3513 3317 3585 τιμώσης
3346 3515 3444 3569 καὶ
3469 3532 3697 3586 συνομο-

2110 3602 2372 3674 λογούσης
2392 3644 2408 3667 ,
2453 3606 2632 3669 καλῶς
2671 3607 2785 3677 εχει
2826 3606 3063 3678 μάλιστα
3094 3609 3192 3677 μὲν
3222 3609 3280 3662 ὲν
3311 3610 3458 3680 πάσῃ
3488 3610 3685 3679 πράξει

2108 3698 2297 3765 τηρεῖν
2324 3697 2415 3750 τὸν
2439 3698 2650 3769 καιρὸν,
2682 3700 2729 3751 εί
2754 3699 2798 3750 δ’
2819 3695 2913 3753 οῦν
2941 3699 3056 3753 ἀλλ’
3080 3698 3138 3753 εν
3164 3716 3227 3768 γε
3253 3704 3317 3770 τῇ
3343 3702 3484 3754 κατὰ
3504 3705 3684 3771 γάμον

2111 3791 2481 3861 συναρμοστίᾳ
2521 3791 2709 3844 τοῦτον
2754 3792 2830 3862 μὴ
2872 3794 3150 3863 παρορᾷνο
3202 3793 3285 3846 δεῖ
3313 3794 3440 3863 γὰρ,
3473 3796 3597 3848 ὅσον
3626 3797 3685 3848 ὲν

2110 3879 2221 3939 τοῖς
2247 3879 2388 3931 κατὰ
2413 3879 2502 3932 τὸν
2527 3879 2638 3950 βίον
2665 3881 2986 3953 πράγμασιν
3009 3885 3408 3951 ἀναγκαιοτέρα
3432 3886 3464 3956 ή
3484 3887 3686 3955 ἐπιχεί-

2110 3985 2286 4039 ρησις,
2317 3970 2567 4025 τοσοῦτον
2598 3972 2737 4042 μετὰ
2758 3972 2980 4044 γνώμης
3002 3975 3414 4045 ἀσφαλεστέρας
3440 3979 3535 4030 ἐπὶ
3566 3976 3693 4031 ταύ-

2109 4076 2209 4129 την
2239 4064 2462 4132 χωρεῖν.

2180 4152 2382 4205 Τούτου
2403 4152 2466 4222 δὴ
2488 4152 2673 4206 ἕνεκεν
2700 4155 2840 4208 κατά
2856 4156 2983 4219 τοὺς
3000 4156 3168 4210 πάλαι
3186 4157 3366 4221 καλῶς
3384 4159 3691 4224 συνειδότας

2111 4244 2241 4313 περὶ
2268 4243 2459 4297 τούτου
2494 4245 2585 4297 καὶ
2614 4246 2777 4315 νόμον
2806 4247 3064 4317 θεμένους
3095 4249 3307 4319 ἡμεῖςΗ
3340 4250 3687 4319 θεσπίζομεν,

2114 4334 2381 4403 μηδαμῶς
2422 4334 2772 4389 συνίστασθαι
2811 4340 3103 4407 μνηστείαν
3147 4341 3239 4392 ἐπὶ
3281 4341 3491 4411 χρόνοις
3533 4342 3687 4395 ὲλάτ-

2108 4440 2226 4477 τοσι
2251 4424 2359 4477 τῶν
2381 4426 2542 4493 ἑπτὰ,
2572 4428 2705 4497 μήτε
2748 4429 2856 4498 μὴν
2900 4429 3312 4499 ίεροτελεστίαις
3344 4431 3689 4499 βεϐαιοῦσθαι

424 4534 626 4591 sponsa
698 4518 1025 4584 duodecim,
1095 4533 1300 4588 sponso
1393 4533 1522 4571 vero
1596 4518 2010 4586 qnatuordecim

2119 4514 2215 4585 τὴν
2255 4518 2548 4586 μνηστείαν
2574 4494 2689 4571 *τοῦ
2727 4494 3173 4590 τρισκαιδεκάτου
3213 4494 3367 4586 ἔτους
3403 4524 3690 4597 ὲνδεούσης

395 4596 398 4599 ’
429 4612 593 4667 annis
640 4611 876 4676 minore,
918 4610 1093 4665 sacris
1126 4608 1458 4664 ceremoniis
1486 4609 1862 4664 confirmetur.
1899 4609 2000 4663 At-

423 4719 530 4774 que
560 4704 666 4759 boc
711 4703 960 4775 quidem,
1005 4709 1271 4773 quantum
1302 4702 1370 4756 ad
1411 4715 1759 4757 communem
1813 4703 1995 4772 publi-

2106 4609 2204 4677 τῆς
2231 4607 2448 4678 νύμφης
2472 4647 2487 4672 ,
2526 4609 2621 4662 τοῦ
2644 4610 2701 4663 δὲ
2731 4611 2964 4681 νυμφίου
2992 4612 3082 4664 τὸν
3102 4616 3689 4683 τεσσαρεσκαιδέκατον

2114 4698 2190 4768 μὴ
2237 4698 2698 4770 διαμετροῦντοςο
2770 4701 2908 4755 ἀλλὰ
2956 4702 3114 4757 τοῦτο
3165 4704 3264 4774 μὲν
3312 4706 3687 4794 ἀπηγόρεύται

1738 4856 1826 4911 VA
1836 4856 1978 4913 RIIE
2018 4856 2425 4913 LECTIONES.

478 4972 521 5005 “
549 4971 664 5026 Ecl.
694 4971 905 5041 incipit.
954 5040 959 5041 ί
1010 4969 1055 5041 ⁸ν²
1090 4969 1202 5024 Ecl.
1231 4969 1446 5041 έαυτοῦ.

1548 4968 1595 5045 δξ
1617 4969 1692 5024 Ita
1727 4969 1839 5045 Ecl.
1867 4971 2039 5028 Codd.
2059 4975 2257 5045 detuli.
2299 4973 2356 5026 δὲ
2389 4974 2613 5045 ταύτην.
2694 4974 2739 5006 ⁸⁸
2769 4974 2881 5029 Ecl.
2909 4975 3119 5045 ὀφθείη.

3227 4978 3272 5010 ⁸⁸
3302 4978 3377 5032 ita
3442 4981 3685 5035 nonnulli

419 5039 631 5115 Eclogae
645 5038 909 5115 cod_ices._
930 5040 1179 5115 (lodices.
1209 5039 1430 5115 _R_ec_te.
1491 5038 1662 5115 Vulgo
1697 5040 1989 5115 pévovroc._
2022 5044 2101 5115 ﬁ“
2135 5038 2581 5115 NonnulliAEclo'g
2618 5045 2779 5115 codd.
2802 5038 3301 5115 παώνταέαύτὸν.
3382 5049 3427 5080 ⁸⁷
3468 5051 3537 5104 Ita
3570 5050 3683 5104 Ecl.

419 5108 842 5191 Fulgonpoxl.u
867 5111 984 5191 τῆς-ξ’
1013 5108 1319 5191 Estancl.
1351 5108 1487 5165 Nov.
1520 5108 1620 5177 ὅδὲ
1650 5108 1828 5167 exstat
1851 5112 1993 5183 apud
2020 5114 2212 5173 Harm.
2232 5114 2326 5170 lib.
2346 5112 2500 5179 lV,it.
2524 5108 2576 5177 ιζ
2596 5114 2844 5184 pag.282.
2888 5108 2964 5147 ’⁸⁸
2992 5116 3069 5169 ita
3093 5132 3157 5171 ex
3186 5116 3299 5171 Ecl.
3332 5118 3420 5173 do.
3450 5119 3679 5191 Scrimg.

419 5180 726 5243 δεκαετοῦς.
801 5180 844 5212 ’⁸³
876 5180 987 5235 Ecl.
1016 5180 1228 5252 incipit.

1926 5316 2159 5377 ΝΟΤιΕ.

492 5430 603 5501 (95)
628 5428 751 5501 Yid.
806 5430 985 5501 tit.7ll'.
1014 5431 1160 5487 Dein
1195 5431 1287 5501 jus
1302 5440 1483 5488 vocat.

494 5499 604 5569 (94)
631 5499 695 5554 Ει
726 5501 800 5574 ita
820 5500 1098 5557 reducitur
1123 5502 1160 5555 Ι.
1187 5499 1273 5574 ν..
1299 5501 1353 5555 ιι.
1386 5502 1460 5556 De
1475 5504 1718 5572 sponsal.
1752 5504 1991 5574 August.

422 5580 579 5622 antea
610 5572 997 5643 constituerat,
1032 5587 1101 5625 ne
1135 5571 1313 5643 min_or
1346 5587 1379 5625 x
1410 5571 1573 5628 annis
1597 5589 1799 5643 sponsa
1824 5571 1994 5629 liabe-

422 5646 592 5692 retnr.
634 5637 757 5693 Vid.
782 5640 937 5695 Dion.
965 5641 1162 5694 Zonar.
1222 5641 1414 5695 Exstat
1446 5657 1574 5697 vero
1617 5637 1732 5698 litec
1774 5642 1999 5700 Novella

422 5707 923 5779 apudHarmenop.
948 5710 1004 5774 4,
1028 5710 1113 5762 tit.
1154 5710 1206 5772 1,
1244 5709 1272 5779 §
1302 5710 1393 5763 Η.

493 5777 604 5848 (95)
640 5776 885 5834 infantia
909 5780 997 5833 his
1030 5780 1191 5835 annis
1219 5776 1443 5843 desinit,
1476 5780 1531 5835 (Ι.
1556 5780 1595 5834 ι.
1634 5780 1722 5848 14,
1752 5780 1789 5836 l.
1820 5782 1874 5847 1,
1935 5779 1995 5836 θ’.

2099 5435 2485 5560 pﬁgt'ilsillist.
2508 5443 2613 5491 tut.
2638 5437 2677 5493 l.
2699 5439 2754 5503 '5,
2791 5438 2853 5494 C.
2907 5440 3000 5509 qui
3050 5439 3257 5497 admin.
3313 5443 3349 5493 l.
3383 5438 3557 5501 l8,C.
3599 5439 3678 5496 De

2099 5523 2138 5560 ιι
2270 5523 2281 5559 Ι
2330 5545 2343 5559 .

2093 5523 2219 5576 jure
2249 5523 2343 5576 nn.

2173 5574 2287 5645 (96)
2306 5644 2311 5645 γ
2331 5573 2544 5631 Eccles.
2585 5592 2665 5629 ιιι.

2169 5644 2382 5783 (96-98)
2427 5645 2487 5698 ι).
2524 5646 2560 5701 Ι.
2595 5645 2968 5715 14,ἰιιιεΙΙίεἰι.

2194 5713 2351 5783 99-1)
2390 5714 2798 5769 Matrimonium
2833 5716 2959 5770 femi

2194 5713 2351 5783 99-1)
2390 5714 2798 5769 Matrimonium
2833 5713 3048 5770 ferinum
3086 5725 3214 5771 ante
3246 5719 3311 5772 12
3342 5735 3545 5775 annum
3565 5736 3675 5778 non

2086 5783 2456 5866 _contrahunt,
2493 5785 2728 5841 masculi
2751 5795 2881 5843 ante
2912 5787 2997 5851 l4,
3027 5788 3063 5842 Ι.
3088 5788 3143 5843 9.
3180 5788 3238 5842 θ’.
3267 5789 3341 5846 De
3375 5805 3565 5862 spous.
