4080 6218
396 274 504 340 645

1481 277 1845 339 NOVELLAZ
1875 245 2546 338 cous'murioxes.

3527 282 3638 346 646

393 405 514 451 τας.
569 386 727 441 Καλὰ
766 387 866 457 μὲν
895 387 1090 454 ταῦτα,
1121 389 1156 442 ἀ
1181 389 1302 442 θεῖα
1327 390 1532 462 rupe“
1560 391 1696 444 Θεοῦ
1727 390 1962 465 εἴρηται,

2068 389 2284 458 quidem
2312 389 2424 442 haec
2436 388 2710 452 etdiviua,
2731 396 2918 458 utpote
2941 406 3062 460 quae
3090 409 3119 444 ιι
3143 391 3253 448 Deo
3288 398 3640 463 pronuntiata

393 481 454 533 οὑ
484 479 666 543 καλῶς
693 479 736 532 δ’
767 479 907 534 αὐτὰ
940 481 1058 533 οὑδὲ
1090 481 1230 535 κατά
1257 481 1345 534 τὸν
1369 482 1512 535 θεῖον
1533 482 1735 536 σκοπὸν
1759 484 1809 536 οἱ
1834 500 1966 554 προ-

392 570 698 640 τεινόμενοι
743 570 977 624 ἐνταῦθα
1012 571 1113 640 τὴν
1142 572 1348 625 τούτων
1375 573 1654 628 ποιοῦνται
1679 575 1962 644 πρότασιν.

395 660 456 714 Εί
507 662 607 730 μὲν
652 661 760 732 γὰρ
810 663 844 732 ὴ
893 664 1159 731 μνηστεία
1189 664 1442 734 τοιαύτην
1474 664 1637 728 σώζει
1665 664 1764 736 τὴν
1793 665 1967 719 κατά·

392 768 581 806 στασιν
629 753 821 805 ὁποίαν
869 753 931 818 ἐξ
970 754 1146 824 ἀρχῆς
1190 757 1222 824 ὴ
1262 756 1631 826 νυμφοστὸλος
1663 757 1966 827 παρέσχεν,

388 843 572 904 ἄδικος
609 844 636 894 ὁ
662 840 947 913 χωρίζων,
1001 842 1094 897 καὶ
1126 843 1227 915 τὴν
1260 844 1468 916 μέμψιν
1498 847 1562 900 οὑ
1591 844 1883 916 φεύξεται·
1919 847 1968 900 εί

387 933 434 986 δ’
461 934 568 987 ὑπὸ
615 935 715 1004 τῆς
765 935 964 1004 μανίας
1005 934 1127 988 οὑδὲ
1165 935 1412 1006 φθογγῆς
1442 935 1591 990 ἔστιν
1617 937 1970 1008 ἀνθρωπίνης

388 1024 612 1078 ἀκούειν
638 1026 740 1093 τῆς
769 1025 1085 1097 ἀνθρώπου,
1120 1027 1196 1096 μὴ
1225 1027 1306 1081 ὄτι
1331 1044 1396 1097 γε
1422 1026 1584 1080 ἄλλου
1613 1027 1757 1090 τινὸς
1785 1031 1969 1098 τυχεῖν

388 1116 496 1169 τῶν
523 1117 624 1169 ὅσα
668 1117 933 1186 μνηστεία
971 1117 1108 1187 πρὸς
1143 1117 1360 1189 ἱλαρίαν
1389 1118 1714 1190 χαρίζεται,
1753 1121 1838 1180 τίς
1869 1117 1970 1170 οὑκ

389 1209 637 1279 ἐθελήσει
679 1209 918 1265 διαλύειν
945 1209 1046 1283 τὴν
1072 1210 1212 1265 οὕτω
1241 1211 1448 1283 πικρὰν
1479 1213 1575 1266 καὶ
1601 1209 1842 1281 φευκτὴν
1874 1226 1968 1262 συ-

389 1301 620 1370 ζυγίαν;

457 1477 558 1530 Διά
605 1477 765 1530 τοῦτο
823 1477 1174 1548 θεσπίζομεν,
1235 1479 1344 1542 ὡς,
1402 1479 1628 1532 εἴποτε
1683 1477 1822 1548 μετά
1869 1477 1968 1549 τὴν

388 1567 674 1622 κοινωνίαν
724 1567 819 1620 τοῦ
864 1567 1045 1636 γάμου
1100 1567 1234 1638 πρὸς
1274 1568 1473 1637 μανίαν
1511 1568 1712 1639 ὴγυνὴ
1740 1570 1968 1640 περιπέ-

389 1679 511 1722 σοι,
586 1660 746 1730 μέχρι
806 1659 989 1728 τρίτου
1049 1659 1204 1723 ἔτους
1268 1657 1458 1730 φέρειν
1519 1660 1617 1729 τὴν
1675 1660 1966 1730 δυστυχίαν

387 1754 479 1805 τὸν
510 1751 679 1821 ἄνδρα
717 1753 812 1804 καὶ
847 1751 948 1819 τῆς
979 1749 1281 1820 κατηφείας
1311 1750 1612 1804 ἀπολαύειν
1635 1790 1652 1816 ,
1692 1750 1788 1804 καὶ
1821 1751 1873 1802 εἰ
1899 1767 1962 1819 γε
1997 1731 2040 1786 Β

389 1847 466 1915 μὴ
495 1845 552 1896 ἐν
577 1845 754 1914 χρόνῳ
777 1842 1017 1912 τοσούτῳ
1033 1842 1186 1905 λύσις
1208 1842 1292 1914 εἴη
1317 1842 1412 1896 τοῦ
1441 1842 1636 1905 κακοῦ,
1665 1843 1800 1914 μηδέ
1823 1842 1964 1914 πρὸς

384 1935 486 1998 τὰς
507 1934 712 1995 οἰκείας
743 1931 1029 1985 ἐπανέλθοι
1065 1931 1271 2003 φρένας
1293 1932 1328 2001 ἡ
1356 1933 1456 2002 τὴν
1487 1931 1682 2002 μανίαν
1709 1931 1960 1998 νοσοῦσα,

385 2025 687 2090 τηνικαῦτα
741 2022 1072 2077 διασπᾶσθαι
1131 2025 1230 2093 τὴν
1287 2023 1571 2077 κοινωνίαν
1598 2025 1693 2076 καὶ
1731 2023 1833 2093 τῆς
1868 2026 1963 2078 ἀν-

387 2117 644 2170 υποίστου
677 2117 960 2186 συμφορᾶς
983 2113 1400 2184 ἐλευθεροῦσθαι
1423 2113 1515 2168 τὸν
1539 2113 1729 2186 ἄνδρα.
1765 2114 1964 2168 T0606-

383 2224 478 2261 τον
519 2206 1036 2278 προσδιοριζομένου
1095 2203 1192 2258 τοῦ
1238 2203 1633 2275 θεσπίσματος,
1693 2204 1834 2258 ὥστε
1890 2205 1961 2258 δι’

385 2299 615 2370 ἐρεύνης
675 2299 775 2369 τὴν
827 2296 1023 2369 μανίαν
1069 2299 1163 2350 καὶ
1212 2296 1513 2360 ἐξετάσεως
1547 2295 1817 2365 γίνεσθαι,
1851 2299 1960 2366 μή-

383 2413 514 2449 ποτε
547 2394 665 2448 κατ’
699 2393 994 2464 ἐπιϐουλὴν
1023 2391 1180 2462 ὤφθη
1209 2394 1450 2446 συστᾶσα
1504 2391 1538 2463 ἢ
1573 2391 1739 2444 αὑτοῦ
1773 2407 1836 2461 γε
1864 2391 1959 2445 τοῦ

383 2488 575 2558 ἀνδρὸς
603 2488 636 2558 ἢ
672 2486 781 2539 τῶν
811 2487 1003 2557 ἐκείνῳ
1037 2486 1158 2539 κατ’
1191 2485 1500 2555 οἰκειότητα
1537 2485 1960 2556 συναπτομένων

383 2580 418 2649 ἦ
449 2597 610 2632 τινων
643 2579 876 2650 ἐτέρων
931 2577 1008 2640 ὡς
1045 2578 1099 2630 εἴ
1131 2592 1196 2645 γε
1229 2577 1275 2608 ⁸³
1298 2574 1538 2630 τοιοῦτόν
1567 2593 1622 2628 τι
1653 2576 1958 2647 φωραθείη,

381 2674 429 2724 εί
453 2673 516 2724 ἐκ
547 2671 893 2742 κακουργίας
909 2667 1004 2723 τοῦ
1044 2669 1258 2737 ἀνδρὸς,
1283 2667 1475 2721 τοῦτον
1503 2667 1759 2737 ὁρίζομεν
1788 2685 1962 2738 τιμω-

385 2762 507 2833 ρίαν
541 2765 639 2832 τῆς
673 2761 809 2825 ἰδίας
844 2761 1100 2830 ὑποσχεῖν
1125 2759 1327 2822 κακίας
1360 2759 1454 2812 τὸν
1485 2759 1566 2822 εἰς
1610 2759 1704 2811 τὸν
1746 2760 1959 2829 μονήρη

386 2852 500 2922 βίον
563 2850 1109 2922 μετασχηματισμδν,
1157 2848 1251 2903 καὶ
1309 2848 1536 2911 ἄκοντος
1591 2847 1756 2901 αὑτοῦ
1804 2864 1962 2918 μονα-

385 2943 591 3014 στηρίῳ
617 2942 1063 3015 περιορίζομένου
1089 2942 1182 2994 καὶ
1211 2943 1277 3011 τῇ
1309 2940 1374 2992 ἐκ
1393 2939 1502 2992 τῶν
1533 2939 1694 3009 ιερῶν
1722 2939 1960 2992 κανόνων

385 3035 821 3104 ὑποϐαλλομένου
875 3032 978 3103 τῆς
1035 3030 1212 3102 ψυχῆς
1262 3029 1564 3100 θεραπείᾳ·
1587 3029 1638 3081 εί
1665 3028 1710 3082 δ’
1749 3029 1815 3082 ἐκ
1849 3027 1960 3082 τῶν

384 3123 662 3193 συγγενῶν
687 3115 854 3194 ἦλθεν
890 3122 924 3192 ἡ
962 3120 1134 3190 βλάϐη
1167 3119 1200 3190 ἢ
1235 3117 1500 3189 ἑτέρωθεν
1537 3117 1701 3170 ποθεν
1737 3118 1833 3172 καὶ
1855 3119 1955 3171 αὑ-

382 3213 476 3266 τοῦ
516 3211 816 3274 συνειδότος
857 3207 952 3262 τοῦ
1005 3207 1197 3279 ἀνδρὸς
1234 3207 1302 3272 ⁵⁵,
1333 3208 1458 3270 τοὺς
1492 3207 1588 3276 μὲν
1620 3207 1956 3277 αὐτουργοὺς

382 3307 479 3376 τῆς
502 3302 768 3374 πονηρίας
808 3305 928 3365 ταῖς
961 3301 1027 3354 ἐκ
1059 3300 1168 3353 τῶν
1198 3299 1381 3370 νόμων
1395 3299 1706 3367 ὑπάγεσθαι
1735 3299 1957 3353 κελεύο-

386 3415 486 3468 μεν
512 3395 827 3466 τιμωρίαις,
875 3391 1233 3462 τιμωρείσθαι
1283 3390 1340 3442 δὲ
1402 3390 1499 3443 καί¹
1553 3390 1644 3444 τὸν
1679 3391 1847 3462 ἄνδρα
1888 3394 1954 3463 τῇ

382 3491 489 3545 τῶν
513 3486 728 3542 οἰκείων
789 3482 1075 3554 ἀφαιρέσει
1126 3482 1486 3552 πραγμάτων,
1537 3481 1573 3534 ὃ.
1607 3482 1788 3553 δεήσει
1821 3481 1957 3552 πρὸς

384 3578 732 3652 παραμύθιον
765 3577 912 3646 ζωῆς
929 3575 1030 3644 τῆς
1055 3571 1580 3643 ἐπιϐεϐουλευμένης
1609 3572 1918 3643 ἀφωρίσθαι
1939 3613 1954 3638 ,

382 3673 659 3744 δ.αμὲνειν
678 3670 735 3723 δὲ
757 3668 918 3723 αὑτὸν
967 3667 1014 3699 ⁸³
1066 3665 1162 3718 καὶ
1218 3663 1309 3717 διὰ
1360 3662 1477 3733 βίου
1546 3663 1734 3733 ἐτέρου
1777 3663 1954 3733 γάμου

384 3764 782 3830 ἀκοινώνητονο
838 3759 887 3810 εἰ
932 3756 988 3810 δὲ
1027 3756 1124 3809 καὶ
1171 3754 1435 3825 τολμήσει
1497 3755 1631 3824 πρὸς
1675 3756 1956 3810 κοινωνίαν

383 3852 740 3922 καταστῆναι,
779 3848 873 3903 καὶ
917 3847 1120 3901 ἄκοντα
1153 3847 1289 3915 πρὸς
1325 3844 1416 3898 τὸν
1457 3843 1657 3914 μονάδα
1687 3861 1957 3914 μετασχη-

387 3939 714 4016 ματίζεσθαι
749 3940 886 4012 βίον.
910 3938 1031 3992 Τῶν
1062 3937 1313 4009 μέντοιγε
1343 3935 1442 4005 τὴν
1476 3934 1810 4006 κακουργίαν
1855 3952 1957 3987 πει

383 4036 698 4107 ποιημένων
739 4033 1006 4102 ἀμέτοχος
1048 4026 1305 4092 καθάπαξ
1337 4026 1628 4097 ὑπάρχων,
1663 4027 1758 4080 καὶ
1791 4026 1956 4096 μηδὲν

384 4130 520 4200 πρὸς
547 4127 646 4198 τὴν
675 4125 776 4195 τῆς
809 4123 1068 4193 γυναικὸς
1098 4119 1392 4189 ἐπιϐουλὴν
1429 4118 1462 4189 ἢ
1509 4118 1886 4188 αὑτουργήσας
1920 4118 1954 4188 ἢ

383 4223 562 4285 ἄλλοις
579 4217 1038 4292 πονηρευομένοις
1063 4213 1494 4282 συνδιεγνωκὼς,
1518 4214 1784 4284 κρείττων
1805 4213 1957 4266 ἔσται

384 4320 477 4370 καὶ
506 4311 780 4385 τιμωρίας
820 4309 917 4363 καὶ
971 4307 1174 4377 ζημίας
1202 4307 1270 4370 ⁸⁸,
1298 4307 1393 4359 καὶ
1421 4306 1560 4375 μετά
1598 4302 1957 4375 παραδρομὴν

2066 482 2198 535 sint:
2212 496 2395 535 verum
2424 496 2532 534 non
2551 487 2720 546 recte,
2735 496 2915 550 neque
2931 484 3233 538 secundum
3255 485 3500 541 divinum
3518 503 3644 557 pro-

2066 573 2304 641 positum
2324 572 2412 626 hic
2432 573 2739 627 inmedium
2772 572 3159 630 aﬂ'eruntur.Si
3183 578 3329 632 enim
3357 579 3642 634 matrimo-

2067 665 2220 720 nium
2246 664 2404 718 talem
2425 674 2628 721 statum
2649 665 3359 739 conservaret,qualemejus
3372 670 3423 726 in
3437 670 3643 741 princi-

2069 753 2160 824 pio
2186 753 2431 822 pronuba
2460 755 3088 824 exhibuisset,quisquis
3119 760 3643 831 separaret,impro-

2068 844 2172 900 bus
2203 846 2450 915 profecto
2477 855 2649 910 esset,
2693 861 2871 916 neque
2921 847 3409 915 reprehensionem
3439 850 3642 924 eﬂ‘uge—

2069 947 2190 1003 ret;
2218 937 2330 1009 jam
2357 953 2489 993 vero
2512 952 2636 992 cum
2667 953 2778 1008 prae
2827 939 3014 994 furore
3068 955 3137 996 ne
3188 955 3380 998 vocem
3419 945 3643 1014 quidem

2070 1027 2362 1082 humanam
2390 1043 2420 1081 a
2447 1029 2674 1084 muliere
2702 1029 2914 1096 audias,
2944 1031 3146 1086 nedum
3167 1032 3314 1088 aliud
3337 1035 3643 1108 quidquam

2069 1129 2282 1183 eorum,
2312 1132 2434 1188 quae
2472 1119 2540 1173 ad
2574 1118 3038 1175 oblectamentum
3074 1131 3128 1176 et
3162 1121 3496 1179 hilaritatem
3521 1141 3644 1180 ma-

2071 1207 2394 1267 trimonium
2455 1210 2709 1281 largitur,
2759 1212 2828 1266 ab
2872 1211 2965 1265 illa
3019 1213 3292 1282 ohtineas,
3339 1216 3468 1286 quis
3506 1217 3646 1272 adeo

2069 1297 2330 1353 acerbum
2356 1299 2804 1370 horrendumque
2828 1301 3238 1357 matrimonium
3261 1304 3520 1359 dirimere
3548 1323 3645 1361 nu-

2069 1387 2132 1442 lit
2159 1389 2182 1441 2

2140 1482 2215 1536 Ea
2251 1492 2468 1553 propter
2498 1483 2801 1550 sancimus,
2839 1493 2917 1548 ut,
2948 1483 2995 1540 si
3023 1485 3240 1554 quando
3273 1495 3395 1554 post
3438 1487 3642 1543 initum

2070 1573 2480 1628 matrimonium
2509 1573 2709 1626 mulier
2761 1574 2817 1627 in
2855 1574 3097 1629 furorem
3152 1575 3378 1640 incidat,
3408 1575 3472 1630 ad
3530 1587 3642 1634 tres

2070 1678 2245 1718 annos
2285 1663 2650 1717 infortunium
2705 1664 2937 1718 maritus
2986 1665 3146 1730 ferat,
3207 1666 3642 1737 mmstitiamque

2068 1755 2301 1810 toleret:
2339 1762 2394 1808 et
2426 1754 2535 1808 nisi
2569 1755 2777 1808 interea
2821 1755 3082 1824 temporis
3112 1755 3180 1809 ab
3216 1755 3322 1809 isto
3377 1759 3522 1812 malo
3550 1759 3643 1816 illa
3726 1749 3730 1754 ’

2067 1845 2351 1911 liberetur,
2381 1860 2560 1914 neque
2592 1846 2660 1899 ad
2697 1857 2932 1901 mentem
2965 1845 3173 1911 redeat,
3206 1855 3338 1902 tunc
3361 1851 3644 1906 matrimo~

2067 1937 2218 1991 nium
2250 1936 2564 2003 divellatur,
2591 1937 2934 2006 maritusque
2963 1935 3031 1990 ab
3061 1927 3396 1995 intolerabili
3437 1939 3530 1995 illa
3549 1955 3643 1996 ca-

2070 2026 2313 2080 lamitate
2343 2037 2686 2082 exoneretur.
2730 2026 2832 2082 Cui
2875 2029 3146 2083 sanctioni
3197 2029 3304 2084 hoc
3350 2030 3642 2100 adjicimus

2070 2127 2129 2172 ut
2170 2118 2371 2172 furoris
2416 2133 2582 2173 causa
2615 2119 2996 2189 imesligetur,
3033 2120 3087 2174 in
3129 2134 3360 2191 eamque
3392 2124 3641 2192 inquira-

2063 2217 2195 2273 tur,
2237 2225 2367 2264 num
2429 2211 2567 2266 forte
2625 2211 2830 2272 mariti.
2887 2221 2980 2266 aut
3029 2211 3148 2281 ipso
3203 2214 3426 2269 conscio
3477 2213 3640 2268 fami-

2063 2302 2280 2356 liarium
2309 2303 2432 2372 ejus
2466 2303 2768 2357 aliorumve
2793 2303 3166 2372 quorumlibet
3227 2304 3443 2358 technis
3473 2313 3638 2373 atque

2063 2391 2189 2447 dolo
2221 2393 2293 2448 sit
2322 2391 2614 2448 conﬂatus.
2651 2391 2807 2458 Quod
2833 2394 2878 2447 si
2915 2394 2992 2446 sic
3019 2407 3143 2447 esse
3169 2392 3635 2462 deprehendatur,

2063 2492 2117 2537 et
2145 2483 2364 2554 quidem
2385 2486 2613 2538 maritus
2634 2483 2848 2553 (18-21)
2873 2484 3120 2538 maleﬁcii
3142 2495 3442 2556 arguatur:
3473 2495 3530 2538 ut
3550 2484 3640 2539 hic

2063 2571 2121 2626 in
2188 2572 2516 2627 monachum
2568 2571 3020 2638 transformatus,
3073 2573 3383 2643 nolensque
3445 2575 3639 2628 volens

2063 2663 2399 2717 monasterio
2454 2663 2728 2727 inclusus,
2782 2663 3045 2733 nequitiae
3103 2678 3217 2718 suae
3247 2679 3438 2734 pugnas
3502 2665 3636 2728 luat,

2065 2755 2423 2824 manantique
2473 2770 2538 2809 ex
2595 2754 2770 2810 sacris
2804 2754 3115 2809 canonihus
3137 2756 3334 2810 anima:
3361 2757 3639 2812 curationi

2065 2846 2347 2915 subjectus
2382 2846 2474 2907 sit,
2506 2845 2880 2901 decernimus.
2915 2847 2979 2899 At
3009 2845 3056 2900 si
3095 2860 3126 2898 α
3157 2847 3410 2916 cognatis
3441 2846 3636 2915 ipsius,

2066 2946 2162 2992 aut
2184 2938 2404 2992 aliunde
2462 2939 2582 3007 ipso
2611 2939 2838 2993 conscio
2875 2951 3022 2992 noxa
3061 2947 3181 2992 orta
3236 2938 3329 3003 sit,
3362 2938 3640 2994 maleﬁcos

2064 3031 2244 3101 pmnis
2317 3031 2581 3100 legalibus
2636 3031 2834 3100 subjici
2902 3031 3187 3100 jubemus,
3267 3031 3641 3102 maritumque

2069 3123 2251 3192 ipsum
2298 3123 2376 3176 rei
2421 3121 2708 3176 familiaris
2765 3120 3242 3176 administratione
3290 3120 3514 3188 privari,
3579 3129 3640 3175 ut

2060 3211 2382 3267 insidiarum
2411 3228 2547 3282 quas
2569 3213 2758 3267 alienae
2798 3212 2919 3266 vitae
2943 3210 3166 3275 struxit,
3197 3210 3289 3265 det
3317 3225 3528 3280 poenas,
3559 3211 3636 3267 ita

2060 3312 2120 3358 ut
2146 3319 2241 3375 per
2266 3305 2530 3376 reliquam
2559 3305 2724 3358 vitam
2749 3303 3022 3358 connubio
3051 3318 3110 3357 se
3138 3301 3432 3368 abstineat,
3458 3309 3512 3358 et
3541 3302 3634 3358 ubi

2058 3395 2334 3450 contraire
2350 3394 2726 3458 aususl’uerit,
2760 3393 2824 3447 ad
2851 3392 3098 3448 caelibem
3124 3390 3292 3445 vitam
3319 3391 3402 3446 vel
3432 3392 3635 3449 invitus

2059 3487 2356 3557 redigatur.
2405 3486 2500 3541 Sin
2551 3495 2732 3540 autem
2780 3485 3004 3540 sceleris
3037 3483 3316 3538 commissi
3360 3485 3634 3555 particeps

2061 3593 2169 3632 non
2193 3588 2300 3642 est,
2337 3577 2382 3631 si
2411 3577 2599 3631 uxoris
2645 3577 2768 3631 vitae
2803 3575 2936 3630 nihil
2987 3573 3278 3630 insidiatus
3305 3583 3410 3638 est,
3453 3589 3634 3646 neque

2061 3667 2129 3721 iis
2159 3666 2251 3736 qui
2288 3667 2334 3720 ei
2371 3666 2606 3721 insidias
2649 3674 2936 3735 pararunt,
2963 3666 3222 3722 conscius
3269 3675 3378 3730 est,
3412 3682 3631 3737 poenam

2060 3758 2295 3828 patietur
2339 3758 2568 3824 nullam,
2617 3757 2726 3812 imo
2771 3765 2894 3828 post
2953 3758 3172 3814 tertium
3235 3760 3360 3816 inde
3390 3776 3420 3815 a
3451 3761 3635 3815 soluto

2061 3849 2412 3903 matrimonio
2479 3864 2682 3903 annum
2726 3864 2865 3904 novo
2916 3865 2976 3906 se
3013 3851 3359 3907 matrimonio
3404 3853 3638 3924 iungere

2062 3939 2282 4008 impune
2316 3940 2536 4009 poterit.
2583 3938 2774 3994 Trium
2837 3940 3063 4010 proinde
3103 3942 3322 3996 illorum
3364 3957 3636 3998 annorum

2062 4030 2176 4084 haec
2213 4031 2320 4086 erit
2357 4030 2519 4083 ratio.
2553 4030 2738 4084 Primo
2765 4030 2986 4100 quidem
3029 4046 3174 4087 anno
3220 4033 3366 4088 vivet
3398 4040 3454 4086 et
3483 4031 3638 4087 habi-

2061 4121 2196 4174 tahit
2223 4135 2348 4175 cum
2375 4119 2612 4190 conjuge
2630 4120 2851 4186 misera,
2878 4121 2952 4175 ita
2969 4121 3187 4191 quidem
3212 4121 3425 4193 utlnihil
3453 4121 3635 4176 inten-

2061 4219 2234 4266 tatum
2270 4213 2544 4283 relinquat
2564 4213 2708 4283 quod
2733 4214 2992 4283 adipsius
3022 4215 3363 4269 sanationem
3383 4213 3636 4270 conferre

2063 4305 2262 4375 possit.
2309 4303 2539 4360 Biennio
2593 4305 2867 4374 sequenti,
2913 4305 2959 4360 si
3005 4306 3230 4360 morbus
3293 4305 3636 4360 medicorum

381 4408 476 4461 τοῦ
499 4407 684 4478 τρίτου
712 4403 863 4466 ἔτους
897 4400 1152 4469 λυθείσης
1203 4400 1302 4469 τῆς
1338 4396 1622 4465 συζυγίας,
1662 4394 1954 4458 ἀκωλύτως

2064 4399 2167 4451 arti
2223 4397 2455 4462 resistit,
2498 4395 2786 4465 conjugem
2832 4395 3338 4465 poteritdeserere,
3379 4394 3631 4450 caelibem

383 4501 518 4566 πρὸς
579 4499 757 4568 γάμον
817 4494 976 4549 ἄλλον
1043 4488 1417 4543 συναπτέσθω.
1475 4489 1719 4556 Λήψεται
1772 4486 1829 4540 δὲ
1894 4487 1956 4539 τὸ

382 4591 489 4644 τῶν
521 4589 688 4660 τριῶν
721 4586 858 4639 ἐτῶν
886 4581 1143 4651 τοιαύτην
1165 4579 1286 4633 τινὰ
1309 4577 1772 4649 τῷπαραμένοντι
1803 4577 1957 4648 ἀνδρί⁵

382 4682 480 4751 τὴν
511 4679 864 4734 κατάστασιν.
921 4676 996 4728 Τὸ
1049 4674 1149 4744 μὲν
1192 4667 1284 4725 οὖν
1324 4671 1382 4724 ἓν
1419 4671 1537 4734 ἔτος
1568 4671 1611 4702 ³⁷
1643 4670 1957 4724 συνδιαιτῶν

383 4778 476 4828 καὶ
521 4770 785 4826 συνοικῶν
839 4769 934 4822 καὶ
986 4762 1692 4833 συνδιαταλαιπωρούμενος
1739 4763 1831 4816 καὶ
1859 4761 1959 4832 τὴν

382 4866 740 4935 ὀφειλομένην
792 4863 936 4916 ἴασιν
994 4859 1130 4929 πρὸς
1183 4857 1327 4910 ἴασιν
1388 4855 1482 4909 τοῦ
1556 4856 1758 4908 οἰκείου
1809 4856 1956 4926 πάσῃ

2061 4489 2226 4542 vitam
2257 4498 2506 4543 acturus.
2528 4485 2634 4543 Ubi
2670 4499 2849 4542 autem
2881 4487 3042 4542 tertio
3071 4501 3292 4557 quoque
3321 4501 3468 4541 anno
3483 4500 3634 4540 mor-

2066 4580 2170 4636 bus
2230 4596 2337 4634 non
2376 4579 2624 4644 cessarit,
2667 4578 2735 4633 ad
2788 4577 3058 4634 secundas
3131 4591 3357 4648 pergere
3410 4575 3632 4643 nuptias

2062 4672 2285 4744 poterit.
2343 4669 2407 4723 Et
2464 4669 2578 4723 haec
2644 4669 2866 4740 quidem
2927 4669 2996 4723 de
3045 4668 3282 4723 divortio
3333 4665 3634 4734 alterisque

2061 4765 2292 4836 nuptiis.
2316 4763 2470 4830 Quod
2493 4763 2538 4817 si
2559 4763 2752 4819 mulier
2773 4762 2979 4818 furiosa
3001 4769 3252 4832 parentes
3274 4759 3468 4812 haheat
3493 4769 3632 4809 con-

2061 4858 2402 4922 sobrinosve,
2423 4853 2489 4908 ad
2515 4854 2681 4910 hosce
2701 4854 3032 4926 perducetur
3063 4859 3249 4921 utpote
3277 4849 3397 4920 ejus
3422 4855 3632 4903 tutores

1686 5011 1917 5066 VARIAE
1963 5011 2365 5068 LECTIONES.

455 5197 704 5253 "Zuich.
737 5195 957 5251 Met-rm.
993 5193 1088 5248 καὶ
1119 5191 1288 5262 παρὰ.
1320 5188 1473 5242 llaud
1502 5190 1682 5258 inepte
1754 5189 1801 5221 ³³
1830 5189 1984 5262 Agyl.
2016 5193 2065 5243 εἰ
2103 5191 2201 5259 μέν
2233 5191 2346 5262 vult
2371 5188 2494 5262 legi.

2581 5187 2626 5216 ⁵⁸
2658 5181 2809 5254 Apud
2839 5181 3074 5254 Scrimg.
3094 5173 3383 5254 sequentia
3406 5169 3626 5254 desunt.

387 5241 1432 5339 “etth‘lecrin‘”
1473 5241 1686 5339 quifea
1717 5241 2504 5339 porriciam;ﬁirangcyherg’io
2535 5263 2674 5311 teste
2705 5241 3058 5309 'ititet'calatft
3094 5241 3330 5302 Novella:
3356 5241 3620 5314 sequenti.

387 5328 891 5408 συιὶριιιι.δυνατάν.
942 5335 988 5365 ιθ
1022 5334 1170 5389 Codd
1203 5331 1471 5401 τιμωρίαν
1521 5328 1614 5381 και
1656 5328 1880 5400 ζημίαν.
1972 5330 2014 5361 ’τ

2057 5328 2226 5382 Fonte
2267 5329 2436 5380 ἔσται.

1904 5488 2136 5544 ΝΟΤίΕ.

461 5641 665 5713 (18-9!)
698 5638 847 5693 Adde
879 5635 1012 5692 Nov.
1044 5634 1134 5704 22,
1168 5651 1216 5690 c.
1283 5631 1370 5692 '15,
1403 5631 1428 5700 ξ
1463 5633 1506 5696 ι.
1533 5631 1586 5692 5,
1631 5630 1666 5685 l.
1699 5630 1750 5686 [Γ.
1785 5631 1848 5685 ad
1889 5631 1924 5685 l.
1958 5629 2123 5685 Corn.
2161 5627 2232 5683 De
2275 5625 2526 5691 Sicariis,
