4100 6226
448 306 549 374 651

1676 296 1950 357 LEONIS
1989 296 2449 359 PHILOSOPIII

3590 294 3694 359 652

451 415 638 489 largiri
736 413 1025 486 cogitans,
1120 409 1437 480 pudicitiam
1543 407 2018 479 indissolubilique

2121 413 2187 481 τῇ
2206 411 2475 481 μνηστείᾳ
2501 408 2820 481 χωρίζεσθαι
2839 378 3216 479 διανοουμένη.
3249 407 3602 477 σωφροσύνην
3624 409 3697 473 τι»⁹

444 506 683 579 quodam
719 507 924 559 amoris
958 502 1177 557 vinculo
1203 503 1465 571 conjuges
1511 496 1852 563 devinciens,
1886 512 2014 568 pro-

443 596 789 668 pagationem
825 593 1063 665 generis,
1110 592 1229 647 etsi
1261 591 1394 662 quid
1426 590 1574 646 aliud
1606 590 2017 645 matrimonium

440 686 744 760 jucundum
772 685 971 749 reddit,
1005 690 1317 739 consecrat.
1339 684 1407 736 At
1425 682 1622 747 furori,
1646 697 1856 753 qumso,
1883 697 2022 751 quo—

444 781 608 836 modo
638 793 759 834 cum
792 777 894 831 hoc
939 775 1199 831 sacriﬁcii
1235 774 1522 844 proposito
1555 773 1886 828 conveniat?
1919 771 2021 827 Ubi

353 934 356 938 ,
443 870 588 926 enim
625 866 904 938 pudicitiae
954 865 1261 937 integritas,
1314 865 1533 935 quando
1572 880 1726 919 mens
1782 865 2020 934 seipsam

444 974 557 1015 non
594 959 763 1022 novit,
823 957 1267 1025 miserabilisque
1318 955 1651 1027 ignorantia:
1719 954 2022 1009 infortunio

444 1048 750 1119 premitur?
783 1046 935 1102 Unde
964 1061 1093 1102 vero
1134 1049 1457 1118 propagatio
1483 1046 1702 1117 generis
1744 1057 2018 1116 speretur,

442 1156 567 1196 cum
606 1139 761 1194 furor
790 1140 1170 1209 spectaculum
1219 1140 1339 1195 solo
1394 1148 1620 1209 aspectu
1683 1138 2018 1194 horrendum

441 1232 657 1286 misera:
697 1232 854 1286 uxori
883 1230 1227 1286 miseriorem
1258 1230 1515 1285 maritum
1535 1231 1780 1296 exhibet,
1812 1230 2016 1285 nedum

441 1323 546 1393 ipsi
570 1339 691 1377 cum
719 1323 811 1379 illo
828 1322 1278 1377 consuetudinem
1316 1322 1518 1378 habere
1539 1321 1842 1394 permittit?
1862 1322 2019 1388 Quali

441 1428 607 1482 porro
669 1412 875 1468 amoris
930 1411 1149 1466 vinculo
1198 1411 1565 1481 colligentur,
1618 1427 1741 1466 eum
1798 1414 2022 1469 morbus

441 1504 757 1559 universum
772 1503 1045 1557 hominem
1060 1501 1336 1567 el'ferat,et
1356 1513 1409 1555 ut
1425 1503 1644 1572 quidvis
1666 1503 2020 1572 potiusquam

441 1596 606 1652 homo
636 1597 903 1661 videatur,
951 1594 1132 1650 cﬂicit.
1160 1593 1237 1648 Ae
1280 1594 1526 1664 proiecto
1558 1595 1603 1648 si
1640 1594 1779 1650 forte
1810 1612 1875 1648 ex
1911 1603 2020 1648 tam

442 1688 785 1754 infortunato
805 1686 1078 1739 connubio
1111 1682 1250 1740 fetus
1275 1685 1484 1755 (32—33)
1506 1685 1557 1739 in
1582 1688 1754 1741 lucem
1775 1687 2017 1756 prodeat,

440 1794 567 1834 eum
599 1787 790 1833 natura
820 1777 1033 1832 fruetus
1077 1777 1242 1833 rebus
1275 1788 1333 1831 ut
1382 1777 1676 1848 plurimum
1712 1778 2019 1835 assimilare

440 1869 639 1934 soleat,
692 1868 964 1937 quomodo
994 1883 1099 1922 non
1127 1867 1219 1923 hic
1242 1867 1359 1937 ipse
1403 1866 1545 1922 fetus
1572 1867 1811 1923 humano
1830 1868 2017 1939 generi

442 1973 737 2014 commune
764 1958 1149 2014 detrimentum
1191 1958 1419 2014 an‘eret?
1446 1956 1570 2012 Mihi
1600 1959 1767 2027 igitur
1799 1967 2020 2031 propter

443 2052 564 2107 hinc
601 2053 787 2117 etiam,
823 2051 1232 2105 matrimonium
1288 2060 1409 2119 post
1461 2050 1667 2105 furoris
1715 2052 2020 2121 correptio-

441 2155 565 2195 nem
592 2140 912 2196 solvendum
946 2154 1069 2196 esse
1099 2141 1456 2204 constituere,
1474 2138 1684 2208 justum
1713 2139 2019 2209 rationique

441 2245 567 2285 esse
590 2239 1049 2298 consentaneum,
1109 2246 1288 2300 neque
1314 2229 1381 2285 ad
1440 2230 1877 2300 reprobationcm
1905 2246 2019 2285 ma-

440 2322 773 2376 trintonialis
800 2320 1222 2386 benedictionis,
1246 2337 1422 2392 neque
1454 2322 1521 2376 ad
1548 2322 1697 2376 aliud
1722 2323 2014 2393 quodpiam

441 2413 651 2467 crimen
703 2428 929 2484 vergere
959 2414 1136 2469 visum
1191 2423 1296 2469 est.
1354 2413 1509 2480 Quod
1542 2413 1590 2467 si
1628 2414 1754 2483 quis
1780 2415 2019 2469 sanctio-

443 2517 567 2557 nem
596 2518 624 2556 a
654 2502 887 2558 crimine
922 2518 1029 2558 non
1060 2503 1275 2569 liberet,
1306 2504 1395 2557 hic
1416 2503 1558 2571 apud
1581 2518 1641 2558 se
1675 2503 1869 2556 furiosi
1905 2519 2019 2556 nia-

443 2594 688 2650 trimonii
724 2595 961 2650 utilitate
1005 2610 1268 2665 expensa,
1325 2602 1592 2665 quantum
1639 2593 1898 2649 momenti
1924 2594 2017 2664 ju-

441 2683 646 2741 dicium
679 2701 838 2740 suum
866 2685 1084 2746 haheat,
1117 2695 1431 2754 cognoscet.

871 2775 1337 2831 CONSTITUTIO
1367 2774 1549 2831 CXIII.

451 2866 975 2940 ("quemadmodum
1002 2868 1238 2940 indutiis
1300 2870 1585 2940 structuris
1641 2871 1750 2940 lege
1802 2880 2018 2923 cautum

514 2947 592 2989 est
619 2954 640 2991 :
663 2939 739 2991 ita
765 2940 923 2990 etiam
944 2938 1265 2990 subdialium
1317 2938 1745 2992 ambulacrurunt
1781 2952 2018 2993 structu-

518 3022 615 3067 ηε,
639 3023 754 3077 qua:
770 3008 972 3061 salaria
1017 3009 1127 3079 (54)
1158 3009 1516 3074 appellantur,
1549 3010 1724 3066 decem
1739 3008 1958 3079 pedibus
1985 3029 2018 3066 a

517 3078 811 3133 uicinorum
844 3079 1088 3147 wdiﬁciis
1120 3080 1335 3132 distent.

516 3255 649 3322 Quae
692 3264 904 3311 veteres
959 3256 1027 3308 de
1085 3253 1344 3307 domuum
1392 3261 1447 3308 et
1491 3254 1694 3323 alioqui
1747 3256 2018 3325 parietum

443 3346 741 3403 structuris
769 3355 1097 3407 tractavero,
1136 3344 1374 3413 perbelle
1396 3345 1489 3398 illa
1520 3360 1579 3401 se
1604 3346 1825 3413 habent,
1852 3356 1905 3401 et
1939 3348 2021 3401 vi-

444 3437 571 3492 cina
606 3436 835 3491 aedilicia
878 3436 1066 3492 decem
1092 3435 1205 3505 (55)
1238 3436 1384 3491 inter
1449 3451 1509 3491 se
1548 3438 1781 3507 pedibus
1813 3439 2022 3495 distare

444 3528 669 3594 debere,
699 3529 768 3582 ab
809 3527 1003 3583 iisdem
1062 3537 1211 3582 recte
1262 3528 1628 3584 constitutum
1673 3537 1779 3584 est.
1822 3529 2019 3585 Verum

445 3619 704 3689 quoniam
728 3618 799 3674 de
822 3618 1166 3674 subdialibus
1203 3618 1767 3684 deainbulationihus,
1794 3631 1849 3678 et
1882 3638 2022 3692 quo—

446 3716 613 3770 modo
640 3714 838 3785 aliquis
870 3715 1103 3769 fortasse
1132 3721 1288 3768 vocet
1323 3715 1628 3783 prosccniis
1650 3718 2021 3784 spectatoriis,

445 3824 569 3877 quae
600 3798 666 3861 ad
695 3806 977 3876 apricandi
1006 3822 1186 3868 usum,
1221 3815 1274 3859 et
1302 3820 1427 3859 cuin
1463 3805 1682 3874 quidem
1718 3808 1895 3863 solum
1928 3826 2025 3863 ex-

445 3899 684 3966 cogitata
719 3904 871 3958 sunt,
898 3906 1061 3965 atque
1102 3911 1130 3949 a
1153 3896 1269 3951 sole
1294 3910 1491 3951 nomen
1552 3910 1881 3967 acceperunt
1914 3901 2025 3968 (so-

446 3986 583 4042 larla
628 3988 773 4042 enim
795 3987 1162 4056 appellantur)
1204 3988 1259 4041 in
1295 3988 1412 4057 lege
1440 3988 1587 4042 nulla
1620 3991 1824 4045 mentio
1858 3991 2023 4056 facta,

446 4078 695 4148 nihilque
750 4079 1112 4133 constitutum
1167 4086 1253 4134 est
1308 4097 1323 4134 :
1375 4079 1594 4135 decreto
1646 4082 1793 4149 quod
1823 4082 1889 4137 de
1918 4085 2026 4139 illis

449 4177 678 4233 statuat,
739 4184 971 4240 quaeque
1010 4169 1263 4231 subinde,
1292 4180 1352 4223 ut
1377 4169 1673 4225 verisimile
1697 4179 1803 4233 est,
1834 4172 1903 4227 de
1927 4173 2026 4228 iis-

446 4261 570 4318 dem
611 4261 995 4317 contentiones
1028 4270 1333 4331 emergunt,
1355 4261 1598 4327 dirimat,
1625 4278 1765 4329 opus
1796 4272 1903 4317 est.

496 4349 1113 4423 Decernimusigitur,ut
1127 4362 1180 4407 et
1200 4353 1680 4417 inhisstructuris,
1700 4355 2023 4409 salariorum

447 4456 665 4510 nempe,
718 4442 863 4498 inter
895 4444 1107 4498 vicinos
1131 4453 1343 4497 tantum
1370 4443 1727 4498 iuterstitium
1750 4456 2021 4511 servetur,

448 4545 712 4602 quantum
747 4539 801 4589 in
838 4534 960 4590 aliis
981 4535 1346 4590 constitutum
1375 4544 1480 4590 est.
1512 4534 1726 4592 Etenim
1757 4539 2024 4606 quemad-

449 4625 667 4678 modum
705 4626 758 4679 in
806 4626 912 4680 illis
958 4635 1286 4694 conspectus
1334 4627 1662 4696 prohibendi
1723 4642 1891 4682 causa
1927 4628 2025 4683 de-

450 4727 568 4769 cem
604 4715 715 4786 (36)
744 4717 943 4786 pedum
980 4717 1334 4772 interstitium
1355 4726 1623 4773 statutum
1653 4728 1737 4775 est
1782 4738 1795 4775 :
1830 4720 1905 4773 ita
1931 4718 2021 4774 hic

2123 504 2387 573 ἀρῤήκτῳ
2416 503 2523 555 τινὶ
2551 500 2733 573 δεσμῷ
2754 501 2979 571 φίλτρου
3011 499 3300 553 συνδέουσα
3335 499 3695 569 ἀμφοτέρους,

2123 598 2313 666 γένους
2346 596 2594 667 διαδοχὴν
2651 595 2746 648 καὶ
2777 595 2831 647 εἷ
2873 612 2924 647 τι
2950 593 3136 662 ἕτερον
3169 590 3353 662 ἡδύνει
3389 590 3481 643 τὸν
3519 590 3699 660 γάμον

2122 688 2359 740 τελεῖται
2385 704 2399 716 ·
2441 686 2605 756 μανία
2632 686 2686 739 δὲ
2709 686 2823 748 πῶς
2858 683 2923 739 ἂν
2956 682 3033 752 τῷ
3062 680 3250 752 σκοπῷ
3282 681 3577 749 συνδραμοι
3598 682 3699 749 τῆς

2122 779 2375 848 τοιαύτης
2400 778 2622 848 τελετῆς
2648 776 2792 844 ;Ποῦ
2824 777 2933 847 γὰρ
2965 773 3318 845 σωφροσύνης
3345 771 3695 841 τὸοκαθαρὸν,

2127 873 2202 942 μή
2233 869 2325 923 τοῦ
2363 868 2454 923 νοῦ
2486 869 2843 937 γινώσκοντος
2887 866 3100 929 ἐαυτὸν,
3130 864 3244 919 ἀλλ’
3290 865 3511 932 ἄγνοιαν
3528 864 3696 917 ἐλεει-

2123 963 2221 1033 νὴν
2267 960 2737 1031 δυστυχοῦντοςςν
2767 958 2962 1020 Γένους
3013 957 3071 1010 δέ
3144 956 3307 1008 πόθεν
3362 958 3394 1025 ή
3455 955 3695 1025 διαδοχὴ,

2124 1053 2353 1126 φρικτὸν
2381 1053 2562 1123 θέαμα
2590 1053 2683 1105 καί
2716 1052 2874 1122 μόνον
2907 1049 3034 1103 ἰδεῖν
3068 1052 3134 1119 τῇ
3170 1047 3331 1117 ἀθλία
3363 1049 3571 1117 μνηστῇ
3604 1046 3696 1099 τὸν

2122 1145 2451 1216 ἀθλιώτερον
2472 1144 2756 1215 μνηστῆρα
2784 1142 2882 1212 τῆς
2915 1140 3110 1212 μανίας
3153 1137 3691 1207 παρεσκευαζούσης,

2127 1236 2204 1309 μή
2232 1237 2313 1290 ὃτι
2347 1252 2411 1304 γε
2444 1233 2719 1288 συνελθεῖν
2775 1231 2924 1302 αὐτῷ
2977 1231 3114 1302 πρὸς
3143 1230 3360 1298 ὁμιλίαν
3387 1245 3696 1299 προτρεπο-

2126 1331 2327 1400 μένης;
2365 1326 2511 1398 Ποίῳ
2546 1327 2591 1379 δ’
2622 1325 2688 1379 ἂν
2741 1324 2966 1395 φίλτρου
3015 1322 3201 1392 δεσμῷ
3254 1322 3571 1387 συνδεθεῖεν,
3597 1321 3695 1373 τοῦ

2124 1421 2333 1483 πάθους
2353 1419 2471 1472 ὅλον
2500 1416 2920 1487 ἀποθηριοῦντος
2953 1414 3043 1468 τὸν
3063 1413 3369 1483 ἄνθρωπον,
3394 1412 3488 1465 καὶ
3518 1412 3692 1465 πάντα

2128 1508 2382 1582 μᾶλλονῆ
2418 1507 2704 1580 ἄνθρωπον
2734 1502 3191 1574 ἐπιγινώσκεσθαι
3226 1501 3590 1566 διατιθέντοςς
3628 1500 3693 1553 Εἰ

2124 1602 2303 1673 δ’ἇρα
2349 1600 2478 1653 ποτὲ
2535 1599 2631 1651 καὶ⁸
2660 1597 2822 1667 γονὴν
2876 1595 2934 1660 ἐξ
2980 1595 3123 1647 οὕτω
3176 1594 3355 1663 γάμου
3401 1590 3699 1661 δυστυχοῦς

2124 1695 2313 1763 ὄψεται
2362 1691 2534 1762 ἥλιος,
2590 1689 2706 1753 πῶς
2759 1689 2819 1741 οὐ
2861 1687 3014 1755 κοινὴ
3046 1684 3215 1755 βλάϐη
3250 1682 3329 1753 τῷ
3370 1680 3701 1751 ἀνθρωπίνῳ

2050 1751 2093 1806 Β
2256 1751 2534 1853 ήτοίαύτη
2559 1751 2727 1849 γονήής
2750 1777 2881 1830 διότι
2939 1751 3322 1844 συνεξομοιοῦν
3355 1767 3498 1824 οἶδεν
3524 1772 3557 1838 ή
3592 1770 3700 1840 φύ-

2132 1893 2215 1939 σις
2263 1875 2376 1937 τοῖς
2434 1872 2754 1943 πράγμασιν
2800 1869 2875 1933 ὡς
2930 1868 3023 1920 ἐπὶ
3081 1866 3218 1919 πολὺ
3249 1864 3374 1925 τοὺς
3426 1861 3696 1941 καρπούς.

2141 1968 2295 2038 Ἐμοὶ
2330 1966 2426 2036 μὲν
2453 1962 2546 2018 οῦν
2576 1964 2673 2016 καὶ
2720 1960 2808 2015 διὰ
2859 1958 3033 2013 ταῦτα
3082 1957 3293 2011 δίκαιον
3320 1952 3572 2023 ἐλογίσθη
3599 1952 3699 2006 καὶ

2126 2059 2369 2127 εὔλογον,
2421 2055 2514 2111 καὶ
2568 2053 2691 2108 οὔτε
2743 2052 2879 2123 πρὸς
2903 2050 3160 2120 ἀθέτησιν
3186 2049 3286 2117 τῆς
3326 2044 3700 2116 συναπτηρίου

2125 2151 2375 2220 εὐλογίας
2406 2147 2529 2203 οὔτε
2560 2147 2696 2217 πρὸς
2752 2145 2877 2199 ἄλλο
2910 2162 2964 2197 τι
3019 2142 3295 2211 ἔγκλημα,
3328 2139 3389 2191 τδ
3439 2136 3699 2191 θεσπίσαι

2122 2248 2224 2315 τὴν
2243 2243 2338 2298 τοῦ
2375 2243 2552 2312 γάμου
2586 2240 2726 2311 μετὰ
2754 2239 2854 2310 τὴν
2882 2237 2981 2309 τῆς
3026 2236 3219 2307 μανίας
3241 2233 3400 2305 λῆψιν
3428 2230 3696 2315 διάλυσιν.

2124 2314 2188 2390 Εί
2217 2337 2275 2389 δέ
2300 2353 2381 2398 τις
2412 2334 2594 2396 αἰτίας
2657 2332 2758 2385 οὐκ
2805 2328 3031 2384 ἀπολύει
3081 2327 3143 2380 τὸ
3193 2326 3471 2392 θέσπισμα
3492 2362 3506 2385 ,
3539 2314 3699 2383 οὗτος

2126 2427 2247 2482 καθ’
2274 2426 2467 2481 ἐαυτὸν
2533 2425 2854 2493 ἐπιστήσας,
2886 2421 2980 2474 καὶ
3001 2420 3099 2491 τὴν
3140 2418 3204 2471 ἐκ
3249 2414 3346 2471 τοῦ
3392 2410 3698 2485 μεμηνότος

2126 2522 2305 2590 γάμου
2366 2518 2706 2587 κατανοήσας
2760 2514 3049 2584 ὠφέλειαν,
3102 2512 3307 2566 εἴσεται
3346 2509 3445 2580 τὴν
3488 2506 3699 2562 οἰκείαν

2127 2614 2305 2684 κρίσιν
2325 2612 2514 2676 ὁποίας
2546 2610 2712 2681 τιμῆς
2742 2608 2869 2674 ἀξία
2904 2605 3264 2676 καθέστηκεν.

2670 2786 2982 2843 ΔΙΑΤΔΞΙΣ
3006 2784 3153 2841 PII".

2126 2862 2265 2955 Περὶ
2330 2883 2437 2937 τοῦ
2488 2880 2585 2955 καὶ
2705 2879 2828 2955 τοῖς
2862 2873 3281 2955 -ρζροσίιηιςίοις
3324 2865 3699 2955 κατασκευα-

2197 2939 2447 3022 imaque,
2481 2951 2519 3005 ᾶ
2539 3021 2542 3022 ν
2560 2950 2675 3017 τὴν
2702 2939 3126 3022 τῶῇ-ἢλιηκῶνί
3142 2941 3485 3022 ἐπωνυμίαν
3505 2939 3697 3022 φέρει,

2341 3008 2458 3077 τῶκ
2520 3008 2667 3075 δέκα
2694 3008 2894 3092 τζοδῶίε
2925 3017 2994 3069 ἐκ
3024 3014 3129 3069 τοῦ
3171 3008 3439 3092 γείτονος
3476 3008 3701 3092 μέρρονς

2047 3097 2096 3159 C
2194 3077 2659 3163 πάρατηρεῖσθαι
2696 3088 3030 3163 ’διάστασιν
3052 3124 3068 3149 ,
3129 3077 3394 3149 καθάπερ
3456 3078 3555 3132 καί
3594 3077 3698 3129 ἐπὶ

2194 3156 2313 3220 τῶν·
2344 3156 2830 3231 οἰέὶοδομημάτων
2862 3156 3231 3225 νενόμισται.

2201 3258 2267 3310 "A
2300 3256 2400 3327 μὲν
2432 3254 2562 3324 περὶ
2619 3248 2931 3318 οἰκοδομίας
2968 3241 3081 3300 οἷον
3109 3242 3430 3314 οἰκημάτων
3452 3240 3546 3294 καὶ
3578 3255 3696 3291 τει-

2124 3352 2257 3421 χίων
2310 3347 2482 3408 άλλως
2539 3346 2653 3406 τοῖς
2708 3341 2957 3403 παλαιοῖς
3011 3336 3324 3405 ἐπεσκέφθη
3358 3376 3375 3400 ,
3436 3330 3617 3392 καλῶς
3664 3329 3698 3398 ἡ

2125 3439 2412 3508 ἐπίσκεψις
2436 3437 2546 3507 ἔχει
2573 3436 2666 3489 καὶ
2696 3431 2876 3495 καλῶς
2896 3430 2982 3485 ἐπ’
3007 3427 3187 3482 αὐτῶν
3209 3430 3244 3498 ἡ
3274 3426 3554 3484 διάστασις
3586 3421 3702 3482 τοῖς

2125 3530 2492 3602 γειτονεύουσι
2539 3523 2889 3579 διατέτακται
2960 3520 3205 3591 μέρεσιν,
3268 3518 3324 3569 ἐν
3376 3516 3519 3577 ὅλοις
3573 3513 3703 3564 ποσὶ

2123 3601 2258 3676 δέκα
2280 3618 2520 3690 λαχοῦσα
2542 3614 2639 3684 τὴν
2665 3612 3043 3683 διαμέτρησιν.
3092 3608 3175 3661 Τά
3212 3607 3268 3659 δὲ
3317 3622 3381 3657 πε
3394 3605 3447 3676 pl.
3468 3602 3575 3655 τῶν
3598 3601 3702 3653 ὑπ-

2125 3715 2329 3783 αίθρων
2361 3709 2454 3763 καὶ
2489 3708 2562 3772 ὡς
2599 3706 2662 3759 ἄν
2689 3721 2772 3766 τις
2795 3702 2960 3764 εῐποι,
3003 3697 3347 3770 προσκηνίων
3373 3690 3699 3763 θεατηρίων,

2125 3806 2162 3861 ἃ
2179 3805 2271 3858 καὶ
2293 3802 2427 3873 πρὸς
2452 3798 2618 3869 μόνην
2644 3794 2736 3849 καὶ
2758 3793 3015 3864 ὑπαέριον
3040 3790 3336 3844 ἀπόλαυσιν
3366 3785 3705 3851 ἐπινενόηται

2126 3894 2330 3962 καὶτήν
2347 3889 2660 3958 ἐπωνυμίαν
2679 3889 2743 3940 ἐκ
2759 3884 2854 3938 τοῦ
2868 3884 3020 3954 ήλίου
3041 3881 3259 3950 εἴληφεν
3279 3875 3480 3949 ήλιακὰ
3497 3889 3702 3943 προσα-

2128 3984 2485 4057 γορευόμενα,
2504 3979 2677 4034 ταῦτα
2708 3977 2765 4031 δὲ
2786 3976 2894 4047 ἄρα
2916 3974 3015 4044 τῆς
3035 3975 3098 4027 ἐκ
3119 3972 3209 4025 τοῦ
3228 3970 3272 4001 τί
3292 3969 3458 4037 νόμου
3486 3966 3706 4037 μνήμης

2128 4056 2448 4143 οὑντυχόντα
2479 4071 2571 4124 ml.
2586 4067 2886 4139 διορίσεως,
2908 4063 3003 4117 νῦν
3033 4064 3112 4126 είς
3145 4060 3335 4133 χρείαν
3365 4056 3705 4124 καθέστηκεν

2126 4167 2306 4239 ψήφου
2330 4164 2459 4236 περὶ
2487 4162 2664 4215 αὐτῶν
2684 4158 2971 4229 ὁριζούσης
2994 4156 3086 4208 καὶ
3106 4155 3204 4223 τὴν
3228 4147 3562 4239 φιλονεικίαν
3582 4148 3704 4214 τὴν,

2127 4238 2202 4325 ὡς
2225 4258 2391 4321 εἰκὸς,
2422 4254 2508 4309 ἐπ’
2540 4253 2719 4315 αὐτοῖς
2739 4249 2907 4302 ἐνίοτε
2929 4246 3333 4318 προϐαίνουσαν
3352 4238 3699 4306 διαλυούσης.

2218 4348 2503 4419 Ὀρίςομεν
2535 4340 2649 4409 οῦν,
2690 4341 2787 4395 καὶ
2827 4341 2919 4393 ἐπὶ
2951 4338 3157 4391 τούτων
3208 4335 3317 4387 τῶν
3368 4345 3705 4397 κατασκευα-

2052 4420 2105 4479 D
2133 4443 2377 4513 σμάτων,
2434 4436 2681 4493 τουτέστι
2729 4434 2836 4487 τῶν
2890 4431 3155 4503 ήλιακῶν,
3214 4428 3390 4479 ἐκεῖνο
3415 4424 3477 4475 τὸ
3501 4421 3703 4490 μέτρον

2136 4533 2328 4597 σώζειν
2358 4529 2419 4583 τὸ
2449 4527 2648 4599 μεταξὺ
2701 4525 2972 4594 διάστημα
3023 4522 3131 4573 τῶν
3186 4519 3418 4588 ἐχόντων
3458 4513 3556 4582 τήν
3589 4527 3705 4579 γει-

2135 4626 2317 4680 τονίαν
2373 4621 2700 4693 προσώπων,
2731 4619 2759 4672 ὃ
2788 4619 2882 4670 καὶ
2929 4614 3022 4669 ἐπὶ
3077 4612 3185 4666 τῶν
3249 4604 3704 4678 οἰκοδομημάτων

2130 4715 2553 4784 άπονενέμηται.
2611 4711 2720 4765 Καὶ
2778 4708 2887 4781 γάρ
2928 4706 3116 4779 ὥσπερ
3165 4702 3253 4756 ἐπ’
3286 4698 3511 4755 ἐκείνων
3542 4698 3574 4767 ή
3606 4695 3707 4765 τῆς

1739 4874 1975 4931 νΑιιιλλΕ
2014 4872 2306 4930 LECTION
2316 4870 2418 4927 ES.

533 5035 581 5066 '°
602 5034 834 5105 Scrimg.
878 5036 1219 5107 σωφροσύνη.
1268 5035 1492 5092 Emend.
1527 5037 1683 5107 Agyl.
1768 5038 1814 5070 '"
1850 5036 2026 5094 Verba
2057 5039 2122 5092 ἐκ
2176 5036 2271 5091 τοῦ
2318 5034 2543 5106 apposui
2575 5049 2637 5090 ex
2682 5029 2873 5086 Zuich.
2922 5043 2987 5084 ex
3024 5024 3244 5080 Mecrm.
3276 5020 3432 5094 Apud
3469 5016 3703 5087 Scrimg.

452 5103 669 5159 desunt.

1947 5219 2180 5276 NOTAE.

521 5361 733 5430 (τῆ-55)
764 5362 877 5415 hoc
904 5356 1037 5423 vult,
1091 5375 1283 5415 sanum
1353 5375 1417 5416 ex
1472 5359 1678 5414 furioso
1729 5358 2023 5413 concubitu

452 5430 756 5517 "etiam"
784 5445 964 5517 ροεεεῖ-

530 5500 641 5570 (54)
666 5502 730 5570 ᾊ
750 5498 850 5570 τὴν
880 5500 988 5552 τῶν
1002 5498 1239 5567 ἡλιακῶν
1256 5500 1575 5569 ἐπωνυμίαν
1598 5498 1776 5570 φέρει.
1796 5498 2026 5567 Scrimg.

455 5569 667 5628 addeﬂ,
688 5569 882 5639 rIIat‘iu.
910 5571 962 5625 ὦ.
989 5586 1036 5639 c.
1066 5572 1191 5637 περὶ
1217 5569 1441 5639 ἡλιακοῦ
1473 5571 1591 5639 ἦτοι
1638 5569 1884 5639 ἐξόστου,
1921 5577 2027 5620 ctu.

456 5639 585 5705 περὶ
615 5638 905 5708 Σολαρίων.
935 5638 1132 5691 Eadem
1186 5638 1435 5691 Meniaua
1462 5649 1516 5693 el.
1582 5638 1887 5708 τειχιόστας
1929 5653 2023 5708 ap-

456 5653 585 5705 περι
615 5653 905 5708 ιολαριων.
935 5653 1132 5691 Ιξιιιιιυηι
1186 5653 1435 5691 Mentaua
1462 5653 1516 5693 Cl
1582 5653 1887 5706 τειχιοστας
1929 5654 1956 5689 3
2004 5665 2023 5677 ·

455 5709 677 5780 pellant,
702 5707 738 5762 l.
773 5709 857 5775 Il,
889 5710 952 5764 (ἰ.
984 5708 1057 5762 Dc
1087 5709 1334 5763 aediliciis
1367 5710 1504 5780 priv.
1529 5707 1668 5764 adde
1698 5708 1735 5762 Ι.
1770 5724 1895 5780 pen.
1927 5653 2025 5778 ξιξ,

2136 5358 2196 5413 C.
2240 5358 2314 5411 De
2346 5354 2612 5409 aediliciis.

2207 5410 2319 5495 (35)
2359 5425 2548 5479 llarin.
2581 5424 2635 5487 4,
2674 5438 2792 5491 cap.
2835 5422 2961 5495 περὶ
2994 5420 3317 5495 οἰκοδομῆς.
3354 5417 3465 5495 Imp
3499 5410 3706 5483 duode-

2137 5487 2264 5561 cim,
2301 5487 2441 5550 idem
2488 5494 2544 5555 2,
2584 5495 2669 5548 tit.
2730 5487 2783 5555 l,
2823 5487 2949 5561 περὶ
2983 5487 3333 5554 ἀνανεώσεως
3394 5487 3544 5541 οἴκου
3600 5500 3706 5536 πα-

2136 5566 2308 5629 λαιοῦ,
2342 5566 2379 5619 I.
2416 5565 2547 5635 I2,§
2575 5566 2631 5624 2,
2665 5563 2728 5635 β.
2763 5560 3053 5635 υεᾲωόὶῆε.
3079 5560 3277 5635 privat.

2217 5638 2327 5711 (56)
2358 5635 2417 5690 L.
2466 5632 2552 5703 III,
2582 5636 2645 5689 C.
2672 5632 2746 5690 Ile
2777 5633 3023 5689 aediliciis
3062 5632 3308 5702 privatis.
