4100 6226
436 267 543 331 653

1532 273 1894 336 NOVELLAZ
1925 274 2479 338 CONSTITUTION
2485 280 2595 341 ES.

3583 289 3688 351 655

438 384 851 449 mromedaeoi;
910 384 1059 441 αἰτία
1122 388 1229 441 τῶν
1285 388 1415 443 δέκα
1495 392 1671 445 ποδῶν
1735 392 1903 459 ὥριζε
1955 392 2007 444 τέ

2120 409 2335 464 quoque
2357 396 2575 449 merito.
2599 394 2740 450 idem
2792 398 2904 469 (57)
2935 399 3175 469 spatium
3222 403 3409 459 eadem
3434 405 3502 459 de
3522 421 3686 463 causa

434 478 728 545 διάστημα,
777 475 921 530 οὕτω
954 477 1230 532 κάνταῦθα
1264 479 1353 534 διὰ
1408 481 1508 551 τὴν
1531 482 1702 551 αὐτὴν
1733 483 1916 535 αἰτίαν
1946 483 2010 535 τὸ

437 569 550 621 ἴσον
570 568 807 635 εὐλόγως
867 566 1266 639 διορισθήσεται
1325 571 1544 643 μέτρον,
1590 573 1832 640 καίτοιγε
1862 574 1895 643 ἡ
1929 574 2011 633 αἰ-

435 658 525 713 τία
575 659 674 729 τῆς
723 659 1140 724 κατοπτεύσεως
1194 661 1394 716 πλέονα
1432 664 1682 717 ἀπαιτεῖν
1738 663 1887 717 δοκεῖ
1911 664 2009 735 τὴν

433 747 755 803 ἀπόστασιν.
789 749 853 802 Εἰ
882 747 993 818 γὰρ
1038 748 1128 802 διὰ
1156 749 1217 802 τὺ
1261 752 1335 821 μὴ
1370 753 1725 807 κατοπτεύειν
1749 752 2010 822 ἀλλήλους

433 838 503 892 τά
543 836 916 906 γειτονεύοντα
956 839 1095 910 μέρη
1119 839 1223 911 τὴν
1268 841 1376 895 τῶν
1405 841 1537 895 δέκα
1564 843 1741 896 ποδῶν
1774 845 2010 895 ποιεῖται

434 929 722 984 ἀπόκλισιν
757 929 801 961 τ’
828 968 843 993 ,
922 930 1159 985 ἐνταῦθα
1211 931 1463 987 τοσοῦτον
1533 933 1738 1002 ὀφείλει
1806 933 2009 1005 μᾶλλον

432 1021 785 1091 ἀφίστασθαι,
826 1021 938 1091 ὅσῳ
974 1021 1069 1074 καὶ
1104 1021 1305 1091 μᾶλλον
1344 1022 1671 1094 ἐπιτηδείως
1702 1023 1919 1095 ἔχουσιν
1952 1026 2008 1078 αἰ

431 1112 678 1168 τοιαῦται
732 1115 1066 1167 κατασκευαὶ
1095 1114 1232 1186 πρὸς
1253 1114 1634 1169 κατόπτευσιν.
1667 1116 1839 1185 Δῆλον
1872 1116 2003 1186 γάρ,

433 1205 509 1267 ὡς
537 1206 596 1258 ὲν
617 1204 765 1274 οἰκίᾳ.
808 1221 894 1269 τις
936 1204 1300 1275 καθεζόμενος
1346 1206 1462 1276 ἥτι
1500 1207 1758 1277 πράττων
1806 1208 1907 1261 οὐκ
1940 1208 2007 1261 ἂν

429 1294 573 1349 οὕτω
605 1294 965 1366 κατοπτευθῇ,
992 1295 1202 1348 πολλῶν
1225 1296 1578 1367 ὑπαρχόντων
1624 1297 2011 1367 ἀντιφραγμάο

430 1404 540 1441 των
557 1403 571 1416 ·
601 1387 658 1439 ὲν
680 1386 736 1440 δὲ
763 1388 876 1450 τοῖς
896 1386 1024 1457 περί
1049 1379 1124 1441 ὧν
1152 1389 1184 1441 ὁ
1217 1386 1376 1457 λόγος
1420 1387 1775 1461 προσκηνίοις
1803 1388 2007 1456 ἔργοις,

432 1476 571 1547 ἢὼς
598 1475 664 1530 ἂν
713 1477 763 1529 οἰ
816 1476 1005 1531 πολλοί
1060 1480 1217 1547 φαῖεν
1272 1478 1648 1551 ἐξωσταρίοις,
1706 1479 1861 1532 οὐδὲν
1926 1481 2008 1544 εἰς

432 1565 703 1639 περιοπὴν
729 1566 961 1636 ἔστηκεν
994 1567 1379 1638 ἀντιφράττον.

501 1661 780 1717 Διάητοῢτο
812 1660 1163 1731 Θεσπίζολμεν,
1184 1660 1259 1733 μὴ
1275 1661 1475 1733 ἑτέρως
1492 1661 1692 1726 ἐξεῖναί
1710 1676 1816 1715 τινι
1833 1660 2009 1714 τοιοῦ-

2114 484 2536 553 praescribetur:
2591 488 2894 554 prasertim
2945 504 3077 545 vero
3110 530 3125 554 ,
3178 506 3301 546 eum
3356 502 3729 563 conspectus.

2112 575 2372 643 majorem
2400 577 2564 631 etiam
2612 577 2926 633 distantiam
2975 582 3064 635 hie
3110 583 3387 652 requirere
3416 584 3687 641 videatur.
3717 635 3725 639 ,

2113 662 2243 717 Nam
2266 662 2309 719 si
2344 680 2411 720 ne
2436 680 2494 719 se
2523 665 2754 721 invicem
2808 668 2980 724 vieini
3009 673 3378 741 conspiciant,
3410 675 3554 728 inter
3581 675 3688 727 alia

2111 755 2339 810 aedilicia
2372 755 2561 811 decem
2588 757 2787 827 pedum
2814 758 3167 830 intercapedo
3198 763 3563 831 relinquitur:
3598 764 3688 817 hic

2112 854 2263 902 tanto
2295 848 2344 901 id
2376 848 2553 918 magis
2595 848 2711 904 fieri
2747 849 2931 916 debet,
2958 862 3167 921 quanto
3192 852 3507 921 hujusmodi
3542 864 3689 909 stru-

2111 947 2280 993 cturae
2301 939 2615 1008 conspectui
2652 940 2826 1011 magis
2843 949 2972 996 sunt
2988 943 3270 1013 expositae.
3290 944 3518 999 Constat
3542 946 3686 998 enim

2111 1030 2387 1086 sedentem
2424 1030 2769 1101 quidpiamve
2794 1030 3083 1088 facientem
3124 1034 3177 1087 in
3211 1033 3420 1089 aedibus
3452 1034 3686 1103 aliquem

2110 1122 2257 1192 quod
2289 1123 2469 1178 multa»
2495 1132 2776 1192 septorum
2810 1124 3093 1178 obstacula
3144 1124 3425 1189 intersint,
3472 1140 3580 1178 non
3612 1126 3687 1179 ita

2112 1211 2271 1267 facile
2298 1228 2457 1282 posse
2483 1213 2754 1282 conspici.
2774 1213 2840 1267 In
2862 1213 3280 1282 prosceniorum
3315 1229 3444 1270 vero
3464 1214 3533 1268 de
3565 1216 3688 1283 qui-

2110 1303 2214 1360 bus
2246 1304 2427 1375 agitur
2466 1305 2753 1373 operibus,
2806 1312 2903 1358 aut
2948 1307 3250 1379 (quomodo
3300 1307 3458 1361 multi
3505 1307 3689 1361 dicere

2110 1396 2324 1464 malint)
2354 1396 2647 1456 menianis.
2666 1397 2965 1465 quominus
2994 1397 3047 1450 in
3077 1411 3462 1468 quamcunque
3478 1406 3691 1468 partem

2111 1488 2552 1557 circumspectus
2576 1488 2714 1542 nihil
2742 1489 2966 1545 obstet-

2182 1658 2255 1713 Ea
2288 1670 2511 1731 propter
2545 1662 2848 1727 sancimus,
2893 1680 2961 1720 ne
3008 1664 3193 1719 aliter
3224 1666 3478 1736 cuiquam
3525 1666 3703 1720 talem

429 1770 522 1807 τον
551 1750 982 1823 κατασκεύασμα
1013 1751 1333 1816 τεκταίνειν,
1361 1751 1410 1803 εἰ
1442 1749 1518 1820 μὴ
1553 1749 1714 1813 πόδες
1745 1748 1879 1804 δέκα
1910 1748 2007 1818 τὴν

2114 1757 2448 1805 structuram
2472 1751 2731 1806 fabricari
2765 1753 3129 1825 liceat,quam
3161 1755 3207 1811 si
3241 1755 3428 1810 decem
3461 1754 3692 1825 pedibus

431 1846 497 1898 ὲκ
527 1843 619 1897 τοῦ
641 1844 881 1913 γείτονος
918 1842 1117 1914 μέρους
1142 1840 1498 1915 ἀποχώρησιν
1527 1842 2005 1912 διαμετρήσουσιν.

445 1935 678 2006 Ὁμοίως
691 1935 746 1989 δὲ
761 1937 855 1990 καί
866 1935 920 1989 εἴ
933 1953 1014 1999 τις
1025 1935 1231 2006 ὀροφὴν
1255 1935 1354 2004 τῆς
1373 1933 1550 1998 οἰκίας
1569 1933 1800 2004 ἀμεῖψαι
1820 1932 2008 2003 βουλό-

433 2045 595 2098 μενος
631 2028 940 2099 μαρμάρων
962 2025 1174 2088 πλάκας
1192 2025 1464 2097 περιθείη,
1486 2024 1581 2079 καὶ
1601 2017 1758 2088 οὗτος
1783 2023 1859 2095 μὴ
1877 2023 2008 2093 πρὶν

429 2118 592 2173 τοῦτο
624 2119 875 2190 πράττοι,
899 2118 1029 2190 πρὶν
1046 2116 1105 2172 τὸ
1127 2116 1417 2189 εἰρημένον
1438 2116 1715 2187 διάστημα
1736 2115 1846 2169 τῶν
1873 2114 2007 2168 δέκα

429 2209 608 2265 ποδῶν
669 2207 1077 2280 ἀπομακρύνων
1132 2208 1227 2261 τοῦ
1255 2206 1494 2277 γείτονος
1583 2208 1649 2261 ⁷⁸.
1698 2207 1919 2275 Ἐτέρου
1947 2204 2006 2259 δέ

427 2319 574 2366 τινος
628 2302 709 2366 εἰς
749 2299 1002 2372 βοήθειαν
1063 2298 1468 2363 ἀνακύπτοντος
1495 2298 1721 2369 τρόπου,
1759 2297 1905 2366 λέγω
1930 2297 1996 2368 δὴ

427 2394 623 2465 χρόνου
673 2391 1015 2465 μακροτέρου
1047 2391 1409 2463 παραδρομῆς
1428 2390 1867 2460 ὑπερδαινούσης
1904 2389 2003 2461 τὴν

428 2485 659 2557 νομικὴν
725 2486 855 2557 περί
906 2486 1113 2557 χρόνων
1143 2483 1410 2550 διάταξιν,
1433 2485 1526 2553 ἀφ’
1552 2478 1613 2538 οὗ
1636 2483 1699 2537 τδ
1716 2483 1877 2555 ἔργον
1902 2483 2001 2553 τὴν

430 2577 665 2647 ὓπαρξιν
720 2576 990 2647 ἔλαϐεν,ἢ
1025 2577 1121 2630 ἐὰν
1149 2575 1397 2647 φιλικῇτδ
1430 2593 1537 2629 τινι
1573 2576 1867 2645 συμφωνίᾳ
1893 2574 2000 2628 δω-

434 2669 716 2741 ρησαμένη
740 2669 840 2742 τὴν
886 2669 1070 2723 ἄδειαν
1102 2669 1131 2722 δ
1166 2667 1372 2738 ταύτην
1396 2665 1580 2721 λσδὼν
1618 2668 1698 2729 εἰς
1729 2665 1789 2720 τὸ
1829 2664 1998 2736 ἐργά-

432 2758 618 2824 ζεσθαι
642 2756 995 2830 προελήλυθε,
1016 2755 1315 2825 κελεύομεν
1334 2754 1427 2809 ἐπὶ
1444 2754 1539 2809 τοῦ
1562 2753 1766 2808 οἰκείου
1790 2752 1891 2822 σχή
1902 2768 2003 2821 μα-

2112 1856 2141 1896 a
2173 1843 2481 1898 vicinorum
2516 1846 2813 1900 structuris
2870 1847 3167 1903 abstineat.
3203 1846 3472 1902 Similiter
3496 1847 3542 1901 si
3569 1846 3713 1915 quis.

2109 1935 2307 1989 aedium
2366 1952 2585 1992 suarum
2624 1937 2903 2009 fastigium
2934 1949 3176 2006 mutans,
3201 1954 3540 1995 marmoreas
3563 1953 3695 1992 cru-

2110 2034 2226 2082 stas
2253 2025 2491 2081 obducat
2520 2046 2533 2081 :
2563 2028 2651 2083 hic
2681 2030 2846 2084 etiam
2883 2044 2992 2084 non
3029 2030 3189 2085 aliter
3221 2029 3276 2084 id
3310 2029 3494 2095 faciat,
3528 2043 3693 2096 quam

2109 2118 2155 2174 si
2190 2117 2395 2173 dictum
2462 2118 2650 2175 decem
2704 2122 2903 2192 pedum
2969 2122 3327 2178 interstitium
3369 2121 3514 2176 inter
3546 2135 3606 2175 se
3638 2129 3703 2175 et:

2107 2207 2345 2264 vicinum
2411 2210 2709 2281 relinquat.
2763 2211 2883 2266 Alio
2958 2219 3138 2268 autem
3206 2211 3466 2281 quopiam
3526 2209 3692 2264 modo

2106 2298 2478 2355 intercedente
2512 2300 2696 2373 :Iongi
2735 2304 2995 2372 temporis
3030 2303 3466 2372 praescriptione,
3494 2316 3692 2371 nempe

2110 2390 2156 2447 si
2183 2406 2247 2446 cx
2278 2405 2388 2459 quo
2416 2405 2555 2461 opus
2591 2392 2862 2457 constitit,
2895 2409 2925 2447 a
2947 2393 3157 2465 legibus
3193 2392 3519 2463 praeﬁnitum
3546 2397 3691 2446 temo

2110 2498 2211 2551 pus
2242 2482 2568 2543 dccurrerit.
2598 2490 2692 2535 aut
2714 2491 2932 2552 pactum
2962 2489 3303 2548 asservetur,
3338 2497 3404 2537 ex
3439 2494 3547 2550 quo
3564 2478 3692 2549 quis

2110 2568 2371 2625 facultate
2402 2579 2625 2639 accepta
2655 2571 2721 2625 ad
2744 2570 3128 2625 aediﬁcandum
3166 2568 3464 2626 accesserit
3493 2585 3507 2622 :
3532 2566 3695 2635 jube-

2121 2677 2266 2721 mus.
2324 2668 2383 2714 ut
2437 2661 2493 2714 in
2518 2675 2620 2715 suo
2665 2668 2812 2716 statu
2864 2669 3143 2715 structura
3186 2666 3426 2723 maneat,
3473 2655 3699 2712 tametsi

2115 2763 2145 2803 a
2184 2748 2349 2805 vieini
2378 2755 2657 2803 structura
2677 2746 2864 2803 decem
2889 2749 3122 2820 pedibus
3159 2761 3269 2804 non
3292 2747 3481 2803 distet.

432 2872 522 2919 τος
549 2853 611 2909 τὸ
639 2853 797 2925 ἔργον
821 2854 1025 2924 μένειν.
1049 2852 1152 2921 τῆς
1184 2851 1292 2905 τῶν
1320 2851 1454 2905 δέκα
1481 2849 1657 2904 ποδῶν
1694 2848 1770 2919 μὴ
1811 2862 2078 2918 παραιτου
2089 2844 2256 2916 μένης
2281 2844 2632 2908 ἀποστάσεως
2644 2845 2712 2901 ’⁸.

948 2943 1260 2998 ΔΙΑΤΑΞΙΣ
1284 2940 1488 2995 Ρ1Δ’“¹⁶.

540 3062 855 3131 Θέσπισμα
887 3059 993 3115 τοῦ
1015 3058 1173 3182 daal
1179 3074 1292 3125 μου
1309 3058 1355 3087 ⁷⁷
1379 3053 1689 3121 ,ϐασιλέωο
1717 3051 1903 3120 πυροῦ

1160 3144 1355 3182 ortae.

1160 3144 1355 3193 οντος.

511 3224 725 3289 Ἔξεστι
772 3220 851 3292 τῷ
904 3220 1186 3291 κατέχοντι
1257 3217 1514 3288 ἀκίνητον
1575 3214 2008 3285 διαπιπράσκειν

436 3314 570 3386 πρὸς
606 3314 636 3369 δ
668 3313 775 3385 ἄρα
840 3311 1089 3381 βούλεται
1138 3308 1429 3379 πρόσωπον
1480 3302 1905 3366 ἀνεπικωλύτως
1944 3319 2005 3355 τε

435 3407 529 3460 καὶ
576 3403 1023 3473 ἀνεπιφωνὴτως.
1052 3402 1169 3455 Πᾶν
1207 3398 1317 3470 γάρ
1355 3397 1615 3466 ἀκίνητον
1642 3392 2009 3461 ύποδημόσιον

434 3494 494 3549 δν
523 3494 755 3565 ὲκχωρεῖ
783 3492 817 3561 ἡ
876 3487 1123 3561 βασιλεία
1178 3504 1283 3558 μου
1347 3484 1427 3555 τῷ
1482 3482 1582 3553 τὴν
1638 3479 2009 3551 καταϐολὴντδ

436 3583 743 3654 ποιουμένῳ
790 3581 898 3636 τῶν
943 3577 1293 3651 δημοσιακῶν
1320 3575 1502 3646 βαρῶν
1536 3572 1876 3640 ἐξωνεῖσθαι,
1900 3569 2011 3622 τῶν

432 3675 845 3746 γειτνιαζόντων
872 3672 947 3745 μὴ
972 3671 1290 3726 κωλυόντων
1321 3668 1421 3737 τὴν
1458 3666 1765 3735 ὲκποίησιν.
1793 3663 1856 3717 Εἰ
1892 3661 2004 3731 γάρ

437 3770 470 3822 ὁ
496 3769 663 3837 πένης
694 3768 787 3821 καὶ
830 3764 1044 3834 πτωχὸς
1100 3762 1196 3815 καὶ
1255 3760 1581 3829 πράγματος
1626 3757 1700 3827 μὴ
1729 3753 2003 3825 εὐπορῶν,

436 3859 761 3929 βουλόμενος
816 3856 877 3911 rb
927 3857 1126 3909 οἰκεῖον
1184 3849 1583 3921 ὲκποιήσασθαι
1628 3846 1906 3915 ἀκίνητον,
1959 3843 2008 3896 οἰ

437 3949 829 4022 πλησιάζοντες
877 3947 933 4000 δὲ
967 3945 1213 4009 ὑπούλως
1265 3944 1335 3997 τά
1390 3942 1630 4011 σήμερον
1677 3938 1773 3991 καὶ
1821 3934 2009 4005 αύριον

440 4032 780 4111 ἐκδεχόμενοι
808 4038 885 4109 τῷ
911 4035 1109 4108 πτωχῷ
1146 4036 1241 4089 καὶ
1302 4032 1497 4103 πένητι
1526 4029 1594 4089 τὺ,
1613 4030 1812 4083 οἰκεῖον
1843 4043 2007 4080 κατα-

438 4132 645 4186 λίποιεν
683 4131 961 4202 ἀκίνητον,
990 4130 1039 4182 εἰ
1067 4127 1218 4182 οὐδὲν
1240 4126 1268 4178 ὁ
1297 4121 1617 4196 πλησιάζων
1650 4119 2010 4190 ἀναλάϐηται,

437 4226 583 4279 πάνυ
608 4224 674 4295 τῇ
705 4220 952 4294 βασιλείᾳ
1007 4237 1106 4290 μου
1162 4218 1437 4287 λογίζεται
1489 4215 1692 4268 ἄδικον.
1768 4210 1861 4263 Διὸ
1917 4207 2014 4261 καὶ

2571 2932 3039 2990 CONSTI'I‘UTIO
3071 2932 3259 3021 extr.

2116 3042 2193 3095 De
2215 3042 2533 3095 alienatione
2564 3058 2743 3095 rerum
2780 3040 3132 3094 immobilium
3158 3051 3209 3094 et
3239 3049 3471 3094 retracta
3514 3041 3695 3095 decre.

2286 3122 2395 3164 tum
2425 3112 2673 3178 praefari
2704 3110 3044 3177 imperatoris
3082 3110 3287 3163 domini
3312 3109 3527 3163 Leonis.

2187 3202 2341 3258 Licet
2392 3202 2697 3271 possidenti
2729 3215 2842 3256 rem
2867 3200 3203 3254 immobilem
3231 3200 3471 3255 vendere
3516 3200 3604 3253 cui
3632 3199 3698 3252 li-

2116 3294 2298 3349 buerit
2328 3308 2575 3363 personae
2598 3291 3213 3362 absqueimpedimento
3227 3300 3280 3346 et
3304 3290 3695 3360 prohibitione.

2115 3386 2347 3441 Omnem
2381 3386 2527 3440 enim
2558 3400 2670 3439 rem
2691 3385 3030 3439 immobilem
3063 3398 3184 3453 quae
3210 3382 3429 3450 publica
3459 3381 3552 3445 sit,
3575 3396 3697 3450 per-

2116 3477 2283 3530 mittit
2326 3490 2443 3529 mea
2475 3475 2623 3544 regia
2674 3482 2915 3542 potestas
2955 3473 3004 3529 ei
3058 3474 3151 3542 qui
3187 3472 3529 3543 publicorum
3561 3485 3696 3526 one—

2116 3585 2236 3624 rum
2279 3568 2606 3623 solutionem
2665 3566 2879 3633 fecerit,
2910 3582 3113 3633 emere,
3167 3565 3329 3619 modo
3369 3563 3531 3619 vicini
3564 3563 3697 3619 alie-

2117 3660 2395 3715 nationem
2421 3674 2528 3712 non
2554 3656 2965 3728 inipediverint.
3001 3657 3057 3712 Si
3090 3658 3234 3725 enim
3259 3671 3382 3711 cum
3409 3669 3616 3725 pauper
3642 3660 3700 3710 et

2118 3750 2403 3804 mendicus
2442 3759 2499 3803 et
2559 3762 2674 3800 rem
2718 3747 2921 3801 nullam
2977 3747 3267 3817 possidens
3318 3746 3553 3801 voluerit
3580 3760 3696 3799 rem

2116 3841 2394 3911 propriam
2450 3837 2783 3893 immobilem
2831 3838 3097 3906 alienare,
3168 3837 3464 3908 propinqui
3514 3843 3696 3891 autem

2119 3930 2498 3985 fraudulenter
2530 3943 2641 3983 uno
2665 3936 2720 3983 et
2751 3928 2926 3983 altero
2950 3928 3039 3982 die
3068 3928 3349 3985 substituti
3378 3928 3601 3998 pauperi
3645 3934 3701 3981 et

2118 4025 2369 4078 mendico
2423 4037 2536 4076 rem
2611 4022 2895 4091 propriam
2968 4022 3295 4077 donaverint
3339 4020 3700 4085 immobilem,

2119 4132 2285 4187 quum
2320 4116 2456 4170 nihil
2519 4119 2863 4187 propinquus
2912 4115 3210 4187 acceperit,
3268 4112 3520 4175 omnino,
3581 4122 3700 4165 mea

2120 4209 2268 4279 regia
2300 4215 2568 4277 potestate
2609 4218 2895 4279 reputatur
2937 4208 3231 4276 injustum.
3262 4205 3390 4259 Ideo
3419 4214 3473 4257 et
3501 4201 3702 4258 statui-

436 4286 732 4385 διορξζεται
782 4286 938 4367 πᾶσι,
974 4286 1085 4375 τοῖς
1137 4310 1363 4382 ἀπόροις
1410 4307 1506 4361 καὶ
1534 4306 1792 4374 πτωχοῖς,
1826 4300 1894 4354 τά
1932 4299 2007 4370 μὴ

2113 4308 2199 4353 tur
2251 4299 2541 4369 egentibus
2595 4308 2651 4355 et
2716 4298 2987 4354 mendicis
3042 4314 3132 4353 res
3166 4312 3289 4366 qua:
3316 4310 3423 4350 non
3456 4297 3699 4363 possunt

436 4407 711 4478 δυνάμενα
753 4404 1007 4475 κατέχειν
1054 4404 1287 4475 ἀκίνητα
1339 4397 1681 4455 ὲκποιεῖσθαι
1724 4390 2015 4463 ἀποτιμὼ-

442 4516 602 4570 μενα,
650 4500 746 4552 καὶ
808 4497 899 4551 τὸν
950 4494 1316 4565 ὲξωνούμενον
1338 4495 1386 4525 ⁷³
1423 4490 1604 4553 καλῶς
1660 4485 1910 4555 κατέχειν
1954 4483 2016 4536 τὸ

443 4587 749 4658 ἐξωηθέν·
782 4587 974 4657 μέχρις
999 4587 1108 4656 γάρ
1155 4584 1248 4638 τοῦ
1299 4582 1571 4652 ἑξαμήνου
1626 4576 1722 4630 τοῦ
1790 4573 2016 4644 πρώτου

441 4682 637 4751 χρόνου
677 4677 939 4748 ἔκκλητον
977 4680 1152 4731 ποιεῖν
1183 4676 1305 4739 τοὺς
1338 4671 1691 4743 γειτνιῶντας
1720 4667 1815 4720 καὶ⁸
1844 4664 2018 4724 οὕτως

441 4770 944 4843 ἀναστρεφομένης
974 4770 1075 4841 τῆς
1111 4770 1276 4841 τιμῆς
1301 4766 1379 4837 τῷ
1412 4760 1810 4835 ὲξωνησαμένῳ
1826 4756 2012 4811 λαϐεῖν

2114 4390 2421 4444 immobiles
2452 4390 2719 4445 exsistere
2776 4396 2898 4459 post
2935 4386 3360 4442 aestimationem
3433 4384 3695 4443 alienare.

2113 4490 2170 4534 et
2215 4486 2522 4547 emptorem
2555 4478 2694 4535 bene
2727 4478 3015 4549 possidere
3044 4476 3189 4547 quod
3217 4476 3384 4539 emit;
3414 4488 3595 4543 usque
3625 4472 3697 4526 ad

2113 4584 2206 4624 sex
2243 4582 2462 4623 menses
2490 4582 2521 4620 a
2552 4570 2730 4639 primo
2766 4578 3014 4640 tempore
3054 4567 3477 4638 appellationem
3517 4562 3701 4617 facere

2115 4663 2329 4718 vicinos
2380 4676 2563 4732 posse,
2618 4673 2673 4718 et
2725 4664 2807 4720 sic
2837 4663 3203 4719 aestimatione
3232 4668 3442 4714 mutata
3476 4657 3545 4710 ab
3582 4670 3701 4711 em-

2117 4759 2276 4821 ptore
2326 4751 2519 4808 tollere
2575 4768 2691 4809 rem
2744 4754 2900 4809 istam
2946 4751 3317 4815 immobilem;
3369 4748 3474 4804 hoc
3517 4755 3699 4801 autent

1742 4916 1983 4977 VARIE
2039 4913 2443 4973 LECTIONES.

515 5076 560 5107 ⁷¹
594 5074 829 5147 Serimg.
860 5075 1055 5130 ὖπὸκλ.
1123 5075 1171 5107 ⁷³
1201 5072 1374 5129 Codd.
1403 5072 1461 5141 ἦ.
1534 5068 1579 5099 ⁷⁸
1608 5063 1783 5121 Codd.
1820 5060 2058 5144 φυλακῇ.
2128 5058 2485 5113 "‘llactenus
2515 5058 3020 5139 interpretationem
3045 5057 3246 5139 Λεγιαεί
3276 5056 3453 5111 secuti
3479 5070 3598 5137 sum
3611 5071 3699 5111 us-

515 5159 571 5181 μ»
591 5158 896 5181 manu“...
914 5144 1346 5181 ρηηειςι..ι;ηηρα
1377 5137 1668 5181 Latinitate
1684 5136 2031 5181 donavmius.
2063 5127 2228 5181 Εοιτ.
2277 5130 2325 5161 ’θ
2354 5126 2479 5181 Haec
2507 5128 2745 5181 Constit.
2772 5136 2988 5181 servata
3020 5138 3105 5181 est
3134 5143 3185 5181 in
3205 5126 3370 5181 codd.
3403 5125 3577 5179 Paris.
3602 5124 3698 5179 Gr-

447 5159 571 5212 qum
591 5124 1668 5215 sequunturtéonVstitutionesLatinitate
1684 5124 2033 5186 donarimus.
2063 5127 2228 5182 Εοιτ.
2277 5130 2325 5161 ’θ
2354 5126 2479 5182 Haec
2507 5124 2745 5183 Consiit.
2772 5136 2988 5209 servata
3020 5124 3185 5183 est'in
3205 5126 3370 5183 codd.
3403 5125 3577 5208 iiaris.
3602 5124 3698 5179 Gr-

450 5214 585 5269 1546
627 5215 721 5270 fol.
771 5215 897 5275 255.
951 5216 1111 5270 Vind.
1142 5213 1321 5269 Jurid.
1355 5210 1449 5265 Gr.
1472 5209 1507 5262 ‘5
1537 5206 1635 5261 fol.
1675 5203 1801 5275 377,
1834 5200 2096 5275 Laurent.
2133 5196 2351 5275 LXXX,
2378 5199 2415 5275 ε
2446 5197 2695 5275 fol.
2869 5196 3101 5255 Vindob.
3137 5197 3329 5267 Νεαρά
3355 5213 3452 5252 του
3480 5196 3702 5252 εὐσεὸε-

446 5284 645 5341 στάτου
676 5285 797 5341 κτλ.
880 5271 926 5318 θ’
945 5285 1103 5341 Paris
1135 5282 1396 5354 κατοχὴν,
1430 5275 1575 5349 quod
1602 5271 2008 5331 emendandum
2056 5276 2197 5323 erat.

2309 5268 2352 5299 ⁷⁸
2378 5266 2554 5324 Paris.
2583 5269 2612 5321 ὁ
2635 5265 3021 5339 ἐξωνούμενος.

1932 5433 2169 5492 NOTAE.

543 5625 637 5693 37)
663 5624 856 5681 Decem
875 5625 1071 5694 pedum
1091 5624 1211 5679 scil.
1236 5632 1293 5677 ut
1312 5637 1473 5692 supra
1497 5621 1619 5694 cod.
1644 5617 1830 5694 ctadl.
1849 5615 1886 5694 _l
1905 5613 1949 5676 ι,
1965 5611 2027 5667 C.

450 5689 526 5750 De
544 5685 738 5753 anl'ilic.
770 5685 1016 5766 privatis,
1044 5696 1149 5753 nisi
1172 5685 1445 5763 publicum
1468 5693 1646 5751 solum
1668 5691 1739 5749 sit
1760 5685 1994 5743 vicinum
2016 5699 2028 5746 ;

2142 5611 2375 5685 spatium
2437 5614 2582 5669 enim
2642 5616 2953 5681 quindecim
2991 5615 3192 5684 pedum
3257 5610 3699 5685 relinquendum.

2142 5680 2396 5741 liarmcn.
2425 5687 2478 5742 d.
2513 5701 2562 5741 c.
2624 5680 2748 5757 περὶ
2774 5680 3081 5758 οἰκοδομῆς.
