4080 6218
456 289 561 357 635

1714 275 1987 345 LEONIS
2022 270 2487 341 PHILOSOPHI

3620 278 3733 340 656

450 410 702 472 tempore
732 403 922 472 elapso
950 402 1026 455 ita
1055 404 1110 455 et
1137 398 1304 453 vieini
1330 394 1721 457 excluduntur,
1773 392 1902 446 dum
1938 398 2029 444 at-

2137 387 2195 439 τὸ
2217 385 2455 439 τοιοῦτον
2486 384 2745 453 ἀκίνητον
2768 400 2782 412 ο
2818 382 3012 436 τούτου
3037 382 3094 435 δὲ
3154 381 3608 453 παραδραμόντος
3635 385 3737 436 καὶ

450 491 718 546 tribuitur
744 491 979 562 emptori
1014 487 1290 559 possessio
1321 488 1400 541 rei
1433 483 1752 539 immobilis.

910 668 1380 739 CoNsrr‘rU'r'to
1410 679 1572 736 cxv.

1017 776 1097 830 De
1136 774 1464 828 Tabulariis.

452 839 766 908 Edictorum
801 849 945 899 circa
982 846 1197 912 politica
1233 844 1437 912 objecta
1475 843 1810 910 imperatoris
1835 842 2037 896 domini

793 915 985 969 Leonis
1022 916 1253 984 primum
1277 916 1341 967 de
1373 913 1688 977 tabulariis;

524 1010 691 1078 Cujus
730 1015 888 1075 caput
910 1006 1142 1073 primum
1166 1003 1340 1057 dicit:
1375 1000 1478 1068 Qui
1526 1001 1901 1057 admittendus
1952 1009 2038 1056 est

451 1098 765 1155 tabularius
799 1096 967 1151 debet
1000 1093 1266 1163 suﬂ'ragio
1293 1102 1349 1149 ct
1380 1093 1623 1149 examini
1657 1091 1955 1162 primicerii
1982 1100 2037 1145 et

452 1206 645 1246 eorum
695 1188 789 1258 qui
836 1202 962 1242 cum
1007 1186 1103 1239 illo
1137 1195 1273 1239 sunt
1320 1186 1724 1239 tabulariorum
1760 1182 2033 1247 submitti,

452 1284 529 1337 ita
566 1289 625 1334 ut
654 1279 1023 1351 cognitionem
1059 1285 1114 1335 et
1183 1277 1465 1334 scientiam
1509 1277 1689 1346 legum
1726 1274 1944 1339 habeat,
1980 1284 2037 1329 et

452 1386 653 1426 manus
696 1369 973 1439 scriptura
1022 1369 1234 1424 caeteris
1270 1374 1512 1437 praestet,
1539 1378 1641 1419 nec
1659 1365 1909 1433 garrulus
1940 1373 2037 1418 aut

454 1463 717 1533 pervicax
779 1468 875 1515 aut
923 1462 1049 1515 vitae
1081 1460 1365 1514 dissolutae
1404 1456 1656 1519 exsistat,
1699 1454 1796 1511 sed
1850 1453 2036 1524 potius

454 1551 706 1606 moribus
763 1552 1100 1620 conspicuus
1137 1557 1191 1604 et
1242 1546 1530 1618 prudentia
1588 1542 2033 1612 irreprehensus,

455 1638 682 1707 sapiens
713 1644 769 1691 et
812 1636 1149 1704 intelligens,
1190 1642 1246 1689 et
1280 1633 1348 1687 ad
1386 1630 1721 1701 loquendum
1776 1629 1952 1683 solers
1980 1634 2035 1681 et

2136 476 2309 539 οὕτως
2323 475 2373 508 ⁸ο
2389 478 2439 529 oi
2452 475 2792 544 γειτνιῶντες
2804 474 3208 537 ἀποκλείονται,
3230 474 3739 546 προσκυρουμένης

2138 567 2218 638 τῷ
2250 565 2652 637 ὲξωνησαμένῳ
2673 564 2772 634 τῆς
2795 564 2970 634 νομῆς
3002 563 3098 643 τοῦ
3130 564 3419 633 ἀκινήτου.

2664 680 2981 733 ΔῙΑΤΔΞΙΣ
3028 678 3183 733 ΡῘΕἎ

2143 775 2270 831 Τῶν
2302 776 2435 842 περὶ
2474 772 2803 827 πολιτικῶν
2842 771 3212 842 ,σωματείων
3252 769 3587 842 διατάξεων
3619 770 3737 824 τοῦ

2553 843 2741 910 atvava
2771 840 3036 906 Λέοντος
3065 839 3268 908 πρώτη
3301 840 3439 908 περὶ
3465 842 3733 894 ταόουλ-

2210 1001 2317 1071 Ἦς
2331 1008 2401 1061 ἐν
2415 1007 2496 1071 τῷ
2510 1013 2562 1062 a'
2576 1023 2711 1074 κεφ.
2729 1005 2943 1074 φησίν·
2961 1003 3021 1056 '0
3041 1001 3249 1073 μέλλων
3273 1002 3732 1074 προχειρισθῆναι

2137 1097 2521 1168 ταὸουλλάριος
2565 1096 2773 1167 ὀφείλει
2821 1096 2990 1165 ψήφῳ
3042 1092 3138 1146 καὶ
3182 1091 3475 1161 διαγνώσει
3516 1090 3614 1145 τοῦ
3666 1111 3730 1147 τε

2138 1188 2552 1258 πριμμικηρίου
2583 1186 2679 1239 καὶ
2693 1185 2802 1238 τῶν
2835 1186 2932 1238 σὺν
2955 1182 3105 1253 αὺτῷ
3132 1182 3302 1236 ὄντων
3316 1182 3733 1253 τασουλλαρίων

2139 1278 2477 1346 ἐγγίνεσθαι,
2528 1277 2677 1330 ὡσὰν
2726 1276 2824 1329 καὶ
2880 1274 3086 1341 γνῶσιν
3142 1274 3239 1325 καὶ
3298 1273 3479 1342 νόμων
3520 1273 3732 1344 εἴδησιν

2136 1372 2270 1441 ἔχοι,
2330 1371 2425 1424 καὶ
2455 1367 2636 1441 χειρὸς
2659 1368 2846 1439 γραφῇ
2870 1363 2982 1416 τῶν
3005 1363 3210 1416 λοιπῶν
3237 1352 3605 1434 πρωτερεύοι,
3631 1366 3733 1417 καὶ

2140 1462 2217 1532 μὴ
2247 1460 2525 1529 στωμύλος
2553 1459 2587 1528 ἢ
2612 1450 2899 1527 αὐθάδηςῆ
2926 1455 3042 1525 βίου
3066 1453 3470 1524 διεφθαρμένου
3506 1456 3730 1525 τυγχάο

2139 1571 2241 1619 νοι,
2270 1553 2407 1607 ἀλλὰ
2463 1551 2664 1622 μᾶλλον
2715 1549 2911 1618 σεμνὸς
2934 1548 2995 1601 τὸ
3044 1538 3176 1617 ἦθος
3235 1548 3330 1599 καὶ
3356 1540 3425 1617 τῇ
3456 1542 3728 1617 φρονήσει

2137 1644 2413 1712 ἀκέραιος,
2457 1641 2635 1709 λόγιός
2666 1657 2726 1693 τε
2748 1640 2845 1693 καὶ
2905 1638 3132 1700 συνετὸς
3168 1638 3265 1690 καὶ
3299 1638 3430 1706 περὶ
3452 1637 3554 1709 τὴν
3581 1637 3733 1703 λέξιν

458 1726 526 1779 ad
592 1723 1037 1779 ratiocinandum
1097 1730 1280 1792 aptus,
1324 1730 1383 1775 ut
1433 1734 1544 1773 non
1584 1712 1751 1772 facile
1814 1717 1943 1770 hinc
1987 1722 2035 1770 et

2148 1734 2444 1802 εὖστροφος
2490 1733 2585 1787 καὶ
2618 1732 2747 1803 περὶ
2778 1731 2870 1785 τὸν
2920 1729 3078 1798 λόγον
3133 1729 3477 1799 εὐάρμοστος
3524 1730 3622 1783 τοῦ
3653 1730 3733 1802 μὴ

456 1814 586 1869 inde
634 1812 1055 1869 circumferatur
1111 1829 1207 1882 per
1246 1810 1595 1865 lalsariorum
1648 1809 1953 1878 scripturas
1983 1816 2038 1862 et

457 1914 766 1960 astutorum
799 1914 1156 1974 argumenta;
1185 1903 1261 1956 ita
1303 1910 1360 1955 ut
1395 1902 1440 1957 si
1474 1901 1598 1971 quis
1628 1899 1867 1953 fortasse
1908 1899 2039 1952 talia

456 2008 614 2052 extra
672 1999 845 2067 legem
877 2003 934 2051 et
967 1994 1367 2051 conventioues
1415 2001 1468 2047 et
1515 2005 1635 2061 quas
1675 1988 1843 2044 scribi
1878 2003 2038 2041 man-

457 2091 585 2143 data
632 2088 835 2143 fuerint
867 2088 1177 2142 inveniatur
1206 2084 1553 2149 machinans,
1586 2096 1714 2137 cum
1762 2080 2039 2151 probitate

459 2188 715 2233 acturum
748 2178 898 2232 hunc
923 2177 1014 2232 isti
1045 2176 1434 2231 testilicentur.

537 2351 604 2407 In
659 2354 716 2407 9.°
746 2354 931 2424 Capite
971 2352 1146 2406 dicit:
1176 2350 1282 2417 Qui
1322 2349 1703 2405 admittendus
1735 2359 1821 2406 est
1876 2350 2038 2406 debet

456 2447 526 2500 ad
596 2462 818 2500 manum
851 2447 1054 2500 habere
1087 2444 1155 2498 40
1186 2444 1375 2498 titulos
1408 2442 1700 2498 enchiridii
1735 2443 1939 2513 legum,
1983 2452 2038 2496 et

457 2538 533 2591 60
560 2537 821 2592 librorum
861 2536 1254 2605 cognitionem,
1288 2536 1576 2590 universas
1642 2535 1923 2589 doctrinas
1956 2535 2035 2588 di-

456 2628 679 2693 dicisse,
728 2643 797 2683 ne
827 2627 1081 2682 mendam
1117 2626 1367 2680 admittat
1411 2627 1466 2680 in
1507 2628 1819 2695 scripturis,
1850 2636 1945 2681 aut
1981 2628 2035 2682 in

457 2719 685 2771 vocibus
704 2717 1194 2786 aequivoeationcm
1222 2717 1462 2786 patiatur
1479 2716 1680 2772 habere
1703 2717 1867 2771 etiam
1900 2726 2038 2771 tem—

461 2816 564 2878 pus
581 2807 963 2875 plenissimum
991 2807 1211 2861 utclare
1239 2807 1608 2870 examinetur,
1639 2815 1822 2861 mente
1838 2817 2037 2863 eteor-

459 2912 612 2963 pore.
664 2896 858 2951 Manus
896 2912 1026 2952 vero
1058 2898 1345 2966 scripturae
1375 2898 1661 2953 incumbat
1692 2899 1747 2953 in
1772 2900 2034 2966 concilio,

462 3002 639 3055 neque
667 3002 734 3041 ex
758 2988 1058 3057 improviso
1091 2996 1388 3055 exerceat;
1420 2989 1465 3044 si
1498 3004 1630 3046 vero
1654 2988 2033 3060 deprehenda-

459 3078 570 3142 tur,
605 3092 633 3129 a
671 3077 843 3148 gradu
878 3077 1119 3134 decidat.

530 3271 597 3324 In
624 3269 683 3326 ὅθ
714 3271 882 3339 capite
940 3266 1068 3326 dicit
1121 3286 1141 3327 :
1168 3268 1399 3343 Oportet
1438 3274 1650 3329 admitti
1711 3274 1863 3329 illum
1915 3276 2029 3329 sic:

454 3362 586 3419 Post
633 3365 1077 3421 testiﬁcationem
1125 3375 1180 3422 et
1232 3366 1672 3435 inquisitionem,
1710 3379 2034 3437 praesentem

454 3454 573 3510 ﬁeri
609 3469 736 3511 cum
796 3455 1039 3510 concilio
1068 3455 1466 3511 tabu'ariorum
1507 3466 1563 3511 et
1590 3456 1907 3526 primicerio
1936 3472 2035 3511 co-

453 3561 573 3601 ram
619 3548 1001 3604 illustrissimo
1054 3549 1211 3605 urbis
1264 3550 1546 3619 praefecto,
1600 3557 1723 3619 toga
1759 3548 2033 3615 indutum,

453 3638 580 3694 istis
600 3639 923 3709 jurantibus
949 3656 1046 3710 per
1087 3640 1260 3697 Deum
1289 3651 1343 3695 et
1372 3642 1768 3708 imperatorum
1795 3642 2032 3696 salutem

455 3744 519 3783 se
574 3746 691 3783 non
722 3730 803 3785 ob
822 3731 990 3785 ullam
1023 3731 1253 3800 gratiam
1304 3740 1399 3784 aut
1427 3730 1669 3784 favorem
1689 3741 1784 3785 aut
1814 3731 2041 3801 propiu-

454 3822 724 3891 quitatem
779 3830 875 3875 aut
934 3823 1231 3877 amicitiam
1275 3823 1422 3876 hunc
1454 3822 1520 3875 ad
1552 3822 1781 3892 gradum
1815 3836 2038 3893 promo-

453 3922 610 3977 vere,
632 3911 736 3967 sed
761 3913 833 3967 ob
881 3914 1163 3972 virtutem,
1218 3912 1506 3966 scientiam
1563 3920 1618 3967 et.
1666 3914 2037 3983 prudentiam,

454 4003 675 4059 ethunc
696 4013 889 4071 aptum
913 4019 1037 4059 esse
1068 4005 1122 4058 in
1157 4004 1445 4067 omnibus;
1481 4014 1535 4058 et
1585 4013 1710 4074 post
1754 4005 2040 4073 juramen-

453 4103 641 4149 torum
690 4094 1108 4149 allirmatiouetu
1144 4094 1329 4162 sigillo
1365 4094 1511 4148 hunc
1540 4094 1760 4149 admitti
1799 4097 1853 4148 in
1898 4109 2041 4164 pra:-

454 4185 701 4241 fcctorali
754 4185 968 4240 ofﬁcina
1028 4184 1099 4239 ab
1151 4200 1217 4238 eo
1277 4186 1370 4253 qui
1430 4184 1789 4239 directionem
1842 4185 2036 4252 habet;

452 4276 653 4331 deinde
703 4277 777 4330 ita
813 4277 1078 4332 collocari
1111 4277 1164 4330 in
1198 4277 1442 4332 concilio
1472 4285 1525 4332 et
1550 4277 1902 4332 adnumerari
1961 4286 2040 4331 ta-

2142 1826 2316 1894 ῥᾷστα
2347 1818 2449 1878 ὧδε
2492 1824 2717 1877 κάκεῖσε
2760 1821 3153 1892 περιφέρεσθαι
3195 1819 3275 1882 εἷς
3304 1836 3364 1872 τε
3408 1819 3454 1851 ⁸³
3488 1819 3588 1884 τὰς
3617 1821 3731 1876 τῶν

2139 1915 2508 1986 φαλσαμάτων
2540 1914 2756 1983 γραφὰς
2810 1913 2905 1966 καὶ
2943 1910 3044 1974 τὰς
3073 1910 3185 1963 τῶν
3210 1910 3594 1981 δελεασμάτων
3618 1929 3732 1964 πα-

2141 2006 2450 2077 ραγραφὰς,
2481 2004 2556 2068 ὡς
2572 2006 2619 2038 ⁸³
2657 2005 2709 2057 εί
2730 2003 2795 2072 γέ
2835 2020 2967 2056 ποτε
3000 2000 3228 2056 τοιαῦτά
3277 2019 3362 2065 τις
3416 2003 3576 2074 παρὰ
3630 2002 3732 2056 τὸν

2136 2096 2298 2165 νόμον
2321 2094 2414 2148 καὶ
2446 2094 2514 2147 τὰ
2537 2088 2980 2163 συμόιὸασθέντα
3013 2092 3109 2145 καὶ
3126 2093 3407 2162 γραφῆναι
3436 2092 3731 2163 ὁρισθέντα

2136 2187 2384 2258 εὑρεθείη
2443 2186 2937 2259 διαπραττόμενος,
2978 2185 3071 2237 ὑπ’
3102 2184 3336 2257 εὐθύνην
3370 2185 3595 2239 ἔσεσθαι
3629 2187 3730 2240 καὶ

2137 2279 2269 2342 τοὺς
2300 2279 2464 2332 αὐτὸν
2494 2279 2979 2349 μαρτυρήσαντας.

2220 2368 2315 2422 Ἐν
2336 2368 2405 2422 δὲ
2428 2366 2576 2433 τῷβ¹
2601 2385 2735 2437 κεφ.
2754 2368 2948 2437 φησιν
2973 2384 2989 2400 ο
3032 2368 3093 2421 '0
3134 2366 3731 2439 προχειρισθησόμενος

2135 2460 2339 2528 ὀφείλει
2405 2460 2501 2511 ἐπὶ
2551 2460 2820 2530 στόματος
2858 2458 3005 2529 ἔχειν
3026 2458 3155 2522 τοὺς
3184 2465 3236 2528 μ’
3262 2460 3477 2524 τίτλους
3513 2461 3609 2514 τοῦ
3633 2464 3732 2530 ἔγ-

2134 2550 2390 2621 χειριδῐου
2441 2549 2673 2620 νομίμου
2726 2549 2824 2602 καὶ
2851 2548 2960 2602 τῶν
3064 2548 3288 2619 βιϐλίων
3339 2549 3438 2621 τὴν
3493 2551 3734 2619 γνῶσιν,

2135 2641 2487 2710 παιδευθῆναι
2516 2641 2573 2694 δὲ
2600 2641 2694 2693 καὶ
2731 2640 2831 2711 τὴν
2860 2640 3150 2708 ἐγκύκλιον
3175 2640 3483 2705 παίδευσιν,
3534 2641 3612 2706 ὡς
3641 2642 3721 2714 μὴ

2134 2734 2519 2803 διαμαρτάνειν
2558 2733 2619 2785 ὲν
2651 2734 2771 2796 ταῖς
2801 2732 3079 2785 ὲκδόσεσιν
3115 2730 3549 2803 ἢδιολισθαίνειν
3591 2735 3725 2804 περὶ

2134 2826 2232 2894 τὴν
2270 2824 2435 2890 λέξιν,
2487 2823 2632 2893 ἔχειν
2664 2824 2722 2876 δὲ
2743 2823 2838 2876 καὶ
2863 2823 2954 2875 τὸν
2987 2823 3179 2892 χρόνον
3215 2823 3594 2893 πληρέστατον
3626 2816 3723 2877 τοῧ

2134 2914 2550 2985 διατρανοῦσθαι
2593 2914 2687 2966 καὶ
2722 2912 2803 2983 τῷ
2831 2912 2908 2981 νῷ
2934 2913 3027 2966 καὶ
3069 2912 3148 2983 τῷ
3175 2911 3409 2980 σώματι·
3436 2915 3626 2985 χειρὸς
3666 2908 3726 2968 δὲ

2062 3055 2104 3112 c
2137 3009 2322 3077 γραφῇ
2370 3005 2689 3058 ὲκτυπούτω
2715 3005 2774 3057 ὲν
2814 3004 2892 3073 τῷ
2919 3003 3183 3073 συλλόγῳ,
3221 3005 3352 3073 μήτι
3394 3005 3505 3057 τῶν
3537 3007 3729 3077 docui)-

2136 3115 2245 3151 των
2263 3096 2720 3168 διαπράττεσθαν
2754 3095 2885 3167 εἰρὶ
2929 3094 3240 3167 φωραθείη,
3269 3096 3561 3151 ἐκπίπτειν
3614 3099 3709 3153 τοῦ

2144 3187 2379 3257 βαθμοῦ,

2225 3278 2321 3330 Ἐν
2341 3275 2408 3329 δὲ
2434 3275 2515 3341 τῷ
2534 3282 2583 3346 γ’
2610 3292 2741 3344 κεφ.
2766 3276 2991 3344 φησιν·
3016 3276 3108 3329 Δεῖ
3138 3276 3581 3347 προχειρίζεσθαι
3609 3271 3725 3330 τοῦι

2138 3387 2229 3424 τον
2257 3368 2478 3422 οὑτωσί·
2509 3368 2648 3438 μετὰ
2669 3368 2769 3439 τὴν
2814 3366 3218 3437 διαμαρτυρίαν
3242 3368 3338 3420 καὶ
3366 3368 3467 3438 τὴν
3497 3368 3726 3438 ἔρευναν

2138 3456 2532 3527 ἐμφανίζεσθαι
2560 3457 2700 3525 μετὰ
2731 3456 2827 3509 τοῦ
2878 3456 3139 3524 συλλόγου
3167 3456 3276 3509 τῶν
3318 3455 3727 3527 ταδουλλαρὶων

2138 3549 2234 3599 καὶ
2281 3544 2376 3598 τοῦ
2440 3545 2848 3616 πριμμικηρίου
2891 3538 2971 3615 τῷ
3001 3543 3330 3616 ἐνδοξοτάτῳ
3360 3547 3588 3618 ἐπάρχῳ
3627 3542 3725 3617 τῆς

2140 3637 2389 3701 πόλεως,
2459 3636 2749 3706 ἐφεστρίδα
2832 3630 3248 3707 ἠμφιεσμένον,
3329 3638 3727 3709 ὲπομνυμένων

2139 3729 2367 3782 ἐκείνων
2407 3729 2487 3791 είς
2516 3727 2648 3780 Θεὸν
2686 3727 2907 3791 καὶτὰς
2966 3727 3244 3797 σωτηρίας
3293 3728 3403 3781 τῶν
3432 3729 3717 3799 βασιλέων,

2144 3820 2219 3891 μὴ
2248 3820 2338 3873 διά
2364 3836 2489 3874 τινα
2518 3820 2678 3889 χάριν
2712 3814 2745 3889 ἢ
2778 3818 3129 3890 παράκλησιν
3158 3819 3192 3891 ἢ
3218 3819 3543 3889 συγγένειαν
3576 3822 3609 3893 ἢ
3638 3839 3722 3889 φι-

2140 3911 2263 3965 λίαν
2289 3911 2476 3964 τοῦτον
2501 3910 2580 3981 τῷ
2605 3902 2801 3980 βαθμῷ
2844 3910 3221 3974 ἔντάττεσθαι,
3246 3912 3383 3965 ἀλλὰ
3413 3913 3482 3966 δι’
3521 3913 3726 3985 ἀρετὴν

2143 4002 2237 4056 καὶ
2260 4001 2463 4069 γνῶσιν
2521 3998 2617 4054 καὶ
2654 4000 2874 4054 σύνεσιν
2900 4000 2995 4053 καὶ
3015 4001 3075 4053 τὸ
3101 4001 3287 4055 ἰκανὸν
3318 3997 3459 4055 εἶναι
3490 4003 3548 4055 ὲν
3571 4005 3721 4056 πᾶσι⁸

2143 4094 2238 4146 καὶ
2268 4092 2408 4163 μετὰ
2444 4092 2542 4163 τὴν
2592 4092 2703 4147 τῶν
2727 4093 2907 4162 ὅρκων
2953 4092 3244 4163 βεϐαίωσιν
3274 4094 3531 4163 σφραγῖδι
3563 4091 3728 4147 αύτδν

2142 4184 2583 4257 προχειρίζεσθαι
2610 4186 2669 4237 ὲν
2710 4183 2789 4255 τῷ
2828 4185 3118 4256 ἐπαρχικῷ
3167 4184 3415 4256 σεκρέτῳ
3441 4186 3593 4255 παρὰ
3628 4178 3725 4239 τοῢ

2143 4279 2243 4348 τὴν
2285 4277 2582 4347 ἡγεμονίαν
2641 4276 2881 4347 ἔχοντος,
2908 4265 3009 4331 εἷθ’
3058 4272 3235 4342 οὕτως
3267 4278 3619 4332 ὲντάττεσθαι
3650 4278 3726 4348 τῷ

450 4367 719 4432 bulariis;
751 4365 950 4423 deinde
988 4368 1043 4421 in
1079 4368 1363 4436 templum,
1408 4382 1577 4437 prope
1625 4367 1772 4436 quod
1830 4368 2035 4424 habita-

2156 4368 2396 4437 συλλόγῳ
2466 4369 2559 4421 καὶ
2619 4368 3071 4440 συναριθμεῖσθαι
3112 4372 3230 4432 τοῖς
3284 4369 3723 4440 ταὸουλλαρίοι;’

454 4462 665 4515 tionem
708 4461 893 4526 habet,
952 4460 1184 4530 ingredi,
1220 4460 1480 4513 omnibus
1535 4459 1822 4514 tabulariis
1903 4471 2028 4530 toga

451 4552 684 4617 iudutis,
744 4562 798 4608 et
838 4555 1156 4609 consecrari
1215 4568 1312 4623 per
1364 4552 1674 4606 orationem
1724 4553 2030 4609 sacerdotis

451 4655 576 4714 toga
631 4653 858 4699 exutum
888 4656 941 4699 et
985 4646 1112 4698 albo
1159 4645 1492 4699 vestimento
1521 4653 1797 4714 opertum,
1824 4653 1881 4700 et
1918 4646 2030 4700 eir-

450 4736 768 4791 cumdatum
801 4737 1087 4791 tabulariis
1115 4735 1374 4791 omnibus
1423 4746 1547 4807 toga
1582 4737 1810 4803 indutis,
1842 4737 2031 4806 primi-

451 4827 599 4882 cerio
632 4827 968 4881 thuribulum
1028 4835 1245 4881 tenente
1276 4835 1330 4880 et
1360 4826 1426 4879 ad
1488 4827 1632 4879 hunc
1664 4826 1868 4880 bonum
1902 4826 2031 4880 odo-

451 4928 568 4967 rem
623 4915 930 4979 emitleute,
976 4915 1106 4968 dum
1167 4916 1421 4969 manibus
1470 4915 1645 4985 legem
1686 4915 1929 4985 pra-fert,
1962 4918 2028 4970 ml

451 5006 794 5077 dirigendqu
826 5006 946 5076 ejus
975 5008 1097 5062 vias
1124 5024 1217 5078 per
1246 5007 1593 5063 thuribulum
1625 5009 1944 5079 signiﬁeati,
1969 5019 2031 5063 ut

2134 4461 2331 4514 ἔπειτα
2389 4461 2447 4512 έν
2480 4459 2615 4531 ναῷ,
2661 4450 2723 4512 οὗ
2772 4458 3004 4531 πλησίον
3064 4459 3168 4530 τὴν
3218 4459 3539 4530 κατοίκησιν
3587 4461 3724 4531 ἔχει,

2133 4550 2500 4620 ἀφικνεῖσθαι,
2558 4553 2781 4605 πάντων
2806 4551 2915 4603 τῶν
2962 4547 3370 4620 ταϐουλλαρίων
3406 4552 3724 4623 ὲφεστρίδας

2133 4642 2551 4714 ὴμφιεσμένων,
2612 4641 2708 4694 καὶ
2768 4631 3042 4694 τελεῖσθαι
3102 4640 3171 4693 δι’
3197 4640 3369 4710 εὐχῆς
3396 4641 3491 4694 τοῦ
3528 4643 3719 4711 ἱερέως

2133 4737 2233 4806 τὴν
2282 4734 2573 4804 ἐφεστρίδα
2626 4732 3064 4803 ὰποϐαλλόμενον
3095 4733 3193 4786 καὶ
3235 4734 3428 4786 λευκὸν
3461 4733 3715 4803 φελόνιον

2131 4826 2596 4895 ὲνδιδυσκόμενον,
2642 4826 2737 4878 καὶ
2768 4820 3233 4895 προπεμπόμενον
3265 4825 3419 4895 παρὰ
3459 4825 3569 4878 τῶν
3607 4843 3708 4878 τα·-

2132 4917 2465 4988 6ουλλαρίων
2513 4918 2735 4970 πάντων
2778 4917 2878 4980 τὰς
2914 4917 3239 4987 ὲφεστρίδας
3287 4917 3713 4987 ἡμφιεσμένων,

2132 5008 2224 5063 τοῦ
2254 5009 2660 5079 πριμμικηρίου
2700 5008 3060 5079 θυμιατήριον
3086 5007 3301 5078 ἔχοντος
3328 5008 3422 5061 καὶ
3459 5009 3595 5079 πρὸς
3619 5010 3718 5062 αύιο

452 5098 741 5153 iuccnsum
788 5114 972 5153 coram
1024 5099 1292 5166 Domino;
1346 5101 1423 5153 ita
1480 5101 1645 5170 igitur
1701 5100 1938 5169 gloriose
1973 5100 2031 5154 in

2137 5101 2219 5155 τὸν
2270 5102 2369 5171 τὴν
2433 5098 2662 5153 εὐωδίαν
2705 5097 3108 5167 ἐκπέμποντος,
3144 5099 3209 5153 ἐν
3248 5101 3369 5162 ταῖς
3414 5100 3574 5171 χερσὶ
3616 5103 3712 5153 τὸν

453 5191 712 5244 cathedra
751 5192 1010 5246 collocari
1068 5207 1239 5261 quam
1267 5192 1501 5247 sortitus
1544 5202 1628 5248 est
1656 5211 1671 5260 ;
1701 5191 1898 5247 deinde
1934 5194 2034 5247 do-

455 5294 603 5333 mum
633 5280 810 5336 redire
871 5297 995 5336 cum
1026 5297 1141 5337 sua:
1193 5283 1479 5354 dignitatis
1524 5294 1809 5354 apparatu,
1847 5285 2038 5339 convi-

2132 5194 2291 5262 νόμον
2344 5191 2765 5260 ἐπιφερόμενον,
2803 5189 2895 5243 τοῦ
2942 5189 3278 5244 κατευθῦναι
3306 5193 3408 5254 τὰς
3434 5192 3593 5255 ὀδοὺς
3620 5185 3722 5244 αύ-

2143 5284 2238 5336 τοῦ
2268 5283 2354 5336 διὰ
2385 5282 2480 5335 τοῦ
2516 5281 2881 5353 θυμιατηρίου
2906 5283 3330 5354 σημαινομένου,
3355 5285 3431 5347 ὡς
3468 5283 3724 5354 θυμίαμα

1744 5450 1978 5506 νΑιιιλΕ
2020 5447 2429 5505 LECTIONES.

516 5601 562 5631 "‘
588 5601 948 5681 “glandim;
992 5610 1034 5640 ’ί
1078 5610 1266 5663 Exstat
1297 5612 1349 5663 in
1381 5611 1570 5666 codice
1597 5612 1698 5681 τῆς
1725 5614 1889 5681 μονῆς
1923 5612 2027 5665 τῶν
2060 5611 2291 5681 Ἰἦήρων
2322 5611 2373 5663 in
2404 5617 2589 5663 monte
2624 5608 2840 5666 Athone
2871 5611 3011 5678 sitae,
3039 5622 3253 5666 necnon
3289 5606 3345 5663 in
3372 5603 3497 5662 cod.
3535 5605 3723 5664 Paris.

456 5665 530 5728 tu.
596 5673 716 5730 l55|
756 5676 849 5731 fol.
891 5665 1014 5734 2'92.
1055 5691 1107 5733 ct
1146 5681 1276 5735 1357
1302 5665 1401 5733 Af
1454 5682 1498 5714 υ
1525 5665 1766 5738 eoa}

1858 5685 1902 5715 ⁸³
1944 5682 2015 5748 ὡς
2053 5682 2276 5739 delenda
2305 5697 2425 5737 esse
2454 5681 2693 5736 videtur.
