4100 6226
341 429 567 500 *Βσπερ
590 425 659 481 τά
681 423 847 495 νεῦρα
871 420 978 474 τῶν
1010 415 1313 472 λαλούντων
1335 413 1586 485 ὀργάνων

354 520 523 575 Ῥέων
554 518 583 568 ό
617 513 828 585 μακρὸς
851 509 911 563 οὐ
939 506 1240 578 διαφθείρει
1261 505 1473 575 χρόνος.

418 612 580 668 Ἐπεὶ
605 608 662 662 δὲ
700 605 1092 678 μαργαίνουσιν
1123 603 1186 655 ἐκ
1216 598 1481 668 πονηρίας
1492 635 1507 657 ι

347 707 588 775 Πέτρους
616 697 956 768 ὁλοιτρόχους
990 710 1051 745 τε
1082 690 1313 761 μεστοὺς
1342 687 1588 758 πικρίας,

347 799 557 866 Λόγους
588 789 712 845 καθ’
737 786 893 856 ἡμῶν
922 780 1268 852 σφενὼνοῦσι
1301 777 1597 848 μακρόθεν,

346 891 610 954 Τέττιγος
643 878 937 951 ἐδράξαντο
959 872 1053 927 τοῦ
1084 870 1282 939 πτεροῦ
1313 868 1386 940 (4)
1412 869 1572 937 τάχα,

348 976 627 1041 Νύξαντες
654 969 827 1041 ἡμᾶς,
867 966 920 1019 εί
946 982 998 1017 τι
1022 963 1104 1016 δεῖ
1127 962 1221 1015 καὶ
1244 960 1552 1029 κομπάσαι,

350 1064 545 1122 Κακδν
579 1058 740 1129 κακῷ
767 1057 866 1128 μὲν
896 1053 1175 1123 ἐξιέμενος
1211 1049 1403 1114 πάλαι,

369 1157 429 1211 ιο
455 1150 866 1227 μητροραίστης
889 1146 965 1215 (5)
996 1145 1161 1213 φησὶν
1184 1139 1461 1211 ’Δτρείδου
1495 1136 1675 1207 γόνος,

358 1246 665 1318 ’Δχρηστον
690 1235 849 1310 εὗρεν
881 1238 939 1289 ἐν
967 1234 1068 1306 βίῳ
1098 1232 1398 1303 παροιμίαν
1421 1246 1436 1259 ο

370 1339 514 1409 Ἐγὼ
544 1338 604 1390 δὲ
631 1332 783 1403 καλῷ
813 1330 978 1384 καλὸν
1008 1326 1306 1396 ἐγγράφων
1340 1323 1521 1391 λόγον,

358 1431 461 1485 Τὸν
494 1427 695 1497 εὐσεϐῆ
726 1425 899 1477 λείπω
934 1437 999 1490 γε
1036 1418 1206 1490 μῦθον
1239 1417 1298 1468 έν
1327 1415 1429 1486 βίῳ

376 1526 434 1578 ὐ
464 1517 872 1591 πατροραίστης
898 1508 1192 1573 δυσσεϐοῦς
1215 1504 1562 1569 διδασκάλου,

364 1613 482 1669 Κᾶν
515 1612 563 1663 εί
585 1607 931 1679 διαρραγεῖεν
954 1601 1215 1671 Ἕλληνες
1248 1597 1436 1669 μέσον,

361 1705 635 1767 Μανέντες
651 1705 709 1756 ὲν
738 1700 945 1769 λόγοισι
976 1695 1247 1766 Τελχίνων
1277 1692 1436 1763 μέτα.

431 1795 543 1849 Καὶ
569 1793 761 1865 πρῶτα
792 1791 891 1861 μὲν
925 1788 1072 1859 ζήλῳ
1105 1803 1168 1855 γε
1189 1783 1421 1856 ῥωσθεὶς
1451 1781 1621 1851 ὲνθέῳ

360 1881 599 1955 Χριστὸν
637 1877 833 1951 κριτὴν
855 1875 1045 1945 τίθημι
1063 1874 1154 1927 τὸν
1183 1872 1314 1926 Θεὸν
1345 1871 1540 1937 Λόγον,

372 1976 463 2038 Ὠς
484 1975 614 2027 ὄντα
648 1970 831 2041 πηγὴν
860 1969 961 2040 τῆς
985 1965 1245 2038 ἀληθείας
1282 1963 1443 2033 μόνον
1478 1978 1492 1991 ·

360 2069 470 2123 Καὶ
484 2065 563 2135 τῷ
586 2064 746 2133 Λόγῳ
764 2061 961 2131 θρόνον
992 2076 1053 2112 τε
1078 2057 1173 2112 καὶ
1208 2057 1360 2127 βῆμα
1393 2055 1587 2124 γράφω

361 2157 558 2222 Τάξεις
584 2156 954 2226 παρεστώτων
982 2168 1045 2220 γε
1066 2150 1282 2203 σεπτῶν
1309 2149 1585 2216 ἀγγέλων,

360 2252 472 2305 Καὶ
507 2247 762 2318 συγκαλῶ
796 2246 1020 2318 θέατρον
1044 2243 1345 2315 ἀνθρώπων
1369 2242 1531 2311 μέγα,

364 2341 478 2397 Καὶ
502 2337 919 2412 προσκαλοῦμαι
948 2337 1074 2400 τοὺς
1106 2335 1274 2407 ιμοὺς
1298 2333 1659 2403 κατηγόρους,

361 2435 542 2490 Μέσον
571 2430 856 2505 παρελθὼν
885 2430 960 2494 ὥς
989 2446 1074 2492 τις
1099 2427 1322 2498 ὁπλίτης
1340 2426 1485 2490 νέος,

363 2524 479 2578 Οὐκ
513 2526 594 2587 είς
623 2520 811 2591 ἀγῶνά
840 2538 985 2593 φημι
1017 2520 1126 2573 τῶν
1145 2517 1487 2587 Ὀλυμπίων,

365 2616 706 2689 Ἐκκλησιῶν
730 2616 788 2669 δὲ
821 2614 931 2669 τῶν
951 2614 1065 2669 ἄνω
1087 2613 1310 2668 καὶτῶν
1344 2612 1517 2673 κάτω,

362 2712 594 2780 Μέτειμι
619 2709 803 2763 λοιπὸν
836 2710 894 2762 ὲν
917 2707 1178 2779 κονίστρᾳ
1202 2705 1311 2760 τῶν
1342 2705 1537 2771 λόγων.

436 2803 689 2872 Ἐρροιεν
715 2804 765 2856 οἱ
790 2801 852 2853 τὸ
882 2801 1036 2853 θεῖον
1074 2799 1453 2869 ὲεηρνημένοι,

363 2894 602 2949 Μανεϊεν
632 2896 682 2946 οὶ
711 2894 948 2947 Μάνεντι
981 2891 1419 2961 συμμεμηνότες,

365 2983 627 3055 Φθαρεῖεν
658 2984 709 3036 οι
736 2984 987 3045 σέϐοντες
1029 2979 1299 3050 Ἐλλήνων
1338 2979 1514 3042 θεοὺς,

362 3076 529 3140 Θεοὺς
549 3076 715 3147 ἔρωτι
744 3076 838 3129 καὶ
870 3074 1031 3128 πάθει
1057 3072 1456 3143 συνημμένους,

361 3169 530 3232 Θεοίις
550 3168 643 3223 ὑπ’
666 3166 878 3238 ἀνδρῶν
904 3164 1138 3219 εὐτελῶν
1165 3164 1565 3234 τετρωμένους,

360 3258 530 3323 Θεούς
550 3276 613 3312 τε
636 3259 858 3329 μοιχοὺς
880 3258 975 3311 καὶ
1000 3256 1128 3320 θεὰς
1156 3254 1522 3323 κασσωρίδας,

364 3353 505 3417 oce;
531 3352 625 3407 ὑπ’
645 3351 857 3423 ἀνδρῶν
884 3350 1156 3421 βουκόλων
1178 3348 1559 3418 γαμουμένας,

360 3445 526 3509 Θεούς
554 3463 615 3503 τε
635 3445 862 3515 χωλοὺς,
887 3444 981 3497 καὶ
1010 3442 1387 3515 παραϐλῶπας
1426 3440 1577 3501 θεάς.

431 3540 658 3594 Πέσοιεν
688 3539 737 3591 οἱ
769 3538 843 3608 μὴ
863 3535 1297 3608 προσκυνοῦντες
1320 3533 1607 3604 ἐμφρόνως

360 3631 479 3702 Θεῷ
505 3629 814 3702 προσώποις
829 3630 889 3683 ὲν
915 3628 1065 3699 τρισὶ
1080 3626 1372 3696 νοουμένῳ,

377 3726 735 3798 ’Υμνουμένῳ
758 3724 817 3778 δὲ
843 3727 910 3794 τῇ
938 3725 1037 3793 μιᾷ
1071 3721 1206 3792 μόνῃ
1233 3718 1393 3788 φύσει
1420 3733 1435 3747 ·

362 3820 588 3873 Θάνοιεν
607 3818 660 3871 οἱ
694 3817 793 3888 τὴν
822 3816 1002 3886 σάρκα
1038 3813 1133 3867 τοῦ
1160 3810 1293 3864 Θεοῦ
1335 3810 1509 3878 Λόγου

364 3905 457 3973 Μὴ
490 3906 587 3957 σὺν
618 3904 768 3973 φόϐῳ
799 3903 1048 3965 σέϐοντες
1074 3903 1138 3955 ἐκ
1167 3900 1344 3969 ψυχῆς
1371 3899 1530 3967 ὅλη;’

363 3994 596 4063 Χριστὸς
620 3992 988 4063 καταργήσειε
1013 3991 1110 4053 τὰς
1147 3986 1520 4060 βλασφημίας,

364 4083 556 4156 Σωτὴρ
585 4083 924 4154 όλοθρεὺσειε
948 4082 1130 4144 πάσας
1164 4081 1425 4149 αἱρέσεις,

362 4176 596 4249 Χριστὸς
619 4176 665 4229 δ’
692 4173 1014 4247 άμερδύνειε
1048 4173 1143 4227 καὶ
1171 4173 1280 4225 τῶν
1317 4169 1633 4240 σχισμάτων

363 4268 577 4338 Βλάϐην
607 4268 825 4321 ἃπασαν
857 4265 952 4319 καὶ
990 4263 1255 4333 πονηρίαν
1285 4261 1478 4330 φθόνου
1505 4276 1520 4291 ο

362 4358 554 4429 Σωτὴρ
582 4356 874 4411 άῖστὼσειε
906 4357 1034 4421 τοὺς
1063 4356 1220 4423 δόξης
1251 4355 1413 4425 χάριν

381 4450 713 4520 Ἐκκλησίαν
741 4449 1042 4518 τέμνοντας
1079 4449 1158 4511 είς
1189 4447 1502 4516 διαιρέσεις.

432 4541 621 4594 Ταῦτα
639 4540 823 4612 φρονῶ
847 4540 977 4605 ζῶν,
1002 4540 1096 4593 καὶ
1131 4536 1305 4592 θανὼν
1334 4539 1450 4590 ἐκεῖ
1479 4535 1646 4591 πάλιν

361 4632 735 4702 Καυχὼμενος
759 4631 980 4700 λέξαιμι
1008 4630 1245 4699 πρόσθεν
1272 4628 1519 4698 ἀγγέλων
1542 4646 1560 4664 ο

361 4724 427 4777 Τί
446 4742 527 4778 σοι
556 4725 816 4795 χρεωστῶ
839 4724 933 4777 τοῦ
962 4725 1078 4787 νοὸς
1105 4722 1246 4776 κατὰ
1271 4723 1453 4787 πλέον,

360 4812 432 4869 Ὦ
460 4816 836 4881 παντεπόπτα,
856 4816 951 4868 καὶ
980 4818 1210 4885 νεφροὺς
1234 4817 1310 4886 (6)
1335 4817 1427 4869 καὶ
1454 4817 1703 4886 καρδίας,

361 4900 433 4958 Ὢ
460 4908 587 4970 τοὺς
612 4905 907 4977 λογισμοὺς
929 4906 1225 4978 ἐξερευνῶν
1253 4908 1526 4977 ὲννόμωςς

434 5039 574 5095 Οἵον
599 5042 675 5111 δὴ
698 5042 796 5097 καὶ
828 5042 1006 5097 τοῦτο
1034 5040 1101 5095 τὸ
1130 5040 1620 5109 ήρωῑκοελεγεῖογ
1658 5039 1866 5095 αὑτοῦ.

368 5158 538 5227 Ἕρρε
571 5175 678 5226 μοι,
703 5152 748 5212 ὦ
780 5157 1102 5229 τριτάλαινα
1128 5155 1432 5225 Πολύμνια,
1467 5154 1682 5227 ἔρρετε,
1714 5153 1935 5225 μοῦσαι,

431 5251 618 5323 Αὐτὰρ
645 5251 787 5322 ἐγὼν
811 5250 921 5307 ἀπὸ
949 5249 1045 5302 νῦν
1078 5249 1371 5322 ῥητορικῆς
1405 5247 1606 5317 ἔραμαι
1630 5263 1646 5276 ’

358 5344 561 5398 Φὼτιον
588 5346 855 5417 ἀρχιερῆα
879 5341 1419 5417 γεροντοδιδάσκαλον
1451 5339 1649 5410 εὑρὼν,

630 5572 848 5649 videtur
876 5569 1125 5649 πτέρους.

429 5631 508 5709 (ὃ)
543 5644 635 5695 Sic
663 5641 790 5696 code.
813 5657 936 5695 cum
982 5631 1216 5708 'simplici
1270 5655 1322 5706 ρ,
1365 5645 1446 5709 ut_
1468 5631 1606 5709 infra
1632 5647 1679 5684 ν.
1720 5631 1809 5694 55,
1843 5631 1931 5685 ubi

361 5703 585 5767 sanedc
617 5711 814 5767 Photio
838 5714 889 5766 in
932 5703 1184 5767 exsilium
1219 5703 1388 5763 misso
1435 5703 1699 5775 loquitur,
1725 5716 1922 5770 graeco-

1712 272 1719 279 ’
1766 303 1928 364 APO]

2030 301 2157 361 }IA.
3499 288 3604 353 662
3706 338 3709 341 ι

1954 413 2003 465 Α
2101 408 2239 461 Cum
2294 416 2422 456 vero
2464 400 2698 455 delirant
2754 413 2820 451 ex
2881 396 3239 465 malignitate,
3273 402 3329 451 et
3385 412 3485 450 ceu
3534 402 3613 451 la.

2030 497 2247 569 pidibus
2308 493 2517 547 nocivis
2576 502 2630 544 et
2680 488 2977 543 acerbitate
3016 487 3229 556 plenis,
3268 490 3617 545 sermonibus

2029 604 2133 642 nos
2195 588 2464 655 impetunt
2548 583 2768 651 longum
2823 595 2921 648 per
2993 587 3247 647 tempus,
3300 581 3615 633 cicadarum

2031 685 2389 748 smnpscrunt
2467 675 2583 729 alas
2632 674 2911 734 fortasse,
2974 679 3034 723 ut
3091 685 3188 724 nos
3261 670 3614 725 lacesserent.

1938 778 1941 781 λ
2034 770 2088 824 Si
2123 768 2253 838 quid
2298 775 2513 837 oportet
2573 779 2828 835 magnum
2861 760 3044 830 loqui,
3084 760 3284 813 malum
3328 775 3427 827 pro
3477 760 3620 813 malo

2032 861 2296 925 inferens,
2358 859 2491 912 dicit
2561 857 2842 911 matricida
2872 894 2887 919 ,
2933 853 3136 907 Atrida:
3189 853 3333 906 ﬁlius
3372 869 3386 905 :
3426 853 3620 906 inutile

2033 953 2241 1008 invenit
2278 952 2333 1005 in
2374 952 2481 1005 vita
2520 949 2887 1021 proverbium.
2930 946 3039 1016 Ego
3094 954 3275 1000 autem
3338 946 3481 1000 bono
3521 946 3617 999 bo-

2034 1062 2163 1101 num
2220 1045 2528 1100 rescribens
2586 1057 2938 1107 sermonem,
3000 1034 3184 1108 linquo
3240 1038 3293 1090 in
3335 1037 3442 1090 vita
3503 1052 3618 1089 me-

2034 1138 2287 1199 moriam,
2332 1137 2599 1206 parricida
2633 1135 2781 1202 impii
2840 1133 3111 1201 magistri,
3140 1129 3393 1198 quamvis
3446 1128 3617 1183 (ἓνωεί

2034 1231 2088 1285 in
2123 1230 2301 1282 medio
2332 1229 2768 1298 disrumpantur,
2804 1224 2995 1278 furiosi
3028 1223 3156 1277 facti
3181 1224 3236 1276 in
3273 1220 3623 1277 sermonibus

2033 1334 2159 1374 eum
2192 1319 2493 1374 Telchinis.

2116 1722 2181 1778 Et
2216 1722 2451 1792 primum
2497 1721 2716 1790 quidem
2767 1718 2886 1773 zelo
2919 1725 3077 1772 actus
3126 1713 3311 1769 divino
3338 1713 3625 1768 Christum

1972 1803 2016 1859 Β
2038 1816 2279 1885 judicem
2313 1821 2495 1869 statuo
2528 1811 2696 1867 Deum
2739 1810 2973 1864 Verbum
3004 1850 3019 1874 ,
3053 1816 3111 1861 ut
3144 1814 3227 1862 est
3258 1805 3504 1861 veritatis
3534 1821 3623 1859 so-

2044 1908 2129 1963 lus
2154 1906 2311 1972 fons;
2340 1904 2591 1960 etVerbo
2621 1905 2875 1957 thronum
2905 1911 2957 1957 et
2988 1902 3282 1957 seabellum
3319 1900 3502 1954 scribo
3530 1914 3622 1954 or-

2041 2000 2200 2055 dines
2235 2013 2361 2053 esse
2398 1996 2884 2051 circumstantium
2913 2000 3232 2050 sanctorum
3272 1992 3619 2061 angelorum.

2040 2100 2096 2146 et
2137 2105 2385 2145 convoco
2431 2101 2688 2157 magnum
2728 2085 3008 2139 hominum
3044 2093 3270 2147 εωῑιιιιι,
3322 2091 3378 2138 et
3411 2085 3623 2137 advoco

2041 2198 2191 2238 meos
2220 2189 2593 2243 accusatores,
2627 2179 2681 2233 in
2717 2177 2954 2232 medium
2985 2175 3318 2246 ingrediens,
3347 2182 3408 2229 ut
3445 2189 3621 2228 novus

2047 2274 2269 2342 quidam
2303 2272 2485 2336 miles,
2536 2285 2646 2324 non
2678 2268 2734 2322 in
2766 2276 3043 2323 certamen
3094 2267 3216 2321 dico
3253 2265 3621 2337 Olympicum,

2041 2366 2134 2421 sed
2163 2364 2216 2417 in
2270 2361 2546 2417 Eeclesias
2575 2374 2698 2429 quae
2726 2374 2889 2428 supra
2941 2368 2997 2415 et
3019 2358 3161 2413 infra
3196 2359 3495 2427 exsistunt,
3528 2357 3620 2411 in-

1975 2468 1981 2473 '
2041 2455 2261 2525 gredior
2292 2454 2511 2511 tandem
2540 2466 2863 2509 sermonum
2894 2466 3105 2505 aream.

2117 2799 2435 2868 Dispeream
2464 2795 2559 2865 qui
2584 2793 2753 2849 Deum
2784 2802 3006 2858 negant,
3041 2790 3197 2845 furiis
3224 2790 3498 2858 agitentur
3520 2794 3617 2861 qui

2043 2906 2167 2944 cum
2223 2888 2377 2942 Mane
2442 2885 2744 2946 insaniunt,
2798 2890 3019 2952 pereant
3066 2881 3158 2949 qui
3197 2881 3384 2935 colunt
3409 2879 3624 2935 ϐιαιω-

2044 2994 2163 3033 rum
2212 2978 2365 3040 deos,
2413 2976 2545 3030 deos
2596 2973 2769 3027 amori
2833 2980 2888 3027 et
2932 2971 3285 3040 passionibus
3334 2972 3624 3036 obnoxios,

2044 3070 2177 3124 deos
2234 3084 2264 3122 a
2311 3068 2509 3123 vilibus
2554 3067 2689 3122 viris
2738 3066 3074 3125 vulneratos.
3108 3062 3241 3118 deos
3266 3064 3541 3117 adulteros
3572 3071 3627 3117 et

1964 3144 2009 3201 θ
2048 3162 2179 3215 deas
2209 3160 2565 3218 meretrices.
2615 3157 2748 3211 deas
2792 3171 2913 3225 qua:
2959 3154 3122 3209 boum
3170 3153 3495 3209 custodibus
3530 3168 3625 3207 nu-

2048 3257 2299 3320 pserunt,
2338 3247 2472 3304 deos
2497 3247 2724 3302 claudos
2750 3252 2804 3299 et
2827 3243 2958 3299 deas
2995 3244 3197 3299 luscas.

2123 3512 2335 3567 Cadant
2364 3510 2457 3578 qui
2490 3523 2595 3563 non
2621 3506 2971 3563 adoraverint
3004 3504 3296 3574 prudenter
3321 3502 3488 3559 Deum
3514 3505 3585 3558 tri

2046 3605 2151 3659 bus
2198 3604 2252 3656 in
2306 3601 2554 3671 personis
2583 3598 2863 3669 cognitum
2889 3636 2905 3661 ,
2950 3596 3395 3663 celebratamque
3424 3595 3476 3647 in
3510 3611 3621 3649 una

2044 3697 2160 3753 sola
2210 3704 2428 3750 natura.
2471 3690 2773 3748 Moriantur
2799 3690 2893 3762 qui
2924 3705 3141 3744 carnem
3174 3687 3267 3741 Dei
3297 3685 3460 3741 Verbi
3500 3702 3623 3741 eum

2047 3790 2243 3843 timore
2276 3801 2384 3841 non
2412 3784 2687 3840 coluerint
2714 3798 2777 3838 ex
2825 3790 2936 3837 tota
2968 3790 3167 3835 mente.
3209 3778 3463 3833 Christus
3493 3794 3626 3831 con-

2054 3880 2249 3937 fundat
2304 3876 2712 3948 blasphemias;
2746 3873 2998 3927 Salvator
3042 3870 3369 3925 exterminet
3420 3883 3627 3943 omnes

2048 3976 2327 4040 hrereses;
2364 3973 2618 4028 Christus
2664 3969 2895 4040 dissipet
2934 3966 3294 4021 schismatum
3352 3962 3626 4033 perversi-

2050 4077 2219 4123 tatem
2254 4082 2471 4121 onmem
2525 4074 2578 4118 et
2624 4061 3017 4131 malignitatem
3089 4057 3340 4122 invidire;
3379 4055 3629 4108 Salvator

2045 4158 2296 4213 destruat
2331 4156 2454 4210 illos
2478 4153 2570 4224 qui
2605 4151 2791 4223 gloria:
2814 4162 2979 4204 causa
3011 4147 3315 4202 Ecclesium
3344 4144 3398 4197 in
3431 4142 3625 4196 factio-

2045 4264 2144 4305 nes
2172 4246 2447 4302 dividunt.

1970 4487 2025 4549 Ῑ)
2122 4503 2247 4557 Ιιωο
2275 4501 2464 4555 vivens
2490 4499 2693 4568 cogito,
2724 4506 2778 4553 et
2819 4503 3067 4549 mortuus
3100 4492 3213 4547 illic
3253 4490 3449 4545 iterum
3484 4504 3618 4559 gauc

2046 4596 2185 4652 deus
2207 4593 2385 4649 dicam
2408 4607 2592 4646 coram
2626 4590 2856 4660 angelis.
2875 4587 3041 4656 Cujus
3064 4586 3140 4640 rei
3168 4583 3260 4637 tibi
3284 4580 3456 4651 magis
3474 4580 3623 4634 debi-

2050 4699 2136 4744 tor
2164 4703 2309 4751 sum,
2344 4703 2378 4741 o
2408 4695 2465 4738 tu
2495 4683 2588 4753 qui
2618 4690 2816 4737 cuneta
2868 4681 3039 4744 vides,
3072 4686 3274 4739 mente,
3320 4674 3543 4728 renibus
3570 4683 3621 4726 et

2048 4780 2237 4848 corde,
2265 4796 2299 4836 ο
2323 4787 2380 4834 ιιι
2412 4777 2508 4849 qui
2540 4775 2905 4847 cogitationes
2929 4780 3079 4835 recte
3111 4768 3415 4826 scrutaris?

2177 5026 2306 5080 Tale
2326 5034 2374 5078 et
2405 5025 2559 5077 hocce
2582 5031 2660 5076 est
2686 5016 3206 5085 heroico-elegiacum
3232 5013 3505 5082 ejusdem-

2119 5145 2201 5199 Ito
2230 5142 2385 5209 mihi,
2415 5156 2448 5195 ο
2474 5147 2558 5194 ter
2585 5138 2784 5193 misera
2812 5132 3117 5203 Polymnia,
3150 5132 3223 5186 ite
3256 5145 3460 5195 musa};
3498 5145 3618 5183 nam

2044 5254 2146 5310 ego
2179 5251 2327 5291 nunc
2355 5234 2592 5289 maxime
2632 5228 2959 5284 rhetoricam
2985 5224 3182 5280 adamo
3216 5244 3228 5281 :

2118 5329 2372 5386 Pbotium
2398 5327 2546 5383 enim
2593 5319 3038 5392 archiprmsulem
3080 5332 3270 5376 senum
3307 5315 3624 5387 magistrum
3684 5296 3695 5309 ’

1854 5469 2084 5532 ΝΟΤίΕ.

2048 5574 2169 5616 rum
2206 5554 2685 5611 sehismaticorum
2721 5548 2937 5606 insania
2956 5550 3235 5621 despecta.

2118 5629 2195 5699 (7)
2220 5628 2281 5684 C.
2319 5626 2432 5683 vid.
2466 5622 2702 5694 νεφρῶν.
