4100 6226
439 302 1704 341 Ws

990 481 1686 703 LEONIS
1764 470 3101 635 'lMPERATORIS

1720 775 2413 905 TACTICA

1990 1007 2135 1052 SIVE

1335 1133 1484 1223 DE
1546 1131 1690 1223 RE
1762 1131 2324 1222 MILITARI
2411 1135 2810 1224 LIBER.

1665 1325 2006 1388 JOANNES
2038 1325 2436 1389 MEURSIUS

1251 1477 1475 1523 GBBCB
1529 1477 1767 1522 ιιιιιιωε
1808 1477 2144 1530 νυιρινιτ,
2203 1476 2282 1519 ΕΤ
2330 1477 2530 1522 ΝοτΑε
2562 1479 2843 1524 ADDIDI'I'.

1890 1582 1941 1638 J.
1983 1580 2245 1638 LAMIUS

806 1746 810 1750 -
886 1717 961 1757 ιι
994 1713 1415 1757 ηεοιῠτιβθιιιο
1446 1713 1638 1756 (ιοωῡε
1663 1709 2317 1754 ιλυιιεκτιλιηοιυτιιυιι
2348 1712 2425 1751 SUI

1618 1714 1638 1753 Β
1663 1709 2317 1754 ιΑυιιεκτιΑΝοιιϋτιιυιι
2348 1712 2637 1754 ευιψιενιτ
2682 1715 2857 1764 ATQUE
2890 1717 3177 1760 RBSTITUI‘I‘
3196 1711 3237 1761 ὀ

1499 2006 1986 2055 ιιιυδτιιιεειωε
2014 2009 2093 2053 AC
2124 2010 2595 2057 POTENTISSIMIS

690 2108 796 2154 DD.
834 2106 1180 2154 ORDINIBUS
1235 2107 1674 2153 αεηκιιολιιυυε
1706 2107 2225 2154 ποευειλτοιιυκ
2253 2110 2309 2152 BI

1833 2108 2225 2154 DBIATOBUM
2253 2110 2463 2153 BELGII
2512 2113 2838 2170 PROVINC.,
2868 2117 3115 2161 PATRIB
3145 2121 3452 2170 PATBIBUS

1334 2208 1621 2255 JOANNES
1647 2210 1964 2258 υιυιιειυε
2005 2211 2231 2258 DEDICO
2288 2213 2764 2271 CONSECROQUE.

498 2424 864 2481 Illustrissimi
910 2425 1370 2495 potentissimique
1444 2423 1685 2488 Domini,
1724 2425 1778 2479 in
1837 2425 2001 2481 lucem
2034 2426 2244 2497 profero
2283 2425 2508 2483 Leonem
2550 2430 2944 2500 imperatorem.
2980 2450 3080 2488 sua
3114 2452 3252 2492 nunc
3283 2437 3463 2511 lingua
3514 2443 3590 2501 De
3622 2460 3681 2503 re

427 2516 653 2571 militari
681 2516 1046 2581 disserentem,
1078 2529 1197 2567 cum
1226 2513 1477 2566 hactenus
1508 2528 1600 2581 per
1624 2514 1958 2600 interpretem
1991 2523 2198 2568 tantum
2226 2516 2283 2568 id
2306 2518 2492 2586 egerit,
2528 2527 2577 2570 et
2627 2514 2769 2572 vobis
2800 2520 2985 2589 o/fero.
3033 2519 3422 2592 Repreltendent
3450 2529 3681 2600 fortasse

428 2603 885 2677 nonnulli,'quasi
913 2611 1109 2671 preter
1147 2610 1371 2671 tempus,
1393 2616 1511 2654 cum
1550 2616 1644 2668 per
1682 2599 1925 2655 inducias
1952 2617 2103 2655 arma
2130 2603 2355 2668 sileant;
2398 2605 2588 2675 quibus
2614 2606 2853 2675 equidem
2886 2609 3116 2663 rationes
3147 2628 3274 2666 suas
3304 2631 3408 2670 non
3436 2599 3680 2675 constare

429 2690 773 2761 respondebo.
810 2688 955 2744 Nam
991 2690 1204 2758 quando
1239 2689 1317 2744 vel
1359 2691 1413 2743 in
1458 2689 1722 2742 altissima
1761 2704 1891 2758 pace
1918 2689 2256 2758 cogitandum
2297 2706 2408 2744 esse
2444 2691 2509 2743 de
2540 2690 2704 2758 bello,
2730 2693 2921 2747 scitum
2963 2695 3032 2748 sit
3070 2706 3298 2753 veterum
3339 2704 3678 2773 prudentum,

426 2783 547 2853 quis
572 2798 734 2837 sanus
767 2780 1009 2849 sepositis
1044 2780 1308 2834 duntaxat
1335 2780 1408 2833 ad
1442 2776 1560 2832 XII
1593 2795 1759 2832 annos
1787 2780 1973 2844 armis,
1999 2796 2033 2833 a
2063 2786 2171 2832 tam
2199 2779 2338 2832 brevi
2373 2779 2709 2833 induciarum
2737 2795 2969 2850 tempore
2995 2784 3226 2838 alienam
3256 2787 3379 2842 belli
3403 2794 3683 2862 cogitatio-

427 2885 546 2924 nem
574 2869 809 2923 dixerit?
839 2867 994 2925 Certe
1026 2870 1082 2922 in
1119 2883 1249 2936 pace
1277 2882 1431 2921 arma
1462 2864 1714 2919 discenda
1745 2879 1891 2928 sunt,
1921 2876 1978 2919 ut
2011 2882 2196 2920 eorum
2222 2866 2444 2921 scientia
2472 2868 2524 2921 in
2558 2866 2693 2921 bello
2721 2881 2964 2938 prompta
2987 2881 3145 2941 atque
3172 2874 3319 2929 utilis
3352 2894 3464 2933 esse
3487 2883 3678 2950 possit.

429 2955 697 3010 Prcetereu
736 2972 836 3008 sua
867 2964 1050 3024 sponte
1093 2955 1162 3007 ad
1202 2970 1291 3008 vos
1330 2952 1418 3006 hic
1465 2951 1571 3007 Leo
1611 2953 1983 3018 contendebat,
2010 2953 2157 3008 vobis
2187 2970 2243 3008 se
2282 2953 2460 3008 deberi
2493 2955 2829 3019 existimans,
2864 2958 2954 3026 qui
2991 2960 3067 3010 rei
3111 2960 3363 3015 militaris
3397 2963 3554 3037 longo
3583 2986 3683 3024 usu

427 3044 659 3098 maxime
686 3045 862 3114 periti,
893 3044 1143 3097 honorem
1174 3042 1342 3096 armis
1391 3056 1676 3113 eorumque
1708 3041 2117 3111 praeceptoribus
2146 3040 2335 3095 habere
2360 3043 2588 3096 sciretis.
2619 3042 2752 3110 Quis
2772 3045 2911 3097 enim
2941 3045 3095 3100 hodie
3121 3050 3432 3104 mortalium
3468 3053 3680 3123 ignorat

428 3132 644 3198 bellum,
669 3132 809 3202 quod
843 3130 1220 3201 gravissimum
1248 3146 1343 3200 per
1371 3138 1449 3183 tot
1478 3145 1647 3183 annos
1676 3138 1881 3198 gestum
1904 3138 2002 3195 est,
2034 3128 2221 3182 vestris
2243 3129 2520 3198 auspiciis,
2543 3130 2708 3183 ductu
2739 3130 3098 3185 illustrissimi
3127 3137 3381 3204 principis
3441 3137 3680 3197 Mauritii

426 3235 457 3273 a
476 3217 709 3283 Nassau,
728 3221 881 3286 cuius
896 3228 945 3274 et
965 3219 1212 3273 virtutem
1226 3217 1581 3288 laudequavis
1595 3216 1872 3286 majorem,
1900 3224 1952 3270 et
1973 3215 2413 3286 incomparabilia
2439 3217 2494 3270 in
2518 3216 2899 3287 rempublicam
2929 3230 3158 3273 vestram
3180 3225 3386 3287 merita.
3408 3229 3556 3281 nulla
3579 3245 3683 3284 uu-

423 3325 587 3379 quam
626 3318 760 3362 tetas
789 3306 1115 3361 obliterabit.
1148 3304 1470 3360 Evolvamus
1498 3302 1874 3359 Historiarum
1904 3304 2143 3358 omnium
2177 3314 2540 3369 monumenta,
2565 3308 3132 3375 repetamuslomnium
3168 3310 3485 3366 surculorum
3519 3315 3684 3385 bella,

428 3413 578 3450 nemo
601 3398 890 3468 quidquam
928 3396 1178 3462 inveniet,
1204 3396 1345 3465 quod
1372 3409 1493 3449 cum
1520 3394 1619 3449 hoc
1649 3402 1821 3450 vestro
1847 3408 2157 3462 componere
2178 3392 2366 3461 possit.
2394 3392 2562 3461 Atque
2586 3394 2718 3447 adeo
2747 3394 2836 3448 vix
2858 3394 3050 3449 habere
3075 3396 3234 3466 ﬁdem
3265 3401 3552 3468 posteritas
3585 3419 3687 3473 ρο-

428 3487 572 3549 terit,
603 3501 723 3539 cum
754 3484 913 3556 leget,
962 3484 1040 3540 vel
1086 3484 1291 3553 optima
1328 3482 1432 3551 ﬁde
1475 3483 1534 3536 in
1574 3484 1777 3551 scripta
1813 3481 2075 3535 relatum.
2106 3479 2479 3533 Admirabitur
2509 3480 2765 3549 populum
2793 3482 3078 3551 imbellem,
3110 3493 3160 3539 et
3188 3501 3282 3555 per
3317 3485 3686 3558 longissimam

427 3586 611 3635 pacem
640 3570 850 3627 militia:
878 3572 1152 3641 ignarum,
1180 3568 1435 3624 adversus
1465 3569 1891 3639 potentissimum
1922 3566 2085 3622 totius
2113 3566 2254 3621 orbis
2285 3564 2584 3621 Christiani
2616 3584 2790 3639 regem
2819 3586 2979 3625 arma
3006 3586 3240 3642 unquam
3260 3589 3467 3630 sumere
3495 3593 3688 3631 ausum

430 3660 596 3728 fuisse
617 3674 637 3713 :
665 3659 1027 3714 admirabitur
1058 3676 1091 3713 α
1116 3669 1225 3713 tam
1257 3659 1435 3728 parvis
1467 3658 1665 3725 initiis,
1686 3656 1857 3711 animi
1876 3654 2185 3725 pleniorem,
2219 3669 2380 3724 quam
2410 3656 2521 3722 spei
2550 3656 2619 3708 ad
2655 3656 2815 3710 istam
2842 3660 3263 3728 magnitudinem
3288 3664 3612 3732 pervenisse,

1277 3747 1381 3803 Per
1416 3749 1600 3802 varios
1639 3761 1824 3809 casus,
1868 3759 1965 3816 per
2002 3752 2083 3798 tot
2122 3741 2445 3799 discrimina
2494 3757 2702 3797 rerum.

432 3833 584 3889 Inter
617 3851 736 3906 quae
772 3836 994 3890 eminuit
1028 3851 1255 3906 semper,
1293 3844 1350 3889 ut
1386 3834 1679 3905 singularis
1725 3842 1898 3888 vestra
1932 3834 2240 3903 prudentia,
2268 3835 2346 3887 ita
2380 3849 2584 3903 quoque
2622 3832 2720 3889 illa
2762 3834 2961 3890 invicta
2989 3840 3317 3902 constantia,
3347 3855 3453 3911 qua
3489 3842 3687 3896 armati

432 3935 629 3978 rectum
659 3941 929 3995 nunquam
961 3941 1067 3978 non
1112 3925 1317 3978 clavum
1360 3922 1637 3985 tenuistis,
1671 3922 2009 3991 animumque
2035 3922 2113 3976 vel
2145 3922 2295 3976 rebus
2324 3922 2554 3977 maxime
2591 3922 2800 3993 afﬂictis
2851 3924 3221 3979 inconcussum
3259 3926 3544 3983 habuistis.
3580 3927 3689 3985 Ni-

432 4013 625 4064 mirum
672 4012 771 4066 Itoc
815 4027 1020 4081 semper
1062 4012 1418 4082 cogitabatis;
1454 4025 1551 4081 pro
1587 4009 1834 4063 libertate
1868 4009 2082 4078 publica
2138 4008 2355 4080 ejusque
2394 4010 2564 4064 tutela
2591 4024 2640 4065 et
2686 4028 2841 4082 agere
2871 4022 2921 4066 et
2954 4013 3067 4082 pati
3097 4014 3284 4084 fortia,
3314 4016 3690 4082 fwderatorum

434 4097 719 4168 Belgarum
760 4116 893 4155 esse.
932 4098 1126 4170 Ingens
1169 4099 1407 4170 profecto
1442 4098 1748 4166 beneﬁcium
1783 4106 1888 4161 est,
1909 4095 2047 4164 quod
2066 4112 2101 4149 a
2133 4096 2277 4152 vobis
2306 4112 2551 4166 accepere
2579 4098 2783 4154 subditi
2811 4104 2992 4168 vestri,
3021 4119 3184 4172 neque
3217 4104 3378 4173 facile
3413 4107 3692 4160 testimon-

431 4192 559 4239 dum
577 4203 597 4251 ;
633 4197 683 4241 et
705 4188 857 4242 debet
886 4186 1021 4241 illud
1049 4197 1251 4243 (eterna
1285 4189 1468 4256 aliqua
1497 4194 1833 4239 monumento
1864 4185 2186 4250 consecrari,
2213 4200 2276 4239 ne
2308 4189 2595 4254 posteritas
2623 4188 2846 4256 ignoret.
2883 4187 2952 4241 Id
2988 4200 3044 4242 ut
3069 4192 3190 4258 ﬁat,
3221 4202 3477 4260 quantum
3499 4193 3553 4245 in
3585 4207 3687 4255 me,

432 4290 648 4342 operum
685 4276 863 4339 dabo;
896 4290 1293 4345 proponamque
1334 4274 1477 4328 brevi
1524 4273 1761 4327 omnium
1813 4271 1981 4325 oculis
2023 4272 2080 4325 in
2124 4269 2376 4327 Historia
2415 4289 2530 4326 mea
2566 4288 2587 4328 :
2618 4289 2776 4343 quam
2811 4279 2949 4342 quod
2986 4285 3154 4329 vestro
3179 4276 3337 4344 jussu
3370 4278 3593 4343 adorna,
3631 4288 3691 4331 ut

433 4363 667 4416 ηιακὶωο
697 4364 826 4417 mihi
856 4365 1045 4418 honori
1075 4366 1234 4430 duco,
1263 4364 1342 4418 ita
1380 4378 1534 4432 pares
1561 4376 1767 4433 quoque
1791 4376 1852 4415 eo
1887 4360 2095 4414 nomine
2121 4361 2263 4415 vobis
2301 4363 2532 4430 agendas
2567 4376 2680 4413 esse
2713 4362 2939 4429 gratias.
2970 4360 3102 4416 Cum
3136 4372 3312 4417 autent
3353 4365 3486 4418 satis
3519 4381 3599 4419 me
3630 4366 3688 4418 id

432 4450 608 4519 facere
645 4467 750 4505 non
790 4468 943 4522 posse
965 4451 1293 4521 judicarem,
1332 4450 1670 4521 allegandum
1699 4450 1836 4502 hunc
1876 4451 2247 4517 imperatorem
2285 4450 2475 4512 statui,
2511 4457 2568 4501 ut
2598 4449 2738 4518 quod
2771 4458 2942 4503 vestro
2972 4451 3161 4504 merito
3191 4466 3304 4504 mea
3338 4452 3568 4505 tenuitas
3595 4452 3688 4505 de-

434 4539 689 4603 traheret,
713 4539 770 4593 id
815 4543 929 4607 ipse
962 4541 1265 4594 universum
1293 4554 1391 4591 sua
1419 4538 1701 4606 majestate
1737 4536 2025 4605 suppleret.
2052 4539 2218 4607 Atque
2247 4535 2331 4588 Itic
2357 4536 2562 4599 desino,
2590 4544 2844 4589 aeternum
2874 4536 3009 4591 illud
3040 4535 3250 4591 Numen
3282 4538 3503 4607 supplex
3538 4553 3689 4593 vene-

433 4642 581 4696 rans,
614 4627 1002 4693 Illustrissimi,
1034 4629 1507 4699 Potentissimique
1553 4626 1798 4691 Domini,
1830 4636 1887 4679 ut
1909 4625 2051 4679 vobis
2105 4624 2440 4692 consiliisque
2462 4624 2648 4677 vestris
2685 4623 2978 4690 benedicat,
3019 4634 3071 4680 et
3101 4635 3209 4680 tam
3234 4626 3496 4695 praeclaro
3531 4624 3693 4695 Operi

432 4724 659 4793 benigna
698 4741 862 4779 manu
896 4723 1237 4794 eolaplconem
1273 4723 1537 4792 imponat,
1571 4721 1819 4776 inducias
1879 4720 2037 4775 hasce
2088 4733 2216 4785 pace
2252 4719 2599 4789 conﬁrmans,
2649 4718 2751 4786 ipsi
2778 4717 3038 4789 gloriosa,
3067 4720 3199 4789 reip.
3227 4727 3413 4775 vestra
3440 4717 3690 4774 salutari.

435 4810 681 4883 Lugduni
713 4812 1045 4869 Batavorum
1067 4828 1122 4869 tv
1155 4811 1243 4867 Id.
1274 4809 1562 4866 Februarii
1584 4809 1755 4865 1672.

446 4977 3686 5009 mm

1793 5087 2067 5144 LECTOR
2104 5087 2423 5144 BENIGNE.

511 5213 689 5270 Habes
714 5213 906 5270 Leonis
930 5183 1172 5268 Tactica.
1201 5212 1417 5283 Integra
1441 5225 1507 5265 ea
1538 5207 1832 5281 prodeunt,
1861 5207 2107 5275 exceptis
2140 5207 2332 5277 paucis
2355 5204 2737 5277 paragraphis,
2764 5218 2795 5259 e
2819 5202 2998 5259 tribus
3024 5201 3308 5260 codicibus
3332 5202 3693 5277 imperfectis,

438 5324 670 5379 quorum
712 5324 826 5364 uno
868 5323 1005 5363 usus
1045 5322 1168 5362 sum
1201 5321 1233 5360 e
1267 5304 1597 5360 bibliotheca
1639 5300 1782 5371 regis
1818 5298 2119 5353 Galliarum
2143 5334 2160 5360 ,
2204 5294 2380 5348 altero
2402 5294 2657 5347 clectoris
2694 5289 2954 5354 Palatini,
2995 5290 3159 5379 tertio
3188 5288 3416 5379 loannis
3445 5288 3692 5361 Pistorii,

439 5374 540 5451 viri
571 5399 638 5452 ad
690 5398 902 5452 litteras
939 5396 1212 5466 iuvandas
1251 5390 1670 5465 promptissimi.
1712 5388 1916 5456 Regius
1954 5386 2010 5439 in
2053 5384 2324 5455 principio
2369 5381 2561 5466 etrtine
2591 5379 2822 5434 mutilus
2844 5386 2995 5446 erat;
3018 5374 3316 5466 Palatinus
3347 5377 3404 5432 in
3432 5379 3615 5434 medio
3637 5389 3693 5433 et

437 5489 583 5552 tlnc;
618 5464 967 5541 Pistorianns
999 5495 1213 5541 tantum
1240 5464 1297 5540 in
1331 5480 1531 5538 medio.
1566 5479 1624 5535 In
1649 5476 1897 5533 Palatino
1924 5480 2083 5531 erant
2109 5471 2379 5525 (lutitant
2398 5465 2850 5523 .Coustitutiones
2869 5481 2925 5521 st
2949 5464 3160 5538 priores
3183 5478 3307 5522 cum
3332 5480 3448 5534 xu,
3479 5481 3571 5531 xv,
3602 5480 3695 5523 ut

499 5636 516 5653 '
549 5636 677 5693 Opp.
705 5633 933 5695 Mcnrsii,
964 5634 1084 5681 tom.
1121 5629 1193 5680 Vl.
