4100 6226
233 216 344 277 673
1354 260 1357 263 -
1425 214 1759 279 TACTICA.
1802 244 1834 254 -

1935 216 2318 277 ⁵ΙῖᾸΞΕΑΤΙΟ.
3399 223 3527 290 ϐἹι

240 328 502 391 ἐπίδειξις
526 328 621 379 καὶ
644 327 963 393 ἀπόλαυσις,
989 329 1143 382 οὐδὲν
1169 330 1267 381 ὅσα
1296 330 1405 382 τῶν
1428 332 1486 383 ὲν
1510 331 1820 400 ἀνθρώποις

1935 331 2297 400 amplitudinis
2331 338 2532 385 nostra:
2560 330 2820 400 splendor
2860 343 3023 405 atque
3054 334 3287 402 fructus,
3318 351 3496 407 neque

243 419 456 487 ἐφετῶν
496 419 595 471 καὶ
637 418 858 487 τιμίων,
889 421 988 487 τὴν
1031 421 1312 490 ἡμετέραν
1337 420 1510 484 οῦτως
1538 421 1819 490 εὐφραίνει

1935 422 2223 491 quidquam
2253 422 2432 483 exiis,
2466 436 2588 490 qua'
2629 421 2682 473 in
2736 420 3055 479 hominibus
3097 425 3394 495 expetenda
3442 435 3500 482 et

240 509 543 580 βασιλείαν,
578 508 655 571 ὡς
684 510 718 579 ἡ
752 508 859 561 τῶν
889 509 1141 579 ὑπηκόων
1164 512 1356 581 είρήνη
1395 512 1490 563 καὶ
1518 512 1819 583 εὐημερία,

202 626 207 633 ·
240 600 335 653 καὶ
363 600 471 651 τῶν
504 598 799 652 πολιτικῶν
846 600 1192 668 πραγμάτων
1220 602 1254 671 ἡ
1300 601 1367 655 δι’
1401 602 1581 656 αὐτῶν
1630 603 1725 657 ἐπὶ
1762 603 1823 655 τὸ

240 693 491 759 κρεῖττον
542 689 874 752 κατάστασις
920 691 1015 743 καὶ
1063 690 1471 761 ἐπανόρθωσιςο
1535 692 1726 763 ὥσπερ
1763 692 1824 745 τὸ

241 782 486 835 ἐναντίον
529 781 680 833 οὐδὲν
721 779 896 843 οὔτως
939 781 1040 851 τὴν
1087 783 1245 851 ἡμῶν
1304 783 1534 853 καρδίαν
1576 784 1701 854 ἀνιᾷ
1729 784 1823 835 καὶ

241 873 426 934 λυπεῖ,
455 872 529 934 ὡς
558 873 591 941 ῆ
621 870 728 923 τῶν
757 871 861 922 ὑπὸ
892 873 1051 941 χεῖρα
1076 872 1408 942 δυσπραγία,
1446 874 1667 927 καὶτῶν
1696 874 1824 942 περὶ

243 964 442 1024 αὐτοὺς
474 962 695 1029 ἀγαθῶν
740 963 773 1031 ἡ
820 962 890 1014 δι’
924 961 1188 1029 ἀμελείας
1218 963 1516 1025 ἐλάττωσις
1570 964 1663 1015 καὶ
1720 980 1824 1015 κα·

242 1053 539 1113 τάπτωσις.
571 1051 632 1102 Εἰ
672 1049 781 1118 γὰρ
812 1048 930 1110 ἑνὸς
966 1048 1157 1119 ἀνδρὸς
1193 1049 1293 1118 τῆς
1333 1050 1489 1120 ἡμῶν
1517 1050 1823 1119 ἠξιωμένου

243 1142 502 1213 προνοίας
525 1182 540 1206 ,
572 1143 604 1211 ἡ
630 1142 728 1211 μὲν
778 1141 874 1193 ἐπὶ
899 1142 959 1193 τὸ
989 1143 1239 1210 κρεῖττον
1281 1143 1569 1204 ἀνάνευσις
1617 1142 1826 1209 ἄφατον

243 1236 376 1303 ἡμῖν
422 1232 761 1303 εὐφροσύνην
813 1229 1128 1301 ἐργάζεται,
1188 1232 1221 1301 ἡ
1271 1232 1329 1283 δὲ
1383 1233 1475 1284 ἐπὶ
1526 1232 1587 1284 τὸ
1644 1234 1825 1301 χεῖρον

243 1323 534 1384 ἀπόνευσις
562 1321 829 1391 ἀλγηδόνα
868 1320 1044 1389 ψυχῆς
1073 1320 1509 1389 ἀνυπερὸλητον,
1540 1320 1593 1373 τί
1626 1323 1726 1374 οὐκ
1754 1323 1820 1375 ἂν

249 1414 512 1482 πάθωμεν
563 1410 833 1465 τοσούτων
867 1410 1144 1480 μυριάδων
1183 1410 1284 1480 τῆς
1318 1410 1473 1480 ήμῶν
1522 1412 1662 1480 μετά
1694 1412 1827 1467 Θεὸν

247 1506 573 1575 ἠρτημένων
596 1506 852 1573 προνοίας
871 1544 885 1567 ,
934 1497 1008 1555 ὧν
1038 1503 1136 1574 τὴν
1180 1502 1439 1573 φροντίδα
1462 1503 1556 1555 καὶ
1583 1501 1681 1573 τὴν
1711 1505 1831 1557 ἑπι-

248 1597 471 1664 μέλειαν
496 1594 897 1665 χρεωστοῦντες
944 1590 1160 1661 νύκτωρ
1196 1592 1295 1660 μὲν
1341 1593 1827 1662 ὲπαγρυπνοῦμεν,

1926 513 2191 567 honorata
2222 522 2369 573 sunt,
2407 512 2745 581 Maiestatem
2789 521 3036 569 nostram
3084 516 3307 584 perinde
3347 517 3500 572 oble-

1926 610 2059 663 ctat,
2094 609 2151 654 ut
2181 614 2394 664 eorum,
2432 601 2522 669 qui
2566 601 2669 654 sub
2700 600 3040 656 dominatum
3084 613 3329 659 nostrum
3371 606 3501 659 sub-

1921 690 2055 760 jecti
2101 700 2250 753 sunt,
2290 706 2396 760 pax
2455 701 2618 761 atque
2669 692 3058 760 tranquillitas,
3099 702 3150 748 et
3193 694 3504 763 reipublica:

1926 792 2131 840 nostra:
2168 781 2324 835 ﬁrma
2347 784 2689 843 constitutio.
2720 792 2884 854 atque
2918 785 2985 838 ad
3025 784 3291 852 optimum
3321 801 3506 841 rerum

1934 882 2142 929 statum
2189 870 2487 938 traductio;
2534 873 2777 941 nihilque
2834 882 3027 929 contra
3068 885 3187 940 est,
3220 876 3368 945 quod
3405 894 3508 931 no-

1929 975 2101 1021 stram
2135 972 2371 1018 mentem
2399 964 2466 1017 de
2488 963 2661 1018 salute
2686 964 2836 1033 regni
2863 966 3193 1035 cogitantem
3223 966 3294 1020 ita
3343 979 3505 1023 vexet

1928 1065 1983 1112 et
2010 1055 2285 1119 sollicitet,
2315 1070 2378 1108 ac
2411 1070 2626 1121 eorum,
2660 1056 2751 1124 qui
2777 1064 2966 1109 nostro
2986 1057 3214 1126 imperio
3245 1058 3505 1114 obedien-

1932 1156 2010 1201 tes
2039 1156 2191 1210 sunt,
2224 1147 2583 1215 perturbatio,
2609 1157 2663 1200 et
2704 1164 2885 1203 rerum
2914 1149 3221 1214 meliorum,
3261 1152 3345 1204 vel
3379 1168 3505 1222 pro-

1928 1247 2049 1307 pter
2085 1237 2469 1307 negligentiam
2511 1238 2757 1301 amissio,
2806 1240 2889 1292 vel
2922 1252 3141 1309 pr0pter
3180 1244 3505 1312 imperitiam

1931 1323 2239 1378 labefactio.
2276 1322 2334 1376 Si
2376 1324 2523 1377 enim
2570 1325 2735 1378 unius
2780 1325 3013 1394 alicujus
3050 1328 3172 1391 viri,
3210 1330 3367 1398 cujus
3412 1346 3511 1384 nos

1934 1415 2415 1483 procurationem,
2461 1414 2940 1482 provisionemqne
2983 1418 3351 1487 suscepimus,
3384 1436 3511 1490 pro-

1933 1502 2144 1573 gressio
2187 1504 2255 1556 ad
2295 1502 2515 1563 melius,
2561 1501 2934 1555 incredibilem
2972 1503 3131 1556 nobis
3174 1505 3509 1575 voluptatem

1932 1594 2106 1657 all‘ert.
2138 1605 2193 1648 et
2226 1596 2292 1649 ad
2331 1595 2658 1649 deteriorem
2697 1604 2906 1663 partem
2947 1596 3264 1665 applicatio,
3297 1613 3515 1666 perma-

248 1687 465 1755 ἡμέρας
491 1687 547 1739 δὲ
573 1684 1005 1755 διαμελετῶμεν,
1032 1683 1208 1753 πάσης
1243 1684 1339 1753 μὲν
1366 1684 1556 1754 ἀηδίας
1578 1685 1671 1737 καὶ
1704 1683 1833 1754 βλά-

1935 1700 2100 1754 gnum
2141 1684 2303 1740 nobis
2346 1684 2590 1739 dolorem
2626 1694 2909 1754 apportat;
2943 1686 3071 1755 quid
3110 1702 3259 1742 nunc
3304 1687 3516 1743 elhccro:

249 1778 353 1845 6ης
389 1778 712 1847 ἐλευθέρους
764 1775 1159 1845 διατηρείσθαι,
1199 1775 1377 1846 πάσης
1418 1775 1476 1828 δὲ
1521 1777 1697 1845 χαρᾶς
1734 1776 1827 1829 καὶ

245 1869 547 1939 εὐημερίας
575 1867 962 1939 προσηκόντως
991 1866 1357 1920 ὲπαπολαύειν
1390 1883 1406 1931 ς

1934 1776 2219 1839 debemus,
2247 1786 2399 1831 tanta
2428 1777 2735 1841 hominum,
2762 1786 2815 1830 et
2857 1787 2964 1830 tam
2988 1777 3260 1849 frequenti
3285 1794 3350 1833 ac
3379 1793 3517 1849 pene

1935 1866 2148 1922 inﬁnita
2180 1869 2533 1929 multitudine
2574 1870 2676 1923 sub
2708 1877 2954 1923 nostram
2988 1870 3392 1939 providentiam
3427 1885 3517 1926 se-

247 1964 485 2015 cundum
517 1961 679 2015 Deum
712 1960 895 2015 statim
917 1960 1188 2029 subjecta,
1212 1975 1445 2030 quorum
1469 1975 1659 2016 curam
1699 1960 2178 2031 provisionemqne
2242 1964 2527 2018 nocturnis
2579 1963 2811 2030 vigiliis,
2862 1973 2916 2016 et
2980 1963 3177 2018 diurna
3244 1965 3514 2020 sollicitu-

245 2054 412 2114 dine,
460 2068 565 2104 non
618 2052 980 2121 deponimus,
1029 2064 1087 2110 ut
1134 2059 1204 2111 ab
1254 2056 1408 2111 omni
1452 2056 1701 2112 molestia
1760 2066 1814 2111 et
1864 2056 2163 2112 oﬂ‘ensione
2230 2057 2386 2112 liberi
2428 2066 2838 2121 conserventur,
2882 2066 2937 2112 et
2971 2059 3121 2112 omni
3168 2074 3352 2113 rerum
3429 2060 3512 2114 aL

257 2146 482 2199 ﬂuentia
515 2146 808 2217 lzetitiaque
838 2151 1204 2219 expleantur?

334 2239 494 2293 Ἀλλά
514 2238 624 2291 τῶν
656 2239 756 2307 μὲν
781 2240 956 2294 ἀλλων
981 2244 1112 2312 περὶ
1140 2244 1239 2312 τὴν
1268 2242 1545 2296 πολιτείαν
1571 2243 1831 2313 πραγμά-

250 2349 361 2384 των
393 2330 596 2401 μικράν
622 2347 747 2384 τινα
772 2331 1083 2402 δεξαμένων
1118 2333 1250 2395 ἴσως
1281 2335 1577 2387 ἐλάττωσιν
1610 2334 1671 2386 οὐ
1704 2352 1830 2388 τοσ-

250 2420 424 2489 αὐτην
444 2421 816 2490 κατανοοῦμεν
838 2422 937 2492 τὴν
977 2422 1199 2492 βλάϐην.
1238 2423 1351 2491 Τῆς
1374 2421 1433 2474 δὲ
1454 2424 1824 2494 στρατηγικῆς

256 2510 479 2581 μεθόδου
543 2510 937 2580 διαπεσούσης,
980 2512 1232 2565 τοσοῦτον
1261 2512 1331 2565 τά
1372 2513 1659 2581 Ῥωμαίων
1708 2530 1831 2565 συν-

253 2601 422 2671 ελάθη
450 2601 769 2671 πράγματα,
790 2603 914 2655 ὅσον
941 2603 976 2672 ἡ
1003 2604 1168 2673 πεῖρα
1185 2601 1278 2654 τοῦ
1309 2600 1404 2655 νῦν
1436 2602 1628 2673 χρόνου
1658 2604 1829 2657 πᾶσιν

254 2690 473 2744 ᾶπαντα
505 2692 646 2743 κατὰ
674 2691 987 2761 ὀφθαλμοὺς
1034 2692 1291 2763 ὁρώμενα
1341 2692 1641 2763 παρίστησι
1695 2694 1829 2763 πρό-

256 2781 415 2850 δηλα.
447 2783 594 2834 Ἔδει
626 2782 725 2850 μὲν
749 2782 856 2853 γὰρ
885 2782 1210 2852 ἀνθρώπους
1234 2783 1481 2847 ἅπαντας
1503 2784 1670 2838 εἰκόνι
1695 2785 1829 2838 Θεοῦ

257 2873 353 2925 καὶ
408 2872 551 2941 λόγῳ
597 2873 993 2941 τετιμημένους
1049 2871 1146 2942 τὴν
1190 2873 1417 2943 εἰρήνην
1465 2874 1827 2937 ἀσπάζεσθαι,

258 2965 355 3014 καὶ
380 2962 478 3033 τὴν
523 2965 602 3026 εἰς
628 2963 888 3034 ἀλλήλους
929 2963 1287 3034 περιθάλπειν
1327 2963 1574 3033 ἀγάπην,
1624 2965 1719 3017 καὶ
1754 2965 1828 3035 μὴ

262 3054 448 3123 χεῖρας
476 3055 688 3122 φονίους
718 3054 856 3108 κατά
881 3054 990 3107 τῶν
1007 3053 1288 3123 ὁμογενῶν
1324 3052 1692 3117 καθοπλίζειν.

2003 2240 2074 2294 At
2102 2238 2148 2293 si
2182 2246 2398 2302 caetera,
2416 2250 2539 2305 quae
2568 2235 2634 2288 ad
2661 2234 3047 2303 rempublicam
3080 2249 3212 2304 pace
3239 2243 3295 2290 et
3323 2237 3511 2291 consi-

1933 2331 2011 2385 lio
2048 2327 2465 2398 gubernandam
2496 2333 2765 2395 spectant,
2798 2340 2903 2379 non
2942 2334 3088 2378 recte
3119 2325 3513 2380 administran-

1931 2430 2037 2482 tur,
2089 2418 2233 2474 haud
2280 2426 2536 2487 magnum
2591 2415 2713 2471 inde
2765 2416 3152 2470 detrimentum
3192 2416 3358 2482 oriri,
3402 2432 3509 2470 non

1930 2527 2120 2583 graves
2162 2524 2341 2565 rerum
2386 2508 2825 2577 perturbationes
2872 2522 2937 2560 ac
2986 2507 3319 2562 mutationes
3373 2508 3510 2562 eﬂici

1929 2598 2213 2663 videmus;
2246 2594 2532 2664 disciplina
2559 2605 2739 2648 autem
2761 2594 2981 2648 militari
3001 2595 3238 2663 jacente,
3265 2604 3373 2649 tam
3406 2592 3510 2649 mi-

1932 2704 2089 2745 seras
2131 2702 2317 2742 rerum
2365 2685 2729 2749 olfensiones,
2759 2699 2824 2741 ac
2864 2685 3244 2741 lamentabiles
3284 2701 3513 2741 conver-

1931 2781 2116 2834 siones
2188 2776 2421 2833 Romani
2476 2784 2843 2845 acceperunt,
2895 2785 3132 2845 quantas
3194 2776 3512 2845 quotidiana

1931 2884 2116 2926 rerum
2166 2867 2507 2937 experientia
2550 2864 2678 2921 ante
2759 2867 2951 2921 oculos
2998 2876 3221 2922 nostros
3277 2881 3510 2935 conspe-

1928 2972 2189 3028 ctumque
2254 2960 2534 3029 proponit.
2623 2960 2698 3013 Ac
2772 2958 3022 3013 homines
3097 2958 3349 3023 quidem,
3420 2958 3515 3026 qui

1928 3057 2161 3123 ratione,
2213 3063 2270 3110 et
2344 3053 2439 3108 Dei
2496 3052 2670 3119 ipsius
2738 3050 3013 3119 imagine.
3068 3048 3314 3118 insigniti
3384 3053 3515 3104 sunt

264 3162 452 3215 pacem
481 3147 753 3216 amplecti,
787 3155 1092 3215 mutuaque
1134 3161 1194 3201 se
1236 3146 1528 3202 dilectione
1572 3148 1828 3217 prosequi
1891 3149 2159 3218 oportuit,
2196 3164 2373 3217 neque
2417 3160 2612 3201 manus
2667 3153 2924 3199 cruentas
2984 3153 3040 3197 et
3118 3145 3512 3202 consceleratas

263 3245 456 3291 contra
482 3253 652 3307 genus
684 3252 865 3299 suum,
896 3246 950 3292 et
978 3236 1213 3291 miseros
1243 3235 1500 3291 mortales
1523 3247 1759 3290 armare.

356 3322 575 3392 Ἐπειδὴ
596 3323 651 3376 δὲ
671 3325 700 3376 ὁ
723 3324 818 3375 ἀπ’
861 3323 1037 3392 ἀρχῆς
1082 3322 1532 3392 ἀνθρωποκτόνος
1576 3324 1834 3388 διάδολοςε

2002 3326 2269 3392 Quoniam
2302 3333 2486 3378 autem
2521 3324 2590 3377 ab
2624 3322 2787 3377 initio
2815 3322 3085 3390 parricida
3117 3322 3387 3387 diabolus,
3423 3337 3515 3393 ge-

276 3414 373 3468 καὶ
406 3416 499 3467 τοῦ
523 3417 711 3481 γένους
743 3415 901 3485 ἡμῶν
923 3414 1136 3485 ἐχθρὸς,
1153 3413 1243 3467 διὰ
1276 3415 1379 3481 τῆς
1399 3415 1675 3484 ἁμαρτίας
1702 3417 1851 3485 ἰσχυ-

276 3511 379 3578 ρᾶς
404 3507 481 3576 (ὅ)
500 3507 639 3560 κατά
664 3508 761 3577 τῆς
784 3508 921 3570 ίδίας
942 3508 1155 3574 φύσεως
1181 3506 1705 3574 ἀντιστρατεύεσθαι
1721 3508 1847 3569 τοὺς

274 3599 595 3668 ἀνθρώπους
622 3599 1052 3669 παρεσκεύασεν,
1094 3600 1246 3652 πᾶσα
1280 3599 1494 3667 ἀνάγκη
1530 3600 1651 3661 ταῖς
1677 3599 1844 3652 αὐτοῦ

273 3692 592 3760 γινομέναις
623 3692 711 3744 διά
739 3692 847 3744 τῶν
878 3691 1183 3761 ἀνθρώπων
1220 3693 1493 3760 μηχαναῖς
1520 3689 1844 3761 ἀνθρώπους

274 3780 815 3849 ἁντιστρατεύεσθαι,
833 3782 927 3833 καὶ
957 3783 1067 3841 τοῖς
1088 3780 1336 3832 ἐθέλουσι
1368 3778 1638 3848 πολέμους
1666 3780 1844 3834 ἔθνεσι

276 3872 355 3940 μὴ
382 3871 742 3941 εὐχειρώτους
772 3864 1174 3935 καθίστασθαι,
1210 3870 1349 3925 ἀλλά
1388 3872 1515 3933 ταῖς
1546 3887 1843 3941 στρατηγι-

272 3962 400 4021 καῖς
431 3961 674 4029 μεθόδοις
700 3961 798 4031 τὴν
830 3964 1110 4030 σωτηρίαν
1135 3960 1479 4030 πορίζεσθαι,
1504 3960 1601 4014 καὶ
1635 3960 1704 4014 δι’
1747 3961 1843 4014 αὐ-

269 4050 381 4103 τῶν
416 4052 779 4118 φυλάττεσθαι
827 4054 929 4120 μὲν
959 4053 1069 4106 ἀπὸ
1114 4052 1223 4105 τῶν
1260 4052 1649 4122 ἐπερχομένων
1682 4054 1842 4106 πολε-

271 4129 434 4193 μίων,
489 4127 746 4196 πράττειν
794 4129 851 4183 δὲ
896 4131 1039 4185 κατά
1094 4131 1276 4186 αὐτῶν
1317 4134 1418 4188 ὅσα
1459 4134 1656 4188 παθεῖν
1698 4138 1841 4188 ὲκεῖ-

266 4235 351 4270 νοι
406 4220 471 4270 ἂν
519 4219 629 4272 εἷεν
660 4220 823 4287 ἄξιοι.
866 4223 954 4285 Ὠς
991 4223 1059 4277 ἂν
1088 4228 1417 4292 ὲκκοπέντος
1464 4228 1558 4282 τοῦ
1602 4228 1688 4281 διὰ
1734 4227 1843 4281 τῶν

269 4310 524 4381 πονηρῶν
562 4315 981 4385 ὲγχειρουμένου
1026 4319 1223 4384 κακοῦ,
1251 4321 1346 4373 καὶ
1378 4320 1594 4373 πάντων
1630 4319 1729 4389 τὴν
1765 4320 1844 4372 οί-

272 4399 430 4452 κείαν
464 4402 734 4470 σωτηρίαν
767 4404 1161 4475 ἀσπαζομένων
1198 4409 1231 4477 ὴ
1277 4408 1469 4477 εἰρήνη
1512 4407 1661 4477 παρά
1713 4408 1845 4460 πᾶσι

267 4510 357 4545 στε
369 4492 555 4563 ρχθείη
585 4496 677 4547 και)⁵
708 4498 1062 4553 πολιτεύοιτο.

347 4582 491 4644 Ἕως
519 4584 619 4653 μὲν
652 4586 781 4654 γάρ,
807 4588 881 4649 ὼς
920 4589 1085 4654 ἔοικε,
1119 4588 1188 4642 τά
1221 4587 1362 4643 κατὰ
1399 4589 1666 4659 πολέμους
1710 4588 1843 4641 Ῥω-

1937 3418 2084 3473 neris
2135 3416 2306 3471 nostri
2363 3415 2571 3477 hostis,
2602 3423 2826 3482 peccato
2882 3422 3093 3480 potens,
3129 3428 3229 3468 sua
3270 3415 3510 3483 ipsorum

1938 3516 2134 3561 natura
2163 3507 2414 3560 homines
2441 3518 2761 3573 expugnare
2790 3504 3011 3572 cogitat,
3042 3506 3513 3572 pernecessarium

1937 3606 2042 3661 est,
2076 3606 2137 3650 ut
2158 3596 2407 3651 homines
2448 3596 2593 3649 illius
2618 3593 3120 3649 machinationibus
3141 3609 3235 3663 per
3265 3596 3513 3651 homines

1938 3689 2199 3745 adhibitis
2220 3696 2536 3749 occurrant,
2560 3702 2735 3756 neque
2779 3687 2993 3755 seipsos
3028 3687 3151 3742 aliis
3201 3689 3514 3743 nationibus

1938 3779 2141 3835 bellum
2170 3778 2532 3835 inferentibus
2564 3778 2799 3843 tradant,
2821 3778 2916 3834 sed
2937 3776 3192 3835 militaris
3217 3777 3516 3848 disciplinae

1941 3871 2181 3927 scientiae
2222 3870 2451 3925 salutem
2496 3870 2597 3923 sibi
2640 3877 2926 3938 quaerant,
2953 3878 3009 3923 et
3047 3884 3110 3923 se
3150 3869 3218 3924 ab
3271 3869 3511 3925 hostium

1942 3962 2353 4019 incursionibus
2411 3970 2559 4015 tutos
2600 3971 2949 4027 conservent,
2985 3972 3041 4016 et
3089 3962 3199 4016 illis
3255 3961 3511 4024 inferant,

1942 4069 2066 4123 quae
2086 4055 2197 4123 pati
2243 4054 2369 4108 illos
2404 4053 2752 4124 dignumest,
2786 4062 2846 4107 ut
2867 4054 3017 4109 omni
3051 4052 3387 4108 nefariorum
3417 4055 3516 4108 ho-

1909 4137 2152 4200 ‘minum
2204 4145 2551 4215 improbitate
2585 4145 2799 4211 deleta,
2827 4152 2882 4198 et
2919 4160 3020 4201 sua
3060 4144 3304 4213 ipsorum
3344 4144 3519 4199 salute

1945 4248 2281 4307 comparata,
2306 4253 2410 4308 pax
2445 4238 2516 4292 ab
2548 4236 2805 4293 omnibus
2830 4235 3092 4305 diligatur
3146 4244 3309 4304 atque
3341 4235 3520 4289 susci-

1946 4327 2148 4397 piatur.

1986 4586 2270 4666 .Quandiu
2302 4584 2447 4639 enim
2478 4581 2742 4637 Romanis
2777 4583 2831 4634 in
2866 4581 3008 4636 bello
3047 4578 3259 4651 ordinis
3298 4591 3522 4632 conser-

272 4667 457 4736 μαίοις
504 4670 563 4721 ἐν
619 4672 840 4744 εὐταξίᾳ
871 4674 999 4727 ὄντα
1046 4676 1310 4746 ἐτύγχανε
1361 4676 1461 4746 τῆς
1512 4694 1572 4730 τε
1605 4676 1692 4729 ἐπ’
1744 4678 1834 4729 οὐκ

1950 4678 2095 4731 vatio
2129 4675 2253 4736 fuit,
2283 4672 2469 4727 tandiu
2502 4681 2557 4725 ct
2593 4671 2779 4725 divino
2810 4670 3063 4743 praesidio
3093 4667 3380 4741 imperium
3412 4683 3520 4721 non

268 4754 483 4822 ὀλίγους
504 4759 727 4829 χρόνους
776 4762 927 4825 θείας
956 4764 1198 4817 ἀπέλαϐε
1231 4765 1310 4836 (4)
1345 4766 1599 4837 βοηθείας
1626 4767 1686 4819 τὸ
1706 4767 1845 4837 κρά-

269 4862 381 4907 τος,
424 4851 516 4899 καὶ
564 4853 630 4920 τῇ
682 4852 903 4924 εὐταξίᾳ
935 4857 1284 4926 ἡρμοσμένος
1324 4859 1433 4910 τῶν
1480 4857 1770 4929 ἀριστείων
1818 4858 1848 4908 ὁ

274 4938 436 4999 πόνος
452 4939 511 4990 τὸ
535 4940 785 5013 λαμπρὸν
806 4944 905 5014 τῆς
924 4948 1079 5016 νίκης
1102 4948 1360 5001 ὲπιπλέον
1375 4948 1707 5002 ἐϐεϐαιοῦτο.
1732 4947 1847 4999 Νῦν

274 5028 329 5078 δὲ
362 5030 457 5097 τῆς
488 5035 752 5103 τακτικῆς
796 5038 887 5087 καὶ
919 5038 1295 5108 στρατηγικῆς
1342 5038 1730 5099 καταστάσεως
1759 5036 1848 5087 ἐπ’

277 5122 373 5170 οὐκ
402 5121 611 5189 ὀλίγους
651 5127 877 5195 χρόνους
922 5128 1325 5197 ἀμελουμένης,
1360 5128 1447 5181 ἵνα
1476 5127 1552 5199 μὴ
1586 5126 1730 5193 λέγω
1755 5126 1849 5177 καὶ

280 5211 356 5271 εἰς
386 5216 616 5285 παντελῆ
654 5218 1045 5287 περιελθούσης
1095 5218 1290 5288 λήθην,
1328 5219 1402 5281 ὡς
1436 5218 1570 5288 μηδὲ
1600 5216 1738 5269 αὐτά
1781 5216 1849 5269 τά

281 5303 542 5374 πρόχειρα
571 5310 697 5370 τοὺς
721 5312 1047 5379 στρατηγεῖν
1096 5308 1847 5389 ὲγχειροῦνταςοίπίστασθαι,

1949 4766 2384 4829 destituebatur,
2431 4772 2485 4817 et
2523 4778 2647 4817 cum
2695 4762 2905 4817 ordinis
2949 4761 3367 4817 conservatione
3394 4758 3522 4828 juu-
3604 4818 3610 4828 _

1950 4868 2075 4914 ctus
2110 4856 2445 4925 optimorum
2478 4854 2654 4917 labor,
2700 4854 3045 4923 splendorem
3073 4852 3315 4907 victoria:
3353 4850 3527 4919 majo-

1948 4964 2062 5002 rem
2089 4946 2381 5001 adhibebat
2402 4962 2417 5012 ;
2436 4961 2579 4999 nunc
2610 4961 2737 4998 vero
2767 4960 2890 4999 cum
2915 4956 2969 4997 ct
2990 4944 3231 4997 acierum
3258 4942 3529 4995 instruen-

1949 5038 2141 5092 darum
2195 5037 2357 5099 ratio,
2392 5045 2448 5089 et
2497 5034 2849 5102 imperatoria
2898 5047 2989 5086 ars
3033 5033 3196 5101 longo
3235 5029 3351 5100 jam
3394 5038 3529 5082 tem—

1954 5141 2086 5196 pore
2115 5126 2358 5195 neglecta
2389 5125 2632 5193 jaceant,
2664 5131 2723 5175 ut
2749 5137 2817 5175 ne
2843 5121 3062 5183 addam,
3100 5119 3245 5188 quod
3277 5119 3331 5172 in
3364 5118 3528 5171 altam

1957 5218 2290 5272 oblivionem
2316 5216 2533 5286 penitus
2566 5214 2837 5276 venerint,
2865 5226 2932 5265 ne
2960 5212 3078 5282 ipso
3101 5210 3319 5280 quidem
3357 5210 3530 5279 impc-

1958 5319 2142 5365 ratore
2185 5323 2249 5363 ea
2290 5323 2412 5377 qua:
2444 5309 2498 5361 in
2546 5314 2804 5377 promptu
2841 5313 2989 5369 sunt,
3028 5305 3362 5368 addiscente,
3412 5316 3531 5355 ma-

1794 5442 2001 5499 NOTAE

346 5554 423 5622 (5)
454 5553 745 5621 Ἰσχυρᾶς.
774 5554 963 5610 Scribe
988 5558 1227 5625 ἰσχυρός.

601 5647 869 5709 Parnon.
915 5651 1030 5707 Gn.
1078 5647 1258 5709 CVII.

2035 5553 2111 5610 (4)
2150 5554 2455 5609 ’Λπέλα6ε.
2484 5555 2695 5622 Scribe,
2724 5556 2982 5611 ἀπέλαυε.

3182 5644 3256 5708 22
