4100 6226
626 215 735 278 675
1854 201 2126 260 LEONIS
2161 202 2194 260 Ρ

2302 201 2585 260 LOSOPH
2594 202 2619 259 ῐ
2756 222 2763 227 ’
3796 196 3931 259 670

633 337 769 399 gnas‘
829 335 884 381 et
929 324 1107 379 varias
1168 318 1605 391 perturbationes
1664 317 1910 370 videmus
1962 318 2194 371 invectas

2307 317 2474 371 πολλά
2505 316 2745 387 δυσχερῆ
2786 316 3056 387 διαφόρως
3091 315 3310 384 ὁρῶμεν
3335 315 3720 383 συμϐαίνοντα.
3776 317 3927 383 Τῆς

630 434 773 473 esse.
804 416 938 470 Nam
968 429 1090 469 cum
1124 412 1239 465 haec
1294 424 1403 471 ars,
1437 422 1558 477 quae
1597 406 1895 460 multorum
1932 406 2194 460 honorum

2304 412 2412 479 γὰρ
2444 410 2652 462 πολλῶν
2672 408 2892 476 ἀγαθῶν
2911 408 3017 478 πρὸ
3052 408 3205 470 ξένου
3239 408 3314 473 (5)
3346 408 3656 478 ἐπιστήμης
3690 409 3929 462 διαπε-

632 519 686 562 ct
732 518 1052 573 magnorum
1097 514 1296 570 parens
1354 509 1514 565 alque
1558 496 1802 551 effectrix
1847 497 1968 560 fuit,
2005 496 2194 565 quibus

2307 502 2525 571 σούσης,
2554 501 2679 553 ὅσον
2709 501 2775 553 δι’
2806 499 2978 568 αὐτῆς
3010 501 3043 569 ή
3088 500 3381 569 Ῥωμαίων
3411 500 3581 553 πάλαι
3630 500 3927 552 πολιτεία

2304 594 2621 660 εὐμοίρησε,
2671 591 2982 643 τούναντίον
3031 588 3249 657 ὁρῶμεν
3282 588 3380 659 τὴν
3424 590 3575 642 θείαν
3631 590 3924 642 ἀποῦσαν

2307 683 2614 752 εὐμένειαν,
2646 682 2742 736 καὶ
2761 682 2858 752 τὴν
2892 680 3097 752 συνήθη
3127 682 3229 751 τῆς
3274 680 3566 751 Ῥωμαίων
3604 682 3921 743 πολιτείας

2306 773 2463 843 νίκην
2483 773 2590 825 τῶν
2614 773 3033 843 ἀγωνιζομένων
3056 773 3461 842 ἀφιπταμένην.
3498 773 3654 826 Κατά
3686 774 3919 843 μικρὸν

631 599 851 665 antiqua
889 595 1256 647 Romanorum
1306 587 1613 656 respublica
1646 587 1850 650 floruit,
1888 588 2056 641 semel
2088 587 2203 641 col-

630 690 778 757 lapsa
800 686 867 740 de
901 685 1069 755 gradu
1107 680 1320 745 recidit,
1348 679 1587 733 divinam
1628 694 1847 747 quoque
1875 678 2201 732 benevolen-

630 779 758 832 tiam
797 776 1019 839 abiisse,
1061 781 1115 827 et
1161 778 1480 826 consuetam
1519 769 1659 838 apud
1708 783 1803 823 eos
1836 768 2072 821 militum
2122 767 2203 821 vi-

628 868 858 921 ctoriam
905 881 935 918 e
971 863 1224 917 manibus
1274 860 1564 925 excidisse,
1618 859 1887 913 videmus.
1934 858 2201 913 Paulatim

629 960 773 1013 enim
819 956 1265 1023 relanguescente
1307 949 1531 1003 militari
1565 948 1859 1017 disciplina
1921 955 2085 1017 atque
2117 947 2203 1000 in-

627 1048 857 1108 dustria,
916 1044 1097 1098 omnis
1154 1041 1241 1095 ille
1290 1041 1445 1110 vigor
1491 1039 1655 1093 animi
1708 1047 1869 1108 atque
1946 1039 2205 1094 alacritas

627 1137 945 1206 optimatum
1022 1130 1332 1187 consenuit.
1400 1129 1583 1196 Itaque
1654 1128 1928 1182 interdum
1986 1128 2203 1196 quidem

629 1227 913 1297 segnitiem
983 1235 1145 1291 atque
1201 1220 1470 1290 ignaviam
1546 1232 1874 1273 accusamus
1936 1219 2203 1279 militum,

630 1318 893 1371 Interdum
951 1313 1220 1367 inscitiam
1261 1320 1423 1379 atque
1456 1310 1796 1363 timiditatem
1843 1309 2041 1361 ducum
2086 1308 2204 1361 cul-

630 1422 845 1476 pamus,
883 1402 1155 1457 interdum
1193 1401 1543 1468 antiquarum
1570 1400 1809 1452 acierum
1841 1398 2106 1452 rationem
2135 1398 2203 1451 ad

628 1494 1065 1565 cognoscendum
1103 1491 1490 1560 perobscuram
1541 1489 1889 1558 negligimus.
1922 1489 2060 1542 Cum
2108 1489 2207 1557 igi-

630 1597 717 1638 tur
764 1586 904 1637 hanc
955 1580 1306 1635 utilissimam
1351 1580 1634 1631 scientiam
1677 1592 2023 1646 recuperare,
2069 1587 2123 1631 et
2172 1593 2204 1632 e

2306 866 2413 933 γὰρ
2450 866 2830 935 ἀμελουμένης
2871 865 2970 934 τῆς
3014 863 3157 918 κατά
3189 863 3458 933 πολέμους
3505 864 3757 927 εὐταξίας
3796 864 3915 916 καὶ

2306 953 2613 1023 γυμνασίας
2647 953 3018 1023 συνημελήθη,
3054 954 3129 1015 ὠς
3159 951 3325 1018 ἔοικε,
3348 953 3441 1003 καὶ
3472 952 3581 1003 τῶν
3613 954 3911 1022 ἀριστέων

2307 1047 2340 1113 ὴ
2393 1045 2646 1113 εὐψυχία.
2683 1041 2814 1097 Εἶτα
2844 1045 2973 1096 ποτὲ
3006 1044 3105 1114 μὲν
3155 1042 3500 1113 ἀγυμνασίαν
3528 1043 3561 1112 ἢ
3592 1042 3905 1111 ἀνανδρίαν

2309 1134 2618 1202 αἰτιώμεθα
2663 1134 3043 1203 στρατιωτῶν,
3095 1134 3227 1186 ποτέ
3272 1133 3329 1186 δὲ
3377 1132 3629 1202 ἀπειρίαν
3675 1133 3707 1201 ἤ
3763 1133 3894 1185 δει-

2312 1222 2433 1273 λίαν
2490 1222 2969 1292 καταμεμφόμεθα
3022 1223 3363 1292 στρατηγῶν.
3424 1223 3623 1273 Ἐνίοτε
3667 1223 3891 1288 ἀσαφὲς

2308 1315 2404 1382 τῆς
2453 1316 2561 1365 τῶν
2597 1315 2842 1383 ἀρχαίων
2874 1314 3220 1381 διαγνώσεως
3271 1313 3604 1383 ἀμελοῦμεν.
3656 1312 3883 1381 Ταύτην

2308 1400 2401 1456 οὖν
2434 1402 2530 1475 τὴν
2560 1404 2989 1475 ὠφελιμωτάτην
3030 1405 3343 1474 ἐπιστήμην
3372 1402 3750 1457 ἀνασώσασθαι
3776 1405 3885 1455 σὺν

2309 1490 2449 1561 Θεῷ,
2484 1493 2577 1545 καὶ
2606 1486 2717 1545 οἷον
2752 1492 3102 1544 ἁπωσθεῖσαν
3128 1494 3193 1543 ἐκ
3223 1493 3321 1560 τῆς
3362 1492 3677 1561 Ῥωμαῖκῆς
3720 1491 3884 1560 ήμῶν

2312 1581 2586 1645 πολιτείας
2614 1582 3049 1637 ἀνακαλέσασθαι
3083 1582 3417 1651 βουλόμενοι,
3447 1581 3547 1634 οὐκ
3567 1581 3884 1649 όκνήσαμεν

632 1673 906 1740 republica
956 1678 1145 1721 nostra
1184 1666 1341 1737 quasi
1388 1667 1622 1735 eiectam
1663 1680 1921 1719 revocare
1975 1666 2194 1720 studea-

2308 1674 2509 1744 σπουδῇ
2543 1675 2782 1746 τοσαύτῃ
2803 1674 3162 1739 ἀναδέξασθαι
3188 1674 3285 1743 μὲν
3314 1674 3457 1736 ἰδίως
3477 1673 3661 1735 πόνον,
3692 1673 3883 1741 κοινὴν

630 1760 777 1828 mus,
814 1764 867 1816 in
918 1762 1085 1815 tantis
1122 1759 1580 1828 occupationibus
1620 1758 1823 1812 nostris
1872 1757 2015 1812 haud
2063 1773 2198 1826 pra:-

2307 1761 2363 1814 δέ
2398 1766 2509 1826 τοῖς
2537 1764 2800 1834 ὑπηκόοις
2826 1764 3158 1834 χαρίσασθαι
3187 1764 3286 1833 τὴν
3307 1762 3594 1829 ὠφέλειαν.

630 1854 990 1914 termisimus,
1058 1851 1189 1918 quin
1233 1861 1451 1902 omnem
1512 1846 1752 1900 laborem
1816 1846 1971 1900 nobis
2043 1846 2174 1915 ipsis
2221 1862 2644 1919 assumeremus,
2695 1865 2753 1909 ut
2802 1854 3009 1909 utilitas
3064 1853 3189 1907 inde
3271 1851 3580 1906 communis
3622 1849 3886 1906 omnibus

630 1944 930 1998 aﬂ‘erretur.

699 2031 834 2085 Nam
871 2044 995 2083 cum
1032 2029 1083 2081 in
1130 2027 1373 2095 antiquis
1406 2036 1461 2080 et
1515 2026 1910 2081 recentioribus
1954 2027 2030 2080 rei
2062 2026 2204 2080 mili—

630 2124 760 2178 taris
835 2132 999 2190 atque
1068 2118 1434 2188 imperatoriae
1507 2117 1864 2187 scriptoribus
1917 2117 2205 2187 diligenter

628 2213 824 2268 versati
858 2212 1050 2274 simus,
1087 2221 1249 2279 atque
1277 2209 1400 2263 aliis
1442 2208 1689 2263 historiis
1727 2208 1907 2263 soluta
1959 2209 2205 2263 oratione

624 2319 715 2357 res
748 2309 930 2372 gestas
971 2300 1250 2354 memoriae
1280 2298 1670 2352 mandantibus
1701 2299 1988 2369 diligenter
2035 2314 2205 2353 nava-

624 2395 867 2449 verimus
910 2407 1155 2462 operam,
1201 2400 1255 2445 et
1303 2391 1349 2445 si
1382 2390 1514 2459 quid
1545 2398 1808 2460 praeterea
1845 2392 1897 2443 in
1949 2391 2201 2445 manibus

624 2484 909 2538 hominum
942 2490 1027 2535 est
1074 2481 1142 2534 ad
1175 2479 1402 2533 bellicos
1452 2494 1585 2538 usus
1632 2478 1913 2544 idoneum,
1948 2488 2002 2533 et
2052 2494 2205 2548 quae-

626 2585 844 2643 cunque
875 2572 1136 2626 mediocri
1181 2584 1362 2623 rerum
1402 2585 1506 2624 usu
1539 2569 1641 2623 hac
1680 2578 1866 2623 nostra
1898 2578 2078 2634 aetate,
2132 2570 2200 2623 ad

628 2676 832 2720 statum
875 2678 1059 2717 rerum
1097 2669 1411 2715 nostrarum
1456 2660 1664 2729 aliquid
1708 2662 1970 2716 momenti
2006 2660 2201 2715 alierre

627 2755 971 2818 videbantur,
1000 2767 1063 2807 ea
1090 2753 1144 2805 in
1180 2751 1439 2805 omnibus
1463 2750 1773 2807 actionibus
1807 2752 2197 2822 suscipiendis,

626 2847 899 2915 rebusque
940 2843 1149 2898 nostris
1189 2842 1440 2911 gerendis
1470 2842 1930 2910 examinavimus,
1963 2852 2018 2897 ct
2051 2842 2199 2912 quod

626 2932 681 2988 in
739 2934 807 2988 iis
855 2931 1121 3001 optimum
1172 2930 1276 2984 fuit
1316 2930 1475 2999 quasi
1525 2930 1923 2998 delibavimus;
1979 2943 2035 2987 et
2074 2949 2197 3003 qua:

2376 2033 2506 2094 Ταῖς
2533 2032 2642 2101 γάρ
2680 2029 2935 2100 ἀρχαίαις
2970 2030 3066 2083 καὶ
3105 2030 3223 2092 ταῖς
3249 2028 3543 2097 νεωτέραις
3580 2042 3883 2096 στρατηγι-

2306 2124 2427 2183 καῖς
2455 2137 2513 2173 τε
2560 2120 2654 2173 καὶ
2681 2120 2969 2181 τακτικαῖς
3017 2118 3561 2188 ἐμφιλοχωρήσαντες
3608 2117 3885 2186 μεθόδοις.

2302 2211 2397 2261 καὶ
2433 2212 2555 2271 ταῖς
2602 2208 2790 2271 ἄλλαις
2824 2207 3202 2278 καταλογάδην
3234 2208 3552 2276 ἐντυχόντες
3590 2207 3883 2276 ἱστορίαις,

2307 2300 2402 2351 καὶ
2434 2298 2488 2350 εί
2518 2315 2571 2350 τι
2605 2297 2748 2350 κατά
2783 2299 2971 2367 χεῖρας
3000 2297 3144 2361 ἔδοξε
3178 2298 3450 2367 χρήσιμον
3480 2296 3589 2350 τῶν
3621 2298 3680 2350 ἐν
3716 2298 3885 2351 πολέ-

2292 2403 2425 2456 -μοις
2454 2386 2772 2453 ἀναγκαίων
2799 2386 3008 2439 ἐκεῖθεν
3034 2384 3443 2455 ἀναλεξάμενοι,
3476 2387 3572 2439 καὶ
3598 2384 3711 2440 οἷον
3735 2389 3876 2458 ἐρα-

2296 2471 2573 2541 νισάμενοι
2617 2473 2712 2526 καὶ
2765 2472 2854 2525 διά
2907 2473 3136 2543 μετρίας
3190 2473 3385 2544 πείρας
3432 2474 3657 2527 ἐπὶτῶν
3695 2475 3885 2546 ἔργων

2297 2563 2479 2617 αὐτῶν
2512 2563 2861 2634 ἀνεμάθομεν
2889 2564 2967 2633 τῷ
3004 2563 3126 2618 καθ’
3154 2566 3306 2634 ἡμᾶς
3347 2565 3524 2636 καιρῷ
3552 2567 3645 2619 καὶ
3680 2569 3749 2636 τῇ
3780 2567 3882 2619 νῦν

2299 2655 2632 2709 καταστάσει
2674 2654 2964 2725 πρόσφορά
2992 2671 3054 2708 τε
3093 2655 3188 2709 καὶ
3216 2656 3477 2726 ἁρμόδια,
3516 2657 3689 2709 ταῦτα
3743 2658 3885 2726 ήμῖν

2298 2745 2437 2797 κατά
2480 2745 2540 2797 τὸ
2580 2746 2803 2799 δυνατὸν
2844 2745 3110 2815 σύντομόν
3142 2764 3203 2798 τε
3238 2748 3330 2800 καὶ
3372 2747 3551 2816 ἀπλῆν
3594 2746 3697 2816 τὴν
3726 2748 3883 2815 ὠφέ-

2298 2832 2452 2885 λειαν
2505 2834 2738 2887 ἐπὶτῶν
2785 2835 3126 2904 πραγμάτων
3161 2836 3347 2903 ἔχοντα
3393 2834 3687 2906 προχείρου
3720 2837 3883 2902 τάξιν

2298 2922 2465 2990 νόμου
2495 2923 2920 2993 παραδιδόαμεν,
2952 2926 3009 2976 ἐν
3045 2923 3280 2994 πράξεσι
3316 2924 3515 2994 μᾶλλον
3530 2924 3576 2994 ’ἢ
3604 2925 3784 2990 λέξεσι
3817 2926 3882 2978 τὸ

623 3022 973 3078 manifestam
1002 3020 1301 3092 quamdam
1362 3030 1528 3091 atque
1564 3022 1867 3077 evidentem
1904 3024 2191 3079 utilitatem

2302 3014 2496 3083 σεμνὸν
2538 3016 2633 3067 καὶ
2664 3014 2923 3105 χρειθῶδες
2972 3016 3360 3086 παρεχόμενοι,
3401 3009 3512 3069 οἷον
3557 3016 3881 3087 εἰσαγωγήν

624 3115 965 3180 aﬂ‘erebant,
1030 3126 1197 3181 quam
1256 3111 1609 3181 paucissimis
1664 3114 1818 3183 potui
1876 3115 2194 3183 complexus

624 3218 771 3267 sum,
799 3211 854 3256 et
885 3200 1239 3270 promulgatae
1269 3200 1403 3268 legis
1433 3200 1549 3256 vice
1578 3202 1761 3265 trado,
1805 3208 2194 3275 rerum-magis

619 3300 968 3356 ornamenta,
1022 3304 1189 3360 quam
1233 3291 1531 3346 verborum
1567 3306 1925 3363 persequens,
1953 3304 2011 3348 ut
2039 3310 2191 3349 com-

621 3383 969 3455 pendiar-iam-
985 3380 1281 3452 quamdam
1312 3382 1390 3436 rei
1424 3382 1677 3437 militaris
1704 3383 2048 3453 disciplinam
2096 3400 2195 3439 no-

620 3481 753 3537 stris
781 3478 1073 3551 praefectis,
1116 3484 1280 3547 atque
1309 3477 1377 3532 iis
1413 3478 1614 3546 quibus
1642 3491 1775 3533 cura
1820 3493 2000 3532 rerum
2036 3478 2193 3533 helli-

612 3588 809 3626 carum
830 3569 1125 3626 commissa
1150 3577 1255 3635 est,
1278 3568 1659 3637 praescribens,
1684 3566 1839 3622 facile
1862 3568 2192 3636 perspiciam.

620 3666 771 3718 factu
801 3677 924 3717 esse
954 3661 1046 3726 iis,
1083 3660 1177 3730 qui
1237 3660 1431 3714 volunt
1477 3667 1532 3713 et
1567 3658 1817 3727 cupiunt,
1856 3659 1922 3711 ad
1980 3658 2189 3727 majora

621 3763 784 3821 atque
820 3752 1017 3805 altiora
1055 3750 1249 3805 ordine
1290 3747 1527 3818 quodam
1574 3756 1629 3801 et
1675 3748 2187 3820 gradu,procedere.

616 3843 681 3895 in
707 3857 815 3910 qua
846 3841 997 3895 omni
1023 3855 1209 3895 rerum
1241 3838 1584 3899 tractatione,
1606 3836 1823 3891 dicendi
1864 3836 2188 3904 elegantiam

618 3943 675 3986 et
703 3932 995 3986 verborum
1038 3937 1294 3985 ornatum
1325 3928 1535 3982 nullum
1584 3926 1970 3992 adhibuimus;
2004 3942 2186 3982 rerum

619 4022 854 4091 pondus,
894 4020 1109 4075 dicendi
1153 4018 1623 4090 perspicuitatem,
1668 4016 1947 4071 orationis
1980 4016 2190 4087 simpli-

616 4114 873 4177 citatem,
930 4119 1195 4181 quantum
1248 4110 1365 4164 fieri
1416 4116 1697 4178 potuerat,
1744 4108 1914 4163 secuti
1973 4123 2182 4163 sutnus.

618 4204 775 4260 Unde
815 4213 870 4260 et
906 4203 1072 4259 verba
1116 4202 1195 4258 rei
1238 4202 1495 4257 militaris
1541 4202 1814 4256 interdum
1855 4199 2043 4255 Graeca
2076 4199 2185 4254 ad-

611 4298 917 4366 iunximus,
952 4295 1227 4351 interdum
1257 4292 1464 4348 Latinis
1503 4292 1784 4347 vocabulis
1834 4291 1918 4346 usi
1967 4307 2180 4356 sumus,
2216 4331 2259 4386 Β

614 4400 670 4442 et
694 4386 831 4442 alias
855 4400 1075 4457 quoque
1097 4388 1365 4441 dictiones
1396 4400 1498 4439 usu
1526 4386 1638 4456 jam
1686 4384 1908 4438 militari
1941 4394 2184 4454 receptas

614 4494 725 4533 non
762 4478 1193 4549 repudiavimus,
1245 4486 1305 4530 ut
1358 4491 1552 4531 omnes
1610 4475 1903 4531 manifeste
1950 4489 2014 4530 ac
2063 4488 2185 4543 per-

613 4570 804 4639 spicue
844 4570 947 4623 ista
982 4574 1416 4637 "cognoscerent.
1449 4565 1822 4621 Tractationes
1858 4579 2043 4619 rerum
2077 4565 2182 4617 mi-

616 4663 761 4715 nime
808 4659 1170 4725 necessarias,
1217 4672 1555 4728 quaecunque
1607 4667 1701 4712 aut
1746 4670 2181 4725 supervacanea,

612 4762 708 4807 aut
753 4750 971 4805 inutiles
1015 4748 1250 4814 fuerant,
1292 4764 1483 4804 omnes
1530 4748 1893 4813 detraximus,
1933 4756 1990 4801 ut
2037 4762 2185 4801 eom-

611 4838 951 4911 pendiariam
977 4836 1271 4909 quamdam
1304 4846 1359 4893 et
1410 4836 1717 4906 expeditam
1747 4851 1929 4891 rerum
1960 4836 2183 4891 bellica-

611 4947 731 4986 rum
769 4929 1287 5001 expeditionumque
1314 4928 1601 4993 rationem,
1647 4940 1758 4981 non
1805 4926 1972 4982 verbo
2000 4926 2178 4982 solum

612 5023 823 5087 utilem,
870 5023 963 5078 sed
1012 5038 1069 5077 re
1112 5022 1228 5092 ipsa
1280 5019 1552 5089 factisque
1593 5018 1863 5089 majorum
1912 5019 2150 5090 approba

612 5125 747 5181 tum,
780 5123 836 5169 et
875 5114 943 5169 ad
988 5123 1178 5170 nostra
1220 5127 1399 5183 usque
1430 5120 1697 5183 tempora,
1732 5126 2048 5181 quanquam
2096 5125 2180 5165 re-

608 5207 710 5261 bus
743 5206 909 5274 gestis
938 5206 1165 5261 minime
1190 5204 1600 5268 transmissum,
1632 5202 1833 5274 quibus
1861 5201 2169 5259 Romanum

606 5297 738 5352 olim
771 5296 1001 5352 ﬂorebat
1042 5297 1356 5367 imperium,
1392 5295 1646 5351 oratione
1685 5304 1867 5350 tamen
1926 5308 1990 5349 ac
2031 5293 2173 5348 litte-

2293 3122 2415 3159 τινα
2424 3107 2701 3179 τακτικὴν
2721 3100 2832 3173 τοῖς
2853 3110 3142 3181 ἡμετέροις
3161 3100 3620 3182 ὑποστρατήγοις,
3649 3110 3746 3165 καὶ
3756 3112 3881 3176 ςτάς

2295 3199 2577 3263 πολιτικὰς
2618 3202 3145 3271 ἐμπεπιστευμένοις
3178 3203 3367 3272 χρείας
3394 3245 3408 3267 ,
3444 3202 3511 3254 δι’
3562 3203 3717 3271 ὑμῶν
3762 3203 3879 3255 ὑπ-

2294 3289 2667 3358 αγορεύοντες,
2697 3288 2773 3353 ὡς
2800 3289 3022 3345 εὔκολον
3038 3292 3290 3345 ἐντεῦθεν
3306 3288 3444 3347 εἷναι
3463 3295 3575 3355 τοῖς
3605 3291 3879 3363 βουλομέ-

2294 3396 2404 3442 νοις
2449 3380 2543 3433 καὶ
2579 3380 2767 3435 ἐπὶτά
2804 3382 3026 3451 μείζονα
3074 3382 3182 3436 τῶν
3214 3382 3461 3437 παλαιῶν
3508 3384 3736 3437 ἐκείνων
3765 3401 3878 3438 τα-

2295 3471 2499 3525 κτικῶν
2517 3473 2615 3525 καὶ
2656 3473 2900 3543 ἀρχαίων
2924 3473 3074 3540 τάξει
3105 3474 3213 3527 τινὶ
3239 3476 3335 3527 καὶ
3360 3474 3558 3546 βαθμῷ
3586 3476 3878 3547 προϊέναι,

2294 3565 2547 3635 φράσεως
2589 3564 2689 3636 μὲν
2711 3565 2977 3636 ἀκριϐοῦς
3003 3566 3038 3636 ἢ
3069 3566 3284 3634 κόμπου
3317 3567 3580 3637 ῥημάτων
3607 3567 3879 3638 οὐδεμίαν

2294 3655 2654 3725 ποιησάμενοι
2703 3656 2982 3727 φροντίδα,
3030 3657 3375 3727 πραγμάτων
3419 3657 3478 3710 δέ
3515 3658 3719 3728 μᾶλλον
3766 3662 3880 3712 καὶ

2293 3746 2592 3816 σαφηνείας
2641 3746 2801 3815 λόγου
2843 3748 2939 3800 καὶ
2965 3748 3161 3812 λέξεως
3206 3750 3383 3819 ἁπλῆς
3413 3750 3874 3820 πεφροντικότες.

2293 3838 2454 3892 Ὅθεν
2489 3839 2690 3902 ταύτας
2723 3840 2960 3903 παλαιὰς
2998 3841 3096 3910 τῆς
3144 3842 3407 3911 τακτικῆς
3442 3841 3704 3904 πολλάκις
3739 3842 3876 3895 Ἐλ-

2291 3926 2515 3996 ληνικάς
2562 3928 2661 3999 μὲν
2712 3930 3121 4000 ἐσαφηνίσαμεν
3189 3930 3384 3995 λέξεις,
3428 3930 3744 4001 Ῥωμαϊκὰς
3802 3933 3874 3986 δὲ

2288 4019 2793 4091 διηρμηνεύσαμεν,
2828 4022 2923 4075 καί
2941 4039 3083 4075 τισιν
3101 4022 3317 4092 ἑτέραις
3348 4026 3711 4094 στρατιωτικῇ
3732 4040 3872 4076 συν-

2288 4112 2447 4183 ηθείᾳ
2489 4111 2810 4182 λεγομέναις
2849 4114 3207 4184 ἐχρησάμεθα
3264 4115 3503 4181 λέξεσιν,
3532 4115 3720 4170 ἐνεκεν
3758 4110 3898 4185 τῆς’

2290 4205 2496 4273 σαφοῦς
2525 4205 2883 4276 καταλήψεως
2910 4207 3018 4259 τῶν
3040 4209 3505 4277 ἐντυγχανόντων,
3561 4208 3721 4278 μόνον
3746 4208 3869 4261 τῶν

2288 4296 2387 4349 οὐκ
2413 4297 2726 4365 ἀναγκαίων
2754 4296 3054 4363 διατάξεων
3077 4298 3432 4368 ἐξῃρημένων
3460 4298 3549 4352 διά
3578 4315 3639 4351 τε
3670 4298 3732 4351 τὸ
3756 4316 3867 4352 πε-

2292 4385 2473 4456 ριττοῦ
2495 4386 2573 4456 (6)
2589 4403 2711 4439 τινα
2732 4387 3025 4457 χρηστείαν
3046 4389 3140 4440 καὶ
3155 4389 3252 4458 τὴν
3278 4388 3388 4442 τῶν
3405 4391 3865 4460 συγγραμμάτων

2288 4478 2557 4544 ἀσάφειαν
2582 4477 2646 4531 ἵν’
2681 4476 2855 4547 ἔχοιεν
2885 4478 3213 4531 εὐσύνοπτον
3235 4480 3287 4531 οἱ
3312 4479 3622 4551 βουλόμενοι
3658 4498 3863 4552 στρατ-

2288 4572 2447 4637 ηγεῖν
2484 4568 2685 4640 πολλὴν
2732 4569 2841 4622 τῶν
2888 4570 3029 4623 κατὰ
3052 4571 3319 4640 πολέμους
3356 4573 3449 4625 καὶ
3498 4574 3861 4644 ἐκστρατείας

2288 4661 2599 4729 ἀναγκαίων
2632 4662 2729 4732 τὴν
2760 4664 2989 4732 πεῖραν,
3024 4664 3084 4715 οὑ
3116 4663 3259 4733 λόγῳ
3300 4665 3459 4733 μόνον
3484 4664 3544 4717 τὸ
3582 4666 3860 4736 χρήσιμον

2287 4750 2537 4820 ἔχουσαν,
2552 4751 2691 4804 ἀλλά
2709 4750 2773 4821 δὴ
2794 4752 2889 4804 καὶ
2909 4752 3091 4815 αὐτοῖς
3114 4753 3139 4804 ἐ
3146 4770 3297 4823 ργοις
3320 4771 3395 4808 πα
3404 4756 3471 4826 ρά
3480 4755 3587 4809 τῶν
3604 4756 3859 4812 παλαιῶν

2287 4844 2772 4914 ἐγγυμνασθεῖσαν,
2809 4846 2901 4897 καὶ⁹
2943 4845 3307 4916 ἀχρις·ήμῶν,
3346 4848 3393 4899 εί
3436 4848 3529 4900 καὶ
3565 4848 3639 4917 μὴ
3671 4848 3857 4918 ἔργοις

2287 4936 2491 5003 αὐτοῖς,
2525 4931 2605 4999 οἷς
2634 4936 2702 4989 τά
2733 4935 3017 5007 Ῥωμαίων
3043 4938 3137 4990 ἐπὶ
3173 4939 3317 5006 μέγα
3346 4938 3489 5010 ἦρθη
3538 4939 3849 5009 δυνάμεως,

2286 5027 2802 5096 παραπεμφθεῖσαν,
2832 5025 2948 5079 ἀλλ’
2980 5023 3074 5080 οὖν
3105 5030 3219 5090 τοῖς
3251 5029 3449 5097 λόγοις,
3485 5030 3554 5083 δι’
3601 5024 3676 5082 ὧν
3718 5033 3861 5085 ἀνα-

2283 5116 2623 5187 λαμϐάνεται
2653 5118 2746 5169 καὶ
2769 5118 3248 5187 ἀναμιμνήσκεται
3287 5119 3344 5171 δέ
3370 5119 3510 5193 λήθῃ
3548 5137 3857 5191 παραπεμ-

2284 5208 2509 5277 φθέντα,
2540 5209 2637 5285 καὶ
2682 5210 2764 5270 εἰς
2798 5208 2896 5279 τὴν
2926 5209 3160 5279 ἀρχαίαν
3196 5210 3360 5264 πάλιν
3408 5212 3857 5265 ἀποκαθίσταται

2284 5299 2457 5365 τάξιν.
2513 5298 2651 5352 Ἀλλ’
2694 5300 2779 5367 ἐφ’
2832 5301 2942 5370 ὅσῳ
2974 5300 3074 5369 μὲν
3127 5302 3186 5353 ἐν
3214 5302 3325 5365 τοῖς
3357 5302 3755 5372 ῥηθησομένοις
3792 5305 3856 5356 τὸ

2117 5412 2347 5472 NOTAE.

676 5506 753 5579 (5)
813 5507 1157 5579 βρὸξένου.
1192 5508 1404 5579 Scribe,
1425 5508 1707 5579 προξένου.

678 5574 756 5645 (ti)
813 5574 891 5631 lta
946 5578 1106 5631 habet
1137 5576 1307 5632 codex
1371 5574 1791 5645 Laurentianus,
1848 5577 1941 5633 sed
1985 5578 2169 5633 nescio
2195 5592 2303 5648 quo
2326 5593 2492 5634 sensu
2526 5596 2541 5645 ;
2574 5578 2731 5645 forte,
2762 5581 2858 5650 τὴν
2889 5579 3143 5650 περιττοῦ
3177 5580 3488 5650 legentium.
