4100 6226
281 233 390 296 677

1454 243 1784 322 TACfI‘ICA.
1818 271 1886 280 —
1917 248 2328 311 ramento.

3428 266 3533 329 678

271 348 577 417 εὔχρηστον
627 347 930 420 ἀνεδείχθη,
994 351 1153 422 χάρις
1259 353 1336 423 τῷ
1383 357 1599 411 πάντων
1641 359 1838 424 ἀγαθῶε

1967 362 2062 428 ris,
2089 363 2286 432 quibus
2311 380 2397 420 res
2421 365 2694 424 oblivione
2720 384 2858 439 pene
2882 369 3071 429 deleta:
3098 385 3448 443 revocamur,
3471 390 3529 435 et

266 437 456 506 δοτῆρι
514 438 738 508 Χριστῷ
800 439 878 509 τῷ
935 441 1149 510 βασιλεῖ
1201 445 1296 497 τοῦ
1353 448 1551 511 παντὸς
1604 452 1694 502 καὶ
1733 451 1838 521 Θεᾷ

1959 465 2371 524 recuperantur,
2411 464 2464 511 et
2513 459 2580 513 ad
2630 437 2919 530 pristinam
2965 463 3162 519 iterum
3210 437 3531 534 dignitatem

265 530 451 600 ἡμῶν,
497 530 577 600 τῷ
629 531 865 593 καὶτοῖς
916 533 1206 603 ἡμετέροις
1253 536 1432 604 λόγοις
1479 539 1848 610 δωρησαμένῳ

261 620 368 691 τὴν
397 622 582 692 χάριν.
618 623 682 676 El
712 622 769 676 δέ
818 639 902 686 τις
933 625 1026 676 καὶ
1058 623 1244 693 ἕτερος
1291 625 1358 678 δι’
1401 625 1568 696 αὐτῆς
1605 628 1702 695 τῆς
1733 629 1848 680 ἐπι-

265 714 492 781 μελείας
514 715 612 766 καὶ
637 715 836 785 πείρας
875 714 1161 784 κρείττονα
1201 715 1407 770 τούτων
1434 716 1659 788 ἐφεύρῃ.
1690 719 1846 788 χάρις

261 803 364 856 καὶ
407 802 551 856 οὕτω
614 804 693 874 τῷ
737 803 1039 874 παναγάθῳ
1085 804 1240 876 Θεῷ,
1279 806 1575 878 συγγνώμη
1623 808 1678 862 δέ
1712 808 1844 879 ἡμῖν

260 895 365 964 τῆς
395 895 710 966 προθυμίας
743 894 951 950 ἕνεκεν.

1954 541 2343 611 restituuntur,
2374 546 2690 602 mandatum
2737 548 2994 616 habeant,
3044 551 3138 620 qui
3188 553 3256 607 ad
3285 552 3532 624 disciplio

1953 644 2082 685 nam
2119 632 2406 688 militarem
2459 645 2624 707 atque
2659 640 3062 708 imperatoriam
3091 645 3538 710 cognoscendam

1954 733 2015 773 se
2061 726 2206 777 totos
2253 723 2495 780 tradunt.
2531 725 2690 791 Quod
2741 727 2788 782 si
2844 727 3051 795 aliquid
3101 729 3229 783 boni
3278 732 3530 789 oratione

1953 820 2142 868 nostra
2179 814 2428 871 eli‘ectum
2453 826 2554 884 est,
2589 819 2782 890 gratiae
2816 820 3082 876 habendae
3108 818 3238 877 sunt
3277 827 3524 880 omnium

1952 902 2222 960 bonorum
2252 906 2494 977 largitori
2524 909 2762 975 Christo,
2787 913 3158 969 universitatis
3188 915 3342 983 Regi,
3379 916 3510 972 Deo~

263 997 605 1055 quenostro,
639 988 735 1057 qui
761 998 816 1043 et
839 989 1072 1044 orationi
1103 969 1309 1045 nostrae
1338 991 1565 1046 aﬂ‘undit
1614 994 1866 1062 gratiam.
1900 992 1996 1050 Sin
2034 999 2246 1054 diversa
2316 1003 2384 1056 ab
2432 1003 2572 1066 istis,
2612 1013 2666 1059 et
2709 1021 2840 1060 cura
2921 969 3353 1080 cogitationeque
3422 1027 3518 1067 sua

263 1080 490 1134 meliora
517 1081 642 1150 quis
671 1081 962 1146 invenerit,
992 1083 1195 1153 gratias
1225 1084 1388 1139 etiam
1420 1085 1511 1141 ille
1540 1088 1719 1144 omnis
1744 1089 2008 1146 bonitatis
2065 1095 2278 1151 auctori
2328 1094 2436 1152 Deo
2478 1112 2633 1169 agat;
2696 1099 2854 1156 nobis
2909 1104 3064 1156 venia
3123 1117 3343 1174 propter
3401 1116 3518 1162 stu-‘-

258 1171 413 1226 dinm
448 1183 817 1244 conatumque
849 1185 1098 1232 nostrum
1127 1179 1407 1234 tribuenda
1439 1190 1543 1236 est.

331 1266 558 1330 Πάντως
594 1267 722 1339 χρὴ,
781 1270 892 1323 εἴτε
936 1273 1030 1324 ἐπὶ
1068 1273 1249 1338 πλέον,
1316 1274 1426 1327 εἴτε
1475 1277 1560 1329 ἐπ’
1619 1259 1841 1332 ἔλαττον

257 1358 394 1419 τοὺς
433 1357 794 1430 βουλομένους
825 1365 1151 1433 στρατηγεῖν
1181 1367 1300 1429 ταῖς
1327 1370 1616 1432 τακτικαῖς
1649 1387 1708 1422 τε
1745 1373 1838 1424 καὶ

261 1452 658 1518 στρατηγικαῖς
691 1450 1050 1522 ἐνδιατρίϐειν
1101 1454 1371 1522 μελέταις.
1407 1458 1542 1511 Οὐδὲ
1590 1459 1719 1531 γὰρ,
1761 1461 1836 1522 ὥς

258 1553 405 1601 τινες
436 1540 547 1592 τῶν
589 1541 834 1613 ἀπείρων
877 1543 1081 1612 ἔχουσι,
1114 1545 1210 1598 διὰ
1230 1547 1464 1617 πλήθους
1496 1550 1706 1621 ἀνδρῶν
1739 1553 1835 1604 καὶ

2018 1276 2254 1336 Omnino
2302 1292 2504 1348 autem,
2566 1283 2659 1355 qui
2705 1301 2764 1341 se
2831 1288 2899 1341 ad
2950 1288 3239 1358 imperium
3285 1291 3519 1348 admini~

1946 1373 2232 1427 strandum
2279 1375 2363 1428 vel
2398 1391 2613 1446 magna,
2653 1377 2735 1431 vel
2778 1377 2958 1446 aliqua
3001 1395 3068 1433 ex
3103 1390 3256 1446 parte
3295 1382 3519 1438 dedide-

1940 1470 2089 1528 runt,
2132 1462 2186 1518 in
2221 1463 2450 1519 scientia
2489 1465 2714 1520 militari
2762 1474 2928 1536 atque
2964 1467 3314 1537 imperatoria
3346 1487 3404 1526 se
3437 1462 3519 1526 di-

1934 1552 2171 1622 ligenter
2226 1563 2539 1609 exerceant.
2594 1549 2780 1624 Neque
2829 1557 2999 1622 enim,
3055 1561 3513 1626 qnemadmodum

259 1627 496 1696 θράσους
529 1631 577 1684 οί
615 1631 842 1702 πόλεμοι
873 1633 1170 1704 κρίνονται,
1219 1637 1356 1691 ἀλλά
1401 1639 1492 1693 διὰ
1545 1642 1832 1711 εὐμενείας

1942 1643 2171 1713 imperiti
2204 1645 2423 1712 quidam
2453 1645 2855 1724 existimarunt,
2920 1647 3267 1703 multitudine
3307 1665 3371 1704 ac
3411 1667 3514 1704 nu—

258 1717 393 1771 Θεοῦ
427 1721 520 1773 καὶ
552 1722 885 1792 στρατηγίας
914 1725 1008 1777 καὶ
1044 1725 1268 1793 τάξεως,
1301 1723 1369 1799 ἧς
1397 1729 1596 1800 μᾶλλον
1636 1733 1830 1801 ἐπιμε-

260 1811 474 1882 λητέον,
509 1810 542 1882 ἢ
588 1813 855 1883 συλλογῆς
886 1815 1128 1886 πλήθους
1175 1818 1446 1890 ἀκαίρου·
1497 1822 1531 1890 ἡ
1586 1822 1685 1891 μὲν
1722 1823 1832 1894 γὰρ

261 1905 357 1956 καὶ
385 1905 684 1974 ἀσφάλειαν
714 1907 808 1959 καὶ
842 1905 1114 1973 ὠφέλειαν
1158 1908 1282 1977 άγει
1322 1912 1435 1973 τοῖς
1465 1910 1647 1976 καλῶς
1694 1913 1830 1984 αὐτῇ

261 1996 656 2067 κεχρημένοις·
701 1998 735 2067 ὴ
792 1995 849 2049 δὲ
899 1998 1193 2071 συντριὸὴν
1245 2001 1341 2053 καὶ
1389 2002 1684 2074 ἐπιζήμιον
1737 2004 1829 2059 δα-

261 2099 461 2154 πανην.
1321 2115 1330 2124 ι

331 2351 544 2423 ’Ὠσπερ
584 2353 694 2426 γὰρ
763 2357 864 2409 οὐκ
916 2355 1064 2411 ἐστιν
1114 2357 1299 2413 ὁλκάδι
1356 2359 1568 2431 πελάγη
1611 2361 1832 2433 διαπορο

150 2453 152 2455 '
261 2442 559 2510 θμεύεσθαι
613 2444 1014 2518 κυϐερνητικῆς
1066 2449 1376 2520 ἐπιστήμης
1434 2452 1624 2523 χωρὶς,
1663 2452 1835 2518 οὕτως

263 2533 380 2586 οὐδέ
427 2533 722 2605 πολεμίους
750 2538 1456 2616 καταγωνίζεσθαιᾼτάξεως
1501 2544 1598 2596 καὶ
1635 2561 1833 2616 στρατω

267 2625 427 2694 ηγίας
447 2627 625 2692 ἐκτὸς,
654 2627 722 2681 δι’
751 2623 820 2700 ἦς
856 2630 917 2683 οὒ
954 2630 1114 2702 μόνον
1146 2613 1241 2684 τοῧ
1275 2613 1836 2705 ίσορῤοποῦντοςντῶν

263 2719 540 2789 πολεμίων
574 2722 953 2792 περιγίνεσθαι
979 2725 1077 2778 σὺν
1106 2723 1226 2796 Θεῷ
1246 2725 1470 2781 δυνατόν
1503 2729 1673 2794 ἐστιν,
1698 2729 1836 2783 ἀλλὰ

264 2813 358 2866 καί⁵
404 2813 500 2866 τοῦ
552 2815 731 2886 πολλῷ
785 2817 945 2871 πλέον
981 2817 1059 2890 τῷ
1117 2818 1337 2890 ἀριθμῷ
1380 2819 1833 2890 ὑπερϐάλλοντος.

263 2903 474 2978 Ὠσπερ
519 2901 612 2961 οὖν
659 2907 816 2962 ἄλλον
868 2910 991 2964 τινὰ
1036 2911 1327 2982 πρόχειρον
1355 2911 1518 2982 νόμον
1557 2913 1708 2983 ὑμῖν,
1760 2915 1836 2978 ὡς

1933 1748 2085 1788 mero
2133 1733 2440 1800 hominum,
2498 1737 2591 1792 sed
2668 1731 3003 1807 benignitate
3063 1755 3126 1793 ac
3180 1738 3369 1794 favore
3419 1742 3512 1796 Dei

1932 1823 2070 1878 bella
2101 1825 2492 1892 coniiciuntur,
2523 1834 2579 1880 et
2629 1827 2706 1881 rei
2749 1828 3002 1884 militaris
3040 1830 3513 1900 imperatoriaque

1933 1912 2184 1976 scientia,
2222 1912 2276 1967 in
2309 1930 2430 1983 quae
2451 1914 2654 1984 patius,
2685 1931 2848 1984 quam
2887 1915 2942 1970 in
2973 1917 3299 1986 importunae
3325 1918 3510 1972 multi-

1933 2003 2141 2059 tudinis
2173 2004 2466 2059 coitionem
2514 2006 2831 2061 intuendum
2876 2017 2986 2074 est;
3032 2003 3202 2062 altera
3236 2009 3380 2063 enim
3415 2025 3505 2064 res

1934 2101 2049 2146 tum
2077 2092 2390 2160 utilitatem,
2418 2101 2533 2148 tum
2566 2094 3024 2159 incolumitatem,
3057 2096 3124 2150 iis
3154 2093 3248 2166 qui
3276 2111 3338 2150 ea
3369 2097 3509 2152 bene

1935 2190 2185 2248 utuntur,
2215 2192 2499 2253 apportat;
2547 2184 2718 2240 altera
2755 2201 2882 2240 vero
2942 2187 3409 2254 perturbationem
3445 2197 3500 2241 et

1933 2282 2180 2343 sumptus
2205 2274 2404 2329 multos
2433 2273 2802 2331 infructuosos
2831 2274 3006 2330 ail‘ert.

2003 2363 2471 2430 Quemadmodum
2539 2366 2684 2420 enim
2761 2381 2954 2422 navem
3030 2369 3338 2422 onerariam
3407 2379 3503 2437 per

1934 2456 2107 2511 maria
2151 2456 2401 2526 trajicere
2431 2471 2541 2511 non
2573 2469 2868 2527 possumus
2908 2459 3031 2513 sine
3085 2469 3201 2513 arte
3230 2459 3503 2527 guberna-

1937 2549 2095 2613 toria,
2123 2547 2204 2604 sic
2269 2563 2448 2619 neque
2494 2549 2637 2604 bella
2693 2559 2880 2604 nostra
2933 2550 3162 2606 honeste
3201 2543 3503 2621 suscipere,

1936 2653 2116 2709 neque
2137 2647 2390 2708 suscepta
2419 2639 2692 2694 coniicere
2725 2654 3025 2708 possumus
3060 2635 3181 2696 sine
3215 2649 3335 2696 arte
3363 2642 3508 2706 mili-

1934 2728 2040 2783 tari
2094 2738 2261 2797 atque
2301 2728 2673 2797 imperatoria,
2715 2743 2824 2798 qua
2853 2742 2964 2783 non
3006 2729 3187 2784 solum
3246 2730 3509 2799 aequalem

1937 2828 1990 2874 et
2031 2833 2219 2888 parem
2267 2833 2498 2874 numero
2543 2817 2952 2874 multitudinem
2984 2819 3227 2874 hostium
3271 2821 3512 2890 propitio

1937 2908 2048 2965 Deo
2086 2923 2432 2980 superamus,
2481 2910 2577 2965 sed
2613 2911 2779 2965 etiam
2829 2910 2991 2980 longe
3021 2911 3202 2965 .multo
3245 2910 3512 2981 maiorem

264 2999 502 3066 εἴρηται,
541 3002 904 3072 στρατηγικὸν
969 3004 1070 3073 τὴν
1119 3002 1401 3075 παροῦσαν
1450 3007 1834 3076 πραγματείαν

1942 2998 2178 3052 hostium
2223 3013 2536 3062 numerum,
2571 2997 3063 3066 instructioresque
3106 2998 3292 3068 copias
3329 2999 3512 3054 fundi-

266 3086 696 3158 ὑπαγορεύοντες
746 3093 1029 3163 προσεχῶς
1057 3111 1118 3147 τε
1150 3095 1246 3149 καὶ
1292 3094 1565 3160 ἐπιπόνως
1617 3097 1834 3151 ἀκούειν

269 3175 426 3247 ὑμῶν
453 3180 963 3252 παρακελευόμεθα.

339 3355 532 3425 Χρεὼν
557 3357 738 3412 τοίνυν
763 3360 1026 3432 πρότερον
1059 3363 1158 3432 μὲν
1187 3363 1498 3436 ὑπογράψαι
1528 3366 1623 3436 τὴν
1651 3367 1707 3419 ἐν
1735 3383 1834 3418 πο-

269 3445 456 3515 λέμοις
491 3450 781 3520 τακτικὴν.
811 3451 922 3504 Καὶ
960 3452 1016 3504 τί
1045 3453 1160 3506 ἐστι
1205 3455 1532 3524 στρατηγὸς,
1565 3451 1687 3510 εἶτα
1716 3457 1835 3509 τίνα

267 3537 364 3590 καὶ
399 3539 580 3592 ὁποῖον
612 3542 917 3612 στρατηγὸν
942 3537 1080 3597 εῖναι
1123 3543 1222 3609 δεῖ,
1258 3546 1351 3599 καὶ
1380 3546 1526 3608 ὅπως
1552 3547 1670 3600 δέον
1709 3546 1834 3615 βου-

269 3626 542 3682 λεύεσθαι.
591 3629 749 3701 Ἑξῆς
767 3631 826 3684 δέ
853 3631 952 3701 τὴν
971 3635 1050 3694 είς
1082 3633 1348 3705 ἄρχοντας
1378 3635 1473 3688 καὶ
1501 3635 1837 3705 ἀρχομένους

267 3716 362 3770 τοῦ
402 3718 636 3789 στρατοῦ
665 3721 926 3776 διαθεῖναι
945 3722 1230 3793 διαίρεσιν,
1276 3725 1377 3795 τήν
1409 3743 1467 3778 τε
1497 3725 1663 3795 ἀλλην
1689 3729 1837 3782 ἀπο-

268 3811 490 3882 σκευὴν,
511 3813 606 3866 καὶ
630 3814 738 3868 τῶν
769 3815 952 3870 ὅπλων
971 3817 1340 3888 κατασκευὴν,
1372 3818 1467 3871 καὶ
1485 3819 1584 3889 τὴν
1605 3820 1838 3874 ἑκάστου

270 3905 599 3972 μαχομένων
627 3907 864 3964 ὅπλισιν.
898 3910 1042 3980 Πρὸς
1075 3909 1286 3974 τούτοις
1321 3909 1421 3981 τὴν
1453 3911 1589 3982 πρὸς
1614 3913 1724 3966 τῶν
1761 3913 1838 3984 (7)

268 3993 538 4064 ἀληθινῶν
554 3997 778 4066 ἀγώνων
799 3999 893 4052 τοῦ
923 4000 1229 4071 στρατηγοῦ
1262 4003 1591 4073 γυμνασίαν.
1609 4005 1840 4058 Ἔπειτα

269 4083 328 4137 δέ
365 4087 457 4138 καὶ
493 4088 562 4142 τὰ
609 4090 834 4159 κείμενα
877 4091 1370 4162 ὑπαναγνωσθῆναι
1405 4095 1673 4164 ἐπιτίμια,
1722 4091 1841 4150 εἶτα

271 4180 404 4247 περὶ
433 4179 739 4252 ὁδοιπορίας
772 4184 945 4236 είπεῖν
979 4185 1078 4252 τῆς
1101 4201 1162 4236 τε
1196 4187 1253 4238 ἐν
1281 4187 1348 4256 τῇ
1381 4185 1488 4257 ἰδίᾳ
1527 4188 1621 4239 καὶ
1654 4187 1754 4256 τῆς
1783 4189 1841 4240 ἐν

271 4272 336 4338 τῇ
363 4268 624 4349 πολεμίᾳ,
668 4274 795 4343 περί
841 4291 899 4328 τε
928 4274 1020 4328 τοῦ
1046 4276 1339 4346 λεγομένου
1368 4277 1611 4342 τούλδου,
1649 4279 1743 4332 καὶ
1775 4276 1840 4349 δὴ

270 4362 367 4412 καὶ
423 4347 559 4432 περϊ
597 4363 912 4434 ἀπλὴκτων.
955 4365 1069 4436 Τῆς
1119 4383 1180 4419 τε
1243 4368 1697 4440 προκατασκευῆς
1745 4347 1840 4423 καῖ

271 4452 669 4520 παραγγελίας,
704 4457 800 4509 καὶ
844 4456 896 4509 τι
924 4455 1004 4509 δεῖ
1043 4456 1289 4524 γίνεσθαι
1330 4458 1436 4528 πρὸ
1470 4457 1570 4528 τῆς
1607 4457 1703 4510 τοῦ
1740 4475 1839 4512 πο-

271 4540 442 4605 λέμου
480 4544 716 4616 ἡμέρας,
759 4547 854 4600 καὶ
903 4547 1002 4600 ὅσα
1042 4548 1099 4600 ἐν
1126 4549 1191 4617 τῇ
1227 4547 1322 4601 τοῦ
1368 4548 1603 4617 πολέμου
1659 4549 1842 4621 ἡμέρᾳ

270 4634 641 4702 ἐποφείλεται.
673 4637 783 4690 Καὶ
813 4636 894 4690 ἔτι
930 4640 1057 4709 περὶ
1098 4639 1414 4709 πολιορκίας
1435 4655 1448 4668 ·
1479 4633 1599 4694 εἶτα
1639 4641 1733 4695 καὶ
1772 4643 1841 4694 τὰ

276 4728 416 4793 μετά
461 4727 551 4780 τὸν
598 4728 832 4804 πόλεμον
865 4729 1212 4802 ὀφειλόμενα,
1250 4731 1345 4785 καὶ
1379 4732 1478 4795 τὰς
1517 4731 1585 4786 δι’
1608 4733 1841 4805 ἐνεδρῶν

273 4819 568 4888 ἀδοκήτους
600 4820 823 4888 ἐφόδους
853 4822 960 4875 τῶν
1003 4839 1061 4874 τε
1090 4823 1374 4894 ἡμετέρων
1405 4825 1500 4878 καὶ
1528 4824 1636 4878 τῶν
1678 4827 1839 4880 πολε-

277 4910 435 4978 μίων.
465 4911 575 4963 Καὶ
603 4912 695 4963 ἐπὶ
720 4912 936 4976 τούτοις
965 4912 1239 4982 διαφόρων
1277 4915 1636 4986 παρατάξεων
1680 4919 1840 4988 μελέ-

274 5017 370 5063 τας
403 5001 630 5054 ἐθνικῶν
656 5019 713 5054 τε
745 5003 838 5056 καὶ
877 5003 1218 5073 Ῥωμαϊκῶν.
1257 5003 1392 5059 Εῖτα
1432 5008 1524 5059 ἐπὶ
1548 5010 1658 5070 τοῖς
1692 5011 1842 5077 εἰρη-

281 5091 459 5159 μένοις
501 5092 597 5144 καὶ
638 5093 766 5162 περὶ
799 5095 1107 5165 ναυμαχίας
1133 5095 1382 5159 διατάξαι
1432 5095 1687 5165 μετρίως.
1733 5099 1842 5150 Καὶ

278 5184 371 5236 ἐπὶ
419 5184 629 5249 τούτοις
662 5185 835 5240 ἅπασι
885 5187 1108 5258 γνώμας
1156 5188 1308 5250 τινὰς
1339 5189 1602 5249 τακτικάς
1644 5203 1704 5241 τε
1748 5189 1843 5240 καὶ

279 5279 646 5348 στρατηγικὰς
715 5279 861 5341 ἰδίως
930 5278 1235 5341 ἐντεύξουσι
1309 5279 1635 5345 συναγαγεῖν
1711 5277 1842 5341 ὅσας

275 5367 434 5437 δῆλον
482 5371 563 5425 ὅτι
617 5372 757 5426 κατὰ
810 5370 996 5442 χώραν
1045 5369 1263 5434 ἐντάξαι
1291 5369 1352 5422 τὸ
1394 5369 1722 5423 εὐσύνοπτον
1752 5371 1846 5423 καί¹

275 5459 570 5532 πρόχειρον
597 5464 703 5515 τῶν
725 5463 1020 5528 διατάξεων
1040 5463 1100 5515 οὐ
1131 5463 1401 5533 συγχωρεῖ
1423 5460 1681 5516 ἐκθεῖναι.
1727 5462 1846 5532 Ἀφ’

350 5644 426 5714 (⁸7)
445 5646 597 5712 Πρὸς
623 5645 758 5700 τῶν.
792 5627 979 5702 Scribe
1014 5646 1118 5716 πρὸ
1135 5646 1263 5700 τῶν.

1936 3101 2060 3142 mus
2090 3097 2144 3142 et
2180 3086 2529 3159 dissipamus.
2561 3084 2731 3152 Quasi
2759 3085 2927 3155 igitur
2954 3085 3058 3155 legi
3082 3086 3245 3141 alicui
3286 3088 3507 3142 militari

1936 3179 2308 3250 promulgatae,
2343 3188 2402 3232 ιιι
2421 3179 2625 3233 dictum
2647 3184 2752 3242 est,
2775 3177 2857 3233 sic
2899 3176 3025 3231 huic
3057 3178 3370 3231 tractationi
3413 3193 3509 3230 vos

1936 3283 2126 3339 parere
2159 3277 2320 3339 atque
2349 3268 2571 3324 obedire
2591 3269 2843 3324 volumus
2868 3276 3033 3338 atque
3055 3267 3405 3337 imperamus.

2012 3364 2256 3420 Primum
2306 3363 2473 3434 igitur
2534 3363 2695 3420 nobis
2734 3360 3152 3419 describendum
3200 3368 3303 3424 est,
3346 3359 3509 3430 quid-

1938 3475 2065 3516 nam
2096 3475 2187 3515 res
2231 3457 2517 3524 militaris,
2539 3455 2781 3527 quidque
2806 3457 3105 3527 imperator
3146 3454 3256 3521 sit;
3286 3454 3506 3514 deinde,

1937 3551 2156 3621 qualem
2195 3565 2317 3605 esse
2346 3558 2559 3618 oportet
2588 3548 2914 3614 exercitum,
2951 3558 3008 3604 et
3050 3547 3506 3618 quemadmodum

1938 3641 2228 3696 consilium
2259 3639 2585 3708 capiendum
2617 3638 2722 3705 sit;
2753 3647 2868 3694 tum
2909 3639 2963 3692 in
3006 3637 3291 3708 praefectos
3329 3636 3510 3692 omnis

1939 3727 2172 3799 generis,
2207 3736 2263 3783 et
2293 3727 2495 3784 milites
2529 3727 2771 3783 dividere
2812 3729 3115 3784 exercitum
3136 3771 3150 3793 ,
3197 3729 3506 3799 reliquum-

1940 3833 2047 3887 que
2070 3826 2388 3891 apparatum
2421 3831 2640 3872 omnem
2671 3817 2902 3872 militum
2927 3818 3206 3883 adhibere,
3239 3829 3293 3874 et
3319 3818 3512 3876 unius-

1944 3909 2213 3979 cujusque
2240 3907 2432 3964 militis
2478 3917 2834 3964 armaturam.
2867 3909 2948 3964 Ad
2981 3910 3118 3974 lucc,
3147 3911 3509 3980 quemadmoo

1942 4001 2072 4055 dum
2106 4007 2232 4053 ante
2266 4013 2393 4054 vera
2425 3999 2720 4054 certamina
2754 4000 3052 4070 imperator
3079 4000 3323 4071 singulos
3354 4015 3513 4056 exer-

1943 4105 2068 4146 cere
2105 4089 2320 4146 debeat.
2365 4089 2652 4160 Deinceps,
2679 4089 3137 4160 quemadmodum
3169 4091 3399 4162 singulis
3428 4108 3514 4147 rc-

1943 4183 2046 4237 bus
2085 4182 2376 4252 propositae
2432 4181 2618 4236 multa:
2665 4181 2718 4234 in
2763 4182 3004 4237 exercitu
3057 4180 3325 4253 legantur.
3373 4174 3512 4237 Tum

1944 4273 2012 4326 de
2050 4271 2245 4326 itinere
2268 4271 2434 4326 verba
2463 4259 2704 4326 facienda
2737 4279 2885 4335 sunt,
2919 4278 3031 4324 tum
3069 4271 3119 4323 in
3153 4286 3272 4336 sua,
3309 4279 3421 4324 tum
3458 4273 3513 4325 in

1947 4362 2130 4419 hostili
2157 4372 2321 4418 terra.
2347 4362 2537 4418 Postea
2569 4363 2635 4416 de
2657 4361 3058 4431 impedimentis
3085 4371 3142 4416 et
3187 4362 3416 4428 castris;
3445 4363 3513 4417 de

1946 4464 2231 4524 apparatu,
2272 4463 2326 4507 et
2376 4453 2680 4523 praeceptis,
2729 4453 2973 4523 quidque
3023 4452 3333 4508 faciendum
3387 4467 3514 4510 ante

1945 4547 2088 4601 diem
2117 4547 2242 4601 belli
2289 4547 2395 4605 sit.
2426 4546 2664 4616 quidque
2689 4545 2806 4615 ipso
2844 4545 2931 4598 die
2978 4544 3269 4615 agendum.
3304 4545 3380 4600 De
3417 4548 3514 4601 ob-

1945 4638 2158 4693 sidione
2203 4638 2392 4701 etiam,
2438 4647 2602 4704 atque
2649 4637 2715 4691 de
2757 4635 2846 4703 iis,
2877 4651 2998 4707 qua:
3033 4647 3155 4706 post
3194 4638 3394 4693 bellum
3425 4655 3516 4708 εο-

1948 4732 2108 4786 renda
2162 4739 2309 4786 sunt.
2359 4727 2498 4785 Tum
2548 4746 2649 4786 nec
2695 4724 2947 4800 opinatas
2995 4744 3062 4784 ex
3114 4729 3348 4792 insidiis,
3401 4740 3513 4785 tum

1955 4835 2193 4884 nostras,
2239 4832 2350 4876 tum
2387 4819 2625 4876 hostium
2674 4822 3039 4884 incursiones,
3070 4830 3125 4874 et
3153 4820 3518 4876 diversimode

1949 4915 2089 4982 apud
2125 4915 2301 4968 varias
2336 4925 2522 4982 gentes
2555 4912 2700 4967 acies
2743 4911 3055 4966 instructas.
3091 4909 3166 4965 De
3210 4911 3386 4966 navali
3423 4929 3516 4982 pu-

1951 5021 2053 5067 una
2085 5020 2256 5071 pauca
2292 5004 2670 5073 adiungemus.
2719 5000 2849 5055 Post
2892 5002 3007 5056 haec
3054 5001 3259 5065 omnia,
3295 5011 3516 5060 senten-

1951 5094 2148 5146 tiarum
2181 5095 2540 5162 quarumdam
2578 5085 2896 5145 militarium
2940 5100 3102 5159 atque
3137 5092 3516 5162 imperatoria-

1949 5204 2066 5242 rnm
2102 5187 2520 5258 descriptionem
2575 5185 2869 5255 separatim
2917 5186 3257 5256 colligemus,
3286 5204 3424 5260 quas
3461 5192 3514 5246 in

1948 5280 2064 5335 suis
2096 5280 2231 5334 locis
2263 5289 2485 5348 propter
2548 5277 2867 5332 brevitatem
2917 5289 2971 5332 et
3014 5280 3317 5349 expeditam
3349 5283 3516 5338 ratio-

1949 5387 2071 5425 nem
2124 5370 2358 5440 capitum
2401 5383 2507 5424 non
2539 5367 2845 5439 posuimus.
2877 5366 2974 5424 His
3002 5370 3164 5427 rebus
3195 5372 3512 5438 instructus,

1949 5463 2044 5532 qui
2068 5463 2332 5532 sapientia
2391 5471 2444 5517 ct
2472 5461 2748 5517 celeritate
2779 5461 2980 5530 ingenii
3019 5462 3312 5534 imperator
3333 5466 3512 5520 abun-

1793 5575 2023 5632 ΝΟΤᾹΞ.
