4100 6226
583 222 693 289 679
1834 225 2109 287 LEONIS
2138 223 2597 283 PIIILOSOPIII
3781 217 3909 284 680

590 340 706 409 dat,
730 341 891 412 longe
914 340 1229 413 perfectior,
1268 343 1346 397 ut:
1382 358 1565 414 spero,
1598 342 2009 412 absolutior-que
2045 341 2168 394 erit.
2201 345 2250 400 Α
2277 332 2350 393 ὧν

2277 332 2353 393 ὧν
2385 336 2706 409 ὁρμώμενον
2738 338 2900 405 σοφὸν
2950 336 3080 389 ὄντα
3115 335 3212 391 καὶ
3262 335 3390 401 ὀξὺν
3424 339 3495 408 τῇ
3519 337 3752 408 διανοίᾳ
3804 337 3915 389 τὸν

591 431 669 486 Δι’
706 436 884 503 primo
918 433 1047 489 hinc
1077 433 1443 503 incipiendum
1475 449 1599 490 esse
1627 443 1911 504 putamus.
2278 449 2341 483 στ

2278 430 2587 503 στρατηγὸν
2617 429 2929 500 σοφώτερον
2956 428 3213 497 γενέσθαι
3234 428 3550 501 ἐλπίζομεν.
3575 430 3690 485 Καὶ
3712 428 3916 501 πρῶ-

2276 537 2369 575 τον
2408 521 2507 593 μὲν
2539 521 2773 593 ἀρκτέον
2802 519 3079 573 ἐντεῦθεν.

1006 670 1472 731 CONSTITUTIO
1512 676 1745 733 PRIMA.

2757 678 3069 734 ΔΙᾹΤΑΞΙΣ
3122 677 3376 733 ΠΡΩἸἮ.

939 783 1016 840 De
1037 786 1104 857 [re
1132 787 1359 843 militari
1386 801 1434 844 et
1466 790 1802 860 imperatore.

2560 794 2701 862 Περὶ
2729 792 3018 861 τακτικῆς
3051 791 3154 847 καὶ
3190 788 3554 861 στρατηγοῦ.

674 896 719 949 i.
765 896 872 951 Res
934 896 1190 954 militaris
1248 909 1333 955 est
1395 901 1625 957 scientia
1682 902 2001 959 bellicorum
2054 918 2171 960 mo-
2348 942 2350 957 ς

2348 917 2421 965 α’.
2455 908 2702 979 Τακτική
2738 908 2886 961 ἐστιν
2915 907 3197 979 ἐπιστήμη
3230 907 3545 978 πολεμικῶν
3570 907 3902 977 κινήσεων.

596 995 775 1041 tuum.
819 986 1000 1045 Motus
1030 998 1210 1044 autem
1248 992 1371 1047 belli
1406 992 1656 1064 duplices
1686 1007 1818 1051 sunt
1852 1012 1864 1049 :
1895 995 1987 1050 alii
2022 997 2170 1051 enim
2279 1005 2350 1058 Κι

2279 1004 2541 1075 Κινήσεις
2570 1002 2627 1055 δὲ
2678 1000 2979 1070 πολεμικαὶ
3008 999 3187 1054 διτταί
3214 1016 3228 1030 ·
3262 1000 3317 1052 αί
3347 997 3447 1069 μὲν
3477 998 3619 1052 κατὰ
3647 998 3783 1068 γῆν,
3828 998 3891 1052 αἱ

600 1088 766 1144 terra,
798 1078 890 1133 alii
927 1080 1066 1134 mari
1096 1080 1253 1136 ﬁunt.
2278 1095 2336 1147 δὲ

2278 1095 2336 1147 δὲ
2363 1093 2506 1147 κατὰ
2541 1091 2835 1146 θάλατταν.

664 1167 720 1222 2.
776 1170 882 1224 Res
930 1170 1188 1227 militaris
1237 1182 1322 1229 est
1382 1190 1475 1231 ars
1518 1177 1767 1246 quaedam
1818 1180 2173 1251 itnperatoria

2352 1186 2420 1256 β’.
2460 1186 2709 1257 Τακτική
2761 1186 2877 1239 ἐστι
2905 1185 3072 1255 τέχνη
3110 1181 3453 1253 στρατηγικὴ
3502 1181 3885 1252 παρατάξεων

596 1259 837 1313 acierum
887 1259 1351 1345 instruendarum,
1397 1276 1452 1321 et
1501 1282 1779 1325 armorum
1833 1280 1887 1325 et
1925 1282 2173 1327 motuum
2280 1295 2350 1333 κα

2280 1278 2375 1333 καὶ
2403 1276 2687 1347 ὁπλισμῶν
2716 1276 2809 1330 καὶ
2837 1276 3110 1347 κινήσεων
3133 1271 3566 1345 στρατιωτικῶν.

599 1348 939 1404 militarium.

668 1440 722 1495 ’5.
742 1434 869 1497 Ἀτε
905 1442 1254 1511 imperatoria
1282 1456 1367 1503 est
1395 1448 1449 1502 in
1481 1450 1683 1519 quibus
1713 1453 2055 1518 exercitatio,
2093 1462 2173 1515 vel

2354 1467 2424 1528 γ’.
2465 1457 2818 1530 Στρατηγικὴ
2845 1458 2903 1511 δέ
2931 1459 3079 1511 ἐστιν
3111 1455 3435 1529 στρατηγῶν
3482 1452 3701 1521 ἀγαθῶν
3738 1468 3877 1505 συν-

598 1531 840 1584 stndium
886 1540 980 1585 aut
1028 1533 1295 1589 industria
1346 1539 1590 1605 ponitur,
1618 1556 1741 1595 eum
1790 1547 2177 1615 στρατηγημά-
2283 1548 2350 1601 ἁσ

2283 1548 2516 1617 ἁσκησις
2548 1548 2715 1618 ἧγουν
2741 1546 2938 1617 μελέτη
2968 1547 3063 1600 καὶ
3128 1543 3403 1615 γυμνασία
3454 1541 3593 1612 μετὰ
3649 1557 3878 1611 στρατ-

597 1641 725 1686 των,
758 1624 808 1677 id
837 1633 921 1679 est
950 1626 1307 1681 consiliorum
1340 1627 1821 1698 imperatoriorum
1861 1643 1914 1688 et
1946 1643 2175 1703 tr0pzeo-
2210 1685 2249 1739 Β
2283 1657 2350 1710 ηαχ

598 1727 717 1739 cu...“
757 1714 1073 1739 ΑΛΙΙΛΑιξΑ-,ι

2283 1638 2604 1710 ηγημάτων
2626 1640 2745 1710 ἦτοι
2777 1638 3053 1704 τροπαίων
3083 1634 3505 1706 συναθροισμοῦ.

598 1727 717 1767 rum
754 1714 1097 1770 collectione.

669 1804 724 1857 4.
783 1803 1126 1875 Propositum
1187 1809 1265 1865 rei
1315 1811 1538 1867 militari
1594 1822 1698 1881 est,
1745 1823 1804 1869 ut
1856 1817 2177 1886 opportunis
2349 1857 2350 1860 η

2349 1823 2411 1875 δ’.
2444 1822 2652 1883 Σκοπὸς
2681 1824 2748 1891 τῇ
2777 1822 3011 1890 τακτικῇ
3057 1818 3145 1872 διὰ
3179 1818 3288 1873 τῶν
3332 1816 3700 1888 ἐνδεχομένων
3742 1817 3876 1869 ἐπι-

600 1898 1079 1956 commoditatibus
1111 1910 1167 1956 et
1195 1902 1359 1959 rebus
1393 1907 1563 1975 gestis
1587 1907 1771 1963 vincat
1797 1908 2005 1965 hostes.
2282 1914 2350 1967 6ο

2282 1913 2492 1967 δουλῶν
2517 1913 2613 1965 καὶ
2644 1910 2898 1982 πράξεων
2929 1910 3149 1978 κινῆσαι
3183 1908 3312 1971 τοὺς
3338 1908 3659 1977 πολεμίους.

671 1988 724 2043 5.
767 1989 989 2045 Utilitas
1035 1993 1113 2048 rei
1173 1995 1429 2052 militaris
1481 2006 1585 2065 est,
1637 2000 1892 2056 ordinata
1936 2002 2173 2073 quadam

2363 2008 2425 2056 ε’.
2459 2001 2746 2072 Χρήσιμον
2777 1999 2834 2052 δέ
2875 2001 3023 2052 ἐστιν
3055 2000 3088 2069 ἡ
3119 1998 3375 2068 τακτικὴ,
3405 1996 3466 2050 τὸ
3485 1996 3555 2050 δι’
3597 1996 3875 2050 εὐτάκτου

600 2091 663 2147 ac
694 2078 957 2148 disposita
988 2083 1104 2137 acie
1142 2099 1266 2139 cum
1302 2087 1551 2144 hostibus
1576 2089 1888 2161 conﬂigere.
2283 2092 2350 2145 Οέε

2283 2092 2485 2155 Οέσεως
2512 2088 2922 2161 συμπλέκεσθαι
2956 2090 3069 2149 τοῖς
3093 2086 3395 2155 πολεμίοις.

673 2169 723 2221 I3.
768 2168 920 2226 Finis
953 2172 1028 2227 rei
1054 2175 1309 2232 militaris
1341 2188 1442 2241 cst,
1480 2181 1660 2250 quoad
1683 2182 1802 2253 ejus
1830 2184 1947 2239 ﬁeri
1975 2193 2173 2255 potest,

2355 2190 2429 2247 ς’.
2468 2181 2634 2245 Τέλος
2658 2184 2726 2251 τῇ
2754 2180 2989 2248 τακτικῇ
3028 2176 3171 2230 κατὰ
3199 2177 3259 2228 τὸ
3304 2176 3654 2247 ἐνδεχόμενον
3680 2176 3876 2247 ἀμέμ-

603 2258 722 2312 sine
754 2260 860 2314 ulla
894 2262 1195 2320 oll‘ensione
1234 2270 1533 2324 exercitum
1566 2272 1859 2329 instruere.
2282 2291 2350 2327 πτ

2282 2291 2431 2336 πτως
2461 2272 2711 2337 διατάξαι
2742 2271 2804 2324 τὸ
2841 2269 3181 2339 στράτευμα.

677 2350 726 2404 7.
770 2350 1005 2411 Bellicus
1054 2369 1346 2427 apparatus
1390 2363 1666 2432 perfectus
1709 2365 1907 2435 duplex
1942 2377 2047 2434 est,
2094 2369 2175 2421 al-

2351 2366 2419 2429 C'.
2465 2366 2530 2417 Al
2563 2362 2619 2417 δὲ
2652 2363 2732 2427 είς
2763 2364 2893 2426 τοὺς
2941 2360 3238 2431 πολεμίους
3282 2360 3488 2414 τέλειαι
3522 2377 3874 2431 παρετοιμα-

598 2451 679 2494 :er
713 2444 931 2512 quidem
965 2458 1109 2504 terra
1152 2453 1445 2515 terrestris,
1484 2454 1621 2509 alter
1658 2471 1787 2511 vero
1832 2458 1968 2512 mari
2011 2474 2175 2513 nava-
2280 2458 2350 2512 σίε

2280 2458 2392 2512 σίαι
2421 2456 2515 2511 δύο
2547 2455 2685 2509 εἰσίν
2714 2472 2728 2486 ’
2782 2457 2816 2527 ᾑ
2851 2455 2949 2525 μὲν
2984 2453 3127 2509 κατὰ
3156 2454 3256 2523 γῆν
3285 2452 3505 2523 πεζικὴ,
3538 2454 3571 2522 ἠ
3616 2452 3675 2505 δὲ
3721 2452 3875 2505 κατὰ

596 2533 683 2587 lis.
740 2534 810 2589 De
858 2552 917 2592 re
963 2542 1138 2593 navali
1173 2552 1363 2611 postea
1415 2545 1681 2602 dicemus.
1725 2547 2021 2604 Hominum
2072 2566 2175 2605 au-
2279 2548 2347 2602 θά

2279 2548 2556 2602 θάλασσαν
2585 2545 2839 2614 ναυτική.
2861 2543 3007 2615 Sept
3034 2543 3134 2614 μὲν
3161 2538 3255 2597 οὖν
3283 2543 3381 2611 τῆς
3407 2542 3673 2611 ναυτικῆς
3701 2541 3872 2594 ὓστε-

599 2635 703 2678 tem
735 2626 827 2694 qui
861 2628 929 2681 ad
962 2628 1161 2683 bellum
1198 2632 1479 2698 conﬂuunt
1506 2637 1822 2703 multitudo,
1855 2639 2025 2694 altera
2052 2640 2176 2709 qui-
2279 2651 2350 2703 ρσ

2279 2650 2372 2703 ρον
2405 2631 2660 2702 ἐροῦμεν.
2694 2629 2815 2683 Τῶν
2843 2630 2901 2684 δὲ
2926 2631 3069 2684 κατὰ
3098 2630 3203 2701 γῆν
3234 2629 3327 2682 ἐπὶ
3360 2630 3631 2698 πολέμους
3667 2630 3870 2701 ἀθροι-

598 2714 719 2768 dem
753 2718 1004 2785 praelians
1034 2730 1137 2788 est,
1168 2723 1271 2780 hoc
1297 2733 1382 2781 est
1417 2726 1691 2792 bellatrix,
1729 2730 1901 2787 altera
1931 2747 2060 2786 vero
2106 2733 2172 2787 ad
2277 2723 2350 2793 ἔοι

2277 2723 2523 2794 ζομένων
2568 2721 2783 2792 ἀνδρῶν
2831 2721 2892 2775 τὸ
2940 2720 3149 2789 πλῆθος
3189 2720 3250 2773 τὸ
3302 2720 3401 2791 μέν
3440 2722 3557 2775 ἐστι
3595 2722 3872 2791 μάχιμον,

600 2819 733 2859 usus
764 2806 886 2862 belli
918 2810 1143 2867 veniens
1188 2812 1447 2871 imbellis.
1484 2815 1550 2871 Et
1600 2818 1916 2887 bellatores,
1966 2822 2173 2878 milites
2276 2816 2348 2886 ἧγ

2276 2816 2445 2886 ἤγουν
2484 2814 2782 2885 πολεμικόν
2804 2830 2819 2845 °
2852 2813 2914 2866 τὸ
2947 2812 3003 2864 δὲ
3033 2812 3122 2866 διὰ
3152 2811 3251 2876 τὰς
3280 2812 3468 2867 τούτου
3512 2812 3705 2883 χρείας
3739 2829 3876 2865 συνο

598 2906 725 2949 sunt
783 2898 876 2966 qui
926 2900 1189 2959 adversus
1237 2905 1425 2962 hostes
1486 2909 1857 2967 instruuntur.
1923 2913 2171 2970 lmbelles
2276 2923 2350 2976 ερ]

2276 2906 2571 2977 ερχόμενον
2595 2905 2832 2976 ἄμαχον.
2861 2904 2972 2957 Καὶ
2997 2903 3292 2973 πολεμικὸν
3333 2902 3452 2973 μὲν,
3477 2903 3537 2955 τὸ
3570 2920 3874 2974 παρατασ-

596 2986 790 3055 reliqui
844 3001 994 3051 sunt,
1046 2996 1263 3061 medici,
1324 3000 1659 3067 administri,
1714 3016 2071 3069 mercatores,
2120 3014 2241 3075 etC
2279 3001 2350 3069 σόὲ

2279 3001 2507 3070 σύμενον
2536 2998 2672 3069 πρὸς
2698 2996 2825 3060 τοὺς
2852 2994 3144 3065 πολεμίους
3169 2994 3577 3064 στρατιωτικόν.
3610 2995 3874 3064 Ἀμαχον

596 3078 687 3131 alii
738 3081 832 3150 qui
886 3084 952 3136 ad
1004 3089 1348 3145 necessarios
1397 3108 1530 3147 usus
1587 3108 2020 3166 consequuntur.
2065 3099 2173 3154 l’u-
2273 3090 2331 3141 δὲ

2273 3090 2331 3141 δὲ
2359 3089 2420 3140 τὺ
2438 3088 2646 3151 λοιπὸν,
2706 3081 2809 3139 οἷοι
2844 3086 3041 3155 ἰατροὶ,
3068 3083 3269 3151 δοῦλοι,
3297 3084 3547 3155 ἔμποροι,
3583 3086 3681 3138 καλ⁵
3711 3085 3870 3138 ἄλλοι

595 3172 813 3237 gnantis
862 3175 1034 3241 partis
1083 3193 1179 3232 seu
1230 3179 1531 3240 bellatricis
1578 3186 1683 3241 alia
1732 3199 1817 3242 est
1879 3191 2168 3259 pedestris,
2274 3185 2350 3235 ὅσ(

2274 3185 2389 3235 ὅσοι
2412 3181 2503 3234 διὰ
2532 3182 2628 3243 τὰς
2651 3180 2959 3250 ὑπηρεσίας
2990 3177 3439 3231 ἐπακολουθοῦσι.
3471 3176 3577 3230 Τοῦ
3605 3178 3660 3231 δὲ
3692 3180 3865 3248 μαχί-

595 3260 701 3313 alia
750 3267 1044 3332 equestris.
1083 3267 1363 3330 Pcdcslris
1410 3286 1493 3331 est
1526 3294 1649 3348 qua:
1694 3280 1841 3334 humi
1895 3284 2167 3339 consistit.
2278 3289 2347 3342 μο

2278 3289 2380 3342 μου
2415 3272 2636 3341 μέρους,
2684 3270 2853 3340 ἤγουν
2887 3268 3187 3339 πολεμικοῦ
3221 3270 3479 3338 στρατοῦ.
3514 3270 3575 3322 τὸ
3610 3270 3711 3338 μέν
3741 3270 3869 3321 ἐστι

596 3348 880 3418 Equestris
929 3367 1033 3421 est,
1085 3373 1207 3429 qua:
1258 3363 1416 3432 equis
1474 3367 1711 3434 vehitur,
1767 3378 1821 3423 et
1864 3384 1986 3439 qua:
2039 3371 2167 3425 olim
2275 3382 2350 3417 πει

2275 3364 2519 3430 πεζικὸν,
2550 3364 2611 3416 τὸ
2648 3363 2705 3416 δὲ
2738 3362 3161 3430 καὸαλλαρικόν.
3193 3362 3303 3414 Καὶ
3334 3362 3394 3414 τὸ
3439 3361 3538 3431 μὲν
3571 3360 3721 3425 ἰδίως
3754 3379 3865 3414 πε-

596 3444 852 3501 curribus
909 3446 1123 3506 falcatis
1167 3461 1222 3508 et
1268 3455 1574 3525 elephantis
1631 3468 1809 3515 turres
1855 3462 2170 3519 hominibus
2274 3458 2350 3520 ξι)

2274 3456 2427 3520 ζικδν
2458 3456 2518 3509 τὸ
2542 3457 2636 3509 ἐπὶ
2661 3456 2767 3526 γῆς
2803 3456 3113 3527 ἱστάμενον,
3136 3457 3198 3509 τὸ
3242 3458 3299 3511 δὲ
3345 3458 3753 3529 καθαλλαρικδν
3802 3459 3871 3512 τὸ

596 3532 824 3591 refertas
873 3543 1223 3607 gestantibus
1270 3548 1595 3617 vehebatur,
1656 3552 1724 3607 de
1772 3553 1972 3625 quibus
2021 3572 2170 3615 nunc
2274 3546 2350 3599 ἐπ’

2274 3546 2369 3599 ἐπὶ
2395 3546 2507 3601 τῶν
2530 3548 2714 3601 ἵππων
2740 3546 2866 3617 ὀχού
2876 3541 3181 3617 μενονῘΗν
3202 3547 3259 3600 δέ
3280 3565 3410 3600 ποτε
3428 3551 3524 3601 καὶ
3552 3548 3645 3601 ἐπὶ
3666 3548 3870 3618 ἀρμὰ·

591 3636 817 3697 propter
847 3630 1163 3701 hujusmodi
1195 3652 1557 3710 apparatuum
1592 3645 1938 3704 inutilitatem
1974 3661 2028 3705 et
2062 3662 2171 3706 tar-
2273 3654 2350 3691 τω

2273 3654 2383 3691 των
2440 3637 2896 3709 δρεπανηφόρων,
2953 3641 3049 3691 καὶ
3098 3637 3193 3690 ἐπὶ
3246 3638 3552 3708 ἐλεφάντων
3610 3638 3872 3710 πύργους

592 3717 818 3776 ditatem
850 3726 996 3781 nulla
1033 3731 1239 3785 mentio
1269 3732 1378 3789 ﬁet.
2275 3742 2341 3794 φε

2275 3724 2554 3795 φερόντων
2579 3726 2809 3797 πλήρεις
2832 3726 3063 3797 ἀνδρῶν.
3103 3728 3264 3782 Ἀλλὰ
3294 3727 3497 3782 τούτων
3517 3728 3690 3791 οὐδεὶς
3718 3730 3873 3798 ἡμῖν

2273 3813 2430 3882 λόγος
2466 3814 2563 3869 νῦν
2615 3815 2705 3869 διά
2741 3832 2801 3869 τε
2828 3815 2929 3886 τὴν
2961 3817 3291 3887 ἀχρηστίαν,
3344 3817 3439 3871 καὶ
3478 3819 3576 3887 τὴν
3609 3816 3870 3888 παντελῆ

2273 3908 2475 3979 ἀργίαν
2510 3907 2619 3959 τῶν
2656 3908 2917 3961 τοιούτων
2944 3909 3331 3983 παρασκευῶν.

662 3977 716 4031 8.
760 3978 839 4033 Re
884 3982 1107 4039 militari
1151 3986 1341 4042 leviter
1384 3993 1449 4046 ad
1502 3994 1648 4054 hunc
1702 4002 1925 4057 modum
1958 4004 2166 4061 descri-
2316 3977 2350 4026 V‘

2316 3977 2417 4068 λη’.
2453 3997 2566 4067 Τῆς
2594 3994 2690 4051 οὖν
2710 3997 2977 4069 τακτικῆς
3001 3977 3239 4070 μετρίως
3268 4016 3384 4061 πως
3406 3999 3575 4061 οὕτως
3608 4000 3866 4069 ὑπογρα-

592 4074 706 4135 pta,
743 4080 957 4138 oportet
987 4074 1153 4129 etiam
1202 4080 1554 4149 constituere,
1601 4086 1826 4155 quinam
1870 4090 2167 4161 imperator
2271 4099 2350 4160 φεί

2273 4090 2487 4160 φείσης,
2543 4089 2626 4142 δεῖ
2689 4089 2787 4143 καὶ
2832 4089 2923 4143 τὸν
2975 4091 3281 4161 στρατηγὸν
3333 4090 3679 4160 ἀναδειθῆναι
3736 4091 3858 4161 (8),

590 4158 685 4221 sit,
716 4168 770 4215 et
798 4162 1053 4230 quisnam
1086 4166 1251 4238 hujus
1290 4172 1367 4227 rei
1398 4177 1746 4246 susceptione
1777 4158 1975 4252 dignus
2003 4188 2093 4241 sit.
2270 4158 2350 4235 έίί

2273 4158 2324 4235 τί
2347 4183 2404 4236 τέ
2422 4158 2601 4248 Ῠὲστιν,
2620 4181 2714 4235 καὶ
2741 4181 2825 4245 τίς
2844 4183 2872 4236 ὁ
2890 4181 2992 4253 τῆς
3012 4158 3269 4253 τοιαύτης
3288 4158 3654 4254 ἐγχειρήσεως
3674 4158 3855 4248 ἄξιος.

661 4253 718 4307 9.
758 4253 1059 4326 imperator
1100 4270 1184 4316 est
1221 4265 1315 4332 qui
1351 4266 1608 4325 universo
1651 4256 1915 4330 exercitui
1952 4292 2164 4349 praeest,
2343 4276 2350 4318 ⁴

2343 4273 2409 4327 0'.
2443 4272 2754 4344 Στρατηγδς
2783 4274 2962 4327 τοίνυν
2986 4273 3134 4326 ἐστὶν
3151 4275 3180 4325 ὁ
3204 4272 3305 4343 τῆς
3331 4274 3603 4328 ὑπἀύτδν
3632 4275 3864 4344 ἀπάσης

591 4352 645 4397 et
694 4347 991 4404 maximam
1032 4354 1332 4411 secundum
1392 4374 1572 4430 regem
1616 4362 1778 4418 habet
1819 4347 2164 4435 poteStatem.
2200 4351 2247 4409 θ
2274 4368 2350 4418 ὑπ

2274 4367 2549 4435 ὑπαρχίας
2581 4365 2804 4435 μείζονα
2841 4366 3059 4419 πάντων
3101 4364 3353 4431 ἐξουσίαν
3387 4366 3525 4436 ἔχων
3579 4366 3717 4436 μετὰ
3756 4365 3858 4418 τὸν

2271 4458 2517 4528 βασιλέα.

662 4523 748 4579 10.
790 4524 1089 4596 imperator
1110 4539 1191 4587 est
1213 4533 1481 4590 universze
1505 4538 1711 4595 militiae
1726 4543 2035 4614 praecipuus
2057 4546 2162 4602 dux
2272 4523 2282 4528 ’
2338 4569 2350 4601 ι

2338 4548 2390 4602 ι’.
2425 4550 2739 4619 Στρατηγός
2769 4548 2917 4602 ἐστιν
2951 4553 2978 4603 ὁ
3007 4551 3102 4605 τοῦ
3136 4550 3240 4605 ὑπὸ
3265 4552 3422 4623 χεῖρα
3450 4549 3859 4622 στρατιωτικοῦ

592 4628 623 4667 a
654 4629 781 4684 rege
809 4615 1145 4687 designatus,
1180 4624 1271 4691 qui
1301 4624 1439 4681 alios
1472 4628 1576 4683 sub
1610 4644 1669 4685 se
1710 4630 1875 4689 duces
1907 4635 2106 4704 partim
2136 4652 2165 4691 a
2269 4639 2350 4708 θέε

2273 4615 2514 4708 θέματος
2540 4615 2838 4709 κορυφαῖος
2861 4639 3068 4711 ἄρχων,
3103 4642 3168 4695 ἐκ
3201 4615 3466 4711 βασιλέως
3501 4615 3605 4711 μὲν
3633 4655 3858 4710 προχειο

594 4719 722 4804 rege
762 4708 963 4765 missos
1011 4710 1269 4783 suﬂragio
1322 4732 1425 4771 suo
1476 4721 1775 4791 approbat,
1812 4728 2012 4795 partim
2066 4744 2165 4785 sua
2269 4731 2350 4800 ριζ

2273 4730 2572 4800 ριζόμενος,
2595 4708 2722 4791 τοὺς
2743 4731 2800 4784 δὲ
2822 4708 2913 4783 ύπᾷ
2932 4708 3093 4785 αὐτὸν
3132 4708 3397 4804 ἄρχοντας
3412 4708 3539 4795 τοὺ-ς
3566 4732 3665 4802 μὲν

593 4794 768 4865 ipsius
792 4798 1117 4856 auctoritate
1142 4802 1412 4875 designat.
1820 4794 1827 4795 ί
1862 4879 1866 4881 λ
2269 4794 2337 4890 τῇ

2273 4822 2337 4890 τῇ
2374 4820 2542 4874 αὐτοῦ
2579 4822 2644 4874 ἐκ
2688 4821 2953 4892 βασιλέως
2976 4824 3033 4876 δὲ
3072 4822 3591 4893 καταπεμπόμενος,
3623 4822 3750 4885 τοὺς
3790 4819 3857 4874 δὲ

2269 4910 2491 4981 ἐξουσίᾳ
2523 4909 2632 4981 ἰδίᾳ
2657 4912 3114 4983 προϐαλλόμενος.

659 4970 749 5025 ll.
790 4970 1080 5044 PrOprium
1112 4976 1458 5049 imperatoris
1505 4998 1706 5041 munus
1749 4995 1854 5057 est,
1885 4988 2161 5061 subjectos
2309 4970 2350 5053 vl

2343 5008 2431 5056 ια’.
2471 4999 2632 5055 Ἰδιον
2660 5002 2719 5055 δὲ
2765 5004 3076 5073 στρατηγοῦ
3103 5004 3164 5058 τὸ
3193 5006 3427 5075 κρείττω
3458 5003 3675 5056 πάντων
3704 4994 3854 5054 εἶναι

591 5079 721 5121 suos
766 5069 1077 5139 prudentia,
1130 5073 1476 5145 fortitudine,
1504 5078 1743 5149 justitia,
1799 5087 2161 5156 temperantia
2265 5094 2350 5148 τῶ·

2273 5094 2375 5149 τῶν
2405 5094 2511 5148 ὑπὸ
2538 5096 2697 5165 χεῖρα
2730 5069 3016 5167 φρονήσειν,
3071 5097 3168 5150 καὶ
3216 5069 3455 5167 ἀνδρείᾳ,
3503 5095 3599 5148 καὶ
3635 5095 3852 5147 δικαιο-

586 5158 814 5211 anteire.
2269 5184 2350 5238 σύ,

2273 5158 2929 5258 σύνῃ,καί’σῶφροσύνη.
3001 5158 3011 5162 ν
3317 5158 3327 5164 ’
3410 5158 3451 5167 Γ
3598 5248 3603 5249 ,

662 5247 745 5304 12.
790 5247 1072 5308 υιιίνθτετε
1100 5259 1392 5324 provincia
1426 5277 1587 5331 quam
1621 5269 1851 5338 accepit,
1893 5278 2007 5325 tum
2059 5276 2159 5327 mi-
2341 5296 2350 5329 ι

2341 5247 2428 5346 ιβλ
2480 5276 2554 5329 Τὸ
2597 5247 2687 5340 εἰς.
2706 5247 2909 5332 ἀύτὸν..
2934 5280 3301 5349 ἀναφέρεσθαι
3350 5279 3452 5349 τῆς
3502 5248 3645 5332 κατὰ
3676 5276 3849 5328 αὐτὸν

584 5337 762 5392 litaris
796 5348 909 5392 tum
948 5342 1171 5409 privatae
1210 5355 1323 5401 tum
1362 5352 1591 5419 publica:
1624 5337 2157 5417 administrationem
2268 5370 2350 5420 ὲπι

2273 5337 2540 5438 ἐπάρχίας
2583 5337 2681 5431 τάξ
2708 5368 3024 5439 διοικήσεις,
3050 5337 3172 5423 δσαι
3204 5389 3263 5424 τε
3299 5337 3713 5442 στρατιωτικαὶ,
3750 5366 3850 5419 καὶ

585 5436 641 5489 in
671 5448 731 5488 se
758 5431 1020 5502 recipere.
1830 5440 1837 5443 ⁷
2267 5431 2396 5511 ὅσαί
2418 5431 2721 5523 ίδιωτικαὶ,
2766 5431 3156 5530 καιδημόσιοι.

654 5639 732 5707 (8)
805 5640 1227 5712 ‘Araé‘swﬁrat.
1262 5648 1473 5719 Scribe,
1511 5655 1913 5725 ἀναδειχθῆναι.
2115 5569 2350 5627 ΝΟΉΕ.
