4100 6226
258 262 366 329 681

1295 264 1637 326 TACTlCA.
1673 290 1743 300 -
1775 261 2291 327 CONSTITUTIO
2314 262 2367 337 Ι,
2410 261 2494 323 II.

3415 271 3524 332 682

329 375 424 441 ιγ’.
473 369 551 425 Τδ
604 364 994 442 παραλαϐόντα
1039 367 1271 437 στρατὸν
1318 370 1555 424 ἄτακτον
1612 369 1837 435 ἐκτάξαι

2014 369 2102 425 15.
2143 369 2455 448 Exercitum
2488 369 2861 426 inordinatum
2896 372 3091 429 idonea
3129 387 3295 445 atque
3317 389 3523 448 Oppor-

253 463 492 526 δεόντως
521 459 666 514 κατά
708 458 809 529 τὴν
854 457 1201 530 ἁρμόζουσαν
1227 458 1306 531 τῷ
1350 460 1528 532 καιρῷ
1574 462 1840 534 τακτικὴν

254 553 530 618 διάταξιν.

337 643 423 696 ιδ’.
457 639 669 703 Σκοπὸς
706 638 788 710 τῷ
821 641 1113 711 στρατηγῷ
1150 640 1212 694 τὸ
1242 641 1339 711 μὲν
1380 641 1472 695 ὑπ’
1500 642 1664 697 αὑτὸν
1698 640 1840 711 θέμα

258 733 520 803 αὐξῆσαι,
575 730 674 784 καὶ
718 729 957 794 ἀϐλαϐὲς
1000 730 1109 783 ἀπό
1162 748 1222 784 τε
1264 732 1537 801 πολεμίων
1592 734 1687 785 καὶ
1730 732 1839 785 τῶν

261 825 442 880 ἀλλων
475 821 834 892 ἀδικημάτων
884 822 980 873 καὶ
1007 821 1249 888 ἀταξιῶν
1301 824 1396 874 καὶ
1442 822 1684 875 στάσεων
1726 822 1841 876 δια-

263 912 519 980 φυλάξαι.
551 910 691 975 Τοὺς
714 911 772 963 δὲ
810 910 1105 981 πολεμίους
1138 911 1301 963 παντὶ
1322 910 1510 982 τρόπῳ
1547 912 1579 983 ἢ
1614 912 1839 983 πολέμῳ

263 1006 295 1073 ἦ
337 1004 548 1073 ἐφόδοις
595 1002 882 1073 ἀδοκήτοις
911 1002 1269 1066 ταπεινῶσαι,
1307 1005 1403 1056 καὶ
1433 1004 1576 1073 ἆπερ
1623 1005 1839 1074 ποιήσει

264 1095 410 1150 κατὰ
438 1095 548 1148 τῶν
584 1093 819 1166 ἐχθρῶν,
850 1092 1026 1148 ταῦτα
1053 1093 1393 1164 φυλάξασθαι
1414 1094 1492 1167 μὴ
1521 1095 1717 1151 παθεῖν
1741 1096 1838 1150 ἀπ’

260 1186 465 1239 αὐτῶν.

332 1282 415 1329 ιε’.
452 1274 620 1339 Τέλος
648 1273 728 1345 τῷ
754 1273 1049 1346 στρατηγῷ
1069 1274 1149 1346 τῷ
1179 1276 1619 1347 εὐδοκιμήσαντα
1644 1276 1723 1348 (9)
1748 1277 1838 1332 διὰ

263 1364 483 1416 πάντων
500 1362 602 1432 τῆς
620 1380 682 1416 τε
696 1364 849 1427 θείας
861 1364 956 1418 καὶ
977 1364 1265 1437 βασιλικῆς
1286 1366 1581 1421 ἀπολαύειν
1598 1367 1834 1434 εὐνοίας,

262 1452 297 1524 ἢ
327 1454 849 1524 κιτολιγωρήσαντα
878 1455 987 1508 τῶν
1016 1457 1338 1526 πρεπόντων
1370 1460 1460 1512 καὶ
1484 1458 1836 1530 ἁρμοζόντων

264 1547 610 1615 πραγμάτων
656 1545 923 1615 τάξασθαι
971 1548 1079 1601 τῶν
1117 1550 1397 1606 ἐναντίων.
1429 1550 1619 1615 Οὕτως
1652 1553 1835 1607 τοίνυν

264 1608 363 1685 καὶ
394 1608 494 1701 τῆς
520 1634 613 1686 τοῦ
640 1608 944 1704 σῗρατηγοῦ
972 1640 1425 1709 προτυπωθείσης
1477 1608 1685 1706 εἰκόνος
1704 1684 1719 1708 ,
1752 1643 1836 1696 δεῖ

1950 468 2083 515 tuna
2122 460 2178 515 in
2209 461 2328 516 acie
2357 444 2652 517 collocare.

2019 635 2109 691 14.
2152 634 2502 707 Propositum
2534 636 2639 692 hoc
2683 645 2767 692 est
2800 636 3145 707 imperatori,
3171 649 3233 695 ut
3272 640 3523 695 multitu-

1947 727 2129 782 dinem
2176 744 2331 783 suam
2385 729 2697 797 amplificet,
2748 740 2804 785 et
2854 732 2971 787 sine
3014 731 3164 787 Omni
3200 732 3518 796 otfensione,

1946 818 2017 872 ab
2048 819 2298 873 hostibus
2345 820 2680 890 reliquisque
2738 820 2976 890 injuriis,
3031 838 3062 876 a
3109 822 3524 899 perturbationi-

1949 910 2051 964 bus
2078 918 2131 964 et
2155 910 2521 966 seditionibus
2554 912 2765 967 solutos
2798 922 3102 977 conservet,
3134 913 3323 968 hostes
3348 916 3521 968 omni-

1948 1000 2052 1055 bus
2093 1001 2272 1056 modis
2320 1002 2406 1056 vel
2458 1002 2725 1057 bellovel
2774 1002 3183 1060 incursionibus
3222 1004 3520 1072 inopinatis

1948 1089 2254 1157 labefactet,
2300 1100 2353 1147 et
2389 1109 2509 1162 qua:
2558 1095 2761 1149 inferre
2812 1095 3061 1151 hostibus
3115 1096 3361 1162 molitur,
3411 1097 3518 1151 cir-

1946 1183 2273 1253 cumspiciat
2312 1201 2378 1239 ne
2404 1187 2595 1240 eadem
2624 1188 2691 1240 ab
2716 1187 2830 1240 illis
2859 1188 3117 1256 patiatur.

2018 1271 2107 1326 15.
2147 1272 2300 1328 Finis
2338 1274 2684 1343 imperatoris
2712 1282 2798 1329 est
2829 1276 3123 1329 maximam
3155 1277 3384 1347 gloriam
3418 1278 3515 1332 ba-

1944 1362 2092 1427 bere,
2120 1365 2174 1419 in
2207 1366 2461 1420 omnibus
2492 1366 2584 1420 Dei
2633 1376 2687 1419 et
2729 1366 2871 1435 regis
2906 1366 3339 1423 benevolentiam
3383 1384 3515 1423 con-

1944 1457 2142 1526 sequi:
2178 1457 2261 1511 siu
2310 1458 2458 1526 quod
2504 1456 2762 1511 idoneum
2811 1455 3097 1527 ollicioque
3140 1474 3241 1513 suo
3279 1459 3512 1529 conjun-

1942 1563 2089 1609 ctum
2120 1562 2203 1608 est
2230 1553 2550 1623 neglexerit,
2586 1562 2643 1606 ut
2672 1569 2702 1608 e
2739 1553 3018 1608 contrario
3060 1554 3135 1607 illi
3166 1555 3399 1609 accidat.
3434 1555 3509 1609 Ita

1942 1646 2104 1716 igitur
2149 1646 2496 1713 imperatoris
2540 1644 2778 1715 imagine
2826 1644 3139 1709 informata,
3168 1647 3324 1716 quasi
3364 1647 3512 1701 colu-

264 1723 514 1795 καθάπερ
544 1724 637 1777 διά
680 1726 979 1795 χρημάτων
1008 1729 1120 1798 (10)
1170 1731 1319 1801 ἡμᾶς
1362 1733 1833 1804 ἀναζωγραφῆσαι

1943 1737 2092 1791 ribus
2119 1736 2442 1805 quibusdam
2477 1736 2841 1805 exprimendae
2871 1737 3029 1792 dotes
3072 1736 3192 1806 ejus
3239 1747 3388 1801 sunt,
3421 1738 3513 1791 dc-

263 1814 363 1885 τὴν
396 1812 591 1867 τούτου
631 1816 915 1886 ποιότητα,
950 1819 1045 1870 καὶ
1088 1820 1258 1884 δεῖξαι
1307 1824 1558 1893 φανερῶς
1596 1826 1680 1888 τίς
1739 1826 1834 1879 καὶ

264 1904 510 1968 ποταπὸς
556 1902 699 1959 εἶναι
749 1906 958 1975 ὀφείλει
997 1911 1078 1973 είς
1127 1911 1227 1981 τὴν
1270 1912 1527 1984 τοιαύτην
1584 1915 1833 1981 ἐξουσίαν

262 1996 745 2068 προχειριζόμενος
774 1998 980 2070 ἄρχων.

826 2114 1141 2169 ΔΙᾹΤΑΞΙΣ
1187 2116 1261 2173 B'.

420 2202 558 2268 Περὶ
586 2202 691 2256 τοῦ
717 2199 846 2257 οἷον
870 2203 1024 2260 εἶναι
1052 2206 1148 2259 δεῖ
1170 2208 1275 2261 τὸν
1310 2214 1663 2281 στρατηγόν.

332 2290 402 2347 α’.
462 2294 773 2364 Κελεύομεν
818 2296 1000 2350 τοίνυν
1047 2293 1187 2353 εἶναι
1231 2302 1323 2353 τὸν
1380 2306 1686 2374 στρατηγὸν
1730 2308 1831 2360 σώ-

266 2398 439 2452 φρονα
471 2383 600 2454 περὶ
652 2385 714 2437 τὸ
749 2384 931 2455 σῶμα,
986 2388 1115 2455 περὶ
1166 2389 1265 2459 τὴν
1317 2391 1527 2447 δίαιταν
1564 2397 1830 2467 ἐγκρατῆ,

264 2471 524 2541 νηφάλιον
584 2473 678 2526 καὶ
726 2476 1047 2547 ὲγρήγορον,
1077 2479 1221 2533 λιτὸν
1254 2484 1349 2534 καὶ
1380 2484 1672 2555 ἀπέριττον
1704 2489 1831 2559 περὶ

262 2561 362 2623 τάς
400 2561 610 2631 χρείας,
646 2562 985 2631 ὑπομένοντα
1026 2567 1151 2630 τοὺς
1184 2568 1398 2637 πόνους,
1448 2574 1690 2644 νοήμονα
1740 2579 1833 2629 καὶ

265 2650 568 2721 φρόνιμον,
628 2652 889 2721 μισοῦντα
942 2655 1346 2728 φιλαργυρίαν,
1394 2660 1638 2731 ἔνδοξον,
1695 2668 1833 2736 μήτε

265 2744 407 2809 νέον,
458 2746 596 2815 μήτε
632 2744 883 2815 γέροντα,
918 2748 1101 2801 ἱκανὸν
1125 2749 1182 2801 δὲ
1223 2751 1315 2803 καὶ
1364 2752 1500 2821 πρὸς
1537 2754 1597 2806 τὸ
1652 2754 1833 2824 λέγειν

264 2833 373 2887 ἀπὸ
404 2834 672 2904 στόματος
724 2836 782 2888 ἐν
809 2837 961 2908 μέσῳ
1008 2840 1162 2904 λαοῦ,
1195 2840 1261 2894 ἂν
1298 2842 1434 2915 τύχῃ
1472 2844 1529 2898 δέ
1570 2847 1664 2900 καὶ
1689 2865 1831 2919 πρα-

266 2923 455 2976 παίδον
482 2925 614 2996 (ll),
638 2925 715 2996 μὴ
731 2928 1003 2998 ἐμπορίαν
1033 2929 1313 2997 φιλοῦντα,
1353 2933 1386 3003 ἢ
1408 2934 1670 3000 τοιοῦτον,
1697 2938 1834 3008 μηδὲ

1937 1829 2463 1897 monstrandumque
2503 1836 2587 1882 est
2630 1826 2755 1897 quis
2814 1836 2869 1881 et
2926 1827 3106 1897 qualis
3154 1843 3278 1884 esse
3316 1829 3511 1884 debeat

1934 1920 2027 1988 qui
2061 1920 2115 1973 in
2144 1919 2249 1974 hoc
2280 1918 2555 1989 dignitatis
2592 1916 2761 1987 gradu
2800 1916 3150 1974 collocandus
3176 1918 3267 1973 sit.

2424 2109 2889 2167 CONSTITUTIO
2942 2111 3009 2166 ll.

2184 2206 2408 2271 Qualem
2440 2222 2551 2259 esse
2593 2214 2829 2273 oporteat
2868 2206 3261 2276 imperatorem.

2007 2300 2060 2351 l.
2109 2295 2433 2351 Mandamus
2491 2295 2657 2365 igitur
2708 2305 2768 2350 ut
2812 2296 3112 2367 imperator
3156 2297 3229 2351 sit
3277 2311 3510 2366 corpore

1932 2390 2260 2452 continens,
2325 2387 2470 2442 victu
2522 2397 2873 2458 temperans,
2934 2389 3197 2455 sobrius,
3253 2388 3507 2458 vigilans,

1933 2480 2076 2550 frugi
2124 2489 2179 2533 et
2219 2479 2273 2532 in
2326 2477 2489 2532 rebus
2528 2478 2851 2533 necessariis
2886 2478 3110 2532 minime
3133 2477 3415 2548 profusus,
3454 2476 3506 2530 in

1934 2569 2227 2625 laboriosis
2286 2568 2515 2638 negotiis
2583 2568 2884 2633 assiduus,
2954 2569 3386 2635 circumspectus
3456 2577 3509 2621 ct

1934 2660 2195 2732 prudens,
2251 2658 2498 2728 pecuniae
2554 2656 2895 2728 despiciens,
2948 2657 3106 2712 fama:
3160 2657 3511 2712 commenda-

1934 2753 2080 2806 tione
2112 2750 2400 2815 bonestus,
2447 2763 2622 2818 neque
2647 2747 2887 2817 juvenis,
2926 2763 3103 2817 neque
3131 2756 3290 2803 aetate
3329 2747 3510 2817 ingra-

1935 2858 2185 2905 vescens,
2221 2840 2424 2895 habilis
2448 2840 2514 2893 ad
2550 2838 2842 2895 dicendum
2875 2853 2941 2894 ex
2969 2846 3213 2908 tempore
3244 2839 3297 2892 in
3333 2838 3510 2893 media

1936 2933 2244 3003 frequentia
2287 2931 2597 2991 hominum,
2639 2930 2959 2994 liberorum,
3000 2929 3047 2984 si
3080 2930 3152 2983 ita
3187 2944 3319 2984 usus
3348 2928 3507 2996 ferat,

270 3014 623 3085 μικρόψυχον,
650 3018 728 3080 ὡς
764 3020 857 3072 καὶ
881 3019 990 3071 τῶν
1011 3021 1223 3092 μικρῶν
1255 3025 1598 3095 πραγμάτων
1639 3027 1832 3082 ἐπιθυ-

1943 3037 2159 3092 parens,
2195 3035 2305 3075 non
2333 3020 2400 3073 ad
2433 3028 2797 3074 mercaturam
2827 3017 3152 3083 faciendam,
3180 3026 3273 3072 aut
3304 3018 3370 3073 ad
3403 3020 3509 3074 liu-

271 3109 415 3176 μεῖν,
449 3109 545 3160 καὶ
580 3108 765 3174 ἀπλῶς
793 3112 992 3180 εὐγενῆ
1021 3112 1122 3181 τὴν
1145 3113 1343 3185 ψυχὴν,
1376 3117 1425 3169 εί
1454 3116 1702 3184 δυνατὸν,
1739 3120 1836 3175 καὶ

266 3198 327 3251 τὸ
356 3198 533 3269 σῶμα,
565 3200 659 3254 καὶ
685 3200 743 3254 ἐν
766 3203 899 3256 πᾶσι
935 3204 1326 3277 μεγαλόψυχον.

296 3461 303 3466 ’
337 3460 403 3531 β’.
458 3460 738 3532 Σώφρονα,
774 3463 864 3517 ἵνα
897 3464 970 3534 μὴ
997 3466 1117 3529 ταῖς
1150 3466 1250 3537 τῆς
1284 3466 1499 3537 φύσεως
1530 3476 1834 3545 κατασυρό-

268 3570 429 3623 μενος
463 3554 678 3624 ἡδοναῖς
724 3556 997 3628 ἀπολείπῃ
1053 3558 1153 3630 τὴν
1205 3561 1333 3631 περὶ
1382 3562 1491 3615 τῶν
1526 3563 1837 3633 ἀναγκαίων

265 3645 527 3717 φροντίδα
550 3646 643 3699 καὶ
673 3648 1013 3717 ἐπιμέλειαν.

336 3737 408 3807 Υ.
466 3739 741 3810 Ἐγκρατῆ
766 3739 843 3804 δέ,
880 3741 1067 3812 ἐπειδὴ
1091 3742 1425 3817 τηλικαύτης
1453 3746 1630 3817 ἀρχῆς
1655 3750 1839 3821 μέλλει

264 3831 583 3900 τυγχάνειν.
625 3831 690 3883 Al
739 3831 847 3902 γὰρ
884 3832 1144 3915 ἀκριπεῖς
1190 3834 1285 3887 καὶ
1318 3836 1604 3892 ἀκόλαστοι
1646 3841 1836 3910 ὁρμαὶ,

265 3923 395 3976 ὅταν
430 3921 781 3992 προσλάϐωσι
809 3923 1038 3992 δύναμιν
1082 3925 1224 3979 κατὰ
1257 3926 1506 3991 ἐξουσίαν
1537 3929 1632 3983 τοῦ
1669 3935 1840 3987 ποιεῖν

264 4010 301 4064 ἀ
324 4010 631 4081 βούλονται,
655 4011 955 4083 ἀκράτητοι
971 4014 1213 4082 γίνονται
1240 4017 1377 4087 πρὸς
1398 4018 1495 4083 τὰς
1519 4019 1838 4092 ἐπιθυμίας.

335 4186 398 4240 δ’.
434 4187 715 4259 Νηφάλιον
743 4188 799 4242 δὲ
832 4192 925 4243 καὶ
955 4192 1278 4263 ἐγρήγορον,
1323 4195 1472 4258 ὅπως
1511 4198 1839 4270 ἐπαγρυπνῇ

266 4281 329 4333 ἐν
361 4282 481 4344 ταῖς
518 4280 800 4351 μεγίσταις
840 4283 1123 4352 πράξεσιν.
1185 4287 1272 4341 Ἐν
1299 4289 1455 4341 νυκτὶ
1489 4290 1617 4360 γὰρ,
1651 4291 1777 4344 ὃταν
1808 4293 1841 4362 ή

1933 3113 2181 3185 jusmodi
2234 3113 2448 3167 lucrum
2504 3113 2769 3179 intentus,
2843 3126 2953 3165 non
3008 3111 3163 3180 parvi
3209 3110 3403 3179 animi,
3457 3121 3511 3166 ct

1937 3204 2177 3259 minutas
2242 3217 2331 3257 res
2396 3210 2695 3270 expetens,
2760 3201 2996 3271 denique
3063 3216 3328 3268 generoso
3396 3209 3511 3255 tum

1937 3296 2121 3350 animo
2152 3304 2265 3349 tum
2316 3308 2580 3363 corpore,
2614 3291 2794 3363 quoad
2835 3292 2955 3361 ejus
2984 3291 3097 3347 ﬁeri
3137 3300 3337 3363 potest,
3368 3301 3419 3347 ct
3454 3292 3509 3347 in

1937 3388 2192 3443 omnibus
2221 3386 2622 3458 magnanimus.

2006 3481 2062 3533 2.
2098 3478 2480 3534 Continentem
2527 3490 2649 3530 esse
2698 3475 3085 3545 imperatorem
3140 3483 3389 3544 oportet,
3444 3491 3513 3529 ne

1942 3569 2308 3639 voluptatibus
2339 3566 2504 3621 nimis
2543 3564 2814 3629 dimuens,
2865 3581 3044 3620 rerum
3078 3565 3512 3620 necessariarum

1941 3674 2129 3714 curam
2157 3672 2221 3712 ac
2249 3654 2617 3727 provisionem
2650 3654 2889 3725 abjiciat.

2012 3750 2065 3803 5.
2110 3746 2533 3817 Temperantem
2581 3760 2733 3812 vero,
2765 3745 3025 3816 quoniam
3074 3748 3178 3801 tale
3223 3746 3511 3817 imperium

1942 3851 2300 3915 suscepturus
2336 3850 2440 3898 cst.
2473 3841 2903 3912 Intemperantes
2936 3843 3079 3898 enim
3122 3853 3175 3897 et
3211 3842 3516 3897 libidinosa:

1943 3936 2114 3991 animi
2160 3935 2545 4005 appetitiones,
2599 3934 2871 4003 siquando
2904 3935 3047 3990 vires
3089 3935 3358 4005 ceperint,
3384 3950 3515 4005 pro-

1943 4037 2062 4097 pter
2087 4025 2306 4096 quidvis
2333 4025 2527 4095 agendi
2562 4024 2838 4079 licentiam
2877 4025 2931 4079 in
2971 4040 3165 4081 omnes
3197 4025 3517 4097 cupiditates

1944 4118 2212 4175 inl‘renate
2239 4106 2431 4173 ruunt.

2016 4211 2071 4265 4.
2117 4208 2372 4264 Sobrium
2414 4215 2598 4262 autem
2654 4216 2710 4261 et
2754 4208 3063 4275 vigilantem
3096 4221 3153 4260 ut
3188 4208 3240 4260 in
3280 4208 3520 4261 maximo

1949 4297 2191 4353 acierum
2251 4304 2518 4366 apparatu
2581 4295 2765 4348 animo
2826 4296 2981 4363 quasi
3042 4295 3291 4348 excubet.
3351 4294 3520 4348 Nocte

266 4370 419 4443 ψυχὴ
462 4372 646 4443 ἠρεμῇ
689 4372 949 4441 μάλιστα,
1000 4374 1261 4439 πολλάκις
1312 4379 1345 4447 ἡ
1390 4379 1484 4432 τοῦ
1534 4380 1837 4451 στρατηγοῦ

1948 4387 2092 4443 enim
2128 4386 2346 4456 quando
2377 4386 2595 4439 animus
2632 4384 2869 4437 maxime
2918 4383 3231 4452 requiescit,
3284 4385 3519 4452 impera-

268 4461 461 4533 γνώμη
499 4462 594 4516 καὶ
630 4461 993 4518 ἀπευθύνεται
1030 4465 1126 4518 καὶ
1150 4465 1461 4522 τελειοῦται.

338 4642 401 4695 ε’.
443 4641 603 4694 Λιτδν
636 4642 714 4707 δὲ,
742 4642 1034 4712 ἀπέριττον
1068 4644 1195 4714 περὶ
1228 4644 1328 4707 τὰς
1359 4646 1548 4715 χρείας
1568 4664 1582 4678 ο
1615 4650 1706 4700 καὶ
1737 4649 1845 4720 γὰρ

272 4732 729 4787 καταδαπανῶσιν
762 4734 817 4785 αί
846 4732 1160 4797 πολυτελεῖς
1193 4736 1287 4788 κα)⁸
1310 4737 1505 4790 πολλαὶ
1534 4736 1842 4809 θεραπεῖαι,

272 4823 371 4877 καὶ
395 4827 586 4893 χρόνον
618 4825 904 4893 ἀπρακτον
933 4825 1027 4878 καὶ
1050 4826 1357 4894 ἀναγκαίας
1380 4828 1598 4893 ἐξόδους
1630 4831 1710 4894 εἰς
1748 4832 1845 4901 τὴν

273 4919 385 4972 τῶν
421 4918 697 4988 ἀρχόντων
724 4920 956 4989 τρυφήν.

349 5098 425 5163 ς’.
468 5096 843 5167 Ὑπομένοντα
872 5096 997 5159 τοὺς
1029 5096 1247 5159 πόνους,
1277 5096 1362 5149 ἵνα
1396 5096 1472 5166 μὴ
1502 5096 1721 5167 πρῶτος
1742 5098 1851 5149 τῶν

278 5189 727 5259 στρατευομένων
752 5188 851 5249 τὰς
877 5186 1214 5247 ἀναπαύσεις
1247 5185 1503 5257 ἐπιζητῇ,
1537 5185 1674 5239 ἀλλὰ
1699 5185 1852 5254 γίνη-

273 5296 368 5333 ται
397 5278 581 5342 αὐτοῖς
609 5280 811 5348 μᾶλλον
830 5276 993 5332 εἰκὼν
1017 5276 1152 5346 πρὸς
1178 5274 1240 5328 τὸ
1266 5278 1528 5347 γενναίως
1551 5277 1847 5349 ὑποφέρειν

273 5375 402 5439 τοὺς
435 5376 653 5437 πόνους.

1952 4478 2088 4532 toris
2125 4490 2269 4545 saepe
2321 4474 2590 4528 sententia
2641 4473 2913 4527 wrsando
2942 4481 3205 4537 mutatur,
3241 4488 3384 4543 saepe
3423 4489 3519 4526 co-

1950 4568 2170 4638 gitando
2198 4566 2576 4622 conﬁrmatur.

2022 4660 2075 4713 5.
2118 4657 2281 4726 Frugi
2312 4666 2367 4712 et
2410 4658 2463 4711 in
2490 4658 2678 4713 usibus
2709 4657 3037 4712 necessariis
3061 4671 3168 4711 non
3203 4655 3366 4709 nimis
3398 4670 3520 4723 pro-

1951 4750 2154 4805 fusum.
2222 4748 2539 4819 Sumptuosi
2600 4748 2747 4802 enim
2796 4757 2849 4802 ct
2906 4749 3152 4818 ingentes
3200 4746 3518 4808 famulatus,

1957 4852 2173 4912 tempus
2197 4851 2257 4895 ut
2286 4841 2523 4896 inaniter
2558 4841 2888 4912 transigatur
2921 4840 3145 4902 faciunt,
3177 4849 3231 4894 et
3273 4837 3418 4907 quod
3453 4839 3520 4890 ad

1959 4933 2296 4987 necessarias
2346 4932 2755 5000 expeditionum
2807 4943 3073 5000 expensas
3130 4925 3519 4983 conferendum

1958 5023 2081 5089 fuit,
2114 5024 2179 5077 ad
2215 5022 2438 5078 delicias
2470 5024 2769 5093 luxumque
2802 5022 3179 5091 prazl'ectorum
3209 5027 3519 5074 assumunt.

2028 5115 2082 5168 6.
2124 5113 2452 5168 lndustrium
2505 5122 2727 5179 autem,
2788 5122 2846 5166 ut
2901 5127 2971 5166 ne
3017 5111 3231 5181 primus
3288 5110 3519 5165 militum

1956 5203 2127 5257 otium
2155 5208 2413 5268 sectetur,
2447 5202 2541 5257 sed
2573 5203 2881 5271 exemplum
2912 5201 3093 5272 potius
3133 5202 3224 5256 tiat
3262 5200 3327 5255 ad
3366 5200 3516 5256 labo-

1957 5308 2045 5348 res
2070 5291 2324 5347 alacriter
2363 5291 2759 5361 suscipiendos.

1774 5484 2006 5544 NOT/E.

359 5578 454 5648 (9),
482 5576 1081 5648 Τῷεὺδωλμὴσαντη.
1116 5580 1305 5635 Scribe
1328 5580 1388 5632 τὸ
1413 5578 1520 5631 eos.

350 5646 465 5720 (l0)
512 5646 863 5718 Χρημάτων.
890 5648 1078 5705 Scribe
1101 5651 1424 5721 χρωμάτων.

2025 5576 2135 5649 (Μ)
2167 5575 2526 5645 Πραπαῖδον.
2564 5575 2750 5633 Scribe
2782 5576 2987 5649 πατέρα
3023 5577 3240 5633 παίδων.
