4100 6226
574 353 682 418 683
1829 349 2102 409 LEONIS
2130 349 2589 409 PHILOSOPHI
3724 338 3826 400 68
3850 337 3886 397 ἱ

650 467 701 521 7.
729 465 1196 535 Circumspectum
1222 467 1276 515 et
1311 458 1654 528 prudentem.
1691 456 1958 513 Solertem
2000 458 2144 512 enim
2173 504 2179 514 .

2320 459 2385 524 ζ’.
2423 460 2681 528 Νοήμονα
2711 455 2765 509 δὲ
2799 455 2892 507 καὶ
2926 452 3206 521 φρόνιμον.
3252 449 3407 514 Ὀξὺν
3444 447 3549 518 γὰρ
3596 445 3741 501 εἶναι
3764 449 3893 501 δετ

579 568 794 627 oportet
834 571 957 613 esse
992 556 1403 625 imperatorem,
1448 551 1504 607 in
1545 565 1735 606 omnes
1779 558 1963 620 partes
2000 549 2151 619 cogi—

2286 556 2344 609 δν
2374 553 2677 626 στρατηγὸν
2710 547 2983 618 πανταχοῦ
3017 546 3384 617 περιφέροντα
3399 542 3489 596 τὸν
3518 546 3720 595 σκοπὴν
3747 540 3879 593 διὰ

580 652 842 707 tationem
917 646 1090 702 animi
1145 644 1382 716 quadam
1442 641 1721 698 celeritate
1786 648 2149 695 versantem:

514 812 519 815 1
580 739 1020 812 perturbationes
1042 737 1186 791 enim
1218 736 1512 804 inopinata
1551 749 1675 787 cum
1712 731 1981 795 incidunt,
2019 747 2154 786 eon-

582 833 763 888 festim
800 828 1081 897 prasentis
1124 826 1311 880 auxilii
1342 823 1802 892 excogitationem
1838 820 2153 890 requirunt.

654 926 706 981 8.
749 922 998 978 Pecunia
1050 917 1460 987 despicientem.
1506 913 1719 967 Etenim
1766 911 2012 980 pecunia
2060 910 2156 964 de-

584 1014 873 1087 spicientia
898 1013 952 1066 in
985 1012 1312 1079 imperatore
1345 1004 1607 1065 cernitur,
1633 1001 1851 1071 quando
1877 999 2158 1054 abstinen-

589 1116 671 1167 ter
702 1113 756 1158 et
785 1100 1068 1173 magniﬁce
1097 1098 1260 1155 rebus
1293 1092 1545 1165 gerendis
1580 1099 1794 1159 praest,
1827 1097 1882 1144 et
1925 1089 2161 1142 honores

586 1195 814 1250 bellicos
863 1190 1086 1246 virtutis
1149 1185 1455 1241 mercedem
1513 1181 1629 1237 suis
1684 1180 1959 1250 proponit.
2012 1177 2160 1231 Multi

588 1285 734 1339 enim
787 1292 842 1337 et
897 1280 1082 1334 animo
1135 1276 1263 1331 forti
1319 1286 1466 1339 sunt,
1522 1284 1576 1327 et
1620 1286 1847 1340 corpore
1901 1268 2163 1323 adversus

586 1378 776 1447 hostes
822 1374 1045 1428 robusto
1079 1386 1093 1424 :
1127 1368 1221 1425 sed
1255 1367 1471 1436 quando
1524 1366 1577 1418 in
1634 1378 1832 1417 aurum
1862 1362 2162 1424 intuentur,

589 1478 830 1527 mentem
871 1473 1197 1521 oceacatam
1258 1460 1557 1529 cupiditate
1606 1465 1772 1525 atque
1817 1455 2166 1510 obseuratam

590 1560 835 1614 habent:
891 1554 1076 1624 gravia
1110 1552 1255 1607 enim
1308 1563 1459 1603 arma
1512 1555 1642 1622 sunt
1680 1545 1762 1599 ha
1808 1543 2168 1614 pecuniarum

592 1651 937 1722 cupiditates,
966 1656 1020 1702 et
1060 1647 1126 1712 ad
1191 1641 1589 1716 oppugnandos
1639 1649 1804 1708 atque
1849 1634 2171 1692 evertendos

594 1728 848 1796 homines
879 1736 1141 1792 eﬂicacia.

676 1829 730 1884 9.
758 1826 946 1897 Neque
970 1826 1226 1895 juvenem
1262 1836 1439 1892 neque
1473 1828 1629 1875 atate
1666 1819 2170 1889 ingravescentem;

596 1921 857 1991 quoniam
901 1919 1120 1987 juvenis
1163 1924 1383 1986 propter
1420 1921 1655 1978 atatem,
1689 1910 2097 1963 inconstantem
2120 1914 2173 1959 ct

595 2005 886 2066 ﬂexibilem
918 2005 1080 2058 habet
1124 2012 1358 2057 mentem
1396 2019 1409 2055 :
1462 2015 1626 2054 senex
1672 2006 1854 2052 autem
1900 1994 2172 2051 imbecillo

595 2105 679 2152 est
708 2110 959 2166 corpore,
995 2104 1050 2149 et
1097 2093 1281 2146 nullus
1332 2107 1399 2145 ex
1454 2088 1560 2145 illis
1604 2102 1742 2158 pene
1787 2086 1976 2140 ﬁrmus
2013 2084 2161 2139 exsi-

596 2190 694 2244 stit
724 2207 737 2242 :
767 2197 822 2243 et
869 2187 962 2241 ille
1003 2187 1221 2255 quidem
1259 2192 1316 2238 ut
1355 2198 1422 2238 ne
1445 2190 1667 2254 propter
1699 2179 2160 2235 inconsideratam

597 2280 955 2339 temeritatem
988 2277 1143 2347 quasi
1175 2276 1353 2330 audax
1384 2275 1616 2339 labatur,
1656 2272 1743 2327 hic
1771 2284 1900 2326 vero
1929 2284 1997 2325 ne
2030 2286 2155 2339 pro-

595 2381 716 2444 pter
756 2372 1055 2426 naturalem
1091 2366 1519 2425 imbecillitatem
1553 2362 1822 2433 corporis,
1857 2378 1979 2433 qua
2030 2361 2174 2417 facto

598 2479 742 2535 opus
792 2470 921 2518 sunt
972 2459 1389 2532 praetermittere
1437 2465 1683 2526 cogatur.
1743 2452 1957 2521 Optime
2010 2452 2176 2522 igitur

597 2544 793 2620 electio
822 2562 907 2611 est
932 2551 1237 2608 constantis
1268 2557 1324 2603 et
1354 2545 1546 2602 media
1569 2544 1768 2608 atatis;
1803 2559 1911 2598 non
1959 2542 2175 2611 juvenis

600 2656 698 2701 aut
724 2644 900 2701 atatis
932 2637 1384 2713 ingravescentis.

691 2737 779 2808 10.
809 2735 1025 2805 Etenim
1063 2733 1145 2788 vis
1172 2740 1227 2787 et
1256 2730 1424 2786 robur
1470 2736 1555 2783 est
1605 2728 1660 2782 in
1690 2742 1775 2793 eo,
1812 2729 1905 2798 qui
1938 2726 2174 2782 nondum

600 2824 914 2889 consenuit,
952 2820 1241 2892 prudentia
1278 2827 1459 2872 autem
1487 2824 1542 2871 et
1581 2815 1852 2870 stabilitas
1886 2815 1938 2869 in
1971 2829 2056 2877 eo,
2084 2814 2178 2884 qui

602 2931 670 2973 ex
700 2911 1063 2969 adolescentia
1090 2909 1343 2965 excessit.
1378 2904 1625 2976 Namque
1654 2905 1746 2974 qui
1788 2906 1956 2960 robur
1982 2919 2178 2975 corpo-

601 3009 683 3065 ris
729 3007 848 3062 sine
902 3002 1187 3075 prudentia
1231 3000 1399 3055 animi
1426 2999 1789 3062 admirantur,
1842 2998 1927 3052 vel
1984 3004 2178 3053 contra

2255 648 2533 717 ’παχύτητα
2564 643 2776 713 ψυχῆς
2814 638 3072 700 πολλάκις
3110 636 3217 706 γὰρ
3255 635 3610 704 ἁνυπονόητοι
3656 650 3878 702 ταρσι-

2259 739 2352 808 χαὶ
2382 733 2788 805 προσπεσοῦσαι
2816 730 2945 802 παρ’
2987 728 3117 782 εὐθὺ
3164 727 3237 795 ,τὸ
3268 726 3545 796 συμφέρον
3596 726 3874 777 ἐπινοεῖν

2259 826 2685 895 ἀναγκάζουσιν.

2330 922 2402 980 η’.
2452 913 2849 982 Ἀφιλάργυρον
2876 908 2954 963 δέ.
2981 908 3093 962 Καὶ
3126 905 3237 975 γὰρ
3274 907 3308 975 ἡ
3338 904 3708 975 ἁφιλαργυρία
3742 902 3871 957 τοῦ

2263 1005 2570 1084 στρατηγοῦ
2608 1003 2981 1073 δοκιμάζεται,
3011 1001 3139 1053 ὅταν
3162 997 3580 1068 ἀδωροδοκήτως
3610 996 3705 1048 καὶ
3738 1013 3818 1066 με
3838 1025 3867 1035 ο

2263 1094 2612 1166 γαλοφρόνως
2665 1092 2992 1163 προΐσταται
3059 1087 3169 1139 τῶν
3230 1085 3595 1154 πραγμάτων,
3652 1086 3746 1137 καὶ
3773 1084 3865 1136 δι’

2264 1188 2466 1259 ἀρετὴν
2501 1187 2666 1255 μόνην
2707 1184 2914 1252 δωρεὰν
2960 1177 3319 1250 προϐάλλεται
3372 1177 3470 1236 τὰς
3522 1175 3697 1245 ἀρχὰς
3742 1174 3855 1228 τοῦ

2266 1277 2358 1330 ὑπ’
2381 1276 2541 1330 αὐτὸν
2573 1275 2827 1343 Θέματος.
2855 1269 3048 1324 Πολλοὶ
3075 1270 3184 1339 γὰρ
3211 1266 3307 1322 καὶ
3342 1266 3579 1336 ἀνδρεῖοί
3617 1267 3718 1318 είσι
3765 1266 3844 1334 τῇ

2266 1369 2435 1439 ψυχῇ,
2464 1368 2558 1425 καὶ
2585 1364 2854 1437 ῥωμαλέοι
2911 1361 2990 1431 τῷ
3046 1359 3259 1430 σώματι
3297 1358 3438 1411 κατὰ
3473 1357 3581 1409 τῶν
3611 1356 3852 1427 ἐχθρῶν,

2268 1460 2387 1514 ἀλλ’
2413 1460 2541 1512 ὅταν
2564 1458 2655 1510 ἀντ
2668 1454 2923 1524 ιϐλέψωσι
2951 1453 3085 1522 πρὸς
3102 1451 3323 1522 χρυσὸν,
3351 1447 3728 1519 ἀμαυροῦνται
3748 1449 3855 1505 καὶ

2272 1549 2629 1614 σκοτίζονται.
2661 1546 2844 1601 Δεινὸν
2873 1544 2981 1613 γὰρ
3004 1543 3166 1597 ὅπλον
3218 1539 3520 1611 στρατηγοῦ
3579 1538 3855 1608 φιλαργυ-

2275 1641 2394 1711 ρία,
2455 1638 2547 1691 καὶ
2608 1635 2994 1706 ἐνεργέστατον
3023 1632 3105 1695 είς
3149 1630 3209 1683 τὸ
3238 1630 3478 1699 νικῆσαν
3508 1627 3699 1681 τοῦτον
3752 1627 3852 1679 καὶ

2274 1728 2618 1783 καταϐαλεῖν.

2344 1821 2408 1875 θ’.
2442 1817 2581 1872 Οὔτε
2606 1818 2663 1872 δὲ
2695 1818 2814 1870 νέον
2847 1810 3008 1877 εἶναι,
3048 1812 3171 1866 οὔτε
3193 1811 3423 1882 γέροντα
3445 1826 3457 1839 ⁸
3492 1807 3679 1877 ἐπειδὴ
3704 1810 3732 1861 6
3754 1808 3857 1876 μὲν

2272 1914 2391 1977 νέος
2414 1912 2640 1967 ἄπιστον
2668 1909 2782 1980 ἔχει
2814 1908 2909 1961 καὶ
2938 1906 3170 1960 ἄστατον
3202 1902 3453 1971 φρόνημα
3485 1899 3575 1952 διὰ
3601 1899 3702 1968 τὴν
3732 1898 3855 1949 νεό-

2271 2023 2430 2076 τητα,
2461 2004 2489 2056 ό
2513 2003 2569 2055 δὲ
2595 2000 2770 2070 γέρων
2795 1997 3026 2067 ἀσθενής
3048 1996 3165 2047 ἐστι
3195 1993 3271 2063 τῷ
3307 1991 3516 2059 σώματι
3538 1990 3634 2043 καὶ
3675 1988 3860 2049 οὐδεὶς

2273 2097 2453 2151 αὐτῶν
2494 2092 2769 2162 ἀσφαλήςο
2796 2090 2825 2141 6
2859 2088 2977 2160 μὲν,
3023 2086 3109 2139 ἵνα
3141 2085 3214 2155 μὴ
3255 2084 3450 2152 πταίσῃ
3483 2081 3571 2134 διὰ
3599 2080 3698 2149 τὴν
3725 2079 3856 2132 ἀλό-

2272 2203 2458 2257 γιστον
2478 2185 2684 2254 τόλμαν
2706 2181 2895 2250 ὥσπερ
2922 2177 3149 2249 Θρασὺς,
3179 2176 3207 2227 ὁ
3237 2173 3293 2227 δὲ
3312 2173 3509 2243 γέρων.
3536 2172 3625 2224 ἵνα
3658 2172 3732 2241 μὴ
3762 2169 3858 2222 διὰ

2272 2278 2372 2348 τὴν
2401 2274 2636 2344 φυσικὴν
2668 2270 2951 2324 ἀσθένειαν
2995 2265 3220 2335 ἐλλείπῃ
3253 2263 3335 2324 είς
3373 2262 3444 2313 τὰ
3505 2260 3697 2311 δέοντα
3732 2258 3847 2310 τῶν

2275 2368 2636 2439 πραγμάτων.
2659 2361 2931 2431 Καλλίστη
2948 2359 3003 2414 δὲ
3019 2356 3216 2426 ἐκλογὴ
3240 2354 3332 2407 τοῦ
3358 2351 3544 2423 μέσον,
3569 2352 3707 2421 μήτε
3730 2351 3857 2407 νέου

2274 2462 2447 2524 ὄντος,
2474 2458 2610 2528 μήτε
2642 2454 2706 2523 γέ
2713 2468 2917 2524 ροντος.

2349 2731 2401 2778 ι’.
2429 2722 2539 2774 Kal
2566 2720 2674 2789 γὰρ
2706 2718 2763 2770 τὸ
2795 2716 3018 2770 δυνατὸν
3057 2713 3151 2766 καὶ
3177 2709 3456 2783 ῥωμαλέον
3494 2710 3551 2762 ὲν
3577 2708 3656 2779 τῷ
3688 2709 3865 2777 μήπω

2279 2812 2629 2886 γεγηρακότι,
2678 2808 2736 2863 τὸ
2771 2808 2827 2861 δὲ
2866 2802 3125 2877 φρόνιμον
3153 2803 3246 2857 καὶ
3268 2801 3535 2870 σταθηρὸν
3568 2800 3628 2852 ὲν
3659 2798 3741 2868 τῷ
3782 2799 3869 2871 μὴ

2280 2906 2420 2961 πάνυ
2477 2901 2741 2967 νεάζοντι.
2800 2898 2908 2953 Kal
2940 2896 3124 2967 μέντοι
3186 2893 3381 2955 οἵτινες
3417 2890 3568 2960 ἰσχὺν
3602 2888 3872 2957 σώματος

2280 2999 2407 3054 ἄνευ
2438 2995 2753 3068 φρονήσεως
2786 2987 3127 3059 θαυμάζουσι
3145 2985 3403 3055 ψυχικῆς,
3429 2983 3462 3054 ἢ
3488 2981 3650 3034 πάλιν
3677 2979 3871 3049 ψυχὴν

603 3100 844 3168 animam
880 3085 1204 3167 prudentem
1249 3092 1457 3163 absque
1486 3090 1738 3159 corporis
1766 3088 1977 3143 viribus
2003 3088 2176 3142 extol-

2285 3089 2545 3161 φρόνιμον
2569 3086 2697 3140 ἄνευ
2735 3080 3052 3153 σωματικῆς
3086 3078 3395 3146 δυνάμεως,
3439 3073 3591 3126 οὐδὲν
3628 3071 3872 3141 ἐνόησαν

604 3194 744 3258 lunt,
783 3191 849 3245 ad
881 3189 1092 3244 nullum
1127 3188 1329 3241 bonum
1380 3182 1585 3238 exitum
1641 3180 1983 3251 perveniunt.
2037 3177 2176 3231 Pru-

606 3284 789 3340 dentia
826 3282 970 3357 enim
1007 3280 1053 3335 si
1094 3277 1304 3333 viribus
1347 3274 1651 3339 deiiciatur,
1690 3272 1825 3327 nihil
1849 3271 2133 3341 pulchrum
2163 3286 2178 3333 ;

609 3378 752 3436 vires
782 3390 908 3432 vero
938 3372 1225 3446 prudentia
1280 3367 1555 3426 destituta
1604 3364 1737 3420 nihil
1790 3379 2015 3434 prorsus
2065 3362 2179 3418 elli-

613 3473 789 3541 ciunt,
1796 3458 1809 3470 ’

681 3563 770 3635 μ.
818 3560 1059 3617 Charum
1096 3555 1359 3626 subjectis
1404 3554 1521 3608 suis
1572 3553 1975 3621 imperatorem,
2025 3547 2184 3617 longe

611 3656 932 3714 nobiliorem
971 3654 1179 3709 scimus
1215 3665 1358 3715 esse,
1404 3649 1615 3716 hocque
1646 3656 1976 3714 magnopere
2001 3641 2184 3710 subje-

613 3748 717 3824 ctis
754 3746 1070 3812 adiumento
1120 3750 1223 3795 est.
1284 3739 1456 3804 Quem
1504 3734 1753 3788 homines
1802 3733 2049 3801 diligunt,
2109 3730 2184 3784 illi

612 3823 903 3916 imperanti
935 3834 1091 3910 facile
1120 3832 1519 3906 obtemperant,
1553 3825 1756 3880 dicenti
1795 3831 1849 3878 et
1887 3823 2185 3893 paciscenti

613 3912 724 3983 non
764 3925 1049 3988 resistunt,
1106 3917 1433 4007 periclitanti
1487 3921 1836 3981 succurrunt.
1881 3912 2053 3967 Tanta
2098 3926 2189 3967 res

613 4029 700 4097 est
724 4033 900 4093 amor,
945 4024 1006 4070 ut
1058 4004 1156 4083 pro
1202 4026 1291 4076 eo,
1336 4023 1505 4080 quem
1552 4007 1778 4062 charum
1829 4005 1955 4074 quis
2005 4004 2183 4067 habet,

612 4111 781 4166 vitam
819 4105 1129 4179 profundat.

697 4202 787 4279 12.
821 4200 983 4254 Pater
1015 4197 1310 4251 liberorum
1342 4187 1757 4273 anteponendus
1794 4197 1875 4241 est
1917 4185 2076 4240 eﬂ'eto
2107 4194 2187 4255 at-

617 4276 725 4371 que
758 4272 919 4355 orbo.
952 4288 1139 4363 Neque
1176 4299 1305 4340 vero
1345 4268 1538 4341 orbum
1580 4280 1770 4335 liberis
1814 4279 2187 4359 repudiamus,

618 4353 665 4445 si
696 4388 871 4459 bonus
904 4384 996 4439 sit.
1034 4353 1171 4437 illam
1206 4378 1299 4449 qui
1344 4376 1544 4430 liberos
1586 4373 1747 4428 habet
1796 4353 2112 4440 imperator,
2146 4369 2189 4423 si

624 4481 862 4558 infantes
889 4474 1293 4545 fuerint,longe
1334 4468 1613 4524 ardentior
1649 4471 1873 4535 propter
1899 4462 2193 4516 liberorum
2227 4463 2271 4518 D

624 4550 865 4629 amorem
902 4570 968 4624 ad
1017 4565 1257 4621 studium
1303 4573 1487 4615 rerum
1522 4554 1856 4625 agendarum
1893 4550 2195 4619 suscipien-

624 4664 756 4716 dum
790 4659 913 4713 erit.
966 4653 1023 4708 Si
1058 4666 1186 4707 vero
1225 4645 1497 4704 constanti
1533 4644 1645 4713 jam
1694 4649 1747 4695 et
1792 4648 2004 4693 matura
2037 4644 2197 4690 atate

625 4752 850 4824 fuerint,
901 4742 1233 4815 consiliarii,
1269 4748 1323 4815 et
1355 4736 1556 4796 laboris
1588 4730 1927 4802 imperatorii
1968 4727 2196 4798 partici-

626 4818 724 4916 pes
753 4818 807 4897 et
844 4822 1030 4894 ﬁdeles
1071 4831 1402 4907 administri,
1453 4842 1541 4881 res
1572 4840 1671 4899 pro
1702 4818 1979 4877 communi
2024 4818 2199 4871 salute

570 4976 584 4995 .
627 4911 915 5004 susceptas
940 4924 1357 4999 promovebant.
1390 4919 1577 4993 Itaque
1606 4916 1710 4983 hac
1745 4911 1813 4966 de
1839 4924 2006 4966 causa
2050 4917 2201 4977 pater

632 5027 768 5099 orbo
800 5023 1012 5101 videtur
1041 5012 1471 5103 anteponendus.

701 5202 792 5269 15,
854 5198 935 5265 Ad
992 5192 1282 5265 dicendum
1366 5196 1421 5242 et
1474 5179 1839 5254 perorandum
1895 5174 2129 5230 habilem
2186 5192 2198 5225 :

632 5301 766 5364 puto
789 5289 934 5345 enim
963 5286 1070 5341 hoc
1110 5262 1344 5337 maxime
1387 5276 1682 5343 exercitum
1738 5269 2015 5339 adjuvare.
2066 5262 2202 5317 Nam

636 5362 965 5443 instructum
1020 5376 1087 5431 ad
1133 5386 1371 5445 pugnam
1424 5366 1725 5423 exercitum
1779 5362 2075 5428 imperator
2108 5370 2202 5410 co-

636 5473 947 5534 hortatione
970 5484 1068 5526 sua
1104 5466 1171 5523 ad
1200 5461 1569 5534 periculorum
1610 5453 1912 5519 mortisque
1953 5453 2199 5500 contem-

2283 3182 2436 3244 τέλος
2466 3177 2686 3247 ἀγαθόν.
2724 3175 2832 3227 Kal
2871 3172 2978 3243 γὰρ
3006 3172 3040 3242 ἡ
3077 3169 3339 3240 φρόνησις
3386 3165 3734 3235 ὑστερήσασα
3773 3162 3875 3213 δυ-

2285 3270 2500 3338 νάμεως
2522 3267 2671 3320 οὐδὲν
2704 3264 3009 3334 ὠφέλησεν,
3041 3260 3267 3329 δύναμις
3299 3258 3622 3327 στερηθεῖσα
3656 3255 3875 3323 φρονὴ-

2290 3379 2427 3425 σεως
2454 3359 2606 3413 οὐδὲν
2634 3356 2937 3411 ἐτελείωσε.

2361 3547 2449 3594 ια’.
2484 3535 2872 3606 Ἀγαπώμενον
2892 3533 2947 3586 δὲ
2971 3530 3123 3601 παρὰ
3147 3529 3254 3582 τῶν
3280 3528 3537 3597 ὑπηκόων
3554 3528 3643 3579 τὸν
3666 3541 3879 3594 στρατ-

2290 3631 2421 3703 ηγὸν
2447 3628 2873 3697 εὐδοκιμώτερον
2918 3624 3075 3693 ἴσμεν
3104 3621 3390 3690 γίνεσθαι·
3424 3617 3519 3670 καὶ
3553 3616 3661 3685 γὰρ
3695 3616 3880 3684 μεγά-

2290 3723 2357 3775 λα
2389 3721 2515 3783 τοὺς
2546 3716 2878 3788 ἀρχομένους
2905 3711 3199 3781 ὠφελήσει.
3247 3709 3467 3761 Ὀντινα
3515 3706 3622 3775 γὰρ
3652 3704 3877 3773 ἄνθρω-

2292 3830 2383 3866 ποι
2412 3810 2647 3882 φιλοῦσι,
2673 3806 2847 3877 τούτῳ
2872 3802 3211 3858 ὲπιτάττοντι
3249 3800 3348 3869 μὲν
3388 3798 3524 3867 ταχὺ
3562 3796 3874 3860 πείθονται,

2291 3904 2505 3970 λέγοντι
2544 3901 2601 3953 δὲ
2635 3900 2722 3953 καὶ
2758 3893 3172 3966 ὑπισχνουμέαρ
3228 3891 3329 3944 οὐκ
3360 3888 3667 3953 ἀπιστοῦσι,
3686 3885 3878 3938 κινδυ-

2294 3990 2579 4045 νεύοντιδὲ
2619 3985 3095 4054 συναγωνίζονται.
3148 3979 3403 4034 Τοιοῦτον
3424 3977 3532 4047 γὰρ
3578 3978 3612 4045 ἡ
3650 3975 3876 4044 ἀγάπη,

2294 4082 2354 4135 τὸ
2387 4080 2590 4135 τιθέναι
2621 4078 2719 4148 τὴν
2748 4077 2929 4145 ψυχὴν
2972 4073 3114 4143 ὑπὲρ
3140 4071 3233 4125 τοῦ
3261 4070 3607 4140 φιλουμένου.

2369 4174 2454 4246 ιβ’.
2493 4171 2711 4241 Πατέρα
2754 4168 2811 4221 δὲ
2866 4166 3073 4219 παίδων
3142 4162 3511 4234 προκρίνομεν
3564 4158 3798 4229 μᾶλλον,
3838 4157 3876 4226 ἢ

2296 4251 2520 4327 ἄπαιδα,
2553 4261 2673 4314 οὐδὲ
2694 4258 2784 4311 τὸν
2820 4257 2894 4327 μὴ
2947 4256 3137 4327 ἔχοντα
3175 4254 3371 4315 παῖδας
3419 4249 3879 4322 παραιτούμενοι,

2298 4359 2392 4412 ἐάν
2429 4358 2542 4409 ἐστι
2581 4349 2802 4419 ἀγαθός.
2832 4348 2940 4402 Kal
2970 4347 3080 4417 γὰρ
3105 4347 3133 4399 6
3160 4345 3355 4407 παῖδας
3383 4343 3521 4412 ἔχων
3544 4340 3873 4412 στρατηγὸς,

2300 4451 2346 4503 εί
2380 4448 2478 4518 μὲν
2510 4443 2753 4515 νηπίους,
2790 4438 3117 4518 Θερμότερος
3164 4436 3371 4504 γίνεται
3405 4433 3532 4503 περὶ
3575 4432 3675 4502 τὴν
3706 4449 3881 4484 σπου-

2295 4516 2390 4611 δὴν
2419 4538 2524 4592 τῶν
2552 4538 2609 4589 ὲν
2634 4520 2721 4604 τῷ
2741 4532 2839 4603 βίῳ
2867 4516 3225 4602 πραγμάτων,
3263 4527 3401 4596 ὑπὲρ
3424 4527 3523 4595 τῆς
3537 4526 3645 4577 τῶν
3668 4524 3878 4577 παίδων

2301 4630 2481 4699 φιλίας
2519 4626 2611 4679 καὶ
2649 4626 2949 4694 εὐπραγίας
2992 4620 3410 4691 ἀγωνιζόμενος.
3466 4616 3529 4677 El
3585 4616 3641 4669 δὲ
3676 4616 3876 4668 τέλειοι

2300 4723 2398 4790 τὴν
2432 4718 2670 4790 ἠλικίαν,
2702 4713 2989 4785 σύμϐουλοι
3024 4712 3119 4763 καὶ
3149 4709 3511 4780 συστρατηγο)⁵
3558 4708 3651 4759 καὶ
3694 4708 3882 4760 πιστοὶ

2302 4811 2573 4881 ὑπηρέται
2600 4808 2883 4878 γενόμενοι
2908 4800 3335 4872 συγκατορθοῦσι
3364 4799 3442 4866 τῷ
3468 4800 3636 4871 πατρῖ
3678 4798 3747 4850 τὰ
3781 4814 3882 4867 με·-

2308 4902 2726 4975 ταχειριζόμενα
2758 4898 2899 4968 ὑπὲρ
2933 4894 3119 4964 κοινῆς
3152 4892 3417 4963 σωτηρίας
3443 4892 3766 4963 πράγματα.
3797 4891 3863 4941 Δι

2308 4996 2337 5048 ὃ
2378 4994 2575 5066 μᾶλλον
2617 4992 2765 5045 δοκεῖ
2808 4987 2901 5044 τοῦ
2963 4983 3191 5046 ἄπαιδος
3227 4983 3257 5035 ὁ
3294 4982 3488 5044 παῖδας
3524 4980 3662 5050 ἔχων
3694 4994 3885 5049 προτι-

2313 5088 2539 5160 μότερος
2570 5080 2729 5137 εἶναι.

2383 5184 2469 5247 ιγ’.
2495 5177 2685 5243 Λέγειν
2706 5173 2762 5227 δὲ
2787 5172 2878 5237 καὶ
2908 5170 3235 5241 δημηγορεῖν
3258 5165 3439 5223 ἱκανόν
3458 5180 3471 5193 ’
3506 5160 3639 5233 ἡγοῦ
3648 5178 3742 5230 μαι
3774 5157 3886 5233 γὰρ

2310 5270 2376 5339 τὰ
2408 5268 2640 5339 μέγιστα
2684 5265 2911 5334 ὠφελεῖν
2942 5261 3030 5316 διὰ
3058 5259 3249 5314 τούτου
3293 5257 3352 5309 τὸ
3384 5253 3719 5324 στράτευμα.
3756 5250 3888 5301 Ἐάν

2309 5377 2367 5411 τε
2390 5338 2495 5427 γὰρ
2526 5358 2938 5427 παρατάσσηται
2959 5352 3093 5415 πρὸς
3127 5350 3306 5418 μάχην
3336 5342 3632 5413 στρατηγὸς
3667 5338 3757 5391 διὰ
3788 5339 3887 5405 τῆς

2308 5451 2400 5504 τοῦ
2432 5449 2639 5519 πύργου
2671 5444 3138 5519 παρακελεύσεως,
3177 5439 3286 5490 τῶν
3307 5438 3401 5505 μὲν
3421 5434 3527 5502 γὰρ
3551 5431 3722 5483 δεινὸν
3748 5429 3888 5498 (12),

636 5569 900 5649 ptionent,
947 5570 1003 5619 et
1055 5560 1121 5617 ad
1185 5571 1369 5614 rerum
1436 5553 1787 5607 honestarum
1846 5538 2179 5612 suavituqu

2314 5540 2571 5603 πολλάκις
2611 5540 2702 5593 καί
2726 5537 2890 5593 αὑτοῦ
2933 5533 3025 5587 τοῦ
3058 5531 3291 5587 Θανάτου
3327 5526 3470 5580 ποιεῖ
3500 5522 3887 5592 καταφρονεῖν,

2285 5630 2361 5649 ..η

2157 5630 2383 5689 NOTAE.

709 5750 819 5819 (ιὲ)
876 5751 1099 5802 Δεινον.
1135 5743 1320 5798 Scribe
1348 5739 1555 5794 δεινῶν.
