4100 6226
263 284 376 348 685

1367 293 1702 358 TACTICA.
1742 320 1810 335 -
1852 298 2357 368 CONSTITUTIO
2392 309 2474 369 Il.

3409 322 3520 386 6’86

265 397 376 450 τῶν
398 395 457 449 δὲ
493 395 675 450 καλῶν
699 395 795 451 καὶ
829 397 1075 466 γλυκέων
1136 399 1443 473 ἐπιθυμεῖν.
1500 407 1613 476 Οὐχ
1664 406 1836 470 οὕτως

1949 413 2178 469 studium
2212 417 2462 475 adducet.
2498 418 2648 474 Tuba
2676 421 2822 476 enim
2868 421 2920 476 in
2952 397 3188 481 auribus
3227 426 3512 484 hominum

265 487 375 558 γὰρ
395 484 664 559 ἐνηχοῦσα
695 489 932 558 σάλπιγξ
973 491 1093 554 ταῖς
1130 492 1317 558 ἀκοαῖς
1339 494 1600 566 ἐξεγείρει
1621 497 1717 560 τὰς
1741 499 1841 567 ψυ-

265 577 368 647 χὰς
396 577 476 640 εἰς
500 577 704 647 μάχην,
734 578 810 641 ὼς
831 578 989 646 λόγος
1017 581 1162 650 μετὰ·
1188 584 1502 653 φρονήσεως
1553 585 1840 656 λεγόμενος

265 670 632 741 προτρέπεται
659 671 740 734 είς
769 671 990 742 ἀρετὴν,
1038 674 1133 726 καὶ
1151 665 1495 743 ’ἐναγωνίους
1544 679 1690 730 ποιεῖ
1716 679 1841 741 τοὺς

265 763 584 828 ἀκούοντας,
615 762 712 816 καὶ
735 761 991 834 ὲξανιστᾷ
1015 765 1150 836 πρὸς
1188 767 1256 820 τὰ
1285 767 1436 821 δεινὰ
1475 769 1574 839 τὴν
1611 769 1841 825 ἔννοιαν.

340 937 419 994 ιδ’.
458 938 582 992 Ἐὰν
614 939 672 994 δὲ
705 941 887 1012 συμϐῇ
922 944 1166 1012 πταῖσμα
1197 946 1328 1015 περὶ
1368 947 1430 998 τὸ
1463 949 1840 1016 στρατόπεδον,

267 1033 302 1101 ἡ
324 1030 419 1084 τοῦ
444 1031 602 1101 λόγου
629 1033 941 1105 παρηγορία
975 1033 1076 1097 τὰς
1099 1035 1276 1106 ψυχὰς
1301 1037 1700 1108 ἀναῤῥωννύει.
1733 1040 1842 1094 Καὶ

266 1124 403 1178 πολὺ
431 1123 842 1197 χρησιμώτερός
898 1129 1015 1180 ἐστι
1053 1127 1362 1198 στρατηγοῦ
1424 1129 1582 1199 λόγος
1621 1131 1844 1197 δυνατὸς

265 1214 408 1268 ὥστε
444 1216 940 1287 παραμυθήσασθαι
966 1219 1332 1289 στρατοπέδου
1365 1221 1676 1291 συμφορὰς,
1711 1224 1846 1292 μᾶλο

266 1305 360 1359 λον
407 1306 516 1358 τῶν
561 1307 1010 1377 ἐπιμελουμένων
1039 1310 1109 1362 τὰ
1150 1312 1449 1382 πράγματα
1474 1314 1587 1383 (1⁸5)
1620 1314 1840 1383 ἰατρῶν.

269 1398 336 1450 οξ
369 1397 466 1466 μὲν
503 1397 613 1468 γὰρ
639 1399 881 1464 ἐκείνους
934 1401 1130 1470 μόνους
1170 1403 1300 1466 τοὺς
1338 1404 1844 1474 τραυματισθέντας

269 1489 634 1560 θεραπεύουσι
685 1493 806 1554 ταῖς
866 1492 1154 1563 ἰατρείαις,
1208 1495 1306 1549 καὶ
1364 1496 1452 1550 διὰ
1482 1496 1676 1566 χρόνου
1702 1497 1843 1566 τάχα
1879 1521 1892 1530 ·

270 1581 546 1645 πλείονος,
606 1583 634 1635 ὁ
675 1581 733 1635 δὲ
784 1585 915 1655 παρ’
944 1583 1074 1637 εὐθὺ
1116 1585 1209 1638 καὶ
1253 1586 1379 1651 τοὺς
1422 1587 1718 1652 πονοῦντας
1749 1589 1845 1642 καὶ

268 1672 396 1734 τοὺς
450 1673 727 1743 καμόντας
764 1674 1162 1746 εὐθυμοτέρους
1219 1681 1382 1744 ποιεῖ,
1409 1680 1504 1734 καὶ
1541 1681 1667 1744 τοὺς
1696 1682 1844 1751 ίσχυ-

271 1765 399 1833 ρους
421 1765 616 1836 ἀνιστᾷ
637 1767 777 1837 πρὸς
802 1768 1056 1839 ἀνδρείαν
1089 1770 1184 1824 καὶ
1207 1771 1492 1842 εὐψυχίαν.

343 1863 424 1910 ιε’.
480 1855 730 1923 Ἔνδοξον
776 1858 834 1912 δὲ
889 1858 1118 1928 λέγομεν
1137 1899 1153 1924 ,
1197 1861 1384 1932 ἐπειδὴ
1439 1864 1739 1932 ἀγανακτεῖ
1783 1864 1845 1918 τὸ

269 1947 479 2015 πλῆθος
507 1949 619 2011 τοῖς
645 1947 852 2015 ἀδόξοις
891 1949 1353 2020 ὑποτασσόμενον.
1392 1953 1581 2014 ῡὺδεὶς
1622 1954 1731 2025 γὰρ
1758 1954 1846 2008 θέ-

267 2039 378 2091 λων
418 2039 682 2108 ὑπομένει
709 2039 800 2093 τὸν
833 2039 1054 2112 χείρονα
1078 2039 1270 2113 κύριον
1290 2043 1456 2098 αὑτοῦ
1489 2044 1844 2116 ἀναδέχεσθαι

269 2126 366 2179 καὶ
391 2125 491 2196 ήγε
499 2125 656 2196 μόνα.

341 2303 438 2361 ις’.
468 2299 627 2352 Δοκεῖ
652 2298 709 2352 δέ
735 2316 828 2366 μοι
865 2301 949 2354 ὅτι
977 2303 1124 2356 πᾶσα
1149 2304 1363 2376 ἀνάγκη
1404 2306 1496 2360 τὸν
1535 2307 1722 2361 τοῦτον
1753 2309 1843 2362 εὑ-

272 2387 593 2456 ρισκόμενον
619 2388 942 2456 στρατηγὸν,
966 2389 1107 2444 ὥστε
1131 2390 1278 2462 ἔχειν
1304 2394 1504 2464 ἀρετὰς
1529 2395 1659 2459 ὅσας
1691 2397 1843 2466 εἰρή-

267 2493 466 2546 καμεν,
512 2478 608 2531 καὶ
646 2478 856 2545 ἔνδοξον
916 2477 1076 2536 εἶναι.
1128 2481 1191 2536 Ἦ
1237 2484 1345 2555 γὰρ
1391 2486 1626 2557 τοσαύτη
1672 2488 1842 2559 ἀρετὴ

265 2569 539 2636 ἄγνωστον
560 2570 651 2622 τὸν
681 2570 966 2642 ἄνθρωπον
999 2572 1279 2645 διαμένειν
1326 2576 1557 2630 ἐπιπολὺ
1586 2578 1645 2631 ού
1675 2595 1844 2632 κατα-

265 2657 508 2727 λαμϐάνε
516 2678 556 2714 ι.

339 2749 427 2814 ιζ’.
485 2751 728 2821 Λέγομεν
771 2754 828 2807 δὲ
877 2755 1014 2826 μήτε
1089 2756 1343 2838 πλούσιον
1402 2760 1841 2831 προχειρίζεσθαι

269 2843 572 2912 στρατηγὸν
598 2844 686 2898 διὰ
714 2845 782 2898 τὰ
812 2847 1092 2916 χρήματα,
1144 2848 1240 2902 ἐὰν
1272 2849 1347 2920 μὴ
1375 2851 1476 2924 ἔχῃ
1517 2852 1717 2916 ταύτας
1743 2855 1842 2918 τὰς

265 2932 490 3003 ἀρετὰς,
519 2936 658 3004 μήτε
693 2935 902 3006 πένητα
951 2941 1385 3010 παρατηρεῖσθαι
1435 2942 1552 3008 (ll)
1610 2943 1698 2997 διὰ
1743 2944 1842 3014 τὴν

267 3026 484 3090 πενίαν,
515 3027 612 3079 ὲάν
704 3028 924 3096 ἀγαθός.
952 3031 1065 3082 Οὐκ
1093 3031 1512 3102 ἀποδαλλόμεθα
1539 3033 1731 3102 δὲξούτε
1751 3035 1842 3088 τὸν

268 3116 522 3170 πλούσιον
545 3118 728 3171 ἕνεκεν
753 3120 845 3172 τοῦ
874 3119 1102 3174 πλούτου
1137 3123 1321 3188 αὐτοῦ,
1357 3123 1472 3177 ἀλλ’
1511 3125 1607 3178 ἐὰν
1634 3125 1732 3187 τὰς
1765 3126 1842 3196 τῷ

271 3209 560 3280 στρατηγῷ
590 3211 906 3281 πρεπούσας
936 3213 1011 3282 μὴ
1043 3212 1304 3285 κέκτηται
1337 3215 1558 3286 ἀρετάς.
1592 3215 1725 3269 Οὐδὲ
1751 3215 1843 3269 τὸν

271 3301 477 3370 πένητα
511 3303 878 3372 προκρίνομεν
908 3305 990 3357 ὅτι
1016 3303 1134 3357 ἐστὶ
1172 3304 1365 3374 πένης,
1414 3305 1531 3360 ἀλλ’
1568 3307 1652 3360 ὅτι
1683 3324 1846 3378 στρα-

268 3395 527 3464 τιωτικήν
576 3412 636 3448 τε
693 3396 788 3449 καὶ
826 3397 1080 3465 γενναίαν
1129 3397 1242 3468 ἔχει
1272 3398 1473 3468 ψυχήν.
1505 3399 1708 3453 Οὐδένα
1736 3402 1846 3471 γάρ

270 3485 359 3539 διὰ
390 3486 490 3557 τὴν
518 3487 688 3558 τύχην
709 3488 1206 3560 ἀποδοκιμάζομεν,
1235 3489 1371 3543 ἀλλὰ
1395 3490 1598 3560 μᾶλλον
1625 3490 1712 3545 διὰ
1735 3491 1845 3546 τῶν

270 3576 486 3646 τρόπων
517 3577 862 3649 ἀμφοτέρους
892 3579 1334 3650 προϐαλλόμεθα.

341 3665 432 3736 ιη’.
474 3666 534 3721 '0
568 3667 623 3720 δὲ
647 3667 899 3732 πλούσιος
928 3669 1132 3737 ἀγαθὸς
1177 3669 1253 3723 ὢν
1305 3669 1558 3723 τοσοῦτον
1602 3671 1847 3742 διαφέρει

268 3756 518 3826 γενναίου
543 3757 796 3830 πένητος,
825 3761 948 3812 ὅσον
973 3761 1029 3813 al
1055 3760 1359 3831 ὲπάργυροι
1386 3761 1480 3814 καὶ
1510 3760 1847 3831 κατάχρυσοι

272 3849 561 3904 πανοπλίαι
581 3850 690 3902 τῶν
724 3850 1078 3920 καταχάλκων
1109 3852 1201 3904 καὶ
1222 3851 1479 3923 σιδηρῶν⁹
1520 3851 1578 3904 αἱ
1611 3852 1710 3921 μὲν
1741 3851 1849 3920 γὰρ

269 3939 350 4009 τῷ
377 3938 616 4010 λαμπρῷ
645 3945 835 4011 κόσμῳ
866 3939 1298 4003 πλεονεκτοῦσιν,
1327 3943 1382 3995 αἱ
1416 3941 1473 3994 δὲ
1504 3943 1562 3995 ὲν
1592 3940 1741 4012 αὐτῷ
1772 3941 1850 4011 τῷ

269 4031 581 4102 δραστηρίῳ
612 4031 1042 4099 διαγωνίζονται.

345 4120 433 4176 ιθν.
465 4123 678 4192 Πένητα
709 4122 930 4192 δὲλέγω
956 4124 1224 4192 γενναῖον,
1250 4123 1347 4177 ἐὰν
1371 4124 1448 4194 μὴ
1472 4125 1851 4195 χρηματιστής

270 4212 390 4267 ἐστι
419 4211 512 4264 καὶ
529 4209 880 4282 δωρολήπτης
900 4228 914 4243 σ
941 4211 1034 4265 τὸν
1067 4211 1176 4282 γὰρ
1217 4211 1618 4282 χρηματιστὴν,
1646 4211 1752 4265 οὐδ’
1783 4211 1851 4264 ἂν

273 4302 677 4367 πλουσιώτατος
704 4301 780 4356 ὢν
803 4303 940 4376 τύχῃ
962 4303 1231 4375 συμφέρει
1252 4303 1384 4357 ποτὲ
1408 4304 1850 4376 προχειρίζεσθαι

275 4392 601 4460 στρατηγόν.

346 4479 414 4534 κ’.
463 4480 622 4535 Ἀλλὰ
657 4480 791 4552 μηδὲ
819 4481 1139 4553 μικρολόγον
1166 4481 1290 4535 τινὰ
1319 4481 1414 4537 καὶ
1437 4481 1697 4552 ὁμολόγον
1725 4483 1857 4554 ’περὶ⁵

272 4571 343 4628 τὰ
388 4571 645 4642 κέρδη,ῆ
701 4571 960 4646 ἔμ’πορον,
1011 4572 1045 4644 ἢ
1095 4573 1480 4644 παραπλήσιόν
1532 4591 1584 4626 τι
1614 4573 1855 4627 τοιοῦτον

273 4662 604 4731 πράττονταο
635 4663 849 4734 ἀνάγκη
877 4664 986 4734 γὰρ
1021 4664 1148 4728 τοὺς
1179 4666 1454 4729 τοιούτους
1487 4665 1854 4737 μικρόφρονας

275 4750 439 4819 εἷναι,
470 4755 719 4825 καὶπερὶ
755 4755 816 4808 τὸ
851 4756 1040 4825 κέρδος
1068 4757 1457 4827 ἐπτοημένους,
1495 4759 1589 4811 καὶ
1627 4776 1853 4828 μεμερι-

278 4844 589 4915 μνημένους
616 4844 743 4916 περ)⁸
763 4845 862 4916 τὴν
893 4846 1154 4917 συλλογὴν
1173 4847 1283 4900 τῶν
1302 4865 1406 4918 χρη
1414 4848 1622 4918 μάτων,
1644 4849 1737 4902 καὶ
1761 4865 1856 4918 μη-

274 4935 367 4988 δὲν
388 4936 611 5005 ἔχοντας
642 4937 752 4991 τῶν
782 4937 962 4991 καλῶν
997 4939 1465 5009 ἐπιτηδευμάτων.

345 5033 456 5082 καθ.
498 5028 626 5082 Ἐἀν
660 5029 718 5082 δὲ
747 5029 1028 5100 προγόνων
1061 5031 1178 5084 ἐστὶ
1204 5030 1475 5102 λαμπρῶν
1508 5033 1601 5085 καὶ
1641 5031 1854 5102 περιδό-

278 5119 386 5184 ξων
413 5119 700 5188 ἀπόγονος,
725 5122 945 5192 ἀγαπᾷν
973 5122 1072 5190 μὲν
1095 5122 1176 5174 δεῖ
1202 5121 1358 5177 τοῦτο
1379 5163 1394 5186 ,
1427 5123 1488 5174 ού
1521 5123 1620 5192 μὲν
1645 5122 1701 5175 δὲ
1723 5123 1854 5181 πάνο

276 5227 387 5274 τως
410 5211 688 5282 ιπιζητεῖν
715 5213 812 5283 τὴν
831 5213 1086 5284 τοιαύτην
1120 5213 1422 5281 εὐγένειαν,
1447 5213 1712 5276 ἀποῦσαν,
1736 5213 1859 5268 οὐδὲ

279 5299 368 5353 διὰ
388 5301 594 5372 ταύτην
614 5304 822 5373 κρίνειν
838 5303 990 5367 ἀξιον.
1007 5304 1096 5356 τὸν
1122 5302 1444 5372 στρατηγὸν,
1465 5303 1559 5360 ἐὰν
1573 5304 1633 5355 τὸ
1660 5321 1857 5373 στρατ-

283 5394 438 5461 ηγεῖν
468 5395 648 5458 καλῶς
677 5396 961 5466 κέκτηται.

1942 517 2248 571 personans
2294 522 2403 562 non
2453 517 2664 564 tantum
2711 512 2924 567 animos
2961 525 3180 572 nostros
3229 520 3296 573 ad
3334 532 3515 577 motus

1940 594 2166 651 bellicos
2192 599 2416 662 excitat,
2450 610 2717 669 quantum
2757 603 2934 660 oratio
2979 607 3244 673 sapientia
3276 611 3512 677 quadam

1941 682 2197 752 adjuncta
2228 687 2295 741 ad
2327 689 2580 742 virtutem
2608 697 2786 754 vocat,
2814 699 2868 744 et
2901 701 3120 760 paratos
3150 694 3217 747 ad
3247 695 3517 750 dimican-

1941 774 2070 829 dum
2122 777 2400 832 auditores
2446 779 2596 845 facit,
2649 791 2704 836 et
2757 782 2825 837 ad
2873 782 3116 852 pericula
3170 785 3514 854 suscipienda

1943 864 2161 920 animos
2193 867 2443 936 impellit.

2018 957 2100 1012 14.
2143 959 2200 1013 Si
2233 975 2363 1015 vero
2402 962 2509 1016 ulla
2559 964 2612 1016 in
2658 965 2902 1020 exercitu
2957 966 3236 1035 contingat
3265 967 3514 1034 oﬂ‘enslo,

1944 1046 2124 1117 aliqua
2166 1059 2280 1103 tum
2320 1050 2441 1106 illos
2496 1053 2806 1108 cohortatio
2867 1055 3193 1123 permulcet,
3246 1063 3300 1110 et
3358 1055 3519 1123 longe

1945 1137 2128 1194 utilior
2158 1149 2242 1194 est
2266 1141 2615 1211 imperatoris
2650 1145 2850 1209 oratio,
2877 1145 2944 1198 ad
2981 1161 3068 1201 res
3103 1146 3333 1200 alllictas
3365 1161 3517 1201 exer-

1944 1228 2087 1284 citus
2139 1229 2420 1298 levandas,
2470 1247 2637 1302 quam
2688 1234 2884 1288 medici
2933 1236 3159 1291 vulnera
3214 1244 3515 1292 curantes:

1944 1319 2021 1374 illi
2047 1321 2191 1375 enim
2219 1324 2437 1379 saucios
2481 1325 2628 1379 solos
2659 1325 2746 1379 die
2779 1339 2843 1379 ac
2879 1332 3122 1395 tempore
3163 1327 3378 1382 tandem
3411 1328 3519 1383 for-

1948 1419 2098 1466 tasse
2129 1421 2348 1478 sanant,
2385 1413 2472 1469 hic
2500 1423 2684 1469 autem
2715 1415 3001 1471 confestim
3050 1416 3224 1473 fessos
3251 1433 3316 1474 ac
3347 1420 3517 1475 lassa—

1948 1510 2032 1557 tos
2060 1502 2354 1558 alacriores
2387 1503 2537 1570 facit,
2578 1513 2633 1559 et
2679 1505 2746 1558 ad
2790 1519 3004 1560 omnem
3035 1507 3204 1562 animi
3249 1510 3520 1579 magnitu-

1944 1589 2127 1645 dinem
2156 1593 2638 1663 praestantiamque
2665 1594 2801 1651 satis
2837 1594 3114 1652 robustos.

2014 1850 2100 1904 15.
2145 1849 2391 1906 Nobilem
2441 1862 2494 1908 et
2543 1856 2812 1910 celebrem
2870 1856 3046 1910 virum
3106 1857 3345 1912 diximus
3401 1874 3523 1914 esse

1947 1949 2216 2009 oportere,
2255 1944 2384 2013 quia
2415 1959 2632 2015 semper
2667 1946 2882 2000 Inesitat
2913 1947 3099 2002 animo
3139 1957 3193 2002 et
3240 1952 3524 2004 excrucia-

1948 2038 2037 2086 tur
2066 2031 2283 2100 vulgus,
2317 2049 2444 2087 cum
2481 2034 2735 2090 obscuris
2791 2037 2924 2092 viris
2977 2047 3143 2104 atque
3191 2039 3526 2110 ignobilibus

1945 2123 2248 2193 subjectum
2275 2133 2380 2180 est.
2410 2123 2580 2183 Nemo
2606 2127 2752 2181 enim
2799 2128 2975 2182 libens
3011 2130 3220 2197 patitur
3248 2144 3373 2184 eum
3422 2132 3523 2186 im-

1945 2223 2249 2284 peratorem
2277 2216 2426 2287 eligi,
2451 2233 2615 2287 quem
2641 2218 2967 2274 deteriorem
2998 2219 3178 2288 seipso
3205 2230 3378 2289 putat.

2014 2304 2101 2361 16.
2141 2305 2273 2360 Mihi
2333 2310 2807 2376 pernecessarium
2861 2326 2996 2368 sane
3041 2313 3274 2378 videtur,
3328 2323 3389 2369 ut
3422 2315 3523 2368 im-

1945 2405 2164 2464 perator
2193 2397 2516 2469 designatus
2554 2401 2602 2456 si
2647 2403 2771 2467 has,
2809 2417 2951 2472 quas
2982 2418 3157 2474 nuper
3186 2419 3525 2459 commemo-

1944 2485 2059 2540 ravi
2105 2489 2334 2546 virtutes
2366 2490 2747 2560 imperatorias
2805 2493 3026 2558 habeat,
3083 2494 3288 2551 nobilis
3335 2497 3522 2552 statim

1945 2577 2017 2632 sit
2045 2595 2058 2631 :
2098 2578 2222 2635 talis
2244 2580 2390 2635 enim
2424 2581 2600 2639 virtus
2630 2585 2931 2640 obscurum
2971 2585 3065 2642 diu
3091 2587 3366 2642 hominem
3405 2603 3526 2644 ma-

1944 2679 2074 2721 nere
2099 2681 2208 2722 non
2240 2668 2398 2724 sinit.

2015 2759 2104 2813 l7.
2159 2759 2404 2815 Dicimus
2455 2770 2634 2816 autem
2703 2777 2771 2818 ne
2823 2762 3045 2818 divitem
3100 2763 3355 2832 quidem,
3419 2765 3527 2820 nisi

1942 2848 2171 2904 virtutes
2211 2851 2596 2921 imperatorias
2648 2849 2865 2918 habeat,
2931 2854 3288 2923 pecuniarum
3359 2869 3529 2910 causa

1943 2938 2324 3009 imperatorem
2384 2942 2657 3012 designari
2721 2943 2920 2998 debere
2968 2961 2981 2997 :
3050 2959 3153 2998 nec
3233 2959 3526 3014 pauperem

1943 3038 2134 3086 contra
2187 3031 2235 3086 si
2281 3032 2460 3088 bonus
2509 3033 2696 3096 fuerit,
2746 3034 3083 3104 paupertatis
3133 3049 3197 3089 ac
3250 3036 3529 3091 tenuitatis

1944 3133 2110 3175 causa
2143 3120 2536 3190 repellendum.
2592 3121 2702 3176 Nec
2757 3137 2887 3177 vero
2936 3121 3159 3178 divitem
3211 3123 3529 3178 divitiarum

1944 3211 2116 3280 gratia
2146 3212 2489 3282 repellimus,
2515 3212 2608 3267 sed
2641 3214 2686 3268 si
2717 3212 2947 3267 virtutes
2985 3213 3313 3282 imperatore
3338 3214 3532 3283 dignas

1944 3317 2055 3357 non
2094 3303 2290 3359 habent
2320 3322 2335 3358 :
2382 3319 2483 3360 nec
2513 3320 2826 3374 pauperem,
2876 3305 3005 3372 quia
3055 3320 3260 3374 pauper
3293 3312 3399 3370 est,
3434 3306 3531 3358 de-

1947 3395 2262 3464 signamus,
2317 3396 2412 3451 sed
2471 3397 2601 3466 quia
2653 3396 2848 3451 fortem
2901 3409 3065 3465 atque
3120 3397 3529 3464 imperatorium

1946 3483 2141 3538 habeat
2170 3486 2435 3540 animum.
2472 3483 2736 3540 Neutrum
2786 3494 3006 3554 pmpter
3045 3485 3325 3539 fortunam
3371 3501 3532 3554 repu-

1947 3572 2184 3639 diamus,
2215 3574 2308 3630 sed
2345 3584 2608 3645 utrosque
2643 3584 2864 3644 prapter
2892 3591 3072 3630 mores
3121 3575 3462 3630 asciscimus.

2021 3665 2108 3721 l8.
2140 3665 2299 3721 Dives
2340 3667 2520 3722 bonus
2566 3676 2776 3723 tantum
2826 3676 3047 3739 praastat
3096 3683 3361 3738 generoso
3397 3683 3534 3738 pau-

1948 3755 2086 3825 peri,
2115 3766 2380 3825 quantum
2434 3774 2600 3813 aurea
2653 3768 2820 3828 atque
2870 3768 3126 3830 argentea
3175 3773 3328 3814 arma
3379 3760 3537 3814 mreis

1953 3848 2252 3918 ferreisque
2306 3851 2685 3906 antecedunt:
2749 3852 2864 3906 haec
2927 3851 3072 3906 enim
3107 3852 3163 3904 in
3216 3850 3356 3905 bello
3387 3865 3542 3920 teque

1951 3938 2187 3994 efficacia
2216 3947 2365 4006 sunt,
2417 3939 2508 3994 illa
2543 3955 2672 3995 vero
2719 3949 2918 4010 praeter
2969 3939 3342 3996 emcacitatem
3374 3939 3539 3994 etiam

1951 4040 2338 4086 ornamentum
2365 4029 2622 4088 aderunt.

2023 4119 2110 4174 l9.
2163 4118 2467 4191 Pauperem
2518 4135 2844 4192 generosum
2894 4135 3052 4186 voco,
3092 4121 3188 4190 qui
3253 4136 3542 4177 munerum

1953 4209 2228 4266 abstinens
2257 4219 2364 4278 est,
2424 4219 2480 4267 et
2528 4211 2756 4266 minime
2795 4221 3198 4276 qumstuosus:
3259 4221 3540 4279 quaestuo-

1954 4317 2078 4357 sum
2113 4302 2262 4357 enim
2297 4303 2509 4368 virum,
2561 4317 2630 4357 ne
2677 4302 2723 4355 si
2760 4301 3067 4356 ditissimus
3096 4300 3312 4374 quidem
3356 4301 3542 4366 fuerit,

1879 4394 1932 4453 D
1960 4393 2093 4448 utile
2127 4401 2212 4447 est
2244 4393 2634 4462 imperatorem
2660 4393 2808 4462 eligi.

2037 4487 2130 4541 20.
2172 4486 2285 4541 lmo
2316 4501 2448 4542 vero
2493 4501 2671 4556 neque
2703 4500 2928 4556 parcum
2972 4484 3200 4555 aliquem
3230 4493 3326 4539 aut
3367 4484 3546 4551 sordi-

1962 4580 2116 4644 dum,
2171 4578 2240 4633 ad
2276 4592 2391 4634 rem
2445 4577 2748 4633 faciendam
2785 4577 3132 4640 venalilium,
3187 4573 3282 4630 aut
3340 4575 3544 4643 aliquid

1961 4668 2081 4737 ejus
2119 4666 2337 4737 generis
2403 4666 2713 4721 molientem
2745 4687 2756 4720 :
2823 4681 3050 4722 necesse
3084 4674 3188 4741 est.
3218 4665 3363 4718 enim
3413 4663 3546 4718 tales

1962 4773 2253 4829 perparcos
2287 4774 2431 4825 esse,
2458 4767 2511 4814 et
2541 4759 2607 4813 ad
2639 4759 2954 4818 aviditatem
3002 4756 3352 4826 pecuniarum
3389 4755 3543 4808 inex-

1964 4849 2208 4919 plebiles,
2242 4857 2296 4905 et
2340 4850 2406 4904 ad
2448 4850 2806 4905 cumulandas
2839 4863 2972 4919 opes
3014 4847 3247 4903 nimium
3280 4847 3541 4908 intentos,

1963 4950 2019 4995 et
2058 4941 2128 4996 ab
2159 4940 2406 4996 honestis
2437 4942 2747 4996 actionibus
2793 4941 2953 5008 longe
2984 4938 3368 4991 abhorrentes.

2032 5031 2120 5085 2|.
2157 5031 2214 5086 Si
2245 5033 2410 5087 claris
2448 5040 2501 5086 et
2550 5031 2826 5086 nobilibus
2873 5027 3180 5096 majoribus
3213 5025 3398 5090 fuerit,
3443 5025 3547 5079 ali.-

1961 5137 2126 5192 quam
2173 5122 2278 5178 hoc
2321 5122 2849 5178 commendationem
2900 5119 3135 5174 habeat:
3173 5117 3314 5174 hanc
3364 5128 3547 5172 tamen

1966 5215 2178 5284 generis
2216 5215 2586 5277 nobilitatem,
2616 5213 2661 5267 si
2692 5211 2857 5276 absit,
2895 5225 3001 5264 non
3033 5210 3329 5264 admodum
3364 5208 3549 5278 requi-
3625 5231 3628 5238 -

1965 5321 2170 5370 remus,
2209 5318 2385 5374 neque
2414 5304 2793 5361 tantummodo
2831 5311 3051 5373 propter
3078 5303 3218 5355 hanc
3262 5314 3451 5360 unam.
3501 5300 3548 5354 si

1965 5396 2100 5451 alias
2147 5394 2493 5452 laudabiliter
2550 5403 2724 5450 artem
2783 5391 3187 5462 imperatoriam
3225 5397 3427 5454 teneat,
3467 5389 3550 5444 di—

1961 5500 2100 5551 gnus
2143 5485 2244 5539 hoc
2278 5498 2504 5538 munere
2544 5483 2812 5536 habeatur

1826 5574 2059 5636 NOTAE.

355 5667 470 5740 (l5)
541 5668 619 5725 Τὰ
648 5667 976 5740 πράγματα.
1013 5667 1218 5724 Scribe.
1247 5665 1313 5718 τὰ
1337 5666 1643 5739 τραύματα.

2038 5669 2147 5734 (ιι)
2219 5667 2711 5736 Παρατηρεῖσθηι.
2757 5665 2946 5721 Scribe
2981 5664 3368 5727 παραιτεῖσθα.
