4100 6226
597 315 710 381 687

1866 319 2144 382 LEONIS
2182 319 2607 386 PHILOSOPH
2618 329 2641 386 Ι

3759 334 3890 397 688

665 422 760 476 εἰ.
797 420 1272 488 Quemadmodum
1324 423 1471 487 enim
1530 423 1829 480 animantia
1883 428 2066 481 omnia
2100 442 2165 481 ex

2342 432 2447 502 κβν.
2481 434 2691 506 Ὥσπερ
2721 434 2829 504 γὰρ
2858 436 2926 490 τά
2972 438 3086 501 ζῶα
3121 439 3230 492 ἀπο
3263 440 3372 493 τῶν
3416 439 3561 514 ἰδίων
3606 444 3886 514 πράξεων

596 511 844 566 moribus
874 511 1090 569 illorum
1147 519 1203 566 et
1246 511 1554 567 actionibus
1604 515 1942 586 exquirimus
1993 527 2176 571 utrum

598 617 862 674 generosa
887 616 956 655 an
988 601 1178 655 inertia
1215 602 1346 667 sint,
1382 603 1463 658 sic
1489 612 1547 659 et
1585 606 1867 661 hominum
1925 604 2180 662 nobilita-

598 705 705 749 tem
741 710 847 749 non
880 692 947 749 ex
990 696 1260 765 majorum
1315 696 1495 762 laude,
1543 698 1635 752 sed
1683 714 1748 753 ex
1785 699 1901 755 suis
1932 700 2176 771 ipsorum

597 786 905 840 actionibus
933 794 988 841 et
1033 787 1198 841 rebus
1247 788 1415 856 gestis
1468 789 1741 845 aestimare
1793 800 2031 861 oportet.
2079 792 2179 847 lni-

596 892 765 946 quum
811 877 957 931 enim
1020 886 1183 947 atque
1221 877 1503 948 indignum
1558 891 1642 935 est
1699 882 1938 939 humiles
2012 894 2179 955 atque

598 968 865 1022 obscuros
892 980 1146 1039 quosque
1180 967 1384 1031 milites
1426 984 1527 1024 sua
1574 970 1819 1039 ipsorum
1864 973 2066 1028 virtute
2112 989 2178 1029 ac

601 1057 827 1112 militari
863 1056 1046 1120 laude,
1077 1066 1132 1112 et
1178 1074 1287 1114 non
1338 1060 1606 1129 majorum
1658 1063 1965 1132 splendore,
2000 1080 2180 1120 emer-

598 1163 745 1218 gere,
779 1148 1139 1216 imperatores
1181 1158 1363 1205 autem
1396 1162 1619 1222 propter
1649 1156 1915 1224 majorum
1949 1171 2177 1211 suorum

596 1239 856 1309 prazclara
881 1237 1028 1295 facta
1057 1240 1219 1311 elegi,
1254 1257 1379 1297 cum
1415 1244 1517 1313 ipsi
1564 1245 1800 1314 imperiti
1828 1255 1992 1317 atque
2027 1249 2175 1306 iner-

601 1341 681 1385 tes
704 1331 833 1386 sint.

669 1421 760 1475 23.
811 1421 998 1493 Neque
1023 1435 1155 1476 vero
1185 1423 1330 1491 illos,
1355 1428 1449 1496 qui
1485 1443 1607 1484 eum
1639 1434 1877 1490 obscuro
1904 1436 2030 1490 loco
2062 1437 2175 1491 nati

600 1518 749 1576 sunt,
776 1521 955 1566 tamen
1003 1527 1102 1566 sua
1150 1512 1394 1583 ipsorum
1449 1517 1590 1573 facta
1649 1523 1813 1579 nimis
1870 1525 2173 1580 venditant.

601 1598 735 1655 Nam
784 1602 831 1655 si
864 1601 1054 1655 virtuti
1089 1618 1203 1659 suae
1238 1607 1506 1675 majorum
1538 1627 1757 1682 quoque
1795 1615 2051 1684 splendor
2082 1633 2175 1672 ac-

602 1692 779 1756 cedat,
810 1694 1118 1747 l'ortunatus
1149 1695 1447 1765 imperator
1486 1712 1569 1755 est
1594 1720 1609 1756 :
1638 1706 1720 1758 sin
1772 1707 1946 1763 virtus
1977 1708 2176 1764 abfue-

602 1782 693 1846 rit,
724 1798 792 1836 ne
821 1783 937 1837 haec
971 1786 1188 1854 quidem
1225 1788 1376 1843 illum
1403 1791 1610 1847 clarum
1634 1794 1887 1852 efﬁcient.

671 1872 763 1926 24.
803 1872 1075 1931 Fortassis
1102 1887 1281 1933 autem
1318 1880 1634 1938 existimare
1662 1886 1788 1955 quis
1821 1898 2028 1957 posset,
2062 1906 2180 1946 me-

604 1962 770 2022 liores
800 1963 1014 2022 l'uturos
1045 1966 1400 2037 imperatores
1425 1971 1517 2041 qui
1562 1974 1709 2029 nulla
1745 1979 2013 2047 majorum
2052 1996 2181 2037 suo-

605 2066 724 2105 rum
793 2052 951 2107 laude
1005 2057 1482 2113 commendantnr.
1538 2059 1691 2116 'Nam
1752 2067 1843 2133 qui
1908 2068 2176 2137 majorum

604 2143 763 2199 factis
793 2144 928 2199 clari
961 2154 1112 2211 sunt,
1165 2155 1220 2202 et
1259 2148 1475 2204 illorum
1516 2151 1687 2220 gloria
1738 2155 1975 2213 illustres
2018 2158 2176 2222 liunt,

601 2249 745 2303 saepe
771 2236 1192 2306 negligentiores
1221 2245 1274 2292 et
1303 2242 1647 2299 remissiores
1673 2254 1838 2302 sunt:
1875 2249 1967 2319 qni
1995 2259 2175 2304 autem

601 2324 737 2381 nihil
766 2342 797 2381 a
828 2328 1131 2395 majoribus
1165 2341 1516 2401 acceperunt,
1552 2336 1642 2391 isti
1672 2339 1941 2407 majorum
1978 2343 2177 2397 obscu,

601 2417 818 2475 ritatem
854 2433 953 2473 sua
994 2420 1194 2476 virtute
1251 2422 1544 2491 illustrant,
1591 2436 1646 2481 et
1689 2429 1755 2483 ad
1803 2446 1892 2485 res
1942 2433 2178 2489 alacrius

600 2508 980 2577 suscipiendas
1017 2511 1168 2565 omni
1214 2514 1383 2567 animi
1415 2518 1764 2574 contentione
1803 2520 2171 2590 impelluntur.

602 2593 668 2649 Et
693 2596 1155 2665 quemadmodum
1186 2600 1277 2668 qui
1333 2603 1477 2656 haud
1525 2619 1719 2675 magna
1759 2621 1883 2662 cum
1928 2626 1988 2665 re
2025 2622 2172 2680 sunt,

601 2686 667 2749 ad
690 2685 813 2740 vitae
837 2686 1045 2741 cultum
1070 2699 1123 2742 et
1162 2687 1494 2744 allluentiam
1538 2709 1716 2748 rerum
1747 2702 2171 2767 comparandam

599 2777 913 2850 diligentius
951 2781 1306 2847 contendunt,
1352 2782 1430 2838 sic
1459 2784 1658 2853 quibus
1687 2788 1833 2843 nulla
1882 2806 1911 2845 a
1958 2794 2175 2862 majori.

600 2867 703 2926 bus
728 2868 899 2938 gloria
930 2872 1121 2928 relicta
1151 2886 1255 2943 est,
1297 2876 1460 2932 iidem
1516 2895 1615 2936 sua
1669 2883 1915 2954 ipsorum
1969 2890 2172 2946 virtute

600 2959 805 3016 strenui
836 2975 958 3017 esse
978 2962 1247 3019 laborant.

2206 1755 2253 1815 Β

2279 522 2373 577 καὶ
2403 521 2544 575 ὲθῶν
2588 523 2917 594 ἐξετάζομεν
2964 526 3162 596 εὐγενῆ
3207 527 3239 598 ἢ
3274 529 3524 601 δυσγενῖμ
3548 531 3717 597 οὕτως
3754 535 3883 605 χρὴ

2280 617 2503 666 σκοπεῖν
2530 614 2626 667 καὶ
2657 613 2757 684 τὴν
2789 616 2899 668 τῶν
2931 616 3233 687 ἀνθρώπων
3262 621 3563 688 εὐγένειαν,
3613 625 3712 677 οὐκ
3749 628 3883 679 ἀπὸ

2277 703 2385 758 τῶν
2414 705 2715 775 προγόνων,
2756 706 2874 760 ἀλλ’
2902 708 2968 761 ἐκ
2994 708 3104 762 τῶν
3140 709 3283 762 ἰδίων
3314 713 3568 779 πράξεων
3594 717 3688 767 καὶ
3728 733 3877 768 κατ-

2278 795 2633 866 ορθωμάτων.
2671 799 2780 852 Καὶ
2817 799 2937 858 πῶς
2968 798 3079 869 γὰρ
3111 800 3212 852 οὐκ
3249 801 3499 871 ἀπρεπὲς
3546 803 3641 855 καὶ
3687 806 3873 857 ἀπαίο

2278 888 2485 951 δευτον,
2526 889 2652 953 τοὺς
2701 890 2801 960 μὲν
2852 890 3035 954 λιτοὺς
3093 893 3431 961 στρατιώτας
3458 894 3545 947 διά
3574 896 3676 958 τὰς
3722 898 3870 961 ἰδίας

2278 978 2558 1047 ἀριστείας
2585 979 2679 1032 καὶ
2712 980 2840 1043 τοὺς
2860 981 3079 1048 ἀγῶνας
3118 984 3285 1052 τιμᾷν
3309 1025 3323 1047 ,
3356 984 3417 1035 οὐ
3465 985 3590 1047 τοὺς
3626 987 3688 1039 ἐκ
3719 1004 3865 1057 προ-

2279 1069 2452 1136 γόνων
2472 1070 2778 1140 λαμπροὺς,
2831 1071 2966 1126 ἀλλὰ
3003 1071 3129 1135 τοὺς
3157 1074 3471 1145 αὐτοχειρίᾳ
3525 1091 3579 1127 τι
3608 1075 3865 1147 λαμπρὸν

2280 1158 2440 1229 ἔργον
2480 1162 2886 1230 πεποιηκότας·
2936 1163 3063 1225 τοὺς
3118 1163 3176 1216 δὲ
3227 1163 3568 1234 στρατηγοὺς
3616 1166 3703 1219 διά
3729 1172 3859 1233 τοὺς

2279 1250 2577 1320 προγόνους
2603 1251 2973 1321 ἐπιλέγεσθαι,
3005 1255 3107 1308 κάν
3132 1256 3269 1309 εἰσιν
3291 1260 3552 1328 ἄχρηστοι
3578 1278 3593 1324 ;

2350 1430 2454 1493 κγ’.
2498 1425 2659 1478 Ἀλλά
2690 1426 2796 1498 μὴν
2820 1428 2908 1481 διὰ
2926 1429 3026 1499 τὴν
3061 1430 3197 1483 ἰδίαν
3216 1431 3395 1484 αὐτῶν
3415 1434 3633 1503 ἀρετὴν,
3659 1432 3760 1485 κᾶν
3779 1434 3856 1503 μὴ

2277 1518 2386 1570 ἀπὸ
2427 1517 2522 1570 τοῦ
2572 1517 2763 1585 γένους
2813 1519 3260 1590 λαμπρύνωνται.
3298 1525 3615 1593 Προσόντων
3664 1526 3762 1594 μὲν
3791 1527 3857 1597 δὴ

2277 1606 2482 1661 τούτων
2514 1610 2612 1662 καὶ
2658 1610 2938 1678 προγόνων
2985 1612 3256 1683 λαμπρῶν
3305 1614 3535 1685 εὐτυχὴς
3561 1617 3589 1668 ὁ
3624 1633 3859 1685 στρατη·

2279 1701 2394 1766 γδς,
2421 1699 2669 1754 ἀπόντων
2693 1701 2751 1753 δὲ
2779 1702 2889 1757 τῶν
2909 1703 3142 1772 ἀρετῶν,
3170 1704 3275 1760 κᾶν
3297 1708 3447 1777 παρῇ
3470 1705 3664 1769 ταῦτα,
3684 1707 3859 1777 ἄπρα-

2282 1807 2430 1853 κτος.

2352 1882 2452 1935 κδ’.
2487 1882 2641 1952 Τάχα
2667 1883 2725 1937 δέ
2756 1902 2843 1947 τις
2889 1885 3097 1939 ὲλπίσοι
3137 1887 3233 1939 κα⁸ι
3276 1888 3591 1958 κρείττονας
3636 1888 3860 1941 ἔσεσθαι

2283 1976 2624 2045 στρατηγοὺς
2645 1977 2775 2039 τοὺς
2796 1977 2895 2029 ούκ
2916 1976 3138 2047 ἔχοντας
3161 1979 3271 2031 ἀπὸ
3290 1979 3400 2030 τῶν
3428 1979 3710 2048 προγόνων
3766 1996 3861 2031 σε·

2284 2062 2596 2134 μνύνεσθαι.
2630 2066 2694 2117 υἱ
2734 2066 2833 2135 μὲν
2861 2067 2971 2138 γὰρ
3000 2068 3091 2120 ἐπὶ
3112 2067 3329 2136 γονεῦσι
3361 2069 3730 2138 δοξαζόμενοι,
3762 2071 3861 2121 καὶ

2278 2156 2376 2227 τὴν
2401 2156 2495 2209 ἀπ’
2525 2156 2748 2210 ἐκείνων
2777 2158 2991 2227 ἔχοντες
3018 2158 3290 2225 εῦκλειαν,
3322 2160 3579 2222 πολλάκις
3612 2160 3863 2230 patiund-

2279 2264 2434 2318 τερον
2463 2249 2557 2301 καὶ
2608 2249 2975 2320 ἀμελέστερον
3020 2251 3351 2305 διάκεινται·
3397 2253 3448 2305 οἱ
3478 2252 3534 2304 δὲ
3587 2252 3860 2321 μηδεμίαν

2276 2338 2434 2407 δόξαν
2465 2340 2746 2411 προγόνων
2766 2339 3003 2411 ἔχοντες,
3038 2336 3184 2395 οὗτοι
3205 2342 3303 2414 τὴν
3334 2342 3442 2395 τῶν
3464 2344 3715 2412 πατέρων
3733 2343 3859 2395 ἅδος-

2280 2426 2397 2491 ξίαν
2419 2428 2866 2499 ἀναπληροῦσθαι
2897 2429 3145 2493 θέλοντες
3175 2433 3240 2501 τῇ
3271 2431 3376 2501 ἰδίᾳ
3401 2431 3683 2501 προθυμίᾳ
3706 2433 3861 2499 φιλο-

2278 2518 2652 2588 κινδυνότερον
2681 2520 2772 2572 ἐπὶ
2800 2520 2900 2582 τὰς
2935 2520 3161 2590 πράξεις
3184 2518 3455 2590 ἔρχονται.
3502 2521 3768 2592 Καθάπερ
3797 2524 3850 2574 οἱ

2277 2606 2507 2676 πένητες
2533 2606 2934 2677 ἐπιπονώτερον
2961 2609 3157 2677 μᾶλλον
3192 2610 3300 2662 τῶν
3338 2610 3694 2681 ὲπορωτὲρων
3740 2613 3784 2680 (l
3802 2613 3859 2677 ὅ)

2276 2699 2369 2750 ἐπὶ
2397 2699 2495 2768 τὴν
2513 2698 2608 2753 τοῦ
2643 2698 2757 2769 βίου
2793 2701 2986 2770 κτῆσιν
3026 2700 3330 2770 ὁρμῶνται,
3359 2703 3421 2755 τὸ
3446 2702 3689 2754 ἐλλεῖπον
3722 2705 3860 2755 diva-

2276 2789 2561 2861 πληρῶσαι
2592 2794 2692 2862 τῆς
2713 2790 2884 2862 τύχης
2918 2792 3309 2857 σπουδάζοντες
3334 2810 3349 2823 ·
3399 2792 3540 2845 οὕτω
3568 2796 3614 2845 οἱ
3663 2794 3739 2864 μὴ
3791 2795 3863 2846 ὲκ

2275 2883 2525 2953 πατέρων
2558 2883 3066 2955 κληρονομήσαντες
3085 2885 3242 2951 δόξαν
3270 2886 3358 2938 διὰ
3384 2885 3492 2939 τῶν
3524 2886 3668 2939 ἰδίων
3715 2888 3856 2952 πρᾶο

2276 2976 2409 3041 ξεων
2438 2976 2827 3040 σπουδάζουσιν
2858 2978 3091 3030 οἰκειοῦν
3120 2978 3302 3040 αὐτοῖς
3336 2976 3512 3041 δόξαν.

668 3047 763 3113 25.
799 3049 872 3110 lis
905 3052 973 3107 de
1016 3057 1200 3111 causis
1229 3059 1460 3129 eligatur
1497 3063 1793 3133 imperator
1836 3067 2033 3133 bonus,
2071 3086 2170 3124 no-

2349 3074 2447 3122 κε’.
2480 3070 2577 3121 Διά
2615 3066 2787 3120 ταῦτα
2830 3068 2929 3138 μὲν
2960 3068 3050 3121 οῦν
3078 3069 3507 3140 προχειριζέσθω
3547 3072 3863 3139 στρατηγὸς

597 3136 745 3204 bilis,
781 3139 935 3196 dives
964 3160 979 3197 :
1032 3158 1140 3199 non
1168 3150 1465 3217 repellatur
1501 3164 1683 3209 autem
1718 3171 1919 3227 panper
1960 3160 2020 3240 si.
2045 3175 2169 3214 cum

2277 3160 2496 3227 ἀγαθὸς,
2525 3160 2770 3231 εὐγενὴς,
2802 3136 3075 3224 πλούσιος,
3121 3136 3217 3231 inii
3252 3136 3639 3214 ἀποϐαλλέσθῶ
3669 3136 3863 3214 sats-

597 3224 797 3283 virtute
821 3228 911 3294 sit,
947 3245 1258 3302 quanquam
1290 3237 1452 3293 claris
1497 3254 1562 3295 ac
1604 3224 1907 3299 illustribus
1952 3224 2173 3315 m'ajori-

599 3318 701 3379 bus
729 3329 883 3376 ortus
914 3338 1021 3378 non
1056 3325 1145 3380 sit.

668 3411 760 3469 26.
803 3414 885 3489 Ad
923 3430 1195 3473 summam
1228 3431 1410 3477 autem
1445 3423 1628 3480 dicere
1683 3436 1899 3497 oportet
1939 3429 2172 3501 impera-

2273 3268 2370 3321 νης
2405 3251 2543 3320 μετά
2573 3252 2796 3322 ἀρετῆς,
2833 3254 2881 3306 εί
2916 3253 3008 3306 καὶ
3039 3251 3112 3321 μὴ
3143 3252 3250 3304 ἀπὸ
3279 3251 3545 3323 λαμπρῶν
3587 3251 3682 3304 καὶ
3710 3253 3863 3303 ἐνδό-

2276 3340 2380 3405 ξων
2407 3342 2689 3411 προγόνων
2710 3344 2936 3409 κατάγει
2956 3343 3017 3396 τδ
3040 3344 3213 3411 γένος.

2344 3442 2459 3500 κε’.
2491 3437 2801 3506 Κεφάλαιον
2831 3437 2887 3489 δὲ
2922 3439 3115 3502 εἰπεῖν,
3150 3439 3256 3507 χρὴ
3303 3437 3393 3490 τὸν
3450 3437 3771 3505 στρατηγὸν,
3806 3437 3863 3488 ει

596 3510 793 3573 torem,
830 3504 878 3559 si
940 3506 1055 3561 lleri
1107 3518 1309 3578 potest,
1368 3528 1596 3584 corpore
1636 3519 1896 3587 gratioso,
1947 3522 2174 3577 robusto

2277 3523 2497 3578 δυνατόν
2520 3529 2691 3591 ἐστιν,
2740 3526 2922 3579 καὶτὸ
2957 3527 3116 3595 σῶμα
3148 3528 3419 3596 εὐπρεπῆ.
3457 3528 3552 3579 καὶ
3581 3526 3860 3606 ἀνδρεῖον,

596 3603 652 3649 et
680 3593 976 3667 laborioso.
1010 3610 1192 3659 mente
1225 3613 1405 3659 autem
1445 3607 1605 3661 celeri
1639 3623 1702 3663 ac
1724 3620 1967 3676 strenua,
2003 3613 2174 3667 hono-

597 3685 678 3740 ris
743 3698 1113 3756 expetentem,
1172 3705 1511 3767 promptum,
1569 3701 1936 3768 periculorum
1992 3704 2173 3773 despi-

598 3774 853 3838 cientem,
900 3785 956 3831 et
992 3795 1175 3834 rerum
1224 3783 1535 3841 divinarum
1596 3804 1844 3860 veraeque
1898 3793 2175 3863 religionis

597 3866 1006 3924 sanctissimum
1039 3871 1307 3927 cultorem
1343 3889 1465 3931 esse
1492 3876 1709 3933 debere.

664 3954 758 4009 27.
794 3955 855 4029 In
885 3959 1255 4038 voluptatibus
1288 3967 1537 4033 corporis
1587 3976 1999 4039 temperantem,
2039 3988 2171 4028 con-

597 4043 721 4099 silio
746 4056 800 4101 et
842 4047 1004 4104 laude
1043 4065 1168 4105 vera
1212 4054 1265 4106 in
1316 4056 1481 4110 rebus
1528 4057 1774 4117 honestis
1814 4064 2175 4133 suscipiendis

596 4133 977 4206 inexplebilem
1009 4151 1173 4211 atque
1204 4142 1593 4205 insatiabilem.

665 4224 756 4281 28.
795 4228 877 4283 Ad
907 4233 1342 4301 perspiciendum
1376 4236 1429 4292 in
1467 4238 1650 4295 dubiis
1687 4242 1851 4298 rebus
1882 4247 2011 4314 quid
2059 4265 2172 4303 ma-

598 4319 744 4373 xime
770 4334 908 4388 opus
936 4319 1083 4383 facto.
1106 4324 1199 4388 sit,
1235 4341 1416 4381 acrem
1446 4338 1500 4382 et
1530 4330 1812 4386 solertem.

2276 3616 2371 3670 καὶ
2400 3617 2706 3685 φιλόπονον,
2739 3621 2835 3673 καὶ
2864 3618 3123 3683 ὀξύτατον
3166 3618 3266 3687 τὴν
3320 3616 3568 3688 γνώμην,
3601 3618 3695 3670 καὶ
3725 3634 3865 3685 γεν-

2276 3708 2444 3768 ναῖον,
2472 3706 2567 3759 καὶ
2595 3705 2903 3769 σπουδαῖον,
2936 3708 3028 3759 καὶ
3056 3706 3439 3775 φιλοκίνδυνον,
3483 3706 3579 3758 καὶ
3614 3706 3866 3775 μάλιστα

2277 3791 2526 3861 θεοσεϐῆ,
2560 3794 2655 3846 καὶ
2682 3811 2747 3846 πε
2758 3795 2810 3864 pi.
2834 3794 2904 3847 τά
2925 3793 3044 3847 θεῖα
3063 3795 3364 3866 πράγματα
3404 3794 3861 3863 ὲπιμελέστατον.

2345 3972 2448 4036 κζ’.
2488 3974 2720 4027 Ἡδονῶν
2737 3974 2794 4027 δὲ
2814 3974 2908 4035 τοῦ
2943 3974 3193 4045 σώματος
3214 3976 3475 4044 ἐγκρατῆ,
3507 3976 3604 4043 τῆς
3629 3974 3685 4026 δὲ
3713 3975 3862 4041 γνὼ·

2278 4082 2387 4134 μης
2416 4064 2690 4136 ἄπληστόν
2720 4083 2779 4119 τε
2810 4067 2903 4118 καὶ
2937 4067 3235 4137 ἀκόρεστον
3274 4068 3365 4119 ἐπὶ
3392 4067 3467 4136 τῷ
3490 4067 3697 4136 ἐπαίνῳ
3713 4068 3859 4136 πρά-

2276 4156 2421 4221 ξεσιν
2457 4156 2683 4225 ἀγαθοῖς
2718 4158 3016 4229 [ἄπληστόν
3037 4178 3095 4215 τε
3127 4160 3222 4213 καὶ
3254 4158 3589 4231 ἀκόρεστον].

2344 4256 2451 4319 κη’.
2480 4250 2735 4304 -Συνιδείν
2762 4250 2816 4303 δὲ
2847 4250 2907 4304 τὸ
2943 4251 3060 4304 δέον
3095 4251 3175 4304 ἔτι
3216 4256 3273 4305 ἐν
3302 4251 3378 4321 τῷ
3422 4255 3617 4321 ἀφανεῖ
3644 4250 3704 4302 ὃν
3739 4250 3859 4302 δειο

2275 4342 2366 4393 νόν
2384 4358 2445 4394 τε
2475 4343 2570 4394 καὶ
2599 4341 2712 4404 όξύ.

664 4411 755 4465 29.
796 4411 871 4464 Ex
903 4412 969 4468 iis
996 4431 1117 4483 quae
1149 4415 1203 4469 in
1231 4426 1485 4488 promptu
1534 4430 1682 4484 sunt,
1717 4423 1783 4477 ad
1826 4439 1914 4480 res
1951 4426 2172 4481 abstru-

2348 4431 2450 4485 κθ’.
2491 4434 2584 4485 Ἐκ
2614 4433 2723 4486 τῶν
2750 4435 3090 4502 φαινομένων
3123 4436 3190 4487 τά
3212 4436 3571 4504 κεκρυμμένα
3597 4433 3857 4502 στοχάζει

596 4515 684 4555 sas
705 4501 1077 4571 cmijiciendas
1103 4503 1337 4560 felicem.

662 4588 751 4643 30.
793 4588 851 4644 ln
886 4592 1204 4651 instruendo
1250 4604 1306 4650 et
1349 4602 1614 4656 armando
1647 4612 1701 4658 et
1738 4607 1983 4661 ornando
2010 4620 2169 4663 eser—

592 4683 704 4736 citu
745 4684 1004 4752 peritum.

662 4776 752 4853 3i.
788 4777 866 4830 Ad
893 4779 1135 4847 jacentes
1183 4782 1413 4838 militum
1470 4787 1685 4843 animos
1726 4790 1975 4847 oratione
2018 4795 2168 4848 exci-

591 4867 808 4932 tandos,
848 4868 990 4924 etin
1045 4886 1195 4940 spem
1230 4874 1427 4945 bonam
1482 4877 1830 4935 adducendus
1880 4883 2157 4952 habilem,

535 5009 549 5026 ,
589 4965 645 5010 et
702 4958 769 5015 ad
822 4960 1125 5028 periculum
1188 4966 1599 5036 suscipiendum
1663 4979 1884 5039 paratos
1928 4973 2164 5029 eﬂicien-

592 5055 700 5101 tem
712 5087 725 5101 .

660 5138 751 5196 52.
816 5140 1020 5200 Eorum
1080 5163 1203 5218 qua:
1264 5152 1560 5206 constituta
1607 5164 1661 5208 et
1728 5155 1946 5210 decreta
2014 5168 2161 5225 sunt,

592 5235 1102 5297 constantissimum
1135 5242 1443 5297 custodem.

664 5324 755 5381 33.
795 5324 855 5380 ln
886 5343 1138 5385 sermone
1163 5342 1396 5398 certum,
1433 5352 1498 5391 ne
1534 5338 1599 5392 ab
1626 5341 1829 5397 astulis
1867 5351 1922 5396 et
1950 5342 2167 5403 disertis

591 5415 747 5480 viris,
778 5431 901 5487 qua:
939 5418 1020 5475 illi
1052 5423 1119 5476 ad
1167 5424 1493 5481 deteriorem
1549 5443 1753 5497 partem
1791 5434 2162 5506 applicabu‘nt,

591 5508 854 5577 capiatur.

2280 4523 2398 4575 σθαι
2426 4526 2867 4593 ὲπιτυχέστατον.

2341 4614 2407 4670 λ’.
2435 4616 2606 4682 Τάξαι
2640 4616 2693 4671 δὲ
2728 4619 2979 4688 στρατὸν,
3010 4621 3104 4671 καὶ
3156 4618 3395 4682 ὁπλίσαι,
3429 4617 3520 4668 καὶ
3570 4616 3854 4684 κοσμῆσαι

2275 4707 2556 4777 ἔμπειρον.

2344 4797 2446 4853 λα’.
2478 4799 2672 4867 Λόγοις
2714 4802 2771 4853 δὲ
2794 4803 3018 4872 ἀνιστᾷν
3050 4803 3118 4855 τά
3165 4802 3491 4856 πεπτωκότα
3522 4806 3852 4874 φρονήματα

2274 4889 2529 4959 στρατοῦ,
2580 4892 2676 4957 καλ⁵
2706 4892 2937 4945 ἐλπίδων
2986 4894 3263 4963 ἐμπλῆσαι
3309 4893 3550 4961 ἀγαθῶν,
3586 4895 3682 4946 καὶ
3711 4895 3853 4945 emt-

2276 4997 2409 5050 μους
2443 4981 2579 5051 πρὸς
2606 4984 2733 5047 τοὺς
2763 4986 3035 5048 κινδύνους
3066 4985 3481 5056 παρασκευάσαι
3507 4986 3752 5040 δυνατόν.

2340 5160 2440 5230 λβ’.
2483 5162 2591 5215 Καὶ
2618 5163 2685 5216 τά
2708 5164 3063 5234 συντιθέμενα
3098 5166 3154 5219 δὲ
3178 5167 3210 5237 ἢ
3237 5166 3644 5237 ὁμολογούμενα
3668 5167 3842 5237 φυλάο

2270 5252 2353 5316 Sat
2373 5254 2620 5322 βεδαιότε
2628 5272 2742 5325 ρον.

2335 5344 2434 5412 λγ’.
2459 5346 2550 5416 Μὴ
2588 5346 3004 5417 παρασύρεσθαι
3027 5349 3081 5401 δὲ
3113 5349 3219 5401 ὑπὸ
3246 5349 3355 5402 τῶν
3392 5350 3449 5400 ὲν
3476 5349 3654 5414 λόγοις
3686 5348 3851 5400 δυνα-

2265 5436 2393 5493 τῶν.
2434 5434 2514 5501 οἷς
2545 5440 2742 5493 ἐκεῖνοι
2790 5443 3083 5509 παρέλκειν
3128 5444 3221 5497 τοῦ
3262 5445 3595 5514 καθήκοντος
3629 5442 3851 5503 ἐθέλου-

2267 5548 2370 5595 σιν,
2408 5526 2546 5585 εἶναι
2577 5532 2634 5585 δὲ
2660 5534 2901 5613 ἀσφαλῆ.

2130 5622 2365 5697 None,

661 5697 774 5765 (l5)
824 5699 1255 5766 Ἐπορωτὲρων.
1287 5704 1462 5760 Scrib.
1507 5695 1921 5782 εύποροτέρωνξ
