4100 6226
458 326 563 390 689

1544 334 1877 396 TACTICA.
1911 357 1975 370 -’
2012 335 2516 399 CUNSTI’I‘UTIO
2566 342 2647 402 II.

3586 349 3698 411 690

526 442 624 496 λδν.
653 444 966 514 Χρημάτων
988 445 1067 511 δὲ,
1090 446 1171 513 είς
1195 448 1295 517 μὲν
1314 447 1507 518 ἡδονὰς
1530 450 1633 513 τὰς
1660 450 1875 514 ἑαυτοῦ,
1905 467 2031 519 φει-

2203 454 2294 509 ⁸54.
2326 456 2396 509 ’1η
2423 456 2651 525 pecunia
2682 456 3049 511 consumenda
3077 457 3143 511 ad
3169 457 3570 526 conquirendas
3610 459 3716 514 sibi

458 537 705 605 δόμενον,
734 539 831 590 καὶ
852 537 1052 607 ὀλίγοις
1075 540 1434 609 ἀρκούμενον,
1455 541 1536 603 είς
1561 540 1619 593 δὲ
1643 541 1705 593 τὸ
1730 542 2041 612 εὐεργετεῖν

458 629 585 691 τοὺς
613 628 708 681 ὑπ’
739 628 924 695 αὐτὸν,
981 630 1079 683 κα)⁵
1110 632 1345 701 μάλιστα
1389 633 1470 697 είς
1500 633 1601 702 τὴν
1625 632 1766 703 ὑπὲρ
1795 633 1892 686 τοῦ
1920 650 2040 686 κοι-

459 716 552 770 νοῦ
579 717 849 789 δαπάνην,
893 718 1124 787 ἄφθονόν
1143 736 1204 772 τε
1231 722 1327 773 καὶ
1352 721 1697 791 ήπλωμὲνον.

530 893 625 950 λε’.
679 894 935 948 Τοιοῦτον
983 895 1166 948 τοίνυν
1226 896 1356 948 ὂντα
1399 895 1492 949 τὸν
1548 896 2042 967 προχειριζόμενον

463 989 787 1058 στρατηγὸν,
812 985 924 1041 οἷον
944 989 972 1041 ὁ
996 987 1151 1054 λόγος
1177 987 1461 1059 ὑπέγραψε
1486 991 1554 1056 τῇ
1583 987 1764 1056 φύσει,
1807 989 1899 1041 καὶ
1927 989 2045 1051 τοῖς

462 1077 639 1147 ἤθεσι,
670 1078 767 1132 καὶ
812 1077 1230 1149 ἐπιτηδεύμασι,
1258 1078 1337 1131 δεῖ
1365 1080 1445 1142 είς
1482 1078 1579 1147 τὴν
1612 1078 1787 1148 ἀρχὴν
1816 1096 2045 1149 προχειο

468 1170 723 1241 ρισθέντα
753 1170 849 1223 καὶ⁸
890 1169 972 1223 ἔτι
1001 1170 1204 1239 ἀγαθὸν
1229 1166 1393 1235 εἶναι,
1424 1170 1854 1240 εὐπροσήγορον,
1906 1172 2043 1223 ἕτοι-

468 1277 588 1331 μον,
621 1262 916 1330 ἀτάραχον.

536 1350 644 1414 λς’.
669 1351 760 1421 Μὴ
791 1350 963 1413 οὕτως
986 1352 1207 1421 ἐπιεικῆ
1238 1352 1332 1404 καὶ
1356 1352 1550 1420 πρᾶον,
1591 1350 1733 1404 ὥστε
1765 1368 2043 1422 καταφρο-

465 1443 695 1505 νεῖσθαι,
730 1442 865 1511 μηδὲ
894 1441 1065 1505 οὕτως
1114 1441 1365 1512 φοϐερὸν,
1399 1440 1541 1493 ὥστε
1595 1443 1894 1511 μισεῖσθαι.
1928 1442 2045 1495 ’Ίνα

470 1532 606 1601 μήτε
626 1530 711 1583 διά
732 1530 831 1600 τὴν
851 1530 1111 1599 ἀμέλειαν
1137 1529 1341 1601 ὲκλύσῃ
1361 1530 1421 1582 τὺ
1443 1528 1780 1599 στράτευμα,
1810 1529 1946 1602 [καὶ]
1964 1535 2043 1592 είς

469 1623 873 1692 καταφρόνησιν
913 1623 1118 1693 ἀγάγῃ,
1155 1623 1290 1693 μήτε
1318 1621 1405 1674 διά
1434 1622 1525 1675 τὸν
1557 1621 1725 1688 φόϐον
1751 1624 1849 1693 τῆς
1875 1623 2040 1676 αὐτοῦ

469 1715 689 1785 ἀγάπης
710 1715 1062 1785 ἀλλοτριώσῃ.

540 1780 749 1869 λζ’ίΤά
776 1806 821 1857 δ’
848 1780 982 1858 ἀλλα
1009 1780 1109 1857 δσα
1132 1804 1236 1875 χρὴ
1260 1802 1446 1857 τοῦτον
1476 1803 1818 1873 ἐπιτηδεύειν
1843 1806 1899 1856 ὲν
1927 1808 2042 1869 ταῖς
2078 1780 2125 1839 Β

472 1896 992 1967 παρεμπιπτούσαις
1022 1896 1329 1967 ἐπικαίροις
1359 1896 1681 1964 διοικήσεσι,
1708 1898 1803 1950 καὶ
1823 1898 1923 1951 ὅσα
1948 1916 2053 1951 πα-

473 1985 911 2059 ραφυλάττεσθαι
933 1986 1060 2055 χρὴ,
1103 1984 1198 2037 νῦν
1227 1985 1325 2053 μὲν
1352 1986 1442 2038 διά
1465 1986 1527 2038 τὸ
1554 1985 1759 2054 πλῆθος
1782 1987 2052 2039 συνεστεί-

473 2076 664 2145 λαμεν,
704 2076 762 2128 ὲν
786 2075 842 2128 δὲ
871 2074 949 2145 τῷ
982 2074 1175 2127 πλάτει
1198 2075 1295 2144 τῆς
1322 2077 1456 2144 παρ’
1489 2074 1646 2145 ἡμῶν
1696 2076 2051 2147 ὲκτιθεμένης

471 2171 733 2242 τακτικῆς
761 2169 1073 2223 καθεκοιστα
1104 2169 1578 2239 μνημονεύσομεν,
1613 2171 1713 2240 ὅση
1747 2167 1998 2241 δύναμις.

542 2346 646 2417 λη’.
670 2343 926 2397 Τοιοῦτον
954 2342 1011 2396 δὲ
1042 2342 1171 2395 ὄντα
1196 2342 1290 2395 καὶ
1319 2341 1492 2405 οὕτως
1513 2342 1940 2414 διατηρούμενον
1960 2345 2052 2398 τὸν

475 2438 623 2508 παρά
642 2439 739 2506 τῆς
756 2434 1031 2504 βασιλείας
1042 2435 1074 2504 ἡ
1085 2433 1200 2503 μῶν
1226 2434 1337 2503 (16)
1360 2435 1845 2505 προχειριζόμενον
1859 2453 2054 2508 στρατ-

474 2530 607 2598 ηγὸν
657 2526 949 2596 ἐλπίζομεν
999 2525 1163 2578 αὐτὸν
1210 2526 1305 2578 καὶ
1341 2524 1441 2594 τῆς
1473 2525 1568 2577 τοῦ
1600 2524 1735 2577 Θεοῦ
1758 2528 2052 2581 ἀπολαύειν

475 2620 784 2688 εὐμενείας,
840 2618 934 2672 καὶ
978 2618 1078 2686 τῆς
1106 2616 1385 2687 ἡμετέρας
1419 2616 1654 2679 εὐνοίας,
1709 2618 1805 2669 καὶ
1828 2620 1927 2688 τῆς
1954 2619 2050 2672 τοῦ

476 2711 655 2765 κοινοῦ
687 2709 980 2781 σωτηρίας,
1021 2709 1116 2762 καὶ
1162 2708 1261 2777 τῆς
1304 2707 1457 2777 παρά
1502 2707 1723 2760 πάντων
1752 2707 2051 2778 εὐφημίας,

477 2804 573 2855 καὶ
595 2802 693 2872 τῆς
720 2800 863 2853 κατά
887 2802 980 2853 τὸν
1011 2800 1123 2870 βίον
1144 2798 1442 2869 εὐημερίας
1471 2800 1529 2850 ἐν
1554 2798 1775 2870 Χριστῷ
1796 2798 1874 2868 τῷ
1908 2800 2054 2868 μόνῳ

477 2893 681 2961 αἰωνίῳ
710 2893 802 2946 καὶ
831 2891 1097 2962 ἀδιαδόχῳ
1131 2890 1360 2960 βασιλεῖ.
1418 2889 1555 2942 Ἀλλ’
1600 2889 1775 2953 οὕτως
1832 2891 1931 2959 μὲν
1959 2891 2054 2943 καὶ

476 2982 575 3050 τὴν
606 2980 698 3032 τοῦ
735 2980 1037 3051 στρατηγοῦ
1058 2978 1404 3031 ’κατάστασιν
1445 2980 1866 3048 ἀπαρτίσαντες,
1895 2980 2050 3048 φέρε,

2142 547 2476 617 voluptates,
2538 548 2921 617 parcissimum
2980 563 3044 602 ac
3092 548 3522 619 frugalissimum
3575 567 3589 603 :
3646 552 3714 605 ad

2142 641 2559 695 consensionem
2614 640 2962 704 vicinorum,
3012 648 3066 693 et
3119 640 3386 708 przecipue
3452 640 3507 694 in
3564 656 3716 694 sum-

2142 726 2327 793 ptibus
2386 740 2488 795 pro
2543 726 2822 797 republica
2872 725 3158 789 faciendis,
3212 725 3421 796 largum
3473 736 3527 782 et
3580 727 3719 783 libe-

2146 817 2339 871 ralem.

2214 906 2302 961 ‘55.
2340 905 2394 961 Is
2428 906 2591 975 igitur
2640 907 2941 977 imperator
2970 906 3313 977 designatus,
3353 910 3565 979 qualem
3596 927 3718 967 ora-

2145 998 2220 1051 tlo
2274 1009 2461 1053 nostra
2505 999 2826 1069 descripsit,
2862 1008 3078 1062 natura,
3128 1001 3373 1055 moribus
3402 1010 3456 1055 et
3497 1002 3717 1056 institu-

2144 1090 2214 1144 tis
2244 1088 2338 1144 ubi
2388 1090 2500 1159 jam
2549 1102 2745 1160 praeest
2793 1089 3080 1160 benignus,
3119 1090 3372 1153 affabilis,
3434 1103 3719 1162 promptus

2145 1179 2428 1250 facilisque
2454 1180 2546 1235 sit.

2217 1354 2306 1408 56.
2338 1351 2448 1407 Nec
2475 1368 2602 1407 vero
2631 1363 2737 1408 tam
2768 1354 3007 1407 clemens
3032 1364 3085 1408 et
3110 1354 3259 1408 mitis
3292 1355 3363 1409 sit
3392 1363 3449 1409 ut
3479 1366 3720 1410 contem-

2146 1452 2329 1508 natur,
2371 1459 2471 1497 nec
2506 1452 2612 1497 tam
2645 1458 2888 1505 severus,
2921 1452 2980 1496 nt
3015 1445 3142 1499 odio
3175 1446 3454 1510 habeatur,
3499 1463 3565 1500 ne
3596 1462 3721 1515 pro-

2147 1542 2263 1603 pter
2308 1533 2685 1601 negligentiam
2714 1533 3013 1586 exercitum
3049 1543 3103 1587 et
3128 1549 3342 1590 omnem
3368 1539 3469 1589 sub
3494 1537 3720 1605 imperio

2149 1638 2248 1677 suo
2276 1622 2573 1691 subjectam
2606 1632 2923 1692 corrumpat
2948 1624 3178 1692 plebem,
3224 1641 3323 1679 nec
3367 1637 3555 1682 contra
3596 1645 3722 1698 pro-

2148 1720 2267 1781 pter
2296 1712 2544 1765 timorem
2578 1710 2648 1767 ab
2690 1727 2875 1766 amore
2915 1714 2999 1767 sui
3047 1714 3262 1767 alienet.

2221 1803 2310 1856 57.
2362 1801 2588 1870 Reliqua
2622 1818 2960 1873 quaecunque
3008 1814 3222 1872 oportet
3270 1819 3393 1858 eum
3449 1805 3502 1859 in
3538 1806 3722 1875 quoti-

2151 1894 2329 1949 dianis
2357 1905 2410 1947 et
2439 1894 2668 1962 singulis
2710 1910 2891 1948 rerum
2920 1895 3497 1955 administrationibus
3541 1900 3721 1953 susci-

2151 2002 2299 2056 pere,
2367 2001 2513 2041 nunc
2571 1998 2791 2056 propter
2849 1987 3244 2055 longitudinem
3305 1989 3357 2041 in
3436 1999 3721 2059 angustum

2151 2076 2547 2139 contraximus,
2600 2077 2692 2131 sed
2732 2092 2797 2130 ea
2843 2078 2894 2130 in
2916 2078 3035 2145 ipso
3089 2079 3245 2147 quasi
3307 2078 3422 2131 salo
3459 2079 3725 2133 orationis

2154 2179 2353 2223 nostra:
2404 2168 2472 2222 de
2524 2182 2583 2222 re
2641 2168 2861 2221 militari
2903 2167 3114 2233 habito,
3170 2172 3396 2224 scorsim
3459 2181 3721 2240 quantum

2152 2273 2443 2328 possumus
2466 2266 2792 2326 repetemus.

2222 2349 2311 2403 58.
2352 2347 2499 2402 Talis
2527 2347 2570 2401 si
2606 2336 2677 2402 sit
2702 2355 2754 2401 et
2779 2354 3089 2416 permaneat
3133 2346 3226 2415 qui
3271 2336 3301 2399 a
3342 2361 3505 2413 regno
3536 2358 3723 2400 nostro

2154 2442 2448 2509 imperator
2476 2438 2713 2509 eligitur,
2769 2452 3055 2508 speramus
3090 2452 3213 2490 eum
3267 2436 3356 2489 Dei
3396 2437 3719 2499 bonitatem,

2154 2544 2395 2588 nostram
2430 2531 2882 2593 benevolentiam,
2931 2539 2986 2583 et
3019 2528 3328 2597 reipublicae
3373 2530 3625 2594 salutem,
3673 2540 3726 2584 et

2156 2641 2406 2696 magnam
2430 2626 2572 2695 apud
2600 2638 2789 2678 omnes
2825 2622 3309 2687 existimationem,
3341 2632 3396 2676 et
3422 2624 3546 2676 vitae
3582 2632 3729 2676 tran-

2153 2717 2474 2788 quillitatem
2530 2717 2585 2769 in
2632 2714 2852 2769 Christo
2884 2713 2993 2766 Deo
3056 2713 3174 2767 solo
3215 2712 3587 2768 universitatis
3633 2731 3729 2783 pe-

2152 2806 2309 2861 renni
2340 2814 2395 2860 et
2438 2805 2775 2875 sempiterno
2825 2801 2972 2872 Rege
3014 2812 3483 2872 comparaturum.
3545 2804 3733 2874 Itaque

2153 2896 2221 2950 ad
2254 2897 2398 2950 hunc
2429 2897 2653 2949 modum
2684 2894 3032 2964 imperatoris
3075 2892 3251 2947 forma
3297 2894 3589 2960 descripta,
3638 2911 3735 2962 age
3780 2896 3783 2899 ’

2153 2986 2311 3055 quasi
2338 2996 2466 3040 ante
2496 2985 2685 3040 oculos
2714 2985 2866 3053 regni
2913 2985 3088 3039 nostri
3134 2993 3593 3053 conspectumque
3638 3002 3735 3056 po-

475 3075 664 3128 τοῦτον
693 3076 856 3128 οἱονεὶ
903 3073 1024 3126 κατ’
1079 3072 1393 3141 ὀφθαλμοὺς
1441 3071 1539 3140 τῆς
1569 3070 1841 3140 ἡμετέρας
1879 3086 2052 3139 παρα·

2159 3093 2371 3141 namus,
2404 3085 2458 3133 et
2483 3076 2581 3131 hac
2608 3076 2854 3145 sequenti
2883 3084 3065 3128 nostra
3093 3075 3491 3138 exhortatione,
3519 3092 3640 3145 quae
3681 3078 3735 3130 in

479 3166 807 3235 στησάμενοι
834 3163 1132 3234 βασιλείας,
1152 3162 1220 3215 τά
1244 3164 1519 3231 πρέποντα
1548 3161 1643 3214 καὶ
1669 3162 1954 3231 πρόσφορα
1982 3161 2049 3231 τῇ

480 3258 816 3327 στρατηγικῇ
841 3272 899 3308 τε
927 3254 1020 3306 καὶ
1045 3256 1276 3323 τακτικῇ
1302 3254 1579 3322 ἐπιστήμῃ
1615 3250 1701 3302 διὰ
1730 3250 1828 3319 τῆς
1858 3248 2055 3319 ἐφεξῆς

480 3350 635 3418 ἡμῶν
675 3346 1127 3418 παρακελεύσεως
1170 3348 1609 3417 παραινέσωμεν.

549 3439 647 3493 λθ’.
672 3440 784 3511 Πρὸ
839 3439 939 3509 μὲν
995 3438 1105 3492 τῶν
1134 3438 1309 3491 ἄλλων
1338 3437 1597 3490 ἁπάντων
1618 3477 1632 3501 ,
1683 3432 1729 3489 ὧ
1761 3435 2053 3505 στρατηγὲ,

482 3531 706 3603 πρώτην
736 3549 817 3584 σοι
845 3530 1048 3600 ταύτην
1079 3528 1482 3600 παρακέλευσίν
1509 3545 1566 3580 τε
1602 3527 1694 3580 καὶ⁹
1732 3527 2055 3598 παραίνεσιν

484 3623 803 3694 ποιούμεθα,
864 3624 1006 3677 ὥστε
1043 3621 1319 3688 θεοφιλίας
1351 3621 1444 3672 καὶ
1494 3619 1839 3689 δικαιοσύνης
1871 3621 2059 3687 ἐπιμε-

484 3713 713 3776 λεῖσθαι,
764 3712 858 3765 καὶ
884 3707 995 3763 οἷον
1042 3712 1174 3781 όρᾷν
1198 3709 1462 3779 διηνεκῶς
1510 3708 1618 3778 πρὸ
1641 3708 1935 3777 ὀφθαλμῶν
1966 3707 2059 3761 τὸν

483 3805 615 3859 Θεὸν
645 3806 739 3858 καὶ
767 3802 1051 3873 φοϐεῖσθαι
1080 3801 1263 3864 αὐτὸν,
1298 3802 1390 3852 καί
1435 3800 1655 3868 ἀγαπᾷν
1691 3798 1750 3863 ἐξ
1805 3800 1931 3869 ὅλης
1961 3799 2059 3869 τῆς

486 3895 713 3965 καρδίας
745 3911 862 3959 σου,
899 3892 994 3947 καὶ
1035 3892 1093 3958 ἐξ
1123 3892 1249 3960 ὅλης
1282 3892 1379 3961 τῆς
1425 3889 1603 3959 ψυχῆς
1661 3906 1776 3951 σου,
1812 3889 1907 3941 καὶ
1940 3888 2058 3957 μετ’

486 3991 692 4042 ἐκεῖνον
724 3988 891 4057 ἡμᾶς,
921 3986 1016 4039 καὶ⁸
1046 3985 1144 4046 τὰς
1175 3981 1342 4037 αὐτοῦ
1397 3980 1639 4034 ἐκτελεῖν
1674 3979 1915 4045 ἐντολὰς,
1967 3980 2062 4032 καὶ

486 4079 585 4149 τὴν
613 4077 822 4131 ἐκείνου
851 4075 1139 4144 εὐμένειαν
1171 4075 1235 4125 ὲκ
1280 4073 1472 4125 τούτου
1520 4069 2059 4140 προσλαμϐάνεσθαι,

488 4171 578 4224 ἵνα
604 4172 653 4229 εί
688 4170 782 4223 καὶ
802 4167 1208 4238 τολμηρότερον
1240 4164 1411 4217 εἰπὼν
1456 4161 1637 4232 καιρῷ
1687 4161 2063 4232 περιστάσεως

488 4261 563 4324 ὡς
589 4260 745 4329 φίλος
789 4258 949 4329 φίλῳ,
976 4256 1054 4327 τῷ
1088 4255 1253 4324 κοινῷ
1283 4254 1529 4325 Δεσπότῃ
1556 4252 1775 4321 0αρρὦ
1810 4250 2065 4303 πεποιθό-

487 4368 595 4413 τως
644 4350 924 4421 προσεύχῃ
954 4387 969 4409 ,
1017 4348 1111 4399 καὶ
1132 4348 1230 4415 τῆς
1258 4344 1530 4413 σωτηρίας
1561 4343 1657 4405 τάς
1686 4342 1904 4405 ἐλπίδας
1927 4342 2066 4411 ἔχων

2160 3169 2376 3223 militari
2408 3179 2572 3238 atque
2617 3166 2964 3236 imperatoria
2999 3175 3116 3221 arte
3149 3167 3385 3222 maxime
3428 3167 3735 3221 necessaria

2161 3258 2467 3329 idoneaque
2493 3264 2643 3324 sum,
2673 3257 3029 3327 explicemus.

2232 3435 2322 3490 59.
2375 3433 2651 3503 Principio
2690 3431 2856 3499 igitur
2898 3439 3024 3484 ante
3069 3428 3282 3492 omnia,
3338 3442 3373 3482 ο
3422 3427 3734 3497 imperator,

2166 3529 2261 3583 tibi
2307 3529 2445 3581 hanc
2491 3498 2920 3579 coliortationem
2974 3532 3027 3575 et
3076 3530 3403 3590 praeceptum
3460 3518 3632 3583 trado,
3682 3529 3740 3572 ut

2164 3619 2417 3688 pietatem
2449 3626 2504 3670 et
2529 3613 2799 3685 justitiam
2830 3614 3001 3676 colas,
3029 3619 3083 3664 et
3127 3611 3347 3665 assidue
3389 3617 3513 3663 ante
3554 3610 3739 3663 oculos

2168 3711 2337 3765 Deum
2370 3708 2592 3771 habeas,
2626 3707 2781 3760 illum
2813 3702 3137 3767 reverearis,
3184 3702 3444 3771 omnique
3488 3702 3651 3754 corde
3687 3710 3740 3753 et

2168 3808 2350 3854 mente
2375 3807 2468 3852 tua
2499 3797 2653 3850 illum
2691 3794 2907 3863 diligas,
2957 3802 3005 3846 el
3067 3790 3370 3847 secundum
3420 3791 3571 3845 illum
3615 3806 3737 3852 nos,

2167 3898 2219 3945 et
2255 3890 2402 3945 illius
2451 3888 2715 3958 imperata
2763 3884 2955 3949 facias,
3006 3893 3063 3939 et
3116 3884 3264 3939 illius
3316 3884 3739 3939 benevolentiam

2169 3983 2295 4038 inde
2321 3981 2597 4051 acquiras,
2640 3989 2700 4034 ut
2732 3978 3014 4050 (audacter
3043 3990 3176 4032 sane
3213 3974 3435 4030 videbor
3455 3974 3625 4045 loqui)
3660 3976 3742 4026 in-

2170 4072 2617 4145 gravescentibus
2687 4070 3061 4139 temporibus,
3135 4068 3292 4137 quasi
3365 4067 3543 4121 amico
3636 4065 3745 4118 Deo

2170 4168 2414 4223 omnium
2445 4165 2789 4220 dominatore
2835 4161 3029 4225 fretus,
3062 4176 3183 4215 cum
3234 4160 3427 4213 fiducia
3472 4159 3619 4213 illum
3649 4158 3742 4211 de-

2173 4257 2435 4328 preceris,
2481 4262 2536 4309 et
2574 4270 2724 4323 spem
2759 4253 2953 4308 salutis
2994 4252 3047 4304 in
3102 4251 3196 4304 illo
3240 4265 3444 4319 ponens
3480 4249 3653 4302 amice
3677 4248 3745 4299 ah

2174 4349 2265 4402 illo
2314 4346 2533 4417 quidvis
2579 4344 2899 4399 contendas.
2938 4339 3312 4392 Fidelissimus
3339 4342 3422 4393 est
3463 4338 3606 4391 enim
3650 4334 3743 4403 qui

488 4441 692 4513 ταύτην
721 4439 886 4500 αὐτοῦ
914 4438 1103 4507 φιλίως
1134 4437 1379 4505 ὲξαιτῇς.
1422 4433 1683 4503 Ἀψευδὴς
1714 4433 1825 4503 γάρ
1857 4434 2005 4485 ἐστιν
2039 4433 2057 4484 ἐ

2173 4440 2353 4494 dixit:
2413 4437 2759 4490 Voluntatetu
2816 4434 3125 4487 timentium
3162 4446 3286 4485 eum
3322 4430 3505 4491 faciet,
3557 4443 3748 4497 preces

489 4531 659 4585 εἰπών
684 4548 696 4561 ·
730 4530 951 4600 Θέλημα
980 4527 1087 4580 τῶν
1122 4526 1469 4596 φοϐουμένων
1495 4524 1657 4576 αὐτὸν
1688 4523 1927 4591 ποιήσει,
1971 4521 2067 4575 καὶ

488 4624 586 4693 τῆς
619 4623 850 4691 δεήσεως
879 4619 1058 4673 αὐτῶν
1083 4617 1489 4679 εἱσακούσεται,
1526 4614 1618 4667 καὶ
1641 4612 1805 4665 σώσει
1842 4612 2063 4674 αὐτούς.

565 4716 638 4786 μ’.
668 4714 807 4768 Ἰσθι
841 4714 948 4783 γάρ
987 4729 1040 4765 τι
1087 4710 1237 4771 θείας
1292 4706 1576 4776 εὐμενείας
1607 4706 1765 4766 ἐκτὸς
1817 4705 1918 4756 οὐκ
1951 4703 2067 4756 ἐστι

490 4809 670 4872 καλῶς
693 4805 1105 4877 κατορθωθῆναι
1137 4803 1351 4874 βουλὴν,
1383 4802 1486 4855 κᾶν
1525 4801 1786 4871 φρόνιμος
1815 4796 1955 4853 εἶναι
1987 4799 2067 4852 δύ⁹

491 4900 754 4975 ξῃς,οῦτε
792 4899 908 4950 ἔστι
949 4897 1223 4965 πολεμίων
1255 4892 1654 4962 περιγίνεσθαι,
1680 4892 1786 4945 κᾶν
1816 4892 2064 4955 ἀσθενεῖς

490 4994 688 5046 ἐκεῖνοι
716 4990 1070 5058 νομίζωνται,
1092 4985 1182 5038 διὰ
1229 4985 1290 5037 τὸ
1334 4984 1510 5037 πάντα
1538 4984 1597 5033 ἐν
1625 4984 1692 5050 τῇ
1719 4981 1946 5051 προνοίᾳ
1973 4982 2067 5033 τοῦ

491 5080 626 5135 Θεοῦ
664 5081 901 5143 κεῖσθαι,
957 5078 1052 5130 καὶ
1094 5077 1231 5130 αὐτά
1262 5074 1333 5127 τὰ
1385 5073 1643 5142 ἐλάχιστα
1678 5070 1940 5123 δοκοῦντα
1968 5070 2065 5139 τὴν

492 5172 658 5227 αὐτοῦ
680 5173 938 5244 πρόνοιαν
961 5169 1202 5222 διοικεῖν.
1858 5218 1863 5223 ,

566 5264 678 5335 μαι.
710 5266 919 5333 Ὥσπερ
966 5260 1075 5329 γὰρ
1121 5256 1458 5323 κυϐερνήτης
1489 5251 1695 5314 πλοίου,
1752 5252 1856 5305 κᾶν
1922 5254 2062 5306 πάνυ

493 5353 716 5426 ἄριστός
739 5355 875 5416 ἐστι,
900 5350 1010 5403 τῶν
1030 5346 1247 5416 ἀνέμων
1274 5342 1457 5405 καλῶς
1483 5340 1558 5411 μὴ
1587 5340 1858 5394 πνεόντων
1888 5341 2067 5412 ἄπρα-

2169 4544 2356 4585 eorum
2380 4527 2581 4589 audiet,
2614 4532 2668 4579 et
2697 4522 2938 4578 servabit
2968 4536 3086 4575 eos.

2234 4706 2322 4761 At).
2359 4703 2522 4758 Certo
2550 4702 2695 4756 enim
2730 4702 2895 4763 scias,
2949 4698 3155 4766 absque
3192 4694 3374 4748 divina
3424 4688 3746 4744 benevolen-

2167 4799 2262 4862 tia,
2296 4810 2606 4867 quanquam
2654 4807 2850 4860 magna
2885 4789 3169 4861 prudentia
3224 4800 3346 4841 esse
3390 4782 3645 4844 videaris,
3699 4790 3749 4833 te

2177 4894 2323 4961 quod
2387 4886 2543 4957 cupis
2606 4885 2835 4939 minime
2887 4883 3280 4952 przestitnrum,
3343 4888 3520 4944 neque
3567 4874 3751 4927 hostes

2176 4980 2433 5052 quamvis
2464 4977 2706 5032 imbelles
2736 4984 3121 5043 superaturum
3148 4987 3162 5024 :
3193 4968 3318 5038 quia
3348 4965 3530 5019 omnia
3567 4963 3750 5017 divina

2177 5069 2509 5140 providentia
2561 5068 2929 5127 continentur,
2965 5070 3018 5115 et
3048 5075 3169 5128 quae
3209 5055 3577 5111 minutissima
3602 5064 3750 5115 sunt,

2172 5162 2318 5215 illius
2352 5171 2529 5213 tamen
2559 5153 2894 5226 providentia
2933 5149 3407 5204 administrantur.

2238 5250 2330 5304 41.
2417 5244 2885 5313 Quemadmodum
2963 5241 3109 5294 enim
3170 5240 3504 5311 gubernator
3562 5242 3750 5293 nav‘s.

2176 5355 2488 5411 quanquam
2513 5338 2667 5392 valde
2702 5337 2907 5405 peritus
2931 5334 3024 5398 sit,
3052 5333 3097 5388 si
3118 5333 3263 5387 venti
3320 5332 3502 5384 minus
3532 5327 3754 5385 secundi

2006 5451 2241 5510 ΝΟΤᾹῦ.

567 5580 679 5651 (16)
711 5576 875 5647 Παρὰ
892 5576 1004 5645 τῆς
1018 5575 1340 5651 ,βασιλείας
1364 5570 1560 5651 ἡμῶν..
1579 5569 2066 5651 γυινιιειιιίιιρλριτιιτ

500 5653 545 5706 Α
570 5640 1077 5722 ὺιαὶεειαὶι-ηρέὶζα.
1122 5644 1192 5722 U_t
1238 5640 1423 5722 etiam;
1438 5642 1600 5711 paulo
1640 5650 1763 5708 post
1800 5656 1813 5692 :
1860 5640 2068 5722 ’ᾩσπερ

498 5721 608 5799 πρὸ
640 5712 745 5774 τῶν
770 5716 1062 5788 ὀφθαλμῶν
1112 5715 1211 5784 τῆς
1259 5712 1530 5784 ἡμετέρας
1586 5712 2066 5782 παραστησάμενοι

2180 5572 2477 5692 βαλσιιλείας.
2529 5566 2833 5625 Videndum
2887 5563 3223 5622 Glossarium
3283 5568 3530 5618 nostrum
3566 5558 3621 5613 in
3660 5553 3752 5627 βα-

2180 5659 2230 5692 σι
2262 5658 2371 5692 ε.α.

2180 5658 2371 5695 σιΛεια.
