4080 6218
328 310 430 374 631

1589 296 1864 360 LEONIS
1890 295 2349 357 PHILOSOPHI

3472 290 3572 351 699.

332 417 556 479 fuerint,
588 424 759 469 artem
784 412 947 465 habet
972 424 1107 479 pene
1154 408 1394 473 inanem,
1425 406 1509 460 sin
1540 416 1759 459 ventum
1798 417 1898 456 na—
1928 445 1934 458 ι

2041 420 2130 455 τον
2161 402 2271 472 ἔχει
2308 401 2406 471 τὴν
2436 402 2650 469 τέχνην·
2683 398 2779 450 ἐάν
2818 398 2875 449 δέ
2907 395 3130 458 τούτους
3179 395 3572 465 προςλάδηται,

331 518 454 564 ctus
498 507 662 561 fuerit
694 513 749 559 et
781 512 953 556 artem
995 513 1151 553 suam
1183 512 1403 566 quoque
1444 494 1778 563 adjunxerit,
1809 507 1901 547 ce-

334 602 544 657 leritate
600 611 820 651 cursum
884 590 1111 646 feliciter
1155 589 1397 659 duplicat
1437 603 1452 640 :
1494 587 1575 642 sic
1607 586 1904 655 imperator

335 692 530 753 bonus,
554 689 599 742 si
626 682 1058 740 benevolentiam
1096 679 1188 734 Dei
1217 679 1518 750 collegerit,
1551 677 1741 746 cepias
1774 690 1903 730 suas

335 792 645 847 munusque
682 771 1090 842 imperatorium
1135 786 1259 825 cum
1298 769 1574 839 vigilantia
1609 766 1907 823 industria-

335 882 441 937 que
475 866 611 919 bene
638 858 1062 923 administrabit,
1085 867 1139 912 et
1160 858 1599 913 commendatum
1624 855 1729 910 sibi
1747 869 1906 909 exer-

338 959 507 1013 citum
561 955 680 1010 sine
727 950 1029 1005 olfcnsione
1090 960 1255 1019 reget,
1307 958 1361 1002 et
1397 946 1765 1017 magnitudine
1816 959 1908 999 sa-

338 1046 553 1117 pientiae
588 1058 700 1098 sum
725 1042 912 1096 hostes
940 1038 1295 1109 oppugnabit.
1340 1036 1432 1091 Dei
1458 1038 1601 1090 enim
1628 1034 1909 1105 providen-

339 1134 416 1189 tia
445 1132 627 1188 omnia
667 1129 861 1201 partim
903 1128 972 1182 ad
1012 1126 1297 1181 utilitatem
1343 1123 1578 1187 docebit,
1612 1120 1806 1190 partim
1840 1118 1906 1171 ad

341 1226 546 1280 bonum
578 1220 781 1277 exitum
813 1217 1082 1273 traducet.
1119 1215 1219 1268 Hic
1256 1214 1419 1284 igitur
1461 1213 1565 1265 lide
1596 1210 1906 1279 religiows,

344 1318 399 1370 in
423 1315 587 1369 rebus
622 1311 847 1383 agendis
877 1310 1082 1378 justus,
1111 1306 1270 1376 quasi
1298 1305 1651 1359 fundamento
1682 1302 1825 1355 bono
1854 1307 1910 1352 et

342 1405 522 1461 stabili
548 1405 715 1475 jacto,
763 1400 975 1470 reliqua
1014 1398 1157 1453 bona
1188 1404 1453 1451 exstruet.

415 1582 506 1637 4-2.
545 1578 689 1635 Mitis
738 1593 803 1632 ac
858 1579 1079 1632 sedatus
1125 1575 1221 1629 lias
1256 1575 1521 1629 adversus
1573 1587 1668 1628 eos
1720 1573 1812 1641 qui
1864 1581 1914 1627 te

347 1674 718 1730 conveniunt:
760 1668 971 1724 ell'erali
1000 1668 1146 1723 enim
1180 1682 1360 1723 mores
1395 1666 1571 1721 odiosi
1619 1674 1782 1733 atque
1828 1664 1915 1718 in-

348 1761 656 1817 tolerabiles
699 1759 857 1813 ﬁunt.

419 1854 509 1906 45.
538 1851 597 1905 ln
622 1850 743 1904 vita:
774 1850 1113 1916 vestitusque
1142 1847 1289 1901 cultu
1321 1846 1547 1915 simplex
1584 1846 1683 1898 tias
1714 1854 1768 1898 et
1801 1843 1918 1897 fru-

350 1944 529 2014 galis:
559 1941 723 1996 luxus
760 1939 905 1994 enim
935 1938 1276 1992 necessarios
1302 1945 1552 2005 sumptus
1593 1934 1663 1988 ad
1691 1934 1919 1988 nihilum

352 2033 627 2091 exhaurit.

422 2126 512 2179 44.
550 2122 843 2193 Vigilanter
884 2126 939 2172 et
979 2117 1265 2179 industrie,
1304 2130 1412 2169 non
1461 2114 1791 2185 negligenter
1817 2120 1916 2165 aut

353 2216 531 2273 solute
565 2212 779 2283 negotia
814 2209 1034 2279 suscipe
1066 2226 1080 2261 :
1114 2207 1391 2277 diligentia
1430 2206 1577 2261 enim
1608 2216 1661 2260 et
1685 2205 1921 2261 assidui-

354 2317 440 2362 tas
495 2321 583 2362 res
629 2317 851 2373 asperas
908 2309 961 2355 et
1007 2299 1267 2354 molestas
1312 2297 1475 2353 facile
1507 2297 1728 2353 coniicit
1778 2296 1923 2366 :qui

354 2410 539 2455 autem
568 2398 622 2452 in
656 2411 717 2451 re
749 2392 961 2466 agenda
986 2391 1266 2464 negligens
1287 2398 1391 2458 est,
1418 2387 1489 2444 ab
1511 2389 1629 2459 ipsa
1660 2403 1720 2445 re
1742 2388 1926 2458 negle-

354 2502 480 2549 ctus
506 2491 632 2547 erit.

425 2672 518 2730 45.
564 2671 622 2727 ln
659 2671 823 2727 rebus
868 2667 1082 2741 magnis
1107 2675 1161 2723 et
1216 2666 1544 2723 necessariis
1575 2666 1712 2720 nihil
1759 2665 1929 2720 iacias

2007 494 2107 565 ἔχῃ
2128 494 2185 546 δὲ
2215 494 2309 546 καὶ
2340 494 2437 562 τὴν
2493 493 2688 559 τέχνην
2715 488 3194 559 συμπράττουσαν,
3226 486 3447 539 διπλοῦν
3485 488 3577 538 τὸν

2006 583 2203 653 δρόμον
2236 582 2329 635 τοῦ
2352 582 2535 634 πλοίου
2576 585 2672 634 σὺν
2703 580 2969 649 ἀσφαλείᾳ
3000 581 3233 632 ποιεῖται
3258 593 3271 607 ⁸
3310 576 3454 630 οὓτω
3483 580 3577 630 καὶ

2006 676 2227 746 ἀριστος
2251 674 2577 744 στρατηγὸς,
2606 672 2701 725 ἐὰν
2724 672 2825 741 τὴν
2862 671 3148 740 εὐμένειαν
3194 668 3290 720 τοῦ
3324 667 3459 720 Θεοῦ
3502 671 3581 720 ὲν-

2010 771 2259 838 δύσηται,
2282 771 2379 823 καὶ
2402 773 2468 840 τῇ
2494 769 2667 835 τάξει,
2702 771 2767 838 τῇ
2821 766 3143 837 στρατηγίᾳ,
3180 766 3573 835 συναγρυπνία,

2012 864 2106 915 καὶ
2141 862 2425 930 ἐπιμελείᾳ
2454 862 2722 931 χρήσηται
2748 860 2949 923 καλῶς,
2992 860 3088 911 καὶ
3123 859 3213 910 τὸν
3251 856 3576 926 πιστευόμε-

2013 969 2103 1005 νον
2134 950 2282 1019 αὐτῷ
2320 951 2546 1019 στρατὸν
2569 949 2825 1016 ἀσφαλῶς
2854 948 3126 1017 διοικήσῃ,
3178 949 3272 999 καὶ
3301 949 3365 1015 τῇ
3398 946 3577 998 ποικί-

2013 1042 2081 1113 λῃ
2118 1042 2312 1113 γνώμῃ
2343 1041 2450 1094 τῶν
2495 1040 2704 1110 ἐχθρῶν
2756 1037 3310 1109 ἀντιστρατεύσασθαι
3334 1037 3575 1089 δύναται.

2026 1133 2090 1186 Ἦ
2114 1132 2221 1202 γὰρ
2271 1132 2363 1184 τοῦ
2416 1132 2549 1183 Θεοῦ
2584 1131 2811 1199 πρόνοια
2843 1129 2912 1182 τά
2937 1130 3035 1199 μέν
3060 1131 3259 1195 διδάξει
3282 1128 3418 1200 πρὸς
3443 1145 3507 1179 συ
3518 1146 3581 1194 μ-

2015 1224 2199 1293 φέρον,
2220 1222 2287 1275 τά
2315 1221 2371 1274 δὲ
2398 1221 2528 1292 πρδς
2553 1220 2755 1286 ἀγαθὸν
2783 1220 2935 1283 τέλος
2955 1220 3359 1273 ἀποτελειώσει.
3391 1216 3580 1270 Τοιοῦ⁶

2013 1327 2103 1371 τος
2124 1309 2320 1369 τοίνυν,
2356 1307 2583 1377 εὐσεϐὴς
2616 1309 2714 1377 μὲν
2740 1308 2869 1378 περὶ
2898 1310 2997 1375 τὴν
3043 1310 3247 1372 πίστιν,
3282 1308 3489 1369 δίκαιος
3525 1306 3581 1358 δὲ

2018 1401 2145 1470 περ)⁵
2176 1400 2273 1461 τάς
2309 1398 2536 1468 πράξεις
2584 1399 2865 1469 ὑπάρχων,
2902 1399 3093 1470 ῶσπερ
3118 1399 3353 1469 θεμελίῳ
3398 1397 3585 1466 ἀγαθῷ

2016 1492 2110 1544 καὶ
2137 1488 2416 1558 ἀσαλεύτῳ
2445 1488 2539 1541 καὶ
2566 1487 2633 1540 τά
2654 1488 2788 1542 ἀλλα
2817 1489 2997 1556 ἀγαθά
3022 1489 3394 1556 ἐποικοδομεῖ.

2093 1578 2203 1647 μ6’.
2225 1579 2403 1647 Πρᾶος
2430 1574 2611 1643 γενοῦ,
2628 1577 2723 1629 καὶ
2743 1576 3018 1647 ἀτάραχος
3042 1579 3156 1640 τοῖς
3181 1576 3585 1645 ἐντυγχάνουσι.

2018 1668 2091 1721 Τὸ
2121 1670 2229 1739 γάρ
2262 1669 2452 1739 ἀγριον
2486 1666 2579 1721 τοῦ
2612 1667 2775 1736 ήθους
2808 1669 3033 1738 μισητὸν
3068 1670 3163 1721 καὶ
3197 1669 3453 1737 φευκτόν.

2098 1848 2207 1913 μγν.
2232 1842 2389 1904 Λιτός
2420 1858 2477 1894 τε
2505 1842 2599 1896 καὶ
2620 1842 2823 1906 ἁπλοῦς
2847 1845 2976 1913 περὶ
3014 1846 3113 1912 τὴν
3137 1847 3354 1901 δίαιταν
3401 1851 3497 1901 καὶ
3530 1850 3593 1902 τὸ

2024 1932 2249 2003 ἔνδυμα,
2306 1933 2404 1996 τάς
2452 1933 2753 2002 ἀναγκαίας
2795 1934 3042 1999 δαπάνας
3076 1939 3157 2001 είς
3181 1940 3409 2008 μάταιον
3441 1941 3595 2004 ἐξαν-

2023 2026 2144 2081 τλᾶ.

2092 2043 2199 2190 ἰδ’.
2248 2118 2566 2191 ’Δγρύπνως
2596 2119 2653 2173 δέ
2694 2121 2789 2175 καὶ
2827 2122 3103 2193 ἐπιμελῶς
3140 2126 3252 2187 τοῖς
3280 2108 3599 2194 ἀναγκαίοις

2027 2211 2348 2281 πράγμασιν
2394 2210 2677 2281 ἐγχειρῶν,
2710 2211 2906 2281 καὶμὴ
2941 2212 3200 2283 ῥᾳθύμως
3234 2214 3331 2266 καὶ
3359 2215 3596 2283 ἀμελῶς.

2042 2300 2107 2354 Ἦ
2136 2302 2244 2372 γάρ
2292 2300 2580 2371 ἐπιμέλεια
2616 2300 2712 2356 καὶ
2766 2302 3001 2372 ἐπιμονὴ
3047 2304 3236 2360 καὶτὰ
3284 2305 3425 2358 πάνυ
3470 2306 3600 2358 δυσ-

2027 2393 2161 2463 χερῆ
2220 2392 2330 2445 τῶν
2381 2391 2723 2463 πραγμάτων
2785 2392 3024 2456 εὐκόλως
3092 2394 3383 2465 κατορθοῖ,
3433 2395 3529 2448 καὶ
3572 2397 3602 2448 ὁ

2028 2480 2385 2552 καταφρονῶν
2430 2481 2756 2552 πράγματος
2803 2482 3344 2553 καταφρονηθήσεται
3381 2486 3473 2539 ὑπ’
3503 2487 3602 2540 αύ-

2028 2590 2144 2627 του.

2105 2662 2208 2734 με’.
2276 2663 2399 2717 Ἐπὶ
2445 2664 2504 2718 δὲ
2528 2666 2643 2728 τοῖς
2699 2665 2953 2735 μεγάλοις
3001 2667 3097 2720 καὶ
3128 2668 3449 2735 ἀναγκαίοις
3494 2667 3605 2722 τῶν

358 2766 479 2821 sine
508 2762 736 2818 consilio
766 2780 780 2816 :
812 2761 897 2817 sin
948 2759 1126 2815 serius
1188 2759 1477 2833 consilium
1510 2758 1738 2827 ceperis,
1783 2758 1929 2827 quod

2037 2756 2379 2827 πραγμάτων
2404 2757 2573 2828 μηδὲν
2602 2758 2770 2829 χωρὶς
2808 2757 3003 2830 βουλῆς
3033 2759 3362 2829 διαπράττου
3385 2778 3399 2792 ο
3430 2762 3478 2813 εί
3512 2760 3607 2813 τά-

360 2856 671 2912 consultum
702 2862 787 2909 est
834 2852 955 2908 sine
1000 2852 1109 2906 ulla
1154 2850 1413 2907 dilatione
1448 2859 1545 2905 aut
1593 2850 1933 2905 haesitatione

2037 2866 2102 2918 χα
2133 2848 2191 2901 δέ
2236 2850 2333 2902 καὶ
2382 2849 2726 2921 βραδυτέρως
2777 2851 3059 2923 βουλεύσῃ,
3117 2851 3254 2906 ἀλλά
3291 2853 3355 2905 τδ
3389 2853 3610 2921 βουλευ-

360 2942 632 3015 perﬁcies,
667 2939 1126 3012 quemadmodum
1177 2939 1232 2994 in
1264 2938 1679 3009 egritudinibus
1728 2938 1926 2995 medici

2037 2939 2125 2993 θέν
2172 2940 2449 3011 συντόμως
2486 2941 2581 2994 καὶ
2620 2941 2913 3009 ἀσφαλῶς,
2953 2942 3031 3006 ὡς
3073 2943 3299 2997 δυνατὸν
3343 2944 3607 3007 ἐπιτέλει,

362 3034 575 3089 faciunt
1961 3030 2002 3041 '
2035 3030 2224 3101 ῶσπερ
2250 3032 2343 3085 ἐπὶ⁵
2373 3032 2482 3086 τῶν
2509 3033 2831 3103 νοσημάτων
2852 3034 2899 3087 οί
2929 3034 3123 3104 ίατροί.

436 3127 526 3183 46.
553 3126 825 3197 Subjectis
846 3125 954 3181 tuis
972 3134 1023 3181 te
1045 3126 1099 3179 in
1121 3123 1377 3178 omnibus
1398 3138 1613 3193 aequum
1637 3122 1934 3179 exhibeas:

2110 3123 2228 3193 μς’.
2267 3124 2429 3176 Ἀλλά
2464 3124 2559 3177 καὶ
2590 3127 2705 3187 τοῖς
2751 3126 3074 3195 ἀρχομένοις
3106 3126 3234 3189 ἴσως
3276 3127 3609 3198 προσφέρου,

366 3215 501 3271 nihil
533 3214 640 3269 ulla
670 3229 795 3269 cum
826 3214 1115 3283 iniquitate
1139 3222 1235 3267 aut
1264 3212 1446 3267 studio
1484 3214 1743 3282 partium,
1771 3228 1934 3282 quam

2040 3215 2205 3285 μηδὲν
2237 3216 2377 3268 κατά
2405 3216 2868 3285 προσωποληψίαν
2920 3217 3307 3288 ἐργαζόμενος,
3351 3219 3486 3272 ἀλλά
3512 3221 3614 3273 πᾶ-

365 3321 727 3378 pcrsonarum
782 3305 1151 3375 acceptionem
1202 3313 1423 3370 vocant,
1486 3304 1580 3359 sed
1630 3304 1933 3359 secundum

2041 3324 2123 3360 σιν
2167 3307 2295 3371 ἴσως
2342 3307 2483 3360 κατά
2516 3306 2615 3377 τὴν
2647 3306 2742 3361 τοῦ
2782 3308 2992 3363 δικαίου
3046 3309 3211 3379 φύσιν
3246 3310 3615 3382 ὑπεξερχόμε-

363 3399 595 3471 justitia:
624 3406 874 3452 naturam
897 3413 964 3452 ex
988 3410 1145 3466 aequo
1168 3405 1224 3451 et
1248 3396 1388 3451 bono
1404 3396 1585 3449 omnia
1620 3404 1934 3465 pertractes.
2040 3416 2150 3462 νος.

443 3491 535 3545 47.
572 3488 682 3545 Nec
706 3488 1008 3543 dissolutus
1041 3496 1137 3542 aut
1172 3488 1450 3558 negligens
1478 3485 1554 3542 sis
1585 3488 1642 3541 in
1670 3488 1943 3542 vindican-

370 3583 458 3639 dis
484 3581 702 3653 llagitiis
736 3596 766 3635 a
801 3580 1122 3650 negligentia
1153 3588 1250 3634 aut
1294 3579 1643 3648 improbitate
1680 3580 1838 3641 ortis,
1884 3587 1943 3633 ut

371 3674 653 3729 modestus
679 3672 911 3726 videaris
941 3685 1064 3726 esse
1090 3688 1104 3724 :
1138 3686 1314 3740 neque
1350 3671 1494 3724 enim
1524 3671 1805 3724 modestia:
1836 3684 1941 3731 εει,

374 3764 429 3818 in
475 3764 637 3817 rebus
678 3761 1025 3831 potissimum
1083 3760 1436 3824 necessariis,
1484 3760 1819 3829 improbitati
1851 3768 1945 3814 aut

375 3852 631 3921 nequitiae
671 3850 875 3918 aliquid
910 3850 1231 3913 concedere,
1287 3864 1464 3917 neque
1515 3860 1704 3905 contra
1745 3850 1813 3905 ad
1860 3865 1946 3904 se-

377 3942 625 3997 veritatis
667 3940 1087 3996 ostentationem
1132 3940 1419 3995 temerarie
1447 3949 1503 3994 et
1551 3940 1751 3995 indicta
1784 3956 1948 3996 causa

380 4031 707 4101 supplicium
746 4032 815 4084 de
846 4030 1031 4100 aliquo
1050 4044 1268 4084 sumere
1298 4048 1313 4084 :
1347 4028 1481 4084 illud
1527 4030 1672 4085 enim
1708 4038 1952 4084 contetn-
2003 4028 2015 4037 '

380 4134 536 4193 ptum
570 4130 732 4191 atque
762 4120 1163 4175 contumaciam
1197 4121 1361 4190 parit,
1395 4122 1499 4175 hoc
1531 4129 1715 4173 autem
1740 4119 1950 4189 justum

383 4212 570 4268 odium
597 4220 652 4266 et
684 4210 898 4265 fructus
928 4226 995 4265 eo
1024 4210 1239 4279 dignos.
1268 4208 1515 4264 Perbona
1547 4220 1726 4264 autem
1760 4226 1848 4265 res
1870 4219 1953 4264 est

2119 3489 2225 3559 μς.
2260 3489 2413 3560 Μηδέ
2441 3490 2653 3560 χαύνως
2672 3492 2763 3544 καὶ
2795 3491 3054 3563 ῥᾳθύμως
3081 3493 3353 3564 διοίκησον
3384 3494 3477 3548 ἐπὶ
3504 3498 3617 3558 τοῖς

2045 3583 2152 3636 ἀπὸ
2183 3582 2382 3645 κακίας
2413 3582 2446 3650 ἢ
2477 3582 2738 3652 ἀμελείας
2790 3583 3279 3653 ἁμαρτανομένοις,
3317 3584 3406 3638 διὰ
3440 3585 3500 3636 τὸ
3532 3586 3617 3638 δο-

2046 3674 2161 3724 κεῖν
2189 3667 2325 3725 εἶναι
2352 3670 2515 3724 καλόν
2538 3686 2552 3702 ·
2590 3670 2711 3724 οὑδέ
2752 3672 2861 3741 γὰρ
2893 3672 3056 3725 καλὸν
3088 3675 3181 3727 ἐπὶ
3222 3674 3304 3745 τῷ
3340 3678 3621 3746 συνεργεῖν

2046 3762 2234 3832 κακίᾳ,
2263 3762 2358 3815 καλ⁵
2410 3760 2673 3832 ῥᾳθυμίᾳ,
2710 3762 2943 3831 μάλιστα
2976 3764 3067 3816 ἐπ)⁸
3098 3764 3207 3817 τῶν
3244 3766 3473 3835 καιρῶν,
3526 3767 3621 3819 καὶ

2048 3852 2362 3919 ἀναγκαίων
2410 3852 2753 3922 πραγμάτων
2778 3871 2791 3885 ο
2831 3854 2969 3923 μηδὲ
3002 3855 3163 3909 πάλιν
3186 3856 3254 3909 δι’
3273 3856 3496 3922 ἔνδειξιν
3524 3858 3623 3909 αύ-

2051 3941 2278 4011 στηρίας
2302 3942 2588 4012 προπετῶς
2623 3942 2718 3996 καὶ
2747 3942 3075 4012 ἀδιακρίτως
3106 3944 3205 4008 τὰς
3249 3944 3623 4010 ἐπεξελεύσεις

2051 4034 2204 4087 ποιοῦ
2231 4050 2245 4064 ο
2278 4035 2452 4087 ἐκεῖνο
2491 4034 2592 4102 μὲν
2643 4033 2753 4105 γὰρ
2790 4035 3181 4106 περιφρόνησιν
3212 4039 3305 4090 καὶ
3343 4038 3624 4092 ἀπείθειαν

2054 4124 2247 4195 φέρει,
2295 4124 2453 4177 τοῦτο
2482 4125 2538 4177 δὲ
2589 4127 2744 4194 μῖσος
2777 4124 3016 4195 εὔλογον,
3051 4128 3147 4180 καὶ
3190 4130 3316 4191 τοὺς
3354 4130 3411 4196 ἐξ
3459 4128 3623 4183 αὐτοῦ

2054 4216 2319 4287 καρπούς.
2367 4218 2627 4288 Κρείττον
2655 4218 2765 4287 γάρ
2809 4219 2838 4270 ό
2884 4219 3022 4289 μετά
3063 4220 3408 4290 δικαιοσύνης
3441 4221 3625 4288 φόϐος,

386 4304 551 4359 timor
608 4316 733 4357 cum
780 4301 994 4371 justitia
1036 4309 1135 4354 :ct
1196 4310 1319 4370 post
1359 4300 1565 4354 crimen
1620 4300 1934 4369 propositun

2058 4309 2153 4363 mi.
2173 4309 2206 4377 ή
2234 4306 2370 4376 μετά
2391 4307 2695 4378 φανέρωσιν
2715 4311 2812 4379 τῆς
2832 4309 3011 4374 αίτίας
3027 4310 3248 4379 εὔλογος
3267 4312 3628 4377 ὲπεξέλευσις,

381 4399 528 4470 justa
561 4396 986 4462 animadversio,
1022 4412 1145 4466 quae
1176 4411 1282 4449 non
1330 4395 1680 4465 supplicium,
1715 4395 1811 4451 sed
1864 4412 1953 4451 ca-

388 4488 605 4556 stigatio
634 4488 881 4558 quaedam
910 4502 939 4540 a
969 4486 1305 4555 sapientibus
1335 4486 1667 4540 nominatur.

461 4580 552 4634 48.
587 4579 644 4633 ln
692 4579 887 4649 primis
933 4578 999 4633 ad
1040 4578 1239 4632 bellum
1288 4586 1552 4643 armatus,
1608 4579 1711 4632 hoc
1756 4580 1955 4649 c0gita,

2055 4399 2089 4467 ἥ
2120 4415 2202 4459 τις
2228 4397 2289 4450 ού
2313 4396 2551 4462 κόλασις,
2578 4397 2714 4453 ἀλλά
2743 4400 3119 4470 σωφρονισμδς
3140 4399 3457 4469 εύφρονοῦσι
3483 4400 3631 4469 λογί-

2058 4488 2226 4554 ζεται.

2134 4580 2247 4652 μη’.
2281 4582 2393 4652 [Ιρὸ
2430 4581 2645 4636 πάντων
2673 4583 2730 4636 δὲ
2788 4584 2879 4636 ἐπὶ
2923 4584 3197 4653 πολέμους
3249 4584 3630 4653 όπλιξὸμενος,

388 4674 592 4729 bellum
617 4686 738 4727 esse
760 4672 969 4739 justum
995 4669 1139 4738 quod
1183 4669 1512 4737 susceperis,
1560 4683 1661 4723 nec
1694 4669 1927 4723 violenta

2060 4672 2374 4726 ἀποσκόπω
2402 4672 2618 4726 δικαίαν
2641 4667 2779 4725 εῖναι
2801 4673 2900 4743 τὴν
2927 4674 3101 4744 ἀρχὴν
3132 4674 3226 4728 τοῦ
3266 4674 3506 4727 τοιούτου
3540 4693 3637 4727 πο-

391 4773 487 4818 aut
540 4761 774 4831 iniustas
818 4776 1013 4815 manus
1056 4760 1305 4814 hostibus
1351 4759 1565 4826 all‘eras,
1603 4762 1709 4817 nisi
1752 4762 1960 4831 priores

393 4856 471 4912 illi
503 4865 723 4925 propter
750 4860 1064 4908 consuetam
1113 4849 1331 4904 illorum
1378 4851 1707 4921 impietatem
1742 4853 1964 4923 expedi-

396 4949 599 5002 tionem
632 4945 914 5011 facientes,
947 4950 1191 4999 nostram
1224 4941 1484 4997 ditionem
1513 4942 1795 4998 invadant.

467 5130 558 5184 49.
592 5126 728 5182 Nam
792 5140 917 5181 cum
980 5140 1081 5179 nos
1139 5139 1353 5193 semper
1409 5138 1621 5193 pacem,
1676 5134 1791 5179 tum
1838 5140 1967 5196 erga

2061 4764 2249 4834 λέμου.
2282 4764 2377 4816 καὶ
2424 4763 2500 4833 μὴ
2541 4767 2728 4834 χεῖρας
2775 4765 2993 4829 ἀδίκους
3026 4766 3282 4819 ἐπίδαλλέ
3327 4784 3456 4820 ποτε
3494 4767 3636 4820 κατά

2064 4854 2357 4923 πολεμίων,
2408 4855 2457 4907 εί
2489 4854 2563 4924 μὴ
2593 4856 2857 4926 πρότερον
2896 4858 3093 4910 ἐκεῖνοι
3121 4858 3207 4910 διὰ
3244 4858 3343 4928 τῆς
3373 4858 3637 4928 συνήθους

2065 4948 2246 4999 αὐτῶν
2273 4945 2523 5009 ἀσεϐείας
2556 4946 2941 5017 ἐκστρατεύειν
2962 4947 3342 5019 ἀπαρξάμενοι
3370 4948 3472 5019 τὴν
3500 4951 3641 5020 ήρε-

2066 5039 2228 5109 τέραν
2250 5036 2432 5107 χώραν
2466 5036 2906 5107 καταδράμωσιν.

2142 5128 2248 5199 μθ’.
2294 5128 2479 5198 Ἦμῶν
2520 5128 2627 5198 γάρ
2680 5128 2767 5181 ἀεὶ
2803 5129 2902 5197 τὴν
2948 5130 3172 5198 εἰρήνην
3222 5129 3316 5184 καὶ
3346 5130 3484 5197 πρὸς
3513 5132 3642 5194 τοὺς

400 5221 697 5291 subjectos,
743 5227 860 5273 tum
916 5232 1044 5287 erga
1094 5226 1374 5283 externos,
1422 5224 1642 5287 propter
1686 5216 1934 5273 Christur

2071 5217 2468 5288 ὑπηκόουςσκαὶ
2503 5217 2642 5285 πρὸς
2669 5218 2795 5279 τοὺς
2842 5218 3148 5287 βαρϐάρους
3186 5220 3272 5272 διά
3294 5219 3525 5288 Χριστὸν
3550 5219 3644 5271 τὸν

400 5311 771 5371 universitatis
785 5310 983 5380 Regem
998 5318 1053 5364 et
1069 5308 1239 5363 Deum
1256 5308 1704 5379 complectamur,
1726 5310 1771 5366 si
1785 5321 1934 5381 gente

2072 5310 2195 5365 καθ’
2220 5310 2341 5363 ὅλου
2373 5308 2604 5363 Βασιλέα
2633 5309 2728 5361 καὶ
2777 5309 2911 5361 Θεὸν
2960 5310 3382 5375 ἀσπαζομένων,
3428 5310 3523 5365 ἐὰν
3548 5311 3646 5364 καὶ

403 5412 521 5467 suis
549 5410 772 5465 inclusae
804 5406 1003 5461 linibus
1033 5414 1301 5459 contentae
1326 5403 1453 5469 sint,
1488 5405 1801 5475 nullamque
1828 5407 1973 5476 inju-

409 5504 546 5557 riam
580 5501 782 5556 inferre
812 5500 1086 5564 studeant,
1114 5506 1225 5551 tum
1260 5504 1316 5550 tu
1348 5512 1544 5553 manus
1578 5499 1647 5554 ab
1674 5498 1781 5554 illis
1809 5501 1973 5555 absti-

2073 5403 2141 5456 τὰ
2178 5400 2304 5470 ἔθνη
2329 5400 2486 5453 τοῦτο
2510 5400 2721 5469 φιλοῦσι
2751 5402 2864 5463 τοῖς
2910 5401 3060 5463 ἰδίοις
3089 5402 3446 5471 ἐγκλειόμενα
3474 5402 3646 5473 δροις,

2078 5492 2171 5545 καὶ
2188 5490 2351 5561 μηδὲν
2370 5489 2574 5543 ἀδικεῖν
2600 5488 3063 5558 ἐπαγγελλόμενα,
3089 5490 3184 5542 καὶ
3216 5489 3378 5551 αὐτὸς
3415 5489 3479 5540 σὺ
3506 5486 3649 5540 κατά

411 5607 566 5656 neas,
594 5607 768 5662 neque
799 5589 1065 5659 sanguine
1102 5586 1360 5643 intestino
1387 5596 1482 5642 aut
1516 5597 1743 5645 externo
1770 5601 1934 5646 terra:

2081 5585 2259 5641 αὐτῶν
2303 5585 2398 5647 τὰς
2446 5586 2633 5655 χεῖρας
2678 5583 2976 5647 σύστειλον,
3010 5585 3103 5636 καὶ
3152 5585 3348 5652 αἵμασι
3402 5582 3501 5651 τὴν
3547 5581 3648 5648 γῆν

411 5684 625 5758 polluas
660 5700 673 5737 :
708 5699 828 5752 quae
854 5682 996 5736 enim
1027 5690 1082 5737 tu
1121 5678 1225 5734 illis
1248 5678 1682 5749 exprobravcris,
1710 5682 1852 5752 quod
1885 5684 1975 5739 ho-

2088 5683 2222 5753 μήτε
2269 5677 2556 5750 ἐμφυλίοις
2594 5679 2727 5749 μήτε
2776 5676 3126 5749 βαρϐαρικοῖς
3171 5672 3531 5745 καταχραίνῃ.
3583 5672 3652 5722 Ἀ
