4100 6226
449 349 558 419 693

1538 349 2456 411 TACTICA.—CONSTITUTIO
2498 351 2613 413 ΙΙΙ.

3599 346 3705 412 694

448 468 559 538 γάρ
598 465 915 534 ἐγκαλέσεις
943 465 1054 526 τοῖς
1085 461 1297 533 ἐχθροῖς
1339 463 1504 534 ήγουν
1537 462 1878 534 ἀπάρχεσθαι
1911 479 2026 532 χει-

2143 463 2380 518 minibus
2413 463 2794 518 innocentibus
2823 472 2875 518 et
2901 464 3105 518 nullam
3137 463 3393 533 injuriam
3423 462 3704 518 inferenti-

449 558 560 630 ρῶν
587 556 771 610 ἄδικον
804 554 957 608 οὐδὲν
985 553 1092 606 ὑπὸ
1137 553 1233 605 σοῦ
1277 554 1690 624 ἀδικουμένους,
1721 552 1890 606 ταῦτα
1918 552 2026 623 ἄρα

446 648 711 702 καὶαῦτοὶ
737 645 903 717 μηδὲν
931 644 1174 698 ἐναντίον
1203 645 1436 718 δρῶντες
1469 644 1610 698 κατά
1637 644 1745 696 τῶν
1771 643 2027 713 ὑπηκόων

445 738 548 807 τῆς
590 736 748 808 ήμῶν
795 733 1072 804 βασιλείας
1119 733 1489 805 εἰρηνεύοντες
1528 733 1905 802 ἐγκαλέσουσι.
1937 731 2029 783 Δεῖ

447 830 554 900 γάρ
582 828 731 899 ἡμᾶς
758 826 844 880 ἀεὶ
871 827 997 890 τοὺς
1021 827 1068 879 εἰ
1097 826 1321 879 δυνατὸν
1345 827 1407 878 τὸ
1442 826 1503 890 ἐξ
1528 825 1688 896 ήμῶν
1726 823 1866 894 μετά
1889 823 2027 879 πάν-

447 938 557 974 των
584 918 886 990 ἀνθρώπων
934 917 1335 990 είρηνεύοντας,
1366 920 1479 981 τοῖς
1503 917 1805 988 εἰρηνεύειν
1839 915 2027 986 βουλο-

452 1015 635 1084 μένοις
677 1012 876 1076 ἐθνεσι,
926 1012 1022 1063 καὶ
1070 1010 1237 1081 μηδὲν
1280 1011 1482 1064 ἀδικεῖν
1518 1011 1643 1072 τοὺς
1687 1007 2028 1078 ὑποχειρίους

449 1103 630 1173 ἡμῶν,
687 1102 764 1166 ὡς
810 1101 910 1172 τὴν
977 1100 1204 1171 εἰρήνην
1250 1101 1358 1153 τῶν
1415 1099 1592 1154 ἀλλων
1647 1098 2029 1170 προτιμῶντας

453 1195 728 1258 ἁπάντων,
767 1191 1166 1262 συνειρηνεύειν
1221 1191 1450 1256 ἐκείνοις
1473 1230 1489 1257 ,
1527 1191 1622 1244 καὶ
1651 1189 1902 1260 πολέμων
1925 1190 2030 1243 ἀπο

452 1285 692 1358 ἔχεσθαι.

520 1384 584 1430 ν’.
627 1376 688 1430 Εἰ
723 1375 782 1429 δέ
809 1391 875 1443 γε
918 1374 993 1445 μὴ
1041 1374 1312 1444 σωφρονεῖ
1346 1373 1407 1426 τὸ
1436 1371 1753 1437 ἀντίπαλον,
1783 1368 1897 1422 ἀλλ’
1931 1367 2031 1422 αὑ-

451 1467 535 1521 τοὶ
560 1467 659 1537 τῆς
686 1466 903 1528 ἀδικίας
949 1463 1304 1535 ἀπάρξονται,
1330 1463 1428 1535 τὴν
1454 1461 1729 1534 ἡμετέραν
1759 1457 2030 1529 κατατρέ-

451 1575 639 1631 χοντες
667 1558 791 1626 γῆν,
821 1555 942 1610 τότε
987 1556 1097 1626 ἄρα
1143 1556 1372 1620 δικαίως
1424 1554 1604 1617 αἰτίας
1635 1549 2027 1623 προκειμένης,

453 1650 528 1714 ὡς
555 1649 653 1704 καὶ
680 1647 865 1702 ἀδίκου
901 1646 1138 1718 πολέμου
1169 1646 1320 1717 παρά
1347 1645 1456 1698 τῶν
1483 1645 1762 1709 ἐναντίων,
1794 1643 2033 1711 ἀπάρχου

457 1738 620 1810 μένου
649 1734 964 1807 θαρσαλέως
989 1735 1082 1788 καὶ
1118 1736 1216 1787 σὺν
1245 1733 1525 1804 προθυμίᾳ.
1555 1731 1648 1785 τοῦ
1685 1730 1827 1784 κατά
1853 1727 2032 1782 αὑτῶν

2132 555 2237 609 bus
2261 569 2456 608 manus
2489 554 2793 619 attulerint,
2831 555 3018 608 eadem
3063 556 3152 608 illa
3186 555 3309 624 ipsi,
3363 555 3408 608 si
3436 553 3574 608 nihil
3604 553 3704 606 ad-

2126 661 2346 700 versum
2383 646 2535 712 regni
2573 645 2744 698 nostri
2777 646 3051 714 subjectos
3083 646 3374 715 patrarint,
3406 643 3500 699 sed
3529 644 3706 712 pacati

2129 737 2354 800 fuerint,
2408 737 2506 790 tibi
2555 735 2813 790 inferenti
2862 738 3062 790 bellum
3109 735 3544 804 exprobrabunt.
3603 732 3709 785 Par

2127 841 2213 885 est
2233 828 2376 882 enim
2401 843 2520 891 nos,
2551 826 2642 896 qui
2691 842 2816 880 cum
2851 828 3108 880 omnibus
3154 825 3492 887 hominibus,
3533 839 3709 892 quan-

2130 928 2246 974 tum
2279 919 2332 971 in
2355 917 2516 971 nobis
2547 928 2650 982 est,
2680 931 2866 985 pacem
2894 918 3147 980 facimus,
3183 932 3304 971 cum
3340 916 3406 970 iis
3440 914 3531 984 qui
3561 924 3709 967 tran-

2128 1010 2286 1082 quilli
2321 1024 2444 1064 esse
2485 1007 2693 1072 volunt,
2743 1018 2798 1062 et
2846 1009 3050 1062 nullam
3104 1007 3360 1077 injuriam
3417 1005 3572 1060 nobis
3613 1018 3710 1058 nec

2130 1101 2397 1172 subjectis
2429 1099 2637 1171 nostris
2666 1097 2869 1153 inferre
2904 1110 3173 1154 conantur
3208 1097 3358 1167 (quia
3384 1110 3574 1165 pacem
3602 1109 3709 1147 cae.

2136 1192 2270 1247 teris
2311 1189 2476 1244 rebus
2525 1187 2782 1241 omnibus
2822 1188 3254 1257 anteponimus),
3285 1201 3472 1256 pacem
3505 1182 3709 1237 consti-

2130 1291 2304 1343 tuere,
2332 1289 2386 1333 et
2407 1293 2436 1332 a
2466 1276 2608 1331 bello
2638 1277 2941 1331 abstinere.

2200 1372 2290 1427 50.
2327 1369 2423 1424 Sin
2456 1368 2770 1423 immodesti
2803 1367 2990 1420 hostes
3020 1374 3074 1420 et
3100 1366 3429 1435 injuriarum
3461 1373 3710 1418 auctores

2130 1463 2354 1529 fuerint,
2386 1473 2630 1518 nostram
2678 1460 3002 1531 populantes
3051 1467 3272 1520 terram,
3311 1467 3424 1510 tum
3476 1470 3598 1510 cum
3624 1454 3709 1523 ju-

2131 1569 2214 1614 sta
2237 1555 2560 1610 defendendi
2589 1568 2756 1608 causa
2785 1552 2942 1606 nobis
2971 1549 3315 1620 proponitur,
3364 1560 3417 1604 et
3446 1548 3708 1617 injustum

2132 1649 2329 1704 bellum
2361 1647 2430 1700 ab
2455 1645 2788 1700 adversariis
2824 1644 3077 1707 infertur,
3117 1642 3453 1696 confidenter
3492 1649 3545 1692 et
3590 1640 3710 1692 ani-

2132 1749 2288 1789 mose
2333 1733 2551 1802 suscipe
2603 1732 2805 1786 bellum
2856 1739 3047 1786 contra
3094 1745 3192 1785 eos
3243 1729 3712 1798 hujusinjustitiae

453 1805 690 1900 ἐγχείρει
724 1805 997 1898 πολέμου,
1036 1823 1111 1887 ὼς
1145 1823 1368 1876 ἐκείνων
1398 1823 1496 1885 τὰς
1540 1820 1714 1882 αἰτίας
1748 1833 2031 1889 παρασχο-

2140 1835 2412 1891 auctores,
2441 1833 2494 1878 et
2519 1807 2788 1878 violentas
2829 1837 3026 1878 manus
3060 1819 3320 1886 subjectis
3349 1819 3548 1874 nostris
3588 1817 3714 1872 atie-

455 1921 652 1993 μένων,
689 1917 786 1973 καὶ
845 1916 1060 1978 ἀδίκους
1109 1915 1296 1984 χεῖρας
1351 1911 1493 1965 κατά
1541 1911 1654 1965 τῶν
1703 1907 2032 1979 ὑποχειρίων

453 2013 613 2083 ἡμῶν
659 2007 971 2082 ἀραμένων,
1011 2006 1107 2060 καὶ
1141 2005 1333 2078 Θάρρει
1383 2003 1505 2057 τότε
1553 2003 1629 2066 ὡς
1673 2001 1768 2055 καὶ
1803 2003 1894 2054 τὸν
1934 1999 2033 2068 τῆς

451 2103 796 2172 δικαιοσύνης
834 2099 967 2154 Θεὸν
996 2096 1137 2162 ἔξεις
1170 2096 1384 2168 βοηθὸν,
1431 2095 1675 2158 καὶτοὺς
1697 2091 1838 2164 ὑπὲρ
1876 2090 2033 2145 ἀδελ·-

455 2198 572 2269 φῶν
617 2194 1005 2266 ἀναδεχόμενος
1056 2193 1272 2261 ἀγῶνας
1321 2190 1665 2261 πανστρατιᾷ
1704 2189 1803 2260 τὴν
1877 2187 2034 2258 νίκην

453 2292 616 2358 ἕξεις.
647 2287 746 2341 Διά
799 2286 956 2339 τοῦτο
984 2280 1079 2338 οὖν
1109 2281 1530 2356 προτρεπόμεθα
1570 2282 1670 2352 τὴν
1704 2280 1802 2351 σήν
1831 2277 2036 2341 ἐνδοξό-

453 2399 598 2455 τητα
628 2381 716 2434 διά
754 2379 972 2433 πάντων
1023 2378 1358 2430 ἀποσκοπεῖν
1392 2373 1607 2437 δικαίας
1634 2372 1906 2426 ποιεῖσθαι
1936 2368 2037 2432 τὰς

456 2471 632 2545 ἀρχὰς
683 2468 776 2524 τοῦ
815 2467 1075 2539 πολέμου,
1134 2468 1228 2522 καὶ
1273 2466 1396 2520 τότε
1443 2465 1543 2530 τάς
1579 2466 1767 2535 χεῖρας
1795 2459 2037 2525 ὁπλίζειν

455 2565 600 2620 κατά
628 2561 740 2616 τῶν
774 2559 1124 2616 ἀδικούντων.

529 2662 632 2710 να’.
663 2653 767 2710 Διά
799 2651 1020 2707 πάντων
1056 2651 1113 2705 δὲ
1133 2649 1227 2704 καὶ
1264 2650 1324 2704 ἐν
1355 2648 1529 2704 ἀπασι
1562 2646 1846 2717 κρείττονα
1877 2662 2038 2698 σεαυ-

457 2748 550 2804 τὸν
581 2747 690 2800 τῶν
722 2744 1050 2816 ὑποχειρίων
1078 2741 1352 2808 ἀναδεῖξαι
1384 2739 1726 2810 διαγωνίζου,
1772 2739 1865 2792 καὶ
1900 2737 2042 2791 κατά

459 2836 758 2910 ἐξαίρετον,
790 2837 869 2899 εῐς
897 2850 959 2888 τε
982 2833 1081 2904 τὴν
1110 2835 1189 2896 εἰς
1216 2833 1350 2887 Θεὸν
1393 2831 1601 2896 πίστιν,
1639 2831 1734 2884 καὶ
1757 2829 1858 2900 τὴν
1884 2827 2040 2881 εὐσέ-

461 2930 634 2993 ϐειαν,
665 2927 759 2981 καὶ
783 2926 878 2990 τὰς
915 2925 1111 2988 λοιπὰς
1151 2924 1370 2995 ἀρετάς.
1404 2923 1530 2986 Τοῖς
1560 2921 1669 2994 γὰρ
1711 2919 1818 2974 τῶν
1847 2919 2044 2990 ἀρχόν-

459 3039 568 3083 των
594 3020 901 3091 φρονήμασι
928 3015 1071 3086 φιλεῖ
1101 3033 1218 3078 πως
1253 3013 1681 3067 συνδιατίθεσθαι
1713 3009 1774 3064 τὸ
1809 3009 2045 3082 ἀρχόμε-

2135 1927 2323 1973 rentes
2354 1934 2370 1971 :
2403 1915 2608 1969 bonum
2660 1922 2776 1969 tum
2812 1915 2952 1969 habe
2997 1913 3266 1978 animum,
3303 1919 3357 1966 et
3409 1911 3711 1984 adjutorem

2136 2007 2348 2075 justum
2377 2003 2604 2058 habebis
2629 2002 2819 2067 Deum,
2847 2013 2902 2057 et
2923 2017 3020 2071 pro
3053 2000 3317 2056 fratribus
3345 2000 3460 2054 tuis
3479 1998 3716 2068 pericula

2137 2097 2364 2153 subiens
2399 2097 2627 2152 omnino
2658 2094 2995 2164 splendidam
3012 2091 3298 2147 victoriam
3335 2090 3579 2145 habebis.
3609 2089 3718 2142 Ita-

2134 2204 2241 2259 que
2271 2188 2375 2242 hoc
2400 2187 2720 2258 dignitatem
2767 2192 2912 2239 tuam
2961 2182 3366 2253 imperatoriam
3409 2194 3715 2251 precamur,

2135 2288 2196 2332 ut
2221 2279 2507 2348 diligenter
2535 2276 2851 2332 consideres
2887 2290 3109 2330 causam
3147 2273 3297 2338 belli,
3329 2281 3383 2327 et
3429 2286 3494 2326 ex
3537 2271 3709 2340 justis

2135 2369 2310 2425 initiis
2337 2368 2537 2422 bellum
2582 2376 2827 2430 moveto,
2853 2373 2908 2420 et
2943 2373 3133 2421 contra
3181 2362 3418 2420 nefarios
3468 2361 3718 2416 homines

2136 2455 2308 2511 aciem
2340 2463 2488 2509 tuam
2523 2463 2682 2524 teque
2712 2460 2948 2506 armato.
3018 2473 3023 2477 ι

2208 2637 2298 2693 5i.
2334 2634 2574 2690 Omnino
2606 2633 2770 2704 igitur
2793 2632 2848 2686 in
2876 2631 3136 2687 omnibus
3177 2631 3412 2702 teipsum
3444 2628 3711 2699 subjectis

2140 2729 2250 2784 tuis
2308 2726 2590 2781 meliorem
2640 2723 3022 2778 demonstrare
3057 2722 3388 2784 contendas,
3428 2729 3484 2775 et
3525 2718 3631 2773 lide
3662 2717 3720 2772 in

2140 2819 2334 2881 Deum,
2363 2815 2566 2885 pietate
2603 2827 2669 2868 ac
2697 2809 2924 2880 reliquis
2957 2809 3252 2865 virtutibus
3273 2808 3555 2864 eximium.
3587 2806 3712 2862 Nam

2141 2909 2208 2964 ad
2252 2908 2562 2978 principum
2612 2904 2853 2958 virorum
2885 2901 3242 2972 cogitationes
3275 2901 3412 2956 solet
3445 2914 3506 2955 se
3545 2897 3725 2964 subje-

2141 3007 2354 3053 ctorum
2408 2995 2704 3051 multitudo
2756 2993 3200 3057 accommodare,
3259 3002 3338 3056 ut,
3375 2991 3530 3059 juxta
3571 2997 3725 3044 vetus

462 3079 576 3179 νον,
743 3079 810 3163 ἀν
846 3079 989 3160 κατά
1029 3106 1128 3176 τὴν
1151 3104 1454 3176 παροιμίαν
1482 3103 1560 3175 μὴ
1603 3102 1788 3172 ἔλαφοι
1816 3079 2039 3155 λεόντων

2147 3088 2522 3160 proverbium,
2557 3101 2668 3142 non
2697 3083 2844 3142 cervi
2876 3083 3439 3153 leonibusimperent,
3491 3081 3584 3135 sed
3615 3079 3727 3134 leo-

462 3204 723 3274 ἀρχωσιν,
753 3198 890 3254 ἀλλά
907 3197 1124 3260 λέοντες
1151 3195 1390 3265 ἐλάφων.

532 3291 631 3363 νβ’.
665 3291 774 3346 Kal
802 3277 976 3342 ταῦτα
1022 3288 1120 3358 μέν
1152 3304 1258 3353 τοι,
1289 3280 1334 3339 ὧ
1364 3285 1658 3358 στρατηγὲ,
1696 3285 1773 3348 ὡς
1821 3285 1881 3336 ἐν
1915 3299 2042 3336 συν-

466 3387 586 3455 ἀζνει
613 3383 715 3454 τῆς
743 3380 1030 3456 βασιλικῆς
1068 3378 1226 3450 ήμῶν
1263 3378 1558 3442 διατάξεως
1584 3376 2044 3447 παραγγέλματα,

467 3478 612 3548 ειπερ
661 3459 723 3528 τὸ
754 3473 852 3544 τῆς
881 3471 1173 3542 συντομίας
1219 3468 1479 3540 χρειῶδες
1522 3468 1618 3520 ἐπὶ
1651 3467 1895 3529 πλείονος
1947 3465 2048 3517 οὑκ

466 3569 531 3638 ἑᾷ
562 3562 1034 3638 παρεκτείνεσθαι.
1059 3563 1279 3628 Ἔξεστι
1305 3559 1362 3613 δέ
1389 3575 1471 3610 σοι
1491 3559 1612 3620 ταῖς
1637 3574 1695 3610 τε
1733 3556 1861 3627 παρ’
1889 3558 1922 3626 ή
1931 3554 2047 3624 μῶν

473 3657 578 3727 ιδίᾳ
611 3653 950 3716 ἐκτεθείσαις
982 3651 1232 3724 γνώμαις
1272 3651 1332 3702 ἐν
1373 3647 1548 3718 τούτῳ
1579 3645 1657 3716 τῷ
1685 3647 2045 3714 συντάγματι,

470 3749 566 3801 καὶ
598 3745 822 3817 προσέτι
857 3745 976 3807 ταῖς
1001 3743 1143 3801 κατὰ
1174 3740 1376 3802 πλάτος
1402 3735 1888 3808 συνηθροισμέναις
1918 3735 2048 3804 ἡμῖν

470 3841 530 3895 ἐν
563 3843 630 3910 τῇ
654 3838 984 3912 παραλλήλῳ
1023 3836 1134 3892 τῶν
1160 3833 1436 3888 τακτικῶν
1463 3827 1764 3901 μονοϐίὸλῳ
1796 3827 1842 3898 (1
1854 3827 1907 3897 ’1)
1950 3826 2049 3896 τὴν

472 3931 683 3985 ἐκεῖθεν
709 3930 818 3984 τῶν
849 3928 1198 4002 ζητουμένων
1232 3924 1458 3982 πλείονα
1503 3921 1599 3974 καὶ
1645 3918 1920 3992 ἀρκοῦσαν
1953 3933 2052 3969 πο-

476 4021 730 4095 ρίσασθαι
752 4022 1042 4092 ὠφέλειαν.

545 4119 644 4181 νγ’.
680 4112 897 4166 Τούτων
943 4109 1036 4164 οὖν
1088 4111 1344 4181 ἐχόμενος
1396 4109 1601 4175 αὑξειν,
1630 4105 1725 4159 καὶ
1761 4099 2052 4173 προστιθέ-

475 4222 565 4264 ναι
597 4205 708 4268 τοῖς
734 4203 958 4272 ἀγαθοῖς
989 4201 1170 4270 ἔργοις
1217 4199 1622 4275 προθυμήθητι,
1656 4196 1731 4258 ὡς
1754 4196 1820 4248 ἂν
1854 4191 2052 4246 πολλα-

476 4295 791 4362 πλασιάζων
827 4297 895 4365 τῇ
945 4292 1207 4363 σπουδαίᾳ
1239 4309 1332 4344 σου
1366 4290 1562 4366 γνώμῃ
1589 4288 1660 4342 τά
1697 4285 2051 4354 κελευόμενα,

2071 3151 2116 3212 c
2149 3197 2247 3237 nes
2271 3182 2468 3237 cervis.

2216 3273 2306 3329 52.
2339 3271 2466 3328 llaec
2495 3272 2616 3337 tibi,
2652 3273 2966 3343 imperator,
2991 3269 3181 3342 paucis
3213 3280 3324 3320 uno
3363 3263 3467 3319 sub
3504 3271 3724 3332 aspectu

2146 3364 2281 3433 regii
2334 3363 2507 3418 nostri
2557 3365 2795 3418 instituti
2846 3371 3113 3433 praecepta
3160 3356 3560 3414 conclusitnus,
3603 3368 3726 3420 quae

2148 3454 2264 3509 haec
2297 3463 2484 3508 nostra
2530 3452 2814 3507 brevitatis
2844 3451 3126 3505 institutio
3154 3446 3338 3500 fusius
3371 3441 3591 3497 dilatari
3615 3455 3723 3494 non

2145 3547 2368 3616 patitur.
2420 3543 2627 3598 Licebit
2676 3555 2854 3598 autem
2901 3539 3197 3612 inquirenti
3253 3538 3345 3592 tibi
3387 3551 3454 3590 ex
3500 3535 3568 3588 iis
3606 3547 3728 3602 qua:

2148 3637 2251 3691 hoc
2282 3644 2468 3689 nostro
2505 3634 2646 3689 libro
2689 3634 2949 3690 clausulis
2993 3638 3322 3694 tractantur,
3371 3637 3424 3681 et
3463 3634 3726 3695 prmierea

2147 3741 2214 3781 ex
2249 3725 2316 3780 iis
2338 3741 2459 3795 qua:
2489 3725 2684 3780 dili‘use
2709 3741 2738 3779 a
2764 3725 2924 3779 nobis
2950 3723 3006 3778 in
3045 3723 3185 3776 libro
3210 3718 3302 3789 qui
3335 3718 3403 3772 de
3445 3727 3727 3783 compara-

2149 3819 2297 3874 tione
2328 3817 2595 3872 factorum
2620 3816 2940 3871 militarium
2967 3815 3108 3869 inter
3160 3828 3220 3868 se
3247 3811 3592 3878 conscriptus
3621 3813 3726 3868 est,

2148 3911 2414 3980 majorem
2436 3917 2493 3965 et
2523 3909 2828 3964 uberiorem
2859 3906 3149 3961 utilitatem
3177 3902 3477 3972 percipere.

2224 4094 2316 4149 53.
2347 4093 2402 4147 In
2435 4110 2532 4148 nas
2562 4106 2650 4147 res
2688 4090 2977 4159 diligenter
3009 4084 3286 4148 incumbe,
3310 4089 3365 4138 et
3399 4093 3602 4136 conare
3625 4078 3728 4132 ista

2155 4186 2510 4256 ampliﬁcare,
2549 4193 2604 4238 et
2647 4183 2713 4237 ad
2778 4196 2867 4236 res
2911 4187 3094 4250 gestas
3143 4187 3266 4231 tuas
3308 4173 3623 4243 adjungere,
3676 4177 3734 4222 ut

2155 4293 2281 4334 cum
2318 4276 2485 4331 animi
2517 4273 2947 4345 promptitudine
2979 4279 3372 4340 praeceptorum
3399 4261 3730 4332 magnitudi-

477 4388 669 4458 πρῶτα
694 4353 798 4456 μὲν
825 4353 954 4437 Θεὸν
976 4383 1102 4456 ἓξῃς
1125 4353 1414 4452 ἐπαινέτην
1434 4353 1840 4450 τίὺνυπράξεων,
1865 4375 2039 4428 ἔπειτα

2158 4384 2278 4423 nem
2297 4367 2661 4437 superaveris,
2682 4365 2914 4434 primum
2935 4361 3103 4415 Deum
3121 4360 3387 4428 optimum
3411 4353 3730 4414 maximum,

477 4450 536 4530 δέ
564 4479 658 4532 καὶ
688 4450 748 4530 τὸ
798 4450 1072 4546 ἡμέτερον⁷
1101 4475 1320 4545 κράτος,
1351 4450 1490 4542 γέρα
1510 4469 1619 4524 τῶν
1651 4468 1829 4522 πόνων
1857 4464 2039 4530 ἐπάξια

2161 4458 2356 4514 deinde
2391 4457 2657 4525 meipsum
2695 4468 2916 4524 quoque
2965 4450 3303 4504 laudatorem
3343 4459 3524 4500 rerum
3555 4451 3733 4512 gesta-

481 4570 528 4622 δ⁹
555 4569 757 4639 ἀμφοῖν
782 4532 1160 4636 κομιζόμενοςί
1281 4532 1318 4538 Π
1363 4532 1376 4540 υ
1419 4532 1432 4542 ’

2161 4565 2282 4604 rum
2315 4549 2541 4611 habeas,
2569 4553 2624 4600 et
2656 4545 2956 4600 mercedem
2985 4539 3267 4619 laboribus
3289 4538 3396 4591 tuis
3425 4536 3645 4605 dignam
3664 4532 3732 4586 ab

2164 4647 2398 4709 utroque
2420 4644 2684 4706 τεροῐιθε.

2647 4719 3107 4780 CONSTITUTIO
3141 4717 3232 4773 lll.

702 4825 842 4895 napi
869 4825 977 4880 τοῦ
1004 4824 1130 4890 πῶς
1152 4822 1688 4894 χρὴβουλεύεσθαι
1713 4819 1847 4890 (l9).

2449 4817 2722 4884 Quomodo
2744 4816 3023 4870 consilium
3058 4809 3370 4880 capiendum
3397 4807 3490 4862 sit.

567 4919 784 4989 Ἐπειδὴ
820 4917 878 4971 δὲ
915 4916 1022 4987 πρὸ
1064 4915 1246 4985 πάσης
1299 4912 1550 4984 πράξεως
1579 4909 1771 4981 βουλὴν
1809 4905 2036 4978 ήγεῖσθα

2238 4912 2290 4965 l.
2320 4909 2548 4966 Omnem
2600 4908 2870 4964 actionem
2928 4903 3216 4958 consilium
3263 4905 3480 4953 anteeat
3508 4913 3521 4949 :
3552 4896 3742 4951 incon-

484 5009 662 5082 χρεών
684 5025 700 5040 ο
748 4983 1015 5078 διοίκησις
1055 5005 1166 5076 γὰρ
1197 4983 1627 5076 ἀπροϐούλευτος
1647 5001 1748 5054 οὑκ
1789 4999 2037 5068 ἀσφαλὴς

2166 5001 2309 5056 sulta
2339 4999 2485 5054 enim
2507 5014 2691 5054 rerum
2711 4995 2961 5051 tractatio
2989 4991 3134 5047 haud
3167 4990 3302 5046 satis
3328 4995 3445 5044 tuta
3473 4993 3577 5040 est.
3604 4983 3737 5040 Nam

624 5103 691 5157 ἐκ
730 5100 824 5155 τοῦ
861 5075 1208 5169 παραχρῆμά
1239 5113 1324 5161 τις
1367 5094 1505 5168 αὑχῇ
1544 5091 1802 5153 πολλάκις
1857 5105 2039 5160 κατορ·

2167 5105 2482 5161 quanquam
2513 5088 2785 5145 interdum
2819 5087 2942 5156 quis
2969 5083 3236 5154 glorietur
3261 5095 3342 5146 se,
3389 5077 3548 5149 quasi
3578 5075 3740 5132 simul

2020 5221 2230 5280 ΝΟΤᾸΞ

985 4733 1295 4788 unum
1322 4732 1375 4784 Γν
1408 4730 1543 4802 (ιε).

554 5333 674 5456 g7)
765 5330 870 5382 Ἕν
899 5327 974 5410 τῇ
1013 5323 1381 5404 παραλλήλῳ
1411 5323 1532 5375 τῶν
1557 5323 1857 5399 tantum:
1873 5332 2056 5387 μονο-

492 5405 550 5474 σι
589 5406 698 5467 λῳ.
727 5398 1068 5474 _Ergo_ahum
1104 5392 1662 5474 adhue‘smgularent
1691 5387 2055 5474 ,Tactteorum

490 5458 694 5542 librum
713 5458 964 5542 _Le511ic
989 5463 1337 5532 conscripsit,
1365 5458 1732 5542 quinondum
1784 5458 2060 5542 inventus.

564 5541 678 5609 (18)
708 5539 823 5609 Hoc
853 5543 1019 5606 caput
1047 5525 1421 5609 quartumjest
1457 5531 1528 5609 .in
1558 5529 1761 5609 ’_codic_e
1817 5525 2060 5609 Lauren-

493 5597 690 5672 tia‘no';
725 5607 817 5662 sed
851 5597 954 5660 hoc
983 5597 1176 5658 ordine
1198 5617 1321 5674 esse
1369 5599 1627 5674 sivim_us,
1678 5597 2059 5674 ob-ra_tiones,

495 5663 924 5762 qua-smﬁlf‘ursius
951 5673 1129 5753 affer},
1175 5673 1300 5756 licet
1331 5667 1704 5762 Bonapl'ull'i‘rjni
1762 5663 2058 5762 [ﬁgienda-st.

453 5753 460 5756 ν
501 5733 526 5762 ί*
567 5745 680 5816 (ιο)
713 5746 850 5820 Περί
876 5743 980 5800 τοῦ
1012 5733 1136 5807 πῶς
1179 5741 1292 5809 ,φὴ
1316 5733 1740 5804 βουλὲύεσθαι.
1804 5733 1901 5790 llic
1923 5733 2052 5788 titu-

2154 5316 2239 5372 lus
2271 5316 2537 5370 hactenus
2567 5321 2797 5384 quartus
2823 5311 2948 5384 fuit,
2978 5318 3032 5384 et
3059 5318 3290 5384 quartus
3334 5308 3463 5362 item
3509 5303 3728 5384 tertius.

2156 5385 2445 5439 Manifesta
2495 5374 2766 5439 confusio.
2818 5374 2943 5435 Nos
2996 5374 3355 5435 in'ordinem
3402 5374 3742 5433 restituimus

2159 5465 2474 5524 utrumque,
2504 5460 2776 5524 praeeunte
2807 5453 2936 5524 ipso
2957 5450 3147 5524 Leone
3199 5451 3254 5504 in
3308 5448 3621 5524 prooemio,
3649 5445 3739 5524 ubi

2160 5511 2644 5592 tit'ulortim'h'ujus
2679 5523 2763 5577 sui
2787 5511 2971 5592 operis
3010 5511 3517 5592 catalogu_m'_ponit.
3547 5511 3637 5592 .Et
3663 5513 3744 5565 fa-

2161 5595 2264 5649 cile
2297 5608 2399 5647 nos
2429 5585 2577 5648 recte
2604 5600 2768 5662 atque
2793 5585 2988 5650 ordine
3031 5585 3226 5648 fecisse
3247 5585 3516 5660 judicabit
3546 5585 3734 5645 lector,

2167 5663 2256 5720 cui
2290 5663 2496 5734 aliquid
2523 5661 2756 5723 cerebri.
