4100 6226
382 266 492 333 ροδ
1648 268 1927 330 LEONIS
1954 270 2418 336 PHILOSOPHI

3549 287 3654 353 696

383 386 439 431 et
467 375 850 433 deliberaverit
876 385 930 432 et
955 389 1045 431 res
1087 389 1215 430 suas
1236 372 1490 444 gesserit,
1513 386 1601 428 res
1624 373 1823 429 multas
1851 389 1940 445 pro

2042 422 2048 443 ,
2079 376 2250 431 θῶσαί
2292 395 2345 431 τι
2383 380 2459 443 ὡς
2517 381 2636 450 ἅμα
2683 381 2777 435 καὶ
2830 382 3260 456 βουλευσάμενος
3294 387 3388 443 καὶ
3420 392 3652 467 πράξας,

383 484 541 536 spere
564 480 730 538 atque
758 484 826 523 ex
854 477 1098 537 tempore
1129 465 1386 535 gessisse,
1411 474 1591 520 tamen
1620 479 1845 536 perraro
1875 467 1940 521 ali

2072 470 2190 539 ἀλλ’
2216 472 2278 524 οὐ
2310 472 2473 542 νόμος
2498 473 2558 527 rb
2595 473 2843 530 σπάνιον.

381 559 512 629 quid
546 560 653 613 tale
684 574 784 614 usu
821 557 1009 612 venire
1038 555 1315 610 fortunate
1346 555 1505 610 solet.

453 652 508 703 2.
545 649 836 717 Propterea
864 649 917 701 in
946 646 1138 716 primis
1187 647 1535 715 praecipimus
1566 646 1684 712 tibi,
1733 656 1794 700 ut
1840 655 1938 701 ant

2145 636 2211 707 β’.
2243 639 2341 692 Διά
2367 640 2525 694 τοῦτο
2549 642 2641 695 καὶ
2675 643 2781 714 πρὸ
2808 644 2917 699 τῶν
2948 646 3124 701 ἄλλων
3161 652 3656 726 παρακελευόμεθά

381 751 573 791 omnes
610 751 695 790 res
738 734 1132 803 suscipiendas,
1185 733 1423 789 maxime
1476 743 1660 789 autem
1718 734 1940 789 bellicas

2075 747 2158 784 σοι
2199 732 2380 803 πάσης
2414 735 2665 804 πράξεως
2699 738 3005 807 ἀναγκαίας
3034 742 3127 795 καὶ
3159 743 3393 813 μάλιστα
3432 751 3657 823 πολεμι-

380 825 671 881 consilium
707 839 829 878 cum
864 824 930 878 iis
959 822 1232 893 praefectis
1276 824 1490 893 capias,
1524 825 1619 894 qui
1649 824 1745 880 tibi
1771 825 1836 879 ad
1866 825 1937 881 ho

2072 823 2173 893 κῆς
2212 823 2559 893 βουλεύεσθαί
2613 844 2673 880 σε
2724 830 2990 902 πρότερον
3031 834 3171 904 μετὰ
3212 835 3322 889 τῶν
3354 822 3656 898 δοκούντων

379 913 559 970 idonei
586 916 911 970 videbuntur
937 933 951 969 :
981 915 1140 986 cujus
1166 916 1380 987 generis
1397 917 1726 971 turmarchaa
1746 916 1939 986 reliqui

2072 932 2155 968 σοι
2190 918 2390 971 ἱκανῶν
2421 920 2548 989 περὶ
2574 919 2779 991 ταύτην
2800 922 3100 993 ἀρχόντων,
3130 922 3241 980 οἷον
3268 932 3651 1003 τουρμάρχων,

378 1024 482 1076 que
514 1016 661 1061 sunt.
701 1004 805 1059 Ubi
830 1020 958 1061 vero
989 1005 1303 1059 ﬁrmitatem
1324 1007 1567 1076 aliquam
1612 1007 1813 1061 habere
1838 1022 1940 1061 con

2070 1006 2164 1058 καὶ
2196 1007 2305 1059 τῶν
2333 1009 2551 1080 ἐφεξῆς.
2582 1010 2751 1064 Ἐπάν
2775 1011 2832 1065 δὲ
2859 1012 3049 1067 δοκοῦν
3074 1015 3443 1089 ὲπιϐεϐαιωθῇ
3486 1020 3650 1092 λόγῳ,

378 1098 557 1152 silium
584 1097 872 1159 videbitur,
897 1112 1011 1151 rem
1051 1097 1223 1167 ipsam
1245 1097 1312 1151 de
1349 1113 1455 1167 qua
1479 1096 1788 1152 deliberasti
1818 1112 1940 1151 omn

2067 1096 2134 1165 τῇ
2165 1095 2283 1148 τότε
2327 1097 2386 1150 τὸ
2423 1097 2594 1168 ιέργον
2641 1099 2711 1151 δι’
2756 1100 2897 1172 ὅπερ
2958 1099 3264 1158 ἐϐουλεύσω
3311 1109 3513 1180 σπουδῇ
3554 1112 3651 1164 καὶ

378 1187 562 1242 studio
590 1201 656 1240 ac
680 1186 962 1255 diligentia
988 1186 1290 1240 contendas
1322 1186 1391 1240 ad
1407 1186 1615 1241 exitum
1645 1188 1940 1254 perducere

2067 1186 2355 1257 ἐπιμελείᾳ
2387 1190 2908 1262 μεταχειρισάμενος
2932 1194 3012 1257 είς
3046 1194 3219 1266 πέρας
3246 1197 3471 1266 ἀγαγεῖν
3492 1244 3507 1268 ,
3534 1204 3650 1272 είγε

375 1278 482 1333 nisi
512 1277 558 1332 si
599 1277 768 1347 (quod
797 1292 1041 1348 persazpe
1096 1277 1232 1331 solet
1274 1276 1544 1347 accidere)
1590 1278 1791 1346 aliquid
1825 1278 1940 1332 inter

2070 1274 2237 1344 μηδὲν
2264 1276 2478 1347 ἁπαντῇ
2496 1294 2577 1331 σοι
2608 1279 2871 1345 ἐναντίον,
2903 1280 2979 1344 ὡς
3000 1286 3069 1335 τά
3105 1283 3275 1336 πολλά
3300 1284 3481 1350 εἴωθε,
3514 1306 3649 1358 προ-

374 1370 478 1424 rim
507 1370 796 1425 adversum
854 1380 908 1424 et
983 1370 1320 1424 contrarium
1374 1368 1628 1425 consilio"
1662 1370 1940 1441 contingat

2067 1362 2384 1436 θυμηθέντι.
2427 1368 2538 1437 Τῆς
2568 1367 2623 1420 δὲ
2647 1369 2846 1440 βουλῆς
2878 1369 2940 1423 rb
2977 1366 3117 1434 εἶδος
3146 1374 3201 1426 τί
3256 1375 3315 1427 τέ
3342 1377 3509 1440 ἐστιν,
3551 1381 3647 1433 καὶ

374 1458 677 1513 Consilium
701 1468 884 1513 autem
915 1459 1176 1529 quidnam
1224 1460 1443 1513 tandem
1478 1461 1571 1524 sit,
1604 1468 1656 1513 et
1698 1462 1940 1530 quemad'

2064 1456 2140 1519 ὠς
2187 1457 2556 1528 κατορθώσεις
2592 1460 2797 1532 ταύτην
2827 1463 3108 1532 ἀσφαλῶς,
3158 1465 3262 1538 ἤδη
3294 1484 3375 1520 σοι
3400 1468 3647 1538 διατάξο-

374 1551 597 1605 modum
628 1550 921 1604 consilium
952 1559 1067 1604 tuto
1110 1550 1365 1618 expedire
1411 1550 1609 1617 possis,
1637 1549 1957 1619 explanabo.
2067 1566 2190 1620 μαι.

439 1643 495 1696 5.
527 1642 825 1697 Consilium
848 1650 932 1695 est
954 1640 1272 1696 deliberatio
1293 1642 1539 1713 quadam
1578 1640 1645 1695 de
1670 1657 1728 1695 re
1751 1642 1940 1711 agend:

2135 1645 2207 1707 γ’.
2261 1642 2434 1710 Βουλή
2501 1646 2617 1719 ἐστι
2664 1644 2957 1715 ,διάσκεψις
3014 1647 3146 1719 περὶ
3200 1648 3296 1703 τοῦ
3357 1652 3562 1723 πρᾶξαί
3589 1672 3643 1707 τι

368 1733 454 1788 vel
486 1750 594 1787 non
627 1733 855 1802 agenda.
889 1732 947 1786 Si
996 1748 1083 1787 res
1120 1733 1326 1802 agenda
1376 1732 1622 1797 nonosit,
1649 1732 1832 1785 statim
1879 1732 1940 1787 si-

2060 1730 2094 1799 il
2162 1731 2238 1802 μὴ
2302 1734 2677 1804 πρᾶξαιοχαὶ
2732 1738 2781 1790 εί
2843 1738 2943 1809 μὲν
3013 1739 3092 1811 μὴ
3164 1740 3391 1813 πρᾶξαι,
3433 1745 3558 1816 σιγὴ
3583 1746 3644 1800 τδ

369 1822 622 1878 stendum
654 1823 751 1877 tibi
783 1825 1025 1879 est:sin
1075 1823 1282 1893 agenda
1337 1823 1429 1886 sit,
1483 1822 1708 1876 modum
1764 1823 1936 1893 agend

2061 1822 2311 1877 ἐντεῦθεν
2332 1840 2347 1854 ο
2374 1825 2421 1877 εί
2450 1826 2507 1878 δὲ
2538 1827 2765 1897 πρᾶξαι,
2800 1829 2919 1892 πῶς
2947 1831 3173 1902 πράξαι,
3202 1833 3369 1903 ἤγουν
3397 1836 3488 1889 rbv
3518 1839 3643 1907 τρό-

368 1914 451 1969 vel
492 1915 787 1983 quomodo,
822 1924 1056 1984 tempus,
1090 1915 1171 1968 vel
1201 1915 1440 1984 quando,
1476 1914 1588 1981 ubi,
1637 1914 1723 1969 vel
1754 1915 1931 1970 locum

2059 1928 2160 1965 πον
2187 1914 2286 1983 τῆς
2317 1915 2590 1986 πράξεως,
2639 1918 2742 1971 ποῦ
2772 1920 2995 1990 πρᾶξαι,
3040 1924 3208 1994 ἤγουν
3235 1924 3327 1977 τὸν
3354 1926 3517 1980 τόπον
3543 1929 3644 1998 τῆς

366 2007 521 2074 quid,
549 2006 631 2059 vel
668 2021 780 2059 rem
817 2007 1105 2076 agendam,
1140 2006 1317 2064 virum
1350 2006 1548 2060 deinde
1574 2005 1665 2075 qui
1692 2006 1796 2061 hoc
1834 2022 1940 2062 sus-

2059 2001 2331 2070 πράξεως,
2372 2004 2503 2057 πότε
2532 2005 2758 2077 πρᾶξαι,
2792 2009 2959 2078 ἤγουν
3003 2012 3093 2065 τὸν
3135 2014 3326 2084 καιρὸν
3354 2015 3456 2085 τῆς
3504 2021 3644 2089 πρά-

367 2110 626 2168 cepturus
654 2106 709 2151 et
771 2098 839 2151 ad
887 2097 1095 2151 exitum
1155 2098 1521 2166 perducturus
1561 2106 1666 2163 est,
1735 2108 1940 2168 proptel

2059 2091 2215 2159 ξεως,
2256 2093 2309 2146 τί
2344 2096 2571 2164 πρᾶξαι,
2603 2098 2769 2168 ἤγουν
2795 2100 2854 2153 rb
2899 2103 3131 2173 πρᾶγμα
3160 2103 3221 2156 rb
3250 2106 3639 2177 πραττόμενον,

362 2188 497 2259 quid
532 2189 616 2243 vel
645 2203 867 2243 causam
892 2188 1053 2259 cujus
1079 2187 1256 2259 gratia
1301 2203 1388 2245 res
1415 2187 1733 2258 suscipitur,
1778 2189 1959 2246 consi-

362 2279 494 2334 dera
504 2294 560 2335 re
593 2288 830 2349 oportet.

436 2479 491 2531 4.
524 2478 630 2545 Qui
663 2479 1071 2535 deliberaturus
1095 2494 1283 2534 secum
1308 2489 1414 2546 est,
1448 2490 1575 2535 ante
1594 2480 1777 2535 omnia
1799 2496 1954 2536 suam

361 2567 537 2638 ipsius
583 2578 822 2624 utentem
867 2568 937 2624 ab
974 2569 1232 2623 omnibus
1280 2570 1782 2638 perturbationibus
1821 2572 1957 2627 libe-

361 2675 481 2713 ram
516 2660 735 2723 habeat,
774 2659 1012 2714 maxime
1039 2670 1223 2717 autem
1255 2662 1324 2715 ab
1371 2676 1563 2717 amore
1603 2662 1683 2715 vel
1716 2662 1844 2717 odio
1873 2674 1958 2718 at-

361 2765 470 2820 que
502 2751 653 2803 omni
700 2751 806 2803 alia
836 2751 1269 2819 perturbatione,
1303 2767 1425 2821 quae
1449 2753 1549 2815 rei,
1589 2752 1657 2807 de
1691 2767 1800 2823 qua
1824 2754 1957 2811 libe-

363 2852 537 2907 ratur,
576 2845 841 2897 damnosa
879 2857 1000 2898 esse
1028 2852 1231 2913 potest.

436 2934 490 2989 5.
552 2932 755 2988 Deinde
800 2949 907 2987 non
938 2935 1120 2988 solum
1165 2936 1296 3004 quid
1349 2935 1511 2991 facile
1548 2936 1620 2991 sit
1656 2936 1859 3007 eligito,
1899 2949 1955 2996 ct

364 3028 419 3083 in
451 3027 555 3081 hoc
586 3025 911 3088 incumbite,
935 3026 1029 3079 sed
1062 3027 1227 3080 etiam
1252 3027 1457 3093 omnia,
1480 3041 1603 3096 qua:
1638 3042 1739 3082 usu
1770 3029 1954 3085 venire

2056 2182 2111 2235 τί
2144 2184 2372 2254 πρᾶξαι,
2408 2188 2577 2257 ἤγουν
2598 2189 2660 2242 τὸ
2692 2191 2984 2261 πρόσωπον
3016 2194 3078 2246 τὸ
3102 2182 3293 2264 μέλλον
3309 2198 3409 2267 τὴν
3447 2198 3643 2271 βουλὴν

2058 2277 2137 2339 είς
2162 2277 2337 2349 πέρας
2357 2280 2611 2350 πράξεως
2633 2282 2885 2353 ἀγαγεῖν,
2910 2284 2997 2339 διὰ
3017 2286 3071 2338 τί
3096 2287 3325 2358 πρᾶξαι,
3352 2291 3520 2361 ἤγουν
3542 2294 3643 2365 τὴν

2057 2369 2235 2422 αἰτίαν
2261 2370 2327 2422 δι’
2356 2371 2422 2442 ἢν
2457 2372 2489 2443 ἠ
2529 2374 2728 2444 πρᾶξις
2755 2372 2960 2445 ὀφείλει
2986 2377 3262 2446 γενέσθαι.

2126 2459 2187 2515 δ’.
2252 2462 2309 2514 '0
2358 2462 2416 2515 δὲ
2456 2463 2838 2534 βουλευόμενος
2877 2468 3000 2521 καθ’
3037 2469 3249 2535 ἑαυτὸν,
3290 2471 3351 2536 ἐξ
3390 2472 3639 2545 ἀνάγκης

2056 2552 2272 2623 πρῶτον
2330 2556 2430 2627 τὴν
2480 2556 2718 2610 διάνοιαν
2769 2558 3063 2630 ἐλευθέραν
3105 2561 3276 2632 ἐχέτω
3316 2563 3427 2618 τῶν
3464 2566 3642 2621 ἄλλων

2054 2643 2330 2710 ἁπάντων,
2368 2645 2604 2715 μάλιστα
2643 2648 2699 2701 δὲ
2732 2649 2840 2702 τῶν
2875 2650 3186 2720 ἀνηκόντων
3214 2654 3295 2717 είς
3320 2653 3381 2706 rb
3408 2658 3643 2727 πρᾶγμα,

2055 2734 2184 2805 περὶ
2215 2730 2275 2788 οὗ
2304 2736 2642 2807 βουλεύεται,
2694 2740 2805 2793 εἴτε
2837 2740 3058 2812 ἔχθρας,
3090 2743 3125 2815 ἢ
3166 2743 3367 2813 φιλίας,
3409 2747 3444 2818 ἤ
3492 2765 3641 2815 τινος

2054 2824 2214 2878 ἄλλου
2240 2828 2466 2893 πάθους.

2124 2915 2183 2969 ε’.
2225 2914 2357 2974 Εἶτα
2408 2922 2543 2993 μηδὲ
2596 2924 2759 2994 μόνον
2805 2926 2865 2980 rb
2910 2929 3133 2985 εὔκολον
3174 2934 3365 2991 δοκοῦν
3388 2936 3637 3008 ὲκλέγου,

2054 3008 2163 3095 καὶ,
2188 3009 2365 3095 τούτῳ
2389 3014 2647 3084 πρόσεχε,
2668 3014 2804 3070 ἀλλὰ
2833 3017 3011 3072 πάντα
3057 3020 3124 3074 τά
3149 3022 3350 3078 δυνατὰ
3382 3027 3635 3095 γενέσθαι

365 3126 614 3187 possunt,
649 3116 831 3169 animo
878 3117 1130 3185 prospice
1166 3136 1178 3171 :
1213 3116 1466 3173 fortassis
1499 3121 1647 3173 enim
1684 3129 1805 3190 post
1835 3136 1940 3176 rem

2061 3094 2358 3190 πρόϐλεπε,
2411 3101 2541 3163 ῖσως
2585 3102 2695 3157 τῶν
2739 3106 3082 3176 πραγμάτων
3125 3111 3305 3167 αὐτῶν
3359 3088 3498 3184 μετά
3539 3118 3641 3189 τὴν

366 3210 638 3278 inceptam
668 3207 873 3276 aliquid
906 3224 965 3261 se
998 3209 1291 3277 tibi,.quod
1328 3209 1383 3262 in
1432 3212 1626 3278 primis
1679 3212 1951 3267 conduci-

364 3300 472 3358 bile
501 3309 606 3364 εει,
631 3298 863 3362 obferet,
900 3299 1047 3368 quod
1082 3308 1241 3354 antea
1270 3301 1690 3369 praetermisisti.

435 3391 489 3444 6.
517 3388 675 3454 Quod
707 3387 755 3442 si
791 3396 968 3443 tecom
1015 3390 1130 3459 ipse
1160 3406 1267 3443 non
1301 3390 1476 3444 solum
1525 3407 1719 3462 capere
1764 3394 1949 3448 consi-

364 3484 518 3547 lium,
552 3497 743 3536 verum
765 3483 926 3536 etiam
958 3482 1096 3536 alios
1118 3498 1401 3537 assumere
1418 3482 1675 3548 volueris,
1710 3485 1944 3555 teipsum

365 3582 544 3629 tamen
564 3572 790 3643 perinde
807 3574 875 3627 ab
892 3572 1041 3627 omni
1066 3574 1475 3642 perturbatione
1494 3590 1722 3630 Vacuum
1744 3578 1942 3645 praebe,

362 3680 427 3719 ac
451 3665 497 3719 si
537 3664 689 3719 solus
724 3664 1077 3719 deliberarcs.
1128 3664 1484 3721 Consultores
1527 3676 1709 3720 autem
1743 3667 1944 3725 adhibe

362 3760 702 3825 experientes
736 3772 945 3820 rerum,
970 3756 1247 3825 providos,
1283 3758 1643 3826 perspicaces,
1670 3775 1943 3815 aerumna-

366 3864 484 3901 rum
524 3862 587 3901 ac
614 3848 996 3916 prosperitatis
1027 3857 1134 3902 tua:
1171 3850 1376 3914 socios,
1425 3849 1491 3903 ad
1526 3850 1938 3919 excogitandum

362 3937 611 4002 solertes,
647 3937 853 4003 lidelcs,
897 3939 1185 4007 quineque
1226 3939 1319 3991 tibi
1364 3938 1428 3990 ad
1466 3940 1695 4008 gratiam
1725 3942 1939 3996 obtem-

363 4030 655 4100 perabuut,
703 4043 882 4097 neque
926 4029 1035 4089 illi.
1090 4029 1184 4099 qui
1233 4030 1308 4082 rei
1365 4042 1650 4099 susceptor
1701 4034 1934 4098 exsistit,

359 4136 540 4192 neque
591 4121 698 4176 sibi
727 4129 941 4186 mutuo,
992 4120 1087 4175 sed
1125 4122 1220 4190 qui
1261 4122 1404 4189 quod
1445 4123 1685 4191 c0gitant
1725 4124 1932 4191 dicunt,

2057 3186 2275 3257 ἔναρξιν
2333 3189 2742 3249 ὑποϐαλλόντων
2800 3197 2893 3249 καὶ
2936 3197 3063 3252 ἄλλο
3122 3218 3174 3255 τι
3219 3186 3639 3278 συμφορώτερον

2052 3278 2188 3351 ὅπερ
2219 3282 2541 3352 παρέλίπες.

2124 3368 2197 3434 ς’.
2238 3370 2302 3424 El
2327 3372 2383 3425 δὲ
2418 3374 2494 3445 μὴ
2549 3375 2693 3440 ίδίως
2719 3378 3111 3450 βουλεύσασθαι
3144 3426 3159 3451 ,
3208 3385 3346 3439 ἀλλά
3392 3387 3489 3442 καὶ
3517 3390 3638 3443 ἑτέ-

2054 3479 2181 3533 ρους
2247 3464 2582 3534 παραλαϐεῖν
2637 3470 2776 3542 πρὸς
2822 3473 2920 3545 τὴν
2960 3474 3245 3546 διάσκεψιν
3292 3476 3633 3550 βουληθείης,

2048 3556 2274 3609 σεαυτὸν
2314 3557 2518 3627 ὁμοίως
2572 3562 2859 3633 ἑτοίμασον
2904 3567 3113 3637 ἀπαθῆ,
3164 3568 3352 3639 ὥσπερ
3391 3570 3633 3640 είρηται,

2046 3645 2121 3708 ὡς
2155 3649 2202 3699 εί
2251 3649 2371 3701 καθ’
2417 3652 2609 3705 ἑαυτὸν
2650 3655 2978 3713 ἐϐουλεύσω.
3022 3660 3161 3724 Τοὺς
3187 3660 3245 3715 δὲ
3288 3662 3632 3733 συμϐούλους

2046 3738 2419 3823 περιλάμϐανε
2455 3744 2751 3816 ἐμπείρους
2811 3747 2903 3801 τοῦ
2952 3752 3299 3821 πράγματος,
3345 3772 3634 3825 προορατι-

2047 3829 2181 3898 κοὺς
2265 3832 2361 3884 καὶ
2436 3840 2864 3906 στοχαστικοὺς,
2933 3842 3239 3912 συμπαθεῖς
3318 3849 3414 3897 καὶ
3491 3848 3635 3911 ὀξεῖς

2040 3923 2120 3984 εἰς
2167 3922 2229 3975 rb
2296 3926 2486 3994 νοῆσαι
2538 3929 2632 3980 καὶ
2688 3929 2994 3998 ἀσφαλεῖς,
3054 3933 3178 3987 οὔτε
3227 3953 3308 3989 σοι
3366 3937 3446 4006 τῷ
3507 3940 3649 4007 βου--

2041 4013 2349 4087 λευσομένῳ
2389 4018 2696 4089 ὑπήκοντας
2738 4023 2881 4075 κατά
2924 4025 3105 4095 χάριν,
3162 4026 3286 4080 οὔτε
3332 4029 3410 4097 τῷ
3456 4029 3633 4099 κυρίῳ

2037 4106 2130 4157 τοῦ
2157 4108 2501 4178 πράγματος,
2534 4111 2658 4164 οὗτε
2687 4113 2961 4185 ἀλλήλοις,
2988 4116 3250 4185 λέγοντας
3270 4119 3415 4191 δὲτὸ
3436 4122 3627 4190 φαινό-

359 4216 455 4284 qui
494 4213 728 4285 simplici
753 4213 939 4268 animo
984 4225 1039 4268 et
1076 4214 1393 4283 incorrupto
1431 4222 1579 4279 sunt,
1616 4214 1934 4287 nullumque

2042 4216 2222 4269 μενον,
2255 4203 2540 4273 ἀκεραίους
2576 4222 2635 4257 τε
2684 4207 2783 4269 τὰς
2815 4210 3059 4278 γνώμας,
3096 4212 3185 4264 καὶ
3210 4213 3627 4283 ἀπροσκλινεῖς,

356 4322 423 4361 ex
458 4307 527 4360 iis
559 4306 723 4360 rebus
746 4305 958 4359 lucrum
982 4316 1253 4375 quaerunt,
1290 4306 1386 4360 sed
1417 4319 1483 4360 eo
1534 4306 1653 4375 ipso
1692 4314 1933 4377 tempore

2042 4291 2133 4343 καὶ
2196 4292 2468 4362 μηδεμίαν
2536 4294 2595 4361 ἐξ
2672 4297 2882 4351 ἑαυτῶν
2950 4302 3288 4371 παρέχοντας
3347 4304 3626 4375 επιϐολὴν,

357 4398 486 4473 quid
519 4398 755 4452 maxime
789 4397 920 4453 utile
945 4397 1014 4452 sit
1051 4398 1353 4467 explorant.

428 4491 483 4543 7.
538 4490 678 4545 Sunt
728 4492 908 4557 enim,
952 4490 1047 4559 qui
1096 4506 1218 4545 cum
1273 4490 1485 4543 lucrum
1531 4490 1785 4560 aliquod,
1834 4502 1930 4547 aut

1960 4431 2005 4486 Β
2035 4380 2173 4486 ἀλλά
2200 4386 2266 4454 τῇ
2298 4386 2435 4457 αὐτῇ
2474 4385 2593 4457 ὥρᾳ
2644 4388 2702 4440 rb
2742 4390 3167 4473 συμφορῴτερον
3204 4393 3625 4464 δοκιμάσαντας.

2105 4472 2170 4538 ζ’.
2203 4476 2323 4529 Είσὶ
2350 4480 2459 4549 γάρ
2485 4479 2629 4542 τινές
2657 4498 2710 4533 τι
2739 4484 2796 4535 ὲν
2825 4472 3038 4547 ἑαυτοῖς
3063 4485 3298 4555 ὁρῶντες
3329 4486 3457 4540 ίδιον
3482 4505 3625 4558 συμ-

356 4599 471 4649 eos,
516 4599 658 4652 quos
702 4583 900 4638 charos
941 4584 1141 4647 habent
1180 4592 1341 4651 atque
1379 4582 1631 4652 diligunt,
1663 4585 1934 4652 pertinere

2042 4568 2200 4639 φέρον
2234 4569 2442 4640 ἑτέροις
2497 4571 2592 4634 οὒς
2637 4573 2946 4641 ἀγαπῶσιν,
2983 4576 3015 4646 ἣ
3066 4577 3322 4648 κήδονται
3360 4579 3456 4631 καὶ
3498 4582 3623 4633 ἐπι-

358 4690 519 4748 posse
542 4674 744 4739 vident,
768 4684 937 4727 totam
958 4673 1353 4740 judicationcm
1380 4673 1454 4727 rei
1479 4690 1545 4725 eo
1568 4674 1933 4741 transferunt;

356 4779 409 4823 et
437 4768 564 4837 quia
590 4767 896 4837 pertinaces
922 4776 1067 4831 sunt,
1089 4768 1403 4821 universum
1432 4766 1721 4821 consilium
1743 4766 1811 4819 ab
1830 4767 1935 4821 uti-

356 4859 510 4913 litate
531 4857 808 4912 communi
844 4857 911 4911 ad
944 4857 1020 4920 id,
1050 4856 1194 4925 quod
1231 4855 1332 4925 ipsi
1366 4856 1576 4919 volunt,
1608 4855 1904 4909 deducunt.

422 4948 476 5001 8.
510 4946 566 5000 In
599 4949 763 5003 rebus
784 4949 1016 5003 occultis
1048 4957 1102 5002 et
1146 4948 1344 5001 abditis
1383 4947 1567 5002 ﬁdeles
1595 4946 1794 5000 adhibe
1842 4947 1935 5002 tibi

354 5049 411 5093 ct
440 5047 806 5110 temperantes
848 5040 1016 5105 viros,
1050 5051 1104 5096 et
1138 5040 1466 5103 taciturnos,
1500 5048 1556 5094 et
1597 5038 1689 5107 qui
1727 5038 1782 5092 in
1814 5053 1933 5103 sua,

355 5141 410 5185 ct
432 5146 539 5185 non
562 5131 795 5186 aliorum
828 5142 1095 5200 potestate
1112 5140 1260 5199 sunt,
1285 5147 1408 5186 cum
1435 5140 1659 5186 secreta:
1688 5144 1774 5184 res
1797 5129 1935 5194 istm,

355 5232 416 5275 ut
447 5223 769 5279 secretiores
785 5223 936 5291 ﬁant,
969 5225 1192 5280 minime
1220 5224 1287 5278 ad
1319 5223 1764 5293 cognoscendum
1795 5222 1935 5275 mul-

358 5313 589 5368 titudine
621 5314 888 5384 indigent.

433 5404 487 5458 9.
513 5403 759 5461 Delibera
788 5406 960 5471 tarde,
987 5407 1089 5461 nisi
1122 5407 1304 5477 aliqua
1335 5408 1631 5463 necessitas
1675 5406 1929 5463 celerita-

359 5503 468 5548 tem
502 5496 762 5563 requirit;
806 5496 897 5549 ubi
929 5497 1293 5563 consulueris,
1349 5497 1394 5551 si
1443 5497 1652 5552 nullum
1702 5497 1930 5568 impedi--

355 5592 599 5640 mentum
634 5586 728 5650 sit,
758 5596 969 5642 mature
1005 5585 1190 5642 facito.

432 5674 516 5731 10.
546 5672 783 5746 Tempus
812 5685 866 5733 et
896 5677 1096 5745 locum,
1124 5678 1578 5749 quemadmodum
1614 5678 1928 5751 praedictum

2040 4662 2334 4713 σκέπονται
2377 4661 2475 4731 τὴν
2528 4665 2709 4735 κρίσιν
2755 4666 2848 4719 τοῦ
2895 4668 3240 4739 πράγματος,
3288 4670 3381 4721 καὶ
3427 4670 3625 4725 πολλά-

2038 4767 2125 4814 κις
2174 4752 2275 4804 οὐκ
2343 4752 2636 4819 ἐνδιδόντες
2697 4759 3107 4829 παρατρέπουσι
3160 4759 3259 4828 τὴν
3328 4758 3555 4832 γνώμην
3595 4760 3625 4814 ὃ

2076 4846 2343 4901 οὑλονται.

2076 4846 2343 4901 οὑλονται.

2044 4846 2073 4914 β
2108 4936 2180 5007 η’.
2229 4938 2354 4991 Ἐπὶ¹
2379 4939 2437 4993 δὲ
2466 4939 2575 4993 τῶν
2597 4942 2926 5014 ἀπορρήτων
2961 4945 3055 4998 καὶ
3082 4945 3341 5015 κρυπτῶν
3362 4948 3623 5017 πραγμά-

2033 5044 2145 5082 των
2192 5031 2287 5083 καὶ
2320 5033 2547 5095 πιστοὺς
2578 5034 3000 5105 παραλάμϐανε,
3041 5036 3138 5090 καὶ
3168 5038 3477 5109 ἐγκρατεῖς,
3530 5041 3625 5093 καὶ

2040 5122 2358 5191 μυστηρίων
2413 5124 2680 5192 φύλακας,
2717 5128 2809 5179 καὶ
2846 5127 2921 5197 μὴ
2957 5128 3064 5180 ὑπὸ
3099 5127 3200 5198 τὴν
3236 5129 3438 5199 ἑτέρων
3469 5130 3624 5196 ἀξου-

2031 5211 2152 5263 σίαν
2184 5212 2362 5279 ὄντας,
2398 5214 2585 5269 ἄλλοτε
2615 5217 2750 5287 μηδὲ
2773 5218 2871 5288 τῆς
2900 5218 3087 5289 χρείας
3110 5218 3315 5290 ταύτης
3339 5219 3621 5283 πλείστους

2035 5300 2295 5372 δεομένης
2323 5304 2412 5359 διὰ
2438 5306 2498 5359 rb
2539 5306 2966 5380 μυστικώτερον.

2112 5397 2140 5449 θ
2163 5437 2175 5450 .
2214 5397 2324 5450 Καὶ
2365 5397 2622 5467 βουλεύου
2663 5402 2763 5470 μὲν
2787 5400 3053 5471 βραδέως,
3086 5401 3136 5474 εί
3164 5401 3241 5473 μή
3274 5419 3360 5466 τις
3378 5402 3537 5473 χρεία
3560 5402 3623 5455 rb

2039 5492 2201 5561 τάχος
2250 5491 2507 5543 ἀπαιτεῖ·
2562 5493 2632 5545 τά
2678 5492 2735 5545 δὲ
2780 5492 3137 5562 βουλευθέντα
3194 5510 3299 5559 σοι,
3353 5497 3402 5547 εί
3456 5494 3621 5564 μηδὲν

2041 5582 2332 5654 ἐμποδίζῃ.
2359 5582 2567 5654 ταχέως
2598 5583 2856 5637 ἐπιτέλει.

2114 5677 2195 5733 ιε’.
2228 5679 2432 5751 Καιρὸν
2460 5678 2631 5752 δὲ,ὠς
2656 5680 2890 5753 εἴρηται,
2924 5683 3017 5738 καὶ
3048 5684 3210 5738 τόπον
3236 5683 3436 5753 ὁμοίως
3470 5679 3623 5735 ἐκλέ-
