4080 6218
452 213 556 277 €97

1540 211 1872 271 TACTICA.
1896 238 1964 248 --
1994 211 2498 272 CONSTITUTIO
2541 213 2638 271 ιν.

3586 217 3692 279 69%

441 347 540 400 γου
570 329 666 382 καὶ
700 327 1075 390 κατασκεύαζε
1101 325 1180 396 τῷ
1205 327 1489 398 πράγματι
1519 327 1738 388 οἰκεῖον,
1773 325 1912 396 πλὴν
1945 326 2019 395 μὴ

2141 334 2227 387 est.
2277 325 2356 380 rei
2403 325 2660 379 idoneum
2690 324 2846 395 elige.
2875 321 2982 378 Sed
3024 325 3092 379 de
3135 339 3198 380 ea
3245 324 3453 382 referas
3491 343 3600 382 non
3639 331 3708 386 ad

442 423 536 478 ἐπὶ
563 423 648 476 σοὶ
683 423 828 494 μόνῳ
863 421 1103 492 ἁνάφερε
1131 419 1230 490 τὴν
1281 420 1412 490 περ)⁵
1441 419 1646 472 τούτων
1673 418 1876 489 κρίσιν,
1905 418 2022 472 ἀλλ’

443 513 536 567 ἐπὶ
563 513 769 575 πάντας
795 512 922 574 τοὺς
945 509 1337 573 κοινωνοῦντας
1363 509 1440 580 τῷ
1469 508 1756 579 πράγματι
1777 507 1896 575 ἅμα
1919 522 2021 560 σοι.

447 605 555 658 Καὶ
601 603 656 658 τί
705 603 805 675 μὲν
858 603 978 656 δέον
1027 619 1087 655 σε
1142 602 1348 674 πρᾶξαι
1405 600 1640 656 σκέπτου
1669 639 1684 662 ,
1729 599 1824 651 καὶ
1887 597 2026 667 μετὰ

445 696 705 749 πλειόνων
751 693 1031 765 βουλεύου,
1074 693 1110 748 ἃ
1141 693 1197 746 δὲ
1230 693 1435 762 πρᾶξαι
1465 689 1754 762 βουλεύσῃ,
1791 688 1887 741 σὺν
1910 688 2026 741 όλί-

443 804 581 856 γοις.
610 785 722 856 Τὴν
765 785 822 837 δὲ
855 784 1110 838 καλλίονα
1157 785 1383 852 γνώμην
1407 780 1795 850 ἐπιλεξάμενος
1828 781 2025 848 κάτεχε

445 878 598 948 παρὰ
626 877 856 947 σεαυτῷ,
887 875 976 930 ἵνα
1009 876 1084 946 μὴ
1115 876 1227 937 τοῖς
1255 873 1522 937 ἐναντίοις
1567 871 1885 942 καταφανὴς
1933 871 2026 923 καὶ

445 969 503 1023 εὖ
539 969 922 1031 έπιϐούλευτος
951 965 1234 1036 γενέσθαι.

519 1061 608 1114 ια’.
653 1059 735 1112 Τὰ
781 1060 837 1113 δὲ
888 1059 1192 1130 πράγματα
1243 1056 1494 1120 πλείονας
1547 1054 1845 1127 χορηγοῦσι
1899 1053 2027 1115 τοὺς

447 1153 683 1215 σκοποὺς
726 1151 877 1214 ἴσως.
916 1150 1013 1212 Τίς
1054 1149 1376 1219 περίστασις
1421 1149 1485 1200 ὲκ
1519 1149 1735 1201 πάντων
1777 1145 1887 1216 τῶν
1935 1161 2030 1214 με·

449 1244 559 1315 ρῶν
629 1242 839 1312 φανερά
886 1241 1119 1310 γένηται
1169 1241 1283 1301 τοῖς
1346 1237 1803 1308 συνκεκλημένοις
1857 1237 1915 1289 ὲν
1961 1237 2028 1306 τῇ

450 1333 609 1405 βουλῇ
641 1329 1059 1402 συμϐαλλομένη
1087 1333 1154 1402 τῇ
1188 1330 1382 1400 γνώμῃ
1412 1329 1513 1399 τῆς
1545 1328 1878 1399 συμϐουλῆς.

522 1507 605 1578 ιβ’.
638 1509 854 1571 Πάντας
880 1507 935 1559 δὲ
959 1504 1066 1578 χρὴ
1091 1507 1276 1577 ῥέπειν
1316 1508 1410 1560 καὶ
1440 1505 1754 1575 συντρέχειν
1791 1504 1872 1567 εἰς
1906 1503 2031 1573 φιλ-

2127 416 2363 484 teipsum
2411 415 2612 478 solum,
2646 414 2742 469 sed
2797 413 2964 468 etiam
3013 415 3082 470 ad
3135 430 3349 481 omnes,
3388 416 3484 487 qui
3523 427 3707 474 tecum

2130 505 2345 561 consilii
2380 505 2674 575 participes
2709 504 2948 568 fuerant,
2995 514 3050 560 et
3090 505 3222 576 quid
3263 505 3410 561 facto
3458 522 3596 578 opus
3639 511 3711 566 sit

2131 610 2254 650 cum
2287 594 2478 650 multis
2501 594 2778 649 delibera:
2809 608 2932 664 quae
2950 609 3082 648 vero
3116 609 3277 665 agere
3296 597 3560 659 volueris.
3583 612 3710 654 cum

2131 687 2322 757 paucis
2372 687 2740 753 communica,
2789 697 2844 742 et
2898 687 2990 742 ubi
3035 689 3304 758 optimum
3348 703 3416 743 ex
3453 691 3711 747 omnibus

2132 779 2425 834 consilium
2461 779 2692 849 ceperis,
2731 779 2874 849 apud
2909 788 2960 834 te
2997 780 3174 834 solum
3224 789 3365 844 tene,
3406 795 3476 834 ne
3519 782 3712 838 adver-

2133 871 2293 928 sariis
2315 872 2419 928 hoc
2441 871 2730 938 indicetur,
2763 880 2820 927 et
2849 871 3066 927 insidiis
3089 870 3306 926 illorum
3337 881 3614 943 appetare.

2200 1048 2286 1102 11.
2317 1048 2423 1103 Res
2454 1049 2585 1118 ipsae
2619 1049 2861 1104 diversas
2890 1058 2944 1104 et
2976 1049 3242 1118 plurimas
3292 1064 3437 1118 saepe
3467 1049 3709 1108 alierum

2136 1141 2466 1206 sententias;
2507 1140 2756 1196 fortassis
2780 1152 2960 1194 autem
2993 1142 3199 1211 quaevis
3236 1155 3325 1196 res
3349 1142 3712 1197 circumstans

2135 1232 2285 1285 omni
2313 1246 2380 1285 ex
2410 1239 2562 1300 parte
2589 1231 2880 1284 manifesta
2917 1231 3027 1295 (let,
3057 1231 3103 1284 si
3151 1231 3383 1300 singula:
3433 1233 3714 1286 consulto-

2135 1334 2256 1374 rum
2285 1321 2568 1375 sententia:
2600 1320 2744 1374 inter
2780 1320 3194 1375 deliberandum
3233 1321 3284 1374 in
3321 1337 3490 1376 unum
3529 1321 3714 1378 confe-

2139 1422 2344 1466 rantur.

2207 1502 2293 1556 12.
2330 1501 2532 1557 Omnes
2573 1515 2756 1557 autem
2786 1503 2982 1557 debent
3021 1503 3128 1556 huc
3187 1512 3433 1572 spectare
3473 1514 3528 1558 et
3580 1521 3712 1560 eon-

450 1598 624 1671 αλήθη
678 1599 769 1651 καὶ
810 1597 992 1669 άπαθῆ
1039 1599 1356 1668 συζήτησιν,
1406 1599 1500 1652 καὶ
1544 1595 1889 1668 κηδεμονίαν,
1935 1594 2032 1648 καὶ

2141 1593 2323 1646 venire
2391 1593 2459 1646 ad
2510 1593 2714 1647 salvam
2778 1603 2939 1661 atque
2997 1594 3219 1646 illmsam
3303 1595 3708 1651 multitudinem

453 1689 708 1760 πρόνοιαν
730 1688 824 1742 τοῦ
849 1689 1299 1760 συγκαλέσαντος.

527 1861 613 1931 ιγ’.
652 1862 817 1926 Τέλος
859 1861 916 1915 δὲ
960 1862 1058 1932 τῆς
1093 1861 1287 1930 βουλῆς
1333 1859 1473 1912 ἔστω
1510 1876 1592 1912 σοι
1637 1859 1698 1912 τὸ
1739 1857 2030 1928 εὑρεθῆναι

453 1957 533 2018 εἰς
553 1955 778 2025 πράξεις
811 1956 904 2008 καὶ
932 1955 1049 2018 πῶς
1087 1953 1338 2026 πράξεις,
1374 1955 1469 2008 καὶ
1494 1954 1621 2016 ποῦ,
1649 1953 1744 2005 καὶ
1783 1953 1936 2015 πότε,
1984 1952 2032 2003 εί

457 2047 534 2118 μὴ
562 2048 796 2118 πράξῃς,
819 2047 916 2100 καὶ
947 2046 1039 2099 διὰ
1064 2046 1118 2099 τί
1147 2046 1256 2116 ἄρα
1280 2046 1341 2098 ού
1373 2045 1625 2115 πράξεις.

524 2138 604 2192 ιδ’.
649 2140 738 2192 Ἐν
762 2134 843 2202 οἷς
871 2139 929 2192 δὲ
961 2136 1192 2208 βουλεύῃ
1228 2137 1323 2190 καί
1359 2139 1416 2190 ὲν
1453 2139 1567 2200 τοῖς
1594 2135 1927 2206 ἐμπίπτουσι
1963 2137 2030 2206 τῇ

457 2229 621 2301 βουλῇ
647 2232 867 2293 σκοποῖς
900 2229 1213 2299 συντρέχειν
1237 2228 1317 2280 δεῖ
1340 2226 1458 2298 ἅμα
1485 2228 1578 2281 καὶ
1599 2227 1661 2280 τὸ
1690 2227 1915 2282 δυνατὸν
1941 2228 2035 2281 καὶ

456 2318 518 2370 τὸ
549 2317 827 2389 συμφέρον
847 2332 861 2346 '
897 2315 1101 2369 τούτων
1123 2317 1232 2387 γάρ
1256 2311 1395 2369 εἶναι
1429 2315 1504 2386 μὴ
1529 2316 1844 2385 δυναμένων
1870 2316 2034 2370 ἀσθε-

456 2409 556 2480 νὴς
585 2410 621 2479 ἡ
658 2408 821 2478 βουλὴ
853 2408 950 2461 καὶ
991 2407 1196 2478 ματαία
1225 2406 1454 2460 αὐτόθεν
1486 2405 1621 2459 ούσα
1668 2410 2033 2474 κατανοείται,

459 2499 553 2552 καὶ
581 2498 771 2569 ὥσπερ
794 2500 852 2552 ἐν
887 2497 1008 2567 ὄψει
1029 2499 1064 2567 ἠ
1094 2497 1263 2568 αὐτῆς
1281 2497 1475 2565 ἀλογία
1511 2496 1786 2566 βλέπεται.

536 2671 618 2728 ιε’.
645 2673 711 2728 Ei
738 2673 847 2744 γὰρ
873 2673 947 2744 μὴ
979 2673 1249 2744 συμφέρει
1290 2691 1372 2727 σοι
1399 2675 1535 2745 ὅπερ
1567 2675 1635 2729 ἂν
1663 2675 1946 2750 βουλεύσῃ,
1976 2677 2038 2730 ού

466 2764 625 2835 μόνον
669 2763 770 2817 ούκ
810 2763 1139 2834 ὠφελήσεις,
1181 2763 1319 2817 ἀλλὰ
1353 2765 1553 2833 μᾶλλον
1581 2768 1675 2819 καὶ
1698 2765 1939 2836 βλάψεις.
1978 2769 2040 2821 Et

462 2856 508 2910 δ’
530 2851 598 2909 αὖ
632 2855 796 2909 πάλιν
816 2856 878 2909 οὐ
911 2855 1136 2908 δύνασαι
1183 2855 1253 2908 τὰ
1285 2853 1641 2925 βουλευθέντα
1681 2856 1904 2928 πρᾶξαι,
1931 2876 2038 2929 μα-

2056 1679 2100 1734 Β
2131 1689 2588 1752 conservandam,
2614 1697 2668 1742 et
2706 1688 2770 1742 ad
2806 1703 2993 1742 curam
3055 1687 3534 1759 provisionemque
3569 1691 3710 1760 ejus,

2132 1781 2224 1847 qui
2259 1794 2355 1833 eos
2393 1780 2713 1834 convocavit
2747 1779 3172 1847 suscipiendam.

2204 1869 2291 1923 15.
2329 1870 2478 1925 Finis
2505 1873 2720 1926 consilii
2754 1873 2826 1926 sit
2850 1871 2966 1936 tibi,
3013 1883 3070 1926 ut
3107 1888 3410 1942 cognoscas
3448 1875 3500 1928 in
3553 1875 3714 1930 rebus

2133 1963 2405 2030 gerendis,
2439 1962 2531 2017 ubi
2560 1973 2614 2016 et
2635 1964 2855 2033 quando
2875 1966 3165 2034 agendum,
3191 1967 3275 2020 vel
3307 1982 3414 2020 non
3445 1968 3712 2037 agendum

2133 2052 2225 2119 sit,
2259 2062 2313 2108 et
2345 2070 2452 2124 qua
2482 2055 2547 2110 de
2572 2070 2736 2109 causa
2775 2057 3012 2125 quidque
3043 2057 3333 2127 agendum.

2204 2145 2292 2198 M.
2327 2143 2385 2198 In
2409 2145 2802 2201 deliberatione
2827 2155 2938 2212 tua,
2969 2156 3020 2201 et
3051 2148 3104 2200 in
3125 2149 3381 2202 omnibus
3406 2152 3712 2214 sententiis.

2133 2253 2256 2306 qua:
2299 2236 2353 2292 in
2404 2237 2858 2294 deliberationem
2905 2240 3155 2301 veniunt,
3207 2240 3400 2295 adesse
3451 2241 3565 2296 haec
3606 2242 3716 2296 duo

2134 2337 2349 2398 oportet
2388 2343 2593 2398 :posse
2639 2328 2770 2382 illud
2823 2328 2962 2392 ﬁeri,
3018 2336 3181 2398 atque
3209 2331 3338 2385 utile
3388 2347 3546 2399 esse;
3603 2333 3718 2388 haec

2135 2420 2278 2473 enim
2311 2420 2441 2483 duo,
2465 2420 2510 2474 si
2565 2434 2671 2473 non
2699 2418 2901 2482 adsint,
2947 2418 3222 2473 infirmum
3270 2423 3554 2477 consilium
3597 2441 3718 2479 esse

2135 2519 2186 2565 et
2218 2513 2567 2565 temerarium
2621 2511 2802 2565 statim
2867 2512 3320 2580 deprehenditur,
3382 2517 3539 2584 quasi
3592 2525 3720 2572 ante

2136 2601 2324 2657 oculos
2350 2601 2493 2654 illius
2523 2599 2716 2654 vitium
2754 2600 3016 2654 cernitur.

2209 2692 2297 2745 15.
2335 2690 2392 2745 Si
2432 2691 2576 2744 enim
2617 2690 2810 2746 inutile
2858 2691 2930 2744 sit
2991 2691 3060 2745 de
3109 2708 3220 2762 quo
3271 2692 3558 2759 deliberas,
3613 2711 3722 2751 non

2139 2783 2300 2838 modo
2326 2781 2787 2847 commodaberis,
2820 2796 3010 2835 verum
3048 2784 3214 2836 etiam
3244 2782 3476 2840 hederis.
3509 2784 3566 2839 Si
3595 2802 3723 2842 vero

2141 2888 2250 2928 non
2276 2880 2510 2941 possunt
2536 2872 2604 2926 de
2627 2871 2830 2942 quibus
2853 2871 3216 2925 deliberatum
3246 2883 3330 2926 est
3365 2875 3574 2942 perlici,
3609 2877 3724 2931 ina-

461 2947 589 3000 ταία
634 2948 668 3017 ἡ
703 2945 985 3016 διάσκεψις
1021 2946 1101 3009 είς
1143 2945 1371 3016 ἀνόητον
1405 2946 1559 3009 τέλος
1587 2947 1674 2999 διὰ
1699 2947 1800 3018 τὴν
1839 2950 2040 3002 ἀδυνα-

2143 2963 2226 3016 nis
2256 2961 2372 3016 bare
2401 2961 2770 3015 consideratio
2800 2961 2866 3014 ad
2920 2963 3272 3014 temerarium
3302 2965 3534 3027 exitum,
3573 2964 3722 3034 quod

470 3037 599 3108 μίαν
636 3036 985 3091 καταντῶσα.
1033 3036 1285 3090 Μάλιστα
1309 3035 1366 3089 δὲ
1396 3037 1502 3108 χρὴ
1542 3037 1902 3106 φυλάττεσθαι
1940 3041 2040 3104 τὰς

468 3129 772 3201 προχείρως
830 3127 1210 3199 ὲμφερομένας
1238 3129 1296 3182 ἐν
1323 3130 1436 3191 τοῖς
1478 3128 1766 3200 πράγμασι
1812 3130 2037 3200 βλάϐας,

467 3223 562 3276 καὶ
616 3222 722 3292 γὰρ
777 3223 828 3274 oi
877 3221 1060 3275 πολλοὶ
1099 3221 1308 3291 ἕτοιμοί
1341 3222 1446 3275 είσι
1474 3223 1596 3286 ταῖς
1638 3223 1736 3293 μὲν
1765 3226 2041 3295 φροντίσιν

469 3313 786 3384 εὐφραίνειν
832 3311 1079 3380 ἑαυτοὺς,
1105 3312 1167 3366 τὸ
1204 3311 1260 3366 δὲ
1292 3311 1563 3382 ἐμπίπτον
1586 3312 1688 3384 τῆς
1734 3313 1936 3384 βλάϐης
1967 3315 2042 3386 μὴ

472 3407 635 3478 προϐ)
649 3408 820 3460 ἐπειν.

543 3585 637 3652 ις’.
657 3588 702 3639 Χ
712 3585 1061 3656 ρησιμωτάτη
1084 3583 1176 3637 οὖν
1207 3583 1356 3636 ἐστιν
1377 3582 1612 3638 ἐνταῦθα
1639 3585 1676 3654 ὴ
1705 3583 2044 3653 πανταχόθεν

471 3677 817 3750 περίσκεψις,
869 3677 965 3729 καὶ
1027 3676 1246 3729 πάντων
1288 3673 1400 3729 τῶν
1440 3673 1681 3727 δυνατῶν
1731 3673 1983 3742 γενέσθαι
2014 3675 2043 3727 ό

473 3773 600 3842 περὶ
634 3770 731 3841 τὴν
771 3768 962 3837 σκέψιν
1014 3766 1415 3837 ἀναλογισμός’
1477 3765 1539 3818 ού
1593 3767 1703 3836 γὰρ
1747 3763 2046 3837 προδώσεις

474 3860 664 3914 ἑαυτὸν
710 3857 1013 3930 προπετείᾳ
1041 3857 1238 3928 τυφλῇ,
1278 3856 1400 3910 οὐδὲ
1427 3858 1548 3920 ταῖς
1579 3856 1896 3926 ἐπιθυμίαις
1935 3855 2046 3908 τῶν

377 4005 385 4014 ,
477 3951 730 4023 πράξεων
761 3950 1098 4020 γλυκόμενος
1125 3949 1203 4012 είς
1234 3948 1538 4020 προδήλους
1563 3948 1844 4011 κινδύνους
1871 3947 2046 4019 ἐμπέ-

681 4134 852 4188 Πάλιν
901 4132 960 4186 δὲ
998 4132 1061 4185 τὸ
1089 4129 1262 4185 δειλὸν
1312 4129 1408 4185 καὶ
1455 4129 1690 4200 θάρσους
1739 4128 1908 4198 χωρὶς
1948 4122 2049 4182 ούκ

478 4227 624 4279 ἔστιν
653 4224 889 4288 ἀϐλαϐές
911 4239 930 4258 ο
977 4221 1310 4292 φοϐούμενος
1337 4220 1447 4291 γὰρ
1466 4221 1534 4274 τὰ
1557 4219 1726 4288 ἄλογα
1754 4219 2049 4289 παραπτώ-

2145 3053 2198 3108 id
2231 3053 2349 3107 ﬁeri
2379 3052 2528 3106 nullo
2551 3053 2710 3106 modo
2739 3060 2836 3105 aut
2856 3050 2938 3104 via
2964 3059 3164 3120 potest,
3204 3052 3520 3107 necessario
3553 3055 3723 3122 ρει·ιίδ

2147 3153 2258 3201 net.
2285 3143 2342 3198 ln
2381 3144 2572 3214 primis
2597 3155 2780 3198 autem
2816 3144 2992 3197 vitare
3017 3151 3228 3212 oportet
3259 3157 3352 3198 eas
3375 3143 3710 3201 oﬂensiones

2146 3253 2269 3308 qua:
2303 3236 2356 3290 in
2389 3245 2644 3305 promptu
2690 3244 2819 3301 sunt
2851 3252 2863 3288 :
2900 3232 3094 3302 vulgus
3123 3232 3270 3286 enim
3321 3233 3605 3288 hominum
3643 3252 3726 3291 so-

2147 3328 2222 3383 let
2261 3341 2444 3383 rerum
2495 3325 2802 3379 futurarum
2840 3322 3264 3394 cogitationibus
3315 3324 3526 3393 seipsos
3573 3326 3724 3380 oble-

2149 3425 2317 3475 ctare.
2369 3412 2698 3466 offensiones
2739 3420 2922 3465 autem
2975 3411 3396 3466 circumstantes
3443 3414 3726 3482 providere

2148 3517 2257 3556 non
2284 3502 2441 3556 solet.

2219 3594 2306 3647 16.
2341 3591 2642 3648 Utilissima
2683 3599 2864 3646 autem
2905 3599 2989 3644 est
3031 3590 3083 3643 in
3116 3605 3307 3646 omnes
3346 3599 3529 3661 partes
3554 3591 3724 3646 animi

2152 3684 2307 3755 quasi
2328 3683 2634 3746 exculialio,
2653 3691 2706 3736 et
2732 3696 2923 3735 eorum
2951 3695 3074 3749 quae
3098 3681 3204 3734 ulla
3224 3681 3434 3735 ratione
3468 3681 3581 3735 ﬁeri
3606 3698 3728 3751 pos-

2153 3785 2280 3831 sunt
2313 3775 2364 3829 in
2402 3760 2816 3829 considerandis
2846 3770 3010 3827 rebus
3044 3772 3396 3840 pertractatio
3431 3790 3444 3825 :
3480 3773 3554 3826 ita
3573 3774 3725 3828 enim

2153 3872 2243 3924 [iet
2267 3877 2326 3922 ut
2357 3880 2534 3936 neque
2569 3865 2798 3934 teipsum
2829 3863 2996 3918 nimis
3036 3877 3193 3918 εποδε
3227 3863 3517 3916 temeritati
3561 3879 3729 3932 expo-

2153 3977 2273 4021 nas.
2314 3973 2413 4013 nec
2448 3972 2642 4011 rursus
2664 3956 2831 4009 nimia
2862 3970 3048 4009 rerum
3087 3953 3381 4023 cupiditate
3415 3955 3646 4022 illectus,
3672 3957 3726 4010 in

2153 4051 2500 4108 manifestum
2524 4048 2739 4117 aliquod
2766 4047 3060 4103 discrimen
3095 4047 3328 4101 incidas.

2222 4143 2307 4196 17.
2332 4143 2546 4196 Rursus
2573 4140 2736 4194 timor
2760 4139 2967 4206 absque
2994 4136 3100 4191 ulla
3126 4136 3354 4190 audacia
3389 4151 3422 4190 a
3453 4137 3588 4189 vitio
3619 4150 3729 4188 non

2156 4235 2308 4290 abest
2335 4252 2348 4288 :
2374 4242 2429 4288 et
2469 4231 2565 4302 qui
2595 4229 2820 4299 quosvis
2856 4227 3179 4282 temerarios
3232 4241 3396 4280 casus
3448 4225 3728 4289 formidat,

483 4333 650 4386 ματα,
717 4316 810 4370 καὶ
859 4315 930 4368 τὰ
987 4312 1207 4366 ἐναντία
1275 4328 1356 4364 σοι
1409 4310 1668 4364 δοκοῦντα
1721 4311 2040 4381 παραλόγως

2159 4337 2362 4384 temere
2391 4339 2532 4394 sape
2566 4322 2831 4376 adversus
2858 4319 3100 4387 seipsum
3141 4315 3310 4370 multa
3346 4314 3498 4379 facit,
3528 4324 3584 4370 et
3610 4331 3734 4384 quae

477 4404 1022 4476 πραγματευόμενος,
1080 4399 1344 4463 πολλάκις
1385 4399 1494 4454 τῶν
1543 4399 1926 4470 συμφερόντων
1963 4418 2040 4458 σοι

2148 4431 2215 4470 ex
2270 4429 2370 4468 usu
2429 4425 2533 4466 suo
2575 4420 2705 4464 sunt
2753 4406 2997 4479 negligit,
3063 4414 3120 4461 et
3174 4404 3245 4460 ab
3285 4404 3510 4461 utilibus
3568 4405 3734 4460 rebus

479 4495 818 4568 πραγμάτων
855 4493 1267 4565 κατημέλησας,
1309 4492 1408 4545 καὶ
1447 4492 1548 4563 τῆς
1586 4491 1766 4546 αὐτῶν
1809 4493 2054 4565 ἀπέστης

480 4585 754 4657 πράξεως.

553 4674 644 4747 ιη’.
685 4675 841 4729 Οὕτω
869 4675 969 4746 μὲν
1015 4671 1106 4729 οὖν
1148 4693 1232 4729 σοι
1264 4675 1353 4729 διὰ
1384 4674 1652 4747 βραχέων,
1687 4669 1734 4729 ὦ
1757 4692 2053 4747 στρατηγε,

481 4769 610 4839 περὶ
641 4767 836 4839 βουλῆς
876 4766 1256 4833 διεξελθόντες,
1288 4767 1419 4837 ἑξῆς
1442 4767 1656 4838 καὶτῆς
1689 4766 1798 4820 τῶν
1833 4767 2058 4838 πολεμι-

483 4859 595 4913 κῶν
629 4859 807 4930 ἔργων
842 4875 903 4910 τε
949 4861 1046 4911 καὶ
1100 4857 1354 4928 πράξεων
1379 4858 1646 4927 τακτικῆς
1675 4855 2051 4927 ἀπαρξόμεθα.

1055 4966 1366 5019 ΔΙΔΤΑΞΙΣ
1399 4964 1473 5019 Δ’.

555 5083 696 5155 Περὶ
726 5081 1068 5150 διαιρέσεως
1094 5079 1354 5155 οζτρατοῦ
1376 5119 1391 5142 ,
1424 5082 1520 5131 καὶ
1563 5078 1980 5143 καταστάσεως

1109 5150 1437 5218 ἀρχόντων.

559 5243 629 5300 α’.
656 5243 967 5314 Κελεύομεν
1017 5243 1194 5295 τοίνυν
1227 5243 1294 5310 τῇ
1351 5242 1418 5310 σῇ
1452 5238 1753 5309 ἑνδοξότητι
1783 5239 1923 5292 κατὰ
1965 5239 2062 5308 τὴν

492 5343 696 5397 ἄνωθεν
737 5341 833 5396 καὶ
878 5341 938 5405 ea
995 5339 1171 5411 ἀρχῆς
1212 5337 1502 5408 συνήθειαν
1545 5334 1670 5396 τοὺς
1730 5333 2063 5404 στρατιώτας

493 5435 585 5489 καὶ
606 5434 732 5496 τοὺς
761 5432 1035 5503 ἄρχοντας
1069 5428 1249 5483 αὐτῶν
1288 5424 1663 5490 ἐπιλέξασθαι,
1693 5421 1789 5486 οὒς
1825 5424 1890 5477 ἂν
1922 5425 2067 5478 δοκι-

499 5526 678 5597 μάσῃς
717 5525 933 5589 ίκανοὺς
981 5520 1120 5577 εἶναι
1153 5522 1290 5593 πρὸς
1335 5520 1434 5591 τὴν
1465 5517 1561 5571 τοῦ
1592 5516 1830 5586 πολέμου
1851 5519 2059 5588 χρείαν.

510 5612 734 5686 Ἐκλέξῃ
775 5615 833 5669 δὲ
869 5612 1204 5686 στρατιώτας
1231 5613 1340 5666 ἀπὸ
1377 5609 1582 5674 παντὸς
1621 5608 1718 5662 τοῦ
1745 5609 1852 5664 ὑπὸ
1881 5610 1940 5662 σὲ
1974 5607 2062 5661 θέ-

2148 4503 2510 4576 suscipiendis
2539 4502 2818 4557 abhorret.

2221 4684 2310 4739 18.
2359 4680 2515 4735 Brevi
2571 4679 2755 4748 igitur,
2793 4691 2828 4732 ο
2861 4677 3186 4746 imperator,
3226 4689 3351 4729 cum
3383 4673 3451 4728 de
3496 4669 3732 4725 consilio

2161 4775 2424 4845 capiendo
2447 4771 2866 4842 disputavimus,
2911 4776 3084 4823 restat
3117 4775 3177 4821 ut
3212 4767 3279 4820 de
3322 4764 3488 4818 rebus
3524 4759 3738 4816 bellicis

2163 4874 2217 4923 et
2253 4865 2580 4920 militaribus
2607 4861 2916 4916 actionibus
2954 4858 3116 4913 verba
3163 4856 3448 4911 faciamus.

2655 4969 3116 5030 CONSTITUTIO
3159 4968 3247 5023 IV.

2237 5092 2312 5146 De
2333 5090 2592 5144 divisione
2614 5087 2902 5152 exercitus,
2934 5093 2984 5137 et
3006 5080 3391 5135 constituendis
3425 5079 3669 5133 ducibus.

2240 5249 2290 5302 1.
2322 5244 2677 5314 Praecipimus
2704 5245 2868 5314 igitur
2890 5239 3143 5311 dignitati
3174 5251 3282 5293 tua:
3311 5248 3393 5304 ut,
3441 5252 3539 5308 pro
3573 5246 3742 5291 veteri

2165 5351 2319 5391 more
2364 5333 2864 5402 consuetudineque
2895 5340 3012 5395 tua,
3042 5329 3238 5383 milites
3275 5335 3331 5381 et
3363 5327 3530 5382 duces
3568 5341 3635 5381 ex
3676 5326 3744 5380 iis

2167 5426 2356 5494 eligas,
2383 5438 2521 5493 quos
2542 5423 2610 5476 ad
2644 5423 2774 5478 belli
2813 5437 2973 5478 usum
2999 5419 3236 5475 maxime
3267 5417 3499 5472 idoneos
3526 5416 3746 5486 judica-

2167 5515 2334 5568 veris.
2369 5513 2448 5567 Ex
2483 5513 2633 5567 omni
2668 5513 2872 5569 ditione
2899 5513 3002 5568 sub
3036 5520 3190 5567 tuum
3219 5508 3508 5580 imperium
3558 5508 3746 5578 subje-

2170 5613 2259 5661 cta
2288 5604 2490 5663 milites
2519 5605 2687 5677 eliges
2719 5620 2899 5678 neque
2925 5603 3321 5670 adolescentes,
3355 5613 3534 5672 neque
3561 5612 3742 5662 senes,
