4100 6226
385 160 494 243 699

1662 162 1855 224 [ΕΘΝ
1868 163 1935 220 lS
1959 163 2059 221 ΡΠ
2072 163 2093 221 1
2106 162 2421 222 LOSOPHI

3540 170 3648 233 700

386 287 482 343 sed
516 286 710 352 fortes,
734 286 1014 351 robustos,
1039 286 1270 346 alacres,
1303 282 1524 344 divites,
1553 288 1612 333 ut
1638 279 1690 331 iu
1714 277 1965 345 expedito

2072 292 2260 344 ματος,
2291 288 2427 345 μητε
2452 274 2667 337 παῖδας,
2707 276 2843 344 μήτε
2870 276 3152 346 γέροντας,
3186 276 3318 328 ἀλλὰ
3350 277 3641 346 ἀνδρείους,

385 387 440 432 et
468 376 755 445 procinctu
796 391 919 431 cum
947 378 1077 440 sint,
1119 374 1170 427 id
1205 382 1311 435 est,
1350 373 1405 426 in
1437 371 1658 435 castris,
1690 378 1746 422 et
1776 368 1828 421 iu
1852 369 1970 437 ipso

387 479 533 524 caatu
565 481 629 521 ac
666 468 1013 521 multitudine
1043 464 1341 527 exercitus,
1388 462 1535 532 quod
1572 461 1736 515 hodie
1763 458 1969 514 Fossa—

388 571 503 614 tum
531 559 884 627 appellamus.
919 557 986 610 ad
1020 570 1131 609 rem
1168 554 1430 623 privatam
1482 566 1637 607 suam
1677 560 1732 604 et
1785 550 1971 603 dome-

388 653 577 705 sticam
598 648 753 715 quasi
774 647 1034 700 militiam
1069 654 1365 714 occupatos
1397 643 1545 696 domi
1575 642 1811 695 habeant
1832 640 1970 693 alios

389 739 674 809 agricolas,
715 746 767 790 et
796 746 858 789 ut
887 746 1243 797 armaturam,
1289 741 1486 787 caztera
1522 746 1644 801 quas
1672 729 1826 783 militi
1874 742 1971 782 ne-

387 830 622 884 cessaria
658 836 806 889 sunt,
835 826 1257 880 subministrare
1288 824 1500 893 possint
1528 838 1543 886 ;
1586 831 1640 874 et
1674 830 1733 873 ut
1766 819 1970 873 liberas

388 921 594 975 interea
624 920 766 974 aedes
795 920 863 972 ab
895 920 1041 973 omni
1066 919 1170 971 alia
1196 918 1409 987 publica
1427 916 1690 970 servitute
1711 915 1968 967 habeant.

386 1009 643 1063 Nostrum
694 1009 838 1062 enim
874 1008 1312 1061 commilitonem
1347 1007 1493 1071 (nam
1528 1006 1609 1059 sic
1654 1020 1778 1058 eum
1805 1018 1967 1059 voca-

388 1115 532 1158 nms,
560 1098 652 1166 qui
685 1113 782 1166 pro
812 1106 1003 1152 nostro
1035 1112 1207 1166 regno
1257 1106 1308 1149 ct
1335 1096 1581 1149 Romano
1611 1096 1713 1148 hoc
1737 1093 1968 1162 imperio

387 1199 669 1243 strenuum
710 1204 769 1243 se
815 1189 868 1241 in
919 1189 1061 1242 bello
1104 1187 1355 1257 gesserit)
1401 1189 1680 1250 uolumus,
1731 1196 1789 1241 ut
1843 1187 1969 1241 ullae

386 1280 651 1349 cujusque
677 1279 820 1333 modi
855 1279 1104 1334 servituti
1134 1279 1240 1334 nisi
1286 1280 1491 1333 tributo
1519 1280 1736 1347 publico
1794 1277 1969 1346 subji-

385 1372 580 1425 ciatur.

458 1548 513 1600 2.
562 1546 845 1601 Dividatur
897 1545 1059 1614 igitur
1108 1544 1397 1598 universus
1447 1544 1550 1598 sub
1594 1543 1827 1611 imperio
1870 1553 1965 1596 tuo

388 1639 657 1692 exercitus
694 1638 747 1690 in
781 1643 1041 1706 tagmata,
1094 1635 1209 1690 sive
1242 1633 1440 1698 banda,
1474 1634 1524 1687 id
1569 1643 1671 1698 est,
1717 1634 1969 1688 cohortes

390 1730 632 1781 diversas
653 1744 667 1792 ;
692 1742 768 1781 ea:
789 1740 1008 1795 quoque
1027 1724 1336 1779 tribuantur
1351 1724 1407 1777 in
1443 1723 1834 1788 contubernia;
1858 1722 1971 1777 haec

391 1835 458 1873 ex
484 1819 723 1888 quinque
747 1818 878 1872 viris
897 1815 1286 1879 coniiciuntur,
1325 1824 1488 1884 atque
1509 1815 1672 1868 etiam
1699 1813 1967 1867 interdum

389 1925 456 1963 ex
500 1911 687 1963 decem
726 1909 877 1974 viris,
924 1921 1046 1977 qua:
1101 1905 1322 1961 decuria
1382 1905 1719 1974 appellatur,
1778 1906 1969 1973 sicque

388 1999 606 2054 decuria
635 1998 906 2053 interdum
955 2012 1125 2051 unum
1173 1995 1593 2051 contubernium
1636 2005 1740 2060 est,
1796 1995 1968 2049 inter-

392 2092 519 2145 dum
551 2091 678 2145 duo.

459 2182 514 2236 5.
541 2182 726 2251 ltaque
757 2180 1028 2235 exercitus
1059 2179 1115 2232 in
1163 2180 1422 2234 cohortes
1467 2188 1523 2233 et
1561 2176 1813 2233 decurias
1842 2176 1967 2230 uni-

390 2287 578 2325 versus
626 2271 1018 2341 perscribatur.
1077 2269 1451 2324 Praaliciantur
1500 2268 1608 2323 illis
1659 2270 1825 2323 duces
1874 2282 1971 2337 per

387 2362 587 2424 bauda,
631 2370 683 2415 et
717 2361 975 2430 drungos,
1023 2366 1076 2413 et
1115 2368 1342 2423 turmas,
1375 2368 1427 2412 et
1467 2372 1561 2426 per
1611 2356 1744 2411 alias
1782 2356 1974 2425 praele-

388 2466 590 2517 cturas,
628 2452 720 2521 qui
757 2449 1315 2505 accommodatissimi
1361 2458 1510 2513 sunt,
1562 2458 1615 2503 et
1645 2452 1738 2517 qui
1777 2448 1968 2501 ﬁdeles

390 2553 539 2608 sunt,
566 2553 621 2596 et
652 2541 897 2595 benevoli
944 2549 1129 2593 nostro
1159 2539 1287 2593 huic
1335 2537 1583 2591 liomauo
1633 2539 1881 2606 imperio,
1912 2547 1972 2591 et

389 2636 482 2704 qui
504 2634 670 2688 fortes
713 2646 835 2686 esse
872 2631 1272 2686 existimantur.
1308 2627 1451 2681 Nihil
1479 2628 1735 2697 prohibet
1758 2632 1964 2693 autem,

388 2727 520 2795 quin
553 2734 607 2780 et
649 2724 949 2794 locupletes
995 2722 1309 2791 copiosique
1347 2720 1621 2785 homines,
1664 2727 1719 2773 et
1761 2720 1853 2790 qui
1881 2735 1973 2789 ge-

390 2833 519 2871 nere
548 2828 710 2885 atque
742 2816 913 2869 animi
967 2815 1171 2869 virtute
1200 2813 1412 2867 nobiles
1436 2820 1587 2876 sunt,
1622 2808 1787 2867 duces
1817 2811 1965 2867 (iant.

389 2905 781 2977 lngenuitatem
814 2908 961 2962 enim
999 2906 1255 2971 habeant,
1309 2914 1369 2959 ut
1402 2904 1456 2957 in
1502 2904 1621 2973 ipso
1652 2904 1811 2973 quasi
1835 2905 1967 2959 arti—

388 3000 513 3053 culo
555 2999 817 3068 temporis
849 2999 1114 3068 imperata
1161 2997 1404 3061 faciant;
1446 2996 1836 3053 abundantiam
1876 3012 1975 3051 au-

391 3100 497 3144 tem
529 3090 869 3156 divitiarum,
914 3100 973 3144 ut
1026 3090 1238 3160 possint
1272 3088 1540 3144 militibus
1572 3104 1603 3143 e
1626 3088 1798 3158 copiis
1857 3089 1972 3143 suis

390 3183 662 3236 interdum
692 3181 898 3250 aliquid
930 3180 1371 3236 subministrare.
1406 3179 1616 3235 Etenim
1648 3196 1852 3252 parvus
1876 3183 1963 3237 hic

388 3285 663 3344 sumptus,
688 3274 734 3329 si
760 3289 792 3327 a
818 3274 1076 3338 ducibus,
1107 3284 1161 3328 et
1191 3273 1462 3343 praefectis
1488 3288 1615 3343 erga
1642 3274 1847 3329 milites
1865 3274 1970 3329 sibi

388 3367 667 3436 subiectos
716 3365 810 3420 liat
836 3407 852 3432 ,
896 3365 1189 3422 benevolos
1224 3366 1402 3421 reddit
1425 3376 1479 3420 et
1511 3366 1720 3420 amicos
1752 3366 1880 3427 illis,
1914 3375 1965 3421 et

391 3457 446 3509 in
512 3455 838 3525 periculosis
870 3456 1282 3513 discriminibus
1310 3457 1380 3513 ad
1432 3457 1595 3511 vitam
1632 3456 1965 3527 profundeno

390 3547 515 3602 dam
550 3557 770 3619 paratos
796 3549 943 3604 facit.

462 3732 515 3784 4.
576 3731 683 3784 Alii
739 3730 1021 3799 igiturrex
1078 3729 1147 3786 iis
1200 3731 1294 3800 qui
1348 3730 1761 3787 honoratissimi
1816 3743 1962 3799 sunt,

392 3835 704 3875 assessores
738 3820 1083 3889 imperatoris
1124 3821 1271 3887 sint;
1305 3822 1396 3875 alii
1431 3835 1613 3877 autem
1667 3824 1868 3889 adsint,
1910 3833 1965 3879 et

394 3910 687 3982 participes
720 3912 963 3966 universi
993 3914 1236 3977 consilii,
1270 3914 1518 3981 sociique
1554 3930 1719 3983 saepe,
1750 3916 1797 3969 si
1830 3930 1963 3970 usus

393 4006 466 4057 ita
500 4002 659 4066 l‘erat,
716 4001 883 4056 etiam
924 4001 1277 4055 secretissimi
1320 4012 1376 4057 et
1425 4003 1787 4058 occultissimi
1833 4019 1963 4059 cou-

394 4094 502 4150 silii
541 4094 672 4149 siut.
705 4091 983 4147 Interdum
1012 4093 1156 4147 enim
1191 4094 1424 4148 fortasse
1456 4094 1643 4159 etiam,
1680 4096 1773 4164 qui
1820 4096 1960 4165 opti-

392 4202 514 4241 mus
545 4196 648 4247 est.
674 4184 876 4256 cogitat
901 4199 1085 4240 secum
1112 4185 1244 4255 quid
1278 4186 1410 4239 utile
1439 4185 1532 4250 sit,
1561 4195 1617 4240 et
1653 4185 1781 4253 hoc,
1812 4187 1959 4257 quod

2077 367 2348 435 ίσχυρούς,
2385 364 2711 435 εὐρώστους,
2746 364 3037 435 εὐψύχους,
3070 365 3357 435 εὐπόρους,
3392 366 3530 419 ὥστε
3547 369 3649 421 αὐ-

2072 459 2217 518 τοὺς,
2270 458 2326 508 ὲν
2369 456 2449 525 τῷ
2492 454 2776 524 ὲξπεδίτῳ,
2814 458 2980 525 ἤγουν
3011 458 3068 509 ὲν
3117 459 3183 525 τῇ
3228 461 3520 528 συναγωγῇ
3552 459 3650 513 τοῦ

2074 546 2341 614 φοσσάτου
2388 548 2467 606 εἰς
2515 548 2615 615 τὴν
2668 546 2803 599 ἰδίαν
2852 547 3141 615 στρατείαν
3189 547 3648 617 ἀσχολουμένους,

2073 634 2215 703 ἔχειν
2243 635 2300 686 ὲν
2326 636 2437 696 τοῖς
2468 634 2620 695 ίδίοις
2650 635 2820 695 οἴκοις
2844 634 3063 703 ἐτέρους
3095 635 3221 697 τούς
3245 635 3649 704 γεωργοῦντας,

2074 727 2169 778 καὶ
2202 725 2271 777 τά
2308 710 2445 795 πρὸς
2471 725 2816 795 ἀπαρτισμὸν
2865 725 3142 791 ἐξόπλισιν
3185 726 3277 779 τοῦ
3317 727 3651 797 στρατιώτου
3746 776 3767 785 ,

2073 818 2328 886 χορηγεῖν
2357 816 2709 885 δυναμένους,
2758 816 3001 885 δηλονότι
3052 816 3367 887 ἐλευθέρους
3410 818 3537 880 τοὺς
3570 818 3653 870 οῖ-

2073 927 2201 973 κους
2246 909 2466 978 ἔχοντας
2518 910 2628 961 τῶν
2682 908 2858 961 ἀλλων
2900 908 3091 960 πασῶν
3122 907 3215 959 τοῦ
3252 908 3511 979 δημοσίου
3540 910 3655 962 δουο

2071 999 2250 1053 λειῶν.
2292 1001 2366 1052 Οὐ
2414 1000 2522 1069 γὰρ
2550 997 2854 1067 βουλόμεθα
2890 997 2979 1050 τὸν
3023 998 3292 1067 ἡμέτερον
3319 997 3653 1067 συστρατιώ-

2071 1107 2169 1158 την
2212 1090 2406 1160 (οὕτως
2450 1091 2561 1159 γάρ
2590 1088 2699 1157 ἐγὼ
2752 1078 2899 1141 καλῶ
2930 1088 3020 1142 τὸν
3050 1087 3357 1157 ἀριστεύειν
3389 1088 3651 1157 μέλλοντα

2073 1183 2212 1252 ὐπέρ
2240 1200 2299 1234 τε
2347 1182 2447 1250 τῆς
2490 1182 2645 1251 ἡμῶν
2679 1181 2976 1248 βασιλείας,
3028 1180 3123 1231 καὶ
3165 1180 3261 1248 τῆς
3303 1179 3650 1249 φιλοχρίστὸυ

2071 1273 2179 1325 τῶν
2212 1273 2498 1341 Ῥωμαίων
2521 1272 2817 1334 πολιτείας,
2835 1274 2891 1324 ὲν
2903 1274 3015 1333 τοῖς
3031 1272 3170 1323 κατά
3195 1270 3430 1338 πόλεμον
3447 1271 3651 1340 ἔργοις)

2072 1366 2210 1435 πλὴν
2268 1366 2425 1434 μόνον
2454 1363 2549 1417 τοῦ
2583 1364 2840 1434 δημοσίου
2882 1362 3071 1425 τέλους
3120 1363 3284 1432 ἑτέρα
3330 1362 3652 1415 ὑποκεῖσθαι

2072 1457 2362 1529 οίᾳδήποτε
2392 1454 2627 1526 δουλείᾳ.

2144 1547 2207 1617 β’.
2265 1546 2591 1617 Διαιρείσθω
2640 1546 2817 1598 τοίνυν
2845 1546 2873 1597 ό
2906 1546 3013 1607 πᾶς
3061 1544 3165 1596 ὑπὸ
3213 1545 3270 1597 σὲ
3307 1544 3535 1615 στρατὸς
3573 1549 3653 1609 είς

2070 1640 2347 1707 τάγματα,
2395 1639 2563 1708 ήγουν
2613 1638 2681 1689 τά
2725 1637 2991 1705 λεγόμενα
3051 1636 3219 1704 βάνδα
3255 1636 3508 1705 διάφορα,
3558 1639 3655 1689 καὶ

2071 1729 2150 1781 ἔτι
2182 1727 2601 1797 ὐποδιαιρείσθω
2632 1728 2711 1788 είς
2742 1726 3058 1794 δεκαρχίας.
3088 1724 3192 1777 Καὶ
3223 1731 3654 1795 καταστήτῳσαν

2071 1821 2149 1880 εἰς
2178 1820 2243 1870 τά
2269 1818 2532 1887 λεγόμενα
2572 1815 2978 1885 κοντουΰέρνια.
3025 1814 3211 1866 Ταῦτα
3233 1814 3287 1866 δὲ
3312 1814 3655 1881 γινέσθωσαν

2072 1909 2165 1962 καὶ
2220 1908 2329 1961 άπὸ
2382 1906 2541 1958 πέντε
2605 1904 2870 1966 πολλάκις
2921 1904 3015 1955 καὶ
3067 1902 3174 1954 ἀπὸ
3230 1902 3365 1954 δέκα
3418 1902 3653 1971 ἀνδρῶν,

2072 2000 2239 2069 ἥγουν
2298 1997 2442 2051 κατά
2500 1996 2816 2066 δεκαρχίαν,
2872 1995 2906 2065 ἣ
2960 1994 3017 2046 ἒν
3080 1992 3565 2065 κοντουρεέρνιον,
3615 1995 3653 2063 ἢ

2071 2088 2184 2142 δύο.

2143 2178 2213 2247 γ’.
2242 2179 2399 2232 Καὶὸ
2430 2178 2528 2247 μὲν
2556 2177 2785 2247 στρατὸς
2820 2175 2939 2238 ὅλος
2989 2173 3309 2244 διαιρείσθω
3357 2174 3528 2237 οὕτως
3572 2175 3658 2236 είς

2024 2314 2039 2333 .
2076 2274 2355 2341 τάγματα,
2387 2270 2480 2323 καὶ
2509 2272 2586 2331 εἰς
2609 2268 2925 2338 δεκαρχίας.
2946 2267 3358 2334 Ἐπιστὴτωσαν
3388 2266 3443 2317 δὲ
3469 2268 3658 2328 αὐτοῖς

2075 2366 2333 2434 ἄρχοντες
2366 2362 2508 2416 κατὰ
2542 2362 2730 2431 βάνδα,
2770 2361 2865 2413 καὶ
2894 2359 3191 2429 δρούγγους
3218 2399 3232 2425 ,
3262 2359 3355 2411 καὶ
3383 2360 3655 2426 τούρμας,

2073 2456 2165 2507 καὶ
2194 2454 2290 2516 τάς
2320 2452 2485 2515 ἄλλας
2511 2452 2737 2513 δεούσας
2786 2450 2979 2521 ἀρχάς,
3009 2450 3058 2501 οί
3098 2448 3421 2501 ίκανώτατοι
3444 2488 3457 2512 ,
3487 2449 3659 2519 ἤγουν

2072 2545 2185 2596 ὅσοι
2209 2545 2303 2596 καὶ
2338 2541 2520 2594 πιστοὶ
2549 2540 2645 2593 καὶ
2668 2539 3008 2609 εὐγνώμονες
3026 2539 3303 2607 φαίνονται
3328 2541 3394 2608 τῇ
3428 2539 3662 2607 Ῥωμαῖ-

2072 2639 2139 2706 κῇ
2166 2634 2410 2703 πολιτείᾳ
2432 2632 2611 2703 ἡμῶν,
2639 2632 3045 2702 μαρτυροῦνται
3067 2631 3123 2683 δὲ
3148 2630 3246 2683 καὶ
3268 2629 3659 2700 ἀνδρειότεροι.

2072 2726 2235 2779 Οὐδὲν
2272 2727 2327 2779 δὲ
2358 2725 2556 2779 κωλύει
2589 2725 2679 2778 καὶ
2714 2723 3129 2793 εὐπορωτάτους
3159 2722 3356 2785 αὐτοὺς
3377 2720 3517 2774 εἶναι
3557 2720 3658 2775 καὶ

2070 2819 2308 2885 εὐγενεῖς
2333 2816 2475 2870 κατά
2498 2834 2555 2869 τι
2579 2818 2641 2869 τὸ
2670 2817 2849 2885 γένος,
2872 2816 2967 2867 καὶ
2981 2815 3079 2884 τὴν
3100 2814 3199 2883 τῆς
3221 2814 3399 2883 ψυχῆς
3424 2815 3656 2883 ἀρετήν.

2022 2956 2044 2977 ,
2076 2910 2186 2980 Τὴν
2223 2910 2322 2979 μὲν
2348 2910 2629 2978 εὐγένειαν
2662 2909 2831 2979 ἔχειν,
2866 2909 2954 2962 ἵνα
2981 2902 3083 2962 ὦσι
3128 2908 3408 2978 πρόχειροι
3442 2909 3497 2959 ὲν
3527 2906 3658 2970 ὀξύ-

2080 3017 2201 3069 τητι
2241 3000 2333 3052 τοῦ
2370 2998 2564 3070 καιροῦ
2600 3001 2729 3071 περὶ
2758 3000 2858 3064 τὰς
2904 3000 3265 3069 κελευομένας
3290 2999 3476 3061 αὐτοῖς
3520 2999 3658 3067 πρά-

2082 3091 2213 3155 ξεις.
2240 3092 2350 3161 Τὴν
2381 3091 2437 3143 δὲ
2455 3092 2736 3162 εὐπορίαν,
2761 3093 2849 3145 ῐνα
2873 3092 3131 3146 δύνωνται
3154 3094 3266 3154 τοῖς
3299 3091 3659 3162 στρατιώταις

2079 3184 2144 3234 ὲκ
2190 3180 2505 3251 περιουσίας
2542 3182 2823 3246 πολλάκις,
2863 3184 2912 3235 εί
2957 3182 3162 3253 δεήσει.
3215 3185 3490 3253 χορηγεῖν.
3547 3184 3659 3236 Καὶ

2078 3274 2185 3344 γὰρ
2213 3273 2368 3343 ὀλίγη
2411 3273 2551 3343 τάχα
2580 3275 2817 3343 χορηγία
2840 3275 2950 3329 ἀπὸ
2971 3276 3078 3328 τῶν
3123 3274 3439 3345 ἡγουμένων
3463 3275 3657 3345 ἀρχόν-

2075 3382 2183 3418 των
2214 3365 2350 3436 πρὸς
2381 3365 2506 3428 τούς
2536 3366 3012 3435 ὐποτακτομένους
3038 3364 3297 3435 γινομένη
3327 3365 3659 3417 εὐνούστατα

2075 3458 2168 3509 καί⁵
2194 3456 2344 3527 φιλία
2373 3457 2509 3527 πρὸς
2538 3456 2737 3520 αὐτοὺς
2772 3455 3182 3527 παρασκευάζει
3210 3457 3279 3509 τά
3311 3455 3514 3526 πλήθη,
3561 3456 3659 3509 καὶ

2076 3548 2535 3616 συναγωνίζεσθαι
2573 3550 2735 3620 μέχρι
2777 3549 2872 3603 καὶ
2898 3549 3087 3612 τέλους
3136 3551 3193 3603 ὲν
3222 3550 3336 3613 τοῖς
3387 3549 3464 3612 ὡς
3507 3549 3658 3612 είκὸς

2072 3642 2406 3709 ἐμπίπτουσι
2438 3640 2726 3704 κινδύνοις.

2142 3729 2205 3782 δ’.
2245 3731 2306 3782 Οί
2331 3730 2387 3783 δὲ
2414 3730 2661 3799 μείζονες
2688 3730 2867 3783 αὐτῶν
2890 3731 2983 3784 καὶ
3006 3730 3365 3800 ὲντιμώτατοι
3405 3732 3500 3785 καὶ
3534 3749 3661 3785 συν-

2070 3819 2281 3889 εδρεύοι
2330 3821 2409 3892 τῷ
2464 3822 2777 3893 στρατηγῷ.
2810 3823 2873 3875 Ol
2928 3823 2986 3874 δὲ
3036 3823 3131 3876 καὶ
3182 3822 3503 3893 παρέσονται
3559 3824 3658 3876 καὶ

2072 3912 2358 3982 μεθέξουσι
2396 3915 2492 3967 σὺν
2521 3913 2671 3983 αὐτῷ
2697 3916 2877 3984 πάσης
2909 3915 3101 3985 βουλῆς
3134 3916 3229 3968 καὶ
3261 3915 3655 3985 κοινωνήσουσί

2070 4020 2172 4055 που
2200 4006 2293 4057 καὶ
2336 4004 2562 4074 γνώμης
2588 4005 2636 4058 εἰ
2670 4005 2823 4074 τύχοι
2859 4008 2952 4059 καὶ
2990 4008 3321 4077 ἀπορρήτου,
3374 4009 3466 4060 καὶ
3510 4024 3654 4077 κρυ-

2069 4094 2211 4164 πτῆς
2230 4110 2244 4125 '
2281 4096 2374 4149 καὶ
2404 4096 2511 4165 γάρ
2532 4113 2615 4159 τις
2638 4097 2779 4166 τάχα
2803 4097 2896 4151 καὶ
2917 4097 3135 4169 ἀριστος
3158 4099 3232 4150 ὢν
3258 4101 3425 4152 ἑννοεῖ
3460 4099 3559 4168 μέν
3596 4116 3653 4151 τι

2068 4187 2367 4256 χρήσιμον’
2402 4185 2638 4254 βεϐαίως
2678 4187 2735 4238 δὲ
2776 4187 2845 4240 τὰ
2886 4188 3081 4241 ἑαυτοῦ
3124 4188 3649 4258 μόνοςῠοᾱειοῦται·

391 4280 507 4347 ipse
537 4278 824 4342 invenerit,
854 4277 973 4333 sine
1003 4277 1111 4331 ulla
1149 4278 1487 4333 dubitatione
1522 4276 1791 4347 optimum
1835 4294 1960 4334 esse

2068 4277 2255 4347 γνώμη
2291 4278 2397 4346 γὰρ
2426 4279 2457 4347 ἡ
2496 4277 2660 4347 βουλὴ
2692 4279 2895 4349 ἑκάστη
2924 4297 2937 4310 ·
2977 4281 3010 4349 ή
3053 4281 3151 4350 μὲν
3177 4280 3484 4351 ἀϐοήθητος
3514 4276 3654 4332 οὐσα.

390 4378 560 4437 putat.
595 4367 876 4423 Sententia
906 4368 1073 4435 enim,
1104 4376 1160 4422 et
1186 4368 1478 4423 consilium
1503 4368 1959 4440 uniuscujusque,

389 4462 436 4515 si
480 4461 777 4530 singulare,
816 4470 870 4515 et
929 4460 1093 4514 unius
1143 4460 1320 4514 solum
1377 4460 1617 4515 hominis
1674 4459 1859 4525 fuerit,
1906 4462 1961 4515 in

390 4566 551 4605 suum
612 4550 787 4619 ipsius
844 4550 1128 4604 inventum
1181 4548 1360 4603 solum
1405 4550 1679 4613 intuetur;
1728 4550 1960 4607 aliorum

2069 4369 2201 4438 περὶ
2227 4368 2326 4437 τὴν
2362 4367 2498 4420 [δίαν
2535 4367 2750 4439 εὕρεσιν
2790 4371 2959 4439 μόνην
2995 4370 3317 4435 ἀποϐλέπει,
3362 4371 3394 4439 ἠ
3425 4370 3530 4422 ὐπὸ
3561 4370 3656 4421 καὶ

2068 4458 2244 4512 ἄλλων
2306 4457 2516 4511 πολλῶν
2569 4459 2977 4527 μαρτυρηθείσα
3024 4458 3310 4512 πιστοῦται
3371 4461 3464 4511 καὶ
3519 4461 3654 4511 ἀνα-

2069 4549 2317 4617 φαίνεται
2350 4548 2515 4617 μηδὲν
2543 4548 2740 4618 ἔχουσα
2768 4549 3052 4619 σφαλερόν.

387 4654 567 4698 autem
620 4643 902 4698 hominum
940 4642 1252 4707 consilium,
1323 4644 1370 4698 si
1434 4645 1795 4715 adjungatur,
1858 4644 2205 4701 examinatur
2248 4646 2353 4699 hoc
2414 4646 2724 4710 consilium,
2791 4658 2845 4701 et
2888 4650 3050 4718 quale
3099 4650 3168 4705 sit
3232 4648 3512 4714 elucescit,
3595 4659 3654 4703 et

387 4738 553 4791 semel
585 4751 614 4789 a
646 4736 895 4807 pluribus
924 4737 1306 4807 approbatum,
1340 4740 1475 4792 nihil
1522 4740 1792 4795 lubricum
1831 4750 1925 4795 aut
1964 4756 2165 4809 anceps
2199 4742 2481 4794 continuere
2538 4742 2801 4797 creditur.

457 4833 510 4886 5.
575 4831 679 4885 Par
737 4841 823 4887 est
879 4832 1046 4903 igitur
1123 4834 1372 4902 quemvis
1429 4834 1815 4905 imperatorem
1876 4836 1958 4906 (ut

389 4935 605 4974 rursum
641 4922 739 4975 tibi
769 4922 974 4975 eisdem
1008 4922 1074 4975 de
1118 4922 1277 4977 rebus
1318 4923 1721 4993 pt‘aacipiamus)
1781 4938 1958 4993 neque

388 5016 460 5069 ita
492 5016 677 5068 animo
711 5016 920 5070 incerto
967 5030 1110 5077 esse,
1160 5024 1219 5068 ut
1264 5016 1378 5085 ipse
1419 5015 1520 5069 sibi
1579 5016 1682 5082 ipsi
1733 5018 1959 5069 omuiuo

384 5105 609 5170 dillldat,
667 5121 844 5175 neque
882 5114 1073 5162 contra
1124 5108 1196 5161 ita
1250 5106 1539 5176 prazlracto
1589 5114 1644 5160 et
1695 5106 1957 5176 singulari

386 5200 589 5264 animo,
636 5206 698 5252 ut
726 5198 863 5253 nolit
889 5199 958 5253 ad
994 5200 1217 5254 honesta
1252 5201 1485 5253 aliorum
1515 5198 1745 5252 consilia
1783 5207 1960 5251 atten-

383 5291 530 5344 dere.
564 5288 796 5345 Neresse
826 5300 907 5345 est
930 5291 1076 5344 enim
1116 5292 1199 5346 vel
1234 5300 1293 5345 ut
1323 5292 1569 5345 omnium
1616 5291 1881 5356 consiliis,
1913 5291 1959 5344 si

385 5394 442 5433 se
468 5379 578 5443 det,
607 5389 661 5433 et
691 5379 825 5432 nihil
844 5381 947 5435 sibi
967 5381 1082 5449 ipse
1112 5381 1335 5443 tribuat,
1365 5396 1740 5450 saepenumero
1761 5381 1814 5434 in
1842 5396 1961 5435 cre-

388 5470 511 5523 bras
538 5468 864 5524 oﬂ'ensiones
914 5471 1162 5527 incidat:
1196 5474 1277 5527 vel
1329 5475 1373 5527 si
1416 5473 1539 5527 aliis
1599 5472 1747 5525 nullo
1800 5472 1961 5525 modo

387 5561 615 5625 nitatur,
640 5563 732 5617 sed
764 5563 867 5619 sibi
906 5564 1008 5619 soli
1046 5565 1195 5632 (idat,
1231 5566 1464 5635 turpiter
1500 5580 1655 5637 stupe
1704 5564 1960 5639 prolabaf

2123 4843 2183 4891 ε’.
2222 4836 2438 4905 Πρέπον
2466 4837 2558 4891 οῦν
2585 4841 2731 4891 ἐστιν
2760 4833 2901 4892 εἶναι
2940 4838 3031 4891 τὸν
3062 4838 3395 4908 στρατηγὸν,
3429 4838 3513 4890 ἵνα
3556 4837 3653 4890 καὶ

2055 4929 2218 4981 πάλιν
2296 4947 2377 4981 σοι
2440 4930 2701 4997 περὶτῶν
2760 4932 2937 4983 αὐτῶν
2992 4931 3448 4998 παραινέσωμεν’
3510 4933 3654 4998 μήτε

2054 5020 2228 5085 οὕτως
2261 5021 2492 5075 ἄστατον
2516 5022 2613 5091 τὴν
2634 5022 2870 5075 διάνοιαν
2915 5022 3001 5074 ἴνα
3032 5022 3193 5089 αὐτὸς
3227 5020 3407 5090 έαυτῷ
3444 5037 3651 5074 παντε-

2055 5112 2161 5173 λῶς
2206 5113 2427 5182 ἐπιστῇ,
2477 5113 2612 5181 μήτε
2664 5111 2837 5174 οὕτως
2863 5112 3069 5181 αὐθάδη
3105 5112 3197 5164 καὶ
3229 5114 3540 5182 μονότατον,
3570 5114 3651 5176 ὡς

2059 5202 2133 5269 μὴ
2163 5200 2448 5270 βούλεσθαι
2486 5201 2617 5273 παρ’
2650 5203 2854 5272 ἐτέρων
2886 5203 3105 5257 κάλλιόν
3142 5220 3195 5255 τι
3221 5203 3412 5273 νοηθὲν
3436 5204 3654 5271 ἀναμα-

2067 5291 2200 5345 θεῖν.
2246 5292 2483 5363 Ἀνάγκη
2527 5292 2634 5364 γὰρ
2674 5294 2835 5346 αὐτὸν
2873 5295 2905 5363 ἧ
2941 5297 3075 5348 πᾶσι
3126 5296 3237 5356 τοῖς
3283 5293 3462 5356 ἄλλοις
3510 5294 3658 5346 κατὰ

2070 5381 2245 5434 πάντα
2280 5383 2637 5453 προσέχοντα,
2685 5384 2778 5437 καὶ
2809 5384 2948 5437 κατά
2982 5385 3189 5455 μηδένα
3222 5384 3401 5454 ἑαυτῷ
3429 5383 3657 5437 πιστεύ-

2068 5492 2216 5538 οντα,
2265 5474 2523 5537 πολλάκις
2569 5476 2740 5528 πολλὰ
2795 5480 2889 5528 καὶ
2935 5475 3229 5545 ἀσύμφορα
3272 5474 3651 5544 πράττεσθαι·

2069 5565 2101 5635 ἢ
2157 5565 2288 5634 μηδὲ
2336 5566 2532 5633 ὀλίγων
2588 5566 2874 5631 ἀκούοντα,
2926 5567 3100 5619 πάντα
3143 5566 3187 5617 δ’
3246 5565 3422 5631 ἑαυτῷ
3482 5578 3659 5615 κατα-
