4100 6226
479 203 582 268 701

1572 206 1970 289 TACTICA.—
1990 207 2490 269 CONSTITUTIO
2529 211 2627 270 IV.

3618 226 3720 287 702

481 310 823 375 πιστεύοντα,
861 309 1029 363 πολλὰ
1070 311 1328 373 πολλάκις
1374 311 1468 363 καὶ
1502 311 1714 380 μεγάλα
1753 311 2055 385 διαμαρτά-

2161 322 2265 367 tur.
2284 312 2481 368 Restat
2502 314 2617 383 jam
2644 325 2703 369 ut
2735 317 2912 386 primo
2942 319 3038 373 tibi
3072 324 3317 377 omnium
3336 325 3718 393 prazi‘ectorum

479 419 613 457 νειν.
654 399 873 453 Τούτων
903 400 958 452 δὲ
989 400 1160 463 οὕτως
1206 402 1457 470 ἐχόντων,
1519 402 1784 472 πρότερον
1834 404 1932 471 μὲν
1971 402 2058 467 ἐξ·

478 492 820 562 ονομάσομέν
854 509 935 543 σοι
963 491 1148 555 ἁπλῶς
1169 492 1297 555 τοὺς
1316 493 1745 561 καθισταμένους
1767 493 2054 565 ἄρχοντας,

480 581 583 636 εἶθ’
631 582 804 645 οὕτως
842 583 935 635 καὶ
971 584 1039 635 τὰ
1083 584 1447 654 γνωρίσματα
1476 584 1679 649 αὐτῶν,
1728 584 1803 648 ὠς
1845 588 1903 639 ἐν
1937 603 2059 639 συν-

478 674 637 743 τόμῳ»
657 673 853 735 εἰπεῖν,
886 673 1256 743 διορισόμεθα.

554 771 629 828 ς’.
669 764 867 833 Πρώτη
897 764 1107 834 κεφαλὴ
1141 767 1169 818 6
1195 768 1514 838 στρατηγὸς,
1544 770 1635 821 καὶ
1667 768 1803 838 μετὰ
1827 767 1987 821 αὑτὸν
2009 769 2059 820 οἱ

486 856 779 926 μεράρχαι,
822 855 917 907 καὶ
955 856 1325 925 τουρμὰρχαι,
1378 855 1496 910 εἷτα
1522 858 1900 927 δρουγγάριοι,
1939 853 2057 909 εἷτα

485 946 741 1013 κόμητες,
781 944 946 1013 ἤγουν
978 945 1029 995 οἱ
1062 944 1169 997 τῶν
1199 944 1506 1016 λεγομένων
1547 948 1751 1017 βάνδων
1778 947 2054 1017 ἄρχοντες.

484 1035 615 1087 Εἶτα
660 1039 708 1087 oi
763 1034 1070 1103 κένταρχοι,
1129 1034 1326 1106 ἐφεξῆς
1379 1038 1429 1088 οἰ
1480 1038 1757 1109 δέκαρχοι,
1806 1040 1973 1109 ἤγουν
2007 1038 2057 1090 οἱ

482 1126 688 1196 πρῶτοι
735 1124 842 1177 τῶν
885 1125 1189 1194 λεγομένων
1234 1127 1425 1183 ἀκιῶν.
1471 1125 1603 1182 Εἶτα
1645 1132 1693 1182 oi
1741 1130 2055 1197 πένταρχοι,

482 1218 573 1267 καὶ
604 1214 730 1284 ἐξῆς
783 1218 831 1267 οἱ
866 1216 1185 1285 τετράρχαι,
1211 1217 1407 1281 οἵτινες
1440 1219 1555 1282 καὶ,
1585 1219 1674 1272 διά
1706 1219 1767 1271 τὺ
1796 1219 2057 1288 ἐσχάτους

480 1305 574 1357 τοῦ
604 1304 784 1374 στίχου
810 1306 904 1357 τοῦ
932 1304 1072 1358 κατὰ
1101 1306 1161 1358 τὸ
1190 1306 1350 1375 βάθος
1375 1309 1492 1377 ἦτοι
1522 1309 1582 1361 τὸ
1617 1309 1791 1378 πάχος
1822 1310 1923 1379 τῆς
1953 1325 2058 1362 πα-

485 1394 760 1465 ρατάξεως
787 1395 1084 1449 τάσσεσθαι
1117 1397 1334 1461 αὐτοὺς,
1368 1400 1463 1451 καὶ
1492 1398 1716 1469 οὐραγοὶ
1744 1398 2053 1453 ἐκαλοῦντο.

491 1486 551 1537 '0
578 1486 684 1555 γὰρ
718 1484 943 1554 ἔσχατος
973 1486 1068 1538 τοῦ
1116 1488 1235 1539 ὅλου
1279 1488 1485 1558 στίχου,
1530 1490 1695 1559 ἤγουν
1728 1491 1829 1558 τῆς
1872 1489 2053 1553 ἁκίας,

482 1575 558 1637 ὼς
602 1576 694 1628 ἐπὶ
738 1578 840 1644 τῆς
881 1576 1046 1646 οὐρᾶς
1078 1578 1247 1647 αὐτῆς
1279 1579 1450 1643 οὕτως
1477 1581 1713 1637 ἵσταται.
1756 1581 1865 1635 Καὶ
1892 1573 2055 1634 αὗται

2161 404 2477 475 simpliciter
2495 408 2714 462 nomina
2740 426 3146 480 recenseamus,
3170 417 3363 474 deinde
3381 431 3540 478 notas
3559 439 3723 493 quas-

2161 488 2285 544 dam
2319 490 2537 548 illorum
2573 510 2736 564 quam
2774 500 3122 567 paucissimis
3155 519 3508 574 exponamus.

2228 762 2283 817 ο.
2321 762 2497 832 Caput
2545 764 2709 834 igitur
2758 768 3004 822 omnium
3054 770 3346 840 imperator
3389 776 3492 832 erit
3535 795 3550 833 :
3601 794 3725 850 post

2160 853 2313 907 illum
2344 854 2664 920 hierarchze,
2697 857 2747 912 id
2784 868 2888 922 est,
2915 870 3218 916 turmarum
3257 865 3494 933 praefecti
3542 886 3557 923 :
3608 882 3723 927 tum

2158 943 2463 1012 drungarii,
2501 945 2551 998 id
2584 957 2687 1011 est,
2721 948 2925 1003 tribuni
2964 969 2977 1005 :
3018 952 3211 1008 deinde
3244 957 3496 1023 comites,
3530 960 3583 1015 id
3615 973 3721 1028 est,

2161 1034 2462 1088 bandorum
2491 1037 2605 1092 sive
2633 1040 2941 1095 cohortium
2973 1043 3212 1112 prazfccti
3250 1064 3262 1099 :
3298 1057 3421 1117 post
3453 1050 3553 1106 bos
3592 1069 3725 1109 cen-

2160 1126 2421 1189 turiones,
2461 1127 2657 1183 deinde
2691 1130 2907 1195 decani,
2945 1134 2997 1186 id
3047 1147 3146 1200 est,
3178 1140 3270 1205 qui
3304 1142 3544 1207 praefecti
3588 1160 3722 1200 con-

2158 1216 2541 1271 tuberniorum
2572 1230 2699 1274 sunt
2736 1237 2750 1274 :
2796 1222 2991 1277 deinde
3021 1227 3288 1293 quintani,
3322 1235 3597 1300 quartani,
3629 1238 3723 1304 qui

2157 1306 2421 1373 quoniam
2470 1309 2642 1362 ultimi
2699 1311 2751 1363 in
2798 1314 3159 1369 contubernio
3201 1334 3293 1371 seu
3339 1324 3528 1379 ordine
3566 1327 3725 1395 juxta

2158 1396 2498 1452 altitudinem
2548 1401 2632 1453 vel
2670 1400 3010 1458 latitudinem
3061 1405 3340 1464 instructae
3373 1414 3508 1469 aciei
3554 1419 3724 1471 collo-

2159 1496 2373 1554 cantur,
2406 1489 2653 1558 οὐραγοί,
2696 1493 2748 1546 id
2785 1502 2889 1560 est,
2922 1497 3154 1550 caudani
3184 1498 3299 1553 sive
3331 1503 3577 1560 ultimani
3626 1526 3726 1565 no-

2159 1577 2456 1631 minantur.
2494 1578 2746 1636 Extrema
2798 1584 2942 1638 enim
2993 1587 3160 1641 totius
3210 1594 3553 1650 contubernii
3596 1615 3725 1668 pars

485 1668 585 1736 μὲν
614 1669 666 1718 αἱ
692 1668 975 1736 ὀνομασίαι
1018 1668 1125 1721 τῶν
1168 1670 1463 1739 ἀρχόντων.
1502 1672 1622 1724 Εἰσὶ
1653 1672 1709 1724 δέ
1750 1672 1843 1725 καλ⁸
1877 1672 2052 1742 ἕτεροι

2161 1668 2316 1736 quasi
2343 1669 2515 1723 cauda
2566 1674 2804 1740 corpori,
2857 1675 2936 1730 sic
2990 1692 3053 1730 ea
3109 1681 3316 1751 reliquo
3367 1689 3724 1747 contubernio

483 1758 603 1811 καθ’
634 1759 861 1812 ἕκαστον
886 1759 1092 1827 τάγμα,
1134 1761 1259 1830 ἦτοι
1295 1762 1482 1830 βάνδον
1522 1763 1903 1832 διωρισμένοι,
1947 1758 2058 1815 οἷον

485 1847 819 1917 βανδοφόροι,
848 1850 1215 1917 σαλπιγκταὶ,
1242 1851 1409 1921 ἤγουν
1442 1851 1844 1922 βουκινάτορες,
1893 1851 2056 1923 θερα-

484 1940 699 2000 πευταὶ,
727 1940 920 2009 ἰατροὶ,
949 1941 1043 1992 καὶ
1065 1941 1339 1994 διποτάτοι
1370 1943 1503 2013 (20),
1547 1944 1641 1997 καὶ
1684 1945 2054 2014 μανδάτωρες,

486 2031 579 2082 καὶ
622 2031 1034 2101 παρακλήτορες
1060 2071 1076 2096 ,
1128 2035 1178 2087 οἱ
1216 2034 1302 2088 διὰ
1348 2036 1521 2103 λόγων
1565 2035 1923 2106 διεγείροντες
1968 2035 2058 2087 τὸν

485 2119 711 2187 στρατὸν
744 2121 879 2190 πρὸς
907 2123 1026 2185 τοὺς
1056 2122 1272 2192 ἀγῶνας
1293 2141 1307 2155 ο
1328 2125 1421 2186 οὓς
1444 2125 1494 2177 οἱ
1521 2124 1627 2195 πρὸ
1658 2127 1691 2191 ἡ
1702 2125 1839 2194 μῶν,
1866 2122 2060 2176 νεώτε-

486 2226 569 2277 ροι
606 2209 661 2261 δὲ
685 2210 791 2262 τῶν
823 2211 1018 2276 ἄλλων,
1068 2215 1340 2279 τακτικοὶ,
1384 2216 1684 2285 Ῥωμαϊστὶ
1706 2216 2061 2282 καντάτωρας

484 2295 744 2349 ἐκάλουν·
786 2299 877 2350 καὶ
926 2299 1101 2369 ἕτεροί
1138 2320 1281 2366 τινες
1324 2305 1461 2371 πρὸς
1503 2305 1603 2367 τάς
1642 2304 2063 2367 ἀνακυπτούσας

486 2386 679 2455 χρείας
721 2390 1119 2459 ἁφωρισμένοι,
1150 2388 1260 2446 οἷον
1297 2396 1614 2466 σκρίδωνες,
1655 2396 1750 2448 καὶ
1788 2396 1836 2446 οί
1861 2395 2056 2449 λοιποί.

484 2476 670 2529 Ταῦτα
708 2478 816 2548 γάρ
846 2483 911 2550 τῇ
944 2480 1038 2534 νῦν
1077 2484 1318 2555 πολιτείᾳ
1351 2487 1677 2557 γνωρίζεται
1713 2487 1782 2540 τὰ
1819 2486 2060 2556 ὀνόματα

483 2567 594 2621 τῶν
618 2568 859 2625 παλαιῶν
887 2571 1236 2643 σιγηθέντων,
1260 2577 1403 2648 ἅπερ
1431 2580 1572 2633 κατὰ
1607 2578 1790 2650 χώραν
1813 2581 2056 2651 ὑπομνή-

489 2673 673 2728 σομεν.

556 2836 621 2900 ζ’.
661 2838 970 2910 Στρατηγδς
1010 2841 1190 2897 τοίνυν
1230 2847 1697 2915 προσαγορεύεται
1725 2849 1753 2899 6
1787 2846 1882 2900 τοῦ
1915 2865 2058 2902 παν-

488 2925 580 2989 τὸς
616 2928 846 2999 στρατοῦ
886 2932 1182 3001 κορυφαϊός
1222 2949 1282 2985 τε
1330 2935 1423 2986 καὶ
1458 2934 1706 3003 ἡγεμών.
1760 2934 2062 3008 ’Υποστρά-

488 3034 654 3088 τηγος
696 3019 777 3083 δὲ,
806 3023 834 3074 6
879 3022 976 3093 τὴν
1025 3023 1284 3093 δευτέραν
1324 3024 1498 3095 τούτῳ
1542 3025 1697 3089 τάξιν
1742 3026 2053 3097 ἐκπληρῶν.

499 3107 898 3179 Ὑπολαμϐάνω
925 3111 980 3164 δέ
1005 3112 1079 3176 ὡς
1106 3115 1153 3166 οι
1205 3114 1553 3183 παλαιότεροι
1576 3116 1731 3186 ἡμῶν
1756 3116 2060 3187 ὑποστρατ-

490 3200 657 3271 ήγους
676 3201 773 3272 μὲν
788 3202 1015 3256 ἐκάλουν
1035 3204 1160 3268 τοὺς
1185 3209 1543 3276 στρατηγοὺς,
1570 3207 1658 3260 διὰ
1679 3208 1739 3261 τὸ
1756 3209 2059 3277 στρατηγὸν

493 3292 746 3348 ἁπάντων
782 3294 940 3365 κῦρις
976 3290 1114 3348 εἶναι
1149 3296 1241 3349 τὸν
1288 3298 1531 3367 βασιλέα,
1572 3300 1636 3351 ἐκ
1685 3299 1973 3368 προσώπου
2003 3298 2061 3351 δέ

492 3382 656 3436 αὐτοῦ
684 3379 821 3438 εἶναι
859 3384 979 3439 καθ’
1013 3385 1241 3440 ἕκαστον
1275 3387 1417 3457 θέμα
1459 3388 1551 3441 τὸν
1594 3389 1917 3459 στρατηγόν.
1949 3388 2060 3442 Καὶ

492 3475 579 3529 διὰ
607 3475 703 3547 τὴν
732 3476 986 3547 τοιαύτην
1027 3479 1205 3532 αἰτίαν
1244 3482 1273 3532 6
1310 3479 1618 3550 στρατηγὸς
1649 3480 2060 3548 ὑποστράτηγος

492 3568 769 3633 ἐκαλεῖτο,
808 3569 1109 3640 στρατηγὸς
1148 3571 1203 3623 δὲ
1245 3571 1449 3640 κυρίως
1481 3571 1696 3638 ἐλέγετο
1732 3572 1761 3623 6
1791 3574 1857 3624 ἐκ
1888 3586 2057 3640 προσ-

492 3656 643 3711 ώπου
700 3659 961 3729 βασιλέως
998 3661 1091 3713 ἐπὶ
1144 3662 1360 3715 πάντων
1403 3660 1616 3731 κεφαλὴ
1660 3661 2059 3732 ἀποστελλόμε-

492 3767 603 3815 νος,
630 3751 767 3822 ἔχων
792 3752 1240 3823 ὑποστρατήγους
1275 3754 1403 3817 τοὺς
1433 3753 1540 3807 τῶν
1576 3753 1826 3824 θεμάτων
1858 3769 2057 3824 στρατ-

494 3841 681 3911 ηγούς.
725 3845 897 3915 Ὅπερ
922 3846 1067 3899 ἐστὶν
1095 3846 1337 3916 ἄριστον.

564 3931 635 4003 η’.
673 3933 785 3987 Νῦν
822 3933 879 3986 δέ
920 3935 1329 4005 ὑποστράτηγος
1373 3936 1436 3989 οὐ
1482 3934 1807 4005 γνωρίζεται
1834 3935 1883 3986 εί
1909 3933 1982 4004 μή
2008 3950 2061 3985 τι

494 4023 861 4095 ὁκαλούμενος
887 4026 1188 4096 μεράρχης,
1218 4026 1313 4080 καὶ
1333 4026 1686 4097 τουρμάρχης
1713 4025 1862 4078 ἔστιν
1896 4025 2060 4077 ὃποτε

496 4114 825 4185 καλούμενος
854 4115 1154 4187 μεράρχης,
1195 4117 1313 4187 ἢτοι
1342 4118 1370 4169 6
1395 4117 1487 4169 τοῦ
1535 4116 1733 4187 μέρους
1761 4116 1859 4185 τῆς
1886 4115 2061 4186 ἀρχῆς

496 4206 1015 4275 ἐμπεπιστευμένος.

565 4388 630 4443 θ’.
666 4390 1032 4460 Δρουγγάριος
1061 4391 1117 4444 δὲ
1143 4390 1360 4459 λέγεται
1392 4393 1419 4445 6
1455 4394 1583 4463 μιᾶς
1618 4392 1809 4463 μοίρας
1855 4392 2059 4463 ἄρχων,

494 4481 616 4550 ἣτις
666 4481 770 4533 ὑπὸ
819 4479 913 4533 τοῦ
975 4481 1175 4553 μέρους
1227 4482 1321 4535 τοῦ
1377 4483 1719 4553 τουρμάρχου
1775 4482 2060 4538 τάσσεται.

496 4569 676 4640 Μέρος
702 4570 811 4641 γάρ
839 4571 1041 4641 ἐστινὴ
1068 4570 1281 4641 τούρμα
1305 4571 1365 4624 τδ
1386 4573 1451 4624 ἐκ
1470 4571 1637 4642 τριῶν
1662 4571 1866 4643 μοιρῶν
1894 4572 2062 4642 ἤγουν

495 4661 775 4731 δρούγγων
816 4661 1170 4732 συγκείμενον
1216 4661 1507 4733 ἄθροισμα.
1562 4663 1741 4734 Μοῖρα
1782 4662 1841 4715 δέ
1892 4663 2059 4726 ἐστιν,

499 4750 618 4819 ἤτοι
665 4749 946 4821 δροῦγγος,
987 4752 1048 4806 τὸ
1084 4752 1149 4806 ἐκ
1186 4753 1485 4823 ταγμάτων
1530 4753 1650 4824 ἤτοι
1691 4752 1901 4825 ἀνδρῶν
1952 4751 2060 4805 τῶν

498 4841 804 4912 λεγομένων
824 4844 1079 4913 κομήτων
1102 4844 1457 4915 συγκείμενον
1488 4844 1709 4914 πλῆθος.

571 5014 622 5068 ι’.
665 5016 856 5087 Κύμης
899 5016 957 5070 δέ
1005 5019 1173 5082 ἐστιν,
1218 5018 1247 5070 6
1277 5016 1371 5071 τοῦ
1420 5016 1538 5078 ἐνὸς
1577 5015 1886 5085 τάγματος,
1942 5015 2060 5081 ἦτοι

502 5105 711 5174 βάνδου,
742 5106 954 5178 ὰφηγού
962 5125 1140 5177 μενος.

575 5196 664 5252 ια’.
684 5194 988 5269 Κένταρχος
999 5198 1057 5252 δέ
1074 5201 1163 5253 ἐστ
1174 5217 1239 5263 ιν,
1254 5200 1283 5252 6
1298 5197 1488 5252 ἑκατὸν
1499 5197 1707 5268 ἀνδρῶν
1719 5196 1923 5267 ἄρχων,
1943 5199 2063 5268 ἦτοι

501 5290 915 5361 ἑκατόνταρχος,
951 5271 1098 5355 ὅστις
1134 5291 1227 5345 καὶ
1262 5290 1366 5344 ὑπὸ
1402 5289 1494 5343 τὸν
1533 5288 1745 5359 κόμητα
1782 5290 2057 5349 τέτακται.

2158 1757 2416 1815 adhaeret.
2474 1762 2653 1831 Atque
2703 1764 2807 1819 ista
2864 1768 3243 1835 praefectorum
3297 1787 3425 1831 sunt
3479 1782 3722 1837 nomina.

2160 1849 2297 1904 Sunt
2350 1863 2531 1907 autem
2591 1866 2644 1909 et
2694 1858 2783 1912 alii
2836 1859 2891 1913 in
2949 1877 3276 1936 unaquaque
3336 1871 3560 1926 cohorte
3613 1878 3726 1929 sive

2159 1940 2338 1996 bando
2372 1944 2608 2012 prmfecti
2642 1951 2905 2017 separati,
2951 1962 3009 2007 ut
3040 1955 3403 2027 bandophori,
3458 1964 3725 2022 tubicines

2158 2031 2272 2085 sive
2324 2033 2723 2106 buccinatores,
2770 2042 3099 2111 administri,
3156 2050 3446 2118 despotati,
3497 2057 3726 2111 manda-

2160 2133 2322 2187 tores,
2354 2133 2406 2178 ct
2436 2127 2835 2194 cohortatores,
2868 2136 2960 2204 qui
3009 2140 3256 2195 oratione
3293 2158 3391 2197 sua
3426 2145 3624 2202 milites
3657 2151 3727 2205 ad

2157 2216 2409 2282 prmlium
2439 2221 2698 2287 excitent,
2731 2240 2867 2292 quos
2896 2239 3021 2284 ante
3067 2246 3166 2286 nos
3210 2236 3541 2295 recentiores
3589 2244 3727 2298 artis

2160 2308 2413 2364 militaris
2439 2313 2618 2381 periti,
2654 2315 2843 2372 Latine
2868 2331 3176 2379 cantatores
3205 2328 3472 2384 vocabant
3501 2349 3516 2386 :
3549 2342 3602 2387 et
3632 2335 3727 2390 alii

2159 2408 2417 2464 prmterea
2450 2402 2513 2454 ad
2551 2418 2685 2458 usus
2730 2421 2913 2462 rerum
2966 2422 3308 2482 emergentes
3352 2420 3594 2485 quotidie
3640 2437 3728 2479 se—

2159 2490 2354 2555 parati,
2413 2502 2470 2544 ut
2520 2494 2803 2552 scribones
2860 2515 2875 2552 :
2931 2500 3046 2555 haec
3093 2504 3240 2558 enim
3301 2508 3567 2564 vocabula
3625 2513 3729 2568 hoc

2160 2585 2404 2648 tempore
2430 2581 2481 2633 in
2505 2583 2608 2638 hac
2639 2587 2949 2655 reipublicae
2986 2592 3163 2650 forma
3196 2597 3395 2652 usitata
3428 2608 3482 2653 ει
3514 2612 3728 2672 recepta

2162 2679 2315 2735 sunt,
2346 2673 2588 2741 antiquis
2626 2679 2925 2744 vocabulis,
2960 2686 3423 2751 quemadmodum
3459 2676 3561 2745 suo
3605 2692 3730 2748 loco

2162 2759 2427 2825 dicemus,
2458 2778 2595 2832 pene
2622 2767 2918 2836 abrogatis.

2233 2850 2286 2902 7.
2355 2851 2658 2921 Imperator
2723 2858 2890 2927 igitur
2947 2863 3271 2932 appellatur,
3323 2870 3415 2938 qui
3473 2872 3731 2930 universo

2163 2936 2421 2991 exercitui
2456 2949 2670 3007 praeest,
2706 2952 2761 2997 et
2808 2946 3225 3005 administrator
3276 2936 3423 3010 illius
3461 2962 3731 3031 quasique

2162 3028 2494 3094 praesulest.
2532 3028 2794 3103 Princeps
2841 3046 3047 3103 autem,
3094 3041 3190 3109 qui
3244 3046 3553 3112 proximum
3603 3028 3731 3108 huic

2160 3118 2336 3174 locum
2368 3129 2535 3177 tenet.
2567 3123 2835 3183 Existimo
2866 3139 3012 3186 certe
3039 3135 3276 3202 majores
3305 3153 3398 3193 eos
3419 3155 3559 3209 quos
3585 3160 3731 3199 nunc

2161 3210 2429 3281 principes
2497 3216 2867 3283 appellamus.
2925 3220 3281 3290 imperatores
3359 3228 3488 3282 olim
3550 3246 3731 3286 nomi-

2163 3319 2366 3361 nasse:
2399 3308 2527 3377 quia
2578 3310 2832 3379 princeps
2881 3313 3315 3387 uniuscujusque
3356 3320 3579 3377 ditionis
3618 3341 3731 3379 sum

2160 3396 2317 3464 quasi
2349 3396 2646 3467 imperator
2673 3409 2778 3467 est,
2815 3410 2869 3456 et
2897 3403 2998 3459 hac
3030 3406 3097 3460 de
3127 3421 3292 3462 causa
3327 3410 3579 3483 princeps
3620 3416 3728 3469 im-

2160 3496 2377 3555 perator
2407 3490 2727 3558 appellatur.
2762 3493 3065 3565 Imperator
3094 3508 3274 3554 autem
3303 3504 3471 3570 probe
3504 3506 3729 3576 dicitur,

2162 3576 2258 3646 qui
2287 3592 2317 3632 a
2354 3594 2500 3650 rege.
2532 3590 2593 3636 ut
2623 3586 2867 3642 omnium
2915 3598 3079 3658 caput
3126 3592 3221 3659 sit,
3256 3594 3509 3662 mittitur,
3536 3598 3640 3655 sub
3670 3615 3731 3656 se

2164 3669 2437 3740 principes
2477 3672 2703 3731 habens.

2233 3930 2287 3984 8.
2312 3929 2468 3988 Nunc
2502 3944 2679 3990 autem
2710 3937 2895 3994 nullus
2916 3939 3169 4012 princeps
3195 3942 3249 3998 in
3283 3944 3425 4002 bello
3446 3953 3733 4020 cognosci-

2164 4028 2274 4085 tur,
2292 4022 2396 4076 nisi
2430 4024 2523 4092 qui
2560 4030 2877 4091 merarchae,
2903 4030 2956 4085 id
2986 4040 3091 4097 est,
3123 4034 3359 4102 praefecti
3382 4048 3591 4103 turmae,
3615 4043 3733 4097 sive

2167 4113 2499 4170 turmarchaa
2523 4126 2809 4173 vocantur.
2835 4118 3173 4178 Turmarcha
3207 4135 3400 4180 turmae
3423 4128 3731 4197 praefectus,

2164 4200 2258 4271 qui
2306 4202 2436 4257 olim
2482 4208 2764 4261 merarcha
2799 4210 3099 4264 vocabatur
3144 4228 3160 4266 :
3192 4214 3239 4267 is
3268 4216 3487 4284 μέρους,
3542 4217 3594 4271 id
3624 4229 3729 4285 est,

2094 4317 2146 4376 υ
2176 4299 2367 4345 turmae
2409 4291 2522 4346 sive
2548 4294 2717 4361 partis
2743 4293 2973 4363 imperio
3001 4299 3351 4367 praeponitur.

2238 4381 2293 4435 9.
2358 4380 2694 4451 Drungarius
2754 4383 2870 4439 sive
2919 4386 3173 4443 tribunus
3214 4387 3437 4459 dicitur,
3493 4394 3586 4463 qui
3636 4397 3729 4451 uni

2167 4470 2353 4541 μοίρᾳ,
2402 4470 2456 4524 id
2511 4480 2622 4538 est,
2682 4473 2962 4541 particula:
3019 4477 3133 4531 sive
3188 4479 3401 4533 cohorti
3464 4481 3732 4537 milliarize

2164 4569 2381 4631 praeest.
2422 4560 2627 4631 Μέρος,
2658 4561 2711 4616 id
2739 4573 2843 4629 est,
2872 4579 3003 4634 pars
3029 4582 3150 4636 quae
3181 4567 3345 4623 etiam
3378 4576 3556 4623 turma
3592 4570 3733 4626 dici-

2165 4661 2276 4715 tur,
2306 4666 2371 4705 ex
2407 4651 2581 4706 tribus
2608 4654 2848 4724 μοίραις,
2879 4655 2932 4709 id
2961 4666 3065 4722 est,
3098 4659 3382 4727 particulis
3414 4661 3527 4715 sive
3558 4661 3730 4716 dcun-

2169 4742 2251 4811 gis
2306 4742 2620 4797 coniicitur.
2672 4744 2853 4815 Μοῖρα
2903 4758 3120 4813 autem,
3168 4750 3220 4803 id
3271 4758 3386 4816 est,
3428 4753 3729 4820 particula,

2170 4833 2286 4888 sive
2306 4833 2571 4901 drungus,
2603 4843 2766 4889 estex
2795 4836 2858 4892 iis
2889 4838 3328 4910 hominibus,qui
3356 4843 3580 4900 comites
3608 4860 3732 4901 esse

2171 4926 2444 4990 dicuntur,
2470 4926 2701 4982 conﬂata
2732 4930 3042 4984 multitudo.

2245 5018 2333 5072 10.
2376 5018 2571 5073 Comes
2602 5027 2685 5073 est
2718 5020 2880 5074 unius
2909 5021 3174 5086 cohortis,
3219 5023 3335 5079 sive
3370 5026 3554 5088 bandi,
3594 5042 3731 5096 prae-

2168 5106 2362 5163 l‘ectus.
3492 5118 3498 5127 '

2243 5201 2330 5254 ti.
2370 5199 2629 5255 Centurio
2671 5208 2756 5255 est
2799 5201 2892 5270 qui
2932 5212 3151 5258 centum
3199 5204 3330 5261 viris
3381 5214 3598 5277 praeest,
3637 5207 3729 5277 qui

2172 5291 2274 5345 sub
2302 5289 2553 5346 comitem
2588 5291 2869 5362 subjectus
2895 5303 2997 5349 est.

2033 5421 2259 5478 NOTAE.

575 5563 687 5634 (20)
713 5567 1037 5623 Διποτάτοι.
1069 5569 1125 5624 In
1163 5568 1328 5624 Checi
1365 5568 1550 5624 codice
1577 5575 1713 5635 erat,
1754 5566 2057 5620 δεσποτάτοι

2161 5588 2164 5618 ι
2190 5563 2440 5621 Palatino
2469 5565 2898 5637 δεσποτάμοιτοι.
2940 5566 3243 5639 Utrumque
3271 5570 3592 5627 mendosum
3624 5577 3728 5627 est.
