4080 6218
444 216 555 283 ’103

518 337 609 391 12.
650 336 899 392 Decanus
951 347 1035 394 est
1077 340 1170 408 qui
1220 345 1418 408 praeest
1462 337 1651 392 decem
1690 338 1959 395 militibus
1992 356 2005 392 :
2039 345 2085 397 A

348 489 355 496 I
442 429 903 499 quemadmodum
930 430 1251 497 quintanus,
1281 429 1378 497 qui
1404 429 1670 498 quinque,
1694 430 1789 499 qui
1823 429 1879 482 in
1907 444 2021 483 mc-

442 520 535 573 dio
563 518 925 574 contubernio
954 519 1332 573 constituitur.

517 610 606 662 15.
648 608 961 674 Quartanus
991 620 1093 670 est.
1121 610 1215 679 qui
1242 619 1500 666 etcustos
1526 610 2017 681 dicitur,06pu‘{6;,

445 699 498 753 id
529 709 633 760 est,
663 700 947 753 caudanus
989 700 1106 754 sive
1156 700 1477 767 ultimanus,
1521 712 1576 756 et
1635 712 1914 757 extremus
1966 703 2021 756 in

445 788 810 843 contubernio
868 796 997 843 stat.
1064 790 1356 859 Copiosior
1428 791 1572 846 enim
1642 792 2020 860 praefectorum

445 879 641 933 divisio
686 879 870 947 plures
911 879 966 931 in
1009 881 1254 933 exercitu
1297 891 1549 936 strenuos
1594 880 1742 935 viros
1791 880 2019 946 indicat,

444 969 629 1037 plures
660 970 857 1023 milites
904 970 1112 1024 alacres
1157 979 1269 1024 tum
1323 970 1388 1025 ad
1440 971 1597 1025 facile
1636 973 2022 1042 obtemperan-

446 1061 599 1121 dum,
626 1071 739 1113 tum
771 1060 836 1113 ad
868 1060 1131 1128 imperata
1164 1062 1409 1116 facienda
1442 1072 1684 1131 praestat.

519 1152 609 1204 M.
650 1150 715 1203 Et
746 1151 1154 1220 bandophorus,
1186 1153 1237 1205 id
1266 1162 1349 1207 est
1379 1154 1630 1223 signifer,
1660 1154 1752 1225 qui
1804 1154 2021 1225 signum

445 1244 686 1298 cohortis
718 1245 832 1298 sive
865 1244 1027 1297 bandi
1062 1254 1261 1314 gestat.

518 1354 604 1407 15.
649 1355 925 1424 Despotati
958 1354 1374 1424 appellabantur
1401 1354 1532 1408 olim
1569 1355 1666 1424 qui
1704 1370 1849 1410 nunc
1886 1354 2022 1409 scri-

448 1446 617 1499 bones
650 1445 733 1498 vel
784 1446 1026 1515 chirurgi
1066 1445 1368 1499 dicuntur:
1403 1445 1457 1498 hi
1510 1446 1681 1499 aciem
1736 1455 2023 1513 sequentes

446 1538 720 1590 sauciatos
752 1536 808 1589 in
838 1536 1033 1605 proelio
1056 1544 1273 1602 curant,
1302 1536 1767 1605 quemadmodum
1803 1536 2021 1600 medici,

445 1637 499 1681 et
527 1629 593 1680 ad
630 1628 920 1682 sanitatem
951 1637 1230 1681 revocant.

518 1724 603 1777 16.
644 1722 988 1776 Maudatores
1020 1730 1168 1787 sunt,
1198 1721 1293 1790 qui
1326 1719 1584 1775 mandata
1617 1732 1647 1771 a
1679 1717 2020 1787 principibus

446 1814 512 1867 ad
551 1813 750 1867 milites
783 1814 937 1866 facile
963 1813 1267 1882 perferunt.

518 1904 605 1957 17.
650 1903 957 1974 Lochagus,
1000 1902 1053 1956 id
1098 1913 1203 1968 est,
1237 1900 1504 1970 manipuli
1539 1899 1850 1970 praefectus,
1882 1899 2018 1953 diri-

448 2006 537 2049 tur
571 1997 777 2065 primus
810 1996 863 2048 in
908 1996 1268 2055 contubernio
1314 1992 1471 2062 juxta
1523 1991 1891 2057 altitudinem,
1928 1991 2017 2061 qui

445 2096 499 2139 et
533 2086 817 2155 primanus
845 2096 899 2140 et
933 2095 1156 2155 praestes
1188 2086 1416 2139 dicitur.

517 2176 604 2229 18.
650 2175 1010 2230 Secundanus
1040 2186 1143 2241 est,
1174 2177 1264 2245 qui
1307 2176 1581 2231 secundus
1618 2176 1783 2231 estin
1818 2184 2016 2229 contu-

444 2266 657 2329 bernio,
683 2266 778 2335 qui
806 2276 860 2319 et
897 2266 1116 2319 substes
1143 2266 1364 2319 dicitur.

520 2358 604 2411 19.
644 2357 938 2412 Caudanus
969 2368 1053 2411 est
1086 2356 1180 2426 qui
1234 2358 1286 2410 in
1332 2366 1578 2412 extrema
1628 2365 1778 2426 parte
1820 2362 2019 2409 contu-

445 2451 641 2512 bernii,
670 2451 718 2502 id
746 2458 850 2511 est,
879 2450 929 2501 in
955 2453 1126 2502 cauda
1154 2448 1362 2501 ordinis
1398 2458 1526 2501 stat.
1801 2518 1806 2523 _

513 2539 603 2592 20.
659 2536 925 2592 Cursores
973 2539 1235 2591 dicuntur
1285 2539 1371 2592 vel
1423 2549 1876 2608 propugnatores,
1926 2544 2019 2611 qui

444 2631 619 2683 aciem
649 2629 979 2682 antecedunt
1009 2629 1061 2681 in
1094 2629 1217 2682 belli
1254 2627 1774 2695 conflictationilms,
1825 2645 1877 2684 et
1925 2632 2019 2701 qui

446 2722 501 2774 in
558 2720 834 2789 fugientes
884 2719 1069 2773 hostes
1122 2719 1273 2772 omni
1335 2720 1688 2775 dimicatione
1736 2722 2019 2787 invadunt,

446 2827 586 2882 quos
621 2820 822 2864 vocant
858 2811 1186 2880 proclastas.

514 2905 603 2957 21.
666 2902 997 2959 Defensores
1040 2904 1156 2958 sive
1204 2904 1521 2959 subsidiarii
1570 2913 1701 2960 sunt
1744 2904 1837 2973 qui
1887 2904 2021 2958 istos

1684 218 1959 281 LEONIS
1988 218 2445 281 PHILOSOPHI

2190 335 2276 406 ιβ’.
2320 337 2593 405 Δέκαρχος
2624 334 2680 387 δέ
2713 336 2893 400 ἐστιν,
2928 336 2957 388 6
2987 334 3097 389 τῶν
3127 334 3261 388 δέκα
3319 332 3557 406 πρῶτος·
3601 337 3707 388 ὧσ-

2122 446 2230 499 περ
2269 428 2364 482 xui.
2404 428 2711 498 πεντάρχης
2750 430 2778 480 6
2804 428 2915 480 τῶν
2992 428 3182 494 πέντε,
3221 428 3372 491 ὅστις
3402 431 3497 481 xu‘t
3540 429 3705 499 μέσος

2124 521 2341 573 ἵσταται
2369 521 2467 589 τῆς
2499 521 2661 582 ἀκίας
2699 520 2833 589 (21).

2196 608 2284 677 ιγ’.
2325 610 2641 681 Τετράρχης
2671 611 2728 664 δέ
2762 612 2929 675 ἐστιν,
2960 612 2986 663 6
3016 610 3109 663 καὶ⁸
3141 610 3334 679 φύλαξ,
3356 613 3384 664 ὁ
3414 612 3706 681 λεγόμενος

2122 700 2376 772 οὐραγὸς,
2428 708 2523 754 καὶ
2566 702 2876 763 τελευταῖος
2908 691 3213 771 ’ἱστάμενος
3258 702 3360 770 τῆς
3403 703 3587 766 ἀκίας.
3649 704 3706 757 '0

2124 792 2233 862 γὰρ
2282 792 2617 863 πυκνότερος
2668 792 2777 845 τῶν
2850 795 3132 863 ἀρχόντων
3191 794 3551 864 διαμερισμὸς
3614 796 3707 848 καὶ

2126 882 2372 945 πλείονας
2396 884 2627 936 δεικνύει
2658 885 2782 947 τοὺς
2805 886 3087 952 γενναίους
3114 885 3208 938 καὶ
3230 884 3510 954 ἀνδρείους
3538 904 3705 958 στρα-

2126 973 2346 1039 τιώτας,
2381 976 2475 1027 καὶ
2516 975 2755 1044 εὐχερῶς
2788 976 3086 1028 ὑπακούειν
3127 975 3221 1029 καὶ
3266 977 3507 1029 ἐκτελεῖν
3565 982 3709 1032 ποιεῖ

2124 1063 2194 1115 τὰ
2220 1064 2572 1133 κελευόμενα.

2200 1152 2280 1206 ιδ’.
2323 1154 2431 1206 Καὶ
2470 1154 2792 1224 βανδοφόρος
2837 1155 2934 1223 μέν
2979 1156 3145 1217 ἐστιν,
3192 1155 3221 1206 6
3254 1155 3314 1206 τὸ
3341 1159 3568 1226 σημεῖον
3610 1157 3704 1209 τοῦ

2128 1244 2317 1314 βάνδου
2350 1244 2655 1313 βαστάζων.

2197 1352 2277 1409 ιε’.
2319 1355 2645 1407 Δεσποτάτοι
2682 1354 2739 1406 δὲ
2784 1355 3257 1423 προσηγορεύοντο
3307 1357 3478 1409 πάλαι
3513 1359 3564 1411 oi
3609 1356 3706 1412 νῦν

2122 1447 2403 1515 λεγόμενοι
2431 1446 2730 1515 σκρίϐωνες
2762 1447 2896 1515 (‘22),
2920 1449 3118 1510 οἵτινες
3167 1448 3705 1515 παρακολουθοῦντες

2126 1540 2190 1609 τῇ
2223 1538 2523 1608 παρατάξει
2557 1539 2686 1600 τοὺς
2723 1539 2781 1591 ἐν
2821 1542 2886 1608 τῇ
2926 1540 3076 1610 μάχῃ
3106 1542 3451 1608 τραυματίας
3488 1543 3707 1610 γινομέ-

2128 1648 2250 1693 νους
2273 1631 2745 1697 ἀναλαμϐάνονται
2776 1631 2851 1693 ὡς
2880 1632 3073 1700 ἰατροὶ,
3106 1632 3201 1684 καὶ
3238 1634 3667 1702 περιποιοῦνται.

2200 1718 2297 1783 ις’.
2336 1720 2701 1789 Μανδάτωρες
2726 1720 2782 1772 δέ
2806 1721 2966 1782 εἰσιν,
2999 1721 3047 1773 οἱ
3085 1721 3153 1773 τὰ
3191 1722 3435 1791 μανδάτα
3464 1724 3570 1775 ἀπὸ
3590 1724 3705 1776 τῶν

2126 1812 2401 1880 ἀρχόντων
2422 1812 2557 1881 πρὸς
2576 1813 2701 1873 τοὺς
2723 1810 3059 1881 στρατιώτας
3081 1813 3244 1877 ὀξέως
3272 1814 3705 1883 διακομίζοντες.

2202 1900 2283 1965 ιζ’.
2337 1902 2582 1971 Λοχαγὸς
2625 1902 2681 1954 δέ
2723 1902 2941 1970 λέγεται
2990 1904 3018 1953 6
3066 1904 3281 1973 πρῶτος
3339 1902 3435 1957 τοῦ
3492 1906 3701 1974 στίχου,

2128 1992 2292 2061 ἤγουν
2323 1992 2415 2043 τοῦ
2446 1992 2654 2061 ὀρδίνου
2685 1995 2826 2045 κατὰ
2851 1992 2911 2044 τὸ
2932 1993 3111 2061 βάθος,
3147 1996 3174 2046 6
3204 1996 3364 2058 αὐτὸς
3396 1995 3452 2048 δὲ
3486 1996 3704 2063 λέγεται

2126 2085 2221 2134 καὶ
2249 2084 2470 2150 πρῖμος,
2502 2082 2596 2133 καὶ
2627 2084 2943 2151 ἐπιστάτης.

2202 2170 2289 2240 ιη’.
2328 2171 2617 2234 Σεκοῦνδος
2668 2172 2723 2223 δέ
2771 2172 3009 2239 λέγεται,
3041 2172 3068 2223 6
3096 2172 3344 2242 δεύτερος
3376 2174 3472 2241 τῆς
3502 2174 3661 2236 ἀκιας
3681 2211 3702 2237 ,

2126 2265 2153 2315 6
2174 2262 2465 2331 λεγόμενος
2501 2262 2818 2330 ἐπιστάτης.

2201 2352 2283 2405 tO'.
2320 2354 2564 2423 Οὑραγὸς
2593 2353 2648 2405 δὲ
2673 2354 2844 2406 ὀπίσω
2880 2354 2973 2407 τοῦ
3007 2355 3129 2407 ὅλου
3176 2357 3358 2425 στίχου
3397 2357 3562 2425 ἦγουν
3600 2355 3705 2426 τῆς

2126 2446 2292 2515 ούρᾶς
2322 2446 2413 2496 τοῦ
2443 2445 2654 2514 ὀρδίνου
2686 2446 2991 2514 ἱστάμενος.

2199 2534 2265 2588 κ’.
2309 2535 2638 2605 Κούρσωρες
2683 2537 2739 2588 δὲ
2778 2537 3048 2604 λέγονται,
3098 2538 3265 2607 ἤγουν
3304 2537 3599 2607 πρόμαχοι,
3649 2540 3703 2590 οΞ

2127 2627 2521 2697 προτρέχοντες
2555 2628 2654 2696 τῆς
2704 2629 3063 2697 παρατάξεως
3109 2630 3165 2678 ἐν
3210 2631 3275 2697 τῇ
3324 2629 3565 2700 συμϐολῇ
3603 2630 3699 2682 τοῦ

2127 2720 2389 2787 πολέμου,
2420 2718 2514 2770 καὶ
2550 2721 2660 2781 τοῖς
2688 2719 2979 2785 φεύγουσιν
3005 2718 3219 2789 ἐχθροῖς
3250 2718 3418 2782 ὀξέως
3465 2721 3702 2773 ἐπιτιθέ-

2130 2827 2300 2879 μενοι,
2334 2808 2427 2872 οὒς
2457 2808 2678 2863 καλοῦσι
2709 2808 3075 2880 προκλάστας.

2197 2909 2304 2957 xu'.
2344 2903 2665 2972 Διφένσορες
2703 2901 2779 2964 δέ,
2811 2902 2860 2955 οἱ
2897 2902 3106 2965 τούτοις
3144 2902 3243 2972 μὲν
3276 2901 3703 2956 ἐπακολουθοῦν-

443 3002 769 3066 sequuntur,
800 3010 909 3048 non
938 3003 1117 3048 tamen
1149 3005 1451 3049 excurrunt
1471 3005 1526 3049 et
1552 2998 1798 3050 ordinem
1829 3003 1883 3048 et
1909 3005 2020 3049 sta-

2126 3011 2236 3058 τες,
2271 2994 2341 3064 μὴ
2375 2995 2725 3065 ἐκτρέχοντες
2758 2994 2814 3045 δὲ
2840 2993 2936 3047 καὶ
2964 2994 3181 3057 λύοντες
3215 2995 3317 3063 τὴν
3356 2993 3529 3059 τάξιν,
3564 2994 3702 3047 ἀλλὰ

446 3089 648 3141 tionem
707 3101 862 3140 suam
910 3086 1206 3150 deserunt,
1272 3085 1368 3140 sed
1422 3085 1587 3139 simul
1633 3096 1687 3139 et
1730 3085 2018 3140 confertim

426 3162 727 3230 ambulant
784 3174 852 3228 ad
910 3174 1296 3229 vindicandam
1347 3182 1553 3229 sortem
1598 3190 1926 3238 cursorum,
1974 3174 2021 3228 si

445 3270 586 3324 forte
624 3269 768 3329 illos,
818 3265 965 3337 quod
1013 3281 1115 3320 usu
1163 3266 1348 3320 venire
1399 3267 1719 3335 plerumque
1771 3265 1932 3328 solet,
1965 3264 2021 3318 in

444 3363 629 3431 fugam
675 3361 813 3414 verti
845 3359 1147 3427 contingat,
1180 3373 1317 3428 quos
1355 3358 1479 3427 jure
1507 3357 1632 3426 quis
1659 3357 1900 3411 vindices
1927 3370 2021 3409 vo-

443 3460 615 3506 caret.

512 3542 601 3596 2‘2.
646 3539 1057 3610 Ccnsores,qui
1086 3538 1295 3594 fossata
1347 3539 1463 3593 sive
1506 3547 1689 3592 castra
1744 3546 2022 3591 metantur

441 3642 497 3688 et
529 3632 892 3694 constituunt,
925 3646 1064 3700 quos
1101 3642 1509 3685 meusuralores
1559 3630 1672 3684 sive
1719 3638 2021 3684 luctatores

441 3733 663 3778 vocant.

514 3816 604 3869 25.
645 3816 1035 3868 Anticeusores
1087 3814 1201 3867 sive
1243 3822 1540 3866 metatores
1578 3812 1715 3867 alios
1750 3814 2016 3881 quosdam

442 3907 651 3976 antiqui
686 3905 919 3959 Romani
953 3904 1317 3974 appellabant,
1341 3920 1480 3973 quos
1498 3919 1663 3970 nunc,
1687 3905 2019 3967 ntarhitror,

442 4016 568 4055 cum
625 3998 1106 4055 mensuratoribus
1170 3996 1608 4063 confundentes,
1662 3998 1811 4051 nullo
1871 4010 2020 4053 certo

443 4091 665 4144 nomine
689 4088 983 4157 appellant.
1011 4086 1099 4140 Isti
1128 4086 1180 4139 in
1205 4086 1405 4139 castris
1430 4087 1713 4139 movendis
1736 4096 2017 4150 anteeunt,

442 4192 497 4235 et
527 4182 751 4236 idoneas
796 4180 912 4233 vias
955 4179 1183 4246 locaque
1230 4177 1525 4245 exquirunt
1573 4178 1639 4230 ad
1692 4186 1871 4231 castra
1924 4194 2022 4247 po-

442 4274 641 4339 nenda,
669 4286 839 4340 eaque
867 4271 1049 4340 qualia
1078 4284 1201 4324 esse
1233 4269 1433 4323 debent
1464 4268 1775 4321 advertunt.

514 4456 605 4509 2-1.
650 4452 1008 4516 Scultatores,
1062 4449 1112 4503 id
1169 4458 1276 4513 est,
1334 4449 1729 4517 speculatores,
1786 4451 1879 4520 qui
1935 4468 2022 4506 res

446 4548 684 4602 hostium
720 4545 1021 4612 exquirunt
1047 4553 1102 4595 et
1138 4550 1385 4597 narrant.

512 4637 603 4692 ‘25.
631 4633 1097 4703 Πλαγιοφύλακες,
1137 4632 1189 4685 id
1220 4644 1323 4695 est,
1345 4632 1615 4687 laterones
1633 4631 1745 4685 sive
1772 4632 2022 4697 laterani,

443 4729 535 4796 qui
568 4728 635 4779 ad
672 4728 915 4780 laterum
946 4722 1251 4778 custodiam
1302 4722 1494 4791 prima:
1533 4722 1669 4777 aciei
1721 4725 2022 4778 constitue-

444 4820 666 4872 bantur.

510 4909 599 4961 26.
637 4908 963 4961 Cnrnistites
992 4915 1141 4969 sunt,
1170 4906 1262 4976 qui
1284 4906 1349 4960 ad
1382 4919 1591 4960 cornua
1625 4904 1865 4959 hostium
1907 4906 2020 4961 cir-

441 5000 756 5055 cumdanda
776 5002 1212 5053 constituuntur.

2127 3084 2576 3152 συντεταγμένως
2625 3082 3059 3154 περιπατοῦντες
3102 3082 3238 3151 πρὸς
3273 3084 3555 3153 ἐκδίκησιν
3593 3086 3702 3136 τῶν

2123 3172 2480 3242 κουρσώρων,
2514 3172 2670 3242 εἴπερ
2717 3173 2830 3241 (25)
2865 3174 3085 3237 αὐτοὺς,
3117 3173 3193 3236 ὡς
3222 3174 3389 3238 εἰκὸς,
3424 3175 3700 3244 τραπῆναι

2126 3263 2343 3332 συμϐῇ·
2409 3262 2615 3333 οὕσπερ
2676 3264 2900 3327 δικαίως
2956 3264 3021 3319 ἄν
3081 3282 3165 3328 τις
3232 3265 3515 3319 καλέσειεν
3562 3265 3709 3320 ἐνδί-

2123 3372 2250 3417 κους
2276 3356 2411 3425 (24).

2196 3530 2301 3600 κβ’.
2352 3532 2636 3603 Μίνσωρες
2692 3532 2803 3602 (25)
2853 3534 2908 3585 δὲ
2956 3533 3205 3600 λέγονται
3237 3534 3286 3585 οί
3330 3532 3398 3585 τὰ
3447 3533 3701 3603 ἄπληκτα

2124 3628 2244 3697 ἦτοι
2290 3627 2339 3679 oi
2385 3626 2452 3679 τὰ
2498 3629 2739 3695 φοσσάτα
2796 3626 3118 3696 μετροῦντες
3170 3626 3263 3678 καὶ
3314 3626 3698 3692 καθιστῶντες,

2124 3717 2216 3779 οὓς
2250 3718 2677 3787 μινσωράτωρας
2698 3717 2791 3771 νῦν
2817 3719 3094 3771 καλοῦσιν.

2196 3809 2301 3877 κγ’.
2348 3810 2757 3880 ’Λντικένσορας
2780 3811 2836 3863 δὲ
2856 3811 3046 3873 ἄλλους
3071 3810 3220 3869 τινὰς
3246 3813 3432 3878 ἔλεγον
3457 3813 3507 3865 εί
3531 3812 3700 3865 πάλαι

2136 3904 2415 3971 Ῥωμαῖοι,
2457 3902 2571 3966 οὓς,
2606 3904 2680 3966 ὡς
2711 3904 3099 3974 ὑπολαμϐάνω,
3141 3905 3237 3958 νῦν
3268 3912 3381 3967 τοῖς
3423 3905 3701 3974 μινσωρὰ-

2123 4011 2290 4065 τωρσι
2332 3995 2752 4057 συντάσσοντες,
2795 3995 2939 4058 ίδίως
2988 3998 3087 4048 οὐκ
3124 3996 3498 4065 ὀνομάζουσιν.
3542 3990 3701 4048 Οὗτοι

2122 4084 2178 4137 δέ
2215 4087 2351 4137 εἰσιν
2381 4086 2429 4137 oi
2459 4084 2822 4155 προλαϐόντες
2857 4088 2914 4137 ἐν
2942 4089 3059 4149 ταῖς
3097 4086 3448 4156 ὁδοιπορίαις,
3480 4086 3573 4137 καὶ
3600 4086 3701 4147 τὰς

2125 4176 2433 4245 ἐπιτηδείας
2471 4176 2621 4239 ὀδοὺς
2653 4177 2748 4229 καὶ
2786 4178 2910 4239 τοὺς
2954 4178 3149 4229 τόπους
3185 4177 3599 4246 ἀνερευνῶντες,
3640 4179 3701 4228 ἐν

2124 4263 2203 4329 οἷς
2250 4265 2321 4318 τὰ
2366 4267 2619 4329 άπληκτα
2678 4267 2924 4333 γίνεσθαι
2982 4267 3290 4332 ὀφείλουσι,
3349 4268 3443 4320 καὶ
3497 4267 3701 4329 ταύτας

2050 4362 2102 4419 Ι)
2127 4357 2306 4410 ὁποῖαί
2338 4360 2443 4410 εἰσι
2473 4358 2884 4421 κατανοοῦντες.

2192 4444 2291 4500 κδ’.
2333 4450 2748 4519 Σκουλκάτωρες
2779 4450 2835 4502 δέ
2865 4452 2910 4503 οἱ
2944 4450 3278 4504 κατάσκοποι
3302 4449 3575 4518 λέγονται,
3614 4449 3699 4500 οῖ·-

2120 4560 2265 4604 τινες
2299 4542 2659 4613 μανθάνοντες
2681 4544 2748 4596 τὰ
2774 4544 2883 4596 τῶν
2914 4543 3146 4614 ἐχθρῶν,
3177 4543 3634 4611 ἀπαγγέλλουσιν.

2192 4633 2288 4687 κε’.
2343 4634 2789 4701 Πλαγιοφύλακες
2839 4634 2896 4687 δέ
2945 4636 3101 4700 εἰσιν,
3152 4637 3199 4687 οἱ
3252 4635 3386 4705 πρὸς
3448 4634 3699 4703 φυλακὴν

2119 4720 2228 4774 τῶν
2256 4720 2499 4788 πλαγίων
2528 4720 2626 4789 τῆς
2652 4720 2871 4790 πρώτης
2893 4720 3098 4785 τάξεως
3127 4723 3471 4791 τασσόμενοι.

2196 4910 2311 4976 κζ’.
2364 4913 2801 4983 ’Υπερκερασταὶ
2831 4914 2908 4978 δὲ,
2940 4916 2989 4967 οἱ
3021 4916 3156 4986 πρὸς
3194 4918 3254 4969 τὸ
3292 4917 3604 4987 περιλαϐεῖν
3637 4917 3699 4969 τὺ

2125 5000 2235 5054 τῶν
2261 5000 2535 5069 πολεμίων
2559 5002 2727 5072 κέρας
2756 5005 3100 5071 τασσόμενοι.

1977 5139 2209 5198 NOTAE.

512 5259 623 5327 (21)
663 5258 777 5325 Τῆς
819 5258 1014 5322 ἀκίας.
1056 5257 1240 5327 Codex
1275 5254 1554 5310 Palatinus
1597 5255 1684 5309 hic
1711 5258 1863 5312 valde
1887 5276 2012 5313 cor-

444 5326 639 5396 ruptus
688 5341 792 5393 est,
845 5337 906 5379 ut
967 5337 1021 5381 et
1052 5326 1413 5385 Pistoriauus.
1462 5328 1555 5395 qui
1597 5328 1759 5380 habet
1792 5331 2008 5391 κακίας.

440 5400 545 5451 Alii
600 5400 856 5459 ἁκακίας.
898 5397 1148 5451 Occurrit
1193 5411 1409 5465 quoque
1444 5397 1651 5467 iterum
1707 5396 1848 5467 §53.
1901 5399 2006 5453 Sed

437 5468 818 5536 corrigendum
865 5468 967 5520 hoc
1022 5468 1202 5529 modo,
1254 5482 1362 5534 quo
1424 5466 1582 5520 dixi:
1626 5466 1752 5519 nam
1802 5469 2008 5524 ἀκακία

438 5536 597 5592 lunae
619 5540 761 5589 aliud
789 5546 891 5592 est.

510 5605 621 5676 (2‘2)
654 5609 1010 5673 Σκρίμωνες.
1050 5608 1238 5663 Scribe
1270 5609 1591 5678 σκρίϐωνες.

2337 5263 2520 5337 Εἴπερ
2550 5263 3205 5337 αὐτούς.βιτίι›ο1).ιιυι·,
3228 5267 3387 5337 ὅπερ.

2193 5331 2303 5399 (21)
2337 5332 2665 5395 Ἐνδίκους.
2698 5334 2888 5387 Scribe
2915 5335 3181 5398 ἐκδίκους.

2186 5401 2650 5469 (ἳῦ)Μι’νσωρες.
2679 5402 2737 5454 ln
2775 5405 2936 5456 Circei
2990 5410 3181 5458 codice
3240 5406 3455 5459 vioetur
3519 5404 3695 5461 fuisse

2112 5469 2403 5544 xivowpng
2439 5471 2586 5544 quod
2617 5488 2725 5544 non
2756 5474 3023 5544 improlm.
3061 5473 3364 5544 llesychins
3396 5476 3694 5544 κηνσίτωρ,

2109 5538 2137 5588 6
2160 5539 2379 5610 τὴν-γῆν
2413 5538 2649 5610 μετρῶν.
2685 5542 2747 5594 Et
2786 5538 3029 5597 Isidorus
3063 5546 3117 5597 in
3143 5538 3355 5600 Classis
3384 5562 3398 5596 :
3438 5538 3689 5598 Censitoo

2111 5624 2213 5673 res,
2244 5608 2657 5676 Agrimensorea.
