4100 6226
360 333 472 399 705

1450 326 1781 387 TACTICA.
1826 351 1894 363 -
1929 327 2431 389 CONS’I‘ITUTIO
2466 329 2559 391 IV.

3497 338 3604 404 ’106

437 439 540 508 κζ’.
580 441 823 514 Ἐνεδροι
864 440 942 505 δὲ,
995 439 1046 493 οἱ
1096 438 1233 509 πρὸς
1270 438 1338 493 τὰ
1380 438 1745 509 ὲγκρύμματα
1798 439 1937 492 κατὰ

2104 441 2193 494 27.
2250 440 2465 497 Insidiae
2516 442 2889 511 nominantur,
2935 447 3031 515 qui
3090 445 3145 501 in
3195 445 3423 505 occultis
3469 448 3605 505 locis

364 534 461 600 τῆς
482 531 845 603 παρατάξεως
874 530 987 584 τῶν
1018 529 1228 599 ἐχθρῶν
1264 528 1695 597 ἑτοιμαζόμενοι.

434 631 544 695 κη’.
581 622 979 691 Νωτοφύλακες
1023 621 1080 674 δὲ
1110 622 1159 673 oi
1222 620 1399 673 ὀπίσω
1438 622 1538 690 τῆς
1581 619 1939 690 παρατάξεως

365 713 547 782 πάσης
574 712 896 782 τασσόμενοι
928 712 1273 779 περιπατεῖν.

434 801 539 856 κθ¹.
590 804 700 856 Kal.
752 801 973 855 τοῦλδόν
1023 802 1174 853 ἐστιν
1228 801 1262 870 ἠ
1308 799 1586 871 ἀποσκευῇ
1636 802 1731 855 καὶ
1780 801 1941 871 χρεία

371 895 521 949 πᾶσα
564 892 681 949 τῶν
732 889 1102 960 στρατιωτῶν,
1160 888 1405 943 τουτέστι
1460 888 1649 952 παῖδές
1706 905 1795 951 τε,
1849 890 1941 942 καὶ

366 984 654 1051 ὓποζύγια,
680 984 777 1036 καὶ
805 981 875 1035 τά
898 980 1061 1034 λοιπὰ
1084 980 1219 1044 ζῶα,
1245 980 1339 1034 καὶ
1361 981 1465 1033 εἴτι
1493 980 1682 1049 ἕτερον
1709 981 1941 1052 πρᾶγμα

363 1071 504 1143 πρὸς
535 1070 837 1141 ὑπηρεσίαν
865 1068 958 1122 τοῦ
990 1068 1260 1137 φοσσάτου
1290 1067 1630 1139 ὲπισύρεται.

432 1161 496 1218 λ’.
541 1163 697 1218 Ἐστι
726 1160 783 1214 δὲ
808 1162 842 1231 ἠ
865 1159 959 1213 τοῦ
992 1158 1298 1230 στρατηγοῦ
1325 1158 1649 1229 προέλευσις
1680 1158 1762 1222 είς
1788 1175 1941 1221 τινας

364 1254 627 1324 ἄρχοντας
654 1252 1029 1322 διαιρουμένη,
1060 1244 1173 1303 οἷον
1199 1251 1290 1302 τόν
1308 1266 1365 1302 τε
1383 1248 1599 1319 κόμητα
1626 1248 1724 1319 τῆς
1741 1249 1942 1319 κόρτης

364 1344 553 1409 αὐτοῦ,
586 1344 680 1397 καὶ
712 1343 805 1395 τὸν
835 1341 928 1394 τοῦ
970 1341 1202 1410 θέματος
1239 1341 1579 1409 δομέστικον,
1624 1340 1719 1392 καὶ
1753 1338 1940 1404 ἁπλῶς

363 1436 560 1493 εἰπεῖν.
600 1435 681 1496 είς
723 1432 851 1494 τοὺς
889 1430 1107 1492 λοιποὺς
1144 1429 1205 1493 ἐξ
1241 1429 1396 1491 ἔθους
1441 1430 1541 1499 τῆς
1569 1428 1941 1500 προελεύσεως

364 1522 529 1577 αὑτοῦ
587 1521 899 1591 ὑπηρέτας,
956 1518 1051 1582 οὓς
1134 1518 1394 1589 περισσὸν
1463 1518 1746 1589 ἡγούμεθα
1804 1535 1939 1571 κατ-

364 1614 490 1683 αριθ
497 1614 641 1677 μεῖν.

435 1698 536 1753 λα’.
585 1699 643 1751 '0
690 1700 799 1768 γὰρ
840 1698 1275 1769 πρωτονοτάριος
1318 1698 1412 1751 τοῦ
1452 1698 1719 1768 θέματος,
1773 1698 1869 1751 καὶ
1910 1699 1938 1751 6

2038 530 2301 585 adversus
2332 530 2570 586 hostium
2600 531 2773 586 aciem
2801 544 3082 603 parantur.

2109 619 2199 674 28.
2240 618 2562 688 Tergistites
2591 630 2741 688 sunt,
2772 624 2865 693 qui
2891 632 2952 678 ut
2981 632 3107 693 post
3158 625 3330 681 aciem
3385 629 3609 688 univer-

2038 723 2153 764 sam
2184 720 2331 775 eant,
2362 712 2787 769 constituuntur.

2106 801 2199 856 29.
2260 800 2518 867 Tuldum,
2570 804 2686 859 sive
2731 804 3145 874 impedimenta,
3177 822 3263 863 est
3310 820 3608 879 apparatus
3661 832 3667 837 ·

2040 895 2331 950 universus
2404 903 2461 950 et
2536 897 2789 952 utensilia
2871 900 3128 966 militum,
3181 910 3243 955 ut
3312 903 3488 972 pueri,
3552 913 3609 959 et

2035 985 2303 1054 jutnenta,
2356 986 2671 1056 reliquaque
2698 989 3019 1052 animantia.
3052 992 3136 1046 vel
3182 992 3227 1047 si
3267 995 3409 1061 quod
3456 994 3605 1050 aliud

2038 1072 2464 1129 instrumentum
2505 1076 2569 1129 ad
2604 1092 2758 1132 usum
2794 1086 3128 1134 castrensem
3165 1081 3499 1149 adiungitur.

2109 1165 2202 1224 '50.
2237 1164 2520 1234 Expeditio
2551 1184 2767 1237 quoque
2791 1163 3063 1225 exercitus
3091 1171 3145 1225 in
3172 1174 3435 1240 quasdam
3470 1188 3607 1241 prae—

2044 1256 2283 1311 fecturas
2314 1258 2577 1313 dividitur
2608 1275 2623 1311 :
2668 1270 2727 1313 ut
2761 1260 2815 1313 in
2851 1261 3096 1316 cohortis
3138 1264 3415 1327 comitem,
3451 1274 3504 1318 et
3550 1266 3603 1318 in

2037 1346 2351 1401 domestica:
2379 1349 2607 1404 ditionis
2638 1351 2916 1412 comitem,
2942 1361 2996 1405 et
3021 1353 3248 1407 omnino
3281 1354 3333 1407 in
3360 1355 3604 1424 reliquos

2037 1446 2315 1493 consuetae
2350 1438 2716 1506 expeditionis
2754 1440 3126 1507 administros,
3155 1457 3294 1512 quos
3320 1458 3604 1500 recensere

2038 1542 2503 1597 supervacaneum
2534 1540 2639 1584 est.

2106 1696 2198 1754 51.
2234 1695 2654 1752 Protonntarius
2688 1696 2915 1753 ditionis
2940 1710 2995 1755 et
3023 1699 3409 1765 chartularius,
3443 1714 3607 1774 atque

364 1789 786 1862 χαρτουλάριος,
832 1788 1055 1858 προσέτι
1092 1788 1151 1841 δὲ
1192 1788 1288 1840 καὶ
1327 1790 1356 1842 ό
1397 1786 1668 1859 πραίτωρ,
1712 1788 1877 1859 ἥγουν
1909 1787 1938 1839 6

2049 1787 2200 1842 etiam
2236 1796 2435 1856 praetor
2466 1787 2580 1842 sive
2610 1788 2835 1844 ditionis
2879 1805 2993 1845 suae
3027 1790 3219 1857 judex.
3264 1793 3400 1847 alter
3440 1771 3607 1849 urba-

361 1880 461 1934 τοῦ
498 1879 731 1950 θέματος
766 1880 1045 1950 δικαστής.
1097 1879 1157 1933 '0
1204 1879 1304 1950 μὲν
1348 1879 1446 1949 τῆς
1493 1879 1776 1950 πολιτικῆς
1821 1880 1937 1934 ἐστι

361 1970 683 2040 διοικήσεως
720 1972 749 2024 6
784 1971 991 2041 ἄρχων,
1038 1969 1067 2021 6
1099 1968 1156 2022 δὲ
1191 1968 1328 2039 πρὸς
1369 1969 1469 2040 τὴν
1501 1968 1595 2022 τοῦ
1631 1968 1936 2038 στρατηγοῦ

365 2060 727 2130 καταγραφήν
757 2059 869 2129 (26)
905 2075 965 2112 τε
997 2058 1093 2113 καὶ
1138 2057 1494 2129 ἀναζήτησιν.
1547 2057 1605 2111 '0
1648 2058 1705 2111 δὲ
1730 2058 1831 2120 τὰς
1863 2058 1941 2111 δί-

366 2167 470 2213 κας
498 2149 604 2203 τῶν
627 2149 995 2218 δικαζομένων
1026 2148 1252 2211 διαλύει,
1282 2147 1376 2209 οὓς
1410 2149 1460 2200 εί
1513 2148 1609 2201 καὶ
1630 2146 1710 2217 τῷ
1741 2163 1939 2218 στρατ-

367 2239 486 2310 ηγῷ
525 2242 581 2293 έν
621 2257 762 2293 τισιν
816 2238 1217 2295 ὑποτάσσεσθαι
1262 2237 1389 2309 χρὴ,
1420 2235 1537 2291 ἀλλ’
1576 2235 1671 2292 οὖν
1697 2238 1824 2299 τοὺς
1855 2238 1940 2290 λό-

367 2348 497 2398 γους
537 2331 647 2384 τῶν
693 2331 874 2384 ίδικῶν
921 2329 1099 2383 αὐτῶν
1141 2328 1460 2398 διοικήσεων
1486 2327 1624 2398 πρὸς
1656 2328 1756 2400 τὴν
1786 2327 1940 2397 βασι·

364 2422 515 2476 λείαν
548 2422 708 2493 ἡμῶν
747 2423 981 2493 ἀφορᾷν,
1022 2420 1164 2473 ὥστε
1198 2418 1266 2471 δι’
1310 2418 1489 2472 αὐτῶν
1521 2417 1811 2488 μανθάνειν
1842 2417 1940 2480 τάς

366 2531 426 2566 τε
453 2512 563 2566 τῶν
592 2512 885 2566 πολιτικῶν
916 2512 1008 2564 καὶ
1030 2510 1138 2563 τῶν
1171 2509 1576 2579 στρατιωτικῶν
1600 2510 1940 2579 πραγμάτων

368 2605 732 2668 καταστάσεις
761 2603 857 2656 καί
880 2601 1178 2670 διοικήσεις
1205 2600 1608 2669 ἀσφαλέστερον
1629 2599 1937 2669 ἡγούμεθα.

438 2690 539 2761 λβ’.
581 2690 684 2745 Τὸν
722 2690 820 2761 μὲν
862 2688 993 2759 γοῦν
1033 2687 1261 2758 στρατὸν
1294 2687 1437 2749 ὅλον,
1472 2678 1517 2738 ὦ
1540 2684 1833 2755 στρατηγὲ,
1862 2682 1943 2736 δι-

370 2784 620 2852 αιρήσεις
651 2783 732 2844 είς
769 2780 1005 2849 διάφορα
1041 2778 1329 2847 τάγματα,
1375 2776 1470 2829 καὶ
1506 2776 1820 2844 ἐπιστήσεις
1848 2772 1944 2827 a6-

370 2874 506 2945 τοῖς,
551 2870 627 2929 ὡς
663 2870 898 2940 εἴρηται,
931 2867 1200 2939 ἄρχοντας
1234 2864 1551 2937 φρονίμους,
1594 2863 1690 2916 καὶ
1730 2863 1942 2934 άνδρείο

369 2979 486 3028 ους,
514 2962 609 3015 καὶ
638 2960 982 3030 προσφόρους
1015 2958 1215 3019 αὐτοῖς.

438 3049 541 3118 λγ’.
582 3051 718 3103 Ἀπὸ
742 3051 799 3103 δὲ
824 3050 920 3103 τοῦ
952 3050 1231 3116 τάγματος
1261 3047 1380 3116 ἦτοι
1424 3045 1616 3115 βάνδου
1654 3043 1780 3106 τοὺς
1810 3044 1943 3096 έκα-

370 3142 672 3212 τοντάρχας
710 3140 823 3211 (27)
866 3139 1136 3205 ἐπιλέγων
1182 3136 1481 3207 φρονίμους
1524 3134 1623 3189 καὶ
1662 3133 1942 3200 γενναίους

372 3235 455 3297 είς
502 3232 782 3304 ἀνδρείανο
826 3226 947 3284 εἶτα
988 3231 1136 3295 τοὺς,
1179 3229 1272 3282 καὶ
1317 3227 1455 3298 μετὰ
1497 3227 1624 3288 τοὺς
1648 3224 1944 3293 δεκάρχους

371 3326 468 3378 καὶ
492 3323 689 3385 αὐτοὺς
716 3321 997 3390 γενναίους
1029 3320 1125 3373 καὶ
1153 3318 1494 3386 αὐτόχειρας,
1526 3315 1574 3367 εἰ
1604 3314 1828 3367 δυνατὸν
1864 3313 1942 3379 δὲ,

370 3416 469 3469 καὶ
494 3413 733 3477 τοξεύειν
762 3411 992 3472 εἰδότας.
1036 3409 1147 3462 Καὶ
1179 3406 1315 3477 μετὰ
1342 3406 1466 3467 τοὺς
1492 3404 1796 3472 δεκάρχους
1817 3404 1945 3465 τοὺς

371 3499 682 3571 πεντάρχας
710 3498 804 3551 καὶ
830 3496 1139 3566 τετράρχας
1158 3493 1381 3563 ὁμοίως.
1412 3492 1524 3544 Kal.
1544 3490 1666 3544 τότε
1689 3491 1814 3553 τοὺς
1840 3488 1945 3557 φύ-

369 3593 545 3653 λακας
594 3589 703 3642 τῶν
744 3588 951 3650 άκιῶν,
996 3586 1163 3655 ῆγουν
1196 3581 1305 3635 τῶν
1353 3580 1496 3633 κατὰ
1531 3578 1594 3631 τὺ
1633 3578 1806 3647 πάχος
1847 3578 1945 3647 τῆς

375 3680 733 3753 παρατάξεως
772 3677 1018 3748 όρδίνων,
1064 3673 1113 3727 οἳ
1159 3672 1255 3726 καὶ
1299 3670 1584 3742 δεκαρχίαι
1631 3668 1943 3731 καλοῦνται,

376 3775 476 3829 δύο
516 3774 624 3827 ἀπὸ
655 3772 889 3839 ἑκάστης
934 3767 1095 3828 ἀκίας
1128 3765 1266 3835 (28),
1290 3763 1366 3825 ὡς
1392 3760 1638 3829 γίνεσθαι
1669 3761 1795 3823 τοὺς
1825 3761 1944 3812 έπι-

371 3866 596 3928 λέκτους
631 3863 868 3929 ἑκάστης
898 3858 1060 3920 ἁκίας
1100 3855 1299 3925 ἄνδρας
1338 3850 1401 3907 ε’.
1440 3852 1549 3906 Καὶ
1586 3852 1709 3913 τοὺς
1739 3848 1947 3919 άπομέυ

372 3972 563 4017 νοντας
587 3953 892 4024 ὀρδινεῦσαι
915 3949 993 4012 εἰς
1025 3947 1124 4009 τὰς
1150 3945 1313 4008 άκίας
1342 3941 1604 4004 παλαιούς
1638 3958 1697 3993 τε
1737 3941 1831 3992 καὶ
1859 3939 1946 3993 νέ-

372 4063 468 4109 ους
513 4046 886 4115 ἀναμίκτους,
938 4040 1053 4092 ὅσοι
1097 4037 1165 4091 άν
1208 4036 1315 4088 είσι
1358 4032 1586 4087 κατὰτὸ
1616 4030 1813 4101 μέτρον
1851 4027 1945 4083 τοῦ

376 4135 613 4205 πῌιθους
638 4132 734 4187 τοῦ
763 4129 1017 4200 στρατοῦ.

444 4223 537 4279 λδ’.
572 4224 783 4293 Στήσας
813 4222 869 4275 δὲ
895 4220 988 4274 καὶ
1005 4218 1228 4281 τούτους
1253 4217 1647 4287 άπομένοντας,
1678 4211 1800 4264 τότε
1823 4211 1949 4272 τοὺς

376 4315 694 4377 ἐπιλέκτους
736 4310 995 4365 ἐπίϐαλλε
1037 4309 1177 4363 κατὰ
1233 4306 1495 4377 διαφορὰν
1525 4305 1661 4374 πρὸς
1697 4303 1796 4373 τὴν
1826 4301 1950 4355 ἑκά-

378 4420 505 4457 στου
535 4402 818 4469 ποιότητα,
844 4400 1013 4469 ἦγουν
1052 4396 1223 4466 φύσιν,
1262 4395 1356 4448 καὶ
1394 4393 1642 4460 δύναμιν,
1666 4390 1791 4452 τοὺς
1843 4387 1942 4458 μὲν

377 4495 688 4564 κρείττονας
718 4489 1051 4562 ἔμπροσθεν,
1080 4487 1205 4549 τοὺς
1242 4486 1299 4539 δὲ
1330 4485 1549 4547 λοιποὺς
1578 4482 1787 4549 ἀλόγως
1828 4480 1949 4533 6m-

378 4584 503 4635 σθέν
528 4599 586 4634 τε
614 4582 707 4635 καὶ
735 4579 823 4633 διὰ
858 4580 1045 4648 μέσου.

446 4672 541 4726 λε’.
581 4671 686 4724 Δύο
716 4671 773 4725 δὲ
808 4670 1165 4739 μανδάτωρας
1192 4664 1504 4736 ἀγρύπνους
1533 4662 1625 4714 καὶ
1658 4659 1951 4730 φρονίμους

377 4764 693 4834 ἑπιλεγῆναι
728 4762 865 4824 δέον,
913 4760 1008 4814 καὶ
1052 4759 1145 4813 δύο
1180 4757 1540 4828 βανδοφόρους
1575 4752 1683 4805 ἀπὸ
1721 4753 1950 4805 ἑκάστου

376 4854 675 4921 τάγματος.
715 4849 826 4918 Τὴν
858 4848 915 4901 δὲ
958 4846 1212 4915 τοιαύτην
1257 4842 1514 4912 ὲπιλογὴν
1557 4840 1651 4893 καὶ⁸
1687 4838 1952 4909 δρδινείαν

379 4940 651 4993 ποιεῖσθαι
687 4939 746 4990 ιν
780 4940 891 5000 τοῖς
926 4934 1372 5007 κοπουὸερνίοις,
1416 4930 1692 4985 τουτέστιν
1735 4930 1792 4981 ιν
1828 4929 1947 4990 ταῖς

377 5031 580 5093 άκίαις.

446 5121 556 5186 λς’.
594 5121 707 5173 Καὶ
744 5119 891 5183 ἔνθα,
926 5118 1001 5182 ὡς
1044 5116 1209 5181 εἰκὸς,
1254 5114 1441 5175 παῖδες
1490 5112 1591 5164 οὐκ
1638 5108 1778 5171 εἰσὶ,
1825 5107 1949 5167 τοὺς

379 5210 796 5280 ὑποδεεστέρους
859 5208 967 5260 τῶν
1022 5204 1364 5277 στρατιωτῶν
1412 5203 1490 5265 εἰς
1542 5199 1610 5252 τά
1665 5198 1949 5267 σαγμάρια

377 5302 680 5371 ἀφορίζειν,
726 5301 1003 5353 τουτέστιν
1040 5300 1119 5360 είς
1163 5296 1286 5367 τρία
1328 5294 1361 5362 ἢ
1408 5292 1488 5353 είς
1531 5290 1771 5352 τέσσαρα
1813 5304 1947 5355 σαγ-

2040 1892 2232 1931 narum
2266 1892 2447 1932 rerum
2480 1877 2943 1934 administrationi
2971 1880 3065 1950 qui
3095 1891 3313 1950 praeest,
3350 1884 3488 1939 alter
3515 1886 3609 1955 qui

2039 1963 2313 2017 exercitus
2364 1963 2721 2033 descriptioni
2782 1976 2836 2020 et
2896 1966 3239 2036 inquisitioni
3291 1970 3608 2037 praeﬁcitur.

2040 2052 2140 2108 Hic
2182 2054 2585 2109 controversias
2632 2070 2846 2121 eorum,
2872 2058 2964 2125 qui
3000 2059 3051 2111 in
3091 2058 3182 2127 jus
3213 2062 3459 2127 veniunt,
3493 2062 3612 2119 dis-

2040 2146 2224 2200 solvit.
2267 2146 2430 2209 Istos,
2462 2160 2773 2216 quanquam
2822 2148 3135 2216 imperatori
3169 2150 3221 2203 in
3259 2153 3444 2207 multis
3480 2154 3613 2209 obeo

2038 2236 2159 2290 dire
2193 2244 2427 2305 oportet,
2468 2245 2650 2291 tamen
2694 2237 2839 2306 quod
2880 2239 2948 2292 ad
2996 2241 3330 2309 privatarum
3382 2258 3609 2300 suarum

2040 2326 2573 2381 administrationum
2651 2328 2891 2382 rationes
2948 2339 3197 2397 Spectat,
3250 2333 3317 2386 ad
3379 2349 3608 2404 regnum

2041 2428 2289 2471 nostrum
2318 2417 2592 2486 pertinere
2624 2418 2897 2483 volumus,
2938 2428 2998 2473 ut
3035 2436 3104 2475 ex
3147 2436 3214 2475 eo
3269 2424 3509 2478 civilium
3555 2434 3614 2481 et

2044 2507 2358 2562 bellicarum
2396 2523 2580 2562 rerum
2618 2509 3150 2566 administrationem
3183 2522 3239 2568 et
3267 2516 3614 2572 constitutio-

2043 2609 2165 2649 nem
2199 2596 2371 2650 tutius
2398 2610 2818 2665 cognoscamus.

2112 2686 2203 2740 52.
2273 2684 2596 2741 Universum
2671 2685 2837 2753 igitur
2892 2687 3197 2742 exercitum
3264 2690 3319 2744 in
3395 2691 3611 2748 diversa

2044 2776 2281 2846 agmina,
2303 2775 2357 2830 id
2374 2784 2478 2841 est,
2505 2775 2783 2841 cohortes,
2805 2775 3122 2845 imperator,
3153 2779 3385 2846 divides,
3413 2791 3469 2837 et
3507 2784 3616 2841 illis

2044 2864 2319 2935 principes
2372 2863 2653 2933 praeﬁcies,
2701 2865 3016 2934 prudentes,
3069 2867 3259 2936 Iortes,
3309 2880 3475 2942 atque
3523 2889 3617 2930 ac-

2046 2955 2420 3010 commodatas
2452 2955 2578 3010 illis.

2117 3044 2208 3098 55.
2252 3044 2328 3097 Ex
2378 3058 2709 3114 unaquaque
2757 3044 2985 3100 cohorte
3026 3045 3142 3100 sive
3192 3048 3372 3104 bando
3418 3063 3612 3108 centu-

2044 3131 2232 3187 riones
2294 3130 2455 3202 elige,
2506 3133 2819 3202 prudentes,
2871 3128 3042 3190 fortes
3094 3145 3260 3206 atque
3287 3146 3542 3197 strenuos
3595 3161 3612 3198 :

2046 3221 2242 3276 deinde
2290 3221 2549 3289 decanos,
2598 3237 2801 3293 eosque
2848 3232 3104 3282 strenuos
3149 3236 3315 3297 atque
3362 3229 3615 3296 invictos.

2045 3319 2099 3363 ct
2126 3311 2170 3363 si
2204 3310 2258 3363 id
2291 3310 2405 3364 ﬁeri
2439 3321 2635 3381 potest,
2678 3312 3001 3382 sagittarum
3045 3314 3428 3383 jacicndarum
3472 3322 3618 3390 peri-

2047 3409 2152 3454 tos.
2190 3398 2323 3455 Post
2354 3401 2618 3467 decanos,
2647 3402 2941 3470 quintanos
2984 3414 3395 3477 quartanosque
3440 3427 3453 3462 :
3498 3417 3613 3463 tum

2044 3493 2390 3548 contubernii
2413 3494 2687 3558 custodes,
2715 3494 2767 3548 id
2800 3502 2904 3556 est,
2930 3510 3027 3551 eos
3054 3497 3145 3566 qui
3173 3499 3239 3552 ad
3271 3499 3614 3557 altitudinem

2045 3583 2392 3638 contubernii
2440 3584 2856 3639 custodiendam
2902 3588 3185 3643 constituti
3234 3599 3382 3653 sunt,
3425 3594 3515 3662 qui
3547 3608 3615 3649 ex

2045 3672 2275 3743 singulis
2303 3673 2681 3728 contuberniis
2723 3673 2832 3727 duo
2877 3681 3031 3737 sunt,
3086 3682 3144 3728 ut
3180 3690 3248 3731 ex
3289 3693 3617 3750 unoquoque

2045 3765 2408 3819 contubernio
2442 3765 2544 3819 viri
2589 3764 2784 3820 deiecti
2832 3766 3077 3836 quinque
3110 3766 3240 3821 sint.
3271 3766 3376 3823 Eos
3422 3768 3513 3839 qui
3559 3770 3617 3824 in

2046 3854 2422 3908 contuberniis
2469 3862 2677 3909 restant
2718 3853 2799 3910 sic
2843 3855 3082 3922 instrue,
3149 3866 3211 3912 ut
3271 3873 3430 3913 senes
3484 3858 3619 3914 ado-

2055 3943 2429 4013 lescentesque
2479 3944 2643 4000 simu:
2693 3960 2792 4014 pro
2841 3946 3055 4003 ratione
3084 3957 3141 4003 et
3174 3964 3404 4006 numero
3458 3965 3618 4007 exer-

2047 4031 2192 4086 citus
2219 4030 2295 4085 tui
2327 4032 2468 4086 inter
2494 4047 2555 4087 se
2584 4032 2909 4103 coniungas.

2118 4206 2208 4261 δι.
2268 4204 2372 4261 Ubi
2425 4208 2561 4262 istos
2617 4205 2686 4261 ad
2738 4207 2886 4262 hunc
2947 4208 3171 4261 modum
3238 4210 3615 4274 constitueris.

2049 4297 2220 4353 lectos
2249 4311 2315 4352 ac
2344 4296 2555 4352 nobiles
2589 4296 2684 4366 qui
2724 4304 2933 4350 restant
2962 4298 3111 4351 varie
3155 4297 3493 4363 distribuito,
3519 4316 3617 4369 pro

2051 4387 2485 4457 uniuscujusque
2523 4387 2787 4456 dignitate
2830 4401 2925 4440 seu
2957 4386 3010 4441 vi
3039 4394 3095 4441 et
3126 4395 3344 4451 natura,
3376 4390 3614 4459 optimos

2055 4478 2230 4548 primo
2278 4478 2419 4541 loco,
2457 4477 2698 4547 reliquos
2736 4476 2995 4547 permiste
3045 4484 3161 4531 tum
3208 4487 3453 4533 extremo
3498 4488 3613 4535 tum

2051 4569 2230 4625 medio
2261 4568 2313 4621 in
2339 4565 2482 4622 loco.

2120 4660 2211 4715 55.
2269 4657 2458 4729 Itaque
2504 4658 2854 4714 mandatores
2900 4658 3182 4730 vigilantes
3221 4670 3277 4716 ct
3322 4660 3616 4731 prudentes

2052 4748 2251 4817 eligere
2295 4756 2548 4818 oportet,
2604 4756 2658 4803 et
2684 4748 3090 4820 bandophoros,
3141 4751 3257 4805 sive
3302 4748 3614 4818 signiferos.

2055 4851 2315 4909 praeterea
2343 4841 2479 4896 duos
2505 4854 2570 4894 ex
2599 4856 2928 4911 unaquaque
2952 4842 3197 4897 cohorte.
3238 4840 3388 4896 Talis
3433 4850 3615 4894 autem

2054 4929 2296 4985 delectus
2320 4930 2375 4984 in
2402 4930 2776 4986 contuberniis
2797 4931 3141 4987 adhibendus
3168 4939 3272 4986 est.

2125 5105 2216 5160 56.
2257 5103 2361 5160 Ubi
2389 5104 2540 5173 pueri
2566 5104 2700 5157 nulli
2732 5114 2881 5170 sunt,
2908 5104 3007 5168 ibi,
3039 5103 3497 5169 quemadmodum
3524 5119 3623 5173 par
3696 5138 3702 5142 -

2056 5206 2161 5260 est,
2189 5211 2255 5250 ex
2283 5194 2642 5251 debilioribus
2671 5194 2937 5248 militibus
2977 5196 3044 5251 ad
3091 5195 3479 5266 impedimenta
3526 5209 3622 5248 cu-

2057 5284 2338 5340 stodienda
2364 5283 2632 5339 delectum
2655 5281 2829 5337 virum
2850 5294 3110 5349 unum,et
3137 5285 3302 5339 alium
3329 5283 3618 5355 quemdatn

1911 5427 2144 5495 NOTAE.

453 5532 564 5602 (26)
587 5530 740 5611 ⁸Τοῦ
771 5528 1114 5597 στρατηγοῦ
1162 5521 1571 5593 καταγραφήν.
1618 5518 1834 5584 Scribe,
1860 5516 1954 5570 τοῦ

382 5619 616 5675 στρατου
648 5618 701 5653 κ.
1249 5665 1259 5675 “

451 5674 566 5743 (27)
612 5667 1109 5737 ἰε’κιιτοντάρχας.
1146 5664 1519 5725 Scrtbchatttr,
1556 5659 1840 5728 ὲκτάρχαι.

623 5767 893 5826 Puncta
928 5762 1043 5822 (in.
1078 5755 1268 5820 CVII.

2133 5517 2247 5589 (28)
2285 5514 2583 5597 Ἐκάστῃς
2618 5515 2815 5582 ἁκίας,
2862 5515 3235 5585 Scribebatur,
3271 5522 3317 5574 ὲ.
3362 5516 3621 5582 ἀκακίας,

2064 5600 2119 5644 ut
2150 5602 2312 5656 supra
2346 5601 2552 5642 monui.

3234 5746 3312 5805 23
