4080 6218
496 323 604 394 707

1758 318 2036 380 LEONIS
2064 316 2524 379 PHILOSOPHI

3648 316 3757 381 708

501 445 824 518 prudentem
872 441 1099 497 militem
1153 454 1216 494 ac
1277 437 1532 492 idoneum
1592 434 1810 505 signum
1856 433 2057 502 aliqum

2183 430 2353 502 μάρια
2408 431 2576 500 ἄνδρα
2616 429 2731 492 ἕνα,
2775 428 2867 481 καὶ
2906 427 3095 497 ἕτερόν
3138 443 3256 480 τινα
3302 425 3413 479 τῶν
3456 426 3756 499 ἐλλογίμων

501 542 806 605 gestantem
838 528 1167 599 designabis,
1194 539 1357 595 quem
1388 524 1622 589 tuldum,
1644 524 1695 578 id
1713 533 1815 587 est,
1846 538 2067 594 sagma-

499 628 581 680 ria
612 625 728 680 sive
758 620 1144 697 impedimenta
1173 626 1493 687 sequentur.

566 800 657 854 37.
724 795 1101 852 Contubernia
1151 795 1339 849 omnia
1392 793 1696 856 describes,
1748 802 1804 847 et
1850 810 1972 862 quae
2018 796 2073 848 in

496 889 685 943 dextra
712 886 977 951 cohonis,
1012 898 1244 954 quaeque
1272 891 1327 939 ct
1366 890 1502 953 quot
1536 883 1591 936 in
1627 883 1760 937 laeva
1799 885 1931 937 tiant
1978 898 2072 937 as-

496 980 757 1050 signabis.

567 1072 656 1127 38.
697 1069 1071 1126 Contubernia
1105 1070 1158 1123 in
1206 1069 1451 1138 quinque
1490 1068 1573 1121 vel
1621 1069 1832 1132 decem,
1877 1079 1969 1123 aut
2017 1071 2070 1124 in

496 1170 734 1231 quatuor
763 1160 848 1213 vel
888 1168 1013 1215 octo
1058 1160 1138 1212 vel
1176 1159 1410 1213 sedecim
1442 1158 1769 1228 distingues,
1803 1163 2069 1227 quemad-

498 1252 721 1307 modum
752 1250 1086 1304 intellexeris
1114 1263 1211 1316 pro
1243 1257 1487 1317 tempore
1520 1248 1624 1301 hoc
1655 1249 1787 1301 utile
1818 1263 1959 1312 esse,
2012 1258 2073 1303 ut

494 1343 894 1399 consuetudine
921 1342 1156 1412 quadam
1202 1341 1476 1409 conjuncti
1504 1340 1936 1396 contubernales
1972 1357 2070 1410 pro

494 1452 553 1493 se
582 1445 774 1491 mutuo
806 1435 861 1488 in
894 1435 1092 1503 proelio
1121 1433 1402 1497 dimicent,
1433 1438 1487 1484 et
1522 1431 1589 1485 ad
1620 1432 1860 1501 pericula
1892 1434 2070 1487 susci-

494 1528 689 1600 pienda
725 1526 899 1596 magis
943 1525 1269 1580 excitentur.
1315 1522 1527 1576 Habeat
1562 1539 1782 1592 quoque
1830 1524 2066 1593 aliquem

495 1633 842 1674 communem
876 1617 1019 1670 inter
1051 1630 1110 1670 se
1143 1630 1301 1669 usum
1329 1614 1761 1683 unumquodque
1787 1618 2071 1669 contuber-

494 1712 669 1773 nium,
695 1706 1156 1777 quemadmodum
1192 1717 1351 1759 antea
1376 1706 1815 1775 explanavimus.

2181 522 2241 585 ἐξ
2278 522 2457 575 αὐτῶν
2509 519 2855 591 στρατιωτῶν
2883 520 3155 589 χρήσιμον
3199 518 3337 587 μετά
3390 520 3643 589 σημείου,

2177 629 2282 665 τινι
2306 612 2368 663 τὸ
2398 613 2516 665 ὅλον
2544 610 2762 665 τοῦλδον
2803 611 2969 679 ἠγουν
3006 610 3073 663 τά
3113 612 3397 680 σαγμάρια
3439 613 3754 667 ἀκολουθεῖν

2176 702 2502 770 ὀφείλουσιν.

2246 793 2342 855 λζ’.
2393 793 2631 863 Ὀρίσεις
2668 792 2725 845 δὲ
2767 793 2863 845 καὶ
2909 793 3007 854 τὰς
3061 793 3222 854 ἀκίας
3268 794 3432 847 πόσαι
3482 796 3579 847 καὶ
3610 799 3759 848 ποῖαι

2174 882 2446 951 ὀφείλουσι
2478 882 2625 948 δεξιά
2659 882 2753 936 τοῦ
2788 883 2978 952 βάνδου
3014 883 3329 948 τάσσεσθαι,
3363 888 3456 937 καὶ
3480 887 3642 939 πόσαι
3662 888 3760 939 καί⁵

2160 977 2327 1028 ποῖαι
2351 976 2618 1047 ἀριστερά
2646 975 2835 1030 αὐτοῦ.

2244 1067 2345 1135 λη’.
2386 1068 2579 1132 Τάξεις
2610 1066 2667 1122 δὲ
2694 1068 2792 1121 καὶ
2810 1068 2879 1120 τά
2908 1068 3294 1139 κοντουΰέρνια
3319 1069 3354 1141 ἢ
3398 1072 3536 1123 κατᾶ
3569 1072 3756 1135 πέντε,

2170 1157 2249 1220 ὼς
2289 1158 2523 1229 εἴρηται,
2576 1160 2610 1229 ἢ
2659 1159 2795 1211 δέκα
2842 1158 3062 1229 ἄνδρας,
3114 1160 3147 1229 ἢ
3202 1163 3341 1213 κατὰ
3388 1164 3678 1233 τέσσαρας.
3720 1162 3755 1233 ἢ

2172 1250 2416 1321 ὀκτὼ,μῆ
2461 1252 2591 1304 δέκα
2630 1250 2709 1316 ἒξ,
2751 1250 2826 1314 ὡς
2859 1251 2924 1304 ἂν
2953 1252 3242 1319 γινώσκεις
3272 1251 3336 1304 τὸ
3382 1253 3525 1305 κατά
3563 1253 3759 1323 καιρὸν

2172 1341 2463 1410 χρήσιμον,
2506 1341 2591 1393 ἵνα
2629 1343 2694 1410 τῇ
2739 1339 2999 1411 συνηθείᾳ
3063 1339 3444 1409 δεσμούμενοι,
3482 1340 3625 1412 ὐπὲρ
3660 1344 3759 1396 ἀλ..

2170 1430 2346 1501 λήλων
2373 1434 2430 1484 ἐν
2472 1433 2592 1493 ταῖς
2636 1432 2836 1501 μάχαις
2876 1431 3291 1499 ἀγωνιζόμενοι,
3350 1431 3759 1504 χρησιμώτεροι

2172 1521 2310 1591 πρὸς
2360 1522 2611 1591 ἀνδρείαν
2653 1523 2938 1591 γένωνται.
2984 1522 3169 1592 Ἔχειν
3215 1523 3273 1575 δὲ
3322 1524 3519 1587 αὐτοὺς
3566 1528 3761 1597 κοινὴν

2172 1613 2267 1664 καὶ
2303 1614 2400 1682 τὴν
2441 1613 2635 1683 χρείαν
2666 1613 2788 1666 καθ’
2819 1614 3048 1666 ἕκαστον
3080 1612 3511 1683 κοντουϐέρνιον,
3540 1615 3617 1678 ὡς
3649 1618 3757 1687 ήδη

2171 1704 2672 1775 προδιωρισάμεθα.

560 1800 653 1854 '59.
714 1798 1017 1853 Prudenter
1074 1806 1255 1850 autem
1319 1795 1515 1850 feceris
1571 1795 1616 1849 si
1685 1797 1891 1850 amicos
1941 1812 2057 1851 cum

2243 1794 2340 1849 10'.
2374 1795 2853 1867 Φρονιμὼτερονδὲ
2873 1796 3141 1865 ποιήσεις,
3166 1798 3262 1851 ἐάν
3290 1798 3480 1869 τάξῃς,
3507 1802 3554 1853 εί
3574 1799 3756 1870 τύχοι,

493 1892 710 1957 amicis,
746 1891 944 1945 fratres
976 1904 1101 1943 cum
1134 1887 1416 1951 fratribus,
1446 1887 1609 1955 idque
1638 1888 1689 1939 in
1726 1886 1843 1955 ipsa
1886 1889 2067 1957 prtelii

493 1984 609 2038 acie
643 1982 992 2051 potissimum
1033 1978 1389 2048 conjunxeris
1422 1994 1435 2029 :
1470 1977 1692 2046 quando
1734 1978 1879 2030 enim
1922 1979 2068 2047 peri-

491 2074 701 2129 clitanti
725 2074 1008 2143 proximus
1035 2071 1333 2125 admodum
1365 2071 1579 2124 amicus
1602 2077 1703 2132 est,
1737 2084 1959 2125 necesse
1984 2082 2067 2126 est

488 2162 589 2237 pro
621 2182 707 2231 eo,
738 2179 898 2233 quem
922 2165 1150 2217 charum
1186 2160 1402 2225 habeat,
1429 2161 1731 2215 animosius
1758 2168 1920 2229 atque
1949 2162 2065 2215 ala-

489 2262 638 2316 crius
667 2259 910 2314 dimicet.
942 2257 1091 2310 Alter
1122 2266 1304 2309 autem
1337 2254 1465 2323 quia
1516 2269 1625 2307 non
1672 2252 1901 2307 reddere
1942 2269 2066 2321 gra-

488 2352 621 2405 tiam
648 2350 765 2403 viro
788 2363 887 2419 pro
910 2363 969 2402 se
991 2354 1100 2399 tant
1134 2345 1351 2423 fortiter
1380 2344 1745 2414 prOpugnanti
1773 2342 2064 2411 erubescit,

487 2441 636 2493 hunc
691 2437 1089 2492 benemeritunt
1142 2435 1393 2488 deserere
1447 2443 1499 2485 et
1548 2433 1894 2501 tergiversari
1948 2432 2066 2487 sine

490 2530 690 2584 rubore
715 2543 823 2581 non
850 2537 1046 2597 potest.

560 2619 650 2671 40.
715 2616 1090 2671 Contubernia
1141 2622 1348 2676 autem,
1401 2622 1459 2665 ut
1514 2614 1623 2681 jam
1686 2615 2061 2682 praediximus,

486 2716 774 2778 propterea
816 2721 845 2760 a
880 2704 1313 2775 provectioribus
1343 2704 1505 2757 simul
1537 2711 1591 2757 et
1616 2703 1932 2772 junioribus
1962 2706 2066 2757 mi-

490 2800 682 2854 litibus
717 2797 831 2851 fieri
863 2803 1099 2866 oportet,
1127 2803 1187 2848 ut
1233 2809 1298 2848 ne
1328 2795 1694 2863 provectiores
1728 2810 1823 2863 per
1856 2796 2064 2864 seipsos

489 2888 739 2944 collocati
793 2887 1001 2942 debiles
1055 2897 1221 2955 atque
1275 2885 1578 2939 imbecilles
1635 2886 1762 2948 sint,
1813 2886 2064 2955 juniores

487 2990 695 3043 autem,
734 2991 927 3046 nempe
979 2991 1158 3031 rerum
1196 2974 1457 3044 imperiti,
1505 2975 1937 3045 perturbatiores
1978 2990 2064 3030 re-

2175 1886 2438 1955 ἀδελφούς
2461 1887 2601 1954 μετά
2626 1887 2895 1954 ἀδελφῶν,
2930 1887 3024 1941 καὶ⁴
3045 1887 3233 1954 φίλους
3263 1890 3399 1958 μετά
3428 1889 3621 1957 φίλων,
3650 1892 3761 1960 μά·

2168 1978 2323 2030 λιστα
2358 1980 2418 2029 ἐν
2463 1980 2585 2040 ταῖς
2625 1978 2725 2046 τῆς
2769 1977 2948 2049 μάχης
2993 1979 3387 2047 παρατάξεσιν.
3429 1981 3599 2034 Ὅταν
3643 1984 3761 2054 γάρ

2170 2070 2285 2121 ἐστι
2335 2067 2414 2139 τῷ
2468 2068 2831 2121 κινδυνεύοντι
2889 2071 2917 2121 ὁ
2980 2069 3210 2137 πλησίον
3264 2072 3754 2142 προσφιλέστατος,

2168 2158 2383 2229 ἀνάγκη
2414 2160 2507 2214 τὸν
2546 2152 2855 2228 ἀγαπῶντα
2895 2160 3401 2232 φιλοκινδυνότερον
3456 2164 3598 2236 ὑπὲρ
3656 2166 3757 2220 τοῦ

2169 2248 2398 2319 πλησίον
2445 2251 2539 2303 καὶ
2597 2250 2920 2320 φιλουμένου
2963 2252 3347 2320 ἀγωνίζεσθαι.
3407 2257 3517 2309 Καὶ
3560 2257 3622 2327 δή
3668 2273 3759 2320 τις

2168 2340 2482 2411 αἰδούμενος
2508 2342 2581 2410 μὴ
2611 2340 2904 2395 ἀποδοῦναι
2931 2344 3094 2414 χάριν
3117 2344 3195 2415 τῷ
3224 2345 3362 2415 φίλῳ
3389 2339 3464 2399 ὧν
3490 2347 3753 2413 πέπονθε,

2172 2431 2325 2499 φίλον
2388 2432 2702 2501 αἰσχύνεται
2751 2434 3085 2495 ,καταλιπεῖν
3132 2434 3225 2487 τὸν
3281 2436 3752 2509 εὐεργετήσαντα,

2169 2523 2263 2573 καὶ
2294 2522 2506 2591 πρῶτος
2535 2521 2701 2573 αὐτοῦ
2740 2520 3009 2592 ἄρξασθαι
3038 2524 3240 2594 φυγῆς.

2243 2616 2315 2680 μ’.
2374 2610 2457 2662 Ta
2513 2610 2568 2662 δὲ
2616 2611 3024 2681 κοντουϐέρνια,
3079 2613 3155 2676 ὡς
3206 2615 3308 2684 ἤδη
3360 2618 3605 2687 εἴπομεν,
3663 2618 3757 2672 διά

2166 2699 2326 2754 τοῦτο
2341 2700 2448 2753 ἀπὸ
2471 2701 2720 2754 παλαιῶν
2738 2703 2828 2755 καὶ
2851 2702 2986 2755 νέων
3013 2706 3362 2774 στρατιωτῶν
3380 2707 3461 2760 δεῖ
3478 2708 3753 2776 γίνεσθαι,

2168 2793 2255 2845 ἵνα
2312 2791 2445 2861 μηδὲ
2530 2793 2579 2843 οί
2651 2792 2871 2845 παλαιοὶ
2935 2793 3055 2847 καθ’
3124 2797 3358 2863 ἑαυτοὺς
3423 2800 3755 2869 τασσόμενοι

2166 2881 2410 2945 ἀσθενεῖς
2440 2882 2545 2935 είσι
2580 2884 2675 2935 καὶ
2705 2884 2975 2950 ἀδύνατοι,
3022 2887 3157 2957 μηδέ
3205 2891 3254 2942 οί
3325 2890 3578 2961 νεώτεροι
3610 2892 3752 2945 ἄτα-

2166 2989 2286 3025 κτοι
2313 2973 2613 3043 εὑρεθῶσιν
2635 2974 2714 3037 ὡς
2765 2976 3075 3047 ἀπείρατοι.
3100 2980 3164 3032 Οἱ
3192 2981 3293 3049 μὲν
3322 2985 3429 3053 γὰρ
3450 2986 3497 3036 εί
3528 2986 3622 3037 καὶ
3655 3001 3754 3051 γε-

484 3072 785 3139 periantur.
817 3067 902 3121 llli
945 3067 1091 3120 enim
1127 3081 1440 3136 quanquam
1476 3081 1635 3120 senes
1685 3075 1834 3130 sunt,
1874 3076 2054 3121 tamen

2171 3064 2332 3129 ραιοὶ,
2372 3064 2506 3117 ἀλλά
2551 3066 2992 3137 πεπειραμένοι,
3036 3070 3085 3121 οί
3128 3069 3185 3123 δὲ
3236 3072 3286 3125 εί
3328 3076 3421 3126 καὶ
3463 3074 3752 3139 νεάζοντες

482 3157 829 3227 experientes
856 3163 985 3210 sunt
1012 3174 1023 3208 :
1054 3154 1285 3223 juvenes
1314 3165 1518 3217 autem,
1552 3170 1865 3223 quanquam
1889 3154 2057 3211 fortes

2165 3154 2259 3207 καὶ
2287 3155 2539 3226 ἀνδρεῖοι,
2579 3156 2713 3209 άλλά
2742 3157 2966 3227 ἄπειροί
2997 3162 3158 3215 εἰσιν.
3462 3156 3465 3159 Α

482 3256 633 3312 sunt,
665 3256 845 3301 tamen
885 3246 1179 3301 inscientes
1209 3255 1374 3315 atque
1407 3246 1644 3315 imperiti
1672 3256 1823 3301 sunt.

551 3340 641 3394 41.
673 3338 1010 3393 Cobortibus
1032 3337 1196 3407 igitur
1221 3339 1334 3392 sive
1357 3338 1549 3392 bandis
1570 3338 1636 3391 ad
1661 3340 1805 3392 hunc
1836 3338 2056 3391 modum

481 3430 829 3493 distributis,
888 3429 1129 3499 praefecti
1187 3429 1295 3483 illis
1355 3428 1449 3498 qui
1501 3431 1731 3482 comites
1792 3438 2057 3482 vocantur

481 3521 713 3592 eligendi
747 3530 876 3576 sunt
908 3538 923 3575 :
955 3530 1010 3574 et
1043 3534 1492 3590 unamquamque
1520 3520 1799 3575 cohortem
1832 3536 1895 3574 ex
1926 3520 2057 3574 viris

485 3613 743 3667 trecentis
778 3613 956 3667 media
1008 3612 1245 3682 quadam
1298 3613 1509 3666 ratione
1550 3611 1827 3666 conficies.
1874 3611 2060 3680 Neque

480 3704 732 3775 quamtis
762 3705 1032 3773 ingentem
1068 3704 1269 3758 habeas
1294 3708 1618 3762 exercitum.
1642 3705 1767 3772 plus
1794 3703 2059 3772 quadrin»

482 3795 660 3862 gentis
694 3795 824 3847 viris
858 3794 916 3847 in
968 3793 1196 3849 cohorte
1245 3793 1540 3847 collocabis
1591 3812 1603 3846 :
1650 3810 1823 3863 neque
1876 3795 2057 3850 minus

481 3885 752 3951 ducentis,
782 3886 1298 3955 quantuluscunque
1326 3884 1491 3939 fuerit
1518 3885 1815 3939 exercitus.

547 4059 639 4113 42.
680 4060 818 4114 Istas
848 4057 1103 4112 cohortes
1131 4057 1491 4128 congregahis
1524 4058 1580 4112 in
1623 4059 1885 4114 cohortes
1930 4059 2053 4112 mil-

476 4145 667 4206 liarias
694 4164 834 4219 quas
881 4149 1145 4217 drungos,
1188 4148 1539 4213 chiliarchas,
1582 4147 1698 4202 sive
1743 4148 1962 4219 μοίρας,
1997 4149 2050 4202 id

474 4250 589 4306 est,
644 4239 971 4310 particulas,
1028 4240 1293 4293 vocabant
1350 4238 1582 4307 antiqui,
1633 4253 1863 4308 quorum
1916 4254 2053 4309 pra:-

474 4332 647 4387 fectos
674 4331 923 4386 tribunos
949 4330 1063 4385 sive
1090 4327 1418 4383 chiliarcbos
1451 4337 1505 4383 et
1530 4328 1859 4399 drungarios
1886 4344 2048 4384 voca-

474 4420 621 4477 bant.

539 4598 629 4652 45.
672 4596 782 4651 has
816 4598 978 4665 igitur
1008 4596 1262 4651 cohortes
1306 4598 1593 4653 milliarios
1641 4600 1758 4654 sive
1801 4602 2044 4674 drungos

465 4686 715 4742 conferes
754 4688 806 4739 in
831 4695 1015 4756 partes
1049 4688 1163 4741 sive
1196 4697 1430 4752 turmas,
1457 4697 1511 4743 et
1534 4700 1809 4758 praterunt
1840 4690 1948 4746 illis
1975 4706 2040 4746 ex

464 4778 730 4833 electione
762 4786 949 4833 nostra
1005 4780 1151 4848 regia
1186 4782 1506 4845 merarcbat,
1555 4796 1694 4849 quos
1730 4797 1877 4836 nunc
1928 4791 2041 4837 tur-

466 4870 737 4934 marcbas,
782 4870 834 4924 id
871 4879 988 4937 est,
1032 4880 1335 4925 turntarnm
1373 4871 1656 4940 prazfectos
1686 4873 2038 4942 appellamus.

463 4957 591 5013 lllos
619 4959 936 5028 prudentes,
984 4961 1278 5028 modestos,
1328 4974 1580 5017 strenuos
1627 4976 1750 5016 esse
1801 4971 2036 5031 oportet,

381 5122 385 5128 ι
459 5052 824 5128 experientes,
858 5060 911 5106 et
945 5051 1251 5107 litterarum
1291 5052 1547 5118 scientes,
1588 5062 1754 5124 atque
1796 5069 1922 5109 eum
1980 5055 2033 5107 in

458 5138 652 5204 primis
700 5140 794 5208 qui
840 5141 1029 5195 mediae
1074 5149 1265 5195 turma:
1292 5151 1506 5210 praeest,
1536 5158 1698 5213 quem
1732 5144 2030 5213 principem

2235 3335 2343 3396 μα’,
2396 3328 2582 3389 Οὕτως
2636 3328 2729 3382 οὖν
2779 3332 2888 3385 τῶν
2933 3334 3262 3404 ταγμάτων,
3316 3340 3485 3410 ἤγουν
3537 3342 3749 3411 βάνδων

2159 3419 2568 3490 διαιρουμένων,
2606 3422 2690 3490 ἐφ’
2726 3423 2893 3476 ἐαυτά
2942 3427 3048 3495 χρὴ
3094 3428 3385 3499 ἐπιστῆναι
3420 3434 3605 3499 αὐτοῖς
3644 3438 3747 3508 ἀρ-

2160 3528 2351 3580 χοντας
2396 3513 2520 3575 τοὺς
2568 3512 2894 3583 λεγομένους
2946 3516 3227 3587 κόμητας,
3289 3525 3639 3580 συνίστασθαι
3686 3529 3748 3581 δὲ

2158 3601 2389 3656 ἕκαστον
2429 3604 2615 3671 τάγμα
2659 3606 2767 3657 ἀπὸ
2814 3608 3025 3678 ἀνδρῶν
3076 3613 3402 3681 τριακοσίων
3460 3616 3600 3670 κατὰ
3649 3618 3747 3673 τὸν

2162 3692 2328 3761 μέσον
2359 3694 2577 3763 τρόπον.
2619 3697 2773 3764 Μήτε
2814 3698 2871 3750 δὲ
2914 3700 3075 3753 πλέον
3114 3706 3483 3773 τετρακοσίων
3531 3710 3745 3780 ἀνδρῶν

2159 3782 2219 3871 τὸ
2258 3782 2445 3854 τάγμα
2493 3784 2638 3854 ἔχειν
2682 3786 2896 3857 ὁρίσῃς,
2949 3791 3052 3844 κᾶν
3100 3793 3243 3845 πάνυ
3289 3796 3455 3850 πολὺν
3509 3803 3744 3871 στρατὸν

2159 3870 2313 3942 ἔχῃς,
2353 3878 2489 3940 μήτε
2524 3875 2784 3929 ὑποκάτω
2816 3878 2925 3931 τῶν
2969 3879 3282 3950 διακοσίων,
3318 3887 3418 3940 κάν
3445 3890 3593 3944 ἐστιν
3626 3894 3739 3945 όλί-

2158 3975 2251 4025 γος
2278 3962 2306 4013 ὁ
2337 3967 2582 4032 στρατός.

2232 4052 2340 4123 μβ¹.
2371 4055 2555 4108 Ταῦτα
2575 4057 2631 4109 δὲ
2658 4056 2725 4111 τά
2748 4059 3004 4130 τάγματα
3032 4064 3278 4130 συνάξεις
3305 4069 3383 4132 είς
3406 4069 3738 4143 χιλιαρχίας,

2155 4146 2275 4215 ἦτοι
2306 4147 2500 4216 μοίρας
2527 4150 2620 4211 τὰς
2669 4150 2969 4221 λεγομένας
3006 4156 3326 4226 δρούγγους.
3363 4163 3472 4214 Kal.
3504 4164 3740 4236 ἐπιστή-

2157 4254 2270 4301 σεις
2316 4238 2499 4301 αὐτοῖς
2558 4242 2859 4314 μοιράρχας
2907 4248 3246 4318 χρησίμους,
3294 4252 3591 4325 ἀνδρείους,
3640 4262 3740 4312 καὶ

2157 4332 2412 4421 φρονήσει
2450 4333 2543 4385 καὶ
2572 4334 2815 4406 εὐταξίᾳ,
2857 4339 2906 4389 εί
2936 4339 3182 4405 δυνατὸν,
3223 4345 3318 4398 καὶ
3348 4348 3599 4421 εὐγενείᾳ
3638 4355 3740 4405 καὶ

2081 4433 2127 4489 ι)
2158 4420 2387 4511 εὐπορίᾳ
2411 4422 2789 4492 διαφέροντας,
2815 4427 2940 4491 τοὺς
2961 4427 3285 4501 λεγομένους
3312 4435 3734 4511 δρουγγαρίους,

2150 4507 2244 4570 οὖς
2277 4527 2406 4562 ποτε
2435 4513 2743 4583 χιλιάρχους
2768 4518 2996 4571 ἐκάλουν
3027 4521 3077 4573 οί
3106 4522 3342 4577 παλαιοί.

2223 4599 2332 4669 μγ’.
2369 4601 2479 4665 Τὰς
2511 4604 2566 4656 δὲ
2594 4605 2785 4676 μοίρας
2822 4608 3048 4676 ταύτας,
3084 4613 3202 4683 ἦτοι
3233 4616 3359 4679 τοὺς
3404 4618 3730 4689 δρούγγους,

2150 4690 2429 4754 συντάξεις
2454 4696 2533 4756 εἰς
2570 4696 2733 4768 μέρη,
2766 4699 2933 4769 ἤγουν
2964 4702 3233 4774 τούρμας,
3270 4710 3365 4760 καὶ
3405 4711 3735 4782 ἐπιστήσον-

2146 4795 2235 4873 ται
2282 4782 2466 4873 αὐτοῖς
2506 4786 2698 4860 γνώμῃ
2752 4790 2854 4859 τῆς
2896 4792 3175 4861 βασιλείας
3220 4798 3377 4868 ἡμῶν
3427 4804 3729 4873 μεράρχαι,

2147 4870 2209 4967 ei
2224 4870 2507 4967 λεγόμενοι
2552 4895 2682 4931 ποτε
2715 4882 2811 4934 καὶ
2858 4888 3245 4958 στρατηλάται,
3281 4892 3378 4945 νῦν
3409 4895 3465 4947 δὲ
3502 4870 3730 4967 τῇσυν-

2147 4962 2483 5056 ηθείᾳΑκαλού
2492 4983 2643 5056 μενοι
2666 4974 3030 5046 τουρμάρχαι.
3052 4980 3161 5032 Καὶ
3177 4981 3405 5047 τούτους
3422 4962 3730 5056 φρονίμους

2144 5052 2238 5146 καί
2266 5052 2561 5146 εὐτάκτους
2591 5054 2752 5125 εἶναι,
2791 5066 2885 5116 καὶ
2913 5067 3224 5138 ἐναρέτους,
3268 5074 3364 5126 καὶ
3397 5052 3722 5146 ἐμπείρους,

2140 5141 2189 5193 εί
2203 5140 2457 5233 δυνατὸν,
2485 5146 2695 5212 εἰδότας
2726 5152 2818 5204 καὶ
2847 5154 3172 5225 γράμματα,
3221 5162 3317 5214 καὶ
3358 5140 3595 5233 μάλιστα
3628 5140 3726 5223 τὸν

459 5229 815 5296 appellamus,
844 5231 936 5300 qui
974 5232 1063 5285 ubi
1120 5246 1260 5302 opus
1300 5240 1405 5298 est,
1442 5234 1791 5311 imperatoris
1845 5236 2027 5289 locum

2159 5228 2262 5325 ξοῦΔ
2291 5232 2457 5301 μέσου
2514 5238 2712 5308 μέρους
2773 5242 2865 5294 τὸν
2933 5245 3225 5317 λεγόμενον
3283 5228 3719 5325 ὑποστράτηγον,

460 5319 510 5370 in
540 5322 798 5377 omnibus
830 5323 1124 5391 supplebit.

522 5491 612 5546 44.
652 5492 763 5551 Has
799 5496 962 5567 igitur
998 5508 1109 5554 tres
1148 5507 1360 5557 turmas
1405 5502 1744 5556 constituere
1788 5511 2026 5572 oportet,

2142 5321 2444 5417 ὀφείλοντα,
2476 5329 2524 5379 εί
2545 5330 2702 5397 χρεία
2730 5332 2975 5403 γένηται,
3016 5339 3075 5390 ἐν
3106 5342 3237 5393 πᾶσι
3264 5342 3357 5395 τὸν
3391 5321 3485 5397 tot)
3517 5321 3721 5417 στρατ-

2140 5414 2277 5481 ηγοῦ
2302 5416 2467 5471 τόπον
2499 5420 2865 5493 ἀναπληροῦν.

2212 5508 2316 5575 μδθ.
2351 5510 2534 5564 Ταῦτα
2562 5513 2618 5565 δὲ
2641 5517 2708 5566 τὰ
2742 5521 2881 5588 μέρη
2927 5520 3054 5589 τρία
3088 5528 3371 5594 συστῆναι,
3416 5528 3501 5596 ἐφ’
3537 5523 3583 5596 ᾧ
3624 5534 3721 5585 καί⁵

450 5595 681 5649 quarum
714 5589 943 5658 singulis
975 5603 1245 5658 procerum
1272 5594 1624 5659 turmarchae,
1644 5597 2025 5665 unusquisque

2159 5603 2285 5669 τρεῖς
2348 5605 2739 5675 ἐπιστήσονται
2787 5613 3154 5683 τουρμάρχαι,
3201 5589 3282 5679 είς
3319 5589 3717 5682 ἕκαστος’ίδίου

448 5679 638 5727 turma:
668 5692 778 5731 suae
814 5681 1122 5749 pra-fectus,
1163 5693 1218 5738 ut
1253 5684 1324 5738 sit
1371 5685 1623 5740 universa
1669 5687 2022 5756 imperatoris

2138 5691 2339 5764 μέρους
2379 5698 2583 5767 ἄρχων,
2623 5699 2762 5753 ὥστε
2811 5698 2950 5757 εἴναι
2988 5706 3082 5759 τοῦ
3123 5709 3324 5773 παντὸς
3356 5712 3589 5782 στρατοῦ
3615 5714 3714 5783 τὴν
3804 5714 3808 5715 ⁷
