4100 6226
361 295 364 298 ’
395 297 506 360 709

1471 297 1802 358 TAC’I‘ICA.
1855 323 1925 348 -.
1961 297 2463 360 CONSTITUTIO
2496 300 2591 360 IV.

3534 308 3642 374 71-0

394 405 686 476 ἀνωτάτην
708 403 906 475 τομὴν,
937 403 1066 474 τρία
1104 404 1244 476 μέρη
1290 405 1574 477 ἰσάριθμα,
1615 409 1782 478 ἤγουν
1822 409 1982 480 map.

2083 412 2357 466 exercitus
2388 412 2472 467 sui
2508 410 2705 467 divisio
2749 411 2802 465 in
2855 420 2968 469 tres
3015 415 3254 484 aequales
3307 426 3486 486 partes
3532 423 3645 477 sive
3683 418 3687 422 ”

402 515 529 570 μας,
583 496 834 551 τουτέστι
889 495 1076 565 μέσον,
1126 496 1347 566 ἄριστόν
1375 498 1486 565 (29)
1529 517 1588 551 τε
1640 499 1736 552 καὶ
1778 500 1972 564 δεξιόν.

390 591 584 643 -Ταῦτα
613 591 761 642 ποιεῖ
786 588 884 655 τὴν
933 586 1116 640 πᾶσαν
1146 589 1244 658 τὴν
1291 589 1396 642 ὑπὸ
1427 589 1504 660 τῷ
1549 590 1841 661 στρατηγῷ
1886 608 1977 643 τε-

392 678 694 748 ταγμένην.

467 767 570 838 με’.
601 769 722 840 Χρὴ
743 769 820 832 δὲ,
855 769 931 833 ὼς
964 768 1198 840 εἴρηται,
1227 769 1302 839 μὴ
1333 768 1520 838 τάγμα
1541 769 1710 822 πλέον
1743 771 1853 823 τῶν
1885 787 1978 824 τε-

389 859 704 930 τρακοσίων
766 859 979 930 ἀνδρῶν
1025 859 1315 927 γίνεσθαι,
1365 861 1532 931 ῆγουν
1573 860 1635 913 τὺ
1667 860 1761 914 τοῦ
1804 863 1976 933 κόμη-

393 968 484 1012 τος
506 950 619 1021 (50)
642 950 832 1020 βάνδον
847 965 863 981 ο
887 951 1026 1021 μήτε
1041 950 1304 1021 δροῦγγον
1325 951 1486 1003 πλέον
1515 950 1623 1004 τῶν
1641 953 1974 1022 τρισχιλίων·

395 1041 536 1111 μήτε
565 1039 807 1111 τοῦρμαν
824 1039 986 1106 πλέον
1012 1041 1122 1094 τῶν
1147 1041 1336 1106 ἑξάκις
1359 1041 1573 1111 χιλίων.

467 1227 586 1299 μς’.
608 1228 674 1282 El
717 1227 776 1281 δὲ
809 1227 988 1297 συμϐῇ
1043 1225 1206 1280 πλέον
1249 1226 1345 1278 τοῦ
1369 1225 1651 1296 λεχθέντος
1677 1225 1874 1296 μέτρου
1899 1221 1974 1278 εἴ·
2061 1245 2074 1248 ·’

391 1338 484 1376 ναι
515 1320 609 1374 τὸν
653 1317 902 1388 στρατὸν,
957 1317 1174 1370 κάλλιόν
1224 1317 1370 1369 ἐστιν
1403 1314 1601 1380 ἔξωθεν
1627 1315 1736 1367 τῶν
1772 1317 1976 1386 μερῶν,

389 1413 514 1482 ῆτοι
542 1410 650 1464 τῶν
667 1408 1018 1478 τουρμαχιῶν
1043 1408 1178 1475 (51),
1207 1409 1265 1460 ὲν
1281 1407 1510 1477 δευτέρᾳ
1527 1407 1681 1472 τάξει
1711 1405 1976 1460 καθίστα·
2016 1439 2026 1442 -

397 1503 541 1567 σθαι,
592 1501 761 1571 ῆγουν
791 1500 851 1552 ὲν
874 1502 938 1566 τῇ
975 1498 1198 1551 ὄπισθεν
1257 1498 1359 1568 τῆς
1419 1497 1709 1566 προμάχου
1771 1493 1979 1560 τάξεως

395 1594 714 1664 παραυ-γῇ,
745 1591 803 1643 ὲν
832 1588 1167 1660 ὑποσοηθείᾳ
1197 1589 1291 1642 καὶ
1318 1589 1400 1651 είς
1427 1587 1673 1657 φυλακὴν
1696 1587 1805 1639 τῶν
1840 1587 1978 1640 πλα-

393 1685 531 1752 γίων
565 1683 769 1754 μερῶν,
788 1684 884 1735 καὶ
914 1682 995 1744 είς
1017 1680 1426 1748 νωτοφύλακας,
1468 1679 1568 1733 καὶ
1617 1679 1699 1741 είς
1728 1678 1973 1749 ἐνέδρας,

391 1774 516 1843 ἦτοι
559 1770 928 1843 ὲγκρύμματα
949 1811 965 1836 ,
1015 1772 1110 1824 καὶ
1162 1773 1244 1834 είς
1298 1769 1600 1832 κυκλώσεις
1653 1769 1763 1824 τῶν
1813 1769 1975 1822 πολε-

397 1865 559 1935 μίων.

469 1954 576 2026 μζ.
601 1955 715 2034 καὶ
765 1953 904 2024 μήτε
929 1953 1028 2017 τὰς
1055 1952 1322 2022 τούρμας,
1355 1968 1492 2021 μητε
1520 1952 1645 2015 τοὺς
1675 1951 1972 2022 δρούγγουι,

400 2047 651 2115 μείζονας
701 2047 896 2109 ποιεῖν,
957 2044 1044 2098 ἵνα
1081 2043 1156 2114 μὴ
1186 2045 1263 2107 ώς
1301 2043 1512 2113 μεγάλα
1568 2043 1662 2096 καὶ
1697 2043 1792 2096 ἐπὶ
1838 2043 1974 2096 πολὺ

397 2138 748 2207 ἐκτεινόμενα
773 2136 972 2206 ἀπειθῆ
994 2137 1128 2204 πρὸς
1150 2135 1218 2190 τά
1245 2134 1700 2206 παραγγέλματα,
1728 2137 1823 2188 καὶ
1845 2151 1976 2202 συγο

399 2229 674 2300 κεχυμένα
698 2227 1019 2299 εὑρεθῶσιν.

472 2401 584 2474 μη’.
621 2403 782 2457 Ἀλλά
830 2403 926 2456 καὶ
954 2403 1142 2473 ἕτερόν
1183 2419 1266 2455 σοι
1311 2403 1582 2472 χρήσιμον
1637 2403 1972 2472 παραινέσω,

395 2495 538 2547 ὥστε
586 2495 663 2566 μὴ
689 2494 869 2548 πάντα
897 2493 965 2546 si
990 2492 1246 2562 τάγματα
1273 2494 1394 2562 ῆτοι
1451 2492 1617 2562 βάνδα
1651 2492 1976 2564 ἐπιτηδεύῃς

400 2584 616 2646 πάντως
642 2585 731 2636 ισα
766 2585 960 2636 ποιεῖν’
998 2582 1084 2635 ἵνα
1118 2584 1191 2652 μὴ
1207 2585 1270 2636 ὲκ
1304 2582 1397 2636 τοῦ
1423 2583 1660 2653 ἀριθμοῦ
1693 2584 1802 2636 τῶν
1851 2584 1978 2654 βάν-

397 2677 506 2730 δων
556 2675 920 2745 εὐαρίθμητος
967 2675 1078 2738 τοῖς
1109 2675 1331 2744 ἐχθροῖς
1367 2677 1395 2728 ό
1422 2675 1650 2745 στρατὸς
1683 2674 1795 2744 ('52)
1822 2676 1980 2747 γένη-

400 2783 516 2830 ται,
537 2767 675 2837 ὅπερ
698 2765 960 2828 πολλάκις
997 2765 1243 2834 μεγάλας
1278 2764 1530 2835 προξενεῖ
1598 2765 1696 2829 τὰς
1750 2765 1975 2835 βλάϐας.

413 2855 576 2916 Ἀλλά
619 2854 779 2908 τοῦτο
823 2855 1142 2924 φυλάττειν,
1173 2855 1308 2926 μηδὲ
1335 2855 1443 2908 τῶν
1469 2853 1514 2907 υ⁹
1540 2854 1771 2926 ἀνδρῶν,
1800 2855 1875 2918 ώς
1905 2857 1981 2907 εῖ-

403 2963 598 3017 ⁴ιεομεν,
632 2947 810 3008 πλέον,
842 2945 977 3016 μηδὲ
1001 2945 1107 2997 τῶν
1133 2944 1423 2999 διακοσίων
1448 2945 1656 3016 ἀνδρῶν
1679 2945 1981 3014 όλιγώτερα

402 3040 655 3107 γενέσθαι
686 3039 848 3094 αὑτά.

477 3129 586 3200 μθ’.
640 3131 731 3184 Διὸ
779 3131 1038 3194 πολλάκις
1085 3130 1180 3183 καὶ
1228 3128 1569 3181 καθέκαστον
1614 3125 1822 3196 τάγμα,
1882 3126 1980 3178 ἐὰν

401 3221 522 3290 δύο,
549 3222 714 3292 βάνδα
776 3221 1130 3292 εὐτρεπίζῃς,
1197 3218 1605 3288 ἀναφαίνεσθαι
1641 3217 1755 3288 (55)
1785 3219 1843 3272 ὲν
1901 3216 1980 3287 τῷ

405 3313 581 3383 καιρῷ
600 3315 700 3384 τῆς
723 3315 815 3366 τοῦ
841 3313 1087 3383 πολέμου
1127 3311 1406 3382 συμϐολῆς
1453 3310 1553 3363 οὐκ
1603 3309 1876 3380 ἄχρηστον
1901 3309 1983 3372 είς

405 3403 465 3456 τὸ
492 3403 833 3473 καταπλῆξαι
899 3408 1026 3466 τοὺς
1074 3400 1386 3468 πολεμίους.
1435 3399 1557 3468 Χρὴ
1597 3397 1654 3450 δὲ
1685 3396 1984 3468 ἀφορισθῆο

405 3515 494 3551 ναι
543 3497 652 3550 ἀπὸ
705 3497 936 3550 ἑκάστου
991 3493 1179 3564 βάνδου
1207 3493 1286 3554 εἰς
1309 3490 1408 3553 τὰς
1443 3489 1746 3556 ἀναγκαίας
1773 3487 1982 3557 χρείας,

403 3590 480 3652 ὡς
508 3588 746 3659 εἴρηται,
805 3587 933 3647 τοὺς
973 3583 1327 3653 μανδάτωρας
1359 3579 1695 3649 ἀγρύπνους,
1731 3577 1829 3629 καὶ
1855 3591 1983 3629 συν-

406 3680 583 3744 ετοὺς,
611 3679 706 3731 καὶ
740 3677 995 3747 γοργοὺς,
1034 3675 1129 3726 καὶ
1161 3671 1458 3742 εὐφώνους,
1493 3669 1722 3731 εἰδότας,
1747 3669 1796 3720 εἰ
1821 3667 1983 3720 δυνα-

405 3772 518 3835 τὸν,
542 3770 635 3824 καὶ
659 3771 939 3838 διαφόροις
966 3764 1244 3835 γλώσσαις
1273 3764 1458 3816 καλεῖν
1495 3762 1631 3830 (54).

476 3861 542 3917 ν’.
578 3863 691 3916 Καὶ
738 3860 1166 3932 βουκινάτωρας,
1223 3858 1418 3919 οἵτινες
1457 3856 1516 3908 ὲν
1554 3852 1732 3924 καιρῷ
1764 3854 1833 3905 τὰ
1862 3869 1986 3905 συν-

409 3952 517 4022 ήθη
549 3952 892 4016 σαλπίζουσι.
945 3949 1328 4019 Σαμιάτωρας,
1361 3945 1700 4012 τοξοποιοὺς,
1752 3959 1983 4011 σαγγιτ-

411 4044 678 4107 τοποιοὺς,
717 4044 810 4096 καὶ
837 4043 964 4106 τοὺς
995 4041 1217 4104 λοιποὺς
1237 4038 1374 4110 πρὸς,
1417 4037 1516 4106 τὴν
1543 4035 1602 4100 ἐξ
1633 4035 1785 4099 ἔθους
1804 4033 1986 4088 διατύ-

413 4149 607 4187 πωσιν.

483 4317 580 4366 ναθ.
606 4308 1036 4381 Προσαφορίσεις
1073 4307 1130 4360 δὲ
1179 4307 1273 4360 καί
1324 4323 1475 4368 τινας
1517 4305 1644 4367 τοὺς
1679 4303 1991 4372 ὀφείλοντας

2080 509 2308 563 turmas,
2337 505 2392 555 in
2419 501 2689 568 dextram,
2724 503 2958 570 mediam
2983 515 3036 558 et
3064 507 3361 561 sinistram.
3395 507 3517 564 Haec
3544 513 3646 565 tria

2079 591 2387 646 universam
2420 593 2592 646 aciem
2633 593 2934 659 continent,
2971 610 3092 663 quae
3143 599 3246 649 sub
3296 598 3647 668 imperatoris

2077 679 2417 734 dominatum
2452 682 2757 750 subjicitur.

2146 769 2235 822 45.
2295 766 2521 838 Oportet
2563 770 2768 839 igitur,
2822 773 3280 840 quemadmodum
3329 770 3648 845 praedictum

2077 871 2184 927 est,
2236 878 2414 932 neque
2466 865 2744 918 cohortem
2805 866 2920 920 sive
2961 867 3198 920 bandum
3254 872 3473 926 comitis
3526 873 3648 940 plus

2078 955 2487 1025 quadringentis
2533 965 2747 1020 tenere,
2786 973 2963 1027 neque
3011 960 3290 1015 cohortem
3337 963 3646 1017 milliariam

2063 1044 2194 1098 sive
2213 1045 2485 1115 drungum
2521 1047 2640 1114 plus
2677 1049 2851 1103 tribus
2896 1049 3160 1116 millibus,
3195 1066 3374 1123 neque
3413 1063 3648 1109 turmam

2081 1135 2204 1203 plus
2234 1151 2327 1190 sex
2364 1136 2623 1193 millibus.

2143 1227 2233 1281 46.
2276 1226 2333 1281 Si
2376 1243 2503 1283 vero
2549 1229 2829 1298 contingat
2873 1230 3136 1299 majorem
3183 1249 3471 1290 numerum
3524 1251 3651 1291 esse

2078 1318 2352 1372 exercitus
2375 1333 2539 1387 quam
2566 1319 2884 1387 przedictum
2907 1329 3010 1385 est,
3041 1324 3310 1391 optimum
3343 1340 3463 1380 esse
3492 1335 3648 1380 extra

2080 1413 2289 1461 turmas
2324 1422 2450 1461 eum
2487 1408 2539 1460 in
2579 1410 2818 1463 secunda
2859 1414 3000 1477 acie,
3037 1413 3088 1466 id
3122 1423 3226 1481 est,
3254 1424 3377 1484 post
3417 1417 3645 1486 primam

2080 1498 2250 1552 aciem
2277 1499 2332 1551 in
2363 1499 2624 1554 subsidiis
2651 1501 2943 1566 collocare,
2972 1505 3058 1557 vel
3094 1505 3159 1558 ad
3200 1507 3427 1560 laterum
3458 1515 3646 1562 custo-

2080 1589 2220 1652 dias,
2252 1589 2318 1642 ad
2355 1591 2677 1659 tergistites,
2712 1593 2780 1646 ad
2817 1592 3069 1661 insidias,
3104 1596 3170 1650 ad
3197 1597 3511 1654 obsidiones
3549 1600 3648 1654 ho-

2080 1679 2246 1734 stium
2277 1680 2596 1736 transferre.

2138 1960 2229 2014 47.
2262 1961 2449 2030 Neque
2495 1963 2660 2033 igitur
2704 1975 2918 2032 turmm,
2952 1983 3129 2038 neque
3172 1970 3391 2041 drungi,
3439 1971 3492 2025 id
3539 1982 3648 2034 est.

2075 2052 2330 2108 cohortes
2379 2055 2694 2120 milliaria,
2734 2058 2970 2126 majores
3021 2062 3126 2115 sint
3187 2063 3269 2116 vel
3321 2063 3453 2124 fiant
3484 2081 3650 2134 quam

2077 2143 2391 2209 praadictum
2420 2153 2522 2208 est,
2549 2155 2719 2212 utne,
2747 2147 2792 2201 si
2825 2148 2879 2200 in
2901 2148 3134 2217 aliquem
3163 2151 3426 2219 majorem
3456 2169 3649 2206 nume-

2077 2245 2197 2283 rum
2241 2233 2617 2299 producantur
2639 2271 2655 2295 ,
2681 2236 2892 2289 minus
2921 2228 3235 2293 obedientes
3276 2239 3560 2309 imperatis
3597 2250 3654 2295 et

2078 2323 2506 2392 perturbatiores
2533 2326 2900 2381 inveniantur.

2145 2414 2234 2468 48.
2257 2419 2432 2484 Atque
2457 2417 2563 2471 hoc
2595 2418 2689 2472 tibi
2718 2423 3189 2489 pernecessarium
3224 2439 3347 2480 esse
3368 2425 3648 2488 existimo,

2077 2509 2138 2553 ut
2187 2503 2370 2556 omnia
2415 2503 2590 2558 banda
2650 2507 2764 2560 sive
2795 2509 3046 2564 cohortes
3091 2527 3439 2583 nequaquam
3497 2514 3649 2584 paria

2079 2603 2309 2642 numero
2341 2589 2484 2643 inter
2510 2606 2568 2644 se
2589 2589 2784 2654 facias,
2818 2608 2884 2648 ne
2913 2605 3025 2648 tum
3058 2600 3412 2654 numerabilis
3439 2601 3655 2655 exerci~

2079 2687 2168 2734 tus
2197 2689 2323 2735 tuus
2355 2681 2646 2736 confestim
2684 2683 2796 2747 fiat,
2834 2684 2955 2753 q'uae
2989 2701 3078 2740 res
3109 2688 3474 2742 maximorum
3510 2704 3654 2758 saepe

2079 2765 2348 2819 malorum
2369 2781 2533 2822 causa
2560 2776 2664 2822 est.
2693 2767 2809 2824 Hoc
2840 2783 3023 2826 tamen
3053 2775 3440 2845 perdiligenter
3469 2777 3656 2832 obser-

2079 2856 2319 2910 vandum
2351 2866 2454 2922 est,
2487 2868 2546 2913 ut
2572 2875 2640 2914 ne
2662 2860 2845 2929 plures
2867 2864 3302 2934 quadringentis,
3327 2883 3502 2936 neque
3522 2882 3658 2937 pau-

2081 2947 2260 3004 ciores
2292 2947 2544 3004 ducentis
2577 2952 2628 3005 in
2662 2953 2840 3007 bando
2870 2955 2986 3009 sive
3019 2956 3244 3011 cohorte
3290 2959 3652 3013 collocentur.

2154 3127 2244 3181 49.
2275 3128 2458 3194 Quare
2483 3146 2926 3201 unamquamque
2954 3133 3235 3187 cohortem
3262 3134 3306 3188 si
3330 3134 3467 3190 duas
3487 3151 3656 3206 appa-

2084 3229 2208 3271 rere
2273 3215 2464 3280 facias,
2497 3234 2740 3288 persaepe
2781 3221 2871 3274 ubi
2921 3221 3316 3291 confligendum
3347 3237 3468 3277 cum
3501 3224 3656 3279 hosn:

2083 3303 2268 3367 fuerit,
2304 3320 2413 3359 non
2447 3306 2639 3360 inutile
2661 3308 2728 3360 ad
2755 3306 3284 3375 perterrefaciendos
3312 3307 3657 3362 adversarios

2085 3393 2210 3448 erit.
2240 3391 2468 3463 Oportet
2494 3403 2676 3450 autem
2703 3393 2773 3447 ab
2797 3408 3127 3463 unoquoque
3157 3395 3334 3449 bando
3359 3395 3427 3448 ad
3464 3410 3655 3450 neces-

2083 3483 2258 3537 sarios
2304 3497 2435 3536 usus
2481 3481 2743 3550 separari,
2780 3489 2838 3535 ut
2878 3481 3089 3536 dictum
3140 3491 3246 3545 est,
3303 3483 3657 3540 mandaturos

2084 3572 2394 3640 vigilantes,
2426 3572 2746 3640 prudentes,
2782 3587 2956 3638 acres,
2985 3573 3222 3634 vocales.
3246 3575 3366 3632 etsi
3395 3573 3511 3630 fieri
3537 3590 3660 3645 pos~

2085 3665 2177 3726 sit,
2211 3663 2506 3716 multarum
2544 3663 2856 3733 linguarum
2885 3663 3274 3733 intelligentes.

2154 3841 2246 3895 50.
2280 3840 2345 3894 Et
2378 3841 2756 3895 buccinatores
2783 3855 3000 3910 quoque
3036 3841 3151 3911 qui,
3191 3841 3408 3910 quando
3441 3842 3659 3897 occasio

2061 3953 2066 3956 -
2088 3927 2210 3994 fert,
2231 3927 2617 3982 buccinabunt.
2632 3927 2988 3994 Samiatores,
3007 3929 3059 3982 id
3077 3938 3182 3995 est,
3200 3930 3291 3999 qui
3309 3945 3501 3986 omnes
3514 3932 3661 3987 acies

2089 4017 2292 4073 ferreas
2323 4027 2617 4072 exacuunt.
2652 4017 2859 4073 Fabros
2889 4021 3191 4086 arcuarios,
3223 4029 3279 4075 et
3324 4021 3661 4090 sagittarios,

2087 4109 2436 4178 reliquosque
2466 4108 2564 4190 qui
2586 4108 2654 4164 ad
2687 4124 2870 4164 rerum
2897 4120 3288 4167 consuetarum
3317 4112 3660 4190 effectionem

2089 4199 2392 4267 pertinent.

2159 4289 2248 4342 5|.
2281 4288 2596 4344 Constitues
2633 4291 2797 4343 etiam
2838 4287 2933 4357 qui
2977 4302 3068 4342 res
3111 4289 3346 4345 amissas
3377 4289 3661 4346 collecturi

410 4402 478 4455 τά
501 4377 866 4470 εὑρισκόμενα
880 4397 991 4450 τῶν
1013 4395 1402 4465 ἀπολλυμένων
1433 4393 1706 4460 συνάγειν,
1741 4393 1836 4446 καὶ
1853 4393 1987 4445 ἀπο-
2017 4406 2062 4462 ι)
2089 4387 2144 4432 el
2167 4379 2406 4433 dominis
2431 4380 2547 4434 Silis
2575 4377 2883 4434 resliluluri
2915 4377 3046 4433 sint.

411 4492 608 4544 διδόναι
636 4493 748 4554 τοῖς
783 4489 992 4559 κυρίοις
1021 4487 1221 4542 αὐτῶν.

485 4581 582 4650 νβ.
613 4581 821 4651 Ὥσπερ
853 4580 909 4632 δὲ
950 4579 1042 4632 ἐπὶ
1069 4576 1164 4630 τοῦ
1196 4575 1414 4629 τούλδου
1443 4574 1554 4628 τῶν
1602 4572 1984 4643 καὸαλλαρίων

414 4674 709 4739 ἀναγκαῖον
748 4671 929 4739 ὁρίσαι
951 4671 1078 4732 τοὺς
1117 4668 1438 4738 ὀφείλοντας
1459 4667 1746 4735 ἐπιστῆναι
1783 4666 1983 4733 ἄρχον-

413 4779 531 4828 τας,
583 4761 756 4824 οὕτως
802 4761 896 4815 καὶ
926 4760 1018 4815 ἐπὶ
1071 4758 1166 4812 τοῦ
1194 4759 1412 4812 τούλδου
1446 4759 1563 4828 ῆτοι
1607 4755 1714 4809 τῶν
1742 4753 1986 4825 ἀμαξίων

414 4853 514 4924 τῆς
546 4852 777 4920 πεζικῆς
837 4851 1045 4915 τάξεως
1076 4849 1364 4920 ἀφορίσεις
1401 4847 1576 4911 τινὰς,
1610 4844 1690 4910 οἷς
1711 4846 1985 4915 ὀφείλουσι

417 4944 702 4998 πείθεσθαι
736 4945 784 4996 oi.
813 4943 908 4997 τοῦ
931 4943 1227 5012 λεγομένου
1260 4939 1523 5009 καραγοῦ.

485 5035 585 5104 νγ’.
627 5033 888 5105 Καραγὸς
931 5034 1040 5104 γὰρ
1067 5034 1289 5101 λέγεται
1321 5033 1350 5084 ό
1377 5032 1464 5085 διὰ
1491 5030 1602 5083 τῶν
1644 5028 1870 5099 ἁμαξῶν
1896 5027 1992 5078 καὶ

416 5124 680 5202 τριϐόλων
729 5125 827 5177 καὶ
877 5122 985 5176 τῶν
1040 5122 1216 5176 ἄλλων
1248 5122 1506 5191 μηχανῶν
1533 5121 1815 5188 γινόμενος
1837 5133 1993 5186 περι-

417 5214 643 5285 ορισμὺς
671 5215 752 5278 είς
781 5213 1085 5283 ἀσφάλειαν
1109 5211 1204 5266 τοῦ
1234 5210 1493 5282 στρατοῦ.

2164 4579 2252 4633 52.
2278 4577 2746 4645 Quemadmodum
2778 4578 2928 4634 enim
2973 4579 3042 4634 ad
3089 4579 3478 4650 impedimenta
3509 4583 3667 4652 cqui-

2090 4680 2206 4726 tum
2231 4669 2582 4741 gubernanda
2607 4669 2846 4739 praefecti
2875 4669 3245 4725 constituendi
3278 4680 3448 4737 sunt,
3489 4672 3569 4727 sic
3597 4675 3664 4727 ad

2093 4760 2476 4831 impedimenta
2526 4760 2860 4829 pedestrium
2901 4761 3068 4831 eliges
3096 4760 3362 4831 quosdam
3387 4801 3401 4825 ,
3440 4762 3664 4831 quibus,

2093 4855 2186 4924 qui
2219 4853 2286 4909 ad
2320 4869 2576 4922 caragum
2609 4855 2904 4922 pertinent,
2932 4854 3252 4909 obedientes
3277 4855 3410 4908 sint.

2168 5030 2258 5085 55.
2288 5030 2536 5100 Caragus
2587 5028 2788 5084 dicitur
2828 5043 2894 5084 ex
2942 5029 3114 5084 carris
3157 5039 3209 5085 et
3244 5029 3456 5087 bellicis
3505 5030 3667 5088 rebus

2101 5120 2332 5176 munitio
2356 5119 2428 5177 ad
2456 5121 2756 5175 exercitum
2787 5117 3209 5173 defendendum.

1897 5342 2131 5400 ΝΟΤΕ.

495 5465 608 5540 (g9)
638 5466 864 5540 Μέσον,
896 5465 1160 5540 ἄριστός.
1208 5461 1649 5540 Βετῂἱιιεξμέσον,
1678 5461 1980 5540 ἀριστερόν.

644 5539 752 5590 Τοῦ
784 5529 1061 5604 κόμήτος.
1099 5535 1194 5588 Sic
1221 5535 1389 5587 codex
1417 5529 1776 5602 Pistorianus.
1799 5529 1982 5586 Recte.

425 5601 801 5674 Scribebalur,
833 5601 933 5658 τοῦ
965 5607 1190 5674 κόσμου.

500 5673 611 5744 (51)
647 5674 1041 5746 Τουρμαχιῶν.
1070 5670 1267 5728 Scribe
1306 5670 1686 5742 τουρμαρχῶν.

2166 5459 2279 5530 (52)
2306 5457 2493 5531 (Inde;
2514 5457 2920 5531 Laurentianus
2952 5457 3112 5531 habet
3140 5459 3442 5531 στρατηγός

2169 5525 2280 5598 (55)
2305 5528 2440 5584 Cod.
2473 5528 2634 5598 Laur.
2663 5525 3095 5598 dvgésizvuoﬂat.

2171 5595 2547 5667 (‘54)Kaxs‘ir.
2602 5597 2660 5652 In
2716 5595 3027 5652 Pistoriano
3085 5599 3275 5655 codice
3323 5605 3446 5656 erat
3496 5598 3673 5656 λαεῗν.

2107 5670 2302 5725 Scribe
2330 5667 2530 5724 λαλεῖν.
3545 5685 3548 5688 ’
