4100 6226
370 367 479 431 713

1457 382 1791 446 TACTICA.
1825 412 1895 422 -
1932 386 2441 453 CONSTITUTIO
2486 394 2585 455 IV.
2650 418 2655 422 ·

3523 402 3632 472 ’114

367 478 554 541 αὐτοῖς
586 475 708 530 τότε
751 476 1029 549 ἀρχόντων
1062 482 1357 553 ὀνομασίας
1399 487 1492 543 διὰ
1525 490 1627 563 τὴν
1648 493 1745 547 νῦν
1774 496 1941 552 αὑτῶι

2061 499 2113 555 id
2136 509 2240 567 est,
2263 501 2532 566 acierum,
2570 513 2624 559 et
2648 518 2830 561 eorur:
2873 508 2969 578 qui
2999 509 3063 566 iis
3096 521 3341 580 prtesuut
3384 518 3633 583 nomina,

370 565 708 637 ἀχρηστίαν,
773 569 867 621 καὶ
924 572 1078 641 παρὰ
1146 576 1280 629 πᾶσι
1332 579 1446 642 τοῖς
1499 586 1954 656 στρατευομένοις

382 658 573 729 σχεδόν
596 674 700 711 που
722 659 902 711 αὐτῶν
922 662 1195 735 ἀσάφειαν
1215 668 1307 719 καὶ
1327 669 1729 742 ἀκαταληψίαν,
1754 678 1851 730 καὶ⁵
1868 678 1955 733 ἵνα

2061 596 2349 658 prOpterea
2381 591 2529 659 quod
2557 607 2624 646 ex
2657 608 2758 647 usu
2791 595 3014 651 militari
3037 597 3149 666 jam
3181 616 3558 667 excesserunt,
3581 617 3637 662 et

2059 678 2188 747 quia
2219 678 2427 735 incerta
2458 688 2624 751 atque
2652 681 3224 755 incomprehensibilia
3267 693 3524 748 omnibus
3554 696 3634 750 vi-

371 749 447 818 μὴ
476 747 720 818 ἀκαίρως
749 749 1080 821 δαπανῶμεν
1126 754 1219 807 τὸν
1265 758 1480 828 καιρὸν,
1517 762 1627 816 τῶν
1661 766 1941 834 ἀναγκαιο-

2058 768 2489 827 rismilitaribus
2509 782 2660 836 sunt,
2681 782 2736 828 et
2764 785 2823 829 ut
2850 792 2917 831 ne
2942 752 3156 847 tempus
3182 779 3414 837 inaniter
3439 799 3639 841 consu-

365 837 543 906 τέρων
568 838 643 900 ὼς
684 841 1035 910 σαφεστέρων
1087 845 1184 896 καὶ
1237 851 1664 923 συντομωτέρων
1693 857 1953 929 ἐπιλήψο-

369 944 471 996 μεν
512 929 725 984 Ἐκεῖνα
746 931 844 1000 μὲν
862 932 997 1002 γάρ,
1011 933 1086 998 ὡς
1103 934 1269 1003 έοικε,
1289 940 1356 992 τά
1367 956 1424 992 τε
1443 942 1554 996 τῶν
1569 945 1954 1020 κασαλλαρίων

364 1017 711 1107 διατάγματα
732 1022 827 1075 καλ⁵
855 1021 922 1075 τὰ
953 1024 1061 1078 τῶν
1079 1024 1279 1091 πεζῶν,
1300 1028 1542 1100 πλήθους
1561 1029 1629 1104 ἦν
1659 1017 1944 1107 στρατιᾶς.

363 1106 508 1162 ὥστε
566 1112 661 1164 καὶ
709 1112 1000 1178 τοσούτους
1032 1116 1127 1170 καὶ
1158 1120 1437 1186 γενναίους
1485 1125 1628 1178 κατά
1689 1106 1948 1199 ἀνδρείαν

365 1200 716 1274 εὑρίσκεσθαι
748 1205 1108 1276 στρατιώτας.

437 1378 537 1447 εβξ
560 1379 677 1432 Νῦν
697 1380 776 1443 δὲ,
810 1374 855 1435 ὧ
881 1386 1176 1456 στρατηγὲ,
1230 1388 1430 1459 ὀλίγων
1461 1393 1575 1464 (45)
1607 1395 1801 1462 ὄντων,
1852 1403 1949 1455 καὶ

367 1470 505 1538 μηδὲ
563 1472 677 1525 ίσον
731 1474 966 1543 ἑχόντων
989 1476 1051 1529 τὸ
1092 1478 1313 1549 μέτρον,
1345 1484 1550 1552 μᾶλλον
1597 1487 1782 1543 δὲκαὶ
1811 1491 1947 1546 πολὺ

363 1558 606 1626 ἔλαττον,
642 1563 743 1616 οὐκ
784 1564 942 1618 ἔστιν’
974 1564 1197 1621 εὔκολον
1230 1570 1380 1640 (44),
1424 1574 1606 1644 ὁρίσαι
1644 1578 1706 1631 τὸ
1746 1579 1949 1651 μέτρον

361 1650 458 1703 τοῦ
508 1652 808 1721 τάγματος,
848 1654 971 1708 οὔτε
1004 1657 1064 1710 ὲν
1112 1662 1228 1723 τοῖς
1264 1662 1675 1739 καόαλλαρίοις,
1735 1650 1863 1724 οὔτε
1888 1673 1946 1725 ἐν

362 1741 569 1804 πεζοῖς,
598 1742 685 1796 ἶνα
714 1742 811 1813 μὴ,
842 1743 919 1807 ὡς
950 1746 1119 1811 είκὺς,
1144 1749 1177 1819 ἦ
1205 1754 1624 1821 περισσεύοντες
1649 1758 1744 1812 τοῦ
1772 1761 1942 1815 ποσοῦ

2062 874 2300 926 mantus,
2330 864 2833 932 praetermittamus,
2861 878 2915 922 et
2952 869 3064 924 haec
3093 885 3214 939 qua!
3238 874 3410 943 magis
3442 890 3635 933 neces-

2056 950 2204 1005 saria
2237 951 2304 1005 ad
2338 967 2498 1006 usum
2530 961 2679 1019 sunt,
2715 964 2770 1009 et
2804 957 2870 1010 ad
2901 960 3341 1026 cognoscendum
3373 962 3631 1027 certiora,

2054 1050 2109 1096 et
2156 1043 2330 1111 magis
2380 1047 2809 1114 compendiaria,
2856 1063 3178 1118 persequar.
3230 1049 3337 1105 Illa:
3374 1053 3520 1106 enim
3573 1063 3633 1109 ut

2061 1132 2279 1187 videtur
2309 1134 2551 1204 equitum
2586 1137 2734 1191 acies
2773 1146 2939 1207 atque
2985 1140 3253 1208 peditum,
3287 1156 3387 1210 pro
3421 1144 3635 1199 ratione

2054 1223 2421 1281 multitudinis
2451 1227 2684 1281 militum
2726 1228 2961 1293 fuerant,
3024 1245 3149 1284 cum
3205 1240 3284 1286 tot
3316 1234 3527 1288 strenui
3568 1250 3633 1290 ac
3724 1240 3727 1243 ’

2054 1312 2224 1368 fortes
2258 1315 2634 1370 invenirentur
2667 1318 2893 1374 milites.

2121 1402 2209 1457 62.
2246 1401 2402 1458 Nunc
2425 1419 2573 1470 vero,
2605 1405 2923 1474 imperator,
2959 1422 3080 1461 cum
3109 1407 3283 1463 multo
3328 1412 3616 1479 pauciores

2048 1495 2160 1551 sint
2198 1496 2401 1551 milites
2427 1498 2481 1550 in
2526 1498 2770 1553 exercitu
2804 1513 2969 1568 quam
3007 1499 3135 1553 olim
3173 1500 3411 1566 fuerant,
3441 1514 3497 1557 et
3521 1518 3628 1559 non

2050 1591 2211 1644 modo
2241 1605 2350 1644 non
2378 1592 2667 1659 requalem,
2703 1591 2797 1645 sed
2828 1592 2993 1646 etiam
3029 1592 3192 1663 longe
3226 1594 3492 1649 minorem
3528 1596 3629 1649 ha-

2046 1678 2209 1732 beant
2239 1693 2546 1740 numerum,
2570 1678 2789 1733 diﬂicile
2826 1690 2908 1733 est
2946 1680 3174 1734 delinire
3207 1696 3496 1735 numerum
3532 1698 3626 1737 ce-

2048 1768 2220 1823 hortis
2248 1778 2362 1823 tum
2390 1771 2683 1839 equestris,
2713 1780 2830 1824 tum
2855 1771 3147 1839 pedestris,
3187 1787 3255 1825 ne
3288 1772 3335 1826 si
3360 1775 3627 1827 excedant

362 1831 497 1933 τῶν.
534 1839 651 1897 σνς’
686 1834 899 1905 ἀνδρῶν
936 1835 1253 1908 ἀρχήσωσιν
1315 1842 1453 1910 (45),
1516 1845 1550 1916 ἢ
1594 1848 1778 1915 πάλιν,
1838 1851 1939 1904 ὲάν

2048 1875 2338 1913 numerum
2378 1861 2736 1916 ducentorum
2773 1863 3168 1933 quinquaginta
3216 1878 3313 1919 sex.
3351 1866 3624 1931 virorum,

364 1921 611 1993 ἀκαίρως
661 1924 841 1988 ἄλλοις
868 1926 1146 1998 τάγμασιν
1182 1933 1580 2004 προστεθῶσιν,
1610 1937 1686 2001 ὥς
1725 1939 1947 1996 ἄτακτοι

369 2012 667 2080 ἀνωφελεῖς
696 2014 1013 2085 εὑρεθῶσιν.

435 2102 538 2172 ἐτ’.
580 2104 739 2159 Ἀλλά
788 2109 857 2161 τά
899 2108 998 2179 μὲν
1053 2110 1312 2182 τάγματα
1371 2119 1549 2170 ποιεῖν
1600 2120 1680 2183 είς
1717 2120 1948 2176 ἕκαστον

363 2193 595 2265 ἀριθμὸν
636 2195 713 2259 ὡς
762 2197 1068 2269 ἀπαντήσει
1118 2202 1153 2269 ἠ
1184 2203 1280 2256 τοῦ
1344 2205 1586 2277 πλήθους
1642 2210 1803 2281 χρεία
1849 2213 1945 2267 καὶ

362 2285 425 2338 τὸ
452 2285 619 2340 ποσὺν
655 2286 765 2342 τῶν
792 2291 1107 2359 προσόντων
1143 2292 1375 2364 ἀνδρῶν.
1409 2299 1553 2351 κατά
1590 2299 1690 2369 τὴν
1717 2300 1947 2372 δύναμιν

361 2376 456 2430 τοῦ
486 2378 630 2431 κατά
659 2379 749 2433 τὸν
784 2381 973 2452 καιρὸν
1001 2383 1393 2456 εὑρισκομένου
1430 2389 1582 2443 λαοῦ.
1614 2392 1723 2445 Καὶ
1753 2391 1946 2462 βάνδον

360 2466 507 2537 ιχειν
529 2468 661 2521 ῐδιον
688 2468 918 2524 ἕκαστον
948 2472 1129 2525 αὐτῶν
1172 2475 1269 2527 καὶ
1293 2476 1527 2547 ἄρχοντα
1556 2480 1675 2549 ἦτοι
1727 2483 1946 2555 κόμητα

360 2563 610 2630 γενναῖον
645 2563 740 2615 καὶ
769 2562 1033 2634 φρόνιμον
1092 2567 1188 2620 καὶ
1215 2568 1460 2638 ἀνδρεῖον
1495 2578 1588 2625 καὶ
1614 2574 1756 2629 κατά
1785 2578 1944 2646 χεῖρα

363 2650 635 2721 μάχεσθαι
666 2653 989 2722 δυνάμενον.

432 2741 525 2808 ξδ’.
580 2745 692 2808 Τάς
753 2747 938 2817 μέντοι
1000 2748 1163 2813 ἀκίας
1223 2751 1456 2808 ἑκάστου
1516 2756 1795 2824 τάγματος
1834 2759 1945 2812 τῶν

360 2832 546 2899 πεζῶν
613 2837 1059 2908 παραφυλάττειν
1114 2842 1223 2895 ἀπὸ
1284 2842 1357 2907 ις’
1418 2845 1628 2916 ἀνδρῶν
1673 2848 1945 2918 ὁρδινεύε-

362 2924 490 2979 σθαι
545 2928 629 2990 είς
686 2928 781 2980 τὸν
834 2928 936 2999 τῆς
991 2930 1173 3002 μάχης
1235 2934 1500 3003 κάματον,
1560 2937 1659 3006 τὴν
1719 2938 1777 2991 δὲ
1834 2958 1940 2993 πα-

364 3016 587 3084 ράταξιν
641 3020 778 3086 πρὸς
797 3018 860 3072 τὸ
891 3019 1055 3092 μέρος
1115 3023 1210 3077 τοῦ
1258 3024 1650 3095 εὑρισκομένου
1691 3030 1928 3100 στρατοῦ

360 3110 561 3164 ποιεῖν.

428 3196 521 3263 ξδ’.
554 3199 775 3273 Ταύτην
818 3202 985 3269 δδείς
1034 3204 1277 3277 τέσσαρα
1336 3207 1427 3262 ῐσα
1480 3210 1622 3279 μέρη
1678 3209 1933 3281 διαχωρί-
1962 3180 2006 3239 C

359 3288 475 3353 ζειν
510 3290 571 3359 ἐξ
603 3293 745 3348 ὅσων
784 3296 1074 3369 ἀπαντήσῃ
1130 3296 1427 3369 ταγμάτων
1485 3301 1579 3353 καὶ
1633 3300 1826 3363 ἀκιῶν,
1853 3301 1932 3365 ὡς

358 3379 577 3451 εἴρηταί
617 3402 709 3453 μοι
746 3386 841 3440 καὶ
894 3387 1125 3451 ἄνωθεν,
1178 3389 1456 3443 τουτέστιν
1517 3395 1596 3455 είς
1650 3391 1841 3457 δεξιὸν,
1869 3387 1932 3447 οὗ

358 3470 520 3542 ἄρχει
542 3474 755 3542 mea;
780 3478 1081 3550 μεράρχης,
1102 3481 1220 3549 ἦτοι
1239 3480 1631 3551 στρατηλάτης,
1648 3482 1707 3535 ὃν
1733 3499 1933 3553 τουρμ-

357 3560 536 3632 άρχην
583 3565 887 3636 καλοῦμεν,
922 3570 1005 3632 είς
1040 3570 1330 3640 ἀριστερὸν
1360 3563 1423 3623 οὗ
1470 3571 1628 3642 ἄρχει
1661 3574 1689 3625 ὁ
1729 3573 1931 3627 εὐώνυ-

2050 1951 2215 2005 otiosi
2249 1951 2394 2011 sint,
2434 1953 2514 2007 rel
2550 1969 2741 2007 rursus
2770 1954 2815 2008 si
2864 1956 2928 2007 ad
2968 1954 3107 2009 alias
3135 1956 3387 2011 cohortes
3430 1956 3628 2024 adjun-

2052 2051 2271 2111 gautur.
2319 2043 2476 2110 quasi
2514 2042 2805 2097 inordinati
2838 2044 3039 2097 milites
3091 2044 3308 2099 inutiles
3336 2046 3624 2101 exsistant.

2118 2129 2207 2185 63.
2238 2130 2493 2186 Cohortis
2533 2142 2639 2187 tua
2663 2147 2949 2187 numerum
2981 2132 3154 2188 facias
3178 2148 3277 2203 pro
3305 2136 3623 2191 multitudi-

2049 2218 2137 2275 nis
2156 2228 2260 2274 tuae
2279 2220 2506 2284 ratione,
2520 2230 2574 2275 et
2591 2222 2993 2277 multitudinem
3012 2221 3256 2277 virorum
3279 2228 3623 2291 praesentium

2049 2327 2147 2380 pro
2167 2313 2362 2368 virtute
2387 2324 2443 2368 et
2460 2312 2777 2369 fortitudine
2802 2315 3036 2369 militum
3062 2324 3278 2371 tuorum
3330 2318 3621 2375 collocato.

2049 2402 2490 2474 Unumquodque
2532 2416 2712 2459 autem
2764 2406 3001 2460 bandum
3023 2445 3039 2471 ,
3067 2408 3184 2463 sive
3227 2410 3451 2475 cohors,
3481 2426 3621 2479 pne--

2047 2493 2245 2550 fectum
2269 2510 2429 2550 suum
2452 2497 2704 2550 comitem
2724 2496 2921 2551 habeat
2940 2506 3252 2560 strenuum.
3275 2500 3619 2567 prudentem,

2045 2586 2239 2640 fortem
2289 2595 2346 2641 et
2381 2586 2634 2643 manibus
2663 2587 2931 2643 consertis
2959 2588 3027 2642 ad
3052 2588 3425 2657 prteliandum
3460 2591 3620 2646 habi-

2046 2676 2175 2729 lem.

2112 2767 2202 2822 64.
2236 2767 2611 2826 Contubernia
2644 2786 2775 2827 vero
2809 2773 3021 2844 singula
3053 2775 3298 2845 peditum
3327 2774 3621 2845 diligenter

2041 2858 2334 2915 observare
2372 2870 2611 2928 Oportet,
2645 2872 2705 2915 ut
2733 2877 2799 2917 ex
2850 2866 3085 2920 sedecim
3128 2864 3443 2920 hominibus
3492 2865 3626 2919 [iant

2041 2950 2107 3003 ad
2153 2951 2368 3005 labores
2404 2953 2577 3018 ρι·α;1ἰί
2622 2954 3005 3024 suscipiendos
3042 2956 3282 3010 idoneis.
3313 2954 3617 3009 Numerum

2040 3046 2222 3090 autem
2271 3036 2407 3091 aciei
2446 3052 2545 3106 pro
2597 3041 2807 3095 ratione
2835 3041 3112 3097 exercitus
3153 3050 3207 3096 et
3255 3041 3619 3094 multitudinis

2045 3126 2122 3179 tui
2154 3125 2348 3180 facias.

2099 3214 2189 3271 65.
2221 3215 2372 3272 [lane
2405 3232 2536 3274 vero
2561 3219 2736 3273 aciem
2759 3235 2822 3274 ex
2854 3231 3206 3291 quotcunque
3234 3220 3397 3274 fuerit
3426 3220 3619 3274 cohor-

2042 3306 2186 3361 tibus
2215 3316 2269 3362 et
2290 3309 2682 3377 contuberniis,
2710 3310 2763 3364 iu
2792 3322 3029 3381 quatuor
3085 3314 3169 3383 (ut
3203 3327 3367 3380 supra
3412 3311 3618 3365 dictum

2039 3396 2143 3465 est)
2184 3404 2392 3452 turmas
2433 3397 2614 3453 divide
2649 3414 2664 3452 :
2706 3400 2758 3453 in
2789 3401 3060 3465 dextram,
3087 3400 3176 3454 cui
3203 3408 3401 3469 praeest
3431 3399 3621 3454 dexter

2040 3488 2386 3553 turmarcha;
2417 3489 2470 3542 in
2495 3489 2706 3555 laevam,
2740 3490 2829 3544 cui
2866 3491 3031 3546 laevus
3063 3490 3371 3546 turmarcha
3404 3507 3418 3543 :
3449 3498 3504 3544 et
3564 3490 3616 3542 in

2037 3577 2174 3631 duas
2197 3578 2402 3631 medias
2431 3587 2661 3643 turmas,
2695 3582 2747 3633 in
2772 3581 2974 3649 quibus
3001 3583 3106 3635 erit
3135 3580 3481 3651 imperatoris
3519 3595 3615 3635 co-

362 3669 464 3721 μος
523 3658 898 3729 τουρμάρχης,
935 3660 1030 3713 καὶ
1074 3662 1155 3723 είς
1186 3662 1256 3715 τὰ
1286 3662 1452 3733 ἕτερα
1479 3662 1572 3716 δύο
1603 3665 1743 3734 μέσα
1778 3666 1922 3738 μέρη

2046 3683 2161 3724 )ors
2187 3671 2301 3725 sive
2329 3671 2587 3726 bandum.

358 3742 581 3811 ὁμοίως,
607 3747 667 3798 ὲν
690 3741 771 3809 οἷς
802 3747 1016 3802 ἵσταται
1035 3750 1130 3802 καὶ
1158 3749 1221 3802 τὸ
1237 3749 1332 3803 τοῦ
1363 3752 1671 3823 στρατηγοῦ
1696 3753 1905 3823 βάνδον.

432 3832 539 3897 Eg’.
569 3835 699 3889 Δέον
726 3836 783 3890 δέ
835 3838 982 3891 ἐστιν
1016 3840 1082 3891 ὲκ
1119 3838 1384 3910 περισσοῦ
1446 3840 1546 3910 τῆς
1577 3841 1937 3912 παρατάξεως

362 3923 652 3991 φυλάττειν
705 3926 919 3997 ὀλίγους
974 3930 1069 3983 καὶ
1118 3930 1447 3994 σκουτάτους
1509 3932 1603 3985 καὶ
1654 3932 1843 4001 ψιλοὺς
1874 3935 1936 3985 ὲν

363 4015 717 4087 ὑποῦοηθείᾳ,
745 4020 842 4072 καὶ
895 4019 1134 4090 ἄρχοντα
1183 4020 1328 4091 ἔχειν
1389 4022 1519 4074 ἴδιον
1550 4022 1583 4085 ἢ
1618 4025 1773 4093 παρὰ
1834 4024 1930 4079 σοῦ

363 4106 485 4158 τότε
541 4106 963 4179 καθιστάμενον,
1019 4111 1109 4165 ἵνα
1168 4110 1265 4164 ὲάν
1348 4112 1508 4183 χρεία
1572 4113 1798 4184 γένηται
1855 4117 1934 4179 είς

360 4195 432 4249 τά
482 4198 628 4268 ἄκρα
677 4201 778 4269 τῆς
828 4202 1187 4270 παρατάξεως
1245 4201 1441 4266 ἔξωθεν
1503 4203 1610 4255 τῶν
1669 4205 1942 4259 malum-

364 4288 692 4361 ρίων,ἢείς
748 4295 846 4357 τὰς
917 4294 1153 4364 ἀμάξας,
1211 4295 1244 4365 ἢ
1302 4297 1384 4358 εἰς
1443 4295 1664 4366 ἑτέρους
1720 4298 1938 4363 τόπους,

366 4379 504 4446 μετά
536 4380 645 4434 τῶν
677 4383 821 4436 ίδίων
843 4383 1024 4437 αὐτῶν
1073 4384 1350 4455 ἀρχόντων
1382 4386 1767 4457 συντρέχοντες
1812 4388 1942 4459 βοη-

363 4467 555 4524 θῶσιν.

434 4558 533 4625 ξζν.
575 4562 692 4636 Χρὴ
721 4564 778 4618 δὲ
827 4566 924 4619 ὲάν
972 4564 1298 4637 ὀλιγώτερος
1357 4569 1578 4642 ὑπάρχῃ
1629 4571 1669 4624 όν
1701 4573 1936 4643 στρατὸς

2117 3844 2208 3900 66.
2241 3846 2446 3900 Praeter
2490 3844 2754 3913 integram
2803 3846 2943 3899 hanc
2991 3846 3173 3899 aciem
3202 3851 3414 3913 oportet
3453 3843 3616 3899 etiam

2042 3949 2247 4005 paucos
2270 3935 2534 4005 quosdam
2565 3936 2763 3989 habere
2784 3947 3026 3991 scutatos
3055 3947 3110 3990 et
3138 3937 3325 3990 velites
3346 3935 3401 3988 in
3432 3936 3611 3991 subsi-

2038 4024 2167 4089 diis,
2194 4026 2287 4094 qui
2320 4025 2526 4080 ducem.
2561 4041 2737 4080 suum
2761 4028 3091 4094 peculiarem
3126 4028 3381 4090 habeant,
3409 4025 3509 4081 abs
3549 4038 3601 4082 te

2040 4114 2204 4169 etiam
2228 4115 2592 4185 designatum,
2623 4122 2684 4168 ut
2714 4115 2760 4168 si
2801 4115 3021 4184 quando
3045 4130 3184 4184 Opus
3214 4116 3393 4179 fuerit,
3429 4115 3482 4167 in
3515 4130 3613 4169 ex-

2042 4207 2228 4261 tremis
2244 4208 2354 4261 oris
2372 4208 2645 4261 instructa:
2661 4205 2799 4261 aciei
2818 4216 2971 4260 extra
2993 4209 3205 4275 equites
3229 4207 3360 4271 sint,
3378 4207 3459 4259 vel
3481 4206 3620 4260 inter

2041 4312 2248 4357 carros,
2277 4307 2372 4351 aut
2402 4298 2526 4354 aliis
2557 4299 2618 4352 in
2663 4298 2801 4353 locis
2835 4312 2959 4352 cum
2992 4296 3226 4352 ducibus
3263 4306 3610 4351 excurremus

2043 4403 2200 4458 opem
2228 4389 2427 4443 ferank

2116 4561 2207 4615 67.
2224 4558 2449 4629 Oportet
2476 4569 2691 4625 autem,
2705 4561 2748 4617 si
2771 4562 2949 4618 minor
2971 4576 3232 4619 numerus
3256 4562 3444 4633 viginti
3480 4581 3616 4634 qua-

361 4648 440 4703 κδ’
475 4631 726 4721 χιλιάδων
780 4656 982 4725 πεζῶν,
1014 4631 1089 4729 μή
1119 4631 1293 4711 ποιεῖν
1348 4631 1597 4732 τέσσαρα
1652 4631 1793 4734 μέρή
1839 4631 1939 4733 τὴν

2046 4663 2167 4709 tuor
2196 4654 2440 4709 millibus
2465 4653 2712 4724 peditum
2741 4657 2831 4719 sit,
2863 4657 3177 4712 universam
3220 4631 3391 4712 aciem
3425 4657 3477 4711 in
3499 4631 3615 4713 tres

361 4743 689 4813 παράταξιν,
757 4747 895 4803 ἀλλά
919 4752 1067 4819 τρία,
1094 4751 1152 4802 ἐν
1180 4748 1263 4821 τῷ
1287 4751 1439 4823 μέσῳ
1468 4752 1528 4806 δὲ
1560 4754 1715 4826 μέρει
1741 4755 1937 4809 τάσσε-

362 4832 484 4886 σθαι
505 4834 567 4887 τὸ
590 4837 681 4889 τοῦ
715 4839 1020 4909 στρατηγοῦ
1062 4840 1273 4910 βάνδον,
1330 4836 1481 4911 ᾧτινι
1521 4848 1616 4899 καὶ
1652 4846 1936 4900 πείθεσθαι

359 4922 428 4974 τὰ
466 4922 624 4978 λοιπά
655 4926 820 4995 βάνδα
847 4930 1174 4999 όφείλουστν.

430 5012 536 5085 ξη’.
565 5016 835 5088 Πρότερον
861 5019 917 5072 δὲ
954 5021 1212 5091 χωρίσεις
1236 5025 1316 5087 είς
1344 5026 1552 5096 ψιλοὺς,
1578 5029 1700 5089 τοὺς
1732 5026 1937 5089 εἰδότας

358 5103 629 5169 τοξεῦσαι,
659 5107 693 5177 ἢ
743 5109 838 5161 καὶ
886 5111 1076 5180 μαθεῖν
1117 5113 1454 5183 δυναμένους
1482 5156 1495 5179 ,
1548 5118 1782 5187 γοργοὺς
1840 5120 1935 5170 κσέι

357 5197 677 5265 νεωτέρους,
732 5200 950 5265 ἱκανοὺς
1006 5204 1348 5275 πηδᾷννὸπου
1382 5207 1682 5274 βούλονται,
1714 5208 1809 5261 ὲάν
1836 5210 1936 5277 μὲν

358 5284 499 5356 ὑπὲρ
553 5288 654 5352 τὰς
680 5288 759 5344 κᾶ
786 5291 1031 5361 χιλιάδας
1079 5296 1209 5361 sict,
1250 5298 1312 5350 τὸ
1356 5299 1528 5368 ἥμισυ
1567 5298 1753 5369 μέρος,
1802 5300 1850 5351 εί
1878 5298 1937 5352 δὲ

357 5372 668 5449 ὀλιγώτεροι
690 5379 798 5434 τῶν
829 5379 907 5434 κδ’
936 5382 1189 5452 χιλιάδων
1223 5386 1351 5450 eici,
1374 5385 1435 5441 τὸ
1472 5386 1655 5455 τρίτον
1687 5388 1850 5457 μέρος
1875 5387 1933 5442 ἐν

358 5463 576 5538 ἑκάστῳ
620 5468 861 5541 ἀριθμῷ.
893 5472 1003 5527 Καὶ
1048 5473 1172 5527 τότε
1199 5473 1575 5547 ὀρδινευθῆναι
1604 5476 1820 5544 αὐτοὺς,
1853 5476 1930 5541 ῶς

2045 4741 2222 4820 solum
2268 4752 2481 4798 turmas
2521 4742 2793 4809 dividere,
2846 4755 2902 4800 et
2952 4748 3006 4801 in
3047 4747 3233 4801 media.
3272 4747 3614 4815 imperatoris

2045 4835 2278 4890 bandum
2315 4836 2431 4890 sive
2469 4836 2749 4891 cohortem
2789 4837 3051 4893 collocari
3080 4848 3331 4908 oportet,
3384 4839 3471 4893 cui
3508 4855 3588 4894 cie

2044 4937 2158 4982 tera
2191 4929 2365 4984 handa
2389 4932 2666 4986 obediant.

2108 5020 2194 5076 68.
2230 5019 2386 5075 Prius
2425 5030 2606 5077 autem
2648 5019 2858 5076 divides
2904 5020 3101 5074 velites
3134 5021 3186 5073 in
3233 5020 3501 5084 homines,
3533 5024 3614 5078 vel

2041 5112 2327 5179 sagittandi
2380 5117 2597 5182 peritos.
2630 5114 2712 5168 vel
2760 5122 2907 5168 certe
2935 5112 3143 5166 habiles
3179 5113 3244 5166 ad
3267 5114 3612 5177 discendum,

2041 5201 2086 5253 si
2135 5201 2227 5268 qui
2279 5212 2461 5255 truces
2500 5208 2721 5269 aspectu
2779 5210 2835 5255 et
2870 5199 3121 5269 juniores
3158 5198 3383 5265 fuerint,
3418 5209 3473 5256 et
3518 5204 3612 5271 qui

2043 5305 2139 5358 per
2160 5290 2339 5343 omnia
2366 5290 2504 5355 loca,
2524 5289 2613 5343 ubi
2649 5290 2837 5351 veiint,
2870 5291 3072 5345 saltare
3110 5294 3347 5361 possint.
3387 5292 3445 5346 Si
3467 5292 3614 5348 enim

2041 5393 2207 5448 supra
2230 5379 2417 5448 viginti
2452 5387 2688 5449 quatuor
2713 5380 2881 5434 millia
2908 5378 3135 5447 fuerint,
3165 5381 3449 5437 dimidiam
3486 5383 3607 5437 illo-

2039 5486 2158 5524 rum
2185 5479 2390 5539 partem
2429 5470 2597 5539 eliges
2631 5487 2643 5521 :
2680 5470 2764 5525 sin
2793 5471 3080 5540 pauciores
3126 5469 3348 5537 fuerint,
3391 5471 3612 5526 tertiam

1887 5587 2115 5646 NOTAE.

431 5668 544 5809 (43;
563 5671 700 5729 God.
736 5673 899 5729 Laur.
929 5677 1330 5750 εὐαριθμήτων.

431 5737 524 5809 (Μ
564 5740 699 5798 Cod.
731 5742 899 5801 Laur.
932 5745 1174 5809 εὐχερές.

430 5737 544 5809 (υ)
564 5740 699 5798 Cod.
731 5742 899 5801 Laur.
932 5737 1174 5818 εὐχερές.

2110 5678 2220 5747 (ίὸ)
2256 5677 2662 5746 Ἀρχήσωσιν.
2701 5677 2913 5745 Scribe,
2945 5678 3287 5749 ἀργήσωσιν.
