4100 6226
529 356 638 428 ἠδ

1782 353 2055 416 LEONIS
2094 353 2546 419 PHILOSOPHI

3645 344 3754 416 716
3794 400 3801 406 .

534 478 970 547 uniuscujusque
1002 474 1212 530 numeri
1246 480 1452 543 partem
1496 485 1764 536 assumes,
1797 478 1852 526 et
1888 472 2009 526 illos
2044 471 2097 525 in

2204 490 2306 527 που
2336 476 2431 527 καὶ
2449 472 2702 540 ἀνωτέρω
2726 468 2970 535 εἴπομεν,
2984 465 3071 535 ,εἰς
3091 461 3404 533 δεκαρχίας,
3427 459 3519 515 καὶ
3537 460 3762 527 ἐπιστῆ-

534 570 787 627 decurias
817 570 935 623 sive
965 567 1340 629 contubernia,
1378 573 1437 618 ut
1477 576 1604 618 ante
1633 564 1833 617 dictum
1867 570 1972 624 est,
2009 563 2095 617 di-

533 664 703 726 vides,
746 659 959 727 illisque
991 656 1226 710 decanos
1254 656 1429 709 bonos
1461 663 1625 723 atque
1661 654 1885 709 idoneos
1918 656 2097 723 praeli-

533 755 665 817 eies,
714 764 991 818 unumque
1036 750 1204 802 etiam
1240 748 1483 801 omnium
1540 746 1735 801 ducem
1782 744 2095 816 prafectum

536 843 937 912 sagittariorum
973 839 1306 894 nominabis.

594 934 684 988 69.
715 933 1062 999 Reliquarum
1096 931 1324 984 duarum
1360 930 1589 998 partium
1613 928 1921 991 dimidium,
1947 936 2098 982 octo-

533 1022 705 1077 decim
736 1021 977 1073 virorum
1003 1020 1275 1073 seniorum
1308 1018 1488 1083 simul,
1520 1026 1573 1071 et
1601 1017 1876 1086 iuniorum
1908 1027 2098 1071 contu-

533 1112 721 1165 bernia
752 1110 981 1174 dividas,
1006 1117 1060 1162 et
1092 1109 1230 1164 duos
1261 1125 1324 1163 ex
1355 1109 1422 1162 iis
1444 1107 1766 1172 octodecim,
1802 1107 1894 1176 qui
1940 1106 2095 1162 debi-

420 1188 425 1191 ’
533 1202 726 1256 lissimi
759 1208 905 1262 sunt,
934 1216 1027 1255 seu
1070 1202 1252 1268 potius
1291 1215 1501 1261 omnes,
1537 1199 1630 1267 qui
1667 1213 1830 1266 supra
1862 1198 2095 1251 sedecim

532 1302 679 1355 sunt,
694 1291 757 1344 ad
770 1306 954 1343 carros
966 1291 1308 1358 reliquasque
1319 1288 1559 1342 sarcinas
1572 1287 1867 1341 servandas
1879 1301 2094 1355 operam

533 1395 735 1433 navare
767 1384 981 1447 oportet
1014 1397 1030 1433 :
1061 1380 1294 1433 sedecim
1349 1386 1529 1432 autem
1588 1378 1824 1445 reliquos
1876 1375 1928 1429 in
1979 1375 2098 1429 acie

535 1470 853 1532 consistere,
891 1479 945 1523 et
975 1484 1205 1538 praeesse
1234 1469 1340 1521 illis
1368 1468 1734 1537 manipulares
1762 1468 1950 1533 duces,
1979 1466 2095 1521 sive

532 1562 769 1616 decanos
804 1568 1017 1630 oportet
1039 1569 1298 1615 strenuos
1320 1558 1481 1629 atque
1509 1560 1757 1614 idoneos.

596 1737 687 1791 70.
709 1736 847 1792 Octo
868 1751 995 1791 vero
1024 1751 1089 1790 ex
1121 1736 1243 1790 istis
1263 1734 1522 1799 sedecim,
1547 1734 1639 1803 qui
1667 1732 1921 1787 meliores
1946 1739 2093 1795 sunt,

534 1831 741 1897 primos
794 1838 847 1881 et
905 1834 1210 1896 postremos
1274 1825 1614 1879 contubernii
1667 1824 1782 1878 sive
1835 1821 2094 1889 manipuli

534 1916 866 1970 constituere
906 1924 1139 1984 oportet.
1170 1915 1309 1967 Nam
1356 1913 1588 1969 sedecim
1632 1913 1871 1966 virorum
1902 1919 2099 1964 contu-

534 2004 810 2065 bernium,
862 2004 1194 2072 manipulum
1238 2003 1445 2070 antiqui
1486 2008 1836 2055 vocaverunt.
1876 1999 2097 2054 Consti-

536 2105 688 2148 tuere
715 2104 895 2147 autem
937 2108 1030 2147 eos
1078 2101 1290 2160 oportet
1332 2092 1385 2145 in
1420 2091 1616 2160 primo,
1650 2091 1705 2143 in
1749 2089 2007 2152 secundo,
2040 2087 2095 2140 in

537 2185 712 2246 tertio,
736 2184 789 2237 in
821 2193 1015 2252 quarto
1044 2184 1182 2244 loco,
1202 2182 1255 2235 in
1274 2197 1385 2246 ινι,
1415 2180 1468 2233 ἰιι
1493 2196 1582 2245 xv,
1604 2180 1655 2233 in
1687 2195 1797 2242 xxv,
1818 2177 1872 2231 in
1902 2193 2020 2239 xm,
2041 2186 2098 2229 ut

533 2274 819 2329 altitudine
839 2275 904 2328 ad
927 2283 1162 2343 quatuor
1184 2274 1466 2327 hominum
1497 2286 1785 2325 numerum
1806 2269 2098 2336 descripta,

536 2368 783 2422 ﬁrmetur
816 2374 927 2419 tum
960 2366 1114 2421 frons
1144 2374 1257 2419 tum
1303 2366 1497 2426 cauda,
1548 2364 1601 2417 id
1644 2371 1752 2426 est,
1793 2369 2097 2416 extremum

533 2473 751 2527 agmen.
788 2455 1000 2525 Reliqui
1034 2472 1165 2511 vero
1218 2463 1343 2511 oeto
1384 2454 1773 2508 imbecilliores
1819 2452 1873 2505 in
1920 2450 2100 2505 medio

534 2546 845 2601 collocandi
871 2555 1023 2601 sunt.

609 2832 704 2887 Ἠ.
726 2829 863 2887 istas
892 2829 1127 2885 sedecim
1157 2827 1468 2883 nominabis
1492 2825 1719 2881 seorsim
1746 2839 1845 2895 per
1870 2824 2097 2893 primos,

537 2930 594 2979 et
622 2923 911 2987 secundos,
934 2923 1015 2977 vel
1046 2937 1141 2990 per
1160 2920 1425 2991 praestites
1456 2928 1511 2973 et
1542 2919 1749 2972 astites.
1774 2914 1893 2969 Duo
1920 2922 2099 2968 autem

537 3030 603 3068 ex
627 3014 735 3068 illis
761 3014 1064 3067 binomines
1092 3022 1274 3073 erunt,
1304 3019 1360 3066 et
1386 3010 1597 3080 primus
1626 3008 1845 3078 quidem
1874 3005 2097 3061 vocabi-

2198 582 2286 618 ναι
2321 566 2502 625 αὐτοῖς
2521 563 2787 632 δεκάρχας
2816 556 3140 629 χρησίμους,
3165 555 3261 607 καὶ
3285 553 3520 623 ἄρχοντα
3545 552 3642 604 ἕνα
3666 550 3763 603 τὸν

2196 657 2489 726 λεγόμενον
2521 649 3034 726 άρχισαγιττάτωρα
3096 642 3231 715 (66),
3258 644 3425 713 {now
3479 640 3762 715 ἀρχιτοξό-

2195 762 2318 816 την.

2271 916 2366 983 ξθ’.
2399 914 2472 970 Τὸ
2522 916 2579 970 δέ
2619 915 2780 985 μόνον
2831 912 3073 982 δίμοιρον
3118 908 3284 979 μέρος
3334 905 3368 976 ἢ
3432 906 3603 975 ἥμισυ
3646 905 3765 958 δια-

2200 1010 2422 1081 μερίσαι
2466 1009 2546 1070 είς
2592 1005 2754 1069 άκίας
2785 1002 2892 1056 άπὸ
2923 999 3135 1072 ἀνδρῶν
3196 995 3265 1067 ιη’
3300 996 3543 1049 παλαιῶν
3572 1013 3633 1049 τε
3666 996 3763 1048 καὶ

2196 1102 2354 1154 νέων.
2414 1098 2591 1152 ’Δκίαι
2619 1098 2676 1150 δὲ
2706 1095 2977 1163 λέγονται,
3006 1091 3081 1155 ὥς
3109 1107 3199 1161 μοι
3232 1088 3467 1161 εἴρηται,
3492 1087 3561 1141 τὰ
3602 1086 3761 1155 λεγό-

2201 1209 2337 1262 μενα
2386 1189 2770 1258 κοντου6έρνια
2817 1184 2949 1253 (47).
3008 1184 3120 1235 Καὶ
3165 1184 3293 1241 τοὺς
3324 1179 3422 1249 μὲν
3449 1178 3542 1231 δύο
3582 1176 3767 1229 αὐτῶν

2194 1285 2321 1347 τοὺς
2344 1280 2781 1350 ὑποδεεστέρους,
2821 1278 2938 1346 ἦτοι
2967 1275 3091 1336 τούς
3128 1272 3382 1333 πλείονας
3423 1269 3529 1322 τῶν
3554 1266 3649 1333 ις’,
3682 1268 3764 1328 είς

2196 1374 2295 1436 τὰς
2318 1372 2532 1442 ἁμάξας
2553 1370 2646 1423 καὶ
2670 1369 2885 1437 ἐτέρας,
2907 1366 2981 1427 ὡς
3007 1359 3376 1431 είκδς,ίχρείας
3397 1355 3761 1427 ἀσχολεῖσθαι,

2196 1466 2322 1527 τοὺς
2348 1463 2404 1517 δὲ
2439 1459 2514 1524 ις’
2544 1458 2795 1514 ἵστασθαι
2816 1460 2874 1511 ἐν
2904 1458 2971 1526 τῇ
2998 1452 3324 1524 παρατάξει,
3354 1450 3450 1503 καὶ
3477 1448 3766 1518 ἐπιστῆναι

2198 1554 2382 1615 αὐτοῖς
2411 1552 2537 1614 τοὺς
2582 1546 2926 1619 λοχαγωγούς
2973 1543 3085 1615 (48)
3109 1540 3434 1612 λεγομένους
3480 1536 3771 1606 γενναίως

2198 1646 2293 1700 καὶ
2318 1644 2638 1713 χρησίμους.

2268 1744 2330 1791 o'.
2375 1737 2479 1800 Ἑκε
2522 1734 2725 1786 τούτων
2762 1730 2819 1782 δὲ
2859 1729 2973 1782 τῶν
3001 1725 3076 1790 ις’
3103 1722 3548 1795 χρησιμωτέρους
3578 1724 3629 1788 η’
3660 1717 3769 1785 έμ-

2126 1788 2169 1843 B
2197 1788 2431 1897 προσθεν
2471 1789 2579 1877 ’καὶ
2635 1821 2856 1875 ὄπισθεν
2902 1821 3001 1888 τῆς
3031 1788 3217 1876 ditias
3277 1788 3397 1881 ἦτοι
3424 1788 3541 1863 -τοῦ
3604 1808 3770 1876 λόχου

2197 1916 2553 1985 καταστῆσαι.
2606 1913 2718 1981 Τὴν
2770 1911 2878 1980 γὰρ
2924 1908 3032 1961 τῶν
3058 1905 3132 1968 ις’
3155 1904 3365 1974 ἀνδρῶν
3419 1902 3581 1954 ἀκίαν
3601 1899 3764 1968 λόχον

2197 2008 2422 2063 ἐκάλουν
2448 2007 2498 2059 οἱ
2529 2003 2766 2058 παλαιοί.
2795 2001 2995 2070 Στῆσαι
3026 1999 3083 2052 δὲ
3105 1998 3301 2058 αὐτοὺς
3331 1997 3410 2057 εἰς
3432 1994 3523 2046 τὸν
3546 1990 3770 2061 πρῶτον

2196 2099 2390 2159 τόπον,
2440 2096 2536 2149 καὶ
2591 2093 2671 2156 είς
2725 2090 2816 2144 τὸν
2872 2088 3145 2157 δεύτερον,
3181 2085 3279 2138 καὶ⁵
3315 2085 3396 2146 είς
3444 2082 3534 2133 τὸν
3556 2078 3769 2149 τρίτον,

2200 2188 2294 2240 καὶ
2316 2186 2395 2247 είς
2438 2184 2531 2236 τὸν
2564 2180 2844 2249 τέταρτον,
2875 2178 2970 2230 καὶ
2990 2177 3069 2238 είς
3090 2174 3180 2227 τὸν
3206 2171 3509 2236 ἐξδέκατον,
3546 2167 3642 2221 καὶ
3673 2165 3777 2218 τὸν

2199 2271 2808 2334 πεντεκαιδέκατον,καὶ
2839 2270 2920 2330 είς
2950 2268 3041 2320 τὸν
3064 2260 3656 2335 τεσσαρεσκαιδέκατον
3669 2259 3771 2309 καὶ

2198 2372 2279 2431 είς
2341 2366 2429 2419 τδν
2477 2360 2938 2435 τρισκαιδέκατον,
2983 2357 3071 2409 ἵνα
3126 2355 3220 2409 καὶ
3279 2353 3439 2423 μέχρι
3485 2347 3772 2417 τεσσάρων

2197 2457 2407 2527 ἀνδρῶν
2441 2439 2810 2524 ’μεριζομένου
2849 2447 2943 2502 τοῦ
2977 2444 3193 2515 βάθους,
3242 2444 3360 2513 ἦτοι
3401 2439 3496 2493 τοῦ

2198 2525 2311 2615 τῆς
2335 2545 2514 2607 ἀκίας,
2541 2546 2599 2595 ἐν
2620 2541 2845 2609 δυνάμει
2885 2537 3120 2606 ὑπάρχει
3148 2536 3181 2605 ἡ
3220 2533 3357 2601 οὐρά
3394 2528 3564 2596 αὐτῆς
3587 2528 3682 2580 καὶ
3704 2525 3771 2579 τὸ

2202 2641 2474 2710 μέτωπον.
2532 2634 2668 2695 Τοὺς
2688 2631 2743 2684 δέ
2767 2629 2984 2691 λοιποὺς
3044 2627 3169 2689 τοὺς
3243 2620 3654 2688 ὑποδεεστέρους
3707 2618 3777 2669 ἐν

2133 2758 2139 2765 -
2198 2730 2275 2798 τῷ
2302 2729 2451 2799 μέσῳ
2477 2725 2649 2795 αὐτῆς
2674 2722 2851 2787 τάξαι.

2268 2818 2365 2873 οα’.
2425 2816 2659 2878 Τούτους
2682 2814 2738 2866 δὲ
2768 2812 2894 2873 τούς
2949 2807 3023 2873 ις’
3061 2806 3326 2877 ὀνομάσαι
3377 2805 3477 2859 ἕνα
3506 2803 3640 2874 παρ’
3667 2802 3767 2854 ἕνα

2199 2912 2307 2966 ἀπὸ
2335 2909 2577 2979 πρίμων,
2602 2906 2697 2959 καὶ
2719 2902 3041 2960 σεκούνδων,
3071 2901 3190 2969 ἦτοι
3219 2895 3619 2968 πρωτοστατῶν
3649 2891 3767 2963 (ιθ)

2201 3006 2295 3059 καὶ
2321 3000 2646 3055 ἐπιστατῶν.
2678 2999 2815 3060 Τοὺς
2840 2996 2896 3048 δέ
2923 2994 3017 3046 δύο
3048 2995 3106 3044 ἐν
3132 2991 3316 3054 αὐτοῖς
3349 2990 3458 3043 άπὸ
3498 2987 3591 3041 δύο
3618 2986 3767 3055 ἔχειν

540 3112 628 3158 tur
672 3104 960 3172 lochagus,
994 3103 1111 3156 sive
1155 3100 1513 3170 manipularis
1556 3100 1663 3152 dux
1718 3096 1948 3165 primus,
1984 3092 2097 3149 sive

2201 3096 2500 3163 ὀνομάτων,
2548 3090 2642 3144 καὶ
2674 3088 2765 3141 τδν
2827 3088 2923 3154 μέν
2951 3084 3170 3153 πρῶτον
3224 3080 3505 3135 καλεῖσθαι
3536 3075 3771 3146 λοχαγὸν

538 3199 908 3261 protostates;
946 3192 1083 3245 alter
1120 3200 1300 3244 autem
1361 3188 1643 3242 vocabitur
1697 3183 2002 3240 decarchus
2048 3191 2104 3238 et

538 3281 812 3336 secundus
852 3282 967 3335 sive
1008 3288 1174 3342 astes,
1204 3288 1259 3333 et
1285 3279 1540 3346 deinceps
1576 3276 1848 3338 similiter,
1890 3283 1949 3327 ut
1982 3272 2103 3327 uni.

539 3385 693 3426 versa
719 3371 865 3426 acies
919 3385 986 3425 ex
1030 3370 1361 3440 praestitibus
1394 3375 1449 3423 et
1487 3367 1737 3421 astitibus
1779 3365 2079 3419 instruatur

614 3458 701 3515 72.
736 3460 806 3516 Ut
850 3469 1029 3514 autem
1063 3460 1283 3513 obedire
1318 3457 1533 3512 facilius
1561 3455 1792 3524 possint,
1817 3464 1871 3507 et
1908 3453 2102 3506 idonee

540 3554 684 3607 inter
709 3566 766 3605 se
789 3551 989 3612 vivere,
1025 3550 1220 3603 melius
1261 3557 1349 3602 est
1390 3548 1516 3602 illos
1550 3547 1603 3599 in
1635 3546 1744 3599 duo
1768 3544 1944 3598 solum
1972 3558 2103 3595 con-

538 3642 789 3696 tubernia
824 3642 1084 3705 dividere,
1124 3648 1182 3693 nt
1210 3639 1368 3709 primi
1410 3641 1524 3693 sive
1560 3636 1829 3706 praestites
1852 3634 2104 3690 sinteum

538 3732 792 3801 prmfecto
845 3732 1202 3799 manipulari,
1252 3730 1473 3784 secundi
1529 3736 1708 3781 autem
1774 3727 1859 3780 vel
1916 3725 2103 3779 astites

538 3822 649 3874 sint
689 3835 813 3874 eum
856 3821 1091 3887 decano;
1134 3821 1208 3872 ita
1258 3820 1348 3873 {iet
1398 3828 1479 3881 ut,
1516 3831 1828 3886 quanquam
1872 3817 1925 3869 in
1979 3816 2105 3868 vita;

537 3909 689 3963 cultu
724 3918 1066 3976 separantur,
1098 3909 1151 3961 in
1185 3909 1301 3961 acie
1332 3916 1510 3960 tamen
1544 3906 1789 3969 adunati,
1822 3906 1911 3959 isti
1947 3904 2102 3959 sede-

540 3996 648 4051 cim
690 3996 920 4051 concilio
950 3996 1312 4063 mandataque
1341 3994 1698 4060 manipularis
1733 3993 1971 4062 przei‘ecti
2003 3992 2097 4046 ob-

541 4094 863 4154 temperent.
898 4083 1011 4139 Hoc
1033 4085 1195 4140 modo
1223 4085 1369 4139 acies
1405 4085 1609 4153 optime
1641 4093 2018 4147 conservatur,
2048 4094 2106 4138 et

538 4174 619 4233 illi
651 4175 905 4233 facillime
929 4178 1241 4233 obedientes
1272 4186 1453 4234 erunt.

611 4354 700 4409 73.
740 4351 882 4409 Utile
910 4363 1090 4409 autem
1119 4363 1223 4418 est,
1259 4353 1304 4408 si
1336 4353 1388 4407 id
1425 4352 1539 4407 fieri
1574 4358 1768 4421 potest,
1793 4365 1898 4405 non
1927 4351 2101 4405 solum

2204 3187 2297 3239 καὶ
2342 3180 2765 3252 πρωτοστάτην,
2810 3176 2901 3228 τὸν
2950 3175 3007 3227 δὲ
3050 3174 3302 3242 δεύτερον
3347 3169 3616 3240 δεκάρχην
3672 3165 3771 3218 καὶ

2203 3272 2486 3329 σεκοῦνδον
2512 3272 2677 3341 ἤγουν
2703 3266 3017 3335 ἐπιστάτην,
3050 3262 3189 3316 ὥστε
3228 3257 3375 3315 εἶναι
3395 3259 3486 3313 τὸν
3512 3258 3631 3311 ὅλον
3656 3253 3771 3317 στί·

2202 3383 2295 3437 χον
2330 3366 2395 3417 ὲκ
2420 3359 2810 3431 πρωτοστατῶν
2839 3358 2932 3410 καὶ
2962 3353 3263 3408 ἐπιστατῶν
3292 3349 3666 3420 συγκείμενον.

2270 3453 2367 3523 οβ’.
2402 3453 2520 3505 Ἵνα
2563 3450 2620 3503 δὲ
2648 3448 2739 3500 καὶ
2778 3445 3040 3517 ἄρχεσθαι
3095 3440 3329 3504 εὐκόλως
3356 3440 3639 3499 δύνωνται,
3671 3434 3773 3489 καὶ

2203 3544 2549 3616 ἁρμοζόντως
2608 3540 2911 3606 συνδιάγειν
2971 3534 3223 3604 ἀλλήλοις
3252 3571 3268 3595 .
3333 3529 3554 3585 κάλλιόν
3620 3528 3778 3579 ἐστιν

2208 3635 2407 3703 μᾶλλον
2436 3630 2657 3691 τούτους
2686 3630 2767 3691 είς
2791 3626 2884 3679 δύο
2916 3624 3051 3694 μόνα
3090 3620 3473 3689 κοντουσέρνια
3501 3616 3770 3685 γίνεσθαι,

2206 3725 2291 3777 ῐνα
2318 3725 2368 3776 oi.
2412 3722 2510 3792 μὲν
2559 3719 2765 3790 πρίμου
2807 3718 2978 3786 ἦγουν
2998 3715 3046 3766 οἱ
3073 3710 3453 3781 πρωτοστάται
3504 3703 3608 3761 ὦσι
3631 3705 3771 3776 μετὰ

2203 3815 2296 3867 τοῦ
2346 3812 2597 3882 λοχαγοῦ,
2646 3809 2696 3862 oi
2738 3808 2793 3860 δὲ
2837 3804 3110 3860 σεκοῦνδοι
3160 3804 3327 3872 ἦγουν
3369 3802 3418 3853 οί
3478 3798 3771 3851 ἐπιστάται-

2208 3903 2345 3974 me
2392 3902 2484 3954 τοῦ
2536 3900 2819 3968 δεκάρχου,
2847 3894 2989 3949 οὕτω
3045 3892 3227 3961 μέντοι
3262 3889 3431 3953 ὥστε,
3475 3888 3581 3940 κᾶν
3608 3888 3665 3939 ἐν
3698 3886 3765 3953 τῇ

2203 3973 2445 4058 διαγωγῇ
2472 3986 2807 4056 διαιρῶνται,
2840 3982 2955 4037 ἀλλ’
2980 3980 3073 4035 οῦν
3105 3981 3163 4033 ὲν
3201 3981 3268 4048 τῇ
3294 3977 3446 4042 τάξει
3499 3973 3776 4044 ἡνωμέναι

2204 4081 2353 4143 ὄντες
2383 4080 2433 4131 οἱ
2460 4075 2535 4142 ις’
2563 4079 2627 4145 τῇ
2657 4074 2817 4143 βουλῇ
2852 4071 3165 4142 καὶηγνὼμῃ
3210 4069 3304 4123 τοῦ
3359 4066 3592 4135 λοχαγοῦ
3643 4062 3767 4115 πεί-

2206 4172 2426 4225 θωνται.
2470 4165 2751 4221 Ἐντεῦθεν
2780 4164 2889 4233 γὰρ
2925 4163 3020 4216 καὶ
3044 4163 3078 4231 ἡ
3110 4159 3262 4226 τάξις
3292 4157 3644 4227 φυλάσσεται,
3673 4152 3777 4206 καὶ

2206 4260 2442 4321 εὐκόλως
2473 4254 2734 4326 ἄρχεσθαι
2754 4253 3029 4306 δύνανται.

2276 4348 2377 4417 ογ’.
2445 4347 2727 4417 Χρήσιμον
2758 4343 2824 4395 δέ’
2854 4344 3023 4405 ἐστιν,
3079 4338 3174 4392 ἐὰν
3212 4338 3459 4406 δέχηται,
3501 4336 3576 4405 μὴ
3610 4335 3779 4404 μόνον

540 4445 843 4500 sccundnm
891 4446 1169 4511 virtutem,
1209 4445 1298 4498 vel
1332 4419 1703 4498 strenuitatem
1750 4441 2097 4511 unumquod-

2209 4438 2349 4493 κατὰ
2399 4435 2658 4503 ποιότητα
2697 4432 2862 4502 ῆγουν
2892 4427 3153 4497 εὐψυχίαν
3190 4423 3484 4495 ὀρδινεύειν
3524 4423 3651 4485 τοὺς
3694 4419 3769 4485 ις’

539 4551 646 4606 que
706 4536 1123 4590 contubernium
1182 4543 1517 4590 scutatorum
1567 4533 1846 4597 ordinare,
1910 4547 2100 4586 verum

538 4629 700 4682 etiam
729 4627 886 4695 juxta
911 4634 1147 4690 aetatem,
1178 4634 1238 4679 ut
1272 4628 1640 4694 provectiores
1673 4633 1850 4688 aetate,
1875 4624 1918 4679 si
1948 4634 2102 4679 ante»

540 4727 837 4782 ponantur,
868 4716 1041 4786 magis
1073 4723 1353 4784 parentem
1405 4724 1567 4783 atque
1620 4715 1960 4769 obedientem
1987 4729 2099 4768 ma-

539 4808 787 4876 nipulum
820 4807 1039 4861 faciant.
1070 4805 1138 4861 Ut
1171 4819 1299 4858 vero
1326 4819 1391 4857 ne
1420 4805 1605 4858 omnia
1634 4803 1715 4856 vel
1749 4803 1816 4857 ad
1864 4802 2100 4856 strenui-

541 4908 727 4959 tatem,
761 4898 843 4953 vel
885 4898 952 4952 ad
987 4907 1201 4952 aetatem
1251 4894 1585 4957 referamus,
1622 4902 1835 4961 oportet
1880 4908 1975 4947 eos
2001 4895 2099 4962 qui

539 4988 833 5042 alacriores
867 4998 920 5042 et
948 4986 1324 5057 generosiores
1356 4993 1503 5045 sunt.
1526 4985 1582 5037 in
1613 4982 1790 5036 fronte
1828 4992 1882 5037 et
1905 4984 2100 5047 cauda,

541 5079 594 5132 id
617 5087 722 5143 est,
753 5086 997 5133 extremo
1026 5076 1398 5139 contubernio,
1430 5073 1808 5128 imbecilliores
1837 5082 2016 5127 autem
2046 5072 2097 5126 in

543 5170 745 5232 medio,
774 5169 1235 5238 quemadmodum
1267 5167 1643 5237 przediximus,
1677 5165 1958 5220 collocari.

612 5262 698 5316 74.
739 5261 1032 5333 Propterea
1075 5270 1256 5318 autem
1306 5260 1517 5330 antiqui
1570 5273 1637 5313 ex
1681 5258 1915 5314 sedecim
1960 5257 2093 5313 viris

2209 4528 2331 4583 καθ’
2377 4526 2611 4593 ἑκάστην
2641 4521 2803 4577 ἀκίαν
2833 4518 2944 4572 τῶν
2974 4517 3313 4581 σκουτάτων,
3340 4512 3476 4567 ἀλλὰ
3504 4513 3596 4565 καὶ
3630 4510 3772 4564 κατὰ

2208 4619 2457 4692 ἡλικίανο
2497 4617 2587 4670 ἳνα
2628 4614 2677 4667 οί
2710 4611 3037 4682 μακρότεροι
3075 4606 3384 4678 ἔμπροσθεν
3446 4605 3768 4673 τασσόμενοι

2207 4707 2602 4775 εὐτακτοτέραν
2628 4704 2726 4773 τὴν
2756 4698 3058 4772 παράταξιν
3099 4696 3477 4760 ἀποδείξωσιν.
3502 4693 3566 4747 Et
3598 4693 3655 4745 δὲ
3692 4693 3775 4762 μὴ

2208 4802 2424 4855 ἅπαντα
2471 4796 2609 4865 πρὸς
2640 4792 2856 4862 ἠλικίαν
2909 4790 3005 4843 καὶ
3027 4787 3275 4858 ἀνδρείαν
3310 4786 3547 4850 πάντως,
3584 4785 3661 4845 ὡς
3691 4784 3768 4835 εῖ-

2210 4908 2403 4962 πομεν,
2461 4887 2587 4947 τοὺς
2634 4881 3028 4952 εὐψυχοτέρους
3069 4879 3164 4931 καὶ
3200 4876 3604 4945 γενναιοτέρους
3640 4872 3771 4926 ἐκά-

2211 4960 2341 5049 στης
2369 4975 2530 5037 ἁκίας
2550 4973 2667 5025 δέον
2694 4972 2838 5023 ἐστὶν
2867 4966 3080 5029 είςτούς
3102 4964 3409 5034 ἔμπροσθεν
3438 4960 3775 5029 καὶρπισθεν

2209 5070 2408 5130 τόπους
2421 5054 2733 5118 τάσσέσθαν
2754 5059 2877 5121 τοὺς
2896 5057 2953 5111 δὲ
2975 5055 3394 5125 ὑποδεεστέρους
3423 5054 3500 5114 είς
3521 5052 3581 5104 τὺ
3606 5050 3770 5120 μέσον

2208 5160 2411 5223 αὐτῶν,
2446 5156 2567 5209 καθ’
2620 5153 2679 5205 δν
2708 5151 3013 5221 εἰρήκαμεν
3041 5146 3262 5218 τρόπον.

2268 5250 2359 5305 οδ’.
2392 5250 2557 5302 Ὥστε
2592 5241 2686 5299 οὖν
2713 5242 2801 5296 διὰ
2850 5240 3008 5295 τοῦτο
3055 5239 3151 5292 καὶ
3184 5239 3242 5303 ot,
3278 5238 3493 5309 ἀρχαῖοι
3542 5234 3650 5289 ἀπὸ
3686 5230 3762 5298 ις’

2050 5382 2281 5441 ΝΟΤΕ.

593 5486 727 5571 ,μοι
751 5485 1334 5556 Ἀρχισαγιττὰτωρα.
1401 5486 1774 5550 Scribebatur,
1810 5484 2099 5555 άρχισαγι-

544 5572 941 5692 τέῖῒῖἴἏκίαι
966 5623 1035 5677 δὲ
1063 5625 1339 5691 λέγονται
1375 5625 1446 5679 τὰ
1492 5623 1784 5692 λεγόμενα
1837 5640 2085 5676 κοντουο

548 5690 763 5761 ΐέρνια.
824 5694 943 5748 llaec
989 5690 1225 5763 agioSsa
1275 5708 1394 5749 esse
1448 5690 1665 5755 cens—co,
1706 5710 1880 5763 neque
1925 5694 2089 5753 Checi

2208 5501 2335 5556 item
2362 5499 2530 5567 codex
2572 5496 2836 5567 agnoscit.

2276 5551 2569 5637 (όὸλτοὺς
2605 5551 3266 5637 Ϊίοχαγῳγοιξςηβοιίίιεν
3299 5556 3425 5619 τοὺς
3459 5551 3771 5637 λοχαγούς.

2270 5631 2379 5710 (49)
2436 5631 2869 5706 Πρωτοσῐατῶν
2919 5631 3129 5697 Scribe,
3164 5631 3551 5701 πορωστατῶν.
