4100 6226
352 331 462 400 ’ΖΠ

1437 341 1772 403 TACTICA.
1811 366 1882 376 —
1917 340 2424 403 CONSTITUTIO
2461 343 2531 403 V.

3483 335 3595 402 ’118

346 432 562 515 ἀνδρῶν
591 445 773 510 πεζῶν
795 447 856 501 τὸ
877 447 1038 518 βάθος
1072 451 1178 503 τῶν
1205 452 1377 506 άκιῶν
1415 453 1536 522 ἦτοι
1564 453 1674 505 τῶν
1701 451 1926 522 όρδίνων

2039 453 2301 521 peditibus
2343 451 2756 507 contubernium
2803 451 2858 504 in
2907 449 3101 504 militia
3146 451 3597 524 designaverunt;

349 537 559 608 ὥρισαν
582 537 640 590 ιν
672 539 792 599 ταῖς
827 539 1048 606 μάχαις,
1073 541 1262 612 ἐπειδὴ
1295 543 1390 595 καὶ
1417 541 1478 594 τὸ
1507 541 1702 611 μέτρον
1723 541 1928 612 ἀρκοῦν

350 631 519 689 ἐστιν,
551 627 688 698 ὅπερ
729 620 1079 698 ὑπερϐαίνειν
1107 633 1170 685 οὐ
1193 631 1320 703 χρὴ,
1361 633 1458 686 καὶ
1479 635 1537 686 ὲν
1563 635 1684 694 ταῖς
1719 632 1929 702 χρείαις

351 718 630 781 εὐτάκτως
679 719 776 770 καὶ
834 721 1115 789 συντόμως
1146 721 1457 793 μερίζεται,
1482 723 1578 776 καὶ
1600 723 1927 776 λεπτύνεται

356 806 550 877 μέχρις
591 808 711 871 ὲνδς
764 809 977 876 ἀνδρός.
1019 811 1275 866 Τοσαῦτα
1306 813 1409 882 μὲν
1436 813 1531 866 οὖν
1553 814 1646 866 καὶ
1669 814 1798 883 περὶ
1828 813 1928 881 τῆς

350 895 448 949 τοῦ
507 897 739 966 στρατοῦ
797 898 1116 968 διαιρέσεὼς
1152 917 1212 952 τε
1247 903 1341 954 καὶ
1393 902 1804 967 καταστάσεως,
1835 905 1929 955 καὶ

352 983 463 1039 τῶν
485 984 578 1037 ἐπὶ
598 986 801 1039 τούτων
824 989 1178 1057 τεταγμένων
1209 990 1489 1061 ἀρχόντων
1519 991 1733 1062 μικρῶν
1752 1008 1811 1044 τε
1836 991 1942 1045 καὶ

357 1076 612 1146 μεγάλων
649 1077 1051 1148 διωρισάμεθα.

913 1171 1226 1225 ΔΙΑΤΑΞΙΣ
1279 1172 1356 1225 E'.

948 1261 1089 1329 Περὶ
1109 1261 1337 1317 ὅπλων.

427 1349 500 1405 α’.
557 1349 868 1421 Κελεύομεν
933 1353 1120 1420 μέντοι
1174 1353 1268 1406 νῦν
1311 1355 1376 1422 τῇ
1418 1345 1578 1422 ὑμῶν
1608 1352 1930 1422 ἐνδοξότητι,

355 1445 464 1497 τῶν
513 1446 591 1507 είς
657 1443 784 1507 τοὺς
863 1445 1137 1513 πολέμους
1203 1445 1584 1498 συντεινόντων
1632 1445 1813 1498 ὅπλων
1868 1461 1931 1498 τε

356 1535 453 1587 καὶ
502 1533 823 1587 άποσκευῶν
880 1533 1080 1606 πεζικῇ
1113 1552 1175 1588 τε
1203 1537 1298 1588 καὶ
1337 1535 1714 1605 καδαλλαρικῇ
1760 1552 1930 1606 στρα-

354 1627 448 1696 τιᾷ
502 1625 804 1696 φροντίσαι,
859 1626 1000 1680 ὥστε
1051 1626 1229 1680 ταῦτα
1274 1629 1552 1698 διαμένειν
1587 1629 1930 1694 ἀδιάλειπτα,

355 1717 450 1770 καὶ
507 1716 644 1786 πρὸς
702 1717 802 1787 τὴν
867 1720 1306 1788 κατεπείγουσαν
1363 1720 1441 1789 τῷ
1497 1720 1679 1791 καιρῷ
1737 1720 1932 1790 χρείαν

352 1810 464 1864 ῑτοι
472 1827 568 1880 μα.

425 1903 491 1973 β’.
531 1901 702 1955 Τοῦτο
727 1902 784 1955 δὲ
808 1903 1000 1967 ποιεῖν,
1022 1901 1084 1955 τὸ
1135 1903 1233 1972 μὲν
1271 1902 1360 1956 διὰ
1405 1902 1500 1956 σοῦ
1541 1901 1728 1966 αὑτοῦ,
1779 1904 1841 1957 τὸ
1873 1905 1930 1958 δὲ

351 1995 443 2048 διὰ
499 1994 609 2048 τῶν
641 1994 746 2047 ὑπὸ
792 1994 855 2046 σὲ
903 1995 1184 2066 ἀρχόντων
1253 1996 1464 2066 μικρῶν
1515 1998 1610 2049 καὶ
1655 1996 1928 2065 μεγάλων,

350 2088 434 2148 είς
481 2085 694 2139 ὅπλισιν
725 2086 822 2138 κα),
844 2085 1154 2156 ὑπηρεσίαν
1182 2086 1278 2140 τοῦ
1305 2086 1408 2140 ὑπὸ
1433 2085 1495 2139 τὸ
1525 2087 1618 2140 σὸν
1648 2086 1790 2155 θέμα
1825 2104 1932 2157 μα-

352 2180 408 2249 χί
414 2197 515 2250 μου
549 2179 803 2251 στρατοῦ.

423 2276 492 2338 γ’.
526 2265 653 2323 Οἷον
706 2269 934 2340 τοξάρια
974 2269 1112 2339 μετὰ
1173 2269 1451 2339 θηκαρίων
1485 2269 1688 2334 αὐτῶν,
1731 2271 1932 2340 σαγίτ-

351 2378 450 2425 τας
482 2360 619 2431 μετὰ
645 2359 982 2430 κουκούρων,
1023 2359 1227 2412 σπαθία
1277 2361 1615 2430 ἠκονημένα,
1647 2364 1741 2416 κα)⁸
1766 2380 1930 2416 σεσα-

357 2450 625 2520 μιωμὲνα,
683 2448 1007 2516 σκουτάρια,
1034 2450 1127 2502 καὶ
1153 2449 1316 2519 ἔτερα
1364 2449 1661 2521 σκουτάρια
1695 2451 1929 2521 μεγάλα,

354 2546 500 2616 ἃπερ
548 2546 800 2614 λέγονται
842 2544 1048 2616 Θυρεοὶ,
1072 2545 1238 2614 ἔτερα
1263 2544 1662 2615 σκουταρίσκια
1690 2547 1802 2600 τῶν
1837 2565 1934 2600 πε·-

355 2637 464 2702 ζῶν
513 2637 584 2690 τά
631 2653 760 2690 ποτε
807 2636 1073 2704 λεγόμενα
1126 2636 1366 2701 πέλται,
1452 2636 1618 2706 ἔτερα
1710 2640 1936 2691 σκουτά-

357 2746 450 2800 ρια
476 2729 670 2799 σιδηρᾶ
727 2726 1033 2798 στρογγύλα
1106 2728 1515 2796 σεσαμιωμένα,
1558 2729 1815 2799 κοντάρια
1851 2747 1936 2796 μι-

360 2818 474 2886 κρὰ
555 2816 863 2887 όκτάπηχα.
912 2811 1093 2868 Ἦσαν
1148 2813 1206 2868 δέ
1285 2830 1417 2867 ποτε
1485 2814 1779 2881 Ῥωμαίοις
1840 2817 1936 2867 καὶ

354 2907 632 2965 Μακεδόσι
657 2907 916 2977 κοντάρια
934 2907 1062 2975 ἄχρι
1084 2905 1274 2974 πηχῶν
1298 2902 1396 2968 ις’,
1417 2903 1560 2974 άπερ
1588 2906 1621 2974 ἠ
1650 2904 1746 2956 νῦν
1776 2904 1936 2974 χρεία

357 3002 460 3054 οὐκ
508 3001 747 3053 ἀπαιτεῖ.
782 2999 856 3051 Th
884 2997 994 3069 γὰρ
1046 2995 1186 3050 κατὰ
1234 2995 1334 3065 τὴν
1365 2995 1600 3064 ἑκάστην
1628 2993 1741 3046 τῶν
1771 3012 1936 3063 μετα-

357 3089 745 3164 χειριζομένων
799 3088 1028 3156 δύναμιν
1055 3087 1220 3140 ὅπλον
1243 3084 1557 3156 σύμμετρόν
1583 3101 1644 3136 τε
1670 3083 1765 3137 καὶ
1795 3085 1923 3154 χρή·
1948 3105 1990 3161 c

363 3200 549 3253 σιμον,
589 3182 852 3252 ῥιπτάρια
909 3180 1045 3249 (50),
1079 3177 1363 3246 τζικούρια
1393 3177 1488 3230 καὶ
1513 3175 1680 3246 ἕτερα
1710 3175 1923 3240 τζικού-

361 3289 452 3344 ρια
501 3271 839 3341 ἀμφίστομα,
889 3269 975 3335 ἐφ’
1027 3267 1145 3330 ἑνὸς
1205 3266 1407 3336 μέρους
1471 3265 1635 3318 οἱονεὶ
1680 3264 1926 3328 σπαθίον,

364 3360 509 3432 μετὰ
535 3361 644 3413 τῶν
675 3358 956 3429 θηρακίων
981 3355 1160 3409 αὐτῶν
1192 3355 1532 3425 δερματίνων
1567 3354 1662 3406 καὶ
1723 3353 1928 3424 βαστα-

355 3453 514 3520 ¹ινίων,
580 3451 911 3519 παραμήρια
932 3489 946 3509 ,

359 3558 513 3610 μους.

424 3631 466 3684 δ’
471 3671 486 3686 .
506 3629 752 3700 Λωρίκια
770 3624 988 3698 μέχρι[ς
1010 3623 1414 3696 ά]στραγάλων,
1438 3623 1814 3693 άνασυρόμενα
1845 3621 1934 3674 διὰ

354 3720 570 3792 λωρίων
624 3720 716 3772 καὶ
747 3716 1088 3788 κρικελλίων,
1125 3713 1263 3785 μετὰ
1295 3713 1402 3767 τῶν
1445 3712 1722 3782 Θηκαρίων
1756 3711 1934 3765 αὐτῶν

351 3810 714 3882 δερματίνων,
758 3810 851 3861 καὶ
893 3808 940 3860 εί
972 3805 1197 3860 δυνατὸν
1233 3803 1409 3857 πάντα
1439 3801 1744 3856 ἀλυσίδετα.
1779 3801 1841 3853 Εἰ
1878 3798 1934 3852 δὲ

361 3904 439 3974 μή
479 3919 566 3970 γε,
600 3900 722 3953 τινὰ
743 3898 920 3952 αὐτῶν
949 3898 1043 3950 καὶ
1070 3896 1156 3949 διὰ
1189 3893 1480 3964 κερατίνης
1511 3891 1699 3963 ὕληςῆ
1737 3890 1933 3960 βουεα-

353 3992 524 4047 λικῶν
569 3991 854 4060 δερμάτων
913 3986 1258 4054 καταξήρων,
1326 3981 1630 4052 ὲπιλωρικὰ
1716 3980 1928 4049 ἱμάτια,

358 4083 606 4138 κλιϐάνια
637 4080 852 4149 σιδηρᾶ,
883 4077 916 4148 ἢ
955 4079 1049 4130 καὶ
1091 4075 1148 4140 ἐξ
1180 4073 1376 4142 ἐτέρας
1410 4072 1562 4143 ὕλης,
1594 4071 1670 4134 ὡς
1699 4070 1934 4140 εἴρηται.

357 4173 618 4234 κασσίδας
646 4168 855 4232 τελείας
877 4184 892 4200 ο
936 4166 1259 4236 ποδόψελλα,
1313 4161 1632 4234 χειρόψελλα
1658 4160 1869 4230 σιδηρᾶ,
1899 4159 1934 4229 ἢ

358 4262 460 4316 καὶ
495 4261 554 4325 ἐξ
586 4259 778 4328 ἑτέρας
801 4258 956 4325 ὕλης,
983 4255 1071 4308 διὰ
1099 4256 1226 4318 τοὺς
1253 4252 1328 4324 μὴ
1352 4251 1573 4322 ἔχοντας
1604 4248 1939 4319 περιτραχή-

356 4353 446 4405 λια
477 4349 780 4410 άλυσίδετα,
807 4347 1026 4414 σιδηρᾶ,
1057 4343 1408 4412 ὲνδεδυμένα,
1433 4339 1634 4392 ἔσωθεν
1659 4338 1766 4392 ἀπὸ
1791 4337 1936 4407 ἐρίου

360 4441 452 4495 καὶ
478 4440 677 4508 ἔξωθεν
710 4437 879 4490 λίνου.
911 4434 1158 4504 Νευρικά
1186 4433 1254 4485 τά
1284 4430 1392 4486 ἀπὸ
1425 4427 1756 4482 κενδούκλων
1797 4427 1940 4494 γινό·
1970 4449 2018 4506 ι)

364 4549 528 4600 μενα,
579 4532 675 4585 καὶ
730 4527 871 4583 αὐτὰ
926 4526 1046 4580 ἀντὶ
1077 4522 1347 4594 λωρικίων
1391 4523 1504 4582 τοῖς
1539 4520 1612 4590 μὴ
1647 4519 1826 4589 ἔχουσι
1857 4536 1938 4572 σι-

359 4625 524 4694 δηρᾶ.
557 4620 869 4675 Κένδουκλα
901 4616 1108 4686 φαρδέα
1160 4614 1410 4668 ὲνδύοντα
1463 4612 1552 4664 τὸν
1603 4609 1940 4681 στρατιώτην

364 4714 502 4783 μετὰ
530 4712 637 4766 τῶν
671 4711 871 4764 ὅπλων.
910 4708 1226 4778 Σωληνάρια
1259 4703 1396 4774 μετὰ
1426 4701 1638 4772 μικρῶν
1671 4699 1942 4767 σαγιττῶν

363 4804 459 4857 καὶ
521 4799 836 4871 κουκοὺρων
888 4797 1065 4852 αὐτῶν
1117 4794 1447 4865 σφενδοσόλα
1473 4809 1486 4823 ·
1549 4791 1943 4858 σελλοπούγγια

371 4891 581 4961 μεγάλα
601 4907 616 4922 ο
661 4888 970 4960 πυρέκσολα
993 4887 1086 4940 καὶ
1117 4887 1286 4948 ὖσκας
1319 4884 1430 4954 (51)
1448 4896 1467 4913 ⁸
1492 4881 1774 4951 λωρόσοκα
1794 4897 1807 4909 ·
1851 4879 1949 4931 πέ-

362 4984 482 5038 διλα
528 4982 783 5054 σεληναῑα
817 4979 1013 5050 σιδηρᾶ
1053 4977 1191 5047 μετὰ
1223 4974 1472 5044 καρφίων
1507 4971 1687 5025 αὐτῶν
1711 4987 1726 5002 ο
1781 4969 1946 5038 ρινία,

367 5073 592 5127 σουσλία
631 5072 745 5143 (52)
775 5087 789 5100 ·
825 5066 1186 5140 προμετιῖνηια
1213 5065 1417 5126 ἵππων,
1453 5061 1722 5131 στηθάρια
1766 5059 1937 5110 ἵππιοι

2051 5064 2320 5122 equorum
2362 5056 2582 5117 pectora

1027 3444 1306 3516 μαχαίρας
1355 3445 1597 3514 μεγάλας
1673 3445 1928 3513 μονοστό‹
2019 3469 2024 3473 -

2029 543 2288 610 quoniam
2310 542 2398 596 hic
2423 555 2683 596 numerus
2709 549 2823 594 tum
2856 540 3084 596 idoneus
3114 548 3198 594 est
3223 555 3384 608 quem
3417 549 3598 596 trans-

2032 635 2110 686 ire
2145 645 2254 686 non
2286 640 2520 702 oportet,
2552 641 2664 685 tum
2693 631 2751 687 in
2783 631 2934 686 omni
2977 629 3200 685 militari
3227 645 3328 685 usu
3360 631 3519 687 facile
3545 640 3602 686 et

2031 721 2181 777 nullo
2213 723 2434 792 negotio
2457 721 2740 786 dividitur,
2778 731 2834 776 et
2873 730 3091 777 secatur
3125 736 3300 790 usque
3328 722 3394 775 ad
3429 736 3596 775 unum

2033 813 2235 871 virum.
2268 812 2447 882 Atque
2489 811 2605 866 haec
2647 811 2864 880 quidem
2914 811 2981 866 de
3024 811 3296 865 exercitus
3330 811 3600 866 divisione

2030 914 2083 958 et
2111 904 2523 968 constitutione,
2555 911 2610 958 et
2653 904 2720 958 de
2753 902 2981 956 ducibus
3026 900 3153 955 huic
3187 901 3452 969 praefectis
3485 909 3597 955 tum

2031 994 2358 1063 majoribus,
2388 1002 2500 1048 tum
2540 993 2862 1056 minoribus,
2895 1006 2926 1045 a
2955 989 3115 1047 nobis
3139 989 3286 1046 dicta
3327 991 3459 1046 sint.

2531 1159 2990 1220 CONSTITUTIO
3032 1159 3093 1214 ν.

2446 1254 2520 1308 De
2575 1262 2840 1322 apparatu
2890 1268 3184 1307 armorum.

2104 1349 2156 1402 l.
2184 1347 2504 1401 Mandamus
2536 1343 2785 1413 dignitati
2822 1352 2930 1397 tua}
2961 1353 3020 1396 ut
3042 1359 3260 1399 omnem
3280 1352 3598 1413 apparatum

2037 1439 2286 1493 bellicum
2333 1437 2402 1491 ad
2430 1435 2712 1506 pedestres
2739 1443 2792 1489 et
2834 1444 3114 1503 equestres
3141 1437 3328 1505 copias
3360 1443 3605 1504 spectau-

2037 1539 2142 1582 tem
2175 1540 2422 1593 accures,
2459 1535 2518 1580 ut
2566 1525 2774 1594 integra
2825 1523 3164 1593 minimeque
3218 1525 3427 1579 defecta
3471 1523 3600 1586 sint,

2035 1621 2129 1676 sed
2171 1620 2239 1674 ad
2273 1632 2490 1674 omnem
2525 1615 2987 1686 opportunitatem
3028 1632 3311 1686 usumqua:
3345 1615 3600 1672 bellicum

2038 1723 2249 1778 parata.
2853 1719 2856 1723 ’

2101 1877 2156 1931 2.
2221 1876 2338 1931 Hoc
2400 1882 2582 1930 autem
2655 1873 2852 1945 partim
2915 1887 3012 1942 per
3087 1873 3345 1943 teipsum,
3405 1874 3604 1942 partim

2034 1982 2129 2037 per
2172 1965 2456 2037 praefectos
2529 1973 2652 2018 tuos
2711 1973 2825 2017 tum
2890 1962 3156 2031 majores,
3191 1971 3305 2017 tum
3366 1962 3611 2017 minores
3669 2015 3672 2018 .

2033 2057 2254 2124 efficies,
2308 2057 2375 2112 ad
2407 2054 2647 2110 universi
2685 2055 2956 2109 exercitus
3018 2053 3113 2123 qui
3143 2054 3245 2109 sub
3275 2053 3481 2108 ditione
3516 2062 3606 2108 tua

2033 2157 2138 2214 est,
2162 2155 2495 2202 armaturam
2523 2155 2576 2200 et
2603 2145 3073 2214 praaparationem.

2101 2238 2156 2292 5.
2196 2239 2373 2291 Arcus
2405 2251 2530 2290 cum
2565 2233 2767 2303 corytis
2818 2233 2956 2297 suis,
2991 2233 3218 2302 sagittas
3267 2247 3390 2286 cum
3436 2246 3607 2287 cucu-

2036 2328 2134 2390 ris,
2193 2327 2416 2394 spathas
2487 2331 2705 2385 acutas,
2758 2329 2809 2375 et
2842 2321 3121 2375 samiatas.
3168 2320 3356 2381 Scuta,
3413 2333 3609 2386 nempe

2034 2425 2188 2474 scuta
2221 2414 2451 2480 majora,
2474 2426 2595 2480 quae.
2625 2408 2802 2464 thurei
2831 2407 3192 2476 appellantur,
3217 2416 3271 2462 et
3312 2413 3466 2460 scuta
3501 2401 3608 2458 mi-

2035 2521 2173 2563 nora
2209 2505 2471 2574 peditum,
2504 2516 2626 2570 qua:
2675 2499 2853 2568 peltae,
2893 2497 2948 2552 id
2990 2505 3098 2561 est,
3121 2506 3283 2552 cetrae
3309 2495 3604 2551 nominan-

2038 2611 2164 2664 tur;
2188 2607 2242 2652 et
2271 2604 2428 2652 scuta
2451 2593 2697 2663 quaedam
2722 2589 2868 2644 ferro
2895 2589 3128 2645 rotundo
3149 2589 3397 2658 signata;
3424 2587 3613 2642 hastas

2037 2704 2231 2760 parvas
2255 2695 2517 2757 praeterea
2551 2692 2675 2737 octo
2706 2681 3042 2736 cubitorum.
3075 2679 3245 2732 Erant
3289 2687 3469 2733 autem
3498 2677 3611 2730 Ro-

2038 2781 2216 2836 manis
2265 2786 2320 2833 et
2372 2772 2758 2832 Macedonibus
2803 2771 2974 2826 hastae
3017 2768 3254 2824 sedecim
3301 2767 3610 2822 cubitorum

2037 2870 2400 2942 longitudine,
2431 2880 2568 2936 quas
2617 2877 2765 2917 nunc
2809 2875 2940 2915 usus
2983 2868 3172 2914 noster
3215 2872 3324 2912 non
3359 2856 3608 2926 requirit,

2037 2962 2129 3017 sed
2159 2958 2369 3028 singula
2392 2957 2505 3024 jam
2535 2968 2632 3023 pro
2659 2951 2862 3006 utentis
2899 2949 3104 3002 viribus
3143 2961 3207 3001 ac
3241 2945 3438 2999 robore
3459 2957 3612 2998 arma

2037 3059 2161 3119 apta
2203 3057 2368 3116 atque
2409 3045 2610 3099 idonea.
2647 3042 2808 3104 ﬁunt,
2837 3039 3125 3102 rhictaria,
3165 3034 3392 3090 tzicuria
3423 3034 3614 3087 biden-

2037 3141 2134 3204 tia,
2166 3138 2336 3193 altera
2385 3150 2449 3190 ex
2500 3139 2650 3202 parte
2691 3129 2948 3186 habentia
2981 3127 3150 3181 aciem
3189 3125 3346 3192 quasi
3383 3122 3616 3193 spathae,

2037 3230 2205 3284 altera
2263 3241 2329 3282 ex
2388 3234 2544 3294 parte
2586 3221 2742 3290 quasi
2777 3220 2946 3273 basta:
2995 3215 3450 3284 cuspidem,cum
3479 3213 3599 3264 the~

2038 3321 2119 3376 cis
2142 3337 2208 3375 ex
2235 3318 2488 3389 pellibus,
2508 3325 2564 3372 et
2586 3311 2850 3382 bastagia,
2875 3306 3178 3373 femoralia,
3200 3305 3252 3361 id
3274 3314 3380 3370 est,
3401 3302 3621 3374 gladios

2040 3425 2270 3477 magnos
2304 3423 2468 3464 unam
2501 3405 2678 3462 solum
2707 3401 2881 3457 aciem
2919 3398 3206 3454 habentes.

2109 3600 2163 3652 4.
2193 3598 2408 3659 Lorica,
2437 3594 2489 3648 id
2519 3600 2621 3652 est,
2640 3588 2808 3659 galea:
2834 3597 3008 3654 usque
3037 3581 3104 3636 ad
3129 3579 3377 3650 jugulum
3413 3577 3614 3632 demis-

2040 3705 2115 3746 sae
2143 3688 2272 3743 loris
2296 3685 2367 3754 et|
2381 3683 2594 3739 annulis
2631 3694 2758 3735 cum
2787 3677 2964 3733 thccis
2990 3670 3252 3754 coriaceis
3289 3686 3304 3736 ;
3332 3677 3386 3723 et
3418 3667 3465 3722 si
3497 3665 3613 3722 fieri

2042 3789 2242 3853 potest,
2271 3776 2456 3833 omnia
2500 3773 2614 3830 sint
2646 3776 2896 3826 catenata
2934 3783 2950 3832 ;
2997 3765 3082 3820 sin
3119 3762 3321 3826 minus,
3365 3757 3614 3828 quaedam
3693 3774 3706 3790 ι

2039 3847 2108 3927 ex
2149 3870 2256 3925 illis
2289 3880 2490 3922 cornea
2523 3864 2705 3932 aliqua
2737 3857 2991 3919 materia,
3017 3855 3100 3908 vel
3139 3850 3364 3908 siccatis
3396 3847 3618 3904 bubalo—

2043 3975 2164 4014 rum
2192 3956 2425 4028 pellibus
2456 3951 2662 4023 junctis
2691 3966 2707 4012 ;
2744 3943 3116 4016 superloricas
3143 3950 3344 4004 vestes,
3385 3935 3617 4028 clibania

2043 4027 2354 4113 ferrea,,vel
2379 4061 2445 4100 ex
2475 4043 2577 4096 alia
2604 4039 2881 4110 quapiam,
2907 4045 2965 4088 ut
3001 4033 3206 4088 dictum
3234 4038 3340 4094 est,
3366 4027 3615 4082 materia.

2042 4141 2296 4198 Cassides
2327 4138 2588 4206 integras,
2615 4129 2888 4192 manicas,
2927 4139 3120 4181 ocreas
3157 4123 3383 4188 ferreas,
3424 4119 3508 4175 vel
3551 4134 3618 4174 ex

2045 4235 2150 4288 alia
2189 4229 2468 4302 quapiam,
2501 4234 2562 4279 ut
2589 4223 2797 4277 dictum
2827 4227 2934 4282 est,
2977 4216 3226 4276 materia,
3258 4220 3473 4281 propter
3500 4223 3617 4274 eos,

2045 4324 2140 4394 qui
2175 4300 2282 4377 non
2317 4319 2518 4374 habent
2539 4312 2766 4370 collaria
2797 4315 3048 4364 catenata
3078 4304 3274 4364 ferrea,
3305 4309 3443 4354 tecta
3472 4300 3618 4352 intus

2047 4389 2192 4477 lana,
2234 4411 2369 4466 foris
2415 4409 2564 4472 lino;
2617 4415 2814 4458 nervos
2853 4405 2908 4452 et
2948 4396 3064 4450 lora
3098 4407 3128 4446 a
3163 4389 3466 4448 cenduclis,
3498 4401 3618 4454 quae

2045 4515 2103 4562 et
2133 4475 2250 4574 ipsa
2289 4501 2397 4556 sint
2431 4497 2709 4566 galearum
2743 4490 2878 4553 vice,
2913 4486 2982 4541 iis
3013 4482 3107 4554 qui
3141 4481 3318 4536 ferrea
3356 4475 3616 4534 cenducla

2049 4566 2168 4653 nonI
2187 4595 2408 4649 habent.
2433 4587 2642 4644 Fardea
2680 4583 2872 4638 induat
2903 4577 3062 4633 miles
3090 4588 3216 4630 cum
3247 4569 3434 4634 armis,
3481 4566 3618 4621 sole-

2049 4690 2201 4745 naria
2236 4701 2358 4742 cum
2392 4680 2574 4752 parvis
2599 4675 2832 4746 sagittis,
2868 4680 2922 4726 et
2949 4666 3169 4724 cucuris
3189 4663 3324 4734 ipsis
3354 4678 3369 4727 ;
3404 4658 3621 4752 luridas,

2050 4750 2641 4848 sellopungiaﬁmagna,
2672 4762 2982 4836 pyrecbola,
3013 4759 3064 4814 id
3094 4765 3197 4820 est,
3229 4750 3618 4848 ignem-jacen-

2047 4873 2146 4934 tia,
2181 4844 2344 4932 iscas,
2376 4866 2681 4923 lorosacca,
2720 4857 2915 4928 pedila,
2950 4854 3002 4908 id
3031 4859 3136 4916 est,
3164 4848 3374 4904 calceos
3407 4844 3624 4934 lunatos

2049 4933 2258 5018 ferreos
2285 4974 2409 5014 cum
2435 4953 2569 5026 ipsis
2591 4950 2859 5020 carphiis;
2887 4944 3088 5008 rhinia,
3117 4938 3321 5009 suglia,
3345 4933 3620 5026 frontalia,

2587 5043 2660 5098 lia
2690 5041 2890 5100 ferrea,
2919 5035 3006 5090 vel
3045 5047 3075 5086 a
3121 5027 3400 5086 cenduclis
3432 5024 3570 5080 facta
3605 5061 3619 5087 ,

362 5164 398 5234 ἢ
453 5127 677 5234 σιδηρά,
727 5127 844 5215 ’ἀπὸ
871 5127 1246 5213 ’κενδούκωνο
1311 5127 1711 5224 περιτραχήλια
1771 5147 1937 5202 ἶππωη

2053 5152 2108 5198 et
2129 5153 2399 5211 equorum
2433 5133 2657 5192 collaria
2684 5127 2954 5186 similiter.

363 5252 586 5320 ὁμοίως.

1912 5325 2141 5384 NOTAE.

439 5438 554 5506 (50)
597 5435 1008 5506 'qurdpm..ln
1061 5433 1252 5506 codice
1301 5427 1731 5506 Checinvidetur
1781 5425 1950 5505 fuisse

369 5495 648 5632 eiusdem.
682 5495 1090 5575 δοιΓριπτάρια
1119 5503 1313 5558 melius
1332 5497 1591 5574 cst..Vide
1615 5495 1947 5549 Glossarium

426 5581 622 5632 taaltu.
661 5583 718 5629 et
747 5582 1020 5629 nostr-um.
1865 5631 1871 5632 ί

424 5577 622 5646 igaltii,
661 5583 718 5629 et
732 5582 1020 5646 nostr-um.

439 5631 555 5714 (51)
587 5631 957 5714 Πυρέκϐολα,
981 5640 1078 5694 καί
1100 5639 1313 5714 ῦσξιας.
1340 5631 1938 5714 βορὺιεὶξοιυγκπαρέκκι

372 5699 651 5778 ϐολα,’κα“ι
671 5699 888 5774 ῐσακας.
921 5699 1309 5778 Constantinus
1343 5707 1395 5778 in
1424 5703 1644 5778 Tactici}
1673 5718 1690 5754 :
1723 5699 1920 5778 Σιρενδο

371 5769 525 5840 Mla.
562 5782 793 5855 μεγάλα,
846 5769 1174 5852 πυρέκϐολα,
1225 5777 1317 5831 καὶ
1373 5775 1552 5828 ΰσκαι.
1603 5769 1721 5825 lam
1780 5769 1942 5836 ὖσκα,

2053 5431 2136 5476 est
2165 5421 2361 5482 fomes,
2381 5407 2752 5482 ignitabulum.
2792 5399 2990 5456 Suidas
3019 5416 3031 5452 :
3067 5397 3230 5461 ὓσκα,
3260 5394 3507 5465 ὀψάριον,
3527 5386 3626 5444 καὶ

2241 5489 2296 5539 ὲν
2328 5478 2373 5552 ἆ)
2398 5474 2629 5558 ἆὲῖὲται
2809 5539 2918 5558 ιεΑ,
2951 5536 3110 5558 nl---:
3177 5533 3390 5558 -.:.l-a....
3449 5530 3521 5558 tu:

2125 5530 2290 5628 te)"
2311 5530 2591 5628 iam
2652 5545 2707 5598 ιη
2729 5530 3110 5628 pars???
3135 5530 3620 5628 31939253232

2052 5599 2382 5695 σουγλία,ῖξί
2400 5599 2729 5686 sicrsemper
2763 5609 3026 5668 scribitur
3059 5607 3112 5660 in
3135 5602 3348 5659 Glossis
3397 5599 3618 5656 Graeco-

2050 5695 2323 5754 barbaris.
