4080 6218
532 337 639 405 719

1753 332 2025 392 LEONIS
2061 331 2520 391 PHILOSOPHI

3647 338 3754 400 720

601 450 657 504 5.
698 445 941 503 Flamula
994 456 1207 508 magna,
1243 447 1295 493 et
1327 439 1543 492 llamula
1577 452 1740 508 parva
1787 440 2085 500 hastarum,

2260 436 2321 491 ε’.
2368 438 2653 506 ψλάμουλα
2699 439 2932 506 μεγάλα,
2973 437 3372 506 φλαμουλίεκια
3409 439 3519 491 τῶν
3559 458 3756 496 κοντα-

531 539 708 593 banda
753 535 902 588 varie
947 535 1130 590 tincta,
1167 528 1362 582 cucina
1408 541 1593 596 parva,
1641 527 1808 581 falces
1839 541 2084 595 magnas,

532 642 750 682 secures
772 665 786 685 .
832 622 1062 690 phalcia,
1099 619 1380 686 bipennes,
1407 617 1607 681 ascias,
1633 618 1864 672 tribulas
1899 616 2088 672 fasciis

531 714 849 784 quibusdam
880 709 1150 773 astrictas,
1184 723 1305 776 qua
1331 707 1500 762 clavis
1525 706 1850 777 quibusdam
1887 722 2088 778 appen-

531 807 746 858 dantur.

597 894 649 946 6.
680 891 880 945 Carros
912 891 1074 956 leves,
1107 900 1272 959 atque
1325 891 1388 943 ad
1446 906 1662 944 oinnem
1714 892 2086 946 necessarium

528 999 687 1036 usum
748 991 802 1035 et
852 989 1215 1035 commeatum
1245 981 1546 1050 expeditos,
1577 983 1642 1034 ad
1674 984 1854 1036 omnia
1895 998 2088 1051 nempe

526 1087 713 1140 opera.
749 1071 814 1124 ad
848 1071 1019 1124 molas
1048 1073 1381 1134 manuarias,
1436 1073 1647 1140 prionia
1688 1089 1905 1142 orygas,
1949 1073 2086 1126 mal-

525 1161 659 1224 leos,
696 1161 931 1230 ptyaria,
966 1160 1252 1226 cophinos,
1285 1162 1484 1226 cilicia,
1509 1172 1562 1214 et
1595 1162 1639 1214 si
1686 1162 1814 1230 quid
1845 1163 1989 1215 aliud
2017 1163 2082 1216 ad

525 1249 714 1305 fossati
745 1265 838 1304 seu
882 1260 1187 1306 castrorum
1229 1261 1504 1305 externam
1550 1253 1876 1316 cusuodiam,
1922 1260 1975 1306 et
2021 1253 2085 1305 ad

525 1340 790 1394 ambitum
821 1340 1257 1394 conservandum
1288 1341 1466 1394 leviori
1499 1342 1677 1409 aliqua
1706 1341 1928 1395 materia
1957 1355 2088 1394 con-

527 1430 724 1484 fectum
753 1445 783 1483 a
813 1430 948 1485 duce
974 1431 1271 1499 excogitari
1300 1441 1496 1499 potest.

597 1522 649 1573 7.
681 1519 831 1573 Alios
859 1535 1057 1575 currus
1101 1521 1360 1575 habentes
1393 1523 1723 1587 sagittarios,
1767 1521 2085 1591 manganica

525 1609 753 1664 alacatia
795 1611 1050 1679 utrinque
1078 1626 1362 1674 conversa,
1397 1612 1702 1666 balistarios
1723 1613 1925 1681 peritos
1947 1626 2086 1681 quos

524 1701 870 1767 maganarios
917 1699 1225 1768 appellant,
1277 1701 1595 1764 calatores,
1637 1700 1820 1754 fabros
1865 1701 2086 1754 aerarios

525 1805 649 1844 cum
685 1791 912 1846 oﬂicinis
937 1792 1052 1844 suis
1081 1807 1095 1855 ;
1125 1791 1261 1846 alios
1290 1806 1483 1844 currus
1522 1794 1842 1844 armamenli
1876 1792 2086 1860 plenos,

525 1881 663 1935 alios
688 1895 881 1935 currus
903 1890 1265 1934 commeatum
1297 1881 1551 1943 ferentes,
1581 1891 1634 1934 et
1658 1881 1797 1935 alios
1831 1890 2088 1950 przeterea

525 1970 830 2039 superﬂuos
853 1985 1050 2023 currus
1077 1977 1208 2038 quot
1233 1985 1370 2039 Opus
1400 1980 1483 2024 est
1513 1988 1531 2034 ;
1555 1971 1798 2039 iumenta
1832 1983 2088 2038 praeterea

526 2059 818 2126 sagmaria,
858 2057 910 2111 id
959 2065 1060 2118 est.
1097 2057 1412 2121 sarcinaria,
1457 2066 1510 2111 et
1542 2074 1712 2127 equos
1742 2059 2045 2128 sagmarius
2071 2098 2086 2122 ,

525 2158 580 2202 et
631 2149 732 2202 alia
761 2150 1122 2204 instrumenta
1176 2149 1242 2203 iis
1277 2149 1498 2209 similia.
1548 2165 1668 2218 qua:
1707 2149 1994 2214 fossatum,
2037 2151 2088 2204 id

527 2246 610 2292 est
637 2247 842 2304 castra,
875 2239 940 2292 ad
984 2235 1141 2294 υειηιι
1187 2254 1347 2293 suum
1381 2241 1629 2305 requirit.

594 2416 648 2470 8.
704 2417 786 2470 Ad
847 2417 1160 2471 obsidiones
1227 2418 1550 2486 manganica
1623 2419 1838 2474 diversa
1891 2419 2091 2474 habere

526 2516 760 2575 Oportet.
778 2517 834 2562 et
853 2509 1028 2562 scalas
1054 2509 1258 2576 ligneas
1276 2517 1603 2570 contractas.
1627 2520 1679 2563 et
1696 2511 1828 2565 alias
1849 2513 2089 2580 pernm!-

524 2604 610 2652 tas
639 2599 1070 2651 machinationes
1093 2614 1442 2667 quascunque
1469 2602 1775 2668 excogitare
1803 2603 2000 2669 possis.

595 2685 649 2738 9.
681 2686 762 2739 Ad
795 2685 988 2740 ﬂuvios
1029 2697 1084 2739 et
1123 2687 1272 2740 lacus
1315 2688 1612 2749 naviculas,
1653 2689 1703 2739 id
1744 2697 1846 2751 est,
1881 2689 2089 2758 navigia

524 2790 712 2844 parva,
745 2776 828 2828 vel
870 2791 936 2828 ex
967 2776 1130 2829 coriis
1160 2776 1427 2840 confecta,
1457 2779 1542 2830 vel
1595 2787 1803 2832 naturae
1859 2779 1909 2832 vi
1957 2795 2093 2846 qua-

527 2866 651 2919 dam
676 2864 956 2919 fabricata.
985 2864 1325 2934 Excogitabis
1350 2866 1509 2919 etiam
1534 2883 1596 2919 ac
1625 2868 1952 2935 praeparabis
1974 2877 2092 2922 ten-

526 2965 612 3010 tas
643 2966 696 3010 et
726 2957 949 3025 ategias,
977 2957 1026 3008 id
1049 2967 1151 3019 est,
1177 2957 1544 3025 integumenta
1579 2974 1703 3010 cum
1727 2975 1827 3012 suo
1849 2959 2087 3028 ipsorum

2193 529 2342 597 ρίων,
2373 528 2543 596 βάνδα
2574 527 2844 596 διαφόρως
2879 526 3213 595 βεϐαμμένα,
3248 526 3475 593 γούκινα
3519 529 3632 598 (55)
3663 550 3756 600 μι-

2187 621 2296 690 κρά
2337 619 2430 670 καὶ
2470 618 2703 686 μεγάλα,
2733 618 2996 686 δρέπανα,
3038 618 3242 682 ἀξίνας,
3285 618 3562 685 φαλκίδια,
3600 625 3758 676 πελέ.

2187 729 2303 774 κια,
2341 711 2642 776 σκέπαρνα,
2671 709 2948 779 τριϐόλους
2998 709 3388 779 ἀναδεδεμένας
3421 713 3756 785 σφηκὼμασι

2186 801 2485 870 δεδεμένοις
2515 801 2596 862 εἰς
2630 800 2792 869 ἥλους
2815 799 3074 861 τελείους.

2260 888 2335 954 ς·’.
2385 889 2628 959 Ἀμάξας
2700 890 2976 950 εὐσταλεῖς
3033 888 3305 957 φερούσας
3369 893 3604 962 ἑτοίμως
3656 896 3759 964 τὴν

2188 981 2491 1048 ἀναγκαίαν
2517 981 2594 1041 είς
2615 979 2803 1049 χρείαν
2824 979 3153 1047 ἀποσκευὴν.
3182 975 3292 1032 οἷον
3315 982 3384 1034 τά
3405 1000 3462 1034 τε
3491 986 3758 1054 εἰρημένα

2186 1071 2351 1141 ἔργα⁹
2387 1072 2481 1123 καὶ
2510 1070 2827 1140 χειρόμυλα,
2862 1071 2958 1122 καὶ
2986 1071 3221 1138 πριόνια,
3279 1072 3376 1124 καὶ
3411 1073 3628 1142 ὀρύγια,
3660 1079 3760 1129 καὶ

2189 1160 2423 1229 σφύρας,
2460 1160 2718 1228 πτυάρια.
2752 1158 3027 1225 κοφίνους,
3059 1158 3289 1220 κιλίκια,
3320 1163 3414 1212 καὶ
3446 1164 3499 1213 ετ
3525 1180 3577 1214 τι
3628 1165 3759 1218 ἄλλο

2186 1250 2323 1319 πρὸς
2374 1248 2640 1316 φοσσάτου
2685 1245 2881 1309 ἔξωθεν
2910 1245 3154 1315 φυλακὴν
3194 1248 3285 1298 καὶ
3319 1248 3610 1319 περιὸολὴν
3636 1253 3760 1303 ὲπιο

2187 1339 2347 1407 νοηοῇ
2384 1337 2459 1406 τῷ
2497 1335 2785 1404 στρατηγῷ
2818 1335 2883 1386 δι’
2916 1335 3279 1405 ἐλαφροτέρας
3321 1335 3451 1405 ῦλης
3500 1356 3756 1410 μεμηχα-

2187 1448 2251 1500 νη
2260 1430 2436 1497 μένον.

2257 1518 2323 1581 εἶ’-
2363 1518 2588 1587 Ἐτέρας
2612 1517 2826 1586 ἀμάξας
2857 1517 3085 1587 ἐχούσας
3111 1515 3581 1588 τοξοόαλλίστρας,
3615 1538 3759 1589 ματ-

2187 1611 2387 1679 γανικὰ
2411 1610 2680 1663 ἀλακάτια
2709 1609 3052 1678 ἑκατέρωθεν
3077 1611 3440 1678 στρεφόμενα,
3463 1611 3760 1679 βαλλιστα-

2191 1702 2339 1771 ρίους
2381 1700 2675 1769 ἐμπείρους
2727 1701 2845 1768 ἢτοι
2892 1700 3318 1768 μαγγαναρίους,
3366 1701 3759 1770 λεπτουργοῦς,

2189 1792 2408 1860 χαλκεῖς
2438 1790 2575 1859 μετά
2600 1789 2706 1841 τῶν
2727 1788 3022 1857 ἐργαλείων
3056 1789 3234 1840 αὐτῶν
3253 1829 3267 1853 ,
3309 1791 3502 1857 ἐτέρας
3540 1792 3763 1860 ἀμάξας

2189 1881 2348 1948 λόγου
2395 1880 2766 1949 ἀρμαμέντου,
2833 1880 3024 1948 ἑτέρας
3069 1881 3286 1948 ἀμάξας
3341 1882 3438 1943 τὰς
3485 1883 3762 1951 φερούσας

2188 1969 2515 2038 διαστροφάς
2544 1967 2678 2035 (54).
2713 1966 2824 2019 Καὶ
2853 1967 2922 2017 τὰ
2951 1969 3015 2017 ὲκ
3051 1966 3310 2036 περισσοῦ
3341 1968 3562 2037 ἀρματα
3592 1971 3695 2022 ὅσα
3730 1974 3763 2040 ἡ

2188 2059 2347 2129 χρεία
2381 2058 2555 2122 καλεῖ,
2595 2058 2690 2110 καὶ
2737 2057 2850 2109 ἐστι
2883 2056 3171 2122 ὑποζύγια,
3203 2058 3296 2109 καὶ
3317 2058 3514 2120 ἵππους
3542 2065 3770 2129 σαγμά-

2193 2167 2327 2219 ρια,
2382 2149 2747 2215 σκευοφόρια,
2808 2147 2900 2199 κοιλ⁵
2955 2147 3096 2199 αὑτά
3157 2147 3214 2199 δὲ
3267 2148 3337 2199 τὰ
3397 2148 3532 2201 ἄλλα
3580 2153 3768 2204 πάντα.

2190 2241 2417 2310 ὄργανα,
2449 2239 2551 2292 ὅσα
2579 2242 2616 2309 ἡ
2659 2238 2914 2308 συνήθεια
2943 2237 3039 2292 τοῦ
3079 2239 3346 2307 φοσσάτου
3391 2243 3766 2311 παρακελεύε-

2189 2348 2302 2382 ται.

2261 2420 2330 2488 η’.
2368 2421 2511 2489 Πρὸς
2560 2420 2615 2472 δὲ
2663 2418 2977 2488 πολιορκίας
3021 2416 3117 2470 καὶ
3151 2419 3463 2486 μαγγανικὰ
3499 2420 3764 2489 διάφορα,

2189 2512 2284 2565 καὶ
2319 2511 2524 2572 σκάλας
2554 2509 2767 2573 ξυλίνας
2796 2507 3242 2577 συστελλόμενας,
3271 2511 3365 2561 καὶ
3391 2511 3556 2580 ἕτερα
3581 2529 3766 2582 μηχα-

2190 2603 2317 2655 νικὰ
2343 2602 2552 2671 ὄργανα
2581 2601 2904 2669 ἐπινοήσεις.

2264 2690 2326 2744 6⁸.
2370 2693 2432 2744 El
2467 2690 2524 2742 δὲ
2554 2691 2687 2760 πρὸς
2724 2690 2999 2758 ποταμοὺς
3029 2689 3063 2758 ἦ
3106 2687 3321 2758 λίμνας,
3353 2690 3449 2742 καὶ
3478 2689 3762 2756 ναυκέλια⁹

2190 2782 2356 2850 ἤγουν
2385 2781 2546 2832 πλοῖα
2576 2779 2769 2848 μικρὰ,
2797 2779 2831 2846 ἢ
2858 2779 2965 2832 ἀπὸ
3001 2778 3213 2848 βυρσῶν
3245 2780 3760 2848 κατασκευασμένα,

2191 2872 2224 2940 ἢ
2253 2871 2396 2924 κατὰ
2421 2870 2602 2937 φύσιν.
2630 2869 2940 2939 Φροντίσεις
2975 2868 3032 2920 δὲ
3075 2869 3171 2922 καὶΙ
3198 2869 3507 2938 ἑτοιμάσεις
3535 2871 3628 2922 καὶ
3658 2870 3760 2934 τάς

2191 2961 2488 3029 λεγομένας
2527 2959 2714 3022 τένδας
2750 2959 2845 3012 καὶ⁵
2887 2958 3138 3025 άτεγείας
3171 2958 3315 3028 (55),
3351 2959 3489 3028 μετά
3521 2960 3618 3028 τῆς
3655 2962 3761 3014 αὑ-

527 3055 817 3114 apparatu,
843 3046 1036 3114 quibus
1074 3047 1374 3114 pluviarum
1408 3058 1461 3100 et
1491 3059 1721 3102 aestuum
1760 3049 1865 3102 vim
1915 3052 2090 3119 possis

2192 3051 2297 3102 τῶν
2329 3049 2673 3113 ὲξοπλίσεως,
2693 3051 2749 3101 ὲν
2779 3043 2866 3112 αἷς
2897 3050 2992 3101 καὶ
3019 3047 3188 3102 ὑετῶν
3205 3048 3299 3102 καὶ
3324 3050 3639 3119 καυμάτων,
3669 3053 3764 3105 ὅτε

526 3135 814 3204 depellere.

600 3225 687 3278 10.
724 3225 816 3280 Rei
853 3227 1060 3281 navalis
1091 3229 1404 3296 praelectum
1440 3238 1650 3297 oportet
1683 3245 1846 3284 naves
1873 3245 2087 3299 parare,

525 3314 720 3380 partim
755 3314 1079 3378 bellatrices,
1103 3317 1298 3384 partim
1339 3331 1603 3386 equorum
1627 3319 1913 3384 vectrices,
1965 3335 2092 3386 par-

529 3403 625 3456 tim
662 3406 1011 3469 sarcinarias,
1045 3407 1111 3459 ad
1145 3409 1326 3460 omnia
1361 3424 1512 3462 arma
1548 3409 1734 3465 bellica
1772 3423 1825 3465 et
1875 3427 2091 3466 omnem

526 3505 842 3562 apparatum
875 3497 1152 3548 nauticum
1195 3499 1517 3552 vehendum.

599 3673 686 3728 Η.
713 3674 848 3728 Cum
884 3674 972 3729 hic
994 3683 1286 3743 apparatus
1309 3677 1509 3742 omnis,
1533 3678 1628 3745 qui
1655 3679 1908 3746 superius
1937 3693 1966 3731 a
2008 3695 2093 3733 me

528 3775 863 3819 memoratus
894 3775 996 3828 est,
1034 3767 1226 3834 partim
1263 3767 1360 3821 abs
1390 3777 1442 3821 te
1472 3768 1612 3836 ipso,
1646 3769 1841 3836 partim
1878 3770 1947 3823 ab
1970 3770 2092 3825 aliis

527 3854 632 3908 sub
665 3863 762 3907 tuo
788 3855 1067 3908 dominatu
1113 3856 1382 3923 prasfectis
1435 3858 1810 3926 suppeditatus
1872 3870 1927 3913 et
1968 3858 2090 3914 sul”.

527 3944 702 3998 fectus
743 3945 835 4008 sit,
879 3959 1029 3998 arma
1083 3947 1278 4014 partim
1333 3947 1398 4000 ad
1452 3949 1844 4016 propulsandos
1889 3951 2090 4014 hostes,

525 4033 722 4102 partim
741 4035 805 4088 ad
830 4035 1197 4103 proeliantium
1221 4036 1453 4090 militum
1477 4037 1868 4100 defensionem,
1897 4040 2092 4107 partim

527 4123 760 4177 aliarum
802 4139 984 4177 rerum
1017 4140 1174 4179 usum
1215 4134 1378 4193 atque
1417 4128 1825 4195 occupationem
1853 4129 2091 4196 paranda

597 4306 687 4362 12.
719 4305 952 4363 Maxime
994 4318 1173 4363 autem
1205 4323 1482 4362 armorum
1527 4308 1854 4364 bellicorum
1904 4323 2091 4364 curam

2196 3141 2378 3209 χρεία,
2410 3139 2550 3202 ἕξεις
2583 3138 2915 3208 ἐλευθερίαν.

2264 3230 2318 3284 ι’.
2357 3231 2479 3290 Τοῖς
2522 3230 2578 3282 δὲ
2617 3229 2914 3297 ναυμάχοις
2943 3233 3266 3300 στρατηγοῖς
3294 3231 3390 3284 καὶ
3422 3231 3555 3294 ναῦς
3585 3250 3766 3302 παρα-

2193 3317 2481 3380 σκευάζειν
2518 3317 2946 3384 ὲξωπλισμένας,
2978 3319 3077 3381 τάς
3112 3319 3209 3387 μὲν
3245 3321 3537 3389 μαχίμους,
3572 3321 3669 3383 τὰς
3704 3322 3764 3374 δὲ

2196 3407 2572 3472 ἱππαγωγοὺς,
2608 3405 2704 3466 τὰς
2742 3405 2798 3456 δὲ
2835 3406 3216 3476 σκευοφόρους,
3263 3409 3378 3476 ἆμα
3413 3411 3475 3477 τῇ
3504 3410 3633 3479 περὶ
3661 3410 3762 3462 αὑ-

2192 3499 2290 3560 τὰς
2314 3497 2499 3567 ἁπάσῃ
2529 3494 2777 3565 χρειώδει
2794 3496 3063 3564 πανοπλίᾳ
3090 3497 3182 3548 καὶ
3206 3498 3481 3567 ἀποσκευῇ
3515 3516 3765 3568 παρακε-

2193 3587 2480 3656 λευόμεοα.

2269 3671 2357 3726 ια’.
2397 3674 2518 3725 Τῶν
2540 3673 2596 3725 δὲ
2619 3674 3088 3744 ἀπαριθμημένων
3120 3693 3200 3730 σοι
3231 3679 3595 3747 παρασκευῶν
3625 3679 3766 3733 ἀνω-

2194 3762 2251 3814 τέ
2263 3780 2339 3832 ρω
2365 3763 2471 3814 τῶν
2497 3764 2589 3816 καὶ
2615 3762 2942 3830 ὀφειλουσῶν
2969 3765 3134 3817 τινῶν
3162 3766 3261 3834 μὲν
3291 3768 3440 3836 παρᾶ
3465 3769 3581 3833 σοῦ,
3603 3769 3767 3820 τινῶν

2194 3857 2250 3908 δὲ
2280 3855 2430 3924 παρά
2453 3854 2562 3907 τῶν
2587 3854 2691 3907 ὑπὸ
2720 3855 2779 3906 σὲ
2811 3856 3087 3925 ἀρχόντων
3110 3858 3202 3909 καὶ
3232 3859 3580 3926 στρατιωτῶν
3612 3863 3762 3932 πορίο

2197 3943 2402 4009 ζεσθαι,
2457 3944 2526 3995 τά
2568 3943 2668 4012 μὲν
2719 3943 2858 3996 ὅπλα
2908 3943 3049 4008 ἕξεις
3088 3947 3165 4005 είς
3203 3945 3417 4014 ἄμυναν
3465 3948 3571 3999 τῶν
3607 3950 3765 4002 πολε-

2199 4034 2356 4101 μίων,
2411 4032 2480 4085 τὰ
2517 4031 2576 4083 δὲ
2628 4034 2707 4094 είς
2765 4032 3009 4102 φυλακὴν
3055 4033 3162 4087 τῶν
3207 4035 3528 4105 μαχομένων
3595 4055 3763 4106 στρα-

2194 4121 2428 4183 τιωτῶν,
2476 4122 2547 4174 τὰ
2587 4121 2643 4174 δὲ
2697 4123 2774 4185 εἰς
2827 4123 2928 4192 τὴν
2979 4123 3144 4193 ἄλλην
3205 4126 3393 4193 χρείαν
3433 4126 3613 4181 αὐτῶν
3671 4132 3768 4182 καὶ

2197 4210 2528 4279 ὑπηρεσίαν.

2271 4298 2358 4370 ιβ’.
2399 4301 2508 4354 Καὶ
2540 4300 2771 4369 μάλιστα
2800 4301 2910 4354 τῶν
2953 4301 3261 4372 πολεμικῶν
3289 4303 3472 4356 ὃπλων
3496 4306 3767 4377 ἐπιμελή-

525 4410 700 4464 geres,
732 4405 792 4450 ut
831 4397 1108 4466 splendida
1155 4409 1209 4453 et
1249 4408 1405 4452 acuta
1437 4398 1502 4452 ad
1548 4399 1730 4453 hostes
1771 4400 2090 4468 perterrefa-

2202 4412 2292 4467 σῃ,
2323 4395 2398 4458 ὡς
2427 4394 2494 4448 ἂν
2517 4395 2987 4462 διαφυλάττωνται
3023 4396 3258 4449 πάντοτε
3286 4396 3513 4468 λαμπρὰ
3545 4400 3638 4452 καὶ
3677 4417 3769 4452 τε-

526 4485 755 4541 ciendos
784 4501 1202 4544 conserventur.
1249 4489 1373 4545 Haec
1402 4490 1583 4543 omnia
1627 4490 1915 4561 diligenter
1957 4507 2096 4561 pra:-

527 4577 767 4644 parabis,
801 4590 859 4632 ut
903 4577 955 4631 in
993 4590 1244 4648 promptu
1275 4594 1396 4633 esse
1432 4581 1645 4648 possint
1683 4583 1748 4633 ad
1783 4597 1941 4635 usum
1972 4582 2095 4636 belli

526 4667 615 4732 iis,
662 4668 758 4736 qui
795 4683 858 4723 se
909 4683 1008 4736 pro
1039 4670 1238 4722 virtute
1272 4681 1486 4722 armant
1518 4681 1710 4724 contra
1757 4673 1938 4726 hostes
1984 4691 1998 4736 ;
2043 4686 2097 4726 et

527 4773 866 4827 nequaquam
891 4759 1020 4813 illud
1047 4768 1281 4827 tempus,
1302 4760 1354 4812 in
1382 4776 1492 4828 quo
1517 4763 1663 4815 acies
1688 4762 1882 4815 instrui
1915 4763 2095 4823 debet,

526 4859 740 4917 tempus
792 4850 1269 4918 prmparandorum
1325 4866 1602 4903 armorum
1640 4851 1827 4906 facias.
1883 4851 2005 4906 Haec
2044 4863 2099 4905 et

526 4938 571 4991 si
599 4954 705 5008 qua
746 4940 850 4993 alia
877 4956 907 4994 τι
932 4941 1086 4994 nobis
1115 4949 1337 5008 propter
1374 4941 1701 4994 oblivionem
1734 4942 2095 5009 pratermissa

527 5040 676 5095 sunt,
721 5031 1032 5086 necessario
1062 5031 1234 5084 debes
1273 5046 1578 5099 pra'parare
1607 5047 1623 5096 ;
1659 5032 1703 5085 si
1737 5047 1863 5085 vero
1893 5033 2096 5100 aliquid

525 5122 838 5191 excogitare
888 5121 1097 5191 possis,
1151 5119 1261 5176 Deo
1299 5121 1488 5190 gratiae
1519 5121 1742 5192 agendae
1777 5131 1831 5176 et
1863 5123 2098 5176 solertia:

529 5220 636 5266 ιυω
659 5220 808 5266 ευηι.

607 5303 696 5360 l3.
740 5304 882 5358 Ante
921 5305 1105 5359 omnia
1145 5316 1328 5360 autem
1377 5303 1467 5358 Dei
1503 5303 1776 5370 timorem,
1815 5305 2090 5375 ingenium

2199 4485 2449 4555 ταγμένα
2480 4485 2615 4554 πρὸς
2667 4485 3008 4555 κατάπληξιν
3061 4473 3170 4538 τῶν
3223 4486 3516 4556 πολεμίων.
3580 4488 3771 4542 Ταῦτα

2198 4580 2374 4632 πάντα
2431 4578 2910 4647 προευτρεπίσεις,
2967 4579 3056 4632 ἵνα
3104 4579 3162 4630 ὲν
3218 4578 3417 4648 ἑτοίμῳ
3462 4574 3596 4632 ὦσιν
3657 4585 3771 4644 τοῖς

2199 4669 2336 4736 ὑπὲρ
2381 4666 2582 4737 ἀρετῆς
2623 4669 2809 4736 χεῖρας
2846 4667 3124 4731 ὁπλίζουσι
3160 4669 3301 4721 κατὰ
3346 4667 3454 4720 τῶν
3495 4669 3771 4738 πολεμίων

2199 4759 2290 4810 καὶ
2318 4757 2390 4825 μὴ
2421 4757 2511 4809 τὸν
2542 4756 2901 4825 παρατάξεως
2948 4759 3134 4828 καιρὸν
3176 4758 3534 4827 παρασκευῆς
3577 4763 3774 4828 καιρὸν

2199 4847 2483 4917 ἀναγκάζῃ
2537 4846 2827 4900 ποιεῖσθαι.
2887 4847 3074 4899 Ταῦτα
3128 4846 3185 4898 δὲ
3255 4847 3352 4898 καὶ
3423 4847 3583 4912 άλλα,
3667 4850 3772 4901 ὅσα

2199 4940 2331 5007 ἡμῖν
2384 4938 2812 5008 παραλέλειπται
2863 4937 2951 4990 διά
3001 4938 3192 5008 λήθην,
3228 4939 3286 5003 ἐξ
3329 4938 3574 5007 ἀνάγκης
3616 4939 3768 5005 όφείυ

2198 5030 2310 5091 λεις
2381 5028 2836 5096 παρασκευάζειν.
2910 5029 2972 5080 Εἰ
3029 5027 3086 5079 δέ
3142 5044 3196 5079 τι
3250 5027 3412 5080 πλέον
3461 5029 3541 5090 είς
3589 5027 3772 5080 ὃπλων

2199 5120 2552 5191 παρασκευὴν
2587 5120 2914 5189 ἐπινοήσεις,
2959 5117 3040 5188 τῷ
3084 5118 3201 5188 Θεῷ
3247 5119 3405 5188 χάρις
3455 5119 3550 5171 καὶ
3601 5121 3670 5188 τῇ
3704 5122 3770 5187 σῇ

2314 5213 2472 5265 ινοία.

2314 5214 2411 5264 ινοί
2457 5251 2472 5265 .

2200 5214 2361 5371 ἀγῖγἍ
2393 5229 2504 5373 Spe
2538 5302 2596 5355 δὲ
2626 5301 2844 5354 πάντων
2883 5301 2974 5354 καὶ
3004 5301 3140 5372 μετά
3168 5302 3384 5354 πάντων
3415 5301 3578 5369 φόϐον
3608 5300 3770 5363 Θεοῦ,

2056 5414 2284 5470 NOTAE.

605 5508 716 5577 (53)
737 5508 1016 5563 ιὀὑκινα.
1069 5507 1204 5564 Male
1233 5511 1287 5564 in
1309 5509 1474 5564 Checi
1507 5510 1693 5580 codice
1721 5509 1966 5579 κούνινα,
1989 5511 2078 5580 qui

535 5577 705 5648 etiam
735 5593 842 5631 non
875 5580 1119 5648 agnoscit
1147 5580 1270 5648 ista,
1311 5579 1404 5648 ml.
1439 5579 1668 5648 μεγάλα.

610 5645 719 5714 (54)
742 5645 1124 5716 Διαστροερὰς.
1160 5647 1348 5704 Scribe
1373 5645 1681 5715 διατροφάς.

2258 5508 2368 5584 (55)
2421 5506 2528 5584 Καὶ
2547 5506 2834 5584 ᾲτεγείᾳς.
2860 5505 3150 5584 Pe_rperam
3175 5513 3307 5584 erat.
3345 5505 3396 5557 in
3417 5502 3608 5584 codice
3665 5503 3772 5584 [ἐξ

2200 5573 2518 5701 adiungat
2543 5573 2845 5644 ἀτελγείας.
2902 5573 3037 5630 Vide
3063 5573 3406 5630 Glossarium
3461 5573 3774 5632 doctissimi

2268 5661 2352 5712 iga
2399 5662 2457 5699 ιι.
