4100 6226
500 287 598 354 ΤΞ3

1730 288 2004 349 LEONIS
2041 288 2497 350 PHlLOSOPIII

3641 293 3744 356 72$

567 396 623 450 4.
657 394 713 450 Si
747 395 858 450 fieri
878 403 1074 465 potest,
1107 396 1339 451 habeant
1360 395 1618 461 clibania,
1642 412 1783 466 quos
1814 398 2064 453 thoraces

2235 399 2298 453 δ’.
2322 399 2382 450 Ei
2448 397 2671 453 δυνατὸν
2706 398 2761 452 δέ
2796 399 2891 453 καὶ
2918 397 3171 470 θώρακας
3208 398 3374 470 ἔχειν,
3410 382 3605 466 οἵτινες
3644 421 3749 458 κα-

498 496 714 551 vocant,
755 502 959 557 eosque
1012 487 1251 543 illustres
1306 502 1371 541 ac
1417 489 1774 557 splendidos;
1825 497 1880 543 et
1915 491 2069 543 ποδό-

495 578 687 649 ψελλα,
719 589 774 634 et
805 579 1220 649 πτερνιστῆρας,
1252 594 1371 648 quae
1401 595 1576 636 ocrea:
1607 583 1980 648 nominantur,
2014 592 2070 638 et

500 672 877 741 superioricas,
912 671 958 726 si
988 672 1208 742 quando
1238 686 1373 741 opus
1404 672 1542 739 illis,
1574 673 1824 733 induant.

571 845 624 899 5.
650 844 850 902 Omnes
882 855 1064 902 autem
1097 847 1556 904 adolescentiores
1589 850 1869 909 Romanos
1897 870 2074 925 usque

502 937 567 990 ad
633 938 991 1009 quadraginta
1067 955 1335 995 annorum
1412 950 1666 1007 aetatem,
1754 960 2070 1016 quanquam

501 1016 693 1096 parum
760 1031 843 1085 vel
898 1031 1032 1086 nihil
1084 1032 1261 1087 sciant
1301 1034 1622 1103 sagittarum
1669 1036 2070 1105 jaciendarum,

504 1137 683 1191 coges,
722 1138 907 1179 arcum
960 1134 1014 1180 et
1075 1126 1386 1195 pharetram
1444 1138 1658 1196 gestare
1703 1148 1718 1185 :
1782 1141 2070 1201 postquam

503 1212 645 1265 enim
666 1228 755 1267 ars
775 1214 1054 1283 sagittaria
1078 1225 1387 1285 contempta
1414 1226 1707 1287 spretaque
1734 1235 1859 1275 esse
1884 1222 2069 1291 saepit,

506 1303 785 1368 permultae
822 1303 1085 1357 Romanis
1116 1305 1441 1360 oll'ensiones
1474 1309 1825 1363 accedebant.

576 1390 631 1447 6.
672 1390 887 1447 Habeas
916 1393 1077 1446 etiam
1105 1394 1288 1448 hastas
1331 1396 1490 1460 duas,
1524 1407 1582 1451 ut
1611 1402 1779 1453 altera
1816 1400 2074 1456 deﬁcien-

508 1490 581 1545 te,
644 1482 811 1537 allera
857 1484 1039 1537 statim
1066 1484 1142 1537 uti
1181 1486 1379 1553 possis.
1435 1488 1865 1557 lmperitioribus
1912 1508 2073 1549 arcus

508 1568 894 1626 imbecilliores
922 1572 1047 1625 dato
1078 1590 1092 1638 ;
1123 1588 1434 1642 quanquam
1467 1578 1609 1647 enim
1645 1579 2074 1648 sagittasjaccre

508 1658 776 1722 nesciunt,
803 1668 1045 1728 tempore
1076 1671 1254 1716 tamen
1300 1663 1510 1719 discere
1540 1668 1903 1734 conabuntur,
1927 1671 2071 1739 quod

509 1746 565 1800 in
596 1749 786 1816 primis
825 1751 1162 1806 conducibile
1194 1762 1295 1807 est.

2170 485 2386 539 λοῦνται
2406 484 2501 538 νῦν
2522 485 2795 549 κλιὸἀνια,
2819 485 2915 539 καὶ
2941 486 3083 538 αὺτά
3107 485 3336 539 στιλπνὰ
3373 486 3468 539 καὶ
3501 486 3750 559 λαμπρά-

2173 576 2284 631 Kal.
2306 577 2723 647 περικνημίδας,
2750 576 2908 630 ἅτινα
2927 576 3149 645 λέγεται
3176 576 3272 630 νῦν
3306 577 3621 643 ιτοδὸψελλα,
3657 580 3755 633 καὶ

2173 668 2573 738 πτερνιστῆρας
2607 668 2812 721 ἐνίοτε·
2871 668 3019 739 ἔχειν
3074 668 3131 721 δὲ
3184 667 3280 722 καί
3314 668 3618 739 ἐπιλώρικα
3662 670 3752 723 ὅτε

2172 757 2328 827 χρεία
2355 757 2743 824 ἐπενδυόμενα.

2242 856 2306 901 ε’.
2324 850 2538 911 Πάντας
2554 849 2611 901 δέ
2626 850 2752 911 τοὺς
2771 848 3071 919 νεωτέρους
3096 846 3401 915 Ῥωμαίους
3419 848 3546 919 ἄχρι
3559 865 3757 903 τεσσα-

2174 941 2410 1009 ράκοντα
2434 940 2572 993 ἐτῶν
2590 938 3021 1009 ἀναγκάζεσθαι,
3040 941 3148 993 εῐτε
3170 937 3362 1012 [κατὰ]
3395 940 3550 1009 λόγον
3576 941 3752 994 οἴδασι

2171 1029 2422 1095 τοξεῦσαι
2449 1033 2559 1085 είτε
2586 1032 2683 1085 καὶ
2713 1033 2971 1101 μετρίως,
3006 1031 3101 1085 τοῦ
3128 1032 3349 1094 πάντως
3375 1031 3754 1103 τοξοφάρετρα

2173 1127 2381 1195 φορεῖν.
2415 1126 2526 1194 Τῆς
2559 1126 2667 1195 γὰρ
2700 1122 2915 1189 τοξείας
2944 1124 3225 1187 παντελῶς
3256 1123 3624 1195 ἀμεληθείσης
3658 1125 3754 1177 καὶ

2172 1218 2541 1289 διαπεσούσης
2579 1221 2637 1271 ἐν
2668 1221 2780 1283 τοῖς
2815 1218 3107 1289 Ῥωμαίοις
3142 1219 3211 1272 τά
3256 1217 3424 1271 πολλά
3452 1216 3547 1271 νῦν
3590 1217 3755 1271 εἰωθε

2175 1312 2470 1381 σφάλματα
2500 1311 2766 1379 γίνεσθαι.

2245 1407 2319 1465 ς’.
2361 1401 2546 1467 Ἔχειν
2575 1398 2631 1450 δὲ
2663 1398 2758 1451 καὶ
2788 1396 3050 1468 κοντάρια
3092 1396 3206 1459 δύο,
3245 1397 3332 1450 ἵνα
3352 1395 3447 1449 τοῦ
3493 1395 3634 1463 ἐνὸς,
3674 1396 3752 1460 ὡς

2173 1493 2344 1556 εἰκὸς,
2379 1490 2737 1561 ἀστοχοῦντος
2792 1492 2890 1563 ἔχῃ
2921 1492 2982 1545 τὸ
3009 1491 3140 1545 ἀλλο
3167 1493 3246 1554 είς
3289 1493 3505 1562 χρῆσιν,
3533 1492 3659 1554 τοὺς
3692 1490 3755 1544 δὲ

2173 1583 2558 1653 ἀπειροτέρως
2582 1581 2907 1652 ἁπαλώτερα
2930 1582 3075 1651 ἔχειν
3103 1582 3349 1651 τοξάρια.
3373 1582 3492 1634 Κᾶν
3517 1579 3624 1649 γάρ
3651 1580 3755 1631 οὐκ

2174 1674 2348 1726 οἴδασι
2373 1672 2638 1738 τοξεύειν,
2666 1672 2744 1743 τῷ
2770 1673 2948 1743 χρόνῳ
2968 1671 3347 1741 ἐπιτηδεύουσι
3378 1670 3589 1740 μαθεῖν,
3613 1671 3755 1739 ὅπερ

2176 1764 2283 1818 τῶν
2311 1765 2649 1832 ἀναγκαίων.

577 1814 633 1888 ἦ.
671 1838 725 1889 Si
754 1838 806 1891 id
848 1839 1132 1892 commode
1182 1841 1297 1894 ﬁeri
1330 1851 1524 1907 potest.
1556 1845 1837 1913 rhictaria,
1875 1849 1925 1902 id
1966 1860 2069 1915 cst,

2189 1814 2409 1920 ﬁt
2428 1814 2758 1908 δυνατὸν
2794 1855 2888 1908 καὶ
2915 1855 3136 1909 ἀκόντια
3173 1855 3292 1924 ἦτοι
3324 1854 3576 1925 ρικτάρια
3606 1852 3756 1922 ἔχειν

504 1925 687 1994 jacula
716 1926 770 1980 in
806 1927 988 1983 hostes
1017 1930 1331 1999 coujiciant.
1368 1931 1617 2002 Equitem
1643 1936 1807 2006 igitur
1837 1939 1905 1992 ad
1932 1939 2075 1994 hunc

510 2018 732 2071 modum
765 2021 1025 2075 armabis.

578 2190 634 2246 8.
672 2192 808 2264 Equi
858 2206 1077 2261 autem,
1129 2198 1222 2253 sed
1273 2200 1648 2269 praefectorum
1705 2205 2076 2273 potissimum,

508 2282 953 2357 reliquorumque
1008 2289 1271 2343 lectorum
1323 2292 1587 2358 virorum,
1642 2298 1968 2364 pectoralia,
2024 2309 2078 2354 et

510 2365 758 2423 frontalia
778 2372 857 2425 vel
874 2374 1068 2439 ferrea,
1084 2375 1241 2429 velex
1266 2378 1542 2433 cenduclis
1559 2380 1699 2434 facta
1721 2384 1973 2448 habeant,
1993 2388 2077 2441 Vt'l

507 2474 630 2527 quae
658 2476 724 2513 ex
751 2462 931 2517 nervis
961 2463 1287 2525 efﬁciuntur,
1320 2476 1374 2520 et
1409 2479 1662 2537 tegantur
1702 2485 1920 2540 pectora
1957 2476 2077 2529 ilio-

508 2563 653 2614 rum,
673 2559 725 2602 et
746 2551 903 2611 colla,
927 2553 970 2605 si
987 2552 1101 2606 ﬁeri
1126 2556 1317 2621 possit,
1333 2566 1385 2609 et
1402 2568 1618 2612 ventres
1636 2576 1729 2626 per
1748 2578 1909 2629 parva
1929 2580 2078 2633 qum-

509 2639 633 2692 dam
684 2654 1147 2709 apocremasmata
1175 2662 1389 2711 eorum,
1425 2665 1546 2714 quae
1590 2651 1775 2707 ieletra
1816 2658 2075 2712 sellarum

508 2728 797 2797 dicuntur;
853 2748 884 2785 a
935 2736 1146 2802 magnis
1212 2737 1354 2789 enim
1414 2754 1555 2808 smpe
1598 2744 1854 2809 periculis
1908 2764 2078 2817 equos

509 2816 763 2885 liberant,
808 2832 970 2892 atque
1022 2826 1158 2879 adeo
1190 2826 1335 2896 ipsos
1367 2834 1602 2898 equites.
1635 2833 1759 2891 llaec
1792 2839 1843 2891 in
1887 2816 2078 2909 primis

510 2908 742 2965 habeant
775 2912 874 2976 illi,
905 2915 998 2982 qui
1030 2926 1255 2973 ceteros
1291 2920 1345 2973 in
1379 2921 1522 2977 bello
1556 2936 1836 2984 anteeunt.

575 3082 630 3141 9.
682 3087 748 3141 Et

508 3172 683 3233 Frena
713 3188 894 3235 autem
924 3182 1141 3238 illorum
1180 3186 1372 3243 idonea
1407 3192 1518 3245 sint
1541 3203 1595 3247 et
1626 3194 1808 3251 fortia.

579 3354 666 3409 10.
707 3357 785 3410 Ad
836 3359 995 3414 sellas
1037 3362 1175 3419 duas
1206 3364 1409 3424 ferreas
1456 3371 1631 3427 scalas
1659 3383 1711 3427 et
1744 3374 2074 3443 lorosocum,

506 3454 563 3498 ct
588 3447 847 3514 pedilum,
875 3462 928 3505 et
956 3452 1374 3526 sellopungium,
1410 3470 1471 3514 ut
1503 3478 1611 3531 quo
1643 3473 1884 3536 tempore
1908 3471 2075 3522 advo-

504 3548 661 3592 catur
695 3541 892 3609 aliquis
916 3545 1162 3601 sullicere
1191 3562 1465 3619 sumptum
1496 3555 1728 3610 duorum
1774 3569 1866 3613 aut
1910 3561 2072 3616 trium

505 3628 716 3684 dierum
758 3635 967 3703 possit;
1014 3648 1065 3690 et
1100 3641 1281 3709 tupbia
1316 3644 1380 3697 ad
1424 3646 1778 3715 Opisthelinas
1813 3662 2072 3720 quatuor,

505 3730 559 3774 ct
589 3725 884 3788 verticalia,
921 3730 1043 3797 equi
1076 3734 1344 3801 tupbium,
1377 3744 1429 3791 et
1454 3738 1705 3795 similiter
1730 3742 2072 3815 ὐπογήνειον,

506 3810 559 3865 id
589 3822 693 3878 est,
722 3828 1110 3875 summentum.

576 3902 662 3955 il.
711 3903 944 3962 Omnino
987 3921 1165 3965 autem
1199 3917 1435 3983 equitem
1487 3918 1684 3977 habere
1729 3935 1942 3994 oportet
1975 3930 2068 3982 lzi-

506 4005 690 4046 curem
746 3997 1074 4065 ancipitem,
1132 4018 1295 4057 uuam
1359 4007 1531 4062 aciem
1591 4011 1765 4067 instar
1830 4018 2072 4087 cuspidis

504 4083 676 4137 hasne
708 4084 943 4155 longam,
973 4099 1027 4144 et
1059 4102 1272 4147 acutam
1303 4096 1355 4149 in
1387 4099 1521 4154 sella
1552 4116 1677 4157 cum
1704 4105 1859 4161 theca
1888 4083 2071 4164 coria-

503 4186 597 4228 eea
628 4175 974 4243 pendentem.

577 4264 663 4321 12.
688 4265 878 4324 Vestes
898 4271 1152 4338 militum,
1166 4274 1279 4330 sive
1298 4278 1410 4331 sint
1428 4277 1605 4345 lineae,
1619 4281 1735 4338 sive
1753 4282 1943 4349 laneas,
1957 4287 2071 4345 sive

2175 1945 2281 2009 ἕως
2304 1946 2416 2007 δύο,
2443 1946 2531 1998 ἵνα
2566 1947 2625 1998 ἐν
2654 1946 2833 2014 καιρῴ
2868 1946 2960 1997 καὶ
3002 1946 3262 2016 ἀκοντίσῃ
3295 1944 3436 1997 κατά
3470 1942 3565 1995 τοῦ
3596 1942 3759 1996 πολε-

2180 2037 2325 2104 μίου.
2359 2038 2469 2091 Καὶ
2512 2037 2603 2089 τὸν
2648 2036 2747 2105 μὲν
2789 2038 2959 2088 ἱππέα
3004 2034 3343 2105 στρατιώτην
3387 2033 3560 2096 οὕτως
3604 2033 3760 2086 ὁπλί-

2178 2143 2312 2189 σεις.

2243 2214 2315 2286 η’.
2351 2216 2489 2278 Τοὺς
2513 2215 2570 2269 δὲ
2594 2216 2793 2279 ἵππους
2814 2218 2910 2272 καὶ
2944 2216 3178 2287 μάλιστα
3203 2217 3310 2271 τῶν
3340 2217 3637 2287 ἀρχόντων,
3661 2218 3761 2271 καὶ

2177 2307 2287 2359 τῶν
2316 2306 2516 2358 λοιπῶν
2558 2305 2885 2371 ἐπιλέκτων,
2919 2306 3279 2377 προμετώπια
3308 2306 3472 2376 ἐχειν,
3504 2307 3600 2361 καὶ
3625 2324 3757 2377 στηον

2179 2398 2361 2466 Θάρια,
2405 2398 2438 2465 ἢ
2485 2398 2762 2467 σιδηρᾶ,ἥ
2809 2398 2917 2450 ἀπὸ
2966 2397 3324 2464 κενδούκλων,
3361 2392 3472 2451 οἷον
3506 2399 3756 2467 νευρικά.

2177 2486 2289 2540 Καὶ
2316 2485 2611 2538 σκέπεσθαι
2643 2486 2711 2539 τά
2742 2487 2912 2557 στήθη
2940 2487 3035 2540 καὶ
3057 2487 3184 2550 τοὺς
3224 2487 3523 2557 τραχήλους
3548 2488 3759 2552 αὐτῶν,

2178 2579 2226 2629 εἰ
2265 2577 2509 2638 δυνατὸν,
2543 2578 2639 2630 καὶ
2671 2577 2770 2640 τὰς
2812 2579 3019 2640 κοιλίας
3065 2578 3153 2631 διὰ
3193 2579 3407 2649 μικρῶν
3435 2581 3761 2650 ἀποκρεμα-

2180 2669 2401 2737 σμάτων
2431 2669 2536 2721 ἀπὺ
2564 2669 2671 2721 τῶν
2723 2669 3032 2741 λεγομένων
3063 2670 3376 2740 ἀφελέτρων
3404 2672 3504 2742 τῆς
3537 2672 3755 2735 σέλὶας.

2178 2760 2446 2826 Μεγάλων
2470 2760 2577 2830 γάρ
2604 2760 2779 2815 ταῦτα
2810 2762 3073 2815 κινδύνων
3102 2763 3365 2827 πολλάκις
3390 2764 3516 2826 τοὺς
3551 2764 3757 2826 ἵππους

2177 2851 2520 2916 διασώζουσι,
2542 2854 2635 2907 καὶ
2656 2854 2722 2906 δι’
2744 2854 2923 2907 αὐτῶν
2944 2855 3070 2917 τοὺς
3090 2855 3180 2908 ἐπ’
3199 2855 3377 2909 αὐτῶν
3399 2856 3760 2925 ὀχουμένους.

2179 2941 2363 2995 Ταῦτα
2390 2943 2444 2995 δὲ
2470 2944 2614 3013 ἔχειν
2646 2944 2741 2998 καὶ
2773 2945 3007 3014 μάλιστα
3036 2946 3162 3008 τοὺς
3187 2946 3660 3017 προτασσομένους
3694 2946 3765 2999 ἐν

2178 3035 2243 3102 τῇ
2278 3034 2452 3104 μάχη-

785 3089 930 3144 εοιιω
980 3090 1213 3149 habeant
1251 3098 1471 3166 episelia
1521 3101 1730 3159 hirsuta
1764 3114 1818 3160 et
1861 3122 2073 3179 magna.

2218 3089 2315 3177 ..θλ
2342 3089 2448 3177 ιέἆι
2479 3126 2535 3177 αἱ
2571 3125 2754 3179 σέλλαι
2780 3126 2838 3178 δὲ
2869 3127 3142 3196 ἐχέτωσαν
3170 3127 3446 3180 ἐπισέλλια
3465 3127 3631 3180 δασέα
3657 3126 3763 3181 καὶ

2181 3214 2409 3282 μεγάλα,
2438 3215 2532 3267 καὶ
2556 3216 2624 3268 τά
2646 3215 2935 3285 χαλινάρια
2969 3216 3149 3270 αὐτῶν
3178 3219 3458 3288 ἐπιτήδεια
3483 3217 3755 3282 ἔστωσαν,

2178 3306 2270 3357 καὶ
2300 3305 2518 3374 ἰσχυρά.

2248 3396 2299 3451 ι’.
2328 3399 2422 3461 Εἰς
2445 3399 2501 3452 δὲ
2530 3399 2627 3463 τὰς
2662 3401 2852 3465 σέλλας
2879 3403 2979 3465 τὰς
3014 3403 3107 3455 δύο
3144 3403 3372 3474 σιδηρᾶς
3398 3403 3623 3467 σκάλας,
3657 3404 3759 3458 καὶ

2175 3487 2484 3557 λωρόσακον
2509 3490 2643 3558 (62),
2672 3492 2766 3545 καὶ
2796 3493 3068 3558 πέδικλον,
3104 3496 3199 3548 xai.
3247 3494 3670 3567 σελλοποὺγγην,
3696 3499 3761 3549 ἐν

2174 3570 2217 3644 ᾧ
2244 3578 2420 3647 καιρῷ
2455 3580 2745 3643 καλοῦντος
2773 3582 2994 3636 δυνατόν
3024 3586 3141 3637 ἐστι
3184 3584 3279 3638 καὶ
3305 3585 3473 3656 τριῶν
3499 3588 3531 3657 ῆ
3557 3588 3754 3641 τεσσά-

2179 3686 2284 3737 ρων
2314 3669 2536 3738 ἡμερῶν
2561 3671 2806 3742 δαπάνην
2830 3675 3099 3743 χωρῆσαι.
3121 3676 3230 3728 Καὶ
3249 3676 3447 3744 τουφία
3475 3676 3532 3729 δὲ
3554 3679 3636 3739 είς
3655 3677 3759 3741 τὰς

2174 3757 2549 3823 ὀπισθελλὶνας
2603 3762 2866 3833 τέσσαρα.
2906 3765 3015 3817 Καὶ
3064 3766 3378 3835 κορυφάδην
3427 3765 3523 3818 τοῦ
3580 3767 3762 3820 ἵππου.

2173 3849 2361 3914 τουφὶν
2387 3848 2522 3917 (65).
2555 3852 2648 3902 καὶ
2668 3852 2992 3922 ὑπογήνειον
3020 3855 3243 3923 ὁμοίως.
3781 3848 3789 3857 ’

2250 3934 2342 3989 ια’.
2379 3937 2602 3999 Πάντως
2647 3937 2704 3990 δὲ
2751 3939 2895 4008 ἔχειν
2939 3940 3021 3993 δεῖ
3062 3941 3154 3993 τὸν
3197 3940 3557 4013 καϐαλλάριον
3588 3958 3762 4010 στρα-

2171 4023 2370 4093 τιώτην
2389 4026 2485 4078 καὶ
2504 4025 2780 4095 τζιγρῠριν
2806 4026 3082 4097 δίστομον,
3105 4029 3166 4080 τὸ
3196 4028 3256 4082 ἐν
3284 4029 3459 4097 στόμα
3488 4028 3641 4093 τάξιν
3670 4028 3753 4094 ξει-

2173 4130 2305 4181 φους
2357 4116 2641 4182 κονταρίου
2688 4119 2895 4187 μακρὸν
2962 4120 3058 4170 καὶ
3111 4117 3204 4181 ὀξὺ
3230 4158 3245 4180 ,
3292 4120 3755 4191 ἀποκρεμάμενον

2174 4206 2314 4273 μετά
2335 4206 2471 4274 Θηκα
2482 4207 2596 4275 ρίου
2618 4206 2942 4277 δερματίνου
2972 4210 3029 4262 ὲν
3049 4211 3115 4277 τῇ
3148 4208 3329 4280 σέλλᾳ.

2242 4295 2331 4365 ιβ’.
2363 4296 2442 4348 Τὰ
2470 4296 2524 4349 δὲ
2555 4297 2742 4365 ἱμάτια
2794 4297 2900 4349 τῶν
2948 4298 3317 4367 στρατιωτῶν,
3351 4298 3462 4351 εἴτε
3504 4298 3625 4352 λινᾶ
3668 4301 3752 4355 si-

500 4371 567 4411 ex
606 4358 711 4412 alia
743 4363 989 4427 materia,
1022 4364 1159 4420 latas
1192 4382 1315 4423 esse
1341 4380 1572 4438 Oportet,
1608 4383 1666 4429 ut
1704 4376 1770 4429 ad
1814 4379 2068 4449 equitan-

2175 4358 2277 4447 σὶν,
2301 4385 2410 4438 εἴτε
2445 4387 2502 4452 ἐξ
2530 4358 2699 4454 ἐρίου,
2735 4387 2767 4456 ἢ
2802 4388 2995 4458 ἐτέρας
3018 4358 3187 4457 ’ῡλης,
3211 4358 3422 4442 πλατέα
3465 4391 3547 4443 δεῖ
3583 4386 3750 4454 εἶναι,

404 4484 405 4487 η
500 4449 629 4504 dum
659 4466 764 4507 uou
818 4453 1200 4525 impediantur,
1249 4468 1303 4515 et
1363 4472 1541 4534 tegant
1588 4477 1846 4536 prmterea
1893 4488 2071 4544 genua

2175 4475 2258 4528 ἵνα
2286 4477 2344 4530 ἐν
2372 4476 2449 4546 τῷ
2481 4449 2909 4532 ὲαέαλλικέοειᾶ
2924 4480 3000 4549 μὴ
3020 4449 3444 4549 ἐμποδίζωνται,
3492 4482 3627 4535 ἀλλά

499 4541 742 4612 illorum,
763 4557 818 4602 et
842 4549 1013 4619 magis
1038 4551 1217 4607 decori
1249 4553 1399 4610 ﬁant.
1899 4541 1920 4544 —

2175 4566 2483 4617 σκέπωνται
2507 4565 2574 4618 δι’
2599 4566 2777 4621 αὐτῶν
2796 4568 2864 4621 τά
2889 4568 3091 4635 γόνατα
3122 4568 3321 4633 αὐτῶν,
3348 4569 3441 4622 καὶ
3479 4568 3753 4640 εὔσχημοι

572 4719 660 4774 15.
699 4718 923 4790 Oportet
942 4737 1074 4778 vero
1103 4726 1363 4781 cenducla
1388 4728 1588 4786 habere
1615 4731 1723 4788 lata
1752 4736 2067 4804 admodum,

2175 4653 2492 4721 φαίνωνται.

2247 4741 2335 4807 ιγ’.
2366 4743 2487 4813 Χρὴ
2509 4742 2566 4795 δὲ
2587 4744 2681 4799 καὶ
2702 4744 2995 4800 κένδουκλα
3021 4745 3165 4816 ἔχειν
3192 4747 3400 4801 πλατέα
3430 4747 3569 4800 πάνυ
3592 4748 3750 4820 ἔχον-

498 4827 620 4881 qua:
650 4812 883 4868 habeant
918 4816 1078 4870 etiam
1112 4819 1343 4873 manicia
1381 4820 1509 4888 lata,
1546 4831 1606 4877 ut
1629 4840 1751 4880 cum
1780 4841 2069 4886 armantur

2175 4849 2237 4885 τα
2264 4835 2488 4900 μανίκια
2512 4835 2738 4901 πλατέα,
2775 4837 2861 4889 ἵνα
2885 4838 2942 4889 ἐν
2965 4836 3043 4907 τῷ
3071 4837 3393 4908 ὁπλισθῆναι
3423 4838 3620 4901 αὐτοὺς
3651 4843 3754 4896 καὶ

499 4903 598 4969 ἱΙΙὶ,
636 4914 691 4958 et
722 4916 935 4975 gestant
969 4909 1134 4963 zabas
1170 4918 1334 4980 atque
1370 4928 1552 4980 arcus,
1584 4916 1655 4979 si,
1709 4922 2067 4987 quemadmo-

2175 4926 2355 4993 φορεῖν
2383 4924 2480 4985 τάς
2499 4922 2673 4988 ζώνας
2698 4926 2789 4979 καὶ
2809 4926 2878 4979 τὰ
2896 4903 3143 4997 τοξάρια,
3173 4903 3296 4993 ἐὰν,
3315 4926 3391 4990 ὡς
3411 4928 3580 4994 εἰκὸς,
3603 4945 3751 4998 συμο

498 4991 626 5045 dum
678 5010 820 5064 saepe
872 4998 952 5062 lit,
991 4999 1270 5068 contingat
1314 5001 1550 5070 pluviam
1588 5020 1731 5070 esse,
1753 5017 1847 5062 aut
1883 5024 2064 5065 aerem

2175 4991 2252 5082 δῇ-
2285 5012 2482 5082 βροχὴν
2529 5015 2803 5081 γενέσθαι,
2842 5014 2875 5084 ἢ
2906 4991 3201 5086 ὑγρότερον
3234 4991 3327 5071 τδν
3365 5017 3504 5087 ἀέρα
3552 4991 3617 5070 ἐκ
3645 4991 3750 5087 τῆς

499 5080 859 5138 bumidiorem
893 5123 908 5148 ,
957 5102 1177 5141 currum
1233 5105 1393 5145 suum
1456 5106 1799 5162 conservent,
1854 5105 1908 5153 et
1955 5114 2064 5155 non

2175 5080 2391 5173 δρόσου,
2406 5080 2707 5175 φοροῦντες
2750 5080 2889 5159 αότά
2924 5080 3119 5159 ἐπάνω,
3150 5107 3262 5158 τῶν
3292 5080 3472 5170 ζαδών
3512 5109 3606 5160 καὶ

500 5172 887 5242 impediantur,
945 5179 1061 5234 sive
1091 5181 1361 5249 arcubus,
1399 5184 1514 5240 sive
1552 5188 1721 5243 scutis
1765 5190 1841 5242 uti
1880 5191 2065 5247 volue-

2175 5192 2431 5262 τοξαρίων
2457 5172 2766 5263 φυλάττωσι
2809 5196 2869 5247 τὸ
2909 5196 3062 5266 ἀρμα
3090 5196 3291 5261 αὐτῶν,
3319 5197 3414 5249 καὶ
3442 5197 3542 5249 οὐκ
3575 5198 3750 5267 ἐμπο-

500 5263 630 5318 rint.
690 5265 829 5322 Sunt
862 5283 990 5323 vero
1019 5271 1180 5325 etiam
1222 5274 1488 5331 cenducla
1522 5277 1574 5331 in
1597 5279 2066 5348 explorationibus

2175 5281 2436 5351 δέξωνται,
2480 5287 2589 5340 είτε
2624 5288 2739 5350 τοῖς
2770 5263 3061 5357 τοξαρίοις,
3101 5288 3213 5341 εἴτε
3248 5290 3359 5351 τοῖς
3399 5263 3747 5357 σκουταρίοις

498 5361 555 5409 et
583 5354 779 5424 vigiliis
812 5363 1216 5428 pernecessaria
1255 5382 1270 5431 ;
1311 5381 1420 5421 non
1454 5379 1713 5437 apparent
1740 5371 1884 5426 enim
1920 5371 2067 5426 zabae

2176 5374 2353 5429 αὐτῶν
2385 5376 2685 5447 βουληθῶσι
2725 5354 3056 5450 χρήσασθαι.
3094 5379 3282 5433 Ἔστιν
3323 5378 3378 5433 δὲ
3424 5378 3517 5432 καὶ
3565 5354 3747 5445 ἄλλως

1996 5499 2231 5558 NOTAE.

735 5587 1366 5666 έωρόρνακ-ονλδρτίιισ,
1404 5593 1737 5666 Λωρδσοκον,
1800 5595 1883 5651 vel
1934 5595 2300 5666 λωρόσοκκον.

578 5651 692 5720 (63)
734 5651 972 5723 Τούφίν.
998 5651 1371 5726 Scribebatur,
1402 5651 1617 5731 τουρόν.
