4100 6226
380 325 496 390 725

1439 329 1770 389 TACTICA.
1811 353 1870 364 ν-
1899 325 2398 389 CONSTITUTIO
2432 327 2530 388 VI.

3515 324 3622 388 7‘26

377 450 500 498 πως
536 433 809 501 ἀναγκαῖα
841 431 910 486 τὰ
948 431 1240 486 κένδουκλα
1285 433 1344 486 ὲν
1372 436 1492 497 ταῖς
1520 434 1809 498 σκούλκαις
1843 433 1956 502 (64)

2062 433 2310 488 hostibus
2337 472 2352 495 ,
2404 432 2536 502 ipsis
2583 431 2860 489 cenduclis
2892 441 3068 488 tectae.
3131 431 3412 489 Rcsistunt
3459 436 3624 492 etiam

378 527 548 594 ἦγουν
600 525 720 588 ταῖς
761 521 994 593 βίγλαις.
1058 522 1134 575 Οὐ
1187 522 1556 590 διαφαίνονται
1607 523 1716 594 γὰρ
1775 523 1948 594 μήκο-

378 614 472 667 θεν
533 616 646 674 τοῖς

379 703 603 774 γιττῶν.

458 793 539 849 ιδ’.
572 791 993 864 Προστάσσομεν
1039 792 1096 845 δὲ
1154 791 1276 846 καθ’
1305 792 1536 848 ἕκαστον
1572 793 1954 862 κοντουϐέρνιν

379 885 478 937 καὶ
494 883 738 952 δρέπανα
757 881 854 935 καὶ
875 881 1065 946 ἀξίνας
1087 880 1174 953 ἔχε
1183 900 1230 936 ιν
1247 883 1444 947 αὐτοὺς
1464 885 1551 937 διὰ
1575 884 1636 938 τὸ
1656 885 1956 952 ἀναγκαῖον

377 977 480 1044 τῆς
504 975 711 1044 χρείας-

455 1061 537 1117 ιε’.
572 1062 713 1126 Τοὺς
748 1061 806 1116 δὲ
831 1061 941 1116 τῶν
965 1064 1262 1134 ταγμάτων
1301 1063 1586 1135 ἄρχοντας,
1617 1065 1654 1136 ἢ
1690 1064 1957 1136 στρατιώ-

380 1171 503 1220 τας,
537 1155 636 1208 καὶ
663 1154 774 1207 τῶν
806 1154 1118 1224 θεματικῶν
1154 1154 1360 1225 βάνδων
1392 1155 1518 1218 τοὺς
1551 1156 1953 1228 δυνατωτέρους

382 1244 792 1311 ἀναγκάζεσθαι
819 1244 946 1314 χρὴ,
975 1244 1171 1306 παῖδας
1203 1245 1416 1307 ἑαυτοῖς
1450 1247 1685 1300 ἐπινοεῖν
1711 1246 1949 1312 δούλους,

382 1334 417 1405 ἦ
449 1334 785 1404 ἐλευθέρως,
818 1334 911 1386 καὶ
957 1333 1232 1402 ἐπιμελῶς
1262 1336 1320 1388 ὲν
1347 1335 1424 1406 τῷ
1449 1335 1624 1406 καιρῷ
1646 1336 1747 1406 τῆς
1769 1353 1828 1389 τε
1859 1336 1952 1406 ῥό-

383 1441 506 1492 γας,
530 1424 627 1477 καὶ
660 1423 754 1476 τοῦ
785 1423 1094 1493 άδνουμίου,
1123 1426 1218 1479 καὶ
1251 1425 1382 1489 τοὺς
1421 1428 1618 1490 παῖδας
1644 1427 1825 1480 αὐτῶν
1865 1425 1960 1479 κα)⁸

381 1517 447 1568 τὸ
483 1515 638 1585 ἅρμα
680 1515 1098 1586 ἀπογράφεσθαι
1139 1517 1235 1570 καὶ
1267 1517 1711 1587 καταζητεῖσθαι,
1760 1517 1850 1570 ἵνα
1883 1517 1958 1586 μὴ

385 1605 838 1676 περιφρονοῦντες
875 1605 1166 1676 παλλήκωγ
1200 1607 1313 1676 (65)
1341 1608 1451 1662 τῶν
1501 1608 1860 1662 δουλευόντων
1900 1610 1959 1660 ὲν

2058 525 2280 592 impetui
2309 524 2653 592 sagittarum.

735 611 1013 682 πολεμίοις
1066 612 1125 664 αἱ
1216 610 1378 675 ζάόαι
1438 612 1531 666 ὑπ’
1575 612 1757 667 αὐτῶν
1817 611 2174 682 σκεπόμεναι,
2230 616 2511 684 ἀντέχουσι
2558 615 2616 668 δὲ
2668 615 2759 668 καὶ
2802 615 2936 686 πρὸς
2972 615 3072 678 τὰς
3142 615 3303 684 βολὰς
3343 617 3454 672 τῶν
3529 636 3621 673 σα·

2137 795 2226 849 Η.
2250 793 2565 849 Mandamus
2603 795 2765 849 etiam
2799 802 2856 849 ut
2892 794 2945 848 in
2976 809 3307 864 unoquoque
3335 797 3624 851 contuber-

2059 883 2151 938 nio
2202 891 2257 938 et
2313 882 2478 938 falces
2525 893 2580 939 et
2621 899 2840 940 secures
2889 884 3125 939 habeant
3169 884 3236 939 ad
3286 887 3626 942 necessarios

2127 1066 2214 1120 15.
2242 1065 2559 1120 Cohortium
2588 1073 2768 1120 autem
2797 1064 3102 1135 praefectos,
3135 1065 3251 1119 sive
3283 1065 3505 1132 milites,
3529 1065 3623 1134 qui

2059 1155 2391 1224 potentiores
2439 1163 2589 1218 sunt,
2643 1168 2837 1223 cogere
2875 1163 3086 1223 oportet
3110 1169 3306 1223 pueros
3354 1154 3457 1208 sibi
3496 1169 3625 1207 con-

2057 1246 2274 1315 quirere
2333 1244 2447 1298 sive
2501 1258 2709 1310 servos,
2765 1243 2877 1298 sive
2902 1244 3121 1305 liberos,
3155 1255 3209 1297 ει
3251 1243 3539 1312 diligenter
3565 1244 3619 1297 in

2057 1347 2304 1408 tempore
2351 1351 2494 1406 rogas
2550 1344 2604 1390 et
2653 1335 2916 1402 adnomii,
2968 1335 3020 1390 id
3075 1344 3190 1398 est,
3239 1335 3625 1404 descriptionis

2060 1430 2367 1492 nominum,
2401 1427 2552 1495 pueri
2593 1425 2806 1479 illorum
2830 1432 2885 1479 et
2921 1440 3114 1480 currus
3139 1425 3536 1487 describantur,
3569 1433 3624 1479 et

2059 1519 2451 1587 conquirantur
2475 1555 2491 1580 ,
2529 1522 2587 1570 ut
2617 1530 2685 1570 ne
2715 1515 3036 1585 contemptis
3085 1515 3150 1569 iis
3191 1515 3625 1570 adolescentibus

2060 1610 2400 1665 administris
2425 1610 2544 1678 ipso
2573 1607 2697 1661 belli
2729 1617 2967 1676 tempore
3008 1621 3074 1662 ex
3105 1607 3237 1674 ipsis
3268 1606 3529 1661 militibus
3555 1608 3624 1659 ad

384 1695 566 1767 καιρῷ
585 1697 821 1766 πολέμου
842 1697 1259 1766 ἀναγκάζωνται
1279 1699 1337 1764 ἐξ
1357 1699 1537 1752 αὐτῶν
1562 1699 1672 1752 τῶν
1693 1715 1956 1771 στρατιω-

2061 1702 2292 1764 tuldum,
2334 1700 2386 1754 id
2418 1706 2522 1766 est,
2552 1698 2933 1767 impedimenta
2961 1697 3330 1752 conservanda
3359 1704 3626 1766 cogantur

385 1785 496 1837 τῶν
525 1785 880 1856 ἀφορίζεσθαι
905 1785 984 1847 si;
1011 1789 1072 1840 τὸ
1111 1787 1349 1853 τοῦλδον,
1378 1788 1472 1842 καὶ
1502 1788 1670 1857 ὀλίγοι
1695 1789 1950 1859 γίνωνται

381 1878 436 1930 οι
465 1877 762 1939 κοπιῶντες
787 1879 844 1929 ἐν
877 1881 941 1948 τῇ
970 1879 1136 1949 μάχῃ.

461 1966 558 2032 ις’.
589 1969 653 2022 Εί
673 1968 730 2021 δέ
751 1984 914 2033 τινες,
935 1969 1011 2032 ὡς
1030 1970 1195 2035 εἰκὸς,
1230 1971 1305 2042 μὴ
1332 1971 1623 2046 εὐποροῦσι
1653 1972 1951 2043 κτήσασθαι

393 2060 613 2125 παῖδας,
636 2059 931 2128 ἀναγκαῖόν
960 2060 1107 2113 ἐστιν
1145 2063 1223 2124 είς
1261 2063 1386 2124 τοὺς
1416 2062 1757 2133 κατωτέρους
1787 2079 1953 2132 στρα-

384 2150 586 2214 τιώτας
634 2153 781 2221 τρεῖς
824 2150 858 2222 ἢ
888 2150 1161 2221 τέσσαρας
1203 2152 1300 2208 ἕνα
1330 2154 1496 2208 παῖδα
1522 2153 1615 2207 τὸν
1653 2152 1952 2224 ὑπηρετεῖν

383 2239 573 2304 αὐτοῖς
600 2239 860 2310 μέλλοντα
884 2242 1139 2295 ἐπινοεῖν.

456 2413 542 2478 ιζ’.
573 2415 677 2468 Τδν
703 2416 888 2484 ὅμοιον
909 2414 964 2467 δὲ
990 2415 1192 2486 τρόπον
1220 2418 1393 2470 ποιεῖν
1423 2417 1515 2471 καὶ
1541 2417 1620 2479 είς
1648 2417 1718 2470 τὰ
1742 2417 1957 2487 σαγμά-

391 2521 506 2576 ρια,
540 2500 614 2560 ὧν
638 2507 797 2576 χρεία
825 2505 966 2560 κατὰ
993 2506 1054 2559 τὸ
1080 2508 1377 2576 ἀναγκαῖον
1408 2508 1496 2562 διὰ
1523 2508 1623 2573 τὰς
1654 2509 1826 2574 ζάΰας
1865 2510 1958 2563 καὶ

387 2597 489 2659 τὰς
514 2596 716 2659 πέλτας
739 2597 939 2653 αὐτῶν.

465 2686 554 2758 ιη’.
588 2688 1007 2760 Προστάσσομεν
1031 2683 1088 2744 δὲ
1117 2688 1213 2743 καὶ
1259 2690 1360 2752 τὰς
1404 2688 1649 2759 κεφαλὰς
1688 2688 1799 2743 τῶν
1835 2689 1961 2760 βάν-

388 2779 496 2834 δων
551 2781 786 2835 ἑκάστου
839 2781 1121 2852 τάγματος
1174 2781 1472 2853 ὁμοχρόους
1522 2781 1812 2849 γίνεσθαι..
1865 2780 1960 2835 καὶ

390 2873 459 2927 τὰ
507 2872 790 2944 φλάμουλα
843 2873 1080 2945 ἑκάστης
1115 2876 1358 2946 τούρμας
1386 2875 1418 2945 ἢ
1454 2874 1690 2946 δρὸγγου
1722 2873 1961 2944 ίδιόχροα

392 2958 553 3018 εἶναι.

2052 1805 2328 1864 separare,
2373 1801 2427 1848 et
2461 1791 2748 1861 pauciores
2777 1789 2929 1856 fiant,
2961 1789 3053 1859 qui
3090 1789 3142 1843 in
3174 1789 3292 1858 ipso
3332 1788 3522 1857 ιιι-ωηο
3550 1787 3627 1842 di-

2052 1886 2273 1939 micent.

2091 1976 2177 2031 16.
2208 1975 2265 2030 Si
2295 1989 2425 2030 vero
2448 1973 2693 2043 quidam,
2715 1972 3174 2043 quemadmodum
3205 1971 3501 2026 verisimile
3520 1981 3624 2034 est,

2053 2084 2160 2122 non
2212 2067 2348 2120 adeo
2382 2065 2682 2134 locupletes
2720 2071 2869 2128 sunt,
2898 2071 2957 2116 ut
3001 2062 3104 2117 sibi
3147 2061 3394 2116 sufﬁcere
3423 2073 3625 2130 pueros

2054 2156 2404 2211 administros
2472 2154 2706 2225 possint,
2766 2168 2990 2208 necesse
3016 2155 3112 2222 [est
3150 2153 3325 2208 tribus
3349 2151 3456 2223 iant
3486 2165 3627 2222 qna-

2056 2257 2181 2301 tuor
2234 2246 2498 2301 militibus
2529 2244 2867 2301 tenuioribus
2907 2259 3076 2298 unum
3109 2244 3346 2313 aliquem
3379 2243 3619 2298 admini-

2055 2347 2253 2400 strum,
2282 2337 2374 2405 qui
2405 2337 2514 2392 illis
2538 2351 2758 2405 operam
2790 2335 2901 2399 det,
2925 2335 3185 2389 tribuere.

2130 2430 2216 2484 Π.
2272 2427 2394 2482 Pari
2437 2428 2599 2482 modo
2651 2442 2748 2494 pro
2795 2426 3103 2495 sagmariis,
3149 2425 3199 2479 id
3239 2433 3344 2493 est,
3374 2423 3626 2479 sarciniis

2058 2523 2234 2578 facere
2283 2527 2515 2588 oportet,
2561 2532 2794 2585 quorum
2830 2531 3059 2587 magnus
3102 2524 3186 2572 est
3217 2531 3352 2572 usus
3407 2526 3628 2586 propter

2059 2614 2220 2668 zabas
2245 2618 2299 2664 et
2319 2618 2495 2666 lentas
2525 2607 2765 2662 illorum.

2129 2703 2216 2758 18.
2245 2700 2565 2755 Mandamus
2598 2705 2657 2749 ut
2680 2695 2854 2764 capita
2889 2694 3324 2764 uniuscujusque
3362 2693 3549 2758 bandi,
3573 2695 3627 2749 id

2059 2800 2162 2854 est.
2215 2790 2478 2854 cohortis,
2537 2789 2704 2842 unius
2786 2785 2989 2840 coloris
3065 2784 3234 2848 sint;
3295 2791 3350 2837 et
3415 2784 3630 2839 llamula

2062 2879 2494 2948 uniuscujusque
2527 2887 2738 2940 turmae,
2775 2883 2828 2930 et
2868 2875 3302 2943 uniuscujusque
3324 2874 3540 2944 drungi,
3574 2873 3630 2928 id

2059 2980 2163 3037 est,
2212 2969 2455 3024 cohortis
2489 2966 2776 3030 milliarize,
2821 2966 2986 3020 unius
3013 2980 3231 3033 quoque
3270 2966 3471 3019 coloris
3501 2965 3630 3019 sint.

466 3049 553 3105 ιϐ’.
585 3050 704 3104 Ἵνα
726 3049 784 3104 δὲ
801 3049 896 3104 καὶ
922 3049 984 3104 τδ
1006 3051 1344 3106 καθέκαστον
1368 3051 1554 3123 τάγμα
1583 3051 1820 3115 εὐκόλως
1843 3054 1957 3106 ιὶπι⁴

2134 3062 2220 3116 t9.
2253 3061 2323 3116 Ut
2361 3071 2489 3115 vero
2517 3072 2856 3126 unaquaeque
2901 3056 3101 3112 cohors
3140 3070 3294 3110 suam
3338 3055 3511 3124 ipsius
3539 3071 3632 3110 co—

390 3141 633 3213 γινώσκῃ
676 3141 737 3194 τὸ
766 3142 895 3194 ίδιον
927 3143 1134 3212 βάνδον,
1164 3143 1247 3196 δεῖ
1280 3145 1444 3213 ἕτερα
1477 3144 1592 3214 εἴδη
1635 3144 1729 3197 καὶ
1762 3145 1962 3214 σημεῖα

390 3229 740 3303 προστιθέναι
777 3235 900 3295 ταῖς
942 3234 1206 3301 κεφαλαῖς
1252 3236 1362 3288 τῶν
1391 3235 1598 3305 βάνδων
1642 3235 1962 3305 ἐγνωσμένα

388 3323 502 3384 τοῖς
542 3321 943 3398 στρατιώταις.,
967 3321 1108 3375 ὥστε
1154 3325 1220 3376 ὲκ
1258 3324 1450 3377 τούτου
1504 3323 1962 3392 ὲπιγινώσκεσθαι

390 3412 533 3465 αὑτά
577 3411 673 3465 καὶ
708 3412 848 3465 κατὰ
876 3412 976 3475 τὰς
1007 3414 1270 3483 τούρμας,
1303 3415 1400 3469 καὶ
1445 3417 1590 3470 κατὰ
1617 3416 1744 3479 τοὺς
1773 3413 1964 3486 δρούγ-

388 3519 540 3571 γους,
579 3502 674 3556 καὶ
704 3503 845 3556 κατὰ
869 3502 936 3556 τὰ
970 3499 1132 3573 βάνδα
1153 3503 1286 3574 (66).

464 3592 532 3648 κ’.
561 3595 744 3648 Πάντα
772 3595 829 3648 δὲ
848 3595 916 3648 τὰ
943 3597 1052 3648 τῶν
1077 3595 1438 3667 τουρμαρχῶν
1469 3596 1845 3667 ὲνηλλαγμένα
1881 3599 1963 3652 δεῖ

390 3678 533 3737 εἶναι
564 3687 660 3739 καὶ
699 3685 960 3756 πρόδηλα,
993 3687 1080 3740 ἵνα
1113 3687 1177 3739 ὲκ
1216 3686 1408 3740 πολλοῦ
1437 3687 1803 3758 διαστήματος
1841 3689 1961 3743 ἐπι-

389 3776 818 3850 γινώ[σκω]νται
851 3781 966 3842 τοῖς
987 3779 1078 3832 ὑπ’
1113 3779 1295 3843 αὐτοῖς
1333 3779 1706 3849 τεταγμένοις.

463 3875 570 3923 κα’.
599 3869 909 3939 Κελεύομεν
929 3869 988 3921 δέ
1023 3885 1127 3932 σοι,
1158 3863 1202 3923 ὦ
1232 3869 1641 3940 στρατηγὲ,καὶ
1659 3869 1809 3942 ἅρμα
1837 3872 1960 3924 ὲπι-

391 3960 652 4028 φέρεσθαι
690 3961 755 4012 ὲκ
799 3959 1060 4028 περισσοῦ
1104 3959 1191 4013 διὰ
1244 3960 1523 4031 βασταγῆς
1575 3961 1671 4014 καὶ
1723 3962 1961 4030 μάλιστα

391 4049 618 4119 τοξάρια
646 4050 741 4104 κα)⁸
770 4051 1048 4117 σαγίττας.
1079 4052 1197 4103 Ἵνα
1221 4053 1356 4118 τοῖς,
1386 4051 1463 4115 ὡς
1490 4051 1660 4116 εἰκὸς,
1701 4051 1959 4122 ἀστοχοῦ-

394 4156 478 4194 σιν
507 4140 691 4203 ὅπλοις
717 4139 775 4206 ἐξ
797 4139 974 4193 αὐτῶν
995 4141 1398 4211 άντεισάγηται.

466 4231 572 4300 κβ’.
612 4230 852 4295 Ἔξωθεν
883 4225 940 4284 δὲ
966 4232 1075 4284 τῶν
1108 4233 1298 4302 βοῒνων
1327 4231 1606 4304 θηκαρίων
1633 4232 1742 4287 τῶν
1777 4233 1960 4298 ζαϐῶν

2065 3151 2304 3218 hortem,
2341 3151 2417 3208 .id
2455 3160 2560 3213 est,
2617 3149 2856 3203 handum
2904 3146 3060 3200 facile
3100 3154 3380 3214 agnoscat,
3419 3155 3634 3216 Oportet

2063 3245 2167 3299 alia
2189 3244 2434 3311 quaedam
2469 3241 2679 3311 privata
2712 3239 2868 3308 signa
2903 3235 3177 3304 capitibus
3211 3235 3528 3305 adjnngere,
3570 3243 3631 3290 ιιι

2061 3349 2128 3388 ex
2155 3333 2261 3388 illis
2289 3341 2400 3386 tum
2429 3347 2522 3401 per
2559 3339 2789 3394 turmas,
2826 3337 2939 3382 tum
2969 3341 3065 3398 per
3095 3325 3357 3397 druugos,
3392 3335 3506 3382 tum
3533 3343 3630 3399 per

2062 3425 2239 3479 handa
2263 3422 2517 3494 cognosci
2559 3422 2788 3492 possint.

2130 3600 2218 3654 20.
2263 3595 2454 3652 Omnia
2489 3605 2667 3650 autem
2715 3596 3152 3649 turmarcharum
3194 3595 3349 3664 signa
3394 3603 3509 3649 tum
3541 3594 3633 3651 di-

2060 3705 2217 3745 versa
2243 3703 2364 3744 esse
2392 3695 2625 3757 oportet,
2671 3695 2784 3739 tum
2815 3685 3123 3749 manifesta,
3166 3695 3225 3740 ιιι
3256 3686 3416 3756 longo
3458 3687 3634 3742 inter~

2060 3781 2202 3835 vallo
2224 3791 2557 3848 cognoscere
2585 3792 2714 3832 suos
2739 3777 2972 3846 possint.

2129 3869 2219 3922 ⁸21.
2254 3867 2572 3921 Mandamns
2603 3867 2788 3930 etiam,
2825 3874 2885 3919 ut
2926 3879 3123 3920 currus
3169 3865 3391 3935 quidam
3443 3881 3643 3936 supera

2058 3958 2150 4014 ιιυί
2178 3957 2540 4011 adhibeantur
2567 3965 2785 4025 propter
2815 3955 3094 4026 bastagen,
3127 3954 3177 4009 id
3212 3965 3314 4015 est,
3335 3966 3638 4022 vecturam,

2057 4058 2111 4105 et
2149 4047 2384 4103 maxime
2429 4062 2655 4100 arcuum
2689 4045 3144 4115 sagittarumque,
3197 4058 3251 4099 ut
3292 4046 3377 4112 iis,
3412 4047 3504 4118 qui
3543 4063 3633 4102 ar-

2059 4140 2164 4194 mis
2195 4137 2585 4201 destituuntur,
2621 4136 2743 4190 inde
2768 4135 2936 4192 suﬂici
2968 4151 3116 4191 arma
3142 4138 3374 4206 possint.

2128 4230 2218 4284 22.
2258 4230 2457 4284 Prteter
2485 4229 2713 4284 bubulas
2730 4228 2983 4282 zaharum
3015 4228 3216 4289 thecas,
3246 4228 3446 4282 habere
3473 4242 3635 4296 opor-

392 4323 540 4394 ἔχειν
571 4323 695 4387 τοὺς
726 4321 1062 4392 στρατιώτας
1093 4323 1201 4376 ἀπὸ
1218 4323 1502 4392 δερμάτων
1535 4325 1771 4396 θηκάρια
1793 4325 1956 4396 ἔτερα

2059 4329 2138 4376 tet
2180 4321 2378 4375 milites
2432 4335 2496 4374 ex
2553 4317 2782 4388 pellibus
2824 4318 3004 4371 thecas
3047 4318 3307 4385 quasdam
3335 4317 3641 4384 expeditas.

394 4408 634 4482 ἐλαφρὰ,
682 4409 899 4479 ὅπωςῆ
955 4412 1012 4462 ὲν
1063 4409 1241 4480 καιρῷ
1279 4409 1539 4479 πολέμου,
1590 4411 1624 4480 ἢ
1673 4413 1731 4464 ὲν
1779 4410 1956 4480 καιρῷ

2065 4420 2123 4465 ιιι
2145 4410 2225 4463 vel
2258 4409 2379 4462 belli
2411 4419 2671 4477 tempore,
2700 4407 2782 4461 vel
2812 4405 3220 4466 excursionum,
3251 4405 3630 4475 postopisthop

394 4501 651 4572 κούρσου,
677 4498 900 4552 ὄπισθεν
923 4498 1030 4553 τῶν
1053 4499 1514 4569 ὀπισϐοκουρὸίων
1531 4499 1673 4552 κατὰ
1687 4500 1788 4563 τὰς
1819 4499 1961 4570 ψύας

392 4594 504 4646 τῶν
533 4594 718 4648 ἵππων
750 4591 1107 4664 βαστάζονται
1142 4592 1290 4662 (67),
1341 4592 1436 4645 καὶ
1485 4591 1551 4646 ἂν
1604 4592 1783 4664 συμϐῇ
1806 4633 1820 4655 ,
1883 4592 1960 4655 ὡς

393 4683 679 4750 πολλάκις,
721 4684 751 4736 ὃ
804 4683 880 4754 μὴ
903 4684 1131 4752 γένοιτο,
1196 4683 1406 4753 τροπῆς
1466 4682 1758 4753 γινομένης
1803 4683 1956 4750 πρὸς

389 4776 540 4843 μίαν
563 4775 791 4843 ἡμέραν
822 4775 1075 4844 ἀφανεῖς
1118 4775 1395 4843 γενέσθαι
1418 4775 1562 4840 τοὺς
1602 4775 1718 4840 τὴν
1761 4787 1950 4844 adpa-

396 4862 637 4931 σκευὴν
694 4861 983 4930 ἔχοντας,
1023 4861 1109 4931 μή
1150 4865 1272 4916 εισι
1313 4861 1534 4932 γυμναὶ
1559 4865 1620 4916 αἱ
1655 4861 1817 4922 ζὰὅαι
1862 4861 1960 4916 καὶ

394 4951 755 5020 φθείρονται.
803 4948 949 5007 Εἶτα
974 4953 1072 5005 καί
1093 4952 1381 5006 ’σκέπωσι
1431 4952 1573 5018 τοὺς
1599 4951 1962 5020 στρατιώτας

393 5041 686 5108 διηνεκῶς
713 5041 1077 5110 ἐπικείμεναι
1104 5043 1330 5107 αὐτοῖς.

465 5136 572 5198 κγ’.
602 5130 754 5184 Οὐδὲ
798 5130 975 5184 τοῦτο
1001 5131 1455 5199 παραλείψομεν
1472 5129 1542 5185 ἐν
1567 5127 1712 5197 τῇδε
1735 5129 1808 5198 τῇ
1839 5127 1964 5182 δια-

394 5219 582 5286 τάξει,
609 5221 710 5274 ἵνα
732 5224 786 5274 οἱ
815 5220 1104 5290 ἄρχοντες
1123 5221 1388 5276 ἑκάστου
1404 5221 1696 5292 τάγματος
1716 5221 1961 5292 διαγνώ-

394 5324 526 5377 σεις
571 5308 824 5364 ποιῶσιν
873 5311 944 5363 ἐν
988 5309 1068 5375 τῷ
1111 5307 1293 5378 καιρῷ
1333 5309 1440 5364 τοῦ
1473 5311 1963 5381 παραχειμαδίου,

2061 4499 2250 4554 curhia
2283 4499 2336 4552 in
2363 4496 2564 4553 lumbis
2602 4511 2894 4566 equorum,
2927 4495 3043 4549 etsi
3079 4492 3242 4565 (quod
3283 4493 3448 4565 absit)
3493 4509 3630 4550 con-
3699 4501 3706 4510 ’

2061 4591 2232 4660 tingat
2261 4601 2634 4657 smpenumero
2667 4587 2718 4641 in
2760 4586 2941 4658 fugam
2971 4585 3235 4648 converti,
3273 4593 3319 4638 et
3356 4583 3425 4636 ad
3470 4599 3635 4637 unam

2058 4680 2196 4733 diem
2226 4680 2495 4748 disparare
2522 4694 2630 4744 eos,
2661 4679 2752 4748 qui
2779 4687 3125 4732 commeatum
3158 4675 3369 4741 habent,
3409 4676 3632 4731 nausia:

2058 4767 2213 4820 nuda
2241 4768 2406 4830 zabaa,
2449 4774 2500 4820 et
2542 4776 2968 4835 corrumpantur.
3018 4764 3212 4820 Deinde
3243 4774 3293 4818 et
3321 4771 3496 4832 tegant
3528 4763 3632 4817 ιιιό-

2064 4859 2183 4914 litcs
2215 4860 2424 4914 assidue
2451 4858 2581 4930 ipsis
2612 4859 2889 4928 impositae.

2133 5136 2223 5194 93.
2255 5135 2434 5205 Neque
2454 5137 2550 5190 hoc
2577 5136 2957 5206 praeteribimus
2985 5136 3038 5188 in
3069 5135 3168 5188 hac
3189 5135 3538 5199 ordinatione,
3569 5145 3628 5189 ιιι

2064 5229 2300 5297 praefecti
2342 5228 2572 5296 cujusvis
2607 5228 2836 5282 cohortis
2883 5236 3252 5295 recognoscant
3279 5235 3505 5295 tempore
3541 5227 3629 5280 Iti-

2070 5321 2248 5384 berno,
2276 5318 2353 5373 uel
2388 5319 2496 5372 alio
2523 5319 2620 5372 otii
2663 5327 2909 5386 tempore,
2944 5332 3014 5369 an
3059 5315 3321 5371 abundent
3356 5315 3547 5372 milites
3577 5317 3636 5370 in

684 5482 686 5484 τ
1925 5445 2156 5502 NOTAE.

684 5482 686 5484 τ
1925 5447 1972 5502 Ν
2021 5447 2156 5502 ΤᾹΞ.

467 5533 586 5618 (64)
610 5536 709 5590 Ἐν
743 5536 872 5605 ταῖς
916 5537 1267 5605 σκούλκαις.
1321 5539 1690 5607 Scribebatur,
1739 5543 1799 5596 ἐν
1844 5447 2018 5606 ταῖςο
2073 5541 2431 5618 mysticam!
2457 5542 2740 5618 πάρλικον.

396 5617 1111 5745 σὲῖἔὲῗῧεριφρονοῦντες
1131 5678 1434 5748 nautium
1472 5678 1844 5750 Scribebatur,
1871 5698 1966 5735 as-

2139 5608 2254 5680 (66)
2287 5613 2362 5664 Τὰ
2383 5608 2605 5674 βάν-δά.
2636 5610 3004 5680 Scribebatur,
3038 5610 3136 5674 τὰς
3167 5608 3380 5680 eam.

2141 5679 2253 5750 (67)
2286 5679 2699 5741 Βαστάζονται.
2729 5679 3098 5748 Scribebatnr,
3138 5679 3495 5750 βαστάζοντα.
