4100 6226
469 298 576 362 ἹεΊ

1715 290 1988 353 LEONIS
2033 288 2497 351 PHILOSOPHI
3617 288 3736 353 $28

474 411 705 481 regione,
728 417 783 462 ut
815 409 1112 464 necessaria
1153 414 1352 469 emant,
1389 414 1439 459 et
1488 404 1684 473 liqueat
1709 413 1834 473 quot
1863 403 2033 472 equis,

2159 404 2183 470 ἲ)
2209 404 2279 455 ἐν
2306 401 2487 468 ἑτέρῳ
2514 401 2724 469 ἀργίας
2750 397 2933 466 καιρῴ
2968 398 3126 453 ὥστε
3155 399 3265 455 ἐὰν
3283 401 3370 469 μὴ
3389 399 3735 469 εὐπορῶσιν

472 518 581 571 qua
607 502 793 570 specie,
820 511 987 570 etquo
1011 516 1171 553 curru
1198 500 1432 569 indigeat
1458 498 1681 551 militum
1710 498 1947 566 quilibet.
1987 497 2059 553 Ut

471 605 757 656 prepares,
819 590 1128 654 imperator,
1178 603 1280 655 quo
1336 587 1447 640 hare
1499 598 1795 655 opportuno
1829 597 2060 654 tempore

470 684 785 742 prmstentur
821 674 951 738 ipsis
999 674 1357 736 comparanda
1387 678 1452 725 ab
1502 672 1768 741 aliquibus
1797 683 2058 726 mercato-

477 765 642 818 ribus.
669 763 848 832 Neque
879 765 998 817 inde
1027 766 1283 833 indigena:
1307 764 1626 817 habitatores
1647 766 1933 831 lwdantur,
1968 782 2058 819 ne-

475 872 573 925 que
624 855 814 907 milites
860 856 1170 909 necessariis
1211 855 1495 922 speciebus,
1538 864 1587 909 et
1619 855 1803 919 armis,
1846 857 1893 908 si
1920 856 2059 923 forte

472 946 550 998 ita
589 962 667 999 res
698 962 753 999 se
781 946 993 1009 habeat,
1029 947 1223 1014 privati
1256 946 1544 1016 indigeant.
1579 945 1868 1015 Postquam
1896 948 2057 1016 igitur

470 1047 754 1105 equestrem
789 1037 1007 1091 militem
1031 1038 1372 1098 armavimus.
1404 1037 1592 1090 deinde
1641 1046 1689 1090 et
1719 1038 1976 1106 quomodo
2007 1047 2057 1091 te

472 1137 714 1195 oporteat
740 1130 1091 1182 necessariam
1117 1129 1436 1193 pedestrium
1466 1128 1693 1181 militum
1720 1136 2054 1180 armaturam

473 1219 646 1286 facere
655 1219 773 1287 jam
796 1220 1052 1273 dicemus.

2160 499 2212 548 οὶ
2240 492 2591 563 στρατιῶται
2616 491 2762 545 κατὰ
2790 491 2906 559 τὴν
2934 490 3134 561 χώραν
3164 492 3457 561 ἀγοράσαι
3496 492 3569 547 τὰ
3605 494 3732 549 ἐπι-

2160 586 2386 651 τήδεια,
2443 584 2707 654 φανερὸν
2760 584 3034 653 γίνεσθαι
3094 585 3304 638 πόσων
3353 586 3578 653 ἵππων,
3633 587 3733 639 καὶ

2159 677 2334 728 ποίου
2364 674 2585 738 εἴδους,
2642 672 2741 725 καὶ
2781 674 2959 725 ποίου
3015 672 3279 741 ἅρματος
3327 674 3564 728 δέονται
3615 673 3737 727 τῶν

2158 765 2535 833 στρατιωτῶν
2602 765 2883 828 ἕκαστος.
2937 764 3075 817 ἰνα
3134 763 3589 833 παρασκευάζῃς
3620 806 3637 831 .
3690 760 3739 818 ὦ

2159 856 2476 925 στρατηγέ,
2527 856 2714 910 ταῦτα
2745 856 2814 908 έν
2859 853 2941 920 τῷ
2980 854 3177 909 δέοντι
3227 854 3413 924 καιρῷ
3466 858 3743 924 εὐτρεπίοη

2159 945 2358 1006 ζἐσθαι
2392 944 2544 1013 πρὸς
2566 944 2901 1013 ἀγορασίαν
2935 945 3138 1010 αὐτοῖς
3169 944 3287 998 ἀπὸ
3333 945 3605 1014 ἐμπόρων
3655 965 3739 1000 τι-

2158 1033 2302 1097 νῶν,
2348 1036 2446 1087 καὶ
2487 1032 2640 1103 μήτε
2693 1033 2976 1087 ἐντεῦθεν
3007 1037 3059 1087 οί
3109 1035 3375 1090 ἐντόπιοι
3428 1038 3738 1107 οἰκήτορες

2152 1123 2567 1189 βλάπτωνται,
2604 1123 2757 1192 μήτε
2783 1126 2837 1178 οἱ
2862 1125 3216 1195 στρατιῶται
3238 1127 3361 1180 τῶν
3396 1129 3739 1197 ἀναγκαίων

2155 1213 2332 1269 ειδῶν
2360 1215 2458 1269 καὶ
2494 1215 2721 1280 ὅπλων,
2774 1218 2828 1269 ει
2880 1216 3035 1269 οὕτω
3084 1218 3275 1285 τύχοι,
3304 1220 3735 1288 ὑστερούμενοι

469 1308 798 1376 ἀπορῶσιν.
839 1310 1002 1363 Ἐπεὶ
1028 1305 1144 1363 οὖν
1169 1310 1279 1363 τὸν
1311 1308 1720 1375 καϐαλλάριον
1757 1306 2133 1375 στρατιώτην
2157 1306 2601 1373 ἐξωπλίσαμεν,
2627 1305 2776 1373 ἑξῆς
2808 1308 2910 1360 καὶ
2962 1307 3126 1375 ὅπως
3177 1309 3293 1379 χρή
3354 1327 3428 1364 σε
3494 1312 3589 1365 καὶ
3619 1310 3741 1364 τῶν

472 1399 616 1466 πεζῇ
651 1399 1007 1468 μαχομένων
1030 1398 1405 1467 στρατιωτῶν
1425 1398 1540 1467 τὴν
1560 1398 1825 1453 δέουσαν
1867 1397 2239 1465 ποιήσασθαι
2267 1398 2518 1452 ὅπλισιν
2542 1396 2660 1465 ἤδη
2686 1397 2966 1467 λέξομεν.

542 1490 631 1543 24.
657 1489 788 1544 Cum
817 1490 979 1559 igitur
1003 1492 1255 1557 pedestris
1291 1492 1552 1544 exercitus
1592 1491 1729 1543 acies
1757 1490 2053 1559 antiquitus

472 1582 526 1634 in
554 1581 658 1634 tria
696 1580 1021 1633 divideretur
1056 1580 1197 1648 apud
1220 1590 1449 1634 uetustos
1489 1580 1731 1643 tacticos,
1758 1580 1856 1633 hoc
1875 1588 1974 1643 est,
1998 1579 2054 1633 in

472 1681 708 1725 armatos
732 1687 861 1740 quos
900 1672 1206 1726 recentiores
1250 1681 1484 1725 scutatos
1537 1671 1950 1741 appellaverunt,
2000 1671 2055 1724 in

2233 1489 2333 1542 κδ’.
2368 1487 2481 1556 Τῆς
2516 1487 2757 1555 πεζικῆς
2791 1490 3001 1543 τοίνυν
3044 1489 3153 1543 τοῦ
3204 1490 3464 1559 στρατοῦ
3509 1493 3740 1556 τάξεως

2159 1575 2347 1631 πάλαι
2362 1576 2479 1645 μέν
2498 1578 2586 1642 είς
2600 1578 2733 1643 τρία
2750 1576 3115 1645 διῃρημένης
3137 1579 3296 1647 παρὰ
3319 1578 3444 1645 τοῖς
3463 1580 3740 1648 ἀρχαίοις

2158 1665 2477 1732 τακτικοῖς,
2523 1661 2653 1721 οἷον
2705 1669 2790 1733 είς
2840 1668 3131 1733 ὁπλίτας,
3191 1669 3302 1736 οὓς
3349 1674 3404 1724 ol
3461 1672 3736 1741 νεώτεροι

471 1764 599 1817 leuis
627 1773 918 1817 armatura:
949 1763 1143 1817 milites
1169 1779 1296 1833 quos
1325 1773 1374 1817 et
1410 1765 1467 1816 in
1504 1779 1732 1832 praesens
1752 1762 1929 1816 eodem
1961 1778 2056 1816 no-

2159 1759 2541 1825 σκουτάτους
2580 1758 2908 1824 ἐκάλεσαν,
2948 1762 3035 1826 είς
3065 1760 3312 1828 ⁴ψιλοὺς,
3340 1763 3449 1828 οὓς
3476 1765 3573 1818 καὶ
3619 1764 3741 1817 νῦν

474 1855 615 1906 mine
655 1863 840 1907 vocant
859 1894 874 1917 ,
908 1866 956 1907 et
985 1856 1038 1907 in
1068 1855 1254 1921 peltas,
1282 1870 1503 1924 quorum
1533 1854 1686 1907 modo
1728 1870 1790 1907 ne
1816 1853 2057 1922 appella-

476 1943 673 1997 tionem
709 1943 916 2011 quidem
946 1946 1181 1997 novimus
1203 1961 1222 2008 ;
1248 1945 1453 1999 videtur
1477 1943 1604 1996 mihi
1629 1942 1753 1997 levis
1774 1953 2061 1999 armaturae

481 2033 741 2086 militibus
767 2033 859 2087 hos
885 2036 1181 2088 accensenti
1226 2034 1357 2088 duos
1396 2033 1535 2087 solos
1565 2033 1775 2087 ordines
1802 2034 2059 2101 pedestris

475 2125 733 2177 exercitus
750 2139 1181 2189 commemorare,
1204 2135 1532 2178 armatorum
1554 2134 1602 2179 et
1619 2125 1745 2179 levis
1774 2136 2062 2181 armatura

478 2213 729 2266 militum.
767 2212 839 2267 De
874 2214 956 2268 his
988 2215 1150 2284 igitur
1194 2214 1465 2269 ordinibus
1509 2230 1603 2270 nos
1639 2214 1860 2283 delinire
1886 2231 2064 2269 susce-

480 2317 680 2371 pimus.

543 2479 634 2535 25.
682 2480 929 2535 Armabis
978 2480 1143 2550 igitur
1178 2489 1411 2534 scutatos
1458 2481 1743 2548 pedestres,
1782 2480 1873 2551 qui
1919 2482 2064 2536 anti-

475 2572 656 2641 quitus
685 2572 883 2624 armati
913 2571 1261 2635 vocabantur,
1304 2572 1384 2623 ita
1424 2578 1482 2623 ut
1524 2570 1748 2624 habeant
1795 2571 2059 2636 spatham.

476 2660 672 2715 hastile
714 2671 762 2714 et
793 2671 1023 2723 scutum,
1045 2677 1161 2712 cum
1194 2660 1401 2728 quidem
1422 2659 1630 2712 utilitas
1660 2669 1921 2728 exposcet,
1947 2662 2066 2714 lon-

477 2764 601 2818 gum
628 2762 914 2817 magnum,
962 2746 1102 2815 quod
1149 2754 1368 2799 vocatur
1410 2746 1636 2813 thyreos,
1688 2745 1899 2799 omnino
1945 2761 2064 2800 vero

482 2836 767 2890 rotundum
806 2836 1119 2905 perfectum.
1165 2833 1329 2889 Scuta
1358 2850 1472 2887 vero
1502 2835 1735 2887 omnium
1769 2832 1947 2905 eodem
1986 2849 2068 2887 ca-

478 2929 590 2981 lore
611 2927 690 2981 vel
716 2926 1002 2980 secundum
1035 2941 1331 2989 numerum,
1357 2931 1432 2978 vel
1476 2924 1762 2978 secundum
1793 2924 2066 2977 ordinem;

478 3019 704 3072 habeant
738 3033 855 3072 vero
903 3019 1061 3071 etiam
1116 3017 1379 3071 cassidem
1423 3017 1587 3070 crista
1626 3017 1817 3086 exigua
1846 3032 2067 3084 superne

2159 1848 2380 1917 ψιλοὺς
2407 1847 2488 1914 τῷ
2516 1847 2675 1914 αὑτῷ
2698 1849 2997 1904 καλοῦσιν
3022 1851 3299 1919 ὀνόματι,
3329 1853 3429 1906 καὶ
3471 1857 3560 1920 εις
3586 1855 3738 1908 πέλ-

2159 1954 2289 2005 τας,
2342 1933 2430 1993 ὧν
2474 1940 2531 1992 οι
2578 1939 2709 1994 καθ’
2738 1938 2897 2009 ἡμᾶς
2929 1942 3002 1995 οὐ
3054 1940 3421 2010 γινώσκουσι
3455 1943 3573 2012 μὲν
3619 1946 3740 2013 τὴν

2160 2028 2412 2096 κλῆσιν,
2441 2028 2612 2083 δοκεῖ
2628 2047 2733 2099 μοι
2764 2031 2834 2083 δὲ
2864 2030 2990 2097 τοῖς
3030 2030 3235 2100 ψιλοῖς
3261 2033 3484 2100 αὐτοὺς
3511 2051 3742 2106 συγκα-

2159 2115 2528 2184 ταλέξαντες
2556 2117 2665 2171 δύο
2695 2119 2888 2187 μόνας
2916 2118 3029 2188 (68)
3051 2118 3253 2187 τάξεις
3304 2119 3544 2182 πεζικοῦ
3583 2142 3741 2193 μνη-

2155 2205 2453 2274 μονεῦσαι
2490 2209 2777 2276 στρατοῦ,
2813 2209 3076 2263 ὁπλιτῶν
3106 2226 3171 2265 τε
3197 2211 3295 2265 καὶ
3317 2211 3535 2279 ⁴ψιλῶν,
3595 2215 3739 2283 Περὶ

2160 2297 2389 2350 τούτων
2429 2292 2543 2352 οὖν
2588 2298 2760 2368 ἡμεῖς
2798 2298 3187 2368 διαλαϐόντες
3228 2301 3346 2357 τῶν
3374 2303 3603 2369 τάξεων
3648 2306 3735 2360 δι-

2162 2385 2511 2456 ορισώμεθα.

2234 2476 2330 2532 us'.
2367 2478 2674 2545 Ὀπλίσεις
2698 2479 2817 2547 μὲν
2855 2478 2969 2533 οὖν
2997 2480 3107 2533 τὸν
3142 2479 3319 2539 πεζῦν
3348 2483 3689 2538 σκουτάτον
3711 2524 3730 2547 ,

2162 2567 2469 2638 τὸνζπάλαι
2490 2571 2871 2639 καλούμενον
2897 2572 3179 2638 ὁπλίτην,
3210 2571 3368 2627 ὥστε
3385 2573 3549 2642 ἔχειν
3574 2574 3739 2628 σπά-

2164 2662 2300 2727 θην,
2329 2661 2633 2729 κοντάριν,
2661 2662 3011 2732 σκουτάριν,
3033 2664 3133 2718 ὅτε
3160 2665 3278 2734 μὲν
3308 2668 3480 2734 χρεία
3529 2667 3737 2727 καλεῖ.

2163 2750 2476 2816 ἐπίμηκες,
2510 2752 2690 2821 μέγα,
2734 2752 2768 2805 δ
2794 2752 3065 2808 καλεῖται
3106 2755 3348 2822 θυρεὸς,
3387 2756 3623 2821 πάντως
3667 2755 3739 2809 δέ

2164 2842 2544 2911 στρογγύλον
2574 2842 2829 2898 τέλειον.
2865 2845 2942 2897 Τὰ
2986 2843 3056 2897 δέ
3087 2846 3424 2913 σκουτάρια
3474 2848 3739 2915 ὁμόχροα

2165 2931 2426 2999 πάντων,
2453 2934 2493 3001 ἢ
2520 2936 2670 2988 κατὰ
2688 2935 2968 3003 ἀριθμὸν,¹
2991 2934 3030 3003 ἢ
3057 2935 3208 2989 κατὰ
3235 2936 3445 3005 τάγμα,
3487 2938 3652 3007 ἔχειν
3669 2936 3740 2991 δέ

2165 3023 2265 3076 καὶ
2316 3024 2581 3077 κασσίδα
2626 3026 2843 3093 τουςρὶν
2893 3026 3110 3094 μικρὸν
3146 3026 3416 3095 ἔχουσαν
3468 3032 3731 3098 ανωθεν,

480 3110 832 3171 instructam,
876 3108 1193 3176 [undibula,
1246 3123 1453 3161 secures
1501 3108 1781 3177 ancipites,
1830 3122 2061 3176 quarum

2164 3113 2566 3182 σφενδοϐὁλα,
2597 3114 2891 3183 τζὶκούρια
2915 3115 3190 3185 δίστομα,
3224 3117 3291 3171 τὸ
3304 3120 3422 3187 μὲν
3439 3118 3512 3172 ἐν
3539 3124 3735 3190 στόμα

484 3201 697 3270 quidem
727 3200 866 3253 acies
896 3216 1001 3252 una
1022 3199 1181 3253 ueluti
1204 3200 1412 3266 spatha,
1443 3198 1614 3251 altera
1638 3214 1777 3262 vero,
1799 3208 1853 3251 ut
1883 3214 2061 3251 mucro

481 3298 672 3357 hastce,
698 3307 815 3361 qum
840 3301 1118 3360 portentur
1160 3307 1277 3343 cum
1314 3290 1475 3343 thecis
1524 3290 1780 3357 pelliceis,
1811 3288 1892 3342 vel
1924 3288 2061 3342 alias

484 3394 694 3434 secures
724 3378 969 3431 habentes
994 3379 1203 3443 quidem
1237 3378 1403 3431 aciem
1447 3393 1607 3430 unam
1645 3378 1941 3446 prtecisam,
1980 3378 2064 3430 al-

482 3481 649 3522 teram
689 3483 805 3521 vero
833 3468 1138 3533 rotundam,
1170 3468 1246 3521 vel
1284 3467 1420 3520 alias
1445 3484 1649 3521 secures
1676 3467 1927 3535 ancipites
1957 3468 2063 3520 ritu

482 3560 741 3629 pelecum.
769 3557 941 3612 Electi
963 3568 1138 3611 autem
1174 3559 1305 3612 aciei
1328 3560 1551 3612 habeant
1580 3560 1742 3613 etiam
1764 3559 1945 3624 zabas,
1967 3560 2063 3612 hoc

486 3657 567 3702 est
598 3647 819 3709 loricas,
849 3648 895 3700 si
922 3646 1168 3715 possibile
1193 3654 1293 3711 est,
1328 3648 1593 3710 universi;
1624 3648 1707 3701 sin
1733 3648 1929 3714 minus,
1956 3648 2061 3701 duo

482 3741 641 3809 primi
673 3741 923 3791 acierum.
953 3737 1153 3793 Contra
1190 3755 1305 3792 vero
1328 3740 1578 3804 membra,
1606 3742 1701 3794 hoc
1726 3751 1801 3794 est
1822 3742 2062 3797 humeros

485 3828 631 3882 zaba:
666 3827 919 3896 flantulas
967 3829 1182 3898 exiguas
1227 3830 1490 3894 habeant,
1533 3840 1582 3884 et
1624 3832 1896 3896 manicas,
1946 3848 2062 3902 qum

484 3915 783 3970 manicella:
825 3925 874 3968 et
922 3915 1237 3982 chiropsella
1286 3917 1555 3981 dicuntur,
1605 3918 1826 3987 ferreas,
1878 3921 1954 3972 vel
1994 3921 2062 3973 li-

486 4022 665 4076 gneas,
706 4015 755 4060 et
782 4021 965 4061 ocreas
1011 4005 1282 4069 similiter,
1306 4022 1422 4075 qua:
1466 4008 1716 4062 dicuntur
1758 4011 2061 4079 podopsella

484 4096 563 4153 vel
592 4095 925 4159 chalcotuba,
961 4096 1188 4149 maxime
1224 4112 1341 4177 vero
1370 4098 1433 4164 ii,
1471 4100 1561 4168 qui
1610 4100 1666 4153 in
1708 4101 1967 4167 capitibus
2010 4112 2060 4157 et

485 4188 675 4244 caudis
712 4187 948 4241 acierum
976 4186 1225 4241 collocati
1258 4198 1401 4243 sunt.

553 4472 645 4527 26.
683 4470 754 4525 Ει
784 4481 1020 4527 scutatos
1064 4472 1142 4525 ita
1178 4472 1433 4537 armabis,
1480 4482 1538 4525 ut
1583 4472 1783 4526 dictum
1810 4481 1890 4526 est
1923 4484 1943 4524 :
1969 4487 2057 4526 eos
2087 4445 2133 4502 Β

485 4580 628 4626 vero,
650 4564 740 4633 qui
760 4563 883 4617 leuis
902 4573 1192 4617 armatura:
1212 4562 1550 4631 appellantur
1564 4562 1659 4615 hoc
1679 4563 1832 4616 modo
1845 4576 1864 4615 :
1892 4561 2064 4616 Toxo-

486 4654 760 4723 pharetra,
790 4668 909 4720 qua:
940 4653 994 4705 in
1035 4652 1265 4705 humeris
1306 4661 1579 4722 gestantur
1600 4651 1849 4704 habentia
1865 4667 2066 4705 cucura

487 4759 706 4813 magna,
740 4756 857 4811 quin
897 4741 1107 4810 singula
1132 4742 1372 4809 triginta,
1402 4740 1480 4794 vel
1500 4740 1857 4810 quadraginta
1893 4740 2061 4809 sagit-

488 4841 570 4885 tas
600 4832 831 4897 capiant.
865 4828 1141 4883 Solenaria
1179 4829 1352 4897 lignea
1375 4844 1493 4880 cum
1526 4829 1701 4895 paruis
1750 4828 1983 4897 sagittis,
2009 4838 2059 4881 et

487 4922 698 4974 cucuris
727 4919 953 4989 exiguis,
984 4934 1102 4988 qua:
1140 4918 1210 4971 ad
1242 4934 1487 4987 magnam
1510 4917 1822 4970 distantiam
1844 4915 2061 4984 jaciun-

488 5019 576 5064 tur
608 5012 672 5065 ab
696 5011 922 5064 arcubus
957 5011 1096 5080 (73),
1128 5019 1182 5064 et
1210 5009 1443 5063 inimicis
1493 5006 1704 5061 inutilia
1756 5014 1903 5061 sunt.
1954 5005 2061 5058 Bu-

2162 3204 2243 3266 ὠς
2262 3201 2528 3269 σπάθην,
2584 3202 2652 3256 τὸ
2696 3202 2766 3256 δὲ
2801 3204 3008 3273 ἕτερον
3035 3206 3115 3271 ὠς
3154 3209 3475 3275 κονταρίου
3503 3209 3682 3279 ξίφος
3711 3253 3727 3278 ,

2162 3292 2684 3361 ἀναϐασταζόμενα
2705 3295 2856 3362 μετὰ
2884 3296 3182 3363 θηκαρίων
3231 3297 3598 3366 δερματίνων
3624 3341 3641 3365 ,
3690 3302 3731 3369 ἢ

2162 3381 2452 3451 τζικούρια
2478 3384 2669 3453 ἕτερα,
2690 3385 2910 3453 ἔχοντα
2929 3387 2996 3439 τὸ
3011 3388 3127 3456 μὲν
3145 3387 3216 3441 ἓν
3237 3391 3432 3458 στόμα
3453 3392 3563 3462 (69)
3585 3394 3735 3445 κόπ-

2167 3488 2293 3538 τον,
2336 3473 2403 3526 τύ
2420 3472 2489 3526 δὲ
2505 3473 2711 3541 ἕτερον
2734 3478 3212 3546 στρογγύλον.“Ἡ
3229 3479 3402 3548 ἔτερα
3433 3480 3682 3551 τζικούρι
3696 3501 3736 3535 α

2160 3558 2416 3629 δίστομα
2438 3560 2612 3625 τάξιν
2639 3564 3117 3631 πελεκίων.Τοὺς
3138 3566 3207 3619 δὲ
3226 3567 3586 3636 ἐπιλέκτους
3623 3571 3735 3638 τῆς

2159 3649 2461 3721 άκίας(70)
2488 3651 2655 3719 ἔχειν
2691 3652 2791 3705 καὶ
2818 3652 3014 3720 ζάόας,
3040 3655 3170 3723 ἤτοι
3216 3658 3465 3725 λωρίκια
3487 3700 3502 3724 ,
3536 3663 3589 3714 ει
3618 3663 3736 3730 μὲν

2159 3740 2440 3805 δυνατὸν,
2467 3742 2670 3809 ὅλους,
2704 3744 2803 3796 ἐπὶ
2848 3745 2962 3817 (7i)
3012 3746 3131 3800 κᾶν
3153 3747 3261 3803 δύο
3288 3751 3429 3816 τοὺς
3468 3752 3735 3821 πρώτους

2160 3830 2280 3884 τῶν
2304 3832 2513 3888 ἀκιῶν.
2546 3835 2705 3888 Κατὰ
2737 3834 2806 3887 δέ
2833 3835 2952 3889 τῶν
2967 3837 3184 3907 μήλων
3227 3842 3357 3909 ἢτοι
3396 3842 3516 3895 τῶν
3562 3846 3737 3913 ὤμων

2159 3921 2269 3990 τῆς
2296 3922 2472 3988 ζὰϐας
2530 3927 2984 3994 φλαμουλίσκια
3029 3931 3234 3998 μικρὰ,
3286 3934 3455 4000 ἔχειν
3506 3934 3575 3986 δὲ
3630 3937 3734 3988 καὶ

2159 4014 2546 4083 χειρομάνικα
2572 4017 2709 4087 (72),
2745 4018 2817 4072 τὰ
2844 4021 3138 4089 λεγόμενα
3157 4024 3544 4092 μανικέλλια,
3567 4028 3604 4094 ἢ
3632 4029 3733 4081 καὶ

2159 4104 2443 4173 χειρόψελ
2456 4107 2525 4158 λα
2554 4106 2796 4175 σιδηρᾶ,
2819 4108 2857 4175 ἢ
2889 4109 3129 4176 ξύλινα,
3157 4113 3255 4167 καὶ
3305 4118 3735 4186 περικνημίδας

2158 4196 2395 4262 ὁμοίως,
2449 4194 2489 4249 ά
2523 4195 2758 4265 λέγεται
2810 4199 3168 4269 ποδὸψελλα
3216 4206 3253 4273 ἢ
3308 4209 3729 4274 χαλκότουϐα,

2153 4287 2422 4356 μάλιστα
2462 4291 2605 4355 τοὺς
2625 4290 2695 4344 έν
2716 4292 2845 4360 ταῖς
2873 4295 3167 4363 κεφαλαῖς
3212 4298 3312 4352 καὶ
3352 4299 3559 4366 οὐραῖς
3612 4299 3734 4354 τῶν

2159 4379 2348 4433 ἁκιῶν
2380 4381 2802 4451 τεταγμένους.

2235 4474 2349 4533 κς’.
2375 4470 2482 4524 Καὶ
2511 4471 2652 4537 τοὺς
2674 4472 2793 4541 μὲν
2816 4474 3197 4543 σκουτάτους
3225 4477 3411 4544 οὕτως
3430 4480 3731 4545 ὁπλίσεις,

2158 4557 2239 4623 ὡς
2268 4558 2518 4626 ειρηται,
2545 4560 2689 4626 τοὺς
2710 4560 2780 4613 δέ
2806 4562 3171 4631 λεγομένους
3195 4566 3418 4633 ψιλοὺς
3466 4568 3574 4621 τὸν
3601 4569 3734 4635 τρὸι-

2158 4664 2278 4702 πον
2292 4649 2527 4704 τοῦτον·
2569 4651 2980 4721 Τοξοφάρετρα
3021 4655 3115 4708 ἐπὶ
3152 4655 3270 4708 τῶν
3314 4656 3487 4726 ὤμων
3514 4659 3735 4713 ἀνασα-

2156 4737 2491 4807 σταζὸμενα
2523 4740 2742 4809 έχοντα
2766 4743 3074 4812 κούκουρα
3099 4745 3334 4814 μεγάλα
3379 4748 3688 4816 χωροῦντα
3716 4790 3731 4812 ,

2163 4830 2281 4883 ἀνὰ
2295 4828 2349 4883 λ’
2376 4828 2415 4896 ἢ
2432 4829 2489 4899 μ’
2511 4832 2825 4899 σαγιττῶν.
2842 4835 3185 4903 Σωληνάρια
3210 4838 3321 4907 (74)
3345 4837 3561 4902 ξύλινα
3584 4842 3735 4907 μετὰ

2160 4918 2390 4987 μικρῶν
2413 4920 2732 4989 σαγιττῶν,
2764 4923 2865 4976 καὶ
2912 4926 3261 4993 κουκούρων
3282 4927 3532 4995 μικρῶν,
3585 4928 3738 4995 ἅπερ

2165 5011 2264 5064 ἐπὶ
2299 5012 2460 5065 πολὺ
2487 5010 2790 5083 διάστημα
2812 5014 3128 5082 ῥίπτονται
3152 5016 3248 5071 διὰ
3275 5017 3394 5071 τῶν
3418 5018 3730 5093 τοαξαρίων⁸

2010 5095 2241 5159 NOTAE.

559 5190 673 5311 (εδ)
732 5190 845 5243 Δύο
864 5190 1077 5311 ἐιέζας.
1116 5188 1490 5271 Scribebalur,
1524 5188 1619 5241 δύο
1653 5186 1846 5258 μῆνας.

559 5260 650 5311 (69
722 5259 792 5311 Τὸ
822 5277 861 5311 ιι
961 5276 1049 5311 εν.
1085 5258 1438 5311 Scnbebatur
1465 5256 1528 5310 τὸ
1555 5257 1677 5311 μέν.

583 5256 673 5325 69)
722 5259 792 5328 Τὸ
818 5256 932 5328 μὲν
961 5258 1049 5311 ἓν.
1072 5258 1438 5328 WScribebatur
1465 5256 1528 5328 τρ
1555 5256 1677 5326 μένζ

586 5330 674 5395 70)
706 5326 1034 5395 Τῆςάκίας.
1064 5327 1435 5389 Scribebatur,
1458 5326 1635 5391 ἀξίας.

587 5392 675 5459 ’11)
711 5392 841 5451 tibi].
876 5392 1134 5449 Laurent.
1176 5397 1355 5459 habet,
1389 5395 1562 5458 οὐλῶς
1601 5397 1737 5448 ἐστι.

548 5461 667 5535 (72)
679 5463 785 5519 Καὶ
800 5463 1203 5535 χειρομάνικα.
1214 5465 1595 5535 Αδυτῑυωιωιυτ,
1612 5464 1704 5516 καὶ
1716 5461 2057 5533 χειρομανέα.

563 5532 673 5603 (Z3)
708 5532 1036 5603 ﬂuentaque,
1053 5548 1173 5602 qua:
1196 5532 1414 5588 diverso
1439 5535 1758 5603 charactere
1773 5532 2051 5603 natantur,

2156 5414 2312 5471 μενα
2332 5398 2565 5471 ἔχοντα*
2602 5398 2899 5469 κούκουρα
2919 5405 3153 5471 μεγάλα

2232 5193 2525 5265 (74)“Τοὺς
2561 5194 2630 5248 δέ
2654 5195 3022 5264 λεγομένους
3060 5197 3284 5265 ψιλοὺς
3337 5198 3737 5260 άναϐασταζό-

2154 5277 2311 5335 μενα
2334 5261 2552 5335 ἔχοντα
2574 5261 2877 5335 κουκούρα
2919 5261 3153 5335 μεγάλα
3193 5261 3487 5335 κυροῦντα
3525 5270 3641 5322 ἀνὰ
3677 5273 3735 5321 λ’

2161 5330 2200 5396 ἢ
2226 5336 2285 5398 μ’
2332 5331 2513 5404 τόξον
2532 5330 2831 5401 φαρέτραν
2854 5330 2957 5387 ἐπὶ
2985 5330 3093 5387 τὸν
3120 5330 3308 5404 νόμον
3328 5337 3734 5395 άναόασταζό-

3185 5405 3493 5470 χωροῦντα
3532 5406 3649 5458 ἀνὰ
3678 5404 3733 5457 λ’

2164 5466 2201 5533 ἢ
2227 5472 2285 5533 μ’
2318 5466 2612 5535 σαγιττῶν
2657 5466 3025 5538 σωληνάριαζ
3056 5466 3409 5528 ειρ.”1,ὀεηε
3459 5475 3547 5526 hic
3577 5475 3734 5526 valde

2168 5546 2622 5609 corruptuserat,
2649 5548 2891 5609 etmvoces
2926 5541 3293 5609 transpositw,
3320 5557 3384 5594 ac
3407 5543 3545 5595 male
3573 5557 3729 5609 repe-

491 5601 553 5688 in
576 5600 749 5688 ἀμφὶ
787 5600 975 5659 codice
1005 5600 1252 5667 deerant,
1284 5618 1384 5659 nec
1411 5618 1439 5656 ει
1506 5600 1746 5657 Meursio
1806 5601 2056 5671 suppleta

2168 5604 2301 5688 ti’l'aa.
2328 5600 2619 5688 Rcsﬁpuio
2652 5626 2666 5660 :
2699 5607 2837 5688 'i‘pb;
2862 5607 2917 5688 δὲ
2941 5600 3264 5688 λεγομένους
3282 5600 3492 5688 ’ψιλοὺε
3506 5600 3727 5688 ἕχονῇας

493 5667 737 5730 fuerant.

2158 5671 2329 5739 τόξον,
2351 5675 2647 5745 φαρέτραν,
2665 5677 2758 5728 καὶ
2785 5671 3058 5744 κούκουρα
3073 5671 3294 5745 ’μεγάλα
3310 5671 3596 5745 δίωροῦντά
3620 5673 3729 5732 ἀνὰ
