4080 6218
295 323 417 387 ’ἿΞ9
1028 347 1032 350 ⁴
1365 316 1697 379 TACTICA.
1743 341 1799 350 -
1830 315 2333 377 CONSTITUTIO
2372 316 2449 378 VI
3436 322 3543 393 .730

312 436 406 488 καὶ
430 432 543 496 τοῖς
572 429 785 500 ἐχθροῖς
816 430 1068 502 ἄχρηστά
1095 430 1201 485 είσι
1230 446 1243 464 ι
1272 429 1515 501 βιρίττας
1544 431 1683 501 (75),
1712 430 1749 483 ἃ
1782 429 1861 482 λέ-

1975 429 2132 485 rittas
2174 437 2379 492 autem,
2404 443 2527 497 qua:
2568 428 2852 495 rhictaria,
2886 429 2938 483 id
2983 437 3092 495 est,
3141 431 3248 488 tela
3290 431 3542 490 dicuntur

306 540 466 592 γεται
493 522 792 593 ρικτάρια,
844 522 973 585 τοὺς
1036 522 1281 592 ἀπείρως
1335 522 1473 590 πρὸς
1517 521 1617 590 τὴν
1662 519 1861 584 τοξείαι

1973 534 2068 575 eos
2100 520 2300 575 habere
2334 528 2569 588 oportet,
2592 519 2685 587 qui
2711 520 2785 571 rei
2813 520 3105 589 sagittariae
3133 522 3365 592 imperiti
3389 532 3540 589 sunt,

306 614 554 681 ἔχοντας,
580 612 613 682 ἢ
635 613 728 665 καὶ
756 612 1131 682 λειπομένους,
1172 612 1246 674 ὡς
1275 613 1443 675 είκδς,
1476 610 1666 675 τόξων.
1690 613 1861 681 Ἔχειι

1972 619 2137 679 atque
2168 611 2332 664 etiam
2372 624 2491 673 eos,
2521 609 2614 678 qui
2638 610 2874 664 arcubus
2911 610 3253 667 deficiuntur.
3294 612 3541 672 Habeant

302 704 361 756 δὲ
388 704 480 756 καὶ
503 702 802 772 σκουτάρια
833 703 1026 772 μικρὰ,
1046 702 1376 773 στρογγύλα,
1410 701 1759 771 σφενδοδόλα,
1780 701 1861 755 καί

1971 699 2134 753 etiam
2163 698 2371 754 scutula
2401 713 2566 767 parva
2600 700 2857 766 rotunda,
2898 700 3201 764 fundibula,
3232 713 3282 758 ct
3313 706 3537 760 tzicuria

302 793 589 861 τζικούρια
609 793 772 861 ὅμοια
800 791 911 845 τῶν
938 792 1246 862 εἰρημένων
1269 790 1755 861 ἀναϐασταζόμενα
1782 790 1861 844 xci

1972 790 2248 860 praedictis
2275 789 2467 844 formis
2494 791 2719 855 similia,
2749 806 2854 861 qua
2884 793 3049 846 etiam
3074 794 3248 849 thecis
3276 797 3540 852 coriaceis

302 882 444 934 αὐτὰ
472 884 551 945 είς
580 881 817 952 θηκάρια
848 881 1165 952 δερμάτινα.
1196 882 1278 935 Τὰ
1304 881 1362 934 δὲ
1398 881 1587 951 ἱμάτια
1623 881 1733 933 τῶν
1770 897 1872 932 πε-

302 974 414 1038 ζῶν
449 973 702 1026 ἁπάντων
724 974 965 1027 ἔστωσαν
996 973 1156 1026 κονδὰ
1180 973 1344 1042 μέχρι
1371 972 1481 1024 τῶν
1504 971 1745 1039 γονάτων
1771 970 1870 1023 αὐ-

299 1063 437 1124 τῶν,
472 1064 567 1114 ἐὰν
596 1063 817 1116 δυνατὸν
849 1064 1043 1126 αὐτοὺς
1072 1062 1216 1132 ἔχειν
1242 1062 1337 1115 καί⁵
1363 1061 1685 1131 ὲπιλώρικα.
1705 1061 1786 1114 Τὰ
1813 1062 1872 1115 δὲ

302 1154 632 1223 ὑποδήματα
656 1153 836 1206 αὐτῶν
867 1153 981 1221 (76)
1024 1153 1099 1223 μὴ
1140 1152 1284 1223 ἔχειν
1312 1151 1491 1216 ὀξείας
1538 1152 1868 1222 ἔμπροσθεν.

313 1245 639 1311 Ἀναγκαῖον
681 1243 737 1296 δὲ
774 1244 891 1313 (77)
927 1246 1023 1297 καὶ
1059 1244 1259 1311 ὀλίγοις
1297 1246 1508 1315 μικροῖς
1544 1244 1694 1313 ἥλοις
1732 1244 1868 1296 καθ-

304 1333 572 1403 ηλοῦσοαι
597 1334 757 1397 αὐτὰ,
781 1335 948 1405 ἧγουν
993 1335 1247 1403 καρφίοις
1286 1334 1397 1403 (78)
1420 1373 1436 1398 ,
1481 1334 1617 1405 πρὸς
1650 1333 1869 1386 πλείονα

302 1424 632 1493 ὑπουργίαν·
662 1425 907 1494 χρήσιμα
928 1424 1037 1495 γὰρ
1068 1424 1269 1487 ταῦτα,
1300 1426 1395 1477 καὶ
1422 1425 1481 1477 ὲν
1510 1428 1631 1483 ταῖς
1658 1424 1864 1477 ιῐδοιπο⁸

301 1514 449 1584 ρίαις
472 1513 725 1583 μάλιστα.
762 1513 873 1566 Καὶ
898 1512 996 1575 τὰς
1028 1515 1230 1584 κουρὰς
1271 1514 1327 1566 δὲ
1357 1513 1535 1567 αὐτῶν
1564 1514 1758 1575 κοντας
1787 1513 1869 1581 γί·

298 1609 509 1669 νεσοαι,
538 1607 632 1659 καὶ⁹
657 1605 732 1678 μὴ
761 1607 978 1675 ἀφεῖναι
999 1607 1182 1670 αὐτοῖς
1215 1606 1421 1668 τελείας
1454 1606 1648 1675 τρίχας
1675 1605 1868 1675 χρήσι-

301 1702 408 1770 μόν
440 1703 606 1753 ἐστιν.

1966 888 2270 950 gestentur.
2295 878 2489 935 Vestes
2522 880 2763 949 peditum
2819 881 3064 935 omnium
3095 882 3204 937 siut
3253 886 3458 947 contire,
3484 883 3536 937 id

1973 978 2079 1031 est,
2111 980 2340 1025 attonsa:
2367 984 2538 1039 usque
2570 970 2635 1023 ad
2666 985 2839 1040 genua
2882 972 3121 1035 illorum,
3147 980 3203 1026 et
3253 973 3298 1027 si
3334 974 3385 1027 id
3420 974 3537 1028 fieri

1970 1069 2167 1129 potest,
2197 1062 2529 1129 superlorica
2561 1061 2813 1116 habeant.
2848 1062 3028 1118 Calcei
3060 1064 3275 1118 illorum
3321 1064 3537 1134 fastigia

1970 1160 2095 1206 ante
2129 1154 2438 1207 acuminata
2483 1168 2553 1208 ne
2592 1153 2844 1207 habeant.
2874 1152 3252 1209 Necessarium
3288 1170 3419 1210 vero
3453 1166 3538 1211 est

1969 1243 2160 1311 paucis
2213 1245 2535 1313 quibusdam
2592 1245 2819 1299 clavulis
2869 1244 3071 1299 firmari
3120 1247 3353 1309 calceos,
3398 1264 3536 1316 quos

1968 1333 2187 1402 carphia
2222 1335 2524 1403 appellant;
2573 1336 2638 1388 ad
2675 1336 2859 1389 varios
2884 1338 3029 1389 enim
3084 1352 3218 1391 usus
3248 1337 3379 1391 illud
3403 1339 3536 1391 utile

1967 1433 2071 1487 est,
2103 1425 2242 1478 etin
2298 1426 2489 1494 primis
2522 1427 2588 1479 ad
2626 1427 2816 1479 itinera
2861 1426 3128 1480 facienda.
3174 1428 3243 1483 Et
3285 1431 3535 1483 caasarics

1967 1512 2182 1568 illorum
2218 1517 2425 1577 condae,
2462 1517 2512 1569 id
2538 1526 2640 1575 est,
2669 1526 2895 1570 attonsa:
2932 1517 3080 1575 fiant.
3104 1527 3199 1571 aut
3220 1520 3381 1573 etiam
3414 1536 3535 1589 per-

1968 1603 2205 1668 mittere,
2242 1615 2301 1658 ut
2346 1607 2494 1660 nullo
2541 1610 2703 1659 modo
2747 1606 2953 1660 crinem
3003 1607 3257 1673 habeant,
3300 1610 3534 1667 fortasse

1969 1707 2075 1745 non
2112 1694 2303 1748 inutile
2328 1705 2429 1749 est.

370 1809 474 1874 κζ’.
506 1810 650 1864 Ἀλλ’
682 1802 843 1864 οὕτω
867 1811 963 1880 μὲν
990 1814 1117 1874 τοὺς
1160 1811 1360 1876 πεζοὺς
1395 1812 1734 1882 στρατιώτας
1775 1813 1861 1863 ὲν-

2034 1798 2127 1853 27.
2168 1799 2234 1853 Et
2255 1803 2460 1870 pedites
2486 1805 2701 1872 quidem
2741 1807 2806 1861 ad
2858 1808 3005 1863 hunc
3037 1812 3261 1865 modum
3294 1826 3530 1881 appara-

291 1904 478 1964 δύσεις
513 1903 607 1954 καὶ
635 1902 993 1973 περιφράξεις
1017 1903 1085 1955 δι’
1115 1902 1296 1956 ὅπλων
1323 1917 1338 1931 ’
1376 1902 1514 1970 πρὸς
1542 1902 1598 1953 δὲ
1629 1903 1727 1970 τὴν
1759 1902 1865 1954 ὐπ-

293 2012 333 2064 η
344 1994 527 2061 ρεσίαν
552 1993 731 2046 αὐτῶν
763 1992 857 2045 καὶ
879 1992 1123 2063 φυλακὴν
1164 1992 1381 2062 ἁμάξας
1421 1990 1865 2061 παρασκευάσεις

292 2082 578 2146 εὐσταλεῖς
618 2083 787 2153 ἡγουν
818 2083 1057 2153 ἐλαφρὰς
1101 2083 1197 2136 καὶ
1230 2082 1435 2152 γοργὰς
1474 2082 1615 2134 κατὰ
1665 2081 1864 2151 δεκαρ-

295 2173 445 2243 χίαν,
476 2172 599 2242 ἦτοι
623 2172 1024 2244 λοντουὸέρνιν,
1057 2173 1184 2243 μίαν
1208 2174 1301 2225 καὶ
1332 2172 1408 2242 μὴ
1437 2171 1620 2234 πλέον,
1670 2172 1755 2223 ῖνα
1788 2172 1862 2240 μὴ

292 2259 484 2312 πολλοὶ
514 2262 594 2322 είς
628 2260 766 2312 αὐτὰ
830 2261 1212 2331 ἀσχολούμενοι
1268 2260 1531 2331 άργῶσιν.
1561 2259 1763 2328 Ἐχέτω
1806 2260 1862 2311 δὲ

293 2350 503 2417 ἑκάστη
535 2348 646 2402 τῶν
677 2349 900 2419 ἁμαξῶν
951 2349 1297 2420 χειρόμυλον,
1351 2348 1563 2419 ἀξίνην,
1619 2350 1858 2413 πέλεκιν,

295 2436 627 2506 σκέπαρνον,
665 2438 897 2507 πριόνιν,
930 2438 1134 2508 όρυγας
1190 2438 1307 2503 δύο,
1345 2438 1576 2507 σφύραν,
1625 2440 1862 2508 πτυάρια

292 2526 410 2593 δύο,
444 2526 677 2595 κοφίνιν,
712 2528 941 2591 κιλίκια,
976 2529 1246 2596 φαλκίαν,
1282 2527 1571 2599 τζικούρια
1592 2567 1607 2591 ,
1638 2527 1861 2597 βαρδού-

292 2634 410 2680 κια,
441 2616 745 2687 ματζούκια
775 2618 930 2685 (ἴσως
959 2618 1053 2671 καὶ
1078 2618 1284 2671 τούτων
1328 2617 1486 2689 χρεία
1508 2618 1729 2689 γένηται
1750 2621 1861 2681 τοῖς

304 2702 711 2773 στρατιώταις),
747 2704 1030 2773 τριϐόλους
1063 2705 1456 2776 ἀναδεδεμένας
1502 2705 1612 2777 (79)
1657 2706 1745 2759 διὰ
1772 2707 1861 2758 λε-

295 2792 448 2844 πτῶν
486 2792 890 2863 σφηκωμάτων,
919 2794 1014 2846 καὶ
1044 2794 1103 2846 ὲν
1129 2794 1301 2864 ἧλωσι
1332 2794 1538 2866 σιδηρῷ
1577 2794 1688 2865 (80)
1723 2796 1860 2849 ἀπο-

293 2881 668 2951 κρατουμὲνας
690 2920 705 2945 ,
740 2881 829 2934 διά
866 2881 928 2933 τὸ
970 2881 1201 2949 ἑτοίμως
1243 2883 1642 2950 συναγαγέσθαι
1671 2883 1855 2945 αὐτάς.

305 2970 533 3041 Ἐτέρας
563 2974 780 3043 ἁμάξας
801 2972 1029 3042 ἐχούσας
1051 2973 1459 3044 τοξοσολίστρας
1480 2976 1575 3028 καὶ
1602 2975 1860 3041 σαγίττας

297 3061 500 3127 αὐτῶν,
531 3063 629 3115 καὶ
662 3062 973 3132 βαλίστρας,
1004 3064 1123 3132 ἦτοι
1154 3064 1472 3132 μαγγανικὰ
1495 3063 1562 3118 τά
1590 3064 1859 3135 λεγόμενα

294 3153 569 3208 άλακάτια
593 3152 936 3223 στρεφόμενα
966 3151 1267 3217 κύκλωθεν,
1303 3154 1401 3207 καὶ
1429 3156 1858 3225 μαγγαναρίους,

294 3242 685 3311 λεπτουργοὺς,
741 3240 983 3310 χαλκεῖς,
1035 3242 1130 3294 καὶ
1179 3239 1389 3304 τούτοις
1434 3240 1565 3295 ίδιον
1624 3240 1860 3311 ἄρχοντα

291 3333 605 3402 ἐπιστῆσαι.

364 3454 476 3516 κη’.
514 3446 740 3517 Ἐτέρας
788 3444 1006 3515 ἁμάξας
1066 3443 1341 3515 φερούσας
1387 3445 1449 3499 τὺ
1509 3442 1860 3516 άρμαμέντον

292 3541 527 3594 ἑκάστου
559 3535 794 3607 ἀριθμοῦ
829 3536 938 3588 τῶν
969 3535 1335 3607 στρατιωτῶν.
1382 3536 1606 3605 Ἐτέρας
1643 3534 1858 3604 ἀμάξας

291 3630 367 3693 ὥς
405 3629 538 3683 δέκα
571 3628 605 3699 ἢ
639 3630 733 3680 καὶ
766 3627 941 3680 εῐκοσι
964 3625 1079 3695 (81)
1115 3624 1489 3696 βασταζούσας
1518 3625 1731 3687 πιστὸν,
1762 3624 1857 3677 καὶ

293 3720 619 3788 παξιμάδιον
642 3761 659 3785 ,
711 3720 807 3771 καὶ
874 3717 1173 3785 σαγίττας,
1218 3715 1315 3770 καῖ⁵
1370 3714 1598 3785 τοξάρια
1646 3716 1713 3768 ὲκ
1755 3730 1858 3766 πε-

294 3808 507 3882 ρισσοῦ.

364 3922 465 3975 κθ’.
500 3920 730 3982 Ἵππους
765 3914 1168 3986 σαγματαρίους
1194 3953 1208 3976 ,
1234 3913 1269 3984 ἢ
1307 3912 1578 3981 ὑποζύγια
1626 3950 1642 3977 ,
1673 3913 1722 3965 εἰ
1757 3911 1858 3982 μὲν

295 4012 564 4083 ἐνδέχεται
591 4051 607 4077 ,
635 4008 756 4063 καθ’
788 4008 1025 4060 ἕκαστον
1052 4002 1424 4075 κοντουσέρνιν
1444 4043 1459 4068 ,
1504 4004 1553 4056 εί
1581 4002 1637 4055 δι
1672 4003 1812 4072 μήγε
1837 4041 1853 4067 ,

295 4100 376 4162 είς
401 4099 469 4151 τὰ
495 4096 589 4150 δύο
618 4094 1001 4163 κοντουδέρνια
1034 4092 1152 4155 ἕνα,
1188 4092 1273 4145 ῐνα
1314 4092 1364 4144 εί
1409 4091 1635 4161 γένηται
1664 4092 1854 4161 καιρὸς

296 4180 630 4261 χωρισθῆναι
655 4185 781 4247 τοὺς
794 4182 993 4246 πεζοὺς
1014 4184 1078 4235 ὲκ
1105 4182 1211 4235 τῶν
1236 4180 1460 4252 ἁμαξῶν
1480 4221 1496 4247 ,
1525 4182 1622 4234 καὶ
1647 4198 1853 4251 προκα-

292 4278 545 4331 ταλαϐεῖν
571 4276 757 4341 τόπον,
790 4273 1079 4344 βαστάζειν
1107 4272 1251 4325 ὀκτὼ
1279 4272 1312 4343 ἢ
1348 4272 1477 4344 δέκα
1504 4270 1728 4342 ἡμερῶν
1757 4271 1853 4325 δα-

1965 1888 2071 1952 bis,
2109 1899 2164 1943 et
2186 1894 2355 1945 armis
2386 1902 2560 1961 teges.
2589 1896 2669 1949 Ad
2705 1912 2861 1951 usum
2893 1898 3107 1953 illorum
3153 1911 3204 1955 et
3243 1917 3535 1957 conserva-

1969 1979 2170 2032 tionem
2201 1996 2387 2036 carros
2446 1985 2665 2039 habebis
2694 1989 2991 2057 expeditos,
3040 1992 3207 2060 agiles
3241 2002 3294 2046 et
3324 1992 3531 2057 firmos,

1966 2070 2257 2139 unicuique
2287 2074 2523 2127 decuriae
2570 2076 2683 2130 sive
2719 2079 3078 2133 contubernio
3122 2097 3312 2146 unum,
3339 2091 3395 2136 et
3426 2098 3532 2137 non

1965 2160 2166 2228 plures,
2201 2170 2260 2215 ut
2281 2179 2349 2217 ne
2366 2165 2519 2219 multi
2552 2167 2604 2219 in
2635 2167 2741 2222 illis
2772 2172 3020 2238 occupati
3044 2173 3300 2225 utientur.
3329 2172 3535 2227 Habeat

1963 2261 2142 2306 autem
2177 2257 2552 2325 unusquisque
2590 2272 2779 2313 carrus
2813 2260 3008 2313 molam
3051 2262 3411 2328 manuariam,
3440 2276 3533 2317 se-

1962 2339 2160 2403 curim,
2206 2342 2433 2409 asciam,
2487 2345 2745 2414 prionim,
2796 2346 2848 2399 id
2904 2356 3011 2409 est,
3058 2363 3286 2411 δίνη-ειη.
3333 2363 3535 2419 orugas

1963 2425 2120 2493 duas,
2150 2429 2424 2495 malleum,
2464 2433 2692 2502 ptyaria,
2735 2434 2849 2488 sive
2878 2449 3085 2491 vannos
3133 2436 3294 2501 duos,
3340 2437 3532 2506 cophi-

1964 2532 2088 2571 nam
2115 2519 2371 2582 ciliciam,
2402 2523 2694 2590 phalciam,
2733 2524 2986 2585 tzicuria,
3009 2525 3287 2588 barducia,
3319 2537 3532 2581 matzu-

1963 2604 2108 2671 chia,
2157 2605 2410 2662 fortassis
2453 2610 2613 2661 etiam
2664 2610 2810 2678 (nam
2861 2610 3055 2664 horum
3102 2626 3236 2666 usus
3268 2614 3532 2668 militibus

1963 2695 2233 2751 interdum
2277 2698 2403 2767 est),
2456 2698 2683 2752 tribulas
2739 2701 2922 2769 parvis
2980 2702 3305 2769 quihusdam
3346 2702 3534 2759 fasciis

1963 2785 2176 2856 ligatas,
2206 2797 2262 2843 et
2297 2788 2450 2844 clavo
2484 2788 2660 2843 ferreo
2704 2790 3095 2859 appendentes,
3144 2801 3205 2847 ut
3245 2792 3402 2849 facile
3438 2794 3537 2848 ad.

1959 2880 2085 2936 duci
2120 2881 2373 2950 possint;
2424 2882 2562 2937 alios
2590 2896 2789 2937 currus
2832 2884 3165 2952 sagittarios,
3189 2886 3283 2954 qui
3309 2887 3534 2955 sagittas

1959 2969 2156 3032 ferant,
2182 2979 2236 3023 et
2251 2971 2593 3040 manganica,
2614 2971 2730 3025 sive
2745 2971 2990 3035 halistas,
3015 2986 3137 3040 qua:
3165 2972 3391 3026 alacatia
3428 2988 3532 3027 no-

1962 3057 2268 3121 minantur,
2314 3056 2641 3120 orbiculam,
2683 3067 2737 3112 et
2780 3056 3184 3126 manganarios,
3227 3058 3528 3123 caelatores,

1885 3114 1929 3172 δ
1961 3140 2144 3196 fabros
2175 3114 2424 3207 aerarios,
2450 3152 2504 3197 et
2537 3114 2658 3199 istis
2680 3114 3006 3214 peculiarém
3056 3114 3291 3212 aliquem
3336 3114 3534 3212 νηοῖο-ί

1959 3235 2105 3283 ctum
2151 3228 2371 3298 eligere.

2027 3424 2121 3480 28.
2137 3423 2286 3479 Alios
2312 3438 2520 3487 carros.
2540 3424 2634 3494 qui
2657 3422 3090 3493 uniuscujusque
3126 3434 3525 3481 armamentum

1959 3509 2135 3566 ferant
2181 3526 2282 3580 pro
2324 3526 2554 3566 numero
2606 3511 2860 3578 militum,
2905 3514 3042 3568 alios
3089 3528 3277 3568 carros
3313 3514 3524 3581 decem,

1956 3603 2043 3658 vel
2106 3602 2316 3673 viginti,
2373 3602 2467 3671 qui
2517 3602 2696 3657 ferant
2748 3604 2975 3672 pictum,
3025 3604 3415 3674 paximadium,
3469 3606 3524 3663 id

1955 3704 2061 3758 est,
2110 3710 2306 3765 panem
2360 3695 2686 3761 biscoctum,
2737 3698 2996 3767 sagittas,
3048 3708 3104 3751 et
3157 3712 3318 3753 arcus
3368 3713 3526 3754 com-

1955 3789 2158 3858 plures.

2024 3905 2112 3960 29.
2156 3904 2232 3958 Ex
2270 3905 2446 3976 equis,
2492 3902 2576 3958 vel
2614 3901 2883 3970 iumentis
2923 3900 3294 3971 sagmatariis,
3347 3901 3400 3956 id
3438 3910 3525 3957 est

1961 3996 2299 4058 sarcinariis,
2316 3998 2359 4050 si
2386 3994 2498 4048 fieri
2518 4002 2709 4061 potest,
2734 3994 2787 4046 in
2820 4007 3146 4061 unoquoque
3166 3992 3526 4048 contubernio

1961 4101 2153 4150 unum,
2184 4086 2267 4140 sin
2293 4088 2490 4150 minus,
2522 4087 2737 4140 duobus
2767 4085 3135 4141 contuberniis
3164 4100 3353 4151 unum,
3387 4094 3445 4139 ut
3474 4085 3522 4139 si

1962 4176 2179 4231 occasio
2208 4177 2413 4246 qumvis
2437 4176 2529 4230 fiat
2552 4175 2973 4245 separandorum
3019 4176 3257 4242 peditum
3289 4190 3319 4229 a
3344 4174 3524 4229 curri-

1969 4265 2094 4329 bus,
2133 4275 2186 4320 et
2234 4266 2566 4336 anticipandi
2612 4266 2739 4327 loci,
2789 4266 2987 4319 vehant
3027 4280 3213 4318 secum
3263 4273 3387 4318 octo
3436 4267 3522 4320 vel

293 4369 491 4439 πάνην,
540 4368 635 4420 καὶ
678 4364 990 4419 ἀκολουθεῖν
1044 4363 1235 4434 μέχρις
1279 4358 1340 4419 οὗ
1384 4364 1756 4433 ὲπιφθάσωσιν
1796 4364 1853 4418 αί

1961 4358 2141 4412 decem
2199 4356 2408 4410 dierum
2473 4358 2727 4409 idoneum
2792 4363 3178 4417 commeatum,
3227 4353 3400 4409 donec
3452 4370 3521 4409 eo

294 4424 503 4528 ἅμαξαι
527 4456 827 4527 ἀργότερον
855 4424 1277 4525 περιπάτόξσαι.
1492 4424 1505 4433 ’

1961 4462 2175 4504 currus.
2206 4446 2298 4516 qui
2321 4447 2533 4502 tardius
2560 4445 2852 4516 procedere
2882 4444 3079 4507 solent,
3113 4452 3302 4513 postea
3331 4444 3397 4498 ad
3423 4458 3517 4500 eos

1953 4537 2289 4609 perveniant.

356 4659 423 4712 λ’.
457 4658 570 4712 Οὐκ
612 4658 883 4728 ἄχρηστον
926 4656 983 4710 δέ
1019 4673 1111 4726 μοι
1145 4654 1294 4709 δοκεῖ
1326 4654 1716 4726 μνημονεῦσαι,
1752 4657 1857 4710 κᾶν

2022 4649 2112 4706 50.
2145 4649 2255 4703 Non
2290 4648 2481 4703 inutile
2509 4663 2638 4702 vero
2662 4647 2794 4701 mihi
2828 4647 3037 4701 videtur
3068 4648 3255 4716 paucis
3281 4648 3518 4715 antiqua:

288 4752 348 4804 ιν
390 4749 590 4821 μικρῷ,
622 4750 713 4801 καὶ⁸
743 4747 843 4816 τῆς
866 4745 1098 4816 ἀρχαίας
1124 4744 1389 4808 ὁπλίσεως
1417 4745 1525 4798 τῶν
1552 4746 1734 4810 πεζῶν
1764 4747 1856 4799 καὶ

1961 4750 2241 4796 armaturae
2270 4741 2520 4805 formam,
2559 4739 2702 4808 quod
2747 4739 2811 4793 ad
2839 4739 3048 4808 equites
3079 4748 3132 4793 et
3157 4738 3361 4807 pedites
3390 4752 3516 4807 per-

290 4842 399 4898 τῶν
432 4840 812 4910 καδαλλαρίων
832 4877 849 4903 ,
882 4837 1065 4902 καθὼς
1106 4838 1358 4901 Αίλιανός
1382 4855 1443 4890 τε
1472 4839 1569 4891 καὶ
1597 4840 1647 4891 oi.
1676 4836 1853 4891 λοιποὶ

1961 4832 2117 4893 tinet,
2147 4845 2470 4894 memorare,
2500 4829 2958 4899 quemadmodum
3000 4829 3267 4892 IElianus,
3294 4839 3346 4882 et
3388 4828 3518 4883 reli-

288 4934 397 4987 τῶν
420 4932 695 4985 τακτικῶν
727 4931 1062 4998 συγγραφεῖς
1089 4928 1493 4998 ὕπηγόρευσαν.
1551 4928 1708 4998 Παρὰ
1744 4929 1852 4997 γὰρ

1961 4922 2051 4992 qui
2086 4922 2162 4976 rei
2192 4922 2444 4976 militaris
2482 4921 2774 4989 scriptores
2822 4920 3094 4973 memoria:
3142 4920 3517 4988 prodiderunt.

287 5022 399 5083 τοῖς
423 5020 672 5089 ἀρχαίοις
711 5018 811 5086 τὴν
857 5017 957 5087 μὲν
984 5015 1213 5086 ἱππικὴν
1231 5015 1383 5079 τάξιν
1425 5017 1504 5079 εἰς
1536 5015 1630 5069 δύο
1664 5016 1853 5083 διαφο-

1961 5011 2113 5080 Apud
2142 5013 2398 5082 antiquos
2442 5012 2584 5066 enim
2627 5018 2933 5080 equestrem
2981 5009 3151 5062 aciem
3193 5008 3404 5064 duabus
3428 5010 3514 5064 di-

293 5110 392 5180 ρὰς
452 5110 718 5163 όπλίσεων
768 5108 985 5161 ἑποίουν
1034 5107 1105 5171 οἱ¹
1140 5106 1481 5176 στρατηγοὶ,
1555 5105 1685 5175 μίαν
1754 5105 1857 5174 μὲν

1961 5102 2134 5157 Versis
2170 5101 2463 5157 armaturis
2496 5100 2840 5165 muniebant;
2881 5098 3103 5152 alteram
3143 5106 3319 5153 autem
3363 5106 3517 5153 cata-

1806 5238 2035 5299 ΝΟΤᾸΞ.

287 5377 331 5429 λ’
360 5376 395 5446 ἢ
438 5381 493 5446 μέ
522 5376 813 5444 σαγιττῶν,
842 5377 935 5431 ἐπὶ
969 5376 1078 5431 τῶν
1120 5375 1286 5442 ὤμων
1342 5371 1850 5445 άναᾰασταζόμενα,

288 5445 622 5508 σωληνάρια,
641 5456 747 5499 etc.

360 5512 417 5580 (7

357 5514 479 5721 ἓξὲξ

360 5649 454 5720 (77

2053 5373 2141 5441 78)
2179 5376 2425 5441 Καρςρῑα.
2460 5368 2833 5441 scribebatur,
2858 5363 3088 5441 καρφία.

2052 5430 2139 5507 79$
2166 5430 2645 5507 Ἀίαόεδεμέναᾳ
2668 5430 3038 5507 Scribebatur,
3058 5430 3513 5507 dvaﬁsoeqpévot.

2048 5501 2139 5590 ἕρ)
2178 5511 2286 5590 ,Ἐν
2308 5501 2501 5590 ἤθρει
2517 5502 2801 5590 reare.
2821 5501 3270 5590 Scribe-£3393:
3280 5501 3512 5590 399W:

2048 5568 2138 5643 81')
2178 5578 2272 5643 Ὠς
2331 5568 2477 5631 δέκα
2509 5576 2548 5643 ἢ
2596 5568 2696 5631 καῖ
2745 5573 2959 5627 εἴκοσι.
3016 5568 3515 5638 εει-ῆιίοῧοιυτξὼς

2038 5648 2345 5702 καῖείκοσι.

554 5514 799 5581 ιρίττας.
830 5510 1359 5638 εει-ἰιιοκὶἓεύττας.

554 5581 907 5638 Γποδνήιιατα.
940 5581 1061 5636 Scrt
1171 5590 1312 5638 atur.
1339 5581 1359 5634 ί

507 5578 907 5650 ’ΐποδήιιατα
940 5578 1312 5645 Scribebatur,
1339 5578 1726 5650 ὑποδείγματα.

537 5649 873 5721 ’Δγατιιαῖη
914 5650 1287 5718 Scribebatur,
1326 5649 1660 5719 ἀναγκαίοις.

2026 5375 2050 5649 Ξ

1951 5649 2007 5703 δέ

3568 5424 3593 5453 δ
