4100 6226
600 331 705 397 ’τοι

1806 330 2079 391 LEONIS
2104 328 2559 391 PHILOSOPHI

3740 339 3868 402 732

603 449 910 517 phrartum,
956 445 1010 501 id
1046 453 1149 509 est,
1197 444 1481 500 loricatum
1521 446 1883 515 appellabant,
1945 448 2166 501 alteram

2271 446 2660 517 κατάφρακτον
2697 448 2999 520 λεγομένην
3023 486 3038 512 ,
3102 449 3200 504 καθ.
3227 450 3327 522 τὴν
3359 448 3558 519 ἑτέραν
3589 451 3652 507 οὗ
3680 458 3866 512 auter

510 578 511 581 η
602 548 784 591 autem
830 551 936 591 non
983 534 1408 603 cataphractum,
1450 534 1504 589 id
1554 544 1659 599 est,
1724 550 1831 590 non
1886 536 2173 590 loricatvm

602 629 873 683 dicebant.

672 718 761 770 5i.
796 716 1092 770 Armabant
1130 723 1310 769 autem
1355 714 1764 784 cataphractum
1811 717 2049 784 equitem
2075 731 2177 769 un-

600 808 763 875 dique
792 816 904 860 tum
938 808 1136 875 ipsum,
1164 817 1276 858 tum
1312 820 1515 873 equum
1546 806 1708 858 etiam
1738 806 1966 868 loriciis,
1997 805 2046 859 id
2069 815 2173 869 est,

601 896 805 965 galeis;
858 896 1139 961 clibaueis,
1191 895 1241 947 id
1294 902 1397 956 est.
1435 894 1788 951 thoracibus:
1835 897 2175 964 parameriis,

600 986 654 1042 id
694 994 777 1040 est
827 986 1134 1050 machzeris,
1180 985 1260 1039 vel
1300 984 1516 1046 ferreis,
1555 986 1740 1040 velex
1791 987 2051 1041 cornibus
2094 986 2177 1039 in-

597 1078 781 1133 textis.
819 1076 999 1147 Equos
1041 1077 1358 1131 muniebant
1389 1077 1703 1131 lateralibus
1734 1086 1790 1131 et
1833 1078 2174 1143 frontalibus,

600 1168 654 1223 id
714 1178 818 1230 est,
871 1166 1061 1231 latera,
1118 1176 1170 1222 et
1228 1168 1424 1236 capita,
1474 1177 1528 1221 et
1584 1169 1825 1223 cervices
1884 1183 2174 1237 equorum,

598 1257 910 1312 thoracibus
954 1265 1008 1312 et
1051 1257 1237 1311 loricis
1297 1266 1351 1311 et
1417 1258 1520 1311 alia
1568 1269 1715 1314 certa
1757 1260 1982 1313 materia
2028 1268 2177 1329 tege-

599 1347 750 1402 bant.

666 1438 757 1492 52.
791 1437 869 1491 Ex
896 1437 960 1492 iis
981 1437 1257 1499 omnibus,
1286 1438 1375 1506 qui
1408 1438 1489 1491 vel
1532 1440 1891 1507 cataphracti,
1940 1440 2026 1495 vel
2064 1455 2175 1494 non

598 1529 934 1598 cataphracti
966 1538 1115 1591 sunt,
1150 1528 1240 1581 alii
1269 1528 1485 1596 quidem
1524 1530 1795 1584 habebant
1820 1532 2089 1595 contaria,
2122 1532 2173 1586 id

602 1629 686 1673 est
711 1657 726 1681 ,
772 1619 975 1683 hastas,
1008 1632 1143 1687 quas
1172 1633 1317 1671 nunc
1350 1619 1601 1671 menaula
1640 1628 1857 1681 vocant,
1888 1636 2008 1687 qua:
2043 1621 2172 1675 olim

599 1710 805 1777 antiqui
832 1710 1055 1763 lonchas
1083 1709 1458 1770 nominabant.
1493 1708 1587 1778 qui
1614 1711 1943 1778 cataphracti
1974 1727 2172 1767 manus

2277 552 2538 604 φρακτον.

2356 711 2458 766 λα’.
2499 711 2757 777 ὀπλιζον
2817 713 2875 765 δέ
2906 712 3001 767 τόν
3034 715 3135 786 μὲν
3162 717 3549 785 κατάφρακτον
3578 721 3863 777 καδαλλά-

2282 818 2398 872 ριον
2418 803 2779 872 πανταχόθεν,
2800 804 2961 857 αὐτόν
2990 823 3049 858 τε
3082 806 3174 859 καὶ
3203 808 3295 860 τὸν
3330 807 3496 863 ἵππον
3524 812 3711 865 αὑτοῦ.
3745 814 3862 867 Kal.

2274 893 2365 946 τὸν
2398 892 2497 962 μὶν
2518 893 2683 963 ἄνδρα
2710 895 3010 965 λωρικίοις,
3037 895 3130 950 καὶ
3151 898 3449 962 κλιϐανίοις
3471 900 3504 970 ἢ
3532 901 3792 971 σιδηροῖς,
3818 906 3854 975 ἦ

2277 985 2342 1037 ἐκ
2368 987 2612 1055 κεράτων
2644 987 3085 1056 ἐπιπλεγμένοις,
3130 990 3226 1042 καὶ
3278 991 3674 1063 παραμικρίοις
3712 995 3856 1064 (89.).

2275 1076 2415 1138 Τοὺς
2458 1077 2516 1128 δέ
2564 1077 2763 1140 ἵππους
2804 1079 3186 1149 κατέφραττον
3228 1081 3717 1152 παραπλευριδίοις
3755 1088 3857 1138 καὶ

2275 1166 2753 1233 προμετωπιδίοις,
2781 1167 2949 1238 ἤγουν
2981 1169 3048 1222 τὰ
3068 1169 3300 1237 πλευρά,
3332 1170 3545 1234 καὶτὰς
3581 1174 3852 1242 κεφαλάς,

2277 1254 2372 1306 καὶ
2388 1255 2853 1333 τοὺςντραχήλους
2882 1258 2992 1311 τῶν
3016 1258 3201 1311 ἵππων
3235 1260 3323 1313 διὰ
3352 1259 3645 1317 κλιϐανίων
3675 1263 3710 1333 ἢ
3742 1265 3853 1317 λω-

2279 1346 2488 1414 ρικίων,
2585 1346 2753 1416 ἄλλης
2784 1347 2916 1414 ὕλης
2961 1350 3324 1405 κατέσκεπον.

2346 1436 2451 1507 λβ’.
2490 1438 2708 1492 Τούτων
2736 1439 2795 1492 δὲ
2828 1442 3049 1493 πάντων
3080 1441 3190 1494 τῶν
3212 1458 3273 1494 τε
3301 1444 3711 1513 καταφράκτων
3750 1463 3855 1499 κα-

2277 1527 2584 1598 σαλλαρίων
2625 1529 2722 1582 καὶ
2767 1532 2876 1584 τῶν
2928 1531 3005 1602 μὴ
3035 1534 3443 1604 καταφράκτων
3475 1536 3525 1587 oi
3557 1536 3659 1605 μὲν
3705 1535 3856 1607 εἶχον

2276 1621 2559 1687 κοντάρια,
2603 1621 2653 1671 οί
2690 1619 2748 1673 δὲ
2777 1621 2847 1673 τά
2873 1620 3143 1691 λεγόμενα
3177 1625 3272 1676 νῦν
3304 1626 3546 1694 μέναυλα
3569 1665 3586 1689 ,
3622 1628 3770 1699 ἆπερ
3803 1631 3857 1681 οί

2275 1711 2491 1779 ἀρχαῖοι
2524 1710 2722 1779 λόγχας
2770 1712 3019 1766 ἐκάλουν.
3071 1714 3283 1777 Οἶτινες
3347 1717 3441 1767 καὶ
3472 1717 3854 1786 κατάφρακτοι

598 1816 724 1854 cum
757 1798 911 1853 hoste
930 1801 1314 1861 conserebant,
1348 1798 1439 1852 alii
1469 1807 1649 1853 autem
1680 1799 1894 1852 eminus
1917 1799 2166 1866 jaculan-

2456 1771 2655 1871 χεῖρας.
2674 1771 2996 1856 συνέὸαλλον
3017 1807 3129 1868 τοῖς
3159 1771 3457 1874 πολεμίοις,
3488 1809 3537 1860 οἱ
3562 1771 3856 1879 δὲυμακρό-

598 1900 701 1953 tes,
741 1902 881 1960 quos
926 1899 1119 1945 vocant
1158 1890 1537 1952 acrobolistas,
1596 1890 1648 1943 id
1703 1900 1809 1952 est,
1842 1891 2175 1958 jaculatores

597 1979 877 2033 velitares.
897 1978 999 2043 Qui
1025 1992 1152 2031 vero
1170 1978 1354 2031 hastas
1379 1978 1666 2043 habebant,
1693 1978 1765 2031 illi
1786 1989 1951 2039 certe,
1987 1994 2175 2047 quem-

598 2070 892 2128 admodum
926 2071 1132 2124 dictum
1174 2078 1277 2133 est.
1313 2085 1435 2125 cum
1488 2070 1738 2125 hostibus
1787 2072 2171 2142 conﬂigebant,

596 2161 847 2216 cominus
872 2161 1041 2215 hastis
1070 2168 1390 2228 pugnantes.
1429 2159 1508 2214 Ex
1540 2161 1605 2215 iis
1640 2171 1819 2215 autem
1848 2165 1939 2231 qui
1974 2162 2168 2231 proelio

596 2249 980 2318 conﬂigebant,
1041 2250 1131 2303 alii
1185 2250 1429 2315 thureos,
1478 2250 1531 2304 id
1577 2259 1683 2313 est,
1733 2261 1887 2306 scuta
1938 2253 2170 2319 oblonga

596 2354 792 2410 magna
821 2340 1112 2405 habebant,
1136 2340 1226 2394 alii
1255 2342 1372 2394 sine
1396 2340 1566 2395 scutis
1588 2340 1720 2395 solis
1748 2341 1918 2397 hastis
1945 2344 2171 2411 praelia-

596 2432 817 2495 bantur,
860 2438 913 2483 et
945 2430 1019 2483 illi
1047 2430 1262 2499 quidem
1302 2429 1679 2498 thureOphori,
1733 2431 1786 2485 id
1825 2440 1929 2497 est,
1974 2433 2169 2488 scutati

604 2520 1051 2583 nominabantur,
1072 2519 1127 2573 hi
1160 2534 1289 2573 vero
1315 2520 1550 2575 hastati:
1587 2536 1712 2575 nam
1737 2523 2043 2577 coutarium
2075 2524 2171 2577 ha-

595 2620 737 2666 stam
766 2610 1108 2679 appellabant

662 2810 752 2861 35.
782 2807 1004 2877 Equites
1033 2806 1410 2872 acrobolistas,
1444 2806 1495 2861 id
1540 2815 1644 2872 est,
1695 2808 2027 2877 iaculatores
2073 2823 2168 2862 ve-

595 2899 801 2961 litares,
841 2898 934 2967 qui
955 2897 1172 2950 eminus
1204 2895 1407 2950 feriunt
1452 2904 1506 2951 et
1546 2899 1886 2967 prteliantur,
1916 2899 2005 2951 alii
2044 2899 2162 2952 rhi-

592 2990 800 3050 ctariis,
832 2987 884 3041 id
915 2997 1018 3051 est,
1064 2986 1265 3057 iaculis
1308 2987 1621 3053 utebantur,
1667 2988 1758 3042 alii
1805 2990 2039 3043 arcubus
2067 3006 2080 3042 :
2110 2996 2167 3043 et

2276 1890 2365 1942 θεν
2400 1886 2542 1960 ἦσαν
2566 1892 2963 1959 ἀκοντίζοντες,
2990 1892 3083 1956 οὒς
3106 1895 3201 1947 καὶ
3224 1895 3407 1963 ἔλεγον
3434 1896 3852 1966 ἁκροῦολιστάς.

2272 1981 2395 2033 Τῶν
2415 1982 2471 2033 δὲ
2496 1982 2563 2035 τὰ
2592 1985 2873 2054 κοντάρια,
2903 1984 2936 2053 ἢ
2966 1986 3065 2048 τὰς
3102 1985 3302 2055 λόγχας
3334 1987 3562 2054 ἐχόντων
3581 2028 3599 2053 ,
3631 1988 3685 2040 οἱ
3708 1988 3810 2057 μὲν
3836 2027 3854 2054 ,

2270 2070 2346 2133 ὡς
2374 2071 2611 2140 εἴρηται,
2647 2068 2789 2143 ἦσαν
2818 2076 2869 2126 οί
2918 2078 3030 2139 τοῖς
3064 2075 3348 2145 πολεμίοις
3374 2078 3816 2147 συμπλεκόμενοι
3834 2123 3851 2144 ,

2272 2165 2370 2217 καὶ
2424 2165 2652 2234 πλησίον
2680 2166 2772 2219 διὰ
2803 2165 2910 2219 τῶν
2942 2168 3185 2237 δοράτων
3224 2170 3344 2238 ἦτοι
3390 2169 3501 2224 τῶν
3548 2172 3854 2241 κονταρίων

2277 2256 2598 2325 μαχόμενοι.
2625 2257 2843 2311 Τούτων
2871 2258 2928 2311 δὲ
2975 2258 3085 2312 τῶν
3118 2259 3586 2331 συμπλεκομένων
3605 2264 3672 2331 τῇ
3703 2263 3853 2334 μάχῃ

2271 2345 2320 2396 ot
2381 2345 2480 2413 μὲν
2547 2346 2772 2416 θυρεοὺς
2820 2343 3008 2416 εἶχον,
3068 2348 3191 2416 ἦτοι
3247 2349 3545 2417 σκουτάρια
3599 2350 3850 2419 ἐπιμήκη

2274 2438 2505 2506 μεγάλα,
2542 2438 2593 2490 οί
2635 2437 2692 2490 δὲ
2717 2438 2889 2508 χωρὶς
2916 2438 3022 2491 τῶν
3053 2438 3263 2509 θυρεῶν
3297 2440 3481 2507 μόνοις
3520 2441 3632 2503 τοῖς
3661 2457 3854 2495 κοντα-

2272 2529 2406 2599 ρίοις
2430 2529 2542 2597 (85)
2561 2530 2848 2599 ἐμάχοντο.
2866 2531 2975 2583 Καὶ
2994 2531 3044 2584 oi
3065 2531 3164 2600 μὲν
3182 2531 3474 2593 ἐκαλοῦντο
3495 2531 3849 2601 θυρεοφόροι,

2267 2621 2318 2672 οί
2370 2618 2429 2670 δὲ
2481 2619 2624 2681 ἰδίως
2679 2619 3036 2688 δορατοφόροι
3067 2635 3083 2652 °
3146 2622 3277 2691 δόρυ
3325 2621 3436 2692 γὰρ
3483 2622 3544 2675 τὸ
3594 2624 3854 2695 κοντάριν

2268 2706 2473 2773 ἔλεγον.

2339 2795 2441 2866 λγ’.
2484 2799 2903 2869 Ἀκροϐολιστὰς
2931 2803 2989 2856 δὲ
3020 2802 3127 2855 τῶν
3157 2801 3542 2871 καδαλλαρίων
3565 2802 3807 2855 ἐκάλουν
3834 2842 3851 2867 ,

2267 2888 2436 2956 ἧγουν
2463 2890 2589 2951 τοὺς
2617 2892 2891 2959 μακρόθεν
2920 2892 3214 2961 βάλλοντάς
3254 2908 3315 2943 τε
3363 2892 3458 2944 καὶ
3487 2892 3853 2961 μαχομένους.

2268 2976 2485 3029 Τούτων
2522 2977 2578 3030 δὲ
2607 2978 2655 3030 oi
2702 2978 2800 3047 μὲν
2828 2980 3096 3050 δορατίοις
3150 2981 3320 3049 ἤγουν
3356 2979 3670 3049 ρικταρίοις
3719 2981 3853 3032 ἐκέ-

591 3081 683 3134 alii
706 3095 772 3133 ex
817 3078 923 3133 illis
951 3077 1167 3132 eminus
1205 3077 1573 3146 conjiciebant
1601 3078 1810 3141 hastas,
1835 3079 1925 3131 alii
1967 3079 2166 3132 diri-etc

2271 3084 2492 3137 χρηντο,
2532 3069 2580 3119 οἱ
2611 3068 2666 3120 δὲ
2710 3068 2909 3133 τόξοις.
2973 3071 3084 3123 Καὶ
3113 3071 3163 3122 οἱ
3195 3070 3294 3139 μὲν
3343 3069 3521 3137 αὐτῶν
3570 3069 3855 3139 μακρόθεν

592 3169 967 3239 procedentes,
1007 3168 1095 3221 alii
1137 3169 1639 3231 circumcursandn,
1682 3184 1822 3238 quos
1865 3170 2162 3237 hippacon-

593 3262 772 3325 tistas,
820 3260 871 3312 id
913 3267 1018 3323 est,
1064 3270 1344 3327 equestres
1388 3260 1720 3327 iaculatores
1768 3261 2039 3323 dixerunt,
2072 3259 2163 3313 alii

588 3350 829 3404 arcubus
856 3348 1142 3411 feriebant,
1175 3365 1315 3418 quos
1365 3351 1740 3416 ἱπποτοξότας,
1774 3350 1826 3403 id
1862 3362 1963 3414 est,
1998 3365 2167 3419 eque-

590 3450 730 3495 stres
758 3441 1091 3509 sagittarios.
1126 3440 1357 3504 Quidam
1389 3455 1453 3493 ex
1491 3440 1600 3493 illis
1626 3440 1895 3508 expeditis
1943 3449 1995 3494 et
2024 3440 2160 3492 veli-

593 3531 802 3585 taribus
852 3530 1049 3598 iaculis
1117 3532 1430 3593 utebantur,
1479 3538 1533 3583 et
1586 3545 1709 3583 cum
1766 3529 1931 3584 semel
2000 3539 2163 3597 atque

590 3620 786 3674 iterum
809 3619 1033 3688 jaculati
1082 3618 1307 3682 fuerint,
1352 3619 1418 3673 de
1468 3628 1665 3673 caetero
1711 3619 2009 3687 conﬂigunt
2037 3632 2161 3671 cum

592 3711 864 3775 hostibus,
915 3710 998 3763 vel
1055 3710 1245 3773 hastis,
1297 3725 1435 3777 quas
1478 3710 1749 3763 habebant
1807 3709 2165 3771 relictis.‘vel

588 3800 858 3869 expeditis
887 3799 1105 3867 jaculis,
1137 3799 1217 3851 vel
1268 3798 1477 3866 spathis
1528 3798 1641 3851 suis
1673 3807 1921 3851 utentes:
1950 3807 2003 3849 et
2029 3797 2165 3853 istos

586 3890 861 3945 vocabant
911 3891 1117 3943 velites.
1151 3890 1379 3953 Quidam
1421 3904 1484 3941 ex
1536 3890 1641 3942 illis
1695 3904 1916 3943 secures
1964 3904 2159 3957 parvas

590 3979 855 4041 ferebant,
891 3981 1060 4033 aciem
1097 3979 1332 4045 undique
1362 3988 1596 4042 acutam,
1633 3978 1788 4046 quasi
1813 3976 2001 4030 dentes
2033 3991 2157 4030 cum

590 4078 931 4124 exacuuntur
972 4069 1252 4122 habentes.
1292 4067 1355 4121 Et
1392 4077 1699 4136 equestrem
1742 4068 1915 4121 aciem
1947 4068 2161 4135 (quem-

592 4159 887 4214 admodum
922 4158 1109 4228 paucis
1132 4158 1415 4227 complecti
1466 4156 1640 4227 potui)
1670 4158 1737 4213 ad
1769 4158 1914 4212 hunc
1938 4157 2162 4211 modum

593 4250 883 4304 armabaut
913 4248 1140 4317 antiqui.

662 4343 753 4397 54.
790 4340 1098 4396 Pedestrem
1149 4340 1321 4403 aciem
1361 4341 1430 4395 ab
1464 4338 1704 4408 antiquis
1740 4338 1822 4393 sic
1852 4336 2163 4392 invenimus

2270 3158 2530 3229 ἔρριπτον
2555 3158 2623 3210 τά
2647 3161 2926 3229 ῥικτάρια,
2960 3162 2993 3228 ἢ
3027 3161 3115 3213 ἐπ’
3144 3161 3365 3222 εὐθείας
3402 3160 3514 3230 (84)
3539 3161 3854 3231 ἐρχόμενοι,

2270 3248 2303 3316 ἢ
2339 3248 2521 3317 κύκλῳ
2550 3249 2981 3319 περιτρέχοντες.
3004 3250 3111 3312 υῦς
3136 3250 3370 3303 ἐκάλουν
3402 3251 3853 3313 ἱπποκοντιστάς.

2272 3338 2336 3389 Οί
2370 3337 2427 3389 δέ
2456 3341 2568 3401 τοῖς
2600 3340 2773 3404 τόξοις
2806 3340 3028 3392 ἔϐαλλον
3054 3378 3069 3401 ,
3099 3340 3192 3403 οὓς
3221 3340 3447 3405 ἐκάλουν
3470 3342 3855 3407 ἱπποτοξότας.

2272 3427 2428 3490 Τινὲς
2457 3427 2515 3480 δέ
2542 3429 2722 3482 αὐτῶν
2767 3429 3025 3499 ἐλαφροῖς
3079 3430 3384 3501 κονταρίοις
3440 3431 3705 3502 ἐχρῶντο,
3753 3435 3856 3486 καὶ

2275 3519 2403 3588 μίαν
2439 3520 2472 3591 ἢ
2502 3520 2760 3590 δευτέραν
2794 3521 3347 3591 προεξακοντίσαντες
3392 3524 3454 3575 τὸ
3491 3524 3677 3577 λοιπὸν
3721 3542 3855 3577 συν·

2270 3609 2563 3663 επλέκοντο
2589 3614 2700 3675 τοῖς
2743 3611 3042 3681 πολεμίοις,
3095 3613 3127 3683 ἢ
3159 3616 3269 3674 τοῖς
3296 3612 3565 3686 δορατίοις
3590 3610 3671 3677 οἷς
3702 3612 3853 3685 εἶχον

2266 3702 2749 3772 Δἀπολειπομένοις,
2776 3704 2944 3773 ήγουν
2968 3705 3081 3768 τοῖς
3112 3705 3365 3775 ἐλαφροῖς
3417 3708 3725 3777 κονταρίοις
3749 3745 3769 3770 ,
3816 3708 3850 3777 ἢ

2269 3795 2385 3856 τοῖς
2427 3795 2676 3857 σπαθίοις
2748 3796 2930 3849 αὐτῶν
2972 3797 3382 3867 διαχρώμενοι,
3458 3800 3555 3851 καὶ
3619 3799 3854 3861 τούτους

2270 3884 2498 3937 ἐκάλουν
2550 3884 2839 3955 ἐλαφρούς.
2897 3887 3055 3950 Τινὲς
3100 3887 3158 3939 δέ
3208 3888 3389 3942 αὐτῶν
3438 3889 3538 3953 καὶ
3591 3890 3850 3953 πελέκεις

2274 3977 2507 4047 μικροὺς
2547 3977 2745 4046 ἔφερον
2779 3979 3117 4047 πανταχόθεν
3152 3979 3379 4048 ἐχούσας
3414 3980 3639 4044 ἀκωκὰς
3666 3981 3852 4044 ὀξείας

2267 4066 2344 4131 ὡς
2399 4067 2620 4129 ὀδόντας
2668 4067 3061 4138 ἡκονημένους.
3114 4072 3226 4124 Καὶ
3288 4072 3388 4143 τὴν
3434 4073 3850 4145 καϐαλλαρικὴν

2270 4159 2421 4223 τάξιν
2452 4159 2628 4222 οὕτως
2661 4158 2897 4226 ὥπλιζον
2948 4163 2996 4213 οί
3042 4162 3306 4232 παλαιοὶ,
3340 4165 3463 4219 ὅσον
3493 4167 3552 4218 ἐν
3592 4166 3849 4236 συντόμῳ

2269 4252 2465 4304 εἰπεῖν.

2340 4343 2435 4398 λδ’.
2461 4344 2572 4415 Τὴν
2604 4346 2663 4399 δὲ
2687 4345 2917 4415 πεζικὴν
2947 4345 3098 4417 παρά
3124 4345 3224 4418 τὴν
3251 4344 3360 4398 τῶν
3406 4345 3650 4416 ἀρχαίων
3692 4346 3847 4411 τάξιν

590 4433 923 4501 descriptam
963 4447 1105 4486 esse.
1146 4429 1204 4485 In
1254 4441 1363 4487 tres
1410 4434 1553 4485 enim
1604 4441 1784 4499 partes
1822 4429 2007 4499 c0pias
2037 4444 2165 4485 suas

2271 4432 2441 4497 οὕτως
2461 4434 2712 4505 εὕρομεν.
2740 4437 2951 4509 Τριχῶς
2977 4437 3075 4505 μὲν
3096 4436 3204 4505 γάρ
3233 4437 3403 4508 αὐτῆς
3422 4436 3732 4506 διεμέριζον
3748 4438 3847 4507 τὴν

589 4521 921 4585 dividebant,
947 4521 1400 4589 quemadmodum
1434 4537 1461 4571 a
1494 4520 1651 4573 nobis
1680 4519 1929 4588 superius
1954 4533 2161 4572 mento-

591 4622 769 4667 ratum
812 4622 896 4666 est
935 4620 1031 4665 :et
1068 4612 1321 4680 primam,
1355 4626 1573 4681 gravem
1624 4621 1980 4675 armaturam,
2024 4610 2161 4664 alte-

589 4719 703 4756 ram
736 4702 991 4771 peltastas
1036 4702 1151 4755 sive
1187 4710 1442 4768 cetratos,
1476 4702 1688 4755 tertiam
1720 4702 1889 4755 levem
1920 4712 2159 4753 armatu-

587 4808 704 4848 ram
769 4794 1054 4849 vocabant.
1107 4791 1174 4846 Et
1230 4794 1408 4863 gravis
1474 4804 1766 4847 armaturae
1817 4791 2162 4844 Macedonico

590 4899 741 4938 more
766 4884 1224 4951 ponderosissima
1274 4898 1422 4936 arma
1473 4882 1672 4947 fecere,
1703 4881 2161 4953 quemadmodum

588 4972 890 5026 Alexander
916 4969 1138 5024 Macedo
1178 4969 1356 5025 facere
1381 4970 1610 5024 solebat.

661 5062 751 5117 35.
810 5060 1021 5117 Etenim
1069 5070 1221 5117 scuta
1270 5062 1377 5115 illis
1423 5061 1695 5115 faciebant
1739 5061 1996 5128 rotunda,
2042 5078 2159 5116 ma-

593 5169 721 5222 gna,
761 5152 1015 5223 oblonga.
1046 5170 1167 5224 qua:
1188 5153 1410 5208 thureos
1434 5154 1796 5221 appellabant,
1830 5163 1884 5207 et
1919 5155 2166 5209 machae-

591 5261 679 5299 ras
712 5260 848 5315 quas
879 5246 1178 5314 parameria
1220 5245 1583 5315 appellabant,
1629 5256 1682 5299 et
1733 5244 1942 5308 loricia,
1974 5245 2026 5299 id
2071 5255 2161 5301 est

590 5338 790 5406 galeas,
825 5347 879 5392 et
927 5337 1180 5403 clibania,
1213 5337 1267 5392 id
1306 5346 1389 5393 est
1425 5337 1693 5400 thoraces,
1722 5347 1778 5391 et
1802 5335 2067 5403 cassides,
2099 5345 2159 5389 et

2262 4527 2500 4591 ὅπλισιν,
2538 4528 2621 4591 ὡς
2671 4528 2930 4597 ἀνωτέρω
2982 4529 3199 4598 εἴρηται
3237 4529 3392 4595 ἡμῖν.
3443 4528 3555 4580 Καὶ
3592 4526 3692 4596 τὴν
3745 4529 3847 4596 μὲν

2263 4617 2490 4671 ἐκάλουν
2512 4619 2737 4682 ὁπλίτας
2764 4661 2779 4684 ,
2821 4620 2921 4689 τὴν
2948 4619 3005 4671 δὲ
3032 4617 3336 4681 πελταστὰς
3359 4660 3374 4684 ,
3413 4620 3515 4687 τὴν
3545 4620 3602 4671 δέ
3628 4619 3841 4688 ψιλούς.

2262 4702 2374 4755 Καὶ
2402 4703 2500 4773 τὴν
2534 4704 2634 4774 μὲν
2662 4704 2769 4756 τῶν
2802 4704 3109 4774 λεγομένων
3130 4704 3365 4757 ὁπλιτῶν
3389 4704 3700 4777 βαρυτάτην
3740 4723 3847 4759 πα-

2273 4791 2340 4861 ρὰ
2369 4792 2575 4855 πάντας
2606 4794 2732 4855 τοὺς
2755 4792 2954 4857 πεζοὺς
2976 4795 3215 4854 ἐποίουν,
3253 4795 3395 4846 κατὰ
3422 4794 3512 4847 τὸν
3538 4796 3840 4848 Μακεδονι-

2268 4880 2363 4934 κδν
2392 4884 2612 4952 τρόπον,
2637 4882 2804 4952 ἤγουν
2832 4883 2956 4937 καθ’
2984 4883 3044 4936 ὃν
3067 4882 3419 4953 Ἀλέξανδρος
3447 4886 3476 4936 ό
3522 4884 3631 4938 τῶν
3653 4886 3844 4939 Μακε-

2267 4967 2431 5022 δόνων
2454 4971 2744 5040 ἐχρήσατο.

2338 5061 2434 5117 λε’.
2485 5063 2594 5115 Καὶ
2618 5058 2726 5133 γάρ
2761 5061 3060 5133 σκουτάρισ.
3101 5061 3318 5115 ἐποίουν
3364 5062 3544 5124 αὐτοῖς
3581 5062 3842 5132 στρογγύο

2267 5153 2334 5205 λα
2363 5153 2572 5223 μεγάλα
2602 5154 2906 5223 παραμήκη
2931 5192 2946 5217 ,
2991 5153 3027 5206 ἃ
3066 5153 3253 5221 ελεγον
3292 5154 3540 5223 θυρεοῦς,
3588 5157 3685 5207 καὶ
3732 5172 3838 5225 μα·-

2272 5242 2464 5313 χαίρας
2498 5281 2512 5303 ,
2574 5242 2744 5311 ἤγουν
2797 5243 3173 5313 παραμήρια,
3247 5244 3343 5295 καὶ
3393 5243 3691 5315 θώρακας,
3746 5247 3840 5297 καὶ

2267 5332 2442 5402 κράνη
2468 5370 2483 5399 ,
2522 5331 2692 5401 ἤγουν
2729 5330 3003 5402 λωρίκια,
3072 5333 3166 5384 καὶ
3216 5331 3469 5386 κλιϐάνια
3522 5334 3676 5405 (85),
3736 5332 3835 5401 καὶ

2114 5423 2345 5481 NOTAE.

803 5516 1237 5588 Παραμικρίοις.
1276 5516 1499 5588 εει-ὼε,
1530 5517 1919 5588 παραμηρίοις.

662 5585 774 5651 (8‘5)
807 5585 1023 5652 Μόνοις
1086 5587 1209 5650 τοῖς
1256 5585 1624 5653 κονταρίοιςζ
1662 5585 2048 5651 Scribebatur,
2098 5601 2155 5655 μ.

598 5658 958 5721 σκουταρίοις.

669 5720 782 5791 (84)
812 5726 884 5782 Ἣ
914 5725 1007 5779 ἐπ’
1042 5725 1294 5790 εὐθείας.
1329 5723 1697 5789 Scribebatur,
1730 5724 1763 5793 ἢ
1804 5723 2117 5787 εὐπαθείας.

2344 5512 2456 5584 (85)
2497 5514 2605 5584 Kal
2634 5513 2924 5582 θώρακας,
2945 5514 3042 5568 καὶ
3062 5513 3271 5582 κράνη,
3319 5515 3510 5584 ἤγουν
3566 5516 3837 5583 λωρίκια,

2297 5582 2396 5636 και
2426 5582 2718 5655 ngredi-ta.
2761 5584 2939 5640 Locus
2964 5596 3259 5655 corruptus
3297 5582 3402 5641 est.
3456 5582 3727 5650 ltestituo,
3773 5604 3834 5639 ac

2264 5653 2384 5776 16eng
2418 5669 2433 5707 :
2465 5651 2737 5723 θώρακας,
2764 5656 2932 5724 ἤγουν
2964 5651 3213 5725 λωρίκὶα,
3248 5657 3343 5709 καὶ
3366 5657 3563 5726 κράνη,
3599 5656 3693 5725 καὶ
3726 5656 3836 5713 ιλι-

2340 5738 2443 5776 νια.
