4080 6218
311 310 419 373 ’133

1389 316 1720 376 TACTICA.
1761 340 1828 352 —
1858 312 2354 375 CONSTITUTIO
2380 315 2510 375 VII.

3431 319 3536 383 734.

313 415 598 480 κάσσιδας,
637 417 733 469 καὶ
761 417 1067 486 μανικέλια,
1099 423 1195 475 καὶ
1219 421 1554 492 χαλκότουϐα
1581 461 1596 485 ,
1640 422 1788 491 ἅπερ
1816 421 1863 472 oi

1994 420 2292 486 nauicellia,
2327 430 2382 474 et
2411 419 2754 485 chaleotuba,
2796 434 2918 489 quae
2962 418 3170 488 antiqui
3215 419 3536 488 pericnemi-

311 509 532 562 παλαιοὶ
568 507 967 576 περικνημίδας
1003 509 1262 564 ἐκάλουνδ
1319 512 1416 565 καὶ
1454 511 1709 580 κοντάρια
1759 527 1866 578 μα-

317 597 570 667 κρότερα.
621 597 760 660 Τοὺς
792 597 896 667 μὲν
923 598 1017 652 οὖν
1056 601 1284 665 ὁπλίτας
1327 603 1660 673 λεγομένους
1694 601 1867 662 οὕτως

315 687 567 752 ὥπλιζον.

381 777 492 841 λς’.
511 776 649 840 Τοὺς
663 776 724 829 δὲ
742 775 930 846 ψιλοὺς
947 779 1161 834 πάντων
1186 780 1522 852 ἐλαφροτάτῃ
1546 779 1777 843 ὥπλιζον
1803 778 1869 844 τῇ

311 869 635 936 παρασκευῇ
654 882 671 897 ο
701 866 825 920 οὕτε
851 869 962 937 γὰρ
997 870 1280 940 θώρακας,
1307 874 1476 941 ἤγουν
1521 869 1772 923 κλιϐάνια
1794 907 1808 931 ,
1837 865 1871 936 ἢ

312 957 545 1026 λωρίκια
567 995 583 1018 ,
632 954 755 1016 οὔτε
803 959 1198 1029 περικνημίδας
1227 1000 1244 1026 ,
1278 962 1444 1031 ήγουν
1472 959 1772 1028 ποδόψελλα
1790 996 1804 1020 ,
1839 956 1872 1025 ἢ

313 1046 672 1117 χαλκότουὸα,
695 1037 824 1099 οὔτε
861 1046 1109 1118 θυρεοὺς,
1133 1049 1166 1120 ἢ
1186 1051 1416 1112 ἀσπίδας
1443 1050 1686 1121 βαρείας,
1711 1049 1876 1118 ήγουν

314 1141 386 1192 τὰ
417 1138 628 1207 μεγάλα
666 1136 982 1206 σκουτάρια,
1011 1138 1145 1192 ἀλλὰ
1196 1138 1286 1193 διὰ
1311 1141 1420 1193 τῶν
1445 1140 1714 1210 μακρόθεν
1749 1137 1878 1208 βαλ-

315 1229 564 1297 λομένων
603 1227 784 1280 ὅπλων
833 1228 1099 1296 ἐμάχοντο
1126 1268 1142 1293 ,
1193 1223 1304 1283 οἷον
1353 1230 1403 1282 oi
1448 1229 1755 1293 τοξεύοντες
1776 1267 1792 1292 ,
1843 1226 1878 1295 ἢ

325 1319 580 1389 ρικτάρια
608 1318 909 1386 ῥίπτοντες,
945 1317 978 1387 ἢ
1013 1317 1191 1382 λίθους
1218 1319 1501 1389 βάλλοντες
1517 1320 1642 1381 τοὺς
1673 1318 1772 1388 μὲν
1793 1317 1880 1369 διὰ

318 1409 517 1478 χειρὸς,
541 1409 672 1472 τοὺς
696 1406 753 1460 δὲ
789 1407 879 1460 διὰ
916 1409 1222 1479 σφενδόνης.
1264 1409 1544 1472 memet
1587 1404 1731 1477 εἶχον
1761 1420 1881 1458 στεο

321 1498 473 1568 ρεὰς,
505 1497 599 1551 καὶ
632 1497 846 1566 πηκτάς
877 1498 998 1551 ἀντὶ
1019 1497 1308 1567 λωρικίων,
1343 1501 1438 1552 καὶ
1457 1498 1765 1560 κλιϐανίων,
1790 1494 1884 1547 καὶ

317 1589 428 1642 τῶν
454 1588 654 1644 ἄλλων.

389 1680 487 1744 λζ’.
523 1681 598 1733 Τὸ
626 1679 684 1734 δὲ
727 1679 837 1734 τῶν
872 1676 1191 1731 πελταστῶν
1228 1678 1516 1748 λεγόμενον
1555 1673 1725 1742 εἶδος,
1749 1678 1886 1746 ὅπερ

1967 512 2088 575 das,
2120 512 2170 564 id
2219 520 2323 574 est,
2365 526 2556 566 ocreas
2602 525 2782 565 aeneas
2834 511 3212 571 nominabant,
3239 523 3312 567 ἐι
3356 513 3542 571 hastas

1972 603 2180 671 longas.
2223 600 2290 655 Et
2316 617 2531 672 gravem
2550 611 2882 656 armaturam
2913 604 2994 656 sic
3021 605 3330 660 armabant.

2039 775 2129 831 56.
2154 776 2349 830 Levem
2383 784 2716 830 armaturam
2778 774 3055 831 levissimo
3098 777 3342 832 omnium
3373 793 3544 847 appa-

1975 875 2096 920 ratu
2137 866 2389 936 tegebant
2422 887 2434 921 :
2464 880 2641 934 neque
2679 865 2824 920 enim
2849 866 3106 932 clibania,
3140 866 3192 920 id
3221 877 3327 931 est,
3360 869 3546 923 thora-

1975 955 2087 1021 ces,
2128 971 2302 1024 neque
2327 955 2542 1022 loricia,
2576 955 2629 1010 id
2650 963 2753 1021 est,
2782 956 3177 1026 galeas,neque
3200 957 3544 1026 cbalcotuba,

1977 1047 2031 1102 id
2058 1054 2161 1113 est,
2190 1061 2380 1102 ocreas
2417 1062 2618 1110 aureas,
2659 1062 2837 1116 neque
2881 1047 3125 1109 thureos,
3161 1046 3216 1102 id
3256 1057 3359 1114 est,
3389 1056 3546 1104 scuta

1977 1153 2174 1209 magna
2208 1137 2496 1202 habebant,
2527 1136 2622 1192 sed
2646 1137 2861 1191 eminus
2899 1136 3159 1208 conjectis
3188 1137 3305 1192 telis
3335 1152 3549 1206 pugna-

1979 1223 2128 1288 bant,
2168 1233 2228 1277 ιιι
2273 1224 2521 1293 sagittas,
2551 1223 2637 1277 vel
2675 1223 2959 1286 rhictaria,
2999 1223 3051 1276 id
3092 1232 3194 1287 est,
3235 1223 3421 1290 jacula
3465 1232 3548 1286 vel

1983 1328 2116 1369 saxa
2161 1313 2509 1382 projicientes
2545 1313 2650 1366 alia
2705 1327 2893 1373 manu,
2948 1311 3050 1365 alia
3119 1310 3322 1367 lurrdis.
3363 1313 3550 1370 Vestes

1986 1403 2256 1458 habebant
2278 1403 2462 1458 ﬁrmas
2484 1405 2598 1460 vice
2627 1402 2941 1458 loriciorum
2972 1414 3026 1457 et
3054 1403 3334 1457 thoracum
3367 1413 3421 1459 et
3447 1405 3554 1458 bu-

1980 1491 2241 1561 jusmodi.

2059 1681 2148 1735 37.
2198 1679 2556 1734 Peltastarum
2618 1695 2713 1736 seu
2772 1689 3099 1736 cetratorum
3147 1697 3363 1752 agmen,
3409 1687 3555 1756 quod

317 1770 369 1823 οἱ
395 1769 652 1839 νεώτεροι
680 1769 790 1824 τῶν
817 1768 1090 1823 τακτικῶν
1139 1767 1240 1821 ούκ
1279 1769 1554 1838 ἐδήλωσαν
1595 1763 1771 1837 (οἶμαι
1804 1768 1884 1830 δὲ,

1994 1771 2323 1826 recentiores
2351 1772 2428 1825 rei
2462 1771 2712 1825 militaris
2731 1772 3024 1839 scriptores
3051 1751 3556 1840 praetermiserunt:

317 1858 396 1922 ὥς
423 1859 538 1913 ἄνω
574 1857 666 1928 μοι
704 1859 937 1928 εἴρηται,
965 1860 1083 1921 τοῖς
1118 1857 1292 1927 ψιλοῖς
1315 1857 1445 1910 αὐτὸ
1473 1857 1884 1927 συμμίξαντες),

331 1950 426 2002 καὶ
463 1948 594 2000 αὐτὸ
625 1947 726 2016 μὲν
756 1944 902 2016 εἶχεν
949 1948 1213 2017 ὁπλισμὸν
1235 1985 1252 2008 ,
1292 1946 1648 2016 ἐλαφρότερον
1683 1947 1739 2000 δὲ
1780 1945 1888 2000 τῶν

318 2037 514 2092 ἄλλων.
553 2033 680 2106 Εἶχε
707 2037 814 2106 γὰρ
842 2038 1070 2107 πέλτην,
1099 2038 1129 2090 ὃ
1157 2039 1272 2090 ἐστι
1298 2038 1617 2107 σκουτάριον
1656 2038 1852 2106 μικρὸν
1871 2076 1888 2100 ,

318 2127 412 2180 καὶ
448 2127 518 2180 τὰ
553 2126 754 2196 δόρατα
787 2127 987 2192 αὐτῶν,
1029 2127 1196 2196 ήγουν
1232 2127 1302 2179 τὰ
1337 2127 1598 2198 κοντάρια
1623 2126 1755 2180 πολὺ
1782 2126 1890 2180 τῶν

318 2215 625 2286 λεγομένων
671 2217 946 2287 σαρισσῶν
984 2217 1134 2286 παρὰ
1163 2218 1276 2279 τοῖς
1300 2217 1547 2279 παλαιοῖς
1577 2217 1888 2287 κοντότερα.

319 2306 385 2358 At
409 2304 466 2356 δὲ
499 2305 754 2374 σάρισσαι
783 2301 924 2375 ἦσαν
961 2306 1215 2374 κοντάρια
1251 2305 1436 2375 μακρὰ
1455 2305 1560 2368 ἕως
1587 2305 1778 2374 πηχῶν
1807 2303 1891 2366 ιδ’,

321 2392 416 2445 καὶ
438 2392 564 2462 ἄχρι
594 2392 786 2462 πηχῶν
821 2398 917 2456 ις’.
949 2392 1135 2447 Ταῦτα
1158 2391 1214 2445 δὲ
1232 2388 1374 2462 ἦσαν
1400 2392 1634 2460 μάλιστα
1660 2394 1758 2456 τῆς
1775 2394 1897 2446 Μα-

325 2482 608 2553 κεδονικῆς
651 2483 940 2546 ὁπλίσεως.
972 2483 1180 2539 Ἐδόκει
1229 2483 1286 2536 δὲ
1337 2485 1370 2554 ή
1421 2484 1529 2537 τῶν
1582 2482 1896 2536 πελταστῶν

321 2572 534 2636 ὅπλισις
584 2573 756 2642 μέσην
789 2573 934 2643 ἐχειν
966 2574 1120 2640 τάξιν
1156 2573 1266 2628 τῶν
1321 2591 1380 2626 τε
1430 2573 1601 2642 ψιλῶν
1653 2573 1749 2628 καὶ
1788 2573 1898 2628 τῶν

326 2663 472 2727 ίδίως
518 2663 826 2735 λεγομένων
856 2663 1128 2730 ὁπλιτῶν,
1161 2664 1438 2735 βαρυτέρα
1487 2664 1586 2734 μὲν
1611 2658 1745 2717 οὖσα
1789 2661 1899 2715 τῶν

323 2753 520 2824 ψιλῶν,
553 2753 893 2824 ἐλαφροτέρα
920 2755 978 2807 δὲ
1007 2755 1116 2807 τῶν
1141 2754 1399 2808 ὁπλιτῶν.

398 2843 500 2912 λη’.
530 2838 640 2896 Ἦν
663 2845 720 2896 δέ
749 2845 900 2914 παρὰ
929 2846 1042 2906 τοῖς
1074 2844 1318 2908 ὁπλίταις
1345 2843 1438 2896 καὶ
1462 2844 1627 2905 ἀσπὶς
1649 2843 1897 2897 Max:60-

329 2935 454 3005 νικὴ
479 2934 654 3004 χαλκῆ
708 2935 768 2988 ού
818 2935 940 2989 λίαν
992 2933 1145 3005 κοίλη
1190 2933 1329 3005 (86),
1383 2934 1550 3004 ήγουν
1581 2935 1900 3003 σκουτάριον

333 3026 664 3096 στρογγύλον
696 3027 841 3096 μέγα
862 3065 879 3090 ,
935 3026 1261 3096 άπλωτέραν
1294 3025 1416 3095 ἔχον
1443 3026 1542 3094 τὴν
1570 3023 1856 3091 κοιλότητα
1883 3065 1898 3088 ,

331 3114 393 3167 τὸ
428 3114 484 3168 δὲ
515 3115 712 3187 μέτρον
746 3115 915 3186 αὐτῆς
940 3116 1229 3186 σπιθαμῶν
1250 3116 1318 3183 γ’.
1345 3112 1454 3168 Ἦν
1483 3115 1540 3167 δὲ
1566 3113 1662 3168 καὶ
1695 3111 1892 3166 κοντά-

333 3222 450 3276 ριον
492 3207 554 3260 ού
602 3207 923 3276 μικρότερον
965 3208 1156 3276 πηχῶν
1185 3205 1257 3277 η’.
1308 3207 1382 3259 Τὸ
1413 3207 1470 3260 δὲ
1518 3204 1891 3274 μακρότερον,

337 3297 499 3366 μέχρι
542 3294 637 3350 τοῦ
669 3295 935 3350 ,δύνασθαι
978 3297 1149 3368 ἄνδρα
1197 3295 1504 3368 κρατοῦντα
1555 3297 1723 3350 κινεῖν
1766 3294 1898 3347 αὐτὸ

335 3389 595 3450 εὐκόλως.

405 3478 502 3533 λθ’.
547 3478 610 3532 Ἦ
638 3477 693 3532 δὲ
711 3477 1057 3548 Μακεδονικὴ
1078 3477 1289 3547 φάλαγξ
1311 3476 1515 3546 ἐκείνη,
1546 3477 1713 3546 ήγουν
1735 3477 1768 3545 ή
1792 3493 1898 3527 πα-

340 3570 552 3640 ραταγὴ
575 3609 590 3633 ,
637 3570 811 3624 ἐδόκει
851 3571 964 3632 τοῖς
1008 3568 1287 3639 πολεμίοις
1343 3566 1710 3627 ἀνυπόστατος
1738 3561 1896 3631 εἶναι,

339 3661 430 3714 διὰ
457 3662 552 3733 τὴν
581 3665 641 3715 ἐν
689 3664 812 3725 ταῖς
851 3661 1036 3728 τάξεσι
1078 3660 1445 3728 κατασκευήν.
1473 3659 1686 3711 Ἰστατο
1730 3657 1838 3727 γὰρ
1873 3659 1902 3709 ὁ

340 3751 483 3824 ἁνήρ
516 3750 919 3822 ἐξωπλισμένος
950 3754 1009 3804 ἐν
1045 3750 1122 3821 τῷ
1153 3749 1246 3804 τοῦ
1275 3750 1481 3817 ἀγῶνος
1503 3751 1602 3818 τῆς
1631 3747 1903 3817 συμϐολῆς

342 3837 519 3907 καιρῷ
578 3839 1104 3908 καταπυκνουμένης
1167 3837 1268 3906 τῆς
1331 3837 1651 3908 παραταγῆς
1717 3837 1774 3889 ἐν
1835 3837 1901 3904 τῇ

345 3927 576 3980 ἑκάστου
608 3930 793 3982 στάσει
829 3930 912 3992 είς
935 3929 1132 3998 πήχεις
1159 3927 1251 3980 δύο
1281 3927 1527 3997 κατέχων
1571 3927 1668 3996 τὴν
1713 3926 1905 3996 σάρισ-

349 4033 466 4080 σαν,
497 4018 666 4088 ἥγουν
700 4019 762 4072 τὸ
793 4018 1004 4090 μακρὸν
1031 4018 1332 4088 κοντὰριον,
1364 4018 1521 4086 ὅπερ,
1540 4017 1614 4083 ὡς
1637 4016 1736 4086 μέν
1764 4033 1906 4079 τινες

346 4105 574 4174 ἔφασαν,
610 4108 799 4178 πηχῶν
849 4107 1170 4173 ἑξκαίδεκα,
1204 4107 1344 4162 κατὰ
1385 4108 1442 4161 δὲ
1476 4107 1573 4178 τὴν
1628 4107 1906 4179 ἀλήθειαν,

1990 1861 2228 1916 arbitror
2249 1860 2396 1913 enim
2415 1875 2540 1913 cum
2573 1861 2676 1913 levi
2709 1871 2982 1914 armatura
3011 1863 3077 1916 ab
3109 1863 3176 1917 iis
3203 1866 3561 1933 scriptoribus

1989 1949 2248 2004 confusos
2275 1964 2411 2002 esse.
2455 1947 2939 2003 lla-hebantautem
2983 1952 3035 2004 hi
3081 1965 3435 2021 armaturam,
3468 1957 3562 2010 sed

1990 2039 2243 2094 leviorem
2271 2037 2393 2092 aliis
2425 2053 2440 2089 :
2477 2037 2745 2091 habebant
2774 2049 2952 2092 autem
2985 2040 3203 2108 peltam,
3237 2042 3289 2096 id
3319 2051 3567 2108 est,scu-

1990 2136 2106 2183 tum
2136 2143 2385 2198 parvum,
2417 2137 2474 2182 et
2517 2128 2722 2194 hastas,
2761 2143 2882 2197 quae
2923 2129 2993 2181 ab
3030 2130 3432 2197 antiquioribus
3473 2146 3566 2185 sa-

1992 2217 2148 2272 rissae
2172 2218 2328 2272 dicta:
2357 2223 2488 2272 sunt
2517 2234 2531 2270 :
2555 2218 2773 2272 sarissa:
2801 2227 2980 2271 autem
3021 2217 3190 2272 hastae
3223 2229 3376 2272 erant
3397 2221 3567 2288 longa:

1995 2308 2263 2362 interdum
2289 2309 2699 2378 quatuordecim
2747 2309 3080 2374 cubitorum,
3113 2309 3386 2362 interdum
3414 2309 3570 2364 sede-

1996 2400 2102 2452 cim
2135 2399 2467 2454 cubitorum.
2499 2398 2629 2453 Haec
2665 2407 2784 2452 erat
2811 2398 2990 2452 forma
3031 2398 3277 2451 armandi
3317 2397 3570 2452 Macedo-

1997 2489 2141 2543 nica.
2171 2489 2535 2543 Peltastarum
2563 2497 2838 2542 armatura
2872 2488 3109 2542 medium
3133 2487 3403 2556 quoddam
3428 2487 3573 2542 inter

1999 2591 2220 2646 gravem
2260 2584 2314 2630 et
2352 2577 2523 2630 levem
2572 2587 2907 2630 armaturam
2938 2577 3177 2639 tenebat,
3209 2577 3422 2647 gravior
3444 2577 3570 2644 levi,

2003 2675 2058 2720 et
2089 2667 2260 2721 levior
2282 2666 2433 2734 gravi
2455 2675 2756 2720 armatura.

2069 2846 2159 2900 38.
2188 2845 2350 2900 Gravi
2375 2856 2668 2900 armaturae
2692 2845 2866 2901 adfuit
2893 2861 3112 2916 quoque
3138 2855 3193 2903 et
3223 2847 3373 2918 aspis
3397 2846 3580 2903 Mace-

2001 2934 2196 2989 donica
2232 2943 2395 2988 aerata
2425 2949 2535 2987 non
2579 2935 2874 2987 admodum
2909 2948 3170 2998 concava,
3215 2935 3268 2988 id
3312 2943 3417 2999 est,
3452 2950 3581 2991 scu-

2005 3035 2118 3077 tum
2148 3024 2443 3078 rotundum
2467 3038 2742 3093 magnum,
2774 3024 3162 3092 simpliciorem
3202 3023 3409 3078 habens
3435 3027 3582 3078 cavi-

2007 3123 2194 3177 tatem,
2228 3128 2541 3168 mensuram
2590 3113 2751 3168 trium
2794 3115 3212 3182 spitbamarum,
3264 3113 3317 3167 id
3348 3123 3452 3178 est,
3480 3115 3580 3168 do-

1996 3202 2295 3256 drantium.
2317 3201 2446 3256 Erat
2474 3209 2655 3256 autem
2687 3202 2842 3256 hasta
2870 3215 2976 3255 non
3009 3202 3189 3256 minor
3213 3211 3336 3256 octo
3357 3203 3580 3265 cubitis.

1999 3291 2164 3348 Hasta
2189 3290 2406 3361 longior
2435 3306 2501 3346 eo
2517 3305 2696 3362 usque
2713 3291 3155 3360 ducehatur,quo
3187 3291 3349 3349 homo
3373 3291 3585 3347 viribus

1999 3385 2116 3439 suis
2142 3383 2392 3451 expedite
2425 3398 2545 3437 eam
2583 3391 2817 3436 tractare
2847 3392 3120 3450 potuerat.

2085 3468 2173 3522 39.
2202 3469 2554 3522 Macedonica
2591 3468 2848 3536 phalanx,
2881 3469 2934 3522 id
2965 3479 3069 3536 est,
3101 3470 3268 3535 acies,
3298 3471 3585 3526 videbatur

2004 3558 2257 3613 hostibus
2295 3568 2515 3627 pr0pter
2547 3558 2682 3611 aciei
2722 3558 3051 3613 instruenda:
3095 3559 3318 3613 modum
3355 3560 3588 3630 inexpu-

2002 3647 2233 3717 gnabilis
2264 3662 2409 3703 esse.
2437 3647 2627 3702 Stabat
2649 3648 2793 3701 enim
2821 3649 3198 3718 unusquisque
3230 3649 3314 3703 vir
3343 3633 3585 3704 armatus

2003 3737 2124 3806 ipso
2148 3737 2480 3808 conﬂigendi
2535 3748 2797 3807 tempore,
2863 3739 3087 3794 densata
3118 3740 3236 3796 acie
3285 3741 3352 3796 ad
3393 3757 3586 3797 unius-

2005 3823 2272 3894 cujusque
2303 3825 2618 3886 stationem,
2659 3824 2968 3878 cubitorum
3010 3828 3244 3880 duorum
3283 3827 3463 3882 locum
3499 3845 3590 3884 oc-

2009 3929 2241 3983 cupans,
2301 3915 2586 3982 sarissam,
2641 3915 2696 3970 id
2746 3924 2851 3980 est,
2898 3916 3112 3986 longam
3161 3917 3374 3971 hastam
3423 3932 3590 3972 manu

2010 4016 2225 4068 tenens.
2257 4007 2495 4061 sedecim
2526 4019 2584 4061 ut
2615 4007 2836 4076 quidam
2894 4016 3085 4076 putant
3123 4009 3454 4076 cubitorum,
3507 4025 3593 4063 re-

2011 4111 2143 4150 vera
2169 4106 2350 4150 autem
2380 4098 2790 4165 quatuordecim
2837 4098 3170 4154 cubitorum.
3221 4099 3298 4153 Ex
3335 4101 3422 4165 iis,
3458 4115 3594 4168 qua-

349 4195 540 4265 πηχῶν
569 4196 648 4248 ιδ’.
695 4195 914 4248 Τούτων
955 4195 1012 4248 δὲ
1044 4195 1306 4265 τέσσαρες
1345 4195 1442 4264 μὲν
1472 4196 1664 4265 πήχεις
1690 4195 1890 4263 ἀφαιρε

2019 4199 2143 4243 tuor
2169 4188 2475 4242 cubitorum
2500 4188 2760 4257 spatium,
2790 4204 2986 4244 manus
3011 4190 3064 4244 in
3091 4190 3446 4258 posteriorem
3466 4205 3596 4259 par-

349 4284 410 4337 τὺ
436 4285 637 4355 μεταξὺ
659 4285 769 4340 τῶν
792 4285 993 4356 χειρῶν
1012 4287 1094 4348 είς
1122 4284 1181 4338 τὸ
1201 4285 1397 4348 ὀπίσω.
1432 4286 1494 4338 Οἱ
1520 4285 1577 4337 δὲ
1618 4284 1793 4338 λοιποὶ
1821 4283 1909 4337 δέ-

2021 4287 2128 4333 tem
2177 4286 2468 4348 occupant,
2500 4279 2694 4348 reliqui
2741 4278 2929 4332 decem
2981 4280 3146 4333 cubiti
3183 4280 3236 4332 in
3265 4281 3594 4340 anteriorem

352 4390 424 4427 κα
474 4375 670 4445 πήχεις
719 4374 801 4437 είς
833 4374 895 4428 τὸ
934 4371 1242 4444 ἔμπροσθεν
1287 4371 1616 4425 ἐκτείνονται
1657 4373 1762 4442 πρὸ
1807 4373 1890 4425 τῶ·

2023 4376 2232 4438 partem
2274 4376 2398 4421 ante
2428 4382 2655 4436 corpora
2705 4367 3124 4436 protenduntur.
3174 4369 3350 4438 Atque
3377 4369 3495 4426 haec
3529 4371 3598 4426 de

356 4465 646 4535 σωμάτων.
696 4463 949 4518 Τοσαῦτα
992 4465 1090 4534 μὲν
1126 4459 1221 4518 οὖν
1250 4464 1344 4517 καὶ
1375 4465 1502 4534 περ).
1532 4466 1630 4534 τῆς
1661 4463 1781 4516 καθ’
1825 4465 1890 4516 ἓν‹

2028 4468 2277 4530 separata
2325 4457 2758 4528 uniuscujusque
2802 4458 3096 4527 singularis
3152 4459 3258 4512 viri
3297 4469 3596 4526 armatura,

354 4554 520 4624 ἄνδρα
547 4555 885 4626 στρατιώτην
912 4555 1178 4616 ὁπλίσεως
1206 4553 1270 4607 ἔκ
1296 4571 1355 4606 τε
1393 4555 1504 4606 τῶν
1555 4553 1798 4606 παλαιῶν
1827 4571 1890 4606 κα

2021 4565 2088 4605 ex
2142 4548 2383 4618 antiquis
2417 4556 2471 4602 et
2517 4548 2914 4604 recentioribus
2960 4549 3038 4604 rei
3078 4548 3331 4618 militaris
3363 4549 3601 4619 scripto-

355 4643 466 4698 τῶν
494 4641 773 4717 νεωτέρων
806 4645 1080 4699 τακτικῶν
1127 4643 1515 4712 ἀναλεξάμενοι
1559 4642 1890 4711 διεταξάμεθι

2019 4643 2173 4696 ribus
2209 4640 2526 4710 collegimus
2565 4650 2620 4694 et
2656 4641 3063 4712 descripsimus,
3108 4651 3168 4696 ut
3208 4642 3438 4697 istorum
3496 4658 3597 4697 no-

355 4749 418 4786 τε
469 4735 564 4787 καὶ
612 4735 1007 4805 διωρισάμεθα,
1034 4735 1122 4787 ἵνα
1175 4733 1316 4805 ἔχων
1343 4732 1524 4786 αὐτῶν
1569 4731 1668 4802 τήν
1719 4731 1889 4798 γνῶσι

2028 4730 2201 4784 titiam
2261 4745 2384 4784 cum
2432 4728 2657 4795 habeas,
2705 4731 2850 4800 quod
2902 4731 3242 4786 conducibile
3299 4731 3394 4786 tibi
3433 4731 3598 4794 fuerit

358 4825 558 4897 ὲκλέγῃ
585 4826 646 4880 τὸ
675 4828 964 4898 χρήσιμον.

2031 4822 2217 4888 eligas.

925 4913 1234 4969 ΔΙΑΤΔΞΙΣ
1290 4913 1365 4967 Z'.

2515 4909 2976 4967 CONSTITUTIO
3019 4911 3126 4972 Vl].

427 5007 568 5076 Περὶ
598 5006 935 5077 γυμνασίας
966 5002 1410 5073 καϐαλλαρικῆς
1449 5002 1548 5056 καί
1585 5001 1851 5069 πεζὶκῆς.

2283 5003 2358 5056 De
2382 5005 2752 5056 exercitatione
2775 5003 3003 5072 equestri
3024 5011 3074 5055 et
3107 5002 3357 5070 pedestri.

431 5095 500 5152 α’.
539 5097 696 5167 Ἑξῆς
719 5097 777 5150 δὲ
803 5098 896 5151 καὶ
934 5097 1064 5167 περὶ
1107 5096 1208 5166 τῆς
1253 5092 1433 5146 αὐτῶν
1478 5091 1786 5161 γυμνασίας
1818 5107 1890 5160 πρ

2103 5092 2154 5144 1.
2210 5090 2471 5158 Deinceps
2526 5091 2642 5160 jam
2694 5089 2762 5144 de
2818 5089 3208 5150 exercitatione
3254 5105 3376 5159 quae
3406 5087 3600 5144 bellica

367 5187 474 5243 τῶν
518 5188 829 5259 πολεμικῶν
880 5189 1106 5257 ἀγώνων
1167 5185 1486 5255 ὀφειλούσης
1543 5183 1787 5251 γίνεσθαι
1829 5200 1890 5252 με

2031 5181 2326 5237 certamina
2359 5181 2516 5234 debet
2559 5179 2788 5243 anteire,
2831 5192 3061 5233 numero
3088 5187 3143 5234 et
3192 5178 3458 5248 paucis,o
3500 5179 3604 5230 im-

366 5280 530 5349 τρὶως
560 5295 642 5331 σοι
691 5279 788 5331 καὶ
840 5278 1120 5348 συντόμως
1153 5275 1624 5346 ὑπαγορεύσομεν,
1655 5267 1700 5325 ὢ
1734 5289 1890 5344 στραι

2033 5283 2271 5341 perator,
2303 5270 2469 5324 verba
2493 5267 2716 5332 faciam,
2750 5275 2809 5322 ut
2857 5283 2950 5337 per
2983 5268 3113 5323 istas
3151 5268 3603 5324 exercitationum

366 5369 488 5440 ηγὲ,
517 5370 603 5424 ἵνα
647 5367 1188 5443 προπαρασκευάζῃς
1240 5367 1436 5430 αὐτοὺς
1486 5364 1760 5430 ἐθίζεσθαι
1795 5365 1890 5433 πρὸ

2035 5358 2459 5430 periclitationes
2503 5358 2568 5410 ad
2622 5372 2748 5411 vera
2805 5358 3042 5428 pericula
3107 5374 3203 5413 eos
3246 5355 3608 5412 assuefacias.

1885 5474 2094 5532 NOTAE
2105 5513 2117 5527 .

443 5575 556 5640 (86)
588 5574 736 5627 Λίαν
765 5574 965 5639 κοίλη.
985 5574 1044 5628 In
1085 5573 1250 5628 Clieci
1285 5570 1472 5625 codice
1502 5569 1717 5640 videtur
1746 5566 1890 5623 fuiss

2048 5561 2718 5640 axourdptau‘v’lausoowxi
2761 5561 2956 5632 χαλκᾶ,
3005 5561 3333 5632 στρογγύλα,
3369 5556 3603 5630 μεγάλα,

369 5641 431 5694 ού
451 5631 573 5696 λίαν
591 5643 766 5712 κοίλη.
794 5631 981 5699 Recte.
1041 5644 1132 5698 Sic
1176 5640 1590 5698 Constantinus.
1649 5633 1804 5705 Εἶχον
1852 5654 1886 5690 κ

2053 5633 2146 5686 καὶ
2161 5632 2220 5684 οὐ
2248 5633 2379 5684 πολὺ
2404 5631 2592 5700 βαθέα.
