4080 6218
541 325 650 386 735

1801 306 2074 370 LEONIS
2100 306 2560 368 PHILOSOPHI

3685 303 3804 366 736

513 489 516 492 .
545 429 814 501 Imperitia
837 426 978 481 etum
1003 424 1068 478 ad
1095 423 1303 478 subitas
1323 431 1378 476 et
1401 422 1671 475 irruentes
1687 433 1868 474 rerum
1892 432 2115 490 aggres-

2230 416 2343 478 τοὺς
2369 415 2589 483 ἀληθεῖς
2618 412 2898 475 κινδύνους
2929 410 3017 464 διὰ
3047 409 3157 464 τῶν
3184 409 3242 463 ὲν
3289 411 3570 482 γυμνασίᾳ
3617 415 3770 467 κινδύ
3789 443 3809 454 ο

542 524 724 577 siones
749 533 889 573 caeca
917 524 970 569 et
1004 515 1170 567 inscia
1200 527 1320 567 esse
1353 512 1506 567 solet-

615 779 669 831 2.
697 776 886 829 llieme
916 783 1006 828 aut
1033 772 1138 828 alio
1164 772 1358 842 quovis
1397 782 1668 840 tempore,
1701 770 1922 841 quando
1953 770 2120 826 inter-

547 869 736 924 missio
789 867 914 922 belli
948 878 1055 929 est,
1091 876 1186 919 aut
1230 864 1616 920 exeursionum
1658 864 1713 918 in
1748 863 1932 918 hostili
1974 871 2118 917 terra

547 961 832 1025 relaxatio,
915 957 1311 1014 assuefaciendi
1360 957 1427 1010 ad
1487 956 1805 1025 patientiam
1866 955 2115 1010 laborum

547 1059 678 1104 sunt
737 1050 955 1112 milites,
1013 1057 1069 1103 et
1118 1047 1360 1101 bellicosi
1407 1047 1734 1116 operosique
1790 1047 2116 1101 assiduitate

548 1140 805 1194 reddendi
834 1148 980 1204 sunt,
1017 1153 1194 1208 neque
1225 1138 1276 1190 in
1308 1137 1418 1190 otio
1475 1146 1530 1190 et
1556 1137 1760 1190 desidia
1786 1153 1908 1192 esse
1935 1138 2120 1192 sinen-

546 1231 622 1284 di.
651 1229 862 1284 Etenim
895 1232 1065 1283 otium
1097 1229 1348 1296 languida
1409 1236 1463 1280 et
1487 1228 1663 1281 soluta
1706 1227 1835 1282 facit
1865 1243 2116 1296 corpora,

548 1321 754 1374 desidia
810 1318 1026 1372 timidas
1068 1329 1122 1372 et
1161 1317 1501 1371 etfeminatas
1543 1318 1719 1372 reddit
1750 1325 1978 1371 mentes.
2007 1317 2118 1370 Vo-

547 1411 781 1478 luptates
834 1413 979 1463 enim
1057 1409 1302 1478 quotidie
1365 1409 1677 1463 inescautes
1752 1408 2115 1464 fortissimum

546 1514 819 1569 quemque
866 1508 1246 1567 corrumpunt.
1292 1496 1520 1562 Quando
1552 1509 1731 1551 autem
1776 1499 1936 1565 longo
1977 1509 2117 1552 tem-

546 1606 677 1660 pore
699 1590 1017 1659 interposito
1043 1589 1110 1642 ad
1141 1589 1356 1643 labores
1404 1591 1648 1652 veniunt,
1682 1605 1858 1658 neque
1887 1590 2117 1644 libenter

546 1682 842 1743 sustinent,
910 1695 1090 1749 neque
1113 1679 1206 1732 diu
1233 1680 1451 1741 durant,
1480 1679 1576 1734 sed
1609 1680 1794 1732 statim
1838 1679 2117 1750 refugiunt

545 1773 866 1840 priusquam
899 1745 1199 1839 perieulum
1230 1771 1472 1824 laborum
1498 1770 1814 1824 bellicorum
1850 1745 2116 1826 fecerint:
2153 1745 2195 1798 Β

546 1864 630 1915 sin
665 1863 716 1914 in
746 1861 1043 1932 periculum
1071 1863 1341 1924 venerint,
1375 1861 1532 1916 facile
1572 1861 1770 1915 iterum
1807 1861 2119 1926 discedunt,

546 1967 726 2022 neque
769 1952 836 2006 ad
884 1952 1235 2022 perferendos
1284 1953 1520 2016 labores,
1574 1967 1750 2021 neque
1799 1952 1866 2005 ad
1939 1954 2120 2007 susci-

547 2043 741 2112 pienda
789 2042 1024 2112 pericula
1075 2042 1253 2096 idonei
1283 2053 1433 2096 sunt.
1478 2042 1657 2107 Quare
1685 2043 1888 2096 bonum
1915 2057 2016 2112 ego
2039 2043 2122 2112 ju-

546 2134 670 2188 dico
720 2133 1128 2202 imperatorem,
1163 2133 1256 2202 qui
1301 2143 1414 2186 tum
1447 2142 1736 2202 praeparat,
1781 2142 1896 2187 tum
1937 2133 2122 2202 dispo-

547 2225 630 2276 nit
655 2237 846 2277 omnes
892 2238 1000 2288 res,
1043 2224 1337 2292 omniaque
1382 2223 1597 2291 negotia
1631 2223 1698 2276 ad
1737 2239 1870 2278 usus
1897 2223 2122 2278 bellicos

547 2315 880 2382 spectantia,
928 2313 1147 2384 quando
1229 2315 1307 2368 rei
1364 2314 1571 2368 bellica:
1617 2314 1765 2368 nulla
1821 2315 2121 2369 necessitas

549 2413 724 2474 urget.
755 2403 1019 2460 Exerceto
1067 2412 1250 2459 autem
1299 2419 1396 2460 eos
1424 2404 1510 2460 his
1538 2405 1784 2460 moribus
1817 2415 1872 2459 et
1892 2404 2118 2460 institu-

547 2494 646 2549 tis:

614 2672 667 2725 5.
699 2669 966 2733 Primum,
999 2670 1378 2738 unusquisque
1415 2670 1568 2726 miles
1597 2672 1649 2726 in
1683 2672 1868 2740 aliquo
1903 2672 2123 2740 negetio

550 2762 639 2814 sit.
666 2759 870 2815 Graves
905 2767 1109 2821 autem,
1139 2761 1192 2812 id
1240 2769 1325 2813 est
1361 2769 1605 2816 scutatos
1658 2763 1888 2831 pedites,
1921 2766 2003 2816 vel
2029 2765 2123 2833 qui

552 2851 862 2904 universam
921 2861 1252 2904 armaturam
1300 2860 1512 2920 gestant
1535 2854 1603 2907 ad
1636 2855 1916 2924 singulare
1943 2866 2126 2910 certa-

550 2960 675 2998 men
710 2959 833 2998 cum
853 2944 1025 2998 scutis
1049 2953 1103 2997 et
1141 2944 1306 3012 virgis
1344 2945 1485 2998 inter
1509 2961 1570 3000 se
1595 2961 1875 3002 exerceas.

619 3035 674 3089 4.
703 3033 784 3088 Ad
826 3034 1160 3102 conjicienda
1197 3035 1412 3089 eminus
1461 3035 1667 3103 jacula,
1697 3046 1752 3090 et
1785 3043 2120 3090 matzumar-

552 3127 766 3191 bulum,
793 3126 938 3195 quod
968 3141 1116 3179 nunc
1137 3126 1339 3179 dicitur
1365 3126 1556 3188 saliba,
1587 3128 1673 3181 vel
1707 3128 1980 3182 tzicurim.

622 3221 675 3274 5.
702 3218 900 3274 Levetn
931 3226 1267 3273 armaturam
1297 3219 1600 3283 exercebis,
1629 3220 1696 3273 ad
1731 3221 1959 3292 sagittas
1983 3222 2130 3277 cele-

550 3313 683 3366 riter
735 3310 1038 3378 jaciendas,
1085 3310 1140 3364 in
1190 3310 1402 3366 hastam
1439 3312 1679 3380 aliquam
1715 3312 1882 3366 altam
1905 3313 2126 3369 eminus

550 3400 804 3454 deﬁxann

621 3491 676 3546 6.
711 3489 792 3544 Ad
817 3489 1001 3560 jaeula
1029 3489 1246 3545 eminus
1287 3489 1652 3559 conjicienda,
1675 3500 1730 3546 et
1765 3491 1987 3548 fundas.

624 3665 675 3718 7.
715 3663 936 3734 Equites
979 3664 1262 3718 exercebis
1285 3665 1352 3718 ad
1383 3665 1614 3736 sagittas
1651 3665 1906 3721 celeriter
1926 3667 2130 3736 jacien-

552 3755 696 3810 das:
745 3755 998 3809 celeritas
1051 3757 1195 3808 enim
1255 3767 1521 3824 praeparat
1551 3757 1838 3824 sagittam,
1873 3766 1932 3811 ut
1975 3757 2133 3814 facile

553 3855 608 3900 et
637 3860 763 3898 cum
787 3846 990 3914 impetu
1021 3861 1087 3900 ex
1128 3862 1262 3901 arcu
1306 3847 1652 3900 excutiatur:
1684 3847 1830 3916 quod
1875 3863 2133 3905 necessa-

556 3935 696 3985 rium
728 3941 846 3996 est,
898 3944 952 3988 et
1011 3936 1079 3990 iis
1130 3937 1222 4005 qui
1294 3936 1452 4006 equis
1520 3935 1792 3991 vehuntur
1846 3937 1899 3992 in
1944 3939 2134 4008 primis

555 4025 918 4080 conducibile.

623 4237 678 4291 8.
729 4238 907 4306 Atque
971 4237 1133 4292 etiam
1167 4246 1228 4291 ut
1259 4237 1485 4308 ’pedites
1514 4237 1768 4292 similiter
1805 4237 2020 4293 eminus
2046 4237 2134 4307 ja-

553 4321 704 4384 ciant
764 4329 1009 4399 sagittas,
1062 4330 1180 4384 sive
1244 4328 1298 4384 in
1361 4329 1598 4394 hastam,
1656 4329 1772 4384 sive
1819 4329 1872 4382 in
1899 4330 2132 4398 quodvis

557 4421 704 4474 aliud
739 4422 976 4489 signum.

625 4513 678 4565 9.
713 4509 782 4564 Ut
827 4511 1054 4580 sagittas
1106 4510 1160 4564 in
1209 4526 1400 4565 omnes
1457 4521 1636 4580 partes
1687 4527 1832 4582 equo
1879 4519 2133 4566 currente

553 4602 778 4671 jaciant,
811 4610 954 4664 ante,
998 4610 1162 4660 retro.
1215 4603 1581 4670 dextrorsum,
1621 4603 2026 4660 sinistrorsum.
2074 4603 2132 4657 In

556 4710 758 4763 equum
787 4703 845 4746 ut
871 4692 1090 4752 exsilire
1123 4693 1354 4762 possint.

628 4782 716 4834 10.
762 4779 830 4834 llt
878 4781 1103 4849 sagittas
1173 4791 1425 4836 contente
1470 4783 1679 4852 jaciant
1732 4798 1796 4837 ex
1833 4797 1975 4851 equo
2005 4799 2134 4838 cur-

557 4882 731 4938 rente,
771 4889 960 4936 unam,
988 4883 1151 4943 atque
1182 4873 1310 4926 item
1357 4877 1609 4939 alteram,
1656 4883 1710 4929 et
1740 4875 2009 4928 intentum
2041 4891 2132 4928 ar-

557 4979 684 5020 cum
732 4963 1020 5019 confestim
1057 4965 1109 5018 iu
1159 4974 1408 5033 corylum
1459 4973 1682 5035 ponant,
1738 4965 1784 5019 si
1828 4965 1971 5019 latus
1998 4965 2133 5019 satis

558 5061 782 5124 corytus
827 5053 1031 5108 fuerit:
1087 5054 1170 5107 sin
1206 5053 1386 5107 minus
1419 5053 1471 5107 in
1513 5055 1901 5119 semicorytum
1933 5055 1998 5108 ad
2031 5054 2134 5108 hoc

559 5160 738 5213 Ipsum
771 5153 1075 5214 opportune
1103 5143 1307 5198 factum
1355 5153 1583 5214 ponant,
1615 5154 1669 5199 et
1699 5145 1910 5199 hastam
1942 5149 2134 5198 Imme-

559 5235 639 5289 ris
664 5235 780 5289 suis
799 5243 1062 5305 gestatam
1096 5235 1278 5290 statim
1312 5236 1365 5290 in
1399 5251 1597 5290 manus
1627 5244 1869 5290 sumant.
1901 5235 2129 5290 Postea-

560 5338 724 5392 quam
775 5333 953 5377 autem
1001 5339 1187 5378 areum
1234 5325 1288 5377 in
1330 5335 1522 5395 corylo
1556 5325 1824 5378 intentum
1856 5324 2131 5388 habuerit,

559 5424 614 5468 et
641 5413 936 5482 sumpserit
1001 5413 1235 5474 hastam,
1290 5413 1344 5466 in
1398 5414 1628 5468 humero
1681 5415 1875 5468 iterum
1919 5414 2130 5468 hastam

564 5507 746 5558 statim
776 5513 967 5574 ponat,
996 5515 1047 5558 et
1082 5519 1266 5558 arcum
1309 5503 1426 5559 sine
1463 5519 1614 5560 mora
1653 5511 1917 5559 assumat.

2223 527 2350 560 νων.
2411 508 2485 560 Τὸ
2529 508 2639 577 γὰρ
2689 506 3039 575 ἀγύμναστον
3099 503 3380 566 παντελῶς
3439 504 3654 574 ἀμαθὲς
3711 509 3812 560 καὶ

2219 599 2423 668 τυφλὸν
2448 600 2588 669 πρὸς
2601 600 2700 661 τὰς
2727 597 2930 666 ἀθρόας
2957 595 3053 649 καὶ
3075 595 3443 667 άμελετήτους
3463 596 3814 668 ὲγχειρήσεις

2222 692 2561 762 εὑρίσκεται.

2293 782 2358 850 β’.
2400 783 2472 834 Ἦ
2497 781 2607 851 γὰρ
2641 782 2700 834 ὲν
2722 779 2900 850 καιρῷ
2938 779 3230 850 χειμῶνος,
3269 780 3302 848 ἢ
3337 781 3397 832 ὲν
3421 781 3594 851 ἑτέρῳ
3623 783 3813 852 καιρῷ

2219 874 2277 925 ὲν
2306 867 2350 940 ᾧ
2381 874 2529 926 ἐστιν
2555 873 2725 943 ἀνοχὴ
2763 870 3024 940 πολέμου,
3057 870 3092 940 ἡ
3118 887 3280 923 τινων
3299 869 3640 924 ὲπελεύσεων
3668 875 3814 926 κατά

2220 963 2481 1032 πολεμίας
2522 962 2627 1031 γῆς
2673 963 2880 1024 άνεσις,
2927 961 3228 1029 γυμνάζειν
3256 976 3315 1012 σε
3343 960 3449 1030 χρὴ
3481 962 3550 1015 τά
3578 965 3812 1032 στρατό-

2219 1052 2377 1116 πεδα,
2413 1052 2508 1105 καὶ
2553 1053 2726 1105 ποιεῖν
2777 1051 2904 1112 τοὺς
2945 1049 3288 1120 στρατιώτας
3329 1050 3687 1118 πολεμικοὺς,
3717 1053 3814 1104 καὶ

2219 1140 2406 1211 ὥσπερ
2460 1144 2793 1212 συντρόφους
2836 1141 2946 1194 τῶν
2980 1141 3157 1192 πόνων
3188 1139 3277 1192 διὰ
3297 1138 3393 1192 τοῦ
3430 1141 3682 1208 ἐθισμοῦ,
3716 1143 3814 1194 καὶ

2223 1235 2298 1304 μὴ
2326 1234 2490 1304 ἀφίης
2532 1234 2730 1296 αὐτοὺς
2757 1233 2970 1302 ἀργεῖν,
3003 1234 3139 1302 μήτε
3167 1231 3459 1302 ῥᾳθυμεῖν.
3492 1232 3603 1285 Καὶ
3641 1233 3751 1301 γάρ
3779 1236 3814 1303 η

2220 1323 2386 1393 ἀργία
2444 1323 2664 1391 μαλακά
2715 1323 2810 1375 καὶ
2843 1321 3044 1392 ἀσθενῆ
3078 1325 3224 1374 ποιεῖ
3265 1322 3337 1374 τὰ
3399 1322 3647 1392 σώματα,
3683 1326 3718 1393 η
3751 1325 3813 1377 δὲ

2222 1413 2464 1484 ῥᾳθυμία
2517 1413 2695 1476 δειλὰς
2745 1413 2840 1467 καὶ
2889 1413 3189 1480 ἀνάνδρους
3226 1413 3326 1476 τάς
3351 1412 3537 1481 ψυχὰς
3568 1415 3684 1483 (87)
3711 1433 3816 1467 πα-

2223 1503 2563 1574 ρασκευάζει.
2593 1506 2657 1556 Al
2686 1505 2794 1575 γάρ
2817 1505 3002 1575 ἡδοναὶ
3029 1505 3090 1556 τὺ
3123 1503 3244 1558 καθ’
3279 1506 3493 1575 ἡμέραν
3521 1506 3816 1570 δελεάζουο

2222 1616 2306 1651 σιν
2351 1600 2446 1651 καὶ
2491 1601 2876 1668 ὲντολμότατον
2929 1600 3323 1670 διαφθείρουσι.
3375 1601 3486 1654 Καὶ
3545 1601 3674 1654 ὅταν
3722 1603 3817 1652 ἐπὶ

2226 1690 2435 1761 μακρὸν
2493 1691 2686 1759 χρόνον
2733 1690 3016 1753 ἀνεθέντες
3067 1691 3233 1743 πάλιν
3288 1692 3383 1743 ἐπὶ
3429 1693 3558 1754 τοὺς
3613 1691 3816 1756 πόνους

2226 1779 2473 1841 ἔλθωσιν,
2516 1781 2641 1833 οὗτε
2673 1781 2844 1850 ἡδέως
2889 1781 3134 1847 ἕξουσιν,
3161 1781 3289 1834 οὔτε
3323 1782 3417 1834 ἐπὶ
3445 1782 3579 1835 πολὺ
3609 1799 3819 1852 καρτε-

2230 1872 2504 1941 ρήσουσιν,
2531 1871 2647 1924 ἀλλ’
2681 1871 2882 1934 εὐθέως
2915 1871 3208 1940 φεύγουσιν
3242 1872 3372 1942 πρὶν
3424 1871 3457 1942 ἢ
3493 1873 3586 1924 καὶ
3617 1875 3820 1942 πεῖραν

2226 1961 2408 2014 λαϐεῖν
2441 1961 2550 2014 τῶν
2576 1961 2888 2030 πολεμικῶν
2929 1961 3126 2015 πόνων.
3172 1962 3234 2014 El
3265 1961 3324 2014 δὲ
3357 1961 3453 2014 καὶ
3486 1963 3568 2025 είς
3615 1965 3822 2033 πεῖραν

2227 2052 2320 2104 ἐπὶ
2359 2051 2553 2121 μικρὸν
2605 2051 2854 2117 ἔλθωσιν,
2899 2053 3107 2121 ταχέως
3139 2050 3594 2121 ἀποχωρίζονται,
3627 2053 3824 2122 φέρειν

2226 2143 2353 2204 τοὺς
2381 2143 2574 2204 πόνους
2599 2142 2693 2194 καὶ
2735 2141 3015 2205 κινδύνους
3056 2143 3116 2195 ού
3157 2143 3464 2211 δυνάμενοι.
3493 2145 3691 2213 Διόπερ
3721 2149 3822 2198 καὶ

2227 2232 2429 2301 ἀγαθὸν
2460 2231 2571 2300 ἐγὼ
2594 2232 2763 2303 κρίνω
2792 2232 3120 2302 στρατηγὸν,
3154 2233 3284 2285 ὅταν
3318 2232 3388 2285 τά
3421 2236 3669 2304 χρήσιμα
3697 2237 3822 2288 τότε

2231 2323 2482 2388 σκευάζει
2554 2324 2652 2377 καὶ
2694 2323 2967 2376 διατάττει
3019 2325 3115 2377 καὶ
3158 2323 3294 2393 ἔργα
3344 2326 3440 2377 καὶ
3492 2328 3821 2396 πράγματα,

2227 2414 2354 2466 ὅταν
2397 2415 2456 2466 ού
2512 2415 2934 2481 κατεπείγουσιν
2983 2415 3038 2466 αἱ
3098 2413 3207 2466 τῶν
3254 2414 3570 2484 πολεμικῶν
3635 2416 3822 2472 πόνων

2228 2506 2487 2573 ἀνάγκαι.
2549 2503 2800 2573 Γύμναζε
2845 2504 2902 2556 δὲ
2944 2504 3038 2556 τὸν
3083 2504 3312 2573 στρατὸν
3337 2506 3603 2569 τοιούτοις
3632 2507 3823 2570 πόνοις

2229 2597 2324 2649 καὶ
2346 2596 2781 2667 ἐπιτηδεύμασιν
2816 2613 2832 2629 ο

2300 2694 2370 2753 γ’.
2403 2687 2625 2756 Πρῶτον
2691 2687 2790 2756 μὲν
2841 2686 2934 2738 τὸν
2980 2685 3102 2739 καθ’
3137 2686 3235 2739 Eva
3281 2685 3623 2755 στρατιώτην
3654 2687 3731 2750 ὠς
3762 2687 3824 2739 ἐν

2235 2777 2459 2847 μελέτῃ,
2500 2777 2624 2839 τοὺς
2677 2776 2780 2845 μὲν
2819 2776 3043 2839 ὁπλίτας
3086 2777 3417 2840 σκουτάτους
3463 2779 3625 2849 πεζῇ,
3653 2779 3824 2848 ἦγουν

2230 2869 2356 2930 τοὺς
2387 2866 2688 2936 φοροῦντας
2715 2871 2814 2937 τὴν
2851 2868 3281 2932 πανοπλίαν,είς
3313 2872 3648 2942 μονομαχίας
3683 2873 3828 2940 μετά

2232 2958 2566 3027 σκουταρίων
2597 2959 2692 3011 καὶ
2713 2959 2948 3028 βεργίων
2979 2959 3382 3029 ἀντισαλλήλων
3417 2999 3433 3023 ,

2300 3047 2360 3101 δ’.
2398 3048 2495 3111 Et;
2555 3049 2616 3101 τὺ
2671 3048 2824 3118 ῥίψαι
2870 3049 3108 3118 μήκοθεν
3152 3051 3430 3120 ρικτάρια.
3469 3051 3562 3104 καὶ
3617 3052 3828 3120 ματξυ-

2235 3140 2563 3210 μὰρϐουλον,
2593 3139 2622 3192 ὃ
2661 3140 2879 3206 λέγεται
2921 3139 3016 3192 νῦν
3053 3140 3270 3205 σαλίόα,
3299 3143 3393 3194 καὶ
3411 3140 3712 3214 τζικούριν.

2301 3239 2361 3286 ε’.
2400 3233 2540 3294 Τοὺς
2587 3232 2646 3285 δὲ
2696 3232 3026 3300 λεγομένους
3078 3231 3270 3300 ψιλοὺς
3317 3232 3462 3287 οὕτω
3491 3236 3821 3304 γυμνάσεις,

2233 3323 2313 3385 εἰς
2358 3322 2573 3388 τοξείαν
2635 3321 2900 3391 σύντομον
2948 3322 3092 3375 κατά
3117 3325 3402 3395 κονταρίου
3456 3325 3663 3395 ὑψηλοῦ
3713 3327 3825 3381 ἀπὸ

2233 3414 2621 3484 διαστήματος.

2307 3501 2382 3568 ς’.
2416 3505 2510 3568 Et;
2531 3504 2593 3558 τὸ
2621 3506 2841 3576 ῥίπτειν
2869 3505 3107 3576 μήκοθεν
3144 3507 3396 3578 ρικτάριν
3424 3509 3516 3561 καὶ
3543 3508 3823 3577 σφενδόδο-

2238 3595 2353 3648 λον.

2312 3684 2378 3751 ζ’.
2416 3688 2508 3750 Εἰς
2538 3687 2801 3758 πηδήσεις
2835 3691 2929 3743 καὶ
2957 3689 3191 3760 δρόμους
3225 3690 3368 3743 κατά
3405 3706 3462 3742 τε
3488 3688 3710 3759 ὁμαλῶν
3740 3691 3826 3742 τό-

2236 3794 2352 3832 πων
2379 3778 2476 3832 καὶ
2506 3779 2831 3849 ἀνωμάλων.
2863 3781 3001 3843 Τοὺς
3021 3780 3078 3834 δὲ
3098 3779 3501 3850 καδαλλαρίους
3520 3779 3826 3848 γυμνάσεις

2235 3868 2314 3930 είς
2340 3868 2400 3919 τὸ
2427 3867 2665 3933 τοξεύειν
2689 3869 2991 3938 συντόμως.
3035 3869 3099 3922 Ἦ
3123 3870 3230 3941 γάρ
3255 3870 3500 3941 ταχύτης
3551 3871 3648 3923 καὶ
3681 3873 3830 3924 ἑκτιο

2235 3958 2526 4012 νάσσεσθαι
2577 3960 2982 4030 παρασκευάζει
3017 3963 3118 4032 τὴν
3161 3961 3427 4030 σαγίτταν
3453 3963 3548 4016 καὶ
3582 3963 3824 4032 ἰσχυρῶς

2239 4049 2550 4119 βάλλεσθαι.
2579 4053 2755 4118 Ὅπερ
2794 4053 2903 4106 τῶν
2944 4053 3259 4120 ἀναγκαίων
3298 4054 3435 4118 ἐστὶ,
3473 4056 3705 4118 καὶτοῖς
3735 4057 3830 4108 ἐπὶ

2247 4141 2431 4195 ῖππων
2462 4143 2778 4213 όχουμένοις
2807 4145 3097 4215 χρήσιμον.

2306 4240 2378 4303 η’.
2417 4235 2525 4286 Καὶ
2560 4234 2641 4288 ἔτι
2681 4237 2761 4297 είς
2803 4235 2863 4288 τὸ
2885 4235 3124 4302 τοξεύειν
3151 4235 3291 4308 πεζῇ
3324 4236 3433 4288 ἀπὸ
3462 4238 3830 4308 διαστήματος

2241 4324 2544 4396 συντόμως,
2585 4327 2696 4379 εἴτε
2748 4326 2889 4379 κατά
2918 4327 3224 4398 κονταρίου,
3279 4329 3392 4381 εἴτε
3447 4327 3591 4382 κατά
3639 4329 3830 4399 ἑτέρου

2167 4407 2214 4467 D
2244 4418 2490 4486 σημείου.

2305 4509 2369 4562 θ’.
2398 4510 2491 4570 Εἰς
2541 4509 2599 4562 τὸ
2639 4508 2879 4574 τοξεύειν
2922 4511 3106 4564 ἐπάνω
3157 4511 3326 4564 ῖππου
3378 4511 3666 4581 τρέχοντος
3700 4527 3832 4564 συν-

2239 4601 2420 4669 τόμως
2446 4600 2776 4669 ἔμπροσθεν,
2804 4601 3048 4667 ὄπισθεν,
3100 4602 3268 4668 δεξιὰ,
3314 4603 3599 4672 ἀριστερά.
3635 4601 3728 4665 Ei;
3773 4604 3837 4655 τὸ

2239 4691 2416 4760 πηδᾷν
2445 4689 2530 4758 ἐφ’
2565 4691 2786 4753 ἵππους.

2293 4786 2343 4832 ι’.
2377 4780 2466 4842 El;
2511 4781 2572 4832 τὸ
2614 4779 2853 4844 τοξεύειν
2916 4783 3198 4851 συντόμως
3240 4781 3425 4834 ἐπάνω
3471 4782 3640 4833 ἵππου
3705 4783 3836 4854 τρέ-

2232 4887 2414 4939 χοντος
2451 4871 2578 4938 μίαν
2636 4871 2670 4940 ἢ
2730 4871 2826 4923 καὶ
2868 4872 3124 4944 δευτέραν
3190 4872 3472 4941 σαγῐτταν,
3511 4873 3606 4926 καὶ
3637 4875 3838 4926 ἀποτί-

2232 4959 2420 5013 θεσθαι
2471 4960 2531 5011 τὸ
2587 4960 2740 5023 τόξον
2798 4961 3133 5032 τεταγμένον
3168 4962 3226 5014 ὲν
3277 4961 3355 5031 τῷ
3399 4960 3675 5030 θηκαρίῳ,
3725 4961 3829 5012 ἐὰν

2232 5051 2408 5104 πλατὺ
2639 5054 2698 5104 ὲν
2738 5052 2882 5122 ἄλλῳ
2915 5054 3196 5122 ἡμιθηκίῳ
3244 5054 3335 5106 ἐπὶ
3363 5051 3539 5122 τούτῳ
3563 5051 3838 5121 γινομένῳ

2234 5142 2525 5212 εὐκαίρως.
2543 5143 2653 5195 Καὶ
2674 5143 3142 5214 ἐπιλαμϐάνεσθαι
3164 5144 3257 5197 τοῦ
3294 5144 3580 5214 κονταρίου
3613 5143 3708 5194 ἐπὶ
3739 5143 3836 5195 τοῦ

2237 5233 2385 5303 ὤμου
2423 5232 2845 5303 βασταζόμενον,
2882 5235 2976 5287 καὶ
3015 5231 3135 5288 εἶτα
3162 5237 3221 5288 τὺ
3261 5235 3449 5298 τόξον,
3493 5235 3835 5303 τεταγμένον

2238 5326 2297 5377 ὲν
2323 5323 2402 5394 τῷ
2448 5325 2717 5394 θηκαρίῳ,
2753 5331 2976 5397 κρατεῖν
3005 5329 3060 5381 δὲ
3106 5330 3166 5381 τὸ
3201 5329 3473 5398 κοντάριν,
3524 5328 3618 5378 καὶ
3645 5327 3838 5379 συντόο

2241 5433 2357 5484 μως
2387 5415 2738 5470 ἀποτίθεσθαι
2771 5419 2904 5472 αὐτὸ
2934 5421 2992 5473 ὲν
3021 5419 3100 5491 τῷ
3155 5420 3290 5491 ὤμῳ
3315 5459 3329 5483 ,
3367 5417 3840 5490 ὲπιλαμῦὶάνεσῧαι

2239 5505 2298 5558 δὲ
2335 5504 2432 5558 τοῦ
2458 5506 2636 5570 τόξου.

2105 5598 2335 5655 NOTAE.

631 5683 742 5753 (87)
766 5687 869 5741 Kal
896 5687 1231 5756 ἀνάνδρους
1262 5690 1366 5756 τὰς
1388 5690 1610 5760 ψυχάς.
1655 5691 2033 5760 Scribebatur,
2057 5711 2126 5749 κα

2230 5695 2377 5765 νδρας
2407 5709 2504 5754 τας
2538 5691 2794 5763 ψυχικάς.
