4100 6226
293 263 410 330 737

1395 260 1728 323 TACTICA.
1762 280 1830 294 --
1860 250 2361 315 CONSTITUTIO
2381 250 2514 312 νη.

3453 253 3560 320 738

375 377 470 434 ια’.
515 375 614 438 Ei;
647 375 710 428 τὸ
747 375 1082 446 ἐπέρχεσθαι
1125 374 1376 446 ἀλλήλοις
1400 374 1600 444 ἄνδρας
1642 370 1759 433 δύο,
1794 365 1889 422 καὶ
1919 415 1921 420 ,

2062 361 2150 414 H.
2183 359 2256 416 Ut
2284 359 2545 414 invadant
2585 371 2643 414 se
2673 365 2867 412 mutuo
2891 357 3002 413 duo
3040 367 3167 424 τινι,
3201 367 3248 414 ει
3288 363 3565 432 recedam,

298 468 613 536 ὑποχωρεῖν
671 465 766 517 καὶ
825 465 988 520 πάλιν
1029 464 1367 529 ἐπελαύνειν,
1420 464 1517 518 καὶ
1573 461 1887 528 ἐξελίσσειν,
1930 481 1941 489 -

296 557 448 611 κατά
481 555 572 607 τὸν
601 552 771 606 τύπον
797 552 892 606 τοῦ
928 552 1221 622 λεγομένου
1256 550 1718 623 παρακονταρίου.

376 670 465 740 ιβ’.
489 669 654 730 Τινάς
681 667 740 719 δὲ
771 665 949 720 αὐτῶν
987 665 1149 718 καλόν
1176 667 1292 718 ἐστι
1323 665 1416 719 καὶ
1450 665 1508 718 ὲν
1552 663 1630 734 τῷ
1681 663 1892 718 ὁδοιπο-

300 766 424 835 ρείν
452 763 578 824 τοὺς
606 760 947 831 στρατιώτας
985 757 1363 828 γυμνάζεσθαι
1387 757 1446 810 ὲν
1478 759 1544 827 τῇ
1583 756 1689 826 ἰδίᾳ
1715 755 1889 826 χώρᾳ,

298 857 403 908 καὶ
433 852 774 922 ἐπιτηδεύειν
810 850 952 905 αύτά
992 848 1179 904 ἐπάνω
1207 848 1315 902 τῶν
1358 846 1541 902 ἵππων
1569 849 1762 900 ποιεῖν.
1797 846 1894 899 Ἐκ

297 944 498 998 τούτου
528 944 638 1015 γάρ
671 942 767 996 καὶ
808 943 842 1013 ή
866 940 984 1005 ὁδὸς
1013 940 1406 1012 ἀνεμπόδιστος
1444 939 1768 1004 ὲκτελεῖται,
1798 936 1895 991 καὶ

297 1039 353 1090 oi
392 1037 550 1090 ἵπποι
571 1036 633 1088 οὐ
661 1033 1060 1104 συντρίϐονται.

384 1127 475 1198 ιγ’.
519 1127 647 1181 Ἐὰν
682 1125 741 1180 δὲ
775 1125 957 1196 ωμὸῇ
998 1123 1095 1179 καὶ
1125 1123 1369 1194 χρονίσαι
1396 1124 1458 1177 τὸ
1487 1122 1801 1194 στράτευμα
1837 1122 1896 1176 ὲν

305 1219 598 1288 ὲξπεδίτῳ,
638 1217 806 1288 ήγουν
878 1215 1006 1270 ἔνθα
1065 1215 1358 1283 συνάγεται
1418 1213 1564 1267 κατά
1617 1212 1709 1266 τὸν
1766 1212 1896 1266 ῐδιον

304 1311 502 1382 καιρὸν
537 1309 658 1372 ὅλος
687 1309 716 1360 ὁ
745 1306 998 1378 στρατὸς,
1038 1306 1113 1377 μὴ
1151 1306 1355 1377 ἀργοὺς
1374 1299 1516 1358 εἶναι
1545 1303 1635 1357 τὸν
1669 1302 1894 1368 καθένα,

303 1404 425 1458 ἀλλ’
458 1400 733 1466 ἐθίζεσθαι
765 1398 985 1462 αὐτοὺς,
1018 1397 1094 1461 ὡς
1116 1395 1353 1468 ετρηται,
1399 1397 1601 1450 πονεῖν.
1622 1396 1732 1448 Kal.
1764 1394 1896 1449 ποτὲ

308 1493 417 1564 μὲν
446 1489 824 1562 γυμνάζεσθαι
847 1491 1030 1543 πονεῖν
1057 1488 1199 1543 κατὰ
1227 1488 1320 1542 τὸν
1353 1487 1644 1558 εἰρημένον
1672 1485 1894 1556 τρόπον,

307 1585 444 1638 ποτὲ
486 1585 544 1637 δὲ
585 1584 664 1647 ὼς
718 1583 776 1636 ὲν
805 1581 1106 1654 παρατάξει
1136 1581 1230 1635 καὶ
1279 1581 1338 1634 ἐν
1384 1579 1653 1650 ἀλλήλοις·
1691 1579 1822 1632 ποτε
1842 1579 1899 1632 δὲ

307 1677 395 1738 είς
437 1673 618 1728 ὅπλων
665 1673 931 1744 ἐργασίας
973 1669 1418 1741 ἀπασχολεῖσθαι.
1460 1667 1527 1721 Ἦ
1569 1667 1680 1739 γάρ
1734 1665 1903 1736 ἀργία

306 1768 376 1822 ού
427 1767 586 1837 μόνον
637 1766 878 1836 νωθροὺς
953 1765 1049 1818 καὶ
1100 1763 1394 1834 ἀνάνδρους
1439 1764 1602 1826 ποιεῖ,
1649 1758 1786 1813 ἀλλά
1812 1760 1906 1812 καὶ

309 1860 452 1913 κενά
502 1874 625 1913 τινα
683 1859 780 1911 καὶ
834 1855 1108 1927 στασιώδη
1170 1855 1400 1926 μελετᾷν
1473 1853 1668 1917 αὐτοὺς
1724 1867 1903 1923 παρα-

312 1953 572 2016 σκευάζει
603 1951 698 2004 καὶ
725 1949 1049 2020 παρεξάγει.
1072 1947 1480 2019 Γυμναζόμενοι
1508 1946 1565 1999 δὲ
1593 1946 1731 2015 πρὸς
1777 1946 1906 2007 τοὺς

312 2043 598 2104 ἑκουσίους
638 2041 853 2106 πόνους,
911 2039 1150 2102 εὐκόλως
1190 2036 1298 2108 ἄρα
1327 2037 1576 2098 καὶτοὺς
1619 2035 1906 2098 ἀκουσίους

314 2134 646 2188 ὑπενείκωσι
676 2173 691 2196 ,
746 2132 840 2185 καὶ
885 2131 1022 2201 πρὸς
1067 2130 1137 2183 τά
1176 2126 1670 2198 παραγγελλόμενα
1721 2124 1906 2186 αὐτοῖς

315 2225 620 2279 ὑπακούειν
652 2222 958 2277 ἐθισθῶσιν.

396 2338 480 2391 ιδ’.
509 2339 620 2390 Καὶ
651 2337 710 2390 οὐ
746 2336 908 2406 μόνον
945 2333 1148 2388 καθένα
1195 2332 1494 2401 γυμνάσεις
1519 2330 1739 2396 αὐτοὺς,
1770 2329 1906 2386 ἀλλὰ

318 2428 524 2494 ἑθίσεις
557 2429 652 2482 καὶ
699 2428 929 2482 καθόλου
965 2425 1256 2495 γινώσκειν
1283 2424 1384 2486 τὰς
1415 2423 1552 2486 ίδίας
1575 2422 1780 2487 τάξεις.
1810 2423 1906 2476 καὶ

327 2521 513 2592 μένειν
568 2522 626 2573 ὲν
657 2521 868 2584 αὐταῖς,
898 2519 993 2572 καὶ
1021 2521 1142 2580 ταῖς
1185 2515 1364 2586 ὂψεσι,
1403 2515 1499 2568 καὶ
1529 2515 1642 2578 τοῖς
1675 2515 1902 2583 ὀνόμασι

325 2610 578 2680 συνήθεις
635 2609 899 2680 ἀλλήλους
951 2607 1221 2676 γίνεσθαι,
1283 2605 1380 2659 καὶ
1441 2605 1526 2668 τίς
1569 2604 1906 2675 στρατιώτης

326 2700 432 2754 ὑπὸ
488 2702 609 2754 τίνα
660 2701 806 2753 ἐστὶν
858 2699 1111 2771 ἄρχοντα,
1170 2695 1266 2751 καὶ
1312 2699 1369 2752 έν
1408 2697 1547 2768 ποίῳ
1587 2695 1783 2768 βάνδῳ,
1813 2697 1906 2749 καὶ

330 2791 469 2864 μετά
500 2794 679 2846 πόσων
701 2791 908 2864 ἀνδρῶν
937 2791 1210 2847 τάττεται.

396 2971 479 3021 ιε’.
526 2965 821 3018 Γινώσκειν
876 2965 932 3019 δὲ
985 2964 1055 3018 τὰ
1101 2964 1226 3030 ὀξέα
1280 2965 1720 3038 παραγγέλματα
1775 2964 1982 3035 μετάε

329 3055 537 3121 τάξεως
590 3058 742 3128 παρὰ
794 3056 903 3110 τῶν
957 3057 1236 3127 ἀρχόντων
1283 3057 1567 3126 γινόμενα.
1629 3052 1756 3109 Οἴον
1813 3055 1916 3119 τάς

332 3149 605 3212 ἐκτάσεις,
654 3150 764 3202 εἴτε
818 3147 960 3203 κατά
995 3148 1219 3212 πλάτος,
1250 3146 1362 3202 εῐτε
1416 3147 1560 3201 κατὰ
1598 3145 1772 3225 μεῆκος
1816 3146 1916 3218 τῆς

335 3240 717 3312 παρατάξεως.
762 3239 999 3310 Ὁμοίως
1041 3239 1100 3292 δὲ
1140 3241 1237 3294 καὶ
1277 3244 1378 3304 τὰς
1424 3239 1709 3304 συστολὰς,
1745 3239 1915 3310 ήγουν

338 3333 585 3402 σφίγξεις
631 3333 713 3395 είς
763 3332 1059 3386 πύκνωσιν.
1114 3333 1224 3385 Καὶ
1276 3329 1375 3394 τάς
1426 3331 1653 3397 κλίσεις,
1711 3332 1803 3384 ἐπὶ
1858 3331 1928 3384 τά

337 3424 626 3495 ἀριστερά,
667 3425 758 3476 ἐπὶ
807 3423 874 3476 τά
901 3423 1072 3490 δεξιὰ,
1123 3424 1216 3477 καὶ
1243 3424 1342 3488 τὰς
1370 3423 1479 3476 τῶν
1505 3423 1730 3493 όρδίνων
1762 3439 1827 3492 με
1840 3439 1927 3476 τα-

341 3517 616 3586 ποιήσεις,
643 3515 711 3568 τά
747 3515 1092 3586 διαστήματα
1141 3514 1250 3568 τῶν
1307 3516 1549 3568 στάσεων
1599 3513 1706 3566 ἀπὸ
1737 3513 1930 3584 ἀνδρὸς

339 3608 421 3670 είς
472 3606 662 3677 ἄνδρα,
712 3609 805 3660 καὶ
845 3607 943 3670 τὰς
1012 3606 1247 3677 μερικάς
1300 3606 1478 3660 αὐτῶν
1532 3605 1841 3667 πυκνώσεις
1895 3604 1928 3674 ἢ

339 3695 658 3768 ἀραιώσεις,
696 3696 792 3750 καὶ
863 3698 962 3760 τάς
1046 3697 1382 3767 ἀδιαλλήλων
1446 3697 1778 3765 ἀπαντήσεις
1838 3681 1934 3748 καὶ

343 3787 752 3858 ἀντιδαμάσεις,
805 3788 922 3858 ήτοι
954 3788 1264 3859 ἐρχομένων
1310 3788 1342 3858 ἢ
1381 3787 1806 3858 ἀπερχομένων,
1839 3784 1936 3840 καὶ

345 3879 444 3940 τὰς
477 3879 616 3932 κατὰ
644 3879 743 3943 τάς
793 3878 957 3944 ἀκίας
999 3880 1166 3952 ήγουν
1211 3881 1337 3945 τοὺς
1369 3879 1611 3949 όρδίνους
1641 3879 1937 3950 διαιρέσεις

350 3970 528 4026 αὐτῶν
583 3972 678 4025 καὶ
705 3971 1060 4044 μετρισμούς.

425 4085 520 4152 ις’.
554 4089 665 4141 Καὶ
705 4087 1032 4153 κατατάξεις
1062 4088 1232 4160 αὐτὴν
1277 4089 1554 4158 φάλαγγα,
1608 4089 1776 4160 ἦγουν
1839 4090 1941 4159 τὴν

353 4179 481 4250 ὅλην
536 4181 860 4253 παραταγὴν
891 4223 904 4247 ,
956 4183 1120 4247 ὅταν,
1186 4182 1262 4245 ὡς
1313 4184 1560 4253 εἴρηται,
1634 4183 1726 4235 ἐπὶ
1774 4182 1936 4252 βάθος

1992 459 2048 505 ει
2079 465 2272 504 rursus
2302 450 2579 519 ingruant,
2615 458 2670 504 et
2717 447 2970 503 evolvam
2996 462 3059 504 se
3090 448 3159 504 ad
3211 450 3432 504 modum
3473 467 3570 520 pa-

1991 539 2309 595 racontarii.

2063 631 2151 686 12.
2185 631 2327 688 Utile
2381 645 2513 686 vero
2568 639 2652 686 est
2708 631 2762 685 in
2817 630 2936 700 ipso
2966 630 3163 685 itinere
3199 629 3471 698 faciendo,
3515 642 3575 688 nt

1992 724 2213 793 quidam
2265 739 2331 778 ex
2384 723 2491 777 illis
2531 723 2648 778 suis
2680 722 2814 778 locis
2846 738 2904 778 se
2935 731 3251 784 exerceant,
3281 733 3336 777 et
3369 739 3574 780 conen-

1994 824 2082 869 tur
2135 815 2251 869 haec
2297 829 2364 868 ex
2417 815 2574 883 equis
2623 812 2825 869 facere.
2886 813 3003 868 Hoc
3054 814 3218 868 modo
3263 814 3440 884 ipsum
3473 819 3577 870 iter

1993 906 2308 976 expeditum
2335 906 2461 972 erit,
2492 914 2548 960 et
2573 906 2700 975 equi
2733 905 2917 961 minus
2941 914 3245 961 atterentur

2069 1106 2159 1160 15.
2199 1105 2258 1160 Si
2291 1103 2573 1175 contingat
2625 1103 2678 1158 in
2729 1101 2982 1174 expedito
3011 1099 3339 1156 commorari
3369 1101 3580 1156 exerci-

1996 1207 2133 1261 tum,
2167 1197 2222 1252 id
2271 1207 2374 1262 est,
2435 1197 2488 1250 in
2537 1209 2603 1250 eo
2652 1197 2775 1250 loco
2815 1194 2908 1249 ubi
2938 1203 3163 1249 coaetus
3194 1202 3300 1257 est,
3328 1193 3477 1247 omni
3511 1207 3579 1248 eo

1997 1299 2242 1359 tempore
2298 1303 2366 1343 ne
2412 1302 2552 1343 unus
2603 1287 2823 1358 quidem
2872 1301 2939 1341 ex
2987 1285 3276 1349 militibus,
3312 1293 3576 1355 quantum

1998 1379 2113 1435 ﬁeri
2147 1387 2348 1448 potest,
2389 1378 2598 1434 otiosus
2624 1377 2715 1442 sit,
2758 1376 2852 1432 sed
2883 1375 2950 1430 ad
2994 1376 3253 1440 laborem,
3289 1382 3348 1428 ut
3376 1374 3578 1428 dictum

1997 1482 2106 1538 est,
2165 1470 2563 1526 assuefaciendi
2619 1484 2812 1523 omnes
2862 1476 3011 1533 sunt,
3053 1477 3108 1523 et
3138 1467 3409 1522 interdum
3447 1467 3611 1536 ρεαδ-1

2000 1563 2146 1618 dicto
2175 1576 2327 1616 more
2355 1559 2668 1624 exercendi,
2699 1558 2972 1613 interdum
3004 1558 3056 1611 in
3079 1557 3219 1623 acie,
3252 1567 3306 1611 et
3332 1557 3476 1612 inter
3501 1572 3580 1622 se,

2009 1656 2283 1710 interdum
2327 1654 2382 1708 in
2431 1652 2599 1708 armis
2669 1651 2784 1706 suis
2817 1649 3160 1719 detergendis
3203 1656 3256 1702 ει
3293 1647 3584 1702 nitidandis

2010 1755 2369 1817 occupentur.
2433 1743 2616 1799 Otium
2661 1743 2804 1798 enim
2859 1756 2966 1796 non
3021 1741 3199 1795 solum
3250 1739 3474 1807 ignavos
3535 1745 3589 1792 et

2009 1837 2347 1894 effeminatos
2382 1835 2530 1900 facit,
2573 1833 2668 1890 sed
2701 1834 2866 1889 etiam
2897 1832 2963 1888 ad
2997 1831 3182 1887 inania
3229 1831 3477 1900 quaedam
3533 1839 3589 1883 et

2009 1929 2319 1986 turbulenta
2354 1926 2644 1998 cogitanda
2696 1925 2940 1979 animum
2986 1923 3244 1978 traducit.
3279 1921 3361 1976 Ad
3393 1919 3592 1975 volun-

2012 2020 2181 2075 tarios
2236 2018 2451 2072 labores
2500 2017 2631 2070 sise
2666 2023 2975 2078 exerceant,
3013 2012 3173 2068 facile
3206 2013 3370 2066 etiam
3420 2010 3590 2064 coacti

2011 2115 2229 2169 labores
2264 2110 2556 2182 perferent,
2586 2116 2640 2165 et
2673 2108 2740 2164 ad
2771 2107 3037 2177 imperata
3074 2105 3325 2161 facienda
3356 2104 3593 2173 aptiores

2010 2212 2190 2260 erunt.

2082 2319 2170 2373 Μ.
2196 2315 2308 2372 Nec
2354 2314 2630 2386 sigillatim
2661 2311 2823 2367 modo
2855 2310 3142 2367 exercebis
3167 2323 3281 2373 eos,
3308 2307 3401 2364 sed
3432 2322 3593 2378 gene-

2011 2409 2170 2462 ratim
2199 2407 2362 2463 etiam
2391 2402 2743 2468 assuefacies,
2779 2410 2840 2455 ut
2881 2415 3011 2456 suas
3061 2399 3324 2454 stationes
3357 2395 3594 2467 perfecte

2011 2507 2362 2570 cognoscant,
2391 2496 2521 2553 etin
2545 2495 2655 2550 illis
2690 2501 3098 2549 commorentur
3121 2532 3137 2557 ,
3168 2501 3220 2545 et
3253 2498 3501 2566 aspectu,
3538 2498 3595 2542 et

2013 2590 2232 2645 nomine
2284 2587 2624 2643 familiariter
2675 2599 2735 2640 se
2786 2594 2987 2638 mutuo
3035 2589 3355 2654 agnoscant,
3398 2588 3452 2634 et
3489 2578 3596 2633 sub

2011 2698 2120 2752 quo
2144 2677 2401 2752 praefecto
2431 2677 2587 2732 miles
2605 2675 2984 2744 unusquisque
3010 2673 3102 2737 sit,
3137 2672 3189 2725 in
3213 2685 3319 2740 qua
3349 2671 3597 2728 cohorte,

2011 2783 2066 2828 et
2138 2771 2340 2843 quibus
2413 2783 2538 2826 cum
2605 2767 2737 2823 viris
2818 2765 2872 2821 in
2941 2763 3303 2821 contubernio
3366 2762 3599 2818 colloce-

2012 2881 2119 2925 tur.

2087 2957 2174 3013 15.
2211 2955 2518 3027 Cognoscat
2583 2952 2746 3008 etiam
2779 2951 3030 3006 celeriter
3084 2947 3363 3010 mandata,
3420 2959 3544 3016 quae
3573 2959 3602 2999 a

2023 3048 2294 3122 praefectis
2345 3048 2560 3102 dantur.
2618 3043 2755 3098 Cum
2811 3041 3145 3118 p‘racipitur,
3191 3046 3250 3091 ut
3279 3037 3602 3091 extendatur

2025 3144 2170 3200 acies
2197 3143 2314 3198 sive
2343 3139 2397 3194 in
2427 3136 2840 3207 longitudinem,
2889 3133 3006 3188 sive
3035 3133 3089 3186 iu
3122 3130 3488 3192 latitudinem,
3520 3126 3602 3182 vel

2026 3245 2087 3292 ut
2137 3242 2384 3305 cogatur,
2435 3239 2489 3287 et
2517 3228 2872 3285 contrahatur
2919 3225 2974 3280 in
3022 3223 3371 3285 densitatem,
3427 3220 3507 3272 vel
3546 3229 3600 3271 ut

2029 3323 2308 3381 inclinatio
2368 3321 2462 3376 fiat
2506 3319 2562 3374 in
2610 3320 2876 3379 dextram,
2928 3321 3023 3367 aut
3055 3311 3334 3366 sinistram
3374 3317 3604 3378 partem,

2030 3419 2110 3473 vel
2150 3425 2210 3472 ut
2234 3415 2486 3471 ordinum
2522 3407 2894 3472 commutatio,
2919 3412 2973 3459 et
3000 3402 3281 3458 intervalla
3307 3399 3606 3455 stationum

2031 3528 2058 3564 a
2088 3510 2204 3562 viro
2242 3507 2306 3561 ad
2353 3507 2527 3557 virum
2568 3500 2720 3564 iiaut,
2765 3499 2847 3552 vel
2882 3505 2941 3550 ut
2977 3503 3243 3565 soparatae
3268 3493 3606 3564 singulorum

2033 3599 2307 3670 agminum
2363 3592 2684 3656 densitates,
2741 3590 2825 3644 vel
2877 3589 3151 3651 raritates,
3211 3587 3296 3641 vel
3347 3593 3405 3640 ut
3435 3584 3608 3639 mutui

2034 3700 2316 3750 occursus,
2348 3693 2402 3738 et
2449 3679 2832 3742 discessiones,
2869 3679 2986 3733 sive
3019 3676 3456 3740 adventantium,
3491 3675 3608 3730 sive

2035 3779 2404 3835 recedentium
2434 3774 2564 3844 sint,
2597 3779 2652 3827 et
2673 3769 3184 3835 contuberniorum,
3218 3768 3333 3822 sive
3359 3767 3610 3821 ordinum

2037 3872 2178 3927 inter
2208 3884 2266 3925 se
2295 3867 2635 3940 partitiones,
2695 3861 3091 3932 separationes,
3125 3870 3181 3916 et
3223 3859 3611 3915 instructiones

2040 3963 2189 4016 flant.

2112 4074 2199 4129 16.
2233 4073 2332 4128 \e.
2390 4078 2452 4126 ut
2497 4070 2760 4146 phalanx,
2821 4069 2874 4123 id
2905 4075 3010 4132 εει,
3049 4065 3305 4120 universa
3343 4060 3490 4118 acies
3523 4070 3612 4116 aut

2042 4165 2096 4219 in
2129 4173 2340 4219 arctum
2374 4160 2748 4220 contrahatur,
2780 4166 2875 4212 aut
2900 4156 2953 4209 in
2986 4154 3383 4224 longitudinem
3413 4151 3608 4221 produ.

355 4271 725 4336 συστέλλεται,
760 4274 854 4326 καὶ
881 4273 1007 4325 ὅταν
1038 4273 1132 4324 ἐπὶ
1172 4271 1344 4342 μῆκος
1367 4241 1688 4336 ἐκτείνεται,
1721 4241 1814 4323 καὶ
1837 4270 1936 4341 τὴν
1971 4264 2217 4356 1.03"":
2273 4253 2358 4307 νει
2418 4261 2478 4306 lli
2521 4251 2807 4314 ἀίείοῐηοε,
2862 4247 2912 4300 id
2944 4254 3048 4308 εει,
3086 4259 3284 4312 anceps
3330 4245 3476 4296 δείθε
3503 4241 3616 4306 ατη,

2041 4351 2052 4356 -
2473 4346 2484 4356 .
2587 4344 2599 4356 .
2754 4335 3588 4356 μημε

353 4363 652 4432 λεγομένην
683 4362 1003 4430 άντίστομον
1032 4362 1197 4432 ἤγουν
1233 4361 1484 4429 δίστομον
1533 4361 1712 4431 μάχην
1738 4400 1753 4423 ,
1810 4361 1938 4414 ὅταν

354 4456 406 4508 oi
443 4453 727 4525 λεγόμενοι
777 4455 1023 4521 οὐραγοὶ,
1099 4455 1218 4523 ήτοι
1269 4455 1315 4506 oi
1371 4453 1595 4506 ὄπισθεν
1649 4453 1758 4508 τῶν
1802 4453 1940 4506 ὅλων

356 4546 554 4611 dum,
609 4545 1039 4616 ἐπιστρέψαντες
1081 4544 1215 4615 πρὸς
1257 4543 1384 4606 τοὺς
1426 4543 1758 4606 κυκλοῦντας
1796 4544 1940 4597 κατά

357 4640 649 4708 πρόσωπον
697 4637 961 4707 μάχονται
1015 4637 1087 4698 ὡς
1127 4636 1524 4706 πρωτοστάται,
1580 4637 1671 4688 καὶ
1717 4636 1940 4689 ὄπισθεν

358 4730 538 4781 αὐτῶν
605 4729 804 4797 ὁμοίως
877 4728 1061 4791 αὐτοῖς
1103 4727 1447 4799 ἀντιστρέφει
1503 4727 1562 4780 τὸ
1615 4728 1786 4798 ἥμισυ
1842 4727 1941 4798 τῆς

359 4821 541 4886 ἁκίας,
597 4823 693 4873 καὶ
748 4820 910 4874 πάλιν
940 4820 1038 4884 τάς
1089 4822 1153 4873 ὲκ
1187 4820 1294 4873 τῶν
1323 4819 1580 4874 τοιούτων
1629 4820 1940 4892 μεταὸολῶν

362 4911 692 4983 ἀνακλήσεις
722 4913 817 4967 καὶ
842 4913 1334 4974 ἀποκαταστάσεις.

439 5003 524 5066 ις’.
544 5007 608 5057 Οἱ
635 5006 742 5077 γάρ
758 5007 893 5073 πρὸς
912 5004 1083 5058 ταῦτα
1096 5006 1273 5059 πάντα
1295 5004 1595 5073 ἐθιζόμενοι
1623 5001 1950 5073 στρατιῶται

369 5095 456 5148 διὰ
487 5098 702 5167 τάχους,
731 5099 802 5161 ώς
834 5099 1037 5164 εἰπεῖν,
1069 5097 1163 5151 καὶ
1195 5096 1490 5164 αὐτόματοι
1518 5095 1774 5164 φέρονται
1813 5092 1950 5162 πρὶς

369 5188 468 5256 τὴν
494 5187 667 5252 τάξιν.
711 5192 772 5243 0i
818 5189 874 5242 δὲ
903 5189 1109 5243 τούτων
1141 5187 1411 5240 ἀνέθιστοι
1455 5185 1548 5236 καὶ
1591 5181 1949 5245 ἀπαίδευτοι,

368 5279 455 5332 διὰ
481 5281 718 5350 ταράχου
765 5281 984 5347 πολλοῦ,
1019 5280 1113 5334 καὶ
1151 5278 1302 5349 μόλις
1362 5273 1822 5329 ἀποκαθίστανται
1869 5274 1950 5335 εἰς

376 5373 464 5433 τὰς
495 5375 927 5443 κατεπειγούσας
957 5373 1055 5442 τῆς
1078 5371 1282 5438 τάξεως
1307 5367 1516 5440 χρείας.

441 5485 530 5556 ιη’.
566 5487 901 5557 Διαμερίσας
943 5485 999 5538 δὲ
1046 5485 1108 5537 τὸ
1158 5483 1475 5554 στράτευμα
1529 5479 1660 5549 πρὸς
1685 5451 1946 5546 ἀλλήλους

371 5577 613 5649 ἀσιδήρῳ
667 5577 813 5648 μάχῃ
847 5576 1325 5638 συμϐαλλέτωσαν,
1367 5574 1482 5643 ἦτοι
1533 5571 1617 5623 διὰ
1651 5566 1946 5636 κονταρίων

377 5668 505 5722 ἀνευ
551 5668 742 5738 ξιφῶν.
792 5669 1125 5739 ἦσαγιττῶν
1192 5669 1410 5737 ὁμοίως,
1455 5666 1510 5737 ἦ,
1567 5664 1640 5726 ti);
1687 5663 1949 5730 εἴπομεν,

626 5767 901 5829 Parnm.
937 5765 1054 5823 Gn.
1092 5761 1276 5824 CVII.

2041 4351 2144 4404 hoc
2171 4361 2273 4408 est,
2304 4346 2524 4418 quando
2547 4341 2797 4413 οὐραγοὶ,
2838 4339 2890 4393 id
2922 4347 3004 4393 est
3033 4337 3290 4401 candani,
3330 4345 3457 4405 post
3497 4335 3614 4388 uni-

2039 4457 2254 4497 versam
2303 4440 2474 4493 aciem
2524 4434 2774 4491 conversi
2818 4432 3083 4487 adversus
3138 4429 3343 4490 hostes,
3381 4428 3474 4497 qui
3511 4427 3616 4480 cir-

2041 4532 2374 4590 cumvallare
2416 4529 2716 4585 exercitum
2779 4533 3090 4588 conantur,
3139 4522 3296 4593 quasi
3353 4519 3617 4590 praestitcs

2043 4629 2305 4697 pugnant,
2350 4632 2404 4675 et
2435 4636 2464 4674 a
2495 4629 2647 4686 tergo
2703 4617 2956 4672 similiter
3008 4613 3294 4668 dimidium
3327 4607 3616 4664 contuber-

2042 4719 2194 4774 nitun
2228 4715 2291 4769 ad
2323 4715 2444 4768 illos
2478 4718 2823 4773 convertunt,
2856 4708 2938 4762 vel
2962 4715 3020 4761 ut
3043 4706 3272 4760 istarum
3310 4708 3618 4757 commuta-

2049 4795 2260 4865 tionum?
2291 4805 2668 4862 inclinationes
2707 4808 2760 4856 et
2800 4800 3174 4855 traductioncs
3214 4796 3364 4848 fiant.

2126 4995 2214 5049 l7.
2249 4993 2351 5061 Qui
2384 4993 2449 5048 ad
2477 4993 2579 5047 ista
2615 4985 2904 5044 assuefacti
2937 4991 3065 5039 sunt
3099 4979 3321 5041 milites,
3354 4975 3621 5042 celeriter,

2055 5094 2116 5139 ut
2147 5087 2218 5138 ita
2250 5085 2449 5147 dicam,
2474 5093 2524 5137 et
2548 5097 2644 5136 sua
2671 5087 2861 5148 sponte
2887 5073 2952 5127 ad
2979 5072 3149 5126 aciem
3183 5070 3324 5124 hanc
3349 5067 3621 5122 feruntur.

2054 5178 2157 5244 Qui
2185 5178 2413 5229 istarum
2467 5185 2649 5226 rerum
2686 5165 2883 5221 insueti
2932 5163 3202 5230 rudesque
3239 5170 3386 5224 sunt,
3426 5173 3623 5228 magno

2055 5285 2177 5323 cum
2202 5268 2418 5337 negotio
2450 5273 2504 5318 et
2551 5259 2796 5316 molestia
2828 5257 2895 5312 ad
2923 5255 3262 5311 imminentia
3301 5250 3541 5323 pericula
3569 5250 3623 5302 in

2055 5359 2169 5412 acie
2204 5354 2458 5413 constitui
2487 5358 2734 5423 possunt.

2125 5469 2208 5523 l8.
2255 5467 2352 5522 Ubi
2407 5463 2702 5520 exercitum
2755 5458 3026 5522 diviseris,
3063 5457 3179 5512 sine
3225 5454 3420 5510 ferreis
3458 5451 3625 5505 armis

2055 5563 2192 5616 inter
2218 5577 2275 5615 se
2305 5560 2735 5618 committantur,
2771 5553 2853 5604 vel
2881 5567 3003 5604 cum
3040 5549 3210 5603 hastis
3239 5549 3356 5602 sine
3377 5543 3625 5613 cuspide,

2055 5655 2134 5708 vel
2166 5653 2380 5724 sagittis
2416 5652 2683 5716 similiter,
2734 5650 2837 5715 vel,
2872 5657 2929 5703 ιιι
2978 5645 3355 5717 praediximus,
3386 5655 3483 5711 pro
3513 5635 3628 5707 gla-

3155 5735 3229 5796 ΞΛ
