4100 6226
485 238 594 303 733

1748 238 1942 299 LEON
1954 239 2021 298 iS
2054 239 2511 304 PHILOSOPHI

3632 257 3741 325 τω

487 350 593 405 diis
614 355 848 403 utantur
871 346 1064 414 virgis,
1115 344 1195 399 vel
1236 344 1472 397 calamos
1517 359 1617 413 pro
1654 344 1823 398 hastis
1854 348 2034 401 tradas

2162 351 2280 403 ἀντὶ
2333 353 2577 406 σπαθίων
2632 354 2891 425 βεργίοις,
2952 360 2983 431 ἢ
3026 361 3302 435 νάρθηκας
3338 407 3353 429 ,
3401 367 3742 442 ῆκαὶάμους

486 442 582 497 Sin
613 441 799 511 glebas
831 440 1027 491 habeat
1073 436 1235 489 tellus
1286 436 1340 487 in
1372 450 1478 504 qua
1503 447 1850 501 exercentur,
1887 439 2059 507 conji-

486 548 612 587 cere
654 548 747 585 eas
783 529 999 598 jnbebis
1049 529 1099 580 in
1146 544 1204 579 se
1234 538 1422 578 mutuo
1448 526 1587 579 inter
1618 526 2055 597 conﬂigendum:

486 625 758 678 interdum
820 619 1149 682 cliarzaniis,
1208 620 1290 673 vel
1347 618 1414 673 iis
1466 618 1735 674 similibus
1786 620 1837 675 in
1866 621 2059 691 proelio

486 723 730 769 utantur.

553 893 636 946 19.
680 891 921 943 Acclives
968 889 1074 942 illis
1119 887 1282 942 colles
1319 898 1650 951 monstrans,
1675 888 1808 958 jnbe
1838 897 1894 943 ut
1930 906 2053 944 cum

481 997 644 1035 cursu
669 978 1033 1033 conscendant
1068 994 1081 1030 :
1117 986 1169 1028 et
1197 978 1247 1029 in
1274 990 1390 1036 eos,
1419 977 1510 1045 qui
1542 976 1653 1043 jam
1686 977 1852 1031 colles
1891 992 2056 1030 oecu-

480 1078 631 1139 pant,
657 1069 786 1137 jnbe
820 1068 957 1121 alios
994 1065 1217 1135 quosvis
1256 1066 1454 1119 milites
1508 1064 1782 1130 invadere,
1814 1067 1904 1136 qui
1936 1066 2055 1120 illos

478 1164 523 1217 si
562 1162 771 1231 possint
799 1160 1090 1227 depellant.

548 1254 637 1308 20.
671 1254 770 1308 Ubi
807 1254 1003 1305 milites
1035 1252 1145 1319 jam
1174 1250 1507 1313 exercueris,
1548 1251 1671 1305 illos
1705 1251 1968 1313 dimittes.
2001 1260 2056 1307 et

475 1348 600 1401 aliis
651 1349 832 1399 trades
897 1344 1111 1396 illorum
1175 1357 1349 1404 arma,
1394 1350 1446 1395 et
1478 1353 1779 1407 manentes,
1809 1354 1970 1412 atque
1998 1344 2051 1397 in

476 1440 579 1492 hac
604 1436 1002 1492 exercitatione
1031 1440 1251 1486 strenue
1276 1447 1335 1487 se
1380 1442 1647 1502 gerentes,
1676 1434 2007 1489 collaudabis
2033 1450 2048 1497 ;

474 1545 566 1585 eos
600 1528 693 1598 qui
720 1524 1019 1581 soeorditcr
1034 1532 1088 1578 et
1114 1524 1421 1578 effeminate
1452 1540 1510 1578 se
1554 1536 1766 1593 gerunt,
1796 1541 2048 1590 exacucs,

474 1632 530 1675 et
553 1619 817 1675 exeitabis
843 1617 908 1670 ad
942 1615 1175 1669 offensas
1202 1616 1419 1669 illorum
1462 1617 1837 1685 corrigendas.

546 1800 636 1851 2i.
675 1797 789 1850 Tali
818 1797 962 1852 enim
998 1796 1268 1850 industria
1306 1811 1368 1851 ac
1399 1797 1789 1852 exercitatione
1820 1814 1924 1851 non
1961 1814 2047 1852 so-

472 1889 582 1940 lnrn
615 1888 678 1939 ad
711 1887 921 1939 labores
960 1886 1295 1955 paratiorest
1329 1887 1623 1947 exercitus,
1653 1902 1838 1940 verum
1877 1889 2040 1941 etiam

470 1978 755 2030 sanitatem
796 1977 988 2029 melius
1032 1985 1234 2038 tuetur,
1280 1986 1332 2028 ct
1350 1975 1469 2029 cibo
1516 1976 1839 2046 potioneque
1864 1978 2046 2032 suavis

470 2069 686 2130 ﬁnitur,
714 2083 1024 2137 quanquam
1059 2068 1219 2121 vdior
1244 2083 1306 2120 ac
1345 2069 1558 2121 tenuior
1594 2068 1775 2123 fuerit.
1812 2069 1878 2123 Et
1909 2085 2047 2123 eor-

469 2176 568 2228 pus
604 2158 865 2212 valentius
896 2158 1100 2211 lirmius
1127 2158 1308 2220 habet,
1339 2159 1384 2212 si
1407 2158 1720 2223 sudoribus,
1747 2160 2043 2225 caloribus,

467 2250 932 2320 ap.~it-ationibus,
1000 2248 1317 2319 frigoribus,
1390 2253 1911 2323 tempestatibusque
1964 2268 2044 2307 as-

467 2344 770 2399 suefactum
799 2344 985 2398 fuerit.

532 2534 622 2589 2:2.
656 2532 917 2587 Similiter
969 2530 1251 2586 exercebis
1292 2532 1524 2601 equites,
1558 2532 1623 2586 ad
1648 2534 2043 2590 decet-lationes

463 2627 726 2696 quasdam
780 2633 837 2678 et
885 2624 1290 2688 dimicationes,
1321 2625 1730 2690 insectationes,
1762 2626 2042 2680 conﬂicta-

464 2717 664 2777 tiones,
721 2712 1102 2777 velitationes,
1159 2721 1213 2766 et
1264 2714 1578 2780 sagittarum
1624 2714 2043 2785 jacnlorumque

460 2803 821 2863 emissiones,
900 2810 954 2856 et
1008 2816 1348 2871 quaecunque
1400 2804 1653 2874 deinceps
1711 2805 1804 2859 tibi
1865 2804 2040 2861 fusius

461 2909 565 2961 exp
590 2908 750 2947 ruam.

528 2986 617 3038 23.
656 2983 779 3037 llaec
806 2981 1007 3039 faciant
1053 2984 1106 3038 in
1152 2985 1285 3041 locis
1314 2985 1489 3055 planis
1527 2996 1580 3041 et
1619 2988 2035 3056 campestribus,

459 3086 514 3128 et
544 3075 609 3127 ad
649 3077 916 3129 montium
968 3076 1151 3145 pedes,
1201 3085 1255 3129 et
1310 3076 1376 3129 ad
1427 3091 1619 3146 aspera
1659 3092 1875 3147 quoque
1923 3078 2039 3133 loca

458 3175 722 3236 quantum
764 3176 995 3235 possunt
1028 3166 1309 3220 accedant.

487 3259 577 3312 ει.
612 3258 727 3311 Νοιι
764 3258 922 3311 modo
960 3257 1114 3323 mihi,
1160 3273 1344 3311 verum
1399 3257 1563 3311 etiam
1598 3258 1895 3328 majoribus
1943 3275 2041 3315 no-

458 3353 585 3407 stris
638 3353 812 3408 visum
863 3360 947 3406 cst
995 3350 1462 3420 pernecessarinm
1507 3366 1651 3414 esse,
1713 3360 1773 3405 ut
1831 3368 1955 3405 cum
1983 3352 2037 3407 in

455 3444 851 3512 campestribus
907 3453 960 3497 et
1017 3442 1192 3512 planis
1220 3444 1351 3497 locis
1386 3443 1452 3497 ad
1484 3458 1706 3498 cursum
1747 3460 2035 3501 exercean-

456 3546 546 3590 tur
576 3537 727 3606 equi,
780 3546 889 3590 tum
926 3537 1089 3590 etiam
1124 3536 1177 3591 in
1204 3538 1366 3592 editis
1401 3549 1455 3593 et
1485 3540 1773 3595 condensis
1806 3550 1859 3595 et
1882 3556 2039 3611 aspe-

454 3632 532 3685 ris
592 3632 745 3695 locis,
799 3639 857 3684 ut
914 3629 1027 3684 haec
1090 3629 1206 3685 loca
1259 3631 1475 3700 agmine
1534 3632 1681 3686 tacto
1734 3641 2036 3696 transeant,

454 3734 617 3791 atque
642 3722 803 3776 etiam
847 3721 916 3774 ad
960 3720 1189 3775 declivia
1229 3721 1479 3776 similiter
1513 3738 1571 3777 se
1610 3734 1936 3793 praeparent.
1977 3724 2035 3779 Si

452 3818 599 3866 enim
648 3812 715 3865 ad
766 3811 909 3865 hunc
967 3812 1189 3866 modum
1252 3812 1542 3867 assuefacti
1594 3813 1822 3880 fuerint,
1857 3830 2034 3885 neque

454 3903 701 3956 homines
740 3918 914 3972 neque
943 3919 1112 3972 equos
1167 3904 1309 3957 ullus
1365 3906 1447 3957 vel
1477 3904 1711 3960 oll‘endet
1746 3907 1826 3961 vel
1856 3908 2033 3963 laedet.

520 3991 610 4044 25.
638 3990 852 4046 jEstate
874 4008 942 4046 ne
965 4006 1165 4061 equum
1199 3992 1265 4046 ad
1288 3993 1479 4047 crebro
1513 3993 1806 4049 bibendum
1838 4013 2032 4051 assue-

452 4081 644 4138 facias.
695 4081 810 4148 Qua
872 4084 938 4137 de
993 4098 1158 4137 causa
1190 4083 1374 4139 minus
1405 4084 1533 4139 utile
1567 4095 1651 4140 est
1691 4098 1911 4158 propter
1934 4090 2033 4141 llu-

452 4178 599 4229 viurn
627 4186 804 4230 castra
834 4190 1056 4246 ponere.

520 4266 609 4322 26.
643 4268 827 4322 Acicm
879 4267 1073 4322 horum
1129 4268 1373 4325 instruas
1429 4270 1482 4324 in
1534 4270 1746 4341 asperis
1790 4281 1844 4327 et
1891 4274 2030 4328 aviis

2163 444 2285 498 ἀντὶ
2315 447 2614 518 κονταρίων
2643 451 2939 516 ἀναδιδούς.
2978 455 3105 508 Ἐὰν
3142 457 3198 509 δέ
3226 460 3314 511 καὶ
3346 457 3551 528 βώλους
3579 464 3676 535 ἔχῃ
3708 466 3743 538 ἡ

2160 536 2233 605 γῆ
2262 533 2364 611 ὲνῇ
2398 541 2784 610 γυμνάζονται.
2801 545 3021 611 τούτους
3057 548 3272 617 βάλλειν
3295 551 3478 605 κέλευε
3511 556 3630 608 κατ’
3652 533 3745 611 in;

2160 628 2333 699 λήλων
2357 633 2413 683 ἐν
2439 634 2504 703 τῇ
2546 636 2819 707 γυμνασίᾳ
2874 640 2970 707 τῆς
3025 640 3321 710 συμϐολῆς.
3379 642 3516 696 Ποτὲ
3560 645 3618 698 δὲ
3646 649 3744 701 καὶ

2158 722 2228 774 τὰ
2260 724 2527 793 λεγόμενα
2554 726 2821 798 χαρζάνια
2854 728 2886 799 ἦ
2917 730 3125 794 τούτοις
3156 733 3319 803 ὅμοιά
3347 752 3468 789 τινα
3495 738 3747 809 χρήσθω-

2162 830 2261 865 σαν
2285 815 2340 866 ἐν
2374 816 2438 884 τῇ
2469 815 2641 888 μάχῃ.

2232 903 2311 958 ιθ’.
2352 906 2539 972 Δείξας
2597 908 2652 961 δὲ
2685 909 2868 973 αὐτοῖς
2894 914 2990 965 καὶ
3021 912 3237 982 βουνοὺς
3273 915 3508 985 ὀρθίους,
3546 920 3741 974 κέλευε

2159 996 2256 1050 σὺν
2286 998 2470 1069 δρόμῳ
2515 1000 2824 1054 ἀναϐαίνειν
2885 1002 2979 1055 καὶ
3028 1004 3469 1075 καταλαμϐάνειν
3517 1010 3741 1074 αὐτοὺς,

2156 1089 2377 1159 ἔχοντας
2430 1090 2670 1157 δηλονότι
2735 1092 2863 1154 τοὺς
2934 1092 3155 1161 βουνοὺς
3212 1097 3453 1161 ἐκείνους
3517 1100 3745 1171 ἐτέρους

2158 1181 2493 1248 στρατιώτας
2525 1182 2833 1251 ἐφεστῶτας
2873 1183 2959 1236 ἐπ’
2989 1185 3190 1237 αὐτῶν.

2224 1272 2429 1326 κ’.Καὶ
2472 1275 2601 1327 ὅταν
2640 1274 2789 1338 τινας
2843 1275 2950 1328 τῶν
3009 1278 3358 1347 στρατιωτῶν
3427 1282 3739 1355 γυμνάς-ης,

2155 1364 2316 1419 πάλιν
2356 1365 2598 1428 ἐκείνους
2621 1366 2869 1421 ἐκϐαλὼν
2917 1367 3125 1438 ἑτέροις
3172 1369 3458 1433 ἐπιδώσεις
3484 1374 3550 1425 τὰ
3580 1374 3741 1443 εἰρησ

2156 1454 2292 1523 μένα
2311 1454 2469 1507 ὅπλα.
2488 1454 2599 1507 Καὶ
2615 1456 2740 1518 τοὺς
2758 1456 3046 1525 μείναντας
3067 1457 3270 1527 (88—89)
3290 1460 3743 1531 ἀνδραγαθήσαν-

2151 1563 2249 1608 τας
2282 1548 2337 1598 ἐν
2388 1550 2453 1615 τῇ
2490 1549 2767 1618 γυμνασίᾳ.
2807 1549 3140 1612 ἐπαινέσεις,
3169 1550 3297 1614 τοὺς
3344 1551 3401 1604 δὲ
3429 1552 3619 1620 ἀφυῶς
3648 1554 3743 1605 ἐλο

2153 1635 2342 1699 θόντας
2374 1639 2469 1689 καὶ
2523 1637 2800 1704 ἀνάνδρως
2830 1639 3189 1709 παραθήξεις,
3235 1642 3331 1693 καὶ
3373 1646 3742 1713 παροτρυνεῖς

2156 1730 2234 1791 εἰς
2272 1729 2333 1781 τὸ
2355 1728 2422 1781 τὰ
2452 1728 2805 1798 ἐλαττώματα
2840 1730 3021 1784 αὐτῶν
3050 1731 3423 1803 ἀνορθωθῆναι

2208 1822 2331 1877 ’κα’.
2377 1824 2470 1876 Ἐκ
2505 1824 2613 1891 γὰρ
2642 1824 2740 1894 τῆς
2763 1825 3018 1896 τοιαύτης
3043 1827 3275 1897 μελέτης
3301 1830 3395 1882 καὶ
3426 1832 3741 1901 γυμνασίας

2154 1914 2211 1966 οὐ
2248 1915 2405 1982 μόνον
2462 1914 2699 1979 ἐθίζεται
2740 1917 2874 1986 πρὸς
2928 1920 3051 1978 τοὺς
3081 1920 3275 1982 πόνους
3306 1920 3368 1973 τὸ
3396 1922 3740 1992 στράτευμα,

2153 2007 2285 2059 ἀλλὰ
2310 2008 2403 2059 καὶ
2448 2007 2699 2075 ὑγιαίνει,
2740 2011 2833 2061 καὶ
2861 2010 3038 2063 πᾶσαν
3074 2012 3282 2081 τροφὴν
3329 2013 3497 2082 ἡδέως
3541 2014 3740 2079 ἐσθίει,

2154 2098 2249 2152 καὶ
2286 2099 2448 2161 πίνει,
2480 2100 2584 2152 κᾶν
2614 2101 2730 2171 λιτή
2766 2102 2936 2165 ἐστιν,
2972 2102 3112 2172 ὑπὲρ
3141 2102 3240 2164 τὰς
3273 2103 3578 2166 πολυτελεῖς
3603 2122 3744 2173 τρυο

2153 2190 2259 2256 φάς
2289 2204 2302 2219 ⁸
2336 2189 2544 2257 γίνεται
2590 2190 2646 2243 δὲ
2704 2191 2883 2243 αὐτῶν
2924 2192 2982 2244 τὸ
3032 2193 3191 2261 σῶμα
3248 2195 3342 2247 καὶ
3366 2194 3610 2265 στερρὸν,
3639 2195 3740 2247 καὶ

2154 2279 2489 2342 συνεθίζεται
2513 2283 2623 2341 τοῖς
2654 2280 2905 2350 μέλλουσι
2926 2281 3131 2346 πόνοις,
3168 2282 3374 2352 ἱδρῶτι,
3412 2285 3504 2335 καί
3529 2283 3734 2337 θάλπει

2152 2371 2246 2424 καὶ
2296 2371 2537 2441 καύματι
2588 2373 2884 2443 ἀσκιαστῳ,
2943 2375 3034 2427 καὶ
3088 2376 3323 2445 κρυμοῖς
3377 2375 3470 2428 καὶ
3497 2375 3736 2446 χειμῶσι

2151 2460 2667 2530 συγγυμναζόμενον
2701 2462 2831 2531 (90).

2221 2549 2322 2619 κβ.
2365 2551 2595 2619 Ὁμοίως
2637 2552 2694 2604 δὲ
2729 2553 3028 2622 γυμνάσεις
3057 2554 3298 2618 καὶτοὺς
3323 2556 3733 2626 καϐαλλαρίους

2150 2640 2354 2709 ἐρίζειν
2383 2642 2578 2705 αὐτοὺς
2630 2645 2819 2707 ποιῶν,
2855 2644 2948 2699 καὶ
2994 2646 3345 2715 ἁμιλλᾶσθαι,
3403 2650 3495 2701 καὶ
3520 2648 3735 2712 διώξεις

2149 2735 2344 2797 ποιεῖν,
2388 2735 2480 2786 καὶ
2529 2735 2867 2802 συμπλοκὰς,
2914 2739 3010 2792 καὶ
3046 2739 3515 2809 ἀκροϐολισμοὺς,
3556 2742 3729 2810 ἤγουν

2146 2827 2379 2892 τοξείας,
2408 2828 2440 2898 ἢ
2469 2829 2795 2895 ἁκοντίσεις,
2837 2832 2931 2886 καὶ
2972 2832 3072 2889 ὅσα
3106 2834 3232 2903 ἐξῆς
3266 2851 3349 2887 σοι
3394 2835 3732 2905 πλατύτερον

2145 2918 2390 2990 δηλώσω.

2218 3010 2302 3079 κγ’
2310 3052 2323 3066 .
2355 3010 2543 3067 Ταῦτα
2563 3012 2619 3066 δὲ
2654 3017 2827 3068 ποιεῖν
2850 3015 2943 3068 καὶ
2977 3017 3033 3069 ἐν
3079 3017 3357 3080 ἐπιπέδοις
3386 3018 3593 3083 τόποις,
3633 3020 3733 3072 καὶ

2151 3102 2278 3173 περὶ
2327 3102 2497 3166 αὑτὰς
2539 3104 2636 3168 τὰς
2669 3106 2825 3175 ῥίζας
2873 3106 2982 3158 τῶν
3027 3105 3232 3176 βουνῶν
3255 3108 3340 3176 ἐφ’
3362 3110 3484 3163 ὅσον
3505 3109 3731 3164 δυνατόν

2149 3196 2293 3247 ἐστιν
2328 3195 2545 3258 αὐτοὺς,
2581 3198 2674 3249 καὶ
2697 3199 2943 3268 τραχέων
2974 3200 3213 3269 ἐγγίζειν
3240 3201 3440 3255 τόπων.

2217 3279 2315 3335 κδ’.
2347 3282 2457 3335 Καὶ
2494 3284 2651 3337 τοῦτο
2701 3286 2802 3356 μὲν
2848 3290 2960 3351 τοῖς
3003 3290 3255 3353 παλαιοῖς
3286 3291 3485 3356 ἔδοξεν,
3514 3293 3636 3362 ἐμοὶ
3667 3293 3729 3347 δὲ

2145 3374 2292 3428 δοκεῖ
2349 3374 2424 3445 μὴ
2483 3377 2644 3446 μόνον
2696 3380 2775 3443 είς
2814 3381 3047 3452 δρόμους
3072 3384 3130 3436 ὲν
3163 3387 3274 3447 τοῖς
3298 3385 3519 3455 ὁμαλοῖς
3542 3386 3728 3448 τόποις

2145 3461 2417 3525 ἐθίζεσθαι
2439 3466 2562 3527 τοὺς
2612 3466 2810 3531 ἵππους
2830 3470 3127 3539 ἀναγκαῖον
3155 3468 3317 3536 εἶναι,
3340 3475 3500 3527 ,ἀλλὰ
3533 3475 3624 3527 καὶ
3647 3476 3727 3537 είς

2146 3549 2382 3621 ὑψηλοὺς
2444 3554 2535 3605 καὶ
2569 3555 2751 3619 δασεῖς
2808 3560 2902 3611 καὶ
2939 3562 3183 3630 τραχεῖς,
3222 3560 3362 3615 ὥστε
3399 3564 3498 3616 σὺν
3538 3563 3724 3633 ἐλασία

2143 3640 2365 3703 τούτους
2425 3642 2740 3699 διαϐαίνειν.
2786 3646 3017 3717 ὐμοίως
3050 3650 3104 3703 δέ
3138 3651 3233 3704 καὶ
3279 3654 3359 3714 εἰς
3391 3654 3517 3715 τοὺς
3546 3670 3720 3706 κατω-

2144 3734 2350 3801 φερεῖς.
2382 3732 2509 3786 Ἐὰν
2548 3735 2654 3805 γὰρ
2700 3738 2779 3801 είς
2828 3742 2951 3802 τοὺς
3000 3741 3272 3807 τοιούτους
3302 3742 3593 3808 ἐθίζονται,
3622 3747 3719 3799 οὐκ

2144 3821 2222 3876 ἔτι
2246 3823 2364 3877 οὐδὲ
2384 3828 2508 3890 τοὺς
2539 3826 2737 3899 ἄνδρας
2774 3830 2895 3884 οὐδὲ
2924 3835 3049 3898 τοὺς
3086 3834 3285 3899 ἵππους
3323 3834 3521 3901 ξενίζει
3562 3837 3723 3900 τόπος

2142 3912 2175 3982 ἢ
2209 3915 2403 3971 ἀδικεῖ.

2207 4010 2303 4057 κε’.
2347 4005 2506 4059 Ἀλλὰ
2533 4008 2625 4060 καὶ
2650 4009 2708 4063 ἐν
2731 4009 2806 4080 τῷ
2848 4014 3028 4083 καιρῷ
3059 4015 3151 4068 τοῦ
3184 4015 3380 4089 θέρους
3421 4020 3497 4089 μὴ
3528 4020 3718 4088 ἐπιτη-

2139 4093 2311 4149 δεύειν
2341 4098 2558 4162 πυκνῶς
2580 4101 2704 4164 τοὺς
2732 4101 2932 4166 ἵππους
2971 4104 3228 4170 ποτίζειν.
3265 4107 3357 4160 Διὸ
3381 4110 3503 4162 οὐδὲ
3531 4111 3633 4181 χρή
3645 4128 3722 4163 σι-

2141 4180 2241 4249 μόν
2270 4183 2384 4234 ἐστι
2402 4182 2627 4253 πλησίον
2656 4188 2916 4257 ποταμῶν
2944 4190 3273 4261 ἁπληκεύειν
3305 4194 3416 4263 (9|)

2208 4270 2321 4337 κς’.
2355 4275 2461 4327 Καὶ
2501 4279 2948 4346 παρατάσσεσθαι
2971 4282 3028 4335 δὲ
3051 4285 3128 4347 είς
3154 4286 3281 4348 τοὺς
3314 4286 3596 4358 δυσχερεῖς
3626 4290 3721 4341 καὶ

454 4360 608 4423 locis,
661 4368 715 4415 et
755 4361 1036 4415 cohortem
1077 4361 1250 4431 ipsam
1288 4362 1574 4431 permittas
1615 4364 1684 4417 ita
1727 4364 1801 4417 uti
1837 4376 1920 4419 est
1948 4365 2031 4419 in-

2148 4363 2433 4431 Βυσϐἀτους
2488 4368 2706 4434 τόπους,
2748 4373 2843 4424 καὶ
2896 4375 3213 4445 ἐπιτρέπειν
3260 4377 3333 4441 ῶς
3361 4381 3476 4432 ἐστι
3505 4379 3566 4433 τὸ
3590 4380 3719 4449 βάν-

448 4462 676 4519 structa,
733 4456 950 4525 agmine
1006 4454 1148 4509 facto
1198 4470 1262 4510 ea
1298 4456 1414 4509 loca
1456 4457 1821 4513 conscendere
1868 4470 2032 4529 atque

448 4546 641 4600 iterum
677 4546 1025 4601 descendere.

516 4636 607 4689 27.
646 4636 968 4705 Quicunque
996 4638 1113 4693 suis
1144 4639 1297 4709 cquis
1333 4651 1618 4709 parcentes
1666 4641 1731 4696 iis
1762 4641 2029 4695 exercita-

450 4728 688 4781 tionibus
746 4728 1041 4794 abstinent,
1094 4729 1147 4782 Ιιὶ
1210 4737 1475 4799 quantum
1530 4732 1585 4785 in
1646 4745 1704 4785 se
1758 4740 1841 4785 est
1868 4746 2028 4784 suam

446 4819 688 4886 ipsorum
725 4820 952 4874 salutem
982 4821 1238 4889 produnt.

516 4912 604 4968 28.
645 4914 910 4985 Deinceps
945 4930 1042 4984 par
1068 4922 1173 4980 est,
1195 4929 1509 4985 quanquam
1536 4914 1863 4979 verecunde,
1891 4930 2028 4984 pau-

446 5002 527 5057 cis
562 5015 741 5058 tamen
777 5014 1017 5059 veterum
1057 5014 1239 5059 motus
1282 5004 1504 5059 bellicos
1534 5014 1588 5057 et
1629 5014 1893 5073 prateepta
1925 5020 2022 5059 ex-

444 5095 696 5162 p!anarc,
742 5105 801 5149 ut
842 5097 895 5149 in
935 5096 1042 5151 illis
1082 5112 1301 5168 quoque
1335 5111 1595 5150 exerceas
1627 5106 1771 5162 tuos,
1811 5104 1866 5150 et
1898 5096 2020 5151 illos

444 5196 555 5239 tum
582 5188 725 5241 dicto
758 5196 870 5241 tum
903 5188 1045 5243 facto
1077 5190 1144 5243 ad
1176 5206 1286 5243 rem
1317 5189 1453 5243 bene
1482 5188 1795 5257 gerendam,
1819 5199 1873 5244 et
1904 5205 2015 5243 rem

444 5277 734 5331 militarem
767 5280 1202 5348 cognoscendam
1236 5281 1458 5336 excites.
1496 5278 1628 5334 Nam
1662 5288 2015 5351 posteaquam

2138 4456 2246 4522 δον,
2318 4458 2500 4524 καθὼς
2559 4461 2756 4531 φθάσει
2803 4465 2830 4517 ό
2886 4466 3049 4528 τόπος
3113 4468 3329 4538 ἑκάστῳ
3386 4471 3484 4523 σὺν
3528 4470 3720 4541 ἐλασία

2139 4549 2463 4621 ἀνέρχεσθαι
2494 4555 2694 4623 ὁμοίως
2732 4555 2787 4609 δὲ
2816 4557 2909 4609 καὶ
2941 4558 3327 4628 κατέρχεσθαι.

2210 4642 2311 4705 κζ’.
2344 4644 2495 4697 Ὅσοι
2546 4646 2722 4699 τοίνυν
2766 4648 3068 4718 φειδόμενοι
3119 4651 3229 4704 τῶν
3296 4652 3481 4705 ἵππων
3539 4653 3719 4706 αὐτῶν

2140 4733 2527 4803 περιφρουοῦσι
2569 4735 2670 4804 τῆς
2707 4736 2961 4808 τοιαύτης
2992 4739 3171 4792 αὐτῶν
3211 4743 3544 4811 γυμνασίας,
3590 4742 3718 4795 ἐαυ-

2139 4824 2250 4885 τοῖς
2277 4823 2713 4881 ἐπιϐουλεύουσι.

2207 4912 2312 4984 κη’.
2343 4915 2464 4968 Ἐπὶ
2489 4916 2699 4983 τούτοις
2729 4920 2846 4974 δέον
2879 4923 3047 4988 ἐστὶν,
3074 4925 3123 4977 εί
3149 4924 3244 4978 καὶ
3278 4924 3539 4996 μετρίως,
3567 4926 3717 4996 ὅμως

2136 5006 2230 5059 καὶ
2286 5009 2343 5059 ἐν
2398 5007 2600 5077 ὀλίγοις
2661 5012 2989 5081 ὑποδείξεσι,
3036 5018 3218 5082 καθὼς
3257 5020 3708 5091 προῦπεθέμεθα,

2135 5098 2466 5169 πλατύτερον
2507 5101 2606 5163 τὰς
2631 5103 2738 5155 τῶν
2768 5104 3011 5174 ἀρχαίων
3055 5110 3298 5179 κινήσεις
3326 5111 3419 5162 καὶ
3463 5110 3529 5162 τὰ
3560 5111 3714 5177 λεγό-

2130 5203 2267 5255 μενα
2316 5190 2770 5262 παραγγέλματα,
2804 5196 2891 5249 ἵνα
2942 5201 3331 5272 προγυμνάζῃς
3380 5201 3475 5252 καὶ
3515 5202 3572 5252 ἐν
3593 5199 3715 5252 τού-

2122 5296 2234 5346 τοις
2285 5285 2345 5337 τὸ
2376 5288 2710 5359 στράτευμα,
2744 5292 2838 5344 καὶ
2898 5292 3175 5365 διεγείρῃς
3218 5295 3416 5357 αὐτοὺς
3474 5297 3570 5348 καὶ
3625 5294 3713 5347 διὰ

1944 5411 2153 5467 NOTAE

510 5498 722 5574 (88-39)
759 5502 881 5574 ΚαὶΔ
918 5503 1059 5569 τοὺς
1108 5504 1449 5573 μείναντας.
1502 5505 1890 5574 Seribcbatur,
1923 5507 2018 5560 xui

437 5568 561 5630 τοὺς
604 5570 701 5639 μὲν
726 5572 939 5635 αὐτούς.

2213 5503 2323 5574 (90)
2370 5509 2953 5582 Συγγυμναζόμενον.
2988 5514 3377 5583 Scribebatur,
3437 5518 3712 5590 γυμναζόο

2182 5591 2309 5627 ενοι.

2182 5591 2237 5625 εν
2297 5614 2309 5627 .

2139 5591 2297 5707 l.29?)
2323 5647 2737 5714 Ἀπληκεύειν.
2770 5652 3144 5724 Scribebatttr,
3172 5658 3547 5716 ἀποκελεύειν.
