4080 6218
339 348 437 412 7-H

1428 368 1641 428 TACTI
1651 369 1762 427 CA.
1800 391 1870 403 -
1904 366 2405 431 CONSTITUTIO
2450 373 2582 435 VII.

3477 382 3581 443 ’7-ίὲ

340 469 514 535 λόγων
542 468 639 523 καὶ
678 467 745 522 δι’
780 466 958 539 ἔργων
988 471 1122 541 πρὸς
1164 473 1263 537 τὰς
1298 475 1601 544 πολεμικάς
1647 476 1918 546 μεθόδους.

2027 488 2471 545 unumquemque
2506 476 2731 533 militem
2768 488 2881 534 tum
2926 485 3182 553 equitem,
3210 494 3324 540 tum
3362 487 3597 556 peditem

339 560 497 616 Μετὰ
534 561 648 630 ’γάρ
690 560 788 632 τὴν
820 564 1128 633 γυμνασίαν
1176 565 1270 619 τοῦ
1318 566 1437 619 καθ’
1466 566 1563 619 ἕνα
1590 568 1919 637 στρατιώτου

339 652 508 717 πεζοῦ
562 655 657 708 καὶ
709 654 1075 726 κασαλλαρίου
1134 656 1217 710 δεῖ
1267 674 1326 710 σε
1354 659 1448 712 καὶ
1476 659 1705 712 ἕκαστον
1734 660 1921 730 τάγμα

339 744 458 813 ἤτοι
490 742 676 811 βάνδον
702 743 997 812 γυμνάζειν
1032 746 1143 814 (92)
1172 747 1295 800 καθ’
1327 748 1485 801 ἑαυτὸ
1518 749 1689 812 οὕτως
1728 766 1741 779 .

412 831 517 886 κθ’.
550 833 659 886 Τοῦ
715 833 905 902 βάνδου
944 835 1053 889 τῶν
1117 836 1495 909 καόαλλαρίων
1541 841 1649 893 ἀπὸ
1696 840 1805 894 τῶν
1832 841 1921 893 λε-

340 926 586 994 γομένων
620 925 790 979 άκιῶν
832 925 951 994 ἤτοι
1004 928 1226 998 ὁρδίνιυν
1267 931 1733 992 συνεστῶτοςοκαὶ
1794 951 1920 985 συν-

336 1017 683 1087 τεταγμένως
735 1019 1027 1088 ἱσταμένου
1065 1022 1435 1091 παραγγέλλει
1471 1024 1499 1076 ὁ
1541 1024 1830 1096 μανδάτωρ
1853 1026 1923 1080 τὰ

344 1110 818 1180 προστεταγμένα,
854 1109 963 1164 οἷον
990 1128 1005 1144 ο

412 1200 475 1253 λ’.
504 1201 671 1253 Ὅταν
732 1202 765 1269 ἡ
837 1201 1081 1272 συμϐολὴ
1155 1202 1402 1273 γένηται,
1442 1205 1627 1275 μηδεὶς
1708 1206 1917 1277 άφήσῃ,

345 1291 533 1360 μηδεὶς
605 1291 880 1361 προλάὸῃ,
937 1293 1041 1357 ἓως
1088 1294 1154 1347 ἂν
1203 1294 1397 1367 διώξῃς
1416 1296 1508 1349 τὸν
1538 1298 1745 1366 ἐχθρόν.
1797 1299 1922 1351 Ἐὰν

340 1379 505 1451 ικὸῇς
527 1381 636 1434 άπὸ
674 1383 771 1450 τῆς
798 1383 892 1435 τοῦ
926 1384 1175 1453 μετώπου
1207 1385 1381 1456 ὅψεως
1406 1427 1421 1452 ,
1484 1387 1647 1457 βλέπε
1695 1390 1754 1441 τὸ
1794 1390 1923 1459 βάν-

338 1472 447 1536 δον,
477 1472 640 1526 δίωκε
689 1473 763 1543 μὴ
788 1474 863 1537 ὡς
887 1474 1222 1547 στρατιώτης
1254 1478 1444 1543 δειλὸς,
1473 1479 1588 1532 ἀλλ’
1636 1480 1712 1544 ὡς
1762 1498 1924 1554 στραο

337 1562 538 1634 τιώτης
584 1565 865 1635 ἀνδρεῖος,
933 1567 1029 1621 καὶ
1084 1567 1158 1637 μὴ
1210 1570 1350 1622 κατὰ
1404 1571 1749 1640 παράκλησιν
1803 1572 1920 1641 (95)

339 1656 524 1728 ἐάσῃς,
564 1658 699 1727 μήτε
734 1657 877 1727 άλλῳ
906 1658 1114 1728 τρόπῳο
1146 1658 1403 1726 φύλαττε,
1447 1661 1771 1729 στρατιώτα,
1824 1663 1923 1733 τὴν

338 1747 488 1812 τάξιν
519 1762 632 1799 σου’
660 1747 893 1816 φύλαττε
922 1750 1013 1801 καὶ
1038 1750 1123 1813 σὺ,
1161 1749 1475 1822 βανδοιρόρε,
1520 1753 1647 1805 ὅταν
1675 1770 1919 1807 καταπο-

346 1838 610 1910 λεμήσῃς,
678 1839 763 1892 ἵνα
801 1840 1094 1911 ἀκολουθῇς
1160 1841 1238 1911 τῷ
1302 1842 1499 1913 ἐχθρῷ.
1536 1845 1594 1897 EE
1652 1844 1706 1897 δὲ
1748 1846 1915 1916 έκὸῇς

337 1932 439 1999 τὴν
514 1931 637 1999 ὄψιν
704 1932 801 2002 τῆς
848 1934 1206 2003 παραταγῆς.
1276 1934 1352 2005 μὴ
1414 1935 1616 2006 ἐλάσῃς
1681 1938 1917 2007 ἰσχυρῶς

339 2021 398 2073 ὲν
442 2020 519 2090 τῷ
569 2022 810 2093 κάμπῳ,
863 2024 949 2077 ἵνα
1015 2024 1091 2095 μὴ
1143 2027 1443 2097 σκορπίσῃς
1506 2028 1618 2098 (94)
1673 2027 1768 2098 τὴν
1818 2030 1915 2099 σὴν

339 2114 509 2177 τάξιν.
1408 2157 1415 2161 Α

410 2205 509 2259 λα’.
551 2206 616 2259 Ἠ
646 2207 701 2260 δὲ
732 2208 853 2262 καθ’
890 2209 1089 2279 ἑαυτὴν
1132 2211 1227 2263 τοῦ
1258 2212 1533 2282 τάγματος
1568 2213 1680 2283 (95)
1706 2229 1915 2283 γυμνα-

342 2298 431 2350 σία
462 2298 571 2351 τῶν
599 2300 978 2372 καόαλλαρίων
1018 2301 1180 2373 αὕτη,
1226 2303 1367 2357 ὥστε
1397 2308 1570 2358 κινεῖν
1615 2323 1914 2374 συντεταγ-

344 2389 518 2458 μένως
563 2389 637 2453 ὡς
677 2391 735 2443 ἐν
789 2397 1106 2464 παραταγῇ,
1147 2394 1179 2464 ἢ
1210 2396 1348 2463 μετά
1378 2395 1578 2466 δρόμου
1608 2397 1699 2449 ὲπί
1742 2416 1792 2450 τι
1822 2415 1916 2466 ση-

343 2480 513 2547 μεῖον,
556 2480 651 2532 καὶ
694 2479 866 2543 οὕτως
897 2481 1169 2538 ἵστασθαι.
1200 2485 1310 2537 Καὶ
1343 2485 1470 2538 ὅταν
1507 2485 1634 2557 θέλῃ
1670 2487 1912 2555 κινῆσαι,

342 2570 626 2639 σημαίνειν
684 2571 802 2625 δέον
854 2574 990 2646 μόνῃ
1040 2577 1105 2645 τῇ
1150 2578 1324 2646 φωνῇ,
1381 2576 1413 2647 ἢ
1463 2577 1541 2647 τῷ
1570 2577 1912 2650 βουκίνῳ,ἢ

236 2654 239 2655 ⁷
340 2662 564 2730 νεύματι
592 2662 925 2733 φλαμούλου,
959 2666 1054 2718 καὶ
1083 2665 1256 2730 οὕτως
1282 2671 1473 2721 κινεῖν.
1495 2670 1667 2722 Ὅταν
1693 2671 1749 2724 δὲ
1783 2671 1912 2743 θέλῃ

342 2755 553 2823 στῆναι,
621 2756 905 2826 σημαίνειν
945 2760 1013 2828 τῇ
1062 2762 1233 2829 φωνῇ,
1272 2760 1304 2830 ἢ
1340 2759 1419 2829 τῷ
1461 2761 1581 2831 ἤχῳ
1613 2761 1709 2814 τοῦ
1755 2779 1917 2815 σκου-

337 2847 550 2916 ταρίου,
585 2847 617 2917 ἢ
654 2852 717 2920 τῇ
773 2849 960 2921 τούσᾳ,
989 2852 1057 2920 ἢν
1090 2849 1185 2905 νῦν
1209 2852 1427 2920 λέγουσι
1461 2851 1727 2922 βούκινον,
1766 2855 1813 2927 ,ἢ
1850 2858 1914 2925 τῇ

336 2939 593 3009 ταυραίᾳο
633 2941 727 2993 καὶ
754 2939 892 3010 αὕτη
926 2942 1023 3011 μία
1056 2942 1287 3012 κίνησις.
1758 2932 1761 2937 ’

409 3024 505 3094 λβ’.
555 3027 746 3098 Ἑτέρα
787 3029 863 3094 δὲ,
895 3028 1038 3083 ὥστε
1077 3030 1168 3083 ίσα
1207 3033 1532 3103 περιπατεῖν
1579 3034 1638 3084 ὲν
1669 3034 1918 3103 ἀραιοτέ-

2025 566 2252 619 seorsim
2276 567 2607 631 exercueris,
2650 584 3093 644 unamquamque
3122 576 3282 630 etiam
3318 580 3597 636 cohortem

2024 655 2140 709 sive
2163 654 2399 710 bandum
2424 658 2715 726 separatim
2741 662 2902 717 etiam
2928 665 2995 718 ad
3028 666 3169 721 hunc
3198 667 3419 724 modum
3444 685 3602 726 exer-

2028 745 2177 800 cebis
2211 766 2224 799 :

2094 838 2184 893 29.
2212 838 2451 896 Cohorte
2482 843 2728 913 equitum
2754 860 2817 899 ex
2843 846 3131 903 ordinibus
3159 849 3273 905 sive
3302 854 3597 908 contuber-

2024 930 2130 985 niis
2157 930 2418 1000 disposite
2446 943 2500 988 et
2528 936 2776 990 ordinate
2809 938 3128 1001 constituta.
3162 942 3411 999 narrabit
3443 960 3599 1000 man-

2023 1020 2180 1076 dator
2206 1022 2469 1093 imperata
2498 1026 2604 1082 illis
2634 1027 2701 1082 ad
2735 1029 2879 1083 hunc
2906 1030 3124 1085 modum
3166 1045 3181 1085 :

2088 1192 2179 1247 50.
2208 1192 2310 1248 Ubi
2344 1194 2676 1251 conﬂictatio
2718 1206 2834 1262 est,
2872 1198 3056 1256 nullus
3098 1203 3378 1273 anticipet,
3413 1208 3599 1264 nullus

2025 1283 2224 1347 tradat,
2246 1284 2417 1340 donec
2444 1286 2630 1342 hostes
2655 1296 2778 1341 tuos
2800 1293 3170 1359 persequaris.
3205 1292 3263 1347 Si
3285 1305 3436 1351 extra
3463 1314 3599 1354 con-

2023 1382 2265 1443 spectum
2299 1374 2492 1432 frontis
2532 1378 2806 1433 excrcitus
2841 1379 3028 1447 iveris,
3060 1382 3269 1439 intuere
3309 1385 3363 1439 in
3400 1388 3599 1443 cohor-

2026 1473 2157 1530 tem,
2186 1481 2535 1537 persequere,
2571 1485 2679 1523 non
2708 1471 2865 1539 quasi
2896 1471 3147 1541 ignavus,
3186 1476 3278 1529 sed
3309 1480 3463 1546 quasi
3492 1479 3602 1535 for-

2025 1555 2095 1609 tis
2121 1556 2300 1618 miles,
2328 1572 2503 1627 neque
2534 1558 2695 1613 ullius
2726 1560 3123 1616 exhortationis
3147 1565 3341 1632 gratia,
3371 1577 3466 1623 aut
3492 1569 3600 1625 ulla

2024 1646 2130 1701 alia
2152 1647 2217 1702 de
2238 1662 2405 1702 causa
2428 1664 2627 1704 cesses.
2654 1651 2900 1715 Custodi,
2930 1652 3105 1718 miles,
3122 1655 3408 1711 stationem
3426 1667 3599 1713 tuam.

2023 1735 2261 1793 Observa
2290 1747 2369 1805 tu,
2406 1738 2651 1807 signifer,
2689 1741 2778 1795 ubi
2823 1741 3037 1795 hostem
3079 1749 3505 1814 expugnaveris,
3545 1758 3602 1803 ut

2022 1844 2146 1884 eum
2175 1830 2541 1899 persequaris.
2572 1831 2627 1885 Si
2661 1840 2816 1886 extra
2849 1841 3202 1903 conspectum
3229 1835 3368 1890 aciei
3398 1837 3601 1893 disces-

2024 1921 2181 1987 seris,
2213 1937 2280 1975 ne
2302 1923 2653 1977 vehementer
2678 1923 2732 1978 in
2760 1938 2955 1994 campo
2986 1938 3198 1991 curras,
3232 1933 3293 1981 ut
3326 1940 3395 1982 ne
3424 1928 3602 1984 aciem

2023 2027 2172 2071 tuam
2209 2016 2462 2086 dissipes.

2092 2212 2180 2267 3t.
2215 2211 2471 2267 Cohortis
2497 2212 2741 2279 equitum
2775 2211 3097 2266 exercitatio
3124 2225 3223 2280 per
3251 2226 3309 2267 se
3339 2213 3462 2269 talis
3496 2224 3601 2280 est,

2024 2311 2082 2356 ut
2109 2301 2359 2357 ordinate
2397 2317 2456 2357 se
2487 2303 2642 2373 quasi
2684 2302 2736 2356 in
2772 2302 2889 2356 acie
2930 2314 3179 2372 moveat,
3224 2306 3307 2359 vel
3340 2321 3503 2361 cursu
3534 2306 3602 2359 ad

2024 2390 2241 2461 aliquod
2293 2391 2506 2461 signum
2560 2393 2882 2458 contendat,
2937 2402 2992 2448 et
3049 2396 3119 2450 ibi
3180 2397 3493 2453 consistat:
3549 2405 3603 2451 et

2023 2482 2241 2552 quando
2270 2483 2415 2537 ciere
2446 2483 2726 2539 cohortem
2768 2486 2870 2550 vis,
2906 2500 3063 2554 voce,
3097 2489 3182 2542 vel
3227 2488 3477 2549 buccina,
3516 2488 3600 2541 vel

2026 2583 2157 2628 nutu
2188 2574 2391 2629 ﬂamuli
2417 2576 2727 2645 signiﬁcare
2748 2586 2980 2646 oportet,
3007 2588 3060 2633 et
3081 2581 3159 2634 sic
3183 2581 3342 2634 cieto.
3371 2578 3604 2645 Quando

2024 2676 2204 2719 autem
2233 2680 2329 2720 eos
2364 2667 2667 2721 consistere
2704 2668 2817 2732 vis,
2848 2670 2933 2722 vel
2967 2685 3102 2724 voce
3133 2671 3240 2726 illis
3269 2671 3602 2739 signiﬁcato,

2026 2758 2119 2811 Sta
2153 2775 2165 2810 :
2202 2758 2285 2812 vel
2323 2757 2463 2812 scuti
2500 2758 2756 2825 stridore,
2794 2760 2878 2815 vel
2919 2769 3142 2815 tauraea.
3191 2760 3256 2815 Et
3284 2762 3389 2817 hoc
3432 2776 3602 2815 unum

2026 2849 2275 2904 movendi
2308 2863 2480 2918 genus
2513 2860 2617 2904 est.

2095 3028 2184 3082 '52.
2218 3026 2376 3082 Aliud
2409 3028 2660 3082 movendi
2690 3044 2861 3098 genus
2892 3038 2994 3092 est,
3024 3040 3082 3084 ut
3114 3031 3453 3100 aaquabiliter
3477 3047 3602 3101 pro-

343 3133 457 3185 ροις
483 3117 696 3187 πρῶτον
725 3118 1076 3191 διαστήμασι,
1109 3122 1204 3175 καὶ
1248 3122 1640 3194 παραγγέλλει*
1687 3124 1777 3189 Ἐξ
1803 3125 1918 3178 ῐσου

2026 3119 2250 3185 cedant,
2292 3119 2418 3173 laxo
2461 3118 2699 3189 quodam
2743 3120 3000 3189 disjuncti
3047 3121 3364 3187 intervallo,
3396 3133 3450 3178 et
3489 3132 3602 3177 tum

341 3213 713 3279 περιπατεῖτε.

410 3301 510 3368 λγθ.
564 3304 753 3376 Ἑτέρα
804 3306 881 3371 δὲ,
935 3308 1074 3362 ὥστε
1127 3312 1616 3381 σφι-(γεσθαικατά
1651 3311 1919 3383 πλευρὰν.

343 3391 577 3460 μάλιστα
620 3396 962 3465 πρεπόντως.
1036 3399 1270 3470 Ὁμοίως
1321 3403 1378 3456 δὲ
1428 3402 1753 3472 σφίγγεσθαι
1802 3398 1924 3456 κατ’

339 3483 524 3551 οὐράν.
565 3485 637 3537 Τὸ
689 3487 746 3539 δὲ
787 3489 1109 3556 σφίγγεσθαί
1160 3493 1306 3545 ἐστιν
1344 3492 1403 3545 τὸ
1436 3492 1795 3557 πυκνοῦσθαι,
1828 3493 1915 3546 ἵνα

341 3575 432 3628 καὶ
456 3576 596 3629 κατὰ
627 3577 868 3649 πλευράς
899 3581 996 3634 καὶ
1021 3582 1163 3635 κατὰ
1184 3576 1336 3652 ὦμον
1363 3583 1611 3653 ἀλλήλοις
1641 3584 1921 3653 έγγίζωσι.

341 3668 718 3738 Παραγγέλλει
760 3672 816 3724 δὲ
848 3713 863 3737 ,
912 3674 1070 3727 Κατὰ
1119 3674 1356 3746 πλευράν
1418 3676 1635 3746 σφίγγε,
1679 3676 1925 3730 τουτέστι

338 3763 599 3833 δεκάρχαι
644 3765 781 3836 πρὸς
833 3766 1125 3838 δεκάρχας,
1185 3768 1487 3839 πεντάρχαι
1530 3769 1666 3841 πρὸς
1695 3768 1925 3839 πεντάρο

341 3873 462 3925 χας,
520 3858 816 3929 τετράρχαι
860 3860 997 3929 πρὸς
1040 3861 1370 3932 τετράρχας.
1432 3862 1544 3916 Καὶ
1585 3861 1925 3930 σφίγγωνται

342 3947 563 4011 πάντες,
594 3948 669 4012 ὡς
696 3951 930 4022 εἴρηται,
957 3951 1165 4024 πλευρὰ
1212 3953 1347 4024 πρὸς
1388 3953 1628 4023 πλευρὰν
1680 3952 1925 4021 ἐγγίζον⁴

341 4051 452 4099 τες.
512 4039 625 4091 Οὐκ
681 4039 927 4104 ἐπιθενδς
1000 4041 1057 4095 δὲ
1126 4042 1325 4113 μέρους
1382 4045 1737 4113 σφίγγονται,
1810 4043 1924 4096 ἀλλ’

344 4127 436 4179 ἐπὶ
489 4128 578 4183 τὸν
640 4130 803 4200 μέσον
850 4134 1033 4199 τόπον,
1110 4134 1354 4188 τουτέστι
1430 4137 1520 4189 τὸν
1578 4136 1924 4207 βανδοςρόρον,

342 4219 480 4272 ὥστε
531 4220 679 4275 ἔνθεν
744 4224 996 4278 κάκεῖθεν
1067 4226 1233 4280 αὐτοῦ
1315 4228 1581 4295 γίνεσθαι.
1637 4229 1926 4299 Συντόμως

343 4313 448 4384 γάρ
513 4314 605 4368 καὶ
662 4316 935 4379 εὐτάκτως
1001 4320 1033 4388 ή
1098 4319 1320 4389 τοιαύτη
1404 4320 1614 4389 γίνεται
1687 4319 1920 4388 σφίγξις.

2025 3210 2259 3281 praecipe
2293 3210 2376 3264 his
2409 3210 2591 3265 verbis
2618 3225 2631 3264 :
2666 3208 3031 3280 )Equahiliter
3058 3213 3352 3281 procedite.

2096 3302 2184 3357 55.
2228 3301 2384 3355 Aliud
2415 3317 2585 3371 genus
2621 3310 2740 3365 est,
2784 3310 2843 3355 ut
2873 3302 2937 3355 ad
2979 3302 3119 3356 latus
3149 3302 3344 3357 idonee
3370 3302 3602 3357 densen-

2027 3402 2136 3455 tur,
2162 3402 2217 3446 et
2243 3390 2311 3445 ad
2336 3393 2566 3447 caudam
2594 3391 2845 3446 similiter
2889 3392 3205 3447 densentur.
3236 3392 3349 3448 Hoc
3379 3395 3602 3448 verbum

2029 3484 2376 3552 σφίγγεσθαι,
2408 3484 2461 3538 id
2482 3492 2587 3545 est,
2613 3482 2854 3545 densari.
2884 3483 3154 3552 signiﬁcat
3181 3484 3300 3555 cogi
3334 3485 3387 3539 in
3411 3500 3603 3550 unum,

2024 3574 2109 3629 vel
2158 3575 2417 3629 lateribus
2488 3582 2648 3642 atque
2706 3574 2949 3629 humeris
2990 3589 3157 3644 prope
3199 3576 3265 3629 ad
3316 3590 3373 3630 se
3417 3584 3603 3630 mutuo

2027 3666 2310 3722 accedant.
2347 3665 2587 3733 Przecipe
2616 3676 2674 3719 ut
2708 3665 2772 3718 ad
2802 3665 2949 3719 latus
2976 3680 3034 3720 se
3067 3665 3296 3720 densent
3315 3667 3506 3721 decani
3538 3667 3603 3720 ad

2028 3758 2286 3821 decanos,
2312 3756 2562 3826 quintani
2593 3754 2660 3809 ad
2691 3755 3008 3824 quintanos,
3047 3757 3300 3825 quartani
3332 3757 3397 3812 ad
3436 3773 3608 3827 quar-

2028 3862 2218 3914 tanos,
2262 3859 2319 3905 et
2358 3849 2656 3904 densentur
2698 3863 2919 3910 omnes,
2955 3856 3015 3902 ut
3043 3847 3246 3902 dictum
3276 3857 3391 3913 est,
3437 3849 3604 3903 latera

2028 3942 2292 3998 lateribus
2348 3940 2752 4009 adjungeutes:
2793 3953 2972 4008 neque
3026 3941 3078 3992 in
3125 3939 3353 3993 alteram
3402 3949 3604 4008 partem
3678 3954 3687 3963 ν

2027 4036 2258 4091 densent
2281 4047 2339 4087 se
2361 4032 2425 4087 ad
2450 4030 2690 4085 medium
2723 4037 3005 4095 statorem,
3054 4029 3106 4083 id
3135 4039 3238 4095 est,
3266 4029 3604 4099 signiferum.

2031 4136 2090 4183 ut
2124 4127 2252 4183 hinc
2281 4134 2446 4196 atque
2482 4122 2629 4177 illinc
2664 4123 2713 4177 ei
2745 4123 3113 4193 adjungantur
3147 4138 3161 4176 :
3196 4123 3433 4178 breviter
3463 4125 3604 4178 enim

2028 4228 2084 4275 et
2108 4218 2356 4275 ordinate
2390 4214 2513 4271 talis
2540 4214 2793 4268 densatio
2817 4213 2896 4266 tit.
2923 4213 3395 4279 Quemadmodum
3424 4224 3603 4267 autem

2029 4308 2220 4366 decani
2255 4307 2533 4377 aequaliter
2561 4319 2619 4359 se
2650 4304 2703 4357 in
2734 4302 2912 4356 l‘rnnte
2936 4302 3281 4357 contubernii
3313 4303 3597 4369 collocant.

344 4400 553 4470 Ὥσπερ
601 4403 658 4456 δὲ
706 4405 755 4457 oi
797 4405 1061 4478 δεκάρχαι
1120 4408 1395 4462 οίσοῦνται
1442 4409 1551 4478 (96)
1595 4412 1652 4463 ὲν
1677 4410 1920 4480 ἀλλήλοις

2031 4402 2109 4458 sic
2130 4409 2184 4455 et
2204 4408 2505 4469 quartanos
2528 4396 2642 4451 sive
2675 4393 2954 4449 eaudanos
2984 4393 3267 4462 aequaliter
3292 4408 3350 4447 se
3381 4408 3410 4446 a
3434 4393 3603 4447 cauda

343 4497 484 4550 κατὰ
519 4500 789 4568 μέτωπον,
824 4501 998 4566 οὕτως
1053 4504 1251 4573 πρέπει
1302 4505 1395 4558 καὶ
1440 4507 1566 4567 τοὺς
1599 4506 1920 4577 τετράρχας

2036 4490 2377 4548 contubernii
2418 4487 2750 4543 constituere
2783 4491 3035 4554 oportet:
3070 4483 3177 4539 illis
3210 4484 3356 4538 enim
3416 4484 3606 4538 ordine

314 4590 507 4673 iﬁgow
564 4593 690 4656 τοὺς
749 4594 1037 4664 οὐραγοὺς,
1073 4595 1315 4649 ἰσοῦσθαι
1342 4612 1397 4648 τε
1447 4596 1612 4668 [τοὺς]
1640 4597 1813 4650 ὀπίσω
1843 4597 1920 4650 τοί

2034 4594 2084 4640 et
2116 4583 2376 4651 disposite
2403 4578 2705 4643 collocatis,
2737 4578 2780 4631 si
2814 4577 2951 4630 inter
2982 4575 3379 4647 conﬂigendum
3401 4576 3600 4645 priores

340 4680 575 4749 ὀρδίνου.
629 4685 819 4738 Αὐτῶν
854 4688 963 4758 γὰρ
1010 4688 1391 4758 σφιγγομένων
1436 4666 1784 4758 κατὰλόγον,
1828 4690 1920 4744 κᾶκ

2033 4677 2318 4733 stationem
2359 4686 2514 4727 suam
2550 4670 2914 4730 deseruerint,
2947 4669 3305 4739 prohibentur
3334 4678 3514 4723 tamen
3538 4666 3606 4721 ab

342 4771 814 4846 λιποτακτήσωσιν
885 4781 944 4831 ὲν
1012 4782 1131 4843 ταῖς
1199 4782 1497 4850 συμϐολαῖς
1587 4784 1635 4834 οἱ
1715 4782 1920 4852 έμττρο⁴

2033 4770 2137 4823 illis
2166 4761 2509 4835 tergiversari
2534 4770 2625 4817 aut
2653 4760 2947 4816 rctrol‘erri.

349 4864 493 4929 σθεν,
542 4867 839 4921 κωλύονται
887 4870 979 4923 ὑπ’
1025 4871 1206 4924 αὐτῶν
1258 4875 1336 4933 είς
1399 4872 1465 4925 τὰ
1518 4872 1695 4925 ὀπίσω
1739 4873 1937 4943 τρέπε·

349 4957 488 5015 σθαι.

415 5053 507 5108 λδν.
560 5053 750 5124 Ἑτέρα
782 5054 856 5119 δὲ,
893 5055 1020 5108 ὅταν
1075 5055 1411 5125 σφίγγωνται
1453 5056 1546 5108 καὶ
1578 5055 1697 5107 κατ’
1736 5054 1922 5123 οὐράν.

347 5146 417 5199 Οὐ
445 5147 553 5217 γὰρ
590 5149 747 5217 μόνον
794 5149 855 5201 τὸ
894 5148 1092 5212 πλάτος
1121 5150 1220 5218 τῆς
1248 5148 1574 5219 παραταγῆς
1607 5148 1723 5201 δέον
1764 5150 1925 5215 σφίγ-

350 5237 557 5306 γεσθαι,
614 5239 751 5294 ἀλλὰ
793 5241 882 5294 καὶ
924 5241 985 5293 τὸ
1031 5242 1204 5311 πάχος
1238 5241 1431 5309 αὐτῆς,
1475 5239 1735 5302 πολλάκις
1759 5239 1921 5308 ἀλλή-

350 5337 457 5391 Λοις
494 5327 635 5382 κατὰ
672 5330 797 5392 τοὺς
824 5328 1005 5401 ὤμους
1045 5328 1376 5397 ἐγγίζοντες.

2104 5038 2192 5092 3i.
2230 5036 2386 5091 Aliud
2417 5050 2587 5107 genus
2622 5042 2727 5097 est,
2760 5032 2976 5102 quando
3019 5032 3071 5085 in
3108 5032 3362 5100 caudam,
3406 5031 3458 5087 id
3498 5042 3600 5094 est.

2034 5138 2334 5183 extremam
2366 5136 2573 5196 partem
2595 5125 2931 5178 densantur:
2964 5139 3068 5177 non
3093 5124 3256 5179 modo
3279 5126 3423 5180 enim
3457 5128 3599 5196 quod

2030 5221 2095 5275 ad
2122 5219 2461 5275 latitudinem
2503 5215 2735 5286 pertinet
2774 5214 2991 5269 densari
3021 5215 3164 5270 acies
3203 5216 3381 5283 debet,
3416 5234 3599 5271 verum

2027 5312 2380 5382 etiarn‘,‘quod
2419 5309 2485 5364 ad
2515 5307 2857 5362 altitudinem
2893 5315 3131 5376 spectat,
3176 5324 3319 5379 saepe
3357 5310 3599 5366 humeris

2030 5406 2160 5476 ipsis
2190 5405 2335 5458 inter
2356 5416 2415 5457 se
2446 5397 2735 5467 adjunctis.

1854 5522 2085 5579 mm.
2105 5612 2215 5688 (ἓξ)
2234 5608 2597 5688 ἐπερείσῃς·
2638 5603 3013 5688 δεείδφεευτυ
3051 5608 3355 5688 metm:

2239 5674 2681 5759 Tqb'zfiwmrog.
2709 5674 3081 5759 scribebatur,
3115 5674 3223 5731 τού
3249 5674 3593 5753 πράγματος.

2096 5748 2206 5812 (963
2240 5751 2577 5805 Οίσοῦνται.
2614 5748 2825 5809 Scribe,
2852 5748 3106 5800 ἱσοῡνται.

419 5622 530 5691 (9‘2)
577 5614 1318 5691 l‘vyrgié’strﬁcribebatur,
1349 5616 1642 5691 γύμναζον.

419 5687 529 5815 (εξ)
560 5687 678 5746 Καί
694 5688 780 5760 μὴ
818 5691 969 5747 κατὰ
1004 5687 1408 5758 παράκλησιν.
1429 5687 1803 5752 Scribebatur,
1832 5687 1925 5739 καὶ

353 5777 452 5832 μετ
519 5779 578 5817 π.
