4100 6226
510 351 624 418 ’143

1780 351 2055 414 LEONIS
2091 352 2553 416 PHILOSOPHI

3662 354 3768 418 744

588 459 680 514 55.
718 453 875 509 Aliud
913 468 1085 523 genus
1127 462 1241 519 est,
1274 463 1332 508 ut
1358 464 1479 524 post
1524 456 1817 525 perlectam
1845 459 1909 513 ad
1944 460 2084 514 latus

2263 459 2357 516 λε’.
2408 461 2601 530 Ἑτέρα
2648 459 2703 513 δὲ
2751 459 2983 529 κίνησις,
3040 458 3182 513 ὥστε
3239 462 3377 531 με·τὰ
3437 461 3535 533 τὴν
3568 463 3775 538 ἀκριϐῆ

517 547 913 606 densationem,
942 545 1021 598 sic
1053 544 1265 598 densati
1301 545 1578 601 ambulent
1609 566 1622 602 :
1658 557 1712 602 et
1743 551 1962 617 quando
1994 565 2082 605 sa-

517 637 665 706 gittae
692 633 884 702 conjici
913 632 1196 701 incipiunt,
1223 641 1333 685 tum
1360 634 1589 704 praecipe
1616 635 1878 702 Πάταξον,
1903 636 1953 690 id
1977 645 2081 701 est,

518 727 640 780 Feri
671 743 684 779 :
715 722 936 779 decanis
998 732 1050 777 et
1081 723 1359 792 quintanis
1396 724 1447 777 in
1478 726 1779 781 anteriores
1802 736 1981 796 partes
2002 728 2086 781 in-

516 814 867 877 clinantibus,
891 820 945 865 et
977 827 1073 866 sua
1107 814 1347 881 ipsorum
1383 815 1560 883 capita
1594 831 1717 869 cum
1742 816 1909 872 scutis
1943 816 2081 882 suis,

513 914 672 973 atque
700 917 962 972 equorum
998 903 1136 957 colla
1173 904 1353 973 aliqua
1382 921 1446 958 ex
1482 916 1631 974 parte
1671 907 1995 977 tegentibus,
2031 918 2086 962 et

515 998 701 1050 hastas
727 994 969 1049 humeris
999 995 1357 1065 gestantibus,
1389 997 1562 1052 scutis
1581 998 1743 1053 etiam
1770 1006 1938 1053 tectas
1969 1000 2084 1055 suis

513 1086 815 1156 procedant
844 1084 1115 1149 ordinate,
1148 1101 1271 1140 cum
1309 1088 1563 1156 tripudio,
1591 1090 1639 1143 id
1680 1100 1784 1155 est,
1825 1090 2083 1146 mediocri

513 1175 746 1244 quodam
767 1184 936 1240 motu,
960 1174 1052 1245 qui
1073 1176 1228 1245 calpa
1255 1175 1453 1231 dicitur
1474 1198 1488 1233 :
1513 1194 1610 1233 nec
1639 1179 1941 1249 impetuose
1961 1196 2084 1236 cur-

513 1274 655 1330 rant,
686 1280 753 1320 ne
782 1267 1149 1322 contentionis
1175 1267 1449 1325 celeritate
1474 1280 1599 1325 ante
1632 1286 1828 1327 manus
1856 1287 2083 1328 conser-

515 1368 617 1421 tas,
655 1357 796 1426 quod
826 1358 981 1412 valde
1015 1359 1380 1427 periculosum
1409 1370 1510 1423 est,
1543 1364 1887 1431 perturbetur
1916 1365 2081 1431 acies,

513 1448 809 1516 sagittariis
835 1449 1077 1515 interim,
1104 1451 1199 1521 qui
1230 1465 1259 1504 a
1286 1459 1439 1523 tergo
1479 1452 1694 1509 illorum
1728 1466 1875 1523 sunt,
1912 1457 2083 1527 sagit-

517 1547 602 1594 tas
627 1540 978 1609 jacientibus.

586 1720 675 1777 36.
710 1720 868 1777 Aliud
907 1738 1076 1793 genus
1098 1734 1203 1788 est,
1237 1734 1297 1779 ut
1333 1725 1937 1781 incursioneinterdum
1964 1742 2085 1796 per-

2192 552 2469 605 πύκνωσιν
2528 551 2628 621 τῆς
2706 550 2845 605 κατὰ
2904 551 3145 623 πλευρὰν
3208 553 3445 622 μάλιστα
3500 554 3776 623 σφίγξεως

2191 642 2654 713 πεπυκνωμένους
2715 644 3060 712 περιπατεῖν,
3099 644 3227 697 ὅταν
3268 644 3300 714 ἡ
3332 644 3516 710 τοξεὶα
3546 646 3775 717 ἄρχεται

2190 734 2454 803 γίνεσθαι,
2512 735 2606 788 κα)⁸
2667 734 3057 804 παραγγέλλει,
3113 735 3379 800 Πάταξον,
3440 738 3530 791 καὶ
3561 740 3779 794 ἐπικλι-

2194 823 2369 892 μένων
2420 823 2528 876 τῶν
2578 823 2858 893 δεκαρχῶν
2909 824 3003 876 καὶ
3070 823 3388 896 πενταρχῶν
3437 826 3529 879 ἐπὶ
3577 828 3648 881 τὰ
3677 828 3779 899 ἔμ-

2190 915 2446 985 προσθεν,
2496 915 2591 969 καὶ
2652 916 2961 969 σκεπόντων
3018 919 3117 980 τὰς
3168 917 3377 971 ἑαυτῶν
3407 919 3651 988 κεφαλὰς
3678 921 3777 973 καὶ

2193 1007 2357 1077 μέρος
2386 1007 2494 1061 τῶν
2534 1008 2823 1077 τραχήλων
2852 1008 2960 1061 τῶν
2993 1009 3174 1061 ἵππων
3221 1011 3362 1080 μετὰ
3403 1011 3515 1063 τῶν
3545 1029 3776 1066 σκουτα-

2195 1098 2323 1167 ρίων
2403 1097 2600 1162 αὐτῶν,
2667 1098 2759 1150 καὶ
2835 1097 2904 1151 τὰ
2961 1099 3221 1170 κοντάρια
3282 1101 3773 1166 ἀναόασταζόντων

2191 1187 2284 1239 ἐπὶ
2348 1186 2473 1247 τοὺς
2531 1183 2712 1255 ὤμους
2765 1184 2862 1238 καὶ
2921 1186 3423 1256 ύποκρυπτομένων
3478 1188 3615 1257 μετὰ
3662 1189 3772 1242 τῶν

2195 1275 2531 1346 σκουταρίων
2592 1274 2909 1329 ἐπελαύνειν
2980 1275 3258 1338 εὐτάκτως
3327 1278 3568 1347 τριπόδῳ
3625 1279 3771 1350 μόνῳ

2191 1372 2357 1440 ἥγουν
2390 1370 2648 1439 κινήματι
2694 1368 2993 1439 συμμέτρῳ
3014 1368 3092 1437 τῷ
3120 1370 3400 1441 λεγομένῳ
3430 1370 3637 1437 κάλπα,
3674 1375 3772 1427 καὶ

2195 1462 2269 1529 μὴ
2306 1461 2492 1529 βιαίως
2537 1460 2774 1530 τρέχειν,
2812 1461 2900 1514 ἵνα
2954 1462 3030 1531 μὴ
3071 1464 3137 1532 τῇ
3168 1462 3389 1531 ὀξύτητι
3422 1464 3525 1533 τῆς
3548 1464 3773 1530 ἐλασιας

2190 1554 2411 1624 διαλυθῇ
2442 1555 2475 1624 ἡ
2504 1552 2655 1618 τάξις
2684 1553 2786 1623 πρὸ
2812 1554 3009 1624 μίξεως
3042 1554 3261 1625 χειρῶν,
3292 1555 3429 1625 ὅπερ
3459 1556 3606 1609 ἐστὶν
3650 1558 3775 1609 ὲπι-

2192 1645 2452 1709 κίνδυνον,
2483 1647 2606 1708 τοὺς
2635 1645 2691 1697 δὲ
2721 1645 2942 1699 ὄπισθεν
2971 1647 3087 1699 ὅσοι
3116 1646 3327 1710 τοξόται
3350 1646 3456 1699 εἰσὶ
3509 1645 3771 1712 τοξεύειν.

2262 1735 2369 1800 λς’.
2418 1736 2696 1806 Ἐτέραβὲ
2746 1735 2978 1804 κίνησις,
3022 1736 3162 1789 ὥστε
3199 1736 3508 1790 ἐπιδιώκειν
3536 1738 3625 1791 ὁτὲ
3672 1738 3777 1808 μὲν

514 1820 814 1881 sequantur
836 1814 992 1882 quasi
1025 1830 1298 1882 cursores,
1331 1831 1471 1885 quos
1493 1830 1637 1869 nunc
1659 1816 1955 1884 proclastas
1984 1830 2084 1870 no-

2192 1831 2283 1882 σὺν
2310 1829 2519 1899 ὲλασίᾳ,
2576 1830 2651 1892 ὡς
2696 1828 3035 1901 κούρσωρας,
3062 1829 3157 1892 οὓς
3196 1831 3245 1883 oi
3293 1829 3388 1883 νῦν
3419 1830 3775 1901 προκλάστας

513 1903 767 1957 minant:
809 1904 1075 1961 interdum
1129 1908 1379 1962 ordinate
1431 1916 1488 1961 ut
1540 1907 1886 1974 defensores,
1945 1923 2084 1978 quos

2192 1922 2475 1989 λέγουσιν,
2524 1921 2612 1975 ὁτὲ
2662 1922 2720 1975 δὲ
2782 1922 3229 1991 συντεταγμένους
3307 1921 3384 1985 ὡς
3474 1921 3779 1991 διαφένσω-

515 2006 661 2046 nunc
696 1994 935 2051 vindices
974 1998 1351 2066 appellamus:
1390 2008 1443 2053 et
1487 2000 1531 2053 si
1572 2002 1728 2069 quasi
1769 2006 2084 2061 cursoribus

2192 2030 2287 2081 ρας
2340 2012 2472 2083 (97),
2521 2011 2616 2076 οὓς
2652 2013 2814 2081 ἡμεῖς
2844 2011 3121 2081 καλοῦμεν
3150 2010 3419 2074 ἐκδίκους.
3448 2012 3558 2065 Καὶ
3592 2014 3641 2064 εί
3674 2012 3778 2082 μὲν

512 2083 805 2153 praecipere
828 2096 1058 2153 oportet,
1095 2089 1381 2144 dicendum
1410 2100 1515 2155 est,
1542 2093 1737 2164 Δρόμῳ
1760 2094 1872 2160 ἔλα,
1905 2096 1953 2150 id
1978 2106 2081 2162 est,

511 2172 689 2229 Cursu
716 2178 999 2243 centende,
1025 2187 1077 2233 et
1100 2180 1259 2235 unius
1281 2181 1526 2237 milliaris
1554 2185 1788 2253 spatium
1815 2186 2085 2243 incursio-

511 2278 633 2317 nem
666 2264 803 2319 hanc
834 2266 1057 2323 faciant.
1089 2268 1184 2324 Sin
1218 2272 1373 2341 quasi
1398 2271 1737 2335 defensores.
1763 2278 2085 2346 praecipien-

509 2355 639 2411 dum
674 2368 757 2413 est
796 2358 898 2414 hoc
932 2360 1112 2426 modo,
1142 2362 1294 2416 Μετὰ
1323 2364 1422 2434 τῆς
1451 2364 1656 2429 τάξεως
1686 2367 1988 2433 ἀκολούθει,
2031 2371 2085 2425 id

508 2452 612 2509 est,
642 2446 777 2501 Cum
816 2447 933 2503 acie
974 2451 1272 2520 procedito,
1316 2463 1369 2506 et
1398 2453 1644 2509 ordinate
1698 2457 2086 2523 aeLdistribute

509 2536 828 2608 procedant.

578 2626 669 2680 37.
697 2626 856 2679 Aliud
891 2641 1061 2696 genus
1089 2638 1192 2694 est,
1230 2638 1286 2684 nt.
1323 2634 1663 2689 retrocedant
1699 2637 2003 2705 paululum,
2032 2649 2087 2695 et

510 2729 704 2769 rursus
748 2726 1171 2773 convertantur:
1204 2728 1258 2773 et
1306 2723 1525 2789 quando
1568 2722 1689 2781 illos
1740 2729 2087 2786 retrocedere

510 2804 659 2869 vult,
699 2819 893 2859 cursor
927 2806 1145 2874 clamet,
1175 2810 1356 2864 Τύπτε
1405 2815 1495 2867 καὶ
1546 2817 1837 2890 ὑποχώρει,
1877 2820 1998 2879 Feri
2031 2836 2087 2880 et

511 2898 813 2953 retrocedc.
859 2899 961 2955 Ubi
1003 2911 1183 2957 autem
1226 2909 1639 2965 retrocesserint
1668 2912 1735 2967 ad
1768 2930 1960 2982 unum,
1992 2927 2086 2973 aut

511 2988 744 3043 alterum
784 2991 996 3061 sagiltze
1029 2992 1254 3060 iactum,
1289 2996 1604 3056 defensores
1634 3019 1824 3061 rursus
1854 3009 2085 3078 appellet

512 3076 595 3129 his
633 3076 811 3132 verbis
836 3098 848 3132 :
875 3080 1140 3150 Στράφου,
1159 3081 1274 3147 ἔλα,
1305 3084 1353 3137 id
1382 3096 1483 3151 est,
1503 3085 1685 3156 Verte,
1710 3076 2008 3151 contende:
2033 3106 2084 3152 et

511 3168 796 3223 confestim
837 3187 1029 3227 rursus
1063 3183 1273 3229 vertent
1308 3191 1367 3231 se
1389 3186 1585 3235 contra
1626 3183 1831 3241 hostes.
1862 3187 1975 3243 Hoc
2000 3188 2083 3243 fa-

510 3263 659 3317 ciant
701 3276 807 3315 non
840 3264 1001 3317 modo
1027 3277 1359 3330 antrorsum,
1389 3269 1483 3323 sed
1517 3272 1678 3327 etiam
1713 3275 2079 3345 dextrorsum,

510 3352 822 3419 laevorsum,
862 3370 1193 3425 rursumque
1230 3357 1295 3410 ad
1332 3362 1629 3418 secundam
1661 3367 1831 3422 aciem
1867 3388 1880 3425 :
1912 3386 2086 3440 neque

511 3446 567 3500 in
596 3447 711 3516 ipsa
737 3447 1006 3509 versione.
1037 3450 1131 3505 sed
1160 3451 1324 3505 etiam
1358 3453 1639 3512 intervallo
1663 3460 1946 3532 interiecto
1966 3480 2087 3519 ver-

510 3544 628 3591 tant
654 3550 714 3591 se
749 3548 980 3607 saepe,et
1011 3540 1343 3611 δρουγγιστι,
1363 3545 1415 3601 id
1444 3554 1545 3610 est,
1576 3549 1833 3606 universo
1872 3556 2088 3624 agmine

512 3627 657 3685 facto
685 3631 1021 3687 contendant
1047 3646 1234 3690 contra
1268 3636 1473 3693 hostes.
1508 3638 1650 3695 luter
1679 3644 2084 3702 exercitandum

512 3722 700 3779 hastas
723 3725 872 3794 ipsas
896 3726 948 3780 in
971 3727 1138 3782 altum
1163 3730 1428 3795 sublatas,
1461 3748 1569 3787 non
1598 3734 1650 3787 in
1683 3734 1824 3792 latus
1839 3738 2088 3809 obliqua-

511 3823 596 3868 tas
626 3814 825 3870 habere
857 3826 1090 3886 oportet,
1132 3834 1198 3874 ne
1250 3823 1374 3890 equi
1405 3822 1458 3876 in
1489 3824 1873 3884 exercitatione
1906 3830 2011 3886 hac
2035 3842 2088 3887 et

512 3905 861 3961 contentione
888 3908 1276 3976 impediantur.

583 3995 673 4049 58.
696 3995 855 4051 Aliud
892 4013 1066 4067 genus
1102 4011 1223 4065 est,
1262 4010 1320 4056 ut
1362 4002 1612 4061 ordinate
1661 4024 1718 4064 se
1766 4010 1820 4065 in
1867 4012 2084 4078 laevam,

512 4094 609 4140 aut
658 4086 903 4141 dextram
951 4091 1323 4155 transferant,
1384 4097 1527 4163 quod
1577 4097 1833 4155 Iateranis
1877 4112 1929 4156 et
1967 4120 2088 4158 cor-

513 4179 796 4235 nistitibus
826 4190 1215 4252 opportunum,
1251 4188 1598 4243 commodum
1631 4201 1728 4254 est,
1768 4193 1816 4247 id
1858 4204 1962 4260 est,
1998 4197 2084 4265 iis,

509 4273 605 4345 qui
637 4274 703 4329 ad
733 4274 1238 4333 circumveniendos
1296 4288 1349 4334 et
1378 4279 1885 4341 circumcludendos
1906 4288 2091 4346 hostes

510 4366 790 4421 constituti
825 4377 973 4422 sunt.
1009 4367 1074 4422 Et
1106 4370 1151 4427 si
1186 4370 1237 4425 in
1264 4371 1511 4427 dextram
1562 4386 1767 4444 partem
1804 4380 2090 4438 traducere

2185 2103 2261 2165 ὡς
2319 2103 2637 2173 κούρσωρας
2697 2103 2801 2174 χρὴ
2866 2106 3053 2166 κινεῖν,
3105 2102 3473 2173 παραγγέλλει
3505 2120 3519 2132 ·
3574 2104 3779 2173 Δρόμῳ

2187 2196 2302 2249 ἔλα.
2369 2198 2477 2249 Καὶ
2527 2198 2632 2260 ἕως
2680 2197 2797 2259 ἑνὸς
2853 2194 3028 2266 μιλίου
3062 2194 3385 2250 ἀποκινοΰσι
3416 2196 3513 2249 σὺν
3556 2196 3773 2265 ὲλασίᾳ.

2199 2288 2323 2341 Ἐὰν
2373 2288 2429 2341 δὲ
2485 2289 2561 2351 ὡς
2640 2286 3016 2358 διαφένσωρας
3046 2327 3060 2354 ,
3137 2287 3507 2357 παραγγέλλει
3544 2302 3560 2316 ⁸
3616 2288 3780 2341 Μετὰ

2186 2378 2285 2448 τῆς
2312 2379 2516 2443 τάξεως
2571 2378 2853 2434 ἀκολούθει
2881 2395 2895 2411 ·
2941 2379 3036 2433 καὶ
3094 2377 3450 2433 ἀκολουθοῦσι
3480 2393 3756 2446 συντεταγ

2190 2471 2387 2540 μένως.

2255 2642 2352 2708 λζ’.
2411 2643 2605 2713 Ἑτέρα
2664 2642 2721 2696 δὲ
2766 2643 3001 2714 κίνησις,
3050 2643 3191 2698 ὥστε
3220 2645 3529 2716 ὑποχωρεῖν
3565 2644 3774 2712 ὀλίγον,
3887 2632 3897 2640 ’

2186 2738 2281 2791 καὶ
2306 2737 2467 2790 πάλιν
2521 2736 2992 2807 ἀντιστρέφεσθαι.
3044 2738 3153 2792 Καὶ
3201 2739 3289 2791 ὅτε
3346 2738 3447 2808 μὲν
3494 2739 3623 2811 θέλῃ
3657 2738 3778 2809 (98)

2186 2831 2559 2900 ὑποχωρῆσαι,
2591 2830 2619 2882 ὁ
2651 2829 2903 2901 κούρσωρ
2962 2830 3178 2901 κράζει.
3227 2829 3409 2882 Τύπτε
3440 2830 3534 2883 καὶ
3562 2830 3782 2900 ὑποχώ-

2187 2938 2270 2992 ρει
2305 2922 2401 2974 σὺν
2460 2920 2669 2991 ὲλασίᾳ,
2711 2920 2816 2984 ἕως
2871 2921 2928 2975 ἒν
2980 2922 3013 2992 ἢ
3059 2920 3311 2991 δεύτερον
3355 2921 3775 2991 σαγιττοὸόλονο

2186 3014 2280 3067 ἐπὶ
2308 3013 2434 3077 τοὺς
2490 3012 2827 3083 διφένσωρας
2873 3012 3034 3066 πάλιν
3078 3013 3245 3082 κράζε
3295 3012 3407 3084 (99)
3436 3030 3448 3043 °
3482 3014 3774 3084 Στράφου,

2188 3106 2281 3159 ἔλα
2305 3105 2403 3177 (Ι)-
2432 3108 2525 3159 καὶ
2544 3106 3074 3178 ἀνθυποστρέφουσιν
3095 3111 3296 3163 ὡσανεὶ
3318 3111 3459 3164 κατὰ
3480 3110 3585 3162 τῶν
3614 3109 3779 3163 ἔναν-

2186 3196 2332 3250 τίων.
2386 3198 2497 3250 Καὶ
2544 3196 2701 3250 τοῦτο
2730 3201 2904 3252 ποιεῖν
2954 3200 3235 3265 πολλάκις,
3268 3202 3364 3254 καὶ
3393 3200 3467 3271 μὴ
3500 3201 3660 3271 μόνον
3679 3200 3777 3254 ἐπὶ

2186 3288 2251 3341 τὰ
2304 3289 2511 3359 πρόσω,
2572 3289 2707 3344 ἀλλὰ
2753 3292 2846 3344 καὶ
2895 3290 3064 3357 δεξιά,
3115 3293 3211 3346 καὶ
3239 3293 3523 3364 ἀριστερὰ,
3554 3294 3644 3346 καὶ
3671 3293 3777 3347 πάο

2185 3378 2267 3431 λιν
2349 3380 2549 3432 ὡσανεὶ
2614 3381 2707 3435 ἐπὶ
2768 3382 2867 3452 τὴν
2932 3382 3192 3454 δευτέραν
3240 3383 3425 3451 τάξιν,
3493 3384 3587 3437 καὶ
3640 3384 3777 3435 ποτε

2190 3468 2289 3538 μὲν
2362 3471 2420 3522 έν
2476 3469 2626 3541 αύτῷ
2683 3470 2760 3542 τῷ
2818 3472 3170 3543 διαλείμματι
3220 3474 3426 3545 ταύτης
3459 3514 3474 3538 ,
3528 3473 3659 3527 ποτὲ
3710 3471 3776 3525 δὲ

2186 3561 2245 3613 ὲν
2296 3561 2378 3630 τῷ
2456 3561 2658 3631 μεταξὺ
2729 3563 2898 3633 αὐτῆς
2979 3564 3352 3629 ἐξελίσσεσθαι
3387 3604 3402 3628 ,
3479 3564 3575 3618 καὶ
3654 3563 3777 3631 ἅμα

2186 3650 2521 3718 δρουγγιστὶ,
2587 3652 2754 3720 ἠγουν
2796 3652 2931 3722 ὁμοῦ
2956 3654 3134 3723 ὁρμᾷν
3176 3655 3319 3709 κατὰ
3373 3655 3481 3707 τῶν
3538 3654 3772 3724 ἐχθρῶνο

2187 3740 2246 3794 ὲν
2274 3741 2330 3793 δὲ
2353 3744 2469 3803 ταῖς
2495 3743 2827 3813 γυμνασίαις
2886 3743 2955 3797 τὰ
2992 3744 3253 3816 κοντάρια
3283 3745 3775 3815 ἁναϐασταζόμενα

2189 3831 2329 3901 ἔχειν
2356 3832 2455 3895 δεῖ,
2495 3834 2589 3887 καὶ
2620 3833 2695 3904 μὴ
2731 3834 2811 3897 είς
2840 3835 3070 3903 πλάγιον
3094 3878 3109 3904 ,
3160 3837 3245 3890 ἵνα
3295 3836 3368 3908 μὴ
3412 3838 3459 3891 oi
3510 3838 3665 3891 ἵπποι
3694 3836 3773 3906 (Ξ)

2188 3924 2245 3976 ὲν
2283 3926 2347 3995 τῇ
2384 3925 2575 3995 ὲλασίᾳ
2620 3924 3046 3995 ἐμποδίζωνται.

2262 4016 2361 4085 λη’.
2410 4018 2601 4089 Ἑτέρα
2625 4018 2683 4072 δὶ
2741 4018 2976 4090 κίνησις,
3005 4020 3145 4074 ὥστε
3194 4019 3578 4091 μετατίθεσθαι
3639 4036 3768 4072 συν-

2189 4109 2539 4177 τεταγμένως
2560 4110 2825 4179 ἀριστερὰ
2859 4112 2953 4165 καὶ
2982 4111 3153 4178 δεξιὰ,
3209 4112 3347 4182 ὅπερ
3376 4110 3606 4182 ἁρμόζει
3637 4108 3774 4163 πλα-

2190 4200 2506 4269 γιοφύλαξιν
2560 4201 2653 4255 καὶ
2706 4202 3157 4273 ὑπερκερασταῖς,
3191 4203 3357 4272 ἤγουν
3416 4205 3528 4264 τοῖς
3566 4202 3657 4254 ἐπὶ
3712 4200 3775 4252 τὸ

2190 4291 2468 4345 κυκλῶσαι
2521 4293 2619 4361 τὴν
2658 4292 2766 4345 τῶν
2829 4294 3103 4364 πολεμίων
3147 4294 3452 4364 παράταξιν
3501 4292 3773 4359 τεταγμέ-

2191 4399 2300 4445 νοις
2328 4384 2420 4435 ἐπὶ
2472 4382 2566 4435 τοῦ
2600 4382 2772 4449 δεξιοῦ
2807 4384 3005 4453 μέρους
3047 4383 3234 4454 ὥσπερ
3283 4384 3471 4453 κέρας,
3508 4383 3602 4435 καὶ
3630 4397 3774 4449 παρ-

508 4471 605 4511 cos
632 4461 843 4526 cupias,
866 4458 932 4512 iis
968 4458 1146 4514 verbis
1177 4459 1267 4514 ﬁat
1297 4476 1311 4512 :
1340 4462 1629 4535 Κατάφερε
1660 4464 1796 4534 πρὸς
1825 4468 1891 4521 τὰ
1920 4468 2084 4536 δεξιά,

2198 4474 2472 4543 αγγέλλει,
2511 4477 2560 4529 εί
2608 4476 2706 4546 μὲν
2748 4476 3013 4549 ἀριστερὰ
3074 4475 3463 4547 μετατίθεσθαι
3498 4472 3771 4544 βούλεται,

510 4548 560 4600 id
595 4556 700 4612 est,
730 4547 988 4605 Transfer
1010 4558 1061 4604 te
1090 4550 1155 4605 ad
1184 4552 1425 4607 dextram
1450 4570 1463 4608 :
1490 4555 1573 4610 sin
1610 4557 1895 4615 laevorsum
1931 4564 2082 4631 velis,

512 4652 623 4695 tum
660 4642 849 4697 dicas:
889 4644 1178 4716 Κατάφερε
1213 4645 1348 4716 πρὸς
1385 4647 1991 4720 τάριστερά,ξτιέιιείἐι’
2035 4667 2087 4712 te

510 4735 576 4786 ad
607 4734 793 4788 laevam
831 4752 845 4789 :
895 4735 1079 4804 itaque
1101 4743 1402 4803 transeant,
1438 4740 1481 4794 si
1513 4757 1619 4796 una
1642 4744 1841 4800 cohors
1876 4747 2085 4816 debeat,

512 4840 639 4889 una,
678 4826 762 4881 sin
808 4825 1013 4896 plures,
1045 4842 1150 4882 una
1200 4839 1353 4897 parte
1384 4832 1650 4897 traducta,
1681 4836 1901 4906 reliqua:
1930 4839 2087 4894 simi-

510 4916 629 4970 liter
659 4933 753 4987 per
782 4919 1036 4974 cohortes
1067 4931 1369 4975 transeant.

578 5010 668 5065 59.
697 5011 858 5066 Aliud
887 5028 1081 5084 genus.
1116 5023 1176 5069 ut
1203 5015 1253 5069 in
1274 5016 1813 5085 quibusronsistunt
1841 5024 1996 5089 locis,
2031 5029 2083 5082 in

507 5102 714 5158 eisdem
762 5104 1034 5161 interdum
1084 5122 1141 5161 se
1181 5118 1419 5175 vertant,
1471 5112 1741 5169 interdum
1786 5132 1913 5173 vero
1939 5117 2087 5174 fron-

511 5202 619 5250 tem
668 5196 804 5251 acici
844 5209 1198 5257 commutent.
1234 5199 1288 5256 Si
1323 5207 1639 5273 repentinus
1671 5207 1867 5278 aliquis
1905 5219 2087 5268 motus

2192 4568 2484 4638 Κατάφερε
2515 4570 2650 4639 πρὸς
2678 4569 2747 4623 τὰ
2797 4570 3059 4641 ἀριστερά
3079 4585 3092 4598 ·
3126 4570 3174 4621 εί
3206 4568 3262 4621 δὲ
3310 4566 3458 4631 δεξιὰ
3494 4564 3775 4637 μετατίθε-

2199 4660 2344 4722 σθαι,
2384 4662 2677 4733 Κατὰςρερε
2708 4664 2841 4734 πρὸς
2884 4663 2951 4715 τὰ
2980 4662 3127 4727 δεξιά
3157 4679 3171 4693 ·
3216 4662 3307 4714 καὶ
3339 4661 3512 4723 οὓτως
3545 4659 3771 4731 μετατίο

2195 4753 2385 4806 θεσθαι
2417 4771 2431 4785 ο
2500 4753 2593 4808 ἐὰν
2641 4754 2741 4825 μὲν
2804 4754 2861 4807 ἒν
2917 4754 3105 4824 βάνόον
3164 4754 3303 4816 ἐστὶ,
3354 4753 3415 4805 τὸ
3462 4752 3520 4805 ἐν
3559 4769 3572 4783 ·
3606 4752 3654 4804 ει
3710 4749 3772 4803 δὲ

2199 4844 2438 4909 πλείονα,
2486 4845 2686 4914 ὁμοίως
2753 4846 2844 4898 τοῦ
2894 4847 3011 4909 ἐνὸς
3053 4847 3252 4916 μέρους
3323 4843 3769 4914 μετατιθεμένου,

2190 4938 2280 4989 καὶ
2310 4936 2379 4989 τὰ
2416 4936 2577 4989 λοιπὰ
2608 4936 2867 5001 ὡσαύτως
2900 4937 3042 4990 κατὰ
3071 4937 3128 4989 ἓν
3158 4937 3347 5006 βάνδον
3378 4935 3643 4989 ποιοῦσιν.
3750 4969 3755 4974 -

2261 5027 2358 5085 λθ’.
2400 5029 2591 5099 Ἑτέρα
2619 5030 2675 5083 δὲ
2707 5030 2943 5099 κίνησις,
3000 5028 3141 5083 ὥστε
3174 5027 3602 5098 μεταϐάλλεσθαι
3637 5023 3769 5080 ποτὲ

2196 5122 2292 5191 μὲν
2319 5123 2375 5174 ἐν
2397 5117 2476 5185 οἷς
2502 5122 2744 5176 ἵστανται
2786 5124 2992 5188 τόποις,
3035 5125 3163 5178 ποτὲ
3200 5124 3256 5177 δὲ
3305 5123 3397 5177 καὶ
3425 5123 3484 5175 τὸ
3517 5120 3771 5193 μέτωπον

2192 5216 2290 5282 τῆς
2323 5214 2678 5286 παρατάξεως
2722 5216 3103 5280 ἀλλάσσοντες.
3143 5219 3268 5273 Ἐὰν
3308 5219 3405 5289 μὲν
3457 5219 3565 5288 γάρ
3597 5218 3771 5286 αἰφνι-

2048 5325 2279 5381 NOT/E.

579 5397 690 5467 (97)
726 5399 827 5472 ξΩς
860 5400 1292 5472 διαφένσωρας.
1340 5407 1677 5466 Posteriores
1724 5413 1896 5469 Graeci
1934 5415 2084 5470 dice-

510 5463 693 5603 ξὲδιὲἓὲ
720 5463 1114 5541 διαφένσωρας,
1157 5463 1263 5544 ίπό
1303 5463 1693 5552 δηφένσωραςῠ,

580 5577 821 5674 (galia!
846 5610 945 5691 dre
960 5612 1076 5680 μὲν
1093 5612 1283 5691 ean.
1307 5614 1802 5691 Interpungendnm
1836 5627 2081 5682 scriben-

509 5675 746 5818 ξιιέιιὲιο
775 5697 787 5731 ι
814 5683 906 5733 καὶ
922 5675 1007 5734 ὅτε
1051 5685 1148 5751 μὲν
1188 5675 1317 5756 θέλῃ
1355 5675 1802 5763 ύποῇίωρῆσαῖξῖ
1832 5675 2083 5770 κούῖτῖωρ

552 5764 581 5820 Ρ
621 5774 670 5819 5.
692 5783 709 5799 ⁶

2262 5423 2375 5495 (99)
2405 5423 2595 5478 Πάλιν
2627 5424 2817 5495 κράζε.
2854 5426 2980 5482 item
3012 5428 3211 5493 scribe,
3242 5426 3403 5481 πάλιν
3424 5426 3622 5495 κράζῃ.

2263 5494 2338 5561 (Ι)
2370 5496 2664 5565 Στράφου,
2693 5498 2822 5551 ἔλα.
2871 5500 2961 5553 Sic
3011 5500 3064 5553 in
3111 5499 3273 5554 Checi
3324 5498 3513 5554 codice
3554 5494 3770 5553 videtur

2192 5561 2381 5619 fuisse.
2414 5565 2467 5618 In
2493 5561 2613 5621 aliis
2648 5569 2799 5623 deest
2821 5569 2935 5623 ἔλα.

2223 5704 2234 5715 _
2261 5634 2338 5704 (‘2)
2391 5635 2622 5715 Ἵναῃμή
2656 5641 2709 5715 οἱ
2738 5639 2930 5715 ἵπποι..
2957 5640 3046 5697 Sic
3080 5648 3197 5697 erat
3222 5648 3275 5697 ct
3300 5641 3351 5695 in
3384 5638 3570 5697 codice
3600 5636 3772 5695 Pisto-

2192 5709 2343 5759 riauo
2374 5721 2470 5777 pro
2514 5709 2599 5761 ἵνα
2634 5709 2708 5780 μὴ
2740 5710 2967 5765 κτύπον.
