4100 6226
1552 350 1887 413 TACTICA.
1917 376 1986 387 -
2014 351 2676 428 ΕΟΝΞΤΙΤΠΤΙΟΝΙΙ.

3600 378 3707 444 746

454 443 799 558 δασμόςιῗς
819 445 1047 558 γένηται
1076 448 1180 506 ὑπὸ
1199 452 1428 526 ἐχθρῶν,
1460 459 1602 514 κατὰ
1626 461 1817 530 νώτου,
1851 465 2003 536 ἦγουι

2116 475 2265 558 retro
2297 468 2403 558 ϐαι
2432 469 2684 527 hostibus
2716 485 2747 527 a
2785 480 2936 544 tergo
2967 473 3418 550 imminentibus,
3466 487 3702 558 praecipe

453 534 679 592 ὄπισθεν
697 536 796 609 (5),
816 539 1245 612 ἐπιφερομένων,
1266 534 2032 627 παραγγέλλει,Μετασχημάο

2137 553 2241 609 hoc
2282 555 2445 612 modo
2479 559 3029 630 εΜετασχημάτισον,
3084 564 3136 620 id
3183 575 3287 635 est,
3314 553 3582 629 Converte
3605 553 3705 631 ιέι

453 644 626 683 τισον.
685 627 798 682 Καὶ
839 629 915 694 ὡς
962 630 1208 689 ἵστανται
1250 636 1307 691 ἐν
1333 640 1447 702 τοῖς
1473 640 1662 705 τόποις
1701 644 1882 698 αὐτῶν
1936 648 2003 700 ἐπ

2136 645 2189 700 in
2231 646 2470 714 statione
2502 665 2603 706 sua
2638 627 3022 720 consistentes,
3052 655 3120 710 ad
3153 627 3385 714 caudam
3426 627 3489 717 se

452 718 623 789 οὐράν
667 717 891 774 ὄπισθεν
962 721 1218 792 βλέπουσι
1283 726 1392 782 τῶν
1453 728 1797 801 βανδοφόρων
1853 734 2003 805 μόνωι

2132 748 2487 806 convertant,
2516 741 2792 811 signiferis
2821 752 2875 799 et
2925 717 3199 815 praefectis
3228 750 3361 806 solis
3413 753 3481 808 ad
3519 717 3706 812 Quae

452 808 596 914 μετὰ
641 808 755 914 τῶν
799 810 1078 914 (Extime
1131 817 1212 878 εἰς
1257 817 1320 873 τὸ
1362 820 1506 875 κατά
1551 822 1721 895 οὐρὰν
1778 825 2003 895 μέτωπα

2134 825 2367 885 frontem
2421 808 2888 901 pervenientibus.
2929 808 3046 891 'Sin
3088 853 3282 909 magna
3326 842 3407 898 vis
3465 808 3702 914 hostium

453 897 786 969 ἐρχομένων.
817 899 882 952 El
920 901 978 955 δὲ
1037 902 1239 976 πλῆθος
1282 906 1491 979 ἐχθρῶν
1515 911 1752 986 ἐπιφανῇ
1778 912 2026 983 ὄπισθεν,

2130 916 2372 987 ingruat,
2399 928 2511 975 tum
2564 923 2819 993 praecipe,
2861 926 3229 994 Μετάλλαζον,
3263 931 3623 1004 Transmuta,
3650 948 3705 994 et

449 989 841 1085 παραγγέλλει,
881 992 1250 1064 Μετάλλαξον.
1307 1000 1419 1055 Καὶ
1465 1002 1587 1056 τότε
1643 1007 2001 1074 μετατίθεντα

2129 1007 2338 1080 integra
2372 1019 2486 1067 tum
2527 989 2816 1073 cohorsvse
2845 989 3193 1085 transmutet.

448 1079 590 1135 κατὰ
619 1080 830 1152 βάνδον.

520 1169 594 1244 μ’.
639 1172 715 1225 Ού
749 1172 913 1243 μόνον
944 1173 1002 1230 δὲ
1026 1175 1119 1230 ἐπὶ
1157 1177 1331 1250 μῆκος
1369 1181 1664 1252 όρδινεύτιν
1691 1187 1785 1241 καὶ
1813 1190 2023 1260 γυμνάι

447 1260 561 1326 ζειν
582 1262 875 1333 ἀναγκαῖόν
915 1266 1083 1334 ἐστιν,
1117 1268 1254 1324 άλλά
1313 1272 1407 1327 καὶ
1436 1272 1753 1344 δρουγγιστὶ
1797 1279 2021 1337 τάσσον-

446 1370 547 1417 τας
592 1355 898 1426 γυμνάζειν
944 1359 1040 1414 καὶ
1095 1359 1400 1428 ἐξελαύνειν
1429 1367 1519 1421 ἐπ’
1543 1366 1757 1433 εὐθείας
1776 1372 1872 1426 καὶ
1924 1375 2019 1429 κύ-

444 1443 606 1509 κλους
625 1445 932 1518 διαφόρους,
968 1448 1185 1521 πρῶτον
1236 1453 1333 1523 μὲν
1361 1454 1449 1509 διά
1480 1455 1582 1521 τὰς
1636 1459 2018 1534 ὑποχωρήσεις

442 1536 537 1591 καὶ
569 1536 961 1610 άντιστροφάς,
997 1535 1120 1595 εἶτα
1144 1541 1233 1597 διὰ
1268 1544 1366 1611 τάς
1395 1547 1692 1617 αἰφνιδίους
1725 1552 1868 1606 κατὰ
1908 1554 2016 1609 τῶν

442 1626 652 1698 ἐχθρῶν
676 1628 921 1698 ἐφόδους,
961 1630 1147 1687 λοιπὸν
1171 1634 1227 1688 δὲ
1269 1636 1364 1690 καὶ
1382 1637 1469 1692 διά
1494 1639 1553 1693 τὸ
1575 1642 1854 1713 συντόμως
1901 1647 2015 1711 τοῖς

440 1717 715 1789 δεομένοις
741 1720 1076 1793 ἐπιϐοηθεῖν.
1106 1724 1169 1777 El
1203 1725 1312 1797 γάρ
1348 1727 1520 1793 οὕτως
1546 1731 1803 1787 ἐθισθῶσι
1836 1735 1916 1805 (ί)
1944 1737 2013 1791 τά

439 1805 716 1878 τάγματα,
744 1810 978 1881 ἑτοίμως
1009 1812 1191 1884 ἔχουσι
1218 1816 1312 1893 καὶ
1354 1818 1434 1881 είς
1475 1819 1816 1894 κούρσωρας,
1840 1826 2007 1896 ἤγουν

438 1897 807 1967 προκλάστας,
856 1901 890 1973 ἢ
954 1904 1293 1976 προμάχους,
1352 1909 1447 1963 καὶ
1512 1913 1592 1975 είς
1645 1913 2002 1988 διφένσωρας,

436 1988 605 2059 ἠγουν
638 1990 919 2060 ἐκδίκους,
951 1994 985 2066 ἢ
1020 1994 1270 2067 βοηθοὺς,
1302 1999 1393 2053 καί
1439 2001 1519 2065 είς
1552 2002 1789 2077 ἑκάστην
1820 2008 2008 2079 χρείαν

432 2080 753 2137 τάσσεσθαι.
1171 2154 1181 2163 ι

505 2179 619 2242 μα’.
658 2172 771 2229 Καὶ
790 2175 888 2247 τῆς
913 2176 1175 2248 τοιαύτης
1226 2174 1317 2236 οὖν
1346 2199 1655 2255 γυμνασιας
1707 2190 2008 2263 κατορθου-

435 2263 603 2335 μένης
619 2266 698 2330 είς
723 2266 791 2320 τά
817 2267 1059 2334 πλείονα,
1084 2271 1134 2324 ει
1162 2272 1257 2326 καὶ
1285 2274 1360 2346 μὴ
1415 2276 1591 2332 πάντα
1619 2279 1701 2333 δεῖ
1720 2282 2009 2349 γινώσκειν

431 2354 559 2419 τοὺς
588 2357 924 2428 στρατιώτας
974 2361 1061 2432 (ού
1089 2362 1199 2434 γάρ
1225 2364 1317 2423 δεῖ,
1338 2366 1513 2422 πάντα
1540 2370 2007 2442 πουϐλικίζεσθαι,

435 2445 525 2541 διά
554 2447 616 2501 τὸ
648 2448 723 2521 μὴ
743 2452 856 2541 τοῖς
895 2452 1107 2525 ἐχθροῖς
1137 2456 1524 2531 γινώσκεσθαι)
1555 2478 1567 2493 ο
1591 2462 1680 2518 διὰ
1708 2464 1815 2520 τῶν
1861 2468 2012 2541 εἰρη-

435 2534 615 2604 μένων
669 2539 875 2595 τούτων
902 2543 1055 2597 ἐννέα
1087 2546 1355 2618 κινήσεων
1398 2551 1534 2621 πρὸς
1588 2554 1767 2610 πᾶσαν
1820 2534 2009 2629 χρείαν

433 2626 630 2700 ἕτοιμα
654 2630 898 2700 γίνονται
931 2634 998 2689 τά
1029 2636 1209 2691 αὐτῶν
1252 2639 1530 2712 τάγματα,
1562 2645 1657 2699 καὶ
1706 2647 1788 2708 είς
1822 2626 2010 2720 ήκούρ-

434 2735 641 2791 σωρας,
664 2723 759 2778 καὶ
803 2724 884 2789 είς
913 2726 1271 2801 διφένσωρας,
1297 2732 1392 2786 καὶ⁵
1419 2733 1499 2798 εἱς
1533 2734 2005 2807 πλαγιοφύλακας,

433 2811 530 2900 καὶ
563 2813 643 2877 είς
662 2813 1102 2888 ύπερκεραστάς,
1132 2820 1219 2874 ὅτε
1250 2822 1409 2892 χρεία
1448 2824 1672 2896 γένηται
1701 2828 2007 2900 ἀφορισθῆ-

428 2899 519 2955 ναί
567 2918 721 2968 τινας
774 2904 978 2972 αὐτῶν,
1023 2907 1105 2960 ὲνν
1136 2909 1398 2980 συνηθείᾳ
1421 2911 1603 2982 πάσης
1625 2899 1828 2981 τάξεως
1855 2899 2007 2985 γινό-

433 3006 593 3061 μενα.

2194 1183 2287 1240 40.
2318 1182 2429 1243 Nec
2477 1203 2606 1246 vero
2656 1190 2710 1246 in
2760 1193 3148 1264 longitudinem
3196 1198 3373 1255 solum
3424 1196 3698 1261 instruere

2110 1274 2253 1330 'ntile
2303 1286 2408 1342 est,
2454 1279 2547 1334 sed
2587 1281 2747 1337 etiam
2775 1282 3108 1355 δρουγγιστι,
3159 1290 3213 1344 id
3258 1299 3370 1358 est,
3415 1294 3699 1351 confertim

2120 1364 2483 1434 instruantur,
2524 1377 2584 1424 ut
2614 1381 2904 1428 exerceant
2947 1389 3045 1440 se,
3086 1384 3142 1432 et
3183 1381 3517 1435 contendant
3549 1382 3700 1438 varie

2117 1455 2171 1510 in
2207 1456 2469 1514 directum
2515 1476 2610 1531 per
2665 1465 3122 1534 retrogressiones
3181 1478 3237 1523 et
3283 1473 3691 1539 conversiones,

2116 1560 2213 1617 per
2260 1549 2570 1619 repentinas
2627 1551 2866 1607 hostium
2929 1553 3307 1624 incursiones,
3355 1566 3415 1614 ut
3453 1563 3688 1630 quadam

2115 1652 2237 1693 cum
2287 1640 2562 1697 celeritate
2584 1642 2794 1712 possint
2845 1644 3061 1701 alilietis
3113 1663 3266 1717 opem
3313 1651 3475 1708 ferre.
3525 1651 3583 1707 Si
3628 1654 3697 1709 ad

2114 1728 2264 1785 hunc
2311 1730 2534 1786 modum
2595 1734 2917 1792 assuefaclte
2971 1738 3226 1794 cohortes
3272 1739 3492 1805 fuerint,
3541 1757 3695 1797 com-

2110 1821 2269 1877 mode
2297 1832 2554 1893 poterunt
2594 1825 2648 1881 in
2683 1841 2956 1895 cursores,
2986 1828 3040 1884 id
3079 1840 3186 1894 est,
3222 1831 3547 1901 proclastas.
3579 1833 3694 1889 sive

2106 1927 2559 1989 propugnatores,
2596 1930 2650 1976 et
2680 1921 2733 1977 in
2786 1922 3126 1988 defensores,
3172 1925 3288 1981 sive
3330 1926 3595 1990 vindices,
3633 1934 3689 1983 et

2106 2007 2491 2077 prasidiarios,
2522 2012 2592 2068 ad
2624 2027 2841 2070 omnem
2867 2029 3028 2071 usum
3057 2014 3280 2072 instrui.

2179 2182 2270 2239 41.
2307 2183 2455 2242 Talis
2485 2186 2648 2257 igitur
2685 2189 3008 2244 exercitatio
3037 2189 3324 2261 diligenter
3353 2191 3408 2245 in
3441 2190 3691 2260 plurimis

2091 2260 2195 2327 'est
2227 2271 2554 2337 adhibenda,
2590 2275 2858 2345 siquidem
2910 2278 3096 2334 omnia
3128 2260 3157 2334 ά
3188 2279 3452 2334 militibus
3486 2294 3705 2351 cogno-'

2111 2362 2312 2418 scenda
2343 2378 2451 2419 non
2482 2374 2633 2420 sunt.
2657 2364 2777 2421 Non
2799 2367 2943 2422 enim
2967 2376 3184 2439 oportet
3201 2370 3386 2424 omnia
3413 2370 3467 2423 in
3494 2370 3691 2441 vulgus

2110 2451 2314 2519 efferri,
2347 2468 2413 2510 ne
2458 2454 2526 2509 ab
2572 2456 2818 2513 hostibus
2860 2472 2923 2511 ca
2966 2468 3354 2529 agnoscantur.
3387 2460 3458 2516 iis
3502 2468 3686 2515 autem

2111 2545 2352 2600 motibus
2408 2545 2682 2616 praedictis
2715 2547 2781 2602 ad
2831 2563 3024 2606 omnes
3068 2566 3205 2606 usus
3259 2551 3383 2605 belli
3429 2552 3688 2608 cohortes

2112 2637 2321 2692 habiles
2340 2637 2494 2702 fiunt,
2517 2647 2577 2693 ut
2605 2648 2717 2694 tum
2742 2639 2796 2694 in
2828 2656 3102 2706 cursores,
3131 2652 3244 2696 tum
3272 2644 3325 2697 in
3348 2643 3686 2709 defensores,

2110 2736 2225 2782 tum
2260 2729 2312 2782 in
2345 2727 2639 2795 lateranos,
2682 2739 2796 2785 tum
2830 2730 2884 2785 in
2912 2732 3249 2802 cornislites,
3281 2734 3374 2790 ubi
3402 2749 3544 2806 opus
3577 2743 3684 2801 est,

2112 2817 2355 2889 cooptari
2376 2819 2696 2891 assumique
2717 2821 2951 2892 possint.
3269 2809 3276 2817 ’

503 3080 612 3153 μβη
642 3083 965 3153 Ἀναγκαῖον
999 3084 1057 3140 δέ
1091 3086 1207 3140 ἐστι
1252 3086 1448 3143 λοιπὸν
1476 3091 1571 3145 καὶ
1596 3090 1696 3163 τὴν
1745 3093 1885 3164 πρὸς
1914 3095 2003 3150 άλ-

2179 3102 2270 3159 42.
2314 3103 2499 3161 Banda
2529 3112 2733 3169 autem,
2770 3103 2886 3160 sive
2914 3105 3170 3161 cohortes
3196 3106 3430 3176 quadam
3458 3122 3688 3164 consen-

429 3177 565 3248 λη).α
594 3179 662 3234 τά
712 3179 887 3251 βάνδα
915 3182 1239 3252 συμφωνίαν
1272 3185 1365 3239 καὶ
1385 3185 1543 3256 τάξιν
1569 3188 1871 3255 εἰθίζεσθαι
1922 3192 2000 3257 ὡς

425 3271 518 3322 ἐπὶ
540 3269 918 3340 παρατάξεως.
966 3272 1106 3326 Ἀλλ’
1128 3273 1239 3336 ἵνα,
1269 3273 1350 3338 ῶς
1398 3276 1637 3347 εἴρηται,
1673 3280 1748 3350 μὴ
1790 3279 1998 3352 φανερά

424 3362 634 3429 γίνεται
655 3363 690 3432 ἡ
720 3363 870 3416 πᾶσα
904 3361 1123 3428 ἔκταξις
1149 3366 1262 3428 τοῖς
1291 3363 1527 3436 ἐχθροῖς.
1570 3354 1837 3423 Οὐδέποτε
1889 3375 1998 3444 γάρ

424 3452 535 3523 πρὸ
584 3452 683 3523 τῆς
718 3453 898 3526 μάχης
947 3454 1047 3526 τὴν
1074 3456 1257 3509 πᾶσαν
1284 3457 1439 3522 τάξιν
1470 3460 1530 3512 ἐν
1558 3459 1637 3530 τῷ
1667 3460 1806 3531 ἅμα,
1832 3478 1993 3515 τουτ-

424 3541 575 3596 έστιν
625 3544 707 3608 είς
759 3545 984 3616 πρώτην
1051 3546 1147 3599 καὶ
1212 3547 1474 3619 δευτέραν
1522 3548 1859 3619 παράταξιν,
1908 3550 1999 3606 διὰ

423 3635 734 3705 γυμνασίαν
767 3636 937 3710 μόνην
962 3636 1208 3702 τάσσειν,
1240 3637 1274 3710 ἢ
1318 3638 1792 3709 πλαγιοφύλακας,
1813 3640 1847 3712 ἢ
1871 3644 1999 3708 τοὺς

424 3727 838 3799 ύπερκεραστὰς
876 3728 1228 3800 λεγομένους,
1289 3730 1323 3802 ἢ
1366 3731 1493 3795 τοὺς
1542 3731 1860 3804 δρουγγιστὶ
1902 3736 1998 3789 καὶ

422 3819 793 3884 λανθανόντως
827 3820 1296 3890 προσπίπτοντας,
1331 3823 1364 3891 ἦ
1394 3821 1638 3893 ἐνέδρας,
1686 3824 1855 3897 ῆγνουν
1906 3824 1999 3892 ἐγ-

423 3910 667 3981 κρίματα
708 3910 785 3982 (ὅ)
822 3925 839 3943 ο
865 3911 936 3966 τά
984 3912 1093 3984 γάρ
1146 3912 1374 3966 τοιαῦτα
1419 3914 1753 3986 στρατηγίας
1798 3914 1997 3986 μᾶλλον

422 4002 828 4074 ἐπιτηδεύματα
866 3999 1007 4059 εἶναι
1059 4005 1203 4060 κατὰ
1236 4005 1346 4060 τῶν
1401 4005 1633 4077 ἐχθρῶν,
1686 4008 1720 4079 ἢ
1768 4008 1994 4075 τάξεως,

425 4093 568 4165 ἅπερ
619 4096 1177 4166 προπουωικίζεσθαι
1227 4099 1286 4152 ὲν
1360 4101 1480 4164 ταῖς
1538 4101 1872 4172 γυμνασίαις
1934 4103 1996 4155 ού

427 4185 712 4256 συμφέρει.
755 4187 920 4243 Ἀλλά
947 4189 1071 4245 τότε
1108 4191 1245 4264 πρὸς
1276 4191 1338 4247 τδ
1361 4193 1533 4265 παρὸν
1558 4192 1700 4247 κατά
1722 4193 1820 4264 τὴν
1838 4195 1999 4248 άπαι-

424 4274 623 4329 τοῦσαν
644 4278 833 4348 χρείαν
855 4284 1021 4339 ποιεῖ.

495 4365 603 4436 μγ’.
641 4370 852 4442 lips-nov
884 4373 997 4438 οὖν,
1032 4375 1140 4429 εἴτε
1173 4375 1295 4430 καθ’
1318 4376 1478 4430 ἑαυτὸ
1523 4374 1620 4429 τοῦ
1652 4375 1891 4448 κόμητος
1934 4378 1998 4432 τὸ

2101 3197 2257 3253 sione
2303 3205 2359 3251 et
2405 3197 2788 3261 instructione,
2819 3196 2975 3266 quasi
3004 3196 3056 3250 in
3097 3197 3212 3252 acie
3253 3197 3369 3268 ipsa
3405 3199 3683 3269 jungenda

2099 3294 2249 3344 sunt.
2285 3286 2389 3343 Sed
2415 3304 2484 3343 ne
2521 3288 2787 3344 universa:
2809 3287 3225 3344 exercitationes
3255 3298 3310 3344 et
3372 3288 3685 3346 molitiones

2100 3380 2352 3436 hostibus
2368 3391 2751 3452 agnoscantur,
2773 3396 3049 3452 nunquam
3070 3390 3194 3435 ante
3213 3381 3674 3438 conflictationem

2100 3474 2274 3544 ipsam
2302 3473 2567 3528 universa:
2597 3475 2767 3542 copia:
2814 3474 3012 3540 simul,
3042 3474 3092 3528 id
3133 3485 3209 3528 est
3238 3515 3252 3538 ,
3286 3475 3338 3528 in
3375 3475 3604 3546 pennam
3628 3484 3683 3531 et

2099 3564 2394 3617 secundam
2423 3562 2594 3617 aciem
2617 3562 3027 3618 exercitationis
3055 3578 3224 3618 causa
3252 3563 3673 3629 transferantur,

2099 3652 2184 3707 vel
2212 3653 2277 3707 ad
2313 3653 2607 3719 lateranos,
2641 3653 2724 3707 vel
2764 3654 2831 3708 ad
2874 3653 3205 3718 cornislites,
3243 3654 3326 3706 vel
3361 3653 3426 3707 ad
3456 3668 3552 3708 eos
3583 3653 3677 3722 qui

2097 3744 2428 3817 δρουγγιστὶ,
2456 3744 2508 3800 id
2530 3753 2632 3807 est,
2652 3728 2961 3811 confertim,
2991 3753 3045 3798 et
3069 3744 3207 3799 clam
3231 3744 3568 3809 adoriuntur,
3595 3743 3678 3797 vel

2100 3837 2169 3892 ad
2222 3837 2469 3893 occultas
2529 3836 2798 3903 insidias;
2868 3835 3180 3906 huiusmodi
3232 3838 3377 3891 enim
3444 3835 3677 3890 consilii

2100 3926 2450 3998 imperatoria
2515 3929 2781 3999 divulgari
2836 3939 2891 3984 et
2940 3929 2993 3984 in
3032 3929 3224 3999 vulgus
3269 3927 3449 3983 ell‘erri
3500 3927 3679 4001 prius:

2099 4033 2264 4087 quam
2308 4032 2434 4073 cum
2479 4018 2634 4074 hoste
2682 4017 2982 4089 confligas,
3034 4019 3228 4073 inutile
3284 4025 3389 4072 est.
3455 4015 3559 4071 Sed
3607 4013 3676 4070 ad

2101 4120 2420 4181 praesentem
2448 4127 2630 4168 rerum
2659 4128 2816 4168 usum
2845 4128 2912 4168 ex
2941 4123 3188 4183 tempore
3215 4111 3342 4167 talia
3368 4108 3676 4166 adhibenda

2100 4209 2250 4256 sunt.

2168 4374 2258 4430 45.
2302 4374 2405 4430 Par
2433 4384 2516 4430 est
2541 4373 2725 4443 igitur,
2756 4373 2870 4429 sive
2907 4373 3123 4428 comitis
3150 4371 3383 4443 alicujus
3408 4371 3671 4438 handnm,

424 4454 634 4524 βάνδον,
658 4460 768 4514 εἴτε
790 4462 1114 4532 δρούγγους,
1148 4464 1261 4520 εἴτε
1299 4466 1538 4539 τούρμα,
1574 4468 1682 4521 εἴτε
1722 4470 1816 4523 καὶ
1868 4487 1993 4543 προ·

2106 4467 2214 4524 sive
2253 4467 2520 4536 drungus,
2550 4466 2666 4521 sive
2695 4475 2878 4521 turma
2903 4464 3134 4520 seorsim
3179 4473 3523 4527 exerceatur.
3554 4464 3672 4519 sive

422 4547 726 4619 παράταξις
778 4553 974 4609 πολλοῦ
1030 4556 1261 4626 στρατοῦ
1312 4558 1479 4621 ἐστιν,
1528 4558 1587 4610 ἐν
1615 4559 1764 4631 τρισὶ
1792 4560 1988 4631 μέρεσι

419 4641 642 4699 τάσσειν
692 4644 819 4710 τοὺς
890 4646 1362 4719 γυμναζομένους.
1418 4649 1526 4703 Καὶ
1569 4650 1617 4703 εί
1672 4649 1771 4719 μὲν
1798 4649 1991 4720 βάνδον

418 4733 536 4788 ἐστὶ
561 4735 622 4788 τὸ
654 4734 783 4790 καθ’
825 4737 986 4792 ἑαυτὸ
1014 4738 1447 4809 γυμναζόμενον,
1477 4739 1602 4805 τοὺς
1644 4739 1863 4803 πλείους
1889 4741 1989 4796 αύ-

415 4824 525 4878 τῶν
556 4827 616 4879 ἐν
630 4826 783 4890 τάξει
805 4828 1138 4900 κουρσώρων
1161 4831 1357 4885 ποιεῖν.
1390 4828 1521 4883 ’Λπδ
1542 4828 1677 4884 δέκα
1700 4829 1758 4884 δὲ
1785 4830 1992 4886 κασαλ-

415 4915 636 4989 λαρίους
665 4918 741 4990 (6)
771 4919 864 4973 ἐπὶ
881 4920 1060 4991 ἁπλῆς
1095 4921 1258 4984 άκίας
1305 4922 1457 4975 ἐνθεν
1488 4922 1745 4979 κάκεῖθεν
1793 4924 1993 4989 αὐτοὺς

422 5008 797 5079 ίσομετὼπους
824 5011 1047 5065 τάσσειν
1084 5013 1142 5065 ἐν
1185 5011 1334 5079 τάξει
1368 5011 1740 5085 διφενσώρων,
1798 5012 1995 5078 ἄλλους

415 5100 472 5154 δὲ
537 5102 754 5173 ὀλίγους
815 5103 1217 5176 καδαλλαρίους
1278 5104 1407 5176 ἄχρι
1468 5104 1598 5158 δέκα
1651 5105 1874 5159 τάσσειν
1923 5104 1995 5158 δι’

414 5190 590 5261 ὂψεως
614 5195 915 5265 ἐναντίους,
968 5194 1109 5249 ὥστε
1159 5195 1260 5266 τὴν
1296 5193 1571 5265 συμϐολὴν
1610 5198 1744 5267 πρὸς
1789 5196 1991 5260 αὐτοὺς

416 5282 754 5350 εἰκάζεσθαι.

2100 4559 2154 4614 in
2197 4559 2557 4614 instructione
2605 4556 2789 4628 magni
2831 4555 3106 4612 exercitus
3143 4555 3467 4619 collocetur,
3519 4562 3580 4609 ut
3613 4554 3670 4609 in

2103 4658 2214 4704 tres
2246 4656 2427 4718 partes
2461 4646 2753 4702 exercendi
2788 4646 3123 4702 dividantur.
3167 4644 3224 4700 Si
3261 4645 3520 4711 handnm,
3554 4644 3671 4700 sive

2094 4741 2290 4797 cohors
2306 4755 2400 4809 per
2414 4753 2473 4793 se
2498 4747 2879 4803 exerceantur,
2902 4737 3192 4795 maximam
3222 4738 3434 4791 illorum
3462 4746 3671 4805 partem

2098 4832 2157 4890 in
2188 4846 2476 4888 cursorum
2503 4830 2723 4902 agmine
2751 4846 2956 4901 pones;
2987 4845 3055 4885 ex
3086 4830 3362 4899 equitatus
3404 4827 3665 4897 simplici.

2100 4926 2204 4982 hus
2264 4922 2637 4980 contuberniis
2678 4922 2829 4990 hinc,
2856 4931 3020 4993 atque
3038 4922 3186 4976 illinc
3212 4918 3438 4989 aequalia
3462 4935 3670 4974 cornua

2099 5013 2448 5071 defensorum
2478 5012 2601 5068 loco
2628 5027 2829 5082 pones;
2859 5010 2994 5065 alios
3020 5018 3200 5063 autem
3230 5002 3433 5078 paucos
3456 5008 3668 5079 equites

2099 5107 2315 5163 eminus
2339 5113 2464 5160 ante
2491 5112 2845 5172 conspectum
2880 5100 3094 5155 illorum
3117 5113 3308 5170 pones,
3342 5107 3401 5153 ut
3420 5100 3574 5169 quasi
3601 5098 3667 5153 ad

2098 5196 2499 5267 confligendum
2524 5207 2647 5251 cum
2680 5190 2787 5247 illis
2809 5205 2869 5247 se
2895 5204 3202 5263 praeparare
3224 5188 3458 5261 possint.

1916 5411 2142 5471 ΝΟΤᾸΞ.

508 5532 563 5602 '5)
587 5530 749 5586 Κατὰ
771 5530 980 5599 νώτου,
1016 5531 1205 5602 ἤγουν
1235 5529 1505 5586 ὄπισθεν.
1536 5527 1906 5595 Scribebatur,
1931 5546 1984 5583 κ.

414 5620 464 5658 ν.
488 5602 837 5676 ύγρόπισθεν.
1530 5656 1556 5681 ἡ

486 5672 563 5742 (ι)
581 5673 911 5731 Ἐθισθῶσι.
937 5672 1309 5736 Scribebatur,
1331 5667 1641 5742 ἐθιασθωσι.

491 5740 815 5818 (5⁷)Ἵιγουν
862 5746 1205 5815 ἐγκρίματα.
1257 5742 1472 5808 Scribe,
1509 5740 1675 5813 ἤγουν
1725 5740 1969 5813 ἐγκρύμ-

2304 5594 2441 5665 Ἀνπό
2498 5595 2646 5652 δέκα
2709 5595 2777 5651 δὲ
2830 5594 3293 5664 καϐαλλαρίους.
3327 5592 3661 5663 ιῖῇίαὶυηίιιιιη

2095 5681 2312 5733 censeo,
2349 5664 2499 5720 δέκα.
