4100 6226
469 355 579 424 747

1691 355 1966 416 LEONIS
1998 356 2457 417 PIIILOSOPHI

3602 354 3710 416 ’148

540 465 633 523 44.
653 463 776 522 .lam
798 480 920 522 cum
940 481 1000 522 se
1021 465 1175 535 quasi
1200 465 1266 519 ad
1295 463 1545 535 proelium
1572 473 1816 531 movent,
1845 478 2040 532 magno

2216 468 2318 535 μδν.
2367 466 2671 519 Κινούντων
2707 466 2763 519 δὲ
2808 464 2986 519 αὐτῶν
3010 465 3107 529 ,ὥς
3153 465 3245 520 ἐπὶ
3273 466 3456 537 μάχην
3492 465 3714 538 ἐξέρχε-

472 569 677 629 impetu
717 556 862 614 facto
893 571 1146 612 cursores
1175 570 1233 612 se
1275 571 1305 610 a
1336 555 1716 612 defensoribus
1765 565 2039 626 separant,

473 657 532 704 et
559 648 648 704 ubi
684 656 828 702 recta
853 662 1022 700 unum
1071 655 1233 716 alque
1255 645 1486 700 alterum
1518 646 1753 702 milliare
1787 661 2044 702 excurre-

475 738 602 800 rint.
627 736 908 791 dimidium
937 736 1085 790 illius
1108 735 1265 804 spatii
1297 745 1661 802 revertantur,
1686 745 1740 792 et
1768 737 2040 792 interdum

474 827 816 881 dextrorsum
838 864 852 887 ,
891 824 1161 878 interdum
1195 824 1480 880 laevorsum
1512 841 1571 880 se
1601 827 1871 880 currendo
1903 827 2043 881 obli-

476 925 674 988 quent,
704 917 890 985 sicque
919 916 1079 970 tertio
1132 927 1435 985 quartoque
1475 916 1698 983 faciant,
1741 932 2044 987 rursusque

477 1007 773 1062 orbiculate
808 1007 1123 1076 procedant,
1162 1015 1348 1075 postea
1378 1008 1614 1076 spatium
1655 1007 1786 1062 illud
1815 1022 2041 1077 percur-

473 1108 672 1162 rentes,
703 1099 846 1168 quod
879 1099 1023 1153 inter
1047 1114 1142 1154 eos
1169 1113 1221 1153 et
1245 1099 1561 1156 defensores
1583 1113 1688 1164 eat,
1729 1101 1871 1156 unde
1899 1101 2045 1155 exie-

476 1200 617 1254 rant,
650 1205 774 1246 cuin
815 1190 1194 1246 defensoribus
1231 1191 1388 1261 quasi
1419 1191 1702 1247 instructis
1744 1193 1795 1246 in
1825 1194 1946 1247 acie
1976 1193 2043 1247 iis

473 1291 791 1347 occurrant,
827 1282 922 1353 qui
954 1292 1080 1339 ante
1115 1297 1211 1338 eos
1242 1283 1690 1354 insequebantur.

545 1463 631 1520 45.
663 1463 900 1534 Drungo,
927 1465 977 1518 id
1004 1473 1106 1531 est,
1132 1465 1338 1535 integra
1363 1466 1587 1520 cohorte
1611 1466 1860 1520 milliaria
1887 1482 2045 1520 exer-

475 1558 676 1611 citante
707 1558 942 1621 se,idem
973 1556 1163 1622 facies,
1201 1567 1256 1611 et
1304 1559 1582 1612 cohortem
1620 1559 1673 1611 in
1705 1573 1957 1612 cursores
1993 1566 2048 1612 et

475 1647 530 1701 in
555 1649 872 1703 defensores
896 1648 1127 1713 divides,
1162 1657 1214 1703 et
1245 1664 1338 1703 eos
1368 1649 1461 1718 qui
1494 1664 1747 1704 cursores
1779 1657 1925 1713 sunt,
1962 1649 2047 1702 in-

477 1740 687 1794 terdum
727 1740 1044 1794 defensores
1089 1738 1574 1806 facies,interdum
1617 1749 1838 1807 contra,
1878 1750 1936 1794 ut
1977 1740 2042 1794 ad

478 1844 692 1884 omnem
726 1844 886 1884 usum
915 1829 1087 1899 parati
1119 1829 1246 1884 sint.

547 2005 636 2060 46.
671 2005 934 2062 Similiter
976 2007 1162 2074 facies,
1197 2018 1375 2064 turma
1429 2011 1612 2079 aliqua
1650 2022 1710 2065 se
1739 2019 2047 2074 exercente,

479 2108 533 2154 et
567 2099 683 2155 acie
729 2101 905 2169 prima
946 2110 1038 2156 aut
1091 2102 1330 2158 secunda
1359 2090 1478 2157 'hoc
1517 2101 1772 2158 faciente.
1820 2103 2052 2158 Adverte

479 2200 658 2244 autem
683 2190 1029 2260 potissimum
1060 2192 1158 2246 has
1181 2192 1516 2248 orbiculatas
1549 2208 1836 2249 cursorum
1865 2193 2050 2248 incur-

478 2280 682 2346 siones,
708 2281 799 2336 ubi
821 2281 1035 2337 diversa
1062 2291 1116 2337 et
1140 2285 1287 2338 varia
1313 2284 1488 2338 banda
1520 2285 1634 2339 sive
1657 2285 1910 2340 cohortes
1935 2285 2052 2338 fue-

479 2373 606 2437 rint,
632 2384 691 2429 ut
719 2373 772 2428 in
797 2374 934 2430 duas
957 2385 1133 2430 sortes
1156 2375 1488 2442 dividantur,
1511 2386 1566 2431 et
1603 2377 1882 2432 contrario
1911 2377 2053 2430 inter

479 2482 536 2520 se
564 2475 712 2520 motu
741 2474 983 2532 currant,
1018 2475 1071 2520 et
1101 2468 1314 2521 obviam
1346 2469 1448 2522 sibi
1485 2480 1671 2523 mutuo
1705 2468 1856 2532 fiant,
1883 2469 2050 2523 altera

480 2557 633 2623 foris,
663 2559 828 2612 altera
871 2559 1100 2612 interius
1139 2559 1434 2622 currendo,
1467 2569 1524 2612 ut
1559 2576 1623 2614 ne
1665 2561 2054 2631 impedimento

479 2650 756 2720 equitibus
787 2651 916 2705 sint.

551 2760 640 2816 47.
681 2761 882 2817 Deinde
919 2765 1162 2817 latrones
1200 2764 1314 2818 sive
1356 2763 1629 2819 lateranos
1651 2775 1703 2819 et
1723 2765 2052 2831 cornistites,

484 2855 534 2907 id
580 2862 692 2915 est,
737 2869 831 2908 eos
875 2854 966 2923 qui
1011 2855 1077 2908 ad
1125 2854 1547 2910 circumdandos
1587 2871 1615 2908 a
1663 2856 1849 2909 dextra
1904 2867 2056 2926 parte

486 2949 667 3003 hostes
703 2947 962 3011 locatnri,
994 2947 1280 3016 separatim
1325 2963 1448 3002 cum
1487 2949 1591 3002 illis
1635 2949 1964 3018 δρουγγιστὶ,
2003 2949 2056 3004 id

483 3047 588 3101 est,
622 3037 908 3092 confertim
932 3049 984 3094 et
1011 3039 1172 3093 simul
1197 3039 1528 3092 incursando
1558 3055 1832 3093 exerceas.
1874 3038 1976 3094 Sed
2005 3040 2055 3094 id

482 3133 758 3204 praedictis
772 3133 839 3188 de
861 3133 1044 3188 causis
1063 3142 1324 3202 quantum
1357 3143 1510 3202 potes
1530 3132 1837 3187 clanculum
1865 3132 2051 3187 facias.
2083 3167 2124 3224 ο

553 3249 642 3304 48.
681 3246 866 3318 Itaque
894 3247 936 3302 si
969 3247 1124 3318 quasi
1148 3247 1410 3302 adversus
1445 3246 1618 3301 aciem
1652 3246 1888 3300 hostium
1921 3246 2053 3300 emi-

485 3356 588 3396 nus
622 3341 1000 3404 exsistentem,
1041 3348 1164 3393 tuos
1197 3337 1544 3401 instruxeris,
1589 3351 1784 3391 accura
1826 3345 1883 3389 ut
1911 3350 2054 3388 exae-

485 3444 723 3504 quentur
750 3433 876 3497 illis,
910 3442 964 3488 et
1000 3448 1105 3486 non
1143 3430 1645 3485 circumveniantur
1675 3428 1742 3481 ab
1779 3428 1867 3481 iis.
1902 3425 1956 3480 ln
1991 3426 2054 3480 iis

485 3542 606 3597 qua:
635 3526 882 3582 cominus
912 3535 1040 3581 sunt
1069 3523 1264 3595 perﬁce
1299 3531 1358 3579 ut
1389 3523 1575 3578 hostes
1604 3537 1631 3577 a
1668 3521 1776 3576 tuis
1818 3519 2054 3574 circnm-

487 3619 702 3686 dentur,
735 3619 922 3690 paucis
953 3618 1224 3690 equitibus
1266 3632 1363 3686 per
1398 3615 1665 3686 simplicia
1699 3612 2055 3669 contubernia

489 3729 663 3782 usque
707 3713 769 3766 ad
812 3713 972 3766 unius
1009 3722 1173 3780 atque
1213 3708 1716 3764 aiteriuscohortis
1749 3703 2055 3759 multitudi-

489 3821 610 3858 nem
648 3803 804 3872 quasi
852 3805 1102 3858 hostibus
1146 3802 1480 3873 prmpositis,
1523 3809 1582 3854 ut
1623 3799 1914 3851 adversum
1965 3810 2056 3848 eos

491 3907 602 3950 tum
639 3896 704 3948 ad
747 3897 1072 3958 lunandum,
1119 3905 1231 3948 tum
1261 3894 1326 3946 ad
1363 3890 1900 3947 circuniveniemlum
1939 3903 2057 3950 eos,

490 3988 803 4042 cei-nistites
844 3987 1100 4053 dirigant.
1150 3983 1350 4037 Deinde
1393 3984 1470 4037 sic
1498 3982 1588 4050 qui
1629 3995 1752 4032 eum
1797 3978 1904 4032 illis
1935 3993 2058 4029 ver-

491 4090 710 4136 santur.
731 4076 1044 4146 δρουγγιστὶ
1065 4074 1216 4144 quasi
1249 4089 1398 4127 maza
1429 4072 1590 4127 simul
1620 4069 1923 4124 clanculum
1959 4066 2057 4136 ipsi

493 4173 590 4227 snli
616 4171 681 4226 de
712 4170 1008 4240 improviso
1029 4166 1377 4222 contentione
1408 4165 1643 4234 quadam
1669 4163 1829 4216 celeri
1863 4175 2058 4214 excur-

493 4275 697 4324 renles.
727 4279 757 4319 a
798 4273 968 4334 tergo,
1003 4261 1054 4316 id
1100 4270 1204 4326 est,
1242 4259 1447 4330 postica
1478 4265 1632 4328 parte
1663 4255 1900 4311 hostium
1937 4254 2059 4307 illos

495 4358 767 4411 invadant.

560 4470 648 4528 49.
676 4471 768 4525 Hae
816 4471 980 4542 igitur
1000 4468 1417 4525 exercitationes
1442 4465 1715 4534 simplices
1740 4470 1885 4524 sunt,
1909 4475 2058 4516 com-

492 4566 730 4620 muniter
763 4573 939 4618 tamen
973 4563 1170 4617 multas
1189 4560 1465 4622 cohortes,
1505 4567 1557 4611 et
1590 4554 1838 4626 privatim
1872 4566 2063 4604 unam-

491 4673 767 4730 quamque
817 4657 1096 4712 cohortem
1143 4653 1336 4707 idonee
1387 4660 1673 4711 exercent,
1724 4661 1776 4701 et
1826 4645 2061 4699 inimicis

494 4751 640 4805 acies
673 4756 860 4803 nostra
897 4747 1120 4800 minime
1149 4744 1414 4814 aperitur.
1442 4743 1562 4798 Istae
1607 4739 2060 4795 exercitationum

496 4840 683 4896 forma:
703 4839 921 4910 scriptis
949 4837 1223 4892 tradenda:
1245 4835 1576 4890 turmarchis
1601 4834 1705 4888 tuis
1730 4841 1882 4894 sunt,
1903 4839 1958 4885 et
1978 4844 2063 4884 re-

495 4934 660 5004 liquis
689 4931 1011 4988 cohortibus
1038 4945 1160 5001 qua:
1182 4929 1476 4999 separatim
1505 4937 1852 4980 exercentur.

567 5128 656 5183 50.
695 5127 1038 5184 Assuefarito
1064 5129 1126 5183 ad
1155 5127 1467 5199 hujnsmodi
1491 5126 1930 5190 exercitationes,
1955 5142 2061 5182 non

497 5224 671 5274 solum
709 5222 760 5274 in
794 5222 1215 5290 campestribus,
1249 5220 1340 5275 sed
1375 5219 1538 5273 etiam
1573 5218 1624 5272 in
1660 5217 1796 5273 aviis
1824 5226 1879 5272 et
1909 5232 2064 5286 aspc-

497 5317 594 5377 ris,
625 5315 676 5368 in
707 5313 895 5368 arduis
927 5322 979 5367 et
1011 5313 1330 5375 acclivibus,
1364 5311 1416 5365 in
1453 5311 1758 5366 declivibus
1787 5322 1840 5366 et
1873 5309 2060 5380 pronis

494 5406 666 5462 locis:
699 5416 751 5461 et
781 5407 898 5475 ipso
934 5413 1100 5460 aestus
1140 5403 1537 5473 squallorisquc
1557 5409 1798 5473 tempore
1827 5401 1953 5455 utile
1977 5406 2062 5454 est

2144 559 2266 612 σθαι
2300 560 2394 613 σὺν
2415 558 2605 630 ὲλασίᾳ
2625 557 2718 612 τοῦ
2745 557 3078 629 κούρσωρος,
3125 559 3217 611 καὶ
3243 558 3576 629 χωρίζεσθαι
3603 558 3718 611 τῶν

2141 649 2468 720 διφεστόρων
2491 651 2590 720 (7),
2616 650 2710 704 καὶ
2732 649 3025 721 τρέχοντας
3075 650 3162 703 ἐπ’
3201 649 3418 713 εὐθείας
3466 649 3540 713 ὡς
3574 649 3631 702 εν
3680 650 3719 721 ἢ

2141 741 2394 810 δεύτερον
2421 741 2586 811 μίλιν,
2615 741 2984 811 ὑποστρέφειν
3022 740 3127 803 ἓως
3175 741 3268 794 τοῦ
3301 741 3541 812 ἡμίσεως
3571 743 3722 796 ὲκεί-

2143 833 2646 903 νου,διαστήματος,
2671 832 2766 886 καὶ
2801 831 3148 895 ὲκκλίνοντας
3203 832 3330 885 ποτὲ
3389 833 3485 901 μὲν
3541 832 3720 899 δεξιὰ,

2145 922 2272 974 ποτὲ
2294 922 2350 975 δὲ
2375 922 2636 994 ἀριστερὰ
2657 923 2890 993 τρέχειν,
2917 922 3091 985 οὕτως
3117 922 3173 975 δὲ
3223 925 3399 975 ποιεῖν
3419 923 3513 976 καὶ
3532 924 3722 994 τρίτον

2144 1012 2238 1066 καὶ
2265 1012 2539 1080 τέταρτον,
2577 1009 2695 1066 εἶτα
2752 1012 2912 1067 πάλιν
2962 1011 3285 1076 κυκλοειδῶς
3312 1011 3572 1076 έλαύνειν,
3620 1014 3722 1067 καὶ

2147 1104 2284 1175 μετὰ
2309 1103 2479 1157 ταῦτα
2500 1107 2931 1176 προστρέχοντας
2964 1107 3022 1157 ὲν
3061 1103 3138 1174 τῷ
3171 1105 3372 1174 μεταξὺ
3406 1105 3554 1174 τόπῳ
3607 1105 3722 1156 τῶν

2143 1195 2508 1266 διφενσώρων,
2543 1195 2664 1250 ὅθεν
2693 1196 2785 1248 καὶ
2815 1195 3059 1266 ἐξῆλθον,
3091 1195 3225 1265 μετὰ
3247 1195 3352 1248 τῶν
3375 1195 3450 1258 ὡς
3479 1197 3537 1248 ὲν
3563 1194 3720 1262 τάξει

2143 1286 2490 1354 διφενσὼρων
2543 1285 2809 1353 ἐλαύνειν,
2851 1285 2926 1350 ὡς
2958 1286 3037 1349 είς
3068 1286 3372 1356 ἀπάντησιν
3399 1287 3506 1339 τῶν
3544 1303 3720 1340 κατα-

2145 1377 2452 1430 διωκόντων
2473 1376 2691 1440 αὐτούς.

2220 1463 2322 1536 με’.
2353 1465 2507 1520 Οὕτω
2543 1467 2600 1520 δὲ
2631 1469 2802 1520 ποιεῖν
2831 1469 2926 1520 καὶ⁵
2961 1466 3227 1538 δρούγγου
3255 1467 3671 1538 γυμναζομένου
3699 1484 3716 1499 ο

2148 1559 2240 1611 καὶ
2271 1558 2341 1611 τὰ
2373 1559 2472 1627 μὲν
2494 1558 2601 1612 τῶν
2627 1558 2834 1628 βάνδων
2881 1558 3046 1612 αὐτοῦ
3095 1560 3315 1613 τάσσειν
3372 1559 3721 1630 κούρσωρας,

2145 1650 2216 1704 τὰ
2241 1650 2298 1703 δὲ
2337 1650 2690 1720 διφένσωρας,
2713 1651 2809 1704 καὶ
2833 1650 2992 1705 πάλιν
3021 1651 3360 1705 ὲναλλάσσειν
3386 1651 3543 1714 αὐτὰ,
3577 1651 3725 1704 ὥστε

2152 1742 2243 1814 [τά
2277 1739 2398 1812 μὲν]
2422 1743 2548 1804 τοὺς
2569 1739 2908 1812 κούρσωρας,
2941 1741 3008 1795 τὰ
3036 1742 3090 1795 δὲ
3123 1743 3491 1814 διαφένσωρας
3523 1746 3723 1806 ποιεῖν,

2151 1834 2245 1887 καὶ
2297 1833 2425 1895 τοὺς
2483 1833 2878 1902 διαφένσωρας,
2949 1833 3089 1887 ὥστε
3139 1833 3276 1903 πρὸς
3327 1835 3425 1903 τὴν
3457 1833 3728 1888 δοκοῦσαν

2151 1928 2338 1999 χρείαν
2374 1927 2624 1997 ἑτοίμους
2647 1927 2845 1989 αὐτοὺς
2875 1922 3034 1981 εἶναι.

2221 2020 2338 2093 μς¹.
2380 2021 2612 2092 Ὁμοίως
2659 2020 2717 2073 δὲ
2778 2021 2950 2074 ποιεῖν
2977 2019 3069 2072 καὶ
3101 2019 3344 2089 τούρμας
3372 2018 3728 2088 γυμναζομέ-

2151 2132 2248 2184 νης
2273 2110 2632 2184 παρατάξεως
2650 2111 2897 2182 πρώτης,
2929 2111 3022 2165 καὶ
3051 2109 3408 2180 παρατάξεως
3435 2111 3720 2180 δευτέρας.

2165 2203 2489 2272 Ἐπισκέψαι
2544 2203 2601 2256 δὲ
2652 2204 2732 2265 είς
2790 2201 2891 2265 τάς
2945 2200 3276 2262 κυκλοειδεῖς
3333 2199 3552 2263 ὲλασίας
3613 2199 3729 2253 τῶν

2153 2295 2483 2367 κουρσὼρων
2536 2295 2669 2349 ὅπου
2705 2293 2933 2364 διάφορα
2970 2292 3132 2362 pausa
3185 2290 3553 2362 εὑρίσκονται,
3579 2289 3729 2344 ὥστε

2154 2392 2232 2452 εἰς
2277 2386 2372 2440 δύο
2425 2385 2600 2455 ἀρχὰς
2632 2384 2804 2438 ταῦτα
2849 2382 3186 2454 μερίζεσθαι,
3221 2382 3316 2436 καὶ
3349 2381 3594 2435 ἐλαύνειν
3624 2381 3730 2451 τὴν

2153 2479 2402 2534 ἐναντίαν
2453 2477 2718 2546 ἀλλήλων,
2774 2477 2867 2529 καὶ
2910 2476 3002 2528 ὑπ’
3051 2474 3220 2538 αὐτὰς
3242 2474 3339 2538 τὰς
3364 2473 3556 2545 ἀρχάς,
3626 2473 3731 2543 τὴν

2157 2573 2258 2642 μὲν
2293 2569 2420 2641 μίαν
2439 2569 2564 2636 ἔξω,
2593 2568 2693 2638 τὴν
2719 2568 2775 2621 δὲ
2809 2569 3065 2637 δευτέραν
3098 2566 3350 2637 ἐσωτέρω
3382 2565 3614 2638 τρέχειν,
3638 2567 3730 2619 ἵνα

2159 2664 2234 2735 μὴ
2261 2662 2696 2735 προσκρούματα
2720 2659 3102 2732 καόαλλαρίων
3131 2659 3408 2728 γίνωνται.

2226 2775 2334 2850 με’.
2396 2778 2523 2832 Δέον
2575 2777 2632 2831 δὲ
2691 2777 2788 2832 καὶ
2834 2775 3301 2846 πλαγιοφύλακας,
3335 2776 3429 2829 καὶ
3479 2775 3724 2844 ὑπερκε-

2159 2869 2384 2944 ραστὰς,
2417 2870 2584 2940 ἤγουν
2613 2869 2739 2932 τοὺς
2766 2868 2864 2926 τὰς
2887 2866 3188 2929 κυκλώσεις
3230 2866 3338 2918 ἀπὸ
3396 2863 3488 2918 τοῦ
3548 2863 3728 2930 δεξιοῦ

2163 2960 2360 3031 μέρους
2423 2958 2712 3022 ποιοῦντας
2787 2957 2930 3021 tam;
2987 2957 3123 3028 μετὰ
3169 2955 3344 3010 αὐτῶν
3392 2956 3730 3026 δρουγγιστὶ,

2159 3053 2323 3123 ἡγο.ν
2367 3053 2602 3114 πυκνοὺς
2657 3051 2750 3104 καὶ
2799 3049 2933 3118 ὁμοῦ
2991 3048 3362 3117 ἐμπίπτοντας
3403 3045 3726 3114 γυμνάζειν,

2159 3145 2528 3206 λανθανὸντιος
2566 3143 2622 3194 δὲ
2655 3141 2723 3193 δι’
2748 3141 2815 3210 ἣν
2840 3139 3098 3210 ἀνωτέρω
3130 3139 3354 3208 εἴπομεν
3383 3137 3582 3191 αἰτίαν.

2227 3263 2335 3323 μην.
2371 3255 2532 3307 Ὥστε
2591 3255 2670 3315 είς
2719 3253 2817 3322 μὲν
2846 3251 2944 3316 τὰς
2988 3251 3336 3323 μακροτέρας
3393 3250 3730 3322 παρατάξεις

2154 3347 2264 3402 τῶν
2292 3346 2546 3399 ἐναντίων
2576 3346 2663 3398 ἵνα
2707 3345 2947 3408 ίσῶνται,
2979 3346 3076 3398 καὶ
3112 3345 3186 3414 μὴ
3245 3344 3304 3398 ὲν
3351 3343 3481 3413 περὶ
3524 3342 3729 3412 λαμβά-

2156 3456 2349 3493 νωνται
2371 3438 2446 3508 (8)
2479 3436 2569 3490 ὑπ’
2620 3435 2800 3490 αὐτῶν
2823 3452 2838 3466 ’
2871 3435 3012 3488 κατὰ
3051 3435 3108 3487 δὲ
3138 3433 3258 3486 τῶν·
3280 3433 3604 3502 κοντοτέρων
3649 3433 3728 3495 είς

2155 3528 2216 3582 τὸ
2250 3530 2348 3590 τὰς
2378 3525 2679 3589 κυκλώσεις
2724 3524 2998 3578 ποιεῖσθαι
3045 3521 3517 3592 ἀντιτασσομένων
3550 3520 3727 3574 αὐτῶν

2156 3622 2352 3689 ὀλίγων
2383 3615 2763 3688 καϐαλλαρίων
2815 3618 2907 3668 ἐπὶ
2932 3615 3110 3685 ἁπλῆς
3144 3615 3306 3677 ἀκίας
3360 3613 3490 3683 ἄχρι
3529 3610 3648 3673 ἑνδς
3693 3611 3724 3680 ἢ

2157 3712 2408 3781 δευτέρου
2438 3709 2653 3780 βάνδου,
2688 3709 2763 3772 ὡς
2795 3706 3060 3772 ἐναντίου,
3096 3707 3183 3760 ἵνα
3231 3705 3368 3776 πρὸς
3403 3705 3602 3765 αὐτοὺς
3631 3719 3726 3754 κα·

2158 3801 2438 3866 νονίζωσιν
2459 3802 2509 3854 οἱ
2548 3800 2959 3870 ὑπερκερασταὶ
2989 3799 3256 3870 πρότερον
3287 3799 3603 3868 ὑπερκερᾷν
3629 3796 3728 3848 αὑ-

2159 3895 2304 3956 τοὺς,
2336 3893 2452 3964 ἤτοι
2483 3890 2740 3945 κυκλοῦν.
2779 3887 2891 3944 Εἶθ’
2926 3889 3100 3953 οὕτως
3160 3889 3502 3952 συνελθόντες
3533 3888 3727 3949 αὐτοὺς

2160 3984 2495 4052 δρουγγιστὶ,
2513 3983 2680 4052 ἤγουν
2707 3981 2782 4044 ὡς
2817 3980 2984 4048 μάζα,
3009 3979 3144 4052 ὁμοῦ
3181 3979 3553 4042 λανθανόντως
3578 3978 3731 4030 αὐτοὶ

2164 4075 2317 4144 μόνοι
2350 4076 2504 4141 ἄφνω
2535 4070 2959 4141 ὑπεξερχόμενοι
2998 4071 3135 4141 μετά
3165 4069 3381 4133 ὲλασίας
3423 4068 3600 4133 ὀξείας
3654 4065 3731 4135 τῷ

2161 4167 2313 4237 νώτῳ
2366 4167 2532 4235 ἤγουν
2567 4161 2706 4217 κατὰ
2758 4161 2820 4214 τὸ
2853 4160 3080 4216 δπισθεν
3121 4162 3230 4216 τῶν
3263 4159 3525 4215 ἐναντίων
3553 4157 3730 4213 ἐπιτί-

2163 4257 2367 4312 θενται.

2240 4456 2345 4525 μθ’.
2407 4449 2578 4509 Λῦται
2637 4449 2729 4508 οὖν
2784 4451 3166 4523 αίγυμνασίαι
3223 4450 3391 4504 ἁπλαῖ
3420 4448 3578 4501 εἰσιν.
3623 4446 3736 4500 Καὶ

2167 4547 2358 4610 κοινῶς
2388 4547 2443 4599 δὲ
2480 4545 2646 4599 πολλὰ
2684 4545 2942 4614 τάγματα
2994 4545 3088 4596 καὶ
3121 4542 3263 4605 ἰδίως
3302 4541 3462 4594 πάλιν
3493 4543 3550 4592 ὲν
3607 4538 3737 4604 τάγ·

2172 4657 2299 4708 ματι
2347 4639 2422 4709 (9)
2479 4639 2749 4710 ἁρμοδίως
2809 4639 3168 4706 γυμνάζουσι,
3201 4636 3293 4686 καὶ
3345 4634 3457 4692 τοῖς
3524 4629 3738 4699 ἐχθροῖς

2169 4729 2442 4797 ἄγνωστος
2469 4731 2502 4798 ἡ
2536 4729 2687 4793 τάξις
2717 4726 3064 4796 φυλάττεται,
3093 4726 3185 4779 καὶ
3214 4725 3334 4778 δέον
3359 4739 3440 4783 σε,
3469 4715 3514 4774 ὦ
3539 4738 3735 4791 στρατ-

2172 4822 2296 4890 ηγὲ,
2331 4819 2534 4878 ταύτας
2569 4821 2668 4881 τὰς
2729 4819 3037 4889 γυμνασίας
3096 4817 3388 4888 ἐγγράφως
3410 4814 3589 4868 δοῦναι
3643 4813 3739 4865 καὶ

2161 4915 2288 4976 τοὺς
2340 4913 2444 4964 ὑπὸ
2473 4913 2531 4964 σὲ
2572 4910 2925 4981 τουρμάρχας
2985 4911 3079 4963 καὶ
3135 4911 3245 4970 τοῖς
3293 4906 3474 4968 ἄλλοις
3491 4906 3600 4967 τοῖς
3633 4903 3740 4975 ἰδίᾳ

2165 5002 2594 5076 γυμναζομένοις
2625 5003 2921 5074 τάγμασιν.

2234 5121 2297 5175 ν’.
2335 5117 2562 5183 Ἐθίζειν
2593 5119 2650 5172 δὲ
2693 5119 2793 5182 τὰς
2839 5117 3096 5178 τοιαύτας
3127 5115 3434 5185 γυμνασίας
3471 5113 3545 5183 μὴ
3577 5111 3737 5180 μόνον

2165 5216 2222 5266 ὲν
2275 5212 2516 5283 ὁμαλοῖς,
2549 5210 2684 5264 ἀλλὰ
2719 5210 2811 5262 καὶ
2872 5211 2930 5262 ἐν
2955 5207 3240 5268 δυσϐάτοις
3283 5207 3492 5268 τόποις,
3526 5203 3619 5256 καὶ
3657 5203 3736 5254 είς

2167 5305 2423 5374 ὑψηλοὺς,
2453 5305 2548 5356 καὶ
2581 5305 2658 5364 είς
2682 5301 3039 5371 κατωφερεῖς,
3080 5299 3173 5352 καὶ
3220 5299 3278 5350 ὲν
3304 5297 3480 5368 καιρῷ
3515 5295 3570 5347 δὲ
3611 5293 3735 5346 καύ-

2169 5411 2338 5456 σωνος
2375 5393 2537 5446 καλόν
2574 5393 2688 5444 ἐστι
2717 5391 3014 5460 γυμνάζειν
3048 5388 3142 5441 καὶ
3182 5386 3384 5450 ἐθίζειν
3418 5387 3509 5440 τὸν
3573 5400 3739 5453 στραι-

2001 5511 2235 5570 ῙΝΟΤΑΣ.

568 5637 643 5701 l7)
699 5638 1085 5707 Διεςεστόρων.
1117 5636 1325 5707 Scribe,
1361 5635 1749 5707 διαιρενσόρων.

495 5710 644 5838 σάος)
667 5703 774 5762 ’1ἰῦ
801 5711 926 5777 rupi
953 5703 1395 5777 .lalté'drwvrat.
1445 5706 1638 5760 Scribe
1667 5745 1682 5772 ,
1711 5703 2055 5777 ἐμπεριλαμ-

569 5796 786 5838 moveat.

2225 5631 2300 5698 (9)
2326 5631 2428 5685 Ἐν
2445 5628 2710 5697 τάγματι.
2744 5627 2970 5700 Scr_ihc,_
3009 5625 3067 5676 ἓν
3099 5623 3284 5693 τάγμα
3313 5641 3386 5700 τι.
3447 5620 3736 5700 Qumycro

2167 5692 2365 5757 ibidem
2422 5692 2750 5768 sequuntur,
2797 5697 2867 5750 τὰ
2895 5695 3186 5763 ’τάγματα,
3215 5692 3221 5693 ⁷
3255 5692 3393 5748 Inaic
3464 5692 3734 5763 geminata

2167 5787 2364 5830 censeo
2398 5787 2412 5835 ;
2447 5772 2628 5836 itaque
2650 5768 2898 5823 delenda.
