4080 6218
347 362 458 427 ’149

1443 328 1778 428 TACTICA.
1813 393 1882 408 --
1914 368 2423 432 CONSTITUTIO
2458 369 2585 430 v11.

3521 374 3624 436 750

349 475 464 529 τόν.
491 470 681 537 οὐδεὶς
710 471 819 544 γάρ
846 463 957 526 οἶδε
986 469 1118 526 πότε
1144 469 1488 544 συμῦήσεται
1515 474 1688 547 μάχη,
1718 476 1816 530 καὶ
1840 475 1929 530 rei

2053 478 2350 533 satientinm
2385 478 2635 534 laborum
2671 491 2931 533 exercere
2978 476 3182 532 milites
3211 489 3227 530 :
3276 491 3440 532 nemo
3475 479 3621 534 enim

354 565 717 638 συμϐήσεται.

424 751 528 800 να’.
563 744 685 813 Χρὴ
709 743 819 816 γὰρ
839 742 1013 808 οὓτως
1062 742 1160 817 τὴν
1188 747 1499 816 γυμνασίαν
1557 747 1832 801 ποιεῖσθαι
1866 747 1941 811 ὡς

357 837 451 891 ἐπὶ
481 834 649 890 αὐτοῦ
679 834 775 889 τοῦ
809 835 1073 906 πολέμου.
1096 835 1189 891 Διδ
1219 837 1318 893 καὶ
1343 839 1505 911 ἡμεῖς
1541 837 1632 893 διὰ
1657 839 1721 892 τὸ
1748 838 1943 909 χρήσι-

358 947 458 1001 μον
487 929 583 984 καὶ
611 929 682 983 τὰ
711 928 770 982 ὲν
795 927 974 999 καιρῷ
1023 928 1266 999 πολέμου
1318 929 1555 985 ἐνταῦθα
1612 931 1941 1001 εἰρήκαμεν.

355 1024 431 1081 Τὸ
479 1023 589 1094 γὰρ
636 1022 775 1095 πρὸς
805 1022 932 1086 τοὺς
991 1021 1269 1087 κινδύνους
1319 1020 1596 1088 ἐθίζεσθαι
1633 1021 1940 1093 ἀνδρειοτέ-

360 1131 488 1188 ρους
517 1114 642 1178 τοὺς
679 1110 1024 1181 στρατιώτας
1057 1114 1223 1167 ποιεῖ.

429 1205 529 1276 νβ’.
577 1203 731 1260 Ἐπεὶ
755 1205 813 1258 δὲ
844 1204 945 1276 τὴν
976 1205 1088 1260 τῶν
1126 1204 1511 1278 καδαλλαρίων
1545 1206 1854 1279 γυμνασίαν
1879 1206 1945 1259 ὲκ

360 1299 562 1368 μέρους
614 1295 1001 1366 διεταξάμεθα,
1035 1295 1214 1367 χρεών
1259 1296 1409 1350 εστιν
1453 1297 1658 1368 ὁμοίως
1705 1297 1802 1351 καὶ
1844 1298 1944 1367 τὴν

357 1389 465 1442 τῶν
490 1387 733 1453 πεζικῶν
763 1387 1065 1458 ταγμάτων
1090 1387 1401 1459 γυμνασίαν
1454 1405 1538 1442 σοι
1580 1387 1940 1460 διορίσασθαι,

355 1482 482 1535 ὅσον
533 1482 599 1536 ὲκ
631 1479 741 1534 τῶν
793 1478 1041 1552 ἀρχαίων
1092 1480 1392 1547 τακτικῶν,
1425 1481 1519 1536 καὶ
1548 1480 1674 1535 ὅσον
1718 1481 1784 1534 ἐκ
1832 1478 1943 1534 τῶν

357 1574 493 1627 νέων
527 1572 970 1645 παρειλήφαμεν.

429 1662 531 1734 νγν.
579 1663 885 1737 ὐρίζονται
944 1662 1055 1734 (10)
1085 1661 1268 1717 τοίνυν
1307 1665 1365 1717 αί
1393 1664 1548 1719 ἁκίαι
1578 1663 1796 1737 πρῶτον
1850 1663 1945 1718 τὸν

359 1760 455 1813 τοῦ
482 1756 708 1824 πεζικοῦ
730 1757 1013 1829 τάγματος
1046 1757 1183 1828 (ii),
1223 1757 1406 1822 καθὼς
1437 1756 1551 1812 ἄνω
1579 1774 1685 1811 που
1724 1755 1941 1828 ἐσημά-

2044 568 2148 624 scit
2181 583 2292 639 quo
2331 577 2576 639 tempore
2613 567 2814 622 bellum
2867 567 3148 631 futurum,
3189 577 3243 621 ct
3273 568 3533 637 quidnam
3568 571 3623 625 in

2044 658 2188 716 bello
2220 676 2324 717 usu
2355 670 2646 716 venturum
2680 660 2776 715 sit.

2114 751 2205 807 5|.
2242 750 2322 806 ita
2352 749 2677 806 exercitatio
2713 748 3079 815 instituenda,
3114 749 3269 817 quasi
3308 749 3504 804 bellum
3543 750 3625 819 ip-

2045 859 2166 899 sum
2214 852 2517 914 gereretur.
2568 841 2754 912 Itaque
2808 840 3061 897 utilitatis
3107 857 3276 897 causa
3324 856 3394 897 ne
3447 840 3627 897 bellici

2043 936 2264 1008 quidem
2317 934 2580 1006 temporis
2629 932 2936 990 similitudo
2983 933 3444 1004 praetermittenda
3507 942 3627 989 est:

2045 1043 2174 1082 nam
2201 1029 2318 1083 haec
2338 1026 2673 1084 assuefactio
2703 1026 3075 1098 periculorum
3099 1026 3260 1097 longe
3291 1025 3629 1081 robustiores

2045 1119 2252 1176 milites
2283 1118 2438 1175 facit.

2117 1214 2207 1269 52.
2233 1213 2504 1281 Quoniam
2528 1220 2839 1283 equestrem
2869 1211 3313 1267 exercitationem
3354 1210 3535 1280 aliqua
3566 1216 3632 1266 ex

2046 1316 2200 1379 parte
2240 1306 2543 1378 attigimus,
2592 1304 2673 1362 sic
2712 1302 2982 1374 pedestris
3010 1302 3147 1357 aciei
3183 1301 3631 1357 exercitationem

2047 1414 2154 1454 non
2189 1396 2700 1469 prmtermittemus,
2737 1409 2902 1465 quam
2933 1392 3019 1447 vel
3050 1409 3115 1447 ex
3152 1393 3428 1462 antiquis,
3456 1394 3537 1447 vel
3568 1410 3631 1450 ex

2044 1490 2450 1548 recentioribus
2490 1488 2571 1563 rei
2600 1487 2860 1543 militaris
2900 1485 3264 1556 scriptoribus
3297 1483 3632 1554 accepimus.

2117 1671 2205 1727 53.
2246 1669 2522 1726 Pedestris
2574 1670 2710 1725 aciei
2744 1668 2982 1740 primum
3030 1670 3389 1727 contubernia
3418 1670 3620 1727 deseri-

2047 1763 2268 1827 bantur,
2298 1758 2766 1830 quemadmodum
2802 1767 2964 1815 antea
2994 1761 3376 1831 praecepimus,
3402 1770 3462 1815 ut
3487 1775 3635 1829 quie-

360 1870 536 1924 ναμεν
563 1890 579 1917 ,
611 1851 755 1905 ὥστε
785 1850 1084 1905 τάσσεσθαι
1106 1848 1261 1913 τινάς
1319 1850 1419 1921 μὲν
1455 1849 1744 1921 ἀριστερᾷ,
1794 1848 1947 1912 τινὰς

2053 1854 2173 1910 dam
2209 1854 2275 1909 ad
2307 1853 2519 1916 laevam,
2565 1852 2814 1924 quaedam
2854 1851 2921 1907 ad
2962 1851 3206 1908 dextram
3245 1852 3491 1907 cohortis
3517 1853 3634 1906 sive

360 1946 418 1999 δὲ
442 1944 592 2016 δεξιᾷ
622 1941 718 1998 τοῦ
747 1942 963 2012 nemo,
993 1942 1113 2012 ἦτοι
1181 1941 1278 1997 τοῦ
1312 1942 1599 2013 ἄρχοντος.
1664 1940 1777 1995 Καὶ
1823 1955 1953 2009 προ-

363 2035 733 2108 πορευομένου
760 2032 856 2088 τοῦ
885 2034 1145 2105 ἄρχοντος
1198 2034 1317 2103 ἅμα
1350 2031 1430 2104 τῷ
1460 2031 1795 2104 βανδοφόρῳ,
1857 2030 1952 2083 καὶ⁹

362 2129 440 2200 τῷ
463 2127 778 2199 μανδάτωρι
802 2165 819 2193 ,
878 2127 973 2181 καὶ
1026 2125 1387 2197 βουκινάτωρι
1413 2165 1431 2193 ,
1468 2123 1950 2189 ἐπακολουθοῦσιν,

361 2220 437 2278 ὡς
468 2220 798 2293 ὡρίσθησαν,
825 2219 1073 2291 ὀλιχαγοὶ
1104 2220 1242 2292 (l2),
1266 2220 1435 2293 ἦγουν
1463 2221 1512 2273 οῖ
1544 2219 1949 2291 πρωτοστάται,

268 2384 276 2391 ο
361 2312 699 2385 ἢδέκαρκοι,
740 2310 958 2383 πρῶτον
995 2311 1047 2365 οἱ
1089 2311 1186 2365 τοῦ
1223 2311 1518 2384 ἀριστεροῦ
1569 2310 1792 2383 μέρους,
1854 2309 1951 2365 καὶ

359 2407 481 2459 τότε
505 2405 598 2460 τοῦ
624 2404 824 2473 δεξιοῦ.

431 2497 525 2554 νδ⁹.
588 2497 903 2570 Γενομένων
947 2499 1005 2553 δὲ
1042 2498 1226 2554 αὐτῶν
1275 2500 1335 2552 ἐν
1361 2497 1439 2569 τῷ
1483 2498 1585 2569 τῆς
1642 2496 1953 2570 γυμνασίας

359 2593 533 2664 τόπῳ,
565 2594 598 2665 ἢ
621 2593 723 2664 τῆς
748 2591 1130 2664 παρατάξεως,
1156 2592 1370 2647 ἵσταται
1398 2592 1428 2646 6
1456 2591 1660 2663 ἄρχων,
1693 2592 1788 2645 καὶ
1814 2591 1953 2663 μετά

361 2686 526 2741 αὑτὸν
570 2687 601 2740 6
662 2684 1007 2758 βανδοφόρος,
1064 2685 1159 2739 καὶ
1205 2684 1260 2738 cf
1302 2700 1386 2748 τις
1424 2683 1611 2755 ἔτερος
1661 2682 1802 2737 κατὰ
1829 2699 1954 2738 συν·

362 2777 568 2849 ήθειαν.
598 2777 706 2830 Καὶ
724 2771 1166 2847 παρατάσσονται
1190 2776 1346 2831 αὐτοὶ
1375 2774 1529 2829 ἔνθεν
1557 2774 1652 2830 καὶ¹
1685 2773 1944 2829 κάκεῖθεν

361 2871 420 2925 αἱ
460 2868 614 2924 ὰκίαι
640 2867 1075 2940 ὠςὼρίσθησαν,
1127 2866 1346 2939 πρῶτον
1400 2868 1459 2922 ὲν
1501 2867 1809 2940 ἀραιοτέρῳ
1839 2868 1955 2922 δια-

366 2960 626 3033 στήματι,
651 2960 742 3014 ἵνα
776 2960 851 3032 μὴ
885 2959 1279 3031 συντρίϐωνται
1303 2959 1398 3014 ὑπ’
1424 2959 1690 3031 ἀλλήλων,
1719 2960 1829 3013 ἀπὸ
1864 2957 1951 3024 ις’

362 3053 425 3106 τὸ
472 3050 656 3122 βάθος,
685 3050 854 3122 ἦγουν
875 3052 937 3105 τδ
967 3052 1163 3121 πάχος,
1198 3050 1425 3122 ἔχουσαι
1459 3052 1554 3106 καὶ
1600 3052 1727 3105 τοὺς
1761 3051 1952 3121 ψιλοὺς

362 3143 620 3207 ὄπισθεν,
655 3143 724 3198 τά
745 3142 804 3196 δὲ
839 3142 970 3215 ξίφη
1004 3142 1113 3196 τῶν
1159 3144 1459 3216 κονταρίων
1509 3144 1622 3199 άνω
1662 3141 1952 3215 βλέποντα,

366 3236 455 3289 ῖνα
485 3234 563 3307 μὴ
586 3235 989 3306 ἔμποδίζωνται
1028 3234 1120 3289 ὑπ’
1148 3233 1350 3291 αὐτῶν.
1389 3235 1743 3307 Ἐμπροσθεν
1772 3235 1830 3289 δὲ
1852 3234 1948 3288 τοῦ

367 3326 621 3397 μετώπου
675 3325 1094 3398 περιπατοῦσιν,
1123 3328 1153 3379 ό
1207 3327 1520 3401 μανδάτωρ,
1563 3328 1593 3382 6
1645 3327 1951 3399 καμπιδού-

364 3435 536 3488 κτωρ,
574 3418 740 3487 ἧγουν
769 3419 798 3471 6
822 3417 1015 3487 ὁδηγὸς
1046 3417 1156 3471 τῶν
1183 3417 1386 3480 τόπων,
1409 3420 1438 3471 ὁ
1465 3418 1564 3489 μὲν
1593 3419 1718 3482 τοὺς
1750 3418 1951 3481 τόπους

362 3510 668 3581 ἀνερευνῶν
694 3509 787 3563 καὶ
823 3508 1056 3581 ὁδηγῶν,
1086 3513 1114 3564 6
1139 3511 1196 3565 δὲ
1240 3511 1309 3565 τά
1345 3510 1589 3583 μανδάτα
1614 3509 1807 3582 γνώμῃ
1853 3508 1949 3563 τοῦ

362 3602 626 3675 ἄρχοντος
648 3602 845 3667 διδούς.

440 3690 536 3747 νε¹.
575 3693 689 3747 Καὶ
713 3695 763 3747 εί
797 3693 898 3765 μὲν
915 3693 1101 3765 τάγμα
1153 3693 1272 3747 ἐστὶ
1309 3693 1371 3747 τὺ
1397 3692 1833 3765 γυμναζόμενον,
1860 3695 1951 3751 τὸν

361 3783 456 3839 τοῦ
485 3785 768 3856 τάγματος
794 3787 1032 3858 ἄρχοντα
1086 3786 1400 3859 ἔμπροσθεν
1433 3788 1755 3858 περιπατεῖν
1814 3788 1951 3858 μετὰ

367 3882 716 3954 μανδάτωρος
767 3884 862 3937 καὶ
914 3883 1439 3955 καμπιδούκτωρος·
1499 3884 1549 3937 εἰ
1601 3882 1660 3937 δὲ
1716 3884 1950 3955 τούρμα,

363 3971 719 4042 γυμνάζεται,
763 3972 971 4045 μηδένα
1025 3972 1337 4045 ἔμπροσθεν
1388 3977 1713 4045 περιπατεῖν
1766 3977 1817 4029 εί
1876 3975 1950 4047 μὴ

361 4066 717 4136 τουρμάρχην
782 4065 1149 4137 καόαλλάριον
1218 4066 1355 4137 μετὰ
1410 4067 1779 4139 μανδατώρων
1833 4068 1949 4133 δύο,

364 4156 870 4229 καμπιδουκτὼρων
936 4158 1033 4212 δύο
1076 4158 1216 4227 (1⁸5),
1269 4158 1583 4230 στράτωρος
1636 4157 1776 4225 ἑνὸς,
1857 4160 1953 4213 καὶ

366 4247 649 4303 σπαθάτου
704 4247 848 4312 ἑνὸς,
898 4247 1019 4319 ἤτοι
1061 4247 1156 4302 τοῦ
1179 4247 1250 4301 τὰ
1280 4247 1422 4302 ὅπλα
1443 4248 1536 4302 τοῦ
1558 4248 1816 4319 ἄρχοντος
1841 4249 1952 4319 φέ-

364 4354 572 4408 ροντος,
623 4338 729 4403 ἕως
780 4331 844 4392 οὗ
879 4338 1111 4411 πλησίον
1159 4338 1262 4410 τῆς
1304 4339 1582 4411 συμϐολῆς
1645 4341 1877 4411 γένηται
1916 4342 1950 4413 ἢ

364 4430 718 4502 παραταγῆς·
746 4432 866 4486 τότε
893 4430 951 4484 δὲ
985 4433 1044 4485 ὲν
1067 4434 1133 4503 τῇ
1168 4435 1458 4503 παρα-παγῇ
1486 4432 1745 4501 ἀσφαλῶς
1767 4434 1946 4507 εἰσέρ-

361 4536 516 4590 χεται
552 4522 610 4574 ὲν
652 4513 697 4589 ᾧ
728 4519 879 4589 τόπῳ
904 4520 967 4575 τὸ
991 4521 1183 4591 βάνδον
1207 4519 1374 4576 αὑτοῦ
1399 4522 1682 4578 τέτακται.

432 4612 542 4676 νς⁸.
591 4613 685 4686 Μὴ
735 4615 1145 4687 συμπλέκεσθαι
1205 4615 1262 4669 δὲ
1319 4614 1483 4668 αὑτὸν
1506 4617 1618 4678 τοῖς
1657 4616 1950 4684 ἐναντίοις,

363 4704 498 4776 μηδὲ
538 4702 783 4774 βούκινον
807 4703 975 4777 λέγῃς
1003 4704 1235 4759 ἑκάστου
1273 4703 1495 4774 μέρους,
1527 4703 1670 4775 πλὴν
1689 4704 1784 4759 τοῦ
1812 4723 1949 4778 μερ-

360 4799 554 4869 άρχου,
611 4796 722 4851 είτε
755 4795 890 4868 μίαν
942 4795 1191 4867 τούρμαν
1226 4795 1339 4866 ἔχει
1389 4795 1452 4848 τὸ
1487 4795 1675 4867 μέρος,
1702 4797 1810 4851 εἴτε
1834 4797 1948 4863 δύο,

359 4887 470 4943 εἴτε
504 4887 776 4956 πλείονας,
814 4888 918 4943 κᾶν
941 4889 991 4941 εἰ
1024 4887 1208 4960 συμϐῇ
1234 4887 1407 4942 πολλὰ
1432 4881 1573 4943 εἶναι
1613 4889 1681 4943 τὰ
1703 4888 1948 4959 βούκινα,

361 4982 448 5037 ἵνα
502 4981 579 5054 μὴ
608 4979 842 5053 θορύῦου
872 4981 1167 5051 γενομένου
1218 4981 1539 5035 κωλύωνται
1577 4981 1647 5034 τὰ
1702 4981 1951 5051 μανδάτα

359 5073 735 5139 ἐξακούεσθαι.
794 5073 907 5128 Καὶ
951 5075 1001 5127 οί
1068 5072 1169 5144 μὲν
1225 5072 1440 5127 ὁπλῖται
1473 5070 1650 5138 πεζοὶ,
1695 5072 1863 5141 ἤγουν
1899 5073 1948 5124 οί

359 5166 649 5221 σκουτάτοι
672 5165 963 5222 τάσσονται
986 5164 1179 5228 οὕτως.

428 5258 525 5325 νζν.
548 5260 613 5313 Οἱ
643 5258 702 5312 δι
728 5257 875 5329 ψιλοὶ
897 5258 1040 5312 κατὰ
1060 5256 1349 5328 διαφόρους
1373 5254 1606 5326 τρόπους
1629 5253 1943 5318 τάσσονται,

362 5350 530 5422 ἤγουν
559 5350 612 5404 oi
642 5348 1030 5422 ἀκροϐολισταὶ
1071 5345 1182 5404 (14‘
1246 5344 1346 5405 μὲν
1380 5343 1549 5399 πάλαι
1598 5341 1758 5397 καλοῦ
1770 5358 1945 5413 μενοι,

2053 1941 2292 2015 praefecti
2315 1942 2650 1998 collocentur
2697 1959 2711 1997 :
2753 1956 2990 2012 eumque
3012 1940 3299 2012 prefectus
3323 1941 3486 1996 simul
3509 1956 3634 1997 cum

2051 2034 2312 2108 signifero
2333 2044 2391 2090 et
2420 2033 2764 2098 mandatore,
2793 2043 2849 2089 et
2876 2033 3236 2089 buccinatore
3260 2032 3524 2103 procedit,
3549 2047 3635 2088 se-

2050 2134 2292 2198 quantur
2318 2126 2780 2196 quemadmodum
2816 2125 3103 2182 constituti
3146 2124 3367 2181 fuerant
3397 2124 3634 2195 lochagi,

2054 2220 2106 2275 id
2135 2228 2251 2284 est,
2286 2219 2555 2288 priestitcs
2588 2227 2644 2274 et
2671 2216 2869 2275 deeani
2900 2216 3113 2274 sinistri
3149 2217 3339 2274 lateris
3372 2217 3635 2289 primum,

2052 2313 2250 2371 deinde
2279 2312 2479 2369 dextri.

2125 2509 2213 2563 55.
2249 2507 2349 2564 Ubi
2385 2509 2438 2563 in
2467 2505 2880 2563 exercitationis
2903 2506 3019 2562 sive
3042 2505 3328 2561 instructa:
3357 2503 3491 2559 aciei
3519 2502 3638 2559 loco

2055 2598 2288 2658 fuerint.
2328 2607 2434 2655 stet
2468 2596 2781 2669 praefectus,
2819 2604 2874 2652 et
2919 2612 3044 2652 cum
3081 2611 3148 2652 eo
3194 2596 3446 2668 signifer,
3501 2602 3556 2649 et
3590 2595 3636 2649 si

2053 2692 2179 2763 quis
2213 2692 2355 2747 alius
2395 2706 2521 2747 eum
2555 2705 2622 2744 eo
2655 2702 2779 2744 esse
2813 2688 3137 2750 consuevit,
3185 2688 3640 2756 instruanturque

2053 2782 2415 2841 contubernia
2462 2782 2591 2837 hinc
2635 2791 2802 2852 atque
2839 2780 3028 2845 illine,
3075 2779 3344 2849 primum.
3378 2778 3642 2845 quemad-

2056 2877 2278 2933 modum
2305 2873 2636 2944 explicatum
2671 2880 2830 2927 antea
2864 2880 2968 2937 est,
2997 2872 3204 2926 laxiore
3233 2880 3285 2926 ct
3319 2869 3527 2924 rariore
3558 2869 3643 2923 in-

2058 2963 2327 3028 tervallo,
2369 2972 2430 3019 ut
2463 2977 2531 3017 ne
2566 2977 2598 3017 a
2642 2976 2702 3018 se
2743 2970 2934 3016 mutuo
2962 2961 3275 3033 afﬂigantur
3303 2979 3316 3016 :
3349 2960 3545 3015 deinde
3575 2959 3642 3015 ad

2056 3058 2296 3116 sedecim
2345 3056 2592 3110 virorum
2638 3055 3024 3118 altitudinem,
3067 3055 3120 3110 id
3157 3065 3261 3117 est,
3295 3055 3642 3122 profundita-

2059 3160 2190 3205 tem.
2228 3148 2494 3219 Cuspidcs
2544 3149 2825 3202 hastarum
2863 3163 3083 3203 sursum
3133 3157 3346 3202 erectas
3383 3148 3640 3212 habt-aut,

2056 3256 2125 3296 ne
2151 3240 2220 3295 ab
2248 3239 2354 3294 illis
2387 3238 2770 3309 impediantur.
2802 3240 2944 3294 Ante
2988 3237 3221 3293 frontem
3266 3238 3401 3293 aciei
3447 3238 3643 3292 amhu-

2052 3334 2168 3390 lent
2198 3332 2485 3388 mandator
2515 3342 2570 3387 et
2603 3331 3007 3402 eampiductor,
3037 3331 3087 3385 id
3122 3339 3231 3391 est,
3259 3330 3369 3385 dux
3405 3331 3638 3393 \ial'lllll,

2054 3428 2145 3483 hic
2169 3426 2389 3497 quidem
2420 3433 2481 3480 ut
2512 3424 2631 3479 vias
2660 3423 2899 3495 indaget,
2938 3432 2993 3479 et
3024 3440 3120 3479 eos
3150 3422 3336 3489 ducat,
3370 3422 3458 3477 ille
3493 3436 3640 3488 vero,

2054 3530 2116 3575 ut
2139 3534 2203 3575 ex
2234 3518 2465 3590 imperio
2497 3515 2744 3588 prmfecti
2787 3515 3043 3571 mandata
3075 3515 3186 3571 det.

2127 3698 2217 3753 55.
2258 3696 2318 3752 Si
2352 3695 2555 3751 cohors
2590 3692 2897 3749 exercenda
2946 3692 3048 3757 sit,
3079 3691 3323 3747 cohortis
3354 3689 3643 3761 pratfcctus

2054 3799 2179 3844 ante
2204 3804 2299 3844 eos
2328 3803 2453 3842 eum
2486 3785 2806 3841 mandatorc
2849 3793 2904 3839 et
2933 3785 3343 3855 campiductore
3371 3783 3663 3863 ambulet.3

2057 3879 2152 3934 Sin
2189 3884 2371 3933 turma
2411 3884 2757 3942 exerceatur,
2792 3891 2952 3931 nemo
2985 3875 3359 3931 anteamliulet
3390 3873 3495 3929 nisi
3530 3870 3669 3941 tur-5

2056 3970 2315 4026 marchus
2357 3979 2411 4024 et
2453 3983 2623 4039 eques
2654 3982 2780 4022 cum
2838 3966 3252 4022 mandatorihus
3300 3965 3553 4025 duohus.
3592 3971 3646 4016 et

2053 4057 2559 4131 campiductoribus
2591 4057 2839 4118 duobus.
2883 4066 3120 4131 stratore
3155 4070 3266 4111 uno
3306 4063 3361 4110 et
3393 4055 3647 4125 spathato

2055 4130 2189 4211 uno.
2233 4151 2283 4206 id
2326 4159 2431 4212 est,
2475 4148 2753 4220 armigero
2791 4147 2883 4219 qni
2920 4130 3252 4202 turm’archae
3299 4162 3449 4200 arma
3484 4148 3644 4215 gerit,

2053 4246 2228 4301 donec
2258 4256 2425 4312 prope
2450 4240 2909 4295 conflictationem
2953 4239 3124 4307 ipsam
3158 4236 3403 4292 venerint
3433 4236 3641 4303 copiae;

2056 4348 2170 4395 tum
2204 4344 2352 4392 certe
2378 4334 2446 4389 ad
2478 4334 2658 4389 locum
2683 4349 2843 4388 suum
2866 4343 2919 4388 et
2939 4333 3234 4387 stationem
3262 4329 3316 4384 in
3342 4329 3569 4384 cohorte
3593 4336 3648 4382 et

2054 4428 2237 4487 bendo
2262 4442 2366 4483 suo
2399 4434 2516 4482 tuto
2549 4425 2790 4481 accedat.

2127 4608 2218 4665 56.
2253 4606 2440 4679 Neque
2459 4621 2585 4663 cum
2609 4606 2860 4662 hostibus
2880 4603 3140 4674 conﬂigat
3165 4603 3275 4666 ille,
3302 4617 3479 4672 neque
3508 4601 3644 4657 buc-

2058 4702 2201 4765 cina,
2232 4699 2488 4772 quamvis
2517 4699 2833 4768 complures
2872 4697 3116 4760 fuerint,
3152 4696 3205 4748 in
3236 4695 3348 4749 ullo
3390 4694 3565 4765 μέρει,
3596 4692 3647 4748 id

2057 4802 2162 4860 est,
2205 4793 2401 4850 triente
2429 4790 2710 4848 exercitus
2739 4798 2997 4861 personet
3038 4787 3143 4843 nisi
3182 4785 3503 4847 merarchae,
3531 4783 3648 4838 sive

2059 4902 2224 4943 unam
2277 4894 2515 4941 turmam
2558 4883 2730 4938 triens
2775 4881 3009 4945 habeat,
3050 4879 3167 4934 sive
3227 4878 3431 4947 plures,
3466 4886 3525 4930 ut
3577 4891 3647 4929 ne

2060 4979 2295 5033 tumultu
2331 4977 2520 5047 aliquo
2554 4975 2923 5046 impediantur
2964 4970 3220 5026 mandata
3265 4967 3545 5023 exaudire.
3584 4965 3649 5019 Et

2058 5071 2241 5142 gravis
2283 5079 2587 5132 armatura,
2635 5068 2687 5121 id
2728 5076 2834 5131 est,
2879 5064 3089 5135 pedites
3130 5060 3350 5125 scutati,
3391 5059 3458 5115 ad
3501 5058 3648 5113 hunc

2055 5162 2275 5217 modum
2308 5162 2680 5217 instruuntur.

2135 5253 2225 5307 57.
2256 5251 2416 5307 Levis
2443 5260 2716 5305 armatura
2752 5248 2986 5304 diversis
3007 5245 3185 5302 modis
3212 5243 3515 5300 instruitur.
3543 5236 3646 5309 Qui

2053 5344 2198 5398 enim
2212 5342 2597 5412 ἀκροϐολισταὶ
2615 5342 2770 5405 olim,
2808 5355 2959 5395 nunc
2983 5338 3254 5410 sagittarii
3274 5337 3647 5398 nominantur,

1905 5455 2142 5514 NOTAE.

432 5577 545 5649 (10)
588 5577 930 5649 'Opffortat.
962 5577 1174 5640 Scribe,
1204 5573 1514 5649 6_p€Ctovta_t.

426 5643 546 5721 (li)
599 5643 838 5721 Πρῶτον
874 5650 981 5705 τὸν
1010 5649 1116 5703 τοῦ
1142 5643 1377 5709 πεζικοῦ
1409 5643 1719 5715 τάηιιατες.
1748 5643 1943 5703 Delen-

358 5720 492 5776 dum
517 5719 739 5781 Censen,
767 5719 874 5773 τόν.

436 5791 545 5861 112)
598 5790 921 5862 ’0.ῑιχαγοί.
966 5789 1179 5860 Scribe,
1219 5788 1555 5863 οἱλοχαγοί.,

2128 5577 2242 5642 (l5)
2266 5571 2815 5645 Κιιμπιδουκτώρων
2845 5570 2976 5626 δύο.
3006 5569 3363 5627 Scrilichatur
3382 5608 3398 5635 ,
3431 5581 3645 5636 καμπι-

2058 5647 2267 5785 vis???
2286 5646 2747 5783 ‘ixpob’admml.
2780 5713 2872 5767 Sic
2900 5714 3072 5770 codex
3098 5712 3262 5770 Chcci
3287 5725 3404 5782 pro,
3450 5706 3643 5780 βιαριι·

2052 5784 2247 5842 λισταί.
2282 5785 2500 5843 Ρὶειοτίἰ
2527 5802 2540 5840 :
2572 5784 2958 5856 βελοόολισταί.
