4100 6226
525 342 625 409 751

1764 342 2041 404 LEONIS
2073 342 2539 403 PIIILOSOPHI

3681 351 3805 415 ’152

524 449 798 508 inmrdum
848 464 877 503 a
932 459 1083 517 tergo
1126 446 1562 516 uniuscujusque
1606 449 1953 504 contubernii
2010 466 2099 521 prc

2215 449 2310 503 νῦν
2336 450 2393 503 δέ
2427 447 2641 515 τοξόται
2675 451 2707 521 ἢ
2770 450 3177 521 σαγιττάτορες.
3207 451 3344 506 licet
3380 450 3481 523 μὲν
3517 452 3624 522 γὰρ
3665 452 3806 509 5m-

526 541 894 600 multitudinis
923 540 1133 594 ratione
1154 539 1512 606 collocentur,
1538 548 1598 595 ut
1625 549 1958 596 scutatorum
1983 541 2099 596 sin-

526 635 670 701 gulis
705 630 1079 687 contuberniis
1114 630 1568 700 quaternionibus
1604 646 1747 686 unus
1783 630 2098 700 sagittarius

526 723 873 794 respondeat.
932 722 1208 777 Interdum
1258 722 1310 777 in
1348 722 1465 792 ipsa
1517 720 1865 779 contubernii
1912 724 2098 777 altitu-

524 816 649 869 dine
682 822 928 869 scutatus
958 824 1012 869 et
1041 813 1351 884 sagittarius
1378 814 1683 869 alternatim
1719 823 1895 880 stent,
1933 814 2099 869 inter-

522 908 652 961 dum
687 908 739 961 in
783 907 1160 963 contuberniis
1193 915 1247 963 et
1282 908 1575 975 cornibus,
1612 908 1665 963 id
1700 917 1801 973 est,
1838 908 2097 963 extremis

521 1000 636 1055 oris
668 1001 971 1071 ecpiarum,
1002 1000 1231 1055 interius
1254 1000 1554 1071 equitibus,
1582 1016 1726 1071 saepe
1758 1003 1921 1056 etiam
1947 1011 2097 1055 exte-

523 1091 636 1145 rius
670 1090 812 1144 haud
842 1091 998 1160 longe
1040 1106 1165 1144 cum
1199 1091 1388 1160 paucis
1429 1092 1659 1146 scutatis
1700 1090 1767 1145 ad
1802 1090 2098 1146 defenden-

522 1180 621 1235 dos
652 1183 938 1237 interiores
967 1183 1199 1251 equites,
1239 1182 1284 1236 si
1322 1183 1489 1237 multa
1529 1183 1664 1237 levis
1695 1183 1767 1237 sit
1794 1193 2094 1238 armatura.

2219 542 2348 596 σθεν
2382 542 2617 614 ἑκάστης
2650 543 2810 605 άκίας
2837 544 2973 615 πρὸς
2996 542 3057 597 τὸ
3098 543 3296 614 μέτρον
3326 543 3435 597 τῶν
3463 545 3602 598 ὅτων
3652 545 3798 617 (15),

2202 636 2479 688 τουτέστιν
2530 636 2609 699 εἰς
2640 636 2766 699 τοὺς
2789 634 2865 698 ις’
2900 635 3229 699 σκουτάτους
3277 634 3319 689 δ’
3352 636 3499 705 ψιλοί
3524 653 3538 666 ⁸
3575 637 3663 690 ἵνα
3690 638 3799 706 μέ-

2204 743 2295 797 χρι
2323 724 2365 777 δ’
2398 724 2759 796 μεριζομένης
2787 725 2882 795 τῆς
2907 724 3016 778 τῶν
3053 724 3363 779 σκουτάτων
3398 726 3560 789 άκῐας
3590 728 3798 799 εὑρεθῇ

2206 814 2285 880 εἷς
2310 817 2530 887 τοξότης
2557 818 2778 871 δπισθεν
2808 818 2988 882 αὐτοῖς
3008 833 3024 850 ο
3052 818 3183 871 ποτέ
3210 817 3266 871 δὲ
3307 820 3367 873 ὲν
3395 818 3473 889 τῷ
3505 818 3656 890 βάθει
3680 821 3798 875 τῶν

2206 909 2377 963 άκιῶν
2408 905 2487 974 εἷς
2524 912 2670 980 παρῇ
2708 910 3023 975 σκουτάτος,
3058 910 3151 964 καὶ
3184 910 3430 982 τοξότης,
3456 911 3589 965 ποτὲ
3613 911 3670 964 δὲ
3731 912 3792 966 ἐν

2210 1005 2331 1067 ταῖς
2357 1003 2544 1067 ἁκίαις
2568 1007 2662 1057 καὶ
2696 1007 2754 1056 ἐν
2785 1005 2897 1066 τοῖς
2926 1003 3173 1071 κέρασιν,
3210 1003 3379 1073 ἤγουν
3409 1004 3529 1066 ταῖς
3579 1003 3797 1073 ἐξοχαῖς

2206 1094 2316 1147 τῶν
2345 1095 2728 1164 παρατάξεων,
2777 1093 3059 1147 τουτέστιν
3109 1093 3365 1163 ἐσωτέρω
3393 1092 3503 1145 τῶν
3525 1091 3796 1145 καὸαλλαο

2212 1185 2363 1255 ρίων,
2395 1185 2662 1248 πολλάκις
2689 1184 2746 1238 δὲ
2776 1185 2871 1238 καὶ
2908 1184 3156 1253 ἐξωτέρω
3203 1182 3405 1245 αὐτῶν,
3436 1182 3545 1236 άπὸ
3589 1187 3789 1252 μικροῦ

520 1274 906 1345 διαστήματος,
962 1276 1099 1346 μετὰ
1155 1279 1245 1329 καὶ
1299 1277 1496 1347 ὀλίγων
1524 1278 1837 1333 σκουτάτων
1893 1280 1972 1341 εις
2018 1278 2079 1332 τὸ
2116 1278 2404 1348 ἐκδικῆσαι
2457 1280 2587 1342 τοὺς
2620 1280 2700 1342 εις
2764 1278 2825 1330 τὸ
2890 1276 3158 1346 ἐσώτερον
3221 1276 3461 1339 ἑστῶτας
3514 1276 3791 1329 καϐαλλα-

526 1370 697 1439 ρίους,
726 1369 821 1422 ἐὰν
850 1370 1037 1423 πολλοί
1066 1372 1203 1423 εἰσιν
1224 1373 1273 1424 οἱ
1295 1372 1466 1441 ψιλοί.

594 1461 682 1516 58.
724 1460 826 1527 Qui
858 1462 1145 1526 rhictaria,
1177 1463 1227 1516 id
1262 1473 1381 1527 est,
1409 1464 1591 1541 iacula
1624 1466 1708 1520 vel
1739 1466 1992 1531 tzicuria,
2022 1465 2099 1519 vel

2280 1458 2384 1531 νη’.
2414 1459 2478 1512 Οἱ
2511 1456 2569 1510 δὲ
2593 1456 2662 1510 τά
2694 1455 2972 1527 ρικτάρια,
3010 1454 3045 1527 ἢ
3082 1452 3391 1525 τζικούρια,
3424 1454 3457 1525 ἦ
3492 1454 3791 1525 βαρδοῦκια

525 1552 783 1606 barducia
821 1553 1053 1616 habenti,
1089 1553 1126 1606 ii
1169 1554 1250 1607 vel
1289 1570 1318 1607 a
1354 1565 1507 1625 tergo
1538 1564 1900 1619 scutatorum,
1939 1556 2022 1610 vel
2054 1557 2099 1610 in

2207 1553 2442 1623 ἔχοντες,
2471 1550 2503 1621 ἢ
2531 1548 2754 1602 ὄπισθεν
2784 1548 2890 1602 τῶν
2915 1547 3086 1601 ἀκιῶν
3130 1547 3239 1600 τῶν
3267 1546 3601 1612 σκουτάτων,
3650 1546 3682 1616 ἦ
3711 1549 3793 1609 εἰς

523 1646 780 1700 extremis
810 1646 923 1700 oris
941 1645 1098 1711 aciei,
1128 1657 1182 1699 et
1210 1663 1314 1700 non
1353 1648 1406 1700 in
1433 1647 1635 1714 medio,
1668 1648 1936 1702 locentur.
1963 1646 2099 1701 Fun-

2210 1638 2280 1691 τὰ
2310 1637 2457 1705 ἄκρα
2479 1636 2581 1703 τῆς
2610 1635 2996 1704 παρατάξεως,
3036 1635 3131 1688 καὶ
3160 1635 3261 1687 οὐκ
3288 1636 3345 1687 ἐν
3377 1633 3455 1701 τῷ
3496 1635 3666 1705 μέειῳ.
3724 1638 3789 1689 Ol

524 1737 729 1791 ditores
762 1752 952 1794 omnes
995 1738 1047 1791 in
1079 1739 1340 1793 extremis
1378 1739 1491 1793 oris
1525 1740 1684 1794 aciei.
1726 1738 1880 1795 Nunc
1924 1750 2099 1794 autem

2206 1728 2263 1782 δέ
2295 1726 2733 1797 σφενδοσολισταὶ
2774 1727 2994 1787 πάντως
3059 1729 3138 1789 εἰς
3193 1726 3263 1779 τὰ
3296 1726 3442 1797 ἄκρα
3482 1727 3584 1794 τῆς
3612 1745 3797 1797 παρα-

525 1830 834 1896 sagittarios
883 1831 1233 1901 reliquosque
1268 1831 1598 1901 jaculatores
1637 1846 1666 1886 a
1710 1840 1859 1902 tergo
1915 1842 2099 1886 contu-

2206 1819 2433 1885 τάξεως.
2466 1817 2580 1871 Νῦν
2608 1818 2665 1871 δέ
2694 1816 2930 1887 τάξομεν
2958 1817 3183 1882 τοξότας
3224 1818 3319 1871 καὶ
3347 1817 3569 1881 λοιποὺς
3628 1820 3797 1873 ἀκον-

527 1916 838 1970 berniorum
884 1918 1172 1973 adversum
1219 1933 1314 1973 eos
1357 1919 1451 1987 qui
1498 1919 1773 1973 contraria
1826 1928 2102 1986 exercent,

524 2005 607 2058 vel
636 2006 1101 2075 quemadmodum
1136 2023 1269 2063 usus
1305 2009 1553 2079 requirit,
1582 2008 1997 2065 collocabimus.

597 2095 683 2151 59.
715 2097 937 2166 Equites
960 2098 1011 2151 in
1042 2099 1174 2167 ipsis
1194 2099 1308 2154 oris
1326 2100 1460 2153 aciei
1488 2099 1757 2169 pedestris
1780 2100 2100 2155 collocabis.

523 2185 877 2259 Quam-unque
927 2200 1109 2245 autem
1146 2192 1484 2247 robustiores
1514 2193 1771 2247 cohortes
1802 2202 1949 2259 sunt,
1978 2208 2099 2247 cum

521 2280 754 2335 ducibus
799 2282 917 2336 suis
971 2283 1025 2336 in
1072 2282 1330 2337 exteriori
1378 2283 1495 2340 loco
1547 2284 1910 2340 collocentur.
1951 2284 2017 2338 Et
2055 2284 2101 2340 si

521 2369 834 2438 complures
872 2372 1085 2439 equites
1133 2370 1339 2425 fuerint
1379 2373 1471 2442 qui
1523 2372 1810 2428 duodecim
1869 2373 2100 2428 millium

521 2475 809 2515 numerum
830 2463 1186 2526 excesserint,
1216 2470 1331 2517 tum
1366 2464 1433 2517 ad
1467 2463 1656 2518 decem
1695 2465 1937 2519 virorum
1978 2465 2103 2519 alti-

521 2552 766 2609 tudinem
806 2557 977 2610 liant:
1011 2557 1096 2612 sin
1128 2558 1446 2627 pauciores,
1486 2560 1552 2615 ad
1586 2560 1830 2630 quinque
1860 2560 2101 2615 virorum

523 2639 864 2695 altitudinem
890 2644 1315 2699 constituantur.
1338 2644 1459 2701 Sint
1487 2656 1668 2702 autem
1695 2649 1915 2718 quidant
1940 2665 2102 2719 supra

521 2730 727 2799 justum
758 2748 1069 2799 numerum,
1094 2736 1187 2805 qui
1223 2738 1364 2791 ultra
1390 2754 1589 2795 currus
1612 2754 1640 2792 a
1666 2748 1817 2809 tergo
1842 2740 1896 2794 in
1924 2742 2104 2796 subsi-

521 2821 626 2876 diis
657 2822 925 2890 locentur,
952 2835 1011 2880 ut
1034 2826 1080 2881 si
1105 2843 1134 2880 a
1169 2837 1319 2897 tergo
1345 2830 1526 2885 hostes
1554 2832 1876 2894 invaserint,
1905 2848 2102 2887 occur-

523 2920 646 2971 rant
686 2912 793 2969 illis
820 2930 834 2967 :
867 2916 951 2969 sin
982 2915 1183 2982 minus,
1217 2917 1481 2975 lateribus
1507 2921 1899 2991 adjungantur.

591 3080 681 3138 60.
719 3080 949 3141 Laxiore
987 3089 1223 3158 primum
1270 3090 1557 3151 intervallo
1598 3096 1943 3155 instruantur
1989 3103 2098 3168 isti,

2206 1909 2393 1972 τιστὰς
2454 1909 2678 1963 ὄπισθεν
2709 1908 2818 1963 τῶν
2850 1909 3022 1963 άκιῶν
3072 1909 3206 1981 πρὸς
3238 1909 3337 1981 τὴν
3361 1910 3687 1980 γυμνασίαν,
3756 1910 3791 1974 ἢ

2205 2002 2280 2066 ὡς
2301 2003 2523 2056 ἀπαιτεῖ
2547 2004 2580 2072 ὴ
2615 2001 2779 2073 χρεία
2810 2003 3003 2070 αὐτῆς.

2277 2096 2374 2151 νϐ’.
2432 2098 2571 2159 Τοὺς
2600 2096 2658 2150 δὲ
2694 2095 3096 2167 κασαλλαρὶους
3154 2099 3234 2160 εἰς
3259 2097 3329 2151 τά
3380 2098 3525 2170 ἄκρα
3554 2099 3655 2169 τῆς
3686 2115 3794 2152 πε-

2204 2184 2362 2257 ζικῆς
2389 2187 2749 2258 παρατάξεως
2792 2186 2997 2251 τάξεις.
3037 2187 3176 2240 Ὀσα
3211 2188 3268 2241 δὲ
3326 2188 3507 2242 αὐτῶν
3547 2188 3794 2255 ἀνδρειό-

2202 2293 2335 2349 τερα
2365 2278 2645 2347 τάγματα,
2664 2277 2801 2348 μετὰ
2822 2277 2930 2331 τῶν
2963 2278 3243 2348 ἀρχόντων
3300 2278 3483 2332 αὐτῶν
3508 2279 3789 2347 ἐξωτέρω.

2204 2370 2314 2424 Καὶ
2370 2371 2416 2423 εἰ
2464 2370 2563 2440 μὲν
2621 2370 2807 2423 πολλοί
2866 2372 3005 2422 εἰσιν
3048 2372 3095 2423 οἱ
3128 2370 3504 2440 καϐαλλάριοι,
3541 2370 3791 2423 τουτέςτι

2204 2462 2365 2515 πλέον
2395 2462 2503 2514 τῶν
2533 2460 2600 2531 ιβ’
2657 2463 2939 2532 χιλιάδων,
2991 2462 3099 2515 ἀπὸ
3130 2461 3355 2515 δέκατον
3405 2460 3567 2530 βάθος
3631 2460 3793 2514 τοῦτο

2200 2554 2461 2622 γίνεσθαι.
2499 2555 2561 2607 Εἰ
2595 2554 2651 2607 δὲ
2686 2555 2781 2607 καὶ
2807 2552 3171 2625 ὀλιγωτέρους
3204 2552 3296 2605 τοῦ
3341 2554 3539 2623 μέτρου
3573 2551 3791 2616 τούτου,

2203 2647 2313 2701 ἀπὸ
2342 2646 2526 2701 πέντε.
2578 2643 2730 2701 Εἶναι
2757 2647 2814 2700 δὲ
2848 2649 2911 2701 ἐκ
2940 2644 3203 2717 περισσοῦ
3262 2663 3417 2709 τινας
3463 2644 3687 2698 ὄπισθεν
3733 2646 3792 2696 ἐν

2204 2738 2536 2809 ὑποϐοηθείᾳ
2563 2739 2741 2793 αὐτῶν
2782 2739 3029 2810 ἐξωτέρω
3091 2740 3200 2794 τῶν
3242 2738 3504 2809 ἁμαξῶν·
3563 2740 3651 2792 ἵνα
3694 2739 3792 2793 ἐάν

2204 2830 2303 2900 μὲν
2341 2830 2427 2883 διὰ
2478 2830 2586 2883 τῶν
2629 2830 2854 2884 ὄπισθέν
2895 2848 3041 2894 τινες
3096 2831 3207 2885 τῶν
3264 2832 3475 2903 ἐχθρῶν
3522 2832 3787 2899 φανῶσιν,

2203 2921 2619 2992 άποσοϐἠσωσιν
2668 2921 2865 2986 αὐτούς
2889 2939 2903 2956 ο
2942 2924 2990 2977 ει
3027 2923 3083 2977 δέ
3112 2924 3276 2995 μήγε,
3305 2923 3646 2995 προστεθῶτι
3673 2927 3790 2987 τοῖς

2208 3012 2462 3081 πλαγίοις
2489 3014 2585 3067 καὶ
2613 3014 2788 3069 αὐτοί.

2267 3102 2329 3169 ξ’.
2366 3106 2669 3158 Τάσσονται
2695 3107 2753 3160 δὲ
2799 3106 2893 3160 καὶ
2919 3105 3073 3158 αὐτοὶ
3120 3106 3178 3158 ἐν
3212 3106 3519 3176 ἀραιοτέρῳ
3570 3106 3787 3176 πρῶτον

522 3182 581 3228 ιιι
610 3177 652 3230 si
678 3177 855 3248 aliqua
887 3183 1103 3238 occasio
1127 3187 1403 3243 exercitus
1428 3192 1803 3248 commutandi
1835 3195 1960 3263 fiat,
1996 3199 2095 3253 mi-

2206 3196 2550 3264 διαστήματι,
2594 3196 2679 3248 ἴνα
2714 3197 2810 3249 ἐὰν
2844 3198 3070 3267 γένηται
3116 3198 3309 3268 καιρδς
3342 3198 3421 3260 εις
3451 3197 3511 3249 τὸ
3558 3197 3777 3269 χρῄζειν

520 3264 728 3321 nimum
758 3268 1149 3339 impediantur.

587 3356 670 3411 6|.
699 3358 986 3433 Praecipics
1015 3366 1315 3434 equitibus,
1346 3384 1414 3423 ne
1445 3371 1610 3427 nimis
1642 3372 1947 3445 impetuosc
1975 3392 2100 3431 cur-

521 3457 643 3501 sent
686 3449 737 3503 in
764 3450 971 3517 hostes,
1017 3470 1194 3525 neque
1232 3472 1262 3510 a
1306 3458 1542 3527 pedestri
1576 3462 1691 3517 acie
1730 3463 1893 3536 longo
1935 3468 2101 3522 inter-

521 3540 663 3595 vallo
700 3542 1003 3611 discedant,
1040 3563 1107 3603 ne
1139 3548 1183 3601 si
1218 3548 1355 3604 forte
1392 3550 1603 3607 iusitlire
1643 3553 1795 3619 ﬁant,
1829 3566 1883 3611 et
1918 3558 2101 3613 hostes

520 3646 669 3693 retro
702 3640 755 3695 in
787 3656 882 3697 eos
914 3659 973 3698 se
1003 3656 1348 3713 convertant,
1380 3650 1587 3717 pedites
1624 3653 1817 3708 horum
1849 3656 2100 3724 prasidiu

518 3732 760 3791 destituti
792 3737 1011 3808 aliquod
1048 3742 1247 3795 vulnus
1276 3743 1566 3813 accipiant.
1609 3745 1665 3800 Si
1700 3750 1870 3816 pressi
1907 3750 2097 3805 admo-

520 3827 647 3877 dum
679 3827 1036 3899 dissipatiquc
1068 3831 1290 3894 fuerint,
1329 3842 1441 3887 tum
1474 3845 1619 3889 retro
1653 3838 1718 3891 ad
1748 3854 1945 3895 currus
1970 3857 2100 3895 suos

486 3920 956 3985 ,tzonservandus,
993 3923 1084 3993 qui
1120 3939 1149 3978 a
1184 3935 1335 3996 tergo
1362 3928 1496 3982 aciei
1543 3931 1812 3999 pedestris
1848 3934 2098 3990 instructi

523 4016 670 4071 sunt,
703 4024 762 4063 se
787 4010 1106 4081 conferant,
1148 4032 1247 4070 nec
1277 4033 1373 4073 eos
1407 4031 1749 4088 praetereant.
1794 4026 1887 4080 Sin
1924 4043 1989 4082 ne
2021 4028 2101 4083 sic

520 4098 738 4163 quidem
784 4103 1039 4159 resistere
1078 4109 1316 4176 possint,
1360 4128 1422 4165 ex
1470 4114 1626 4181 equis
1653 4115 2008 4185 descendant,
2047 4130 2101 4175 et

521 4192 751 4259 pedibus
776 4195 991 4266 seipsos
1022 4198 1332 4258 defendant.

588 4475 677 4530 62.
714 4476 768 4531 Si
823 4479 994 4535 aciem
1043 4482 1316 4539 instruere
1367 4488 1640 4545 exercitus
1684 4490 1945 4557 voluerit,
1989 4514 2096 4551 non

2211 3285 2661 3356 μεταϐάλλεσθαι,
2724 3286 2799 3359 μὴ
2832 3289 2856 3339 ἐ
2866 3288 3259 3356 μποδίζωνται.

2281 3375 2383 3443 ξα’.
2437 3377 2811 3448 Παραγγελείς
2860 3379 2915 3432 δέ
2954 3380 3081 3442 τοὺς
3136 3378 3535 3451 καϐαλλαρίους
3565 3379 3637 3449 μὴ
3690 3398 3781 3433 και

2206 3470 2490 3541 τατρέχειν
2518 3471 2625 3523 τῶν
2653 3469 2882 3542 ἐχθρῶν,
2939 3471 3073 3542 μηδὲ
3122 3471 3457 3540 ἀφίστασθαι
3496 3474 3596 3541 τῆς
3631 3473 3779 3536 πεζι·

2208 3564 2310 3633 κῆς
2363 3562 2721 3632 παρατάξεως
2768 3563 2844 3626 ὡς
2898 3564 2991 3615 ἐπὶ
3022 3563 3155 3617 πολὺ
3199 3564 3496 3633 διάστημα,
3530 3565 3622 3617 καὶ
3650 3566 3779 3634 τάχα

2207 3653 2486 3726 τραπῶσιν
2524 3655 2573 3706 οἱ
2622 3653 2826 3724 ἐχθροίο
2864 3654 2953 3707 ἴνα
3008 3655 3082 3724 μὴ
3126 3656 3462 3725 ἐγκρὶματός
3492 3657 3605 3725 (16)
3641 3673 3779 3717 τινος

2209 3747 2339 3817 παρ’
2367 3745 2547 3799 αὐτῶν
2576 3745 2889 3815 γενομένου,
2936 3746 3094 3816 εἴπερ
3123 3746 3230 3800 ἀπὸ
3260 3746 3625 3817 διαστήματός
3653 3748 3781 3799 εἰσιν

2206 3838 2254 3889 οἱ
2288 3835 2441 3901 πεζοὶ
2473 3837 2836 3907 γυμνούμενοι
2866 3836 2966 3907 τῆς
3008 3838 3389 3909 παρατάξεως,
3431 3839 3780 3909 ἐπηρεασθῶο

2208 3948 2314 3995 σιν,
2359 3931 2433 3994 ὡς
2479 3930 2790 4002 ὀλιγώτεροι
2845 3932 2878 4003 ἢ
2926 3931 3319 4003 ἀσθενέστεροι.
3361 3931 3520 3984 Ἀλλά
3574 3933 3670 3985 καὶ
3723 3932 3783 3984 a-.

2217 4022 2538 4092 βιασθῶσιν,
2566 4023 2638 4085 ὡς
2664 4024 2830 4087 εἰκὸς,
2860 4024 3009 4092 παρὰ
3022 4024 3129 4076 τῶν
3144 4022 3417 4088 ἐναντὶων,
3448 4022 3666 4076 ὄπισθεν
3691 4023 3783 4091 τῆς

2208 4115 2569 4186 παρατάξεως
2594 4116 2703 4168 τῶν
2731 4116 2912 4180 πεζῶν
2962 4117 3265 4185 ὀφείλολσιν
3291 4112 3429 4170 εἶναι
3462 4118 3595 4184 πρὸς
3626 4116 3782 4183 φυλαυ

2208 4207 2309 4276 κὴν
2340 4207 2541 4260 αὐτῶν
2579 4208 2627 4259 εἰ
2658 4206 2713 4260 δὲ
2742 4207 2872 4277 μηδέ
2892 4206 3062 4269 οὕτως
3093 4207 3397 4276 ἀντέχουσι,
3430 4205 3783 4277 κατέρχεσθαι

2207 4299 2403 4361 αὐτοὺς
2442 4299 2504 4351 ἐκ
2526 4299 2632 4351 τῶν
2654 4297 2854 4361 ἳππων,
2885 4300 2979 4352 καὶ
3008 4296 3183 4361 οὕτως
3226 4295 3367 4367 πεζῇ
3393 4297 3620 4358 ἑαυτοὺς
3643 4296 3783 4348 ἐκδι-

2208 4392 2343 4444 κεῖν.

2281 4470 2377 4551 ξβν.
2411 4482 2535 4535 Ἐὰν
2570 4482 2625 4535 δὲ
2664 4479 3069 4552 παρατάξεσθαι
3125 4482 3223 4551 μὲν
3276 4481 3405 4553 θέλῃ
3452 4481 3480 4533 ὁ
3540 4482 3785 4550 στρατὸς,

517 4578 697 4625 tamen
733 4587 800 4627 eo
840 4574 927 4628 die
966 4577 1287 4646 confligere,
1339 4581 1384 4635 si
1430 4582 1727 4638 adversarii
1782 4586 1835 4640 in
1885 4590 2097 4657 equites

2206 4572 2278 4643 μὴ
2303 4573 2631 4644 συμϐάλλειν
2666 4574 2719 4627 δὲ
2753 4575 2894 4627 κατὰ
2928 4574 3025 4643 τὴν
3050 4575 3220 4643 αὐτὴν
3244 4574 3478 4643 ἡμέραν,
3504 4573 3596 4624 καὶ
3610 4576 3785 4641 ὁρμή-

519 4662 798 4728 irrueriat,
821 4678 873 4721 et
900 4684 1236 4739 nequaquam
1268 4674 1544 4730 sustinere
1559 4693 1655 4733 eos
1681 4680 1757 4733 tui
1781 4692 2097 4747 potuerunt,

523 4773 590 4811 tte
624 4762 1004 4827 praestolcntur
1033 4779 1128 4818 eos
1163 4766 1212 4817 in
1248 4766 1381 4821 aciei
1413 4770 1671 4825 cornibus
1700 4774 1963 4837 sistetnlo,
2004 4776 2098 4831 sed

525 4863 670 4904 retro
714 4854 909 4908 cedant
947 4857 1011 4909 all
1061 4866 1334 4914 extremas
1384 4878 1510 4915 oras
1558 4864 1694 4917 aciei
1726 4874 1772 4918 et
1810 4881 2099 4923 curruum.

522 4942 677 5008 Quod
710 4945 755 5001 si
788 4946 913 5012 liat,
946 4949 1157 5019 majore
1204 4951 1486 5008 intervallo
1524 4970 1662 5024 Opus
1688 4967 1791 5018 est,
1827 4968 1885 5011 ut
1919 4960 2101 5015 disce-

518 5034 771 5090 dentibus
816 5038 927 5107 jam
973 5052 1086 5095 tum
1131 5045 1405 5112 cqu'tihus
1450 5049 1632 5099 czeteri
1676 5051 1944 5118 angustiis
1989 5066 2095 5105 non

519 5129 682 5184 nimis
716 5146 1053 5202 premantur,
1093 5154 1159 5191 uc
1185 5138 1425 5194 hostium
1458 5141 1670 5210 sagittis
1704 5142 1989 5199 laedantur.

594 5395 683 5451 65.
727 5394 850 5454 ILcc
897 5410 1143 5471 tempore
1182 5405 1351 5471 praelii
1408 5407 1642 5461 maxime
1680 5407 1811 5461 fiant
1847 5426 1859 5461 :
1894 5408 1993 5461 hac
2038 5408 2105 5463 do

522 5501 683 5543 causa
715 5492 859 5547 enim
887 5494 968 5549 ha:
997 5496 1415 5552 exercitationes
1447 5501 1680 5554 maxime
1701 5500 2099 5570 suscipiuntur.

2202 4683 2367 4720 σωσιν
2415 4666 2464 4719 οἱ
2525 4665 2710 4737 ἐχθροὶ
2762 4667 2904 4718 κατά
2959 4665 3067 4718 τῶν
3128 4662 3513 4732 καϐαλλαρίων
3572 4663 3667 4714 καὶ
3718 4662 3787 4732 μὴ

2203 4744 2544 4830 βαστάζωσιν
2569 4759 2791 4823 αὐτοὺς,
2818 4758 2890 4828 μὴ
2924 4756 3267 4827 ἀναμένωσιν
3294 4757 3488 4819 αὐτοὺς
3514 4755 3786 4823 ἱστάμενοι

2199 4851 2277 4912 εις
2306 4850 2374 4903 τά
2404 4849 2608 4919 κέρατα
2628 4851 2723 4919 τῆς
2758 4850 3137 4920 παρατάξεως,
3168 4848 3283 4902 ἀλλ’
3313 4847 3538 4901 ὄπισθεν
3592 4845 3785 4915 μᾶλλοι

2201 4942 2420 5005 ἔλθωσι,
2446 4942 2727 4995 τουτέστιν
2758 4943 2837 5005 εἰς
2864 4942 2930 4995 τά
2959 4942 3103 5011 ἄκρα
3151 4942 3251 5010 τῆς
3294 4937 3657 5011 παρατάξεως
3698 4934 3785 4989 καὶ

2203 5033 2313 5093 τῶν
2335 5034 2579 5104 ἁμαξῶν.
2620 5032 2681 5085 Εἰ
2724 5033 2779 5085 δὲ
2810 5032 2970 5086 τοῦτο
3015 5033 3265 5103 γένηται,
3320 5031 3490 5100 χρεία
3546 5029 3783 5099 μείζονος

2206 5124 2300 5177 τοῦ
2336 5123 2394 5175 ἐν
2434 5123 2512 5194 τῷ
2546 5123 2695 5193 μέσῳ
2745 5122 3133 5192 διαστήματος,
3166 5122 3251 5175 ἵνα
3286 5116 3783 5191 μεταϐαλλομένων,

2206 5216 2281 5280 ῶς
2308 5218 2475 5280 εἰκὸς,
2504 5216 2611 5269 τῶν
2640 5215 3024 5286 καὸαλλαρὶων
3063 5215 3136 5285 μὴ
3162 5213 3630 5284 στενοχιοιρηθῶσι,
3654 5206 3781 5280 μηδι

2208 5309 2263 5361 αἱ
2296 5309 2401 5362 τῶν
2425 5307 2633 5380 ἐχθρῶν
2672 5311 2918 5376 σαγίτται
2951 5308 3024 5378 μὴ
3052 5308 3362 5378 βλάπτωσιν
3390 5304 3608 5365 αὐτούς.

2284 5400 2379 5469 ξγ’,
2423 5402 2604 5454 Ταῦτα
2635 5402 2715 5454 δεῖ
2763 5401 2998 5470 μάλιστα
3041 5402 3132 5453 καὶ
3188 5401 3247 5451 ἐν
3277 5398 3454 5468 καιρῷ
3490 5395 3669 5466 μάχης
3704 5390 3776 5461 Υί⁶

2214 5496 2422 5546 νεοθαιο
2465 5495 2551 5546 διὰ
2608 5496 2811 5565 ταύτην
2871 5495 2978 5565 γὰρ
3029 5494 3124 5547 καὶ
3157 5495 3186 5563 ἡ
3222 5492 3497 5560 γυμνασία
3532 5503 3775 5561 μ;ταχειο

2218 5584 2446 5655 ρὲζεται.

2034 5699 2265 5755 NUTJ'J.

741 5776 858 5837 Τῶν
885 5778 1053 5831 ὅτων.
1094 5779 1304 5840 δενιὺς),
1347 5780 1449 5829 τῶν
1485 5782 1639 5837 ὅλων.

2288 5790 2397 5857 (ιιι)
2448 5792 2457 5807 ·

2473 5793 2601 5858 Ei"!
2626 5792 2850 5861 ίματος.
2885 5792 3096 5858 Scribe,
3139 5789 3553 5860 ἐγκρὺμματος.
