4100 6226
327 320 441 393 753

1419 322 1753 384 TACTICA.
1789 347 1860 360 -
1888 318 2389 384 CONSTITUTIO
2413 318 2544 380 νη.

3490 311 3595 377 754

408 433 500 498 ξδ’.
535 429 761 485 Τούτων
818 430 919 501 μὲν
974 421 1070 485 οῦν
1111 428 1225 487 τῶν
1242 429 1540 495 διατάξεων
1566 432 1903 503 εἰρημένων,

2076 432 2166 487 64.
2200 430 2271 485 lis
2312 429 2475 483 rebus
2515 426 2680 496 igitur
2718 423 3025 494 descriptis,
3051 430 3321 495 praecepta
3365 437 3397 478 a
3425 422 3584 478 nobis

332 525 544 596 πρέπαν
596 524 730 595 ἡμῖν
783 522 878 576 καὶ
922 521 991 577 τά
1025 523 1282 594 σχήματα
1345 524 1443 578 καλ⁸
1497 524 1567 578 τά
1592 523 1910 594 παραγγέλ-

336 633 484 689 ματα
510 614 608 685 τῆς
646 613 879 682 πεζικῆς
899 613 1128 680 τάξεως,
1168 613 1359 687 ὥσπερ
1397 616 1493 670 καὶ
1523 617 1624 686 τῆς
1654 615 1909 685 ἱππικῆς,

333 706 633 779 ἐμφανίσαι
657 721 742 759 σοι
761 705 857 759 καὶ
880 704 1234 776 διασαφῆσαι.

282 812 294 863 ’,
406 796 502 865 ξέ.
534 797 705 850 Ὅταν
752 797 864 865 γάρ
927 796 1254 866 παραστῶσι
1308 798 1447 870 πρὸς
1469 797 1569 866 τὴν
1600 794 1913 868 γυμνασίαν

288 878 292 882 Δ
334 888 404 941 τὰ
428 886 572 957 μέρη
601 884 704 955 τῆς
736 886 1063 958 παραταγῆς
1095 886 1206 941 τῶν
1227 889 1524 958 ταγμάτων
1538 887 1634 941 τοῦ
1654 886 1911 958 στρατοῦ,

334 977 693 1050 παραγγέλλῃ
717 978 747 1031 ὁ
776 977 1066 1048 μανδάτωρ
1093 979 1268 1033 ταῦτα
1289 996 1302 1011 ·
1330 979 1489 1034 Μετὰ
1513 980 1676 1048 σιγῆς
1732 979 1913 1033 πάντα

333 1067 403 1121 τὰ
435 1067 873 1138 παραγγέλματα
921 1067 1270 1139 πληρώσατε.
1309 1069 1402 1139 Μὴ
1433 1067 1766 1138 ταραχθῆτε.
1799 1067 1913 1137 Τὴν

333 1159 488 1224 τάξιν
509 1159 664 1227 ὑμῶν
700 1158 1051 1230 πληρώσατε.
1075 1159 1167 1230 Τῷ
1194 1160 1369 1231 βάνδῳ
1401 1160 1904 1231 ἐπακολουθήσατε.

333 1251 539 1320 Μηδεὶς
573 1250 762 1324 άφήσῃ
791 1250 852 1305 τὸ
872 1250 1083 1320 βάνδον.
1109 1251 1221 1305 Kal
1241 1252 1367 1314 τοὺς
1396 1247 1629 1323 ὲχθροῦς
1655 1251 1905 1318 διώξατε.

335 1342 444 1396 Kal
475 1344 681 1397 τούτων
710 1343 1020 1413 εἰρημένων
1048 1343 1258 1398 κινοῦσι
1292 1345 1483 1415 πράως
1516 1361 1574 1398 τε
1624 1344 1714 1398 καὶ
1775 1343 1912 1414 ἡσύ-

332 1451 463 1505 χως,
493 1433 633 1488 ὥστε
667 1434 800 1505 μηδὲ
827 1434 1158 1507 ψιθυρισμὸν
1192 1435 1436 1505 γίνεσθαι
1456 1436 1611 1507 παρά
1633 1452 1802 1500 τινος.

405 1519 512 1587 ξς’.
549 1521 854 1586 Ἐθίζεσθαι
882 1522 940 1577 δὲ
967 1524 1168 1588 αὐτοὺς
1226 1524 1364 1596 πρὸς
1409 1525 1587 1580 ταῦτα
1642 1528 1818 1598 φωνῇ,
1873 1525 1908 1598 ἢ

330 1614 581 1686 νεύματι,
615 1614 704 1668 διὰ
729 1616 957 1686 σημείου
990 1616 1134 1682 τινὸς
1160 1611 1274 1673 οἷον
1302 1620 1473 1673 κινεῖν
1503 1621 1599 1672 καὶ
1629 1618 1906 1687 ἵστασθαι,

328 1704 689 1759 λεπτύνεσθαι
701 1706 869 1777 ῆγουν
887 1706 1206 1778 μερίζεσθαι
1217 1706 1278 1761 τὸ
1292 1706 1455 1777 βάθος
1466 1706 1575 1761 τῶν
1588 1707 1759 1761 άκιῶν
1773 1709 1817 1777 (l
1830 1707 1906 1777 7),

334 1798 660 1868 περιπατεῖν
731 1795 862 1861 ἴσως
907 1798 1011 1867 καὶ.
1069 1798 1512 1868 συντεταγμένως
1567 1799 1661 1852 ἰπὶ
1710 1799 1904 1869 στόμα,

332 1887 501 1959 ἤγουν
528 1888 611 1943 ἐπ’
641 1888 877 1954 εὐθείας,
919 1890 1014 1944 καὶ
1035 1889 1178 1944 κατὰ
1196 1891 1409 1954 κοίλους
1441 1890 1641 1955 τόπους
1671 1890 1781 1962 (18)
1814 1891 1909 1945 καὶ

329 1979 622 2051 διαφόρους
649 1978 1004 2046 πυκνοῦσθαι,
1030 1980 1149 2052 ῆτοι
1170 1980 1518 2051 σφίγγεσθαι,
1563 1982 1705 2037 κατὰ
1736 1980 1904 2052 βάθος

331 2070 427 2147 κα)
476 2070 643 2136 νίκος,
699 2071 919 2142 φούλκῳ
948 2076 1294 2144 περιπατεῖν,
1348 2074 1679 2144 συμϐάλλειν
1724 2074 1800 2141 ὡς
1849 2076 1908 2131 ὲν

330 2162 483 2227 τάξει
516 2164 694 2235 μάχης
728 2165 866 2235 μετὰ
897 2166 1200 2237 σχήματος.

404 2255 502 2321 EC.
563 2257 940 2330 Γυμνάξεσθαι
969 2258 1027 2313 δὲ
1080 2259 1173 2314 καὶ
1201 2260 1393 2325 οὕτως’
1434 2262 1566 2316 ποτὲ
1602 2263 1703 2332 μὲν
1765 2261 1907 2333 μετὰ

334 2349 595 2420 βεργίων,
629 2349 758 2404 ποτὲ
779 2349 837 2403 δὲ
871 2350 1010 2421 μετὰ
1053 2351 1278 2423 γυμνῶν
1315 2353 1559 2408 σπαθίων
1581 2354 1905 2425 μερίζεσθαι

335 2440 475 2510 πρδς
530 2440 894 2509 διφαλαγγίαν
919 2482 935 2509 ,
991 2443 1084 2496 xal
1146 2443 1310 2498 πάλιν
1385 2445 1849 2507 ἀποκαθίστασθαι
1890 2464 1904 2479 ο

330 2530 480 2597 δεξιά
532 2532 628 2585 καὶ
652 2532 916 2605 ἀριστερὰ
945 2532 1268 2601 κλίνεσθαι,
1304 2536 1400 2590 καὶ
1460 2540 1784 2608 περιπατεῖν
1814 2539 1907 2591 ἐπὶ

332 2622 500 2694 κέρας
530 2623 702 2693 ῆγουν
723 2623 784 2677 τὸ
832 2624 1005 2691 δεξιὸν
1038 2624 1203 2696 μέρος
1227 2668 1241 2691 ,
1277 2626 1540 2697 προάγειν
1575 2627 1905 2699 ἔμπροσθεν,

333 2713 429 2769 καὶ
448 2713 609 2768 πάλιν
633 2713 1126 2783 ἀποκαθίστασθαι,
1151 2716 1519 2786 φυλάττεσθαι
1539 2719 1904 2790 ἀμφιστόμως

330 2804 705 2876 ἑκατέρωθεν,
739 2805 834 2859 καὶ
897 2806 1062 2862 πάλιν
1113 2809 1586 2865 ἀποκαθίστασθαι
1619 2827 1634 2842 ⁸
1683 2813 1907 2883 μετατί-

333 2895 521 2949 θεσθαι
558 2896 709 2962 δεξιά
746 2898 840 2952 καὶ
866 2898 1153 2969 ἀριστερά,
1191 2899 1523 2969 άραιοῦσθαι
1558 2903 1654 2957 καὶ
1692 2904 1910 2971 πλατύ--⁴

333 2987 520 3042 νεσθαι
548 2989 670 3059 ἦτοι
690 2989 1043 3045 διαπλοῦσθαι
1076 2991 1136 3045 τὸ
1166 2990 1329 3062 βάθος
1355 2992 1463 3046 τῶν
1494 2994 1691 3059 ἀκιῶν,
1735 3014 1907 3066 μετα-

336 3079 624 3137 ϐάλλεσθαι
655 3081 800 3137 κατὰ
822 3081 1016 3149 νώτου,
1053 3084 1149 3137 καὶ
1196 3085 1361 3139 πάλιν
1407 3084 1903 3142 ἀποκαθίστασθαι.

336 3169 578 3227 Γίνονται
605 3173 662 3227 δὲ
706 3172 780 3229 τά
826 3176 1084 3244 σχήματα
1123 3175 1299 3232 ταῦτα
1341 3175 1431 3231 διά
1459 3177 1558 3243 τάς
1614 3178 1909 3251 διαφόρους

334 3261 752 3328 ἀνακυπτούσας
782 3264 982 3328 αἰτίας.

403 3548 503 3621 Er].
558 3552 713 3623 Φωνῇ
770 3551 1015 3621 τοίνυνῆ
1064 3551 1296 3623 νεύματι
1341 3552 1430 3609 διὰ
1473 3553 1701 3625 σημείου
1763 3555 1909 3622 τινὸς

333 3641 543 3697 κινοῦσι
564 3643 660 3697 καὶ
682 3643 947 3697 ἵστανται.
979 3644 1107 3696 Ὅτε
1132 3644 1189 3697 δὲ
1211 3644 1339 3716 θέλῃ
1368 3645 1612 3715 κινῆσαι,
1647 3645 1907 3716 σημαίνει

334 3734 368 3807 ἢ
394 3733 625 3805 βουκίνῳ
647 3736 679 3808 ἢ
714 3738 779 3806 τῇ
804 3736 1038 3807 ταυραίᾳ
1058 3738 1086 3790 ὁ
1108 3735 1556 3808 καμπιδούκτωρ,
1580 3737 1613 3808 ἢ
1635 3739 1702 3808 τῇ
1733 3740 1907 3809 φωνῇ,

335 3824 428 3878 καὶ
454 3824 683 3879 κινοῦσι.
719 3827 779 3878 El
803 3824 859 3878 δὲ
887 3826 1084 3896 στῆσαι
1112 3825 1260 3900 θέλῃ,
1287 3827 1320 3899 ἢ
1353 3830 1420 3899 τῇ
1474 3827 1645 3901 τούὸᾳ
1692 3829 1830 3900 (19),
1880 3830 1910 3883 ὃ

335 3918 453 3969 ἐστι
485 3918 685 3987 μικρὸν
710 3916 1039 3988 βούκινον,ἦ
1090 3919 1157 3988 τῇ
1199 3922 1379 3991 φωνῇ,
1439 3919 1472 3990 ἢ
1523 3920 1756 3990 νεύματι
1808 3921 1907 3992 τῆς

335 4006 536 4077 χειρὸς,
570 4008 666 4061 καὶ
692 4007 954 4064 ἵστανται.
984 4008 1083 4063 Διὰ
1107 4009 1165 4064 δὲ
1188 4009 1348 4065 τοῦτο
1373 4013 1523 4082 φωνῇ
1556 4014 1650 4065 καὶ
1693 4013 1909 4084 σημείῳ

337 4097 609 4163 ἐθίζεσθαι
628 4099 927 4169 ἀναγκαῖόν
947 4101 1085 4164 ἔστι,
1110 4101 1199 4155 διὰ.
1227 4103 1319 4156 τὸν
1355 4102 1448 4156 τοῦ
1481 4103 1729 4175 ἅρματος
1751 4104 1910 4176 θόρυ-

337 4188 453 4255 ϐον,
480 4189 514 4261 ἢ
551 4192 847 4262 κονιορτὸν,
878 4193 912 4267 ἦ
939 4193 1173 4266 ὀμίχλην
1201 4196 1618 4266 ἑπιγενομένην.

408 4300 504 4367 ξθ’.
523 4304 908 4369 Λεπτύνονται,
923 4306 1042 4376 ῆτοι
1056 4305 1366 4377 μερίζονται
1382 4307 1439 4360 αἱ
1453 4307 1625 4370 άκίαι,
1649 4307 1780 4361 ὅταν
1801 4309 1908 4362 ἀπὸ

2012 534 2068 579 et
2110 521 2481 578 institutiones
2524 515 2789 588 pedestris
2828 516 2986 581 aciei,
3015 514 3478 586 quemadmodum
3531 522 3587 569 et

2011 613 2301 686 equestris,
2339 608 2671 680 explicandae
2698 608 2792 664 tibi
2825 622 2890 663 ac
2915 607 3276 678 preponeuda:
3301 615 3454 662 sunt.

2080 787 2170 843 65.
2210 784 2442 853 Quando
2487 783 2556 840 ad
2594 780 3035 838 exercitationem
3071 795 3266 836 omnes
3307 780 3588 837 instructa:

2012 881 2145 937 aciei
2177 880 2434 937 cohortes
2466 873 2842 941 convenerint,
2865 874 2983 928 hzec
3008 872 3117 927 illis
3139 872 3426 928 mandatur
3447 887 3585 941 pra:-

2011 970 2221 1040 cipiat:
2264 966 2402 1023 Cum
2439 963 2658 1021 silentio
2691 977 2884 1019 omnes
2929 962 3193 1032 imperata
3235 962 3476 1018 facitote.
3510 961 3590 1018 Ne

2013 1057 2430 1134 perturbemini.
2464 1054 2765 1110 Stationem
2802 1062 3036 1108 vestram
3067 1052 3589 1108 servatote.Cohor-

2012 1169 2119 1214 tem
2145 1149 2475 1225 sequamini.
2497 1147 2666 1204 Nemo
2699 1147 2979 1202 cohortem
3015 1160 3170 1199 suam
3200 1145 3436 1199 deserat.
3471 1143 3586 1198 lui-

2011 1251 2185 1306 micos
2255 1239 2682 1317 persequamini.
2746 1234 2860 1293 liae
2939 1237 3190 1292 oratione
3259 1236 3468 1300 habita,
3516 1236 3587 1290 ita

2010 1343 2192 1415 quiete
2223 1348 2278 1396 et
2310 1337 2537 1393 remisse
2564 1346 2623 1389 se
2647 1328 2964 1393 movebunt,
2997 1340 3056 1384 ut
3094 1344 3257 1385 nemo
3295 1344 3365 1384 ne
3400 1342 3590 1383 susur-

2010 1444 2093 1493 ret
2121 1431 2365 1506 quidem.

2038 1521 2170 1583 '66.
2200 1520 2548 1581 Exercitandi
2595 1519 2662 1574 ad
2718 1518 2834 1574 haec
2863 1521 2993 1572 sunt
3036 1527 3170 1567 voce
3222 1510 3306 1567 vel
3354 1518 3487 1566 nutu
3534 1517 3589 1566 et

2012 1616 2168 1686 signo
2224 1612 2408 1681 aliquo
2463 1617 2522 1664 ut
2567 1613 2825 1663 moveant
2856 1611 3089 1664 etstent,
3149 1601 3400 1655 laxentur
3429 1608 3483 1654 et
3530 1601 3585 1655 in

2010 1705 2350 1763 altitudinem
2404 1697 2889 1755 contuberniorum
2936 1693 3277 1754 dividantur,
3333 1691 3592 1746 incedant

2008 1794 2348 1868 atquabiliter
2370 1803 2424 1848 et
2451 1790 2721 1853 ordinate,
2756 1787 2812 1841 in
2849 1785 3102 1846 frontem,
3139 1782 3189 1835 id
3230 1789 3336 1845 cst,
3367 1780 3589 1849 directe,

2008 1906 2074 1947 ac
2106 1889 2272 1946 variis
2323 1886 2497 1942 modis
2528 1882 2874 1951 diversisque
2912 1893 2970 1932 se
3018 1875 3348 1932 contrahant
3380 1883 3434 1930 et
3460 1875 3594 1930 den-

2007 1988 2152 2045 sent,
2197 1990 2313 2034 tum
2366 1976 2421 2030 in
2470 1972 2885 2043 longitudinem,
2911 1978 3023 2023 tum
3078 1967 3133 2021 in
3183 1960 3535 2021 altitudinem
3575 1983 3590 2022 :

2006 2071 2208 2145 pbulco
2244 2067 2545 2132 ambulent,
2575 2068 2763 2135 sicque
2794 2061 2949 2133 quasi
2998 2064 3054 2119 in
3094 2064 3211 2131 ipsa
3249 2057 3429 2130 prmlii
3478 2056 3596 2112 acie

2005 2170 2212 2228 essent,
2247 2162 2314 2218 ad
2342 2176 2460 2217 eam
2492 2158 2726 2215 formam
2766 2156 3082 2229 conﬂigant.

2079 2257 2170 2312 67.
2208 2253 2513 2309 Exerceant
2556 2267 2616 2307 se
2652 2264 2871 2322 quoque
2899 2248 2965 2304 ad
3005 2249 3155 2303 hunc
3207 2242 3429 2298 modum
3462 2239 3591 2294 :in-

2004 2348 2216 2405 tertium
2243 2360 2367 2401 cum
2402 2341 2562 2397 nudis
2589 2340 2823 2411 spathis,
2851 2338 2905 2394 id
2932 2344 3041 2402 est,
3078 2332 3273 2405 gladiis
3300 2348 3313 2385 :
3339 2327 3595 2384 dividan-

2007 2451 2095 2497 tur
2122 2440 2177 2495 in
2213 2435 2644 2507 diphalangiam,
2674 2430 2729 2486 id
2765 2439 2872 2494 est,
2907 2427 3237 2496 duplicatam
3279 2421 3480 2480 aciem,
3535 2423 3594 2470 ct

2004 2547 2200 2590 rursus
2235 2530 2289 2586 in
2322 2527 2606 2599 pristinam
2656 2524 2884 2579 formam
2927 2521 3152 2576 redeant
3192 2536 3206 2572 :
3248 2516 3594 2571 dextrorsum

2004 2632 2059 2679 et
2088 2622 2374 2677 laevorsum
2408 2633 2469 2673 se
2495 2614 2797 2685 obliquent,
2824 2622 2878 2668 et
2906 2612 2962 2667 in
2987 2625 3161 2666 cornu
3196 2623 3255 2663 se
3282 2605 3590 2666 inﬂectant,

2007 2715 2059 2770 id
2101 2721 2204 2778 est,
2229 2712 2578 2766 dextrorsum
2607 2705 2924 2777 procedant,
2955 2711 3011 2758 et
3050 2716 3244 2756 rursus
3291 2696 3584 2767 pristinam

2005 2804 2074 2860 ad
2124 2803 2356 2858 formam
2404 2799 2631 2856 redeant
2664 2804 2719 2853 et
2753 2794 3045 2881 ancipitem
3071 2792 3244 2847 aciem
3287 2788 3591 2848 instruant,

2005 2897 2059 2952 id
2089 2906 2194 2963 est,
2235 2894 2303 2950 ad
2333 2889 2683 2961 accipiendos
2725 2887 2985 2957 utrinque
3014 2884 3205 2939 hostes
3244 2886 3513 2951 paratam,
3544 2880 3601 2930 ct

2005 3004 2201 3043 rursus
2231 2985 2298 3041 ad
2334 2983 2621 3054 pristinam
2654 2980 2887 3034 formam
2929 2975 3156 3030 redeant
3189 2990 3205 3027 :
3237 2973 3292 3026 in
3350 2972 3597 3025 dextram

2006 3085 2061 3131 et
2091 3076 2277 3131 laevam
2320 3089 2380 3128 se
2416 3070 2768 3134 transferant,
2806 3067 3038 3122 densent
3070 3079 3132 3120 se
3162 3070 3219 3117 et
3262 3061 3511 3120 dilatent,
3540 3055 3596 3111 id

2014 3176 2119 3233 est,
2153 3164 2462 3222 ditiuudant
2518 3161 2858 3216 altitudinem
2926 3151 3292 3218 contubernii,
3354 3165 3384 3205 a
3442 3157 3599 3213 tergo

2012 3256 2396 3320 communiter,
2437 3263 2492 3310 et
2535 3268 2726 3308 rursus
2772 3250 2839 3305 ad
2885 3247 3170 3319 pristinam
3230 3242 3463 3298 formam
3504 3255 3593 3294 re-

2011 3350 2194 3405 deant.
2261 3347 2355 3402 llae
2417 3347 2606 3401 forma:
2663 3350 2890 3414 pmpter
2937 3339 3118 3395 varias
3173 3335 3593 3392 circumstantes

2010 3456 2206 3499 causas
2233 3436 2553 3495 exercenda:
2582 3443 2733 3490 sunt.

2080 3548 2169 3604 68.
2203 3543 2364 3601 Vocis
2409 3544 2574 3614 igitur
2611 3550 2706 3596 aut
2749 3547 2916 3594 nutus
2948 3536 3107 3608 signo
3138 3534 3326 3604 aliquo
3369 3538 3595 3586 movent

2008 3648 2063 3697 et
2089 3638 2412 3695 consistunt.
2449 3633 2680 3701 Quando
2709 3645 2928 3686 movere
2959 3643 3057 3683 eos
3080 3628 3217 3690 vult,
3245 3622 3478 3680 buccina
3509 3620 3594 3675 vel

2010 3744 2252 3794 staurea,
2299 3731 2383 3785 vel
2435 3743 2568 3783 voce
2626 3740 2727 3781 sua
2781 3722 3057 3795 signiﬁcat
3107 3718 3502 3788 campiductor,
3542 3721 3597 3767 et

2010 3834 2336 3881 moventur:
2365 3820 2586 3893 quando
2631 3832 2762 3873 vero
2799 3814 3104 3871 consistere
3141 3826 3237 3867 eos
3266 3808 3403 3872 vult,
3440 3805 3591 3864 tuba,

2009 3919 2063 3974 id
2096 3926 2200 3982 est,
2238 3930 2405 3986 parva
2444 3911 2698 3973 buccina,
2724 3907 2811 3963 vel
2851 3921 2984 3961 voce
3015 3914 3070 3959 et
3100 3912 3235 3958 nutu
3285 3914 3486 3955 manus
3516 3897 3593 3954 si-

2009 4009 2252 4083 gniﬁcat,
2270 4016 2325 4061 et
2341 4003 2671 4061 cunsistunt.
2691 4000 2986 4071 Propterea
3004 4003 3186 4051 autem
3217 3992 3335 4046 voci
3356 3988 3596 4059 etsignis

2008 4099 2408 4160 assuefaciendi
2437 4104 2581 4162 sunt,
2637 4094 2765 4166 quia
2815 4092 3076 4146 curruum
3118 4086 3384 4142 tumultus
3411 4083 3599 4151 ingens

2009 4206 2174 4261 saepe.
2193 4202 2336 4257 saepe
2365 4185 2561 4258 pulvis,
2592 4199 2738 4255 saepe
2764 4181 2942 4251 caligo
2964 4192 3159 4249 magna
3181 4176 3526 4230 obversatur.

2083 4300 2172 4355 (i9.
2226 4297 2595 4352 Attenuantur
2633 4289 3017 4351 contubernia,
3069 4286 3293 4356 quando
3344 4280 3592 4336 sedecim

336 4391 414 4459 tg’
458 4394 668 4464 ἀνδρῶν
694 4396 757 4449 τδ
795 4368 959 4466 βάθοᾷ
981 4368 1161 4450 αὐτῶν
1191 4368 1328 4461 ἐστι,
1357 4397 1453 4451 καὶ
1500 4368 1674 4461 θέλεις
1708 4399 1907 4470 μᾶλλον

2013 4404 2255 4444 Virorum
2314 4386 2658 4441 altitudinem
2717 4380 2939 4443 habent,
2979 4384 3159 4429 rteus
3206 4373 3259 4426 in
3299 4368 3597 4439 longitudi-

335 4485 397 4539 τὸ
423 4460 595 4556 μῆκος
614 4486 724 4540 τῶν
748 4460 1109 4556 παρατάξεων
1128 4460 1366 4542 ἐκτεῖναι
1386 4486 1474 4542 διὰ
1491 4460 1726 4560 κόμπον,
1749 4490 1781 4562 ἢ
1809 4491 1902 4544 διὰ

2009 4496 2131 4537 ηοω
2157 4478 2294 4535 aciei
2322 4480 2507 4548 potius
2527 4476 2787 4531 diducere
2826 4470 2909 4526 vel
2951 4480 3180 4523 ornatus
3213 4478 3377 4519 causa
3423 4460 3598 4516 alicu-

332 4575 395 4631 τὸ
411 4577 671 4648 ίσωθῆναι
697 4581 763 4650 τῇ
784 4579 893 4633 τῶν
912 4579 1173 4634 ἐναντίων
1186 4579 1337 4645 τάξει
1366 4596 1380 4610 ·
1400 4580 1494 4635 καὶ
1515 4583 1902 4653 παραγγέλλεν

336 4668 580 4734 Ἔξελθε.
598 4671 708 4725 Kal
725 4670 1033 4742 ἐξέρχονται
1049 4666 1130 4735 εἷς
1144 4673 1273 4745 παρ’
1291 4672 1387 4726 ἕνα
1405 4673 1751 4745 μεριζόμενοι
1768 4675 1903 4745 (ευ).

333 4762 441 4814 Kal
487 4761 805 4816 λεπτύνεται
865 4763 963 4834 μὲν
988 4762 1051 4817 τὸ
1089 4763 1253 4835 βάθος
1306 4764 1417 4818 τῶν
1477 4765 1671 4829 άκιῶν,
1725 4782 1901 4836 προσ·

304 4854 308 4870 ⁵
342 4851 538 4907 τίθεται
568 4853 627 4907 δι
665 4853 727 4907 τδ
768 4854 941 4925 μῆκος
970 4854 1070 4924 τῆς
1121 4856 1500 4928 παρατάξεως.
1544 4858 1653 4911 Kal
1698 4858 1907 4925 γίνεται

330 4943 392 4997 τὸ
416 4943 578 5016 βάθος
618 4947 727 5002 ἀπδ
758 4954 834 5019 η’.
889 4948 953 5001 Et
981 4948 1038 5002 δὲ
1080 4946 1207 5021 θέλῃ
1263 4948 1371 5003 ἀπὺ
1413 4950 1713 5021 τεσσάρων,
1742 4949 1907 5004 πάλιν

332 5033 497 5101 λέγει·
540 5034 788 5101 Ἐξελθεο
817 5038 910 5092 καὶ
936 5036 1253 5109 ἐξέρχονται
1280 5039 1482 5108 ὁμοίως
1516 5038 1715 5100 πάντες
1744 5038 1824 5099 εἰς
1848 5035 1907 5087 ἓν

335 5126 500 5197 μέρος
521 5127 671 5193 δεξιά
697 5129 731 5201 ἢ
756 5130 1043 5201 ἀριστερά.
1071 5129 1244 5184 Τοῦτο
1271 5129 1328 5183 δὲ
1360 5129 1516 5200 χρεία
1549 5126 1906 5197 παραφυλάτ-

2005 4575 2117 4645 jus,
2155 4572 2240 4628 vel
2299 4581 2359 4627 ut
2401 4571 2562 4627 alicui
2597 4568 2755 4624 alteri
2814 4564 2953 4622 aciei
3014 4568 3389 4630 exaequentur,
3414 4555 3593 4625 cupis.

2010 4665 2298 4736 Prmcipics
2325 4673 2504 4720 autem
2539 4661 2623 4717 his
2638 4659 2819 4717 verbis
2849 4677 2862 4714 :
2890 4654 3110 4722 Ἔξελθε
3137 4671 3151 4708 :
3174 4651 3227 4707 id
3250 4659 3351 4715 est,
3379 4649 3595 4704 Exeas:

2012 4770 2068 4817 et
2111 4761 2338 4818 exibunt
2369 4756 2554 4813 statim
2614 4769 2754 4809 unus
2807 4758 2928 4822 post
2956 4750 3186 4805 alterum
3220 4760 3279 4801 se
3315 4755 3594 4812 separatis.

2012 4851 2204 4923 itaque
2226 4850 2455 4907 altitudo
2473 4844 2952 4902 rontuberniorum
2975 4845 3314 4901 attenuatur,
3345 4842 3402 4888 et
3421 4830 3596 4901 longi-

2012 4943 2186 4998 tudini
2231 4942 2435 5013 aliqnid
2492 4939 2773 5008 adiicitur,
2802 4944 2856 4991 et
2907 4931 3140 4990 altitudo
3168 4943 3315 4983 nunc
3344 4931 3590 4980 tanturn-

2012 5035 2175 5088 tnodo
2204 5033 2442 5086 virorum
2467 5039 2592 5085 octo
2624 5029 2703 5083 lit.
2729 5029 2783 5082 Si
2806 5040 2934 5079 vero
2969 5029 3211 5093 quatuor
3240 5017 3419 5073 solum
3445 5013 3594 5067 viro-

2012 5138 2134 5180 rum
2183 5122 2528 5179 altitudinem
2579 5121 2663 5174 vis
2691 5133 2834 5180 esse,
2869 5114 2960 5170 dic
2987 5126 3176 5168 rursus
3210 5127 3225 5166 :
3256 5106 3506 5174 Ἔξελθε,
3536 5102 3594 5161 id

1827 5259 2057 5317 NOTAE.

411 5362 524 5433 (ΓΙ)
562 5361 631 5433 Τό
650 5362 844 5433 ,Βάθος
882 5361 1001 5416 ἰῶν
1057 5360 1255 5433 ἁκιῶν.
1309 5358 1366 5414 In
1418 5357 1911 5433 Palatinocodice

330 5428 451 5488 erat
484 5428 586 5486 {to
611 5432 773 5498 βάθος
794 5433 887 5486 καὶ
915 5434 1061 5495 νῖκος
1081 5432 1191 5485 τῶν
1220 5433 1276 5484 ἀ.
1336 5428 1807 5497 quemadmodum
1855 5428 1909 5481 in

330 5502 579 5571 ejusdem
611 5502 941 5622 ξιίιιιοκατὰ
974 5501 1136 5584 βάθος
1174 5502 1269 5553 καὶ
1294 5503 1440 5561 νῖκος
1469 5499 1686 5569 φούλκῳ
1749 5515 1911 5622 πεδι-

334 5574 553 5622 πατεῖν.
660 5573 915 5622 trubmue
959 5572 1312 5622 scribendum
1356 5585 1602 5622 censeo:
1659 5585 1713 5622 κ.
1747 5568 1813 5622 βα
1851 5584 1910 5622 o:

334 5568 553 5628 πατεῖν.
611 5568 915 5642 Utrubique
959 5568 1312 5629 scribendum
1356 5585 1602 5626 censeo:
1658 5568 1713 5624 κ.
1746 5568 1910 5638 βάθος

336 5642 432 5713 καί.
460 5643 654 5713 μῆκος.
862 5712 867 5713 γ
1336 5709 1366 5713 _
1437 5709 1469 5713 __
1704 5708 1714 5713 _
1854 5706 1866 5713 ,

336 5658 432 5701 και
460 5659 654 5713 μῆκος.

263 5705 285 5727 ’
405 5710 520 5782 (i8)
584 5713 747 5768 Κατὰ
775 5712 1017 5780 κοίλους
1047 5714 1287 5780 τόπους.
1333 5709 1541 5775 Scribe,
1588 5708 1726 5762 κατὰ
1783 5706 1909 5761 πολ-

2008 5355 2133 5417 λοὺς
2153 5353 2406 5417 τρόπους.

2079 5370 2620 5497 ῗῗθῐξεῆο
2637 5415 3035 5497 ξετὼειιοιιηῆ
3066 5413 3159 5468 τοῦ
3180 5412 3394 5483 βάνδου.
3418 5407 3482 5464 Et
3508 5410 3589 5466 sic

2006 5488 2123 5553 erat
2150 5488 2203 5549 in
2234 5488 2423 5548 codice
2459 5488 2698 5545 Pistorii.

2079 5566 2192 5634 (20)
2220 5563 2328 5619 Kal
2376 5559 2743 5634 ἐξέρχονται,
2764 5551 2865 5634 et;
2896 5557 3035 5623 παρ’
3065 5554 3174 5608 ἕνα
3198 5549 3582 5634 μεριζόμενοι.

2010 5620 2220 5703 Scribe,
2257 5636 2352 5689 καὶ
2390 5620 2701 5704 ἐξέρχονται
2727 5620 2887 5692 iure;
2918 5620 3443 5697 παραμεριζόμενοι.
