4080 6218
454 289 564 359 755

1675 284 1948 346 LEONIS
1986 282 2447 347 PHILOSOPHI

3602 281 3720 344 ’156

454 418 558 475 est,
589 408 801 476 Exeas;
833 416 889 463 et
915 406 1141 464 exibunt
1178 417 1371 460 omnes
1406 404 1458 458 in
1502 417 1666 457 unam
1694 402 1869 455 solum
1894 415 2023 470 par-
2052 452 2056 463 ,

2161 415 2260 461 ειν,
2295 397 2384 451 ἵνα
2410 396 2614 463 πάντες
2636 396 2717 462 εἰς
2744 396 2803 450 ἓν
2828 396 2994 467 μέρος
3021 395 3117 451 καὶ
3146 396 3504 471 εισέρχωνται
3548 393 3605 449 δὲ
3628 392 3725 447 καὶ

458 512 587 569 lem,
631 501 878 557 dextram
924 506 1021 553 aut
1074 495 1377 552 sinistram.
1410 492 1523 548 Hoc
1568 492 1711 546 enim
1754 491 2040 561 diligenter

462 594 859 649 observandum
907 599 1013 658 est,
1063 598 1123 645 ut
1172 602 1364 644 omnes
1410 601 1574 640 unam
1617 585 1670 640 in
1703 593 1911 655 partem
1946 597 2040 636 νος

462 684 612 738 niant
644 692 697 738 et
723 690 941 737 exeant.

530 797 619 851 70.
655 795 960 851 Jubeantur
1001 794 1256 851 incedere
1301 793 1641 864 aequaoiliter
1672 801 1726 848 et
1768 793 2037 850 ordinate.

462 888 689 955 Quando
745 887 962 958 quidem
1020 886 1073 941 in
1122 886 1239 940 acie
1279 892 1510 940 caeteros
1572 892 1941 947 antevertunt,
1986 889 2041 938 et

462 984 798 1055 tnzequaliter
822 992 973 1048 eunt,
996 983 1064 1038 iis
1087 982 1265 1037 verbis
1294 981 1577 1052 praecipies
1610 999 1624 1035 :
1655 980 1799 1033 Ἴσον
1829 980 1889 1033 τὸ
1910 979 2041 1048 μέτ-

464 1094 627 1140 ωπον,
654 1078 707 1132 id
758 1086 861 1143 est,
896 1074 1146 1147 quualis
1185 1075 1256 1130 sit
1285 1074 1462 1140 frons,
1499 1082 1554 1129 et
1600 1072 1783 1130 statim
1816 1072 2041 1143 aequalis

464 1170 585 1226 erit.

530 1259 1002 1315 7i.Contrahitur
1050 1259 1134 1314 vel
1184 1259 1446 1314 densatur
1499 1260 1795 1324 exercitus,
1823 1274 2042 1330 quanno

464 1353 678 1407 duobus
709 1360 804 1406 aut
842 1353 1017 1408 tribus
1046 1351 1256 1421 sagittae
1297 1352 1537 1422 jactibus
1582 1354 1649 1407 ab
1680 1351 1916 1406 hostium
1945 1367 2042 1407 co-

465 1446 567 1515 piis
617 1461 739 1499 cum
786 1446 960 1511 abest,
1021 1454 1075 1499 et
1134 1444 1367 1498 frontem
1432 1446 1721 1515 utriusque
1771 1445 2042 1500 exercitus

466 1539 808 1593 committere
855 1538 987 1601 vult,
1019 1546 1361 1591 contractum
1402 1545 1457 1590 et
1488 1537 1782 1591 densarum
1826 1537 1892 1591 ad
1923 1552 2042 1592 me-

466 1629 615 1683 dium
699 1630 879 1684 locum
954 1639 1068 1684 tum
1142 1628 1519 1698 longitudinis,
1575 1638 1688 1683 tum
1742 1627 2044 1682 altitudinis

2143 488 2497 560 ὲξέρχωνται.

2214 776 2277 831 ο’.
2293 777 2621 848 Περιπατεῖν
2640 778 2766 840 ἴσως
2792 774 2886 831 καὶ
2907 775 3422 849 συν[τε]ταγμένως,
3442 779 3468 832 ὅ
3476 796 3568 832 ταν
3586 781 3732 843 τινὲς

2142 870 2244 939 τῆς
2272 870 2628 942 παρατάξεως
2680 869 3024 940 προκύψωσι.
3058 872 3167 924 Καὶ
3197 871 3263 925 ἂν
3310 872 3442 933 ἴσως
3488 890 3733 941 περιπαο

2144 961 2313 1028 τοῠσι,
2349 962 2443 1016 καὶ
2476 961 2850 1032 παραγγέλλῃ,
2891 963 3037 1016 Ἴσον
3061 962 3119 1015 τὸ
3147 962 3419 1033 μέτωπον,
3451 962 3550 1016 καὶ
3578 963 3732 1015 ἰσοϋ-

2146 1070 2235 1106 ται
2265 1053 2325 1106 τὸ
2360 1053 2635 1123 μέτωπον.

2215 1255 2315 1311 οα’.
2347 1255 2678 1310 Πυκνοῢνται
2707 1256 2826 1327 ἦτοι
2853 1254 3193 1324 σφίγγονται,
3239 1256 3369 1309 ὅταν
3393 1256 3469 1319 ὡς
3500 1258 3610 1311 ἀπὸ
3635 1257 3731 1310 δύο

2150 1349 2183 1417 ἢ
2211 1348 2376 1419 τριῶν
2402 1346 2794 1413 σαγιττοὸόὶων
2824 1348 2921 1415 τῆς
2947 1345 3055 1398 τῶν
3106 1345 3316 1416 ἐχθρῶν
3363 1348 3731 1415 παρατάξεως

2147 1441 2375 1509 γίνεταιέ
2408 1438 2563 1508 ἡμῶν
2617 1440 2650 1507 ἡ
2708 1436 3051 1506 παράταξις,
3092 1438 3186 1491 καὶ
3246 1437 3429 1505 μέλλει
3486 1437 3737 1506 συμϐάλο

2148 1532 2280 1592 λειςν,
2327 1530 2512 1597 λέγει’
2553 1527 2767 1594 Ζεῦξον.
2818 1527 2927 1579 Καὶ
2990 1527 3355 1596 πυκνούμενοι
3408 1527 3735 1594 σφίγγονται

2148 1621 2285 1689 πρὸς
2317 1618 2407 1671 τὸν
2452 1617 2617 1687 μέσον
2671 1616 2836 1670 τόπον
2866 1616 3008 1670 κατὰ
3041 1615 3203 1686 βάθος
3258 1617 3353 1669 καὶ
3413 1617 3587 1686 μῆκος
3643 1634 3738 1669 το·

467 1737 708 1792 eousque
742 1721 972 1776 frontem
998 1720 1239 1784 adducit,
1275 1730 1331 1775 ut
1364 1720 1453 1789 qui
1492 1721 1546 1774 in
1584 1720 1862 1774 anteriore
1892 1728 2045 1788 parte

2159 1709 2369 1763 τοῦτον·
2404 1709 2492 1762 ἴνα
2546 1708 2597 1760 οἱ
2659 1707 2759 1777 μὲν
2809 1707 3119 1779 ἔμπροσθεν
3177 1707 3498 1778 τεταγμένοι
3544 1708 3638 1761 καὶ
3668 1711 3739 1761 ἐκ

469 1814 741 1876 tnstrncti,
770 1821 823 1867 et
852 1814 943 1883 qui
970 1812 1023 1866 in
1054 1813 1315 1867 lateribus
1348 1811 1580 1877 fuerant,
1614 1813 1755 1866 intra
1781 1827 2041 1867 curruum

468 1905 809 1975 complexum
859 1904 1015 1975 quasi
1061 1904 1466 1959 contineantur.
1495 1903 1623 1957 Ilaec
1666 1903 1840 1958 forma
1873 1910 2049 1972 potest

469 2011 588 2053 esse
617 2006 730 2051 tum
763 2005 960 2062 stante,
998 2006 1112 2051 tum
1156 2005 1406 2050 movente
1432 1996 1694 2050 exercitu.

542 2201 630 2257 72.
663 2200 1090 2272 I’rtecipiendum
1125 2215 1343 2271 quoque
1390 2200 1666 2271 οὐραγοῖς,
1700 2198 1753 2253 id
1786 2208 1889 2263 est,
1924 2198 2050 2253 ulti-

474 2293 673 2358 manis,
720 2310 813 2349 seu
866 2293 1128 2348 caudauis
1182 2308 1421 2363 persaepe
1481 2300 1565 2346 est
1599 2309 1611 2344 :
1644 2303 1694 2345 et
1753 2307 1850 2346 eos
1884 2291 1975 2360 qui
2018 2305 2049 2345 a

455 2393 622 2453 ,tergo
652 2392 779 2440 sunt
811 2383 1086 2454 impellere
1113 2392 1343 2453 oportet,
1395 2394 1558 2453 atque
1608 2385 1673 2438 ad
1721 2399 1881 2439 usum
1932 2398 2050 2437 om-

472 2492 595 2530 nem
652 2476 938 2531 militarem
982 2476 1227 2541 incitare,
1263 2486 1321 2530 ut
1356 2492 1422 2533 ne
1475 2476 1666 2547 aliqui,
1723 2486 1783 2532 ut
1817 2476 1931 2533 fieri
1964 2492 2051 2533 so-

474 2567 564 2631 let,
594 2582 703 2635 ριτο
726 2575 869 2621 metu
898 2574 1234 2622 remaneant.

543 2676 631 2730 73.
666 2675 872 2729 Phulco
916 2676 1218 2741 ambulant,
1250 2676 1471 2746 quando
1505 2675 1711 2745 junctis
1743 2679 1915 2747 copiis
1955 2678 2054 2734 ho-

476 2768 641 2823 stium
676 2769 839 2822 simul
863 2778 915 2823 et
952 2770 1175 2834 nostris,
1205 2769 1417 2840 sagittae
1447 2769 1646 2840 conjici
1678 2770 1967 2839 incipiunt,
2001 2782 2056 2827 et

478 2861 569 2929 qui
602 2860 654 2914 in
697 2859 874 2915 fronte
910 2861 1162 2916 instructi
1215 2870 1361 2926 sunt,
1386 2862 1573 2926 zabas,
1618 2862 1828 2929 loricia,
1857 2865 1910 2918 id
1947 2872 2054 2930 est,

479 2953 663 3022 galeas
710 2968 816 3006 non
862 2962 1095 3023 gestant.
1135 2952 1269 3008 Cum
1319 2953 1627 3025 praecipitur
1651 2955 1782 3019 illis,
1832 2956 2057 3009 Πύκνω-

480 3061 590 3107 σον,
645 3044 697 3098 id
740 3055 844 3112 est,
887 3045 1144 3110 Densato,
1200 3058 1310 3101 tum
1358 3048 1452 3119 qui
1505 3048 1560 3103 in
1590 3048 1765 3103 fronte
1803 3049 2055 3104 instructi

479 3138 699 3203 fuerint,
718 3139 950 3194 densant
979 3151 1133 3195 scuta
1160 3157 1257 3195 sua
1288 3142 1463 3196 donec
1501 3142 1606 3197 sibi
1644 3152 1836 3197 mutuo
1862 3158 2057 3212 appro-
2082 3109 2127 3171 c

479 3230 876 3299 pinquaverint,
910 3242 1123 3287 ventres
1158 3250 1289 3288 suos
1311 3250 1484 3304 usque
1506 3236 1573 3289 ad
1599 3251 1759 3290 suras
1786 3244 1841 3291 et
1878 3250 2056 3306 genua

479 3325 650 3379 scutis
698 3325 815 3380 suis
862 3326 1169 3394 operientes
1204 3346 1217 3380 :
1250 3329 1341 3397 qui
1373 3343 1403 3383 a
1435 3337 1587 3397 tergo
1624 3329 1844 3391 illorum
1887 3338 2055 3392 stant,

479 3427 630 3469 scuta
685 3433 783 3471 sua
834 3434 997 3487 snp'a
1047 3434 1143 3474 cos
1200 3421 1567 3487 traducentes,
1601 3431 1655 3475 et
1696 3422 1749 3475 in
1781 3423 2059 3477 anteriore

480 3508 695 3560 illorum
738 3518 887 3577 parte
926 3520 1190 3579 ponentes
1235 3520 1476 3580 pectora,
1509 3522 1559 3565 et
1598 3513 1781 3569 vultus
1836 3513 2056 3567 illorum

481 3610 686 3669 tegunt,
718 3603 905 3672 sicque
937 3618 1061 3657 cum
1092 3603 1338 3658 hostibus
1361 3603 1679 3675 conﬂigunt.

548 3896 636 3948 7-4.
663 3896 892 3960 Quando
920 3906 1100 3950 autem
1125 3897 1348 3952 densata
1374 3898 1520 3952 acies
1553 3897 1618 3952 ad
1657 3899 1819 3952 unius
1850 3898 2061 3967 sagitta:

479 3986 686 4053 jactum
730 3984 798 4039 ab
850 3986 1097 4041 hostibus
1147 3986 1402 4051 abfuerit,
1433 3997 1488 4041 et
1518 3988 1848 4042 conflictatio
1880 3988 2060 4042 futura

484 4082 585 4136 est,
610 4072 1066 4145 dicito,"E1:ozpo:,
1092 4076 1141 4129 id
1170 4086 1269 4139 est,
1298 4075 1496 4131 Parati.
1530 4078 1681 4131 Alius
1712 4080 1894 4132 statim
1914 4080 2061 4131 exci-

485 4166 617 4232 piat,
650 4177 702 4220 et
733 4168 948 4230 clamet,
979 4167 1189 4236 Βοήθει,
1226 4168 1278 4223 id
1322 4178 1424 4234 est,
1454 4167 1590 4223 Juva
1622 4187 1636 4222 :
1669 4178 1723 4224 et
1774 4169 2059 4224 confestim

488 4273 593 4309 una
619 4258 872 4327 claraque
902 4273 1031 4313 voce
1059 4274 1248 4315 omnes
1276 4270 1591 4330 personent,
1630 4260 1688 4315 Ὀ
1716 4260 1868 4324 Θεός,
1904 4260 1953 4313 id
1980 4271 2062 4316 est

488 4348 649 4403 Deus.
688 4351 763 4405 lbi
796 4361 908 4404 tum
940 4352 1083 4407 leves
1138 4354 1364 4422 sagittas
1416 4354 1582 4407 altius
1623 4353 1888 4421 iujiciant.
1919 4352 2058 4407 Scu-

2148 1803 2401 1871 π).αγιου,
2452 1803 2530 1864 εἰς
2562 1800 2631 1853 τὰ
2680 1799 2901 1871 ἅρματα
2931 1800 3179 1871 ἀλλήλοις
3210 1800 3503 1869 ὲγγῐζωσιν
3531 1818 3543 1830 ·
3577 1803 3625 1853 οἱ
3676 1801 3739 1853 δὲ

2146 1894 2370 1948 ὄπισθεν
2422 1894 2563 1946 κατὰ
2596 1892 2765 1945 νώτου
2821 1892 3068 1962 ἀλλήλοις
3120 1892 3307 1962 ὥσπερ
3352 1894 3737 1962 κεκόλληνται.

2147 1983 2317 2037 Τοῦτο
2333 1982 2390 2035 δὲ
2422 1982 2483 2035 τὸ
2510 1982 2697 2052 σχῆμα
2726 1980 2970 2047 γίνεσθαι
3006 1981 3233 2034 δύναται
3267 1982 3364 2035 καὶ
3395 1980 3741 2052 περιπατού-

2149 2091 2248 2145 σης
2276 2073 2368 2127 καὶ
2400 2072 2696 2143 ἱσταμένης
2722 2072 2822 2141 τῆς
2855 2071 3241 2143 παρατάξεως.

2218 2188 2315 2257 οβ’.
2348 2187 2468 2257 Χρὴ
2496 2186 2553 2239 δὲ
2604 2188 2732 2249 τοὺς
2787 2185 3057 2256 οὐραγοὺς
3120 2186 3601 2257 παραγγέλλεσθαι
3642 2187 3741 2240 καὶ

2150 2281 2215 2333 ὲκ
2260 2279 2367 2332 τῶν
2398 2277 2621 2331 ὄπισθεν
2676 2277 2943 2349 προωθεῖν
2971 2278 3065 2330 καὶ
3103 2277 3379 2346 ἀπορθοῦν
3418 2279 3615 2341 αὐτοὺς
3655 2280 3740 2340 εἰς

2151 2371 2248 2442 τὴν
2279 2372 2485 2441 χρείαν,
2510 2371 2599 2425 ἵνα
2631 2371 2705 2443 μὴ
2728 2369 3097 2441 ὲναπομένωσε
3127 2387 3292 2437 τινες,
3326 2370 3403 2432 ὡς
3431 2371 3597 2435 εἰκὸς,
3626 2370 3741 2422 δει-

2152 2464 2393 2526 λιῶντες.

2224 2682 2323 2752 ογ’.
2363 2680 2584 2751 Φούλκῳ
2612 2681 2668 2735 δὲ
2693 2681 3015 2751 περιπατεῖν
3046 2678 3289 2747 λέγεται,
3319 2679 3447 2733 ὅταν
3471 2680 3741 2749 ἐγγιζου-

2158 2777 2264 2830 σῶν
2314 2777 2423 2830 τῶν
2474 2776 2830 2846 παρατάξεων
2887 2777 2988 2845 τῆς
3046 2793 3107 2829 τε
3166 2776 3441 2846 ἡμετέρας
3493 2777 3589 2829 xal.
3636 2777 3744 2845 τῆς

2157 2869 2263 2923 τῶν
2309 2869 2589 2935 ἐναντίων,
2632 2870 2817 2939 μέλλει
2860 2869 3123 2939 ἄρχεσθαι
3168 2867 3416 2938 ήτοξεία
3444 2867 3742 2936 γίνεσθαι,

2158 2961 2252 3016 καὶ
2282 2961 2342 3013 οὐ
2373 2960 2627 3030 φοροῦσιν
2654 2961 2703 3013 οἱ
2734 2962 2792 3014 ἐν
2827 2962 2906 3030 τῷ
2943 2959 3179 3030 μετώπῳ
3204 2959 3525 3027 τεταγμένοι
3563 2959 3745 3023 ζάὄας

2158 3052 2276 3123 ἦτοι
2319 3052 2571 3122 λωρίκια,
2604 3052 2697 3105 καὶ
2730 3050 3102 3122 παραγγέλλῃ,
3135 3051 3449 3117 Πύκνωσον,
3496 3052 3593 3104 καὶ
3627 3052 3746 3105 τῶν

2159 3142 2464 3212 ἔμπροσθεν
2488 3142 2629 3195 κατὰ
2678 3142 2739 3195 τὸ
2790 3143 3043 3211 μέτωπον
3078 3142 3437 3212 τεταγμένων
3475 3144 3747 3197 πυκνοῦν-

2171 3250 2278 3286 των
2310 3232 2377 3285 τὰ
2427 3233 2724 3303 σκουτάρια
2755 3231 2931 3285 αὐτῶν
2961 3232 3121 3304 μέχρι
3170 3232 3264 3285 τοῦ
3301 3232 3543 3300 ἐγγίζειν
3574 3232 3744 3302 ἀλλή-

2160 3324 2293 3387 λοις,
2322 3323 2757 3388 κατασκέποντες
2783 3323 3325 3393 προσπεπλασμένως
3347 3323 3445 3386 τὰς
3468 3324 3744 3390 γαστέρας

2161 3416 2341 3470 αὐτῶν
2371 3417 2532 3487 μέχρι
2560 3416 2657 3486 τῆς
2686 3417 2925 3487 κνήμης,
2954 3416 3122 3486 ἤγουν
3155 3415 3250 3468 τοῦ
3280 3414 3579 3484 λεγομένου
3613 3416 3747 3469 σκέ-

2159 3508 2315 3571 λους·
2355 3508 2402 3559 οἱ
2432 3507 2779 3578 παρεστῶτες
2816 3506 3001 3569 αὐτοῖς
3031 3506 3255 3559 ὄπισθεν
3305 3507 3738 3577 ὑπερανέχοντες

2164 3600 2235 3652 τὰ
2296 3599 2594 3669 σκουτάρια
2637 3597 2838 3663 αὐτῶν,
2890 3599 2984 3650 καὶ
3046 3598 3418 3661 ἀναπαύοντες
3473 3601 3554 3662 εἰς
3608 3600 3738 3662 τοὺς

2162 3688 2492 3761 ἔμπροσθεν,
2521 3690 2784 3743 σκέπουσι
2813 3689 2882 3742 τὰ
2907 3688 3076 3759 στήθη
3107 3690 3199 3742 καὶ
3248 3690 3347 3751 τὰς
3391 3690 3543 3759 ὄψεις
3566 3691 3747 3743 αὐτῶν

2163 3785 2253 3837 καὶ
2275 3782 2446 3845 οὕτως
2483 3781 2874 3852 συμϐάλλουσι.

2233 3886 2323 3940 οδ’.
2365 3888 2535 3940 Ὂταν
2587 3888 2645 3939 δὲ
2676 3888 3021 3943 πυκνωθεῖσα
3071 3890 3164 3942 καὶ
3204 3890 3570 3960 ἠπαράταξις
3600 3891 3747 3942 κατὰ

2161 3978 2319 4049 λόγον
2349 3980 2458 4033 ἀπὸ
2490 3980 2602 4042 ἑνὸς
2632 3982 3013 4048 σαγιττοϐόλου
3040 3983 3265 4051 γένηται
3292 3984 3402 4035 τῶν
3443 3983 3741 4053 πολεμίων,

2164 4076 2257 4128 καὶ
2284 4074 2465 4144 μέλλει
2511 4075 2727 4137 πάντως
2752 4076 2785 4143 ἡ
2817 4074 3062 4142 ωμόολὴ
3100 4073 3490 4134 συνάπτεσθαι,
3530 4090 3745 4141 παραγ-

2163 4168 2347 4240 γέλλῃ,
2380 4167 2644 4236 Ἕτοιμοι·
2676 4168 2771 4219 καὶ
2800 4166 2961 4219 ἄ)λου
2983 4166 3360 4236 διαδεχομένου
3395 4167 3491 4218 καὶ
3521 4167 3752 4234 κράζον-

2161 4278 2273 4324 τος,
2298 4260 2507 4329 Βοήθει·
2531 4260 2624 4312 καὶ
2643 4260 2857 4313 πάντων
2878 4260 3323 4329 ἀποκρινομένων
3348 4260 3477 4321 ἴσως
3496 4260 3590 4312 καὶ
3608 4276 3742 4327 cup.-

2165 4355 2376 4420 φώνως,
2402 4353 2459 4405 Ὀ
2486 4351 2617 4414 Θεός
2638 4368 2650 4380 ·
2679 4354 2726 4404 οἱ
2748 4351 2846 4421 μὲν
2871 4352 3015 4421 ψιλοὶ
3044 4351 3350 4416 τοξεύουσιν
3372 4350 3744 4421 ὑψηλοτέροις·

488 4439 580 4491 tati
608 4439 698 4507 qui
739 4440 791 4493 in
826 4440 1000 4495 fronte
1024 4442 1304 4496 constituti
1346 4449 1496 4504 sunt,
1543 4443 1633 4495 ubi
1672 4456 1839 4511 pmpc
1870 4446 2056 4497 hostes

2166 4448 2213 4498 οἱ
2239 4445 2295 4496 δὲ
2326 4444 2609 4497 σκουτάτοι
2638 4445 2689 4495 οἱ
2717 4446 2796 4506 εἰς
2824 4444 2883 4495 τὸ
2916 4443 3167 4511 μέτωπον
3188 4444 3513 4512 τεταγμένοι
3542 4442 3621 4495 ἔτι
3658 4444 3752 4511 ἐγ-

490 4532 709 4596 iuerint,
760 4532 805 4585 si
849 4534 1114 4588 matzucia
1158 4535 1238 4588 vel
1275 4534 1521 4596 tzicuria.
1554 4534 1635 4587 vel
1683 4534 1936 4588 rhictaria
1967 4534 2064 4587 ha-

490 4624 670 4688 beant,
725 4624 980 4678 humilius
1030 4626 1321 4695 conjiciant
1349 4640 1413 4679 ea
1446 4643 1459 4680 :
1491 4626 1574 4679 sin
1603 4626 1783 4679 minus
1806 4668 1820 4689 ,
1850 4635 2067 4693 praesto-

489 4713 665 4768 lantes
704 4713 876 4768 donec
922 4715 1169 4770 cominus
1202 4716 1469 4780 venerint,
1502 4727 1554 4770 ct
1582 4731 1705 4770 cum
1732 4716 2063 4785 jaculantcs,

488 4804 572 4856 vel
605 4803 957 4874 conjicientes
987 4806 1114 4870 tela,
1142 4806 1350 4875 gladios
1394 4807 1741 4875 distringam,
1777 4820 1952 4873 neque
1990 4822 2067 4858 rc-

492 4896 898 4952 trucedcnttbus
935 4906 989 4951 et
1028 4900 1510 4967 tergiversantibus
1572 4900 1823 4955 hostibus
1874 4915 2068 4954 excur-

497 4989 684 5054 rendo,
715 4989 807 5044 sed
840 4989 895 5043 in
924 4990 1041 5045 acie
1068 4990 1417 5046 consistendo
1446 5003 1705 5060 pugnent.
1730 4994 1831 5059 Qui
1859 5011 1889 5048 a
1916 5005 2066 5063 tergo

496 5081 711 5139 illorum
742 5091 909 5147 stant,
933 5098 1033 5139 sua
1065 5084 1302 5153 ipsorum
1327 5085 1501 5154 capita
1525 5085 1698 5139 scutis
1728 5086 1842 5140 suis
1881 5097 2065 5157 tegen-

500 5184 597 5238 tes,
639 5176 1007 5234 auterioribus
1048 5177 1363 5234 hominibus
1405 5194 1530 5233 cum
1565 5178 1768 5247 jaculis
1798 5178 1913 5235 suis
1939 5195 2067 5234 suc--

497 5277 739 5323 currant.

578 5584 662 5639 75.
685 5585 786 5653 Qui
842 5588 892 5639 in
936 5586 1110 5640 fronte
1136 5588 1408 5641 exercitus
1442 5596 1589 5649 sunt,
1632 5586 1732 5641 sibi
1771 5586 1901 5655 ipsis
1942 5585 2068 5639 dili-

509 5688 692 5741 genter
735 5681 1067 5743 provideant,
1109 5680 1283 5736 donec
1311 5679 1559 5736 cominus
1594 5680 1659 5734 ad
1714 5695 1909 5734 manus
1944 5696 2074 5734 ven-

2163 4535 2374 4606 γυτέρω
2402 4534 2703 4603 γενομένων
2731 4532 2841 4586 τῶν
2872 4532 3169 4601 πολεμίων,
3205 4534 3256 4584 εἰ
3295 4532 3394 4601 μὲν
3436 4532 3599 4600 ἔχωσι
3647 4550 3751 4599 μα-

2164 4631 2410 4697 τξούκια,
2450 4630 2483 4701 ἢ
2528 4627 2833 4699 τζικούρια,
2878 4627 2909 4699 ἢ
2950 4628 3227 4699 ρικτάρια,
3260 4628 3337 4689 εἰς
3372 4626 3431 4678 τὸ
3460 4625 3633 4695 χαμαὶ
3669 4624 3750 4692 ῥί-

2177 4737 2404 4773 πτουσιν
2457 4720 2613 4773 αὐτὰ.
2670 4720 2730 4771 Εἰ
2757 4718 2811 4771 δὲ
2844 4719 3007 4788 μήγε,
3042 4717 3401 4787 ἀναμένοντες
3445 4717 3637 4786 μέχρις
3687 4706 3750 4765 οὗ

2168 4814 2336 4881 ἐγγὺς
2367 4813 2584 4875 ἔλθωσι,
2618 4812 2739 4865 τότε
2788 4811 3159 4875 ἀκοντίζοντες
3208 4810 3274 4863 τὰ
3318 4810 3599 4875 κοντάρια,
3633 4808 3751 4877 ἦτοι

2169 4905 2422 4976 ρικτὰρια
2460 4901 2657 4965 αὐτῶν,
2704 4902 3164 4971 ἐπιλαμϐάνονται
3210 4900 3318 4952 τῶν
3359 4898 3607 4951 σπαθίων
3636 4898 3737 4950 αὖ·

2164 4996 2272 5049 τῶν
2304 5034 2317 5056 ,
2338 4996 2428 5048 καὶ
2461 4995 2722 5064 μάχονται
2755 4994 3030 5055 εὐτάκτως
3060 4994 3115 5043 ὲν
3145 4994 3212 5060 τῇ
3247 4991 3397 5057 τάξει
3423 4990 3603 5042 αὐτῶν
3634 4988 3730 5056 μέ-

2166 5105 2344 5151 νοντες
2374 5088 2467 5141 καὶ
2503 5087 2563 5140 οὐ
2595 5086 3018 5156 κατατρέχοντες
3048 5088 3177 5149 τῶν,
3219 5086 3293 5147 ὡς
3328 5083 3495 5143 εἰκὸς,
3530 5082 3749 5150 ὑποχω-

2172 5180 2408 5250 ρούντων
2425 5178 2608 5240 αὐτοῖς
2632 5177 2864 5246 ἐχθρῶν.
2892 5178 2955 5227 Ol
2974 5176 3030 5228 δὲ
3056 5173 3282 5227 ὄπισθεν
3310 5173 3490 5225 αὐτῶν
3516 5170 3752 5231 ἑστῶτες

2166 5271 2264 5332 τὰς
2289 5271 2494 5324 ἑαυτῶν
2522 5267 2763 5337 κεφαλὰς
2802 5267 3096 5331 σκέποντες
3152 5266 3288 5336 μετὶ
3342 5264 3451 5317 τῶν
3513 5278 3748 5314 σκουται-

2178 5360 2307 5429 ρξων
2339 5358 2518 5411 αὐτῶν
2551 5357 2902 5427 ἐπιὸοηθοῦσι
2954 5359 3069 5420 τοῖς
3122 5354 3440 5429 ἔμπροσθεν
3468 5351 3607 5422 μετὰ
3642 5351 3752 5405 τῶν

2186 5450 2510 5519 κονταρίων.

2248 5564 2338 5619 οε’.
2393 5565 2561 5633 Χρεία
2618 5564 2673 5616 δέ.
2735 5566 2879 5616 ἐστιν
2914 5562 3171 5630 ἀσφαλῶς
3230 5562 3353 5623 τοὺς
3386 5561 3463 5621 εἰς
3496 5559 3753 5629 μέτωπον

2184 5655 2545 5727 τασσομένους
2612 5654 3009 5725 προφυλάττειν
3070 5652 3295 5715 ἑαυτοὺς
3324 5649 3514 5721 μέχρις
3548 5642 3609 5700 οὗ
3671 5646 3752 5707 si;
