4080 6218
310 346 417 415 Ἶ5Ἱ

1393 354 1721 415 TACTICA.
1758 383 1825 393 --
1864 352 2364 418 CONSTITUTIO
2408 351 2543 415 VII.

3052 258 3109 287 ἣ

3457 350 3562 411 758

308 460 499 532 χεῖρας
547 458 612 511 ὲκ
683 457 778 511 τοῦ
828 456 1051 527 πλησίον
1124 459 1371 525 ἔλθωσιν,
1416 461 1502 515 ῖνα
1561 462 1635 532 μὴ
1667 480 1891 517 κατατο-

1996 475 2107 520 tum
2144 465 2234 531 sil,
2266 478 2335 517 ne
2378 464 2421 517 si
2454 460 2616 515 zabas
2645 466 2738 513 aut
2769 457 3112 525 chalcotuha,
3140 459 3193 515 id
3230 469 3336 526 est,
3369 476 3563 516 ocreas

313 554 577 621 ξεῠωνται
608 552 712 606 ὑπὸ
740 568 849 605 των
877 552 1170 624 πολεμίων,
1194 555 1291 609 ἐὰν
1326 556 1560 626 μάλιστα
1608 557 1683 628 μὴ
1718 558 1880 629 ἔχωσι

1996 572 2161 611 nneas
2192 570 2299 610 non
2329 553 2578 618 habeant,
2615 551 2840 621 sagittis;
2866 550 2936 605 ab
2963 551 3211 608 hostibus
3241 550 3559 607 confodian-

313 644 486 707 ζάὸας
512 642 545 713 ἢ
568 640 903 711 χαλκότυὸα.

381 733 489 797 og'.
529 734 858 802 Μερίζονται
904 733 1041 804 πρὸς
1083 733 1466 803 διφαλαγγίαν,
1528 736 1656 789 ὅταν
1683 735 1768 788 ἐπ’
1795 736 1884 789 εὑ-

314 825 464 887 θείας
495 822 842 891 περιπατῶσι
865 824 963 892 τῆς
1002 824 1382 894 παρατάξεως,
1414 826 1509 879 καὶ
1572 825 1884 897 ἔμπροσθεν

315 920 411 971 καὶ
461 916 687 970 ὄπισθεν
741 916 983 984 φανῶσιν
1028 917 1298 987 πολέμιοι,
1333 918 1429 970 καὶ
1468 918 1517 970 εἰ
1546 918 1645 987 μὲν
1668 918 1776 970 ἀπὸ
1808 916 1883 982 ις’

312 1009 524 1079 ἀνδρῶν
571 1007 764 1077 ἔχωσιν
809 1007 866 1059 αἱ
914 1006 1089 1071 ἀκίαι,
1124 1008 1220 1060 καὶ
1264 1008 1500 1077 ἤγγισαν
1530 1009 1580 1060 οί
1617 1008 1685 1060 δι’
1712 1008 1886 1078 ὅψεως

315 1101 601 1172 ἐρχόμενοι
664 1099 870 1169 ἐχθροὶ,
912 1101 1006 1152 καὶ
1057 1098 1340 1169 μέλλουσιν
1399 1100 1463 1151 ἐκ
1513 1098 1607 1151 τοῦ
1660 1098 1887 1169 πλησίον

316 1192 579 1261 ἄρχεσθαι
639 1193 739 1260 τῆς
790 1190 991 1260 μάχης,
1050 1189 1436 1259 παραγγέλλειο
1482 1189 1614 1241 Ἀπὸ
1652 1189 1702 1259 η’
1736 1190 1890 1260 μερί-

318 1283 502 1351 σθητε,
542 1282 634 1334 καὶ
656 1283 705 1334 οἱ
730 1280 780 1351 η’
820 1284 898 1344 είς
927 1281 1306 1351 διφαλαγγίαν,
1342 1281 1436 1332 καὶ
1458 1282 1508 1332 oi
1538 1279 1584 1349 η’
1615 1280 1882 1346 ἵστανται,

318 1375 366 1426 oi
398 1374 453 1426 δὲ
479 1372 529 1443 η’
556 1372 912 1442 στρεφόμενοι
941 1374 1033 1425 καὶ
1058 1372 1331 1434 κινοῦντες
1357 1370 1493 1439 πρὸς
1528 1371 1888 1438 διφαλαγγίαν

322 1464 654 1534 μερίζονται,
685 1465 733 1515 oi
761 1462 817 1515 δὲ
850 1463 883 1531 ἦ
908 1463 1015 1515 ἀπὸ
1068 1460 1118 1531 η’
1142 1462 1393 1515 ἵστανται
1422 1463 1482 1515 τὸ
1514 1462 1749 1532 βάθος,ἢ
1782 1462 1891 1514 ἀπὸ

317 1554 359 1608 δ’
365 1595 380 1609 .
412 1554 804 1624 ιιαραγγέλλειο
826 1553 1054 1622 Έδραῖοι
1073 1556 1231 1624 στῆτε
1251 1557 1298 1607 οἱ
1322 1554 1584 1624 δεύτεροι,
1614 1555 1771 1606 καὶοὶ
1793 1554 1891 1623 τῆς

319 1648 621 1717 φαλαγγίας
678 1646 960 1717 ἐξέρχεσθε
979 1664 993 1678 °
1044 1645 1285 1717 δεύτεροι
1315 1646 1373 1699 δέ
1403 1648 1561 1707 εἰσιν.
1586 1646 1635 1698 oi
1662 1644 1891 1713 λεγόμε-

317 1754 397 1790 νοι
426 1736 592 1790 πάλαι
624 1736 919 1800 σεκοῦνδοι,
952 1734 985 1805 ἢ
1015 1737 1325 1789 ἐπιστάται.
1369 1735 1479 1787 Καὶ
1530 1734 1889 1804 στρεφόμενοι

1985 657 2091 701 ιυΐ.

2057 736 2145 791 76.
2178 734 2505 790 Dividuntur
2532 734 2586 788 in
2621 733 3047 805 diphalangiam,
3079 732 3131 787 id
3170 739 3276 797 est,
3308 732 3553 803 duplica-

1984 839 2094 885 tam
2130 829 2326 889 aciem,
2350 826 2571 895 quando
2600 825 2746 880 acies
2768 825 3041 879 instructa
3059 824 3265 879 directe
3290 824 3557 888 ambulat,

1985 929 2149 990 atque
2185 929 2311 974 ante
2328 932 2393 973 ac
2423 931 2453 970 a
2486 929 2640 984 tergo
2668 916 2954 971 imminent
2996 916 3185 971 hostes
3215 934 3230 971 :
3262 917 3338 971 ibi
3373 926 3487 971 tum
3516 920 3561 972 si
3591 968 3595 977 ,

1985 1025 2050 1065 ex
2087 1009 2323 1065 sedecim
2355 1008 2448 1062 tlat
2473 1006 2922 1073 contubernium,
2952 1014 3007 1061 et
3028 1006 3082 1060 in
3110 1017 3404 1077 conspectu
3441 994 3596 1063 (ne?

1988 1101 2095 1155 rint
2120 1102 2329 1164 hostes,
2363 1109 2419 1154 et
2450 1098 2703 1154 cominus
2734 1113 2898 1151 manu
2939 1098 3233 1168 conﬂigere
3270 1099 3562 1161 voluerint.

1988 1192 2228 1261 praecipe
2262 1200 2321 1244 ut
2348 1205 2443 1260 per
2501 1198 2625 1244 octo
2657 1203 2717 1244 se
2758 1188 3019 1256 dividant,
3044 1200 3097 1244 et
3125 1199 3249 1245 octo
3278 1191 3333 1245 in
3368 1192 3561 1262 dipha-

1989 1281 2223 1351 langiam
2266 1282 2472 1344 statim,
2516 1279 2568 1333 id
2602 1288 2705 1342 est,
2731 1279 3061 1346 duplicatam
3116 1281 3440 1351 phalangem
3483 1283 3565 1336 di-

1988 1367 2265 1432 vidantur,
2286 1367 2475 1435 sicque
2498 1379 2623 1421 octo
2647 1366 3068 1422 contubernales
3086 1368 3295 1423 immoti
3319 1372 3565 1435 stabunt,

1989 1456 2084 1513 alii
2104 1468 2229 1512 octo
2251 1457 2500 1512 conversi
2534 1467 2586 1512 et
2616 1468 2899 1513 moventes
2918 1473 2978 1513 se
3006 1458 3058 1511 in
3082 1461 3417 1515 contrariam
3442 1478 3567 1531 par-

1990 1556 2123 1613 tem,
2163 1548 2233 1603 ad
2267 1548 2601 1615 duplicatam
2643 1548 2799 1618 quasi
2845 1548 3020 1603 aciem
3057 1563 3117 1603 se
3158 1550 3425 1616 dividant,
3479 1569 3567 1607 re-

1993 1640 2125 1710 liqui
2148 1640 2217 1694 ad
2263 1650 2389 1695 octo
2430 1640 2517 1695 vel
2580 1650 2821 1710 quatuor
2852 1640 3193 1696 altitudinem
3244 1646 3564 1701 consistent.

1994 1732 2105 1787 Illis
2127 1732 2545 1802 pnecipiendum
2561 1742 2664 1793 est,
2681 1730 2914 1802 Ἐδραῖοι
2939 1732 3100 1801 στῆτε
3119 1736 3165 1786 οἱ
3191 1733 3454 1805 δεύτεροι,
3476 1738 3569 1791 καὶ

318 1831 367 1882 οἱ
396 1828 695 1893 σεκοῦνδοι,
732 1828 1010 1881 τουτέστιν
1044 1829 1092 1881 oi
1122 1828 1226 1880 ὑπὸ
1257 1828 1349 1880 τὸν
1380 1829 1653 1897 δεκάρχην
1697 1843 1891 1894 τεταγ-

1996 1824 2040 1876 οί
2073 1823 2175 1892 τῆς
2198 1823 2557 1892 διφαλαγγίας
2586 1823 2851 1890 ὲξέλθετε,
2888 1824 2937 1877 id
2969 1834 3070 1886 est.
3112 1824 3279 1880 Firmi
3311 1838 3450 1882 state
3478 1844 3567 1883 se-

322 1922 491 1991 μένοι,
508 1919 811 1989 ἐξέρχονται
840 1919 1181 1989 διαστήματα
1211 1920 1339 1989 ἄχρι
1364 1918 1690 1989 τριακοσίων
1715 1919 1890 1988 βημά-

316 2028 469 2075 των,
518 2012 636 2079 ἧττι
695 2009 1093 2078 σκελισμάτων,
1148 2009 1288 2063 ὥστε
1359 2010 1433 2079 μὴ
1487 2009 1745 2063 δύνασθαι
1792 2008 1890 2071 τὰς

319 2103 653 2173 βαλλομένας
677 2104 826 2173 παρὰ
854 2119 962 2155 των
994 2103 1252 2157 ἐναντίων
1285 2105 1543 2171 σαγίττας
1602 2101 1888 2170 ἑκατέρω-

318 2198 409 2250 θεν
450 2196 707 2265 βλάπτειν
747 2199 871 2257 τοὺς
904 2195 1105 2257 νὼτους
1142 2194 1251 2247 τῶν
1278 2194 1744 2259 ἁντιῦλεπόντων,
1775 2193 1889 2247 ἀλλ’

317 2290 375 2339 ἐν
399 2290 473 2355 τέ)
502 2286 743 2357 εὐκαίρῳ
799 2288 950 2356 τόπῳ
986 2288 1203 2339 πίπτειν
1237 2287 1429 2349 αὑτάς.
1500 2281 1635 2338 Εἶτα
1674 2301 1891 2355 παραγ-

318 2379 535 2445 γέλλει·
591 2378 1020 2448 ’Υποστρέψατε.
1061 2378 1157 2430 καὶ
1212 2378 1373 2431 πάλιν
1428 2376 1889 2446 ὑποστρέψαντες,

317 2472 366 2523 εί
394 2471 552 2540 χρεία
605 2470 852 2541 γένηται,
890 2469 1354 2523 ἁποκαθίστανται
1409 2470 1487 2532 είς
1520 2468 1579 2521 τδ
1631 2470 1892 2537 πρότερον

320 2566 527 2633 σχῆμα-

393 2749 489 2813 οζ¹.
544 2749 608 2801 Εἰ
674 2747 749 2811 δὲ,
808 2747 885 2809 ὡς
951 2746 1116 2810 εἰκὸς,
1178 2748 1211 2817 ἡ
1275 2747 1477 2818 μείζων
1504 2747 1731 2818 δύναμις
1785 2747 1893 2802 τῶν

320 2841 532 2913 ἐχθρῶν
559 2840 646 2893 διὰ
668 2838 763 2892 τοῦ
797 2837 988 2903 νώτου,
1020 2839 1189 2907 ἠγουν
1216 2837 1440 2891 ὄπισθεν
1486 2840 1584 2909 τῆς
1644 2840 1896 2909 παρατά-

323 2931 456 2999 ξεως
484 2933 721 3005 ἔρχεται,
756 2931 851 2985 καὶ
902 2932 1110 3000 ἄμαξαι
1144 2931 1244 2984 οὐκ
1290 2931 1675 2985 ἀκολουθοῦσιν
1723 2934 1771 2985 oi.
1803 2949 1890 2985 σε·

322 3026 553 3090 κοῦνδοι,
609 3025 777 3094 ἢγουν
839 3025 889 3077 oi
951 3023 1259 3087 ἐπιστάται,
1307 3024 1555 3077 ἵστανται
1625 3024 1683 3076 δὲ
1710 3025 1802 3076 καὶ
1845 3024 1894 3076 οἱ

1991 1913 2180 1973 eundi.
2212 1921 2266 1967 ct
2297 1913 2351 1967 in
2376 1914 2648 1982 duplicata
2682 1913 2800 1968 acie
2822 1914 2914 1983 qui
2940 1914 3099 1979 estis,
3126 1916 3293 1970 exite.
3328 1914 3566 1983 Secundi

2003 2010 2187 2056 autem
2225 2012 2353 2056 sunt
2389 2002 2481 2072 qui
2512 2003 2827 2067 ἐπιστάται,
2856 2004 2907 2058 id
2936 2012 3040 2071 est,
3059 2005 3249 2059 astites
3279 2008 3569 2062 nominan—

1991 2102 2101 2159 tur,
2130 2094 2223 2164 qui
2256 2095 2359 2149 sub
2378 2095 2567 2150 decani
2595 2104 2890 2165 protestate
2910 2104 3056 2152 sunt.
3091 2098 3154 2152 lli
3190 2101 3436 2156 conversi
3458 2110 3567 2156 tam

1991 2200 2156 2254 prope
2184 2185 2250 2240 ad
2284 2200 2343 2240 se
2368 2196 2555 2241 mutuo
2583 2187 2861 2252 accedant,
2887 2196 2946 2240 ut
2970 2188 3130 2256 paulo
3155 2190 3388 2258 amplius
3404 2193 3572 2248 vesti-

1991 2278 2063 2345 gii
2103 2276 2385 2331 intervallo
2400 2278 2704 2343 distent,ne
2735 2278 2986 2348 utrinque
3020 2280 3279 2349 conjecta:
3306 2282 3373 2335 ab
3396 2282 3571 2338 hosti-

1994 2370 2094 2424 bus
2136 2370 2362 2437 sagittae,
2387 2380 2533 2439 terga
2551 2371 2805 2440 utrinque
2828 2371 3185 2439 spectantimn
3219 2370 3435 2435 laedant,
3473 2375 3567 2429 sed

1991 2473 2330 2530 Oppportuno
2345 2462 2527 2530 aliquo
2544 2462 2595 2516 in
2615 2462 2732 2517 loco
2754 2463 2969 2516 cadant.
2992 2461 3191 2518 Deinde
3212 2464 3289 2519 sic
3310 2465 3415 2519 illis
3434 2482 3570 2535 pra:-

1992 2555 2181 2622 cipito,
2200 2554 2621 2624 ’Υποστρέψατε,
2637 2553 2988 2609 llevertimini
3007 2572 3022 2609 :
3043 2565 3097 2610 et
3121 2561 3419 2622 rursum,si
3440 2574 3572 2615 usus

1995 2644 2175 2707 fuerit,
2193 2646 2440 2700 conversi
2458 2646 2525 2700 ad
2557 2646 2839 2715 pristinam
2883 2646 3017 2700 aciei
3054 2648 3281 2701 formam
3328 2650 3567 2704 redeant.

2068 2733 2154 2788 77.
2192 2732 2272 2800 Si,
2306 2736 2765 2803 quemadmodum
2830 2751 2931 2791 usu
3009 2738 3199 2792 venire
3251 2739 3571 2809 plerumque

1995 2833 2193 2895 potest,
2227 2826 2464 2897 majores
2500 2827 2737 2882 hostium
2769 2829 2938 2897 copia:
2967 2844 2997 2883 a
3032 2840 3203 2899 tergo,
3230 2830 3281 2883 id
3315 2841 3417 2896 est,
3452 2842 3573 2901 post

1996 2918 2319 2972 instructam
2365 2920 2535 2973 aciem
2570 2920 2825 2975 curribus
2868 2935 2975 2974 non
3027 2923 3571 2991 sequentibus-inva-

1995 3010 2147 3075 dant,
2201 3018 2313 3062 tnm
2361 3011 2584 3065 secundi
2635 3012 2750 3065 sive
2787 3010 3056 3080 epistulae,
3111 3014 3165 3065 id
3218 3021 3320 3077 est,
3356 3018 3570 3081 astites,

325 3117 541 3189 πρίμοι,
576 3118 743 3187 ἡγουν
781 3116 837 3181 ,οἱ
871 3113 1250 3185 πρωτοστάται
1273 3154 1285 3177 ,
1320 3116 1371 3167 oi
1404 3114 1460 3167 δὲ
1492 3115 1712 3185 λοχαγοὶ
1741 3114 1893 3183 ἐξέρ-

1998 3101 2325 3165 consistunt,
2350 3110 2403 3155 et
2435 3102 2594 3171 primi
2623 3102 2737 3156 sive
2765 3101 3055 3170 praestites,
3081 3103 3174 3171 qui
3229 3104 3445 3173 lochagi
3476 3122 3569 3160 no-

325 3226 529 3281 χονται.

393 3299 494 3370 οη’.
552 3300 625 3352 Τὸ
675 3300 731 3353 δὲ
773 3299 870 3369 τῆς
911 3297 1218 3367 φαλαγγίας
1256 3298 1488 3365 γίνεται,
1522 3299 1648 3350 ὅταν
1678 3298 1733 3350 αἱ
1762 3297 1901 3365 ἆμα-

326 3394 413 3460 ξαι
439 3394 537 3445 οῦκ
562 3390 964 3452 ἀκολουθοῦσιν,
1000 3390 1033 3460 ἢ
1084 3391 1515 3459 άκολουθήσασαι
1557 3390 1889 3459 ἐϐιάσθησαν

328 3485 432 3539 ὑπὸ
453 3484 561 3535 τῶν
601 3482 895 3551 πολεμίων.
930 3480 1166 3543 Ταύταις
1192 3482 1248 3533 δὲ
1277 3480 1381 3551 χρὴ
1403 3482 1615 3543 πάντως
1643 3483 1734 3533 ἐπὶ
1760 3498 1895 3534 παν-

326 3579 415 3641 τὸς
457 3574 860 3647 ἡτοιμασμένον
906 3572 1134 3635 πεζικοῦ
1176 3574 1403 3643 στρατοῦ
1445 3572 1785 3626 ἀκολουθεῖν.
1835 3574 1899 3625 El

331 3671 407 3741 μὴ
440 3669 545 3739 ἄρα
580 3665 977 3735 καϐαλλαρικὸς
1007 3665 1235 3734 στρατὸς
1270 3664 1462 3734 βιασθῇ
1490 3664 1774 3727 πεζεῦσαι,
1807 3664 1901 3716 καὶ

327 3763 386 3814 ἐν
420 3758 595 3830 καιρῴ
625 3756 855 3825 τοιούτῳ
888 3757 921 3825 ἢ
955 3756 1179 3827 ἁμαξῶν
1209 3757 1241 3826 ἢ
1280 3756 1443 3825 ἄλλης
1473 3755 1606 3826 ὕλης
1637 3756 1776 3808 κατὰ
1801 3754 1897 3807 τοῦ

327 3852 498 3906 νώτου
532 3852 777 3921 ἀπορεῖν.

400 3941 495 3996 οθ’.
554 3941 712 4005 Δεξιὰ
762 3943 817 3995 δὲ
860 3942 955 3995 καὶ
1003 3939 1267 4010 ἀριστερᾶ
1326 3937 1618 4002 κλίνονται,
1661 3938 1789 3989 ὅταν
1836 3938 1900 3989 ἐκ

330 4033 559 4103 πλαγίου
611 4038 689 4098 είς
722 4034 778 4086 ἓν
816 4033 979 4105 μέρος
1039 4030 1167 4101 θέλῃ
1217 4029 1315 4099 τὴν
1353 4030 1658 4098 παράταξιν
1714 4026 1898 4097 σῦραι,

328 4125 363 4195 ἢ
393 4125 481 4178 διὰ
501 4124 582 4189 τὸ,
602 4124 675 4187 ῶς
697 4118 863 4187 εἰκὸς,
893 4122 1127 4175 ἐκτεῖναι
1150 4121 1248 4189 τὴν
1276 4117 1576 4189 παράταξιν
1605 4121 1699 4170 καὶ
1731 4118 1900 4185 ὑπερ-

330 4218 583 4287 κεράσαι,
615 4215 780 4285 ἦγουν
811 4212 1088 4266 κυκλῶσαι
1128 4210 1252 4273 τοὺς
1283 4211 1528 4279 ἐχθροὺς,
1557 4208 1590 4278 ἢ
1625 4208 1698 4278 μὴ
1734 4208 1833 4259 ὑπε
1846 4224 1898 4276 ρ-

329 4306 672 4378 κερασθῆναι
713 4307 880 4377 ἤγουν
927 4301 1270 4371 κυκλωθῆναι
1318 4302 1447 4372 παρ’
1500 4299 1758 4368 αὑτῶν,ἢ
1812 4298 1900 4350 διὰ

327 4400 494 4452 τόπου
559 4397 1008 4468 ἐπιτηδειότητα,
1060 4395 1093 4465 ἢ
1154 4394 1245 4447 διὰ
1308 4390 1649 4463 παραγωγὴν
1709 4389 1896 4441 στειοῦ

2004 3190 2306 3253 minamur,
2336 3197 2525 3243 contra
2556 3204 2652 3243 eos
2685 3197 2831 3243 eant.

2075 3278 2162 3333 78.
2200 3280 2587 3350 Diphalangiaz,
2624 3281 2675 3335 id
2700 3294 2805 3345 est,
2828 3279 3116 3349 duplicata:
3152 3282 3286 3335 aciei
3311 3297 3444 3335 usus
3464 3291 3570 3345 est,

2001 3371 2218 3436 quando
2249 3385 2443 3424 currus
2488 3386 2594 3423 non
2649 3380 2976 3439 sequuntur,
3012 3370 3096 3421 vel
3150 3369 3192 3422 si
3250 3385 3569 3436 sequamur,

2001 3458 2069 3511 ab
2100 3457 2349 3512 hostibus
2387 3470 2564 3512 tamen
2602 3460 2949 3528 populantur.
2992 3457 3101 3512 llos
3134 3467 3315 3511 autem
3348 3474 3573 3510 omnum

2001 3558 2212 3617 oportet
2234 3551 2536 3618 pedestrem
2570 3551 2738 3605 aciem
2769 3551 3088 3605 instructam
3116 3550 3289 3619 sequi,
3308 3551 3410 3603 nisi
3436 3550 3505 3602 [ιιι
3524 3562 3572 3604 te

2001 3640 2271 3707 equestris
2296 3641 2567 3695 exercitus
2607 3650 2831 3708 cogatur
2856 3642 3079 3711 pedibus
3114 3643 3211 3702 ire,
3242 3642 3405 3708 idque
3432 3652 3571 3694 lrtlt-

2001 3731 2149 3799 poris
2182 3732 2263 3787 vel
2290 3732 2564 3800 curribus,
2598 3734 2679 3788 vel
2706 3734 2806 3787 alia
2836 3735 3090 3804 quapiam
3117 3735 3344 3787 materia
3375 3753 3401 3786 a
3424 3746 3571 3801 ιυιμι

2000 3831 2141 3892 eget.

2071 3915 2162 3969 7t).
2194 3917 2251 3970 ln
2310 3916 2556 3972 dextram
2606 3927 2660 3973 et
2715 3918 2901 3973 lzcvam
2966 3930 3170 3989 partem
3220 3923 3571 3985 inclinantur,

2001 4007 2293 4076 quandoin
2329 4009 2553 4063 alteram
2589 4021 2793 4077 partem
2828 4012 2975 4066 acies
3018 4013 3350 4082 obliquatur,
3382 4018 3464 4070 vel
3516 4028 3575 4071 ut

2001 4100 2337 4168 producatur
2361 4101 2526 4161 acies,
2550 4111 2605 4155 et
2637 4102 3030 4157 circumveniat
3057 4106 3263 4171 hostes,
3300 4108 3381 4161 vel
3411 4119 3468 4161 ut
3509 4127 3575 4163 ne

2003 4192 2471 4247 circumveniatur
2502 4194 2569 4248 ab
2604 4194 2730 4261 illis,
2773 4195 2853 4249 vel
2898 4205 3119 4265 propter
3163 4197 3265 4252 lori
3307 4210 3574 4267 opportu-

2002 4286 2261 4351 nitatem,
2287 4286 2370 4341 vel
2395 4296 2615 4357 propter
2638 4287 2741 4341 loci
2771 4289 2986 4357 angusti
3021 4289 3329 4342 transitum.
3365 4290 3422 4343 Si
3444 4292 3574 4343 dex-

2003 4389 2241 4433 trorsum
2276 4378 2627 4434 traducturus
2673 4382 2841 4433 aciem
2869 4394 2947 4442 es,
2993 4380 3223 4447 prmcipe
3276 4380 3343 4434 iis
3371 4382 3569 4446 verbis,

328 4494 518 4545 τόπου.
552 4491 660 4543 Kal.
710 4481 759 4542 εἶ
813 4489 910 4559 μὲν
967 4488 1117 4551 δεξιὰ
1148 4486 1279 4558 θέλῃ
1332 4484 1676 4554 παραγαγεῖν
1707 4481 1893 4549 αὐτὴν,

2006 4472 2084 4526 Ad
2113 4472 2322 4526 hastam
2342 4471 2575 4535 declina,
2594 4486 2767 4541 eoque
2790 4487 2848 4526 se
2873 4473 3064 4525 armati
3087 4470 3310 4526 ﬂectant
3337 4491 3349 4526 :
3380 4474 3573 4527 deinde

330 4580 700 4652 παραγγέλλει
721 4593 736 4608 ο
781 4579 905 4631 Ἑπὶ
939 4578 1190 4648 κοντάριν
1214 4576 1410 4629 κλῖνον.
1439 4575 1547 4626 Καὶ
1574 4573 1899 4643 στρέφονται

329 4677 527 4737 πάντες
548 4675 597 4725 oi.
622 4672 837 4726 ὁπλῖται
867 4670 1094 4723 ἐκεῖθεν.
1136 4665 1268 4722 Εἶτα
1302 4666 1695 4737 παραγγέλλει·
1740 4664 1901 4717 Ὕπόο

330 4766 584 4837 στρεψον,
618 4767 710 4819 καὶ
743 4764 1222 4820 ἀποκαθίστανται.
1257 4762 1320 4815 El
1370 4761 1427 4814 δὲ
1475 4758 1739 4830 ἀριστερὰ
1773 4758 1897 4829 θέλῃ

326 4860 528 4923 κλῖναι,
562 4856 969 4930 παραγγέλλει·
1010 4857 1134 4910 Ἐπὶ
1158 4853 1409 4924 κοντάριν
1439 4853 1622 4917 κλίνας
1657 4851 1898 4920 κίνησον,

328 4954 423 5006 καὶ
454 4952 523 5004 τά
554 4952 688 5006 ἄλλα
718 4951 920 5019 ὁμοίως
948 4949 1328 5016 φυλάττονται.

399 5043 473 5098 π’.
523 5043 889 5114 Ἀμφίστομος
909 5041 966 5094 δὲ
994 5040 1230 5109 κίνησις,
1260 5040 1388 5092 ὅταν
1411 5036 1518 5089 τῶν
1553 5032 1787 5105 ἐχθρῶν,
1823 5032 1898 5095 ὠς

329 5136 498 5201 εἰκὸς,
533 5136 689 5204 ἄφνω
721 5132 1061 5203 γυρευόντων
1100 5128 1411 5200 ἔμπροσθεν
1454 5128 1545 5179 καὶ
1575 5124 1797 5179 δπισθεν
1826 5122 1901 5192 μὴ

329 5228 509 5299 φθάσῃ
542 5226 678 5296 πρὸς
726 5225 1089 5293 διφαλαγγίαν
1144 5219 1465 5291 μερισθῆναι
1507 5218 1539 5287 ἡ
1576 5210 1898 5285 παράταξις,

329 5322 422 5375 καὶ
452 5319 840 5391 παραγγέλλει·
888 5316 1009 5370 Τῶν
1045 5314 1216 5370 ἁκιῶν
1261 5313 1360 5383 τὴν
1404 5310 1555 5374 τάξιν
1604 5304 1895 5376 φυλάξατε.

328 5412 439 5466 Καὶ
483 5412 533 5465 οἱ
602 5410 818 5482 ἡμίσεις
859 5408 1002 5463 κατὰ
1043 5406 1151 5461 τῶν
1216 5400 1522 5473 ἔμπροσθεν
1589 5397 1900 5469 ἐρχομένων

331 5504 612 5576 ἱστάμενοι
643 5501 994 5575 ἁρμόζονται,
1046 5502 1095 5553 οί
1138 5500 1193 5552 δὲ
1228 5496 1442 5568 ἡμίσεις
1473 5492 1564 5544 ἐπὶ
1615 5491 1704 5544 τὸν
1733 5489 1899 5543 νῶτον

329 5596 834 5666 ἀντιστρεφόμενοι.
865 5596 927 5647 Oi
953 5594 1009 5647 δὲ
1045 5594 1102 5645 ὲν
1131 5590 1206 5661 τῷ
1234 5588 1383 5660 μέσῳ
1409 5584 1638 5648 ἑστῶτες
1670 5584 1767 5645 τὰς
1806 5600 1896 5635 κε-

328 5687 504 5761 φαλὰς
527 5686 706 5740 αὐτῶν
738 5686 868 5749 ἴσως
900 5686 1162 5739 σκέπουσι
1185 5681 1273 5735 διὰ
1300 5679 1408 5731 τῶν
1434 5673 1791 5745 σκουταρίων.

404 5776 515 5833 πα’.
575 5776 971 5833 Μετατίθενται
1004 5775 1153 5840 δεξιὰ
1206 5773 1297 5828 καὶ
1354 5767 1639 5841 ἀριστερὰ,
1691 5766 1815 5818 ὅταν
1864 5763 1895 5834 ἧ

2005 4564 2256 4633 praecipe,
2275 4561 2650 4632 Ἑπίστρεψον,
2685 4564 2735 4617 id
2761 4572 2868 4623 cst.
2898 4563 3166 4617 Converte
3188 4572 3259 4629 te,
3288 4573 3342 4617 et
3371 4565 3435 4617 ad
3462 4566 3571 4633 pri-

2002 4658 2200 4712 stinam
2240 4655 2470 4709 formam
2502 4656 2776 4709 redibunt.
2823 4655 2916 4709 Sin
2943 4671 3038 4710 eos
3069 4656 3135 4710 ad
3182 4656 3369 4709 la‘vam
3396 4655 3563 4709 decli-

2001 4764 2133 4804 nare
2158 4748 2412 4811 volueris,
2444 4749 2693 4817 praecipe,
2713 4748 2833 4801 Ἐπὶ
2880 4749 3159 4819 κοντάριον
3215 4747 3400 4811 κλίνας
3424 4748 3568 4815 κίνη-

2005 4860 2119 4906 σον,
2143 4844 2222 4895 Ad
2263 4842 2473 4896 hastam
2494 4840 2772 4895 declinans
2798 4851 2848 4895 te
2885 4855 3079 4895 move:
3120 4850 3283 4909 atque
3308 4840 3420 4894 hanc
3447 4856 3570 4909 pcr-

2003 4934 2128 4987 inde
2164 4947 2227 4987 ac
2256 4932 2534 5001 superiora
2558 4930 2775 4985 faciant.

2071 5025 2161 5077 80.
2206 5023 2591 5093 Ἀμφίστομος,
2611 5022 2659 5076 id
2688 5030 2793 5088 est,
2818 5036 3015 5091 anceps
3030 5029 3211 5077 motus
3228 5030 3331 5085 est,
3352 5020 3571 5090 quando

2003 5117 2238 5171 inimicis
2264 5118 2444 5172 subito
2472 5126 2593 5169 ante
2626 5126 2676 5169 et
2699 5129 2729 5166 a
2762 5123 2909 5183 tergo
2948 5114 3326 5167 invadentihus
3350 5151 3365 5177 ,
3386 5129 3487 5165 non
3516 5112 3569 5163 in

2001 5207 2426 5276 diphalangiam,
2468 5206 2519 5259 id
2548 5214 2650 5269 est,
2679 5204 3010 5272 duplicatam
3065 5204 3237 5258 aciem
3269 5204 3438 5270 copia:
3487 5203 3570 5255 ui-

2004 5298 2277 5352 viduntur.
2307 5296 2584 5366 Prmcipict
2612 5296 2985 5350 contuberniis
3019 5304 3075 5350 ut
3107 5297 3393 5350 stationem
3413 5308 3568 5346 suam

2002 5390 2335 5456 custodiant,
2364 5387 2644 5445 etdimidii
2678 5398 2865 5441 contra
2896 5404 2990 5442 eos
3033 5388 3123 5457 qui
3151 5387 3328 5455 primo
3349 5385 3571 5437 veniunt

2002 5483 2068 5538 ad
2108 5483 2358 5536 standum
2407 5497 2463 5535 se
2496 5488 2697 5550 aptent,
2746 5480 2955 5533 dimidii
3008 5489 3193 5533 eontra
3246 5478 3311 5531 ad
3358 5486 3567 5543 tergunt

2003 5574 2271 5631 conversi.
2306 5572 2406 5639 Qui
2440 5574 2491 5626 in
2528 5572 2704 5626 medio
2723 5572 3046 5637 consistunt,
3082 5571 3258 5639 capita
3283 5584 3380 5624 sua
3400 5566 3570 5623 scutis

2004 5678 2203 5724 leuant.

2094 5686 2203 5721 ant.

2057 5686 2158 5816 ξι.
2196 5758 2551 5815 Dextrozsum
2585 5770 2677 5815 aut
2712 5761 2996 5815 lmvorsum
3023 5768 3327 5825 mutantur,
3348 5755 3567 5829 quando
