4100 6226
530 317 641 383 ἿΞ9

1764 312 2037 375 LEONIS
2069 313 2528 377 PHILOSOPHI

3672 320 3781 380 760

533 426 857 481 necessitate
895 425 999 478 hoc
1040 423 1368 493 postulante,
1393 422 1459 476 ad
1497 423 1743 478 dextram
1779 434 1871 476 ant
1914 423 2090 476 laavam

2204 423 2351 489 δεξιά
2377 424 2408 494 ἢ
2430 426 2692 496 ἀριστερά
2745 425 2919 491 θέλεις
2949 428 3299 497 μετενεγκεῖν
3321 424 3419 495 τὴν
3453 424 3776 493 παράταξιν,

536 514 833 570 transferre
858 514 938 567 vis
974 514 1298 567 exercitum.
1325 511 1568 581 Prmcipe
1597 512 1665 566 iis
1692 512 1873 566 verbis
1922 512 2103 564 Μετά-

533 628 665 680 φερε
690 612 767 671 είς
795 609 860 660 τά
885 608 1053 672 δεξιά,
1088 607 1137 660 id
1176 616 1281 669 est,
1318 606 1577 662 Transfer
1621 616 1672 661 te
1706 608 1772 660 ad
1824 608 2100 672 dextram;

532 703 615 755 vel
668 715 877 761 rursus,
916 697 1210 766 Μετάφερε
1239 700 1317 759 εἰς
1340 698 1408 750 τά
1439 700 1727 771 ἀριστερά,
1752 697 2010 751 Transfer
2052 708 2103 752 te

530 792 596 844 ad
629 792 839 842 lat-vam.
871 788 991 842 Una
1017 787 1245 841 cohorte
1293 797 1631 854 transeunte,
1677 789 1931 844 universa
1958 788 2103 844 acies

529 881 594 934 ad
614 895 733 934 eam
759 889 967 948 partem
1002 888 1267 935 transeat.

587 975 678 1029 82.
713 975 995 1030 Raretiunt
1022 976 1137 1030 sive
1163 976 1465 1031 dilatantur
1493 975 1661 1040 acies,
1701 976 1921 1045 quando
1963 974 2099 1029 den-

525 1076 672 1122 satas
705 1082 799 1122 eas
820 1067 1065 1121 dividere
1108 1068 1367 1130 volueris,
1406 1076 1461 1121 et
1511 1068 1702 1135 juncta
1743 1066 2099 1121 contubernia

526 1176 803 1228 separare,
837 1170 889 1213 et
914 1161 1203 1214 universas
1232 1161 1417 1227 copias
1454 1160 1507 1213 in
1545 1158 1938 1230 longitudinem
1976 1172 2102 1226 pro-

525 1253 745 1307 ducere.
791 1251 1078 1321 Prmeipies
1104 1261 1287 1306 autem
1317 1253 1383 1306 iis
1406 1252 1620 1306 verbis:
1663 1252 1937 1304 Πλάτυνον
1963 1250 2101 1322 πρὸς

527 1346 847 1415 τάμφότερα
872 1345 1037 1414 μέρη,
1081 1344 1133 1398 id
1170 1353 1274 1409 est,
1312 1343 1485 1398 Dilata
1533 1345 1588 1398 in
1638 1354 1927 1411 utramque
1971 1356 2099 1411 par-

527 1447 655 1499 tem,
685 1446 738 1491 et
760 1437 1130 1491 diffundantur
1152 1437 1359 1490 statim.
1396 1434 1521 1489 llzec
1548 1434 1722 1488 forma
1752 1443 1865 1487 tum
1905 1433 2099 1486 authu-

524 1531 690 1593 lante,
730 1538 841 1583 tum
868 1537 1044 1583 stante
1068 1529 1309 1582 exercitu
1342 1527 1455 1581 fieri
1484 1534 1685 1596 potest,
1719 1526 1939 1580 duobus
1972 1540 2099 1581 cor-

524 1618 687 1671 nibus
753 1619 993 1673 exterius
1042 1616 1405 1683 mutantibus,
1455 1616 1571 1670 sive
1612 1624 1793 1669 turma
1835 1615 1927 1680 sit,
1984 1614 2099 1669 sive

523 1711 817 1763 exercitus.

577 1800 666 1855 83.
692 1798 995 1852 Densantur
1016 1798 1098 1853 vel
1115 1798 1460 1867 duplicantur
1478 1795 1863 1860 contubernia,
1880 1796 2099 1865 quando

523 1891 588 1945 ad
616 1901 852 1959 quatuor
887 1892 1129 1945 virorum
1160 1890 1509 1945 altitudinem
1534 1898 1700 1954 stant,
1734 1899 1790 1943 et
1820 1888 2101 1957 duplicare

520 1997 647 2035 eum
693 1998 982 2036 numerum
1031 1982 1137 2048 vis,
1170 1991 1223 2037 et
1250 1983 1443 2037 idonee
1490 1983 1555 2036 ad
1596 1983 1937 2036 altitudinem
1972 1996 2102 2034 con-

522 2072 762 2127 tubernii
796 2073 1013 2129 firmare
1033 2083 1224 2129 contra
1247 2074 1489 2129 hostium
1510 2075 1707 2136 aciem,
1726 2073 1877 2129 dices
1923 2092 1935 2127 :
1970 2074 2098 2126 Εἰσ-

534 2163 679 2229 ελθε,
703 2164 753 2217 id
781 2172 885 2228 est,
910 2165 1213 2235 Ingredere,
1232 2174 1284 2220 et
1303 2164 1485 2221 statim
1518 2175 1642 2219 octo
1666 2174 1847 2219 erunt.
1878 2162 1975 2218 Sin
2003 2179 2099 2219 eos

524 2257 761 2311 sedecim
796 2257 1039 2312 volueris
1090 2258 1291 2324 facere,
1332 2274 1525 2313 rursus
1575 2258 1724 2313 dices
1752 2256 1996 2323 Εῖσελθε,
2043 2265 2100 2311 et

523 2365 664 2404 unus
700 2359 822 2420 post
851 2354 1084 2405 alterum
1108 2359 1302 2405 euntes
1324 2351 1390 2405 ad
1423 2365 1578 2405 suam
1609 2350 1897 2404 stationem
1918 2348 2098 2417 dupli-

516 2452 735 2507 cantur,
765 2451 820 2496 et
864 2444 996 2496 fient
1027 2442 1267 2497 sedecim
1304 2442 1615 2496 altitudine.
1650 2442 1733 2495 Ab
1774 2456 1882 2494 uno
1913 2450 2095 2494 autem

517 2533 683 2588 latere
719 2535 896 2588 solum
952 2543 1174 2597 exeant,
1227 2535 1370 2588 sicut
1402 2542 1559 2588 antea
1591 2534 1971 2603 praecepimus.
1998 2533 2095 2588 Sin

517 2623 584 2675 ad
615 2623 835 2691 triginta
867 2624 976 2677 duo
1021 2623 1263 2676 virorum
1318 2624 1665 2677 altitudinem
1712 2624 2095 2689 contubernia,

518 2713 664 2779 quod
710 2713 935 2767 minime
978 2728 1205 2767 necesse
1252 2722 1358 2777 est,
1400 2713 1577 2768 facere
1613 2714 1714 2779 vis,
1770 2714 2087 2784 prmdicito:

517 2804 707 2871 Στίχος
733 2804 838 2856 ὑπὸ
889 2803 1093 2873 στίχον,
1121 2805 1167 2858 id
1189 2814 1288 2870 est,
1316 2802 1620 2874 Manipulus
1650 2805 1751 2861 sub
1779 2807 2090 2877 manipulo:

516 2903 682 2963 atque
731 2895 801 2948 ita
854 2895 1225 2965 duplicantur,
1268 2908 1319 2952 et
1365 2897 1511 2952 acies
1558 2898 1672 2967 ipsa
1710 2898 1993 2962 densatur,
2041 2908 2096 2953 et

517 2984 804 3053 longitudo
827 2986 949 3055 ejus
978 2986 1343 3040 contrahitur.

2207 516 2413 583 χρείας,
2449 516 2524 578 ὡς
2548 516 2713 583 εἰκὸς,
2744 515 2887 570 οὕτω
2920 516 3211 586 καλούσης,
3266 517 3358 568 καὶ
3389 515 3777 584 παραγγέλλειο

2204 603 2497 675 Μετάφερε
2549 607 2627 669 είς
2674 606 2743 659 τά
2782 606 2932 672 δεξιά
2960 623 2974 638 ⁸
3008 607 3041 678 ἢ
3085 608 3266 671 πάλιν,
3292 605 3580 675 Μετάφερε
3606 607 3685 669 είς
3713 608 3782 661 τά

2204 699 2489 768 ἀριστερά.
2518 699 2626 752 Καὶ
2666 698 2784 762 ἐνὸς
2833 700 3113 768 τάγματος
3144 698 3566 769 μετατιθεμένου
3610 713 3780 766 μετα-

2206 789 2432 858 φέρεται
2467 792 2499 861 ή
2535 791 2839 861 παράταξις
2884 793 3036 847 πᾶσα
3088 791 3224 862 πρὸς
3270 792 3331 845 τὸ
3380 792 3545 862 μέρος
3587 793 3768 846 ἐκεῖνο

2205 877 2504 945 συντόμως.

2274 967 2383 1037 πβ’.
2430 970 2768 1041 Ἀραιοῦνται
2822 972 2941 1042 ἦτοι
2971 971 3356 1039 πλατύνονται,
3420 973 3549 1027 ὅταν
3598 990 3780 1026 πεπυ-

2203 1061 2473 1131 κνωμένοι
2508 1064 2633 1128 εἰσὶ,
2665 1065 2759 1118 καὶ
2786 1064 2957 1128 Θέλεις
2986 1066 3205 1135 μερίσαι
3242 1066 3359 1135 ἦτοι
3391 1064 3672 1133 λεπτῦναι,
3705 1066 3781 1130 ὡς

2203 1153 2369 1216 εἰκὸς,
2428 1153 2526 1216 τάς
2585 1155 2768 1221 άκίας,
2805 1157 2902 1209 καὶ
2938 1158 3178 1210 ἐκτεῖναι
3206 1157 3305 1228 τὴν
3359 1158 3665 1228 παράταξιν
3696 1162 3779 1220 εἰς

2205 1243 2463 1316 μῆκος,ἢ
2503 1246 2593 1300 διά
2622 1246 2683 1300 τὸ
2732 1248 3037 1319 άνωτέρους
3086 1248 3284 1312 αὐτοὺς
3336 1250 3611 1318 γενέσθαι.
3670 1252 3781 1303 Καὶ

2201 1338 2592 1407 παραγγέλλει,
2652 1338 2925 1393 Πλάτυνον
2956 1340 3090 1411 πρὸς
3148 1340 3215 1393 τὰ
3244 1340 3567 1411 ἀμφίστομα
3603 1342 3773 1412 μέρη,

2202 1430 2295 1483 καὶ
2322 1429 2701 1485 πλατύνονται.
2731 1432 2902 1485 Τοῦτο
2938 1432 3074 1485 δὲτὸ
3105 1436 3290 1502 σχῆμα
3320 1432 3416 1513 καὶ
3445 1434 3783 1503 περιπατού-

2201 1536 2301 1590 σης
2318 1524 2413 1576 καὶ
2445 1524 2735 1594 ἱσταμένης
2757 1525 2857 1593 τῆς
2880 1523 3238 1594 παρατάξεως
3257 1525 3477 1579 δύναται
3501 1526 3776 1594 γίνεσθαι,

2199 1615 2307 1666 τῶν
2332 1614 2425 1667 δύο
2477 1618 2725 1686 κεράτων
2765 1619 2858 1671 ἐπὶ
2890 1616 2959 1670 τά
2986 1616 3093 1682 ἔξω
3133 1618 3417 1680 νευόντων,
3454 1618 3564 1671 εἴτε
3612 1618 3784 1688 μέρος

2201 1705 2259 1757 ἐν
2289 1706 2457 1769 ἐστιν,
2486 1707 2596 1759 εἴτε
2624 1709 2658 1777 ἡ
2685 1707 3007 1778 παράταξις.

2273 1794 2385 1864 an".
2419 1797 2744 1853 Βαθύνονται
2782 1800 2839 1853 δὲ
2867 1801 2986 1870 ἦτοι
3015 1800 3325 1855 διπλοῦνται
3349 1803 3405 1855 αἱ
3434 1800 3607 1865 άκίαι,
3651 1803 3787 1856 ὅταν

2205 1889 2303 1958 μέν
2331 1889 2441 1943 άπὸ
2463 1891 2744 1960 τεσσάρων
2770 1891 3039 1955 ἵστανται,
3066 1892 3162 1946 καὶ
3193 1892 3356 1964 θέλῃς
3378 1893 3545 1957 αὑτάς
3582 1892 3789 1952 διπλῶ,

2204 1995 2315 2046 σαι,
2347 1980 2598 2051 καὶπρὸς
2643 1981 2920 2054 συμϐολὴν
2958 1984 3397 2054 ίσχυροποιῆσαι,
3429 1981 3786 2053 ἁρμοζόντως

2199 2072 2278 2142 τῷ
2304 2072 2458 2141 βάθει
2482 2073 2582 2142 τῆς
2607 2073 2970 2144 παρατάξεως
2997 2074 3106 2128 τῶν
3136 2074 3418 2140 ἐναντίων,
3442 2075 3537 2127 καὶ
3561 2090 3785 2145 παραγ-

2200 2165 2400 2234 γέλλει,
2438 2165 2678 2221 Εῐσελθε.
2718 2168 2827 2220 Καὶ
2883 2166 3122 2234 γίνονται
3168 2164 3242 2236 η’.
3281 2165 3344 2219 Εἰ
3399 2164 3457 2217 δὲ
3488 2164 3648 2235 θέλῃς
3697 2163 3779 2227 ις’

2200 2258 2444 2326 ποιῆσαι,
2470 2258 2630 2311 πάλιν
2655 2257 3037 2328 παραγγέλλει”
3063 2257 3300 2311 Εἰσελθε.
3325 2256 3435 2311 Καὶ
3459 2258 3789 2326 εἰσ;ρχ’3μ;η

2201 2366 2282 2403 νοι
2317 2352 2395 2412 εἰς
2412 2350 2539 2414 τοὺς
2562 2350 2721 2413 ἰδίους
2752 2350 2948 2412 τόπους
2979 2346 3059 2413 εἷς
3082 2351 3210 2421 παρ’
3236 2344 3314 2411 εἷς
3335 2348 3653 2402 διπλοῦνται
3682 2349 3788 2403 καὶ

2200 2444 2439 2513 γίνονται
2470 2442 2569 2509 ις’,
2604 2444 2802 2505 πάντες
2828 2444 2907 2505 εἰς
2926 2442 2983 2495 ἒν
3022 2444 3207 2514 μέρος,
3247 2444 3321 2505 ὼς
3353 2442 3594 2511 ἐξῆλθον.
3624 2443 3684 2495 Εἰ
3723 2443 3787 2494 δὲ

2199 2535 2393 2597 θέλεις,
2420 2535 2495 2598 ὡς
2525 2535 2689 2598 εἰκὸς,
2742 2534 2852 2587 ἀπὸ
2875 2532 2952 2601 λβ¹
2980 2533 3040 2586 τὸ
3091 2532 3251 2603 βάθος
3280 2532 3384 2586 τῶν
3413 2531 3585 2584 ἁκιῶν
3615 2534 3786 2600 ποιῆς-

2200 2643 2311 2690 σαι,
2347 2628 2485 2697 ὅπερ
2512 2628 2609 2679 οὐκ
2635 2627 2749 2679 ἔστι
2774 2626 3053 2696 χρειῶδες,
3086 2624 3475 2693 παραγγέλλει,
3514 2622 3573 2675 ⁸0
3597 2623 3788 2691 στίχος

2199 2720 2303 2773 ὑπὸ
2331 2721 2422 2773 τὸν
2486 2718 2688 2789 στίχον,
2744 2721 2836 2771 καὶ
2874 2716 3153 2770 διπλοῦται
3192 2715 3393 2785 ὁμοίως
3458 2715 3552 2767 καὶ
3611 2714 3785 2784 βαθύ-

2197 2829 2348 2865 νεται
2384 2812 2482 2882 μὲν
2531 2814 2567 2882 ἡ
2626 2809 2952 2882 παράταξις,
2999 2807 3344 2863 συστέλλεται
3394 2807 3451 2861 δὲ
3491 2806 3551 2861 τὸ
3599 2807 3785 2877 μῆκος

2197 2903 2391 2974 αὐτῆς.

574 3079 667 3133 84.
694 3078 1074 3145 Contrahitur,
1126 3082 1346 3150 quando
1371 3080 1683 3136 ambulante
1738 3082 1792 3136 in
1823 3083 2087 3139 directum

2274 3090 2377 3148 τπδ’.
2406 3087 2846 3144 Μεταϐάλλονται
2876 3085 3027 3148 ὅταν,
3053 3085 3140 3137 ἐπ’
3167 3081 3381 3147 εὐθείας
3432 3082 3780 3150 περιπατού-

512 3170 778 3237 exercitu,
811 3185 920 3224 non
948 3179 1074 3225 ante
1100 3171 1218 3239 ejus
1247 3181 1602 3241 conspectum
1634 3174 1819 3228 hostes
1846 3176 2088 3242 veniunt,

513 3265 606 3317 sed
643 3279 670 3315 a
697 3272 871 3333 tergo.
913 3261 1051 3315 Tum
1089 3263 1134 3317 si
1161 3262 1417 3329 frontem,
1463 3263 1516 3317 id
1546 3272 1650 3329 est,
1682 3265 1944 3335 lochagos
1975 3267 2090 3321 sive

513 3357 780 3425 praestites
812 3354 1051 3409 sedecim
1092 3357 1336 3409 virorum
1396 3356 1694 3411 transferre
1730 3359 1904 3427 cupis,
1951 3374 2091 3428 prte-

510 3449 631 3516 cipe
662 3448 727 3501 ad
765 3450 910 3501 hunc
953 3447 1217 3502 modum:
1272 3447 1620 3512 Μετάλλαξον
1669 3448 1760 3501 τὸν
1796 3449 1979 3514 τόπον,
2037 3450 2089 3503 id

510 3550 613 3605 cst,
657 3543 945 3596 Commuta
992 3542 1214 3594 locum:
1262 3550 1315 3595 et
1362 3541 1705 3595 altitudinem
1747 3543 2090 3597 contubernii

517 3646 873 3689 transeuntes
901 3634 1114 3703 lochagi
1149 3633 1266 3687 sive
1296 3635 1975 3705 prmstites,complnribus
1996 3653 2089 3691 eos

511 3728 889 3797 sequentibus,
925 3726 1160 3779 frontem
1208 3742 1407 3779 novam
1445 3742 1509 3781 ex
1570 3728 1800 3782 adverso
1850 3729 2089 3782 hostium

510 3818 867 3871 constituant.
908 3816 1023 3871 lloc
1055 3828 1181 3872 ante
1212 3817 1587 3873 ιίοιιδ..ιίοιιριιι
1606 3822 1878 3877 exercitus
1900 3823 2089 3877 sedulo

509 3911 625 3961 fiat.
649 3907 702 3960 Si
723 3909 834 3976 jam
868 3909 1201 3962 addensatus
1233 3908 1707 3976 fueritexercitus,
1729 3921 1781 3965 et
1813 3913 1915 3969 hoc
1944 3914 2091 3983 quod

509 4015 673 4067 supra
706 4013 1067 4053 nitemoratum
1096 4009 1200 4061 est,
1234 4001 1524 4055 commode
1568 4002 1682 4057 ﬁeri
1719 4020 1826 4058 non
1891 4016 2086 4075 potest,

507 4088 694 4151 dicito,
714 4086 1232 4156 Μετασχημάτισον,
1280 4086 1454 4152 idest,
1485 4089 1752 4145 Converte
1778 4108 1793 4157 ;
1824 4102 1876 4147 et
1898 4110 2089 4163 quem-

506 4179 799 4234 admodum
860 4189 983 4233 ante
1032 4183 1250 4235 stahaut
1291 4182 1575 4248 conversi,
1623 4184 1799 4238 solum
1846 4186 1913 4239 ad
1971 4195 2086 4241 ter-

508 4290 633 4347 gum
660 4285 957 4327 extremam
990 4272 1162 4327 aciem
1196 4274 1512 4345 respiciant,
1559 4276 1785 4344 lochago
1808 4282 1919 4331 sive
1947 4294 2086 4342 pra:-

507 4369 633 4423 stite
667 4368 721 4421 in
757 4367 1089 4421 anteriorem
1146 4379 1357 4437 partem
1389 4368 1615 4423 minime
1655 4378 1955 4437 spectante,
1990 4372 2082 4427 sed

506 4461 772 4514 nltimano
794 4462 904 4529 jam
936 4460 988 4513 in
1025 4458 1203 4514 fronte
1236 4461 1562 4528 constituto,
1597 4476 1761 4532 quem
1821 4463 2076 4534 οὐραγόν,

503 4554 556 4609 id
591 4563 693 4616 est.
733 4554 1038 4608 caudanum
1068 4554 1370 4607 nominant.

573 4648 661 4703 85.
690 4645 815 4700 llaec
845 4645 1010 4716 igitur
1035 4645 1479 4711 exercitationes,
1511 4654 1626 4701 tum
1654 4649 1770 4718 ipso
1788 4648 1910 4704 belli
1937 4659 2076 4704 tem-

499 4756 632 4811 pore
662 4739 885 4793 militem
918 4745 1167 4807 paratum
1194 4747 1247 4791 et
1278 4738 1531 4793 idoneum
1565 4741 1793 4806 elIicere,
1822 4750 1935 4795 tum
1955 4754 2081 4796 ante

502 4841 715 4901 tempus
755 4830 901 4897 belli,
940 4833 1060 4885 sine
1117 4829 1266 4885 ferro
1307 4832 1479 4887 armis
1534 4834 1657 4887 aliis
1688 4834 1753 4887 ad
1813 4836 2080 4889 exercita-

502 4924 703 4977 tionem
737 4923 971 4987 idoneis,
1009 4923 1075 4980 ad
1113 4938 1305 4977 omnes
1340 4924 1543 4981 formas
1586 4926 1906 4980 bellicorum
1958 4944 2080 4982 mo-

502 5026 679 5082 tuum,
712 5026 765 5070 et
803 5018 867 5071 ad
897 5032 1117 5072 omnem
1149 5017 1547 5073 institutionem
1573 5019 1917 5075 assuefacere
1954 5037 2080 5092 pos-

499 5122 648 5164 sunt.
690 5109 945 5181 lngenue,
988 5112 1106 5166 sine
1169 5112 1323 5166 turba
1353 5122 1406 5166 et
1437 5114 1672 5167 tumultu
1710 5115 1858 5179 fiant,
1892 5116 2083 5173 dixisis

499 5203 579 5258 sic
609 5204 750 5257 inter
784 5218 842 5258 se
882 5205 1230 5273 cohortibus,
1276 5216 1334 5260 ut
1379 5207 1516 5263 duas
1551 5208 1654 5262 sibi
1701 5219 1892 5264 mutuo
1937 5212 2082 5266 acies

498 5294 775 5364 oppositas
802 5294 1023 5362 faciant,
1050 5298 1164 5353 sive
1187 5314 1252 5353 ex
1292 5313 1398 5353 una
1433 5300 1677 5366 cohorte,
1710 5300 1824 5356 sive
1858 5316 1921 5357 ex
1952 5302 2076 5372 plu-

498 5388 649 5443 ribus
679 5390 761 5445 ha:
788 5388 934 5444 acies
966 5390 1325 5445 instruantur.

565 5482 653 5535 86.
682 5480 797 5535 Non
827 5483 1015 5552 ignoro
1040 5491 1220 5536 autem
1241 5481 1375 5538 alias
1399 5482 1660 5551 quasdam
1684 5483 2073 5553 pra-ceptioncs

497 5567 1025 5641 exercitationesque
1054 5580 1298 5624 motuum
1334 5571 1553 5638 scriptis
1602 5589 1666 5625 ac
1706 5574 1902 5627 litteris
1948 5589 2072 5627 esse

498 5658 766 5725 proditas,
798 5671 911 5713 tum
943 5661 1011 5713 ab
1040 5660 1185 5725 aliis,
1217 5668 1332 5714 tum
1368 5661 1714 5727 potissimum
1751 5664 1818 5715 ah
1851 5663 2068 5719 Atiliano

499 5758 552 5807 ct
581 5747 837 5807 Arriano.
868 5748 1195 5807 quibuscum
1253 5750 1434 5804 cancri
1474 5753 1631 5813 quasi
1656 5769 1761 5808 una
1787 5769 1920 5810 voce
1943 5772 2071 5812 cnn-

2199 3200 2299 3253 σης
2349 3182 2450 3248 τῆς
2505 3179 2888 3250 παρατάξεως,
2924 3177 3125 3248 μηκέτι
3155 3176 3222 3229 δι’
3248 3175 3423 3244 ὅψεως
3450 3173 3678 3226 ἔλθωσιν
3725 3173 3783 3224 εί

2194 3278 2401 3347 ἐχθροὶ,
2432 3275 2567 3328 άλλᾶ
2593 3275 2700 3327 ἀπὸ
2738 3272 2959 3325 ὄπισθεν
3020 3270 3211 3338 αὐτῆς.
3268 3269 3379 3322 Kal
3425 3268 3491 3321 ἂν
3556 3267 3655 3334 μὲν
3710 3266 3783 3319 τὸ

2198 3372 2477 3441 μέτωπον,
2511 3369 2630 3437 ῆτοι
2661 3368 2785 3428 τοὺς
2816 3365 3099 3434 λοχαγοὺς,
3130 3364 3255 3425 τοὺς
3304 3362 3400 3414 καὶ
3449 3360 3779 3430 πρωτοστά-

2193 3480 2311 3526 τας,
2365 3460 2589 3513 ὄπισθεν
2637 3457 2797 3529 θέλῃς
2858 3457 3203 3526 μετενεγκεῖν
3255 3452 3362 3507 ἀπὸ
3428 3450 3501 3516 ις’
3558 3451 3778 3522 ἀνδρῶν

2192 3555 2343 3614 ὄντος
2370 3552 2465 3604 τοῦ
2497 3550 2713 3620 βάθους,
2744 3547 3132 3618 παραγγέλλει,
3176 3544 3520 3609 Μετάλλαξον
3548 3545 3636 3597 τὸν
3682 3544 3777 3595 τό·

2196 3662 2317 3708 πον,
2348 3644 2441 3696 καί
2468 3643 2556 3696 διὰ
2584 3639 2678 3694 τοῦ
2706 3640 2901 3711 βάθους
2925 3639 3032 3691 τῶν
3062 3639 3235 3692 άκιὼν
3265 3638 3668 3708 παρερχόμενοι
3718 3636 3775 3687 οι

2192 3735 2417 3805 λοχαγοὶ
2456 3735 2700 3787 ἵστανται
2747 3734 2827 3796 εἰς
2877 3730 3206 3800 παράταξιν,
3236 3728 3775 3782 συνακολουθούντων

2191 3828 2375 3890 αὐτοῖς
2396 3828 2487 3879 καὶ
2514 3826 2621 3879 τῶν
2665 3824 2889 3891 λοιπῶν,
2927 3824 3021 3876 καὶ
3087 3822 3514 3892 μεταϐάλλονται
3549 3820 3608 3873 τὸ
3640 3820 3773 3889 μέτ-

2192 3937 2343 3973 ωπον
2362 3920 2455 3974 ἐπὶ
2474 3918 2903 3988 τοὺςπολεμίους
2933 3915 3231 3979 ποιοῦντες.
3262 3914 3433 3969 Τοῦτο
3456 3912 3511 3967 δὲ
3536 3914 3639 3982 πρὸ
3668 3913 3772 3983 τῆς

2194 4009 2529 4073 πυκνώσεως
2564 4008 2890 4079 ἐπιτηδείως
2919 4007 3152 4075 γίνεται.
3187 4007 3249 4058 El
3302 4005 3359 4058 δέ
3407 4004 3772 4057 πεπύκνωται

2192 4105 2284 4157 καὶ
2318 4103 2378 4156 οὐ
2415 4101 2675 4170 συφθάζει
2704 4101 2962 4170 ἁρμόσαι,
3020 4098 3411 4169 παραγγέλλει,
3469 4098 3769 4166 Μετασχη-

2194 4197 2442 4267 μάτισον,
2474 4196 2567 4248 καὶ
2596 4194 2947 4265 στρεφόμενοι
2981 4193 3054 4254 ὡς
3079 4192 3321 4244 ἵστανται
3378 4189 3767 4245 άντιόλέπουσι

2190 4291 2329 4342 κατά
2350 4288 2445 4341 τοῦ
2473 4286 2666 4351 νώτου,
2693 4287 2860 4357 ἧγουν
2890 4287 2949 4338 τὸ
2979 4286 3155 4338 ὀπίσω
3207 4284 3392 4355 μέρος,
3433 4284 3619 4336 οὐκέτι
3666 4282 3766 4334 τοῦ

2189 4379 2423 4449 λοχαγοῦ
2456 4378 2765 4448 ἔμπροσθεν
2822 4375 3239 4448 εὑρισκομένου,
3286 4374 3423 4430 ἀλλὰ
3450 4374 3543 4428 τοῦ
3574 4372 3636 4437 ἒξ
3667 4373 3769 4427 καὶ

2186 4470 2409 4523 δεκάτου
2434 4467 2691 4539 οὐραγοῦ.

2257 4654 2359 4710 πε’.
2396 4656 2459 4707 Al
2490 4652 2586 4722 μὲν
2612 4647 2705 4704 οὖν
2724 4649 3025 4721 γυμνασίαι
3045 4642 3204 4703 αὗται
3230 4647 3480 4701 δύνανται
3507 4648 3563 4701 ὲν
3585 4646 3767 4717 καιρῷ

2188 4750 2424 4818 πολέμου
2452 4747 2543 4798 τὸν
2573 4744 2910 4813 στρατιώτην
2926 4742 3143 4812 ’ἐτοιμον
3175 4740 3635 4809 παρασκευάζειν,
3667 4740 3763 4793 καὶ

2184 4846 2290 4918 πρὸ
2318 4839 2513 4912 καιροῦ
2547 4837 2785 4907 πολέμου
2819 4836 2948 4889 ἄνευ
2979 4835 3198 4903 σιδήρου
3226 4833 3313 4885 διὰ
3349 4832 3527 4885 ὃπλων
3555 4833 3763 4903 ἐτέρων

2182 4938 2291 4991 τῶν
2314 4933 2451 5005 πρὸς
2478 4930 2789 5001 γυμνασίαν
2816 4927 3137 4998 ἐπιτηδείων
3173 4926 3373 4989 ἐθίζειν
3415 4925 3552 4996 πρὸς
3581 4924 3762 4978 πάντα

2182 5031 2251 5084 τά
2274 5028 2529 5098 σχήματα
2563 5024 2671 5075 τῶν
2727 5023 3015 5091 κινήσεων,
3050 5019 3143 5071 καί
3197 5017 3268 5070 τά
3322 5017 3760 5087 παραγγέλματα

2184 5120 2403 5190 εὐφυῶς
2438 5118 2533 5171 καὶ
2593 5117 2721 5170 ἄνευ
2758 5114 3001 5183 ταραχῆς
3056 5111 3153 5167 καὶ
3212 5109 3472 5181 Θροισμοῦ
3522 5109 3763 5178 διαγίνε-

2187 5213 2333 5277 σθαι,
2365 5212 2495 5264 ὅταν
2532 5208 2765 5278 μάλιστα
2809 5206 2941 5274 πρὸς
2987 5204 3191 5274 ἄλληλα
3244 5203 3311 5256 τά
3342 5203 3594 5272 τάγματα
3619 5202 3760 5256 διαι-

2186 5302 2425 5375 ρούμενα
2450 5302 2528 5363 είς
2554 5298 2647 5352 δύο
2676 5296 3155 5367 ἀντιπαρατάξεις,
3187 5296 3293 5348 εἴτε
3320 5294 3441 5347 καθ’
3469 5294 3526 5347 ἓν
3550 5293 3755 5363 τάγμα,

2183 5396 2289 5448 εἴτε
2322 5395 2462 5445 κατά
2500 5392 2721 5444 πλείονα
2746 5392 2980 5442 ποιεῖται
3014 5388 3112 5459 τὴν
3130 5388 3460 5457 γυμνασίαν.

2252 5483 2370 5548 πς¹.
2408 5485 2524 5537 Οὐκ
2555 5483 2733 5551 ἀγνοῶ
2760 5482 2842 5534 ὅτι
2876 5480 3026 5550 παρὰ
3052 5482 3165 5543 τοῖς
3188 5480 3437 5550 ἀρχαίοις
3467 5479 3559 5532 καὶ
3589 5476 3753 5548 ἕτερά

2179 5593 2300 5628 τινα
2338 5576 2691 5646 παραδίδοται
2722 5574 3161 5644 παραγγέλματα
3188 5574 3283 5626 καὶ
3328 5574 3609 5643 κινήματα
3656 5588 3755 5637 γυ-

2185 5669 2418 5738 μνασίας
2444 5668 2624 5731 ἄλλοις
2654 5684 2736 5734 τε,
2762 5668 2857 5721 καὶ
2874 5668 3129 5737 ’Δριανῴ,
3164 5668 3257 5719 καὶ
3282 5667 3539 5735 Λίλιανῷ,
3566 5665 3757 5733 ὥσπερ

2182 5756 2241 5822 ἐξ
2295 5758 2415 5820 ἐνὸς
2466 5758 2735 5827 στόματος
2773 5761 2900 5830 περὶ
2935 5760 3118 5815 αὐτῶν
3162 5758 3556 5829 ὁμοφωνοῦσιν.
3610 5755 3750 5812 Ἀλλ’
