4080 6218
348 340 450 409 761
1453 340 1790 402 TACTICA.
1809 364 1880 377 --
1908 339 2412 401 CONSTITUTIO
2447 341 2577 403 VII.

3512 348 3615 414 762

351 452 438 507 ῐνα
470 449 546 521 μὴ
579 448 673 503 ἐπὶ
708 447 909 512 πλάτος
935 447 1190 502 τοσοῦτον
1222 449 1567 520 παρεκτείνω
1622 450 1712 503 τὸν
1745 448 1926 518 λόγον,

2035 448 2321 504 sentiunt:
2354 448 2449 504 sed
2474 464 2540 503 ne
2569 448 2638 503 ad
2690 447 2915 505 nimiam
2966 451 3363 523 longitudinem
3408 462 3615 527 produ-

350 540 409 591 ὲν
453 535 738 606 κεφαλαίῳ
773 536 921 606 μόνῳ
962 537 1185 608 μνήμην
1217 537 1521 609 παραθήσω
1551 538 1800 603 ἐκείνων,
1834 540 1930 591 καὶ

347 628 443 683 τοῦ
472 628 663 682 λοιποῦ
691 628 1039 700 σιωπήσομαι
1066 629 1125 682 τὸ
1153 630 1376 701 πλῆθος,
1401 632 1463 684 τὸ
1485 631 1603 701 μὲν,
1633 631 1722 685 διά
1753 630 1851 702 τὴν
1873 632 1930 685 ὲν

348 721 532 783 αὐτοῖς
566 719 805 787 ἀσαφίαν
826 719 935 788 (21)
970 737 1029 772 τε
1054 721 1145 773 καὶ
1176 721 1499 791 ἀχρηστίαν,
1531 722 1591 775 τὸ
1618 723 1695 787 δὲ,
1720 722 1814 775 καὶ
1844 722 1932 774 διὰ

347 814 411 867 τὸ
445 812 657 866 ἐκεῖθεν
688 810 1068 881 ἀναληφθῆναι
1101 812 1291 883 ὥσπερ
1330 814 1759 886 άνθολογηθέντα
1795 816 1925 883 παρ’

346 905 502 977 ἡμῶν
524 903 761 958 ἐνταῦθα
799 905 892 958 καὶ
923 904 1190 976 εἰρημένα
1218 908 1358 976 μετά
1386 910 1485 977 τῆς
1514 908 1624 960 τῶν
1648 906 1929 979 νεωτέρων

345 999 438 1052 διὰ
468 998 666 1068 πείρας
696 996 989 1068 εὑρέσεως.
1024 996 1133 1049 Καὶ
1156 996 1242 1050 ἵνα
1281 997 1355 1068 μὴ
1388 998 1740 1069 ἀπειρόκαλοι
1768 998 1930 1063 δόξωο

353 1105 453 1159 μεν
476 1084 640 1153 εἶναι,
669 1089 764 1140 καὶ
816 1087 1219 1160 δευτερολογεῖν
1274 1088 1499 1159 ἀσαφῶς
1529 1089 1766 1144 ἐνταῦθα
1827 1090 1927 1161 ἤδη

348 1177 747 1250 σαφηνισθέντα
778 1176 911 1247 (22).

417 1380 525 1447 πζ.
560 1382 717 1452 Παρά
738 1381 846 1452 γάρ
883 1380 1123 1453 Αἰλιανῷ
1156 1380 1405 1451 λέγονται
1437 1382 1675 1454 ὀνόματα
1712 1384 1808 1439 καὶ
1839 1403 1926 1440 κι-

349 1476 532 1547 νήσεις
566 1469 729 1528 αὗται
753 1490 768 1506 ο
809 1475 842 1544 ή
876 1473 973 1543 μὲν
994 1472 1171 1537 κλίσις
1205 1472 1536 1544 καλουμένη,
1560 1476 1659 1546 τὴν
1677 1476 1733 1529 δὲ
1751 1476 1929 1531 κλίσιν

346 1572 425 1630 εἰς
456 1566 548 1620 δύο
565 1566 779 1636 διαιρεῖ.
807 1566 916 1618 Kal
937 1565 1034 1636 τὴν
1062 1565 1162 1635 μὲν
1175 1566 1267 1619 ἐπὶ
1295 1567 1494 1620 ἀσπίδα
1524 1568 1616 1621 καὶ
1633 1568 1793 1632 αὐτὸς
1813 1570 1929 1623 κλί-

347 1675 431 1710 σιν
452 1657 619 1725 λέγει,
653 1657 817 1726 ήγουν
837 1658 928 1709 ἐπὶ
941 1658 1254 1727 σκουτάριν,
1273 1655 1371 1728 τὴν
1398 1658 1452 1711 δὲ
1473 1659 1565 1710 ἐπὶ
1586 1659 1737 1729 δόρυ,
1758 1660 1928 1731 ἧγουν

345 1749 888 1818 ὲπὶκοντάριν.Ἔστι
917 1748 975 1801 δέ
992 1765 1075 1810 τις
1088 1748 1302 1819 κίνησις
1328 1748 1424 1802 καὶ
1446 1750 1576 1819 παρ’
1591 1749 1768 1802 αὐτῶν
1790 1751 1925 1821 (25),

2041 544 2196 590 catur
2233 538 2436 603 oratio,
2476 552 2586 592 uno
2614 538 2777 607 quasi
2797 538 2978 608 capite
3008 540 3186 595 solum
3214 543 3306 598 illa
3332 547 3611 602 recitabo:

2038 628 2107 684 de
2137 637 2335 684 caetero
2368 636 2552 684 autem
2579 640 2801 700 pr0pter
2852 631 3252 702 longitudinem
3297 637 3390 691 illa
3422 641 3613 695 eadem

2038 720 2476 788 praetermittam,
2508 722 2705 790 partim
2738 732 2960 794 propter
3009 724 3403 781 obscuritatem
3453 741 3619 801 atque

2039 807 2409 875 inutilitatem,
2464 811 2661 880 partim
2709 812 2837 881 quia
2896 813 2964 869 iis
3016 814 3300 886 diligenter
3360 820 3615 888 cogniti~,

2038 919 2160 973 qua:
2187 920 2217 959 a
2254 905 2414 961 nobis
2445 907 2712 977 explicata
2736 918 2885 974 sunt,
2911 910 3246 980 experientia
3268 914 3506 981 quadam
3532 916 3620 967 ad-

2040 996 2231 1077 hibita,
2252 997 2411 1053 facile
2441 997 2543 1053 ista
2570 999 2639 1053 ab
2667 1000 2746 1055 eis
2774 1000 2916 1055 sumi
2956 1011 3207 1071 possunt.
3251 1002 3420 1060 Valde
3449 1007 3613 1062 etiam

2038 1098 2324 1160 propterea
2354 1091 2536 1148 insciti
2574 1093 2849 1164 rudesque
2900 1111 3083 1150 rerum
3108 1098 3422 1153 videremur
3461 1116 3608 1168 esse,

2036 1183 2084 1237 si
2116 1183 2232 1238 haec
2255 1198 2377 1254 quae
2402 1199 2528 1240 cum
2573 1186 2819 1242 claritate
2853 1190 3089 1258 quadam
3130 1199 3183 1244 et
3229 1194 3617 1263 perspicuitate

2034 1276 2282 1345 exposita
2304 1284 2455 1341 sunt,
2484 1292 2606 1332 cum
2633 1280 2969 1334 obscuritate
2996 1280 3194 1335 iterum
3225 1295 3615 1352 repeteretnus.

2108 1363 2198 1418 Q7.
2233 1364 2315 1418 Ab
2349 1364 2572 1421 IEliano
2606 1376 2786 1422 autem
2825 1369 2937 1429 haec
2963 1371 3186 1425 nomina
3230 1381 3284 1426 et
3333 1373 3386 1427 bi
3435 1385 3616 1429 motus

2038 1458 2653 1521 recettsenturzKMotc,
2690 1458 2743 1511 id
2772 1467 2875 1523 est,
2904 1459 3215 1516 declinatio.
3249 1461 3401 1518 Hanc
3432 1474 3615 1519 autem

2034 1547 2453 1603 declinationem
2494 1550 2545 1603 in
2582 1550 2692 1604 duo
2740 1550 2953 1616 dividit,
2990 1552 3216 1607 alteram
3252 1555 3344 1607 ἐπὶ
3387 1557 3614 1620 ἀσπίδα,

2037 1639 2103 1693 ad
2129 1640 2402 1710 clypeum,
2437 1641 2552 1695 sive
2592 1641 2658 1695 ad
2704 1650 2944 1705 scutum,
2985 1642 3069 1697 vel
3115 1642 3183 1697 ad
3218 1644 3431 1711 laevam,
3472 1647 3610 1702 alte-

2037 1743 2151 1783 ram
2182 1730 2277 1782 ἐπὶ
2311 1730 2461 1800 δόρυ,
2504 1730 2571 1785 ad
2604 1731 2844 1796 hastam,
2897 1731 2979 1786 vel
3031 1734 3100 1787 ad
3145 1734 3412 1787 dextram.
3456 1736 3614 1791 Alius

346 1844 439 1896 καὶ
497 1839 787 1913 μεταδιλὴ,
843 1841 936 1893 καὶ
972 1838 1297 1911 ἐπιστροφὴ,
1329 1840 1424 1893 καὶ
1476 1842 1813 1913 ἀναστροφὴ,
1839 1843 1926 1895 καὶ

2036 1821 2175 1890 apud
2204 1822 2353 1876 illum
2376 1830 2560 1878 motus
2592 1832 2695 1888 est,
2737 1823 3032 1896 μεταϐολὴ,
3075 1826 3455 1891 commutatio,
3486 1842 3616 1882 cou-

344 1932 748 2004 περισπασμδς,
792 1930 886 1983 καὶ
930 1928 1402 2000 ἐκπερισπασμὸς,
1454 1930 1549 1984 καὶ
1590 1929 1794 2000 ζυγεῖν,
1837 1933 1926 1986 καὶ

2038 1916 2238 1982 versio,
2289 1917 2554 1979 reversio,
2596 1915 2836 1980 billexio,
2898 1916 3152 1984 trillexio,
3188 1917 3403 1987 jugare,
3448 1918 3615 1973 decu-

346 2025 572 2094 στιχεῖν,
604 2022 700 2076 καὶ
732 2022 823 2075 ἐπ’
848 2021 1005 2094 ὀρθὸν
1026 2021 1339 2087 ἀποδοῦναι,
1368 2022 1463 2075 καὶ
1489 2021 1805 2090 ἐξελίσσειν,
1839 2025 1926 2079 καὶ

2035 2007 2199 2074 riare,
2246 2006 2504 2077 dirigere,
2550 2009 2820 2072 evolvere,
2861 2009 3161 2078 duplicare.
3203 2008 3416 2064 Dicitur
3450 2010 3612 2064 etiam

343 2115 736 2178 διπλασιάζειν.
786 2114 1021 2183 Λέγεται
1077 2113 1136 2166 δὲ
1180 2115 1275 2167 καὶ
1320 2115 1605 2186 ἐπαγωγὴ,
1664 2117 1759 2170 καὶ
1788 2117 1926 2182 δεξιά

2036 2098 2303 2160 inductio,
2339 2098 2530 2154 dextra
2576 2099 2873 2165 traductio,
2916 2100 3138 2169 obliqua
3175 2100 3436 2168 phalanx,
3467 2110 3613 2153 recta

343 2207 676 2277 παραγωγὴ,
711 2205 809 2258 καὶ
847 2204 1053 2273 πλαγία
1088 2204 1321 2275 φάλαγξ.
1386 2208 1478 2259 καὶ
1506 2206 1663 2278 ὀρθία
1696 2208 1930 2278 φάλαγξ,

2035 2191 2293 2260 phalanx,
2326 2193 2550 2246 incurva
2595 2192 2852 2262 phalanx,
2898 2192 3225 2262 interjectio,
3276 2193 3611 2262 prmpositio,

342 2300 439 2353 καὶ
468 2298 597 2369 λοξὴ
630 2297 871 2367 φάλαγξ,
918 2299 1014 2350 καὶ
1043 2296 1386 2369 παρεμϐολὴ,
1410 2299 1503 2351 καὶ
1531 2298 1813 2369 πρόταξις,
1838 2302 1935 2353 καὶ
2036 2283 2335 2355 imposui":
2363 2285 2693 2354 δυΡΡοδίιίοι
2726 2284 3068 2354 Ροδιροείιίον
3092 2284 3380 2355 θρροείιὶοο

341 2390 577 2457 ἔνταξις,
615 2390 709 2443 καὶ
727 2389 1011 2455 ὑπόταξις,
1057 2390 1152 2443 καὶ
1189 2389 1574 2456 ὲπίταξις,καὶ
1612 2390 1929 2462 πρόσταξις,

340 2485 438 2538 κα)⁸
481 2484 809 2555 παράταξις.

408 2595 523 2667 σπη’.
552 2596 617 2649 Al
635 2596 733 2667 μὲν
756 2590 849 2649 οὖν
865 2595 975 2649 τῶν
1003 2595 1271 2667 κινήσεων
1289 2610 1568 2649 τοσαυται.
1589 2592 1671 2647 Τά
1693 2592 1749 2647 δὲ
1787 2610 1933 2665 παρα

339 2688 510 2759 αγγέλ
517 2705 662 2758 ματα
688 2685 859 2750 οὕτως
882 2702 897 2718 ⁸

415 2804 546 2871 ’Δγε
564 2801 643 2866 είς
675 2804 743 2855 τά
769 2800 930 2855 ὅπλα.

413 2890 741 2962 Παράστητε
782 2891 933 2961 παρὰ
961 2891 1030 2944 τά
1060 2890 1219 2944 ὅπλα.
1330 2958 1333 2961 δ

424 2982 753 3053 Ὀπλοφορος
784 2982 857 3054 μὴ
885 2980 1063 3035 ἀπίτω
1091 2982 1188 3053 τῆς
1216 2981 1511 3050 φάλαγγος.

413 3076 553 3143 Σίγα
585 3076 681 3129 καὶ
711 3076 945 3146 πρόσεχε
977 3073 1054 3148 τῷ
1080 3072 1604 3146 παραγγελλομένῳ.

417 3168 563 3220 Ἀνω
588 3167 654 3219 τά
680 3166 905 3237 δόρατα.

411 3258 592 3321 mea;
619 3258 687 3310 τά
708 3257 930 3328 δόρατα.

408 3348 654 3419 οὐραγὸς
684 3348 774 3401 τὸν
804 3346 960 3418 λόχον
978 3346 1032 3418 (2
1043 3346 1087 3417 ί)
1109 3345 1477 3401 ἀπευθυνέτω.

411 3444 581 3513 Τήρει
610 3443 679 3495 τά
699 3441 1073 3514 διαστήματα.

416 3534 538 3588 Ἐπὶ
560 3534 687 3605 δόρυ
712 3533 911 3587 κλῖνον.

423 3628 547 3681 Ἐπὶ
575 3627 776 3681 ἀσπίδα
807 3626 990 3681 κλῖνον

412 3723 455 3776 Π
466 3720 652 3794 ρόαγε.

419 3812 551 3881 Ἔχε
580 3809 776 3874 οὕτως.

414 3902 509 3966 Et;
528 3900 687 3973 ὀρθὸν
716 3898 937 3963 ἀπόδος.

415 3994 488 4047 Τὸ
523 3993 689 4064 βάθος
719 3988 1064 4056 διπλασίαζε.

430 4085 812 4155 Ἀποκατάστη
820 4101 931 4137 σον.

414 4180 518 4234 Τὸν
547 4180 767 4234 λάκωνα
790 4176 883 4230 ἐπὶ
916 4174 977 4229 τδ
1002 4173 1130 4245 δόρυ
1163 4172 1493 4245 ἐκπερίσπα.

425 4271 803 4342 Ἀποκατάστη
811 4286 924 4325 σον.

435 4362 521 4421 :0'.
567 4363 730 4419 ’Δλλά
759 4361 933 4414 ταῦτα
964 4360 1053 4414 διά
1074 4376 1134 4412 τε
1163 4358 1225 4412 τὸ
1253 4357 1465 4427 ἀσαφὲς
1486 4357 1581 4410 καὶ
1610 4356 1710 4427 τὴν
1749 4355 1922 4425 ἀχρη-

2104 2570 2192 2625 88.
2222 2566 2454 2624 Nomina
2503 2567 2670 2640 igitur
2699 2570 2945 2626 mutuum
2988 2568 3105 2625 haec
3135 2574 3284 2626 sunt.
3332 2564 3606 2638 Praecepta

2033 2671 2216 2718 autem
2250 2662 2358 2716 illis
2388 2661 2507 2716 hare
2531 2661 2683 2716 trade
2711 2678 2724 2715 :

2102 2778 2215 2847 Age
2244 2778 2311 2831 ad
2343 2790 2519 2831 arma.

2102 2869 2359 2925 Assistite
2392 2867 2584 2923 armis.

2100 2962 2362 3016 Armatus
2390 2975 2459 3015 ne
2488 2958 2735 3015 discedat
2765 2959 2831 3013 al)
2866 2957 3010 3013 acie.

2104 3050 2216 3105 Sile
2242 3060 2294 3105 et
2334 3049 2557 3103 attende
2588 3048 3017 3119 pracipientem.

1949 3154 1994 3214 ε
2095 3141 2328 3197 Sursum
2362 3141 2571 3197 hastas.

2099 3230 2333 3286 Demitte
2356 3231 2567 3285 hastas.

2100 3323 2410 3380 Ultimanus
2448 3322 2867 3379 contubernium
2901 3321 3117 3393 dirigat.

2098 3414 2328 3470 Custodi
2350 3413 2656 3469 intervalla.

2097 3506 2178 3561 Ad
2216 3506 2428 3561 hastam
2460 3507 2693 3561 declina.

2099 3598 2181 3652 Ad
2222 3598 2459 3669 clipeum
2486 3597 2722 3654 declina.

2098 3690 2365 3746 Procede.

2100 3781 2249 3837 Istuc
2281 3796 2461 3838 serva.

2099 3873 2313 3929 Directe
2339 3875 2593 3943 procede.

2097 3967 2454 4021 Altitudinem
2490 3966 2729 4038 duplica.

2101 4054 2227 4109 Rcci
2234 4069 2301 4124 pe
2336 4055 2559 4109 iterum.

2097 4146 2430 4202 Laconicum
2466 4146 2533 4201 ad
2567 4146 2781 4201 hastam
2817 4145 3065 4203 trivelve.

2099 4239 2300 4310 Recipe
2333 4250 2402 4295 te.

2096 4353 2185 4408 89.
2224 4352 2328 4407 Sed
2361 4354 2461 4409 ista
2491 4363 2655 4424 atque
2690 4354 2795 4407 alia
2845 4354 2973 4407 item
3026 4353 3343 4429 hujusmodi
3389 4360 3610 4423 propter

341 4457 495 4512 στίαν
540 4457 678 4518 τέως
716 4452 1069 4525 παρείδομεν,
1102 4448 1199 4504 τοῦ
1246 4449 1516 4518 συντόμου
1571 4449 1667 4501 καὶ
1719 4446 1925 4518 σαφοῦς

2035 4446 2417 4501 obscuritatem
2450 4455 2504 4501 et
2537 4446 2888 4501 inutilitatem
2916 4445 3022 4500 ltuc
3055 4460 3228 4514 usque
3267 4445 3605 4506 distulimus.

342 4548 579 4621 μάλιστα
611 4545 1011 4619 φροντίζοντες.

405 4754 476 4823 ιζ.
512 4752 595 4807 Ta
649 4752 746 4824 μὲν
797 4746 893 4805 οὖν
947 4749 1078 4820 περὶ
1132 4747 1441 4819 γυμνασίας
1474 4748 1609 4817 ἡμῖν
1663 4763 1923 4818 προειρη-

340 4848 477 4918 μένα
509 4844 743 4913 πεζικῆς
770 4860 829 4896 τε
854 4842 949 4896 καὶ
978 4840 1229 4911 ἱππικῆς,
1256 4840 1347 4892 τόν
1386 4855 1443 4891 τε
1475 4837 1597 4892 καθ’
1626 4838 1722 4891 ἕνα
1751 4855 1920 4908 στρα-

335 4935 558 5006 τιώτην,
587 4935 682 4987 καὶ
711 4931 820 4985 τῶν
840 4930 983 4984 κατά
1010 4929 1265 5001 τάγματα
1295 4928 1391 4983 καὶ
1439 4928 1795 5000 παρατάξεις,
1845 4928 1921 4990 ὼς

336 5028 395 5081 ὲν
419 5025 666 5095 ὲπιτόμῳ
694 5022 1008 5095 ἀρκούντως
1061 5022 1195 5091 ἔχει.
1238 5019 1543 5091 ’Λρμοδίως
1584 5020 1642 5073 δὲ
1668 5019 1747 5088 τῷ
1778 5035 1921 5088 παρ-

336 5114 451 5169 όντι
480 5114 819 5184 συντάγματι
850 5111 944 5165 καὶ
980 5109 1051 5164 τὰ
1078 5113 1192 5175 τοῖς
1237 5110 1615 5181 ἁμαρτάνουσι
1649 5109 1914 5179 στρατιώ-

2034 4537 2164 4607 quia
2196 4537 2479 4592 brevitatis
2500 4549 2555 4593 et
2581 4536 2988 4609 perspicuitatis
3014 4537 3309 4591 maximam
3334 4542 3605 4591 rationem

2035 4627 2321 4683 habemus.

2101 4742 2190 4799 90.
2224 4741 2348 4797 Haec
2379 4726 2543 4813 igitur
2574 4757 2603 4796 a
2643 4742 2804 4796 nobis
2836 4743 2903 4796 de
2932 4739 3330 4795 exercitatione
3357 4738 3604 4807 equestri

2029 4845 2082 4890 et
2110 4834 2368 4905 pedestri,
2411 4843 2526 4888 tum
2576 4833 2852 4905 sigillatim
2882 4848 2977 4903 per
3008 4845 3454 4901 unumquemque
3499 4830 3608 4884 nni-

2027 4926 2201 4993 litem,
2224 4937 2335 4981 tum
2357 4926 2654 4996 generatim
2682 4941 2778 4995 per
2803 4926 3060 4980 cohortes
3079 4934 3241 4994 atque
3258 4922 3428 4989 acies,
3453 4921 3605 4976 brevi

2036 5025 2469 5072 commemorata
2524 5018 2659 5072 satis
2698 5024 2882 5069 sunto.
2917 5016 3024 5069 Par
3080 5024 3157 5069 est
3207 5020 3410 5078 autem,
3448 5022 3501 5067 et
3528 5014 3605 5066 rei

2023 5118 2292 5180 susceptae
2324 5109 2602 5173 idoneum,
2626 5106 3075 5177 delinquentibus
3110 5105 3376 5161 militibus
3407 5104 3607 5160 multas

335 5225 456 5271 ταις
490 5206 741 5277 ἐπιτίμια
787 5202 1031 5270 ἐντάξαι,
1086 5204 1174 5257 ἵνα
1220 5200 1560 5269 γινώσκωσιν
1613 5199 1772 5261 αὐτὰ,
1821 5199 1915 5252 καὶ

2045 5216 2320 5270 inponere,
2346 5209 2404 5256 ut
2430 5212 2522 5255 eas
2556 5208 2905 5271 cognoscant,
2927 5214 3104 5269 neque
3130 5198 3437 5271 ignorantia
3465 5213 3608 5270 qua-

341 5303 415 5374 μὴ
443 5300 765 5371 ἀγνοοῦντες
782 5298 1099 5371 ἐμπίπτωσι
1148 5298 1268 5358 ταῖς
1308 5294 1367 5347 ὲν
1397 5294 1581 5356 αὐτοῖς
1633 5291 1919 5361 κειμέναις

336 5393 654 5467 τιμωρίαις.

1775 5557 2011 5625 NOTAE,

436 5708 873 5781 21)’Δοζαςοίαν.
899 5706 1110 5781 Scribe,
1139 5706 1431 5781 ἀσάφειαν.

436 5711 525 5781 21)
547 5711 873 5779 ’Ao'agolar.
899 5711 1110 5769 Scribe.
1139 5711 1431 5775 ἀσάφειαν.

409 5711 528 5857 ξεῖ)
566 5779 712 5848 Ἤδη
744 5778 1218 5848 σαφηνισθέντα.
1241 5769 1695 5837 5οι·ἰὶ›ώσῑιιι’,τὲι
1720 5767 1832 5837 εἴδη
1862 5784 1911 5817 σ.

2026 5294 2149 5347 dam
2186 5293 2237 5347 in
2278 5293 2389 5348 Ittec
2413 5291 2677 5362 supplicia
2716 5290 2824 5348 illis
2850 5291 3144 5348 constituta
3173 5290 3435 5348 incidant.

2111 5698 2225 5771 (25)
2264 5700 2405 5769 Παρ’
2429 5696 2666 5771 αὐτῶν..
2678 5697 2887 5771 Scribe,
2913 5715 2974 5752 π.
3000 5697 3168 5771 αὐτῷ.

2098 5768 2211 5841 (‘24)
2255 5768 2365 5826 Τὸν
2392 5768 2601 5838 λόχον.
2636 5768 3007 5834 Scribebatur,
3043 5768 3133 5824 τὸν
3156 5770 3332 5832 λόγον.
