4080 6218
2124 183 2179 196 -ιν

1716 326 1725 333 ·
1780 304 2058 366 LEONIS
2086 304 2544 364 PHILOSOPIII

2159 422 2205 477 Α

1009 415 1473 474 CONSTITUTIO
1525 415 1664 473 VIII.

2807 413 3119 468 ΔΙΔΤΑΞΙΣ
3152 414 3231 471 H'.

972 510 1046 565 De
1104 509 1287 563 multis
1343 510 1687 564 militaribus.

2543 505 2679 573 "api
2700 506 3142 575 στρατιωτικῶν
3160 508 3487 575 ἐπιτιμίων.

618 605 670 659 I.
696 601 814 657 Non
863 601 1029 655 modo
1073 600 1127 653 in
1169 601 1314 654 veris
1351 600 1771 665 certaminibus,
1824 600 1916 656 sed
1958 600 2122 654 etiam

2291 600 2359 657 α’.
2398 602 2488 654 Δεῖ
2502 597 2594 654 οὖν
2623 601 2682 655 οὐ
2713 603 2872 672 μόνον
2894 600 2953 653 ἐν
2978 600 3156 671 καιρῷ
3174 602 3283 655 τῶν
3318 602 3537 672 ἀληθῶν
3552 603 3804 672 ἀγώνων,

549 696 667 765 ipso
706 691 1117 748 exercitationis
1159 701 1427 760 tempore,
1457 704 1650 745 omnes
1678 691 1917 759 prefeeti
1948 701 2112 761 atque

2233 693 2362 746 ἀλλὰ
2400 694 2495 747 καὶ
2522 695 2580 745 ὲν
2614 692 2693 763 τῷ
2719 692 2898 764 καιρῷ
2924 691 3026 762 τῆς
3086 692 3419 762 γυμνασίας,
3452 696 3808 766 συνηγμένων

546 787 802 840 cohortes
832 782 1097 837 militares
1118 782 1481 848 convocandi,
1502 790 1556 837 et
1583 783 1664 836 ha:
1689 783 1836 853 leges
1860 784 2124 840 militares

2233 788 2481 841 ἁπάντων
2530 786 2635 838 τῶν
2695 802 2755 838 τε
2795 786 3076 856 ἀρχόντων
3106 784 3341 838 καὶτῶν
3391 789 3807 856 στρατιωτικῶν

549 874 896 930 recensendas
935 881 1085 941 sunt,
1118 888 1237 944 qua
1262 872 1464 929 multas
1496 872 1596 929 has
1624 874 1936 929 continent:

2233 880 2542 949 ταγμάτων,
2566 876 2993 949 προσκαλεῖσθαι
3028 876 3257 943 πάντας,
3312 877 3406 929 καὶ
3458 877 3807 945 ὑπαναγινώ-

2226 968 2586 1031 σχειν-αὐτοῖς
2614 968 2683 1020 τὰ
2726 968 2991 1038 εἰρημένα
3006 966 3214 1036 νόμιμα
3232 967 3601 1037 στρατιωτικά
3631 968 3806 1021 ἐπιτίο

2226 1078 2325 1129 μια
2350 1061 2541 1130 ἔχοντα
2574 1056 2746 1121 οὕτως
2763 1074 2778 1088 ο

615 1150 671 1203 2.
706 1149 764 1203 Si
796 1149 953 1203 miles
998 1148 1265 1219 quintano
1294 1156 1390 1202 aut
1434 1158 1708 1220 quartano
1739 1165 1839 1205 suo
1867 1149 2105 1206 adverse

2297 1150 2361 1221 β’.
2404 1151 2528 1205 Ἐἀν
2548 1149 2888 1221 στρατιώτης
2917 1147 2994 1218 τῷ
3022 1148 3135 1218 ἰδίῳ
3158 1152 3437 1221 πεντάρχῃ
3471 1148 3803 1223 ἢτετράρχῃ

551 1252 656 1308 tur,
697 1243 1029 1311 eastigetur:
1081 1241 1164 1296 sin
1231 1250 1534 1309 quartanas
1573 1250 1665 1295 aut
1698 1246 1997 1311 quintanus
2024 1243 2121 1297 de-

2233 1240 2545 1311 ὶναντιωθῇ,
2580 1237 3030 1309 σωφρονιζέσθωο
3070 1239 3118 1291 εί
3147 1237 3204 1291 δὲ
3228 1239 3537 1309 τετράρχης
3561 1240 3595 1309 ἢ
3645 1256 3803 1291 πεντ-

550 1348 685 1388 cano
711 1348 810 1387 suo
842 1334 1176 1394 adversetur,
1211 1334 1507 1402 castigetur
1547 1348 1786 1401 quoque.
1826 1331 1921 1387 Sin
1964 1334 2123 1387 deca—

2233 1333 2397 1405 ἀρχης
2428 1332 2505 1403 τῷ
2548 1332 2663 1402 ἰδίῳ
2697 1331 2969 1401 δεκάρχῳ,
3022 1330 3223 1400 ὁμοίως
3268 1330 3691 1402 σωφρονιζωθω
3712 1347 3727 1363 ⁸
3755 1333 3804 1385 εί

551 1434 652 1474 nus
701 1420 1041 1484 ceulurioni,
1086 1419 1200 1487 pari
1249 1420 1432 1473 modo.
1477 1418 1573 1473 Sin
1606 1420 1731 1487 quis
1780 1434 1847 1473 ex
1896 1421 2124 1477 cohorte

2233 1425 2277 1479 δὲ
2304 1424 2559 1494 δέκαρχοι
2582 1422 2660 1492 τῷ
2695 1421 2995 1494 πεντάρχῃ.
3032 1421 3094 1473 Εἰ
3122 1420 3178 1474 δέ
3206 1438 3291 1483 τις
3318 1420 3428 1474 τῶν
3458 1422 3555 1476 τοῦ
3588 1422 3807 1493 τάγμα⁸

551 1516 747 1571 audeat
779 1520 882 1571 hoc
913 1518 1177 1572 adversus
1220 1529 1381 1570 suum
1436 1516 1608 1585 ipsius
1631 1516 1886 1571 comitem
1922 1516 2120 1585 facere,

2233 1532 2312 1579 τος
2362 1514 2614 1586 τολμήσῃ
2648 1516 2808 1566 τοῦτο
2869 1514 3093 1583 ποιῆσαι
3120 1514 3199 1577 είς
3221 1512 3312 1566 τὸν
3344 1512 3539 1567 ἑαυτοῦ
3567 1515 3808 1584 κόμητα.

552 1610 723 1678 rapite
754 1610 1046 1677 plectatur.

2233 1604 2500 1676 κεφαλικῇ
2532 1603 2773 1675 τιμωρίᾳ
2799 1603 3129 1657 ὑποκείσθω.

623 1702 677 1754 5.
716 1698 773 1752 Si
818 1699 943 1767 quis
996 1696 1251 1765 iniuriam
1294 1712 1323 1752 a
1381 1712 1656 1768 quoquam
1706 1699 1999 1769 acceperit,
2054 1699 2121 1755 ad

2297 1697 2366 1766 γ’.
2392 1696 2455 1749 Ei
2510 1696 2698 1767 μέντοι
2753 1695 2985 1766 ἀδικηθῇ
3049 1694 3203 1766 παρά
3242 1712 3418 1760 τινος,
3461 1694 3542 1765 τῷ
3584 1695 3808 1767 ἄρχοντι

552 1791 792 1846 rohortis
817 1805 930 1845 sua:
967 1789 1281 1859 praefectum
1319 1789 1553 1845 referat:
1606 1790 1689 1845 sin
1717 1791 1784 1844 ab
1824 1791 1943 1861 ipso
1978 1807 2117 1862 prmo

2233 1789 2321 1844 τοῦ
2376 1790 2653 1859 τάγματος
2716 1787 3023 1858 προσέλθῃο
3075 1788 3123 1840 εί
3154 1787 3210 1839 δὲ
3243 1789 3392 1859 παρά
3445 1787 3541 1841 τοῦ
3603 1790 3808 1860 ἄρχον-

553 1882 693 1936 hwto
721 1882 967 1945 laedatur,
1005 1880 1200 1950 majori
1231 1881 1395 1936 alicui
1428 1881 1685 1951 praefecto
1710 1892 1916 1937 narret.

2233 1898 2317 1943 τος
2378 1878 2543 1932 αὑτοῦ
2598 1878 2871 1950 ἀδικηθῇ,
2927 1877 3005 1948 τῷ
3083 1878 3291 1947 μείζονι
3355 1880 3574 1952 ἄρχοντι
3632 1898 3811 1950 προσ-

2227 1969 2380 2043 ἑλθῃ.

620 2064 674 2117 ι.
713 2063 769 2118 Si
804 2064 927 2133 quis
974 2064 1173 2119 audeat
1214 2064 1481 2134 magicam
1522 2078 1801 2132 exercere,
1843 2083 1954 2136 quo
1990 2076 2127 2122 tem-

2295 2060 2357 2115 δ’.
2391 2062 2516 2114 Ἐἀν
2544 2078 2629 2124 τις
2659 2060 2905 2133 τολμήσῃ
2937 2058 3200 2131 βαγεῦσαι
3231 2060 3341 2130 (25)
3380 2060 3522 2131 ὑπὲρ
3555 2061 3647 2114 τὸν
3682 2062 3812 2131 χρό-

554 2171 684 2225 pore
718 2157 981 2211 militares
1008 2156 1233 2211 domum
1259 2170 1415 2211 suam
1446 2158 1817 2226 remittuntur,
1863 2172 2127 2229 perpetuo

2233 2170 2317 2205 νον
2348 2169 2446 2203 του
2476 2150 2774 2220 κομεάτου,
2820 2151 2988 2221 ήγουν
3020 2149 3117 2219 τῆς
3150 2148 3466 2211 ἀπολύσεως
3498 2150 3607 2201 τῶν
3635 2166 3811 2221 στρα-

552 2247 620 2301 ah
650 2246 906 2301 omnibus
940 2246 1162 2301 aciebus
1192 2246 1516 2316 expellatur.

2233 2244 2436 2297 τιωτῶν
2467 2245 2547 2307 είς
2575 2244 2702 2306 τοὺς
2726 2241 2891 2306 ἰδίους
2915 2241 3123 2307 οἴκους,
3151 2243 3231 2305 εἰς
3254 2241 3478 2314 διηνεκῆ
3493 2240 3814 2306 ταξατέωνα

2228 2334 2558 2406 κατακριθῇ.

626 2427 677 2481 5.
734 2426 789 2480 Si
830 2425 925 2495 qui
994 2424 1432 2494 coniurationem
1492 2433 1587 2478 aut
1619 2434 1836 2494 pactum
1902 2425 2123 2494 aliquod
2307 2427 2370 2481 ε’.
2396 2428 2459 2481 Et
2487 2426 2544 2478 δέ
2569 2442 2714 2489 τινες
2744 2425 3058 2495 τολμήσωσι
3093 2423 3455 2493 συνομωσίαν,
3477 2423 3511 2493 ἦ
3544 2425 3808 2495 φατρίαν,

622 2450 677 2481 ὅ).

553 2528 739 2572 contra
770 2518 1085 2588 praefectum
1127 2533 1287 2571 suum
1324 2518 1517 2586 quavis
1564 2517 1628 2571 de
1666 2531 1831 2573 causa
1877 2517 2124 2583 iecerint,

554 2610 730 2675 rapite
763 2609 1095 2678 plectantur,
1135 2616 1191 2661 et
1218 2608 1270 2659 in
1304 2607 1494 2675 primis
1527 2607 1627 2667 illi,
1659 2608 1754 2676 qui
1788 2607 1950 2677 hujus
1978 2608 2125 2663 sedi-

555 2700 717 2754 tionis
741 2708 795 2753 et
823 2696 1222 2767 coniurationis
1260 2705 1514 2752 auctores
1551 2697 1772 2752 fuerint.

734 2426 789 2480 Si
830 2425 925 2496 qui
994 2424 1432 2494 coniurationem
1492 2433 1587 2478 aut
1619 2434 1836 2494 pactum
1902 2425 2123 2494 aliquod

2228 2520 2369 2575 κατά
2400 2519 2494 2573 τοῦ
2525 2518 2784 2589 ἄρχοντος
2812 2515 2906 2569 τοῦ
2965 2514 3095 2567 ἰδίου
3124 2518 3368 2585 ποιῆσαι,
3410 2515 3548 2586 ὑπὲρ
3582 2517 3813 2586 οἱασδή-

2229 2630 2359 2667 ποτε
2390 2612 2590 2677 αξτίας,
2652 2608 2920 2678 κεφαλικῇ
2957 2605 3197 2677 τιμωρίᾳ
3239 2605 3613 2676 ὑποϐληθῶσι,
3664 2609 3814 2660 κατά

2229 2704 2507 2773 ἐξαίρετον
2525 2702 2575 2754 οἱ
2606 2700 2813 2768 πρῶτοι
2841 2699 2939 2768 τῆς
2985 2695 3330 2766 συνομωσίας
3361 2695 3395 2765 ἢ
3430 2695 3528 2766 τῆς
3561 2696 3812 2759 στάσεως

2228 2794 2531 2863 γενόμενοι.

618 2880 674 2933 6.
708 2879 765 2933 Si
818 2878 905 2933 cui
949 2877 1195 2933 custodia
1249 2876 1490 2932 civitatis
1520 2887 1613 2932 aut
1641 2877 1846 2932 castelli
1897 2879 2126 2950 alicuius

2302 2887 2374 2950 ς’.
2408 2886 2475 2940 E’.’
2503 2904 2586 2951 τις
2602 2887 3000 2959 παραφυλακὴν
3029 2886 3234 2949 πόλεως
3265 2887 3297 2958 ἢ
3321 2886 3559 2955 κάστρου
3584 2899 3816 2934 πιστευ-

555 2970 839 3024 romrnissa
862 2979 965 3033 est,
999 2969 1153 3038 isque
1178 2984 1296 3023 eam
1321 2968 1643 3039 prodiderit,
1669 2979 1764 3023 aut
1794 2970 1964 3025 invito
1989 2987 2125 3042 pne-

2233 2982 2342 3045 Beiq
2370 2980 2525 3033 τοῦτο
2552 2979 2925 3053 παραδώσῃ,ἢ
2956 2980 3105 3050 παρὰ
3138 2978 3363 3049 γνώμην
3402 2977 3497 3031 τοῦ
3547 2977 3816 3044 ἄρχοντος

554 3059 693 3115 feeto
758 3058 1087 3125 deseruerit,
1152 3066 1398 3112 extremo
1465 3058 1733 3128 supplicio
1800 3058 2121 3115 abiciatur:

2233 3072 2393 3127 αὐτοῦ
2424 3072 2631 3125 ἐκεῖθεν
2663 3074 3017 3145 ἀναχωρήσῃ,
3049 3072 3257 3143 ἐσχάτῃ
3284 3070 3526 3142 τιμωρίᾳ
3561 3066 3813 3139 emam-

2228 3167 2470 3238 θήσεται.

2294 3260 2361 3324 ζ’.
2399 3259 2465 3312 Et
2491 3275 2575 3322 τις
2603 3257 2835 3329 ἐλεγχθῇ
2868 3256 3101 3328 θελήσας
3124 3255 3339 3327 ἐχθροῖς
3381 3254 3577 3309 ἑαυτὸν
3626 3270 3813 3323 παρα-

2225 3351 2429 3418 δοῦναι,
2468 3354 2534 3422 τῇ
2559 3351 2765 3422 ἐσχάτῃ
2788 3348 3029 3420 τιμωρίᾳ
3056 3348 3361 3419 ὑποϐληθῇ.

622 3240 675 3294 7.
704 3240 760 3293 Si
789 3239 911 3308 quis
940 3237 1182 3307 seipsum
1241 3237 1480 3292 inimicis
1513 3239 1741 3307 prodere
1770 3240 1905 3296 velle
1931 3241 2123 3313 depre-

559 3332 853 3395 hendatur,
890 3338 1138 3385 extremo
1166 3330 1437 3399 supplicio
1463 3330 1748 3386 abiciatur.

606 3438 899 3508 Nequeille
951 3437 1147 3500 solum,
1177 3437 1269 3491 sed
1304 3437 1350 3491 is
1377 3440 1541 3493 etiam
1575 3439 1667 3509 qui
1702 3455 1824 3494 cum
1871 3445 2125 3497 conscius

2289 3465 2364 3518 Οὐ
2390 3467 2548 3536 μόνον
2588 3464 2770 3529 αὐτὸς,
2796 3463 2931 3518 ἀλλά
2959 3464 3093 3517 καὶὸ
3123 3462 3281 3516 τοῦτο
3315 3462 3567 3524 συνειδώς
3626 3462 3730 3514 ὲπε
3755 3459 3816 3529 δὴ

555 3532 717 3600 huius
751 3530 1032 3594 facinoris,
1064 3529 1115 3583 id
1146 3529 1324 3599 ipsum
1367 3539 1545 3584 tamen
1595 3528 1852 3600 praefecto
1884 3532 2128 3589 indicare

2233 3528 2574 3625 τοῦτο-γνοὺς
2614 3558 2691 3627 τῷ
2721 3556 2941 3628 ἄρχοντι
2981 3556 3081 3609 οὐκ
3128 3557 3416 3626 ἐμήνυσεν.

555 3623 751 3678 noluit.

622 3716 675 3770 8.
713 3714 769 3769 Si
818 3714 941 3785 quis
982 3730 1107 3769 cum
1151 3714 1344 3769 derani
1400 3714 1655 3767 mandata
1705 3714 1964 3782 audierit,
2016 3731 2125 3771 non

2304 3740 2375 3811 η’.
2409 3740 2477 3794 Εἴ
2508 3758 2591 3805 τις
2625 3740 2865 3804 ἀκούσας
2899 3740 2965 3795 τὰ
3020 3740 3262 3810 μανδάτα
3309 3738 3404 3793 τοῦ
3435 3738 3710 3808 δεκάρχου
3742 3739 3815 3811 μὴ

2235 3832 2471 3903 φυλάξῃ,
2540 3832 2980 3903 σωφρονιζέσθω.
3026 3832 3089 3885 El
3119 3831 3175 3883 δὲ
3200 3831 3407 3900 ἀγνοῶν
3458 3832 3526 3885 τά
3570 3834 3817 3902 μανδάτα

2237 3926 2465 3999 πταίσῃ,
2499 3928 2528 3979 6
2559 3925 2831 3995 δεκάρχης
2860 3922 3299 3994 σωφρονιζέσθω,
3329 3922 3517 3994 ἐπειδὴ
3543 3922 3605 3975 οὐ
3628 3925 3819 3994 προεί-

2238 4035 2338 4071 πεν
2362 4018 2531 4088 αὐτῷ.

2307 4111 2371 4166 θ’.
2410 4111 2478 4164 Εἴ
2527 4128 2611 4174 τις
2670 4110 2861 4178 ἄλογον
2896 4109 3031 4175 ζῶον
3077 4109 3110 4181 ἢ
3165 4109 3293 4165 ἄλλο
3320 4109 3630 4181 οίονδήποτε
3673 4105 3817 4172 εἶδος

2239 4201 2492 4273 μικρὸνῆ
2530 4199 2670 4269 μέγα
2718 4198 2916 4270 εὑρὼν,
2950 4199 3024 4270 μὴ
3056 4198 3214 4251 τοῦτο
3242 4198 3552 4272 φανερώσῃ,
3612 4198 3715 4251 καὶ
3743 4198 3817 4266 τῷ

2236 4294 2453 4363 ἄρχοντι
2488 4290 2565 4362 τῷ
2589 4290 2705 4360 ίδίῳ
2737 4290 3054 4361 παραδώσῃ,
3089 4288 3525 4359 σωφρονιζέσθω,
3564 4288 3625 4341 οὒ
3652 4290 3818 4357 μόνον

2241 4382 2423 4447 αὐτὸς,
2442 4382 2577 4436 ἀλλὰ
2599 4381 2691 4435 καὶ
2715 4382 2743 4434 6
2770 4380 3025 4445 συνειδὼς
3054 4380 3297 4451 abripui);
3321 4380 3548 4433 κλέπται
3569 4380 3817 4449 ἀμφότε-

2240 4492 2342 4545 ροι.

2312 4588 2366 4643 ι’.
2426 4588 2497 4642 Εἴ
2552 4606 2638 4652 τις
2665 4588 2920 4661 ζημιώσῃ
2966 4588 3340 4661 συντελεστὴν,
3386 4589 3479 4642 καὶ
3508 4590 3583 4660 μὴ
3626 4590 3815 4643 τοῦτον

2236 4684 2553 4753 προαιρέσει
2574 4682 3022 4755 ἀποθεραπεύσῃ,
3051 4682 3190 4737 κατά
3217 4683 3275 4736 τὸ
3296 4683 3573 4737 διπλάσιον
3602 4684 3816 4755 τήνζη-

555 3815 682 3877 agat
705 3821 790 3871 ea,
817 3807 1135 3873 castigetnr.
1174 3805 1269 3860 Sin
1301 3816 1522 3874 propter
1557 3806 1920 3876 ignorantiam
1953 3808 2129 3863 oﬂ‘en-

554 3896 717 3953 derit.
745 3896 986 3949 decanus
1013 3895 1147 3963 ipse,
1179 3894 1273 3964 qui
1309 3895 1411 3950 hoc
1447 3895 1521 3949 illi
1558 3910 1665 3949 non
1728 3896 2007 3962 indicavit,
2040 3913 2131 3953 ca-

550 3986 803 4054 rstigetur.

628 4076 683 4130 9.
726 4075 782 4130 Si
829 4077 955 4142 quis
996 4075 1228 4130 bestiam
1282 4076 1521 4145 aliquam
1574 4085 1668 4131 aut
1719 4092 1833 4133 rem
1880 4079 1995 4135 sive
2021 4096 2135 4135 ma-

556 4185 719 4240 gnam
755 4169 871 4222 sive
920 4184 1143 4237 parvam
1196 4169 1483 4235 invenerit,
1523 4180 1575 4224 et
1605 4185 1725 4224 eam
1752 4170 2008 4240 praefecto
2031 4187 2135 4227 suo

556 4279 663 4318 non
694 4261 1001 4325 tradiderit,
1048 4270 1160 4316 tum
1195 4262 1332 4333 ipse,
1360 4271 1473 4315 tum
1508 4262 1601 4332 qui
1632 4264 1888 4319 conscius
1926 4265 1999 4319 illi
2030 4275 2131 4330 est,

557 4354 714 4423 quasi
753 4352 901 4407 l'ures
942 4351 1161 4420 utrique
1189 4351 1546 4420 castigentur.

630 4582 718 4637 I0.
756 4581 813 4637 Si
852 4582 975 4652 quis
1023 4580 1283 4635 damnum
1340 4581 1604 4652 municipi
1657 4596 1758 4637 suo
1810 4580 2023 4647 fecerit,
2077 4593 2134 4640 et

560 4674 690 4729 illud
720 4673 1002 4728 voluntate
1023 4686 1121 4727 sua
1154 4685 1261 4725 non
1286 4672 1615 4738 resarcierit,
1640 4672 1858 4742 duplam
1889 4674 1962 4727 illi
1993 4676 2133 4729 mul-

560 4774 669 4818 tam
707 4762 999 4833 persolvat.

2239 4776 2369 4845 μίαν
2403 4774 2551 4846 αὖτῷ
2580 4776 3033 4848 ἀποκαταστήσῃ.

634 4856 723 4909 ll.
756 4854 813 4908 Si
855 4853 983 4923 quis
1015 4852 1201 4922 aliquo
1233 4850 1537 4907 vacationis
1582 4860 1827 4922 tempore
1862 4856 2130 4911 intermis-

2310 4866 2398 4922 ια’.
2435 4868 2499 4921 Εἴ
2521 4886 2601 4930 τις
2637 4868 2927 4937 λαμϐάνων
2957 4868 3219 4921 ἀπόλυσιν
3257 4868 3314 4920 ὲν
3347 4867 3629 4939 εὐκαιρίας
3680 4870 3815 4938 ήμέο

561 4949 770 5005 sionem
829 4947 1070 5017 aliquam
1112 4946 1332 5010 habeat,
1365 4954 1420 5001 et
1450 4960 1515 4999 eo
1550 4955 1794 5015 tempore
1839 4961 1991 5002 arma
2036 4964 2130 5003 sua

2238 4975 2356 5029 ραις
2386 4958 2494 5011 τῶν
2518 4956 2712 5011 ἑαυτοῦ
2733 4959 2912 5012 ὃπλων
2945 4959 3358 5028 περιφρονήσει,
3397 4960 3491 5012 καὶ
3527 4962 3603 5031 μὴ
3625 4960 3818 5015 τοῦτο)

560 5041 883 5111 neglexerit,
908 5049 963 5094 et
990 5040 1231 5095 decanus
1258 5055 1382 5094 eum
1409 5054 1515 5094 non
1546 5038 1784 5109 coegerit
1813 5054 1952 5094 nova
1984 5055 2130 5095 com.

2233 5053 2260 5105 6
2283 5050 2555 5121 δεκάρχης
2576 5051 2862 5123 ἀναγκάσῃ
2893 5052 3194 5121 κτήσασθαι
3230 5052 3365 5122 (26),
3392 5052 3423 5122 ἣ
3450 5053 3543 5105 καὶ
3574 5053 3651 5123 τῷ
3699 5054 3817 5124 ἰδίῳ

561 5148 779 5203 parare,
808 5142 902 5185 aut
939 5131 1129 5186 saltem
1158 5130 1416 5202 praefecto
1448 5146 1548 5185 suo
1571 5128 1676 5184 hoc
1716 5146 1823 5184 non
1856 5130 2130 5187 indicave-

2233 5142 2453 5213 ἄρχοντι
2473 5143 2628 5196 τοῦτο
2656 5142 2732 5213 μή
2749 5141 3061 5215 φανερώσῃ,
3079 5144 3172 5196 καὶ
3203 5146 3231 5197 6
3260 5143 3599 5215 στρατιώτης
3626 5147 3813 5209 αὐτὸς,

561 5226 653 5291 rit,
690 5234 803 5281 tum
847 5224 1028 5292 miles,
1068 5232 1181 5279 tum
1212 5224 1457 5279 decanus
1490 5223 1852 5293 castigentur.

2234 5232 2329 5285 καὶ
2355 5232 2382 5283 6
2410 5230 2680 5301 δεκάρχης
2718 5233 3179 5302 σωςρρονισθῶσιν.

2081 5372 2314 5429 NOTAE.

632 5480 744 5555 (25)
778 5482 1107 5555 Βαπεῦο-αι.
1127 5480 1393 5555 In_codicc
1424 5482 1640 5555 videtur
1686 5484 1857 5539 fuisse
1878 5525 1892 5549 ,
1924 5484 2128 5555 μαγεῦο

562 5567 672 5625 σαι.
701 5553 855 5625 Male.
882 5552 1067 5625 Rufus
1099 5554 1151 5607 in
1192 5553 1319 5622 Leg.
1360 5555 1543 5625 niilit.:
1565 5554 1629 5607 Εῐ
1647 5571 1729 5625 τις
1760 5552 2004 5625 τολμήσῃ
2034 5556 2129 5625 βα-

563 5619 756 5695 γεζισαι
802 5621 1076 5695 uate-16v
1103 5619 1294 5695 χρόνον
1325 5622 1793 5695 τοῦ-κομμεάτου,
1823 5619 1930 5692 τῆς
1969 5619 2133 5695 στρα-

563 5640 756 5686 γευσαι
802 5640 904 5674 υπε
984 5640 1076 5673 τον
1103 5640 1294 5693 χρονον
1325 5640 1420 5676 του
1457 5640 1793 5692 κομμεατου,
1823 5642 1920 5692 της
1969 5642 2133 5695 στρα-

562 5686 715 5753 τείας
742 5640 1160 5754 ὲκδ).ηεήσεται.
1198 5693 1352 5758 Apud
1406 5691 1626 5753 Graecos
1663 5697 1991 5761 posteriores
2039 5698 2136 5761 Ba-

2232 5486 2436 5566 γεύειν,
2479 5492 2801 5566 θειοιιξασαιίὶ,
2831 5509 3031 5550 errare.
3072 5493 3271 5551 Suidas
3309 5511 3325 5551 :
3364 5494 3636 5566 βαγιυειν.
3666 5494 3811 5547 πλα-

2237 5558 2502 5625 νητεύειν.
2536 5557 3034 5617 Ἵίἀόϐίοιδανὶιιηι
3076 5574 3348 5621 nostrum.

2313 5628 2426 5707 (‘26)
2471 5629 2533 5681 '0
2557 5630 2856 5707 δεκάρχης
2889 5634 3205 5704 ἀναγκάσῃ
3261 5636 3616 5704 κτήσασθαι.
3642 5633 3813 5691 Deest

2244 5699 2397 5761 ἄλὶα,
2436 5710 2527 5753 aut
2559 5704 2664 5756 tale
2692 5699 2843 5765 quid.

3538 5848 3571 5873 Ὁ

3838 508 3849 567 ἕ
