4100 6226
382 240 488 303 765

1468 251 1798 313 TACTICA.
1839 276 1906 288 -·
1937 252 2435 316 CONSTITUTIO
2462 257 2626 320 VIII.

3540 270 3646 334 766

457 350 548 422 ιβ’.
592 351 660 406 Et
684 369 770 415 τις
799 352 874 423 μὴ
905 352 1194 429 ὑπακούσῃ
1225 356 1304 430 τῷ
1333 357 1450 431 ίδίῳ
1475 359 1720 432 ἄρχοντι,
1751 379 1932 434 σωφρο

2039 417 2040 421 η
2135 364 2224 420 12,
2275 366 2333 422 Si
2372 368 2498 437 quis
2555 367 2812 438 praefecto
2853 387 2956 428 suo
3003 388 3114 431 nor.
3165 375 3641 452 obtemperaverit,

382 443 616 508 νιζισθω
648 444 791 498 κατά
807 445 932 510 τοὺς
958 447 1180 518 νόμους.

456 533 546 602 ιγ’.
581 535 648 588 El’
673 552 756 599 τις
813 537 1066 610 ζημιώσῃ
1119 541 1480 612 στρατιώτην,
1536 543 1595 595 ἐν
1644 543 1804 616 διπλῇ
1855 563 1958 599 πο-

385 623 572 694 σότητι
611 623 762 694 αὐτῷ
807 626 1266 701 ἀποκαταστήσῃ,
1326 631 1527 702 ὁμοίως
1574 633 1669 686 καὶ
1711 635 1960 687 συντελε-

384 716 537 785 στῆν.

455 803 537 858 ιδ’.
567 805 631 858 Ei
675 804 733 858 δὲ
770 805 830 860 ἐν
857 809 1277 882 παραχειμαδίῳ
1303 810 1450 866 ἐστὶν
1481 814 1509 866 ὁ
1559 811 1810 885 στρατὸς,
1863 813 1958 869 καὶ

382 896 526 950 κατά
548 896 782 968 πάροδον
823 900 854 953 δ
881 898 1087 971 ἄρχων,
1127 902 1161 973 ἢ
1218 903 1247 956 δ
1293 903 1652 975 στρατιώτης,
1702 904 1958 978 ζημιώσῃ

382 988 764 1061 συντελεστὴν,
811 992 906 1045 καὶ
944 993 1022 1064 μὴ
1070 993 1260 1050 τοῦτον
1315 994 1542 1060 δεόντως
1576 996 1958 1068 ἀποθεραπεύ-

381 1095 472 1152 σῃ,
496 1083 554 1134 ἐν
574 1081 737 1153 διπλῇ
769 1083 1029 1154 ποσότητι
1047 1083 1205 1138 τοῦτο
1227 1085 1377 1155 αύτῷ
1401 1087 1850 1160 ἀποκαταστήσῃ.

453 1169 534 1225 ιε’.
580 1173 647 1225 Et
681 1190 766 1237 τις
805 1174 862 1227 ἐν
895 1175 1072 1246 καιρῷ
1120 1174 1360 1246 πολέμου
1393 1175 1514 1247 δίχα
1539 1177 1810 1247 κομεάτου
1841 1176 1954 1248 (ΞἸ)

377 1261 545 1330 ἤγουν
566 1263 879 1330 ἀπολύσεως
911 1265 1005 1340 τοῦ
1037 1266 1288 1337 στρατοῦ,
1322 1267 1656 1340 στρατιώτην
1687 1268 1955 1322 ἀπολῦσαι

375 1352 654 1426 τολμήσῃ,
696 1338 990 1428 τριάκοντα
1020 1360 1372 1430 νομισμάτων
1391 1338 1590 1431 ποινὴν
1614 1338 1825 1415 διδότω.
1866 1361 1954 1414 Ἐν

374 1445 549 1516 καιρῷ
568 1446 624 1499 δὲ
644 1449 1075 1519 παραχειμαδίου
1097 1451 1174 1513 είς
1191 1450 1332 1522 δύοῆ
1353 1453 1498 1522 τρεῖς
1515 1450 1689 1522 μῆνας
1711 1441 1950 1504 ποιείτω·

373 1539 433 1590 ἐν
464 1539 644 1610 καιρῷ
671 1540 727 1594 δὲ
753 1542 998 1612 εἰρήνης,
1035 1543 1177 1596 κατά
1230 1543 1290 1596 τὸ
1341 1543 1617 1615 διάστημα
1658 1544 1756 1614 τῆς
1781 1546 1953 1614 ἐπαρο-

2067 455 2280 527 legibus
2307 460 2626 528 castigetur.

2140 550 2226 605 15.
2257 549 2315 606 Si
2337 553 2464 622 quis
2492 551 2754 611 damnum
2807 558 2965 614 militi
2995 569 3091 616 aut
3122 562 3389 636 municipi
3429 565 3638 638 fecerit,

2067 643 2294 715 duplum
2332 646 2410 701 illi
2439 648 2711 704 restituat.

2142 823 2231 880 M.
2272 823 2329 880 Si
2358 825 2413 880 in
2440 825 2688 886 hibernis
2720 829 2885 886 fuerit
2915 835 3218 904 exercitus,
3240 848 3294 894 et
3324 839 3377 895 in
3411 842 3639 912 ipsoiti-

2067 930 2194 971 nere
2218 916 2332 972 dux
2369 918 2452 974 vel
2493 920 2650 976 miles
2699 922 2961 979 damnum
3027 928 3288 1000 municipi
3330 931 3540 1003 fecerit,
3575 946 3636 992 et

2065 1005 2198 1061 illud
2249 1007 2469 1074 iterum,
2503 1012 2959 1081 quemadmodum
2989 1031 3088 1085 par
3117 1028 3221 1087 est,
3254 1036 3364 1077 non
3389 1037 3638 1096 compen-

2065 1100 2288 1169 saverit,
2325 1101 2548 1171 duplum
2583 1103 2659 1158 illi
2687 1106 2999 1174 persolvere
3029 1120 3278 1180 cogatur.

2135 1193 2222 1249 15.
2257 1194 2314 1249 Si
2343 1196 2468 1266 quis
2493 1197 2616 1252 belli
2647 1207 2893 1268 tempore
2922 1201 3042 1255 sine
3070 1215 3401 1274 commeatu,
3441 1209 3494 1264 id
3526 1221 3635 1276 est,

2061 1277 2386 1337 dimissione
2433 1283 2725 1350 exercitus,
2797 1285 3027 1340 militem
3085 1288 3361 1349 dimittere
3411 1297 3630 1362 audeat,

2061 1367 2284 1440 triginta
2339 1374 2583 1430 nummis
2639 1376 2923 1431 multetur.
2973 1377 3226 1436 Hibernis
3263 1393 3447 1440 autem
3491 1389 3632 1446 duos

2061 1469 2157 1518 aut
2190 1473 2299 1519 tres
2327 1480 2544 1522 menses
2576 1467 2679 1524 hoc
2705 1468 2910 1524 faciat:
2941 1471 3095 1540 pacis
3122 1481 3368 1544 tempore
3397 1494 3499 1549 pro
3548 1482 3630 1537 in-

2061 1555 2289 1610 tervallo
2337 1557 2442 1611 loci
2469 1568 2808 1617 commeatus
2865 1561 2980 1619 sive
3027 1564 3367 1625 dimissionis
3415 1578 3629 1644 tempus

374 1630 498 1699 χίας
525 1633 555 1684 δ
584 1631 684 1702 τῆς
707 1632 1025 1697 ἀπολύσεως
1051 1633 1242 1704 καιρὸς
1269 1634 1347 1705 τῷ
1371 1638 1680 1708 στρατιώτῃ
1704 1635 1930 1690 διδόσθω

2063 1644 2224 1700 militi
2254 1647 2606 1705 concedatur.

447 1724 545 1790 ις’.
570 1724 638 1778 Et
684 1741 766 1788 τις
801 1724 954 1778 πόλιν
985 1725 1019 1795 ἦ
1055 1725 1289 1797 κάστρον
1321 1726 1631 1790 πιστευθεὶς
1665 1728 1744 1790 είς
1769 1744 1940 1798 παρα-

374 1814 623 1885 φυλακὴν
683 1812 840 1866 τοῦτο
903 1813 1204 1884 προδώσει,
1262 1815 1296 1884 ἢ
1351 1815 1520 1885 χωρὶς
1572 1814 1816 1885 ἀνάγκης
1866 1816 1947 1879 είς

371 1907 517 1977 ζωὴν
569 1903 948 1972 συντεινούσης
993 1904 1367 1976 ἀναχωρήσῃ,
1429 1905 1726 1976 δυνάμενος
1782 1905 1945 1960 τοῦτο

369 1996 672 2067 ἐκδικῆσαι,
697 1995 967 2065 κεφαλικῇ
1011 1997 1252 2066 τιμωρίᾳ
1299 1996 1702 2052 ύποϐαλλὲσθω.

443 2089 530 2151 ιζ’.
560 2086 748 2140 Ταῦτα
779 2085 876 2156 μὲν
905 2084 1002 2138 καὶ
1032 2086 1090 2138 ἐν
1128 2087 1305 2158 καιρῷ
1329 2089 1633 2158 γυμνασίας
1655 2090 1794 2159 ὁμοῦ
1822 2107 1946 2144 συν-

367 2180 625 2250 ηγμίνων
687 2178 796 2232 τῶν
870 2177 1218 2247 στρατιωτῶν
1286 2179 1821 2248 ὁπαναγινωσκέσθω
1874 2182 1943 2235 τά

367 2270 657 2342 ἐπιτίμια,
718 2271 811 2322 καὶ
863 2271 922 2323 ἐν
982 2269 1154 2340 ἑτέρῳ
1210 2270 1506 2341 οίῳδήποτε
1560 2271 1737 2343 καιρῷ
1804 2275 1941 2343 πρὸς

364 2361 571 2433 εἴδησιν
596 2363 703 2416 τῶν
735 2360 1080 2434 στρατιωτῶν
1134 2362 1227 2414 καὶ
1258 2361 1366 2414 τῶν
1421 2362 1699 2432 ἀρχόντων
1731 2363 1938 2418 αὐτῶν.

438 2451 528 2524 ιη’.
561 2455 652 2506 Δεῖ
679 2453 737 2506 δὲ
772 2452 1103 2522 συπαγῆναι
1136 2451 1320 2515 αὐτοῖς
1353 2453 1445 2505 καὶ
1483 2453 1550 2507 τὰ
1571 2453 1732 2507 λοιπά
1764 2456 1938 2508 ἐπιτί-

369 2564 491 2618 μια,
529 2547 630 2599 ὅσα
660 2546 780 2599 δέον
813 2546 870 2598 ἐν
897 2543 976 2615 τῷ
1006 2544 1184 2616 καιρῷ
1205 2544 1301 2598 τοῦ
1335 2545 1575 2616 πολέμου
1628 2547 1940 2615 ἀναγκαίως

362 2639 742 2709 φυλάττεσθαι.

428 2730 513 2785 ιϐ’.
548 2731 701 2786 Μετά
726 2729 819 2784 οὖν
857 2730 917 2784 τὸ
949 2731 1182 2803 ταγῆναι
1238 2731 1307 2785 τά
1360 2731 1618 2803 τάγματα
1662 2733 1936 2802 ἀναγινώ-

361 2841 550 2878 σκεται
584 2824 676 2878 καὶ
705 2823 877 2878 ταῦτα
894 2823 1088 2888 οὓτωςο

430 2916 498 2970 κ’.
546 2917 675 2970 Ἐὰν
734 2916 1076 2988 στρατιώτης
1127 2916 1185 2969 ἐν
1226 2915 1404 2987 καιρῷ
1455 2916 1811 2989 παρατάξεως
1841 2919 1936 2973 καὶ

2129 1733 2214 1790 16.
2245 1732 2302 1788 Si
2331 1737 2422 1790 cui
2455 1738 2704 1796 custodia
2740 1741 2996 1808 civitatis,
3029 1753 3124 1800 aut
3151 1747 3360 1803 castelli
3389 1749 3624 1822 alicujus

2053 1826 2348 1882 commissa
2372 1837 2478 1893 est,
2512 1838 2567 1884 et
2599 1845 2719 1885 eam
2756 1833 3075 1903 prodiderit,
3110 1837 3193 1892 vel
3223 1838 3343 1894 sine
3385 1844 3627 1898 necessi-

2056 1925 2164 1972 tate
2197 1917 2377 1988 aliqua
2427 1920 2493 1974 ad
2538 1922 2707 1978 vitam
2757 1925 3064 1993 pertinente
3116 1928 3458 2000 discesserit,
3500 1949 3627 1990 cum

2052 2011 2434 2079 possetllocum
2463 2012 2771 2083 defendere,
2804 2019 2982 2088 capite
3010 2021 3297 2088 plectatur.

2129 2105 2216 2159 l7.
2255 2103 2348 2160 lla:
2377 2109 2720 2178 congregatis
2769 2110 2888 2181 ipso
2919 2116 3349 2175 exercitationis
3386 2129 3627 2192 tempore

2051 2196 2340 2262 militibus,
2399 2208 2454 2254 et
2524 2201 2630 2256 alio
2677 2202 2872 2272 quovis
2926 2204 3124 2262 idoneo
3201 2216 3495 2280 tempore,
3555 2215 3625 2270 ad

2050 2288 2288 2345 militum
2356 2301 2410 2347 et
2477 2291 2857 2362 praefectorum
2928 2299 3218 2356 scientiam
3296 2304 3484 2360 multas
3541 2306 3622 2362 le-

2048 2390 2265 2450 gantur.

2120 2472 2208 2527 l8.
2257 2473 2669 2533 Constituenda:
2717 2489 2978 2547 praeterea
3029 2483 3136 2540 illis
3175 2487 3399 2558 reliqua:
3437 2489 3622 2546 multa;

2046 2575 2210 2629 sunt,
2267 2581 2389 2636 quae
2460 2566 2586 2623 belli
2645 2577 2890 2641 tempore
2957 2577 3272 2633 necessario
3340 2583 3620 2637 servanda:

2044 2664 2197 2710 Slllll.

2117 2742 2206 2798 19.
2235 2741 2366 2799 Post
2396 2744 2694 2804 instructas
2721 2745 2995 2816 cohortes,
3033 2751 3148 2809 haec
3181 2753 3288 2810 illis
3313 2755 3567 2830 legantur
3602 2779 3615 2814 :

2109 2912 2205 2968 20.
2238 2912 2298 2969 Si
2341 2916 2496 2972 miles
2529 2917 2658 2974 belli
2689 2927 2932 2990 tempore
2968 2897 3141 2980 aciem
3199 2941 3356 2984 suam
3398 2939 3492 2985 aut
3519 2945 3616 2986 co-

359 3004 597 3076 πολέμου
624 3005 722 3077 τὴν
774 3006 928 3072 τάξιν
957 3006 991 3076 ἢ
1024 3005 1086 3092 τὸ
1133 3005 1326 3076 βάνδον
1391 3006 1558 3059 αὑτοῦ
1611 3008 1748 3080 ἐάσῃ
1781 3009 1932 3080 καὶῆ

2045 3006 2255 3061 hortem
2299 3009 2598 3078 reliquerit,
2630 3021 2724 3066 aut
2758 3012 3050 3082 aufugerit,
3083 3025 3179 3070 aut
3217 3017 3398 3074 locum
3433 3022 3616 3092 inquo

357 3097 527 3168 φύγῃ,
551 3097 584 3168 ἢ
608 3097 702 3151 τοῦ
731 3098 902 3152 τόπου
932 3099 990 3150 ἐν
1021 3091 1066 3166 ᾧ
1126 3097 1298 3168 ἐτάγη
1332 3096 1680 3169 προπηδήσῃ,
1735 3097 1768 3168 ἦ
1805 3115 1938 3153 σκυ-

355 3187 521 3261 λεύσῃ
553 3193 764 3260 νεκρὶν,
793 3189 929 3260 ἢείς
973 3186 1249 3253 ἐπιδίωξιν
1284 3188 1495 3260 ἐχθρῶν
1517 3189 1864 3264 καταδράμῃ,
1900 3190 1933 3261 ἢ

351 3283 556 3354 τούλδῳ
597 3282 916 3354 ἥφοσσάτῳ
966 3281 1177 3353 ἐχθρῶν
1230 3281 1456 3355 ἐπέλθῃ,
1504 3281 1801 3353 κελεύομεν
1841 3284 1936 3337 καὶ

349 3395 404 3430 τι
411 3376 884 3450 μωρείσθαιαύτὸν
908 3375 1239 3445 κεφαλικῶς,
1256 3374 1349 3428 καὶ
1370 3376 1547 3428 πάντα
1562 3375 1654 3439 τά,
1672 3377 1748 3436 ώς
1763 3376 1932 3444 εἰκὸς,

349 3468 480 3540 παρ’
533 3466 697 3522 αὐτοῦ
739 3467 1108 3538 εὑρισκόμενα
1131 3465 1484 3537 ἀφαιρεῖσθαι
1522 3467 1617 3518 καὶ
1667 3466 1744 3536 τῷ
1770 3466 1933 3537 κοινῷ

346 3560 584 3615 δίδοσθαι
621 3560 714 3614 τού
761 3561 1064 3629 τάγματος,
1097 3558 1173 3622 ὠς
1195 3557 1293 3628 τὴν
1328 3556 1484 3624 τάξιν
1519 3556 1927 3629 παραλύσαντα,

347 3654 575 3717 καὶτοῖς
602 3652 808 3724 ἑτέροις
847 3650 958 3723 (28)
987 3649 1150 3704 αὑτοῦ
1187 3647 1672 3703 ἐπιϐουλεύσαντα.

421 3742 529 3799 κα’.
567 3744 694 3798 Ἐὰν
724 3745 782 3799 ἐν
815 3742 992 3814 καιρῷ
1015 3742 1282 3814 δημοσίας
1315 3740 1680 3813 παρατάξεως
1709 3740 1742 3813 ἢ
1791 3759 1929 3813 συμο

346 3835 509 3906 ϐολῆς
535 3837 733 3906 τροπὴ,
756 3835 894 3905 ὅπερ
918 3833 1105 3904 ἀπείη,
1135 3834 1362 3905 γένηται
1385 3833 1515 3887 ἀνευ
1538 3833 1682 3897 τινὸς
1701 3834 1927 3904 εὐλόγου

343 3927 440 3978 καὶ
469 3928 707 3996 φανερᾶς
741 3925 944 3989 αἰτίας,
990 3925 1284 3996 κελεύομεν
1311 3925 1438 3989 τοὺς
1470 3924 1807 3996 στρατιώτας
1830 3925 1926 3980 τοῦ

347 4017 570 4088 πρώτου
600 4018 899 4087 φεύγοντος
931 4018 1212 4088 τάγματος
1245 4016 1341 4071 καὶ
1389 4015 1798 4088 ἀναχωροῦντος
1829 4018 1928 4089 τῆς

343 4107 723 4177 παρατάξεως,
752 4107 871 4178 ητοι
909 4106 1003 4161 τοῦ
1065 4106 1198 4160 ἰδίου
1261 4107 1484 4178 μέρους,
1533 4106 1662 4170 τοὺς
1710 4107 1790 4169 εἰς
1825 4105 1926 4178 τὴν

344 4200 528 4270 μάχην
549 4198 812 4267 ταγέντας
833 4198 1320 4264 ἀποδεκατοῡσθαι,
1352 4198 1447 4251 καὶ
1467 4198 1572 4251 ὑπὸ
1593 4198 1702 4251 τῶν
1721 4197 1924 4252 λοιπῶν

339 4292 640 4363 ταγμάτων
670 4291 1147 4358 κατατοξεύεσθαι,
1171 4291 1244 4355 ὡς
1265 4292 1362 4363 τὴν
1388 4288 1542 4355 τάξιν
1575 4289 1924 4362 παραλύσαν-

2043 3095 2402 3152 constituitur
2427 3100 2797 3167 anteverterit,
2835 3101 2917 3157 vel
2953 3104 3185 3160 cadaver
3206 3107 3612 3178 despoliaverit,

2042 3189 2125 3243 vel
2156 3189 2223 3244 ad
2264 3190 2631 3260 insequendos
2678 3193 2862 3248 hostes
2910 3198 3240 3264 exc-urrerit,
3292 3203 3374 3254 vel
3405 3202 3472 3256 ad
3505 3203 3613 3256 tul-

2038 3281 2190 3346 dum,
2227 3282 2344 3337 sive
2375 3283 2786 3352 impedimenta,
2829 3285 2912 3340 vel
2938 3285 3228 3355 fossatum,
3289 3291 3343 3346 id
3375 3301 3482 3358 est,
3516 3309 3608 3349 ca-

2037 3383 2154 3430 stra
2183 3374 2423 3430 hostium
2459 3374 2770 3440 accesserit,
2806 3376 2985 3446 capite
3017 3379 3299 3447 multetur.
3339 3392 3394 3439 et
3425 3387 3608 3442 omnia

2035 3466 2178 3521 bona
2207 3467 2590 3531 detrahantur,
2620 3475 2677 3522 et
2717 3467 2926 3524 cohorti
2960 3472 3251 3541 universae,
3281 3476 3409 3548 quia
3435 3479 3606 3534 aciem

2033 3555 2338 3612 dissolvere
2375 3558 2673 3628 cogitabat,
2703 3569 2757 3617 et
2785 3562 2910 3618 aliis
2953 3563 3181 3623 insidias
3213 3571 3478 3636 struebat,
3499 3571 3610 3629 dis-

2034 3642 2368 3701 tribuantur.

2094 3739 2187 3794 21.
2237 3738 2293 3794 Si
2323 3739 2593 3796 universa:
2627 3740 2763 3797 aciei
2797 3743 3098 3811 instructae,
3130 3753 3226 3800 aut
3259 3747 3432 3818 ipsius
3472 3764 3607 3805 con-

2031 3829 2350 3887 flictationis
2392 3841 2659 3902 tempore,
2693 3832 2818 3904 fuga
2861 3835 3030 3905 (quod
3081 3835 3287 3909 absit!)
3340 3840 3484 3895 nulla
3516 3857 3609 3897 ra-

2033 3922 2284 3978 tionabili
2329 3923 2396 3979 de
2441 3938 2608 3979 causa
2651 3936 2911 3995 certaque
2954 3926 3068 3992 fiat,
3102 3930 3608 4000 przecipimus,mi-

2029 4014 2153 4070 lites
2201 4015 2450 4072 cohortis
2502 4016 2640 4086 ejus,
2696 4033 2818 4087 qua:
2867 4019 3044 4089 primo
3095 4001 3245 4092 ιδεμ
3306 4023 3490 4092 dabat,
3552 4035 3606 4082 ct

2026 4105 2264 4176 primum
2331 4121 2397 4161 ex
2459 4106 2576 4161 acie
2627 4106 2921 4173 discessit,
2985 4110 3266 4179 decimari,
3314 4123 3368 4170 et
3431 4131 3462 4170 a
3521 4132 3606 4170 re-

2027 4197 2192 4268 liquis
2221 4197 2544 4254 cohortibus
2588 4199 2805 4270 sagittis
2863 4202 3084 4272 conligi,
3116 4205 3245 4273 quia
3276 4193 3450 4259 aciem
3485 4205 3600 4259 dis-

2028 4285 2344 4351 solverant,
2384 4295 2438 4341 et
2484 4297 2735 4342 auctores
2775 4289 2926 4342 omni
2953 4305 3018 4344 ex
3061 4302 3214 4360 parte
3265 4292 3429 4361 hujus
3459 4293 3601 4367 fuga:

338 4402 460 4452 τας,
491 4384 588 4438 καὶ
603 4381 809 4448 αἰτίους
841 4388 938 4458 τῆς
953 4384 1046 4438 τοῦ
1069 4384 1273 4449 παντὸς
1307 4383 1507 4457 μέρους
1537 4383 1743 4455 τροπῆς
1764 4399 1916 4451 γενο-
1949 4367 1994 4424 Ῑ)
2022 4376 2266 4433 fuerunt.

385 4480 561 4542 ἐνους.

339 4498 611 4642 μυέἓῗςίῑί
637 4571 693 4625 δέ
720 4571 902 4644 συμϐῇ
953 4588 1107 4636 τινας
1139 4571 1195 4624 ἐν
1221 4570 1427 4635 αὐτοῖς,
1477 4569 1552 4634 ὡς
1581 4568 1745 4635 εἰκὸς,
1777 4567 1914 4641 πλη-

329 4666 534 4736 γάτους
568 4666 625 4719 ἐν
655 4664 792 4735 αὐτῇ
827 4667 894 4735 τῇ
929 4663 1172 4734 συμϐολῇ
1194 4661 1470 4732 γενέσθαι,
1503 4661 1744 4726 ἐκείνους
1773 4660 1916 4714 ἐλευὲ

330 4755 525 4826 θέρους
550 4755 643 4810 τοῦ
677 4756 923 4808 τοιούτου
953 4755 1300 4827 ἐγκλήματος
1325 4749 1486 4809 εἶναι.

403 4846 508 4916 κγ’.
551 4847 676 4900 Ἐἀν
699 4846 892 4917 βάνδου
941 4846 1228 4916 ἀφαίρεσις
1259 4845 1364 4899 ὑπὸ
1401 4844 1612 4916 ἐχθρῶν
1661 4843 1908 4916 γένηται,

325 4937 464 5008 ὅπερ
493 4937 683 5009 ἀπείη,
705 4936 834 4990 ἀνευ
879 4936 1024 5000 τινος
1062 4935 1285 5004 εὐλόγου
1323 4934 1418 4988 καὶ
1479 4935 1720 5004 φανερᾶς
1770 4949 1906 5002 προ-

328 5027 566 5096 φάσεως,
606 5024 900 5095 κελεύομεν
948 5024 1074 5088 τοὺς
1126 5023 1222 5093 τὴν
1281 5020 1530 5092 φυλακὴν
1561 5019 1657 5073 τοῦ
1717 5019 1906 5089 βάνδου

325 5118 721 5184 πιστευθέντας
738 5117 1194 5189 σωφρονίζεσθαι,
1220 5115 1313 5168 καὶ
1335 5113 1614 5176 παντελῶς
1643 5112 1907 5182 ἐσχάτους

321 5209 569 5278 γίνεσθαι
597 5209 707 5262 τῶν
736 5208 1058 5280 ἀρχομένων
1088 5207 1179 5259 ὑπ’
1203 5203 1404 5268 αὐτῶν,
1437 5204 1532 5256 καὶ
1556 5203 1806 5272 ἀτίμους.
1841 5203 1906 5255 Ei

319 5301 378 5356 δέ
412 5302 594 5375 συμϐῇ
631 5317 786 5365 τινας
814 5300 994 5355 αὐτῶν
1021 5298 1364 5370 μαχομένους
1410 5294 1657 5364 γίνεσθαι
1692 5294 1907 5364 πληγάο

320 5409 468 5459 τους,
490 5395 618 5457 τοὺς
646 5391 926 5454 τοιούτους
957 5389 1281 5459 ἐλευθέρους
1317 5385 1411 5440 τοῦ
1450 5383 1774 5460 [ἐπι]τιμίου
1797 5401 1908 5438 τοι-

320 5485 479 5540 ούτου
513 5481 1011 5555 ἐπιφυλάττεσθαι.

2094 4559 2185 4614 22.
2224 4555 2321 4614 Sin
2356 4557 2623 4629 quosdam
2659 4572 2725 4616 ex
2771 4559 2880 4617 illis
2913 4562 3190 4620 sauciatos
3219 4579 3342 4622 esse
3378 4567 3596 4624 contin-

2022 4659 2133 4720 gat,
2165 4665 2263 4708 eos
2306 4651 2454 4706 omni
2483 4651 2585 4706 hoc
2615 4650 2848 4708 crimine
2889 4653 3189 4714 liberamus
3230 4667 3395 4730 atque
3422 4664 3596 4718 exsol-

2021 4745 2222 4800 vimus.

2088 4835 2181 4891 23.
2225 4834 2280 4891 Si
2317 4835 2502 4901 bandi,
2534 4835 2587 4892 id
2625 4848 2727 4905 est,
2771 4840 3016 4897 cohortis
3047 4841 3284 4912 alicnjus
3317 4842 3386 4899 ab
3424 4845 3598 4902 hosti-

2017 4926 2121 4984 bus
2151 4928 2362 4998 ereplio
2391 4929 2504 4996 flat,
2532 4945 2655 5000 quas
2680 4932 2798 4988 sine
2829 4933 2938 4987 ulla
2976 4942 3122 4987 certa
3161 4943 3256 4988 aut
3302 4935 3592 4992 manifesta

2015 5034 2182 5074 causa
2217 5019 2470 5085 discedit,
2509 5020 2565 5074 hi
2608 5022 2809 5090 quibus
2857 5022 3104 5077 custodia
3147 5023 3312 5095 hujus
3345 5026 3591 5083 cohortis

2016 5111 2314 5165 commissa
2343 5120 2427 5166 est
2466 5113 2826 5182 castigentur,
2855 5120 2912 5167 et
2947 5113 3189 5169 omnium
3221 5116 3590 5187 subjectorum

2015 5202 2374 5272 abjectissimi
2410 5202 2982 5275 contemptissimique
3013 5205 3141 5262 sint.
3187 5205 3284 5263 Sin
3320 5211 3585 5280 quosdam

2014 5307 2079 5346 ex
2136 5291 2244 5346 illis
2288 5292 2584 5364 pugnando
2629 5292 2904 5349 sauciatos
2962 5310 3083 5354 esse
3128 5299 3427 5373 contingat,
3454 5301 3589 5359 istos

2014 5381 2118 5437 hac
2155 5381 2325 5436 multa
2354 5381 2557 5438 liberos
2586 5395 2708 5439 esse
2738 5381 3012 5440 volumus.

1830 5569 2064 5628 NOTAE.

391 5679 502 5754 (2'1)
520 5681 666 5749 Λίχα
684 5677 997 5750 κομεάτου.
1016 5672 1392 5738 Scribehatur,
1417 5667 1540 5740 δίχα
1569 5666 1901 5738 κομητάτου.

2083 5667 2196 5740 (‘28)
2235 5667 2341 5722 Kal
2374 5666 2494 5753 τοῖς
2528 5667 2769 5739 ἑτέροις.
2805 5666 3019 5736 Scribe,
3048 5669 3143 5726 καὶ
3178 5671 3290 5734 τοῖς
3326 5670 3577 5742 ἑταίροις,
