4100 6226
571 276 681 342 767

1802 274 2079 335 LEONIS
2108 274 2574 337 PIIILOSOPHI

3739 285 3865 352 768

646 388 739 441 24.
767 384 827 442 Si
849 384 962 456 jam
996 385 1226 449 fossato,
1273 385 1323 438 id
1366 395 1472 449 est,
1508 384 1708 441 castris
1738 387 1935 456 positis
1958 386 2149 440 contin

2353 389 2451 442 κδ’.
2497 386 2624 441 Ἐὰν
2651 388 2924 456 φοσσάτου
2947 385 3103 450 ὄντος
3132 386 3500 460 τροπὴ,’ὂπερ
3533 387 3720 458 ἀπείη,
3766 391 3875 461 μέ-

572 474 667 551 gat
708 478 876 549 (quod
918 477 1119 545 absit!)
1145 476 1381 546 alicujus
1422 485 1619 557 turmae
1661 478 1777 533 sive
1813 478 1948 532 aciei
1981 477 2164 549 fugam

579 572 717 638 ﬁeri,
749 585 926 643 neque
984 569 1051 624 ad
1108 568 1429 625 defensores
1462 578 1784 635 accurrunt,
1832 585 2011 639 neque
2057 570 2166 625 fusi

575 674 623 719 et
647 661 811 731 fugati
843 661 909 717 ad
932 671 1110 716 castra
1139 660 1499 727 contendunt,
1528 661 1623 716 sed
1640 668 1955 730 contemptu
1980 660 2166 731 aliquo

575 756 640 810 ad
673 755 776 808 alia
803 754 921 808 loca
957 752 1314 816 transvolant,
1349 753 1402 806 hi
1435 753 1529 823 qui
1564 752 1679 808 haec
1701 752 1908 807 faciunt
1934 752 2013 807 sic
2066 766 2167 822 pu-

573 848 795 901 niantur
809 844 1304 914 quasicaeterorum
1325 843 1633 914 proditores
1666 853 1721 899 et
1742 853 2160 914 contemptores.

634 1029 724 1085 25.
758 1028 815 1083 Si
845 1028 1003 1084 miles
1033 1043 1084 1082 ιιι
1108 1026 1301 1098 proelio
1335 1041 1488 1083 arma
1514 1026 1762 1098 abjiciat,
1807 1027 2067 1097 puniatur
2092 1026 2159 1094 is,

569 1122 729 1193 quasi
763 1121 857 1192 qui
888 1122 1007 1192 ipse
1039 1137 1097 1177 se
1121 1122 1315 1189 nudat,
1347 1130 1402 1175 et
1436 1119 1625 1176 hostes
1650 1128 1849 1176 armat.

645 1302 739 1356 26.
772 1301 827 1356 Si
857 1300 983 1370 quis
1015 1298 1308 1370 praefectus
1348 1312 1501 1353 arma
1533 1298 1695 1353 militi
1718 1298 2041 1366 detraxerit,
2076 1298 2162 1353 vel

570 1394 983 1449 excusationem
1034 1405 1131 1459 pro
1169 1405 1235 1444 eo
1278 1390 1520 1445 attulerit
1559 1405 1661 1446 cur
1703 1390 1771 1445 ad
1821 1392 1965 1448 diem
2002 1408 2159 1449 com-

576 1497 789 1543 meatus
817 1500 927 1540 non
960 1486 1129 1547 venit,
1161 1493 1256 1537 aut
1284 1483 1377 1537 ubi
1402 1484 1627 1538 domum
1663 1495 1909 1551 venerat,
1940 1486 2012 1540 ita
2042 1502 2160 1541 ser-

576 1581 708 1634 vitio
745 1580 901 1633 illum
930 1585 1263 1646 occupatum
1291 1576 1547 1640 detinuit,
1582 1587 1641 1632 ut
1675 1578 1969 1634 stationem
2002 1595 2157 1635 suam

572 1670 895 1742 neglexerit,
937 1678 991 1724 et
1017 1684 1169 1723 arma
1199 1670 1618 1739 contempserit,
1659 1678 1861 1740 praeter
1900 1686 1985 1737 ea,
2036 1688 2162 1743 qum

2279 500 2405 552 ρους
2432 483 2465 553 ἢ
2504 480 2862 553 παρατάξεως
2890 480 3139 551 γένηται,
3159 479 3255 533 καλ⁸
3284 480 3418 550 μηδὲ
3448 480 3587 551 πρὸς
3616 480 3874 549 διφένσοο

2276 594 2375 646 ρας
2392 575 2807 647 προσδράμωσι,
2831 573 2955 643 μηδ’
2970 575 3029 627 ὲν
3052 571 3202 642 αὐτῷ
3219 571 3295 641 τῷ
3309 572 3564 642 φοσσάτῳ
3580 570 3871 641 καταφεύ-

2272 680 2410 733 γωσι
2428 665 2778 735 τρεπόμενοι,
2801 662 2939 716 ἀλλὰ
2963 660 3421 732 περιφρονοῦντες
3448 663 3504 714 ὲν
3523 660 3697 732 ἑτέρῳ
3714 662 3873 730 τόπῳ

2273 755 2695 826 προσδράμωσι,
2755 750 3051 821 κελεύομεν
3079 752 3205 814 τοὺς
3247 750 3407 804 τοῦτο
3458 752 3721 821 πράττειν
3742 750 3872 804 τολ-

2274 846 2493 917 μῶντας
2528 844 2893 916 τιμωρεῖσθαι
2938 843 3016 907 ὡς
3055 842 3167 897 τῶν
3209 844 3413 914 ἑτέρων
3449 840 3561 915 (29)
3595 859 3869 913 περιφροο

2272 937 2335 1008 νή
2344 953 2568 998 σαντας.

2340 1034 2441 1081 κε’.
2486 1026 2612 1080 Ἐὰν
2640 1024 2981 1097 στρατιώτης
3027 1026 3099 1081 τὰ
3127 1026 3267 1080 ὅπλα
3296 1024 3462 1081 αὑτοῦ
3506 1023 3640 1095 ῥίψῃ
3671 1024 3730 1076 ὲν
3761 1039 3865 1076 τιο-

2269 1119 2443 1191 λέμῳ,
2472 1118 2770 1189 κελεύομεν
2800 1118 2961 1173 αὐτὸν
2986 1119 3368 1191 τιμωρεῖσθαι,
3399 1118 3476 1182 ὡς
3499 1114 3864 1188 γυμνώσαντα

2270 1210 2483 1274 ἑαυτὸν,
2525 1208 2619 1262 καὶ
2648 1210 2774 1273 τοὺς
2798 1209 3027 1283 ἐχθροὺς
3053 1211 3371 1265 ὁπλίσαντα.

2340 1308 2455 1366 κς’.
2502 1301 2627 1356 Ἐάν
2649 1318 2735 1365 τις
2758 1302 2869 1355 τῶν
2919 1304 3197 1374 ἀρχόντων
3228 1304 3538 1376 παροπλίσῃ
3594 1312 3852 1377 στρατιῶ-

2266 1391 2444 1462 την,ἢ
2482 1391 2777 1463 έξκουτεύῃ
2804 1392 2968 1462 (50)ἦ
3003 1392 3077 1463 μὴ
3111 1388 3472 1447 συνεισελθεῖν
3493 1396 3551 1448 έν
3577 1395 3652 1465 τῷ
3681 1398 3859 1469 καιρῷ

2267 1483 2361 1536 τοῦ
2395 1484 2745 1555 φοσσάτου,ἢ
2784 1484 3107 1538 συνελθόντα
3129 1487 3208 1547 είς
3234 1486 3442 1540 οἰκείαν
3471 1489 3722 1560 κατάσχῃ
3740 1490 3860 1543 δου-

2266 1575 2443 1639 λείαν,
2480 1576 2622 1629 ὦστε
2677 1576 2779 1645 τὴν
2833 1576 2987 1641 τάξιν
3048 1577 3215 1631 αὐτοῦ
3275 1581 3713 1651 καταφρονῆσαι,
3769 1581 3859 1634 καί

2267 1667 2536 1738 ἀμελῆσαι
2560 1668 2669 1722 τῶν
2694 1667 2876 1721 ὃπλων
2900 1709 2914 1735 ,
2945 1667 3218 1739 παρεκτὸς
3241 1669 3351 1723 τῶν
3380 1672 3735 1740 τεταγμένων
3755 1672 3861 1726 άπὸ

576 1784 604 1818 a
630 1771 821 1818 nostro
843 1762 1047 1818 scrinio
1070 1762 1371 1818 constituta
1407 1773 1556 1828 sunt,
1588 1764 1910 1836 castigetur,
1938 1776 1991 1821 et
2024 1768 2157 1821 mul-

2267 1761 2359 1815 τοῦ
2407 1762 2681 1833 ἡμετέρου
2718 1761 2906 1833 κρίνου
2961 1762 3099 1833 (3i),
3133 1763 3574 1833 σωφρονιζέσθω.
3618 1765 3737 1819 Καὶ
3764 1764 3860 1835 ζη-

579 1865 724 1910 tetur
761 1872 777 1910 :
812 1856 1109 1925 imperator
1156 1858 1277 1910 auri
1329 1856 1470 1910 libra
1520 1875 1533 1912 :
1580 1858 1893 1912 turrnarcha
1926 1859 2157 1915 nummis

2274 1854 2535 1925 μιούσθω,
2574 1854 2878 1926 στρατηγὸς
2915 1854 3017 1926 μὲν
3038 1854 3265 1926 χρυσίου
3282 1854 3471 1927 λίτραν
3500 1856 3632 1926 μίαν
3654 1896 3674 1924 ,
3702 1873 3862 1926 τουρο

578 1950 799 2019 triginta
828 1964 922 2003 sex
948 1966 962 2003 :
998 1948 1349 2020 drungarius,
1383 1948 1438 2003 id
1466 1957 1570 2011 est,
1603 1948 1895 2019 praefectus
1923 1950 2157 2010 cohortis

2272 1946 2487 2018 μάρχης
2515 1946 2595 2016 ίδὲ
2652 1946 2968 2017 νομίσματα
3028 1945 3140 2013 λς’,
3184 1947 3541 2019 δρουγγάριος
3592 1950 3650 2001 δὲ
3708 1949 3859 2017 νομί-

578 2046 846 2100 ιιιὶἰιὶιιιὶτιι
892 2046 1137 2101 nummis
1177 2046 1369 2115 viginti
1407 2054 1683 2116 quatuor:
1723 2061 1930 2114 comes,
1974 2047 2030 2102 id
2061 2056 2157 2115 est,

2269 2057 2452 2109 σματα
2476 2038 2777 2111 κδ’,ξκόμης
2795 2034 2872 2106 δὲ,
2895 2039 2989 2094 καὶ
3011 2040 3065 2094 εί
3082 2057 3167 2104 τις
3195 2040 3282 2094 ἒτε
3292 2056 3409 2112 ρος,
3433 2039 3753 2111 νομίσματα
3772 2039 3857 2112 ιβ’.

576 2140 867 2212 praefectus
894 2141 1159 2207 cohortis,
1194 2140 1439 2197 nummis
1478 2141 1792 2198 duodecim.

640 2234 731 2287 27.
760 2234 833 2288 lis
858 2230 1027 2302 igitur
1066 2234 1256 2289 multis
1286 2234 1621 2291 militaribus
1654 2234 1950 2306 descriptis
1970 2273 1984 2299 ,
2013 2236 2157 2292 dein-

2336 2223 2440 2289 κζ’.
2503 2224 2757 2280 Τοσαῦτα
2794 2224 2892 2280 καὶ
2922 2226 3051 2297 περί¹
3095 2226 3207 2281 τῶν
3240 2228 3652 2299 στρατιωτικῶν
3676 2230 3856 2282 ἐπιτι-

570 2338 700 2394 ceps
726 2324 821 2378 tibi
838 2325 1307 2395 quemadmodum
1332 2326 1623 2382 ducendus
1650 2327 1928 2383 exercitus
1950 2328 2021 2383 sit
2049 2339 2157 2383 tum

2269 2317 2407 2387 μίων
2455 2317 2851 2389 διορισάμενοι,
2914 2315 3043 2384 ἑξῆς
3084 2336 3167 2371 σοι
3208 2319 3358 2382 ὃπως
3407 2319 3501 2372 καὶ
3556 2319 3857 2391 ὁδοιπορεῖν

570 2416 740 2481 domi,
772 2427 885 2472 tum
926 2416 1084 2483 foris,
1118 2418 1235 2474 sive
1268 2418 1563 2474 universus
1600 2417 1699 2473 tibi
1736 2418 2032 2473 ducendus
2068 2419 2159 2484 sit,

572 2509 687 2564 sive
717 2510 977 2565 cohortes
1012 2518 1277 2580 separatae
1315 2511 1536 2581 aliqum.
1570 2510 1833 2582 qualique
1862 2526 1988 2567 cum
2025 2526 2162 2567 con-

568 2603 862 2658 stitutione
888 2601 1202 2657 faciendum
1240 2602 1334 2668 sit,
1374 2618 1673 2672 exponam.

1075 2711 1545 2769 CONSTITUTIO
1574 2714 1665 2770 IX.

1036 2803 1114 2858 De
1172 2807 1435 2860 exercitus
1487 2806 1697 2861 itinere.

643 2896 696 2953 1.
738 2895 840 2952 Ubi
872 2896 927 2950 in
972 2907 1152 2952 vestra
1181 2897 1424 2966 ipsorum
1470 2897 1680 2952 ditione
1730 2912 1854 2952 eum
1912 2898 2158 2955 exercitu

574 2989 676 3043 iter
696 2989 778 3052 fit,
813 2987 1082 3043 militibus
1113 2988 1548 3058 praecipiendum
1583 2998 1686 3054 est,
1717 2998 1775 3043 ut
1810 3004 1988 3059 neque
2020 3006 2161 3060 prm-

570 3081 792 3144 dentur,
838 3093 1017 3149 neque
1049 3078 1382 3149 populentur
1410 3089 1637 3134 terram.
1681 3079 1975 3135 Multitudo
2012 3082 2156 3135 enim
2188 3108 2229 3164 ο

571 3174 831 3236 militum,
891 3173 936 3228 si
983 3172 1206 3242 quando
1255 3172 1533 3227 licentiam
1601 3173 1820 3237 habeat,
1866 3174 2044 3229 solute
2100 3174 2152 3227 in

569 3266 758 3322 omnia
793 3266 983 3321 irruit:
1014 3264 1225 3335 objecta
1260 3264 1406 3319 enim
1440 3275 1567 3320 ante
1610 3265 1800 3320 oculos
1831 3264 2015 3335 prteda
2038 3307 2053 3333 ,
2085 3264 2154 3319 ad

569 3359 923 3429 cupiditatem
970 3358 1272 3414 inescatur.
1311 3355 1386 3411 Ex
1420 3372 1529 3428 quo
1573 3356 1652 3422 lit,
1707 3366 1766 3412 ut
1815 3358 1979 3413 vestri
2010 3372 2154 3427 saepe

569 3450 723 3505 vobis
754 3449 960 3504 inimici
985 3458 1148 3519 atque
1175 3448 1472 3505 adversarii
1501 3448 1629 3503 sint.

2263 2407 2380 2459 δέον
2417 2405 2509 2459 τόν
2555 2424 2613 2459 τε
2660 2407 2899 2461 καθόλου
2955 2409 3210 2480 στρατὸν,
3252 2412 3347 2464 καὶ
3399 2408 3541 2464 κατὰ
3576 2410 3767 2481 μέρος,
3798 2411 3857 2464 ἔν

2262 2515 2321 2551 τε
2339 2501 2406 2571 τῇ
2439 2499 2688 2571 ἡμετέρᾳ
2729 2499 2906 2573 χώρᾳ,
2967 2502 3062 2555 καὶ
3104 2503 3163 2556 έν
3194 2505 3261 2573 τῇ
3291 2502 3401 2555 τῶν
3436 2503 3731 2573 πολεμίων,
3761 2503 3855 2557 καὶ

2267 2592 2406 2661 μετὰ
2437 2590 2601 2655 ποίας
2633 2594 3046 2660 καταστάσεως,
3072 2594 3175 2665 ἤδη
3195 2593 3605 2660 διαταξώαεθα.

2854 2707 2916 2760 ΔΙ
2925 2706 3169 2760 ΔΤΔΞΙΣ
3190 2707 3270 2763 Θθ.

2792 2796 2932 2865 Περὶ
2956 2796 3326 2865 ὁδοιπορίας.

2332 2896 2403 2942 α’.
2456 2888 2589 2943 Δέον
2652 2906 2711 2941 σε
2741 2888 2944 2955 τοίνυν,
2983 2883 3029 2943 ὦ
3078 2889 3376 2961 στρατηγέ,
3409 2891 3540 2945 ὅταν
3569 2891 3853 2964 ὀδοιπορῇς

2266 2980 2404 3051 μετὰ
2447 2979 2541 3034 τοῦ
2576 2980 2833 3051 στρατοῦ,
2867 2982 2915 3035 εἰ
2977 2981 3076 3052 μὲν
3104 2983 3163 3035 ὲν
3216 2986 3282 3053 τῇ
3332 2982 3439 3054 ἰδία
3470 2983 3625 3053 ὑμῶν
3659 2988 3728 3055 γῇ
3756 2985 3852 3055 τὴν

2277 3072 2504 3145 πορείαν
2551 3077 2747 3136 ποιεῖς,
2780 3074 2868 3127 ἴνα
2928 3073 3319 3145 παραγγέλλῃς
3350 3078 3463 3137 τοῖς
3494 3076 3851 3145 στρατιώταις

2262 3164 2562 3235 ἀπέχεσθαι
2603 3166 2701 3236 τῆς
2731 3165 2956 3236 χώρας,
3011 3168 3107 3219 καὶ
3144 3168 3283 3237 μήτε
3328 3166 3663 3237 πραιδεύειν,
3715 3168 3851 3238 μήτε

2263 3259 2508 3328 φθείρειν
2536 3275 2550 3288 ο
2590 3257 2796 3327 πλῆθος
2821 3257 2933 3328 γάρ
2965 3257 3397 3330 στρατεύματος,
3427 3259 3554 3313 ὅταν
3596 3258 3732 3331 λάϐῃ
3758 3258 3851 3311 τοῦ

2262 3349 2524 3404 δύνασθαι
2586 3348 2685 3418 τὴν
2735 3349 3020 3416 ἐξουσίαν,
3078 3349 3315 3419 ἀφειδῶς
3363 3349 3648 3403 ἐπιπίπτει
3713 3348 3849 3419 πρὸς

2262 3443 2506 3498 ἆπαντα’
2565 3440 2873 3504 δελεάζεται
2906 3440 3013 3513 γὰρ
3062 3443 3142 3504 εἰς
3197 3440 3529 3506 πλεονεξίαν,
3585 3442 3710 3494 ὅταν
3749 3440 3849 3511 ὁρᾷ

567 3542 709 3597 κατᾶ
732 3542 855 3612 ὄψιν
904 3542 1274 3613 προκειμένην
1311 3541 1409 3613 τὴν
1464 3541 1676 3613 χρείαν,
1728 3539 1823 3607 καὶ
1874 3539 2135 3603 πολλάκις
2165 3536 2291 3600 τοὺς
2362 3534 2526 3598 ἰδίους
2549 3533 2638 3589 διὰ
2667 3533 2765 3604 τὴν
2805 3534 3065 3605 τοιαύτην
3094 3533 3275 3586 αἰτίαν
3340 3532 3636 3604 πολεμίους
3668 3534 3830 3587 ποιεῖ.

634 3655 686 3708 2.
718 3651 797 3709 Ne
822 3653 1007 3708 tardes
1036 3654 1091 3707 in
1124 3662 1304 3709 vestra
1339 3668 1464 3709 cum
1491 3654 1736 3707 exercitu
1769 3653 1981 3709 ditione
2008 3668 2152 3707 com-

566 3742 860 3809 morando,
905 3757 1031 3795 cum
1068 3741 1181 3810 jam
1219 3742 1271 3795 in
1300 3741 1551 3795 hostilem
1587 3749 1790 3796 terram
1824 3742 2033 3796 irruere
2062 3743 2151 3795 de-

564 3836 844 3899 creveris;
906 3848 1033 3886 nam
1081 3842 1135 3886 et
1189 3831 1440 3901 proprias
1511 3829 1699 3901 fruges
1759 3831 2037 3896 absumes,
2095 3838 2150 3885 et

565 3925 775 3979 amicos
820 3923 994 3993 magis
1040 3937 1204 3990 quam
1250 3922 1505 3977 inimicos
1531 3922 1716 3977 laedes.
1751 3921 2017 3977 Celeriter
2042 3920 2144 3989 igi-

566 4026 655 4068 tur
692 4013 879 4083 copias
911 4010 1203 4076 traducite,
1236 4010 1401 4080 idque
1441 4010 1814 4079 potissimum,
1850 4011 1895 4065 si
1934 4010 1986 4063 in
2031 4009 2145 4063 fru-

564 4102 795 4172 giferam
837 4111 892 4157 et
939 4100 1279 4156 fructuosam
1350 4101 1589 4155 hostium
1672 4100 1946 4169 regionem
2017 4100 2163 4155 irru-

565 4205 758 4266 pturus
786 4209 863 4250 es.

636 4288 690 4342 3.
716 4286 1083 4358 Frequentem
1109 4287 1433 4349 exercitum,
1464 4284 1565 4339 nisi
1600 4284 1786 4340 hostes
1812 4283 2155 4350 immineant,

566 4380 618 4434 in
656 4394 825 4433 unum
868 4378 1049 4433 locum
1095 4393 1162 4433 ne
1202 4393 1404 4448 cogas;
1457 4375 1618 4431 otiosi
1658 4376 1804 4430 enim
1848 4375 2046 4429 milites
2089 4374 2157 4429 ad

2332 3648 2396 3718 β’.
2423 3648 2576 3718 Μηδὲ
2602 3647 2815 3718 χρόνιζε
2836 3646 3205 3718 καθεζόμενος
3230 3647 3373 3720 μετὰ
3390 3648 3483 3702 τοῦ
3511 3649 3846 3720 στρατεύμαο

2259 3757 2348 3803 τος
2364 3741 2422 3792 ἐν
2438 3743 2502 3810 τῇ
2528 3739 2635 3811 ἰδίᾳ
2649 3738 2825 3810 χώρᾳ,
2843 3739 2971 3793 ὅταν
2995 3740 3096 3811 ἤδη
3112 3741 3301 3810 ὁρίσῃς
3327 3740 3635 3794 εἰσϐάλλειν
3656 3744 3719 3812 τῇ
3740 3741 3844 3811 χὼ-

2260 3847 2329 3902 ρᾳ
2345 3830 2453 3883 τῶν
2479 3829 2780 3901 πολεμίων.
2816 3831 2926 3883 Καὶ
2949 3833 3056 3902 γὰρ
3085 3832 3180 3884 καὶ
3203 3832 3327 3895 τοὺς
3357 3830 3519 3896 ἰδίους
3550 3832 3842 3892 ἀναλώσεις

2255 3923 2525 3993 καρποὺς,
2588 3923 2685 3977 καὶ
2717 3922 3015 3994 ζημιώσεις
3047 3923 3247 3993 μᾶλλον
3278 3925 3403 3988 τοὺς
3438 3923 3625 3994 φίλους
3658 3926 3689 3997 ἦ
3722 3924 3844 3986 τοὺς

2263 4014 2579 4085 πολεμίους.
2609 4013 2835 4084 Ταχέως
2861 4015 2918 4066 δὲ
2971 4016 3243 4085 μετάφερε
3299 4016 3398 4079 τὰς
3436 4016 3714 4087 δυνάμεις,
3747 4014 3847 4085 μά-

2262 4105 2417 4157 λιστα
2452 4106 2643 4169 ἐὰνείς
2674 4105 2910 4175 λιπαρὰν
2935 4107 3029 4159 διοιί⁸
3060 4107 3394 4179 πολύτροφον
3432 4107 3541 4161 τῶν
3572 4107 3845 4178 πολεμίων

2262 4195 2367 4264 γῆν
2394 4194 2607 4264 μέλλεις
2632 4194 2960 4249 εἰσϐάλλειν.

2335 4293 2406 4355 γ’.
2432 4288 2525 4351 Εἰς
2552 4288 2649 4341 ἕνα
2679 4288 2735 4340 δὲ
2762 4288 2926 4341 τόπον
2954 4290 3185 4361 στρατὸν
3211 4291 3378 4348 πολὺν
3400 4290 3477 4362 μὴ
3498 4292 3718 4361 σύναγε,
3748 4308 3845 4343 πο-

2261 4377 2464 4449 λεμίων
2497 4379 2573 4448 μὴ
2626 4377 3026 4449 ἐνοχλούντων,
3082 4382 3168 4435 ἵνα
3222 4382 3299 4452 μὴ
3361 4381 3740 4454 εύκαιροῦντες
3793 4383 3843 4434 οἰ

565 4469 861 4523 seditiones
926 4476 981 4522 et
1055 4482 1345 4536 perversas
1402 4467 1765 4537 cogitationes
1842 4481 1902 4521 se
1960 4465 2155 4534 adjun-

2264 4469 2595 4539 στρατιῶται
2641 4469 2721 4533 εἰς
2752 4470 2972 4535 στάσεις
3019 4474 3113 4526 καὶ
3149 4473 3409 4543 ἀκαίρους
3434 4472 3641 4536 ἐννοίας
3676 4475 3844 4545 άσχο-

603 4571 723 4616 unt.

603 4578 723 4616 unt.

566 4578 597 4631 Β
634 4656 691 4709 4.
714 4652 812 4709 Sin
845 4668 978 4710 usus
996 4644 1205 4723 aliquis
1268 4652 1371 4708 hoc
1417 4652 1706 4723 requirat,
1737 4652 1822 4706 vel
1865 4649 2104 4705 adnomii
2131 4689 2147 4715 ,

2250 4560 2491 4616 λοῦνται.

2322 4652 2383 4707 δ’.
2418 4654 2480 4706 Εἰ
2506 4653 2563 4709 δέ
2594 4672 2722 4708 ποτε
2760 4654 2917 4727 χρεία
2939 4655 3158 4709 καλέσει
3192 4656 3349 4710 τοῦτο
3382 4656 3628 4726 γίνεσθαι
3681 4658 3847 4729 χάριν

570 4744 620 4799 id
642 4756 745 4813 est,
771 4744 1057 4800 nominum
1086 4745 1574 4799 describendorum
1602 4759 1791 4809 causa,
1810 4742 1893 4798 vel
1922 4742 2151 4813 alicujus

2264 4744 2572 4816 ὶδνουμίου,
2599 4747 2631 4818 ἢ
2661 4747 2829 4819 ἄλλης
2866 4749 3169 4817 ἀναγκαίας
3217 4750 3416 4813 αἰτίας,
3449 4750 3481 4821 ἥ
3522 4749 3728 4820 ταχέως
3756 4753 3849 4803 τὸν

572 4835 802 4891 alterius
853 4835 933 4890 rei
966 4834 1168 4905 gratia,
1214 4843 1271 4889 ut
1304 4845 1572 4904 cogantur
1618 4835 1671 4887 in
1718 4848 1889 4887 unum
1928 4834 2151 4901 milites,

565 4938 773 5000 quanta
810 4927 1046 4981 maxima
1077 4926 1357 4981 celeritate
1398 4935 1570 4995 potes,
1603 4924 1789 4994 copias
1825 4925 1910 4979 vel
1940 4924 2144 4992 divide,

565 5021 650 5076 vel
696 5035 911 5084 exerce,
948 5031 1002 5074 et
1043 5018 1099 5073 in
1161 5018 1325 5073 rebus
1376 5016 1588 5073 bellicis
1646 5026 1943 5085 occupatos
2000 5025 2144 5081 tene,

567 5111 1023 5183 quemadmodum
1060 5112 1114 5165 in
1166 5110 1342 5181 capite
1398 5108 1475 5163 De
1524 5108 1826 5163 exercendis
1890 5107 2145 5162 militibus

564 5206 1018 5275 praeseripsimus.
1077 5202 1258 5259 Otium
1319 5203 1462 5258 enim
1510 5212 1564 5257 et
1626 5201 1832 5256 desidia
1898 5200 2148 5256 insolitas

566 5302 731 5367 atque
764 5298 1194 5366 intemperantes
1240 5294 1351 5350 fere
1379 5292 1735 5366 cOgitationcs
1761 5292 2001 5363 pariunt.

2253 4836 2483 4906 στρατὸν
2507 4838 2796 4910 διαμέριζε
2832 4841 2965 4912 (52),
2991 4841 3025 4912 ἢ
3055 4841 3303 4913 γύμναζε
3328 4842 3424 4895 καὶ
3454 4843 3534 4904 εἰς
3562 4841 3699 4911 ἔργα
3732 4842 3845 4895 τῶν

2254 4928 2434 4981 ὅπλων
2493 4929 2837 5000 ἀσχολεῖσθαι
2894 4932 3307 5004 παρασκεύαζε,
3356 4931 3433 4996 ὡς
3473 4932 3530 4983 ὲν
3572 4932 3651 5000 τῷ
3702 4934 3845 4999 Περὶ

2254 5021 2595 5090 γυμνασίας
2654 5022 2785 5092 ἡμῖν
2838 5022 3053 5093 εἴρηται
3106 5021 3409 5091 κεφαλαίῳ.
3453 5019 3516 5072 Ἦ
3573 5019 3682 5088 γάρ
3742 5022 3848 5089 ἁρ-

2256 5112 2351 5181 γία
2399 5112 2711 5185 κενωτέρας
2769 5112 3001 5184 μελέτας
3037 5114 3166 5179 ἴσως
3198 5115 3293 5169 καὶ
3341 5110 3659 5174 ὲπιόλαδεῖς
3708 5112 3833 5165 ιὶιπο⁴

2256 5218 2440 5272 γεννᾳ.

2074 5384 2304 5465 NOT/E.

641 5480 754 5552 (29)
794 5481 915 5535 Τῶν
943 5480 1177 5549 ἐτέρων.
1204 5482 1575 5547 Scribebalur,
1616 5483 1724 5537 τῶν
1741 5481 2040 5552 νεωτέρων.

642 5550 756 5620 (30)
783 5554 869 5622 ν”Η
910 5552 1219 5622 ἐξουτεύῃ.
1274 5553 1647 5614 Scribebatur,
1694 5552 1727 5622 ἢ
1786 5550 2146 5621 ἐκκουλκεύῃ.

568 5618 925 5689 Becentiores
956 5618 1564 5686 Οιιεοίίὲξκουσσεύειν
1594 5618 1821 5689 dicunt,
1872 5618 2145 5677 actitare.

575 5686 711 5744 Vide
739 5686 1079 5742 Glossarium
1107 5700 1379 5744 nostrum.

2258 5482 2445 5607 Via?!)
2484 5485 2592 5540 Τοῦ
2638 5485 2930 5556 ἡμετέρου
2976 5486 3206 5556 κρίνου.
3252 5485 3463 5554 Scribe,
3505 5503 3557 5542 τ.
3596 5486 3649 5557 ἡ.
3683 5501 3843 5551 σκρι-

2330 5624 2442 5693 (52)
2472 5624 2598 5699 ᾼΤὸν-
2623 5629 2887 5694 στρατὸν
2913 5626 3227 5699 διαμέριζε.
3266 5626 3589 5683 Addendum
3640 5639 3838 5682 ncces-

2257 5699 2425 5759 sario,
2465 5695 2497 5763 ἢ
2534 5695 2804 5764 γύμναζε.
