4100 6226
317 201 430 268 769

1402 201 1733 265 TACTICA.
1761 230 1830 241 -
1859 205 2360 271 CONSTITUTIO
2389 209 2472 269 IX

3472 217 3578 283 ’ΠΟ

389 313 454 370 ε’.
501 312 628 368 Ἐάν
680 313 912 384 πόλεμον
965 314 1284 386 προσδοκᾷς,
1346 317 1484 386 μετὰ
1535 317 1739 383 τάξεως
1794 320 1883 373 τὸν

2058 323 2111 378 5.
2147 323 2202 378 Si
2263 325 2464 380 bellum
2505 332 2809 394 exspectes.
2849 326 2901 380 in
2928 326 3044 382 acie
3071 327 3343 387 exercitus
3366 329 3575 388 instru-

321 405 555 478 στρατὸν
590 406 914 475 περιπατεῖν
946 405 1190 475 ποίησον,
1224 405 1326 460 κάν
1348 423 1405 460 τε
1427 409 1566 462 κατὰ
1597 408 1897 480 δρούγγους

319 499 421 561 τὰς
449 495 761 566 ὁδοιπορίας
781 496 1082 562 ποιοῦνται,
1117 497 1217 550 κάν
1246 513 1303 549 τε
1337 500 1478 550 κατὰ
1502 497 1765 568 τούρμας,
1795 497 1898 554 κάν

320 607 382 643 τε
411 588 552 643 κατά
605 587 734 648 ὅλας
761 584 1119 656 παρατάξεις.
1155 587 1227 639 Τὸ
1280 589 1390 659 γάρ
1438 589 1496 642 ὲν
1519 589 1670 652 τάξει
1698 590 1900 653 ταύτας

321 680 592 749 γίνεσθαι,
609 679 672 732 οὐ
701 677 862 748 μόνον
882 677 975 730 ἐπὶ
1000 677 1096 746 τῆς
1121 677 1404 746 πολεμίας,
1428 679 1563 732 ἀλλὰ
1581 680 1674 733 καὶ
1695 681 1788 733 ἐπὶ
1800 679 1900 749 τῆς

327 774 484 840 ἰδίας,
519 770 957 841 ἀσφαλεστέρους
1018 769 1109 822 καὶ
1145 772 1735 842 προγεγυμνασμέωυς
1761 775 1905 825 ποιεῖ

322 863 451 938 τοὺς
475 858 832 930 στρατιώτας.

399 958 478 1013 ς’.
521 950 768 1018 Ἐκάστῳ
799 947 857 1002 δὲ
892 947 1142 1020 δρούγγῳ
1165 945 1439 1012 ἐθίζεσθαι
1491 947 1735 1018 ποίησον,
1762 948 1903 1001 ὥστε

323 1041 428 1111 τὴν
459 1038 597 1093 ίδίαν
645 1038 960 1107 ἀποσκευὴν
996 1036 1220 1090 ὄπισθεν
1263 1035 1575 1090 ἀκολουθεῖν
1629 1037 1768 1106 μετὰ
1797 1037 1905 1090 τῶν

331 1131 482 1185 ἰδίων
523 1127 788 1198 σημείων,
815 1128 908 1180 καὶ
957 1127 1032 1199 μὴ
1065 1126 1460 1197 ἐπιμίγνυσθαι
1483 1127 1666 1198 ἑτέρα.
1709 1128 1905 1194 Ἀναγ-

331 1220 484 1280 καῖον
507 1218 618 1287 γάρ
649 1217 820 1280 ἐστιν,
843 1215 970 1267 ὅταν
987 1216 1035 1266 οἱ
1067 1213 1314 1284 πολέμιοι
1340 1211 1464 1267 οὔτε
1492 1213 1768 1283 πάρεισιν,
1781 1208 1905 1264 οὔτε

331 1308 640 1371 ὲλπίζονται
665 1305 723 1358 ὲν
743 1307 810 1376 τῇ
837 1302 1086 1375 ἡμετέρᾳ
1122 1305 1217 1375 γῇ,
1264 1297 1298 1372 ἢ
1330 1302 1470 1357 κατὰ
1517 1302 1835 1374 δρούγγους,
1864 1300 1900 1371 ἢ

331 1391 474 1446 κατὰ
527 1390 770 1462 τούρμας
819 1392 1170 1461 περιπατεῖν,
1207 1392 1299 1445 καὶ
1349 1387 1424 1461 μὴ
1447 1391 1699 1458 συνάγειν
1740 1389 1799 1444 ὲν
1826 1389 1910 1444 ἑνὶ

331 1473 483 1550 τόπῳ
510 1480 601 1532 τὸν
623 1478 850 1541 »ἅπαντα
882 1477 1134 1545 στρατὸν,
1166 1477 1254 1533 διά
1296 1495 1354 1530 τε
1397 1482 1459 1532 τὸ
1489 1478 1564 1548 μὴ
1618 1476 1906 1548 λιμώττειν

331 1573 494 1629 αὐτὸν
519 1572 781 1644 εὐχερῶς,
817 1571 954 1642 μηδὲ
986 1572 1318 1626 εὐσύνοπτον
1347 1573 1407 1624 τὸ
1431 1567 1635 1642 πλῆθος
1662 1567 1782 1627 ὅλον
1808 1573 1908 1641 τῆς

2000 421 2120 467 ctus
2137 413 2384 482 prodeat,
2411 413 2526 468 sive
2553 426 2651 482 per
2667 415 2929 485 drungos,
2955 415 3006 470 id
3033 426 3137 484 est,
3174 419 3427 475 cohortes
3452 422 3576 477 mil.

2000 503 2211 568 liarias,
2235 504 2348 558 sive
2367 519 2464 574 per
2489 511 2722 570 turmas,
2753 505 2870 564 sive
2897 521 2993 575 per
3025 505 3266 580 integras
3295 510 3442 568 acies
3471 511 3576 568 iter

2003 590 2188 648 faciat.
2221 592 2357 648 Nam
2391 593 2444 648 in
2473 594 2593 650 acie
2625 609 2750 652 esse
2783 596 3008 662 milites,
3046 612 3156 652 non
3191 599 3369 654 solum
3403 600 3456 656 in
3481 601 3578 658 ho-

2003 685 2114 737 stili
2145 693 2310 750 terra,
2339 683 2435 739 sed
2463 685 2628 740 etiam
2654 685 2708 740 in
2736 701 2858 754 sua,
2884 687 3117 754 perutile
3149 697 3251 753 est,
3273 699 3327 744 et
3351 691 3577 748 tutiores

2001 783 2094 823 eos
2126 771 2407 841 magisque
2446 771 2772 828 exercitatos
2793 771 2985 828 reddit.

2078 955 2145 1019 ϐξ
2167 957 2624 1026 [unumquemque
2669 954 2964 1028 drungum,
3005 968 3100 1013 seu
3132 959 3417 1015 cohortem
3451 959 3576 1015 mll-

2005 1045 2214 1102 liariam
2238 1040 2594 1111 assuefaeito,
2627 1049 2685 1101 ut
2709 1047 2923 1102 illorum
2948 1049 3336 1119 impedimenta
3358 1065 3387 1104 a
3419 1059 3571 1121 tergo

2004 1148 2124 1188 eam
2181 1141 2505 1204 sequantur,
2549 1148 2672 1188 cum
2708 1131 2937 1202 privatis
2983 1143 3036 1188 et
3085 1135 3201 1191 suis
3227 1134 3532 1208 insignibus
3561 1176 3574 1199 ,

2006 1233 2182 1289 neque
2204 1219 2382 1274 aliena
2407 1218 2836 1275 admisceantur.
2864 1219 3095 1286 Quando
3117 1225 3262 1278 enim
3292 1225 3347 1279 in
3383 1233 3573 1281 nostra

2007 1307 2227 1375 regione
2260 1307 2445 1362 hostes
2475 1323 2650 1379 neque
2686 1308 2905 1375 adsunt,
2959 1325 3136 1381 neque
3167 1323 3573 1382 exspectantur,

2007 1398 2094 1452 vel
2145 1398 2481 1467 drungatim,
2545 1400 2625 1453 vel
2682 1400 2961 1455 turmatim
3015 1401 3315 1468 ambulent,
3369 1422 3471 1462 nec
3522 1406 3576 1460 in

2011 1504 2177 1542 unum
2219 1489 2396 1544 locum
2427 1491 2824 1556 ronducantur,
2859 1499 2917 1545 ut
2952 1508 3021 1548 ne
3050 1491 3192 1550 fame
3233 1505 3575 1564 premantur,

2012 1592 2189 1647 neque
2224 1576 2380 1630 facile
2419 1579 2487 1630 ab
2536 1578 2775 1632 hostium
2813 1581 3253 1649 speculatoribus
3283 1600 3575 1641 numeren-

331 1665 686 1735 κατασκοπῆς
717 1661 827 1716 τῶν
875 1662 1107 1733 ἐχθρῶν,
1134 1660 1209 1726 ὡς
1232 1662 1398 1728 εἰκὸς,
1454 1659 1726 1730 γίνεσθαι,
1760 1660 1896 1732 μηδὲ

2012 1676 2118 1734 tur,
2149 1675 2203 1723 et
2235 1677 2424 1739 pastus
2453 1667 2826 1738 jumentorum
2859 1687 3050 1727 omnes
3073 1673 3330 1729 exedant.

333 1756 414 1824 είς
441 1753 640 1825 βοσκὰς
661 1751 1002 1805 στενοῦσθαι.

381 1847 463 1912 ζ’.
484 1843 839 1914 Ἐγγιζόντων
867 1842 923 1896 δὲ
939 1842 1047 1896 τῶν
1065 1839 1273 1916 ἐχθρῶν
1301 1841 1376 1907 ὡς
1407 1843 1515 1915 πρδ
1546 1839 1598 1909 ς’
1628 1845 1662 1915 ἢ
1690 1844 1733 1910 ζ’
1763 1845 1901 1916 ἡμε.

335 1936 447 2009 ρῶν
480 1935 513 2007 ἢ
539 1934 634 1989 καὶ
656 1934 787 1987 δέκα
830 1933 1232 2000 συνάπτεσθαι,
1269 1933 1365 1989 καὶ
1394 1935 1451 1988 ἐν
1477 1934 1555 2006 τῷ
1589 1933 1708 2005 ἅμα
1737 1934 1900 1988 άπλιο

335 2028 538 2090 κεύειν,
588 2024 683 2079 καὶ
728 2023 846 2090 ἐὰν,
891 2024 965 2088 ὡς
1002 2023 1149 2088 είκδς
1173 2063 1188 2090 ,
1227 2026 1287 2078 ὲν
1319 2024 1615 2092 ἀγνώστοις
1660 2025 1844 2088 τόποις
1868 2025 1904 2094 ἡ

334 2117 611 2190 ὁδοιπορία
657 2114 888 2185 γίνεται,
939 2116 1036 2168 καὶ
1085 2117 1144 2168 οὐ
1199 2117 1422 2187 πάρεισί
1478 2129 1623 2179 τινες
1671 2114 1906 2168 ἐντόπιοι

336 2209 663 2278 δουκάτορες
690 2206 824 2278 (35),
849 2206 1180 2278 ἀποστεΰιῃς
1225 2208 1350 2270 τοὺς
1383 2203 1798 2277 μινσοράτορας,
1822 2201 1910 2260 ἴνα

339 2298 821 2376 προλαμϐάνωσιν,
864 2297 961 2351 ἐὰν
1004 2297 1200 2368 ἐχθροῦ
1226 2296 1388 2368 φόϐος
1412 2297 1512 2350 οὐκ
1541 2295 1620 2349 ἔτι
1641 2297 1775 2367 (54),
1804 2296 1910 2367 πρὸ

340 2393 472 2465 μιᾶς
501 2391 738 2463 ἡμέρας,
776 2391 812 2462 ἦ
839 2407 984 2454 τινες
1009 2390 1120 2461 (35)
1151 2390 1426 2460 ὀφείλουσι
1455 2389 1554 2460 τὴν
1583 2390 1910 2462 περίμετρον

339 2486 436 2542 τοῦ
461 2485 660 2548 παντὸς
675 2483 1000 2556 διαγράφειν
1027 2482 1284 2555 στρατοῦ,
1305 2482 1364 2536 ὲν
1388 2477 1432 2551 ᾧ
1459 2481 1670 2554 μέλλεις
1688 2495 1911 2554 στρατο-

341 2575 662 2631 πεδεύεσθαι
683 2614 699 2641 ,
762 2574 855 2629 καὶ
909 2576 972 2629 τὸ
1025 2573 1318 2630 ἐπιϐάλλον
1374 2574 1574 2644 μέτρον
1635 2573 1913 2641 ἀναλόγως

342 2669 556 2739 ἑκάστῳ
591 2667 747 2738 μέρει
779 2666 1115 2737 διαμερίσαι.

411 2756 484 2828 η’.
543 2758 625 2811 Τά
664 2756 806 2811 αὑτά
849 2755 906 2809 δὲ
958 2758 1134 2810 ποιεῖν
1179 2756 1272 2808 καὶ
1327 2757 1453 2818 τοὺς
1510 2756 1910 2828 άντικίνοορας.

343 2841 503 2904 Οὗτοι
542 2848 598 2901 δέ
652 2848 789 2900 εἰσιν
836 2848 885 2900 οἱ
930 2847 1234 2916 ὀφείλοντες
1274 2846 1382 2900 τῶν
1415 2845 1622 2901 ὑδάτων
1673 2849 1767 2899 καὶ
1811 2847 1911 2916 τῆς

342 2938 569 3010 γνώμης
599 2937 710 3008 (36)
732 2937 830 3008 τὴν
861 2937 1057 3009 χρῆσιν
1082 2935 1544 3008 καταμανθάνειν.

413 3029 479 3085 θ’.
519 3029 643 3083 Ἐάν
689 3029 746 3082 δὲ
786 3028 874 3083 διὰ
902 3028 1149 3099 τραχέων
1177 3015 1321 3083 πάνυ
1356 3028 1538 3080 τόπων
1571 3029 1603 3097 ἡ
1631 3027 1908 3096 ὁδοιπορία

349 3122 517 3195 μέλλῃ
542 3121 808 3190 γίνεσθαι,
863 3120 896 3191 ἢ
942 3119 1298 3192 κρημνωδῶν,
1345 3119 1379 3190 ἢ
1416 3117 1714 3183 δυσϐάτων,
1745 3117 1779 3188 ἢ
1813 3117 1906 3170 δα-

346 3209 963 3284 σέων,προ[ευ]τρέπιζε
988 3210 1186 3280 πλῆθος
1205 3207 1459 3280 στρατοῦ,
1482 3210 1576 3262 καὶ
1597 3207 1912 3261 ἀπόστειλον

343 3304 440 3358 ἐπὶ
485 3305 664 3370 τοῦτο,
712 3302 853 3356 ὥστε
897 3301 1294 3374 διορθώσασθαι
1347 3303 1442 3356 καὶ
1493 3299 1913 3372 παρασκευάσαι

345 3397 562 3451 εὐθεῖαν
587 3393 841 3464 γενέσθαι
873 3393 971 3465 τὴν
995 3394 1111 3448 ὁδὸν
1141 3394 1284 3447 κατὰ
1327 3392 1390 3445 τὸ
1435 3391 1680 3459 δυνατὸν,
1711 3391 1799 3444 ἵνα
1837 3391 1913 3461 μὴ

347 3486 699 3558 συντρίϐηται
744 3485 778 3556 ἡ
823 3484 1008 3547 ἵππος.
1055 3483 1194 3548 Τοὺς
1242 3481 1300 3536 δὲ
1345 3481 1775 3554 ἀφορίζομένους
1821 3481 1914 3532 ἐπὶ

344 3575 520 3648 τούτῳ
553 3576 629 3648 μὴ
656 3573 973 3629 ὑποκεῖσθαι
1005 3573 1184 3645 βίγλᾳ,
1215 3571 1249 3644 ἧ
1281 3572 1446 3643 ἑτέρᾳ
1467 3569 1703 3641 δουλείᾳ.
1921 3633 1924 3635 Α

420 3675 472 3723 ι’.
509 3664 944 3739 Περιπατοῦντος
976 3663 1033 3717 δὲ
1072 3663 1166 3717 τοῦ
1219 3662 1472 3734 στρατοῦ,
1515 3661 1756 3732 ἡγείσθω
1780 3662 1814 3730 ὴ
1847 3659 1915 3730 σὴ

346 3759 646 3829 ὶνδοξότης,
693 3757 768 3821 ὡς
796 3755 890 3810 τοῦ
920 3755 1119 3819 παντὸς
1154 3753 1385 3825 στρατοῦ
1436 3755 1740 3824 στρατηγὸς
1777 3768 1913 3823 προ-

349 3851 712 3922 πορευόμενος
741 3846 906 3903 αὑτοῦ
929 3847 1094 3918 τιμῆς
1123 3846 1331 3907 ἕνεκεν,
1361 3845 1456 3899 καὶ
1495 3845 1581 3898 διά
1609 3841 1706 3897 ’τὸν
1753 3845 1915 3914 φόϐον

348 3943 458 3998 τῶν
497 3942 786 4014 ἐπιτιμίων
834 3939 972 4012 μετὰ
1012 3939 1114 4009 τῆς
1136 3939 1248 4010 ,σῆς
1275 3937 1492 4008 ἀπάσης
1521 3935 1911 4009 προελεύσεως,

351 4035 578 4091 καὶτῶν
606 4033 748 4089 κατὰ
777 4031 873 4086 σοῦ
907 4030 1132 4104 βάνδων,
1166 4030 1262 4084 καὶ
1317 4028 1537 4082 ὄπισθεν
1566 4027 1782 4080 πάντων
1813 4026 1917 4078 ὑπ-

350 4125 500 4199 ερισὲ
534 4126 646 4198 (37)
672 4124 974 4194 άποσκευή.

429 4215 521 4276 ια’.
557 4217 699 4290 Πρὸς
726 4218 786 4271 τὸ
816 4218 998 4288 σχῆμα
1028 4215 1086 4269 δὲ
1126 4213 1283 4268 τοῦτο
1310 4213 1404 4267 καὶ
1456 4212 1685 4274 ἕκαστος
1710 4224 1914 4280 τουρμ-

2077 1841 2127 1896 7.
2162 1839 2490 1912 Pmpinqnis
2551 1841 2664 1912 jam
2713 1843 2989 1910 hostibus,
3022 1856 3149 1902 ante
3201 1861 3314 1913 sex,
3355 1849 3437 1903 vel
3491 1861 3582 1905 'se-

2005 1939 2175 2004 ptem,
2202 1932 2486 1987 autetiam
2541 1933 2729 1988 decem
2764 1933 2974 1989 dierum
3031 1952 3291 2007 pugnam,
3347 1945 3582 2011 cumque

2009 2040 2178 2096 prope
2234 2032 2418 2080 castra
2469 2034 2774 2095 ponuntur,
2806 2025 2851 2082 si
2878 2025 2931 2080 in
2971 2027 3157 2098 ignota
3187 2029 3308 2088 loca
3353 2031 3458 2087 iter
3502 2031 3582 2088 fa-

2009 2116 2262 2171 ciendum
2298 2116 2390 2182 sit,
2445 2131 2621 2186 neque
2671 2117 2938 2188 indigenae
2987 2119 3242 2178 ductores
3286 2122 3582 2187 adfuerint,

2009 2213 2304 2262 ntetatores
2350 2206 2464 2262 sive
2513 2214 2918 2264 mensuratores
2964 2210 3299 2280 praamittes,
3346 2223 3402 2268 ut
3457 2215 3579 2270 loca

2011 2299 2333 2368 anticipent,
2368 2300 2413 2354 si
2439 2299 2621 2354 nullus
2637 2298 2878 2355 hostium
2911 2300 3073 2355 timor
3123 2303 3454 2373 impendeat,
3483 2307 3577 2378 qui

2012 2401 2321 2449 castrorum
2354 2392 2619 2447 ambitum
2652 2401 2780 2447 ante
2806 2407 2974 2446 unum
3019 2392 3161 2448 diem
3200 2393 3580 2460 dimetiantur,

2015 2482 2067 2536 in
2091 2496 2201 2552 quo
2239 2491 2418 2538 castra
2453 2489 2742 2552 ponentur,
2770 2489 3045 2537 etcertam
3089 2485 3383 2554 quamdam
3419 2503 3570 2542 men-

2015 2586 2200 2628 suram
2227 2587 2352 2626 eum
2382 2569 2735 2642 proportione
2749 2570 2897 2640 iusta
2930 2571 3228 2645 unicuique
3267 2583 3457 2632 turmae
3485 2578 3584 2632 tri-

2016 2663 2203 2718 huant.

2085 2754 2303 2810 8.ldem
2338 2753 2542 2810 faciant
2597 2761 2651 2809 et
2707 2752 3082 2810 anticensores
3117 2770 3134 2821 ;
3168 2754 3364 2811 horum
3423 2757 3588 2813 etiam

2016 2839 2250 2899 odit-ium
2291 2852 2394 2909 est,
2454 2857 2722 2915 aquarum
2759 2844 3187 2914 pastionumque
3234 2845 3341 2900 vim
3373 2854 3429 2902 et
3486 2861 3586 2903 co-

2016 2933 2163 3002 piam
2180 2931 2482 2989 advertere.

2081 3023 2133 3077 9.
2171 3023 2229 3077 Si
2259 3037 2357 3093 per
2378 3014 2572 3094 aspera
2601 3021 2896 3077 admodum
2930 3021 3050 3079 loca
3086 3022 3186 3080 iter
3205 3023 3448 3082 futurum
3478 3039 3584 3094 est,

2013 3125 2106 3169 aut
2129 3113 2451 3184 praecipitia,
2479 3123 2573 3168 aut
2593 3127 2692 3186 per
2715 3113 2838 3168 avia
2871 3121 2926 3168 et
2985 3110 3264 3170 condensa
3296 3113 3448 3184 loca,
3479 3119 3587 3173 ali-

2014 3217 2148 3276 quot
2178 3221 2244 3259 ex
2275 3205 2519 3262 exercitu
2547 3219 2814 3276 praepara,
2846 3212 2902 3261 et
2938 3203 3230 3276 praamitte,
3257 3207 3352 3276 qui
3405 3212 3584 3282 quoad
3674 3276 3676 3278 ν

2015 3299 2128 3355 fieri
2183 3308 2360 3368 potest
2395 3298 2610 3369 planam
2643 3307 2698 3353 et
2745 3296 3004 3353 directam
3056 3297 3200 3353 viam
3232 3297 3485 3366 eﬂlciaut,
3525 3307 3586 3356 ut

2012 3391 2222 3462 neequi
2261 3391 2588 3462 afﬂigantur.
2620 3387 2685 3444 Hi
2705 3387 2799 3458 qui
2845 3387 2914 3443 ad
2945 3390 3048 3444 hoc
3094 3387 3369 3459 negotium
3427 3392 3586 3448 asciti

2013 3492 2162 3548 sunt,
2194 3498 2370 3554 neque
2393 3480 2882 3551 speculationibus,
2911 3494 3087 3550 neque
3124 3481 3250 3536 ullis
3292 3481 3420 3538 aliis
3464 3497 3586 3538 mu-

2017 3574 2243 3630 neribus
2268 3573 2533 3630 faciendis
2564 3572 2886 3628 inserviant.

2088 3667 2177 3722 10.
2215 3664 2519 3723 Prodeunte
2575 3662 2817 3721 exercitu
2859 3665 3068 3736 primus
3097 3673 3319 3721 anteeas
3350 3673 3406 3720 tu
3457 3664 3585 3720 uni-

2017 3761 2156 3814 versi
2182 3743 2481 3814 cxercitus'
2510 3758 2830 3829 imperator,
2878 3766 2933 3812 et
2985 3766 3206 3812 antecas
3236 3756 3460 3813 honoris
3503 3754 3584 3812 tui

2020 3865 2213 3915 causa,
2252 3860 2472 3920 propter
2505 3850 2799 3904 multorum
2853 3849 3126 3914 timorem,
3156 3863 3280 3904 cum
3331 3846 3582 3904 universa

2017 3940 2366 4012 expeditione
2405 3948 2496 3994 tua
2521 3949 2575 3994 et
2598 3937 2916 3994 cohortibus
2941 3939 3052 3994 tuis
3085 3947 3362 3992 :extrema
3400 3947 3582 3995 autem

2017 4032 2259 4086 omnium
2296 4028 2684 4100 impedimenta
2716 4039 2808 4084 tua
2831 4043 2976 4085 cant.
3151 4029 3154 4032 ’

2092 4218 2180 4272 ll.
2223 4215 2304 4273 Ad
2346 4217 2494 4272 hunc
2527 4216 2747 4272 modum
2777 4210 3153 4285 unusquisque
3203 4223 3314 4269 tum
3346 4223 3585 4268 turmar-

350 4309 528 4380 άρχης
559 4306 594 4377 ἦ
621 4306 977 4378 δρουγγάριος
1003 4301 1392 4375 περιπατείτω,
1423 4301 1521 4372 τὴν
1549 4299 1719 4368 αὐτὴν
1759 4296 1909 4361 τάξιν

2019 4305 2144 4370 cha,
2178 4312 2291 4358 tum
2317 4303 2666 4374 drungarius,
2694 4300 2746 4355 id
2781 4308 2886 4362 est,
2932 4296 3184 4354 tribunus
3217 4297 3416 4363 minor,
3456 4313 3585 4367 pro-

352 4399 660 4470 φυλάττων,
693 4396 803 4451 εἴτε
836 4397 1134 4468 ήνωμένως
1169 4391 1583 4465 περιπατοῦσιν,
1615 4391 1721 4444 εἴτε
1752 4389 1913 4454 ἰδίως.

367 4491 456 4544 Ἐν
506 4488 564 4543 δὲ
608 4489 728 4553 ταῖς
787 4487 896 4542 τῶν
944 4483 1202 4557 ποταμῶν
1265 4483 1600 4546 διαϐάσεσιν,
1657 4479 1690 4550 ἢ
1745 4479 1920 4535 ἄλλων

350 4583 647 4652 ἀγνώστων
677 4581 916 4653 χωρίων,
947 4580 1074 4644 τοὺς
1103 4577 1490 4648 άντικένσορας
1515 4571 1920 4646 προλαμϐάνειν

353 4675 494 4730 ὥστε
528 4673 844 4745 δοκιμάζειν
877 4672 1142 4745 πρότερον
1173 4669 1302 4734 τοὺς
1339 4668 1560 4734 τόπους,
1609 4664 1704 4720 καὶ
1750 4664 1920 4729 οὕτως

353 4766 716 4835 ἀπαγγέλλειν
756 4781 838 4818 σοι
886 4763 956 4818 τά
1002 4761 1097 4816 τοῦ
1149 4761 1337 4825 τόπου,
1385 4760 1473 4812 ἵνα
1517 4757 1606 4812 διὰ
1641 4757 1750 4811 τῶν
1793 4757 1914 4810 ἑπι-

353 4855 579 4927 τηδείων
611 4855 886 4926 ἀρχόντων
917 4851 1274 4922 άποστέλλῃς,
1298 4846 1795 4920 καϊπροφυλάττῃς
1820 4845 1917 4917 τὴν

352 4945 619 5000 διάϐασιν.

426 5035 515 5106 ιβ’.
568 5035 630 5090 Εἰ
680 5033 738 5089 δὲ
783 5034 926 5088 πάνυ
974 5029 1295 5101 ὶπισφαλεΐς
1339 5031 1477 5082 εἰσιν
1522 5029 1571 5081 οἱ
1620 5028 1775 5080 τόποι
1829 5027 1920 5079 καὶ

352 5127 623 5192 δύσκολοι,
652 5127 745 5181 καὶ
764 5124 990 5180 σεαυτὸν
1006 5123 1117 5194 (38)
1139 5122 1230 5176 τοῦ
1259 5120 1458 5183 παντὸς
1489 5116 1789 5187 στρατηγὸν
1815 5117 1921 5170 άπ-

2018 4397 2164 4460 deat,
2192 4396 2334 4449 hanc
2364 4395 2536 4449 aciem
2568 4406 2814 4455 servans,
2880 4389 2993 4443 siVe
3053 4387 3344 4457 conjunete
3393 4401 3586 4442 omnes

2017 4485 2318 4550 ambulent,
2350 4483 2466 4539 sive
2489 4483 2743 4539 seorsim.
2777 4479 2836 4534 in
2868 4478 3154 4534 ﬂuviorum
3175 4476 3586 4533 transitionibus

2019 4587 2114 4634 aut
2141 4576 2374 4632 aliorum
2397 4573 2643 4630 locorum
2683 4571 3018 4644 ignotorum,
3053 4568 3428 4624 antecessores
3449 4578 3587 4638 pra:—

2023 4669 2205 4734 mitte,
2235 4666 2328 4737 qui
2357 4665 2511 4737 prius
2562 4665 2682 4720 loca
2711 4662 3020 4734 explorent,
3054 4673 3227 4732 caque
3249 4657 3432 4730 qualia
3479 4655 3587 4712 sint

2034 4761 2312 4824 nuntient,
2345 4766 2406 4814 ut
2437 4755 2767 4829 quihusdam
2821 4751 3037 4810 idoneis
3096 4749 3367 4822 praefectis
3403 4747 3586 4803 statim

2025 4850 2347 4922 praemissis,
2370 4850 2659 4921 diligenter
2685 4860 2933 4903 asserves
2967 4843 3296 4900 transitum.

2100 5029 2189 5084 12.
2251 5027 2350 5084 Sin
2397 5024 2689 5083 admodum
2756 5023 2986 5088 lubrica,
3054 5017 3404 5087 difficiliaque
3471 5013 3591 5070 loca

2032 5119 2254 5184 fuerint,
2279 5118 2512 5188 teipsum
2536 5123 2750 5186 Oportet
2767 5114 3001 5183 primum
3024 5125 3090 5166 eo
3119 5108 3373 5176 transire,
3393 5104 3591 5164 deinde

1850 5226 2077 5285 NOTaE.

427 5357 538 5424 (33)
572 5359 964 5424 Δουκατορες.
1007 5350 1070 5405 In
1117 5348 1368 5404 Palatino
1406 5344 1596 5402 codice
1636 5351 1775 5411 erat,
1806 5344 1854 5397 oi
1884 5343 1931 5396 δ’

353 5423 510 5485 ὲκάτε
521 5423 622 5485 ροι.
661 5423 820 5478 Male.

430 5445 510 5485 ιτε
551 5446 622 5481 οι.
661 5445 820 5478 male.

430 5445 550 5568 (δίς
577 5498 699 5549 Οὐκ
728 5493 838 5547 ἔτι.
873 5491 1088 5568 ξονιρε,
1115 5489 1214 5568 οξκ
1239 5487 1376 5541 ἔστι.

430 5556 544 5639 (35)
581 5568 651 5622 Ἦ
686 5579 865 5628 τινες.
889 5556 1097 5622 Scribe,
1128 5557 1343 5617 οἵτινες.

679 5658 949 5718 Ρλτιιοι..
993 5655 1107 5714 Gn.
1140 5651 1328 5712 CVII.

2108 5344 2219 5414 (36)
2251 5343 2362 5430 .Kai
2389 5341 2500 5409 τῆς
2502 5339 2776 5464 rumne.
2809 5336 3020 5412 Scribe,
3045 5337 3136 5411 καὶ
3168 5335 3266 5420 τῆς
3300 5335 3488 5405 νομῆς.

2108 5414 2220 5464 137)
2280 5413 2502 5464 Υπεοισ
2539 5453 2551 5464 .
2586 5409 2800 5464 Scribe.
2834 5409 2868 5464 ἡ
2897 5408 3028 5464 περὶ
3053 5407 3135 5458 σέ.

2105 5407 2220 5483 (37)
2255 5407 2551 5483 ’Υπερισὲ
2585 5407 2868 5483 θοι-Σικελὴ
2897 5408 3028 5483 περὶ
3053 5407 3135 5458 σέ.

2105 5476 2216 5553 (58)
2246 5481 2353 5538 Kal
2375 5476 2651 5535 ἁεαυτόν.
2685 5476 2894 5542 Scribe,
2919 5476 3026 5548 χρὴ
3059 5493 3110 5527 σ.

2446 5577 2456 5604 l

3093 5630 3168 5695 25
