4080 6218
515 254 611 319 ’171

1709 237 1904 299 LEON
1915 239 1984 298 IS
2021 232 2477 298 PIIILOSOPHI

3650 225 3761 291 772

525 365 596 420 ihi
642 359 942 416 consistere
987 363 1040 411 et
1106 351 1454 416 commorari,
1511 348 1679 403 donec
1732 364 1923 403 omnes
1975 350 2081 402 sim

2194 347 2470 418 ἔρχεσθαι,
2508 346 2601 398 καὶ
2638 341 2877 410 γίνεσθαι
2922 340 3061 395 κατά
3089 340 3181 394 τὸν
3228 340 3410 406 τόπον,
3454 341 3550 393 καὶ
3582 358 3756 412 παρα-

517 456 824 513 oll‘ensione
859 448 1199 507 transierint.

590 548 676 602 i3.
705 547 819 599 Hoc
855 543 1000 596 enim
1043 538 1221 593 virum
1274 534 1674 590 nobilissimum
1741 544 1794 590 et
1842 534 2085 589 clarissi-

520 653 666 694 mum
708 643 916 706 patrem
954 636 1204 684 nostrum
1233 640 1411 696 regem
1460 623 1718 679 Basilium
1770 624 1963 679 fecisse
1996 636 2087 677 co-

518 727 830 800 gnovimus,
865 720 1087 792 quando
1118 725 1311 773 contra
1346 714 1749 772 Germaniciam
1782 717 1976 787 Syriae
2004 712 2085 769 ci-

515 820 739 872 vitatem
766 815 952 883 copias
982 811 1232 875 duxerat,
1264 819 1318 862 et
1367 807 1686 862 Paradisum
1712 806 1946 860 ﬂuvium
1980 821 2083 860 an-

516 909 785 978 ticiparat,
812 903 906 977 qui
942 900 1287 970 lampadibus
1318 899 1371 952 in
1404 896 1586 951 medio
1618 897 1939 951 constitutis
1970 895 2087 965 ipsc

511 1014 609 1055 sua
635 999 807 1071 ipsius
860 990 1151 1066 praesentia
1209 996 1376 1058 atque
1425 1002 1549 1058 ope,
1579 990 1894 1041 universum
1928 996 2084 1040 exer-

512 1089 679 1146 citum
713 1086 872 1142 facile
894 1091 949 1142 et
995 1083 1116 1138 sine
1160 1079 1461 1139 olfensione
1505 1077 1769 1143 traduxit,
1805 1076 1895 1147 qni
1946 1090 2087 1146 saepe

514 1195 735 1235 manum
784 1177 893 1232 illis
956 1174 1170 1230 aﬂlictis
1217 1179 1560 1243 porrexerat,
1620 1179 1674 1225 et
1709 1168 1976 1241 quosdam
2014 1182 2080 1222 ex

513 1271 768 1345 periculis
797 1267 1017 1341 eripuit.

582 1456 669 1511 Η.
710 1452 855 1518 llaec,
907 1448 951 1504 si
986 1449 1174 1503 hostes
1227 1460 1337 1499 non
1364 1443 1703 1509 immineant,
1760 1443 2081 1512 imperator,

513 1546 826 1613 facies;sin
862 1555 1032 1612 prope
1056 1536 1283 1602 fuerint,
1308 1545 1423 1589 tum
1476 1534 1530 1589 in
1580 1533 1801 1604 propria
1854 1532 2089 1588 statione

514 1646 854 1708 permaneas.
881 1624 1269 1696 Unusquisque
1304 1633 1484 1678 autem
1504 1622 1792 1693 prrefectus
1812 1621 1892 1677 sui
1919 1621 2087 1692 ipsius

515 1724 757 1782 cohortis
786 1732 879 1777 aut
910 1728 1099 1774 turma:
1129 1732 1318 1772 curam
1354 1715 1633 1785 suscipiet,
1656 1712 1829 1768 donec
1873 1727 2087 1778 omnes,

516 1814 605 1886 qui
640 1813 742 1868 sub
766 1810 993 1881 imperio
1022 1807 1139 1878 ejus
1158 1806 1383 1872 fuerint,
1428 1814 1735 1871 transeant,
1771 1813 1917 1858 utne
1944 1802 2087 1857 alius

515 1908 681 1963 alium
745 1900 1154 1963 antevertendo,
1209 1913 1268 1953 se
1319 1896 1508 1951 mutuo
1557 1896 1876 1966 perturbent
1924 1906 2088 1963 atque

514 1994 782 2064 aﬂligant;
828 2001 941 2046 tum
992 1988 1137 2045 enim
1190 1986 1442 2042 fortassis
1492 1984 1676 2056 aliqua
1737 1983 2086 2041 incommoda

515 2084 783 2141 orientur.

592 2174 681 2229 15.
719 2166 948 2239 Quando
972 2178 1151 2226 autem
1190 2183 1287 2239 per
1318 2165 1597 2236 regionem
1626 2167 1865 2239 aliquam
1910 2177 2088 2223 trans-

516 2266 669 2331 ieris,
731 2278 853 2334 quae
885 2262 987 2317 suh
1021 2260 1229 2315 dilione
1286 2268 1471 2313 nostra
1526 2266 1629 2324 est,
1675 2274 1867 2329 parcas
1906 2268 1959 2313 et
2006 2258 2087 2312 fa-

513 2369 639 2410 veas
672 2354 816 2423 agris
853 2351 1014 2406 cultis
1044 2367 1059 2417 ;
1093 2349 1345 2419 idemque
1372 2346 1637 2401 militibus
1694 2348 1944 2419 praecipe,
1974 2348 2087 2402 sive

513 2446 629 2500 loca
672 2442 815 2499 culta
838 2438 1117 2498 et'vitibus
1145 2438 1382 2515 consita,
1414 2438 1527 2493 sive
1584 2438 1731 2493 horti
1764 2437 1988 2505 fuerint,
2021 2455 2088 2493 ne

510 2552 606 2605 per
633 2534 872 2592 medium
907 2535 1099 2587 horum
1121 2531 1373 2584 locorum
1405 2536 1705 2597 transeant,
1748 2540 1809 2585 ut
1837 2546 1903 2585 ex
1951 2530 2087 2601 legi-

510 2625 614 2680 bus
658 2621 1097 2693 praescriptisquc
1137 2620 1339 2674 nostris
1393 2618 1691 2687 municipes
1750 2630 1909 2689 atque
1941 2620 2085 2692 agri-

511 2713 644 2768 cola:
676 2710 832 2765 illaesi
859 2717 1272 2763 conserventur.

582 2799 672 2853 l6.
707 2801 766 2854 Si
803 2797 917 2851 tieri
951 2804 1150 2868 potest,
1176 2802 1235 2849 ut
1261 2810 1353 2868 per
1380 2794 1585 2849 inculta
1629 2795 1748 2850 loca
1801 2812 1918 2862 eas,
1956 2798 2087 2854 illuc

513 2892 678 2960 longo
706 2888 993 2944 intervallo
1019 2886 1209 2941 transi.
1240 2883 1334 2938 Sin
1368 2886 1671 2942 necessitas
1729 2887 1846 2958 ipsa
1873 2900 2083 2959 urgeat,

514 2981 841 3051 utperhatc
898 2994 1012 3042 cas,
1074 2976 1517 3047 uniuscujusque
1581 2986 1774 3032 turma:
1819 2978 2086 3049 praefectis

510 3071 794 3141 praecipies
826 3079 882 3124 nt
908 3069 979 3123 ibi
1007 3068 1330 3134 consistant,
1362 3077 1415 3122 et
1438 3068 1746 3125 cautionem
1773 3071 2085 3140 diligentem

510 3162 827 3231 adhibeant,
865 3162 1037 3216 donec
1066 3175 1256 3215 omnes
1305 3160 1527 3225 milites,
1578 3162 1672 3230 qui
1723 3162 1827 3217 sub
1868 3162 2085 3217 illorum

509 3263 775 3325 potestate
802 3254 951 3320 sunt,
983 3251 1324 3317 transierint,
1357 3260 1408 3307 et
1433 3252 1692 3323 praefecto
1727 3262 1839 3308 tum
1901 3256 2085 3327 proxi-

509 3364 599 3401 mo
626 3348 744 3403 loca
784 3346 898 3401 haec
930 3345 1100 3403 illaesa
1132 3342 1371 3414 tradant,
1402 3344 1595 3415 sicque
1647 3345 1954 3402 discedant.

589 3524 675 3579 Π.
718 3521 978 3578 Similiter
1007 3518 1168 3575 etiam
1198 3522 1479 3591 proximus
1501 3521 1577 3578 illi
1614 3522 1793 3586 faciet,
1820 3534 1873 3581 et
1916 3542 2086 3583 unus-

511 3623 754 3694 quisque
810 3618 970 3672 etiam
1010 3615 1299 3687 praefectus
1342 3618 1535 3675 ordine
1565 3634 1709 3680 suo;
1746 3620 1825 3676 sic
1863 3623 2081 3677 etordi-

506 3714 592 3767 nis
644 3706 987 3763 conservatio
1031 3716 1144 3760 tum
1187 3715 1299 3770 tua,
1353 3716 1466 3761 tum
1518 3708 1917 3778 pra‘fectorum,
1967 3721 2079 3765 tum

508 3804 739 3858 militum
772 3799 1135 3866 adhibebitur,
1173 3811 1229 3856 et
1279 3802 1537 3871 agricola:
1608 3803 1819 3860 fructus
1879 3806 2080 3861 illaesus

505 3897 628 3948 erit.

581 3983 668 4037 18.
698 3981 926 4049 Quando
968 3981 1253 4036 imminere
1291 3981 1457 4036 labor'
1501 3983 1647 4051 belli,
1676 3987 1758 4040 vel
1823 3986 2075 4057 difﬁcilis,

504 4077 636 4129 etin
669 4090 861 4129 omnes
900 4083 1081 4143 partes
1105 4074 1627 4144 circumspiciendus
1664 4079 1925 4137 transitus
1958 4098 2078 4139 esse

507 4168 737 4230 videtur,
777 4166 822 4219 si
869 4166 994 4220 fera:
1023 4174 1119 4219 aut
1151 4177 1449 4221 mansuetae
1488 4168 1680 4227 bestiae
1709 4175 2072 4240 occurrerint,

502 4259 677 4314 autin
726 4266 1079 4327 conspectum
1126 4256 1341 4311 illorum
1402 4259 1739 4328 prodierint,
1793 4265 2075 4321 venatione

2114 3025 2161 3087 C

2192 440 2381 510 στῆναι
2410 440 2511 501 δεῖ,
2538 438 2696 507 ἄχρις
2724 438 2789 490 ἃν
2822 434 3020 497 πάντες
3057 432 3282 496 ἀπαθῶς
3307 431 3608 487 διέλθωσω.

2260 537 2348 598 ιγ’.
2381 527 2551 581 Τοῦτο
2579 527 2687 595 γάρ
2731 526 2824 578 καὶ
2871 523 2965 576 τὸν
2991 525 3265 593 ἡμέτερον
3294 522 3627 592 ἀείμνηστον
3655 538 3762 576 πα-

2189 618 2322 687 τέρα
2357 616 2451 670 καὶ
2501 613 2724 684 βασιλέα
2769 611 3051 665 Βασίλειον
3103 613 3459 681 πεποιηκέναι
3494 612 3765 680 γινώσκο-

2194 727 2313 779 μεν,
2345 709 2433 763 ὅτε
2470 708 2611 761 κατά
2642 706 3012 777 Γερμανικίας
3038 705 3135 774 τῆς
3167 705 3225 756 ὲν
3255 704 3429 776 Συρίᾳ
3459 704 3558 776 τὴν
3591 722 3761 775 στρα-

2187 801 2339 855 τείαν
2371 801 2684 870 ἐποιήσατο,
2714 796 3205 869 προκαταλαϐόντα
3235 796 3338 866 μὲν
3359 796 3452 849 τὸν
3491 798 3766 869 Παράδει-

2190 910 2280 945 σον
2324 892 2617 961 λεγόμενον
2659 890 2928 960 ποταμὸν,
2957 888 3319 959 παραστάντα
3352 887 3411 941 δὲ
3443 888 3585 958 μετά
3621 890 3765 959 λαμ-

2189 984 2373 1037 πάδων
2404 982 2545 1036 κατά
2578 981 2638 1035 τὸ
2682 978 2866 1051 μέσον,
2912 980 3008 1032 καὶ
3047 981 3114 1049 τῇ
3161 977 3327 1032 αὐτοῦ
3361 980 3635 1051 παρουσίᾳ
3664 982 3764 1035 καὶ

2187 1074 2457 1145 ἀσφαλείᾳ
2485 1073 2664 1126 πάντα
2705 1069 2796 1125 τδν
2827 1071 2918 1123 ὑπ’
2945 1070 3109 1124 αὐτὸν
3142 1069 3374 1141 στρατὸν
3405 1069 3633 1135 ἀπαθῶς
3666 1074 3765 1127 καὶ

2189 1164 2424 1227 εὐκόλως
2451 1162 2841 1217 διαϐιϐάσαντα
2868 1202 2883 1228 ,
2913 1162 2989 1224 ὡς
3020 1162 3116 1215 καὶ
3161 1164 3321 1231 χεῖρα
3344 1160 3531 1215 δοῦναι
3562 1163 3765 1217 πολλά-

2190 1274 2276 1322 κις
2307 1257 2400 1310 καὶ
2425 1256 2492 1310 δι’
2519 1255 2716 1310 ἑαυτοῦ
2742 1271 2895 1318 τινας
2910 1254 3019 1309 τῶν
3050 1252 3399 1324 στρατιωτῶν
3418 1254 3761 1309 κινδυνεύον-

2188 1366 2283 1413 τας
2312 1345 2715 1403 ἀνασώσασθαι.

2262 1438 2344 1491 ιδ’.
2393 1435 2564 1492 Τοῦτο
2610 1437 2669 1490 δὲ
2715 1438 2890 1490 ποιεῖν
2920 1453 3002 1489 σοι
3032 1434 3353 1507 κελεύομεν,
3384 1429 3432 1489 ὧ
3464 1439 3767 1509 στρατηγὲ,

2190 1530 2284 1583 ὲάν
2320 1528 2395 1602 μὴ
2440 1528 2730 1599 ὲγγίζωσιν
2764 1528 2812 1582 οξ
2843 1527 3092 1599 πολέμιοι
3133 1529 3248 1590 τοῖς
3289 1526 3477 1592 τόποις
3509 1530 3765 1594 ἐκείνοις.

2206 1620 2331 1675 Ἐάν
2356 1620 2411 1674 δὲ
2442 1619 2755 1691 ὲγγίζωσιν,
2783 1619 2903 1673 τότε
2936 1619 2994 1672 σὲ
3028 1619 3127 1687 μὲν
3149 1620 3207 1671 ὲν
3234 1621 3301 1689 τῇ
3331 1619 3438 1691 ἰδία
3478 1619 3630 1685 τάξει
3666 1623 3772 1692 μέ-

2194 1731 2324 1777 νειν,
2342 1712 2571 1766 ἕκαστον
2604 1712 2658 1765 δὲ
2682 1711 2920 1781 ἄρχοντα
2942 1707 3037 1763 τοῦ
3059 1710 3189 1763 ἰδίου
3215 1709 3416 1781 μέρους
3445 1709 3545 1781 τὴν
3573 1711 3773 1781 χρείαν

2194 1805 2609 1877 ἀναπληρῶσαι,
2640 1804 2746 1865 ἕως
2781 1804 2847 1857 ἂν
2880 1804 3079 1866 πάντες
3108 1802 3158 1855 οἱ
3190 1802 3282 1854 ὑπ’
3305 1802 3469 1854 αὑτὸν
3494 1802 3770 1870 στρατιῶ-

2192 1914 2282 1950 ται
2306 1896 2554 1960 ἀϐλαϐῶς
2583 1895 2880 1960 διέλθωσιν,
2918 1894 3005 1948 ἴνα
3036 1894 3111 1966 μὴ
3140 1893 3534 1960 σπουδάζοντες
3564 1895 3774 1958 πάντες

2194 1992 2350 2057 ἄλλος
2375 1992 2466 2045 τὸν
2519 1990 2675 2045 ἄλλον
2728 1989 3043 2061 προλαϐεῖν,
3084 1988 3366 2044 ἀτακτῶσι
3410 1990 3507 2044 καὶ
3550 1990 3772 2063 συντρί-

2194 2085 2417 2147 ϐωνται,
2444 2082 2573 2147 ἴσως
2593 2082 2713 2135 τότε
2744 2082 2839 2135 καὶ
2873 2080 3066 2152 βλάϐαι
3095 2082 3237 2146 τινὲς
3270 2082 3550 2151 γίνωνται.

2267 2182 2347 2228 ιε’.
2382 2175 2549 2227 Ὅταν
2578 2173 2634 2227 δὲ
2660 2174 2717 2225 ὲν
2770 2174 2836 2244 τῇ
2867 2172 3019 2244 χώρᾳ
3046 2172 3154 2228 τῶν
3190 2174 3449 2244 ὑπηκόων
3482 2173 3641 2244 ἡμῶν
3668 2175 3773 2244 τὴν

2194 2266 2448 2320 διάϐασιν
2496 2263 2590 2317 τοῦ
2636 2261 2868 2334 στρατοῦ
2920 2265 3100 2335 ποιῇς,
3154 2262 3430 2333 φείδεσθαι
3481 2265 3574 2317 καὶ
3620 2264 3767 2317 ἀπο-

2195 2361 2415 2430 φεύγειν
2444 2363 2568 2423 τοὺς
2591 2359 3007 2432 γεωργηθέντας
3040 2357 3237 2422 τόπους
3262 2360 3375 2423 τοῖς
3402 2358 3772 2430 στρατιώταις

2195 2453 2537 2523 παράγγελλε
2560 2467 2573 2481 ’
2624 2452 2734 2506 εἴτε
2760 2451 3012 2522 χωράφιά
3038 2453 3196 2517 εἰσιν,
3230 2449 3339 2504 εἴτε
3374 2450 3699 2522 ἀμπελῶνες
3729 2452 3767 2522 ἢ

2193 2545 2394 2615 κῆποιο
2428 2544 2520 2597 καὶ
2553 2544 2629 2614 μὴ
2660 2543 2974 2597 διαϐαίνωσι
3009 2543 3173 2612 μέσον
3204 2542 3408 2606 αὐτῶν,
3442 2544 3528 2596 ἵνα
3554 2541 3767 2615 φυλάτο

2192 2651 2291 2704 της
2343 2635 2469 2698 τοὺς
2521 2634 2798 2696 ὑποτελεῖς
2828 2633 2987 2703 ἡμῶν
3030 2634 3123 2687 καὶ
3166 2635 3442 2704 γεωργοὺς
3473 2633 3768 2705 ἀζημίους,

2194 2723 2334 2777 κατὰ
2363 2722 2451 2776 τὸν
2479 2724 2606 2791 παρ’
2641 2722 2796 2793 ἡμῶν
2825 2739 2907 2775 σοι
2930 2721 3326 2792 προεκτεθέντα
3360 2722 3546 2793 νόμον.

2270 2812 2365 2879 ις’.
2398 2814 2508 2868 Kal.
2541 2815 2588 2867 εἰ
2618 2814 2718 2884 μὲν
2750 2813 2990 2879 δυνατὸν,
3029 2813 3116 2868 διὰ
3142 2813 3251 2867 τῶν
3278 2814 3647 2884 ἁγεωργήτων
3670 2816 3767 2869 τό-

2192 2921 2311 2957 πων
2356 2905 2574 2976 μακράν
2625 2922 2684 2958 σε
2723 2904 3051 2976 διέρχεσθαι.
3081 2906 3144 2957 El
3176 2905 3234 2959 δὲ
3282 2905 3495 2977 ἀνάγκη
3540 2921 3597 2957 σε
3631 2923 3770 2959 κατ-

2193 2997 2403 3064 επείγει
2454 2996 2541 3050 διὰ
2595 2996 2703 3049 τῶν
2730 2995 2988 3049 τοιούτων
3022 2995 3448 3068 γεωργηθέντων
3474 2996 3656 3050 τόπων
3684 2998 3767 3052 δι-

2190 3086 2393 3152 ελθεῖν,
2440 3085 2813 3158 παραγγείλῃς
2837 3088 2963 3151 τοὺς
3007 3087 3239 3141 ἑκάστου
3266 3087 3544 3157 τάγματος
3569 3088 3767 3159 ἄρχον-

2195 3193 2319 3240 τας,
2353 3175 2549 3246 μέχρις
2577 3175 2642 3228 ἂν
2672 3176 2719 3227 οἱ
2749 3174 2842 3227 ὑπ’
2873 3174 3069 3238 αὐτοὺς
3086 3175 3408 3247 τεταγμένοι
3434 3174 3763 3245 στρατιῶται

2194 3267 2555 3338 παρέλθωσιν,
2581 3265 2830 3320 ἵστασθαι
2860 3267 2955 3319 καὶ
2986 3264 3297 3335 φυλάττειν,
3327 3265 3422 3318 καὶ
3448 3264 3509 3318 τὸ
3537 3265 3634 3318 ἀπ’
3662 3265 3761 3319 αύ-

2192 3358 2284 3413 τοῦ
2302 3359 2612 3430 ἐρχομένων
2632 3358 2743 3430 (59)
2766 3357 3113 3430 παραδιδόναι
3130 3356 3254 3423 τοὺς
3268 3356 3540 3419 τοιούτους
3562 3358 3763 3421 τόπους

2191 3448 2471 3512 ἀϐλαϐεῖς,
2505 3447 2600 3501 καὶ
2621 3447 2793 3513 οὕτως
2829 3448 3153 3519 ἀναχωρεῖν.

2266 3540 2351 3607 ιζ’.
2402 3540 2508 3595 Τὸν
2548 3541 2734 3611 ὅμοιον
2779 3540 2838 3593 δὲ
2881 3539 3085 3612 τρόπον
3138 3540 3311 3593 ποιεῖν
3381 3539 3477 3593 καὶ
3520 3539 3612 3592 τὸν
3661 3540 3759 3592 ἀπ’

2190 3636 2423 3703 ἐκείνου,
2456 3636 2551 3690 καὶ
2584 3634 2813 3698 ἕκαστος
2840 3633 3024 3706 ἄρχων
3051 3632 3115 3686 τὸ
3138 3632 3271 3687 αὐτὸ
3298 3633 3540 3686 ποιείτω.
3570 3633 3760 3695 Οὕτως

2191 3729 2299 3798 γὰρ
2330 3727 2426 3780 καὶ
2472 3728 2506 3796 ἠ
2558 3726 2625 3798 σὴ
2668 3726 2913 3793 εὐταξία,
2949 3724 3045 3778 καὶ
3071 3726 3105 3795 ἡ
3136 3724 3245 3777 τῶν
3271 3726 3567 3796 ἀρχόντων,
3601 3726 3693 3779 καὶ
3724 3727 3758 3794 ἡ

2188 3818 2280 3872 τοῦ
2316 3816 2570 3887 στρατοῦ,
2613 3818 2709 3872 κα)⁵
2761 3818 2821 3870 τὸ
2874 3815 3106 3880 ἀϐλαϐὲς
3162 3815 3255 3868 τοῦ
3327 3815 3576 3887 γεωργοῦ
3642 3815 3760 3869 δια-

2188 3910 2617 3980 φυλαχθήσεται.

2260 4000 2348 4073 ιη’.
2409 4000 2578 4054 Ὅταν
2636 3998 2693 4051 δὲ
2764 3996 2960 4070 ὲγγίξῃ
3013 3996 3105 4050 καὶ
3155 3996 3518 4065 προσδοκᾶται
3580 3996 3758 4063 κάμα-

2185 4108 2275 4155 τος
2311 4089 2423 4161 (40)
2453 4088 2693 4157 πολέμου
2720 4127 2736 4151 ,
2783 4087 2816 4158 ἢ
2849 4086 3115 4157 δυσχερὴς
3152 4087 3246 4141 καὶ
3278 4086 3539 4149 ἑπίκοπος
3566 4084 3758 4139 διάϐα-

2188 4200 2289 4249 σις,
2342 4182 2438 4235 ἐὰν
2463 4180 2577 4246 ζῶα
2609 4182 2776 4251 ἄγρια
2806 4180 2839 4249 ἢ
2885 4180 3069 4250 ἥμερα
3094 4180 3236 4233 κατά
3267 4178 3363 4247 τὴν
3408 4177 3524 4230 ὁδὸν
3567 4177 3754 4231 διανα-

2186 4274 2403 4339 στῶσιν,
2433 4273 2465 4345 ἦ
2495 4274 2843 4343 ύπαντήσωσι
2873 4272 3012 4323 κατά
3043 4270 3363 4341 πρόσωπον,
3394 4269 3608 4342 κωλύῃς
3644 4270 3755 4339 (4|)

500 4362 554 4406 et
578 4343 940 4407 insectatione
988 4349 1206 4406 illarum
1262 4350 1463 4406 milites
1522 4362 1646 4408 tuos
1691 4350 2007 4423 prohibebis
2054 4375 2066 4424 ;

2189 4372 2260 4422 ἵνα
2293 4367 2367 4438 μὴ
2396 4365 2662 4419 διώκωσιν
2713 4364 2875 4428 αὐτὰ,
2927 4364 3009 4415 ὅτι
3054 4361 3119 4415 δι’
3169 4360 3347 4414 αὐτῶν
3387 4361 3613 4431 θόρυϐος
3660 4364 3755 4414 καὶ

502 4459 694 4513 magna
765 4443 911 4497 enim
988 4441 1147 4496 turba
1215 4458 1551 4516 magnusque
1605 4447 1811 4502 clamor
1884 4464 1951 4502 ex
2009 4465 2072 4503 eo

499 4542 671 4599 esset,
704 4542 759 4589 et
813 4534 939 4605 equi
978 4534 1195 4587 illorum
1238 4534 1357 4591 sine
1410 4535 1517 4591 ulla
1566 4539 1890 4594 necessitate
1932 4539 2073 4595 aﬂli-

497 4633 781 4697 gerentur.

566 4718 654 4774 19.
688 4716 917 4785 Quando
943 4717 1093 4788 paris
1119 4727 1354 4791 tempus,
1408 4729 1464 4775 et
1529 4723 1682 4777 nulla
1720 4723 1844 4779 belli
1878 4740 2070 4795 exspe-

496 4812 663 4867 ctatio
709 4822 793 4866 est
825 4850 839 4876 ,
864 4848 879 4864 .
902 4820 1034 4867 tunc
1068 4813 1285 4867 venatio
1322 4813 1613 4869 admodum
1676 4816 1824 4872 utilis
1878 4817 2067 4872 militi-

497 4905 598 4961 bus
631 4915 734 4960 est.

551 4997 647 5051 20.
684 4996 742 5053 Si
777 5011 1006 5069 parvum
1026 4997 1327 5052 exercitum
1357 5006 1549 5053 contra
1609 4998 1792 5056 hostes
1820 5000 2064 5068 duxeris,

494 5102 588 5156 per
612 5089 852 5165 habitata
879 5089 1000 5144 loca
1028 5104 1095 5143 ne
1120 5087 1309 5153 ducas,
1348 5104 1526 5160 neque
1573 5090 1626 5149 in
1657 5100 1771 5157 tua,
1801 5107 1979 5163 neque
2011 5093 2064 5148 in

493 5179 725 5234 hostium
749 5166 988 5249 regione,
1022 5194 1091 5233 ne
1126 5179 1265 5233 forte
1291 5182 1664 5249 speculatores
1689 5183 1845 5238 facile
1874 5184 2065 5239 adver-

2172 4457 2384 4530 κραυγὴ
2414 4457 2623 4525 γίνεται
2714 4454 2807 4507 καὶ
2851 4455 2898 4506 οἱ
2936 4452 3093 4505 ἵπποι
3128 4451 3326 4522 χωρεῖς
3358 4450 3471 4520 (42)
3500 4450 3750 4520 ἀνάγκης

2171 4548 2577 4619 συντρίϐονται.

2242 4725 2327 4779 tO'.
2365 4724 2536 4778 Ὅταν
2567 4724 2622 4777 δὲ
2658 4725 2849 4794 καιρός
2893 4724 3041 4795 ἐστιν
3092 4723 3334 4795 εἰρήνης,
3400 4723 3495 4776 καὶ
3527 4723 3754 4792 οὐδεμία

2174 4818 2388 4888 ἀνάγκη
2438 4815 2736 4880 emacem,
2779 4816 2898 4869 τότε
2961 4816 3208 4887 χρήσιμά
3245 4817 3351 4869 εἰσι
3402 4816 3470 4870 τά
3515 4818 3753 4885 κυνήγια

2171 4911 2279 4972 τοῖς
2313 4907 2693 4979 στρατιώταις.

2247 5008 2314 5055 κ’.
2358 5001 2486 5054 Ἐὰν
2531 5002 2589 5054 δὲ
2635 5000 2815 5070 ὀλίγον
2844 5001 3093 5072 στρατὸν,
3144 5001 3219 5066 ὡς
3265 5002 3435 5065 εἰκὸς,
3481 5000 3753 5073 ἐπιφέρῃς

2169 5094 2262 5146 καὶ
2322 5092 2523 5166 μέλλῃς
2588 5091 2926 5163 ἐπιτηδεύειν
2979 5094 3119 5146 κατά
3165 5091 3273 5145 τῶν
3326 5091 3623 5162 πολεμίων,
3673 5093 3756 5162 μὴ

2167 5184 2491 5255 διαϐιϐἀξῃς
2524 5183 2722 5247 αὐτοὺς
2750 5184 2890 5239 κατά
2924 5184 3103 5238 τόπων
3138 5183 3496 5254 οἰκουμένων,
3522 5182 3658 5253 μηδὲ
3690 5184 3752 5235 ὲν

2011 5322 2251 5378 NOTAE.

528 5410 677 5489 ..βω-
707 5410 816 5489 K_at
839 5412 916 5489 τι)
941 5408 1041 5464 ἀπ’
1078 5410 1264 5489 αὐτοῦ
1291 5409 1645 5481 ἐρχομένων.
1696 5414 1911 5478 Scribe,
1960 5415 2051 5468 καὶ

528 5480 553 5489 -.
595 5482 606 5492 .
665 5480 677 5498 ,
748 5482 759 5497 ,
839 5480 915 5510 -,
1432 5480 1439 5481 ,

483 5492 668 5602 ,(9ίὲῗῶ
698 5480 1317 5602 ἶιῖὶῖῗέτῖνῖἶίῗέέιέιῖοιατ
1362 5552 1514 5602 κάιια
1546 5554 1671 5602 ἕως.
1707 5553 1762 5602 In
1803 5554 1970 5602 Palati

558 5550 668 5617 (Ml)
692 5550 982 5623 [ἰάματος.
1015 5550 1317 5619 Legebatur
1362 5552 1514 5623 κάμα
1546 5554 1671 5617 ἕως.
1707 5553 1763 5608 ln
1802 5554 2050 5612 Palatino

485 5627 622 5681 erat,
643 5619 793 5685 τάμα
814 5619 918 5683 ἕως
935 5655 949 5670 .

2238 5416 2349 5485 (Η)
2379 5417 2670 5481 Κωνιύεις.
2700 5417 3076 5483 Scribebatur,
3112 5414 3385 5476 καλλύει;.

2254 5485 2344 5556 42)
2379 5487 2487 5541 Καὶ
2524 5490 2576 5542 οἱ
2609 5488 2782 5541 ἵπποι
2832 5486 3059 5556 χωρεῖς.
3114 5486 3305 5543 Scribe
3326 5525 3341 5551 ,
3369 5484 3460 5538 καὶ
3508 5485 3555 5539 οἱ
3583 5484 3748 5539 ῖπποι

2160 5555 2348 5624 χωρίς.
