4100 6226
476 262 581 360 775

1626 252 1910 313 ‘LEONIS
1944 246 2419 313 ‘PHILOSOPHI

3613 232 3721 296 ’ΠΕ

544 374 636 429 28.
668 369 726 427 Si
759 369 981 440 longum
1003 366 1226 441 aliquod
1253 366 1376 432 iter,
1416 374 1469 421 et
1502 362 1799 420 multorum
1823 362 2036 418 dierum
2067 417 2068 420 η

2210 357 2320 428 κη’.
2360 356 2488 411 Ἐάν
2513 354 2569 409 δὲ
2602 354 2690 410 διὰ
2720 351 2935 425 μακρᾶς
2977 342 3097 401 ὁδοῦ
3132 344 3332 416 μέλλῃς
3369 342 3717 413 πορεύεσθαι,

478 467 621 522 viam
653 472 766 519 tum
802 462 857 517 in
882 473 994 525 tua,
1026 470 1141 515 tum
1166 459 1218 512 in
1239 454 1419 512 hostili
1446 456 1671 526 regione
1695 452 2043 509 conlecturus

480 573 562 621 es,
599 555 831 625 primum
867 549 1197 607 assuetacito
1230 547 1457 608 milites,
1507 555 1563 599 ut
1595 546 1647 600 in
1683 543 1907 614 regione
1951 551 2041 597 tua

481 649 608 702 dum
637 646 766 708 sint,
797 643 1043 697 ordinem
1072 655 1233 695 suum
1276 641 1329 694 in
1361 637 1674 708 manipulis,
1703 652 1826 706 qua:
1854 644 2045 690 contu-

486 737 670 791 bernia
702 748 916 803 quoque
941 740 1227 795 vocantur,
1260 739 1314 785 et
1336 729 1629 785 stationem
1670 735 1913 793 teneant,
1951 739 2044 779 an-

486 818 843 898 tegredie’ntcs
870 822 1535 894 sequantur,uthostilem
1571 820 1624 873 in
1669 828 1868 874 terram
1922 831 2047 871 cum

486 915 748 981 venerint,
780 927 833 970 et
865 930 962 968 nec
992 914 1229 983 Opinatis
1259 912 1325 967 de
1373 909 1673 981 improviso
1710 906 2049 962 incursioni-

486 1005 589 1058 bus
619 1000 838 1072 appetiti
889 1001 1019 1065 sint,
1070 999 1253 1054 minus
1297 997 1717 1059 tumultuentur,
1766 1000 1820 1049 et
1855 993 1946 1047 alii
1984 991 2052 1047 ad

487 1094 623 1148 alios
649 1092 874 1148 confuse
899 1098 1273 1156 accurrentes,
1322 1089 1423 1143 sibi
1456 1088 1589 1158 ipsis
1619 1086 1768 1140 nullo
1800 1082 2054 1155 praesidio

486 1186 613 1247 sint,
644 1184 734 1238 sed
767 1183 835 1237 ab
859 1181 1103 1236 hostibus
1130 1179 1297 1234 multa
1351 1179 1493 1233 mala
1535 1189 1647 1231 tum
1687 1184 1904 1246 prepter
1967 1173 2053 1229 sui

486 1272 970 1344 perturbationem,
1014 1276 1127 1323 tum
1170 1276 1391 1337 propter
1418 1266 1655 1322 hostium
1680 1265 1936 1334 impetum
1966 1276 2056 1317 nc-

495 1365 720 1435 cipiant.
755 1362 1029 1417 Consucta
1056 1361 1198 1415 enim
1222 1359 1327 1413 hac
1344 1357 1553 1412 ordinis
1609 1353 2049 1417 conservatione,

491 1466 604 1512 tum
638 1457 700 1508 ad
734 1471 816 1509 res
857 1468 1045 1507 omnes
1077 1449 1453 1519 suscipiendas
1484 1455 1646 1502 erunt
1694 1443 1900 1507 idonei,
1939 1452 2053 1497 tum

492 1546 557 1600 ad
589 1546 785 1599 bellum
828 1545 1003 1613 ipsum
1028 1542 1225 1611 parati,
1266 1538 1564 1610 praesertim
1601 1538 1646 1591 si
1695 1519 1910 1608 signum
1961 1533 2058 1589 ali-

2146 449 2241 502 καὶ
2272 447 2483 501 πολλῶν
2510 445 2731 517 ήμερῶν
2760 442 2997 497 διανύειν
3031 437 3253 508 πορείαν
3285 436 3380 489 καὶ
3428 436 3488 489 ὲν
3518 437 3582 506 τῇ
3616 435 3723 507 ἰδίᾳ

2149 538 2300 610 χώρᾳ
2331 540 2424 592 καὶ
2461 540 2519 590 ὲν
2556 540 2622 607 τῇ
2650 534 2913 604 πολεμίᾳ,
2958 530 3048 583 διὰ
3083 528 3182 598 μὲν
3220 527 3320 593 τῆς
3368 525 3501 589 ιδίας
3544 525 3725 596 χώρας

2149 633 2235 685 ἵνα
2285 632 2470 702 ὲθίζῃς
2517 630 2586 683 τά
2631 628 3019 701 στρατεύματα
3077 625 3260 695 μένειν
3300 623 3360 675 ἐν
3401 620 3577 686 τάξει,
3633 622 3728 674 καὶ

2151 723 2549 793 συμφυλάττειν
2592 722 2717 782 τοὺς
2778 718 2940 781 ίδίους
2972 716 3183 786 λόχους,
3214 715 3386 785 ἤγουν
3417 712 3544 776 τοὺς
3576 711 3727 782 ὀρδίο

2151 832 2273 878 νους
2300 815 2400 885 τῆς
2433 814 2639 877 τάξεως
2663 853 2677 877 ,
2711 811 2807 865 καὶ
2838 809 3151 863 ἀκολουθεῖν
3180 808 3293 868 τοῖς
3322 806 3603 876 ἄρχουσιν,
3635 804 3723 857 ῖνα

2154 907 2248 960 καὶ
2298 907 2357 959 ὲν
2382 906 2449 975 τῇ
2480 902 2718 973 πολεμίᾳ
2767 900 2907 971 πρὸς
2947 899 3068 961 τάς,
3106 896 3187 960 ὡς
3215 896 3383 959 είκδς,
3434 894 3726 964 γινομένας

2154 997 2411 1066 ἐξαίφνης
2445 993 2734 1056 ἐπιϐουλάς
2789 993 2866 1062 μὴ
2915 988 3167 1061 ὲναθρύῳ
3229 987 3343 1056 (47)
3394 985 3595 1054 καιρῷ,
3634 986 3729 1038 καὶ

2154 1089 2322 1155 ὀξέως
2364 1084 2753 1155 ἑπιγινομένῳ,
2803 1079 3156 1153 θορυϐοῦνται
3211 1080 3305 1132 καὶ
3356 1077 3726 1146 ἐπιτρέχουσι,

2158 1180 2253 1233 καὶ
2281 1178 2435 1232 ἄλλοι
2462 1176 2597 1247 πρὸς
2629 1173 2822 1236 ἄλλους
2852 1172 3129 1242 φέρονται,
3151 1169 3247 1223 καὶ
3273 1166 3362 1222 διά
3375 1166 3534 1220 τοῦτο
3564 1167 3730 1236 μηδὲν

2156 1268 2189 1338 ἢ
2226 1266 2320 1320 καὶ
2366 1265 2582 1336 βοηθεῖν
2624 1263 2901 1325 δύνανται,
2939 1259 3111 1312 πολλὰ
3152 1258 3208 1310 δὲ
3257 1256 3405 1310 κακά
3452 1255 3486 1325 ἢ
3535 1257 3629 1308 καὶ
3658 1255 3727 1307 δι’

2160 1358 2370 1412 ἑαυτῶν
2398 1359 2431 1428 ἢ
2460 1357 2556 1411 καὶ
2574 1356 2664 1409 διά
2712 1354 2821 1408 τῶν
2868 1351 3144 1422 πολεμίων
3186 1349 3454 1412 πάθωσιν,
3496 1348 3610 1401 ἀλλ’
3641 1347 3727 1399 ἵνα

2156 1451 2244 1504 διὰ
2301 1448 2395 1503 τοῦ
2462 1446 2687 1513 ἐθισμοῦ
2756 1446 2857 1516 τῆς
2910 1442 3163 1507 εὐταξίας
3214 1441 3307 1494 καὶ
3364 1442 3443 1504 είς
3504 1440 3732 1509 πορείαν

2159 1542 2296 1594 εἰσὶν
2356 1539 2653 1605 ἐπιδέξιοι,
2719 1537 2814 1590 καὶ
2884 1537 2965 1599 είς
3029 1535 3207 1606 μάχην
3269 1530 3685 1604 εύτρεπισμένοι
3714 1570 3729 1590 ,

493 1637 640 1706 quod
672 1637 921 1699 habeant,
962 1644 1014 1689 et
1071 1642 1293 1703 aspectu
1345 1631 1448 1702 ipsi
1501 1645 1558 1685 sc
1594 1629 1735 1683 inter
1789 1642 1847 1682 se
1893 1640 2060 1696 agno-

2168 1630 2372 1701 ἑχοντες
2403 1628 2497 1682 καὶ
2542 1625 2766 1698 σημεῖόν
2795 1642 2848 1679 τι
2875 1624 2968 1678 καὶ
3014 1622 3277 1695 ἀλλήλους
3320 1623 3378 1676 ὲν
3421 1620 3574 1685 τάξει
3606 1618 3735 1688 βλέο

496 1736 674 1783 503M.

563 1818 653 1872 29.
672 1821 774 1874 Per
798 1815 1078 1886 angustias
1101 1813 1235 1868 tales
1260 1826 1422 1882 quam
1451 1809 1674 1864 minime
1693 1815 1846 1878 potes
1871 1805 2060 1860 ducito

496 1910 816 1972 exercitum,
872 1906 965 1961 sed
1016 1921 1110 1975 per
1160 1903 1399 1975 spatiosa
1424 1903 1566 1965 loca,
1600 1901 1654 1955 in
1706 1899 1906 1969 quibus
1954 1912 2060 1951 non

500 2009 815 2071 prementur
841 1999 1105 2071 angustiis
1136 1997 1376 2052 locorum
1419 1991 1706 2064 implicati,
1774 1990 1869 2046 sed
1909 1990 1999 2044 ubi
2031 2004 2059 2043 a

500 2096 667 2151 latere
689 2090 912 2162 produci
944 2086 1403 2158 inlougitudinem
1444 2093 1708 2156 possunt;
1734 2080 1891 2137 facile
1916 2079 2062 2135 enim

502 2179 713 2237 insidiis
740 2176 1142 2242 circumveniri,
1172 2183 1225 2230 et
1249 2175 1486 2230 hostium
1514 2171 1695 2227 subito
1755 2170 2061 2224 interventu

500 2268 726 2340 opprimi
759 2278 1006 2339 possunt,
1035 2266 1127 2334 qui
1179 2265 1253 2319 ita
1316 2263 1453 2317 locis
1485 2260 1683 2315 inclusi
1718 2267 1866 2323 sunt,
1890 2266 1948 2312 ut
1996 2257 2063 2311 ad

501 2358 706 2431 aliquid
767 2359 1091 2430 praeclarum
1125 2354 1552 2426 :suscipiendum
1584 2351 1971 2420 impediantur.

571 2453 659 2507 50.
690 2449 747 2505 Si
798 2450 946 2504 enim
1002 2463 1069 2503 ex
1120 2446 1349 2501 adverso
1400 2445 1589 2497 hostes
1636 2442 1859 2496 veniant
1905 2438 2065 2494 latius

504 2538 785 2593 instructis
815 2536 1010 2605 cepiis,
1035 2532 1192 2588 facile
1214 2530 1514 2585 fundentur
1566 2537 1620 2582 et
1653 2526 2070 2595 dissipabuntur

505 2636 604 2697 tui,
638 2626 1098 2699 quemadmodum
1124 2637 1247 2679 cum
1297 2623 1352 2677 in
1397 2620 1539 2676 bello
1565 2619 1635 2675 ab
1679 2618 1931 2674 hostibus
1957 2620 2068 2672 cir-

506 2718 774 2776 cumclusi
797 2719 950 2772 estis.

576 2812 664 2866 3|.
686 2808 781 2863 Sin
807 2823 837 2863 τι
861 2809 1028 2862 latere
1067 2820 1164 2876 per
1193 2802 1401 2860 medias
1445 2801 1629 2873 copias
1669 2800 1855 2856 hostes
1886 2798 2072 2854 incur-

508 2911 653 2967 rant,
736 2899 895 2955 facile
947 2896 1348 2961 distrahuntur,
1388 2901 1441 2951 et
1489 2899 1817 2963 separantur
1881 2890 2070 2959 copim.

507 2993 661 3061 Quod
683 2992 731 3048 si
759 2992 826 3047 ad
852 2989 1175 3060 phalangem
1206 2985 1382 3043 redire
1406 2985 1702 3049 voluerint,
1736 2991 1791 3039 et
1812 2980 2073 3050 utrinque

507 3087 664 3158 quasi
729 3085 899 3139 aciem
958 3082 1251 3142 instruere,
1322 3078 1599 3133 inﬁrmum
1638 3085 1755 3129 tum
1820 3049 2142 3144 praeliumc

508 3180 648 3244 erit,
678 3177 804 3248 quia
834 3172 1122 3229 confestim
1153 3171 1259 3226 hoc
1305 3169 1374 3225 ab
1402 3169 1509 3223 illis
1536 3166 1650 3222 ﬁeri
1671 3180 1777 3220 non
1803 3171 2002 3234 potest.

579 3270 667 3324 δε.
694 3268 789 3324 Sin
829 3281 860 3319 a
892 3276 1042 3334 tergo
1063 3262 1342 3324 invadant,
1369 3273 1523 3329 aeque
1571 3270 1812 3326 praesens
1857 3251 2062 3321 pericu-

513 3365 626 3417 lum
645 3367 748 3425 est,
785 3372 849 3413 ac
888 3354 1104 3422 fuisset,
1123 3353 1168 3409 si
1206 3366 1323 3417 eos,
1363 3350 1458 3420 qui
1495 3347 1549 3403 in
1580 3346 1760 3403 fronte
1791 3354 1943 3410 sunt,
1990 3344 2076 3399 in-

512 3453 806 3508 vasisseut.

581 3546 670 3599 ’55.
712 3540 867 3608 Quod
890 3540 937 3595 si
974 3535 1192 3607 aliquod
1253 3532 1560 3590 subsidium
1598 3543 1723 3586 esse
1761 3525 2077 3597 contingat,

516 3638 704 3695 inutile
740 3645 918 3690 tamen
949 3632 1078 3687 illud
1106 3637 1267 3699 atque
1301 3626 1548 3681 ineiIicax
1587 3623 1711 3679 erit.
1742 3619 1875 3676 Nam
1952 3634 2077 3675 cum

513 3732 611 3802 qui
649 3744 677 3784 a
717 3736 869 3797 tergo
917 3733 1046 3780 sunt
1086 3738 1243 3792 Opem
1301 3719 1445 3773 ferre
1474 3717 1541 3771 iis
1577 3715 1821 3779 student,
1882 3713 1977 3782 qui
2022 3712 2075 3765 in

514 3824 692 3876 fronte
712 3819 1066 3878 collocantur,
1104 3821 1199 3866 aut
1239 3819 1451 3872 contra,
1486 3805 1656 3875 quiin
1724 3803 1902 3859 fronte
1950 3808 2080 3857 sunt

517 3913 585 3968 iis
601 3911 691 3981 qui
721 3925 749 3963 a
776 3916 927 3977 tergo
965 3914 1094 3961 sunt
1125 3915 1445 3958 succurrere
1477 3898 1688 3960 volunt,
1721 3895 1875 3950 tarda
1898 3903 2081 3949 tamen

514 4012 566 4058 et
590 4017 711 4059 sera
743 3995 1052 4071 progressio
1086 3996 1200 4049 haec
1222 3994 1359 4047 solet
1389 4005 1531 4057 esse,
1570 3989 1890 4059 plerumque
1945 3985 2082 4040 inu-

516 4096 648 4150 tilis.

587 4186 676 4240 34.
715 4182 998 4238 Exercitus
1048 4184 1364 4234 contractus
1395 4182 1451 4230 et
1478 4172 1802 4245 quadratus,
1847 4176 1943 4224 aut
1973 4182 2081 4224 non

516 4278 592 4333 ita
651 4275 882 4331 multum
940 4270 1244 4340 oblongus,
1320 4266 1388 4323 ad
1459 4278 1676 4320 omnem
1739 4260 2080 4317 occasionem

518 4379 681 4439 atque
707 4374 957 4433 eventum
995 4362 1221 4423 firmus,
1267 4357 1417 4413 utilis
1469 4363 1633 4424 atque
1691 4361 1840 4407 tutus
1871 4359 1976 4405 est.

588 4541 680 4597 35.
709 4540 862 4611 Saepe
879 4536 1023 4593 enim
1063 4547 1172 4590 non
1210 4529 1534 4594 contractis,
1567 4528 1660 4585 sed
1689 4525 1971 4596 dissipatis
1990 4540 2085 4580 co.

520 4635 646 4707 piis,
672 4633 764 4704 qui
793 4630 953 4702 primi
980 4644 1011 4684 e
1041 4624 1308 4682 montosis
1344 4623 1483 4678 locis
1520 4623 1575 4677 in
1606 4628 1941 4689 campestres
1994 4617 2089 4673 de-

514 4725 809 4787 scendunt,
840 4722 1021 4776 animo
1079 4718 1333 4774 luesitaut
1383 4729 1448 4770 ac
1495 4712 1876 4784 pertubantur,
1924 4717 2088 4779 atque

522 4834 616 4874 eos
642 4831 778 4887 quos
808 4830 837 4868 a
868 4821 1017 4882 tergo
1053 4809 1261 4875 vident,
1304 4809 1492 4863 hostes
1512 4818 1635 4859 esse
1669 4808 1881 4872 putant,
1932 4810 1992 4855 ut
2019 4800 2087 4855 ad

516 4910 921 4983 confligendum
949 4921 1072 4961 cum
1110 4905 1226 4960 suis
1255 4903 1408 4972 quasi
1431 4915 1555 4955 cum
1586 4897 1836 4952 hostibus
1868 4908 1926 4953 se
1949 4907 2090 4963 prae-

524 5011 736 5074 parent,
763 5011 927 5071 atque
953 4999 1115 5054 etiam
1142 4995 1214 5050 ad
1252 5007 1448 5048 manus
1478 4987 1871 5050 conserendas,
1897 4993 1953 5038 et
1971 4983 2089 5038 bel-

524 5095 636 5151 lum
661 5091 997 5149 inferendum
1022 5103 1158 5160 pene
1184 5085 1425 5141 veniant.
1894 5090 1897 5093 ‘

594 5188 685 5242 56.
731 5184 1121 5255 impedimenta
1187 5177 1468 5239 universa,
1530 5184 1748 5242 operas,
1792 5166 2041 5222 sarcinas
2071 5206 2086 5233 ,

526 5286 688 5347 atque
737 5288 951 5331 onmem
988 5277 1310 5341 apparatum
1366 5267 1419 5321 in
1460 5262 1656 5319 mediis
1697 5257 1872 5330 copiis
1920 5257 2090 5314 collo-

526 5378 667 5423 (.310.

2091 1709 2135 1768 Β
2164 1736 2378 1783 ποντες.
2770 1752 2773 1755 -

2232 1810 2338 1866 κθ’.
2392 1810 2502 1880 Τὴν
2560 1810 2619 1863 δὲ
2670 1805 2898 1880 πορείαν
2952 1805 3045 1860 τοῦ
3106 1802 3513 1874 στρατεύματος
3543 1799 3737 1869 ὀλίγην

2163 1901 2434 1955 ποιεῖσθαί
2462 1917 2519 1953 σε
2541 1899 2639 1963 δεῖ,
2675 1900 2770 1953 καὶ
2793 1897 2884 1952 διὰ
2918 1896 3174 1951 τοιούτων
3208 1894 3423 1966 χωρίων
3453 1890 3736 1954 διαϐίϐαζε

2161 1995 2260 2057 τάς
2288 1993 2489 2057 τάξεις,
2545 1990 2610 2044 δι’
2668 1986 2765 2045 ὧν
2793 1989 2854 2043 ού
2908 1988 3351 2057 συνθλιϐήσονται
3414 1985 3526 2056 (48)
3579 1984 3739 2053 ἐχου-

2167 2102 2256 2137 σαι
2287 2082 2486 2144 πλάτος
2512 2082 2651 2135 ὥστε
2686 2081 2749 2134 ἐκ
2779 2080 3020 2149 πλευρᾶς
3066 2078 3158 2131 ἐπὶ
3213 2077 3387 2147 μῆκος
3415 2074 3737 2143 ἐκταθῆναι.

2168 2174 2626 2229 Εὐεπιϐούλευτοι
2687 2173 2794 2241 γάρ
2836 2172 3076 2238 γίνονται
3124 2168 3259 2239 πρὸς
3305 2167 3405 2229 τὰς
3436 2164 3736 2233 αἰφνιδίους

2167 2268 2276 2319 τῶν
2329 2265 2605 2335 πολεμίων
2651 2263 2973 2333 ἐπιφανείας
3006 2261 3061 2315 αἱ
3092 2259 3362 2326 τοιαῦται,
3396 2256 3491 2311 καὶ
3539 2256 3741 2327 μᾶλλον

2169 2359 2267 2412 οὒκ
2297 2358 2516 2428 ἔχουσαι
2545 2355 2605 2409 τὸ
2637 2355 2984 2424 δραστήριον.

2239 2450 2314 2502 λ’.
2356 2447 2480 2501 Ἐὰν
2507 2446 2616 2517 γὰρ
2657 2446 2839 2508 αὐτοῖς
2873 2443 2980 2498 ἀπὸ
3011 2439 3323 2513 ἔμπροσθεν
3352 2437 3744 2510 άπαντήσωσιν

2168 2541 2218 2594 οἱ
2247 2540 2496 2608 πολέμιοι
2535 2538 2858 2605 πλατύτεροι
2901 2534 3246 2604 τεταγμένοι,
3281 2531 3517 2593 εὐκόλως
3545 2529 3741 2590 αὐτοὺς

2168 2631 2480 2701 τρέπονται,
2514 2628 2767 2697 καθάπερ
2818 2629 2868 2680 οἱ
2915 2627 3009 2680 ἐπὶ
3055 2626 3154 2695 τῆς
3210 2624 3390 2694 μάχης
3434 2622 3604 2692 αὐτῆς
3644 2620 3739 2672 εύο

2170 2721 2376 2793 καίρως
2408 2719 2732 2782 κυκλοῦντες
2756 2718 2881 2781 τοῦς
2903 2714 3197 2777 ἐναντίους.

2242 2811 2343 2865 λα’.
2384 2808 2512 2864 Ἐάν
2540 2809 2597 2863 δὲ
2627 2808 2770 2863 κατὰ
2818 2808 2989 2879 μέσην
3016 2806 3115 2877 τὴν
3157 2803 3386 2875 δύναμιν
3409 2804 3475 2855 ὲκ
3503 2801 3746 2871 πλευρᾶς

2174 2902 2495 2966 ἐπιϐάλωσι,
2528 2902 2665 2972 ταχὺ
2709 2900 2983 2953 διιστῶσιν
3011 2896 3194 2951 αὐτῶν
3221 2895 3320 2965 τὴν
3370 2893 3596 2964 πορείαν
3647 2892 3744 2945 καὶ

2173 2993 2583 3048 διακόπτουσιν.
2618 2990 2744 3044 Ἐὰν
2779 2990 2889 3060 γὰρ
2924 2987 3291 3057 ὲπιστρέψωσι
3322 2986 3458 3053 πρὸς
3486 2983 3743 3053 φάλαγγα

2175 3088 2223 3141 οἱ
2249 3084 2671 3156 ὁδοιποροῦντες,
2688 3077 3412 3150 ὥστεάντιπαρατάξασθαι,
3442 3073 3672 3145 ἀσθενὴς
3704 3076 3740 3144 ἡ

2177 3178 2328 3249 μάχη
2351 3177 2560 3246 γίνεται
2595 3175 2689 3229 καὶ
2712 3175 2812 3227 οὐκ
2837 3172 3037 3243 ἔχουσα
3063 3172 3248 3241 τάχος.

2246 3268 2346 3337 λβ’.
2383 3266 2509 3320 Ἐάν
2523 3266 2579 3319 δὲ
2609 3264 2719 3319 άπὸ
2740 3264 2963 3317 ὄπισθεν
2992 3260 3318 3331 ὲπιφανῶσι,
3352 3256 3635 3328 προφανὴς
3653 3254 3740 3323 γί-

2175 3375 2325 3413 νεται
2358 3356 2577 3428 δλεθρος
2605 3356 2807 3426 ὁμοίως
2832 3358 2945 3420 τοῖς
2972 3354 3028 3408 ὲν
3060 3353 3138 3424 τῷ
3175 3350 3485 3423 ἔμπροσθεν
3514 3349 3611 3420 τῆς
3642 3365 3743 3400 πο-

2179 3449 2331 3522 ρείας
2356 3447 2727 3518 τεταγμένοις.

2244 3541 2346 3609 λγ’.
2376 3540 2672 3611 Συμϐαίνει
2699 3539 2757 3592 δὲ
2790 3539 2884 3593 καὶ
2913 3539 3008 3593 ἐάν
3053 3555 3136 3601 τις
3172 3534 3550 3608 παραϐοήθεια
3584 3533 3745 3603 γένη·

2175 3647 2287 3699 ται,
2319 3632 2552 3703 δυσχερῆ
2584 3631 2679 3684 καὶ
2708 3630 2988 3700 ἄπρακτον
3025 3625 3195 3698 αὐτὴν
3221 3626 3487 3695 γενέσθαι·
3503 3623 3613 3675 τῶν
3637 3623 3746 3691 γάρ

2177 3723 2285 3779 άπὸ
2317 3722 2537 3776 ὄπισθεν
2582 3723 2692 3783 τοῖς
2734 3719 3041 3790 ἔμπροσθεν
3076 3717 3409 3786 βουλομένων
3450 3714 3684 3785 βοηθεῖν,
3709 3712 3744 3778 ἢ

2180 3814 2341 3867 πάλιν
2371 3812 2478 3867 τῶν
2508 3809 2817 3881 ἔμπροσθεν
2844 3811 2956 3872 τοῖς
2998 3810 3077 3869 εἰς
3102 3807 3162 3859 τὸ
3187 3805 3431 3869 ὄπισθεν,
3461 3802 3679 3873 βραδεῖα
3710 3800 3743 3867 ἡ

2180 3904 2411 3966 ἔλευσις,
2440 3901 2536 3957 καὶ
2558 3902 2618 3954 οὐ
2654 3900 2794 3954 κατὰ
2823 3899 3012 3970 καιρὸν
3047 3897 3271 3951 δύναται
3302 3894 3568 3965 γίνεσθαι.

2251 4164 2346 4221 λδ¹.
2367 4164 2433 4218 Ἦ
2455 4163 2513 4217 δὲ
2545 4159 2950 4230 συνεσταλμένη
2979 4160 3172 4228 πορεία
3199 4158 3293 4212 καὶ
3321 4156 3681 4226 τετράγωνος,
3714 4154 3748 4221 ἡ

2188 4256 2525 4327 παραμήκης
2586 4253 2707 4324 μὲν,
2781 4252 2857 4321 μὴ
2911 4251 3051 4304 πάνυ
3110 4249 3168 4303 δὲ
3225 4246 3383 4301 τοῦτο
3439 4246 3635 4319 ἔχουσα
3690 4243 3750 4295 τὸ

2108 4380 2161 4439 D
2190 4346 2395 4417 σχῆμα,
2451 4343 2588 4398 ἀλλὰ
2637 4342 2971 4413 σύμμετρον,
3022 4343 3101 4403 είς
3144 4340 3319 4394 πάντα
3372 4337 3561 4406 καιρόν
3604 4335 3752 4386 ἐστιν

2188 4440 2282 4493 καὶ
2310 4436 2808 4509 εύμεταχείριστος,
2840 4435 2935 4487 καὶ
2962 4431 3235 4502 ἀσφαλής.

2256 4528 2349 4583 λε’.
2386 4528 2653 4590 Πολλάκις
2696 4526 2807 4596 γὰρ
2862 4527 2939 4587 εἰς
2979 4520 3311 4591 ἀμφιϐολίας
3361 4516 3753 4588 ἐμπίπτουσιν,

2185 4622 2312 4674 ὅταν
2345 4620 2394 4673 οἱ
2428 4619 2629 4691 πρῶτοι
2652 4615 2988 4678 καταϐάντες
3048 4613 3155 4667 άπδ
3197 4609 3426 4683 ὀρεινῶν
3452 4608 3632 4661 τόπων
3676 4606 3757 4667 εἰς

2186 4711 2416 4765 ἐπίπεδα
2461 4710 2653 4780 χωρία·
2683 4709 3009 4777 θεασάμενοι
3038 4705 3145 4777 γὰρ
3176 4704 3299 4766 τοὺς
3335 4700 3511 4754 ὀπίσω
3534 4696 3759 4751 ἐπιϐαί-

2196 4818 2382 4862 νοντας
2407 4839 2423 4864 ,
2485 4797 2670 4863 ἔδοξαν
2725 4793 2868 4851 εἶναι
2918 4794 3191 4865 πολεμίων
3246 4791 3564 4854 ὲπέλευσιν,
3618 4787 3763 4841 ὥστε

2198 4888 2431 4943 σπεῦσαι
2462 4887 2787 4958 προσϐαλεῖν
2833 4886 2909 4949 ὡς
2957 4885 3192 4956 ἐχθροῖς,
3237 4882 3388 4944 τινὰς
3442 4879 3498 4933 δὲ
3543 4878 3638 4933 καὶ
3685 4879 3764 4941 εἰς

2198 4985 2386 5055 χεῖρας
2411 4979 2584 5035 ἐλθεῖν
2618 4980 2762 5035 κατὰ
2794 4978 3041 5049 ἀλλήλων
3074 4975 3226 5046 παρὰ
3255 4972 3475 5045 μικρόν.

2266 5165 2374 5230 λς’.
2417 5165 2675 5236 Λάμϐανε
2704 5164 2760 5216 δὲ
2795 5164 2889 5218 καὶ
2920 5162 3081 5216 τάττε
3114 5160 3174 5214 τδ
3210 5157 3424 5213 τοῦλδον
3471 5156 3614 5221 ὅλον,
3662 5155 3765 5224 τήν

2195 5277 2257 5312 τε
2283 5258 2524 5312 δουλείαν
2547 5296 2562 5319 ,
2597 5258 2691 5311 καὶ
2719 5256 2789 5309 τὰ
2819 5254 3123 5325 σαγμάρια,
3176 5252 3269 5306 καὶ
3311 5250 3409 5322 τὴν
3452 5248 3766 5319 ἀποσκευὴν

2200 5350 2417 5405 ἃπασαν
2448 5351 2506 5402 ἐν
2537 5348 2678 5421 μέσῃ
2707 5350 2773 5419 τῇ
2803 5346 3051 5417 δυνάμει.

2029 5460 2263 5518 ΝΟΤΛΕ.

600 5568 712 5636 (ni
762 5567 857 5636 Ἐν
884 5564 1093 5632 ἁθρόῳ.
1117 5560 1431 5636 Lege-batur
1462 5558 1725 5629 ἔναθρύῳ.
1761 5556 1940 5612 Codex
1987 5553 2092 5608 Pa-

532 5633 735 5691 latinus
773 5635 894 5700 fert,
941 5633 1187 5702 ὲναθρίῳ.

2272 5553 2381 5625 (48)
2412 5553 2490 5607 Δι’
2513 5548 2600 5608 ὧν
2629 5554 2700 5608 οὐ
2727 5550 3262 5619 συνθλιϐήσονται.
3294 5548 3485 5606 Deerat
3509 5548 3593 5603 ού.
