4100 6226
428 385 535 450 777

1517 395 1846 455 TACTICA.
1889 417 1955 428 -
1996 390 2499 458 CONSTITUTIO
2537 395 2642 454 IX.

3565 393 3672 457 778

501 497 606 562 λζ’.
645 496 771 554 Ἐὰν
798 498 854 551 δὲ
881 498 974 552 καὶ
1002 498 1109 554 άπὸ
1136 500 1360 556 ὄπισθεν
1401 502 1670 572 ὑφορᾶσαι
1703 503 1892 574 εφοδόν
1919 520 1991 554 τι-

2170 506 2260 560 57.
2307 506 2362 562 Si
2405 523 2434 562 a
2502 515 2652 575 tergo
2701 502 2936 571 aliquam
3013 502 3248 558 hostium
3309 501 3674 557 incursionem

433 607 562 651 νων,
580 587 806 659 ποίησον
831 587 922 641 καὶ
955 589 1080 654 τοὺς
1109 591 1498 659 νωτοφὺλακας
1530 595 1783 664 ἰσχυροὺς
1805 593 2004 662 ὁμοίως

433 678 544 734 τῶν
574 675 885 750 ἔμπροσθεν
928 680 1278 750 τεταγμένων
1306 683 1364 735 ὲν
1398 681 1475 752 τῷ
1513 681 1749 753 μετώπῳ
1775 685 1874 753 τῆς
1911 702 2005 737 πο-

437 771 611 844 ρείας,
652 770 794 826 ὥστε
838 769 1006 841 μηδὲν
1037 771 1316 844 διαφέρειν
1361 775 1486 839 τοὺς
1525 775 1701 828 ὀπίσω
1752 775 1860 829 τῶν
1910 775 2007 846 ἒμ-

436 861 672 935 προσθεν
698 859 836 932 πρὸς
867 859 958 926 τὰ,
997 859 1118 934 [ὡς]
1171 865 1340 932 εἰκὸς,
1372 865 1760 936 συμϐαίνοντα.

420 1035 422 1038 ν
506 952 614 1024 λη’.
659 949 1019 1023 Ἀποστείλῃς
1046 951 1104 1005 δὲ
1149 953 1244 1026 καί
1278 971 1428 1019 τινας
1457 954 1852 1026 καϐαλλαρίους
1882 956 2008 1021 τοὺς

440 1043 729 1115 μέλλοντας
757 1041 1103 1113 διερευνῆσαι
1127 1043 1225 1108 τὰς
1251 1043 1426 1110 ὀδοὺς,
1470 1045 1567 1099 καὶ
1610 1047 1846 1116 μάλιστα
1879 1048 2008 1101 ὅταν

439 1137 660 1202 ὑλώδεις
703 1137 798 1191 καὶ
840 1136 1362 1209 περικεκλεισμένας
1409 1137 1617 1209 βουνοῖς
1659 1139 1692 1210 ἢ
1736 1138 1886 1209 ὄρεσι
1935 1139 2010 1193 δι-

437 1229 645 1293 οδεύεις
690 1229 948 1309 ἐρημίας.
998 1229 1268 1294 Πολλάκις
1296 1228 1404 1303 γὰρ
1450 1229 1815 1301 ὲγκρύμματα
1849 1230 2011 1283 πολε-

441 1322 584 1392 μίων
612 1319 1049 1386 ὲπικαθέζονται,
1083 1320 1180 1376 καὶ
1203 1321 1437 1376 λαθόντα
1463 1322 1601 1392 τάχα
1641 1320 1709 1376 τὰ
1734 1321 1830 1376 ὅλα
1864 1321 2008 1394 πρά-

441 1424 625 1498 γματα
660 1410 999 1482 συντρίϐουσι
1028 1413 1137 1466 τῶν
1163 1414 1443 1470 ἐναντίων.

509 1499 609 1555 λθ’.
643 1502 754 1572 Τὴν
776 1503 873 1572 μὲν
895 1503 1002 1573 γάρ
1033 1504 1259 1558 πεδιάδα
1283 1506 1385 1577 γῆν
1425 1506 1474 1559 oi
1503 1507 1718 1561 πάντων
1745 1508 2012 1578 ὀφθαλμοὶ

440 1589 892 1664 περιϐλεπόμενοι
949 1592 1186 1658 εὐκόλως
1238 1594 1588 1667 διερευνῶσι·
1645 1599 1740 1650 καὶ
1803 1599 1912 1668 γὰρ
1955 1599 2013 1652 ἐν

439 1683 626 1759 ἡμέρᾳ
672 1681 943 1754 κονιορτὸς
964 1684 1368 1758 ἀναφερόμενος
1389 1687 1648 1750 πολλάκις
1693 1688 1885 1759 μηνύει
1914 1689 2014 1760 τὴν

441 1773 733 1836 ἒπηέλευσιν.
750 1773 859 1828 τῶν
886 1773 1185 1845 πολεμίων,
1218 1777 1313 1831 καὶ
1353 1778 1500 1851 πυρὰ
1530 1781 1796 1850 καιόμενα
1823 1781 2016 1846 νυκτὸς

444 1863 734 1936 ὑπέλαμψε
768 1865 862 1922 καὶ
891 1866 1135 1932 ὑπέδειξε
1165 1868 1289 1934 τοὺς
1323 1868 1636 1938 πολεμίους.

515 1964 592 2029 μ’.
630 1957 740 2011 καὶ
771 1957 866 2012 ἐὰν
907 1959 1006 2030 μὲν
1041 1960 1099 2013 οὑ
1132 1960 1348 2033 μέλλῃς.
1388 1963 1673 2018 ἐκτάσσειν
1715 1966 1793 2028 εἰς
1835 1966 2019 2038 μάχην

442 2045 541 2111 τὰς
570 2047 827 2119 δυνάμεις
848 2089 864 2116 ,
913 2049 1011 2118 ἆγε
1039 2051 1208 2116 αὑτάς
1242 2053 1300 2108 ὲν
1326 2053 1512 2126 ἡμέρα
1561 2054 1742 2127 μόνον.
1790 2057 1918 2110 Ἐάν
1959 2057 2016 2112 δὲ

443 2137 664 2208 ἒπίγεσε
692 2138 806 2212 (49)
850 2141 944 2196 καὶ
977 2142 1286 2216 σπουδάζῃς
1335 2145 1561 2216 φθάνειν
1587 2149 2016 2220 συντομώτερον,

444 2228 545 2296 ἄγε
590 2227 760 2301 αὑτάς
788 2229 882 2284 κοιλ¹
909 2231 1093 2300 νυκτὶ,
1122 2233 1216 2290 ἐὰν
1264 2235 1375 2306 ἄρα.
1396 2237 1637 2307 ἀσφαλὲς
1684 2235 1824 2294 εἶναι
1861 2240 2017 2297 τοῦτο

443 2320 696 2394 νομίζῃς.

519 2412 631 2483 μα’.
679 2413 791 2468 Καὶ
837 2415 944 2486 πρδ
991 2417 1092 2487 μὲν
1137 2419 1231 2472 τοῦ
1275 2420 1470 2492 καιροῦ
1518 2423 1620 2493 τῆς
1653 2425 1832 2494 μάχης
1879 2426 2017 2495 μετὰ

444 2503 681 2568 ἀνέσεως
705 2506 799 2559 καὶ
826 2507 1020 2580 σχολῆς
1045 2511 1334 2584 προέρχου’
1356 2512 1495 2569 ἐπὰν
1521 2513 1578 2567 δὲ
1603 2516 1715 2579 τοῖς
1740 2515 2016 2586 πολεμίοις

444 2599 803 2673 ἔμφανισθῇς,
840 2602 1000 2668 εὑθὺς
1023 2605 1307 2670 ἐπιϐαλοῦ,
1341 2608 1520 2672 καλῶς
1548 2611 1886 2682 προεκτάξας
1915 2616 2018 2684 τὴν

444 2691 692 2764 δύναμιν.
717 2694 986 2764 Πολλάκις
1013 2696 1122 2768 γάρ
1159 2701 1264 2770 πρὸ
1291 2700 1384 2753 τοῦ
1419 2701 1750 2771 συμϐάλλειν
1784 2704 1876 2756 τὸν
1920 2709 2018 2758 πό-

443 2780 606 2851 λεμον
645 2783 675 2837 δ
721 2783 850 2857 περὶ
893 2785 1102 2842 τούτων
1149 2789 1349 2852 σκοπὸς
1401 2791 1481 2854 εἰς
1510 2790 1710 2846 δειλίαν
1757 2791 1880 2860 ἄγει
1922 2795 2018 2849 καὶ

443 2874 570 2939 τοὺς
600 2875 897 2947 ἀνδρείους,
935 2880 1031 2932 καὶ
1058 2878 1274 2952 δαπανᾷ
1300 2883 1366 2952 τῇ
1394 2882 1635 2952 μερίμνῃ
1663 2883 1761 2953 τὴν
1784 2882 2017 2956 δύναμιν

445 2965 554 3021 τῶν
581 2968 871 3038 σωμάτων.

516 3055 628 3128 μβ’.
673 3058 812 3124 Τοὺς
854 3059 913 3112 δὲ
959 3061 1182 3125 στενοὺς
1207 3062 1302 3117 καὶ
1330 3063 1628 3130 δυσϐάτους
1675 3068 1874 3132 τόπους
1917 3069 2016 3122 ἐπὶ

2107 594 2190 647 vel
2218 595 2425 658 videas,
2448 596 2528 649 vel
2569 601 2803 651 metuas,
2839 604 2934 643 eos
2962 589 3058 658 qui
3091 604 3121 642 a
3157 597 3308 662 tergo
3339 595 3470 642 sunt
3523 600 3680 658 aeque

2109 686 2294 740 firmos
2343 693 2397 739 et
2424 695 2642 756 paratos
2672 682 2856 746 facito,
2891 690 3056 749 atque
3092 693 3212 742 eos,
3265 679 3360 743 qui
3390 679 3445 733 in
3501 677 3682 733 fronte

2107 773 2356 830 collocati
2396 773 2863 845 antegrediuntnr,
2894 778 3058 838 atque
3093 768 3160 822 ad
3193 782 3282 834 ea,
3316 782 3440 836 quae
3480 781 3681 823 usuve-

2109 863 2227 919 nire
2257 871 2506 932 possunt,
2532 877 2684 931 aeque
2709 863 3025 914 instructos.

2181 952 2269 1007 38.
2299 951 2602 1007 Prmmittes
2631 953 2797 1006 etiam
2820 949 2888 1004 ad
2932 949 3051 1004 loca
3076 945 3411 1016 exploranda
3461 944 3678 1015 equites

2112 1043 2402 1115 quosdam,
2443 1043 2741 1114 praesertim
2779 1042 2827 1096 si
2851 1041 3049 1097 silvosa
3093 1040 3227 1103 sint,
3295 1045 3388 1090 aut
3427 1033 3682 1096 collibus,

2112 1144 2208 1191 aut
2252 1135 2526 1193 montibus
2573 1135 2803 1199 inclusa,
2833 1149 2929 1203 per
2961 1147 3086 1204 qua:
3147 1127 3542 1185 transeundum
3578 1135 3681 1180 est.

2114 1227 2267 1296 Saepe
2303 1225 2447 1281 enim
2496 1225 2733 1281 hostium
2762 1224 2993 1279 latentes
3045 1221 3254 1278 insidiae
3292 1231 3564 1276 summam
3590 1229 3680 1271 re-

2112 1334 2235 1374 rum
2265 1317 2592 1374 labefactant
2617 1326 2672 1372 et
2701 1314 2984 1385 dejiciunt.

2185 1502 2274 1557 59.
2338 1498 2473 1554 Nam
2521 1495 2923 1566 campestribus
2987 1507 3042 1550 et
3093 1495 3270 1563 planis
3313 1493 3468 1558 locis,
3511 1494 3686 1549 oculis

2115 1593 2300 1648 omnia
2332 1593 2566 1660 lustrare
2587 1597 2838 1660 possunt.
2869 1587 2936 1641 Et
2973 1585 3154 1656 pulvis
3179 1601 3406 1656 magnus
3451 1585 3686 1641 interdiu

2116 1685 2409 1750 excitatus,
2445 1692 2539 1752 aut
2578 1683 2729 1753 ignes
2780 1689 2834 1736 et
2879 1679 3027 1735 faces
3078 1688 3241 1735 noctu
3280 1694 3546 1750 accensae,
3588 1679 3682 1734 ho-

2121 1777 2287 1833 stium
2323 1789 2465 1845 sape
2493 1773 2788 1828 adventum
2823 1770 3079 1842 produnt.

2190 1956 2280 2010 44).
2315 1955 2371 2010 Si
2400 1955 2468 2010 ad
2496 1969 2730 2026 pugnam
2783 1953 2983 2007 milites
3003 1961 3126 2005 tuos
3162 1947 3466 2020 producere
3501 1944 3688 2001 volue-

2118 2048 2344 2110 ris.due
2375 2062 2469 2102 eos
2498 2045 2731 2101 interdiu
2788 2044 3009 2107 solum;
3052 2042 3138 2100 sin
3175 2039 3423 2096 celeriter
3462 2044 3690 2091 conten-

2117 2137 2246 2191 dere
2289 2143 2344 2191 et
2372 2135 2608 2189 hostium
2628 2133 3086 2204 exspectationem
3115 2136 3454 2184 antevertere
3477 2125 3687 2196 cupias,

2120 2239 2286 2284 noctu
2344 2243 2560 2299 quoque
2610 2242 2706 2282 eos
2750 2226 2944 2292 ducas,
2991 2224 3038 2280 si
3084 2223 3141 2280 id
3200 2223 3314 2277 fieri
3359 2229 3474 2276 tuto
3530 2233 3689 2291 posse

2117 2320 2410 2375 videbitur.
3500 2302 3502 2304 V

2186 2414 2277 2468 «il.
2304 2415 2444 2468 Ante
2465 2411 2589 2467 belli
2620 2419 2833 2480 tempus
2888 2407 3120 2464 remisse
3159 2422 3223 2463 ac
3244 2404 3569 2478 pedetentim
3602 2403 3689 2459 in-

2118 2503 2330 2572 cedito;
2357 2503 2449 2559 ubi
2478 2504 2661 2560 hostes
2688 2501 2742 2556 in
2787 2507 3141 2572 conspectum
3177 2502 3347 2568 prope
3409 2495 3685 2566 venerint,

2116 2615 2242 2654 cum
2274 2596 2551 2653 celeritate
2571 2592 2806 2665 quadam
2836 2591 3119 2648 instructis
3154 2589 3328 2659 copiis
3350 2587 3406 2642 in
3435 2586 3560 2641 illos
3613 2571 3694 2638 ir-i

2118 2691 2290 2759 ruito;
2315 2691 2475 2758 longa
2527 2687 2673 2742 enim
2704 2699 2849 2754 saepe
2906 2692 3034 2737 ante
3065 2695 3302 2751 pugnam
3332 2680 3396 2734 de
3429 2678 3572 2735 bello
3601 2691 3693 2732 co-

2117 2782 2306 2857 gitatio
2349 2780 2573 2836 fortium
2627 2777 2870 2831 virorum
2904 2775 3120 2829 animos
3147 2772 3502 2841 languescere
3534 2767 3686 2831 facit,

2115 2853 2358 2932 etanimi
2394 2868 2705 2929 sollicitudo
2735 2867 2879 2924 vires
2933 2853 3180 2936 corporis
3227 2863 3550 2934 plerumque
3593 2858 3690 2916 ab-

2147 2965 2305 3021 umit.

2187 2982 2305 3020 mu.

2116 2982 2274 3108 sum.
2301 3052 2574 3120 Augustas
2612 3055 2666 3104 et
2716 3045 2966 3102 diﬂiciles
2999 3044 3054 3098 in
3099 3044 3344 3102 hostium
3379 3039 3693 3110 regionibus

446 3145 580 3240 πολὺ
624 3148 899 3221 διάστημα
930 3153 1323 3223 ἐκτεταμένους
1364 3157 1422 3210 ἐν
1468 3128 1625 3229 χώρᾳ.
1651 3128 1865 3231 ἐχθρῶν
1893 3160 2014 3213 κατ’

2118 3143 2258 3207 vias,
2309 3141 2357 3196 si
2403 3140 2576 3212 longae
2615 3135 2909 3191 admodum
2960 3134 3186 3196 fuerint,
3249 3141 3428 3187 tamen
3482 3128 3691 3200 pedites

444 3237 722 3310 ἐξαίρετον
765 3242 813 3294 οῖ
848 3243 1004 3308 πεζοὶ
1056 3244 1354 3300 διαϐαίνειν
1383 3249 1446 3302 οὑ
1491 3249 1768 3322 δυσχερῶς
1801 3252 2006 3324 ἔχουσι.

443 3329 579 3402 Περὶ
606 3331 810 3386 τούτων
837 3332 894 3387 δὲ
924 3333 1065 3405 μετὰ
1089 3335 1266 3405 ὀλίγον
1289 3338 1545 3411 ἐροῦμεν.

517 3427 629 3492 μγ’.
658 3421 798 3488 Τοὺς
825 3421 882 3476 δὲ
923 3424 1320 3499 καϐαλλαρίους
1349 3428 1409 3483 ἑν
1436 3433 1503 3501 τῇ
1533 3430 1687 3503 χώρᾳ
1719 3434 1826 3487 τῶν
1859 3435 2015 3489 πολε.

446 3509 607 3582 μίων,
639 3512 698 3566 ιν
740 3513 918 3585 καιρῷ
947 3514 1138 3585 θέρους
1161 3517 1418 3588 μάλιστα,
1467 3521 1890 3590 ἀπερισκέπτως
1924 3525 2020 3577 καὶ

441 3601 518 3666 ὡς
542 3602 734 3672 ἔτυχεν
765 3603 1063 3658 διαϐαίνειν
1090 3607 1188 3659 οὑκ
1221 3607 1590 3678 ἐπιτρέπομεν
1636 3612 1808 3682 χωρὶς
1851 3613 2015 3680 ἀνάγ-

442 3708 568 3762 κης.
594 3693 717 3748 Ἐὰν
740 3693 798 3747 δέ
830 3695 988 3751 ἐστινΔ
1007 3696 1172 3762 τόπος
1204 3697 1292 3751 ἐπ’
1313 3697 1493 3765 ὀλίγον
1522 3699 1648 3769 ἄχρι
1680 3699 1799 3763 ἑνὸς
1836 3701 2014 3770 μιλίου

441 3784 839 3855 ὲκτεταμένος,
901 3787 998 3840 καὶ⁸
1052 3786 1306 3842 δύνανται
1357 3789 1452 3843 καὶ
1493 3787 1650 3853 πεζοὶ
1719 3788 2015 3844 διαϐαίνειν

443 3877 580 3942 ἐκεῖ,
627 3876 850 3933 δυνατόν
898 3880 1014 3932 ἐστι
1074 3878 1169 3934 καὶ
1202 3879 1600 3950 καϐαλλαρὶους
1647 3879 1898 3946 πεζεύειν
1957 3882 2017 3934 ὲν

446 3965 627 4032 αὑτοῖς
653 3968 934 4038 ἀσφαλῶς.
1144 4039 1148 4041 ἢ
1897 4034 1900 4036 ν

518 4053 622 4127 μδ’.
657 4057 885 4122 Στενοὺς
909 4057 967 4111 δὲ
1001 4057 1414 4138 καὶνδυσκόλους
1451 4058 1694 4123 ἐκείνους
1743 4056 1886 4127 λέγω
1930 4061 2020 4113 τόδ

445 4167 580 4214 πους
605 4152 731 4214 τοὺς
757 4150 882 4222 μίαν
913 4152 1006 4207 καὶ
1056 4154 1225 4225 μόνην
1258 4152 1488 4224 πάροδον
1515 4150 1758 4223 ἔχοντας.
1795 4151 1856 4203 Ei
1909 4153 2015 4221 γὰρ

447 4240 542 4293 καὶ
572 4239 728 4293 ἄλλαι
754 4242 858 4294 εἰσὶ
891 4241 1147 4313 πάροδοι,
1199 4242 1295 4296 καὶ
1342 4240 1695 4311 ἐπινοηθῆναι
1732 4240 2014 4306 δύνανται,

444 4323 851 4394 ἀνεμποδίστως
883 4330 915 4399 ἠ
949 4328 1178 4399 πάροδος
1205 4329 1429 4382 δύναται
1461 4327 1734 4397 γενέσθαι.

516 4423 618 4482 με’.
670 4416 794 4469 Ἐὰν
823 4416 914 4470 οὑν
957 4419 1181 4489 γένηται
1221 4419 1411 4489 καιρὸς
1460 4417 1663 4472 στενῶν
1693 4417 2012 4483 διαϐάσεων,

2113 3233 2272 3289 facile
2319 3233 2555 3287 transire
2611 3229 2728 3284 sine
2777 3226 3030 3282 molestia
3071 3215 3340 3295 possuiit;
3375 3222 3440 3276 de
3468 3236 3572 3292 qua
3633 3235 3691 3274 re

2117 3327 2277 3399 paulo
2309 3335 2433 3396 post
2463 3324 2772 3394 loquemur.

2187 3420 2276 3476 45.
2306 3413 2530 3490 Equites
2553 3415 2606 3470 in
2637 3412 2824 3470 hostili
2849 3411 3094 3481 regione,
3126 3408 3322 3463 messis
3345 3403 3690 3477 potissimum

2115 3519 2380 3579 tempore,
2433 3509 2886 3574 ineircumspecte
2930 3513 3255 3570 temereque,
3283 3497 3465 3569 vagari
3504 3495 3688 3557 latius.

2117 3599 2220 3652 nisi
2253 3599 2302 3651 id
2355 3597 2653 3652 necessitas
2701 3593 2965 3663 requirat,
3020 3591 3244 3646 minime
3295 3576 3688 3659 permittimus.

2114 3690 2342 3757 Quodsi
2380 3690 2532 3744 locus
2567 3687 2763 3756 aliquis
2799 3683 2958 3740 fuerit
2990 3682 3058 3737 ad
3090 3681 3253 3738 unius
3288 3677 3537 3736 milliaris
3573 3677 3692 3731 lou-

2116 3781 2440 3851 gitudinem,
2476 3780 2529 3833 in
2557 3794 2689 3850 quo.
2726 3775 2935 3846 pedites
2976 3777 3053 3828 ire
3079 3779 3333 3844 possunt,
3357 3768 3695 3827 descendant

2119 3882 2232 3927 tum
2263 3871 2491 3942 equites,
2523 3878 2576 3926 et
2605 3867 2776 3923 libere
2794 3866 3023 3936 pedibus
3053 3871 3201 3919 eant.

2189 4048 2277 4102 Ην.
2329 4046 2568 4115 Angusta
2619 4054 2673 4118 et
2715 4042 2952 4098 ditiicilia
2990 4041 3112 4098 loca
3159 4054 3222 4096 ea
3273 4038 3519 4104 nomino,
3572 4052 3697 4109 quae

2121 4157 2284 4196 unam
2334 4148 2543 4194 tantum
2591 4136 2732 4191 viam
2759 4145 2813 4191 et
2853 4134 3144 4191 transitum
3179 4132 3403 4187 habent.
3440 4129 3535 4185 Sin
3573 4129 3697 4200 plu-

2121 4243 2207 4282 res
2237 4225 2367 4290 sint,
2415 4234 2511 4278 aut
2541 4223 2656 4278 fieri
2702 4232 2980 4293 poterunt,
3017 4219 3286 4275 transitus
3338 4217 3473 4272 satis
3517 4216 3696 4270 bonus

2118 4334 2241 4374 esse
2265 4315 2541 4386 putandus
2564 4323 2670 4370 est.

2196 4405 2285 4460 45.
2329 4405 2385 4460 Si
2419 4413 2726 4475 Opportune
2755 4399 2991 4456 diﬂicilia
3022 4398 3276 4469 quaedam
3330 4405 3495 4468 atque
3527 4410 3694 4468 angu-

447 4506 540 4562 καὶ
568 4507 654 4561 διὰ
683 4507 790 4561 τῶν
822 4509 1000 4563 αὑτῶν
1032 4487 1193 4564 πάλιν
1225 4487 1404 4562 τόπων
1445 4509 1626 4579 μέλλει
1659 4509 2016 4581 ὑποστρέφειν

2126 4507 2208 4554 sta
2242 4498 2361 4552 loca
2387 4495 2676 4562 transiisti,
2711 4509 2809 4564 per
2837 4507 2959 4563 quae
2991 4491 3085 4547 tibi
3119 4492 3321 4546 iterum
3353 4487 3718 4544 redeundunr

443 4599 472 4650 ὀ
502 4597 750 4668 στρατὸς,
795 4599 970 4668 εἰμὲν
1019 4599 1200 4663 δασεῖς
1247 4601 1372 4664 είσι,
1412 4598 1504 4652 καὶ
1547 4598 1637 4651 ἐπ’
1688 4598 1867 4667 ὀλίγον
1911 4599 2026 4654 διά·

447 4704 647 4758 στημα,
699 4689 776 4752 ὡς
829 4688 1081 4761 εἴρηται,
1140 4690 1444 4764 κρατοῦσι,
1501 4689 1724 4754 τούτους
1754 4691 1894 4746 κατὰ
1929 4691 2023 4744 τὸν

445 4775 640 4847 καιρὸν
675 4778 774 4855 τῆς
798 4776 920 4832 ὀδοῦ
973 4779 1228 4844 ἕκκοπτε,
1280 4781 1374 4834 καὶ
1413 4779 1669 4845 πλάτυνε,
1719 4780 1813 4833 καὶ
1850 4779 2021 4834 καθά-

448 4865 562 4936 pits
593 4867 737 4921 κατὰ
781 4869 870 4923 τὸν
906 4869 1252 4942 ἐνδεχόμενον
1284 4873 1501 4944 τρόπον.
1537 4873 1599 4925 Εἰ
1624 4872 1680 4924 δὲ
1721 4861 1899 4924 στενοὶ
1928 4872 2022 4924 καὶ

445 4957 826 5026 κρημνώδεις,
879 4957 1022 5012 ὥστε
1078 4958 1152 5031 μὴ
1201 4959 1567 5014 πλατύνεσθαι
1617 4959 1911 5020 δύνανται,
1949 4960 2026 5020 ὡς

2121 4598 2226 4652 est,
2280 4587 2326 4643 si
2388 4585 2660 4641 condensa
2709 4593 2765 4640 et
2820 4583 3019 4640 silvosa
3061 4581 3285 4648 fuerint,
3341 4589 3396 4636 et
3445 4594 3552 4634 non
3599 4579 3696 4633 im-

2122 4698 2323 4739 mensae
2367 4678 2602 4748 alicujus
2630 4675 3010 4748 longitudinis,
3055 4674 3236 4746 primo
3284 4670 3547 4727 transitus
3594 4671 3690 4734 tui,

2121 4774 2299 4844 quoad
2339 4771 2458 4842 ejus
2489 4771 2604 4826 ﬁeri
2634 4777 2836 4841 potest,
2863 4767 3030 4836 caede,
3059 4781 3254 4838 purga,
3289 4764 3453 4821 dilata
3477 4763 3694 4824 locum;

2122 4867 2206 4923 sin
2241 4865 2443 4920 arduus
2504 4877 2854 4933 praecepsque
2896 4861 3050 4916 locus
3080 4857 3263 4924 fuerit,
3295 4855 3500 4928 quique
3533 4851 3694 4920 latior

2129 4959 2279 5016 reddi
2330 4973 2441 5013 non
2491 4962 2690 5028 potest,
2729 4951 3001 5024 praemitte
3054 4950 3289 5020 aliquos,
3339 4945 3696 5016 quemadmo-

444 5043 702 5116 ἀνωτέρω
722 5048 856 5118 ἡμῖν
883 5049 1096 5120 εἴρηται
1132 5091 1145 5112 ,
1178 5048 1670 5121 προκαταλάμϐανε
1719 5049 1914 5110 αὑτοὺς
1940 5048 2016 5101 διό

2126 5049 2256 5106 dum
2286 5059 2412 5104 ante
2429 5035 2644 5103 dictum
2669 5054 2774 5109 est,
2806 5059 2872 5098 ex
2906 5040 3197 5112 peditibus,
3229 5037 3324 5110 qui
3355 5053 3480 5093 cum
3513 5037 3692 5090 locum

445 5151 587 5199 τινος
619 5135 854 5208 πεζικῆς
915 5139 1230 5210 δυνάμεως,
1288 5141 1382 5194 καὶ
1426 5141 1484 5192 ὲν
1532 5141 1645 5202 τοῖς
1676 5137 2027 5209 ὑψηλοτέροις

2125 5148 2414 5210 occupent,
2460 5137 2716 5193 homines
2761 5133 2896 5188 satis
2940 5131 3141 5186 multos
3194 5139 3360 5199 atque
3447 5127 3694 5188 idoneos,

447 5230 629 5286 αὑτῶν
669 5235 856 5300 τόποις
901 5236 1000 5306 τὴν
1033 5236 1309 5308 ἀρκοῦσαν
1340 5237 1717 5306 καταλίμπανε
1767 5235 2016 5306 ἀσφαλῶς

2123 5241 2218 5288 aut
2249 5233 2294 5287 si
2332 5246 2468 5286 usus
2503 5230 2661 5295 ferat,
2695 5227 2910 5297 equites
2944 5223 3037 5295 qui
3071 5223 3139 5279 ad
3184 5221 3417 5277 reditum
3448 5228 3600 5276 tuum
3629 5234 3694 5275 ca

449 5319 727 5393 βοήθειαν,
760 5325 794 5394 ἢ
819 5325 982 5397 τυχὸν
1009 5328 1104 5381 καὶ
1150 5327 1238 5379 διὰ
1267 5325 1645 5397 καϐαλλαρὶων
1704 5325 1870 5396 μέχρι
1924 5325 2022 5396 τῆς

448 5411 826 5486 ὑποστροφῆς,
849 5416 994 5487 ῆκαὶ
1012 5416 1169 5470 τοῦτο
1197 5418 1418 5470 κάκεῖνο
1447 5418 1617 5469 ποιεῖν
1646 5415 1705 5467 ὲν
1727 5418 1840 5479 τοῖς
1858 5416 2028 5484 ἀναγε-

452 5504 762 5577 καιοτέροις
785 5506 996 5573 τόποις,
1026 5507 1304 5561 τουτέστιν
1335 5506 1641 5573 ἐκκόπτειν,
1661 5507 1830 5577 ἤγουν
1859 5505 2031 5560 καθα-

2121 5325 2240 5380 loca
2296 5330 2574 5378 reservent
2605 5329 2660 5376 et
2689 5316 3017 5374 custodiant.
3051 5313 3149 5373 Vel
3186 5315 3231 5373 si
3257 5315 3477 5388 quando
3504 5326 3697 5371 neces-

2126 5414 2263 5470 sitas
2291 5411 2479 5484 exigit,
2511 5421 2807 5480 utrumque
2836 5407 3029 5472 facias.
3072 5406 3127 5464 id
3157 5417 3262 5478 est,
3290 5405 3455 5474 caede,
3501 5416 3694 5480 purga,

2126 5514 2182 5561 et
2219 5502 2466 5563 subsidia
2498 5501 2572 5561 ibi
2599 5502 2798 5562 idonea
2826 5498 3142 5578 relinquito.

451 5600 644 5674 ρίζειν,
674 5602 770 5658 καὶ
795 5602 1044 5676 βοήθειαν
1079 5603 1504 5675 καταλιμπάνειν
1538 5603 1676 5658 κατὰ
1705 5602 1763 5656 τὸ
1801 5601 2167 5672 ἐνδεχόμενον.

1954 5689 2184 5754 ΝΟΤΑι.

527 5779 640 5849 (49)
688 5782 985 5856 Ἐπίτεσε.
1028 5781 1240 5853 Scribe,
1272 5784 1516 5856 ἐπείγῃς.
