4100 6226
365 353 379 416 ³1
448 354 557 424 779

1513 339 1516 342 ’
1621 353 1897 416 LEONIS
1925 353 2387 419 PHILOSOPIII

3604 365 3713 428 780

456 472 464 478 '
517 462 611 521 46.
649 461 756 530 Qui
787 463 890 519 iter
913 471 1010 534 per
1044 469 1275 532 angusta
1303 460 1422 516 loca
1459 474 1583 516 cum
1625 463 1798 527 tuldo,
1829 462 1880 517 id
1912 470 2016 528 est,

2197 467 2315 538 μετ’.
2354 470 2493 532 Τοὺς
2525 469 2580 523 δὲ
2613 468 2710 540 τὴν
2762 468 2989 541 πάροδον
3018 469 3106 524 διά
3146 467 3254 522 τῶν
3289 468 3490 522 στενῶν
3521 489 3711 526 ποιου-

447 555 878 628 impedimentis,
920 554 1000 608 vel
1045 553 1230 623 aliqua
1279 569 1402 608 cum
1453 553 1632 623 praeda
1683 555 1911 620 faciunt,
1967 554 2020 609 in

449 649 587 704 duas
628 655 814 717 partes
859 647 979 700 sive
1019 642 1167 700 acies
1195 659 1254 700 se
1291 643 1557 710 dividant,
1591 655 1646 700 et
1689 645 1745 700 in
1786 646 2020 700 alterum

450 745 620 793 cornu
649 737 956 791 acuminata
985 733 1314 792 deductione
1344 737 1662 806 procedant.
1697 737 2019 792 Acuminata

447 836 628 883 autem
661 827 936 894 deductio,
987 829 1182 892 idest,
1227 827 1386 900 ὀρθία
1432 819 1742 899 παραγωγῆ
1796 827 2019 892 dicitur,

447 912 570 973 cum
603 910 657 974 in
702 917 886 973 fronte
932 911 1090 975 exilis
1134 919 1410 990 parvaque
1439 919 1735 975 multitudo
1765 917 1857 984 sit,
1895 919 2020 975 dein

445 1011 608 1066 latius
659 1025 725 1066 ac
769 1007 933 1065 latius
980 1021 1040 1067 se
1099 1010 1166 1066 ad
1207 1020 1516 1068 extremum
1560 1024 1754 1081 agmen
1805 1009 2019 1077 fundat,

443 1111 607 1174 atque
653 1099 731 1160 ibi
791 1105 1063 1160 latissime
1120 1114 1324 1175 pateat.
1391 1097 1504 1160 Hoc
1569 1115 1751 1160 autem
1813 1105 2020 1162 faciant

443 1193 699 1257 maxime,
741 1205 866 1247 cum
911 1187 1090 1261 praeda
1139 1192 1194 1247 in
1248 1189 1504 1250 manibus
1543 1191 1761 1247 illarum
1808 1200 1917 1248 est.
1963 1193 2020 1248 Si

443 1282 652 1350 pedites
699 1281 925 1347 fuerint,
959 1283 1174 1338 facilius
1209 1279 1318 1338 illis
1366 1281 1487 1348 iter,
1531 1283 1906 1353 transitusque
1931 1297 2024 1337 ex-

443 1374 678 1444 peditior
722 1390 819 1446 per
867 1391 930 1431 ea
993 1375 1112 1430 loca
1166 1375 1291 1430 erit.
1341 1374 1438 1429 Sin
1481 1375 1718 1450 equites,
1747 1390 1812 1430 ex
1863 1375 2063 1445 equis:

442 1466 798 1532 descendant,
853 1474 906 1522 et
959 1467 1200 1522 medium
1248 1465 1484 1532 tuldum,
1538 1462 1590 1519 id
1642 1475 1745 1530 est,
1798 1465 2024 1535 impedi-

446 1567 654 1623 menta,
683 1553 1063 1628 reliquumque
1087 1567 1406 1628 apparatum
1435 1557 1498 1612 in
1540 1551 1722 1612 medio
1751 1552 2014 1613 habeant.

509 1645 600 1704 ιι.
659 1645 885 1705 Talibus
931 1649 986 1704 in
1029 1648 1371 1719 temporibus
1433 1657 1485 1703 et
1529 1645 1666 1704 locis
1733 1643 2022 1718 diphalan-

441 1743 551 1813 gis,
589 1741 643 1797 id
694 1751 800 1808 est,
845 1742 1124 1813 duplicata
1171 1741 1288 1796 acie
1318 1753 1383 1796 ex
1411 1739 1562 1810 justo
1601 1739 1885 1795 hominum
1923 1755 2022 1796 nu-

443 1850 618 1900 mero,
650 1846 764 1889 tum
821 1843 970 1900 ante,
1018 1844 1131 1890 tum
1176 1842 1324 1890 retro
1357 1833 1514 1904 quasi
1562 1834 1814 1904 ancipitis
1854 1833 2018 1904 gladii

444 1925 560 1984 acie
590 1921 882 1993 instructa,
915 1923 960 1982 si
994 1927 1088 1996 qui
1118 1927 1415 1996 supersint,
1465 1921 1500 1980 li
1533 1926 1598 1981 ad
1636 1925 1870 1991 tuldum,
1907 1926 2022 1981 sive

445 2017 859 2091 impedimenta,
910 2027 964 2074 et
1017 2018 1083 2072 ad
1133 2019 1395 2089 praedam,
1463 2019 1508 2074 si
1569 2028 1734 2088 quam
1795 2018 2018 2085 habent,

443 2112 876 2168 censerva‘ndam-
931 2109 1264 2180 deiigantur,
1324 2111 1472 2181 iique
1523 2109 1703 2182 multi,
1771 2113 1826 2165 et
1883 2109 2016 2164 boni

441 2203 657 2275 apliCt-i',
696 2203 750 2259 id
796 2209 903 2268 est,
952 2215 1134 2258 rerum
1181 2203 1542 2258 castrensium
1592 2202 1848 2258 custodes
1885 2215 2022 2272 qua-

441 2307 568 2353 tuor
620 2296 676 2351 in
713 2296 960 2367 partibus
1006 2295 1296 2367 duplicatae
1346 2296 1505 2360 aciei,
1555 2294 2019 2366 quemadmodum

440 2388 594 2443 locus
651 2386 913 2457 postulat,
965 2383 1324 2453 collocentur,
1370 2395 1426 2442 et
1478 2395 1778 2457 sequantur
1820 2397 1908 2452 ea,
1962 2391 2022 2438 ut

445 2474 709 2552 repellant
752 2487 917 2548 atque
943 2479 1166 2549 abigant
1209 2491 1326 2540 eos,
1352 2479 1446 2549 qui
1493 2478 1560 2533 ad
1591 2476 1890 2534 auferenda
1919 2489 2013 2532 va-

439 2567 597 2638 dttttt,
631 2575 694 2626 ut
731 2571 944 2641 integra-
978 2565 1313 2638 mlttimeque
1382 2569 1696 2638 perturbata
1743 2567 1810 2624 ad
1843 2577 2022 2624 custo-

441 2655 592 2715 diam
651 2655 852 2729 praedae
924 2667 1090 2730 atque
1163 2653 1684 2728 impedimentorum
1750 2659 2019 2715 collocata

442 2747 591 2808 acies
645 2755 1044 2817 conservetur,
1099 2759 1276 2823 hcque
1329 2745 1397 2806 ab
1455 2749 1840 2808 incursoribus
1900 2752 2022 2809 istis

441 2835 831 2914 perfringatur.
874 2837 1018 2899 Fieri
1049 2844 1192 2898 enim
1229 2851 1336 2898 non
1383 2849 1586 2914 potest,
1635 2841 1812 2912 utqui
1853 2844 1906 2899 In
1940 2843 2024 2899 di-

441 2935 758 3006 phalangia.
821 2935 872 2990 id
913 2944 1020 2999 est,
1074 2934 1353 3004 duplicata
1401 2935 1522 2990 acie
1561 2935 1815 2990 instructi
1867 2945 2022 2999 sunt,

441 3021 616 3083 simulu
641 3027 1216 3090 ordine-conservato,
1260 3023 1652 3098 impedimenta
1695 3035 1749 3082 et
1780 3027 2018 3098 praedam

2129 559 2356 629 μένους,
2393 559 2424 631 ἢ
2460 561 2597 630 μετά
2650 559 2869 613 τούλδου
2895 601 2908 624 ,
2941 558 2973 629 ἢ
3026 556 3164 629 μετὰ
3204 555 3438 631 πραίόας
3468 600 3483 624 ,
3511 563 3592 626 είς
3619 562 3715 617 δύο

2128 650 2412 720 φάλαγγας
2446 651 2563 720 ἦτοι
2594 651 2928 723 παρατάξεις
2961 649 3247 719 γίνεσθαι,
3277 649 3372 704 καὶ
3417 653 3509 705 ἐπὶ
3542 654 3715 725 κέρας

2125 745 2184 796 ἐν
2220 742 2379 814 ὀρθίῳ⁵
2407 745 2713 814 παραγωγῇ
2749 741 3072 814 περιπατεῖν
3095 739 3256 813 πεζῇ.
3292 737 3482 817 Ὀρθία
3503 738 3559 799 δέ
3591 746 3711 800 ἐστι

2127 833 2436 905 παραγωγὴ
2482 835 2517 905 ἡ
2552 835 2693 889 κατά
2727 833 2973 906 μέτωπον
3008 832 3106 904 μὲν
3169 828 3348 903 στενὴ,
3379 828 3522 888 κατά
3551 836 3610 889 δὲ
3634 838 3700 892 τδ

2128 927 2290 997 βάθος
2307 926 2386 989 εἰς
2406 927 2580 997 μῆκος
2605 926 2976 998 ἐκτεινομένη.
2995 920 3168 980 Τοῦτο
3191 927 3248 980 δὲ
3271 929 3448 982 ποιεῖν
3474 927 3712 999 πραίδας

2128 1017 2362 1088 μάλιστα
2378 1019 2435 1071 ἐν
2457 1019 2641 1090 χερσὶν
2660 1015 2850 1089 οὔσης,
2879 1015 2990 1072 εἴτε
3019 1012 3176 1083 πεζοί
3203 1019 3362 1082 εἰσιν,
3385 1007 3467 1083 οῖς
3505 1021 3711 1090 μᾶλλον

2124 1111 2355 1186 εὐχερὴς
2389 1116 2423 1186 ή
2452 1113 2562 1168 τῶν
2588 1108 2794 1168 δασέων
2833 1115 2926 1168 καὶ
2969 1108 3247 1170 δυσϐάτων
3279 1114 3468 1169 τόπων
3513 1117 3708 1171 διάὃαο

2127 1220 2242 1268 σις,
2292 1201 2402 1256 εἴτε
2441 1201 2793 1275 καόαλλάριοι
2835 1205 2900 1257 ἐκ
2949 1197 3059 1258 τῶν
3113 1195 3298 1258 ἵππων
3348 1203 3704 1259 καταϐαίνον-

2125 1312 2236 1358 τες,
2268 1293 2363 1348 καὶ
2399 1294 2561 1365 μέσον
2588 1294 2649 1350 τὸ
2685 1291 2900 1350 τοῦλδον
2933 1292 3030 1350 καὶ
3055 1293 3154 1367 τὴν
3209 1294 3525 1367 ἀποσκευὴν
3551 1295 3706 1367 ἔχον-

2123 1408 2230 1454 τες.

2197 1653 2305 1727 με.
2347 1655 2440 1708 Ἐν
2469 1653 2527 1708 δὲ
2548 1653 2658 1715 τοῖς
2683 1651 2943 1717 τοιούτοις
2973 1646 3181 1724 καιροῖς
3225 1649 3322 1706 καὶ
3349 1645 3537 1718 τόποις
3565 1654 3709 1724 μετὰ

2123 1747 2220 1819 τὴν
2253 1744 2638 1815 διφαλαγγίαν,
2667 1741 2790 1815 ἥτις
2815 1742 2928 1814 ἔχει
2977 1741 3202 1798 δυνατὸν
3233 1737 3363 1798 λαδν
3389 1742 3708 1816 ἔμπροσθεν

2123 1841 2219 1895 καὶ
2245 1839 2488 1903 δπισθεν,
2521 1836 2711 1908 ὥσπερ
2753 1833 3088 1908 στομώματα
3142 1830 3440 1908 μαχαίρας,
3467 1827 3533 1908 ἦν
3581 1837 3708 1893 δέον

2126 1950 2184 1986 σε
2199 1930 2480 2002 ἀφορίζειν
2508 1930 2588 1993 εἰς
2602 1927 2847 2000 φυλακὴν
2860 1927 2956 1982 τοῦ
2983 1925 3201 1981 τούλδου
3222 1926 3318 1980 καὶ
3341 1928 3441 1998 τῆς
3460 1922 3706 2000 πραίδας

2121 2019 2243 2092 τῆς,
2303 2015 2378 2086 ώς
2438 2017 2604 2083 είκος,
2629 2011 2855 2086 ἐνούσης
2889 2011 3073 2080 αὐτοῖς
3116 2013 3353 2078 πάντως,
3386 2010 3481 2067 καὶ
3509 2007 3706 2078 ἄλλους

2123 2106 2517 2178 ὶξαπλήκτους,
2537 2106 2706 2177 ἤγουν
2729 2103 2821 2158 ἐπὶ
2841 2104 3018 2173 τούτῳ
3046 2103 3192 2174 μόνῳ
3218 2100 3399 2169 ὄντας,
3428 2104 3553 2167 τοὺς
3569 2101 3704 2157 καλ-

2122 2197 2220 2252 λίω
2243 2198 2338 2252 καὶ
2366 2195 2581 2260 πλείους
2606 2198 2778 2250 ποιεῖν
2806 2195 2871 2248 ἐκ
2894 2187 3158 2265 περισσοῦ
3198 2193 3337 2247 κατά
3365 2191 3473 2248 τῶν
3501 2195 3706 2247 τεσσά-

2127 2307 2234 2362 ρων
2265 2289 2445 2360 μερῶν
2480 2289 2581 2358 τῆς
2609 2286 2995 2357 διφαλαγγίας,
3025 2285 3100 2349 ὡς
3129 2286 3158 2338 ό
3205 2284 3371 2349 τόπος
3399 2279 3705 2356 παραδέχεο

2121 2397 2236 2448 ται,
2268 2374 2810 2451 παρακολουθοῦντας
2835 2377 2930 2433 καὶ
2957 2369 3363 2442 ἀποσοδοῧντας
3403 2379 3529 2441 τοὺς
3575 2375 3703 2448 βου-

2121 2471 2404 2545 λομένους,
2436 2471 2512 2536 ώς
2538 2472 2704 2538 εἰκὸς,
2739 2470 2942 2525 ἐκτῶν
2965 2469 3177 2541 ἐχθρῶν
3210 2465 3565 2541 ἐπέρχεσθαι,
3604 2465 3702 2523 καὶ

2121 2563 2508 2635 διαταράσσειν
2532 2560 2736 2634 αὑτήν·
2782 2559 2871 2617 ίνα
2897 2555 3264 2624 ἀδιάσπαστος
3314 2560 3412 2614 καὶ
3456 2555 3700 2631 ἄσύγχυ-

2123 2669 2214 2720 τος
2301 2655 2439 2727 πρὸς
2460 2652 2861 2727 παραφυλακὴν
2888 2645 2982 2707 τού
3013 2651 3256 2717 τούλδου,
3283 2646 3377 2706 καὶ
3399 2651 3501 2721 τῆς
3539 2649 3702 2723 πραί-

2121 2749 2217 2812 δας
2267 2749 2383 2812 τοῖς
2425 2745 2866 2816 διαφυλάττεται,
2914 2745 3008 2800 καὶ
3038 2745 3174 2816 μηδέ
3229 2745 3604 2815 περισπῶνται
3647 2737 3699 2796 οί

2123 2842 2182 2894 ἐν
2212 2841 2348 2911 αὐτῇ
2374 2839 2464 2894 διά
2485 2841 2613 2903 τοὺς
2639 2837 3061 2910 ἐπερχομένους.
3086 2839 3159 2893 Οὐ
3183 2839 3291 2909 γὰρ
3324 2837 3550 2891 δυνατὸν
3573 2835 3700 2911 τοὺς

2122 2934 2202 2997 είς
2238 2909 2347 3005 την
2373 2931 2738 3001 διφαλαγγίαν
2782 2909 3155 3000 τασσομένους
3187 2931 3284 2983 καὶ
3327 2921 3424 3000 τὴν
3468 2909 3700 3002 πραίδαν

2123 3024 2263 3096 μετά
2293 3021 2500 3090 τάξεως
2522 3023 2845 3092 φυλάττειν,
2875 3021 2970 3075 καὶ
3000 3019 3135 3086 τοῖς,
3165 3013 3241 3084 ὡς
3269 3021 3436 3085 είκδς,
3470 3023 3694 3092 ἐπερχο-

440 3117 778 3186 eustodiant,
825 3125 883 3176 e‘t—
927 3131 1054 3175 cum
1110 3119 1367 3175 hostibus
1419 3120 1704 3176 dimicent.
1749 3120 2018 3188 Quocirca

2126 3117 2304 3188 μένοις
2343 3115 2455 3169 τῶν
2472 3113 2684 3186 ἐχθρῶν
2717 3109 3074 3186 ἁρμόζεσθαι.
3104 3112 3205 3167 Διά
3232 3109 3390 3166 τοῦτο
3416 3112 3478 3166 ἐκ
3505 3129 3699 3184 περισ-

439 3220 678 3281 quatuor
735 3209 790 3265 in
852 3209 1103 3280 partibus
1151 3211 1427 3266 collocare
1478 3219 1690 3282 oportet
1745 3212 2017 3277 homines,

440 3309 639 3372 praeter
665 3287 1260 3370 Itanc'diphalangiam,
1301 3309 1354 3355 et
1384 3309 1415 3355 a
1456 3306 1612 3372 tergo
1644 3301 2019 3371 potissimum,

438 3364 848 3463 qttii‘ortissimi
882 3364 1030 3447 sunt.
1081 3364 1172 3446 éic
1198 3364 1341 3447 enim
1373 3364 1760 3463 facile'aspera
1815 3392 2023 3462 quaevis

438 3491 602 3555 atque
627 3477 748 3540 avla
787 3483 918 3540 loea.
943 3483 1163 3538 transiri
1197 3492 1448 3555 possunt.

509 3655 599 3718 ιε
637 3655 921 3734 Equitum,
960 3657 1054 3718 ubi
1099 3661 1483 3718 descenderint
1532 3670 1586 3718 et
1629 3664 1860 3734 pedibus
1900 3679 2019 3719 am-

439 3747 777 3818 hulnveriut,
807 3765 1008 3824 equos,
1055 3752 1102 3808 si
1138 3752 1348 3822 pedites
1389 3753 1480 3807 alii
1534 3768 1701 3824 prope
1755 3770 1864 3810 non
1919 3757 2020 3810 ad-

440 3849 678 3914 fuerint,
712 3848 874 3917 longe
907 3847 976 3902 ab
1021 3845 1131 3902 illis
1175 3847 1230 3901 in
1269 3847 1451 3901 medio
1495 3847 1734 3916 quodam
1765 3850 1886 3904 loco
1929 3865 2018 3904 se-

438 3955 592 4010 para,
645 3954 723 3994 ne-
761 3939 806 3993 si
863 3952 1032 4010 prope
1071 3948 1279 4002 essent,
1328 3947 1382 3993 et
1428 3939 1744 4009 inopinatus
1792 3941 2017 4012 quidam

439 4030 602 4084 timor
642 4028 828 4084 subito
859 4021 1226 4097 impenderet,
1265 4023 1333 4080 ad
1364 4042 1535 4097 equos
1567 4029 1637 4083 ibi
1685 4031 1890 4095 statim,
1923 4032 2016 4101 qui

439 4120 494 4175 in
525 4120 642 4176 acie
665 4113 778 4190 jam
813 4123 942 4174 sunt
968 4121 1351 4186 neeurrerent;
1396 4135 1520 4190 qua:
1549 4136 1635 4176 res
1672 4121 1789 4176 sine
1819 4138 2015 4194 magna

438 4221 587 4270 certe
607 4209 906 4269 oll‘eusione
933 4205 1052 4267 iieri
1081 4226 1190 4267 non
1220 4219 1430 4282 posset.

505 4389 593 4450 49.
635 4392 733 4449 Sin
768 4391 1020 4465 captivos
1069 4403 1164 4448 aut
1211 4391 1449 4464 pratd‘am
1485 4385 1726 4464 aliquam
1770 4394 2010 4466 abigant,

2127 3207 2221 3263 σοῦ
2250 3207 2330 3263 δεῖ
2358 3202 2558 3274 ἔξωθεν
2587 3207 2684 3278 τῆς
2714 3207 3075 3277 διφαλαγγίας
3099 3205 3243 3277 ἔχειν
3267 3205 3409 3260 κατὰ
3431 3202 3539 3259 τῶν
3580 3221 3700 3259 τεσ-

2127 3301 2310 3372 σάρων
2355 3299 2578 3371 μερῶν,
2621 3293 2720 3353 ’καὶ
2778 3298 2921 3353 κατά
2971 3296 3246 3369 ἐξαίρετον
3297 3293 3524 3351 ὄπισθεν
3573 3293 3698 3360 τοὺς

2125 3388 2434 3463 κρείττονας
2475 3383 2851 3462 ἀφορίζεσθαι.
2903 3385 3090 3453 Οὕτως
3116 3389 3224 3460 γὰρ
3258 3385 3322 3442 ἄν
3356 3397 3440 3451 τις
3477 3387 3700 3457 δυνήσε-

2124 3500 2211 3536 ται
2255 3483 2314 3536 ἐν
2369 3480 2536 3536 παντὶ
2576 3479 2756 3552 καιρῷ
2797 3481 2926 3545 τοὺς
2979 3473 3272 3543 δυσκόλους
3331 3473 3426 3532 καὶ
3481 3472 3701 3550 τραχεῖς

2122 3575 2320 3640 τόπους
2349 3567 2644 3628 διαϐαίνειν
2680 3573 2940 3639 εὐκόλως.

2199 3665 2305 3736 μη’.
2333 3664 2539 3729 Τοὺςδὲ
2560 3665 2762 3729 ἵππους
2782 3661 2891 3719 τῶν
2914 3663 3318 3720 ἀποϐαινόντων
3339 3663 3434 3717 καὶ
3456 3655 3702 3728 πεζευόν-

2120 3777 2228 3813 των
2259 3757 2627 3832 στρατιωτῶν,
2659 3757 2754 3812 ἐὰν
2809 3755 2962 3824 πεζοὶ
3009 3751 3070 3811 ού
3109 3751 3317 3812 σύνεισι
3347 3756 3701 3828 στρατιῶται,

2124 3849 2200 3920 μὴ
2249 3849 2474 3920 πλησίον
2545 3839 2655 3902 τῶν
2711 3847 3053 3913 πεζευόντων
3105 3846 3218 3919 ἔχε,
3251 3839 3387 3901 ἀλλὰ
3433 3847 3491 3900 ἐν
3550 3840 3700 3917 μέσῳ

2120 3941 2271 4012 τόπῳ
2323 3939 2518 4004 αὐτοὺς
2567 3939 2825 4011 ἀσφαλῶς
2870 3939 2972 4008 ἄγε
3005 3955 3020 3970 ·
3073 3937 3214 3992 ὥστε
3245 3932 3344 4011 μὴ,
3392 3933 3471 4002 ὡς
3528 3927 3694 4002 είκδς,

2122 4031 2434 4104 παραλόγου
2464 4031 2666 4094 δειλίας
2711 4023 3463 4103 γενομένηςῇταρασσόμενοι
3503 4030 3553 4083 οἱ
3597 4045 3698 4082 πε-

2119 4122 2547 4190 ζεύοντες,,ὲάν
2601 4122 2829 4194 πλησίον
2876 4119 3072 4187 αὐτοὺς
3115 4117 3340 4194 εὕρωσι,
3394 4121 3699 4192 προχείρως

2118 4214 2619 4286 ἐπιλαμϐανόμενοι
2672 4212 2780 4266 τῶν
2827 4213 3012 4268 ἵππων
3063 4207 3538 4283 καταλιμπάνουσι
3601 4210 3700 4280 τὴν

2117 4308 2290 4374 τάξιν,
2317 4307 2409 4361 καὶ
2437 4302 2688 4359 ἐντεῦθεν
2719 4299 2892 4375 βλάϐη
2926 4303 3159 4376 μεγίστη
3179 4303 3407 4373 γίνεται.

2190 4399 2295 4470 μθθ.
2332 4397 2393 4451 Ei
2428 4396 2485 4450 δὲ
2519 4392 2699 4468 συμϐῇ
2740 4395 3116 4466 αἰχμαλωσίαν
3145 4394 3343 4458 αὐτοὺς
3386 4392 3420 4463 ἢ
3465 4391 3698 4464 πραῖδαν

435 4495 490 4540 ct
523 4487 703 4542 hostes
743 4501 838 4542 eos
870 4494 1302 4557 persequantur,
1345 4485 1594 4554 captivos
1632 4485 1844 4542 vinctos
1919 4504 2007 4543 re-

2120 4489 2497 4560 ἐπιφέρεσθαι,
2544 4489 2640 4542 καὶ
2694 4485 2979 4558 μέλλουσιν
3009 4487 3059 4539 οἱ
3102 4483 3309 4558 ἐχθροὶ,
3351 4482 3694 4556 ἐπιτηδεύειν

441 4579 752 4650 liquamque
799 4575 1036 4649 praedam
1084 4573 1346 4647 illigatam
1395 4575 1448 4629 in
1500 4591 1689 4644 unam,
1736 4587 1833 4632 aut
1875 4579 2013 4637 duas

441 4681 621 4740 partes
659 4669 892 4733 divides,
929 4677 986 4724 et
1027 4675 1155 4723 ante
1205 4677 1258 4722 te
1309 4668 1563 4725 hostibus
1611 4668 1859 4738 objicies,
1905 4686 2013 4740 qua

438 4761 815 4819 incursionem-
856 4759 1097 4816 hostium
1141 4758 1257 4816 fore
1304 4770 1486 4830 putas,
1530 4771 1591 4817 ut
1622 4763 1780 4832 quasi
1831 4773 2012 4834 scuto,

435 4865 531 4910 aut
573 4852 996 4927 propugnaculo
1037 4868 1202 4922 usus,
1239 4862 1335 4908 aut
1379 4845 1737 4909 disturbanda
1782 4851 2012 4924 impedi-

436 4955 618 5002 menta
671 4947 724 5002 in
772 4946 957 5004 hostes
986 4939 1282 5017 iaculando
1333 4937 1669 5008 abstineant,
1725 4954 1820 4999 aut
1870 4941 1915 5000 si
1958 4945 2011 5001 id

437 5039 615 5094 facere
671 5037 868 5105 nolint,
927 5048 1108 5094 tamen
1149 5038 1407 5110 captivos
1445 5047 1499 5093 et
1548 5030 1786 5108 przcdam
1830 5033 2012 5108 potius

437 5128 653 5197 feriant,
684 5147 847 5202 quam
880 5129 1109 5188 milites.

504 5219 592 5276 50.
635 5216 690 5276 Si
725 5219 1050 5280 necessitate
1091 5223 1298 5294 aliqua,
1336 5227 1431 5279 aut
1482 5223 1782 5294 improviso
1824 5215 2011 5293 aliquo

434 5328 562 5368 casu
592 5311 676 5370 vel
721 5311 992 5386 angustiis
1034 5310 1310 5381 inclusus,
1365 5315 1448 5370 vel
1499 5307 1680 5387 aliqua
1720 5315 2011 5386 perturba-

435 5407 582 5460 tione
635 5404 933 5478 implicitus
960 5403 1152 5477 fueris,
1190 5403 1335 5465 unde
1388 5405 1620 5480 telpsum
1667 5401 1785 5464 sine
1818 5407 2006 5477 aliquo

435 5497 636 5568 ingenti
677 5502 935 5570 periculo
973 5495 1229 5573 expedire
1278 5519 1386 5558 non
1433 5493 1640 5571 possis,
1678 5501 1873 5556 melius
1928 5510 2013 5556 est

434 5591 715 5644 communi
750 5594 1136 5657 consensione,
1184 5594 1266 5649 vel
1300 5603 1508 5663 partem
1537 5593 1755 5663 praedas,
1792 5592 1873 5647 vel
1921 5601 2007 5646 to-

434 5689 545 5732 tum
591 5679 752 5731 etiam
793 5681 1028 5748 prmdam
1074 5682 1326 5736 hostibus
1375 5684 1670 5746 dimittere,
1703 5667 1755 5735 ct
1818 5698 2009 5736 secure

439 5774 556 5827 sine
600 5767 800 5822 damno
851 5768 1128 5821 discedere
1175 5771 1358 5836 potius
1410 5788 1572 5838 quam
1618 5772 1808 5838 prtcdte
1843 5789 2004 5826 causa

442 5866 496 5922 δι
521 5858 740 5933 aliquod
774 5856 1074 5928 periculum
1111 5859 1312 5911 venire.

2116 4581 2235 4635 δέον
2267 4579 2461 4648 ταῦτα,
2489 4579 2523 4650 ἢ
2553 4571 2697 4632 κατά
2720 4579 2826 4633 τῶν
2852 4577 2969 4643 ἐνὸς
2999 4577 3252 4650 μέρουςῆ
3279 4577 3419 4632 κατά
3435 4574 3547 4629 τῶν
3579 4573 3696 4638 δύο,

2117 4672 2246 4730 ἔνθα
2270 4675 2304 4746 ἡ
2330 4671 2560 4743 πάροδος
2585 4673 2833 4742 γίνεται,
2865 4674 2992 4736 τοὺς
3043 4668 3422 4742 αἰχμαλώτους
3477 4666 3699 4740 δεδεμέ-

2117 4783 2240 4829 νους
2269 4765 2516 4836 ἐξωτέρω
2545 4765 2642 4835 τῆς
2691 4763 2896 4829 τάξεως
2931 4763 3220 4835 παράγειν,
3256 4762 3352 4815 καὶ
3381 4761 3472 4814 ὑπ’
3515 4757 3697 4812 αὐτῶν

2115 4857 2315 4910 ὡσανεὶ
2343 4853 2752 4919 σκουτεύεσθαι,
2780 4855 2868 4909 ἴνα
2887 4855 3068 4912 αὐτῶν
3095 4854 3401 4922 φειδόμενοι
3429 4852 3477 4904 οί
3512 4848 3700 4920 ἐχθροὶ

2071 4981 2074 4983 λ
2119 4949 2194 5022 μὴ
2221 4948 2614 5018 ὲπιτηδεύωσιν
2651 4946 2954 5012 ἀκοντίζειν
2983 4963 2996 4978 ⁸
3028 4947 3076 5000 εί
3105 4947 3162 5000 δὲ
3193 4948 3286 5000 καὶ
3312 4945 3698 5004 ἀκοντίσωσιν,

2114 5039 2312 5104 αὐτοὺς
2337 5039 2536 5111 μᾶλλον
2572 5037 2944 5108 ἀφανίζουσιν,
2975 5040 3071 5093 καλ⁵
3098 5039 3174 5110 μὴ
3197 5038 3288 5092 τὸν
3337 5038 3694 5112 στρατιώτην.

2183 5217 2244 5275 ν’.
2273 5217 2334 5274 Εἰ
2362 5215 2418 5274 δὲ
2439 5219 2548 5289 ἄρα
2574 5217 2632 5272 ἐν
2653 5215 2889 5292 ἀνάγκη,
2922 5216 2997 5280 ὡς
3030 5216 3199 5280 εἰκὸς,
3248 5217 3345 5270 καὶ
3374 5216 3694 5289 περιστάσει

2111 5307 2360 5384 ἀδοκήτῳ
2387 5315 2415 5367 ὁ
2446 5311 2673 5386 στρατὸς
2704 5311 2948 5383 γένηται,
2973 5310 3068 5364 καὶ
3095 5311 3153 5363 ἐν
3187 5309 3496 5380 στενώμασι
3520 5325 3691 5364 κατα-

2108 5407 2285 5478 ληφθῇ
2315 5444 2330 5466 .
2374 5405 2468 5460 καὶ¹
2515 5406 2616 5460 οὐκ
2660 5404 2806 5458 ἔστιν
2840 5404 3137 5467 ἀκινδύνως
3186 5403 3284 5474 τὴν
3338 5401 3687 5472 ἀναχώρησιν

2108 5499 2318 5554 ἐκεῖθεν
2367 5497 2720 5570 ποιήσασθαι,
2763 5497 2887 5552 τότε
2928 5495 3173 5570 κρεῖττόν
3231 5497 3379 5548 ἐστιν
3414 5495 3479 5548 ἐκ
3531 5507 3669 5561 συμ-⁴

2115 5591 2293 5662 φώνου
2349 5592 2383 5663 ἢ
2436 5595 2600 5662 μέρος
2651 5592 2749 5660 τῆς
2789 5590 3021 5661 πραίδας
3051 5589 3082 5660 ἢ
3117 5589 3298 5642 πᾶσαν
3336 5602 3686 5657 παραχωρειν

2115 5687 2227 5747 τοῖς
2261 5685 2496 5756 ἐχθροῖς,
2522 5684 2617 5736 καὶ
2650 5683 2902 5748 ἀϐλαϐῶς
2937 5680 3278 5756 ἐξέρχεσθαι,
3321 5679 3458 5733 ἀλλὰ
3497 5680 3573 5750 μὴ
3620 5679 3689 5733 δε

2119 5776 2288 5846 αὐτὴν
2324 5774 2593 5828 κινδυνεύε
2606 5791 2673 5832 ιν,
